<alto xmlns="http://www.loc.gov/standards/alto/ns-v3#" xmlns:xlink="http://www.w3.org/1999/xlink" xmlns:xsi="http://www.w3.org/2001/XMLSchema-instance" xsi:schemaLocation="http://www.loc.gov/standards/alto/ns-v3# http://www.loc.gov/alto/v3/alto-3-0.xsd"><Description>
<MeasurementUnit>pixel</MeasurementUnit>
<sourceImageInformation>
<fileName>1933_v1_Part1.pdf</fileName>
</sourceImageInformation>
<OCRProcessing ID="IdOcr">
<ocrProcessingStep>
<processingDateTime>2019-01-03</processingDateTime>
<processingSoftware>
<softwareCreator>ABBYY</softwareCreator>
<softwareName>ABBYY Recognition Server</softwareName>
<softwareVersion>4.0</softwareVersion>
</processingSoftware>
</ocrProcessingStep>
</OCRProcessing>
</Description>
<Styles>
<ParagraphStyle ID="StyleId-FFFFFFFF-FFFF-FFFF-FFFF-FFFFFFFFFFFF-" ALIGN="Left" LEFT="0." RIGHT="0." FIRSTLINE="0."/>
<ParagraphStyle ID="StyleId-6EF5737A-DCEB-4126-A0CF-C5930BF7166A-" ALIGN="Left" LEFT="0." RIGHT="0." FIRSTLINE="0." LINESPACE="8.300000191"/>
<ParagraphStyle ID="StyleId-2DE44258-FD0B-41E1-B542-087C989B01A3-" ALIGN="Left" LEFT="0." RIGHT="0." FIRSTLINE="0." LINESPACE="12.19999981"/>
<ParagraphStyle ID="StyleId-CE3D254A-29D7-4DD7-B5F1-E0FC0EF29B05-" ALIGN="Left" LEFT="0." RIGHT="0." FIRSTLINE="-14." LINESPACE="8.619999886"/>
<ParagraphStyle ID="StyleId-C0E3A137-CE4F-4287-8A90-B599106709D0-" ALIGN="Left" LEFT="0." RIGHT="0." FIRSTLINE="-14." LINESPACE="12.19999981"/>
<ParagraphStyle ID="StyleId-50F26F0C-05DA-4C19-BA58-7A6AC4499BEE-" ALIGN="Left" LEFT="0." RIGHT="0." FIRSTLINE="-14." LINESPACE="11.06999969"/>
<ParagraphStyle ID="StyleId-5DDE65AF-512C-41E2-9B8E-095D6D99EF68-" ALIGN="Center" LEFT="0." RIGHT="0." FIRSTLINE="0." LINESPACE="11.89999962"/>
<ParagraphStyle ID="StyleId-0A81D7A5-6A62-4C52-915E-7768974C704D-" ALIGN="Left" LEFT="0." RIGHT="0." FIRSTLINE="0." LINESPACE="9.399999619"/>
<ParagraphStyle ID="StyleId-F7A0127F-6B48-4157-BB81-FE33E1E1A05B-" ALIGN="Block" LEFT="0." RIGHT="0." FIRSTLINE="-13." LINESPACE="10.63000011"/>
<ParagraphStyle ID="StyleId-E18C69F7-DBD7-48B1-805C-FCD96D0DA019-" ALIGN="Left" LEFT="0." RIGHT="0." FIRSTLINE="0." LINESPACE="11.64000034"/>
<ParagraphStyle ID="StyleId-98F15501-B611-4E83-8BB3-807E891F11F5-" ALIGN="Left" LEFT="0." RIGHT="0." FIRSTLINE="-14." LINESPACE="12.19999981"/>
<ParagraphStyle ID="StyleId-F4A78626-0BBC-4D12-94D9-A1AE75A9855F-" ALIGN="Left" LEFT="0." RIGHT="0." FIRSTLINE="0." LINESPACE="9.399999619"/>
<ParagraphStyle ID="StyleId-6A3F6F4C-D21B-4ADE-902F-7683F18ECEF3-" ALIGN="Left" LEFT="0." RIGHT="0." FIRSTLINE="0." LINESPACE="11.10000038"/>
</Styles>
<Layout>
<Page ID="Page891" PHYSICAL_IMG_NR="891" HEIGHT="4405" WIDTH="2484">
<TopMargin HEIGHT="438" WIDTH="2484" VPOS="0" HPOS="0">
</TopMargin>
<RightMargin HEIGHT="3730" WIDTH="390" VPOS="438" HPOS="2094">
</RightMargin>
<BottomMargin HEIGHT="237" WIDTH="2484" VPOS="4168" HPOS="0">
</BottomMargin>
<PrintSpace HEIGHT="3730" WIDTH="2094" VPOS="438" HPOS="0">
<TextBlock ID="Page891_Block1" HEIGHT="70" WIDTH="118" VPOS="4098" HPOS="1016" LANG="en-US" STYLEREFS="StyleId-D0752491-BAE9-4EED-863D-6057BB79B733-">
<TextLine HEIGHT="48" WIDTH="98" VPOS="4109" HPOS="1027">
<String CONTENT="891" HEIGHT="48" WIDTH="98" VPOS="4109" HPOS="1027"/>
</TextLine>
</TextBlock>
<TextBlock ID="Page891_Block2" HEIGHT="3664" WIDTH="2094" VPOS="438" HPOS="0" LANG="en-US" CS="1" STYLEREFS="StyleId-2713B452-BCA0-4ACD-9EAA-8AE262318ABF-">
<Shape>
<Polygon POINTS="0,438 2094,438 2094,4046 965,4046 965,4102 0,4102 0,438"/>
</Shape>
<TextLine HEIGHT="69" WIDTH="984" VPOS="448" HPOS="73" STYLEREFS="StyleId-3FA6C371-5B7B-4585-89D0-3024701AE611-">
<String CONTENT="Miner," HEIGHT="64" WIDTH="206" VPOS="453" HPOS="73"/>
<SP HEIGHT="65" WIDTH="28" VPOS="452" HPOS="280"/>
<String CONTENT="Genevieve" HEIGHT="57" WIDTH="327" VPOS="450" HPOS="309"/>
<SP HEIGHT="52" WIDTH="25" VPOS="451" HPOS="637"/>
<String CONTENT="Fitch," HEIGHT="61" WIDTH="191" VPOS="448" HPOS="663"/>
<SP HEIGHT="54" WIDTH="30" VPOS="455" HPOS="855"/>
<String CONTENT="1906-" HEIGHT="50" WIDTH="171" VPOS="454" HPOS="886"/>
</TextLine>
<TextLine HEIGHT="154" WIDTH="1973" VPOS="522" HPOS="75" STYLEREFS="StyleId-A50CE4C1-CF8B-48A3-B73C-E5F2B94A8EA2-" CS="1">
<String CONTENT="Libations," HEIGHT="66" WIDTH="313" VPOS="531" HPOS="144"/>
<SP HEIGHT="67" WIDTH="35" VPOS="530" HPOS="458"/>
<String CONTENT="by" HEIGHT="66" WIDTH="74" VPOS="530" HPOS="494"/>
<SP HEIGHT="67" WIDTH="37" VPOS="529" HPOS="569"/>
<String CONTENT="Genevieve" HEIGHT="56" WIDTH="318" VPOS="528" HPOS="607"/>
<SP HEIGHT="50" WIDTH="35" VPOS="530" HPOS="926"/>
<String CONTENT="Fitch" HEIGHT="54" WIDTH="170" VPOS="526" HPOS="962"/>
<SP HEIGHT="53" WIDTH="34" VPOS="526" HPOS="1133"/>
<String CONTENT="Miner." HEIGHT="51" WIDTH="205" VPOS="526" HPOS="1168"/>
<SP HEIGHT="50" WIDTH="75" VPOS="527" HPOS="1374"/>
<String CONTENT="Boston," HEIGHT="63" WIDTH="233" VPOS="527" HPOS="1450"/>
<SP HEIGHT="65" WIDTH="35" VPOS="525" HPOS="1684"/>
<String CONTENT="The" HEIGHT="51" WIDTH="122" VPOS="524" HPOS="1720"/>
<SP HEIGHT="54" WIDTH="35" VPOS="523" HPOS="1843"/>
<String CONTENT="Christopher" HEIGHT="154" WIDTH="1973" VPOS="522" HPOS="75"/>
<SP HEIGHT="50" WIDTH="31" VPOS="626" HPOS="278"/>
<String CONTENT="publishing" HEIGHT="70" WIDTH="334" VPOS="606" HPOS="310"/>
<SP HEIGHT="67" WIDTH="30" VPOS="607" HPOS="645"/>
<String CONTENT="house" HEIGHT="52" WIDTH="171" VPOS="607" HPOS="676"/>
<SP HEIGHT="48" WIDTH="38" VPOS="625" HPOS="848"/>
<String STYLE="subscript" CONTENT="[" HEIGHT="33" WIDTH="12" VPOS="640" HPOS="887"/>
<String STYLE="superscript" CONTENT="c" HEIGHT="21" WIDTH="18" VPOS="612" HPOS="904"/>
<String CONTENT="1938" HEIGHT="49" WIDTH="132" VPOS="610" HPOS="928"/>
<String STYLE="subscript" CONTENT="]" HEIGHT="33" WIDTH="12" VPOS="639" HPOS="1066"/>
</TextLine>
<TextLine HEIGHT="49" WIDTH="500" VPOS="680" HPOS="147" STYLEREFS="StyleId-A50CE4C1-CF8B-48A3-B73C-E5F2B94A8EA2-">
<String CONTENT="viii," HEIGHT="47" WIDTH="100" VPOS="682" HPOS="147"/>
<SP HEIGHT="48" WIDTH="33" VPOS="681" HPOS="248"/>
<String CONTENT="9-48" HEIGHT="40" WIDTH="116" VPOS="681" HPOS="282"/>
<SP HEIGHT="46" WIDTH="28" VPOS="682" HPOS="399"/>
<String CONTENT="p." HEIGHT="37" WIDTH="42" VPOS="691" HPOS="428"/>
<SP HEIGHT="40" WIDTH="59" VPOS="681" HPOS="471"/>
<String CONTENT="21" HEIGHT="39" WIDTH="54" VPOS="680" HPOS="531"/>
<String STYLE="superscript" CONTENT="cm" HEIGHT="20" WIDTH="44" VPOS="683" HPOS="589"/>
<String CONTENT="." HEIGHT="9" WIDTH="9" VPOS="712" HPOS="638"/>
</TextLine>
<TextLine HEIGHT="39" WIDTH="184" VPOS="739" HPOS="147">
<String CONTENT="Poems." HEIGHT="39" WIDTH="184" VPOS="739" HPOS="147"/>
</TextLine>
<TextLine HEIGHT="57" WIDTH="1996" VPOS="800" HPOS="79" CS="1">
<String CONTENT="&#169;" HEIGHT="51" WIDTH="51" VPOS="806" HPOS="79"/>
<SP HEIGHT="51" WIDTH="35" VPOS="806" HPOS="131"/>
<String CS="1" CONTENT="May" HEIGHT="38" WIDTH="79" VPOS="811" HPOS="167"/>
<SP HEIGHT="44" WIDTH="32" VPOS="808" HPOS="281"/>
<String CONTENT="9," HEIGHT="48" WIDTH="39" VPOS="808" HPOS="314"/>
<SP HEIGHT="46" WIDTH="36" VPOS="810" HPOS="354"/>
<String CONTENT="1933;" HEIGHT="45" WIDTH="139" VPOS="809" HPOS="391"/>
<SP HEIGHT="45" WIDTH="35" VPOS="809" HPOS="531"/>
<String CONTENT="2c." HEIGHT="38" WIDTH="66" VPOS="809" HPOS="567"/>
<SP HEIGHT="39" WIDTH="36" VPOS="808" HPOS="634"/>
<String CONTENT="June" HEIGHT="39" WIDTH="125" VPOS="808" HPOS="671"/>
<SP HEIGHT="40" WIDTH="33" VPOS="808" HPOS="797"/>
<String CONTENT="8;" HEIGHT="46" WIDTH="52" VPOS="808" HPOS="831"/>
<SP HEIGHT="36" WIDTH="37" VPOS="818" HPOS="884"/>
<String CONTENT="aff." HEIGHT="41" WIDTH="82" VPOS="806" HPOS="922"/>
<SP HEIGHT="40" WIDTH="36" VPOS="807" HPOS="1005"/>
<String CONTENT="June" HEIGHT="39" WIDTH="129" VPOS="807" HPOS="1042"/>
<SP HEIGHT="38" WIDTH="31" VPOS="807" HPOS="1172"/>
<String CONTENT="27;" HEIGHT="46" WIDTH="83" VPOS="807" HPOS="1204"/>
<SP HEIGHT="47" WIDTH="37" VPOS="806" HPOS="1288"/>
<!-- cceid 44F2CAFC-6CF9-1014-A6CF-A82867D68027 --><String CONTENT="A" HEIGHT="38" WIDTH="40" VPOS="806" HPOS="1326"/>
<SP HEIGHT="39" WIDTH="34" VPOS="806" HPOS="1367"/>
<String CONTENT="62909;" HEIGHT="47" WIDTH="170" VPOS="804" HPOS="1402"/>
<SP HEIGHT="48" WIDTH="39" VPOS="803" HPOS="1573"/>
<String CONTENT="Christopher" HEIGHT="48" WIDTH="317" VPOS="802" HPOS="1613"/>
<SP HEIGHT="37" WIDTH="35" VPOS="812" HPOS="1931"/>
<String CONTENT="pub." HEIGHT="49" WIDTH="108" VPOS="800" HPOS="1967"/>
</TextLine>
<TextLine HEIGHT="48" WIDTH="516" VPOS="865" HPOS="147">
<String CONTENT="house." HEIGHT="39" WIDTH="163" VPOS="868" HPOS="147"/>
<SP HEIGHT="48" WIDTH="71" VPOS="865" HPOS="311"/>
<String CONTENT="(33-15889)" HEIGHT="48" WIDTH="280" VPOS="865" HPOS="383"/>
</TextLine>
<TextLine HEIGHT="152" WIDTH="1976" VPOS="963" HPOS="74" STYLEREFS="StyleId-A50CE4C1-CF8B-48A3-B73C-E5F2B94A8EA2-" CS="1">
<String CONTENT="Mississippi" HEIGHT="66" WIDTH="357" VPOS="966" HPOS="74"/>
<SP HEIGHT="51" WIDTH="28" VPOS="970" HPOS="432"/>
<String CONTENT="and" HEIGHT="52" WIDTH="111" VPOS="969" HPOS="461"/>
<SP HEIGHT="54" WIDTH="29" VPOS="968" HPOS="573"/>
<String CONTENT="Southern" HEIGHT="54" WIDTH="284" VPOS="968" HPOS="603"/>
<SP HEIGHT="51" WIDTH="26" VPOS="968" HPOS="888"/>
<String CONTENT="digest." HEIGHT="69" WIDTH="202" VPOS="967" HPOS="915"/>
<SP HEIGHT="54" WIDTH="61" VPOS="967" HPOS="1118"/>
<String CONTENT="July," HEIGHT="68" WIDTH="158" VPOS="967" HPOS="1180"/>
<SP HEIGHT="65" WIDTH="28" VPOS="969" HPOS="1339"/>
<String CONTENT="1933," HEIGHT="66" WIDTH="152" VPOS="968" HPOS="1368"/>
<SP HEIGHT="47" WIDTH="22" VPOS="987" HPOS="1521"/>
<String CONTENT="cumulative" HEIGHT="57" WIDTH="346" VPOS="963" HPOS="1544"/>
<SP HEIGHT="50" WIDTH="24" VPOS="981" HPOS="1891"/>
<String CONTENT="pamphlet" HEIGHT="136" WIDTH="1905" VPOS="979" HPOS="145"/>
<SP HEIGHT="47" WIDTH="31" VPOS="1053" HPOS="308"/>
<String CS="1" CONTENT="&#8230;"/>
<SP HEIGHT="55" WIDTH="71" VPOS="1045" HPOS="395"/>
<String CONTENT="St." HEIGHT="55" WIDTH="83" VPOS="1045" HPOS="467"/>
</TextLine>
<TextLine HEIGHT="70" WIDTH="1057" VPOS="1044" HPOS="582" STYLEREFS="StyleId-A50CE4C1-CF8B-48A3-B73C-E5F2B94A8EA2-">
<String CONTENT="Paul," HEIGHT="65" WIDTH="164" VPOS="1049" HPOS="582"/>
<SP HEIGHT="65" WIDTH="26" VPOS="1049" HPOS="747"/>
<String CONTENT="West" HEIGHT="53" WIDTH="161" VPOS="1049" HPOS="774"/>
<SP HEIGHT="63" WIDTH="26" VPOS="1051" HPOS="936"/>
<String CONTENT="publishing" HEIGHT="70" WIDTH="338" VPOS="1044" HPOS="963"/>
<SP HEIGHT="51" WIDTH="27" VPOS="1063" HPOS="1302"/>
<String CONTENT="co." HEIGHT="35" WIDTH="80" VPOS="1064" HPOS="1330"/>
<SP HEIGHT="35" WIDTH="33" VPOS="1077" HPOS="1411"/>
<String CONTENT="[" HEIGHT="35" WIDTH="13" VPOS="1077" HPOS="1445"/>
<String STYLE="superscript" CONTENT="c" HEIGHT="22" WIDTH="18" VPOS="1049" HPOS="1463"/>
<String CONTENT="1933]" HEIGHT="63" WIDTH="153" VPOS="1047" HPOS="1486"/>
</TextLine>
<TextLine HEIGHT="47" WIDTH="333" VPOS="1122" HPOS="145">
<String CONTENT="288" HEIGHT="39" WIDTH="85" VPOS="1123" HPOS="145"/>
<SP HEIGHT="45" WIDTH="27" VPOS="1124" HPOS="231"/>
<String CONTENT="p." HEIGHT="36" WIDTH="41" VPOS="1133" HPOS="259"/>
<SP HEIGHT="39" WIDTH="59" VPOS="1122" HPOS="301"/>
<String CONTENT="24" HEIGHT="38" WIDTH="56" VPOS="1122" HPOS="361"/>
<String STYLE="superscript" CONTENT="cm" HEIGHT="21" WIDTH="43" VPOS="1123" HPOS="420"/>
<String CONTENT="." HEIGHT="8" WIDTH="9" VPOS="1153" HPOS="469"/>
</TextLine>
<TextLine HEIGHT="51" WIDTH="1675" VPOS="1187" HPOS="82" CS="1">
<String CONTENT="&#169;" HEIGHT="51" WIDTH="51" VPOS="1187" HPOS="82"/>
<SP HEIGHT="51" WIDTH="24" VPOS="1187" HPOS="134"/>
<String CONTENT="July" HEIGHT="46" WIDTH="115" VPOS="1192" HPOS="159"/>
<SP HEIGHT="45" WIDTH="23" VPOS="1193" HPOS="275"/>
<String CONTENT="14," HEIGHT="46" WIDTH="67" VPOS="1192" HPOS="299"/>
<SP HEIGHT="46" WIDTH="25" VPOS="1192" HPOS="367"/>
<String CONTENT="1933;" HEIGHT="45" WIDTH="139" VPOS="1191" HPOS="393"/>
<SP HEIGHT="44" WIDTH="26" VPOS="1192" HPOS="533"/>
<String CONTENT="2c." HEIGHT="40" WIDTH="66" VPOS="1192" HPOS="560"/>
<SP HEIGHT="31" WIDTH="25" VPOS="1201" HPOS="627"/>
<String CONTENT="and" HEIGHT="39" WIDTH="95" VPOS="1191" HPOS="653"/>
<SP HEIGHT="38" WIDTH="22" VPOS="1191" HPOS="749"/>
<String CONTENT="aff." HEIGHT="41" WIDTH="82" VPOS="1189" HPOS="772"/>
<SP HEIGHT="39" WIDTH="24" VPOS="1191" HPOS="855"/>
<String CONTENT="July" HEIGHT="46" WIDTH="116" VPOS="1191" HPOS="880"/>
<SP HEIGHT="47" WIDTH="22" VPOS="1190" HPOS="997"/>
<String CONTENT="29;" HEIGHT="46" WIDTH="82" VPOS="1189" HPOS="1020"/>
<SP HEIGHT="35" WIDTH="28" VPOS="1200" HPOS="1103"/>
<!-- cceid 44F34372-6CF9-1014-A6CF-A82867D68027 --><String CS="1" CONTENT="A"/>
<SP HEIGHT="39" WIDTH="23" VPOS="1189" HPOS="1173"/>
<String CONTENT="63715;" HEIGHT="46" WIDTH="169" VPOS="1189" HPOS="1197"/>
<SP HEIGHT="46" WIDTH="27" VPOS="1189" HPOS="1367"/>
<String CONTENT="West" HEIGHT="40" WIDTH="138" VPOS="1189" HPOS="1395"/>
<SP HEIGHT="46" WIDTH="20" VPOS="1190" HPOS="1534"/>
<String CONTENT="pub." HEIGHT="48" WIDTH="109" VPOS="1188" HPOS="1555"/>
<SP HEIGHT="30" WIDTH="25" VPOS="1197" HPOS="1665"/>
<String CONTENT="co." HEIGHT="30" WIDTH="66" VPOS="1196" HPOS="1691"/>
</TextLine>
<TextLine HEIGHT="67" WIDTH="966" VPOS="1295" HPOS="75" STYLEREFS="StyleId-869C7CD9-DC4E-44FC-892D-DCA2E461EC33-">
<String CONTENT="Missouri." HEIGHT="56" WIDTH="297" VPOS="1295" HPOS="75"/>
<SP HEIGHT="54" WIDTH="65" VPOS="1297" HPOS="373"/>
<String CONTENT="Laws," HEIGHT="64" WIDTH="183" VPOS="1297" HPOS="439"/>
<SP HEIGHT="47" WIDTH="29" VPOS="1314" HPOS="623"/>
<String CONTENT="statutes," HEIGHT="62" WIDTH="258" VPOS="1300" HPOS="653"/>
<SP HEIGHT="50" WIDTH="28" VPOS="1312" HPOS="912"/>
<String CONTENT="etc." HEIGHT="47" WIDTH="100" VPOS="1300" HPOS="941"/>
</TextLine>
<TextLine HEIGHT="135" WIDTH="1977" VPOS="1370" HPOS="76" STYLEREFS="StyleId-A50CE4C1-CF8B-48A3-B73C-E5F2B94A8EA2-" CS="1">
<String CONTENT="Missouri" HEIGHT="52" WIDTH="268" VPOS="1373" HPOS="145"/>
<SP HEIGHT="51" WIDTH="41" VPOS="1374" HPOS="414"/>
<String CONTENT="statutes," HEIGHT="62" WIDTH="256" VPOS="1378" HPOS="456"/>
<SP HEIGHT="49" WIDTH="42" VPOS="1391" HPOS="713"/>
<String CONTENT="annotated." HEIGHT="53" WIDTH="325" VPOS="1372" HPOS="756"/>
<SP HEIGHT="51" WIDTH="77" VPOS="1374" HPOS="1082"/>
<String CONTENT="Permanent" HEIGHT="50" WIDTH="347" VPOS="1374" HPOS="1160"/>
<SP HEIGHT="48" WIDTH="35" VPOS="1375" HPOS="1508"/>
<String CONTENT="ed." HEIGHT="53" WIDTH="85" VPOS="1370" HPOS="1544"/>
<SP HEIGHT="50" WIDTH="79" VPOS="1373" HPOS="1630"/>
<String CONTENT="1933" HEIGHT="50" WIDTH="133" VPOS="1372" HPOS="1710"/>
<SP HEIGHT="49" WIDTH="41" VPOS="1372" HPOS="1844"/>
<String CONTENT="cumulative" HEIGHT="120" WIDTH="1977" VPOS="1385" HPOS="76"/>
</TextLine>
<TextLine HEIGHT="71" WIDTH="1802" VPOS="1449" HPOS="277" STYLEREFS="StyleId-A50CE4C1-CF8B-48A3-B73C-E5F2B94A8EA2-" CS="1">
<String CONTENT="annual" HEIGHT="50" WIDTH="209" VPOS="1455" HPOS="277"/>
<SP HEIGHT="64" WIDTH="25" VPOS="1455" HPOS="487"/>
<String CONTENT="pocket" HEIGHT="67" WIDTH="204" VPOS="1452" HPOS="513"/>
<SP HEIGHT="63" WIDTH="21" VPOS="1457" HPOS="718"/>
<String CONTENT="parts" HEIGHT="62" WIDTH="160" VPOS="1458" HPOS="740"/>
<SP HEIGHT="53" WIDTH="26" VPOS="1451" HPOS="901"/>
<String CONTENT="for" HEIGHT="51" WIDTH="93" VPOS="1451" HPOS="928"/>
<SP HEIGHT="33" WIDTH="23" VPOS="1470" HPOS="1022"/>
<String CONTENT="volumes" HEIGHT="52" WIDTH="253" VPOS="1452" HPOS="1046"/>
<SP HEIGHT="49" WIDTH="27" VPOS="1455" HPOS="1300"/>
<String CONTENT="1-15" HEIGHT="48" WIDTH="133" VPOS="1455" HPOS="1328"/>
<SP HEIGHT="48" WIDTH="30" VPOS="1455" HPOS="1462"/>
<String CS="1" CONTENT="&#8230;"/>
<SP HEIGHT="56" WIDTH="66" VPOS="1449" HPOS="1550"/>
<String CONTENT="St." HEIGHT="56" WIDTH="82" VPOS="1449" HPOS="1617"/>
<SP HEIGHT="51" WIDTH="26" VPOS="1452" HPOS="1700"/>
<String CONTENT="Paul," HEIGHT="68" WIDTH="166" VPOS="1450" HPOS="1727"/>
<SP HEIGHT="68" WIDTH="21" VPOS="1450" HPOS="1894"/>
<String CONTENT="West" HEIGHT="54" WIDTH="163" VPOS="1450" HPOS="1916"/>
</TextLine>
<TextLine HEIGHT="69" WIDTH="1784" VPOS="1530" HPOS="77" STYLEREFS="StyleId-A50CE4C1-CF8B-48A3-B73C-E5F2B94A8EA2-" CS="1">
<String CONTENT="publishing" HEIGHT="69" WIDTH="333" VPOS="1530" HPOS="77"/>
<SP HEIGHT="50" WIDTH="22" VPOS="1549" HPOS="411"/>
<String CONTENT="co.;" HEIGHT="49" WIDTH="107" VPOS="1549" HPOS="434"/>
<SP HEIGHT="66" WIDTH="26" VPOS="1532" HPOS="542"/>
<String CONTENT="Kansas" HEIGHT="51" WIDTH="225" VPOS="1532" HPOS="569"/>
<SP HEIGHT="55" WIDTH="25" VPOS="1531" HPOS="795"/>
<String CONTENT="City," HEIGHT="68" WIDTH="152" VPOS="1530" HPOS="821"/>
<SP HEIGHT="66" WIDTH="21" VPOS="1532" HPOS="974"/>
<String CONTENT="Vernon" HEIGHT="54" WIDTH="234" VPOS="1532" HPOS="996"/>
<SP HEIGHT="50" WIDTH="21" VPOS="1532" HPOS="1231"/>
<String CONTENT="law" HEIGHT="52" WIDTH="111" VPOS="1532" HPOS="1253"/>
<SP HEIGHT="54" WIDTH="19" VPOS="1530" HPOS="1365"/>
<String CONTENT="book" HEIGHT="53" WIDTH="149" VPOS="1530" HPOS="1385"/>
<SP HEIGHT="55" WIDTH="21" VPOS="1530" HPOS="1535"/>
<String CONTENT="co." HEIGHT="38" WIDTH="78" VPOS="1547" HPOS="1557"/>
<SP HEIGHT="62" WIDTH="31" VPOS="1534" HPOS="1636"/>
<String CS="1" CONTENT="[c1933]" HEIGHT="63" WIDTH="152" VPOS="1531" HPOS="1709"/>
</TextLine>
<TextLine HEIGHT="41" WIDTH="329" VPOS="1605" HPOS="151" CS="1">
<String CONTENT="15" HEIGHT="38" WIDTH="58" VPOS="1606" HPOS="151"/>
<SP HEIGHT="38" WIDTH="24" VPOS="1606" HPOS="210"/>
<String CONTENT="v." HEIGHT="31" WIDTH="41" VPOS="1615" HPOS="235"/>
<SP HEIGHT="41" WIDTH="58" VPOS="1605" HPOS="277"/>
<String CS="1" CONTENT="23&#189;c" HEIGHT="39" WIDTH="55" VPOS="1605" HPOS="336"/>
<String STYLE="superscript" CONTENT="m" HEIGHT="20" WIDTH="26" VPOS="1607" HPOS="442"/>
<String CONTENT="." HEIGHT="7" WIDTH="7" VPOS="1636" HPOS="473"/>
</TextLine>
<TextLine HEIGHT="51" WIDTH="1931" VPOS="1658" HPOS="150">
<String CONTENT="These" HEIGHT="38" WIDTH="156" VPOS="1663" HPOS="150"/>
<SP HEIGHT="37" WIDTH="26" VPOS="1672" HPOS="307"/>
<String CONTENT="pamphlets" HEIGHT="47" WIDTH="273" VPOS="1662" HPOS="334"/>
<SP HEIGHT="29" WIDTH="30" VPOS="1672" HPOS="608"/>
<String CONTENT="are" HEIGHT="31" WIDTH="83" VPOS="1670" HPOS="639"/>
<SP HEIGHT="36" WIDTH="30" VPOS="1665" HPOS="723"/>
<String CONTENT="to" HEIGHT="36" WIDTH="48" VPOS="1665" HPOS="754"/>
<SP HEIGHT="38" WIDTH="28" VPOS="1662" HPOS="803"/>
<String CONTENT="be" HEIGHT="38" WIDTH="56" VPOS="1662" HPOS="832"/>
<SP HEIGHT="39" WIDTH="28" VPOS="1661" HPOS="889"/>
<String CONTENT="fitted" HEIGHT="39" WIDTH="139" VPOS="1661" HPOS="918"/>
<SP HEIGHT="40" WIDTH="30" VPOS="1660" HPOS="1058"/>
<String CONTENT="into" HEIGHT="40" WIDTH="103" VPOS="1660" HPOS="1089"/>
<SP HEIGHT="37" WIDTH="31" VPOS="1663" HPOS="1193"/>
<String CONTENT="the" HEIGHT="38" WIDTH="83" VPOS="1662" HPOS="1225"/>
<SP HEIGHT="38" WIDTH="27" VPOS="1671" HPOS="1309"/>
<String CONTENT="pockets" HEIGHT="48" WIDTH="196" VPOS="1661" HPOS="1337"/>
<SP HEIGHT="29" WIDTH="31" VPOS="1670" HPOS="1534"/>
<String CONTENT="at" HEIGHT="38" WIDTH="55" VPOS="1661" HPOS="1566"/>
<SP HEIGHT="38" WIDTH="27" VPOS="1661" HPOS="1622"/>
<String CONTENT="the" HEIGHT="39" WIDTH="82" VPOS="1659" HPOS="1650"/>
<SP HEIGHT="39" WIDTH="30" VPOS="1658" HPOS="1733"/>
<String CONTENT="back" HEIGHT="39" WIDTH="121" VPOS="1658" HPOS="1764"/>
<SP HEIGHT="39" WIDTH="29" VPOS="1658" HPOS="1886"/>
<String CONTENT="of" HEIGHT="39" WIDTH="52" VPOS="1658" HPOS="1916"/>
<SP HEIGHT="39" WIDTH="30" VPOS="1658" HPOS="1969"/>
<String CONTENT="the" HEIGHT="37" WIDTH="81" VPOS="1660" HPOS="2000"/>
</TextLine>
<TextLine HEIGHT="47" WIDTH="1121" VPOS="1718" HPOS="80">
<String CONTENT="volumes" HEIGHT="37" WIDTH="213" VPOS="1721" HPOS="80"/>
<SP HEIGHT="28" WIDTH="27" VPOS="1730" HPOS="294"/>
<String CONTENT="of" HEIGHT="39" WIDTH="53" VPOS="1719" HPOS="322"/>
<SP HEIGHT="39" WIDTH="24" VPOS="1719" HPOS="376"/>
<String CONTENT="the" HEIGHT="37" WIDTH="82" VPOS="1721" HPOS="401"/>
<SP HEIGHT="29" WIDTH="25" VPOS="1729" HPOS="484"/>
<String CONTENT="set" HEIGHT="38" WIDTH="72" VPOS="1720" HPOS="510"/>
<SP HEIGHT="38" WIDTH="27" VPOS="1720" HPOS="583"/>
<String CONTENT="to" HEIGHT="37" WIDTH="48" VPOS="1721" HPOS="611"/>
<SP HEIGHT="28" WIDTH="28" VPOS="1730" HPOS="660"/>
<String CONTENT="which" HEIGHT="39" WIDTH="157" VPOS="1718" HPOS="689"/>
<SP HEIGHT="39" WIDTH="26" VPOS="1719" HPOS="847"/>
<String CONTENT="they" HEIGHT="46" WIDTH="115" VPOS="1719" HPOS="874"/>
<SP HEIGHT="47" WIDTH="25" VPOS="1718" HPOS="990"/>
<String CONTENT="belong." HEIGHT="47" WIDTH="185" VPOS="1718" HPOS="1016"/>
</TextLine>
<TextLine HEIGHT="53" WIDTH="1996" VPOS="1784" HPOS="84">
<String CONTENT="&#169;" HEIGHT="53" WIDTH="50" VPOS="1784" HPOS="84"/>
<SP HEIGHT="53" WIDTH="26" VPOS="1784" HPOS="135"/>
<String CONTENT="July" HEIGHT="46" WIDTH="116" VPOS="1789" HPOS="162"/>
<SP HEIGHT="45" WIDTH="24" VPOS="1790" HPOS="279"/>
<String CONTENT="13," HEIGHT="46" WIDTH="68" VPOS="1788" HPOS="304"/>
<SP HEIGHT="45" WIDTH="26" VPOS="1789" HPOS="373"/>
<String CONTENT="1933;" HEIGHT="45" WIDTH="139" VPOS="1788" HPOS="400"/>
<SP HEIGHT="44" WIDTH="27" VPOS="1789" HPOS="540"/>
<String CONTENT="2c." HEIGHT="39" WIDTH="68" VPOS="1789" HPOS="568"/>
<SP HEIGHT="30" WIDTH="25" VPOS="1798" HPOS="637"/>
<String CONTENT="each" HEIGHT="38" WIDTH="117" VPOS="1789" HPOS="663"/>
<SP HEIGHT="38" WIDTH="25" VPOS="1789" HPOS="781"/>
<String CONTENT="and" HEIGHT="38" WIDTH="96" VPOS="1789" HPOS="807"/>
<SP HEIGHT="38" WIDTH="26" VPOS="1789" HPOS="904"/>
<String CONTENT="aff." HEIGHT="40" WIDTH="81" VPOS="1787" HPOS="931"/>
<SP HEIGHT="39" WIDTH="27" VPOS="1788" HPOS="1013"/>
<String CONTENT="July" HEIGHT="47" WIDTH="117" VPOS="1788" HPOS="1041"/>
<SP HEIGHT="47" WIDTH="24" VPOS="1788" HPOS="1159"/>
<String CONTENT="29;" HEIGHT="45" WIDTH="83" VPOS="1788" HPOS="1184"/>
<SP HEIGHT="45" WIDTH="29" VPOS="1788" HPOS="1268"/>
<!-- cceid 44F3C1AB-6CF9-1014-A6CF-A82867D68027 --><String CONTENT="A" HEIGHT="38" WIDTH="40" VPOS="1788" HPOS="1298"/>
<SP HEIGHT="39" WIDTH="26" VPOS="1788" HPOS="1339"/>
<String CONTENT="63707;" HEIGHT="47" WIDTH="169" VPOS="1787" HPOS="1366"/>
<SP HEIGHT="47" WIDTH="29" VPOS="1787" HPOS="1536"/>
<String CONTENT="Vernon" HEIGHT="39" WIDTH="193" VPOS="1787" HPOS="1566"/>
<SP HEIGHT="38" WIDTH="25" VPOS="1787" HPOS="1760"/>
<String CONTENT="law" HEIGHT="38" WIDTH="95" VPOS="1787" HPOS="1786"/>
<SP HEIGHT="39" WIDTH="25" VPOS="1786" HPOS="1882"/>
<String CONTENT="bk." HEIGHT="40" WIDTH="76" VPOS="1785" HPOS="1908"/>
<SP HEIGHT="29" WIDTH="28" VPOS="1795" HPOS="1985"/>
<String CONTENT="co." HEIGHT="31" WIDTH="66" VPOS="1793" HPOS="2014"/>
</TextLine>
<TextLine HEIGHT="48" WIDTH="490" VPOS="1845" HPOS="151">
<String CONTENT="and" HEIGHT="39" WIDTH="94" VPOS="1845" HPOS="151"/>
<SP HEIGHT="40" WIDTH="28" VPOS="1845" HPOS="246"/>
<String CONTENT="West" HEIGHT="40" WIDTH="133" VPOS="1846" HPOS="275"/>
<SP HEIGHT="45" WIDTH="27" VPOS="1848" HPOS="409"/>
<String CONTENT="pub." HEIGHT="47" WIDTH="107" VPOS="1846" HPOS="437"/>
<SP HEIGHT="29" WIDTH="29" VPOS="1855" HPOS="545"/>
<String CONTENT="co." HEIGHT="29" WIDTH="66" VPOS="1855" HPOS="575"/>
</TextLine>
<TextLine HEIGHT="67" WIDTH="1263" VPOS="1946" HPOS="76" STYLEREFS="StyleId-3FA6C371-5B7B-4585-89D0-3024701AE611-">
<String CONTENT="Morley," HEIGHT="66" WIDTH="242" VPOS="1946" HPOS="76"/>
<SP HEIGHT="62" WIDTH="28" VPOS="1950" HPOS="319"/>
<String CONTENT="Christopher" HEIGHT="64" WIDTH="388" VPOS="1946" HPOS="348"/>
<SP HEIGHT="53" WIDTH="26" VPOS="1949" HPOS="737"/>
<String CONTENT="Darlington," HEIGHT="65" WIDTH="373" VPOS="1948" HPOS="764"/>
<SP HEIGHT="58" WIDTH="30" VPOS="1955" HPOS="1138"/>
<String CONTENT="1890-" HEIGHT="49" WIDTH="170" VPOS="1953" HPOS="1169"/>
</TextLine>
<TextLine HEIGHT="69" WIDTH="1933" VPOS="2023" HPOS="149" STYLEREFS="StyleId-A50CE4C1-CF8B-48A3-B73C-E5F2B94A8EA2-">
<String CONTENT="Mandarin" HEIGHT="53" WIDTH="309" VPOS="2026" HPOS="149"/>
<SP HEIGHT="52" WIDTH="53" VPOS="2027" HPOS="459"/>
<String CONTENT="in" HEIGHT="51" WIDTH="58" VPOS="2027" HPOS="513"/>
<SP HEIGHT="51" WIDTH="52" VPOS="2027" HPOS="572"/>
<String CONTENT="Manhattan," HEIGHT="65" WIDTH="363" VPOS="2027" HPOS="625"/>
<SP HEIGHT="66" WIDTH="55" VPOS="2026" HPOS="989"/>
<String CONTENT="further" HEIGHT="52" WIDTH="228" VPOS="2026" HPOS="1045"/>
<SP HEIGHT="50" WIDTH="51" VPOS="2027" HPOS="1274"/>
<String CONTENT="Translations" HEIGHT="53" WIDTH="397" VPOS="2025" HPOS="1326"/>
<SP HEIGHT="55" WIDTH="54" VPOS="2023" HPOS="1724"/>
<String CONTENT="from" HEIGHT="54" WIDTH="153" VPOS="2023" HPOS="1779"/>
<SP HEIGHT="46" WIDTH="52" VPOS="2031" HPOS="1933"/>
<String CONTENT="the" HEIGHT="52" WIDTH="96" VPOS="2025" HPOS="1986"/>
</TextLine>
<TextLine HEIGHT="148" WIDTH="1971" VPOS="2103" HPOS="82" STYLEREFS="StyleId-A50CE4C1-CF8B-48A3-B73C-E5F2B94A8EA2-" CS="1">
<String CONTENT="Chinese," HEIGHT="66" WIDTH="257" VPOS="2105" HPOS="82"/>
<SP HEIGHT="66" WIDTH="37" VPOS="2105" HPOS="340"/>
<String CONTENT="by" HEIGHT="67" WIDTH="74" VPOS="2105" HPOS="378"/>
<SP HEIGHT="68" WIDTH="40" VPOS="2104" HPOS="453"/>
<String CONTENT="Christopher" HEIGHT="69" WIDTH="376" VPOS="2104" HPOS="494"/>
<SP HEIGHT="51" WIDTH="36" VPOS="2105" HPOS="871"/>
<String CONTENT="Morley." HEIGHT="67" WIDTH="240" VPOS="2105" HPOS="908"/>
<SP HEIGHT="55" WIDTH="75" VPOS="2103" HPOS="1149"/>
<String CONTENT="Garden" HEIGHT="55" WIDTH="232" VPOS="2103" HPOS="1225"/>
<SP HEIGHT="55" WIDTH="38" VPOS="2104" HPOS="1458"/>
<String CONTENT="City," HEIGHT="69" WIDTH="153" VPOS="2103" HPOS="1497"/>
<SP HEIGHT="69" WIDTH="36" VPOS="2103" HPOS="1651"/>
<String CONTENT="N." HEIGHT="55" WIDTH="71" VPOS="2103" HPOS="1688"/>
<SP HEIGHT="54" WIDTH="39" VPOS="2104" HPOS="1760"/>
<String CONTENT="Y.," HEIGHT="66" WIDTH="90" VPOS="2104" HPOS="1800"/>
<SP HEIGHT="66" WIDTH="34" VPOS="2104" HPOS="1891"/>
<String CS="1" CONTENT="Doubleday," HEIGHT="146" WIDTH="1971" VPOS="2104" HPOS="82"/>
<SP HEIGHT="66" WIDTH="24" VPOS="2183" HPOS="302"/>
<String CONTENT="Doran" HEIGHT="53" WIDTH="199" VPOS="2183" HPOS="327"/>
<SP HEIGHT="50" WIDTH="23" VPOS="2186" HPOS="527"/>
<String CONTENT="&amp;" HEIGHT="49" WIDTH="53" VPOS="2186" HPOS="551"/>
<SP HEIGHT="49" WIDTH="26" VPOS="2186" HPOS="605"/>
<String CONTENT="company," HEIGHT="49" WIDTH="298" VPOS="2202" HPOS="632"/>
<SP HEIGHT="68" WIDTH="25" VPOS="2183" HPOS="931"/>
<String CONTENT="inc.," HEIGHT="68" WIDTH="126" VPOS="2183" HPOS="957"/>
<SP HEIGHT="64" WIDTH="31" VPOS="2187" HPOS="1084"/>
<String CONTENT="1933." HEIGHT="49" WIDTH="150" VPOS="2186" HPOS="1116"/>
</TextLine>
<TextLine HEIGHT="50" WIDTH="718" VPOS="2256" HPOS="149" CS="1">
<String CONTENT="4" HEIGHT="39" WIDTH="29" VPOS="2259" HPOS="149"/>
<SP HEIGHT="47" WIDTH="24" VPOS="2259" HPOS="179"/>
<String CONTENT="p." HEIGHT="37" WIDTH="43" VPOS="2269" HPOS="204"/>
<SP/>
<String CS="1" CONTENT="l.," HEIGHT="17" WIDTH="9" VPOS="2289" HPOS="309"/>
<SP HEIGHT="48" WIDTH="27" VPOS="2258" HPOS="319"/>
<String CONTENT="179" HEIGHT="41" WIDTH="84" VPOS="2257" HPOS="347"/>
<SP HEIGHT="48" WIDTH="25" VPOS="2257" HPOS="432"/>
<String CONTENT="p." HEIGHT="37" WIDTH="43" VPOS="2268" HPOS="458"/>
<SP HEIGHT="41" WIDTH="58" VPOS="2256" HPOS="502"/>
<String CONTENT="illus." HEIGHT="41" WIDTH="129" VPOS="2256" HPOS="561"/>
<SP HEIGHT="38" WIDTH="57" VPOS="2259" HPOS="691"/>
<String CONTENT="20" HEIGHT="40" WIDTH="56" VPOS="2257" HPOS="749"/>
<String STYLE="superscript" CONTENT="cm" HEIGHT="20" WIDTH="44" VPOS="2260" HPOS="808"/>
<String CONTENT="." HEIGHT="9" WIDTH="10" VPOS="2289" HPOS="857"/>
</TextLine>
<TextLine HEIGHT="41" WIDTH="1763" VPOS="2314" HPOS="153" CS="1">
<String CONTENT="&#8220;These" HEIGHT="39" WIDTH="181" VPOS="2316" HPOS="153"/>
<SP HEIGHT="30" WIDTH="26" VPOS="2325" HPOS="335"/>
<String CONTENT="additional" HEIGHT="40" WIDTH="271" VPOS="2314" HPOS="362"/>
<SP HEIGHT="38" WIDTH="30" VPOS="2316" HPOS="634"/>
<String CONTENT="&#8216;Translations" HEIGHT="41" WIDTH="353" VPOS="2314" HPOS="665"/>
<SP HEIGHT="39" WIDTH="26" VPOS="2315" HPOS="1019"/>
<String CONTENT="from" HEIGHT="39" WIDTH="129" VPOS="2315" HPOS="1046"/>
<SP HEIGHT="37" WIDTH="27" VPOS="2317" HPOS="1176"/>
<String CONTENT="the" HEIGHT="40" WIDTH="81" VPOS="2315" HPOS="1204"/>
<SP HEIGHT="41" WIDTH="28" VPOS="2314" HPOS="1286"/>
<String CONTENT="Chinese'" HEIGHT="41" WIDTH="218" VPOS="2314" HPOS="1315"/>
<SP HEIGHT="40" WIDTH="32" VPOS="2314" HPOS="1534"/>
<String CS="1" CONTENT="&#8230;"/>
<SP HEIGHT="39" WIDTH="31" VPOS="2315" HPOS="1616"/>
<String CONTENT="have" HEIGHT="40" WIDTH="123" VPOS="2315" HPOS="1648"/>
<SP HEIGHT="40" WIDTH="28" VPOS="2314" HPOS="1772"/>
<String CONTENT="been" HEIGHT="40" WIDTH="115" VPOS="2314" HPOS="1801"/>
</TextLine>
<TextLine HEIGHT="95" WIDTH="1980" VPOS="2325" HPOS="81" CS="1">
<String CONTENT="accumulating" HEIGHT="95" WIDTH="1980" VPOS="2325" HPOS="81"/>
<SP HEIGHT="48" WIDTH="23" VPOS="2372" HPOS="321"/>
<String CONTENT="for" HEIGHT="40" WIDTH="79" VPOS="2372" HPOS="345"/>
<SP HEIGHT="29" WIDTH="27" VPOS="2383" HPOS="425"/>
<String CONTENT="several" HEIGHT="39" WIDTH="187" VPOS="2373" HPOS="453"/>
<SP HEIGHT="46" WIDTH="27" VPOS="2373" HPOS="641"/>
<String CONTENT="years" HEIGHT="36" WIDTH="141" VPOS="2383" HPOS="669"/>
<SP HEIGHT="41" WIDTH="27" VPOS="2371" HPOS="811"/>
<String CONTENT="in" HEIGHT="40" WIDTH="49" VPOS="2371" HPOS="839"/>
<SP HEIGHT="37" WIDTH="27" VPOS="2375" HPOS="889"/>
<String CONTENT="the" HEIGHT="40" WIDTH="82" VPOS="2372" HPOS="917"/>
<SP HEIGHT="37" WIDTH="27" VPOS="2375" HPOS="1000"/>
<String CONTENT="&#8216;Saturday" HEIGHT="48" WIDTH="262" VPOS="2372" HPOS="1028"/>
<SP HEIGHT="37" WIDTH="28" VPOS="2383" HPOS="1291"/>
<String CONTENT="review" HEIGHT="40" WIDTH="175" VPOS="2372" HPOS="1320"/>
<SP HEIGHT="29" WIDTH="26" VPOS="2383" HPOS="1496"/>
<String CONTENT="of" HEIGHT="39" WIDTH="51" VPOS="2373" HPOS="1523"/>
<SP HEIGHT="39" WIDTH="29" VPOS="2373" HPOS="1575"/>
<String CONTENT="literature'.&quot;" HEIGHT="41" WIDTH="315" VPOS="2371" HPOS="1605"/>
</TextLine>
<TextLine HEIGHT="42" WIDTH="412" VPOS="2428" HPOS="153">
<String CONTENT="&#8220;First" HEIGHT="41" WIDTH="162" VPOS="2429" HPOS="153"/>
<SP HEIGHT="39" WIDTH="23" VPOS="2431" HPOS="316"/>
<String CONTENT="edition.&#8221;" HEIGHT="42" WIDTH="225" VPOS="2428" HPOS="340"/>
</TextLine>
<TextLine HEIGHT="53" WIDTH="1851" VPOS="2497" HPOS="85" CS="1">
<String CONTENT="&#169;" HEIGHT="52" WIDTH="51" VPOS="2497" HPOS="85"/>
<SP HEIGHT="52" WIDTH="26" VPOS="2497" HPOS="137"/>
<String CONTENT="June" HEIGHT="39" WIDTH="126" VPOS="2502" HPOS="164"/>
<SP HEIGHT="38" WIDTH="24" VPOS="2503" HPOS="291"/>
<String CONTENT="7," HEIGHT="45" WIDTH="39" VPOS="2503" HPOS="316"/>
<SP HEIGHT="45" WIDTH="27" VPOS="2503" HPOS="356"/>
<String CONTENT="1933;" HEIGHT="47" WIDTH="139" VPOS="2501" HPOS="384"/>
<SP HEIGHT="47" WIDTH="29" VPOS="2501" HPOS="524"/>
<String CONTENT="2c." HEIGHT="39" WIDTH="66" VPOS="2501" HPOS="554"/>
<SP HEIGHT="28" WIDTH="27" VPOS="2512" HPOS="621"/>
<String CONTENT="and" HEIGHT="38" WIDTH="95" VPOS="2502" HPOS="649"/>
<SP HEIGHT="38" WIDTH="26" VPOS="2502" HPOS="745"/>
<String CONTENT="aff." HEIGHT="40" WIDTH="80" VPOS="2500" HPOS="772"/>
<SP HEIGHT="39" WIDTH="29" VPOS="2501" HPOS="853"/>
<String CONTENT="June" HEIGHT="39" WIDTH="127" VPOS="2501" HPOS="883"/>
<SP HEIGHT="40" WIDTH="25" VPOS="2501" HPOS="1011"/>
<String CONTENT="8;" HEIGHT="47" WIDTH="52" VPOS="2501" HPOS="1037"/>
<SP HEIGHT="47" WIDTH="29" VPOS="2501" HPOS="1090"/>
<!-- cceid 44F4399D-6CF9-1014-A6CF-A82867D68027 --><String CONTENT="A" HEIGHT="39" WIDTH="43" VPOS="2501" HPOS="1120"/>
<SP HEIGHT="39" WIDTH="24" VPOS="2501" HPOS="1164"/>
<String CONTENT="63070;" HEIGHT="47" WIDTH="170" VPOS="2501" HPOS="1189"/>
<SP HEIGHT="48" WIDTH="29" VPOS="2500" HPOS="1360"/>
<String CONTENT="Christopher" HEIGHT="50" WIDTH="318" VPOS="2500" HPOS="1390"/>
<SP HEIGHT="38" WIDTH="27" VPOS="2503" HPOS="1709"/>
<String CONTENT="Morley," HEIGHT="47" WIDTH="199" VPOS="2503" HPOS="1737"/>
</TextLine>
<TextLine HEIGHT="105" WIDTH="1911" VPOS="2502" HPOS="154" CS="1">
<String CS="1" CONTENT="Ros-lyn" HEIGHT="105" WIDTH="1911" VPOS="2502" HPOS="154"/>
<SP HEIGHT="38" WIDTH="29" VPOS="2559" HPOS="235"/>
<String CONTENT="Heights," HEIGHT="49" WIDTH="220" VPOS="2558" HPOS="265"/>
<SP HEIGHT="48" WIDTH="29" VPOS="2559" HPOS="486"/>
<String CONTENT="N." HEIGHT="39" WIDTH="55" VPOS="2559" HPOS="516"/>
<SP HEIGHT="39" WIDTH="29" VPOS="2559" HPOS="572"/>
<String CONTENT="Y." HEIGHT="39" WIDTH="54" VPOS="2559" HPOS="602"/>
<SP HEIGHT="48" WIDTH="69" VPOS="2558" HPOS="657"/>
<String CONTENT="(33-15682)" HEIGHT="49" WIDTH="279" VPOS="2557" HPOS="727"/>
</TextLine>
<TextLine HEIGHT="71" WIDTH="1998" VPOS="2662" HPOS="80" STYLEREFS="StyleId-A50CE4C1-CF8B-48A3-B73C-E5F2B94A8EA2-" CS="1">
<String CONTENT="North" HEIGHT="52" WIDTH="195" VPOS="2662" HPOS="80"/>
<SP HEIGHT="52" WIDTH="24" VPOS="2663" HPOS="276"/>
<String CONTENT="eastern" HEIGHT="47" WIDTH="220" VPOS="2668" HPOS="301"/>
<SP HEIGHT="51" WIDTH="24" VPOS="2663" HPOS="522"/>
<String CONTENT="digest." HEIGHT="68" WIDTH="201" VPOS="2662" HPOS="547"/>
<SP HEIGHT="53" WIDTH="60" VPOS="2662" HPOS="749"/>
<String CONTENT="July," HEIGHT="69" WIDTH="160" VPOS="2662" HPOS="810"/>
<SP HEIGHT="61" WIDTH="26" VPOS="2669" HPOS="971"/>
<String CONTENT="1933," HEIGHT="66" WIDTH="151" VPOS="2666" HPOS="998"/>
<SP HEIGHT="49" WIDTH="24" VPOS="2683" HPOS="1150"/>
<String CONTENT="cumulative" HEIGHT="53" WIDTH="345" VPOS="2663" HPOS="1175"/>
<SP HEIGHT="50" WIDTH="20" VPOS="2683" HPOS="1521"/>
<String CONTENT="pamphlet" HEIGHT="68" WIDTH="299" VPOS="2665" HPOS="1542"/>
<SP HEIGHT="48" WIDTH="28" VPOS="2670" HPOS="1842"/>
<String CS="1" CONTENT="&#8230;"/>
<SP HEIGHT="57" WIDTH="67" VPOS="2663" HPOS="1928"/>
<String CONTENT="St." HEIGHT="57" WIDTH="82" VPOS="2663" HPOS="1996"/>
</TextLine>
<TextLine HEIGHT="69" WIDTH="1062" VPOS="2740" HPOS="150" STYLEREFS="StyleId-A50CE4C1-CF8B-48A3-B73C-E5F2B94A8EA2-">
<String CONTENT="Paul," HEIGHT="64" WIDTH="164" VPOS="2742" HPOS="150"/>
<SP HEIGHT="64" WIDTH="27" VPOS="2742" HPOS="315"/>
<String CONTENT="West" HEIGHT="53" WIDTH="159" VPOS="2742" HPOS="343"/>
<SP HEIGHT="62" WIDTH="29" VPOS="2747" HPOS="503"/>
<String CONTENT="publishing" HEIGHT="69" WIDTH="336" VPOS="2740" HPOS="533"/>
<SP HEIGHT="49" WIDTH="29" VPOS="2760" HPOS="870"/>
<String CONTENT="co." HEIGHT="35" WIDTH="78" VPOS="2760" HPOS="900"/>
<SP HEIGHT="35" WIDTH="38" VPOS="2774" HPOS="979"/>
<String CONTENT="[" HEIGHT="35" WIDTH="13" VPOS="2774" HPOS="1018"/>
<String STYLE="superscript" CONTENT="c" HEIGHT="21" WIDTH="18" VPOS="2748" HPOS="1036"/>
<String CONTENT="1933]" HEIGHT="63" WIDTH="153" VPOS="2745" HPOS="1059"/>
</TextLine>
<TextLine HEIGHT="47" WIDTH="335" VPOS="2815" HPOS="151">
<String CONTENT="148" HEIGHT="39" WIDTH="87" VPOS="2815" HPOS="151"/>
<SP HEIGHT="47" WIDTH="30" VPOS="2815" HPOS="239"/>
<String CONTENT="p." HEIGHT="36" WIDTH="41" VPOS="2826" HPOS="270"/>
<SP HEIGHT="39" WIDTH="59" VPOS="2815" HPOS="312"/>
<String CONTENT="24" HEIGHT="38" WIDTH="56" VPOS="2815" HPOS="372"/>
<String STYLE="superscript" CONTENT="cm" HEIGHT="21" WIDTH="43" VPOS="2816" HPOS="431"/>
<String CONTENT="." HEIGHT="7" WIDTH="7" VPOS="2844" HPOS="479"/>
</TextLine>
<TextLine HEIGHT="54" WIDTH="1715" VPOS="2867" HPOS="87" CS="1">
<String CONTENT="&#169;" HEIGHT="52" WIDTH="51" VPOS="2867" HPOS="87"/>
<SP HEIGHT="52" WIDTH="26" VPOS="2867" HPOS="139"/>
<String CONTENT="July" HEIGHT="47" WIDTH="116" VPOS="2872" HPOS="166"/>
<SP HEIGHT="46" WIDTH="25" VPOS="2873" HPOS="283"/>
<String CONTENT="18," HEIGHT="47" WIDTH="68" VPOS="2871" HPOS="309"/>
<SP HEIGHT="46" WIDTH="26" VPOS="2872" HPOS="378"/>
<String CS="1" CONTENT="1933;" HEIGHT="40" WIDTH="113" VPOS="2871" HPOS="405"/>
<SP HEIGHT="46" WIDTH="28" VPOS="2871" HPOS="546"/>
<String CONTENT="2c." HEIGHT="40" WIDTH="67" VPOS="2871" HPOS="575"/>
<SP HEIGHT="29" WIDTH="28" VPOS="2882" HPOS="643"/>
<String CONTENT="and" HEIGHT="39" WIDTH="95" VPOS="2872" HPOS="672"/>
<SP HEIGHT="39" WIDTH="26" VPOS="2872" HPOS="768"/>
<String CONTENT="aff." HEIGHT="43" WIDTH="83" VPOS="2870" HPOS="795"/>
<SP HEIGHT="41" WIDTH="27" VPOS="2872" HPOS="879"/>
<String CONTENT="July" HEIGHT="47" WIDTH="115" VPOS="2872" HPOS="907"/>
<SP HEIGHT="47" WIDTH="26" VPOS="2872" HPOS="1023"/>
<String CONTENT="29;" HEIGHT="47" WIDTH="83" VPOS="2872" HPOS="1050"/>
<SP HEIGHT="47" WIDTH="29" VPOS="2872" HPOS="1134"/>
<!-- cceid 44F4B0F8-6CF9-1014-A6CF-A82867D68027 --><String CONTENT="A" HEIGHT="39" WIDTH="41" VPOS="2872" HPOS="1164"/>
<SP HEIGHT="39" WIDTH="27" VPOS="2872" HPOS="1206"/>
<String CONTENT="63713;" HEIGHT="47" WIDTH="169" VPOS="2872" HPOS="1234"/>
<SP HEIGHT="45" WIDTH="29" VPOS="2874" HPOS="1404"/>
<String CONTENT="West" HEIGHT="39" WIDTH="134" VPOS="2874" HPOS="1434"/>
<SP HEIGHT="46" WIDTH="26" VPOS="2875" HPOS="1569"/>
<String CONTENT="pub." HEIGHT="48" WIDTH="110" VPOS="2873" HPOS="1596"/>
<SP HEIGHT="29" WIDTH="28" VPOS="2885" HPOS="1707"/>
<String CONTENT="co." HEIGHT="29" WIDTH="66" VPOS="2884" HPOS="1736"/>
</TextLine>
<TextLine HEIGHT="65" WIDTH="968" VPOS="2988" HPOS="81" STYLEREFS="StyleId-3FA6C371-5B7B-4585-89D0-3024701AE611-">
<String CONTENT="Ondis," HEIGHT="65" WIDTH="199" VPOS="2988" HPOS="81"/>
<SP HEIGHT="64" WIDTH="29" VPOS="2989" HPOS="281"/>
<String CONTENT="Lewis" HEIGHT="52" WIDTH="190" VPOS="2989" HPOS="311"/>
<SP HEIGHT="52" WIDTH="28" VPOS="2989" HPOS="502"/>
<String CONTENT="Amedeus," HEIGHT="64" WIDTH="314" VPOS="2989" HPOS="531"/>
<SP HEIGHT="59" WIDTH="30" VPOS="2994" HPOS="846"/>
<String CONTENT="1894-" HEIGHT="49" WIDTH="172" VPOS="2994" HPOS="877"/>
</TextLine>
<TextLine HEIGHT="67" WIDTH="1922" VPOS="3067" HPOS="153" STYLEREFS="StyleId-A50CE4C1-CF8B-48A3-B73C-E5F2B94A8EA2-">
<String CONTENT="Phonology" HEIGHT="67" WIDTH="337" VPOS="3067" HPOS="153"/>
<SP HEIGHT="49" WIDTH="35" VPOS="3085" HPOS="491"/>
<String CONTENT="of" HEIGHT="51" WIDTH="62" VPOS="3068" HPOS="527"/>
<SP HEIGHT="51" WIDTH="33" VPOS="3068" HPOS="590"/>
<String CONTENT="the" HEIGHT="51" WIDTH="94" VPOS="3068" HPOS="624"/>
<SP HEIGHT="54" WIDTH="37" VPOS="3069" HPOS="719"/>
<String CONTENT="Cilentan" HEIGHT="55" WIDTH="265" VPOS="3068" HPOS="757"/>
<SP HEIGHT="51" WIDTH="35" VPOS="3070" HPOS="1023"/>
<String CONTENT="dialect," HEIGHT="65" WIDTH="224" VPOS="3069" HPOS="1059"/>
<SP HEIGHT="45" WIDTH="36" VPOS="3089" HPOS="1284"/>
<String CONTENT="with" HEIGHT="53" WIDTH="139" VPOS="3069" HPOS="1321"/>
<SP HEIGHT="50" WIDTH="37" VPOS="3071" HPOS="1461"/>
<String CONTENT="a" HEIGHT="33" WIDTH="30" VPOS="3088" HPOS="1499"/>
<SP HEIGHT="33" WIDTH="37" VPOS="3088" HPOS="1530"/>
<String CONTENT="word" HEIGHT="51" WIDTH="155" VPOS="3071" HPOS="1568"/>
<SP HEIGHT="51" WIDTH="35" VPOS="3071" HPOS="1724"/>
<String CONTENT="index" HEIGHT="52" WIDTH="170" VPOS="3071" HPOS="1760"/>
<SP HEIGHT="33" WIDTH="35" VPOS="3090" HPOS="1931"/>
<String CONTENT="and" HEIGHT="51" WIDTH="108" VPOS="3073" HPOS="1967"/>
</TextLine>
<TextLine HEIGHT="72" WIDTH="1759" VPOS="3144" HPOS="85" STYLEREFS="StyleId-A50CE4C1-CF8B-48A3-B73C-E5F2B94A8EA2-" CS="1">
<String CONTENT="dialect" HEIGHT="56" WIDTH="205" VPOS="3144" HPOS="85"/>
<SP HEIGHT="47" WIDTH="28" VPOS="3151" HPOS="291"/>
<String CONTENT="texts," HEIGHT="59" WIDTH="163" VPOS="3151" HPOS="320"/>
<SP HEIGHT="64" WIDTH="27" VPOS="3146" HPOS="484"/>
<String CONTENT="by" HEIGHT="67" WIDTH="75" VPOS="3146" HPOS="512"/>
<SP HEIGHT="66" WIDTH="26" VPOS="3147" HPOS="588"/>
<String CONTENT="Lewis" HEIGHT="52" WIDTH="183" VPOS="3147" HPOS="615"/>
<SP HEIGHT="52" WIDTH="29" VPOS="3147" HPOS="799"/>
<String CONTENT="A." HEIGHT="53" WIDTH="68" VPOS="3147" HPOS="829"/>
<SP HEIGHT="56" WIDTH="31" VPOS="3146" HPOS="898"/>
<String CONTENT="Ondis" HEIGHT="56" WIDTH="184" VPOS="3146" HPOS="930"/>
<SP HEIGHT="34" WIDTH="36" VPOS="3166" HPOS="1115"/>
<String CS="1" CONTENT="&#8230;"/>
<SP HEIGHT="53" WIDTH="79" VPOS="3148" HPOS="1207"/>
<String CONTENT="New" HEIGHT="53" WIDTH="136" VPOS="3148" HPOS="1287"/>
<SP HEIGHT="52" WIDTH="31" VPOS="3149" HPOS="1424"/>
<String CONTENT="York" HEIGHT="54" WIDTH="162" VPOS="3148" HPOS="1456"/>
<SP HEIGHT="68" WIDTH="33" VPOS="3148" HPOS="1619"/>
<String STYLE="subscript" CONTENT="[" HEIGHT="33" WIDTH="12" VPOS="3183" HPOS="1653"/>
<String STYLE="superscript" CONTENT="c" HEIGHT="21" WIDTH="18" VPOS="3153" HPOS="1670"/>
<String CONTENT="1932" HEIGHT="49" WIDTH="132" VPOS="3152" HPOS="1695"/>
<String STYLE="subscript" CONTENT="]" HEIGHT="32" WIDTH="11" VPOS="3184" HPOS="1833"/>
</TextLine>
<TextLine HEIGHT="49" WIDTH="1923" VPOS="3219" HPOS="155" CS="1">
<String CONTENT="2" HEIGHT="38" WIDTH="26" VPOS="3219" HPOS="155"/>
<SP/>
<String CONTENT="p." HEIGHT="36" WIDTH="42" VPOS="3230" HPOS="207"/>
<SP/>
<String CS="1" CONTENT="l.," HEIGHT="17" WIDTH="8" VPOS="3249" HPOS="310"/>
<SP HEIGHT="30" WIDTH="27" VPOS="3238" HPOS="319"/>
<String CONTENT="[7]-128" HEIGHT="49" WIDTH="175" VPOS="3219" HPOS="347"/>
<SP HEIGHT="47" WIDTH="22" VPOS="3219" HPOS="523"/>
<String CONTENT="p." HEIGHT="37" WIDTH="42" VPOS="3229" HPOS="546"/>
<SP/>
<String CS="1" CONTENT="pl."/>
<SP HEIGHT="40" WIDTH="58" VPOS="3219" HPOS="711"/>
<String CS="1" CONTENT="20&#189;" HEIGHT="40" WIDTH="56" VPOS="3219" HPOS="770"/>
<String STYLE="superscript" CONTENT="cm" HEIGHT="22" WIDTH="44" VPOS="3221" HPOS="858"/>
<String CONTENT="." HEIGHT="9" WIDTH="8" VPOS="3249" HPOS="907"/>
<SP HEIGHT="49" WIDTH="69" VPOS="3219" HPOS="916"/>
<String CONTENT="(Publications" HEIGHT="49" WIDTH="358" VPOS="3219" HPOS="986"/>
<SP HEIGHT="29" WIDTH="24" VPOS="3231" HPOS="1345"/>
<String CONTENT="of" HEIGHT="39" WIDTH="51" VPOS="3221" HPOS="1370"/>
<SP HEIGHT="40" WIDTH="24" VPOS="3221" HPOS="1422"/>
<String CONTENT="the" HEIGHT="39" WIDTH="82" VPOS="3222" HPOS="1447"/>
<SP HEIGHT="39" WIDTH="26" VPOS="3222" HPOS="1530"/>
<String CONTENT="Institute" HEIGHT="40" WIDTH="234" VPOS="3221" HPOS="1557"/>
<SP HEIGHT="28" WIDTH="23" VPOS="3232" HPOS="1792"/>
<String CONTENT="of" HEIGHT="38" WIDTH="51" VPOS="3222" HPOS="1816"/>
<SP HEIGHT="38" WIDTH="25" VPOS="3222" HPOS="1868"/>
<String CONTENT="French" HEIGHT="41" WIDTH="184" VPOS="3222" HPOS="1894"/>
</TextLine>
<TextLine HEIGHT="48" WIDTH="348" VPOS="3275" HPOS="86">
<String CONTENT="studies," HEIGHT="48" WIDTH="199" VPOS="3275" HPOS="86"/>
<SP HEIGHT="48" WIDTH="32" VPOS="3275" HPOS="286"/>
<String CONTENT="inc.)" HEIGHT="47" WIDTH="115" VPOS="3275" HPOS="319"/>
</TextLine>
<TextLine HEIGHT="50" WIDTH="1395" VPOS="3332" HPOS="158" CS="1">
<String CONTENT="Issued" HEIGHT="40" WIDTH="168" VPOS="3332" HPOS="158"/>
<SP HEIGHT="39" WIDTH="28" VPOS="3333" HPOS="327"/>
<String CONTENT="also" HEIGHT="39" WIDTH="102" VPOS="3333" HPOS="356"/>
<SP HEIGHT="29" WIDTH="25" VPOS="3343" HPOS="459"/>
<String CONTENT="as" HEIGHT="29" WIDTH="53" VPOS="3343" HPOS="485"/>
<SP HEIGHT="37" WIDTH="26" VPOS="3335" HPOS="539"/>
<String CONTENT="thesis" HEIGHT="39" WIDTH="150" VPOS="3333" HPOS="566"/>
<SP HEIGHT="47" WIDTH="35" VPOS="3333" HPOS="717"/>
<String CS="1" CONTENT="(PH." HEIGHT="47" WIDTH="107" VPOS="3333" HPOS="753"/>
<SP HEIGHT="31" WIDTH="26" VPOS="3343" HPOS="861"/>
<String CS="1" CONTENT="D.)" HEIGHT="46" WIDTH="34" VPOS="3333" HPOS="920"/>
<SP HEIGHT="46" WIDTH="36" VPOS="3333" HPOS="955"/>
<String CONTENT="Columbia" HEIGHT="41" WIDTH="247" VPOS="3333" HPOS="992"/>
<SP HEIGHT="29" WIDTH="30" VPOS="3344" HPOS="1240"/>
<String CONTENT="university." HEIGHT="48" WIDTH="282" VPOS="3334" HPOS="1271"/>
</TextLine>
<TextLine HEIGHT="50" WIDTH="1921" VPOS="3389" HPOS="158">
<String CONTENT="&#8220;La" HEIGHT="39" WIDTH="95" VPOS="3389" HPOS="158"/>
<SP HEIGHT="38" WIDTH="30" VPOS="3390" HPOS="254"/>
<String CONTENT="lettre" HEIGHT="39" WIDTH="145" VPOS="3390" HPOS="285"/>
<SP HEIGHT="29" WIDTH="31" VPOS="3400" HPOS="431"/>
<String CONTENT="re" HEIGHT="28" WIDTH="52" VPOS="3400" HPOS="463"/>
<SP HEIGHT="29" WIDTH="30" VPOS="3400" HPOS="516"/>
<String CONTENT="sango&#8221;," HEIGHT="48" WIDTH="191" VPOS="3389" HPOS="547"/>
<SP HEIGHT="47" WIDTH="34" VPOS="3390" HPOS="739"/>
<String CONTENT="Cilentan" HEIGHT="41" WIDTH="223" VPOS="3390" HPOS="774"/>
<SP HEIGHT="37" WIDTH="33" VPOS="3393" HPOS="998"/>
<String CONTENT="tale" HEIGHT="39" WIDTH="100" VPOS="3391" HPOS="1032"/>
<SP HEIGHT="47" WIDTH="39" VPOS="3391" HPOS="1133"/>
<String CONTENT="(p." HEIGHT="47" WIDTH="65" VPOS="3391" HPOS="1173"/>
<SP HEIGHT="37" WIDTH="33" VPOS="3392" HPOS="1239"/>
<String CONTENT="103-110)" HEIGHT="48" WIDTH="226" VPOS="3391" HPOS="1273"/>
<SP HEIGHT="48" WIDTH="40" VPOS="3391" HPOS="1500"/>
<String CONTENT="in" HEIGHT="39" WIDTH="47" VPOS="3391" HPOS="1541"/>
<SP HEIGHT="41" WIDTH="36" VPOS="3391" HPOS="1589"/>
<String CONTENT="Cilentan," HEIGHT="48" WIDTH="237" VPOS="3391" HPOS="1626"/>
<SP HEIGHT="44" WIDTH="34" VPOS="3395" HPOS="1864"/>
<String CONTENT="Italian" HEIGHT="40" WIDTH="180" VPOS="3394" HPOS="1899"/>
</TextLine>
<TextLine HEIGHT="51" WIDTH="1992" VPOS="3445" HPOS="85">
<String CONTENT="and" HEIGHT="38" WIDTH="95" VPOS="3446" HPOS="85"/>
<SP HEIGHT="38" WIDTH="30" VPOS="3446" HPOS="181"/>
<String CONTENT="English." HEIGHT="48" WIDTH="213" VPOS="3445" HPOS="212"/>
<SP HEIGHT="38" WIDTH="60" VPOS="3447" HPOS="426"/>
<String CONTENT="Examples" HEIGHT="47" WIDTH="260" VPOS="3447" HPOS="487"/>
<SP HEIGHT="29" WIDTH="24" VPOS="3458" HPOS="748"/>
<String CONTENT="of" HEIGHT="39" WIDTH="52" VPOS="3447" HPOS="773"/>
<SP HEIGHT="48" WIDTH="27" VPOS="3447" HPOS="826"/>
<String CONTENT="popular" HEIGHT="45" WIDTH="202" VPOS="3450" HPOS="854"/>
<SP HEIGHT="37" WIDTH="27" VPOS="3459" HPOS="1057"/>
<String CONTENT="poetry" HEIGHT="47" WIDTH="169" VPOS="3449" HPOS="1085"/>
<SP HEIGHT="48" WIDTH="36" VPOS="3448" HPOS="1255"/>
<String CONTENT="(p." HEIGHT="48" WIDTH="67" VPOS="3448" HPOS="1292"/>
<SP HEIGHT="39" WIDTH="27" VPOS="3449" HPOS="1360"/>
<String CONTENT="111-123)" HEIGHT="48" WIDTH="228" VPOS="3448" HPOS="1388"/>
<SP HEIGHT="47" WIDTH="36" VPOS="3449" HPOS="1617"/>
<String CONTENT="in" HEIGHT="39" WIDTH="49" VPOS="3449" HPOS="1654"/>
<SP HEIGHT="41" WIDTH="27" VPOS="3449" HPOS="1704"/>
<String CONTENT="Cilentan" HEIGHT="41" WIDTH="222" VPOS="3449" HPOS="1732"/>
<SP HEIGHT="29" WIDTH="29" VPOS="3461" HPOS="1955"/>
<String CONTENT="and" HEIGHT="38" WIDTH="92" VPOS="3452" HPOS="1985"/>
</TextLine>
<TextLine HEIGHT="42" WIDTH="195" VPOS="3501" HPOS="88">
<String CONTENT="Italian." HEIGHT="42" WIDTH="195" VPOS="3501" HPOS="88"/>
</TextLine>
<TextLine HEIGHT="51" WIDTH="695" VPOS="3557" HPOS="155">
<String CONTENT="Bibliography;" HEIGHT="50" WIDTH="375" VPOS="3557" HPOS="155"/>
<SP HEIGHT="38" WIDTH="29" VPOS="3570" HPOS="531"/>
<String CONTENT="p." HEIGHT="37" WIDTH="42" VPOS="3571" HPOS="561"/>
<SP HEIGHT="39" WIDTH="28" VPOS="3561" HPOS="604"/>
<String CONTENT="124-128." HEIGHT="41" WIDTH="217" VPOS="3561" HPOS="633"/>
</TextLine>
<TextLine HEIGHT="64" WIDTH="1775" VPOS="3612" HPOS="8" CS="1">
<String CONTENT="j" HEIGHT="57" WIDTH="5" VPOS="3619" HPOS="8"/>
<SP HEIGHT="64" WIDTH="74" VPOS="3612" HPOS="14"/>
<String CONTENT="&#169;" HEIGHT="51" WIDTH="51" VPOS="3612" HPOS="89"/>
<SP HEIGHT="51" WIDTH="26" VPOS="3612" HPOS="141"/>
<String CONTENT="Aug." HEIGHT="47" WIDTH="118" VPOS="3617" HPOS="168"/>
<SP HEIGHT="39" WIDTH="23" VPOS="3618" HPOS="287"/>
<String CONTENT="31," HEIGHT="46" WIDTH="70" VPOS="3618" HPOS="311"/>
<SP HEIGHT="45" WIDTH="26" VPOS="3619" HPOS="382"/>
<String CONTENT="1932;" HEIGHT="45" WIDTH="140" VPOS="3617" HPOS="409"/>
<SP HEIGHT="44" WIDTH="27" VPOS="3618" HPOS="550"/>
<String CONTENT="2c." HEIGHT="40" WIDTH="67" VPOS="3618" HPOS="578"/>
<SP HEIGHT="39" WIDTH="27" VPOS="3619" HPOS="646"/>
<String CONTENT="Jan." HEIGHT="39" WIDTH="108" VPOS="3619" HPOS="674"/>
<SP HEIGHT="39" WIDTH="28" VPOS="3619" HPOS="783"/>
<String CONTENT="6," HEIGHT="47" WIDTH="38" VPOS="3619" HPOS="812"/>
<SP HEIGHT="46" WIDTH="27" VPOS="3620" HPOS="851"/>
<String CONTENT="1933;" HEIGHT="46" WIDTH="140" VPOS="3619" HPOS="879"/>
<SP HEIGHT="36" WIDTH="30" VPOS="3629" HPOS="1020"/>
<String CONTENT="aff." HEIGHT="40" WIDTH="81" VPOS="3619" HPOS="1051"/>
<SP HEIGHT="39" WIDTH="27" VPOS="3620" HPOS="1133"/>
<String CONTENT="Jan." HEIGHT="39" WIDTH="108" VPOS="3620" HPOS="1161"/>
<SP HEIGHT="39" WIDTH="28" VPOS="3619" HPOS="1270"/>
<String CONTENT="5;" HEIGHT="42" WIDTH="51" VPOS="3619" HPOS="1299"/>
<SP HEIGHT="41" WIDTH="29" VPOS="3620" HPOS="1351"/>
<!-- cceid 44F5230F-6CF9-1014-A6CF-A82867D68027 --><String CONTENT="A" HEIGHT="38" WIDTH="42" VPOS="3620" HPOS="1381"/>
<SP HEIGHT="39" WIDTH="25" VPOS="3620" HPOS="1424"/>
<String CONTENT="58719;" HEIGHT="47" WIDTH="169" VPOS="3620" HPOS="1450"/>
<SP HEIGHT="46" WIDTH="31" VPOS="3621" HPOS="1620"/>
<String CONTENT="G." HEIGHT="41" WIDTH="53" VPOS="3621" HPOS="1652"/>
<SP HEIGHT="41" WIDTH="27" VPOS="3621" HPOS="1706"/>
<String CONTENT="L." HEIGHT="40" WIDTH="49" VPOS="3621" HPOS="1734"/>
</TextLine>
<TextLine HEIGHT="103" WIDTH="1909" VPOS="3621" HPOS="155" CS="1">
<String CONTENT="van" HEIGHT="30" WIDTH="96" VPOS="3632" HPOS="1812"/>
<SP HEIGHT="39" WIDTH="27" VPOS="3621" HPOS="1909"/>
<String CS="1" CONTENT="Roos-broeck," HEIGHT="97" WIDTH="1909" VPOS="3621" HPOS="155"/>
<SP HEIGHT="43" WIDTH="33" VPOS="3675" HPOS="343"/>
<String CONTENT="New" HEIGHT="38" WIDTH="117" VPOS="3675" HPOS="377"/>
<SP HEIGHT="38" WIDTH="30" VPOS="3675" HPOS="495"/>
<String CONTENT="York." HEIGHT="39" WIDTH="143" VPOS="3675" HPOS="526"/>
<SP HEIGHT="47" WIDTH="70" VPOS="3675" HPOS="670"/>
<String CONTENT="(33-15895)" HEIGHT="49" WIDTH="279" VPOS="3675" HPOS="741"/>
</TextLine>
<TextLine HEIGHT="67" WIDTH="962" VPOS="3777" HPOS="82" STYLEREFS="StyleId-3FA6C371-5B7B-4585-89D0-3024701AE611-">
<String CONTENT="Oppenheim," HEIGHT="65" WIDTH="380" VPOS="3777" HPOS="82"/>
<SP HEIGHT="63" WIDTH="31" VPOS="3779" HPOS="463"/>
<String CONTENT="Edward" HEIGHT="53" WIDTH="252" VPOS="3779" HPOS="495"/>
<SP HEIGHT="52" WIDTH="31" VPOS="3780" HPOS="748"/>
<String CONTENT="Phillips." HEIGHT="64" WIDTH="264" VPOS="3780" HPOS="780"/>
</TextLine>
<TextLine HEIGHT="72" WIDTH="1124" VPOS="3854" HPOS="152" STYLEREFS="StyleId-A50CE4C1-CF8B-48A3-B73C-E5F2B94A8EA2-">
<String CONTENT="The" HEIGHT="52" WIDTH="120" VPOS="3854" HPOS="152"/>
<SP HEIGHT="33" WIDTH="26" VPOS="3873" HPOS="273"/>
<String CONTENT="man" HEIGHT="33" WIDTH="130" VPOS="3873" HPOS="300"/>
<SP HEIGHT="32" WIDTH="28" VPOS="3874" HPOS="431"/>
<String CONTENT="on" HEIGHT="33" WIDTH="71" VPOS="3874" HPOS="460"/>
<SP HEIGHT="46" WIDTH="24" VPOS="3862" HPOS="532"/>
<String CONTENT="the" HEIGHT="51" WIDTH="93" VPOS="3857" HPOS="557"/>
<SP HEIGHT="32" WIDTH="28" VPOS="3876" HPOS="651"/>
<String CONTENT="waterlogged" HEIGHT="67" WIDTH="382" VPOS="3859" HPOS="680"/>
<SP HEIGHT="52" WIDTH="26" VPOS="3858" HPOS="1063"/>
<String CONTENT="ketch." HEIGHT="54" WIDTH="186" VPOS="3858" HPOS="1090"/>
</TextLine>
<TextLine HEIGHT="54" WIDTH="1031" VPOS="3925" HPOS="163" STYLEREFS="StyleId-8037D7AF-6147-4D73-AF83-503233A4C01A-">
<String CONTENT="(In" HEIGHT="45" WIDTH="83" VPOS="3929" HPOS="163"/>
<SP HEIGHT="41" WIDTH="27" VPOS="3926" HPOS="247"/>
<String CONTENT="Pearson&#8217;s" HEIGHT="43" WIDTH="259" VPOS="3925" HPOS="275"/>
<SP HEIGHT="30" WIDTH="31" VPOS="3938" HPOS="535"/>
<String CONTENT="magazine," HEIGHT="50" WIDTH="275" VPOS="3927" HPOS="567"/>
<SP HEIGHT="49" WIDTH="30" VPOS="3928" HPOS="843"/>
<String CONTENT="June," HEIGHT="49" WIDTH="142" VPOS="3928" HPOS="874"/>
<SP HEIGHT="46" WIDTH="32" VPOS="3931" HPOS="1017"/>
<String CONTENT="1933)" HEIGHT="49" WIDTH="144" VPOS="3930" HPOS="1050"/>
</TextLine>
<TextLine HEIGHT="58" WIDTH="1989" VPOS="3979" HPOS="89" CS="1">
<String CONTENT="&#169;" HEIGHT="52" WIDTH="51" VPOS="3979" HPOS="89"/>
<SP/>
<String CS="1" CONTENT="1c."/>
<SP HEIGHT="38" WIDTH="33" VPOS="3985" HPOS="236"/>
<String CONTENT="July" HEIGHT="46" WIDTH="115" VPOS="3985" HPOS="270"/>
<SP HEIGHT="46" WIDTH="28" VPOS="3985" HPOS="386"/>
<String CONTENT="22." HEIGHT="40" WIDTH="69" VPOS="3985" HPOS="415"/>
<SP HEIGHT="39" WIDTH="29" VPOS="3986" HPOS="485"/>
<String CONTENT="1933;" HEIGHT="42" WIDTH="139" VPOS="3985" HPOS="515"/>
<SP HEIGHT="40" WIDTH="33" VPOS="3987" HPOS="655"/>
<!-- cceid 44F5956E-6CF9-1014-A6CF-A82867D68027 --><String CONTENT="A" HEIGHT="38" WIDTH="40" VPOS="3987" HPOS="689"/>
<SP HEIGHT="39" WIDTH="29" VPOS="3987" HPOS="730"/>
<String CONTENT="ad" HEIGHT="37" WIDTH="61" VPOS="3989" HPOS="760"/>
<SP HEIGHT="39" WIDTH="29" VPOS="3987" HPOS="822"/>
<String CONTENT="int." HEIGHT="41" WIDTH="88" VPOS="3987" HPOS="852"/>
<SP HEIGHT="39" WIDTH="30" VPOS="3989" HPOS="941"/>
<String CONTENT="18034;" HEIGHT="47" WIDTH="171" VPOS="3988" HPOS="972"/>
<SP HEIGHT="38" WIDTH="32" VPOS="3999" HPOS="1144"/>
<String CONTENT="pubd." HEIGHT="47" WIDTH="143" VPOS="3990" HPOS="1177"/>
<SP HEIGHT="40" WIDTH="31" VPOS="3989" HPOS="1321"/>
<String CONTENT="June" HEIGHT="39" WIDTH="126" VPOS="3989" HPOS="1353"/>
<SP HEIGHT="38" WIDTH="29" VPOS="3990" HPOS="1480"/>
<String CONTENT="1;" HEIGHT="45" WIDTH="51" VPOS="3990" HPOS="1510"/>
<SP HEIGHT="43" WIDTH="35" VPOS="3992" HPOS="1562"/>
<String CONTENT="E." HEIGHT="37" WIDTH="52" VPOS="3992" HPOS="1598"/>
<SP HEIGHT="38" WIDTH="32" VPOS="3991" HPOS="1651"/>
<String CONTENT="P." HEIGHT="38" WIDTH="50" VPOS="3991" HPOS="1684"/>
<SP HEIGHT="40" WIDTH="33" VPOS="3990" HPOS="1735"/>
<String CONTENT="Oppenheim," HEIGHT="48" WIDTH="309" VPOS="3989" HPOS="1769"/>
</TextLine>
<TextLine HEIGHT="50" WIDTH="777" VPOS="4041" HPOS="155">
<String CONTENT="Reepham," HEIGHT="47" WIDTH="258" VPOS="4041" HPOS="155"/>
<SP HEIGHT="43" WIDTH="30" VPOS="4042" HPOS="414"/>
<String CONTENT="Norfolk," HEIGHT="47" WIDTH="219" VPOS="4042" HPOS="445"/>
<SP HEIGHT="45" WIDTH="31" VPOS="4044" HPOS="665"/>
<String CONTENT="England." HEIGHT="47" WIDTH="235" VPOS="4044" HPOS="697"/>
</TextLine>
</TextBlock>
<GraphicalElement ID="Page891_Block3" HEIGHT="340" WIDTH="8" VPOS="2428" HPOS="0"/>
<GraphicalElement ID="Page891_Block4" HEIGHT="494" WIDTH="8" VPOS="2838" HPOS="0"/>
<GraphicalElement ID="Page891_Block5" HEIGHT="176" WIDTH="8" VPOS="3916" HPOS="10"/>
</PrintSpace>
</Page>
</Layout>
</alto>