2582 4453
1335 4120 135 51 1898

455 518 40 39 A
527 519 154 38 novel.

391 583 52 53 ©
469 588 119 40 Nov.
614 588 39 47 6,
680 587 140 48 1933;
851 589 65 38 1c.
945 588 109 40 Dec.
1082 588 51 40 5:
1164 586 313 49 A-Foreign
1502 587 172 41 22874:
1704 587 61 40 H.
1793 587 290 49 Aschehoug
2109 588 36 41 &
2171 599 68 30 co.

470 645 253 49 (34-1663)

394 749 357 65 Bouscaren,
785 750 283 63 Timothy
1100 750 262 56 Lincoln.

460 824 1890 73 Ethics of ectopic operations, by T. Lincoln Bouscaren …
391 904 271 69 Chicago,
691 905 114 68 Ill.,
834 906 219 68 Loyola
1083 906 320 68 university
1434 924 174 51 press,
1641 909 151 52 1933.

461 996 77 39 xv,
570 984 84 42 191
685 995 42 39 p.
789 986 174 48 plates.
1024 986 55 40 19½cm.

464 1043 304 50 “Originally
796 1045 258 46 presented
1083 1044 48 39 in
1161 1044 145 41 Latin
1336 1047 48 37 to
1413 1045 81 39 the
1521 1044 191 48 faculty
1738 1044 52 41 of
1816 1045 155 40 moral
2001 1045 224 47 theology
2252 1045 52 40 of
2330 1045 82 42 the

390 1098 2004 113 Gregorian university, in June, 1928 … in partial fulfilment of the requirements
721 1156 1693 54 for the degree of magister aggregatus … This work is not
391 1229 24 29 a
455 1216 295 44 translation
786 1217 86 41 but
905 1228 26 30 a
967 1217 242 49 thorough
1243 1215 212 44 revision
1490 1217 52 41 of
1574 1218 82 41 the
1690 1216 210 51 original
1934 1216 392 43 thesis."—Pref.

394 1287 52 51 ©
475 1292 112 39 Dec.
616 1290 70 47 15,
716 1289 142 48 1933;
888 1290 68 40 2c.
986 1291 112 39 Dec.
1127 1289 84 48 26;
1242 1289 83 43 aff.
1355 1291 113 39 Dec.
1497 1290 82 47 29;
1611 1290 43 39 A
1682 1290 171 49 67786;
1886 1291 181 48 Loyola
2099 1290 131 41 univ.
2260 1297 153 42 press.

464 1347 225 50 (34-619)

395 1453 282 65 Braaten,
708 1454 213 64 Oskar,
954 1457 172 50 1881-

525 1531 1654 72 … Masken; roman. Oslo, H. Aschehoug & co., 1933.
460 1607 86 40 215
577 1618 43 37 p.
681 1606 56 41 20
740 1609 43 22 cm
790 1640 7 8 .

396 1673 51 52 ©
474 1677 102 41 Oct.
602 1677 68 40 17.
695 1676 114 42 1933;
865 1679 65 39 1c.
958 1678 111 39 Dec.
1095 1677 52 47 5;
1176 1676 312 50 A-Foreign
1513 1678 172 47 22887;
1713 1677 61 41 H.
1801 1677 289 50 Aschehoug
2116 1679 35 39 &
2177 1690 65 30 co.

473 1734 254 50 (34-1659)

396 1842 287 64 Brøgger,
714 1841 356 57 Waldemar.

526 1920 1538 71 … Annen akt. Oslo, H. Aschehoug & co., 1933.
463 1993 89 41 260
582 2006 44 37 p.
686 1993 60 43 20½
776 1997 45 21 cm
827 2027 8 7 .

461 2052 41 40 A
531 2053 152 40 novel.

395 2120 1852 55 © Oct. 17, 1933; 1c. Dec. 5; A-Foreign 22879; H. Aschehoug & co.
476 2181 253 49 (34-1062)

397 2285 233 67 Brown,
665 2287 231 67 Porter,
933 2290 174 51 1880-

466 2365 1948 74 The pregnant woman, by Porter Brown, M. D. New York,
397 2443 287 68 Eugenics
711 2443 340 71 publishing
1079 2465 300 51 company,
1407 2448 127 66 inc.,
1566 2452 150 49 1933.

471 2516 96 50 xvi,
600 2519 85 40 174
715 2528 42 39 p.
821 2518 128 43 illus.
1011 2520 55 40 19½cm.

399 2585 2015 57 © Dec. 11, 1933; 2c. Dec. 12; aff. Dec. 21; A 67647; Eugenics pub. co.,
455 2647 91 40 inc.
619 2647 223 51 (34-602)

399 2746 233 70 Brown,
661 2749 256 58 William
947 2754 245 65 Adams,
1225 2757 172 51 1865-

469 2828 129 55 God
649 2836 56 47 at
758 2832 185 67 work;
997 2852 28 33 a
1078 2836 172 65 study
1297 2834 65 53 of
1412 2834 95 53 the
1555 2835 422 68 supernatural,
2028 2835 74 67 by
2149 2832 261 57 William

401 2908 2012 75 Adams Brown … New York, London, C. Scribner’s sons,
403 2991 148 52 1933.

471 3060 116 50 xvii,
617 3062 84 41 301
731 3073 43 39 p.
835 3064 27 39 20½
925 3067 15 21 cm
975 3096 8 9 .

474 3118 348 50 “Suggestions
849 3121 80 41 for
956 3121 198 42 further
1183 3121 230 50 reading”:
1472 3135 43 37 p.
1547 3123 250 49 [285]-293.

399 3185 2016 59 © Dec. 13. 1933; 2c. Dec. 14; aff. Dec. 16; A 67577; W. A. Brown. New
458 3247 146 42 York.
676 3249 222 50 (34-664)

398 3351 241 67 Bruehl,
671 3354 222 57 Anton.

396 3428 1993 154 Photographs of Mexico, by Anton Bruehl. New York, Delphic studios [ c 1933]
468 3580 778 52 4 p. l., 25 pl., 1 l. 41½ x 31½cm.
465 3638 228 42 Lettered
732 3650 61 31 on
828 3652 169 32 cover:
1037 3644 203 42 Mexico.

471 3696 130 42 “One
633 3699 244 41 thousand
912 3700 161 49 copies
1107 3713 83 30 are
1223 3702 208 50 printed.
1493 3705 119 41 This
1646 3706 38 40 is
1717 3715 119 39 copy
1869 3715 74 33 no.
1976 3703 240 43 Review.“

469 3755 148 42 Label
656 3759 227 40 mounted
922 3770 58 29 on
1015 3759 327 52 lining-paper
1376 3764 52 39 of
1464 3764 120 41 back
1620 3774 170 31 cover:
1827 3763 118 41 This
1981 3765 122 40 book
2141 3767 176 38 chosen
2353 3764 60 49 by

394 3813 115 48 jury
537 3814 79 40 for
644 3817 82 39 the
756 3816 187 42 exhibit
973 3819 51 39 of
1054 3819 260 42 American
1343 3822 122 39 book
1497 3821 320 46 illustration,
1848 3822 277 47 1931-1933,
2158 3822 255 43 American

396 3871 228 42 institute
662 3872 52 41 of
751 3875 202 48 graphic
991 3878 118 40 arts.

399 3944 2019 60 © Nov. 16. 1933; 2c. Nov. 25; aff. Dec. 15; A 67542: Delphic studios
503 4007 134 39 (Alma
670 4008 143 45 Reed,
839 4021 163 29 owner
1026 4012 95 38 and
1147 4010 238 49 director)
1459 4014 253 48 (34-1135)
