2582 4453
1366 4112 135 51 1580

417 517 113 52 and
564 515 328 70 describing
926 516 97 53 the
1056 521 165 63 great
1255 516 181 53 battle
1471 517 113 52 and
1619 516 97 53 the
1751 515 325 54 conclusion
2111 515 227 54 thereof
2373 516 61 52 in

416 614 31 33 a
491 594 255 70 glorious
791 594 226 69 victory
1060 595 113 52 and
1218 594 98 53 the
1357 594 434 54 establishment
1834 594 63 54 of
1942 613 170 50 peace
2153 614 72 35 on
2270 595 161 54 earth

417 673 113 52 and
574 673 149 69 good
768 673 119 52 will
930 673 224 53 toward
1196 691 147 50 men,
1389 673 113 53 and
1546 674 97 53 the
1686 672 350 69 everlasting
2078 674 356 53 vindication

414 750 1997 148 of Jehovah’s name. Comments by J. F. Rutherford … Brooklyn, N. Y. [etc.] Watch
1221 835 178 48 tower
1435 829 169 54 Bible
1640 831 113 53 and
1791 837 151 46 tract
1977 831 231 68 society,
414 832 1996 129 International
706 908 169 53 Bible
903 908 261 54 students
1197 908 341 53 association
1575 942 13 34 [
1593 916 18 21 c
1617 912 134 50 1933
1758 942 12 34 ]

488 979 87 42 381
607 991 43 38 p.
685 981 111 41 incl.
828 981 150 42 front,
1010 981 240 49 (facsim.)
1293 981 144 48 illus.,
1471 982 173 49 plates,
1708 983 87 41 col.
1830 982 171 50 plates.
2063 983 57 41 29
2123 986 15 21 cm
2172 1016 8 8 .

421 1050 52 52 ©
511 1054 103 42 Oct.
650 1054 40 44 2,
728 1054 141 41 1933:
908 1055 66 38 2c.
1016 1053 129 49 Sept.
1182 1054 83 42 29:
1305 1053 81 40 aff.
1426 1053 103 42 Oct.
1567 1055 51 40 7:
1658 1055 40 38 A
1736 1054 171 43 66530:
1948 1055 43 40 J.
2032 1056 50 41 F.
2126 1056 313 50 Rutherford,

488 1112 262 48 Brooklyn.
822 1111 284 48 (33-33083)

415 1217 286 55 Servites.

489 1290 185 57 Seven
705 1292 265 54 hundred
1003 1311 183 51 years,
1222 1312 73 33 an
1330 1292 317 70 anthology
1681 1292 64 54 of
1781 1312 156 35 verse
1972 1293 76 70 by
2083 1295 96 52 the
2215 1293 160 56 Servi
2385 1300 55 47 te

415 1370 331 55 scholastics
791 1376 59 48 to
896 1376 436 48 commemorate
1378 1372 97 53 the
1519 1373 528 67 septuacentennial
2094 1372 342 54 celebration

415 1447 66 53 of
513 1451 96 53 the
644 1449 189 56 Order
867 1449 65 54 of
963 1455 260 49 servants
1260 1449 64 54 of
1358 1450 190 70 Mary,
1586 1450 190 54 edited
1813 1452 76 68 by
1923 1451 218 69 Joseph
2178 1452 79 53 M.
416 1453 1997 145 Vosburgh,
697 1572 10 10 O.
779 1573 10 9 S.
884 1571 11 11 M.
970 1527 320 70 Granville,

1328 1528 162 69 Wis.,
1528 1529 121 53 The
1690 1528 226 56 Servite
1955 1529 239 69 fathers,
2231 1530 209 54 Mount

418 1605 169 56 Saint
616 1608 202 69 Philip
849 1612 347 66 monastery,
1231 1611 152 50 1933.

484 1681 902 51 2 p. l., iii-viii p., 1 l., 56 p. 18 cm .
485 1738 229 42 Lettered
744 1750 61 29 on
830 1749 143 30 cover:
1029 1736 278 44 1233-1933.

419 1794 52 52 ©
499 1799 118 47 Aug.
647 1799 69 46 28,
745 1798 141 46 1933;
916 1799 66 39 2c.
1011 1799 96 38 and
1136 1797 80 41 aff.
1247 1798 103 40 Oct.
1379 1797 81 42 16;
1491 1799 40 38 A
1560 1797 171 49 66640;
1766 1798 193 41 Servite
1983 1799 207 40 fathers.

499 1856 283 49 (33-33105)

417 1958 386 67 Shoemaker,
835 1960 237 54 Samuel
1105 1961 184 64 Moor,
488 1962 971 132 1893Christ’s
763 2039 187 53 words
981 2037 154 54 from
1164 2038 97 54 the
1290 2056 170 49 cross,
1489 2038 75 69 by
1597 2037 232 56 Samuel
1858 2039 78 53 M.
1971 2037 365 71 Shoemaker,
2365 2039 72 69 jr.

478 2111 1755 76 … New York [etc.] Fleming H. Revell company [ c 1033]
489 2194 56 39 54
573 2204 43 38 p.
678 2192 56 41 19½
767 2195 15 21 cm
815 2225 10 8 .

491 2252 297 39 “Addresses
825 2253 53 38 at
912 2251 83 40 the
1032 2251 283 39 three-hour
1350 2249 197 49 passion
1586 2250 184 41 service
1807 2260 61 30 on
1905 2251 133 40 Good
2075 2250 197 48 Friday,
2310 2251 128 48 1933,

419 2310 48 39 in
497 2309 212 48 Calvary
737 2309 196 47 church,
962 2308 118 41 New
1109 2307 364 41 York.”—Note
1533 2320 28 34 by
1589 2309 81 40 the
1700 2308 193 41 author.

423 2365 52 52 ©
505 2368 102 41 Oct.
634 2368 70 46 21,
733 2368 113 40 1933;
903 2368 67 39 2c.
1000 2369 95 38 and
1124 2366 83 42 aff.
1237 2366 102 41 Oct.
1366 2367 50 40 31;
1481 2368 40 37 A
1549 2367 145 40 65877;
1754 2367 222 44 Fleming
2003 2368 60 40 H.
2094 2368 169 39 Revell
2291 2376 66 31 co.

500 2426 283 49 (33-33277)

420 2525 1957 73 Southern digest. October, 1933, cumulative pamphlet …
494 2605 1170 70 St. Paul, West publishing co. [ c 1933]
489 2683 90 40 342
607 2694 43 37 p.
711 2682 56 40 24
770 2685 44 20 cm
819 2713 7 7 .

423 2736 52 52 ©
508 2740 102 41 Oct.
641 2740 70 47 31,
743 2739 141 47 1933;
918 2739 67 41 2c.
1018 2739 118 40 Nov.
1169 2738 81 46 16;
1286 2737 81 41 aff.
1401 2738 118 40 Nov.
1553 2737 81 43 18;
1670 2739 40 37 A
1742 2738 171 47 68185;
1949 2739 135 40 West
2115 2739 109 47 pub.
2258 2749 69 30 co.

421 2859 455 54 Southwestern
905 2861 272 62 reporter
1209 2858 104 65 (2d
1340 2857 146 64 ser.)

494 2938 186 52 Texas
710 2937 279 55 decisions
1020 2936 269 69 reported
1322 2937 60 52 in
1417 2937 182 56 South
1635 2942 240 48 western
1907 2941 277 65 reporter,
2219 2937 219 55 Second

423 3016 187 54 series,
685 3018 139 52 vols.
862 3020 64 49 59
960 3016 129 68 (2d)
1135 3017 112 52 and
1284 3018 65 50 60
1382 3015 128 68 (2d)
1597 3015 339 69 May-July,
1972 3019 152 65 1933,
2158 3015 141 53 with
2330 3016 109 68 key

422 3094 2014 69 number annotations … St. Paul, West publishing co., 1933.
490 3171 202 40 various
721 3170 218 49 pagings.
1001 3170 60 40 26
1060 3172 44 21 cm
1111 3202 7 8 .

426 3224 52 52 ©
511 3228 102 41 Oct.
645 3228 69 46 16,
746 3227 114 41 1933:
922 3227 67 41 2c.
1022 3227 117 40 Nov.
1174 3227 81 41 17:
1289 3225 82 41 aff.
1405 3227 117 38 Nov.
1557 3225 81 47 18;
1674 3226 40 38 A
1745 3225 172 48 68154;

1953 3226 136 40 West
2119 3225 110 49 pub.
2262 3236 68 30 co.

425 3384 190 56 South
659 3391 261 50 western
963 3391 275 64 reporter.
1317 3386 221 56 Second
1581 3386 188 54 series.
1851 3387 169 55 Cases
2066 3387 216 68 argued
2327 3385 112 53 and

495 3465 355 53 determined
891 3467 59 51 in
993 3465 97 55 the
1135 3464 276 69 Supreme
1455 3471 190 47 courts
1687 3466 62 52 of
1791 3465 315 66 Arkansas,
2149 3464 291 64 Missouri,

497 3545 330 57 Tennessee,
864 3545 111 52 and
1013 3547 213 54 Texas;
1268 3545 209 55 Courts
1513 3544 62 53 of
1611 3544 236 68 appeals
1883 3544 62 52 of
1981 3543 309 69 Kentucky
2326 3542 113 53 and

498 3622 269 54 Missouri;
832 3625 208 54 Courts
1069 3623 63 52 of
1159 3623 135 55 civil
1324 3624 111 51 and
1465 3622 265 55 criminal
1759 3625 235 66 appeals
2021 3623 110 52 and
497 3623 1918 132 Commission
672 3703 63 51 of

786 3703 236 67 appeals
1073 3703 62 52 of
1185 3703 203 56 Texas,
1439 3702 135 51 with
1629 3702 377 68 key-number
2058 3701 364 53 annotations.

498 3799 50 35 v.
606 3785 63 49 61
705 3782 127 66 (2d)
919 3781 525 69 July-September.
1502 3785 149 48 1933.
1731 3780 82 56 St.
1869 3782 166 56 Paul,
2086 3782 159 53 West
500 3780 1915 148 publishing
742 3877 98 42 co.,
870 3863 149 49 1933.

497 3935 115 45 xvii,
645 3935 112 39 1233
789 3946 41 37 p.
889 3934 232 46 facsims.,
1153 3934 180 47 diagrs.
1393 3933 57 41 26
1452 3937 44 20 cm
1502 3964 8 9 .

430 3987 52 49 ©
514 3992 103 40 Oct.
649 3993 68 43 13,
750 3992 140 41 1933:
925 3992 67 41 2c.
1024 3992 118 40 Nov.
1175 3993 80 40 17:
1290 3991 81 40 aff.
1405 3992 119 39 Nov.
1630 4002 8 29 18:
1673 3991 41 39 A
1745 3990 171 46 68157;
1952 3991 133 39 West
2119 3990 109 46 pub.
2261 4000 67 29 co.
