2484 4405
0 0 0 0 937
178 484 1865 81 … Compiled and edited by the publisher’s editorial staff.
122 596 46 34 7.
202 580 84 64 36,
318 575 81 53 37.
477 574 81 54 St.
594 575 166 66 Paul,
790 576 160 52 West
984 572 337 68 publishing
1353 588 78 37 co.
1474 603 11 33 [
1490 575 18 20 c
1515 571 131 50 1933
1654 601 12 33 ]

115 653 29 39 2
169 663 43 28 v.
268 650 58 40 26
327 652 43 20 cm
377 682 7 7 .

385 715 113 29 CONTENTS.—v.
535 702 72 42 36.
643 702 478 41 Tender-Trial.—v.
1158 700 76 42 37.
1266 702 184 38 Trover
1483 700 94 38 and
50 696 1981 108 Conversion-Vendor
161 765 93 38 and
285 763 280 47 purchaser.

56 818 50 52 ©
135 822 125 38 June
285 820 70 45 21,
385 819 112 39 1933
516 829 9 34 ;
554 818 66 39 2c.
651 818 117 39 each
798 817 116 46 July
943 816 81 45 24;
1056 814 109 42 affs.
1197 815 116 47 July
1340 814 83 46 22;
1455 813 41 39 A
1525 812 157 46 04447,
1711 811 171 46 64448;
1915 811 138 39 West

121 879 107 47 pub.
267 888 66 30 co.

55 965 220 69 [Johns,
306 963 299 69 Rowland]
643 968 171 50 1882-
1028 963 84 54 ed.

128 1041 121 54 Our
291 1041 190 53 friend
522 1041 93 52 the
656 1038 286 67 Airedale,
981 1039 136 51 with
1163 1058 27 32 a
1235 1035 378 69 frontispiece.
1691 1035 136 53 New
1873 1034 177 60 York,

62 1116 947 69 E. P. Dutton & co., inc. [ c 1933]
125 1185 1924 52 vii, 88 p. inch front. 18 cm . (Half-title: Our friend the dog series,
57 1248 156 40 edited
246 1247 61 47 by
338 1247 233 39 Rowland
603 1246 179 46 Johns)

127 1303 161 41 “First
324 1302 225 41 edition.”

60 1361 50 51 ©
137 1365 125 39 June
287 1364 68 45 19,
383 1362 139 47 1933;
552 1362 66 40 2c.
645 1363 96 39 and
769 1362 82 40 aff.
879 1363 127 38 June
1032 1361 83 41 22:
1146 1362 39 38 A
1213 1361 170 47 64084;
1414 1362 51 38 E.
1494 1361 50 38 P.
1575 1361 187 38 Dutton
1790 1359 35 39 &
1853 1370 81 35 co.,
1964 1358 88 39 inc.

136 1420 278 50 (33-27201)

130 1507 122 53 Our
286 1506 189 54 friend
509 1507 95 53 the
638 1505 244 54 German
920 1505 279 69 shepherd
1236 1505 111 68 dog
1392 1505 232 65 (known
1662 1503 58 52 in
1753 1503 96 52 the
1883 1503 71 53 U.
1995 1501 55 55 S.

64 1606 57 33 as
150 1586 92 52 the
271 1584 178 69 police
477 1584 112 67 dog
616 1585 106 51 and
756 1585 54 51 in
844 1583 176 54 Great
1049 1583 228 52 Britain
1310 1602 57 33 as
1397 1584 94 53 the
1520 1581 294 67 Alsatian)
1853 1581 138 52 with
2025 1600 26 33 a

66 1658 1771 71 frontispiece. New York, E. P. Dutton & co., inc. [ c 1933]
134 1733 1919 49 vii, 88 p. inch front. 18 cm . (Half-title: Our friend the dog series,
63 1790 157 40 edited
254 1791 60 46 by
347 1791 234 38 Rowland
616 1791 177 46 Johns)

133 1847 162 40 “First
328 1846 226 41 edition.”

65 1904 50 51 ©
141 1909 125 38 June
292 1907 69 47 19,
388 1907 113 40 1933
520 1918 8 36 ;
558 1908 66 39 2c.
652 1908 94 38 and
775 1906 81 40 aff.
885 1908 125 38 June
1037 1906 83 42 22:
1151 1907 40 38 A
1218 1905 170 48 04085;
1419 1908 50 37 E.
1501 1907 49 38 P.
1578 1907 190 39 Dutton
1793 1907 37 39 &
1858 1917 80 35 co.,
1967 1906 91 39 inc.

144 1965 278 47 (33-27202)

60 2050 245 68 Keener,
331 2052 254 55 William
613 2053 227 66 Albert,
870 2059 325 51 1856-1913.

133 2130 1865 68 Cases on the law of contracts, by William A. Keener …
64 2208 1935 67 3d ed., by I. Maurice Wormser … and John F. X. Finn …
64 2288 136 52 New
228 2287 176 68 York,
432 2286 206 70 Baker,
665 2288 247 54 Voorhis
939 2290 45 50 &
1010 2305 98 51 co.,
1138 2290 149 51 1933.

134 2361 132 48 xxxi,
294 2361 86 41 818
403 2372 43 38 p.
506 2360 57 40 24
564 2363 45 21 cm
614 2392 9 10 .

136 2418 134 40 First
302 2419 95 39 and
429 2418 61 40 2d
522 2417 209 41 editions
762 2419 124 39 have
918 2419 135 40 title:
1088 2418 43 39 A
1163 2419 230 39 selection
1426 2419 53 39 of
1510 2428 135 30 cases
1678 2429 60 30 on
1771 2419 81 39 the
1885 2418 94 40 law
2011 2420 52 38 of

67 2476 257 40 contracts.

139 2531 1924 42 “Table of law review articles cited … and Table of references to the
70 2591 314 40 restatement
416 2589 52 42 of
499 2590 81 40 the
611 2589 95 40 law
738 2589 52 41 of
824 2588 273 42 contracts”
1117 2601 9 29 :
1163 2602 42 36 p.
1239 2589 263 41 xxv-xxxi.

74 2646 50 51 ©
150 2650 126 38 June
300 2650 68 45 21,
396 2648 138 41 1933:
564 2649 65 38 2c.
656 2650 96 37 and
778 2647 80 41 aff.
888 2649 127 38 June
1039 2647 55 41 23
1114 2659 8 31 :
1152 2649 41 38 A
1247 2648 142 46 63372;
1420 2647 174 49 Baker,
1622 2648 207 41 Voorhis
1857 2649 36 39 &
1919 2660 67 29 co.

149 2705 277 48 (33-16560)

70 2792 165 65 Kerr,
264 2792 180 65 Hugh
469 2794 315 64 Thomson,
813 2794 170 55 1871-

140 2871 120 52 The
290 2870 295 55 Christian
614 2870 233 54 mission
875 2871 60 52 in
965 2871 285 66 America,
1277 2872 75 66 by
1383 2871 180 66 Hugh
1593 2873 287 52 Thomson
1913 2872 151 52 Kerr

131 2948 1205 68 … New York, Friendship press [ c 1933]
144 3022 26 38 5
196 3033 43 36 p.
265 3021 44 47 h,
335 3020 144 41 3-184
507 3032 43 37 p.
610 3021 56 40 19½
698 3023 43 21 cm
746 3053 9 9 .

148 3078 248 48 “Reading
424 3077 140 40 list”:
596 3089 44 37 p.
671 3076 216 41 178-181.

79 3130 50 52 ©
154 3136 111 47 May
289 3136 38 46 1,
353 3134 139 47 1933;
518 3135 66 39 2c.
610 3136 95 38 and
730 3134 81 41 aff.
838 3135 126 39 June
987 3135 81 47 15;
1095 3135 42 38 A
1161 3134 169 47 62986;
1360 3134 52 41 G.
1439 3135 51 48 Q.
1518 3135 239 48 LeSourd,
1783 3137 118 38 New
1925 3137 145 42 York.

156 3192 277 48 (33-16861)

74 3265 269 66 Koehler,
371 3267 221 53 Robert
620 3268 270 54 Portner.

145 3345 255 66 Puppets
429 3343 64 52 of
521 3343 222 68 chance,
773 3345 75 67 by
876 3344 214 52 Robert
1120 3344 244 53 Portner
1393 3343 264 53 Koehler.
1724 3346 138 52 New
1891 3347 180 67 York,

80 3420 163 55 Sears
271 3421 334 68 publishing
631 3439 296 51 company,
953 3423 107 51 inc.
1096 3455 13 33 [
1114 3429 18 20 c
1139 3425 149 63 1933]

149 3495 84 39 viii
258 3507 56 36 p.,
340 3496 24 38 1
390 3497 44 45 h,
461 3495 86 40 294
571 3505 44 38 p.
674 3494 84 49 19½
762 3498 43 20 cm
811 3528 9 7 .

87 3547 49 51 ©
179 3553 126 39 June
346 3553 68 47 26,
458 3553 138 40 1933:
642 3553 68 40 2c.
754 3554 126 39 June
922 3553 83 47 30;
1052 3553 81 39 aff.
1179 3554 125 39 June
1347 3554 82 46 28;
1475 3555 41 38 A
1559 3554 169 48 63449;
1778 3555 144 40 Sears
1964 3557 107 47 pub.

149 3620 80 37 co.,
258 3609 90 41 inc.
418 3609 279 49 (33-16728)

80 3683 231 64 Lucius,
337 3685 220 54 Pierre.

212 3761 1585 71 … Rénovation du capitalisme. Paris, Payot, 1933.
154 3833 25 38 2
210 3843 42 37 p.
321 3867 8 14 l.,
365 3833 173 50 [7]-335
571 3845 42 36 p.
677 3834 177 47 diagrs.
914 3834 55 40 23
973 3836 44 21 cm
1022 3866 7 8 .
1101 3834 363 49 (Bibliotheque
1497 3836 233 47 politique
1764 3839 48 38 et
86 3838 1971 96 Sconomique)

90 3942 1533 56 © Feb. 25, 1933; 1c. Apr. 26; A-Foreign 20679; Payot.
164 4003 276 49 (33-16206)
