2484 4405
1050 4111 64 41 1509

97 462 223 65 Pascal,
349 463 219 62 Joseph
597 460 222 65 Irving,
850 462 172 51 1890-

169 540 200 54 Visual
395 539 270 53 exercises
691 538 59 52 in
776 537 316 68 ametropia;
1150 555 31 33 a
1204 534 155 55 brief
1382 534 322 69 exposition
1727 533 65 55 of
1816 535 98 52 the
100 534 1970 151 principles
299 618 111 51 and
439 615 381 69 applications
847 613 64 54 of
936 615 96 53 the
1057 614 203 52 Pascal
1286 613 234 53 balance
1546 613 208 67 charts,
1779 612 75 67 by
1879 611 214 68 Joseph

100 689 1995 70 I. Pascal … New York, E. B. Meyrowitz surgical instruments
97 790 98 48 co.,
221 772 107 52 inc.
364 804 13 34 [
381 777 18 22 c
404 773 152 65 1933]

167 840 830 53 36 p. in cl. tables, diagr. 21 cm .
106 895 1991 53 © Oct. 17, 192 ; 33 ־ c. and aff. Oct. 25; A 66774; J. I. Pascal, New York.
184 956 278 49 (33-31453)

101 1031 300 63 Pemjean,
431 1028 237 56 Lucien.

175 1108 121 53 The
337 1126 123 35 new
504 1107 338 53 adventures
885 1105 64 54 of
992 1106 380 66 d’Artagnan,
1416 1104 75 68 by
1535 1103 211 55 Lucien
1791 1102 300 69 Pemjean;

104 1186 182 53 When
316 1185 361 67 d’Artagnan
705 1203 114 34 was
849 1201 194 50 young
1070 1185 113 51 and
1213 1182 248 67 Captain
1490 1182 363 67 d’Artagnan;
1914 1187 158 47 trans
105 1264 151 52 lated
288 1265 111 51 and
430 1265 248 65 adapted
705 1262 76 67 by
812 1260 320 55 Madeleine
1163 1261 181 67 Boyd.
1420 1261 138 51 New
1592 1259 179 67 York,
1802 1261 123 51 The

107 1260 1965 133 Junior
223 1341 237 67 literary
491 1339 161 69 guild
686 1340 110 52 and
828 1339 356 67 Doubleday,
1214 1339 199 52 Doran
1444 1340 50 50 &
1527 1356 97 48 co.,
1655 1336 126 68 inc.,
1814 1341 149 50 1933.

179 1413 51 41 ix
256 1424 58 39 p.,
342 1413 26 40 2
416 1445 23 17 l.,
465 1413 86 42 304
579 1423 58 39 p.,
666 1414 24 38 1
740 1443 23 18 l.,
790 1411 108 42 v-vi
925 1422 58 39 p.,
1011 1411 25 40 1
1087 1442 24 18 l.,
1136 1411 84 41 311
1250 1422 43 37 p.
1353 1411 86 41 col.
1467 1410 149 42 front.
1677 1409 55 42 20
1734 1411 44 22 cm
1782 1440 9 10 .

178 1471 131 40 Each
336 1472 139 39 novel
504 1471 152 48 paged
686 1470 290 49 separately.

180 1528 314 40 Translation
533 1527 52 39 of
625 1527 67 40 La
731 1527 225 48 jeunesse
998 1527 58 39 de
1097 1525 300 48 d’Artagnan
1440 1526 93 39 and
1576 1525 65 40 Le
1682 1524 243 49 capitaine
1968 1526 113 39 d’Ar
109 1586 195 46 tagnan.

179 1639 162 43 “First
369 1640 226 41 edition.”

109 1695 50 51 ©
194 1698 108 40 Feb.
335 1699 39 46 1,
405 1698 113 40 1933;
579 1698 66 39 2c.
679 1699 95 39 and
807 1697 80 41 aff.
922 1698 102 40 Oct.
1057 1698 52 47 5;
1142 1697 41 39 A
1215 1697 170 47 66832;
1420 1698 299 47 Doubleday,
1753 1698 167 39 Doran
1953 1698 38 40 &
2021 1706 81 39 co.,

175 1754 90 41 inc.
335 1755 279 48 (33-31422)

104 1818 232 68 Phelps,
367 1820 253 55 William
654 1821 183 64 Lyon,
875 1823 171 51 1865-

175 1898 174 53 What
390 1897 32 51 I
462 1896 114 54 like
615 1907 94 48 <in
750 1914 200 51 prose>
1014 1896 92 69 [by]
1153 1894 258 55 William
1453 1896 161 69 Lyon
1656 1895 228 69 Phelps.
1963 1896 135 53 New

110 1974 176 67 York,
313 1975 254 66 London,
597 1975 60 56 C.
687 1972 310 59 Scribner’s
1025 1992 144 50 sons,
1199 1977 150 51 1933.

177 2056 76 38 XV,
284 2047 86 40 718
401 2058 58 37 p.,
491 2048 25 38 1
570 2079 9 9 l.
638 2047 55 39 21½
726 2048 44 22 cm
776 2079 9 9 .

112 2103 50 51 ©
197 2107 100 42 Oct.
330 2108 68 46 20,
431 2108 112 40 1933;
604 2108 66 40 2c.
705 2107 102 40 Oct.
837 2107 59 40 26;
955 2106 82 41 aff.
1072 2107 103 41 Oct.
1207 2108 57 38 24;
1324 2108 41 38 A
1397 2107 148 41 65836;
1604 2108 202 40 Charles
1842 2106 265 42 Scribner’s

181 2174 124 30 sons.
377 2164 278 48 (33-31627)

109 2227 229 68 Powell,
369 2230 176 54 Orrin
578 2230 226 65 Edwin,
838 2234 171 49 1889-

182 2308 382 53 Educational
601 2314 223 48 returns
863 2313 57 47 at
957 2309 246 68 varying
1239 2307 375 69 expenditure
1649 2310 199 66 levels;
1890 2328 31 33 a
1954 2308 152 54 basis

113 2383 93 54 for
240 2386 248 68 relating
521 2386 402 68 expenditures
957 2391 59 48 to
1052 2391 282 49 outcomes
1369 2387 58 52 in
1464 2387 320 68 education,
1816 2387 74 66 by
1928 2387 177 55 Orrin

114 2464 1991 69 E. Powell … Published with the approval of Professor Mabel
115 2541 240 69 Carney,
385 2561 253 49 sponsor.
714 2543 137 52 New
882 2543 164 53 York
1075 2544 132 68 city,
1238 2544 278 52 Teachers
1546 2544 227 69 college,
1806 2544 300 56 Columbia

113 2620 333 69 university,
480 2625 150 49 1933.

185 2695 64 48 ix,
291 2695 56 40 54
387 2706 42 37 p.
501 2696 53 39 23½
588 2698 44 20 cm
636 2727 7 7 .
727 2696 261 48 (Teachers
1032 2697 193 46 college,
1270 2695 251 41 Columbia
1567 2694 285 48 university.
1925 2694 168 41 Contri
110 2751 195 40 butions
333 2754 47 38 to
409 2751 270 47 education,
710 2763 73 29 no.
814 2752 108 49 573)

185 2806 1930 49 “The investigation was limited to … one-teacher school districts.”—
110 2874 41 38 p.
182 2864 38 40 5.

186 2921 170 39 Issued
384 2922 102 38 also
514 2931 57 30 as
598 2920 154 41 thesis
788 2921 106 48 (PH.
955 2920 33 47 D.)
1028 2920 252 41 Columbia
1308 2920 286 49 university.

117 2972 50 51 ©
199 2977 117 47 Aug.
350 2977 39 45 8,
420 2977 112 40 1933;
594 2977 66 40 2c.
696 2977 126 48 Sept.
856 2978 54 38 15;
973 2977 81 40 aff.
1091 2978 126 47 Sept.
1252 2978 58 39 19;
1370 2978 38 38 A
1440 2978 144 39 65284;
1646 2978 240 39 Teachers
1919 2976 192 47 college,

188 3032 248 41 Columbia
471 3033 128 40 univ.
674 3033 278 48 (33-30972)

113 3096 291 57 Practical
439 3099 253 54 business
727 3100 493 68 administration;
1260 3122 31 33 a
1326 3100 239 69 reading
1599 3119 194 35 course
1829 3102 112 51 and

185 3118 1899 113 general
336 3176 287 56 reference
656 3179 158 53 work
845 3197 74 35 on
951 3180 162 67 sales,
1146 3178 373 70 advertising,
1551 3178 235 69 finance,
186 3178 1903 144 organization,
356 3256 359 68 production,
744 3256 274 68 practical
1052 3257 114 53 and
1197 3257 204 68 higher
1432 3262 401 62 accountancy,
1861 3255 256 54 business

187 3333 492 68 correspondence,
703 3333 274 69 banking,
1000 3334 385 68 employment
1409 3339 415 63 management,

187 3334 1905 143 purchasing,
333 3409 282 69 auditing,
644 3417 120 47 cost
790 3411 358 68 accounting,
1176 3412 217 53 income
1421 3417 176 61 taxes,
1624 3411 209 54 credits
1863 3411 113 53 and
2004 3411 109 53 col-

188 3487 252 67 lections,
466 3488 112 53 and
607 3488 355 54 commercial
986 3489 130 67 law,
1142 3491 281 66 prepared
1448 3489 75 67 by
1549 3512 31 33 a
1606 3488 135 54 staff

1765 3487 65 55 of
190 3493 1901 138 accountants,
384 3565 274 67 auditors,
709 3571 398 63 management
1160 3565 311 69 engineers,
1525 3568 112 51 and
1688 3565 316 69 specialists
2057 3565 58 53 in

188 3640 252 54 business
474 3642 260 54 methods
771 3643 113 53 and
921 3643 494 67 administration;
1454 3662 132 34 over
1621 3642 197 54 fifteen
1852 3643 263 54 hundred

189 3718 1928 72 illustrations, diagrams, and charts … Chicago, American
190 3796 925 70 technical society, 1934 [ c 1933]
189 3868 55 40 12
274 3880 41 28 V.
377 3868 141 49 illus.,
549 3872 163 46 ports.,
742 3870 195 49 diagrs,
966 3870 168 41 forms.
1195 3869 55 41 21½
1283 3873 45 22 cm
1332 3900 9 10 .

192 3924 330 42 “Authorities
554 3926 276 41 consulted”
862 3929 51 39 at
944 3926 84 41 the
1056 3926 260 49 beginning
1346 3927 51 40 of
1424 3928 118 40 each
1573 3927 204 41 volume.

127 3976 52 51 ©
210 3981 127 48 Sept.
365 3982 67 46 25,
463 3981 110 41 1933;
632 3983 67 39 2c.
729 3984 120 38 each
876 3983 100 40 Oct.
1006 3984 53 38 13;
1152 3983 50 41 aff.
1233 3983 100 41 Oct.
1364 3984 81 46 25;
1478 3984 43 38 A
1548 3984 169 45 65822;
1750 3984 158 41 Amer.
1939 3983 160 42 techni
191 4038 74 39 cal
291 4048 90 29 soc.
446 4035 67 52 L©
539 4049 105 30 new
669 4039 225 40 material
922 4041 94 38 and
1044 4039 225 49 revision]
1342 4040 278 47 (33-31464)
