2597 4403
1288 4093 99 51 138

306 409 359 65 Musarafiti,
695 407 293 58 Dominic.

376 487 303 54 Prisoners
721 488 115 52 and
878 488 164 53 other
1084 504 213 51 poems,
1338 487 78 68 by
1459 485 270 56 Dominic
1771 487 346 54 Musarafiti.
2194 490 140 52 New

309 567 180 68 York,
516 567 71 54 N.
619 567 92 67 Y.,
737 567 73 54 A.
838 566 247 69 Murray
1117 600 14 35 [
1135 572 19 22 c
1159 569 135 51 1933
1299 600 14 35 ]

377 641 56 40 23
469 652 44 37 p.
577 640 57 39 21½
667 643 44 20 cm
717 671 8 8 .

311 702 53 52 ©
393 706 111 40 Jan.
532 705 70 49 12,
631 703 144 49 1933;
804 705 69 40 2c.
902 706 111 39 Jan.
1041 704 84 49 20;
1157 703 83 42 aff.
1270 704 112 40 Feb.
1411 705 53 47 7;
1495 704 43 39 A
1565 703 172 49 60171;
1768 704 172 41 Albert
1969 705 219 47 Murray,
2218 705 119 41 New

380 763 146 41 York.
598 762 254 49 (33-3625)

308 868 256 65 Musser,
596 865 322 66 Benjamin
951 864 268 68 Francis,
1254 870 174 51 1891-

382 942 1614 71 Franciscan poets, by Benjamin Francis Musser …
308 941 2006 151 frontispiece
486 1023 76 69 by
583 1022 97 53 the
702 1022 224 55 author.
984 1022 139 55 New
1151 1021 181 70 York,
1353 1022 123 53 The
1497 1020 337 55 Macmillan
1858 1039 298 52 company,
2183 1024 153 56 1933.

379 1094 865 50 ix p., 1 l., 274 p. front. 20½ cm .
381 1151 1956 50 “These seventeen papers first appeared in the Franciscan … and in
309 1210 130 42 their
470 1212 200 47 present
701 1211 232 47 enlarged
965 1210 145 48 form,
1144 1210 122 40 with
1299 1210 248 40 footnotes
1580 1211 95 39 and
1709 1210 252 41 extensive
1994 1210 343 48 bibliography

308 1268 53 41 of
387 1267 334 42 Franciscana
749 1268 50 40 in
826 1269 83 40 the
938 1266 206 50 English
1169 1269 257 46 language,
1454 1278 86 29 are
1569 1268 144 49 [here]
1746 1266 592 49 reprinted.”—Author’s

308 1328 128 39 note.

380 1381 383 51 Bibliography:
801 1393 44 39 p.
881 1380 220 43 253-266.

315 1447 52 53 ©
397 1452 109 39 Jan.
538 1452 69 45 17,
638 1450 113 41 1933;
811 1450 67 40 2c.
909 1451 96 39 and
1035 1448 83 41 aff.
1148 1450 110 39 Jan.
1289 1448 83 48 18;
1403 1449 43 39 A
1473 1447 173 49 59014;
1678 1448 286 41 Macmillan
1994 1460 68 30 co.

393 1508 254 49 (33-3716)

306 1612 286 54 National
623 1612 286 64 advisory
937 1611 226 54 council
1195 1627 74 37 on
1300 1610 171 54 radio
1501 1610 60 53 in
1593 1609 333 55 education.

442 1688 1896 71 … Proceedings of the second annual assembly of National
311 1770 271 67 advisory
607 1770 223 54 council
855 1788 73 35 on
951 1769 166 54 radio
1142 1768 61 54 in
1227 1769 325 69 education,
1574 1769 128 68 inc.,
1728 1772 152 51 1932.
2022 1814 10 10 [v.
2058 1772 49 50 2.
2146 1769 190 53 Radio

309 1851 114 52 and
472 1849 322 54 education.
871 1848 217 54 Edited
1138 1849 77 69 by
1264 1849 290 69 Levering
1603 1851 212 67 Tyson]
1898 1848 273 71 Chicago,
2221 1849 117 69 Ill.,

309 1928 1297 71 The University of Chicago press [ c 1932]
385 2006 102 47 viii,
515 2004 89 42 306
630 2015 44 37 p.
732 2014 152 38 maps,
913 2003 183 49 diagrs.
1154 2003 55 41 23½
1243 2006 44 20 cm
1294 2035 7 8 .

318 2059 52 53 ©
400 2063 113 40 Dec.
540 2062 71 47 27,
640 2060 142 49 1932;
813 2061 68 41 2c.
911 2063 97 39 and
1037 2061 81 39 aff.
1149 2062 112 40 Jan.
1289 2061 70 46 27,
1389 2060 143 49 1933;
1563 2062 43 39 A
1633 2060 172 49 59179;
1838 2059 287 50 University
2153 2060 52 40 of
387 2058 1938 111 Chicago,
552 2119 226 49 Chicago.

315 2224 285 55 National
629 2223 322 55 industrial
981 2224 351 54 conference
1361 2224 204 56 board.

386 2302 291 54 Taxation
710 2302 66 55 of
809 2309 189 47 motor
1030 2301 220 54 vehicle
1283 2302 478 68 transportation.
1831 2302 141 53 New
2008 2302 181 65 York,

314 2302 2001 132 National
525 2381 312 54 industrial
867 2381 337 54 conference
1229 2380 200 68 board,
1453 2380 130 67 inc.,
1613 2383 153 51 1932.

389 2456 84 48 xii,
533 2456 55 40 196
617 2467 43 37 p.
690 2456 111 40 incl.
831 2455 171 41 tables.
1059 2455 55 40 23
1119 2458 15 20 cm
1170 2485 7 9 .
1295 2453 131 49 $2.50

321 2509 52 53 ©
403 2515 112 40 Jan.
545 2512 70 49 30,
646 2511 142 49 1933;
821 2513 68 41 2c.
920 2514 99 38 and
1047 2511 82 41 aff.
1164 2511 112 40 Feb.
1305 2513 55 47 4;
1394 2513 43 39 A
1466 2511 172 49 60156;
1672 2512 234 40 National
1937 2511 269 41 industrial
389 2522 1937 88 conference
613 2571 167 46 board,
810 2569 91 40 inc.
974 2569 255 48 (33-3707)

317 2671 265 63 Neilson,
613 2672 268 67 Francis,
915 2672 173 56 1867-

407 2750 123 53 The
582 2751 263 53 eleventh
901 2750 480 69 commandment,
1433 2751 77 68 by
1563 2751 242 54 Francis
1858 2752 256 54 Neilson.
2201 2752 142 53 New

320 2828 181 59 York,
531 2830 124 53 The
681 2828 225 69 Yiking
931 2848 177 49 press,
1138 2832 154 51 1933.

389 2903 85 47 xii,
503 2904 85 41 283
618 2915 44 37 p.
718 2904 57 39 21½
808 2906 44 21 cm
858 2934 8 9 .

324 2956 52 53 ©
409 2962 110 39 Jan.
554 2961 41 47 6,
628 2959 142 49 1933;
805 2960 68 41 2c.
908 2962 112 39 Jan.
1053 2960 54 48 9;
1144 2960 83 41 aff.
1261 2961 111 40 Jan.
1407 2961 54 47 7;
1497 2961 43 39 A
1571 2961 171 47 58757;
1780 2961 51 39 F.
1866 2960 214 47 Neilson,
2118 2960 227 49 Chicago.

406 3019 254 49 (33-3714)

315 3123 147 53 New
493 3124 232 64 Jersey.
800 3123 381 68 Legislature.

450 3200 1893 73 … Manual … 157th session, 1933. By authority of the
317 3280 2023 72 Legislature … John P. Dullard, compiler. Trenton, N. J.
323 3358 404 69 [MacCrellish
756 3364 47 50 &
835 3359 253 70 Quigley
1118 3378 100 51 co.,
1251 3364 154 64 1933]

394 3433 824 49 v, 727 p. front. (port.) 17 cm .
327 3486 52 53 ©
413 3491 111 40 Feb.
557 3490 39 47 6,
629 3489 141 48 1933;
805 3490 68 41 2c.
905 3492 97 39 and
1034 3490 82 41 aff.
1151 3491 112 40 Feb.
1295 3493 53 46 7;
1383 3492 41 39 A
1457 3491 171 49 60187;
1665 3492 264 49 Josephine
1960 3493 54 39 A.
2050 3492 295 50 Fitzgerald,

396 3548 229 47 Trenton,
656 3547 57 40 N.
743 3548 44 40 J.

322 3650 126 53 Odd
484 3650 248 64 fellows,
769 3651 407 63 Independent
1212 3652 174 53 order
1422 3651 82 54 of.
1579 3652 319 69 Sovereign
1932 3654 188 68 grand
2155 3655 184 68 lodge.

393 3727 248 52 Journal
674 3727 64 53 of
773 3728 375 70 proceedings
1182 3729 64 54 of
1278 3730 98 53 the
1411 3730 167 53 108th
1613 3734 213 51 annual
1860 3733 482 54 communication

323 3803 1822 77 of the Sovereign grand lodge … held in city of Denver,
323 3812 1995 149 Colorado, September 19th to 24th, 1932, with an appendix …
326 3963 334 67 Baltimore,
691 3965 140 68 Md.,
861 3966 124 54 The
1016 3966 315 70 Sovereign
1361 3969 185 68 grand
1574 3969 187 69 lodge,
1790 3972 48 52 I.
1871 3970 69 56 O.
1972 3970 69 62 Q.
2070 3972 86 67 F.,
2189 3975 150 50 1932.
