2582 4453
1239 4122 102 50 398

356 497 171 42 “Some
555 497 51 40 of
634 497 82 41 the
742 497 112 41 first
879 497 230 48 chapters
1137 496 54 41 of
1218 494 100 43 this
1346 496 125 41 book
1499 496 124 41 have
1653 496 243 48 appeared
1928 495 48 40 in
2008 495 84 42 the
2122 497 183 42 March.

281 553 129 47 1933,
439 554 132 42 issue
597 555 55 41 of
681 553 259 43 Fortune.”

285 609 52 52 ©
366 614 123 39 Mar.
517 614 39 41 8,
583 612 114 42 1933;
755 612 67 41 2c.
851 614 123 39 Mar.
1003 613 82 46 11;
1117 611 81 40 aff.
1229 613 122 39 Mar.
1379 612 83 46 10;
1492 612 42 39 A
1562 610 172 49 60689;
1766 613 62 39 M.
1858 612 57 41 R.
1943 612 218 45 Werner,
2190 612 118 39 New

354 672 144 40 York.
571 671 254 48 (33-7226)

277 763 167 54 West
477 763 293 66 Virginia.
845 764 283 67 Supreme
1161 769 161 47 court
1354 763 65 69 of
1448 762 253 69 appeals.

351 841 1952 69 Report of cases determined … from September 8, 1931, to
278 921 206 53 March
521 925 82 66 15,
639 925 153 59 1932,
825 922 75 68 by
932 922 262 53 Howard
1229 925 67 50 B.
1331 924 129 66 Lee,
1495 925 265 64 attorney
1794 922 232 69 general
2063 922 113 53 and
278 940 2024 115 ex-officio
480 1007 276 63 reporter,

832 1021 52 34 v.
988 1045 10 10 III.
1076 1002 360 68 Charleston,
1461 1004 226 54 Jarrett
1711 1001 268 70 printing
2004 1020 300 52 company,

280 1083 153 52 1932.

350 1157 84 40 xlv
477 1155 89 42 795
592 1167 30 37 p
692 1156 54 41 23
751 1159 45 20 cm

285 1210 52 53 ©
369 1214 112 42 Feb.
512 1214 38 48 6,
582 1186 142 75 1933”;
757 1213 66 43 2c.
856 1215 123 41 Mar.
1010 1215 84 48 25;
1127 1214 83 42 aff.
1242 1215 113 41 Feb.
1386 1214 55 42 15;
1502 1214 41 41 A
1573 1214 172 49 61087;

1782 1214 141 42 State
1953 1214 51 42 of
2034 1214 137 42 West
352 1213 1938 108 Virginia,
532 1273 306 47 Charleston,
872 1275 72 39 W.
976 1273 86 40 Va.

276 1365 358 67 Widdemer,
665 1367 330 64 Margaret.

351 1444 122 53 The
499 1463 165 50 years
690 1443 66 53 of
779 1445 144 67 love,
948 1444 76 69 by
1049 1443 300 69 Margaret
1372 1441 352 57 Widdemer.
1788 1443 141 54 New
1956 1443 182 70 York,

279 1445 2003 132 Farrar
402 1526 46 50 &
475 1523 303 68 Rinehart,
806 1523 405 68 incorporated
1248 1525 194 65 [c1933]

349 1599 29 40 4
404 1610 44 38 p.
497 1631 9 9 l.,
548 1598 150 42 3-308
723 1609 44 38 p.
827 1597 59 42 19½
916 1599 45 23 cm
965 1628 10 10 .

285 1653 52 52 ©
376 1658 121 40 Mar.
537 1657 69 47 28,
643 1656 142 47 1933;
825 1657 69 40 2c.
931 1658 123 38 Mar.
1091 1656 83 47 30;
1215 1655 83 41 aff.
1335 1657 124 39 Mar.
1497 1656 83 48 29;
1620 1656 41 40 A
1698 1656 172 48 60830;
1913 1658 63 39 M.
2014 1655 292 48 Widdemer,

352 1716 118 39 New
495 1715 147 41 York.
713 1714 252 48 (33-7378)

279 1803 365 68 Wildenvey,
676 1807 286 64 Herman,
998 1811 173 50 1885-

415 1883 1271 70 … Pa ville veier. Oslo, Gyldendal, 1932.
351 1956 86 41 271
471 1968 44 38 p.
576 1956 59 41 20
635 1959 45 21 cm
685 1989 9 9 .

350 2013 75 41 An
459 2013 405 50 autobiography.

285 2072 2023 53 © Nov. 27, 1932; 1c. Jan. 17, 1933; A-Foreign 19384; Gyldendal Norsk
354 2134 176 49 forlag.
604 2134 252 49 (33-7179)

277 2224 354 65 Wilkerson,
661 2227 243 54 Marcus
932 2225 258 65 Manley.

354 2302 208 54 Public
596 2302 240 71 opinion
870 2305 113 53 and
1017 2305 96 54 the
1151 2302 593 71 Spanish-American
1780 2320 149 50 war;
1969 2322 33 34 a
2034 2302 175 67 study
2243 2300 60 54 in

283 2382 2019 69 war propaganda, by Marcus M. Wilkerson … Baton Rouge,
281 2459 314 56 Louisiana
622 2467 147 48 state
796 2461 322 68 university
1145 2480 176 49 press,
1352 2464 153 51 1932.

357 2534 1948 51 4 p. l., iii, [5]-141 p. 22½ cm . ([Louisiana state] university studies,
285 2603 76 31 no.
388 2592 51 50 8)

357 2648 174 43 Thesis
569 2649 109 49 (PH.
736 2648 394 51 D.)—University
1159 2649 52 43 of
1237 2649 290 49 Wisconsin,
1557 2648 130 43 1931.

357 2708 225 41 Without
610 2708 155 41 thesis
792 2709 127 40 note.

359 2763 187 44 “Select
576 2764 398 51 bibliography”:
1006 2776 44 38 p.
1084 2762 251 53 [133]-137.

288 2820 52 52 ©
369 2825 112 40 Dec.
509 2825 41 46 7,
579 2822 141 48 1932;
750 2823 66 41 2c.
847 2822 111 40 Feb.
987 2823 40 48 2,
1056 2822 141 47 1933;
1229 2822 84 41 aff.
1343 2824 123 39 Mar.
1495 2823 82 46 11;
1608 2823 40 39 A
1677 2822 171 48 60610;
1881 2821 267 42 Louisiana
2178 2825 129 38 state

357 2881 130 42 univ.
513 2883 97 40 and
636 2880 326 51 agricultural
989 2882 96 38 and
1111 2879 302 42 mechanical
1441 2881 193 49 college,
1662 2881 160 40 Baton
1850 2881 180 49 Rouge,
2058 2881 84 39 La.

366 2940 252 48 (33-7362)
2094 2936 119 42 2695

283 3029 229 67 Willey,
544 3030 273 55 Malcolm
849 3030 369 64 Macdonald,
1253 3032 171 54 1897-

357 3109 500 56 Communication
909 3110 258 68 agencies
1219 3110 113 52 and
1381 3109 175 54 social
1606 3107 122 70 life,
1775 3109 78 68 by
1900 3109 273 53 Malcolm
2221 3109 80 55 M.

283 3189 2020 69 Willey … and Stuart A. Rice … New York and London,
282 3267 435 55 McGraAv-Hill
749 3269 149 53 book
930 3285 299 52 company,
1261 3267 126 68 inc.,
1421 3272 151 50 1933.

356 3351 77 39 xv,
473 3342 85 41 229
596 3353 44 38 p.
701 3341 155 49 diagr.
917 3342 54 41 23½
1005 3344 45 22 cm
1056 3374 8 8 .
1134 3342 255 49 (Lettered
1427 3352 60 30 on
1524 3351 165 31 cover:
1725 3341 184 39 Recent
1947 3339 149 41 social
2136 3342 168 40 trends

286 3399 351 49 monographs)

358 3457 293 41 “Published
682 3458 154 40 under
866 3458 82 40 the
977 3457 239 41 direction
1247 3457 52 41 of
1328 3458 82 40 the
1441 3455 298 42 President’s
1771 3456 227 41 research
2028 3457 275 40 committee

286 3526 61 29 on
377 3515 149 41 social
561 3515 551 43 trends.”—Foreword.

290 3570 52 52 ©
375 3574 111 41 Feb.
516 3575 41 46 3,
588 3573 141 47 1933;
763 3574 67 40 2c.
864 3574 111 40 Feb.
1005 3575 26 38 4:
1094 3574 82 40 aff.
1210 3574 111 39 Feb.
1353 3574 83 46 15;
1470 3574 40 39 A
1542 3570 171 48 59422;
1749 3571 297 42 President's
2080 3572 225 41 research

358 3631 276 41 committee
661 3641 58 29 on
749 3631 151 40 social
929 3633 181 46 trends,
1139 3631 117 39 New
1285 3631 144 40 York.
1501 3630 252 49 (33-4574)

284 3707 241 68 Wilson,
558 3710 176 65 Mary
762 3710 256 65 Badger.

357 3786 178 55 From
561 3787 135 54 nine
723 3792 60 49 to
811 3787 108 54 five
973 3788 94 69 [by]
1102 3788 172 68 Mary
1302 3788 235 68 Badger
1562 3787 242 55 Wilson.
1870 3786 432 68 Philadelphia,

286 3864 122 54 The
436 3865 162 54 Penn
626 3866 338 68 publishing
994 3885 282 50 company
1308 3870 195 64 [c1933]

357 3938 87 42 303
478 3951 44 38 p.
584 3938 58 42 19½
673 3940 44 23 cm
720 3971 10 9 .

290 3993 52 52 ©
378 3996 97 40 Feb
524 3996 68 47 10,
627 3996 142 43 1933;
805 3996 67 42 2c.
907 3998 95 40 and
1038 3997 82 40 aff.
1157 3998 122 39 Mar.
1313 3996 83 45 29;
1434 3997 39 39 A
1508 3997 170 47 61118;
1717 3997 132 39 Penn
1884 3996 109 49 pub.
2030 4007 66 30 co.

370 4054 252 49 (33-7565)
