2582 4453
1331 4147 135 55 1070

459 534 186 48 lxxxiv,
681 533 84 42 153
798 544 44 38 p.
903 533 165 48 front.,
1104 534 130 40 illus.
1295 534 55 39 17
1354 535 44 21 cm
1403 565 9 8 .
1482 532 211 49 (Golden
1724 534 92 47 key
1848 532 175 47 series)

460 590 379 51 Bibliography:
869 602 44 39 p.
941 590 218 42 149-153.

391 660 51 53 ©
470 665 117 48 July
613 665 68 46 13,
709 663 140 46 1933;
878 663 67 40 2c.
973 663 117 47 July
1114 662 83 46 21;
1226 661 83 41 aff.
1337 662 119 48 July
1479 661 83 47 20;
1592 662 41 38 A
1658 660 171 48 63645;
1860 661 59 39 H.
1947 660 53 42 T.
2028 662 174 45 Eaton,

459 658 1929 112 Brockton,
585 723 147 39 Mass.
798 716 68 55 [©
897 719 252 42 extensive
1178 719 228 49 revision]
1480 718 283 49 (33-19382)

382 826 212 65 Silcox,
625 826 194 55 Claris
845 824 230 58 Edwin.

459 903 234 56 Church
733 904 178 53 union
950 904 62 53 in
1054 902 268 63 Canada;
1365 902 75 54 its
1482 920 192 36 causes
1715 902 113 53 and
1868 919 422 49 consequences,
2328 901 76 67 by

389 982 191 55 Claris
614 981 214 54 Edwin
866 981 213 56 Silcox.
1150 982 142 52 New
1330 980 181 67 York,
1547 980 277 54 Institute
1861 979 63 55 of
1961 980 174 54 social
2172 979 114 54 and
382 998 1999 132 religious
622 1062 260 52 research
917 1094 13 34 [
935 1067 17 22 c
957 1064 154 63 1933]

460 1133 118 50 xvii,
611 1134 86 41 493
730 1145 45 38 p.
835 1133 156 49 diagr.
1052 1132 56 41 23½cm.

464 1189 1943 50 “The Institute of social and religious research … is responsible for
389 1248 100 43 this
515 1248 455 52 publication.”—p.
1020 1247 49 51 [ii]

391 1319 2019 53 © July 17, 1933; 2c. and aff. July 19; A 64382; Institute of social &
459 1381 232 48 religious
728 1382 241 39 research.
1043 1378 282 49 (33-19380)

383 1482 295 68 Simpson,
704 1484 157 55 John
888 1484 241 64 Ernest,
1159 1488 173 50 1889-

457 1563 143 54 This
637 1581 168 51 grace
846 1565 147 65 also;
1037 1582 32 34 a
1105 1562 149 54 book
1292 1580 72 35 on
1406 1561 298 56 Christian
1741 1561 204 68 giving
1985 1561 285 67 arranged
2309 1561 95 53 for

386 1639 2013 71 study purposes, by John E. Simpson … New York [etc.]
385 1720 1159 68 Fleming H. Revell company [ c 1933]
461 1794 56 42 95
549 1806 43 38 p.
653 1794 56 41 20
713 1796 43 21 cm
761 1825 9 9 .

393 1863 52 52 ©
478 1868 117 46 July
625 1867 39 45 1,
697 1865 142 47 1933;
873 1865 67 40 2c.
974 1865 96 40 and
1102 1863 82 41 aff.
1219 1864 117 48 July
1367 1864 53 47 8;
1454 1864 42 39 A
1527 1863 173 48 63508;
1736 1864 222 48 Fleming
1988 1865 61 39 H.
2084 1865 168 39 Revell
2284 1875 67 30 co.

475 1923 283 50 (33-19379)

385 2026 217 68 Smith,
631 2028 205 65 Logan
862 2026 285 67 Pearsall,
1179 2031 172 51 1865-

460 2107 92 57 On
591 2107 243 69 reading
876 2106 412 70 Shakespeare,
1325 2105 76 70 by
1441 2106 203 69 Logan
1685 2106 260 54 Pearsall
1987 2106 209 56 Smith.
2272 2107 137 53 New

388 2186 1392 68 York, Harcourt, Brace and company [ c 1933]
455 2262 30 39 4
507 2271 46 38 p.
580 2263 47 45 1,
654 2260 145 41 3-191
829 2271 43 38 p.
936 2259 58 42 19½cm.

458 2317 164 42 “First
662 2316 229 43 edition.”

463 2374 190 41 “Books
683 2384 59 30 on
774 2372 395 51 Shakespeare”:
1198 2383 46 39 p.
1273 2373 220 42 181-184.

394 2441 51 53 ©
476 2447 118 46 July
622 2445 70 48 20,
722 2445 115 40 1933;
896 2445 68 40 2c.
995 2446 96 39 and
1122 2444 82 43 aff.
1236 2444 117 48 July
1383 2445 82 46 27;
1499 2444 43 39 A
1571 2444 172 47 63677;
1776 2444 264 50 Harcourt,
2072 2446 156 40 Brace
2258 2445 38 40 &
2325 2453 83 40 co.,

460 2503 93 41 inc.
625 2503 283 49 (33-19651)

388 2608 454 54 Southwestern
872 2610 272 62 reporter
1183 2608 103 66 (2d
1318 2607 147 65 ser.)

459 2686 185 54 Texas
690 2686 279 54 decisions
1015 2686 269 68 reported
1329 2686 61 52 in
1438 2686 184 56 South
1670 2691 240 49 western
1955 2692 277 63 reporter,
390 2688 1993 131 Second

530 2765 188 69 series,
745 2768 139 51 vols.
914 2766 66 53 57
1017 2766 129 69 (2d)
1185 2766 113 53 and
1328 2770 64 49 58
1431 2765 128 70 (2d)
1597 2766 401 68 March-May,
2028 2769 150 50 1933.
2242 2767 166 55 With

388 2845 2020 71 key number annotations … St. Paul, West publishing co.,
391 2930 152 50 1933.

463 3003 200 40 various
693 3001 217 49 pagings.
970 3002 56 40 26
1030 3004 44 22 cm
1080 3034 8 8 .

397 3056 1870 52 © July 24. 1933; 2c. Aug. 7; aff. Aug. 9; A 63851; West pub. co.
391 3216 190 56 South
612 3225 242 48 western
880 3224 275 64 reporter.
1225 3220 219 56 Second
1473 3221 186 53 series.
1726 3222 171 55 Cases
1927 3221 215 69 argued
2173 3220 113 54 and

462 3220 1922 132 determined
772 3299 60 53 in
860 3300 96 54 the
987 3299 278 68 Supreme
1292 3305 188 49 courts
1509 3299 64 54 of
1600 3302 314 65 Arkansas,
1943 3299 290 70 Missouri,

460 3302 1921 143 Tennessee,
697 3379 113 52 and
840 3379 212 59 Texas;
1089 3378 208 55 Courts
1330 3379 62 52 of
1423 3381 235 67 appeals
1689 3379 63 53 of
1783 3380 309 68 Kentucky
2125 3380 112 52 and

462 3379 1920 136 Missouri;
681 3458 209 56 Courts
919 3459 63 52 of
1013 3458 135 53 civil
1178 3459 113 52 and
1319 3459 264 53 criminal
1615 3461 235 67 appeals
1883 3460 112 52 and
2027 3459 379 56 Commission

464 3537 63 52 of
567 3538 235 67 appeals
841 3538 64 53 of
942 3540 203 65 Texas,
1186 3538 140 53 with
1364 3539 109 69 key
1511 3540 238 52 number
1790 3538 381 54 annotations,
2247 3557 51 34 v.
2342 3542 64 48 59

472 3615 129 70 (2d)
637 3616 354 70 May-June,
1025 3621 151 49 1933.
1255 3617 84 55 St.
1370 3619 166 59 Paul,
1566 3620 161 54 West
1756 3618 337 69 publishing
2125 3637 97 47 co.,
2256 3621 151 50 1933.

465 3692 116 46 xvii,
613 3692 115 40 1227
756 3702 42 38 p.
860 3692 56 39 26
920 3694 44 21 cm
969 3725 8 8 .

399 3744 52 53 ©
486 3748 118 50 July
635 3749 71 48 24,
740 3748 113 42 1933;
917 3750 67 41 2c.
1020 3750 118 48 Aug.
1175 3751 51 41 7:
1265 3748 81 43 aff.
1382 3750 119 48 Aug.
1534 3750 56 44 9;
1628 3751 40 40 A
1703 3750 171 48 63852;
1911 3750 135 42 West
2082 3750 108 49 pub.
2224 3761 70 31 co.

392 3867 296 66 Stockley,
720 3868 280 64 Cynthia.

466 3946 185 52 Kraal
690 3946 167 68 baby,
896 3965 30 34 a
965 3948 164 53 novel
1175 3947 110 68 [by]
1331 3946 253 69 Cynthia
1625 3947 283 68 Stockley.
1984 3948 230 55 Garden
2256 3947 152 63 City,

396 4023 70 55 N.
497 4023 89 68 Y.,
614 4023 358 68 Doubleday,
1000 4026 196 52 Doran
1227 4028 46 50 &
1301 4044 298 51 company,
1627 4027 126 64 inc.,
1784 4030 150 50 1933.
