2582 4453
1407 4118 102 54 796

447 432 203 67 Couts,
680 434 156 55 Cave
862 434 287 66 Johnson,
1181 436 329 56 1821-1874.

520 512 179 52 From
733 509 119 58 San
884 511 187 71 Diego
1103 517 60 49 to
1197 512 98 54 the
1330 511 287 57 Colorado
1654 513 61 54 in
1752 516 163 66 1849;
1955 513 97 56 the
2087 514 231 71 journal
2354 515 115 55 and

447 608 167 50 maps
647 589 67 54 of
749 588 154 57 Cave
938 590 57 55 J.
1033 589 196 72 Coûts,
1267 590 191 56 edited
1493 591 77 71 by
1604 591 266 56 William
1907 592 374 56 McPherson.
2355 594 116 55 Los

450 667 270 71 Angeles,
748 668 197 70 Calif.,
972 668 71 55 A.
1070 669 81 54 M.
1181 669 169 70 Ellis,
1379 672 153 52 1932.

521 742 29 39 4
575 752 45 39 p.
669 774 24 17 l.,
724 742 70 49 77,
827 743 56 50 [1]
914 753 44 38 p.
1019 753 152 38 maps.
1232 743 118 43 16cm.

526 799 131 42 “The
698 800 220 49 printing
956 800 54 41 of
1047 800 101 41 this
1188 800 143 48 diary
1372 800 42 42 is
1456 802 83 40 the
1579 801 96 42 last
1718 802 135 40 work
1893 804 125 39 done
2059 804 54 40 at
2153 802 83 42 the
2277 803 193 49 private

449 866 138 39 press
615 856 55 42 of
696 859 84 39 the
808 858 101 41 late
937 857 190 41 Arthur
1154 857 307 42 MacDonald
1491 857 363 44 Ellis.”—Pref.

524 912 214 43 Written
770 925 61 30 on
866 914 84 42 the
982 914 296 49 expedition,
1314 913 51 42 in
1400 917 178 47 charge
1613 915 55 41 of
1699 914 159 44 Lieut.
1894 916 56 42 A.
1987 916 65 42 M.
2087 916 239 51 Whipple,
2363 920 109 39 sent

452 971 49 40 to
533 971 158 41 locate
722 972 84 40 the
838 974 170 39 mouth
1041 971 55 42 of
1123 972 83 41 the
1240 971 111 42 Gila
1386 971 158 49 river;
1580 973 84 41 the
1697 974 180 40 author
1911 983 102 31 was
2046 973 50 41 in
2131 975 254 41 command
2419 973 55 42 of

452 1029 84 40 the
563 1028 221 48 military
813 1031 174 39 escort,
1050 1029 63 48 cf.
1144 1039 44 38 p.
1219 1027 72 44 61.

528 1083 1641 53 “Other accounts of this expedition … published”: p. 62-63.
455 1140 52 53 ©
535 1145 113 40 Dec.
675 1145 70 42 20.
773 1144 115 41 1932;
945 1146 66 39 2c.
1039 1146 97 39 and
1163 1145 84 43 aff.
1275 1146 114 48 May
1417 1146 39 47 8,
1485 1145 114 41 1933;
1657 1147 41 38 A
1724 1146 146 41 62604;
1929 1148 270 40 Zamorano
2226 1147 125 42 club.
2380 1148 93 40 Los

522 1203 221 47 Angeles.
816 1203 284 48 (33-14004)

448 1291 123 54 The
599 1291 197 58 Crime
823 1293 129 56 club
980 1293 212 71 golden
1219 1293 148 55 book
1392 1294 66 56 of
1484 1295 123 54 best
1633 1294 280 55 detective
1939 1295 221 56 stories.
2234 1294 236 58 Garden

520 1370 157 72 City,
713 1373 71 53 N.
825 1374 92 67 Y.,
955 1374 146 55 Pub.
1141 1374 96 53 for
1275 1375 97 53 the
1413 1373 193 57 Crime
1645 1374 148 69 club,
1831 1374 129 70 inc.,
1996 1375 75 68 by
2109 1373 362 71 Doubleday,

517 1452 202 54 Doran
744 1457 48 51 &
818 1471 301 52 company,
1146 1453 130 70 inc.,
1306 1456 152 52 1933.

523 1527 146 52 [1248]
703 1538 41 39 p.
806 1528 131 42 illus.
997 1529 56 40 21cm

519 1585 211 42 Various
767 1587 218 49 pagings.

525 1642 140 42 Some
694 1644 53 40 of
774 1644 83 41 the
885 1643 176 43 stories
1091 1646 236 48 preceded
1356 1645 60 49 by
1445 1645 285 41 illustrated
1758 1643 241 42 half-title
2028 1644 48 39 in
2107 1644 172 42 colors.

522 1701 163 42 “First
714 1701 231 43 edition.”

456 1754 52 53 ©
537 1760 114 48 May
679 1760 69 47 26,
778 1760 115 40 1933;
951 1761 67 39 2c.
1047 1761 97 39 and
1173 1759 82 41 aff.
1285 1761 126 39 June
1440 1761 26 38 2;
1525 1760 41 39 A
1594 1759 144 41 63033;
1797 1760 301 47 Doubleday,
2129 1760 168 40 Doran
2325 1759 37 41 &
2390 1768 83 37 co.,

526 1816 91 41 inc.
693 1817 283 48 (33-14026)

447 1908 238 67 Dahlin,
717 1909 187 57 Ebba.

581 1985 1891 72 … French and German public opinion on declared war aims,
449 2066 2023 73 1914-1918, by Ebba Dahlin, PH. D . Stanford University,
449 2147 197 70 Calif.,
676 2148 285 56 Stanford
988 2148 322 71 university
1335 2168 158 50 press;
1552 2149 262 68 London,
1839 2150 78 53 H.
1944 2147 269 70 Milford,
2238 2147 233 57 Oxford

446 2228 323 70 university
797 2246 176 52 press,
1003 2232 152 51 1933.

523 2305 87 41 168
643 2315 42 38 p.
749 2305 148 40 25½cm.
971 2304 265 49 (Stanford
1271 2303 274 50 university
1581 2302 340 51 publications.
1989 2300 284 50 University
2310 2300 165 42 series.

453 2360 221 50 History,
700 2361 285 49 economics,
1014 2363 97 39 and
1138 2361 221 50 political
1387 2360 202 43 science,
1645 2361 93 42 vol.
1822 2392 10 17 IV,
1859 2372 77 31 no.
1963 2360 53 49 2)

521 2418 354 51 Bibliography:
935 2431 44 38 p.
1010 2420 220 42 154-162.

458 2472 52 53 ©
540 2478 121 39 Mar.
692 2478 70 46 24,
792 2477 114 41 1933;
964 2478 68 40 2c.
1061 2478 114 48 Apr.
1205 2479 23 38 1;
1289 2476 84 42 aff.
1403 2477 115 48 May
1545 2478 27 38 4;
1631 2478 41 38 A
1701 2476 144 40 61652;
1906 2476 163 40 Board
2099 2475 54 41 of
2181 2475 212 41 trustees
2422 2474 53 40 of

527 2536 80 39 the
646 2536 183 40 Leland
871 2535 236 41 Stanford
1143 2534 167 48 junior
1347 2534 146 47 univ.,
1535 2534 236 41 Stanford
1811 2532 298 48 University,
2150 2531 144 42 Galif.

535 2592 283 49 (33-14010)

449 2684 238 66 Dalton,
717 2685 230 65 Moray.

588 2758 1885 71 … The harvest of tares. London, S. Low, Marston & co.,
451 2840 106 54 ltd.
594 2843 175 66 [1933]

523 2915 49 40 vi
597 2926 58 38 p.,
684 2915 26 39 2
758 2947 24 20 l.,
810 2913 147 44 3-279
981 2925 44 39 p.
1115 2913 88 43 19cm.

459 2971 52 53 ©
575 2987 36 30 1c.
645 2976 114 47 Apr.
793 2976 69 38 12.
896 2974 142 46 1933;
1075 2974 40 39 A
1149 2975 62 39 ad
1244 2974 86 40 int.
1366 2973 172 41 17716:
1575 2972 144 49 pubd.
1755 2972 111 42 Feb.
1902 2971 82 47 16;
2020 2969 280 41 Katharine
2333 2970 140 46 Mary

526 3034 184 39 Dalton
741 3033 194 47 Renoir,
968 3033 135 39 West
1135 3030 273 49 Worthing,
1443 3031 194 46 Sussex,
1670 3030 238 47 England.

536 3090 283 49 (33-14141)

451 3167 214 65 Davet,
690 3166 236 58 Michel.

524 3242 195 69 Aube;
752 3244 150 54 suivi
936 3245 69 53 de
1036 3245 80 53 Le
1147 3243 288 55 monsieur
1469 3243 68 53 de
1567 3243 56 52 la
1657 3241 220 54 maison
1910 3239 128 54 d’en
2070 3239 145 54 face.
2282 3237 186 67 Paris,

450 3324 152 54 Plon
637 3327 175 64 [1932]

525 3397 30 40 4
580 3409 44 39 p.
672 3428 25 18 l.,
722 3396 147 42 3-243
896 3408 59 38 p.,
986 3397 26 41 1
1059 3428 10 10 l.
1158 3396 90 41 19cm.

459 3447 1953 58 © Sept. 13, 1932; 1c. Apr. 4, 1933; A- Foreign 20503; Librairie Plon.
538 3513 282 48 (33-13740)

452 3586 350 68 Dictionary
834 3589 64 53 of
929 3587 307 55 American
1269 3586 344 70 biography,
1643 3585 183 53 under
1858 3584 97 53 the
1989 3582 256 70 auspices
2277 3581 64 54 of
2374 3581 96 51 the

522 3668 308 53 American
874 3667 221 55 council
1139 3667 64 53 of
1246 3666 232 54 learned
1520 3665 273 53 societies.
1875 3662 215 54 Edited
2131 3661 75 70 by
2250 3664 218 50 Dumas

521 3739 1948 74 Malone … Volume XI. [Larned-MacCracken] New York,
524 3827 239 54 Charles
792 3827 314 57 Scribner’s
1133 3846 149 48 sons,
1310 3829 150 49 1933.

562 3934 9 17 x,
601 3903 88 41 620
715 3914 44 37 p.
817 3903 117 40 26cm.

457 3956 53 53 ©
540 3961 129 40 June
695 3960 70 46 16,
794 3960 114 40 1933;
967 3961 68 39 2c.
1065 3960 127 39 June
1221 3958 83 45 29;
1335 3956 83 41 aff.
1449 3957 126 39 June
1606 3955 82 46 26;
1721 3956 39 38 A
1790 3954 172 45 64164;
1994 3951 257 42 American
2282 3950 189 42 council

527 4018 52 40 of
611 4019 199 40 learned
843 4017 239 48 societies,
1115 4016 340 47 Washington.
