2582 4453
1344 4160 134 53 1272

387 473 288 65 Rostand,
709 472 282 64 Maurice,
1028 475 171 49 1891-

393 549 1985 149 … La femme qui était en lui, roman. [Paris] E. Flammarion [1933]
468 704 65 40 vii
560 714 41 38 p.,
643 705 24 38 1
716 735 22 16 l.,
768 702 205 51 [11]-234
1002 714 41 38 p.
1086 704 26 38 2
1157 736 8 8 l.
1227 702 56 41 19
1286 706 44 21 cm
1336 736 7 7 .

394 771 1953 52 © July 27, 1933: 1c. Aug. 8; A-Foreign 21823; Ernest Flamnmrion.
477 832 281 48 (33-24490)

390 931 343 70 Schauffler,
760 935 224 55 Robert
1011 937 228 65 Haven,
1272 936 496 67 1879-comp.

526 1013 1880 70 … Hallowe’en; its origin, spirit, celebration, and significance
392 1112 61 34 as
479 1093 218 53 related
724 1092 61 53 in
811 1111 166 50 prose
1007 1094 112 53 and
1146 1110 176 50 verse,
1349 1094 262 68 together
1639 1093 140 52 with
1809 1092 355 54 Hallowe’en
2190 1093 218 67 stories,

397 1172 182 68 plays,
609 1172 408 68 pantomimes;
1049 1173 112 52 and
1190 1172 360 69 suggestions
1579 1172 93 54 for
1703 1191 210 50 games,
1942 1178 204 61 stunts,
2175 1172 234 68 parties,

396 1249 178 55 feasts
609 1251 113 53 and
759 1249 375 55 decorations.
1212 1250 304 69 Compiled
1553 1251 113 54 and
1701 1250 211 67 edited,
1947 1249 141 56 with
2123 1270 72 34 an
395 1250 1987 148 introduction,
687 1329 77 68 by

802 1329 1606 68 Robert Haven Schauffler … New York, Dodd,
395 1406 172 55 Mead
595 1409 114 52 and
737 1427 301 49 company,
1066 1411 153 51 1933.

467 1480 120 48 xxii,
617 1480 85 41 391
733 1493 43 37 p.
839 1482 144 40 19½cm.
1056 1480 126 44 (Our
1214 1481 258 41 American
1502 1481 249 49 holidays)

399 1550 51 52 ©
483 1555 120 47 Aug.
634 1527 65 65 9
741 1553 141 46 1933;
919 1554 67 39 2c.
1023 1554 129 47 Sept.
1186 1552 52 40 2:
1275 1552 82 40 aff.
1391 1552 120 48 Aug.
1545 1552 83 47 30;
1665 1554 40 37 A
1740 1552 170 42 65130:
1950 1553 52 39 R.
2040 1554 59 38 H.
2137 1553 274 47 Schauffler,

469 1612 117 40 New
620 1612 145 39 York.
837 1610 282 48 (33-23649)

392 1715 245 65 Schelle,
672 1716 266 54 Werner.

399 1792 1983 149 … Die polizei wird nervös, kriminalroman. Berlin, Universitas [ c 1933]
471 1947 26 38 2
523 1956 43 38 p.
615 1978 24 17 l.,
666 1946 159 47 7-219,
855 1966 56 29 [1]
942 1957 42 37 p.
1046 1945 56 41 19
1105 1949 43 21 cm
1154 1977 7 7 .

400 2014 2015 53 © Apr. 8, 1933; 1c. July 24; A-Foreign 21613; Universitas, deutsche
468 2076 717 49 verlags-aktiengesellschaft.
1257 2076 282 49 (33-24500)

393 2177 252 68 Thorpe,
675 2181 229 64 George
933 2180 210 65 Cyrus,
1173 2180 173 53 1875-

470 2258 121 54 The
631 2258 220 54 federal
891 2256 308 56 Securities
1239 2266 89 45 act
1365 2257 261 67 manual;
1668 2278 30 33 a
1736 2256 230 56 treatise
2002 2257 172 53 based
2212 2276 72 35 on
2319 2259 96 53 the

401 2338 222 54 federal
657 2338 308 56 Securities
1001 2344 90 46 act
1123 2337 65 54 of
1224 2342 133 49 1933
1392 2338 113 53 and
1538 2339 95 52 the
1669 2338 384 68 Corporation
2087 2338 63 53 of
2185 2340 223 67 foreign

399 2417 386 54 bondholders
826 2423 106 60 act,
974 2421 152 63 1933,
1166 2418 141 52 with
1349 2417 198 68 forms,
1588 2418 150 53 rules
1779 2419 113 52 and
1931 2416 369 70 regulations,
2338 2418 73 68 by

401 2495 2012 70 George C. Thorpe … and Challen B. Ellis … Cincinnati, The
399 2576 89 54 W.
517 2577 76 53 H.
623 2576 304 53 Anderson
956 2594 282 50 company
1275 2610 11 34 [
1292 2582 17 21 c
1315 2579 152 65 1933]

469 2650 96 47 xvi,
595 2651 88 39 422
713 2662 41 37 p.
815 2650 55 41 23½
905 2653 43 21 cm
954 2684 7 7 .

472 2708 187 40 Double
688 2707 221 49 diagram
941 2708 230 40 mounted
1202 2719 60 29 on
1291 2707 138 41 front
1457 2706 341 50 lining-paper.

405 2776 51 52 ©
487 2781 127 48 Sept.
641 2781 39 46 5,
709 2781 113 40 1933;
878 2781 67 40 2c.
974 2781 95 38 and
1097 2779 81 41 aff.
1210 2781 127 49 Sept.
1365 2781 53 45 7;
1447 2781 40 37 A
1515 2780 171 46 65154;
1715 2780 72 40 W.
1815 2780 59 38 H.
1904 2781 253 39 Anderson
2184 2790 68 31 co.

482 2838 282 48 (33-23822)

396 2941 248 66 Tralow,
678 2940 322 67 Johannes,
1038 2945 173 50 1888-

405 3020 1985 148 … Gewalt aus der erde; ein Cromwell-roman. Berlin, Universitas [ c 1933]
478 3173 25 38 2
530 3183 42 38 p.
621 3205 22 15 l.,
675 3173 189 49 [7]-282,
896 3174 55 48 [1]
981 3184 43 38 p.
1085 3174 56 40 19
1144 3175 15 22 cm
1193 3207 9 8 .

407 3225 2013 55 © May 2, 1933; 1c. July 24; A -Foreign 21616; Universitas, deutsche
474 3289 716 46 verlags-aktiengesellschaft.
1262 3288 282 49 (33-24497)

402 3391 129 53 Van
560 3392 272 65 Arsdale,
861 3393 141 63 May
1030 3392 178 56 Belle.

473 3469 123 52 The
626 3469 166 52 value
823 3469 64 53 of
918 3475 165 63 types
1115 3470 64 53 of
1210 3471 263 53 dextrose
1505 3471 59 52 in
1594 3470 98 54 the
1723 3469 391 69 preservation
2146 3470 65 54 of
2243 3470 176 53 fruits

403 3548 112 52 and
558 3548 337 68 vegetables,
937 3568 72 33 an
1051 3548 413 69 experimental
1502 3550 173 67 study
1716 3549 153 53 from
1910 3549 96 54 the
2046 3548 371 54 laboratories

403 3625 64 53 of
515 3626 412 68 experimental
977 3628 242 67 cookery
1266 3628 112 54 and
1426 3627 65 54 of
1538 3626 417 71 physiological
2004 3625 307 71 chemistry
2360 3628 55 52 in

404 3706 1990 133 Teachers college, Columbia university, by May B. Van Arsdale …
404 3786 1987 147 and Walter H. Eddy … New York city, Teachers college, Columbia universitv, 1933.
502 3938 483 49 1 p. l., 24 p. 23 cm .
410 3992 51 52 ©
491 3997 118 47 July
635 3998 39 44 1,
704 3996 141 48 1933;
874 3997 68 40 2c.
971 3998 94 39 and
1096 3997 82 40 aff.
1207 3997 116 48 July
1353 3997 81 41 27:
1467 3998 40 38 A
1535 3997 171 44 63886;
1738 3997 241 41 Teachers
2010 3998 192 47 college,

478 3996 1924 98 Columbia
588 4054 144 47 univ.,
763 4054 117 39 New
913 4055 142 39 York.
1129 4055 281 45 (33-23615)
