2484 4405
1108 4078 98 49 539

139 516 136 55 time
303 516 63 54 of
393 515 246 69 Philip’s
666 514 234 53 mission
938 513 127 69 (say
1170 553 9 9 AD.
1210 511 228 68 36-40),
1467 508 252 70 through
1747 509 98 52 the
1873 506 172 54 recall
2074 505 63 53 of

141 597 95 52 the
264 594 270 69 spiritual
565 592 295 55 memories
891 592 62 53 of
983 592 94 52 the
1108 596 130 63 past
1267 588 186 55 which
1484 607 130 34 ever
1642 586 226 70 persist,
1900 586 112 52 and
2044 603 94 35 are

142 673 279 53 available
454 679 59 46 to
547 674 213 51 mental
794 670 326 71 sympathy.
1194 668 279 54 Received
1507 668 75 68 by
1616 665 311 54 Frederick
1961 663 178 70 Bligh

142 752 167 52 Bond
348 751 252 68 through
639 751 95 52 the
773 751 156 52 hand
967 749 63 54 of
1067 750 212 52 Hester
1316 746 274 55 Dowden.
1666 745 161 53 First
1864 745 274 67 complete

141 830 103 69 ed.,
289 828 345 70 embodying
676 830 95 53 the
813 828 293 54 narrative
1151 827 62 54 of
1256 827 95 55 the
1394 827 136 66 holy
1573 824 268 70 nativity,
1887 823 113 54 and
2043 823 96 54 the

139 909 297 55 messianic
479 908 415 68 constellation,
936 909 95 52 the
1072 906 248 70 passion,
1363 906 113 52 and
1518 906 97 52 the
1657 903 376 54 resurrection
2077 903 63 53 of

144 987 214 68 Christ,
386 986 94 53 the
508 988 347 66 pentecostal
883 985 145 69 gifts
1058 985 113 52 and
1200 984 95 52 the
1322 989 159 63 story
1507 981 64 54 of
1599 981 94 53 the
1724 980 296 69 Sangreal,
2048 982 97 52 the

142 1067 113 51 sole
291 1066 263 68 personal
593 1065 137 53 relic
767 1065 63 53 of
866 1065 95 52 the
999 1067 218 51 Master
1254 1062 323 69 remaining
1614 1083 71 33 on
1724 1064 179 52 earth.
1976 1061 165 55 With

141 1144 131 53 nine
306 1143 356 69 appendices.
737 1142 137 53 New
907 1142 180 67 York,
1119 1144 222 66 Macoy,
1375 1144 150 51 1932.

214 1220 27 38 2
267 1229 42 37 p.
355 1249 24 16 l.,
404 1217 85 39 242
514 1227 43 36 p.
618 1216 170 47 plates,
815 1216 152 48 diagr.
1026 1216 56 40 23
1086 1217 45 22 cm
1136 1247 9 9 .

150 1285 51 51 ©
235 1289 119 46 Aug.
390 1288 69 48 25,
493 1286 140 42 1932:
670 1287 53 40 2c
774 1287 109 39 Dec.
921 1288 81 45 14;
1041 1286 80 40 aff.
1159 1287 111 39 Dec.
1307 1286 81 46 15;
1426 1285 42 39 A
1501 1284 170 48 60938;
1711 1286 170 46 Macoy
1918 1284 107 48 pub.
2063 1294 82 38 co.,

216 1345 119 39 New
365 1345 143 39 York.
579 1343 279 49 (33-10122)

143 1447 252 66 Boucke,
427 1448 233 54 Oswald
693 1448 171 64 Fred,
897 1453 171 49 1881-

215 1523 1868 72 Europe and the American tariff, by O. Fred Boucke …
144 1605 139 52 New
310 1604 179 67 York,
517 1605 246 52 Thomas
795 1607 71 52 Y.
898 1605 245 55 Crowell
1172 1623 280 50 company
1487 1637 13 34 [
1504 1610 19 22 c
1527 1607 153 64 1933]

216 1678 81 48 vii,
331 1679 83 40 163
447 1690 42 36 p.
551 1678 54 39 19½
637 1681 16 20 cm
687 1710 8 7 .

219 1735 233 41 “Notes”:
487 1746 42 37 p.
563 1734 216 41 147-151.
841 1735 169 40 “Some
1045 1734 254 40 materials
1330 1734 174 41 used”:
1538 1745 43 37 p.
1616 1733 216 41 153-157.

153 1789 52 52 ©
233 1794 113 47 Apr.
373 1795 40 45 7,
442 1792 140 48 1933;
613 1792 66 41 2c.
709 1794 114 47 Apr.
851 1794 81 45 11;
965 1792 82 41 aff.
1075 1793 114 47 Apr.
1220 1792 81 47 10;
1333 1793 41 38 A
1403 1790 170 49 60954;
1606 1792 52 41 O.
1691 1792 51 40 F.
1773 1792 207 46 Boucke,
2014 1792 136 41 State

220 1849 203 48 College,
453 1851 83 40 Pa.
607 1850 280 48 (33-10137)

145 1951 292 68 Boynton,
465 1953 146 53 Paul
639 1951 210 67 Lewis,
878 1958 171 50 1898-

218 2031 389 70 Intelligence,
643 2033 75 52 its
751 2030 464 56 manifestations
1252 2033 112 52 and
1400 2037 412 48 measurement
1850 2032 110 69 [by]
2000 2031 148 55 Paul

148 2110 1975 148 L. Boynton … New York, London, D. Appleton and company [ c 1933]
220 2264 65 47 xi,
315 2263 88 40 466
431 2273 44 38 p.
535 2262 142 48 illus.,
707 2265 27 38 2
765 2275 61 37 pl.
858 2275 60 30 on
950 2266 24 37 1
1006 2264 117 39 fold.
1157 2264 43 45 l.,
1233 2263 178 48 diagrs.
1470 2263 56 40 20½
1559 2263 44 22 cm
1608 2293 9 9 .

224 2320 293 48 “Suggested
545 2319 254 49 readings”
826 2324 51 37 at
903 2322 91 38 end
1020 2321 50 39 of
1095 2321 118 39 each
1240 2320 214 47 chapter.

156 2373 52 52 ©
235 2378 113 47 Apr.
377 2379 68 46 14,
473 2377 140 47 1933;
642 2377 66 41 2c.
739 2379 96 39 and
863 2378 82 40 aff.
974 2379 113 47 Apr.
1118 2380 80 44 17;
1230 2379 41 38 A
1298 2378 171 48 62146;
1500 2379 56 39 D.
1587 2379 238 47 Appleton
1855 2384 36 40 &
1919 2390 66 30 co.

234 2434 280 50 (33-10120)

150 2535 272 67 Bradley,
453 2539 137 51 Mrs.
622 2539 173 64 Mary
832 2537 354 67 (Hastings)

221 2614 1930 74 Old Chicago … by Mary Hastings Bradley; decorations by
152 2693 254 53 Edward
448 2695 62 55 C.
554 2695 256 54 Caswell.
887 2696 139 52 New
1067 2695 180 68 York,
1287 2696 259 69 London,
1586 2699 71 51 D.
1699 2698 296 68 Appleton
2039 2698 110 53 and

151 2790 297 50 company,
482 2775 150 50 1933.

223 2847 29 37 4
288 2856 43 30 v.
391 2846 55 39 19½
479 2847 44 21 cm
528 2877 8 8 .

226 2903 286 39 Illustrated
541 2902 363 49 lining-papers.

493 2971 135 38 CONTENTS.—[V.
659 2958 40 52 1]
732 2961 100 39 The
863 2961 240 39 fort.—[v.
1136 2960 41 50 2]
1208 2961 100 39 The
1339 2961 249 40 duel.—[v.
1619 2960 25 40 3]
1693 2962 125 40 Debt
1848 2962 51 39 of
1929 2963 224 39 honor.—

161 3034 59 30 [v.
252 3014 43 51 4]
332 3017 296 47 Metropolis.

161 3068 52 52 ©
239 3074 113 47 Apr.
377 3072 69 49 21,
473 3075 139 45 1933;
642 3074 65 39 2c.
735 3075 119 40 each
879 3076 95 39 and
1002 3075 108 40 affs.
1138 3076 113 47 Apr.
1277 3074 55 39 22;
1390 3076 41 38 A
1456 3076 346 47 61446-61449;
1834 3078 56 39 D.
1918 3076 239 48 Appleton

229 3130 36 40 &
292 3141 66 29 co.
429 3131 279 49 (33-10147)

155 3233 311 67 Brunhoff,
497 3235 147 54 Jean
676 3237 90 55 de.

289 3313 1864 69 … Le voyage de Babar. Paris, Éditions du Jardin des
161 3388 204 65 modes,
392 3388 230 69 Groupe
647 3390 95 54 des
767 3389 380 69 publications
1174 3391 158 53 Condé
1394 3391 143 53 Nast
1588 3395 151 64 [1932]

227 3459 71 47 47,
331 3461 54 47 [1]
419 3470 42 37 p.
516 3461 86 41 col.
631 3461 129 41 illus.
814 3463 56 39 37
873 3465 44 21 cm
922 3495 9 9 .

231 3516 287 40 Illustrated
546 3516 362 50 lining-papers.

167 3571 1877 54 © Oct. 7, 1932; 1c. Nov. 21; A-Foreign 18640; Jardin des modes.
242 3632 278 48 (33-10116)

158 3733 283 68 Bruyère,
472 3735 219 57 André.

291 3813 1865 74 … Anne, ma sœur Anne. Paris, Gautier-Languereau, 1931.
231 3882 86 41 285
343 3894 58 37 p.,
430 3885 24 37 1
505 3915 7 8 l.
569 3883 56 41 18½
657 3887 43 21 cm
705 3918 9 8 .
779 3885 97 48 (On
904 3900 162 29 cover:
1093 3886 339 49 Bibliothèque
1460 3891 57 38 de
1546 3901 76 29 ma
1654 3890 123 44 fille)

165 3946 1995 58 © Sept. 15, 1931; 1c. Feb. 15, 1932; A-Foreign 15692; Éditions Gautier-
235 4008 330 48 Languereau.
637 4009 278 48 (33-10104)
