2582 4453
1376 4128 134 50 1516

424 438 162 69 Pyle,
620 442 277 65 Howard,
936 446 328 51 1853-1911.

496 522 123 52 The
656 538 190 50 merry
884 521 340 53 adventures
1260 520 62 53 of
1358 521 188 53 Robin
1586 520 173 53 Hood
1799 520 61 53 of
1897 527 162 62 great
2099 538 247 52 renown,
2383 520 60 53 in

426 597 553 70 Nottinghamshire.
1056 597 253 56 Written
1350 600 113 53 and
1504 599 326 55 illustrated
1867 600 77 68 by
1983 598 259 55 Howard
2284 598 158 69 Pyle.

426 676 137 53 New
599 676 179 68 York,
811 676 62 55 C.
908 676 314 55 Scribner’s
1253 696 145 49 sons,
1433 680 150 51 1933.

494 748 1947 53 4 p. l., [Vii]-xx, 296 p. incl. illus., plates. front., 2 plates (1 col.) 24 cm .
498 806 291 40 Illustrated
823 807 98 47 t.-p.

496 864 130 40 “The
660 864 217 39 Howard
914 864 117 47 Pyle
1067 864 329 48 Brandywine
1431 864 198 50 edition,
1665 865 277 42 1853-1933."

499 920 203 42 Colored
737 921 133 48 plate
902 922 96 39 and
1031 925 113 36 note
1176 922 49 39 in
1260 922 99 40 this
1391 922 192 41 volume
1616 924 61 47 by
1710 924 56 40 N.
1799 923 49 42 C.
1881 924 174 47 Wyeth;
2122 925 81 40 the
2239 925 130 48 plate
2404 924 40 39 is

426 978 345 49 accompanied
804 980 61 47 by
900 990 26 29 a
961 980 156 45 guard
1151 980 136 39 sheet
1322 979 120 40 with
1477 980 295 48 descriptive
1806 982 299 46 letterpress.

429 1035 52 52 ©
517 1040 100 41 Oct.
653 1041 70 46 27,
757 1039 115 41 1933;
935 1040 66 39 2c.
1038 1040 101 40 Oct.
1175 1040 55 40 31;
1296 1039 82 41 aff.
1412 1040 120 39 Nov.
1565 1040 25 40 3;
1655 1040 42 39 A
1731 1039 171 49 66893;
1940 1040 207 41 Charles
2183 1040 266 42 Scribner’s

496 1106 127 32 sons.
695 1096 283 49 (33-31761)

497 1185 123 54 The
645 1189 158 65 story
828 1184 62 53 of
916 1184 164 70 King
1103 1185 226 53 Arthur
1357 1184 113 55 and
1497 1184 88 56 his
1611 1183 255 71 knights,
1891 1184 229 55 written
2146 1186 114 53 and
427 1183 1994 135 illustrated
650 1264 74 69 by
757 1264 258 54 Howard
1051 1264 158 68 Pyle.
1279 1264 137 53 New
1453 1264 181 67 York,
1668 1264 61 55 C.
1765 1263 313 55 Scribner’s
2111 1282 147 51 sons,
2294 1267 150 49 1933.

496 1336 1892 52 4 p. l., [v]-xvi, [2], 312, [1] p. incl. illus., plates. front., col. pl. 24 cm .
499 1395 291 39 Illustrated
833 1396 98 46 t.-p.

499 1453 130 39 “The
663 1453 218 39 Howard
916 1452 117 47 Pyle
1069 1452 331 47 Brandywine
1433 1452 199 48 edition,
1669 1452 306 42 1853-1933.”

500 1510 204 41 Colored
732 1511 133 47 plate
890 1512 98 38 and
1016 1512 114 38 note
1157 1510 47 39 in
1236 1509 98 41 this
1361 1511 191 39 volume
1581 1512 60 46 by
1669 1511 71 40 W.
1771 1511 43 41 J.
1845 1511 230 47 Aylward;
2135 1512 82 40 the
2245 1513 131 47 plate
2405 1512 41 41 is

427 1567 344 49 accompanied
804 1568 62 47 by
898 1578 27 29 a
960 1569 156 46 guard
1151 1567 137 41 sheet
1324 1567 120 41 with
1479 1567 294 49 descriptive
1805 1569 302 47 letterpress.

431 1625 52 52 ©
519 1630 102 40 Oct.
655 1629 70 47 27,
759 1629 141 46 1933;
938 1629 65 39 2c.
1041 1628 101 40 Oct.
1178 1629 82 40 31;
1296 1627 83 41 aff.
1413 1628 120 41 Nov.
1567 1629 26 38 3;
1658 1628 42 39 A
1733 1627 172 42 66897;
1944 1628 204 41 Charles
2186 1626 265 44 Scribner’s

497 1697 126 30 sons.
696 1686 282 48 (33-31763)

500 1775 123 53 The
654 1780 156 62 story
840 1774 63 53 of
935 1773 96 55 Sir
1063 1774 311 54 Launcelot
1407 1773 112 55 and
1551 1773 90 54 his
1671 1773 383 69 companions,
2085 1773 73 69 by
2191 1773 255 53 Howard

430 1853 156 69 Pyle.
655 1853 138 55 New
825 1852 178 65 York,
1034 1852 61 55 C.
1127 1852 314 55 Scribner’s
1470 1871 146 49 sons,
1649 1855 149 50 1933.

498 1925 1729 50 3 p. l., [v]-xviii, 340 p. incl. illus., plates. front., col. pl. 24 cm .
499 1983 293 41 Illustrated
826 1984 99 47 t.-p.

499 2041 129 40 “The
658 2041 218 40 Howard
906 2041 116 48 Pyle
1053 2040 330 49 Brandywine
1415 2040 198 49 edition,
1645 2040 277 41 1853-1933."

500 2099 205 42 Colored
737 2100 132 47 plate
897 2099 97 40 and
1026 2101 111 38 note
1168 2098 48 40 in
1250 2098 99 41 this
1379 2098 191 41 volume
1602 2100 59 47 by
1692 2099 198 47 Harvey
1926 2101 171 45 Dunn;
2132 2101 80 39 the
2245 2101 130 48 plate
2407 2101 12 38 is

429 2156 344 49 accompanied
807 2158 61 46 by
901 2167 25 29 a
962 2159 155 45 guard
1152 2157 138 40 sheet
1326 2156 119 40 with
1480 2155 294 49 descriptive
1810 2157 298 47 letterpress.

432 2215 52 52 ©
520 2219 101 40 Oct.
656 2218 69 45 27,
760 2218 141 41 1933;
939 2218 65 39 2c.
1042 2217 102 41 Oct.
1179 2218 48 39 31;
1299 2216 82 40 aff.
1417 2217 119 39 Nov.
1569 2217 52 46 3;
1659 2217 42 38 A
1735 2216 171 42 66895;
1945 2216 203 41 Charles
2187 2215 265 44 Scribner's

500 2287 124 28 sons.
698 2275 282 49 (33-31764)

499 2365 125 54 The
651 2371 157 62 story
840 2364 64 53 of
933 2364 93 52 the
1058 2361 333 72 champions
1423 2362 62 54 of
1513 2363 97 53 the
1638 2362 207 53 Round
1875 2362 169 68 table,
2075 2361 231 55 written
2336 2361 109 53 and

431 2442 326 55 illustrated
795 2443 74 68 by
910 2442 259 53 Howard
1210 2441 157 69 Pyle.
1446 2441 135 52 New
1626 2440 178 70 York,
1845 2440 61 55 C.
1951 2439 311 56 Scribner’s
2303 2458 146 51 sons,

434 2526 150 51 1933.

499 2591 1834 52 4 p. l., [v]-xviii, 328, [1] p. incl. illus., plates. front., col. pl. 24 cm .
504 2652 290 41 Illustrated
828 2654 97 45 t.-p.

501 2709 129 40 “The
666 2709 218 40 Howard
919 2709 117 47 Pyle
1072 2707 330 48 Brandywine
1437 2707 199 49 edition,
1672 2706 307 42 1853-1933.”

503 2767 204 42 Colored
740 2767 133 48 plate
906 2767 95 39 and
1033 2767 113 38 note
1176 2766 47 39 in
1259 2765 98 41 this
1389 2766 192 39 volume
1613 2766 59 46 by
1708 2765 165 40 Frank
1909 2766 53 40 E.
1999 2766 332 48 Schoonover;
2367 2768 79 38 the

432 2825 131 48 plate
591 2823 42 42 is
664 2822 344 49 accompanied
1037 2824 61 47 by
1127 2834 26 29 a
1185 2825 155 45 guard
1369 2822 138 41 sheet
1536 2821 119 41 with
1685 2823 294 47 descriptive
2009 2823 299 48 letterpress.

773 2882 174 42 CONTENTS.—The
974 2883 135 46 story
1138 2880 52 39 of
1216 2880 446 40 Launcelot.—The
1690 2880 123 40 book
1842 2880 51 40 of
1923 2880 78 41 Sir
2027 2881 421 42 Tristram.—The

432 2941 123 40 book
585 2941 52 40 of
669 2940 78 41 Sir
777 2939 237 41 Percival.

435 2997 51 53 ©
513 3003 102 40 Oct.
640 3002 70 47 27,
734 3001 114 40 1933;
903 3000 65 39 2c.
997 2999 101 41 Oct.
1124 3000 82 44 31;
1235 2998 81 40 aff.
1343 2999 118 39 Nov.
1487 2998 25 40 3;
1562 2998 42 38 A
1621 2997 171 47 66894;
1816 2997 203 41 Charles
2041 2997 266 41 Scribner’s
2326 3007 126 31 sons.

513 3058 282 50 (33-31760)

503 3148 123 52 The
652 3153 155 62 story
835 3146 64 53 of
924 3146 97 54 the
1050 3144 163 55 Grail
1243 3145 110 52 and
1383 3145 95 52 the
1506 3143 235 69 passing
1765 3143 62 53 of
1852 3143 242 56 Arthur.
2157 3143 90 69 By
434 3142 1989 138 Howard
572 3225 157 69 Pyle.
798 3225 136 53 New
971 3222 178 69 York,
1182 3223 60 55 C.
1278 3221 315 56 Scribner’s
1624 3241 146 49 sons,
1804 3225 149 49 1933.

504 3297 135 49 xviii,
670 3297 86 41 258
782 3307 43 38 p.
852 3297 109 41 incl.
992 3296 143 48 illus.,
1166 3297 157 47 plates.
1395 3296 164 47 front.,
1589 3296 85 40 col.
1706 3306 61 37 pl.
1824 3295 56 39 24
1883 3297 43 21 cm
1933 3327 7 8 .

505 3355 290 41 Illustrated
831 3358 96 44 t.-p.

506 3414 129 38 “The
670 3413 216 39 Howard
924 3413 116 45 Pyle
1076 3410 329 47 Brandywine
1442 3409 198 49 edition,
1677 3409 276 43 1853-1933."

507 3471 202 41 Colored
748 3470 131 48 plate
916 3469 95 39 and
1049 3471 112 37 note
1198 3467 49 40 in
1286 3467 98 40 this
1421 3468 191 39 volume
1649 3467 60 48 by
1751 3467 201 48 Stanley
1990 3469 62 40 M.
2089 3469 240 46 Arthurs;
2367 3468 81 40 the

434 3530 130 47 plate
595 3527 41 41 is
666 3526 345 49 accompanied
1039 3527 59 46 by
1129 3535 26 31 a
1184 3526 157 47 guard
1371 3525 136 39 sheet
1538 3524 118 40 with
1686 3524 293 48 descriptive
2009 3526 299 46 letterpress.

437 3586 52 52 ©
524 3591 104 40 Oct,
659 3590 71 44 27,
764 3588 141 44 1933;
942 3588 67 39 2c.
1045 3586 101 40 Oct.
1181 3586 83 45 31;
1301 3584 83 40 aff.
1417 3584 119 39 Nov.
1570 3584 53 45 3;
1662 3584 41 38 A
1736 3582 171 48 66896;
1947 3583 203 42 Charles
2187 3583 266 42 Scribner’s

503 3658 127 29 sons.
702 3644 282 50 (33-31762)

435 3721 255 65 Rhodes,
723 3723 244 62 Eugene
1000 3719 291 66 Manlove,
1326 3720 172 52 1869-

505 3800 121 51 The
656 3804 185 63 trusty
871 3798 227 65 knaves,
1127 3797 33 52 by
1229 3796 236 68 Eugene
1490 3794 270 53 Manlove
1784 3792 243 55 Rhodes.
2092 3792 214 53 Boston
2337 3792 113 54 and

435 3877 138 54 New
608 3876 178 69 York,
818 3876 317 67 Houghton
1168 3872 201 54 Mifflin
1404 3891 297 50 company.
1735 3875 150 50 1933.

506 3949 136 47 xviii,
675 3949 86 41 238
792 3960 42 37 p.
895 3948 53 40 19½
983 3950 43 21 cm
1033 3979 8 7 .

439 4006 51 53 ©
520 4012 118 39 Nov.
668 4011 38 40 3.
737 4010 140 46 1933;
908 4010 67 39 2c.
1005 4009 117 40 Nov.
1153 4009 53 45 4;
1239 4006 82 41 aff.
1351 4007 118 39 Nov.
1499 4008 53 45 3;
1586 4006 42 41 A
1654 4004 171 48 66906;
1858 4007 52 37 E.
1943 4006 63 40 M.
2117 4005 127 47 Rhodes,
2275 4001 178 42 Pacific

509 4069 173 39 Beach.
719 4067 144 40 Calif.
935 4065 282 43 (33-31756)
