2582 4453
1407 4136 102 50 900

408 467 228 66 Corpus
678 468 163 69 juris,
881 467 172 69 being
1096 486 27 33 a
1168 467 278 66 complete
1489 465 112 52 and
1643 463 328 70 systematic
2012 466 308 51 statement
2359 460 64 54 of

477 549 96 53 the
601 548 182 52 whole
810 548 153 68 body
992 547 62 51 of
1082 547 94 52 the
1206 548 128 57 law,
1364 564 59 33 as
1450 544 296 53 embodied
1775 545 61 52 in
1867 543 113 52 and
2008 540 313 71 developed
2348 541 76 69 by

480 621 1943 74 all reported decisions. Edited by William Mack … and
480 701 1941 70 Donald J. Kiser … Volume LXIII. [Towage to Triable]
481 786 139 53 New
663 786 180 57 York,
886 786 120 52 The
1048 784 307 53 American
1397 786 110 50 law
1549 783 147 54 book
1739 802 76 35 co.;
1892 782 260 67 London,
482 784 1922 135 Butter-worth
695 868 44 49 &
767 885 98 48 co.,
896 868 152 49 1933.

482 966 114 36 xxx,
634 954 114 39 1211
786 965 43 37 p.
894 953 57 40 26½
984 956 43 20 cm
1033 986 8 8 .

419 1021 52 51 ©
504 1026 116 46 July
651 1024 38 48 5,
721 1024 141 42 1933;
896 1024 68 40 2c.
995 1024 96 40 and
1123 1022 83 41 aff.
1239 1023 117 48 July
1385 1022 82 47 29;
1502 1022 41 39 A
1574 1020 171 47 63719;
1779 1021 160 40 Amer,
1970 1022 97 37 law
2098 1018 125 42 book
2252 1028 68 30 co.

414 1146 283 62 Dennett,
727 1144 358 54 Alexander.

489 1222 137 68 Lex,
669 1221 96 55 the
812 1240 150 36 cross
1007 1222 158 54 word
1212 1222 153 65 code,
1408 1223 137 51 6000
1589 1221 187 53 words
1822 1220 113 53 and
1980 1217 329 55 definitions
418 1236 1990 118 selected
634 1299 154 55 from

818 1303 227 65 200,000
1076 1300 187 53 words
1295 1300 63 53 of
1389 1302 138 50 2000
1556 1301 245 66 puzzles,
1832 1297 280 55 classified
2142 1298 77 67 by
2246 1296 189 69 major

419 1378 249 70 subjects
694 1379 260 68 grouped
984 1378 308 68 according
1317 1384 60 48 to
1403 1379 241 51 number
1672 1377 63 53 of
1762 1378 214 65 letters,
2001 1377 75 67 by
2104 1376 332 54 Alexander

421 1457 269 53 Dennett.
768 1460 137 50 8500
930 1476 195 49 spaces
1151 1456 95 54 for
1269 1456 328 53 individual
1625 1456 348 66 vocabulary
2000 1454 267 69 building
2295 1454 140 54 with

423 1534 2008 64 pen or pencil … Kittery, Me., The Lexicode company [ c 1933]
496 1608 98 48 xvi,
634 1608 163 50 [5]-270
817 1620 44 38 p.
921 1608 57 41 20½cm

429 1676 52 52 ©
507 1681 127 40 June
658 1681 39 47 7,
722 1679 115 41 1933;
890 1680 68 40 2c.
983 1680 127 39 June
1135 1679 81 47 10;
1246 1678 82 42 aff.
1354 1679 130 39 June
1505 1679 83 46 28;
1616 1679 42 38 A
1682 1678 145 41 62935;
1883 1679 161 48 Ralph
2071 1679 121 40 Earl
2214 1679 228 46 Dennett,

500 1738 212 48 Kittery,
747 1739 89 38 Me.
909 1736 282 49 (33-16035)

423 1842 238 65 Dewey,
690 1842 175 65 John,
896 1847 173 50 1859-

495 1922 152 53 How
690 1940 81 34 we
813 1920 187 67 think,
1042 1940 31 34 a
1115 1926 368 48 restatement
1525 1920 63 53 of
1629 1921 95 53 the
1767 1920 244 53 relation
2053 1921 64 53 of
2160 1919 284 55 reflective

425 1999 2019 71 thinking to the educative process, by John Dewey … Boston,
427 2079 1592 71 New York [etc.] D. C. Heath and company [ c 1933]
501 2168 45 36 x,
576 2156 84 41 301
693 2167 43 38 p.
795 2155 58 40 20
855 2158 44 21 cm
905 2188 8 8 .

435 2223 2015 52 © May 17, 1933; 2c. June 12; aff. June 10; A 62942; J. Dewey, New
506 2285 142 38 York.
731 2279 56 52 [©
819 2284 249 40 extensive
1103 2284 213 40 revision
1351 2286 96 38 and
1481 2295 107 29 new
1621 2287 194 45 matter,
1850 2285 211 47 preface,
2097 2284 269 49 expansion
2401 2282 52 41 of

504 2342 244 49 material]
822 2341 282 49 (33-27208)

432 2443 290 68 Dillavou,
753 2448 170 51 Essel
950 2448 149 64 Ray,
1130 2452 171 49 1893-

506 2523 1940 68 Business and law, by Essel R. Dillavou … 1st ed. New
442 2601 162 54 York
635 2603 113 52 and
777 2602 261 69 London,
1067 2603 432 55 McGraw-Hill
1533 2604 147 53 book
1710 2623 300 49 company,
2039 2605 128 65 inc.,
2199 2607 152 50 1933.

510 2687 75 38 xv,
620 2677 88 40 494
741 2688 42 38 p.
818 2676 111 41 incl.
962 2678 165 47 front.,
1162 2677 144 49 illus.,
1342 2678 170 40 forms.
1575 2678 54 39 21
1635 2680 44 22 cm
1684 2709 8 8 .
1766 2677 303 50 (Half-title:
2102 2677 352 42 McGraw-Hill

439 2734 151 41 series
616 2734 50 39 in
690 2734 151 41 social
869 2736 95 39 and
991 2735 305 41 commercial
1326 2735 201 48 studies,
1558 2736 44 41 S.
1631 2736 217 40 Howard
1876 2736 275 48 Patterson,
2179 2735 277 49 consulting

437 2791 185 48 editor)

443 2858 52 52 ©
527 2864 117 46 May
669 2863 69 47 24,
770 2862 112 41 1933:
943 2864 65 39 2c.
1041 2865 114 47 May
1184 2865 53 40 31;
1299 2864 81 41 aff.
1412 2866 115 47 May
1556 2865 59 40 26;
1672 2865 40 38 A
1744 2864 148 41 61972;
1950 2864 351 41 McGraw-Hill
2334 2864 123 40 hook

512 2932 81 36 co.,
626 2920 89 41 inc.
788 2921 282 49 (33-16100)

438 3024 320 66 Dorrance,
789 3026 228 64 George
1043 3027 237 65 Morris,
1310 3026 172 56 1877-

443 3103 1992 132 The operative story of cleft palate, by George Morris Dorrance …
733 3183 237 54 assisted
999 3184 74 68 by
1103 3185 229 67 Enayat
1363 3183 264 69 Shirazy,
1692 3230 8 8 D.
1768 3229 8 9 D.
1839 3204 40 48 S.;
1909 3184 141 54 with
2079 3187 102 51 534
443 3184 1991 131 illustrations.
686 3261 412 70 Philadelphia

1140 3265 112 52 and
1292 3265 259 67 London,
1590 3265 88 53 W.
1722 3266 64 52 B.
1832 3264 290 56 Saunders
2161 3283 298 51 company,

446 3344 152 50 1933.

516 3416 64 48 ix,
608 3416 86 41 564
722 3427 43 38 p.
826 3415 128 41 illus.
1015 3417 56 40 24
1075 3420 15 21 cm
1124 3450 8 8 .

519 3473 352 49 Bibliography;
926 3485 44 38 p.
995 3475 220 42 449-536.

452 3541 52 53 ©
534 3547 129 39 June
690 3548 68 45 12,
791 3547 138 47 1933;
961 3548 67 40 2c.
1059 3550 96 38 and
1185 3548 82 41 aff.
1298 3550 127 39 June
1455 3551 80 40 14;
1567 3550 40 39 A
1637 3550 171 47 63165;
1904 3582 8 8 W.
1945 3553 53 39 B.
2033 3552 246 41 Saunders
2307 3562 70 31 co.

531 3604 281 49 (33-16079)

447 3708 244 67 Dubois,
719 3710 170 57 Alan.

521 3787 1942 74 America’s sweetheart, by Alan Dubois … [New York]
453 3865 88 53 W.
569 3864 266 70 Godwin,
861 3868 128 68 inc.,
1017 3872 152 51 1933.

523 3940 626 50 2 p. l. , 7-258 p. 19½cm.
456 4004 53 53 ©
540 4011 128 38 June
697 4011 67 43 15,
796 4013 140 40 1933:
969 4014 66 39 2c.
1066 4014 126 40 June
1222 4015 82 45 22;
1338 4014 82 41 aff.
1453 4016 127 38 June
1609 4016 83 45 21;
1726 4016 39 39 A
1796 4016 171 41 63343;
2001 4016 217 40 William
2251 4016 215 46 Godwin,

525 4065 91 42 inc.
688 4068 282 50 (33-16063)
