2484 4405
1121 4091 133 50 1199

163 448 303 64 Reinhold,
498 449 221 62 Meyer.

233 527 229 52 Marcus
490 523 287 70 Agrippa,
805 544 31 33 a
863 523 325 69 biography
1215 522 76 69 by
1315 524 197 66 Meyer
1538 519 304 56 Reinhold.
1917 519 247 68 Geneva,

165 604 69 52 N.
262 606 89 64 Y.,
377 605 119 51 The
521 605 87 53 W.
637 605 63 51 F.
727 602 345 69 Humphrey
1097 620 175 50 press,
1299 605 148 49 1933.

240 678 63 46 ix,
345 678 84 40 203
471 688 41 38 p.
573 678 148 39 front.
782 677 56 39 24
841 678 44 23 cm
889 709 8 8 .

234 734 375 49 Bibliography.:
642 744 43 37 p.
717 732 216 42 176-384.

171 787 51 52 ©
251 792 118 43 Aug.
399 791 68 45 19,
497 789 138 48 1933;
666 791 67 39 2c.
763 791 94 38 and
886 789 82 41 aff.
998 790 119 47 Aug.
1147 789 81 44 21;
1259 789 41 39 A
1329 788 170 45 63978;
1532 788 62 39 M.
1624 786 253 46 Reinhold,
1908 785 258 48 Brooklyn.

247 847 280 51 (33-22429)

163 948 312 66 Renshaw,
509 950 254 63 Samuel,
795 950 171 51 1892-

239 1024 322 57 Children’s
609 1027 180 66 sleep;
841 1044 31 34 a
918 1025 169 53 series
1138 1024 63 54 of
1249 1024 214 54 studies
1515 1043 72 34 on
1636 1025 94 52 the
1781 1024 275 54 influence
2106 1025 63 53 of

167 1104 217 52 motion
421 1103 277 70 pictures;
736 1104 222 52 normal
998 1121 121 51 age,
1158 1120 113 51 sex,
1310 1104 112 51 and
1461 1103 254 54 seasonal
1754 1103 315 53 variations
2110 1104 56 51 in

168 1181 279 69 motility;
479 1180 410 71 experimental
917 1180 311 68 insomnia;
1260 1181 94 52 the
1384 1180 190 54 effects
1605 1178 63 56 of
1696 1179 201 68 coffee;
1931 1181 113 53 and
2073 1181 95 53 the

170 1254 1940 76 visual flicker limens of children [by] Samuel Renshaw …
171 1332 2000 75 Vernon L. Miller … t and] Dorothy P. Marquis … New York,
170 1415 119 54 The
316 1413 332 56 Macmillan
678 1431 298 53 company,
1007 1417 150 50 1933.

241 1483 1929 58 xviii p., 1 l., 242 p. plates, diagrs. (part fold.) 20½ cm . [Motion
171 1545 212 48 pictures
407 1545 97 41 and
527 1546 177 46 youth;
733 1545 80 40 the
841 1543 162 49 Payne
1028 1545 123 40 fund
1179 1543 202 51 studies]

240 1601 375 49 Bibliography:
644 1612 45 37 p.
717 1599 218 43 223-238.

176 1656 54 52 ©
260 1661 119 47 Aug.
409 1660 39 46 8,
480 1659 112 41 1933;
652 1660 68 40 2c.
750 1660 96 39 and
878 1660 82 40 aff.
992 1660 121 47 Aug.
1143 1660 54 45 9;
1231 1660 40 39 A
1301 1660 171 46 63844;
1508 1659 282 42 Macmillan
1819 1673 68 28 co.

258 1717 278 49 (33-22451)

170 1804 219 66 Schoff,
419 1808 137 53 Mrs.
590 1806 256 52 Hannah
886 1806 220 64 (Kent)
1146 1825 179 37 comp.

243 1882 259 56 Wisdom
540 1884 63 51 of
639 1884 95 52 the
772 1901 131 52 ages
941 1885 58 51 in
1038 1883 275 71 bringing
1349 1904 78 49 up
1466 1885 275 67 children,
1780 1885 281 69 compiled
2100 1888 71 65 by

175 1964 138 52 Mrs.
362 1962 269 55 Frederic
681 1962 212 57 Schoff.
967 1962 429 71 Philadelphia,
1442 1965 295 53 Dorrance
1783 1968 47 50 &
1876 1982 298 53 company,

175 2042 335 67 inc. [ c 1933]
244 2114 441 50 xiii, 35-394 p. 19½cm.
181 2168 52 52 ©
267 2174 128 39 June
428 2175 38 44 7,
501 2174 140 46 1933;
678 2174 65 39 2c.
780 2174 95 40 and
911 2174 82 40 aff.
1029 2175 117 47 July
1179 2174 83 47 26;
1300 2176 43 38 A
1375 2174 170 48 64609;
1586 2176 113 40 Mrs.
1738 2176 226 40 Frederic
2003 2175 175 48 Schoff,

247 2229 353 50 Philadelphia.
672 2230 279 49 (33-22313)

176 2314 270 69 Shinner,
479 2318 219 55 Ernest
731 2319 86 65 G.,
850 2321 171 52 1883-

247 2394 120 52 The
399 2393 292 70 forgotten
721 2414 150 51 man,
901 2396 74 69 by
1009 2398 65 51 E.
1108 2396 68 55 G.
1212 2394 263 58 Shinner.
1550 2397 291 71 [Chicago,
1874 2401 301 53 Patterson

177 2471 334 70 publishing
539 2491 96 49 co.,
666 2476 152 65 1933]

245 2543 659 55 2 p. l., vii-xi, 167 p. 21½cm.
183 2597 51 53 ©
261 2604 125 39 June
412 2604 68 47 26,
507 2605 113 40 1933:
675 2606 67 41 2c.
769 2606 120 49 Aug.
914 2608 53 45 4;
997 2607 80 40 aff.
1109 2609 116 46 July
1250 2609 52 46 5;
1333 2610 40 38 A
1400 2609 170 47 64232;
1602 2611 50 39 E.
1683 2611 52 39 G.
1768 2611 219 47 Shinner,
2019 2611 161 40 Genoa

252 2660 122 48 City,
405 2660 117 42 Wis.
592 2663 281 49 (33-22462)

177 2744 214 68 Smith,
424 2749 207 64 Henry
661 2749 221 67 Justin,
917 2751 172 53 1875-

309 2825 1872 78 … Young Phillips, reporter; illustrated by Sanford Strother.
180 2903 1406 77 New York, Harcourt, Brace and company [c1933]
251 2977 1129 53 4 p. l., 3-269 p. incl. plates, front. 20 cm .
187 3030 1997 63 © Aug. 24, 1933; 2c. and aff. Aug. 30; A 65075; Harcourt, Brace & co.,
254 3092 90 40 inc.
414 3093 281 49 (33-22470)

181 3175 130 54 Van
338 3176 288 67 Blarcom,
658 3182 253 63 Carolyn
942 3184 248 56 Conant.

256 3251 345 56 Obstetrical
648 3257 268 70 nursing;
967 3279 31 33 a
1047 3259 296 55 text-book
1391 3282 70 33 on
1512 3264 94 53 the
1654 3266 242 69 nursing
1947 3285 124 36 care
2122 3267 63 54 of

185 3330 94 52 the
312 3336 300 64 expectant
644 3335 239 69 mother,
914 3337 94 53 the
1043 3355 222 36 woman
1298 3340 59 52 in
1394 3341 179 69 labor,
1606 3342 96 53 the
1737 3362 192 51 young
1964 3346 220 52 mother

187 3408 1997 78 and her baby, by Carolyn Conant Van Blarcom … 3d ed.
186 3484 1999 71 Revised with the assistance of Calvina MacDonald … Lottie
187 3561 1998 79 M. Morrison … Lilia J. Napier … Anne A. Stevens … Chelly
187 3639 1997 75 Wasserberg … with 251 illustrations and 12 charts. New
191 3715 178 70 York,
399 3719 119 53 The
548 3719 333 57 Macmillan
915 3741 296 54 company,
1247 3729 148 54 1933.

259 3791 170 47 xxviii,
454 3791 83 42 651
563 3804 41 36 p.
630 3794 108 41 incl.
762 3794 162 48 front.,
950 3796 142 47 illus.,
1120 3799 180 49 diagrs.
1352 3800 56 40 22½
1441 3803 44 23 cm
1489 3834 9 9 .

260 3846 42 38 A
325 3849 286 47 companion
635 3850 124 40 book
784 3853 51 38 to
863 3853 82 41 the
973 3856 220 40 author’s
1221 3855 229 51 “Getting
1477 3859 150 49 ready
1654 3864 50 37 to
1731 3862 57 40 be
1815 3873 29 29 a
1872 3863 232 43 mother”.

261 3902 223 42 Includes
511 3905 390 51 bibliographies.

196 3954 51 52 ©
280 3960 118 48 Aug.
431 3962 69 47 22,
533 3964 139 46 1933;
709 3965 66 40 2c.
809 3967 119 46 Aug.
961 3969 82 46 24;
1080 3970 81 39 aff.
1197 3971 117 48 Aug.
1350 3973 82 42 25;
1476 3975 33 38 A
1543 3974 170 49 65029;
1751 3978 280 41 Macmillan
2066 3989 67 31 co.

273 4017 278 50 (33-22452)
