2582 4453
1340 4074 137 51 1624

803 474 69 39 CONTENTS.—51.
919 473 221 48 Raphael
1187 476 95 37 and
1329 473 248 42 Teresina.
1651 472 69 43 52.
1767 474 230 49 Eugenie,
2043 475 85 40 the
2170 474 245 41 adorable.

388 531 69 40 53.
488 530 166 47 Major
682 531 174 48 Avery,
890 531 81 40 the
1003 532 295 39 chameleon.
1361 531 69 42 54.
1465 532 126 40 Rose
1622 531 40 40 o’
1696 543 82 37 my
1806 533 155 40 heart.
2025 532 68 40 55.
2126 533 207 39 Woman
2363 535 52 38 at

384 588 84 40 the
499 589 123 47 well,
655 589 114 40 The.

393 640 51 53 ©
483 646 120 40 Nov.
641 645 68 49 18,
749 645 142 47 1933;
931 646 67 40 2c.
1037 646 119 40 Nov.
1195 645 83 47 29;
1320 645 82 41 aff.
1442 646 118 40 Nov.
1599 646 84 47 22;
1724 647 42 38 A
1805 646 171 46 68351;
2018 646 50 39 L.
2110 646 194 48 Hulley,
2345 647 72 40 De

464 703 150 46 Land,
646 703 102 40 Fla.

389 807 243 55 Illinois.
707 808 314 69 Appellate
1058 815 205 50 courts.

463 886 1949 71 Reports of cases determined … with a directory of the
391 965 292 69 judiciary
729 966 64 52 of
838 967 95 52 the
977 971 146 48 state
1169 967 114 52 and
1329 966 280 54 abstracts
1653 967 64 53 of
1760 984 153 37 cases
1957 967 337 69 designated
2336 968 77 69 by

391 1046 98 53 the
512 1050 191 49 courts
730 1065 59 36 as
814 1051 103 48 not
940 1050 59 50 to
1023 1046 67 53 be
1116 1046 270 68 reported
1410 1046 62 53 in
1498 1047 131 52 full.
1704 1048 131 53 Vol.
1862 1063 234 52 cclxix,
2163 1092 9 9 A.
2238 1091 8 8 D.
2278 1050 134 51 1933

541 1125 295 68 Reported
882 1125 76 69 by
1005 1124 161 55 Basil
1212 1127 194 54 Jones.
1485 1125 272 69 Chicago,
1805 1126 324 69 Callaghan
2176 1130 47 50 &
390 1145 1999 129 company,
594 1207 154 51 1933.

458 1280 152 48 xxvii,
644 1281 85 41 687
761 1291 43 38 p.
865 1281 56 39 23
924 1283 45 20 cm
974 1312 7 7 .

392 1347 53 53 ©
469 1352 120 41 Nov.
614 1352 70 48 28,
709 1351 115 41 1933;
878 1352 68 40 2c.
972 1354 96 37 and
1094 1351 81 40 aff.
1203 1352 113 39 Dec.
1340 1351 54 47 4;
1423 1351 42 44 A
1488 1351 172 47 67352;
1690 1351 274 48 Callaghan
1990 1351 37 40 &
2052 1362 67 30 co.

391 1458 269 54 Indiana.
735 1459 186 66 Laws,
951 1462 260 63 statutes,
1242 1464 101 48 etc.

462 1535 339 54 Annotated
841 1536 253 52 Indiana
1133 1540 260 62 statutes,
1435 1539 153 64 1933,
1627 1534 338 70 containing
2006 1537 77 51 all
2123 1541 119 48 acts
2279 1535 64 53 of
2383 1555 31 33 a

392 1616 233 68 general
658 1615 114 53 and
804 1614 196 70 public
1032 1621 205 47 nature
1267 1615 62 56 in
1361 1615 157 53 force
1555 1615 336 68 September
1925 1620 48 62 1,
2007 1618 153 64 1933,
393 1615 1996 149 including
535 1694 118 53 also
694 1694 96 54 the

831 1701 147 47 state
1021 1695 114 52 and
1175 1694 223 53 federal
1441 1694 423 68 constitutions,
1905 1699 165 48 court
2106 1694 152 54 rules
2300 1695 114 51 and

392 1774 218 53 certain
646 1774 243 53 selected
925 1774 223 52 federal
1184 1776 157 65 laws,
1378 1775 78 51 all
1492 1774 342 68 completely
1872 1774 328 53 annotated.
392 1773 1995 133 Edited
541 1854 75 68 by
668 1853 292 53 Harrison

1013 1854 210 66 Burns,
1274 1852 222 53 revised
1547 1853 76 68 by
1675 1853 310 68 Benjamin
2037 1853 66 53 F.
2154 1854 259 54 Watson.

393 1929 2021 71 This edition by the publisher’s editorial staff … v. 2. [Civil
399 2009 408 68 code-Courts]
907 2009 424 70 Indianapolis,
1405 2011 121 52 The
1600 2011 451 53 Bobbs-Merrill
2124 2029 284 51 company

399 2127 12 34 [
417 2098 17 21 c
440 2095 134 50 1933
582 2126 12 33 ]

462 2167 61 48 vi,
554 2167 114 40 1361
700 2178 41 37 p.
801 2166 58 40 26
862 2169 44 20 cm
911 2197 6 8 .

396 2227 51 52 ©
474 2232 119 39 Nov.
621 2231 69 47 27,
718 2230 142 47 1932;
889 2231 67 39 2c.
986 2231 111 39 Dec.
1125 2230 54 47 4;
1210 2229 83 40 aff.
1322 2230 112 39 Dec.
1463 2230 52 46 1;
1545 2229 41 39 A
1613 2228 172 48 68385;
1817 2228 372 40 Bobbs-Merrill
2218 2239 67 29 co.
2368 2223 51 53 [©

467 2290 359 46 arrangement,
877 2287 330 47 annotations,
1257 2285 290 50 numbering
1594 2289 196 46 system,
1839 2287 138 39 notes
2026 2286 97 40 and
2171 2285 249 47 statutory

467 2346 291 49 references]

393 2452 200 64 Jones,
623 2452 172 54 Ossie
827 2449 277 67 Garfield,
1136 2453 173 50 1884-

464 2528 464 69 Parliamentary
964 2527 311 68 procedure
1313 2533 61 48 at
1409 2547 31 33 a
1476 2526 216 69 glance,
1729 2525 75 69 by
1841 2524 68 54 O.
1948 2523 257 56 Garfield
2242 2524 175 54 Jones

392 2602 1999 152 … foreword by Lehr Fess … New York, London, D. Appleton-Century
814 2702 299 51 company,
1148 2684 422 69 incorporated,
1609 2686 151 49 1933.

462 2759 98 47 xiv,
594 2759 102 50 [46],
725 2759 214 40 xv-xxvi
970 2769 42 37 p.
1072 2758 55 39 21½
1161 2759 43 21 cm
1211 2789 7 7 .

463 2817 212 40 Various
708 2815 220 50 pagings.

398 2875 51 53 ©
479 2880 101 40 Oct.
609 2879 69 47 13,
708 2878 141 47 1933;
880 2878 67 39 2c.
977 2876 102 41 Oct.
1109 2876 81 47 16;
1222 2875 83 41 aff.
1333 2876 119 39 Nov.
1482 2876 81 44 11;
1594 2875 45 38 A
1664 2874 171 47 67112;
1868 2874 52 41 O.
1951 2874 52 42 G.
2033 2875 163 42 Jones,
2225 2873 193 40 Toledo.

472 2933 68 55 [©
573 2936 240 42 revisions
845 2937 96 38 and
972 2944 106 30 new
1110 2933 243 49 material]
1428 2933 283 49 (33-34472)

396 3038 391 69 Kenworthy,
815 3044 155 53 Hon.
1000 3041 222 63 Joseph
1252 3039 344 65 Montague,
1629 3042 172 50 1886-

467 3122 237 67 Sailors,
749 3119 494 55 statesmen—and
1290 3119 219 65 others;
1557 3138 72 34 an
1675 3117 481 69 autobiography,
2200 3118 75 68 by
2320 3119 90 52 Lt.

396 3197 2018 68 Commander the Hon. J. M. Kenworthy … London, Rich &
396 3281 232 66 Cowan,
659 3283 151 51 1933.

469 3349 1408 53 xii p., 2 l., 3-317, [1] p. front., plates, ports. 22 cm .
400 3405 2018 57 © 1c. Oct. 30, 1933; A ad int. 18301: pubd. Sept. 4; J. M. Kenworthy,
466 3470 212 40 London.
752 3466 283 51 (33-34117)

397 3573 219 65 Kiesel,
646 3572 255 56 Arthur.

464 3651 130 55 Wir
635 3649 171 53 sehen
845 3667 110 34 nur
995 3648 288 65 schatten;
1328 3646 313 69 gespräche
1680 3645 139 54 über
1859 3645 169 54 letzte
2070 3644 207 69 fragen
2317 3645 100 53 der

394 3728 382 71 Philosophie,
811 3745 110 36 von
960 3728 84 53 dr.
1080 3727 227 53 Arthur
1343 3725 211 54 Kiesel.
1631 3723 258 71 Leipzig,
1926 3726 64 52 P.
2026 3722 234 55 Reclam
2295 3723 120 69 jun.

400 3844 12 33 [
418 3816 18 22 c
441 3812 134 51 1933
583 3843 11 33 ]

464 3881 563 51 408 p. illus. 25 ½ cm .
400 3949 2016 54 © Mar. 30. 1933; 1c. June 19; A -Foreign 21279; Philipp Reclam jun.
482 4012 282 49 (33-35347)
