2540 4453
1134 4126 102 51 423

156 485 170 63 Ross,
358 481 181 65 Colin,
575 485 172 50 1885-

229 560 116 54 Der
381 557 144 53 wille
557 556 98 52 der
683 555 159 65 weit;
875 554 120 55 eine
1026 552 139 54 reise
1197 570 68 33 zu
1295 552 119 53 sich
1445 550 186 66 selbst,
1661 568 109 33 von
1803 548 167 54 Colin
2001 549 158 52 Ross.

158 635 255 68 Leipzig,
441 635 63 52 F.
537 634 70 51 A.
641 631 349 67 Brockhaus,
1022 633 148 48 1932.

228 707 87 40 220
341 717 58 38 p.,
428 706 24 39 1
482 706 30 39 l.
569 704 55 40 19
628 706 44 21 cm
677 736 8 8 .

164 764 51 52 ©
246 769 117 38 Nov.
393 768 39 44 3,
463 765 140 46 1932;
702 796 3 7 1c.,
733 764 111 39 Feb.
874 764 69 47 21,
974 761 140 46 1933;
1148 761 40 38 A
1189 760 270 48 -Foreign
1489 759 170 47 19821;
1694 759 50 40 F.
1777 760 54 39 A.
1863 758 302 40 Brockhaus.

241 823 250 49 (33-8767)

158 913 348 64 Ruslander,
537 914 57 54 S.
624 913 135 63 Leo,
793 911 171 55 1879-

231 988 425 71 Pennsylvania
692 987 366 70 corporation
1092 992 174 46 taxes.
1340 984 72 53 3d
1451 984 83 53 ed.
1609 982 288 70 Covering
1932 984 95 51 the
2064 987 101 48 tax

162 1089 72 34 on
280 1069 214 68 capital
539 1067 158 54 stock
743 1067 114 52 and
902 1067 161 52 loans
1108 1063 64 55 of
1218 1062 412 70 corporations,
1674 1063 181 52 bonus
1903 1062 139 68 paid
2090 1062 75 69 by

163 1147 271 54 domestic
463 1146 113 53 and
608 1145 227 68 foreign
866 1143 411 69 corporations,
1306 1142 95 53 the
1430 1146 100 48 tax
1561 1159 73 36 on
1665 1141 193 53 shares
1891 1139 64 55 of
1985 1139 181 54 banks

165 1225 112 53 and
319 1231 150 47 trust
509 1222 342 69 companies,
891 1222 95 52 the
1029 1220 329 54 mercantile
1402 1219 204 53 license
1650 1224 118 62 tax,
1811 1219 97 53 the
1950 1224 99 48 tax
2093 1236 75 36 on

167 1304 261 68 personal
451 1307 293 63 property,
767 1300 112 53 and
903 1299 98 53 the
1023 1297 425 71 Pennsylvania
1475 1315 333 51 emergency
1831 1295 169 55 relief
2024 1297 144 53 sales

165 1375 1940 74 tax. By S. Leo Ruslander … and Frank Wilbur Main …
166 1460 138 52 New
332 1458 180 65 York,
539 1455 452 67 Prentice-Hall,
1019 1455 126 68 inc.,
1176 1457 150 50 1933.

235 1531 140 40 xlviii
401 1542 58 38 p.,
486 1531 26 39 1
573 1564 8 10 l..
608 1529 86 41 728
719 1539 44 38 p.
789 1528 110 42 incl.
927 1529 167 39 forms.
1154 1528 56 40 23½
1244 1529 44 21 cm
1292 1559 9 10 .

172 1587 51 52 ©
256 1591 96 39 Feb
398 1591 41 45 2,
471 1589 139 46 1933;
645 1589 67 39 2c.
745 1589 121 39 Mar.
899 1588 81 40 27;
1017 1587 80 39 aff.
1133 1587 111 39 Feb.
1277 1586 81 46 10;
1392 1586 41 38 A
1465 1585 170 46 61086;
1672 1583 374 48 Prentice-Hall,
2081 1585 90 40 inc.

249 1646 249 50 (33-7992)

166 1737 207 66 Segur,
402 1736 215 65 Sophie
652 1733 459 68 (Rostopchine)
1148 1739 265 50 comtesse
1439 1734 87 65 de,
1559 1734 324 55 1799-1874.

302 1811 1861 70 … Un bon petit diable; illustrations de F. Lorioux. [Paris]
169 1893 280 53 Hachette
491 1895 173 64 [1932]

245 1964 56 41 72
327 1976 44 38 p.
431 1965 86 41 col.
544 1962 164 49 front.,
736 1964 143 47 illus.,
908 1964 87 40 col.
1025 1963 171 49 plates.
1256 1962 58 41 29½
1345 1965 44 21 cm
1393 1994 9 9 .

246 2022 63 40 At
335 2023 125 40 head
489 2021 51 40 of
564 2020 135 41 title:
730 2020 245 41 Comtesse
1002 2022 58 39 de
1090 2020 166 48 Ségur.

175 2076 2000 53 © Nov. 16, 1932; 1c. Feb. 10, 1933; A-Foreign 19678; Librairie
244 2138 256 39 Hachette.
576 2132 53 51 [©
656 2135 344 48 illustrations]
1070 2134 250 48 (33-8834)

171 2210 188 54 South
388 2211 236 53 Dakota
651 2211 112 52 and
792 2210 188 52 North
1008 2214 240 48 western
1275 2209 203 69 digest,
1507 2210 268 69 covering
1803 2212 78 51 all
1911 2229 150 36 cases

241 2229 1906 129 reported
489 2289 59 52 in
597 2290 183 55 South
824 2289 231 53 Dakota
1098 2293 241 63 reports,
1384 2289 187 53 North
1616 2295 239 47 western
1900 2294 275 63 reporter,

244 2369 113 52 and
388 2370 77 51 all
494 2369 64 52 of
585 2369 94 52 the
710 2369 172 52 north
912 2373 240 47 western
1180 2372 173 48 states
1383 2375 222 61 reports
1636 2368 155 53 from
1820 2369 95 52 the
1947 2369 230 53 earliest

242 2447 183 69 times,
463 2447 140 53 with
641 2453 230 48 current
906 2446 344 54 cumulative
1289 2447 206 69 pocket
1529 2448 210 55 service
1777 2447 247 71 keeping
2059 2447 115 55 this

244 2527 1907 132 digest always to date … Compiled and edited by the publisher’s
489 2605 266 53 editorial
782 2603 150 55 staff,
1008 2624 51 34 v.
1087 2605 189 53 27-29.
1354 2606 82 54 St.
1465 2608 165 66 Paul,
1656 2609 163 54 West
1841 2607 337 70 publishing

245 2703 79 35 co.
362 2718 13 34 [
380 2691 18 21 c
403 2687 152 64 1933]

247 2760 28 39 3
304 2771 43 28 v.
406 2758 58 40 26
465 2761 43 20 cm
514 2791 8 7 .

518 2825 113 29 CONTENTS.—v.
674 2814 72 41 27.
786 2815 267 48 Municipal
1093 2814 455 48 corporations.—v.
1592 2815 71 41 28.
1705 2817 481 40 Names-Pardon.—

182 2883 43 29 v.
256 2871 72 41 29.
358 2873 178 38 Parent
567 2873 95 38 and
691 2872 353 47 child-Piracy.

182 2939 41 30 v.
249 2929 70 46 27,
347 2925 53 51 ©
426 2930 122 39 Mar.
573 2929 69 41 23,
669 2929 141 46 1933;
837 2941 40 27 v.
904 2929 69 47 28,
1000 2929 71 42 29,
1101 2924 51 52 ©
1180 2930 122 38 Mar.
1329 2929 81 47 24;
1439 2930 67 39 2c.
1534 2930 118 41 each
1679 2930 112 48 Apr.
1821 2931 81 46 14;
1933 2930 108 42 affs.
2067 2932 115 46 Apr.

252 2986 82 46 15;
370 2986 42 39 A
445 2984 345 48 62089-62091;
829 2987 137 39 West
998 2985 108 48 pub.
1143 2996 68 30 co.

180 3059 323 66 Stacpoole,
533 3062 208 63 Henry
769 3061 69 53 de
868 3061 172 66 Yere,
1072 3067 173 50 1865-

253 3137 1932 74 The naked soul, by H. de Yere Stacpoole … the story of a
183 3217 2001 71 modern knight … London [etc.] W. Collins sons & co., ltd.
190 3298 172 65 [1933]

253 3368 86 40 252
365 3380 43 37 p.
468 3368 114 40 19cm.

191 3420 1979 109 © 1c. Mar. 25, 1933; A ad int., 17638; pubd. Jan. 23; H. de Vere Stacpoole,
443 3483 300 48 Bonchurch,
778 3484 96 39 Isle
907 3485 51 38 of
990 3484 178 48 Wight,
1205 3484 236 48 England.
1512 3485 250 50 (33-9404)

184 3556 209 52 Texas.
472 3559 177 52 Court
682 3559 64 66 of
775 3559 262 53 criminal
1068 3560 251 67 appeals.

257 3633 1865 77 The Texas criminal reports, cases argued and adjudged …
187 3710 212 69 during
425 3714 324 67 December,
779 3718 151 64 1931,
960 3716 112 53 and
1099 3719 280 66 January,
1407 3718 313 69 February,
1747 3720 220 67 March,
1994 3720 192 68 April,

189 3790 139 68 May
359 3791 113 51 and
498 3793 171 65 June,
698 3812 51 35 a.
782 3812 48 35 d.
865 3797 149 48 1932.
1090 3796 290 66 Reported
1411 3797 75 65 by
1513 3800 89 52 W.
1637 3799 61 54 C.
1728 3800 189 53 Wear.
1982 3816 50 35 v.
2069 3802 114 51 120.

195 3868 246 67 [Austin]
477 3871 120 52 The
631 3872 159 54 State
821 3873 64 52 of
914 3877 200 64 Texas,
1149 3878 147 48 1933.

263 3942 25 39 2
319 3953 43 37 p.
429 3975 8 15 l.,
469 3943 232 48 vii-xxxi,
734 3948 83 38 717
849 3958 42 36 p.
950 3948 55 40 23½
1039 3950 44 20 cm
1089 3980 8 8 .

198 3995 53 51 ©
274 4000 112 47 Apr.
412 4000 68 48 10,
506 4001 112 40 1933
637 4013 8 35 ;
674 4002 66 41 2c.
763 4003 114 48 Apr.
904 4004 81 47 13;
1013 4004 82 40 aff.
1121 4004 112 48 Apr.
1261 4004 54 40 12
1334 4017 8 34 ;
1371 4007 41 38 A
1437 4006 170 48 62010;
1637 4008 71 40 W.
1737 4008 48 40 C.
1813 4008 157 47 Wear,
1998 4009 191 47 Austin,

266 4056 115 41 Tex.
