2582 4453
1345 4088 100 51 1406

385 415 257 64 Rayner,
678 413 331 56 Elizabeth.

456 492 1946 69 Not all saints, by Elizabeth Rayner … New York, Toronto,
389 572 344 69 Longmans,
763 572 189 55 Green
983 572 112 52 and
1127 590 97 49 co.,
1257 574 150 51 1933.

458 658 565 51 3 p. l., 312 p. 19½c m .
461 717 167 40 “First
655 715 230 42 edition,”

394 784 2015 51 © Oct. 1, 1933; 2c. and aff. Oct. 7; A 65531; Longmans, Green & co.
471 844 282 49 (33-28930)

385 947 322 66 Redfearn,
741 948 210 54 Daniel
980 947 285 65 Huntley,
1301 951 173 51 1884-

458 1026 57 52 A
546 1026 279 69 practical
860 1025 230 54 treatise
1125 1044 71 35 on
1230 1025 98 52 the
1361 1025 110 52 law
1508 1024 65 54 of
1607 1025 149 54 wills
1792 1026 113 52 and
1940 1024 469 55 administration

387 1102 2023 71 of estates in Florida … with forms, appendix, table of cases,
388 1184 114 53 and
537 1184 94 52 the
666 1183 250 53 Probate
952 1189 89 47 act
1078 1182 64 53 of
1177 1184 154 67 1933,
1367 1182 328 53 annotated.
1770 1184 92 67 By
1897 1182 211 54 Daniel
2145 1183 77 53 H.

391 1183 1994 148 Redfearn … Atlanta, The Harrison company, 1933.
461 1343 99 46 xxi,
590 1341 85 42 829
705 1353 42 37 p.
809 1341 57 41 26½cm.

462 1399 180 41 Pocket
667 1399 165 41 device
860 1410 58 28 on
947 1399 158 40 inside
1132 1398 53 41 of
1209 1398 121 41 back
1359 1408 155 32 cover.

394 1469 1810 52 © Sept. 28. 1933; 2c. and aff. Sept. 30; A 65416; Harrison co.
475 1530 283 42 (33-28425)

391 1633 176 65 Reed,
596 1632 261 55 Thomas
886 1631 313 67 Harrison,
1232 1637 172 51 1881-
1619 1633 85 53 ed.

462 1709 392 56 Government
887 1709 59 54 in
980 1729 31 34 a
1047 1709 360 69 depression;
1444 1710 382 53 constructive
1863 1726 271 53 economy
2169 1709 61 53 in
2267 1713 146 51 state

392 1788 1994 149 and local government, edited by Thomas H. Reed … Chicago,
578 1868 114 68 Ill.,
719 1868 122 52 The
867 1867 345 69 University
1240 1866 64 54 of
1335 1865 254 71 Chicago
1620 1885 158 51 press
1814 1900 14 34 [
1831 1872 19 23 c
1855 1869 154 65 1933]

462 1952 46 37 x,
539 1940 113 51 [201]
682 1951 43 38 p.
786 1940 56 40 22
846 1943 44 21 cm
896 1975 7 7 .

463 1998 211 40 Various
700 1998 219 48 pagings.

464 2055 158 42 Radio
650 2055 210 42 lectures
887 2055 261 49 presented
1177 2055 156 40 under
1363 2053 82 43 the
1473 2054 224 49 auspices
1727 2054 53 42 of
1808 2055 82 41 the
1919 2054 233 42 National
2185 2055 228 47 advisory

393 2114 186 40 council
609 2124 60 29 on
699 2113 138 41 radio
866 2114 48 39 in
942 2112 274 48 education,
1245 2113 50 39 in
1323 2110 219 43 1932-33.
1605 2113 61 47 cf.
1695 2111 130 44 Pref.

397 2181 2018 52 © Sept. 5, 1933; 2c. and aff. Sept. 22; A 66210: University of Chicago,
468 2243 224 47 Chicago.
766 2242 283 47 (33-28422)

391 2343 213 68 Retan,
639 2347 228 64 George
899 2344 241 65 Austin,
1177 2348 172 49 1886-

462 2424 410 69 Management
932 2424 112 53 and
1106 2423 269 71 teaching
1435 2424 299 69 technique
1793 2425 60 52 in
1911 2425 95 53 the
2067 2427 348 67 elementary

392 2504 2022 69 school, by George A. Retan … New York, Prentice-Hall,
393 2587 126 65 inc.,
549 2588 152 49 1933.

467 2670 79 36 xx,
577 2660 87 39 370
695 2670 42 37 p.
799 2659 54 39 21
857 2661 44 21 cin
907 2692 8 8 .

466 2718 226 39 Includes
727 2715 396 49 bibliographies.

400 2784 2013 52 © Sept. 31. 1933; 2c. Sept. 25; aff. Oct. 21; A 65397; Prentice-Hall, inc.
479 2844 283 49 (33-28926)

395 2947 228 67 Ripley,
653 2951 139 51 Mrs.
823 2947 336 53 Katharine
1198 2948 190 66 (Ball)

471 3027 159 56 Sand
664 3027 232 68 dollars,
930 3027 75 68 by
1040 3027 324 53 Katharine
1399 3028 133 52 Ball
1567 3025 228 71 Ripley.
1873 3028 138 52 New
2047 3028 181 68 York,
398 3028 1994 146 Harcourt,

606 3108 181 51 Brace
817 3108 113 52 and
962 3125 285 49 company
1281 3141 13 33 [
1299 3112 18 22 c
1323 3110 133 50 1933
1463 3141 12 33 ]

473 3178 596 50 5 p. l., 3-236 p. 21 cm .
472 3237 163 41 “First
665 3236 228 42 edition.”

474 3295 40 40 A
555 3295 255 40 narrative
849 3295 52 40 of
940 3295 81 40 the
1062 3295 221 40 author’s
1322 3295 88 41 life
1451 3294 144 41 while
1634 3295 153 49 living
1825 3295 51 40 in
1916 3295 304 47 Charleston,
2263 3296 152 41 South

403 3351 245 43 Carolina.

403 3418 2016 55 © Sept. 28. 1933; 2c. and aff. Oct. 6: A 66474: K. B. Ripley, Charleston,
477 3481 43 40 S.
553 3480 49 40 C.
678 3480 282 43 (33-28907)

397 3581 449 68 Rosenkampff,
880 3583 235 55 Arthur
1148 3586 227 65 Henry,
1413 3591 173 51 1884-

473 3659 1884 75 Secretarial accounting, by Arthur Henry Rosenkampff …
400 3739 2019 72 and William Carroll Wallace … New York, Prentice-Hall
399 3817 127 69 inc.,
561 3822 151 50 1933.

472 3891 1065 50 1 p. l., v-xv, 303 p. incl. forms. 23½ cm .
407 3958 2015 58 © Sept. 21, 1933; 2c. Sept. 25; aff. Sept. 28; A 65399; Prentice-Hall,
475 4019 90 42 inc.
638 4020 283 51 (33-28421)
