2597 4403
1343 4111 66 49 54

355 427 379 66 O’Donohue,
764 427 159 55 John
953 428 76 55 N.

424 505 58 53 A
517 505 310 53 handbook
863 505 67 54 of
965 504 221 55 United
1227 504 191 55 States
1456 507 113 51 and
1607 505 448 54 Massachusetts
2091 508 178 65 taxes,
2305 505 75 68 by

354 583 159 55 John
558 583 71 54 N.
677 582 356 56 O’Donohue
1083 626 57 9 …
1221 582 238 69 Boston,
1500 582 238 70 Wright
1780 585 47 51 &
1869 582 203 55 Potter
2116 582 267 71 printing

354 680 302 51 company,
689 665 154 50 1933.

425 735 561 51 3 p. l., 242 p. 23½ cm .
426 793 382 50 Bibliography:
839 804 45 38 p.
915 791 252 52 [227]-228.

361 846 52 54 ©
440 852 110 40 Jan.
578 851 69 47 16,
673 849 143 49 1933;
843 850 69 41 2c.
939 850 97 40 and
1061 848 83 43 aff.
1171 849 112 42 Jan.
1309 848 83 49 19;
1420 850 42 39 A
1487 848 174 50 58954;
1689 850 44 41 J.
1760 851 57 41 N.
1845 850 310 49 O’Donohue,
2183 852 201 41 Boston.

440 908 255 52 (33-2675)

356 1024 124 54 The
511 1025 154 55 Ohio
694 1025 113 54 law
838 1024 253 53 abstract
1127 1068 56 9 …
1263 1042 52 36 v.
1349 1028 81 49 12.
1505 1026 154 55 June
1689 1028 86 66 25,
1807 1029 137 51 1932
1975 1033 59 48 to
2066 1025 312 56 December

429 1104 83 69 17,
560 1106 153 51 1932.
791 1103 260 56 Sheldon
1094 1106 70 53 R.
1209 1105 250 69 Laning,
1503 1105 204 54 editor.
1783 1105 297 70 Norwalk,
2125 1106 88 69 O.,
2257 1106 122 53 The

426 1185 141 53 Law
599 1183 255 55 abstract
881 1202 81 35 co.
999 1218 13 34 [
1017 1190 18 21 c
1040 1187 154 65 1933]

427 1257 673 52 1 p. l., xiii, 824 p. 26 cm .
358 1311 52 54 ©
443 1317 111 41 Jan.
586 1318 69 47 11,
686 1315 143 50 1933;
862 1317 68 40 2c.
961 1318 98 39 and
1090 1316 83 41 aff.
1205 1316 112 41 Jan.
1348 1317 84 48 13;
1464 1317 44 39 A
1537 1316 171 49 57920;
1743 1318 118 39 Law
1892 1318 220 40 abstract
2145 1329 68 30 co.

357 1436 230 54 Oxford
616 1438 117 53 and
762 1436 286 67 Asquith,
1075 1438 241 65 Margot
1344 1435 285 68 Asquith,
1660 1444 256 49 countess
1945 1438 79 69 of.

426 1514 164 54 More
618 1515 318 67 memories,
965 1516 77 66 by
1071 1516 168 68 Lady
1268 1516 252 54 Oxford.
1601 1517 368 66 [Instalment
1996 1520 32 48 2]

438 1591 84 49 (In
550 1587 204 43 London
783 1587 205 52 Sunday
1015 1587 166 52 times,
1210 1587 126 43 Nov.
1368 1588 71 51 13,
1471 1588 146 51 1932)

360 1643 2024 54 © 1c. Jan. 9, 1933; A ad int. 17457; pubd. Nov. 13, 1932; Emma Alice
429 1707 256 48 Margaret
713 1706 228 40 Tennant
966 1705 229 51 Asquith,
1225 1708 228 39 countess
1483 1706 53 41 of
1565 1706 189 42 Oxford
1785 1708 96 39 and
1912 1705 226 49 Asquith,
2170 1705 213 41 London.

355 1825 239 55 Palacio
624 1825 240 66 Valdés,
897 1827 326 67 Armando,
1259 1832 173 50 1853-

431 1950 57 10 …
535 1906 157 68 José,
734 1905 192 54 edited
965 1905 78 70 by
1085 1906 158 55 Juan
1287 1907 161 56 Cano
1496 1953 56 9 …
1601 1907 113 54 and
1759 1907 184 54 Edith
1989 1906 282 55 Cameron
2321 1949 56 10 …

355 1983 386 55 illustrations
772 1985 77 69 by
882 1985 243 54 Alberto
1162 1985 207 69 Cugat.
1446 1985 235 55 Garden
1715 1986 154 68 City,
1902 1985 71 54 N.
2008 1986 92 68 Y.,
355 1984 2003 149 Doubleday,

515 2065 203 53 Doran
744 2067 46 51 &
817 2083 302 50 company,
1148 2064 109 55 inc.
1294 2068 194 66 [c1932]

427 2137 1314 51 xxiv p., 1 l., 211 p. front. (port.) illus. 19½ cm .
429 2196 116 48 Map
579 2206 63 30 on
672 2195 370 50 lining-papers.

429 2253 164 42 “First
623 2253 230 42 edition.”

363 2308 52 53 ©
455 2313 110 40 Jan.
603 2313 41 47 9,
682 2311 115 42 1933;
865 2312 66 41 2c.
972 2314 96 39 and
1108 2311 82 42 aff.
1231 2313 111 40 Jan.
1380 2312 84 48 20;
1505 2312 42 40 A
1583 2311 172 49 59086;
1797 2313 132 40 Juan
1969 2312 147 49 Cano,
2156 2313 228 47 Toronto,

431 2370 216 49 Canada,
675 2372 97 39 and
799 2370 152 41 Edith
979 2370 253 48 Cameron,
1261 2368 227 51 Chicago.
1559 2369 253 51 (33-2432)

357 2485 325 69 Reighard,
711 2487 183 55 Jacob
926 2486 343 68 Ellsworth,
1304 2494 173 50 1861-

427 2566 327 53 Dissection
787 2565 65 53 of
882 2566 98 53 the
1012 2569 118 64 cat;
1166 2565 280 69 practical
1478 2565 309 54 directions
1820 2565 95 54 for
1946 2567 98 52 the
2078 2565 303 54 dissection

357 2644 66 54 of
455 2645 98 53 the
587 2649 91 49 cat
713 2645 115 53 and
862 2645 98 52 the
993 2645 174 68 study
1201 2643 65 54 of
1298 2643 75 55 its
1409 2649 289 64 anatomy,
1731 2648 59 49 to
1827 2662 350 51 accompany
357 2644 2003 133 Reighard
544 2725 113 52 and

697 2722 305 69 Jennings’
1038 2722 296 69 Anatomy
1372 2722 65 53 of
1473 2723 98 54 the
1609 2726 108 65 cat,
1752 2722 78 69 by
1867 2722 181 55 Jacob
2085 2722 298 71 Reighard

358 2802 115 53 and
501 2802 78 53 H.
612 2800 57 57 S.
700 2801 306 69 Jennings,
1034 2801 241 68 revised,
1304 2799 142 55 with
1475 2802 98 53 the
1602 2800 264 55 addition
1896 2801 65 55 of
1989 2821 32 34 a
2049 2801 242 55 Manual
2319 2802 65 54 of

358 2881 260 68 regional
657 2880 324 68 dissection,
1017 2880 77 69 by
1132 2880 162 53 Rush
1333 2878 212 55 Elliott
1585 2923 58 10 …
1721 2880 141 54 New
1901 2880 181 69 York,
2119 2880 78 54 H.
2237 2880 148 54 Holt

358 2960 115 53 and
503 2977 286 50 company
823 2992 13 34 [
840 2964 19 22 c
865 2960 153 65 1932]

429 3034 62 48 vi,
519 3033 88 42 106
633 3045 45 37 p.
737 3032 120 41 fold.
884 3043 63 39 pl.
1008 3032 57 39 22
1068 3034 45 22 cm
1118 3064 9 8 .

432 3090 148 41 “This
612 3089 195 42 booklet
843 3120 49 10 …
928 3088 228 51 provides
1189 3091 97 40 two
1320 3090 100 40 sets
1454 3090 51 40 of
1538 3088 323 43 instructions
1897 3121 46 10 …
1980 3099 103 40 one,
2119 3090 148 42 taken
359 3101 2006 96 unchanged
611 3147 130 40 from

778 3148 82 39 the
894 3145 247 50 appendix
1175 3148 49 39 to
1259 3147 83 40 the
1375 3146 245 48 Anatomy
1654 3146 41 41 is
1730 3157 28 30 a
1794 3147 202 40 Manual
2032 3146 53 41 of
2118 3146 264 42 dissection

360 3207 60 47 by
449 3206 82 40 the
559 3206 184 47 system
770 3205 130 47 plan,
929 3203 146 41 while
1103 3204 83 39 the
1212 3204 142 40 other
1381 3203 43 41 is
1451 3203 85 42 Dr.
1566 3202 215 43 Elliott’s
1809 3204 202 41 Manual
2039 3204 53 40 of
2117 3204 265 43 dissection

359 3263 61 48 by
450 3263 84 40 the
561 3260 218 50 regional
810 3258 357 51 plan.”—Pref.

433 3317 247 43 “Books”:
713 3330 45 37 p.
790 3317 100 41 1-2.

365 3372 52 53 ©
447 3377 114 40 Dec.
587 3375 71 49 23,
687 3374 143 49 1932;
859 3374 69 42 2c.
957 3375 97 40 and
1083 3373 82 41 aff.
1195 3374 113 40 Jan.
1336 3374 70 48 13,
1435 3373 143 49 1933;
1611 3375 41 40 A
1679 3373 172 50 57892;
1884 3377 171 48 Henry
2084 3376 125 42 Holt
2234 3377 37 41 &
2300 3386 83 40 co.,

434 3434 92 40 inc.
597 3432 254 50 (33-2506)

362 3542 216 66 Selzer,
609 3542 250 57 Charles
887 3542 210 68 Alden,
1128 3549 172 50 1889-

437 3663 56 10 …
538 3623 235 51 Lateral
812 3620 338 54 dominance
1190 3623 114 53 and
1344 3620 187 54 visual
1571 3621 222 68 fusion;
1836 3622 150 53 their
2027 3621 356 69 application

364 3705 55 49 to
471 3699 321 53 difficulties
841 3699 60 53 in
950 3699 259 69 reading,
1258 3698 254 70 writing,
1561 3698 267 70 spelling,
1877 3700 114 54 and
2039 3699 222 69 speech,
2307 3700 77 68 by

363 3776 239 56 Charles
641 3777 72 53 A.
756 3776 191 56 Selzer
991 3820 57 11 …
1129 3775 367 71 Cambridge,
1534 3778 276 54 Harvard
1848 3776 321 70 university
2208 3796 175 50 press,

365 3859 152 49 1933.

366 3928 1997 100 8 p. l., 119 p. illus.. diagrs. 25½ cm . (Harvard monographs in education … Studies
821 3986 48 40 in
896 3986 311 40 educational
1232 3986 295 49 psychology
1551 3988 96 39 and
1671 3986 312 42 educational
2007 3990 375 38 measurement,

363 4053 76 31 no.
467 4042 81 49 12)
