2597 4403
1344 4099 64 49 66

356 408 338 65 Cantarow,
725 406 330 64 Abraham,
1090 411 170 50 1901-

427 485 264 54 Calcium
713 483 363 54 metabolism
1103 484 115 53 and
1243 483 245 53 calcium
1510 482 266 69 therapy,
1801 482 77 69 by
1902 482 303 53 Abraham
355 481 2004 136 Cantarow
572 607 57 10 …

664 562 144 54 with
838 583 30 33 a
902 561 291 54 foreword
1223 561 77 70 by
1328 560 235 55 Hobart
1591 561 224 70 Amory
1844 560 164 54 Hare
2042 603 57 11 …
2171 560 75 54 2d
2279 560 105 69 ed.,

356 643 354 69 thoroughly
747 660 115 35 rev.
935 640 434 69 Philadelphia,
1404 640 118 54 Lea
1559 640 46 51 &
1641 638 265 72 Febiger,
1947 641 153 52 1933.

426 716 85 49 xii,
548 716 207 52 [17]-252
786 725 45 40 p.
892 715 183 48 diagrs.
1135 714 58 41 20
1196 717 45 22 cm
1245 746 8 9 .

428 773 381 49 Bibliography:
840 784 45 38 p.
933 772 240 51 [215]-235.

361 829 52 53 ©
447 834 111 40 Jan.
587 834 41 47 3,
659 832 143 48 1933;
835 833 69 40 2c.
936 833 111 40 Jan.
1080 832 54 47 6;
1169 831 83 42 aff.
1285 832 110 40 Jan.
1429 830 54 49 9;
1517 831 41 40 A
1590 831 172 48 57854;
1797 831 97 40 Lea
1930 830 36 41 &
1997 830 220 49 Febiger.

441 889 254 50 (33-1940)

358 969 203 64 Cloud,
589 969 268 55 Yvonne.

430 1044 179 56 Short
636 1047 165 67 lease,
832 1045 74 70 by
939 1044 243 55 Yvonne
1214 1043 188 56 Cloud
1440 1089 57 9 …
1569 1044 260 68 London,
1861 1043 70 52 D.
1964 1041 423 69 Harmsworth,

358 1124 104 53 ltd.
499 1127 175 66 [1932]

428 1207 44 37 v,
502 1196 90 41 278
621 1207 44 38 p.
726 1195 119 42 19cm.

364 1252 2023 53 © 1c. Jan. 4, 1933; A ad int. 17330; pubd. Nov. 8, 1932; Yvonne Kapp,
435 1315 213 40 London.
722 1313 254 51 (33-1963)

360 1391 359 56 Committee
748 1410 74 36 on
851 1392 103 54 the
983 1395 165 51 costs
1173 1392 65 54 of
1266 1391 250 55 medical
1546 1408 153 39 care.

435 1512 58 10 …
525 1469 253 55 Medical
806 1490 128 35 care
961 1470 96 54 for
1083 1471 98 54 the
1206 1470 312 54 American
1546 1471 232 68 people;
1807 1470 98 53 the
1930 1469 140 54 final
2097 1474 197 64 report
2322 1468 64 54 of

359 1547 98 53 the
492 1547 345 55 Committee
871 1568 72 34 on
977 1550 97 53 the
1109 1555 147 47 costs
1293 1549 64 53 of
1391 1549 245 53 medical
1670 1567 146 48 care,
1850 1548 251 68 adopted
2140 1547 247 55 October

362 1628 85 66 31,
501 1629 154 51 1932.
743 1627 277 70 Chicago,
1071 1628 116 68 Ill.,
1238 1628 124 54 The
1413 1627 341 68 University
1806 1626 64 54 of
1921 1626 257 69 Chicago
2227 1644 175 52 press,

364 1708 175 65 [1932]

435 1777 99 50 xvi,
569 1778 86 41 213
690 1791 44 38 p.
798 1779 130 41 illus.
959 1778 161 51 (map)
1166 1780 183 49 diagrs.
1413 1778 56 41 23½
1503 1782 44 21 cm
1551 1812 10 9 .
1636 1780 97 49 (Its
1770 1779 350 42 Publications,
2186 1791 76 31 no.
2297 1780 82 50 28)

437 1835 1289 52 “Reference notes” at end of chapters I and IV.
365 1891 2008 111 © Nov. 30, 1932; 2c. and aff. Jan. 27, 1933; A 59178; University of Chicago,
596 1952 225 50 Chicago.
895 1952 284 50 (32-28169)

361 2029 178 67 Cook,
569 2031 238 54 Arthur
835 2031 213 65 Leroy,
1081 2032 173 54 1878-

433 2107 251 55 Electric
735 2107 213 69 wiring
999 2108 94 54 for
1142 2107 258 70 lighting
1450 2110 114 52 and
1617 2126 191 51 power
1860 2106 405 70 installations,
2316 2106 74 69 by

362 2186 230 53 Arthur
630 2186 65 52 L.
741 2186 158 56 Cook
944 2232 57 10 …
1083 2187 72 52 3d
1195 2187 105 69 ed.,
1341 2186 353 70 thoroughly
1734 2204 114 35 rev.
1929 2186 138 54 New
2112 2185 180 70 York,
2331 2185 56 55 J.

361 2265 191 70 Wiley
580 2266 46 51 &
654 2283 146 52 sons,
829 2267 141 66 inc.;
1001 2265 259 71 London,
1293 2264 303 70 Chapman
1626 2267 45 51 &
1700 2265 162 69 Hall,
1890 2263 242 70 limited,
2166 2267 150 51 1933.

430 2337 1958 51 2 p. l., iii-xiv, 463 p. illus., tables (1 fold.) diagrs. (part fold.) 19cm .
360 2393 134 51 $3.00

432 2453 238 41 Previous
697 2453 214 42 editions
939 2454 125 41 have
1096 2452 139 43 title:
1267 2454 216 41 Interior
1510 2453 179 50 wiring
1715 2455 96 40 and
1842 2456 211 47 systems
2081 2454 81 40 for
2191 2453 198 43 electric

359 2510 128 49 light
515 2511 98 41 and
641 2521 166 39 power
833 2511 202 41 service.

367 2567 52 52 ©
452 2572 111 39 Jan.
596 2573 69 45 14,
699 2571 143 47 1933;
876 2572 67 40 2c.
978 2572 96 39 and
1108 2570 84 41 aff.
1226 2571 112 40 Jan.
1371 2572 84 46 17;
1489 2571 41 38 A
1563 2570 171 48 58920;
1769 2571 54 39 A.
1859 2571 51 40 L.
1946 2570 144 47 Cook,
2125 2569 264 49 Brooklyn.

445 2628 254 48 (33-1952)

367 2696 253 67 [Cooley,
650 2699 198 64 Roger
878 2696 278 69 William]
1192 2702 174 50 1859-

434 2775 198 54 Briefs
662 2795 73 35 on
764 2777 97 53 the
887 2778 112 52 law
1031 2776 63 53 of
1121 2776 320 53 insurance.
1516 2777 74 52 2d
1620 2775 86 54 ed.
1784 2775 397 70 Supplement.
361 2778 2002 145 Prepared

593 2856 77 68 by
719 2856 98 53 the
868 2855 345 69 publishers’
1264 2855 273 54 editorial
1588 2852 152 57 staff.
1815 2856 203 53 Index.
2097 2854 290 71 Covering

361 2936 255 54 volumes
649 2938 114 50 1-8.
842 2935 228 54 Kansas
1103 2936 154 68 City,
1287 2936 135 62 Mo.,
1450 2937 236 54 Vernon
1713 2936 112 52 law
1852 2934 151 54 book
2031 2952 99 52 co.,
2160 2937 152 51 1932.

435 3021 43 38 v,
509 3009 85 41 621
625 3021 44 37 p.
726 3010 59 41 23½
816 3012 45 21 cm
867 3042 7 8 .

367 3062 53 53 ©
455 3067 112 41 Dec.
603 3067 41 47 2,
679 3066 143 49 1932;
858 3067 68 42 2c.
962 3068 111 40 Jan.
1108 3068 70 46 11,
1213 3065 144 50 1933;
1394 3066 82 41 aff.
1513 3067 111 41 Jan.
1687 3067 54 48 12;
1778 3067 42 39 A
1854 3066 172 48 58887;
2064 3067 193 40 Vernon
2293 3066 97 41 law

439 3125 125 40 book
586 3136 66 29 co.

364 3192 220 65 Coxon,
612 3192 215 54 Muriel
864 3193 217 67 (Hine)
1153 3195 140 52 "Mrs.
1324 3193 222 65 Sidney
1577 3194 257 55 Coxon.”

433 3270 195 69 Jenny
670 3270 210 69 Rorke,
923 3270 77 70 by
1043 3270 215 55 Muriel
1300 3270 173 54 Hine.
1556 3271 140 54 New
1742 3270 183 69 York,
1970 3271 73 53 D.
2088 3270 299 70 Appleton

361 3350 115 52 and
504 3366 301 52 company,
837 3352 152 51 1933.

431 3421 684 52 3 p. l., 340, [1] p. 19½ cm .
367 3476 52 53 ©
450 3481 110 40 Jan.
589 3481 69 43 20,
689 3481 143 48 1933;
861 3483 69 40 2c.
960 3484 96 39 and
1085 3482 82 41 aff.
1198 3483 111 40 Jan.
1338 3482 84 47 21;
1453 3483 42 39 A
1523 3481 172 48 58979;
1728 3482 58 40 D.
1860 3482 197 49 Appleton
2087 3482 37 40 &
2152 3493 67 29 co.

446 3538 254 49 (33-1847)

361 3603 213 67 David,
603 3606 212 53 Albert
844 3607 338 65 Augustus,
1213 3609 92 67 bp.
1337 3609 64 67 of
1427 3607 329 69 Liverpool,
1788 3607 171 53 1867-

432 3682 136 54 Life
594 3685 108 52 and
732 3685 97 53 the
852 3686 197 68 public
1072 3687 240 67 schools,
1338 3707 30 33 a
1396 3691 283 64 prospect,
1702 3686 77 67 by
1805 3686 97 53 the
1923 3686 98 52 Rt.
2046 3686 141 52 Rev.
2214 3684 72 53 A.
2309 3683 74 53 A.

363 3759 213 71 David,
608 3762 207 70 bishop
849 3763 64 54 of
946 3764 311 69 Liverpool
1298 3808 57 10 …
1430 3765 261 66 London,
1725 3764 53 52 A
1813 3763 352 54 MacLehose
2199 3765 51 51 &
2284 3780 99 50 co.,

362 3843 153 51 1932.

438 3914 773 52 x p., 2 l., 3-239, [1] p. 22 cm .
367 3966 2003 112 © 1c. Dec. 21, 1932; A ad int. 17329; pubd. Oct. 20; A. A. David, Liverpool,
585 4030 239 49 England.
897 4029 253 50 (33-2061)
