2582 4453
1310 4085 99 49 1556

360 383 237 68 Garvie,
631 383 215 56 Alfred
883 385 241 65 Ernest,
1161 389 173 51 1861-

430 461 1957 75 Can Christ save society? By A. E. Garvie … London,
356 543 245 53 Hodder
632 544 46 51 &
710 541 348 69 Stoughton,
1088 542 227 53 limited
1354 546 173 65 [1933]

428 618 87 40 254
549 629 43 37 p.
653 617 118 41 18cm.
836 617 116 50 [The
985 617 346 40 Westminster
1363 618 164 50 books]

431 676 380 48 Bibliography:
848 687 43 37 p.
925 675 221 42 253-254.

363 745 2025 55 © 1c. Oct. 10, 1933; A ad int. 18258; pubd. Sept. 7: A. E. Garvie,
428 808 214 39 London.
716 806 283 49 (33-33468)

363 911 203 65 Gates,
596 911 251 55 Charles
873 912 99 64 M.,
1001 912 85 53 ed.

434 988 142 55 Five
615 988 100 53 fur
750 988 224 54 traders
1012 988 63 53 of
1113 990 95 52 the
1246 988 358 66 Northwest;
1645 988 173 69 being
1857 989 95 56 the
1994 988 292 56 narrative
2325 990 63 53 of

361 1068 168 53 Peter
564 1067 166 52 Pond
767 1066 113 53 and
915 1068 97 53 the
1045 1064 212 57 diaries
1291 1066 65 54 of
1388 1067 158 54 John
1579 1067 345 69 Macdonell,
1960 1068 321 54 Archibald
2316 1068 70 53 N.

359 1146 273 69 McLeod,
657 1145 184 70 Hugh
869 1146 218 69 Faries,
1115 1146 113 53 and
1255 1145 250 56 Thomas
1536 1146 258 68 Connor;
1823 1146 191 56 edited
2043 1147 75 70 by
2149 1146 239 58 Charles

360 1224 80 56 M.
468 1224 192 68 Gates,
686 1224 141 53 with
852 1243 68 35 an
951 1223 390 55 introduction
1369 1224 73 70 by
1471 1223 182 56 Grace
1677 1225 111 56 Lee
1814 1225 166 55 Nute.
361 1226 2001 147 [Minneapolis]
495 1304 144 54 Pub.
681 1304 94 53 for
813 1305 98 54 the
947 1304 327 55 Minnesota
1315 1305 209 69 society
1565 1304 63 54 of
1669 1305 95 53 the
1807 1306 244 54 colonial
2091 1306 193 57 dames
2324 1308 63 53 of

361 1383 285 69 America,
681 1384 124 56 The
840 1382 340 70 University
1218 1383 63 53 of
1315 1381 325 57 Minnesota
1677 1403 177 50 press,
1893 1388 153 52 1933.

432 1442 1146 63 v p., 2 l., 3-298 p. illus. (maps) 21½cm.
363 1514 54 52 ©
447 1518 102 41 Oct.
578 1518 70 46 25,
679 1517 142 47 1933;
852 1517 68 40 2c.
950 1517 117 40 Nov.
1099 1517 83 46 11;
1215 1517 63 40 aff.
1328 1517 120 41 Nov.
1479 1517 82 48 10;
1594 1517 42 40 A
1665 1518 172 48 68023;
1872 1519 286 50 University
2187 1520 54 41 of
433 1521 1941 102 Minnesota,
649 1574 343 49 Minneapolis.
1066 1574 283 50 (33-32905)

360 1681 293 65 Hamsun,
688 1681 187 65 Knut,
913 1683 172 50 1859-

548 1756 1839 72 … Kämpfende kräfte; eine erzählung in zwei romanen.
359 1834 311 70 München,
697 1836 73 54 A.
799 1836 349 69 Langen/G.
1178 1837 233 70 Müller,
1441 1839 153 53 1933.

434 1910 600 52 598, [1] p., 1 l. 19 ½cm .
436 1968 162 42 “Neue
629 1968 229 48 ausgabe.
920 1969 40 39 1.
989 1967 74 42 bis
1093 1967 71 42 25.
1195 1967 254 42 tausend.”

434 2026 229 48 “Einzige
706 2025 301 48 berechtigte
1050 2025 327 49 Übersetzung
1419 2035 90 31 aus
1554 2027 108 39 dem
1706 2026 367 48 norwegischen
2118 2038 91 29 von
2254 2026 135 42 Niels

360 2081 432 53 Hoyer [ pseud .]”
713 2140 1170 48 CONTENTS. —Kinder ihrer zeit.—Die stadt Segelfoss.
363 2198 2028 52 © May 31, 1933; 1c. Sept. 26; A -Foreign 22261; Albert Langen-Georg
438 2259 179 40 Müller
645 2260 181 46 verlag,
856 2269 42 37 g.
928 2271 60 28 m.
1018 2259 42 40 b,
1089 2259 44 38 h.
1210 2257 283 49 (33-33117)

362 2362 394 67 Huddleston,
792 2362 212 66 Sisley,
1042 2366 173 49 1883-

512 2463 64 33 War
605 2443 189 54 unless
796 2476 88 34 —,
911 2442 77 68 by
1019 2442 186 68 Sisley
1236 2441 387 55 Huddleston.
1700 2443 260 67 London,
1994 2445 67 53 V.
2094 2443 294 68 Gollancz,

363 2524 124 64 ltd.,
518 2527 152 50 1933.

436 2596 88 42 288
552 2607 43 38 p.
657 2596 117 41 19cm.

365 2652 2025 52 © 1c. Oct. 25, 1933; A ad int. 18296; pubd. Aug. 28; S. Huddleston, St.
435 2712 167 41 Pierre
629 2712 226 47 d’Autils,
881 2722 90 37 par
998 2712 194 39 Vernon
1229 2710 178 50 (Eure)
1446 2711 201 40 France.
1721 2710 282 51 (33-33058)

363 2817 357 65 Hutchison,
754 2817 264 54 Graham
1051 2816 201 65 Seton,
1285 2819 175 50 1890-

434 2895 1954 70 Meteor, by Lieut.-Colonel Graham Seton Hutchison … with
365 2982 65 50 35
462 2977 401 53 illustrations.
941 2978 260 63 London,
1231 2976 371 53 Hutchinson
1634 2980 46 50 &
1710 2995 99 49 co.,
1837 2976 102 53 ltd.
1979 2979 173 65 [1933]

437 3051 86 41 288
554 3063 42 37 p.
658 3050 165 48 front.,
858 3051 171 47 plates,
1063 3052 150 46 ports.
1275 3049 147 41 23½cm.

368 3106 2021 103 “Excerpts from press reviews … of the work of the author”: p. 284-288.
367 3221 2024 53 © 1c. Oct. 7. 1933; A ad int. 18249; pubd. Aug. 11; G. S. Hutchison, St.
434 3284 198 44 Albans,
665 3283 237 46 England.
976 3280 283 48 (33-33059)

363 3385 336 64 Knowlton,
731 3384 331 56 Elizabeth.

435 3466 123 54 The
590 3465 203 53 Naked
825 3463 319 66 mountain,
1178 3463 74 68 by
1287 3462 304 54 Elizabeth
1624 3463 331 53 Knowlton.
2033 3463 139 53 New
2206 3462 180 53 York.

367 3545 260 62 London,
655 3544 68 56 G.
753 3545 65 52 P.
847 3543 301 53 Putnam’s
1174 3561 146 43 sons,
1352 3546 151 50 1933.

440 3596 1367 70 7 p. 1 l., 3-335 p. front., plates, ports., map. 24cm.
441 3677 142 39 Plate
623 3675 167 48 facing
832 3685 43 38 p.
917 3674 85 40 104
1044 3673 343 49 accompanied
1431 3673 61 48 by
1533 3673 155 48 guard
1731 3673 137 40 sheet
1910 3672 120 39 with
2072 3671 222 48 diagram
2337 3671 50 40 of

368 3733 184 42 Rakiot
582 3735 153 40 route.

443 3792 176 48 “Story
667 3791 52 41 of
769 3791 82 41 the
902 3791 211 40 German
1162 3789 259 41 American
1472 3789 263 48 Himalaya
1787 3788 279 48 expedition
2118 3790 48 37 to
2214 3787 168 47 Nanga

367 3849 569 41 Parbat.”—Foreword.

440 3906 171 41 “Rand
641 3906 252 41 Herron”:
925 3918 43 37 p.
1001 3905 250 51 [299]-310.

368 3961 52 52 ©
447 3965 102 41 Oct.
575 3964 70 44 27,
672 3963 141 49 1933;
843 3965 67 40 2c.
937 3964 118 41 Nov.
1083 3964 52 45 6;
1197 3963 49 39 aff.
1276 3964 117 39 Nov.
1423 3963 80 41 10;
1536 3963 38 38 A
1602 3962 114 40 66978;
1805 3963 51 38 E.
1886 3961 277 46 Knowlton,
433 3957 1938 112 Springfield,

595 4023 147 39 Mass.
814 4020 283 51 (33-33044)
