2484 4405
1041 4084 101 52 617

107 440 288 63 Acevedo,
427 438 328 56 Herminia.

179 514 1926 71 Leamos y juguemos, por Herminia Acevedo … y Ángela
107 593 1995 70 Luisa Muñoz de Rodríguez … Boston, Nueva York [etc.]
107 674 73 53 D.
211 675 61 54 C.
302 674 194 52 Heath
523 691 38 49 y
590 692 298 48 compama
941 676 176 63 [c1933]

179 746 61 41 vi.
297 747 55 39 162
380 758 42 37 p.
483 747 86 41 col.
597 746 162 46 front.,
791 746 128 40 illus.
980 745 145 40 19½cm.

114 801 52 52 ©
198 805 111 40 Feb.
338 805 69 46 21,
440 804 140 46 1933;
613 804 67 41 2c.
713 806 120 38 Mar.
867 803 81 47 10;
982 803 80 40 aff.
1097 804 113 47 Apr.
1242 802 52 46 8;
1329 802 39 38 A
1401 800 169 47 62018;
1606 802 56 39 D.
1696 800 50 41 C.
1778 801 164 39 Heath
1976 800 36 40 &
2042 812 66 29 co.

190 862 280 49 (33-11426)

106 965 314 54 American
476 964 245 54 medical
776 964 377 55 association.
1230 963 375 69 Cooperative
1660 963 318 53 committee
2035 981 65 33 on

175 1045 301 65 fractures.

175 1122 336 52 Illustrated
552 1121 214 67 primer
806 1141 70 33 on
918 1121 300 67 fractures,
1257 1121 280 68 prepared
1576 1119 75 68 by
1689 1119 97 53 the

106 1119 1977 134 Cooperative
270 1199 318 54 committee
637 1218 73 34 on
761 1199 298 67 fractures,
1109 1201 180 51 under
1340 1198 253 67 auspices
1643 1198 63 53 of
1758 1197 229 56 Section
2034 1216 74 35 on

105 1297 255 50 surgery,
405 1280 229 67 general
682 1279 112 52 and
844 1279 328 52 abdominal
1219 1279 112 52 and
1380 1277 227 55 Section
1654 1296 73 34 on
1774 1277 334 69 orthopedic

105 1375 255 51 surgery,
395 1357 61 53 in
491 1358 363 66 cooperation
890 1357 140 52 with
1067 1358 380 67 Department
1482 1356 63 53 of
1580 1355 273 55 scientific
1890 1355 218 53 exhibit

104 1436 64 54 of
190 1437 96 53 the
308 1436 306 54 American
638 1436 239 53 medical
903 1435 355 54 association.
1333 1436 71 53 3d
1429 1435 84 54 ed.
1591 1434 270 71 Chicago,

105 1435 1977 135 American
236 1516 242 53 medical
506 1514 355 69 association,
925 1518 118 51 1933.

174 1590 70 48 67,
269 1609 54 30 [1]
346 1601 43 37 p.
449 1588 128 41 illus.
637 1588 117 41 30cm.

174 1647 254 40 Alternate
457 1656 146 38 pages
631 1646 148 39 blank
805 1645 79 42 for
915 1644 221 42 “Notes”.

177 1704 160 40 “First
375 1703 197 48 edition,
615 1703 292 48 September,
976 1702 85 41 1930;
1130 1705 174 38 second
1342 1703 196 48 edition,
1579 1703 128 49 July,
1749 1703 140 48 1931;
1931 1707 172 38 second

104 1761 182 41 edition
329 1761 198 48 (second
559 1760 241 49 printing)
842 1760 282 48 November,
1159 1759 139 48 1931;
1334 1760 131 40 third
1498 1760 197 47 edition,
1730 1761 182 49 March,
1947 1761 156 40 1933.”

109 1815 52 52 ©
190 1820 114 46 Apr.
332 1820 40 45 4,
403 1819 140 46 1933;
575 1819 67 39 2c.
672 1819 114 46 Apr.
817 1818 51 47 8;
902 1817 82 41 aff.
1014 1818 115 47 Apr.
1161 1818 81 47 19;
1275 1819 41 38 A
1346 1818 171 48 61410;
1549 1820 159 39 Amer.
1740 1820 204 40 medical
1978 1832 126 29 assn.

187 1876 279 48 (33-11475)

102 1974 256 58 Arizona
389 1978 111 53 and
530 1976 210 55 Pacific
769 1977 202 69 digest,
1001 1977 268 71 covering
1299 1979 77 53 all
1404 1997 149 36 cases
1584 1981 267 68 reported
1880 1983 60 53 in

171 1982 1905 127 Arizona
360 2063 239 62 reports,
682 2060 303 64 1866-1931;
1036 2056 212 54 Pacific
1296 2065 273 61 reporter,
1614 2061 252 52 volumes
1946 2065 156 58 1-300,

173 2137 113 51 and
319 2137 76 51 all
427 2136 62 52 of
522 2137 96 52 the
651 2133 211 57 Pacific
896 2142 172 47 states
1103 2142 223 63 reports
1361 2138 153 54 from
1546 2139 96 52 the
1675 2139 227 54 earliest
1938 2141 163 53 times

232 2213 1868 71 … Compiled and edited by the publisher’s editorial staff,
211 2337 11 11 v.
248 2295 185 51 38-40.
513 2292 83 55 St.
623 2295 165 67 Paul,
813 2296 159 53 West
997 2294 335 70 publishing
1358 2315 97 49 co.,
1518 2300 117 50 1933.

172 2370 29 39 3
230 2380 43 28 v.
332 2368 116 40 26cm.

451 2435 107 30 CONTENTS.—v.
593 2423 73 42 38.
702 2424 555 41 Venue-Wharves—v.
1295 2425 72 41 39.
1404 2427 324 41 Wills-Work
1764 2431 94 38 and
104 2430 2002 91 labor.—v.
176 2480 75 42 40.

276 2482 148 40 Table
453 2481 52 40 of
531 2492 136 30 cases
695 2481 232 49 digested.

108 2534 52 52 ©
191 2539 112 47 Apr.
333 2539 69 46 27,
433 2538 140 45 1933;
605 2539 67 39 2c.
703 2539 117 39 each
852 2538 95 40 and
976 2537 109 42 affs.
1118 2540 114 47 May
1262 2539 81 47 11;
1377 2540 41 38 A
1449 2540 346 48 61734-61736;
1828 2543 135 40 West
1994 2544 110 48 pub.

176 2607 67 30 co.

99 2685 331 66 Armitage,
455 2687 201 64 Merle,
684 2692 171 49 1893-

170 2764 121 52 The
322 2763 158 53 work
508 2763 64 53 of
603 2764 413 68 Maier-Krieg,
1045 2765 76 68 by
1150 2765 180 53 Merle
1360 2765 318 70 Armitage.
1753 2768 140 53 New
1924 2770 180 68 York,

105 2843 66 52 A.
198 2842 71 53 A.
295 2841 226 69 Knopf,
550 2844 150 51 1932.

171 2918 27 38 4
223 2927 44 37 p.
314 2947 22 16 l.,
363 2916 29 40 8
414 2927 57 37 p.,
498 2917 27 38 2
570 2946 8 9 1.
638 2914 150 43 front.
817 2916 172 48 (port.)
1015 2917 57 40 40
1097 2928 62 37 pl.
1220 2916 116 41 29cm.

172 2973 304 48 Descriptive
501 2974 284 47 letterpress
812 2984 58 29 on
897 2984 165 31 versos
1086 2974 167 48 facing
1276 2975 171 48 plates.

101 3030 1981 98 “Five hundred copies of this book have been printed … This is number
211 3087 130 41 245.”
402 3087 203 48 Signed:
641 3088 51 39 E.
725 3087 155 41 Maier
909 3088 165 48 Krieg.

106 3141 52 53 ©
183 3146 100 41 Oct.
339 3178 8 15 1,
371 3145 139 48 1932;
537 3146 65 40 2c.
629 3147 94 39 and
749 3145 82 42 aff.
856 3146 122 42 Mar.
1002 3147 69 47 17,
1096 3146 142 48 1933;
1264 3147 41 40 A
1329 3148 170 50 62313;
1526 3151 172 43 Alfred
1722 3153 55 43 A.
1803 3155 168 49 Knopf
2010 3156 76 43 inc

183 3204 279 48 (33-11228)

98 3294 402 63 Ashenhurst,
530 3293 173 55 John.

169 3370 99 52 All
295 3369 171 53 about
495 3369 269 69 Chicago,
789 3370 75 68 by
891 3371 155 53 John
1075 3371 361 56 Ashenhurst
1462 3376 110 52 and
1603 3377 157 55 Ruth
1787 3381 65 52 L.

98 3382 1973 133 Ashenhurst;
326 3448 140 52 with
500 3448 287 52 woodcuts
819 3448 75 68 by
930 3450 61 54 C.
1027 3449 245 53 Turzak.
1349 3452 216 54 Boston
1599 3458 111 52 and
1745 3458 140 54 New
1921 3463 176 51 York.

97 3526 320 68 Houghton
443 3523 204 55 Mifflin
674 3544 296 50 company,
1000 3529 152 50 1933.

167 3602 28 38 4
222 3612 43 37 p.
315 3632 22 15 l.,
364 3600 86 40 268
476 3611 42 36 p.
577 3599 164 43 front.,
770 3601 171 46 plates.
1002 3600 116 39 17cm.

105 3654 52 52 ©
184 3659 112 47 Apr.
322 3658 69 47 26,
418 3657 113 40 1933;
587 3657 66 40 2c.
682 3658 113 46 May
822 3657 52 47 1;
904 3657 81 41 aff.
1014 3659 116 44 May
1155 3658 53 46 2;
1237 3658 41 39 A
1305 3658 170 52 61586;
1505 3664 44 39 J.
1578 3666 63 40 M.
1667 3668 309 45 Ashenhurst
2004 3678 95 38 and

173 3715 132 42 Ruth
335 3715 50 39 L.
416 3715 319 47 Ashenhurst,
767 3712 225 50 Chicago.
1061 3714 280 51 (33-11592)

95 3803 183 65 Babb,
310 3805 180 64 Hugh
521 3804 290 65 Webster,
845 3805 171 55 1887-

168 3881 373 56 Commercial
573 3881 111 52 law
716 3899 168 49 cases,
914 3880 323 68 negotiable
1270 3882 386 76 instruments,
1689 3893 74 68 by
1794 3894 101 57 Hugh
2009 3903 86 52 W.

99 3958 1994 91 Babb … Boston, Mass., Blanchard printing company [c1933]
