2597 4403
1328 4050 103 51 208

442 455 1376 52 3 p. l., [ix]-xii, 377 p., 1 l. illus., XI col. pl. 33 cm .
442 515 214 48 Initials,
688 516 125 39 head
845 516 96 38 and
973 515 90 40 tail
1093 515 173 48 pieces.

443 573 136 40 Each
605 574 133 46 plate
767 571 347 49 accompanied
1142 573 61 47 by
1230 571 103 41 leaf
1362 571 122 40 with
1513 570 185 41 outline
1726 568 225 51 drawing
1978 570 94 41 and
2102 569 295 51 descriptive

371 633 302 45 letterpress.

445 686 1659 50 “Notions d’entomologie à l ’usage du pecheur”: p. 183-224.
376 758 52 53 ©
460 762 104 41 Oct.
595 762 69 48 10,
695 762 143 48 1932;
871 763 66 39 1c.
969 762 113 41 Dec.
1113 760 84 46 29;
1230 760 314 49 A-Foreign
1575 760 172 48 19115;
1780 760 212 41 Antoine
2024 761 183 45 Vavon,
2241 757 157 43 Paris.

456 819 253 50 (33-5314)

373 923 316 67 Veenstra,
716 924 308 54 Theodore
1055 923 255 57 Arthur.

370 1000 2003 152 … Housing status of salaried workers employed in Pittsburgh,
607 1082 76 70 by
713 1082 300 54 Theodore
1042 1083 72 53 A.
1146 1084 299 54 Veenstra.
1522 1080 365 70 Pittsburgh,
1916 1083 123 66 Pa.,
2072 1083 231 52 Bureau
2334 1080 63 53 of

370 1160 1651 71 business research, University of Pittsburgh [ c 1932]
444 1245 1949 54 5 p. l., 99 p. illus. (maps) diagrs. 22½ cm . ([Pittsburgh. University]
374 1309 198 39 Bureau
602 1307 53 41 of
680 1307 224 41 business
934 1308 228 40 research
1191 1307 342 48 monographs,
1593 1317 77 30 no.
1697 1305 51 49 1)

447 1366 315 47 “University
791 1366 51 40 of
870 1365 290 49 Pittsburgh
1186 1364 222 42 bulletin,
1469 1376 44 33 v.
1539 1364 71 48 28,
1638 1375 74 31 no.
1740 1363 100 42 20.”

377 1435 52 53 ©
461 1440 129 39 June
621 1438 70 49 10,
723 1438 143 48 1932;
899 1437 69 43 2c.
1002 1438 112 41 Feb.
1146 1438 41 47 2,
1219 1436 143 49 1933;
1398 1436 83 44 aff.
1514 1437 113 42 Feb.
1659 1437 52 47 1;
1747 1437 41 39 A
1820 1436 172 49 59232;
2030 1434 284 51 University
2348 1435 53 41 of

444 1496 305 49 Pittsburgh.
822 1495 254 51 (33-4579)

369 1599 271 66 Warren,
674 1600 230 65 George
935 1598 339 68 Frederick,
1307 1600 128 56 1874-

443 1677 1889 70 Prices, by George F. Warren … and Frank A. Pearson …
371 1755 142 55 New
548 1756 182 69 York,
763 1757 58 55 J.
855 1757 194 69 Wiley
1082 1760 47 52 &
1159 1776 150 50 sons,
1341 1757 140 68 inc.;
1516 1757 262 68 London,
1812 1756 307 69 Chapman
2152 1760 48 51 &
2233 1757 161 67 Hall,

371 1835 245 67 limited,
651 1840 153 50 1933.

447 1924 50 40 vi
537 1934 60 38 p.,
641 1924 25 39 1
744 1955 9 17 l.,
794 1923 89 41 386
923 1935 43 38 p.
1029 1922 182 50 diagrs.
1272 1922 56 41 23½
1363 1925 43 22 cm
1410 1955 10 10 .
1503 1923 254 50 (Lettered
1800 1934 64 30 on
1905 1933 166 31 cover:
2112 1925 101 42 The
2258 1925 139 43 Price

373 1981 177 49 series)
678 1980 132 49 $3.90

448 2037 353 51 Bibliography
829 2042 53 38 at
908 2039 94 41 end
1029 2039 53 41 of
1106 2042 127 38 most
1259 2038 53 42 of
1339 2039 82 41 the
1448 2039 243 50 chapters.

377 2107 52 53 ©
461 2111 112 41 Feb.
603 2111 70 47 18,
704 2110 143 49 1933;
878 2111 69 41 2c.
979 2111 112 41 Feb.
1121 2110 49 40 21
1196 2122 9 36 ;
1239 2109 83 43 aff.
1354 2111 112 39 Feb.
1497 2111 83 47 23;
1613 2111 42 39 A
1684 2110 172 50 59622;
1891 2112 54 40 G.
1979 2112 51 41 F.
2062 2112 207 41 Warren
2302 2115 96 39 and

446 2169 168 41 Frank
644 2169 53 40 A.
731 2169 231 47 Pearson,
996 2169 190 47 Ithaca,
1218 2169 57 39 N.
1309 2169 54 39 Y.
1434 2167 254 51 (33-4972)

367 2271 401 66 Washington
813 2273 221 69 (State)
1118 2275 187 68 Laws,
1336 2279 262 63 statutes,
1628 2280 100 50 etc.

439 2352 400 69 Remington’s
897 2352 223 54 revised
1178 2357 242 51 statutes
1479 2353 64 53 of
1600 2353 407 70 Washington,
2063 2355 332 70 annotated,

368 2431 263 70 showing
661 2434 78 51 all
769 2437 244 49 statutes
1039 2435 63 52 in
1132 2432 160 54 force
1319 2438 60 49 to
1411 2433 115 53 and
1554 2433 305 71 including
1886 2435 98 54 the
2012 2434 213 55 session
2254 2436 141 54 laws

368 2511 1507 71 of 1931, by Hon. Arthur Remington … v. 10,
1905 2517 81 52 11.
2065 2514 119 56 San
367 2516 2003 142 Francisco,
566 2589 594 72 Bancroft-Whitney
1192 2611 100 50 co.,
1327 2595 152 51 1933.

442 2673 29 39 2
498 2685 43 28 v.
599 2671 56 41 23½
689 2674 45 21 cm
739 2705 8 8 .

448 2730 181 40 Pocket
656 2728 165 42 device
849 2740 60 29 on
936 2728 162 42 inside
1122 2729 52 41 of
1199 2729 124 41 back
1349 2740 142 30 cover
1518 2730 55 41 of
1597 2731 118 41 each
1742 2732 206 41 volume.

449 2787 111 41 Seal
591 2787 52 40 of
677 2786 85 41 the
792 2788 129 39 state
957 2787 51 40 of
1040 2786 326 50 Washington
1399 2788 228 41 included
1662 2788 48 40 in
1745 2789 120 41 each
1899 2791 207 40 volume.

375 2853 53 52 ©
463 2857 111 40 Jan.
608 2857 70 49 27,
713 2857 141 47 1933;
891 2858 68 40 2c.
993 2858 119 40 each
1147 2858 97 40 and
1277 2857 110 42 affs.
1423 2858 111 40 Feb.
1568 2860 54 47 3;
1659 2859 40 40 A
1734 2858 159 50 59289,
1929 2857 172 50 59290;
445 2860 1951 103 Bancroft-Whitney

709 2926 67 29 co.
858 2910 56 53 [©
943 2915 249 41 additions
1226 2917 97 39 and
1355 2915 255 51 revisions]

369 3017 199 66 Wells,
601 3019 294 66 Webster,
931 3024 328 52 1851-1916.

445 3095 222 56 Second
702 3097 150 53 book
885 3098 61 52 in
982 3099 253 68 algebra,
1269 3100 76 68 by
1379 3101 262 55 Webster
1676 3102 181 54 Wells
1892 3102 114 53 and
2040 3103 223 54 Walter
2299 3105 90 54 W.

369 3174 1327 73 Hart … Boston, New York [etc.] D. C.
1729 3181 198 53 Heath
1960 3182 115 53 and
2108 3201 283 51 company

377 3289 13 34 [
396 3261 18 22 c
419 3258 155 65 1933]

442 3330 83 47 vii,
552 3329 88 43 270
666 3342 43 37 p.
766 3331 183 50 diagrs.
1008 3332 56 41 19½
1097 3335 45 22 cm
1147 3364 8 8 .

376 3396 52 53 ©
455 3402 111 40 Jan.
590 3401 70 47 23,
686 3401 142 47 1933;
856 3402 69 41 2c.
952 3403 111 40 Feb.
1089 3402 53 48 2;
1173 3402 83 42 aff.
1283 3404 122 40 Mar.
1433 3404 83 48 15;
1544 3406 41 39 A
1611 3404 171 49 59227;
1812 3406 161 49 Emily
2002 3407 54 39 R.
2085 3406 164 49 Wells,

445 3409 1930 98 Boston,
573 3460 95 39 and
700 3460 188 40 Walter
918 3460 72 41 W.
1020 3460 144 48 Hart,
1197 3461 240 49 Madison,
1467 3462 118 40 Wis.
1650 3458 68 54 [©
1749 3466 197 46 general
1977 3463 213 42 revision
2222 3464 36 41 &
2288 3476 106 29 new

443 3518 196 47 matter]
714 3516 252 48 (33-3584)

369 3618 395 67 Wentworth,
796 3622 283 55 Patricia.

442 3694 364 72 Outrageous
833 3698 234 55 fortune
1114 3700 94 69 [by]
1239 3701 258 55 Patricia
1521 3703 377 54 Wentworth.
1961 3704 429 70 Philadelphia,

370 3774 1046 70 J. B. Lippincott company [ c 1933]
438 3849 89 41 320
560 3861 43 39 p.
665 3848 58 42 19½c
771 3853 28 21 m
804 3883 9 9 .

376 3915 52 54 ©
461 3920 111 42 Feb.
604 3921 39 47 6,
674 3921 142 50 1933;
849 3923 68 41 2c.
950 3925 95 39 and
1078 3924 82 40 aff.
1194 3924 112 42 Feb.
1337 3925 84 49 24;
1454 3926 41 40 A
1526 3925 171 49 60364;
1733 3929 44 40 J.
1809 3929 53 39 B.
1896 3927 279 50 Lippincott
2208 3940 68 30 co.

454 3978 252 49 (33-4543)
