2540 4453
1133 4110 100 45 455

225 461 142 54 This
398 461 197 68 bright
622 479 263 34 summer.
959 459 138 52 New
1128 457 180 68 York,
1338 456 214 68 Covici,
1582 454 226 68 Friede,
1839 457 153 50 1933.

229 533 99 47 343,
361 533 55 52 [1]
446 543 43 38 p.
551 532 56 41 19½
639 534 44 22 cm
687 565 10 9 .

233 590 163 40 “First
424 589 229 48 printing,
684 588 265 47 February,
979 586 142 48 1933;
1155 586 175 41 second
1358 583 232 50 printing,
1621 581 266 51 February,
1916 579 159 44 1933.”

165 657 52 52 ©
245 662 110 39 Feb.
381 660 70 48 28,
478 659 140 48 1933;
646 659 72 41 2c.
740 660 114 48 Apr.
881 661 52 46 1;
963 658 82 41 aff.
1071 658 113 48 Apr.
1213 657 53 47 6;
1295 657 43 39 A
1364 656 169 47 61267;
1566 654 177 48 Covici,
1772 652 187 44 Friede,
1987 652 92 40 inc.

241 716 249 50 (33-8419)

157 817 356 67 Thompson,
543 818 154 55 John
729 817 155 65 Eric,
916 822 170 51 1898-

234 896 222 53 Mexico
483 896 194 52 before
708 896 232 66 Cortez;
973 914 72 35 an
1074 899 235 49 account
1340 893 64 54 of
1431 894 96 52 the
1556 892 161 67 daily
1744 891 125 68 life,
1899 890 262 68 religion,

166 975 112 52 and
326 974 175 52 ritual
547 974 63 53 of
656 975 95 51 the
797 973 205 54 Aztecs
1050 973 111 52 and
1208 971 245 53 kindred
1500 971 248 68 peoples,
1795 971 73 65 by
1916 969 58 54 J.
2021 968 138 53 Eric

164 1047 1869 72 Thompson … New York, London, C. Scribner’s sons, 1933.
237 1133 45 39 x,
311 1125 86 41 298
424 1137 44 36 p.
526 1122 165 51 front.,
719 1125 142 47 illus.,
890 1125 172 49 plates.
1121 1124 57 40 20½
1210 1126 44 21 cm
1258 1155 9 9 .

241 1181 245 42 “Selected
518 1181 363 49 bibliography”:
940 1193 44 38 p.
1013 1181 99 40 291.

170 1249 52 52 ©
254 1254 122 39 Mar.
406 1253 70 46 31,
509 1252 111 41 1933;
683 1253 65 39 2c.
784 1253 121 40 Mar.
937 1253 83 46 31;
1055 1251 82 41 aff.
1169 1251 114 48 Apr.
1316 1250 82 48 10;
1432 1250 41 39 A
1505 1249 169 48 60932;
1711 1250 45 41 J.
1789 1250 53 41 E.
1875 1249 290 48 Thompson,

237 1310 211 40 London.
519 1309 251 49 (33-8687)

163 1409 281 67 Tolstaia,
475 1413 373 53 Aleksandra
878 1411 284 67 L'vovna,
1191 1411 278 69 grafīni͡a,
1500 1414 172 50 1884-

243 1492 121 52 The
405 1493 244 67 tragedy
689 1490 66 53 of
795 1491 256 69 Tolstoy,
1091 1492 75 67 by
1211 1489 275 55 Countess
1527 1488 334 54 Alexandra
1905 1489 266 68 Tolstoy;

172 1570 316 54 translated
527 1571 76 67 by
643 1570 182 52 Elena
864 1569 281 55 Yarneck.
1221 1569 139 53 New
1400 1569 226 68 Haven,
1667 1568 146 53 Yale
1853 1567 319 69 university

173 1667 185 49 press;
392 1648 259 68 London,
681 1648 78 52 H.
793 1647 268 68 Milford,
1094 1647 231 55 Oxford
1357 1647 319 69 university
1710 1664 175 51 press,
1921 1649 151 51 1933.

245 1734 32 29 x
303 1734 58 38 p.,
388 1722 26 40 2
463 1753 21 16 l.,
512 1721 85 41 294
623 1733 42 38 p.
722 1723 163 47 front.,
914 1723 170 48 plates,
1112 1725 150 46 ports.
1317 1721 56 42 24
1376 1725 15 21 cm
1425 1754 9 10 .

243 1779 291 41 “Published
565 1790 60 29 on
657 1781 81 39 the
769 1779 235 49 Kingsley
1037 1782 129 38 trust
1198 1778 297 43 association
1527 1777 301 52 publication
1860 1779 122 40 fund
175 1778 1979 99 established
354 1837 61 47 by
441 1837 80 40 the
551 1837 151 40 Scroll
731 1838 94 39 and
854 1837 89 48 key
971 1836 182 49 society
1181 1836 51 41 of
1259 1837 119 41 Yale
1406 1835 221 50 college.”

175 1890 52 52 ©
254 1895 121 40 Mar.
401 1894 70 47 21,
496 1893 140 47 1933;
664 1894 67 41 2c.
757 1894 113 48 Apr.
898 1895 82 46 13;
1010 1893 82 41 aff.
1118 1894 114 47 Apr.
1259 1894 83 48 12;
1371 1894 41 39 A
1438 1893 170 48 62012;
1638 1894 122 41 Yale
1785 1892 130 41 univ.
1943 1901 150 40 press.

253 1951 279 48 (33-27103)

171 2051 317 55 Unitarian
516 2054 290 64 laymen’s
831 2055 227 64 league.

245 2128 289 69 Publicity
584 2131 355 66 suggestions
990 2130 92 52 for
1133 2129 312 55 Unitarian
1492 2130 286 67 churches,
1829 2128 348 70 comprising

174 2207 261 67 personal
481 2207 174 67 work,
700 2206 178 54 direct
923 2206 386 69 distribution,
1353 2207 180 69 radio,
1579 2206 356 71 periodicals,
1981 2206 193 69 public

176 2282 226 70 display
407 2325 18 30 ;
457 2283 385 55 institutional
883 2284 307 66 activities;
1234 2285 139 54 with
1413 2284 215 69 sample
1670 2284 354 69 advertising
2063 2284 110 54 and

175 2361 277 53 technical
479 2361 320 54 directions.
865 2362 232 69 Boston,
1125 2362 190 68 Mass.,
1343 2362 311 55 Unitarian
1680 2363 272 68 laymen’s
1980 2364 196 67 league

181 2442 173 66 [1933]

247 2511 283 48 cover-title,
562 2511 69 48 53,
665 2512 54 49 [1]
752 2524 42 36 p.
854 2511 129 42 illus.
1042 2513 56 40 23
1101 2515 44 22 cm
1150 2545 8 8 .

248 2567 249 49 “Samples
529 2568 52 39 of
613 2567 262 49 publicity”:
942 2581 43 36 p.
1035 2569 177 49 [48]-53.

182 2622 52 53 ©
261 2627 110 41 Feb.
398 2629 70 47 11,
493 2628 141 47 1933;
661 2628 68 41 2c.
756 2629 123 40 Mar.
905 2629 83 47 25;
1016 2628 83 42 aff.
1126 2630 123 40 Mar.
1274 2629 83 43 27;
1385 2629 42 40 A
1453 2629 170 48 61108;
1654 2630 263 41 Unitarian
1945 2630 233 47 laymen’s

250 2686 184 47 league.
505 2684 225 49 (33-8769
741 2687 15 47 )

177 2784 280 67 Vaillant,
490 2787 227 64 George
749 2787 200 65 Clapp,
982 2793 172 51 1901-

253 2863 166 55 Some
460 2864 403 55 resemblances
904 2866 61 52 in
1004 2868 97 51 the
1144 2867 266 53 ceramics
1453 2868 65 52 of
1559 2868 234 56 Central
1836 2869 113 53 and
1991 2870 183 52 North

182 2941 1973 232 America, English version of Semejanzas del material de cultura en la America Central y la del Norte, by George C. Vaillant … [Globe, Ariz., Priv. print. for the Medallion, 1932]
255 3172 24 37 1
311 3183 41 36 p.
380 3172 45 47 l.,
454 3172 56 40 50
538 3184 42 36 p.
641 3172 128 42 illus.
829 3174 55 39 25½
917 3177 44 21 cm
966 3207 8 8 .

257 3228 211 47 “Papers
505 3229 244 42 delivered
786 3233 52 38 at
873 3232 82 40 the
992 3233 173 40 second
1203 3231 236 42 scientific
1476 3242 225 38 congress
1738 3232 52 41 of
1826 3234 81 40 the
1948 3234 231 41 Sociedad

187 3284 238 42 cientifica
454 3286 211 41 Antonio
695 3288 172 40 Alzate
893 3288 50 40 in
974 3289 187 40 Mexico
1191 3289 113 48 city,
1338 3289 291 49 September,
1660 3290 158 41 1930.”

259 3341 201 42 “Works
490 3344 308 41 consulted”:
828 3356 44 38 p.
899 3345 158 41 39-50.

191 3394 52 53 ©
272 3400 117 40 Nov.
419 3402 69 46 17,
519 3401 139 47 1932;
691 3402 68 41 2c.
788 3403 119 42 Nov.
937 3404 83 48 29;
1053 3404 87 40 aff.,
1166 3404 118 41 Nov.
1314 3404 83 47 30;
1430 3404 41 39 A
1501 3404 171 49 57279;
1707 3406 53 41 G.
1793 3406 193 47 Pueblo,
2022 3407 161 46 Globe,

257 3456 126 39 Ariz.
457 3457 249 49 (33-8254)

185 3558 265 66 Warren,
481 3561 328 65 Raymond.

260 3634 296 56 Abraham
605 3639 241 53 Lincoln
898 3660 60 34 as
1009 3662 31 33 a
1092 3642 269 67 spiritual
1412 3643 293 68 influence,
1754 3646 77 66 by
1878 3647 303 65 Raymond

191 3710 259 69 Warren,
487 3714 139 53 with
667 3734 31 35 a
735 3717 285 54 foreword
1057 3720 76 66 by
1170 3720 57 54 J.
1264 3719 279 55 Gilchrist
1579 3722 261 54 Lawson.
1912 3723 271 69 Chicago,

192 3788 121 53 The
342 3790 364 68 Progressive
736 3800 236 62 century
1001 3815 97 47 co.,
1130 3799 150 51 1933.

266 3861 26 39 2
316 3874 43 36 p.
385 3863 44 47 l.,
456 3863 114 42 7-30
593 3879 42 36 p.
661 3865 108 43 incl.
794 3868 163 47 front.,
981 3871 171 47 plates,
1177 3872 150 46 ports.
1387 3870 55 41 23½
1475 3873 45 23 cm
1523 3904 9 8 .

266 3918 314 51 Advertising
604 3924 207 40 matter:
839 3936 44 37 p.
910 3924 159 42 29-30.

197 3972 52 52 ©
277 3977 120 40 Mar.
425 3978 69 47 28,
523 3978 139 48 1933;
692 3981 66 40 2c.
787 3982 113 47 Apr.
927 3983 53 46 3;
1012 3982 81 41 aff.
1121 3983 115 48 Apr.
1293 3983 52 47 10;
1377 3984 41 39 A
1445 3984 171 50 60948;
1647 3985 312 50 Progressive
1984 3991 204 45 century

263 4043 66 30 co.
400 4033 249 50 (33-8692)
