2484 4405
1036 4040 104 52 763

153 469 132 41 “List
312 468 51 41 of
389 467 165 42 cases”
572 478 9 29 :
612 478 43 38 p.
683 466 216 40 331-340.

152 523 331 42 “Authorities
512 522 154 42 cited”
685 533 10 30 :
725 534 43 37 p.
797 521 216 41 327-330.

82 579 51 52 ©
160 584 112 47 Apr.
303 583 67 46 15,
400 582 139 44 1933;
570 581 67 40 2c.
665 580 113 47 Apr.
807 579 82 45 21;
921 578 81 40 aff.
1033 579 116 45 May
1177 577 81 46 16;
1290 577 41 38 A
1360 575 169 47 62690;
1562 577 59 37 H.
1652 576 50 38 L.
1734 577 189 45 Brown,
149 576 1909 112 Burlingame.
400 638 143 41 Calif.
615 636 278 48 (33-13498)

77 727 341 56 California.
492 727 245 53 District
766 733 185 46 courts
980 726 62 67 of
1069 725 222 67 appeal.

146 802 1925 72 Reports of cases determined … from October 15, 1932, to
75 885 318 54 November
427 887 83 64 30,
546 887 150 49 1932.
766 884 309 67 Randolph
1110 885 68 51 V.
1212 883 285 68 Whiting,
1529 887 272 63 reporter.
1870 884 202 68 Henry

76 965 65 51 F.
175 963 275 69 Wrigley,
483 962 261 54 William
778 964 64 51 F.
876 963 298 65 Traverso,
1207 963 147 53 Wm.
1389 962 339 66 Nankervis,
1760 962 90 68 jr.,
78 962 1972 133 assistant

202 1046 298 63 reporters,
563 1062 50 32 v.
644 1040 114 53 127.
823 1040 116 55 San
967 1040 321 67 Francisco,
1317 1040 585 70 Bancroft-Whitney
76 1060 1975 129 company,
278 1123 149 49 1933.

148 1194 184 46 xxxvii,
363 1194 87 40 929
477 1204 43 37 p.
577 1194 59 38 22½
666 1195 44 21 cm
716 1226 7 8 .

84 1248 51 52 ©
167 1253 126 39 June
324 1251 68 47 22,
425 1249 139 47 1933;
598 1250 67 40 2c.
698 1251 95 38 and
825 1249 82 40 aff.
940 1250 125 39 June
1095 1250 84 39 28:
1213 1250 40 38 A
1286 1250 169 46 63434;
1491 1250 487 48 Bancroft-Whitney
2010 1261 66 30 co.

80 1341 216 64 Cappa,
327 1339 278 56 Antonio.

213 1412 1846 71 … Il matrimonio concordatario, la famiglia. Empoli, R.
81 1496 271 67 Noccioli,
389 1501 149 50 1932.

153 1569 455 50 79, [1] p. 19½ cm .
156 1626 63 41 At
245 1626 124 40 head
396 1626 51 39 of
473 1626 134 40 title:
638 1627 131 39 Dott.
797 1624 210 41 Antonio
1038 1624 163 48 Cappa
1230 1623 48 40 di
1306 1623 181 40 Nicola.

87 1678 1993 54 © Feb. 11, 1932; 1c. Sept. 16; A-Foreign 18034; A. Cappa di Nicola,
159 1741 155 46 Siena,
356 1742 143 46 Italy.
570 1740 279 48 (33-13219)

85 1830 213 67 [Clark,
328 1830 238 54 Briscoe
594 1828 284 69 Baldwin]

82 1906 1974 149 New York law of contracts … Supplement, 1932 … [Northport,
259 1988 68 53 N.
357 1988 90 66 Y.,
476 1987 252 53 Edward
759 1988 329 68 Thompson
1118 2005 296 51 company,
1442 1994 17 21 c
1464 1989 152 64 1933]

155 2062 26 39 2
209 2074 43 27 v.
309 2062 55 40 23
368 2064 43 20 cm
417 2094 8 8 .

155 2118 293 41 Cover-title.

158 2175 156 40 These
340 2175 272 47 pamphlets
642 2186 82 29 are
755 2178 48 37 to
832 2176 55 38 be
916 2175 138 39 fitted
1084 2175 103 40 into
1218 2176 80 39 the
1328 2175 194 47 pockets
1554 2178 51 36 at
1636 2176 79 38 the
1746 2175 147 39 backs
1923 2175 51 39 of
2004 2180 80 34 the

87 2232 214 38 volumes
329 2231 51 40 of
406 2233 80 38 the
513 2234 72 37 set
614 2234 47 37 to
690 2231 157 40 which
876 2233 115 45 they
1016 2231 183 48 belong.

91 2283 51 52 ©
171 2288 108 39 Jan.
307 2288 69 47 27,
406 2287 112 41 1933
538 2299 8 34 ;
576 2288 68 40 2c.
672 2289 118 39 each
819 2290 95 38 and
944 2288 81 40 aff.
1056 2289 126 39 June
1212 2290 52 45 7;
1297 2289 41 38 A
1367 2288 170 46 63061;
1570 2290 211 38 Edward
1810 2289 275 46 Thompson

159 2356 65 28 co.

86 2430 252 68 Clinton,
367 2434 246 55 Charles
637 2434 354 67 Alexander,
1021 2441 171 50 1865-

157 2510 255 54 Married
447 2512 388 67 sweethearts;
874 2513 93 52 the
1003 2513 117 52 role
1156 2511 64 53 of
1251 2532 95 34 sex
1379 2513 272 53 behavior
1687 2513 60 53 in
1783 2515 302 69 marriage,

89 2587 75 71 by
202 2587 235 56 Charles
472 2588 72 55 A.
583 2588 252 70 Clinton,
870 2610 67 35 m.
978 2611 46 33 d.
1099 2590 140 54 New
1277 2591 181 68 York,
1495 2591 69 54 N.
1605 2591 91 68 Y.,
1734 2591 350 56 Macfadden

88 2666 146 54 book
263 2685 296 51 company,
587 2668 126 69 inc.,
744 2672 151 50 1933.

158 2739 100 48 viii,
288 2739 85 41 278
399 2750 43 38 p.
503 2741 116 42 21cm.

94 2793 54 51 ©
175 2799 113 47 May
315 2798 39 46 9,
383 2798 139 47 1933;
554 2800 66 41 2c.
650 2801 95 38 and
773 2800 82 40 aff.
886 2802 112 47 May
1028 2802 81 45 13;
1141 2801 41 38 A
1209 2802 170 46 62003;
1413 2802 290 40 Macfadden
1735 2803 122 40 book
1884 2814 80 36 co.,
1996 2804 90 39 inc.

171 2854 279 49 (33-13585)

89 2941 121 52 The
235 2944 123 52 cold
386 2944 200 55 frame.
648 2945 241 55 Volume
968 2987 9 9 II.
1043 2948 94 51 An
1166 2948 312 69 anthology
1506 2950 63 52 of
1595 2969 156 34 verse
1781 2951 111 52 and
1921 2969 165 50 prose

158 3019 75 69 by
263 3021 93 54 the
387 3021 186 54 senior
604 3025 160 66 class,
797 3023 122 54 Our
949 3024 166 70 Lady
1145 3026 63 52 of
1238 3046 189 50 mercy
1457 3026 141 71 high
1630 3029 205 52 school.
159 3030 1903 138 Rochester,
347 3102 70 52 N.
444 3102 89 66 Y.,
562 3104 150 50 1933.

166 3174 26 38 2
218 3184 29 38 p.
323 3206 7 15 l.,
360 3173 194 48 vii-xvi,
583 3175 52 41 81
664 3187 43 37 p.
762 3178 55 39 22½
850 3181 44 20 cm
899 3209 8 7 .

99 3226 51 52 ©
193 3231 113 47 May
347 3231 67 47 16,
456 3232 113 40 1933
587 3243 9 34 ;
639 3233 68 39 2c.
749 3236 94 38 and
885 3235 83 39 aff.
1011 3236 127 39 June
1178 3238 81 44 14;
1304 3237 40 39 A
1386 3238 168 47 63162;
1603 3238 178 42 Sisters
1822 3241 52 40 of
1916 3252 173 38 mercy,

167 3288 275 46 Rochester,
472 3289 55 38 N.
557 3289 53 38 Y.

92 3363 337 55 Commerce
463 3365 260 65 clearing
754 3367 201 56 house.

166 3440 241 52 Federal
442 3440 218 54 income
693 3443 288 67 taxation;
1022 3445 267 54 Revenue
1324 3453 89 47 act
1450 3446 64 54 of
1551 3451 151 66 1932,
1740 3451 351 69 regulations

95 3514 1994 87 77 and 78 … Chicago, New York [etc.] Commerce clearing
95 3593 190 69 house,
331 3595 125 68 inc.,
502 3596 177 54 Loose
727 3597 119 53 leaf
891 3599 210 53 service
1152 3600 247 54 division
1450 3602 63 52 of
1560 3604 95 53 the
1708 3605 382 70 Corporation

95 3675 681 67 trust company [ c 1933]
169 3746 279 48 cover-title,
476 3757 44 37 p.
547 3746 274 50 4401-4550,
850 3748 334 51 12035-12051,
1213 3749 143 42 12051
1360 3746 17 29 2
1378 3752 174 42 -12051
1556 3749 16 29 3
1577 3786 8 16 ,
1614 3756 263 43 4601-4616
99 3759 1995 83 11003-11209.
315 3802 55 40 23
373 3805 45 21 cm
422 3834 8 9 .

167 3856 134 41 Each
331 3860 270 46 regulation
630 3861 90 39 has
749 3864 224 44 separate
1004 3865 98 45 t.-p.

105 3909 51 52 ©
183 3915 112 47 Apr.
323 3917 39 45 7,
390 3916 140 46 1933;
560 3919 65 39 2c.
655 3920 95 38 and
778 3919 80 40 aff.
889 3921 113 47 May
1030 3922 52 45 1;
1114 3922 41 39 A
1183 3922 169 48 62469;
1384 3923 275 44 Commerce
1688 3929 214 47 clearing
1931 3933 161 43 house,

172 3970 89 41 inc.
331 3972 278 49 (33-13318)
