2484 4405
1061 4047 100 51 683

120 402 265 67 Chagny,
417 404 219 65 André,
671 403 170 56 1872-

293 482 1820 68 … Haute-Alsace; texte et légendes par André Chagny; 60
122 560 376 53 illustrations
539 579 68 33 en
644 560 396 68 héliogravure
1079 560 223 67 d’après
1341 560 78 52 les
1460 559 204 52 clichés
1704 559 303 68 originaux
2047 560 67 53 de

120 637 69 55 G.
216 641 64 51 L.
307 638 238 53 Arlaud.
622 639 179 66 Lyon,
829 639 69 55 G.
927 640 63 52 L.
1017 639 225 52 Arlaud
1276 641 171 64 [1932]

192 724 57 39 66
273 734 56 37 p.,
354 725 23 37 1
424 755 8 9 l.
456 723 108 39 incl.
590 723 142 47 illus.,
757 724 172 47 plates.
979 723 116 39 24cm.
1160 722 216 48 (Visions
1400 723 57 39 de
1482 721 210 46 France)

193 795 267 38 “Memento
483 794 443 48 bibliographique’’
947 806 8 28 :
990 806 40 36 p.
1057 795 55 48 [4]

125 861 51 52 ©
207 867 111 39 Dec.
348 867 38 45 1,
417 865 113 41 1932;
617 877 37 30 1c.
685 867 109 39 Jan.
822 867 70 47 31,
923 865 112 41 1933;
1095 867 99 37 A-
1199 864 206 49 Foreign
1436 863 142 42 19595;
1640 864 51 41 G.
1725 864 48 40 L.
1805 864 199 41 Arlaud.

201 922 279 48 (33-12028)

118 1025 193 53 Codex
339 1025 374 56 Peresianus.

189 1101 120 51 The
350 1101 190 54 Codex
579 1101 189 68 Perez,
807 1121 70 33 an
917 1101 223 53 ancient
1179 1102 211 68 Mayan
1428 1100 397 68 hieroglyphic
1866 1099 171 67 book;
2083 1120 27 32 a

120 1178 416 68 photographic
580 1177 277 54 facsimile
901 1180 348 66 reproduced
1296 1178 149 51 from
1488 1178 94 52 the
1627 1176 246 70 original
1918 1177 55 51 in
2021 1178 94 53 the

122 1253 1873 147 Bibliothèque nationale, Paris, by Theodore A. Willard … Glendale, Calif., The Arthur H. Clark company, 1933.
188 1415 57 42 10
278 1428 56 38 p.,
368 1417 103 41 fold.
518 1416 189 43 facsim.
768 1419 115 41 24cm.

190 1488 141 41 “Two
360 1490 220 39 hundred
609 1489 109 48 fifty
746 1490 158 47 copies
931 1490 194 49 printed
1155 1491 78 40 for
1261 1492 189 48 private
1480 1492 358 41 distribution.”

119 1545 1991 107 “The present reproduction is an absolutely exact photographic facsimile of the original … The format of the original has been followed
119 1658 297 49 identically,
456 1670 117 29 even
612 1663 48 37 to
701 1661 81 39 the
820 1670 147 38 queer
1004 1661 406 48 accordion-pleat
1451 1662 100 39 fold
1596 1662 153 39 which
1793 1662 198 46 permits
2034 1668 9 34 the

120 1716 121 40 book
271 1717 47 39 to
347 1717 56 39 be
433 1717 115 39 read
578 1727 163 30 across
772 1717 49 39 in
850 1716 383 49 sequence.”—p.
1263 1717 26 40 8
1318 1719 95 39 and
1444 1717 40 41 9.

125 1786 51 51 ©
203 1789 114 48 Apr.
346 1790 67 46 18,
442 1790 112 40 1933;
611 1791 67 39 2c.
707 1790 110 47 Apr.
847 1790 56 38 22;
960 1789 81 41 aff.
1072 1791 114 47 May
1214 1790 25 38 5;
1296 1790 41 38 A
1365 1791 145 39 61678;
1566 1790 185 40 Arthur
1781 1791 59 38 H.
1872 1790 148 40 Clark
2050 1802 66 28 co.

200 1847 279 48 (33-12122)

118 1946 549 69 Cohen-Portheim,
695 1949 164 65 Paul,
890 1950 52 55 d.
974 1952 151 50 1932.

119 2029 1969 145 … London; mit 70 abbildungen nach aufnahmen des verf assers. Berlin, Klinkhardt & Biermann, 1933.
190 2191 97 48 175,
316 2192 54 49 [1]
396 2202 40 37 p.
491 2193 169 46 plates.
713 2192 114 40 19cm.
890 2191 299 47 (Half-title:
1213 2191 440 40 Cicerone-bücher.
1707 2191 72 39 bd.
1808 2191 47 45 1)

124 2261 51 51 ©
211 2265 118 41 Nov.
365 2265 69 46 22,
471 2264 139 46 1932;
679 2276 35 28 1c.
754 2265 109 40 Feb.
900 2265 69 45 23,
1006 2264 141 47 1933;
1187 2263 308 48 A-Foreign
1532 2263 170 46 20074;
1744 2262 301 41 Klinkhardt
2082 2265 35 39 &

193 2321 276 47 Biermann,
497 2331 41 38 g.
566 2332 60 28 m.
656 2321 42 40 b.
726 2322 44 38 h.
842 2321 280 48 (33-12026)

118 2421 220 67 Colum,
367 2423 267 65 Padraic,
667 2428 170 50 1881-

189 2503 120 51 The
338 2500 173 54 white
539 2519 271 51 sparrow,
841 2502 73 68 by
946 2501 246 53 Padraic
1225 2501 230 68 Colum;
1489 2501 324 54 illustrated
1843 2501 73 70 by
1947 2501 169 69 Lynd

117 2581 197 54 Ward.
388 2580 138 54 New
557 2579 179 69 York,
766 2580 121 53 The
914 2578 336 55 Macmillan
1279 2597 97 43 co.,
1408 2582 149 52 1933.

187 2657 58 39 46
271 2667 43 37 p.
373 2655 88 40 col.
488 2654 127 41 illus.
675 2654 117 41 21cm.

189 2726 288 40 Illustrated
508 2724 346 49 lining-papers
884 2726 49 39 in
963 2726 170 40 colors.

123 2793 51 51 ©
208 2797 112 47 May
350 2796 39 47 9,
422 2795 112 41 1933;
596 2797 66 40 2c.
696 2798 95 38 and
823 2796 81 40 aff.
938 2797 114 48 May
1083 2797 57 39 10;
1201 2796 40 39 A
1274 2796 143 40 62602;
1480 2797 280 40 Macmillan
1793 2808 68 31 co.

199 2852 280 50 (33-12231)

117 2952 232 66 Corbin,
382 2955 232 54 Arthur
643 2955 234 66 Linton,
910 2958 171 55 1874-

191 3030 167 54 Cases
403 3049 71 34 on
517 3032 94 52 the
653 3034 109 50 law
807 3033 62 52 of
913 3037 296 62 contracts,
1253 3032 238 54 selected
1539 3033 148 53 from
1732 3032 275 54 decisions
2053 3033 61 52 of

122 3106 240 69 English
393 3107 112 53 and
534 3108 304 54 American
867 3116 203 62 courts,
1100 3110 72 68 by
1203 3110 224 51 Arthur
1457 3111 61 50 L.

249 3110 1862 146 Corbin … 2d ed. … St. Paul, West publishing co., 1933.
189 3255 98 47 xix,
320 3257 113 39 1304
463 3268 41 37 p.
565 3258 115 40 26cm.
749 3258 280 48 (American
1061 3261 236 39 casebook
1328 3260 164 48 series,
1524 3262 70 42 W.
1628 3263 53 38 R.
1714 3262 173 48 Vance,
1919 3263 195 47 general

117 3311 182 49 editor)

123 3382 51 51 ©
203 3387 113 47 Apr.
344 3388 70 46 21,
443 3387 112 41 1933;
613 3389 67 39 2c.
709 3389 96 39 and
834 3388 81 40 aff.
946 3391 113 45 May
1089 3391 52 37 11;
1202 3389 40 39 A
1271 3389 144 40 61764;
1474 3391 134 39 West
1635 3391 108 47 pub.
1774 3402 67 29 co.

200 3443 278 47 (33-12217)

116 3542 247 68 Cornell,
394 3547 254 53 Howard
681 3546 208 67 Leslie,
921 3549 171 54 1872-

190 3621 455 69 Encyclopaedia
728 3623 63 54 of
841 3624 240 54 medical
1136 3626 309 69 astrology,
1497 3626 76 69 by
1624 3626 258 54 Howard
1933 3627 183 52 Leslie

119 3698 1973 150 Cornell … Los Angeles, Calif., The Cornell publishing company; London, L. N. Fowler & co., 1933.
187 3849 1177 52 4 p. l., 958 p. front. (port.) diagr. 23½cm.
125 3917 51 51 ©
209 3921 111 48 Apr.
354 3923 70 47 29,
456 3923 112 41 1933;
631 3925 67 39 2c.
733 3926 113 47 May
879 3926 28 39 6;
968 3925 81 40 aff.
1085 3926 114 47 May
1232 3926 25 39 5;
1321 3926 42 39 A
1396 3927 143 41 62547;
1604 3930 60 41 H.
1700 3930 49 40 L.
1787 3930 206 45 Cornell,
2029 3929 91 39 Los

188 3977 218 49 Angeles.
477 3980 279 48 (33-12261)
