<alto xmlns="http://www.loc.gov/standards/alto/ns-v3#" xmlns:xsi="http://www.w3.org/2001/XMLSchema-instance" xsi:schemaLocation="http://www.loc.gov/standards/alto/ns-v3# http://www.loc.gov/alto/v3/alto-3-0.xsd"><Description>
<MeasurementUnit>pixel</MeasurementUnit>
<sourceImageInformation>
<fileName>1933_v1_Part1.pdf</fileName>
</sourceImageInformation>
<OCRProcessing ID="IdOcr">
<ocrProcessingStep>
<processingDateTime>2019-01-03</processingDateTime>
<processingSoftware>
<softwareCreator>ABBYY</softwareCreator>
<softwareName>ABBYY Recognition Server</softwareName>
<softwareVersion>4.0</softwareVersion>
</processingSoftware>
</ocrProcessingStep>
</OCRProcessing>
</Description>
<Styles>
<ParagraphStyle ALIGN="Left" FIRSTLINE="0." ID="StyleId-FFFFFFFF-FFFF-FFFF-FFFF-FFFFFFFFFFFF-" LEFT="0." RIGHT="0." />
<ParagraphStyle ALIGN="Left" FIRSTLINE="0." ID="StyleId-6EF5737A-DCEB-4126-A0CF-C5930BF7166A-" LEFT="0." LINESPACE="8.300000191" RIGHT="0." />
<ParagraphStyle ALIGN="Left" FIRSTLINE="0." ID="StyleId-2DE44258-FD0B-41E1-B542-087C989B01A3-" LEFT="0." LINESPACE="12.19999981" RIGHT="0." />
<ParagraphStyle ALIGN="Left" FIRSTLINE="-14." ID="StyleId-CE3D254A-29D7-4DD7-B5F1-E0FC0EF29B05-" LEFT="0." LINESPACE="8.619999886" RIGHT="0." />
<ParagraphStyle ALIGN="Left" FIRSTLINE="-14." ID="StyleId-C0E3A137-CE4F-4287-8A90-B599106709D0-" LEFT="0." LINESPACE="12.19999981" RIGHT="0." />
<ParagraphStyle ALIGN="Left" FIRSTLINE="-14." ID="StyleId-50F26F0C-05DA-4C19-BA58-7A6AC4499BEE-" LEFT="0." LINESPACE="11.06999969" RIGHT="0." />
<ParagraphStyle ALIGN="Center" FIRSTLINE="0." ID="StyleId-5DDE65AF-512C-41E2-9B8E-095D6D99EF68-" LEFT="0." LINESPACE="11.89999962" RIGHT="0." />
<ParagraphStyle ALIGN="Left" FIRSTLINE="0." ID="StyleId-0A81D7A5-6A62-4C52-915E-7768974C704D-" LEFT="0." LINESPACE="9.399999619" RIGHT="0." />
<ParagraphStyle ALIGN="Block" FIRSTLINE="-13." ID="StyleId-F7A0127F-6B48-4157-BB81-FE33E1E1A05B-" LEFT="0." LINESPACE="10.63000011" RIGHT="0." />
<ParagraphStyle ALIGN="Left" FIRSTLINE="0." ID="StyleId-E18C69F7-DBD7-48B1-805C-FCD96D0DA019-" LEFT="0." LINESPACE="11.64000034" RIGHT="0." />
<ParagraphStyle ALIGN="Left" FIRSTLINE="-14." ID="StyleId-98F15501-B611-4E83-8BB3-807E891F11F5-" LEFT="0." LINESPACE="12.19999981" RIGHT="0." />
<ParagraphStyle ALIGN="Left" FIRSTLINE="0." ID="StyleId-F4A78626-0BBC-4D12-94D9-A1AE75A9855F-" LEFT="0." LINESPACE="9.399999619" RIGHT="0." />
<ParagraphStyle ALIGN="Left" FIRSTLINE="0." ID="StyleId-6A3F6F4C-D21B-4ADE-902F-7683F18ECEF3-" LEFT="0." LINESPACE="11.10000038" RIGHT="0." />
</Styles>
<Layout>
<Page HEIGHT="4405" ID="Page1321" PHYSICAL_IMG_NR="1321" WIDTH="2484">
<TopMargin HEIGHT="414" HPOS="0" VPOS="0" WIDTH="2484">
</TopMargin>
<LeftMargin HEIGHT="3604" HPOS="0" VPOS="414" WIDTH="130">
</LeftMargin>
<RightMargin HEIGHT="3604" HPOS="2160" VPOS="414" WIDTH="324">
</RightMargin>
<BottomMargin HEIGHT="387" HPOS="0" VPOS="4018" WIDTH="2484">
<TextBlock HEIGHT="70" HPOS="1054" ID="Page1321_Block1" LANG="en-US" STYLEREFS="StyleId-AFA69BB2-4720-4EA6-BCCE-7E93AB08D1D5-" VPOS="4048" WIDTH="154">
<TextLine HEIGHT="49" HPOS="1065" VPOS="4058" WIDTH="132">
<String CONTENT="1321" HEIGHT="49" HPOS="1065" VPOS="4058" WIDTH="132" />
</TextLine>
</TextBlock>
</BottomMargin>
<PrintSpace HEIGHT="3604" HPOS="130" VPOS="414" WIDTH="2030">
<TextBlock CS="1" HEIGHT="3604" HPOS="130" ID="Page1321_Block2" LANG="en-US" STYLEREFS="StyleId-327F17B0-9FB3-47B7-A8C7-F2CFC37E65D0-" VPOS="414" WIDTH="2030">
<TextLine HEIGHT="67" HPOS="157" STYLEREFS="StyleId-4A103F4C-27CD-495E-8946-0E8981695D98-" VPOS="424" WIDTH="861">
<String CONTENT="Alabama." HEIGHT="55" HPOS="157" LANG="de" VPOS="424" WIDTH="305" />
<SP HEIGHT="53" HPOS="463" VPOS="426" WIDTH="75" />
<String CONTENT="Supreme" HEIGHT="65" HPOS="539" LANG="en-US" VPOS="426" WIDTH="273" />
<SP HEIGHT="33" HPOS="813" VPOS="443" WIDTH="31" />
<String CONTENT="oourt." HEIGHT="46" HPOS="845" LANG="de" VPOS="430" WIDTH="173" />
</TextLine>
<TextLine CS="1" HEIGHT="70" HPOS="228" STYLEREFS="StyleId-CCA261C9-683B-4057-AE96-D78C80387503-" VPOS="501" WIDTH="1718">
<String CONTENT="Report" HEIGHT="66" HPOS="228" LANG="de" VPOS="502" WIDTH="215" />
<SP HEIGHT="46" HPOS="444" VPOS="507" WIDTH="29" />
<String CONTENT="of" HEIGHT="52" HPOS="474" VPOS="501" WIDTH="62" />
<SP HEIGHT="53" HPOS="537" VPOS="501" WIDTH="28" />
<String CONTENT="cases" HEIGHT="35" HPOS="566" VPOS="519" WIDTH="148" />
<SP HEIGHT="34" HPOS="715" VPOS="519" WIDTH="31" />
<String CONTENT="argued" HEIGHT="67" HPOS="747" VPOS="502" WIDTH="212" />
<SP HEIGHT="51" HPOS="960" VPOS="502" WIDTH="28" />
<String CONTENT="and" HEIGHT="51" HPOS="989" VPOS="502" WIDTH="111" />
<SP HEIGHT="51" HPOS="1101" VPOS="502" WIDTH="30" />
<String CONTENT="determined" HEIGHT="52" HPOS="1132" VPOS="501" WIDTH="350" />
<SP HEIGHT="50" HPOS="1483" VPOS="503" WIDTH="36" />
<String CONTENT="&#8230;" CS="1" />
<SP HEIGHT="51" HPOS="1575" VPOS="503" WIDTH="35" />
<String CONTENT="during" HEIGHT="69" HPOS="1611" VPOS="502" WIDTH="211" />
<SP HEIGHT="63" HPOS="1823" VPOS="508" WIDTH="28" />
<String CONTENT="the" HEIGHT="50" HPOS="1852" VPOS="504" WIDTH="94" />
</TextLine>
<TextLine CS="1" HEIGHT="143" HPOS="157" STYLEREFS="StyleId-CCA261C9-683B-4057-AE96-D78C80387503-" VPOS="504" WIDTH="1988">
<String CONTENT="October" HEIGHT="128" HPOS="157" VPOS="504" WIDTH="1965" />
<SP HEIGHT="46" HPOS="255" VPOS="585" WIDTH="30" />
<String CONTENT="term," HEIGHT="53" HPOS="286" VPOS="585" WIDTH="161" />
<SP HEIGHT="55" HPOS="448" VPOS="583" WIDTH="34" />
<String CONTENT="1932-1933," HEIGHT="64" HPOS="483" VPOS="582" WIDTH="325" />
<SP HEIGHT="66" HPOS="809" VPOS="580" WIDTH="30" />
<String CONTENT="by" HEIGHT="65" HPOS="840" VPOS="580" WIDTH="72" />
<SP HEIGHT="65" HPOS="913" VPOS="580" WIDTH="32" />
<String CONTENT="Noble" HEIGHT="52" HPOS="946" VPOS="580" WIDTH="181" />
<SP HEIGHT="51" HPOS="1128" VPOS="581" WIDTH="30" />
<String CONTENT="H." HEIGHT="51" HPOS="1159" VPOS="581" WIDTH="75" />
<SP HEIGHT="54" HPOS="1235" VPOS="580" WIDTH="35" />
<String CONTENT="Seay," HEIGHT="67" HPOS="1271" VPOS="580" WIDTH="162" />
<SP HEIGHT="38" HPOS="1434" VPOS="599" WIDTH="32" />
<String CONTENT="reporter" HEIGHT="62" HPOS="1467" VPOS="585" WIDTH="257" />
<SP HEIGHT="33" HPOS="1725" VPOS="599" WIDTH="31" />
<String CONTENT="of" HEIGHT="51" HPOS="1757" VPOS="581" WIDTH="63" />
<SP HEIGHT="52" HPOS="1821" VPOS="581" WIDTH="32" />
<String CONTENT="decisions." HEIGHT="53" HPOS="1854" VPOS="581" WIDTH="291" />
</TextLine>
<TextLine CS="1" HEIGHT="69" HPOS="198" STYLEREFS="StyleId-CCA261C9-683B-4057-AE96-D78C80387503-" VPOS="656" WIDTH="1347">
<String CONTENT="v." CS="1" HEIGHT="9" HPOS="198" VPOS="701" WIDTH="8" />
<SP HEIGHT="49" HPOS="207" VPOS="661" WIDTH="25" />
<String CONTENT="226." HEIGHT="48" HPOS="233" VPOS="660" WIDTH="115" />
<SP HEIGHT="54" HPOS="349" VPOS="656" WIDTH="78" />
<String CONTENT="St." HEIGHT="54" HPOS="428" VPOS="656" WIDTH="80" />
<SP HEIGHT="50" HPOS="509" VPOS="659" WIDTH="25" />
<String CONTENT="Paul," HEIGHT="66" HPOS="535" VPOS="658" WIDTH="164" />
<SP HEIGHT="66" HPOS="700" VPOS="658" WIDTH="23" />
<String CONTENT="West" HEIGHT="52" HPOS="724" VPOS="658" WIDTH="159" />
<SP HEIGHT="62" HPOS="884" VPOS="663" WIDTH="24" />
<String CONTENT="publishing" HEIGHT="68" HPOS="909" VPOS="657" WIDTH="334" />
<SP HEIGHT="49" HPOS="1244" VPOS="676" WIDTH="25" />
<String CONTENT="co.," HEIGHT="40" HPOS="1270" VPOS="676" WIDTH="96" />
<SP HEIGHT="54" HPOS="1367" VPOS="662" WIDTH="29" />
<String CONTENT="1933." HEIGHT="48" HPOS="1397" VPOS="661" WIDTH="148" />
</TextLine>
<TextLine CS="1" HEIGHT="47" HPOS="223" STYLEREFS="StyleId-CCA261C9-683B-4057-AE96-D78C80387503-" VPOS="731" WIDTH="447">
<String CONTENT="xiii," HEIGHT="47" HPOS="223" VPOS="731" WIDTH="101" />
<SP HEIGHT="46" HPOS="325" VPOS="732" WIDTH="29" />
<String CONTENT="768" HEIGHT="40" HPOS="355" VPOS="731" WIDTH="84" />
<SP HEIGHT="46" HPOS="440" VPOS="732" WIDTH="26" />
<String CONTENT="p." HEIGHT="36" HPOS="467" VPOS="742" WIDTH="42" />
<SP HEIGHT="38" HPOS="510" VPOS="732" WIDTH="57" />
<String CONTENT="26cm." CS="1" HEIGHT="39" HPOS="568" VPOS="731" WIDTH="102" />
</TextLine>
<TextLine CS="1" HEIGHT="51" HPOS="158" VPOS="798" WIDTH="1874">
<String CONTENT="&#169;" HEIGHT="51" HPOS="158" LANG="en-US" VPOS="798" WIDTH="51" />
<SP HEIGHT="51" HPOS="210" VPOS="798" WIDTH="32" />
<String CONTENT="Sept." HEIGHT="47" HPOS="243" LANG="en-US" VPOS="802" WIDTH="126" />
<SP HEIGHT="39" HPOS="370" VPOS="801" WIDTH="32" />
<String CONTENT="8," HEIGHT="46" HPOS="403" LANG="en-US" VPOS="801" WIDTH="37" />
<SP HEIGHT="44" HPOS="441" VPOS="803" WIDTH="32" />
<String CONTENT="1933;" CS="1" HEIGHT="40" HPOS="474" LANG="en-US" VPOS="801" WIDTH="112" />
<SP HEIGHT="46" HPOS="613" VPOS="801" WIDTH="33" />
<String CONTENT="2c." HEIGHT="39" HPOS="647" LANG="en-US" VPOS="801" WIDTH="66" />
<SP HEIGHT="28" HPOS="714" VPOS="812" WIDTH="32" />
<String CONTENT="and" HEIGHT="38" HPOS="747" LANG="en-US" VPOS="802" WIDTH="94" />
<SP HEIGHT="38" HPOS="842" VPOS="802" WIDTH="32" />
<String CONTENT="aff." HEIGHT="40" HPOS="875" LANG="en-US" VPOS="800" WIDTH="80" />
<SP HEIGHT="40" HPOS="956" VPOS="801" WIDTH="34" />
<String CONTENT="Oct." HEIGHT="40" HPOS="991" LANG="en-US" VPOS="801" WIDTH="101" />
<SP HEIGHT="39" HPOS="1093" VPOS="802" WIDTH="33" />
<String CONTENT="12;" HEIGHT="45" HPOS="1127" LANG="en-US" VPOS="801" WIDTH="80" />
<SP HEIGHT="43" HPOS="1208" VPOS="803" WIDTH="34" />
<String CONTENT="A" HEIGHT="36" HPOS="1243" LANG="en-US" VPOS="803" WIDTH="37" />
<SP HEIGHT="38" HPOS="1281" VPOS="802" WIDTH="34" />
<String CONTENT="65601;" HEIGHT="45" HPOS="1316" LANG="en-US" VPOS="801" WIDTH="168" />
<SP HEIGHT="44" HPOS="1485" VPOS="802" WIDTH="36" />
<String CONTENT="B." HEIGHT="40" HPOS="1522" LANG="en-US" VPOS="802" WIDTH="53" />
<SP HEIGHT="39" HPOS="1576" VPOS="803" WIDTH="33" />
<String CONTENT="M." HEIGHT="38" HPOS="1610" LANG="fi" VPOS="803" WIDTH="61" />
<SP HEIGHT="38" HPOS="1672" VPOS="803" WIDTH="35" />
<String CONTENT="Miller," HEIGHT="40" HPOS="1708" LANG="fi" VPOS="802" WIDTH="173" />
<SP HEIGHT="34" HPOS="1882" VPOS="814" WIDTH="32" />
<String CONTENT="governor" CS="1" HEIGHT="28" HPOS="1947" LANG="fi" VPOS="813" WIDTH="85" />
</TextLine>
<TextLine HEIGHT="49" HPOS="229" VPOS="857" WIDTH="1472">
<String CONTENT="of" HEIGHT="40" HPOS="229" VPOS="858" WIDTH="52" />
<SP HEIGHT="39" HPOS="282" VPOS="858" WIDTH="27" />
<String CONTENT="Alabama," HEIGHT="46" HPOS="310" VPOS="859" WIDTH="248" />
<SP HEIGHT="48" HPOS="559" VPOS="857" WIDTH="31" />
<String CONTENT="for" HEIGHT="40" HPOS="591" VPOS="857" WIDTH="78" />
<SP HEIGHT="28" HPOS="670" VPOS="869" WIDTH="29" />
<String CONTENT="use" HEIGHT="31" HPOS="700" VPOS="867" WIDTH="84" />
<SP HEIGHT="31" HPOS="785" VPOS="867" WIDTH="31" />
<String CONTENT="of" HEIGHT="40" HPOS="817" VPOS="858" WIDTH="53" />
<SP HEIGHT="40" HPOS="871" VPOS="858" WIDTH="29" />
<String CONTENT="said" HEIGHT="41" HPOS="901" VPOS="857" WIDTH="106" />
<SP HEIGHT="40" HPOS="1008" VPOS="858" WIDTH="30" />
<String CONTENT="state," HEIGHT="40" HPOS="1039" VPOS="860" WIDTH="142" />
<SP HEIGHT="41" HPOS="1182" VPOS="859" WIDTH="35" />
<String CONTENT="Montgomery," HEIGHT="47" HPOS="1218" VPOS="859" WIDTH="344" />
<SP HEIGHT="46" HPOS="1563" VPOS="859" WIDTH="35" />
<String CONTENT="Ala." HEIGHT="40" HPOS="1599" VPOS="859" WIDTH="102" />
</TextLine>
<TextLine HEIGHT="64" HPOS="151" STYLEREFS="StyleId-CA228F5D-F5D9-4522-8A6A-20807BAD35F6-" VPOS="962" WIDTH="522">
<String CONTENT="Alciette," HEIGHT="64" HPOS="151" VPOS="962" WIDTH="273" />
<SP HEIGHT="63" HPOS="425" VPOS="963" WIDTH="28" />
<String CONTENT="Pierre." HEIGHT="53" HPOS="454" VPOS="963" WIDTH="219" />
</TextLine>
<TextLine CS="1" HEIGHT="70" HPOS="283" STYLEREFS="StyleId-CCA261C9-683B-4057-AE96-D78C80387503-" VPOS="1037" WIDTH="1862">
<String CONTENT="&#8230;" CS="1" />
<SP HEIGHT="54" HPOS="283" VPOS="1037" WIDTH="32" />
<String CONTENT="Ce" HEIGHT="54" HPOS="316" LANG="fr" VPOS="1037" WIDTH="75" />
<SP HEIGHT="52" HPOS="392" VPOS="1039" WIDTH="24" />
<String CONTENT="d&#233;mon" HEIGHT="51" HPOS="417" LANG="fr" VPOS="1039" WIDTH="199" />
<SP HEIGHT="51" HPOS="617" VPOS="1037" WIDTH="27" />
<String CONTENT="de" HEIGHT="54" HPOS="645" LANG="fr" VPOS="1037" WIDTH="66" />
<SP HEIGHT="54" HPOS="712" VPOS="1037" WIDTH="26" />
<String CONTENT="Jacotte," HEIGHT="68" HPOS="739" VPOS="1037" WIDTH="240" />
<SP HEIGHT="50" HPOS="980" VPOS="1055" WIDTH="24" />
<String CONTENT="roman." HEIGHT="35" HPOS="1005" VPOS="1055" WIDTH="210" />
<SP HEIGHT="50" HPOS="1216" VPOS="1037" WIDTH="65" />
<String CONTENT="Paris," HEIGHT="68" HPOS="1282" VPOS="1037" WIDTH="182" />
<SP HEIGHT="68" HPOS="1465" VPOS="1037" WIDTH="27" />
<String CONTENT="Gautier-Languereau," HEIGHT="70" HPOS="1493" VPOS="1037" WIDTH="652" />
</TextLine>
<TextLine HEIGHT="48" HPOS="153" STYLEREFS="StyleId-CCA261C9-683B-4057-AE96-D78C80387503-" VPOS="1118" WIDTH="147">
<String CONTENT="1933." HEIGHT="48" HPOS="153" VPOS="1118" WIDTH="147" />
</TextLine>
<TextLine CS="1" HEIGHT="51" HPOS="219" VPOS="1185" WIDTH="1537">
<String CONTENT="286" HEIGHT="40" HPOS="219" LANG="en-US" VPOS="1186" WIDTH="87" />
<SP HEIGHT="47" HPOS="307" VPOS="1186" WIDTH="25" />
<String CONTENT="p.," HEIGHT="36" HPOS="333" LANG="en-US" VPOS="1197" WIDTH="57" />
<SP HEIGHT="46" HPOS="391" VPOS="1187" WIDTH="28" />
<String CONTENT="1" CS="1" LANG="en-US" />
<SP HEIGHT="38" HPOS="444" VPOS="1186" WIDTH="30" />
<String CONTENT="l." CS="1" HEIGHT="8" HPOS="497" LANG="en-US" VPOS="1217" WIDTH="7" />
<SP HEIGHT="38" HPOS="505" VPOS="1187" WIDTH="57" />
<String CONTENT="19cm." HEIGHT="39" HPOS="563" LANG="en-US" VPOS="1186" WIDTH="113" />
<SP HEIGHT="47" HPOS="677" VPOS="1185" WIDTH="69" />
<String CONTENT="(On" HEIGHT="47" HPOS="747" LANG="en-US" VPOS="1185" WIDTH="94" />
<SP HEIGHT="29" HPOS="842" VPOS="1199" WIDTH="30" />
<String CONTENT="cover:" HEIGHT="29" HPOS="873" LANG="en-US" VPOS="1199" WIDTH="161" />
<SP HEIGHT="39" HPOS="1035" VPOS="1188" WIDTH="30" />
<String CONTENT="Biblioth&#232;que" HEIGHT="48" HPOS="1066" LANG="fr" VPOS="1186" WIDTH="338" />
<SP HEIGHT="38" HPOS="1405" VPOS="1190" WIDTH="31" />
<String CONTENT="de" HEIGHT="38" HPOS="1437" LANG="fr" VPOS="1190" WIDTH="57" />
<SP HEIGHT="28" HPOS="1495" VPOS="1199" WIDTH="30" />
<String CONTENT="ma" HEIGHT="29" HPOS="1526" LANG="fr" VPOS="1199" WIDTH="75" />
<SP HEIGHT="39" HPOS="1602" VPOS="1189" WIDTH="32" />
<String CONTENT="fille)" HEIGHT="47" HPOS="1635" LANG="fr" VPOS="1189" WIDTH="121" />
</TextLine>
<TextLine CS="1" HEIGHT="113" HPOS="152" VPOS="1258" WIDTH="1994">
<String CONTENT="&#169;" HEIGHT="52" HPOS="152" LANG="fr" VPOS="1264" WIDTH="52" />
<SP HEIGHT="52" HPOS="205" VPOS="1264" WIDTH="43" />
<String CONTENT="Mar." HEIGHT="38" HPOS="249" LANG="en-US" VPOS="1269" WIDTH="117" />
<SP HEIGHT="37" HPOS="367" VPOS="1269" WIDTH="44" />
<String CONTENT="15," HEIGHT="47" HPOS="412" LANG="fr" VPOS="1268" WIDTH="68" />
<SP HEIGHT="46" HPOS="481" VPOS="1269" WIDTH="43" />
<String CONTENT="1933;" HEIGHT="46" HPOS="525" LANG="fr" VPOS="1267" WIDTH="138" />
<SP HEIGHT="44" HPOS="664" VPOS="1269" WIDTH="46" />
<String CONTENT="1c." CS="1" HEIGHT="7" HPOS="769" LANG="fr" VPOS="1299" WIDTH="7" />
<SP HEIGHT="39" HPOS="777" VPOS="1267" WIDTH="43" />
<String CONTENT="Aug." HEIGHT="47" HPOS="821" LANG="en-US" VPOS="1267" WIDTH="119" />
<SP HEIGHT="40" HPOS="941" VPOS="1267" WIDTH="42" />
<String CONTENT="2:" HEIGHT="39" HPOS="984" LANG="fr" VPOS="1267" WIDTH="51" />
<SP HEIGHT="38" HPOS="1036" VPOS="1268" WIDTH="46" />
<String CONTENT="A-" HEIGHT="37" HPOS="1083" LANG="fr" VPOS="1268" WIDTH="102" />
<String CONTENT="Foreign" HEIGHT="48" HPOS="1188" LANG="en-US" VPOS="1267" WIDTH="206" />
<SP HEIGHT="38" HPOS="1395" VPOS="1269" WIDTH="42" />
<String CONTENT="21759;" HEIGHT="48" HPOS="1438" LANG="fr" VPOS="1268" WIDTH="171" />
<SP HEIGHT="58" HPOS="1610" VPOS="1258" WIDTH="46" />
<String CONTENT="&#201;ditions" HEIGHT="52" HPOS="1657" LANG="fr" VPOS="1258" WIDTH="222" />
<SP HEIGHT="40" HPOS="1880" VPOS="1270" WIDTH="45" />
<String CONTENT="Gautier-Languereau." HEIGHT="101" HPOS="221" LANG="fr" VPOS="1270" WIDTH="1925" />
<SP HEIGHT="42" HPOS="551" VPOS="1329" WIDTH="69" />
<String CONTENT="(33-25054)" HEIGHT="48" HPOS="621" LANG="fr" VPOS="1323" WIDTH="278" />
</TextLine>
<TextLine HEIGHT="67" HPOS="148" STYLEREFS="StyleId-CA228F5D-F5D9-4522-8A6A-20807BAD35F6-" VPOS="1424" WIDTH="1304">
<String CONTENT="Allen," HEIGHT="66" HPOS="148" LANG="fr" VPOS="1424" WIDTH="187" />
<SP HEIGHT="62" HPOS="336" VPOS="1428" WIDTH="24" />
<String CONTENT="Mrs." HEIGHT="53" HPOS="361" LANG="fr" VPOS="1428" WIDTH="136" />
<SP HEIGHT="53" HPOS="498" VPOS="1428" WIDTH="27" />
<String CONTENT="Ida" HEIGHT="52" HPOS="526" LANG="en-US" VPOS="1428" WIDTH="103" />
<SP HEIGHT="54" HPOS="630" VPOS="1428" WIDTH="28" />
<String CONTENT="Cogswell" HEIGHT="63" HPOS="659" LANG="en-US" VPOS="1426" WIDTH="283" />
<SP HEIGHT="65" HPOS="943" VPOS="1426" WIDTH="35" />
<String CONTENT="(Bailey)" HEIGHT="67" HPOS="979" LANG="en-US" VPOS="1424" WIDTH="265" />
<SP HEIGHT="64" HPOS="1245" VPOS="1426" WIDTH="37" />
<String CONTENT="1885-" HEIGHT="49" HPOS="1283" LANG="fr" VPOS="1430" WIDTH="169" />
</TextLine>
<TextLine HEIGHT="69" HPOS="222" STYLEREFS="StyleId-CCA261C9-683B-4057-AE96-D78C80387503-" VPOS="1504" WIDTH="1920">
<String CONTENT="The" HEIGHT="52" HPOS="222" LANG="fr" VPOS="1506" WIDTH="120" />
<SP HEIGHT="32" HPOS="343" VPOS="1526" WIDTH="26" />
<String CONTENT="service" HEIGHT="52" HPOS="370" LANG="fr" VPOS="1506" WIDTH="209" />
<SP HEIGHT="34" HPOS="580" VPOS="1524" WIDTH="26" />
<String CONTENT="cook" HEIGHT="52" HPOS="607" LANG="en-US" VPOS="1506" WIDTH="139" />
<SP HEIGHT="52" HPOS="747" VPOS="1505" WIDTH="25" />
<String CONTENT="book," HEIGHT="68" HPOS="773" LANG="en-US" VPOS="1504" WIDTH="162" />
<SP HEIGHT="67" HPOS="936" VPOS="1505" WIDTH="26" />
<String CONTENT="by" HEIGHT="67" HPOS="963" LANG="en-US" VPOS="1505" WIDTH="75" />
<SP HEIGHT="66" HPOS="1039" VPOS="1506" WIDTH="26" />
<String CONTENT="Mrs." HEIGHT="53" HPOS="1066" LANG="fr" VPOS="1506" WIDTH="138" />
<SP HEIGHT="53" HPOS="1205" VPOS="1506" WIDTH="31" />
<String CONTENT="Ida" HEIGHT="52" HPOS="1237" LANG="en-US" VPOS="1505" WIDTH="108" />
<SP HEIGHT="50" HPOS="1346" VPOS="1508" WIDTH="29" />
<String CONTENT="Bailey" HEIGHT="67" HPOS="1376" LANG="en-US" VPOS="1506" WIDTH="202" />
<SP HEIGHT="65" HPOS="1579" VPOS="1508" WIDTH="26" />
<String CONTENT="Allen." HEIGHT="52" HPOS="1606" LANG="en-US" VPOS="1507" WIDTH="186" />
<SP HEIGHT="54" HPOS="1793" VPOS="1507" WIDTH="66" />
<String CONTENT="Colorado" HEIGHT="54" HPOS="1860" LANG="en-US" VPOS="1507" WIDTH="282" />
</TextLine>
<TextLine HEIGHT="70" HPOS="155" STYLEREFS="StyleId-CCA261C9-683B-4057-AE96-D78C80387503-" VPOS="1583" WIDTH="1987">
<String CONTENT="Springs," HEIGHT="68" HPOS="155" VPOS="1584" WIDTH="261" />
<SP HEIGHT="65" HPOS="417" VPOS="1585" WIDTH="29" />
<String CONTENT="Col.," HEIGHT="66" HPOS="447" VPOS="1585" WIDTH="138" />
<SP HEIGHT="66" HPOS="586" VPOS="1585" WIDTH="26" />
<String CONTENT="Pub." HEIGHT="52" HPOS="613" VPOS="1584" WIDTH="142" />
<SP HEIGHT="33" HPOS="756" VPOS="1603" WIDTH="30" />
<String CONTENT="exclusively" HEIGHT="67" HPOS="787" VPOS="1583" WIDTH="344" />
<SP HEIGHT="67" HPOS="1132" VPOS="1583" WIDTH="31" />
<String CONTENT="for" HEIGHT="51" HPOS="1164" VPOS="1583" WIDTH="92" />
<SP HEIGHT="50" HPOS="1257" VPOS="1586" WIDTH="28" />
<String CONTENT="F." HEIGHT="52" HPOS="1286" LANG="fr" VPOS="1586" WIDTH="63" />
<SP HEIGHT="53" HPOS="1350" VPOS="1586" WIDTH="28" />
<String CONTENT="W." HEIGHT="53" HPOS="1379" VPOS="1586" WIDTH="88" />
<SP HEIGHT="53" HPOS="1468" VPOS="1586" WIDTH="29" />
<String CONTENT="Wool" HEIGHT="54" HPOS="1498" VPOS="1585" WIDTH="166" />
<SP HEIGHT="53" HPOS="1665" VPOS="1585" WIDTH="4" />
<String CONTENT="worth" HEIGHT="51" HPOS="1670" VPOS="1587" WIDTH="183" />
<SP HEIGHT="51" HPOS="1854" VPOS="1587" WIDTH="29" />
<String CONTENT="&amp;" HEIGHT="49" HPOS="1884" VPOS="1589" WIDTH="45" />
<SP HEIGHT="49" HPOS="1930" VPOS="1589" WIDTH="27" />
<String CONTENT="co." HEIGHT="35" HPOS="1958" VPOS="1605" WIDTH="78" />
<SP HEIGHT="53" HPOS="2037" VPOS="1587" WIDTH="30" />
<String CONTENT="by" HEIGHT="66" HPOS="2068" VPOS="1587" WIDTH="74" />
</TextLine>
<TextLine HEIGHT="68" HPOS="153" STYLEREFS="StyleId-CCA261C9-683B-4057-AE96-D78C80387503-" VPOS="1661" WIDTH="591">
<String CONTENT="Service," HEIGHT="66" HPOS="153" VPOS="1661" WIDTH="241" />
<SP HEIGHT="64" HPOS="395" VPOS="1663" WIDTH="26" />
<String CONTENT="inc.," HEIGHT="66" HPOS="422" VPOS="1663" WIDTH="124" />
<SP HEIGHT="60" HPOS="547" VPOS="1669" WIDTH="23" />
<String CONTENT="c1933." HEIGHT="49" HPOS="571" VPOS="1666" WIDTH="173" />
</TextLine>
<TextLine CS="1" HEIGHT="41" HPOS="218" VPOS="1735" WIDTH="493">
<String CONTENT="1" HEIGHT="38" HPOS="218" VPOS="1735" WIDTH="25" />
<SP HEIGHT="39" HPOS="244" VPOS="1735" WIDTH="31" />
<String CONTENT="v." CS="1" HEIGHT="8" HPOS="309" VPOS="1765" WIDTH="7" />
<SP HEIGHT="38" HPOS="317" VPOS="1735" WIDTH="60" />
<String CONTENT="ilius." HEIGHT="41" HPOS="378" VPOS="1735" WIDTH="127" />
<SP HEIGHT="41" HPOS="506" VPOS="1735" WIDTH="58" />
<String CONTENT="22&#189;cm." CS="1" HEIGHT="40" HPOS="565" VPOS="1735" WIDTH="146" />
</TextLine>
<TextLine CS="1" HEIGHT="49" HPOS="217" VPOS="1790" WIDTH="971">
<String CONTENT="Loose-leaf;" CS="1" HEIGHT="40" HPOS="217" VPOS="1792" WIDTH="270" />
<SP HEIGHT="44" HPOS="514" VPOS="1794" WIDTH="32" />
<String CONTENT="tables" HEIGHT="39" HPOS="547" VPOS="1792" WIDTH="157" />
<SP HEIGHT="29" HPOS="705" VPOS="1802" WIDTH="30" />
<String CONTENT="on" HEIGHT="28" HPOS="736" VPOS="1803" WIDTH="59" />
<SP HEIGHT="39" HPOS="796" VPOS="1792" WIDTH="28" />
<String CONTENT="lining-papers." HEIGHT="49" HPOS="825" VPOS="1790" WIDTH="363" />
</TextLine>
<TextLine HEIGHT="48" HPOS="217" VPOS="1848" WIDTH="774">
<String CONTENT="Includes" HEIGHT="41" HPOS="217" VPOS="1848" WIDTH="223" />
<SP HEIGHT="30" HPOS="441" VPOS="1859" WIDTH="29" />
<String CONTENT="advertising" HEIGHT="48" HPOS="471" VPOS="1848" WIDTH="301" />
<SP HEIGHT="37" HPOS="773" VPOS="1859" WIDTH="25" />
<String CONTENT="matter." HEIGHT="40" HPOS="799" VPOS="1850" WIDTH="192" />
</TextLine>
<TextLine CS="1" HEIGHT="53" HPOS="152" VPOS="1916" WIDTH="1879">
<String CONTENT="&#169;" HEIGHT="52" HPOS="152" VPOS="1916" WIDTH="50" />
<SP HEIGHT="52" HPOS="203" VPOS="1916" WIDTH="33" />
<String CONTENT="Sept." HEIGHT="47" HPOS="237" VPOS="1922" WIDTH="123" />
<SP HEIGHT="37" HPOS="361" VPOS="1922" WIDTH="30" />
<String CONTENT="22," HEIGHT="46" HPOS="392" VPOS="1921" WIDTH="68" />
<SP HEIGHT="45" HPOS="461" VPOS="1922" WIDTH="29" />
<String CONTENT="1933;" CS="1" HEIGHT="39" HPOS="491" VPOS="1921" WIDTH="113" />
<SP HEIGHT="41" HPOS="632" VPOS="1921" WIDTH="30" />
<String CONTENT="2c." HEIGHT="40" HPOS="663" VPOS="1921" WIDTH="65" />
<SP HEIGHT="39" HPOS="729" VPOS="1921" WIDTH="35" />
<String CONTENT="Sept." HEIGHT="47" HPOS="765" VPOS="1921" WIDTH="126" />
<SP HEIGHT="39" HPOS="892" VPOS="1921" WIDTH="28" />
<String CONTENT="27;" CS="1" HEIGHT="40" HPOS="921" VPOS="1921" WIDTH="56" />
<SP HEIGHT="35" HPOS="1003" VPOS="1932" WIDTH="32" />
<String CONTENT="aff." HEIGHT="40" HPOS="1036" VPOS="1921" WIDTH="82" />
<SP HEIGHT="38" HPOS="1119" VPOS="1923" WIDTH="32" />
<String CONTENT="Sept." HEIGHT="46" HPOS="1152" VPOS="1923" WIDTH="127" />
<SP HEIGHT="40" HPOS="1280" VPOS="1922" WIDTH="29" />
<String CONTENT="26;" CS="1" HEIGHT="39" HPOS="1310" VPOS="1922" WIDTH="58" />
<SP HEIGHT="45" HPOS="1393" VPOS="1923" WIDTH="33" />
<String CONTENT="A" HEIGHT="37" HPOS="1427" VPOS="1923" WIDTH="39" />
<SP HEIGHT="39" HPOS="1467" VPOS="1922" WIDTH="30" />
<String CONTENT="65365;" CS="1" HEIGHT="40" HPOS="1498" VPOS="1922" WIDTH="143" />
<SP HEIGHT="44" HPOS="1667" VPOS="1924" WIDTH="37" />
<String CONTENT="Service," HEIGHT="42" HPOS="1705" VPOS="1922" WIDTH="204" />
<SP HEIGHT="41" HPOS="1910" VPOS="1923" WIDTH="30" />
<String CONTENT="inc." HEIGHT="41" HPOS="1941" VPOS="1923" WIDTH="90" />
</TextLine>
<TextLine HEIGHT="50" HPOS="229" VPOS="1977" WIDTH="278">
<String CONTENT="(33-25717)" HEIGHT="50" HPOS="229" VPOS="1977" WIDTH="278" />
</TextLine>
<TextLine HEIGHT="66" HPOS="145" STYLEREFS="StyleId-CA228F5D-F5D9-4522-8A6A-20807BAD35F6-" VPOS="2080" WIDTH="1070">
<String CONTENT="Aluminum" HEIGHT="54" HPOS="145" VPOS="2080" WIDTH="341" />
<SP HEIGHT="36" HPOS="487" VPOS="2099" WIDTH="28" />
<String CONTENT="company" HEIGHT="47" HPOS="516" VPOS="2099" WIDTH="287" />
<SP HEIGHT="47" HPOS="804" VPOS="2099" WIDTH="25" />
<String CONTENT="of" HEIGHT="53" HPOS="830" VPOS="2082" WIDTH="63" />
<SP HEIGHT="52" HPOS="894" VPOS="2082" WIDTH="26" />
<String CONTENT="America." HEIGHT="55" HPOS="921" VPOS="2082" WIDTH="294" />
</TextLine>
<TextLine HEIGHT="71" HPOS="216" STYLEREFS="StyleId-CCA261C9-683B-4057-AE96-D78C80387503-" VPOS="2157" WIDTH="1926">
<String CONTENT="Alcoa" HEIGHT="53" HPOS="216" VPOS="2157" WIDTH="174" />
<SP HEIGHT="33" HPOS="391" VPOS="2177" WIDTH="31" />
<String CONTENT="aluminum" HEIGHT="52" HPOS="423" VPOS="2158" WIDTH="311" />
<SP HEIGHT="34" HPOS="735" VPOS="2176" WIDTH="29" />
<String CONTENT="and" HEIGHT="51" HPOS="765" VPOS="2160" WIDTH="112" />
<SP HEIGHT="52" HPOS="878" VPOS="2159" WIDTH="29" />
<String CONTENT="its" HEIGHT="52" HPOS="908" VPOS="2159" WIDTH="72" />
<SP HEIGHT="33" HPOS="981" VPOS="2177" WIDTH="28" />
<String CONTENT="alloys." HEIGHT="65" HPOS="1010" VPOS="2160" WIDTH="195" />
<SP HEIGHT="53" HPOS="1206" VPOS="2158" WIDTH="64" />
<String CONTENT="Pittsburgh," HEIGHT="71" HPOS="1271" VPOS="2157" WIDTH="357" />
<SP HEIGHT="67" HPOS="1629" VPOS="2161" WIDTH="27" />
<String CONTENT="Pa.," HEIGHT="66" HPOS="1657" VPOS="2161" WIDTH="120" />
<SP HEIGHT="68" HPOS="1778" VPOS="2159" WIDTH="27" />
<String CONTENT="Aluminum" HEIGHT="53" HPOS="1806" VPOS="2159" WIDTH="336" />
</TextLine>
<TextLine HEIGHT="68" HPOS="146" STYLEREFS="StyleId-CCA261C9-683B-4057-AE96-D78C80387503-" VPOS="2235" WIDTH="905">
<String CONTENT="company" HEIGHT="51" HPOS="146" VPOS="2252" WIDTH="276" />
<SP HEIGHT="49" HPOS="423" VPOS="2254" WIDTH="35" />
<String CONTENT="of" HEIGHT="52" HPOS="459" VPOS="2235" WIDTH="63" />
<SP HEIGHT="51" HPOS="523" VPOS="2235" WIDTH="33" />
<String CONTENT="America" HEIGHT="55" HPOS="557" VPOS="2235" WIDTH="260" />
<SP HEIGHT="46" HPOS="818" VPOS="2257" WIDTH="40" />
<String CONTENT="[c1933]" HEIGHT="64" HPOS="859" VPOS="2239" WIDTH="192" />
</TextLine>
<TextLine CS="1" HEIGHT="49" HPOS="215" VPOS="2309" WIDTH="911">
<String CONTENT="73," HEIGHT="46" HPOS="215" VPOS="2310" WIDTH="67" />
<SP HEIGHT="29" HPOS="283" VPOS="2329" WIDTH="31" />
<String CONTENT="[1]" CS="1" HEIGHT="29" HPOS="315" VPOS="2329" WIDTH="54" />
<SP HEIGHT="37" HPOS="370" VPOS="2321" WIDTH="29" />
<String CONTENT="p." CS="1" />
<SP HEIGHT="39" HPOS="442" VPOS="2310" WIDTH="28" />
<String CONTENT="incl." HEIGHT="39" HPOS="471" VPOS="2310" WIDTH="108" />
<SP HEIGHT="39" HPOS="580" VPOS="2309" WIDTH="28" />
<String CONTENT="ilius.," HEIGHT="43" HPOS="609" VPOS="2309" WIDTH="142" />
<SP HEIGHT="40" HPOS="752" VPOS="2312" WIDTH="28" />
<String CONTENT="tables." HEIGHT="39" HPOS="781" VPOS="2310" WIDTH="167" />
<SP HEIGHT="38" HPOS="949" VPOS="2310" WIDTH="60" />
<String CONTENT="21cm." HEIGHT="40" HPOS="1010" VPOS="2310" WIDTH="116" />
</TextLine>
<TextLine CS="1" HEIGHT="53" HPOS="149" VPOS="2376" WIDTH="1996">
<String CONTENT="&#169;" HEIGHT="52" HPOS="149" VPOS="2376" WIDTH="53" />
<SP HEIGHT="52" HPOS="203" VPOS="2376" WIDTH="41" />
<String CONTENT="Sept." HEIGHT="47" HPOS="245" VPOS="2381" WIDTH="126" />
<SP HEIGHT="39" HPOS="372" VPOS="2382" WIDTH="39" />
<String CONTENT="11," HEIGHT="46" HPOS="412" VPOS="2381" WIDTH="67" />
<SP HEIGHT="45" HPOS="480" VPOS="2382" WIDTH="40" />
<String CONTENT="1933;" CS="1" HEIGHT="40" HPOS="521" VPOS="2380" WIDTH="112" />
<SP HEIGHT="46" HPOS="661" VPOS="2380" WIDTH="41" />
<String CONTENT="2c." HEIGHT="41" HPOS="703" VPOS="2380" WIDTH="67" />
<SP HEIGHT="30" HPOS="771" VPOS="2391" WIDTH="39" />
<String CONTENT="and" HEIGHT="37" HPOS="811" VPOS="2383" WIDTH="95" />
<SP HEIGHT="37" HPOS="907" VPOS="2383" WIDTH="39" />
<String CONTENT="aff." HEIGHT="41" HPOS="947" VPOS="2380" WIDTH="81" />
<SP HEIGHT="40" HPOS="1029" VPOS="2381" WIDTH="44" />
<String CONTENT="Sept." HEIGHT="48" HPOS="1074" VPOS="2381" WIDTH="126" />
<SP HEIGHT="38" HPOS="1201" VPOS="2383" WIDTH="41" />
<String CONTENT="19;" CS="1" HEIGHT="39" HPOS="1243" VPOS="2382" WIDTH="55" />
<SP HEIGHT="44" HPOS="1325" VPOS="2382" WIDTH="42" />
<String CONTENT="A" HEIGHT="38" HPOS="1368" VPOS="2382" WIDTH="40" />
<SP HEIGHT="39" HPOS="1409" VPOS="2382" WIDTH="38" />
<String CONTENT="65298;" CS="1" HEIGHT="40" HPOS="1448" VPOS="2382" WIDTH="143" />
<SP HEIGHT="41" HPOS="1618" VPOS="2384" WIDTH="43" />
<String CONTENT="Aluminum" HEIGHT="40" HPOS="1662" VPOS="2384" WIDTH="280" />
<SP HEIGHT="29" HPOS="1943" VPOS="2396" WIDTH="40" />
<String CONTENT="co." HEIGHT="29" HPOS="1984" VPOS="2396" WIDTH="67" />
<SP HEIGHT="28" HPOS="2052" VPOS="2397" WIDTH="41" />
<String CONTENT="of" HEIGHT="38" HPOS="2094" VPOS="2387" WIDTH="51" />
</TextLine>
<TextLine HEIGHT="53" HPOS="213" VPOS="2433" WIDTH="1002">
<String CONTENT="America." HEIGHT="40" HPOS="213" VPOS="2437" WIDTH="235" />
<SP HEIGHT="29" HPOS="449" VPOS="2457" WIDTH="64" />
<String CONTENT="[&#169;" HEIGHT="53" HPOS="514" VPOS="2433" WIDTH="68" />
<SP HEIGHT="51" HPOS="583" VPOS="2433" WIDTH="28" />
<String CONTENT="revisions]" HEIGHT="48" HPOS="612" VPOS="2437" WIDTH="249" />
<SP HEIGHT="48" HPOS="862" VPOS="2437" WIDTH="72" />
<String CONTENT="(33-25027)" HEIGHT="49" HPOS="935" VPOS="2437" WIDTH="280" />
</TextLine>
<TextLine HEIGHT="56" HPOS="142" STYLEREFS="StyleId-CA228F5D-F5D9-4522-8A6A-20807BAD35F6-" VPOS="2540" WIDTH="1152">
<String CONTENT="American" HEIGHT="53" HPOS="142" VPOS="2540" WIDTH="315" />
<SP HEIGHT="51" HPOS="458" VPOS="2541" WIDTH="26" />
<String CONTENT="foundation" HEIGHT="53" HPOS="485" VPOS="2540" WIDTH="351" />
<SP HEIGHT="51" HPOS="837" VPOS="2541" WIDTH="25" />
<String CONTENT="for" HEIGHT="51" HPOS="863" VPOS="2541" WIDTH="96" />
<SP HEIGHT="49" HPOS="960" VPOS="2544" WIDTH="26" />
<String CONTENT="the" HEIGHT="53" HPOS="987" VPOS="2541" WIDTH="101" />
<SP HEIGHT="53" HPOS="1089" VPOS="2541" WIDTH="26" />
<String CONTENT="blind." HEIGHT="55" HPOS="1116" VPOS="2541" WIDTH="178" />
</TextLine>
<TextLine HEIGHT="69" HPOS="213" STYLEREFS="StyleId-CCA261C9-683B-4057-AE96-D78C80387503-" VPOS="2616" WIDTH="1926">
<String CONTENT="Directory" HEIGHT="68" HPOS="213" VPOS="2617" WIDTH="303" />
<SP HEIGHT="49" HPOS="517" VPOS="2636" WIDTH="36" />
<String CONTENT="of" HEIGHT="52" HPOS="554" VPOS="2617" WIDTH="64" />
<SP HEIGHT="68" HPOS="619" VPOS="2617" WIDTH="32" />
<String CONTENT="periodicals" HEIGHT="68" HPOS="652" VPOS="2617" WIDTH="341" />
<SP HEIGHT="34" HPOS="994" VPOS="2636" WIDTH="35" />
<String CONTENT="of" HEIGHT="53" HPOS="1030" VPOS="2616" WIDTH="64" />
<SP HEIGHT="54" HPOS="1095" VPOS="2616" WIDTH="35" />
<String CONTENT="special" HEIGHT="66" HPOS="1131" VPOS="2619" WIDTH="209" />
<SP HEIGHT="52" HPOS="1341" VPOS="2618" WIDTH="37" />
<String CONTENT="interest" HEIGHT="55" HPOS="1379" VPOS="2618" WIDTH="235" />
<SP HEIGHT="47" HPOS="1615" VPOS="2625" WIDTH="33" />
<String CONTENT="to" HEIGHT="48" HPOS="1649" VPOS="2625" WIDTH="59" />
<SP HEIGHT="47" HPOS="1709" VPOS="2626" WIDTH="33" />
<String CONTENT="the" HEIGHT="54" HPOS="1743" VPOS="2621" WIDTH="96" />
<SP HEIGHT="53" HPOS="1840" VPOS="2622" WIDTH="36" />
<String CONTENT="blind" HEIGHT="54" HPOS="1877" VPOS="2622" WIDTH="162" />
<SP HEIGHT="52" HPOS="2040" VPOS="2624" WIDTH="39" />
<String CONTENT="in" HEIGHT="52" HPOS="2080" VPOS="2624" WIDTH="59" />
</TextLine>
<TextLine HEIGHT="75" HPOS="144" STYLEREFS="StyleId-CCA261C9-683B-4057-AE96-D78C80387503-" VPOS="2694" WIDTH="1996">
<String CONTENT="Braille" HEIGHT="52" HPOS="144" LANG="en-US" VPOS="2695" WIDTH="216" />
<SP HEIGHT="33" HPOS="361" VPOS="2714" WIDTH="32" />
<String CONTENT="and" HEIGHT="51" HPOS="394" LANG="en-US" VPOS="2696" WIDTH="112" />
<SP HEIGHT="52" HPOS="507" VPOS="2695" WIDTH="32" />
<String CONTENT="inkprint," HEIGHT="69" HPOS="540" LANG="en-US" VPOS="2694" WIDTH="280" />
<SP HEIGHT="49" HPOS="821" VPOS="2714" WIDTH="33" />
<String CONTENT="compiled" HEIGHT="68" HPOS="855" LANG="en-US" VPOS="2695" WIDTH="281" />
<SP HEIGHT="53" HPOS="1137" VPOS="2695" WIDTH="31" />
<String CONTENT="by" HEIGHT="69" HPOS="1169" LANG="en-US" VPOS="2695" WIDTH="75" />
<SP HEIGHT="68" HPOS="1245" VPOS="2696" WIDTH="34" />
<String CONTENT="Helga" HEIGHT="69" HPOS="1280" LANG="de" VPOS="2696" WIDTH="189" />
<SP HEIGHT="51" HPOS="1470" VPOS="2698" WIDTH="33" />
<String CONTENT="Lende." HEIGHT="53" HPOS="1504" LANG="de" VPOS="2698" WIDTH="207" />
<SP HEIGHT="51" HPOS="1712" VPOS="2700" WIDTH="71" />
<String CONTENT="New" HEIGHT="52" HPOS="1784" LANG="en-US" VPOS="2700" WIDTH="138" />
<SP HEIGHT="52" HPOS="1923" VPOS="2701" WIDTH="36" />
<String CONTENT="York," HEIGHT="68" HPOS="1960" LANG="en-US" VPOS="2701" WIDTH="180" />
</TextLine>
<TextLine HEIGHT="70" HPOS="142" STYLEREFS="StyleId-CCA261C9-683B-4057-AE96-D78C80387503-" VPOS="2772" WIDTH="1491">
<String CONTENT="American" HEIGHT="53" HPOS="142" VPOS="2772" WIDTH="304" />
<SP HEIGHT="52" HPOS="447" VPOS="2772" WIDTH="33" />
<String CONTENT="foundation" HEIGHT="53" HPOS="481" VPOS="2772" WIDTH="342" />
<SP HEIGHT="52" HPOS="824" VPOS="2772" WIDTH="33" />
<String CONTENT="for" HEIGHT="52" HPOS="858" VPOS="2772" WIDTH="93" />
<SP HEIGHT="46" HPOS="952" VPOS="2779" WIDTH="28" />
<String CONTENT="the" HEIGHT="52" HPOS="981" VPOS="2773" WIDTH="96" />
<SP HEIGHT="53" HPOS="1078" VPOS="2772" WIDTH="29" />
<String CONTENT="blind," HEIGHT="69" HPOS="1108" VPOS="2772" WIDTH="181" />
<SP HEIGHT="67" HPOS="1290" VPOS="2774" WIDTH="29" />
<String CONTENT="inc.," HEIGHT="68" HPOS="1320" VPOS="2774" WIDTH="127" />
<SP HEIGHT="64" HPOS="1448" VPOS="2778" WIDTH="35" />
<String CONTENT="1933." HEIGHT="52" HPOS="1484" VPOS="2777" WIDTH="149" />
</TextLine>
<TextLine CS="1" HEIGHT="48" HPOS="213" STYLEREFS="StyleId-CCA261C9-683B-4057-AE96-D78C80387503-" VPOS="2845" WIDTH="418">
<String CONTENT="vi," HEIGHT="48" HPOS="213" VPOS="2845" WIDTH="63" />
<SP HEIGHT="47" HPOS="277" VPOS="2846" WIDTH="25" />
<String CONTENT="58" HEIGHT="40" HPOS="303" VPOS="2846" WIDTH="54" />
<SP HEIGHT="47" HPOS="358" VPOS="2846" WIDTH="24" />
<String CONTENT="p." HEIGHT="36" HPOS="383" VPOS="2857" WIDTH="44" />
<SP HEIGHT="39" HPOS="428" VPOS="2846" WIDTH="58" />
<String CONTENT="23&#189;cm." CS="1" HEIGHT="41" HPOS="487" VPOS="2846" WIDTH="144" />
</TextLine>
<TextLine HEIGHT="49" HPOS="214" VPOS="2902" WIDTH="1615">
<String CONTENT="Arranged" HEIGHT="46" HPOS="214" VPOS="2903" WIDTH="250" />
<SP HEIGHT="46" HPOS="465" VPOS="2903" WIDTH="26" />
<String CONTENT="geographically" HEIGHT="47" HPOS="492" VPOS="2902" WIDTH="390" />
<SP HEIGHT="37" HPOS="883" VPOS="2912" WIDTH="27" />
<String CONTENT="under" HEIGHT="40" HPOS="911" VPOS="2902" WIDTH="153" />
<SP HEIGHT="31" HPOS="1065" VPOS="2912" WIDTH="27" />
<String CONTENT="countries," HEIGHT="49" HPOS="1093" VPOS="2902" WIDTH="258" />
<SP HEIGHT="37" HPOS="1352" VPOS="2914" WIDTH="28" />
<String CONTENT="with" HEIGHT="40" HPOS="1381" VPOS="2903" WIDTH="120" />
<SP HEIGHT="41" HPOS="1502" VPOS="2904" WIDTH="28" />
<String CONTENT="title" HEIGHT="41" HPOS="1531" VPOS="2904" WIDTH="109" />
<SP HEIGHT="40" HPOS="1641" VPOS="2905" WIDTH="29" />
<String CONTENT="index." HEIGHT="42" HPOS="1671" VPOS="2905" WIDTH="158" />
</TextLine>
<TextLine HEIGHT="51" HPOS="217" VPOS="2957" WIDTH="1924">
<String CONTENT="&#8220;A" HEIGHT="38" HPOS="217" VPOS="2959" WIDTH="67" />
<SP HEIGHT="39" HPOS="285" VPOS="2959" WIDTH="33" />
<String CONTENT="new" HEIGHT="30" HPOS="319" VPOS="2968" WIDTH="106" />
<SP HEIGHT="30" HPOS="426" VPOS="2968" WIDTH="37" />
<String CONTENT="edition" HEIGHT="39" HPOS="464" VPOS="2959" WIDTH="182" />
<SP HEIGHT="29" HPOS="647" VPOS="2969" WIDTH="38" />
<String CONTENT="of" HEIGHT="40" HPOS="686" VPOS="2958" WIDTH="51" />
<SP HEIGHT="40" HPOS="738" VPOS="2958" WIDTH="34" />
<String CONTENT="the" HEIGHT="38" HPOS="773" VPOS="2960" WIDTH="82" />
<SP HEIGHT="41" HPOS="856" VPOS="2957" WIDTH="36" />
<String CONTENT="Compilation" HEIGHT="48" HPOS="893" VPOS="2957" WIDTH="326" />
<SP HEIGHT="29" HPOS="1220" VPOS="2970" WIDTH="37" />
<String CONTENT="of" HEIGHT="40" HPOS="1258" VPOS="2959" WIDTH="52" />
<SP HEIGHT="39" HPOS="1311" VPOS="2959" WIDTH="36" />
<String CONTENT="Braille" HEIGHT="42" HPOS="1348" VPOS="2959" WIDTH="183" />
<SP HEIGHT="37" HPOS="1532" VPOS="2971" WIDTH="38" />
<String CONTENT="periodicals" HEIGHT="46" HPOS="1571" VPOS="2962" WIDTH="290" />
<SP HEIGHT="29" HPOS="1862" VPOS="2974" WIDTH="41" />
<String CONTENT="and" HEIGHT="39" HPOS="1904" VPOS="2966" WIDTH="93" />
<SP HEIGHT="40" HPOS="1998" VPOS="2965" WIDTH="41" />
<String CONTENT="ink-" HEIGHT="40" HPOS="2040" VPOS="2965" WIDTH="101" />
</TextLine>
<TextLine HEIGHT="54" HPOS="145" VPOS="3014" WIDTH="1992">
<String CONTENT="print" HEIGHT="46" HPOS="145" VPOS="3015" WIDTH="130" />
<SP HEIGHT="37" HPOS="276" VPOS="3017" WIDTH="26" />
<String CONTENT="magazines" HEIGHT="47" HPOS="303" VPOS="3015" WIDTH="275" />
<SP HEIGHT="28" HPOS="579" VPOS="3026" WIDTH="29" />
<String CONTENT="relating" HEIGHT="48" HPOS="609" VPOS="3014" WIDTH="210" />
<SP HEIGHT="46" HPOS="820" VPOS="3016" WIDTH="27" />
<String CONTENT="to" HEIGHT="38" HPOS="848" VPOS="3016" WIDTH="48" />
<SP HEIGHT="37" HPOS="897" VPOS="3017" WIDTH="29" />
<String CONTENT="the" HEIGHT="38" HPOS="927" VPOS="3016" WIDTH="82" />
<SP HEIGHT="39" HPOS="1010" VPOS="3015" WIDTH="28" />
<String CONTENT="blind" HEIGHT="40" HPOS="1039" VPOS="3015" WIDTH="133" />
<SP HEIGHT="40" HPOS="1173" VPOS="3015" WIDTH="31" />
<String CONTENT="in" HEIGHT="39" HPOS="1205" VPOS="3015" WIDTH="48" />
<SP HEIGHT="38" HPOS="1254" VPOS="3017" WIDTH="33" />
<String CONTENT="the" HEIGHT="38" HPOS="1288" VPOS="3017" WIDTH="83" />
<SP HEIGHT="40" HPOS="1372" VPOS="3016" WIDTH="31" />
<String CONTENT="United" HEIGHT="41" HPOS="1404" VPOS="3016" WIDTH="176" />
<SP HEIGHT="41" HPOS="1581" VPOS="3017" WIDTH="35" />
<String CONTENT="States" HEIGHT="42" HPOS="1617" VPOS="3017" WIDTH="163" />
<SP HEIGHT="30" HPOS="1781" VPOS="3029" WIDTH="31" />
<String CONTENT="and" HEIGHT="38" HPOS="1813" VPOS="3021" WIDTH="94" />
<SP HEIGHT="39" HPOS="1908" VPOS="3021" WIDTH="33" />
<String CONTENT="abroad," HEIGHT="47" HPOS="1942" VPOS="3021" WIDTH="195" />
</TextLine>
<TextLine HEIGHT="49" HPOS="146" VPOS="3070" WIDTH="1823">
<String CONTENT="issued" HEIGHT="40" HPOS="146" VPOS="3071" WIDTH="161" />
<SP HEIGHT="39" HPOS="308" VPOS="3072" WIDTH="30" />
<String CONTENT="in" HEIGHT="39" HPOS="339" VPOS="3072" WIDTH="48" />
<SP HEIGHT="39" HPOS="388" VPOS="3072" WIDTH="31" />
<String CONTENT="1929" HEIGHT="41" HPOS="420" VPOS="3070" WIDTH="113" />
<SP HEIGHT="40" HPOS="534" VPOS="3071" WIDTH="30" />
<String CONTENT="by" HEIGHT="48" HPOS="565" VPOS="3071" WIDTH="61" />
<SP HEIGHT="48" HPOS="627" VPOS="3071" WIDTH="31" />
<String CONTENT="Ida" HEIGHT="40" HPOS="659" VPOS="3071" WIDTH="86" />
<SP HEIGHT="39" HPOS="746" VPOS="3071" WIDTH="32" />
<String CONTENT="Hirst-Gifford" HEIGHT="41" HPOS="779" VPOS="3070" WIDTH="354" />
<SP HEIGHT="38" HPOS="1134" VPOS="3073" WIDTH="31" />
<String CONTENT="and" HEIGHT="39" HPOS="1166" VPOS="3073" WIDTH="95" />
<SP HEIGHT="40" HPOS="1262" VPOS="3072" WIDTH="30" />
<String CONTENT="Ruth" HEIGHT="40" HPOS="1293" VPOS="3072" WIDTH="133" />
<SP HEIGHT="40" HPOS="1427" VPOS="3072" WIDTH="31" />
<String CONTENT="E." HEIGHT="40" HPOS="1459" VPOS="3072" WIDTH="54" />
<SP HEIGHT="40" HPOS="1514" VPOS="3073" WIDTH="31" />
<String CONTENT="Wilcox.&#8221;&#8212;Pref." HEIGHT="45" HPOS="1546" VPOS="3073" WIDTH="423" />
</TextLine>
<TextLine HEIGHT="52" HPOS="146" VPOS="3141" WIDTH="1995">
<String CONTENT="&#169;" HEIGHT="52" HPOS="146" VPOS="3141" WIDTH="51" />
<SP HEIGHT="52" HPOS="198" VPOS="3141" WIDTH="35" />
<String CONTENT="Mar." HEIGHT="39" HPOS="234" VPOS="3146" WIDTH="118" />
<SP HEIGHT="38" HPOS="353" VPOS="3145" WIDTH="35" />
<String CONTENT="25," HEIGHT="43" HPOS="389" VPOS="3144" WIDTH="67" />
<SP HEIGHT="42" HPOS="457" VPOS="3145" WIDTH="34" />
<String CONTENT="1933:" HEIGHT="41" HPOS="492" VPOS="3143" WIDTH="139" />
<SP HEIGHT="40" HPOS="632" VPOS="3144" WIDTH="36" />
<String CONTENT="2c." HEIGHT="40" HPOS="669" VPOS="3144" WIDTH="67" />
<SP HEIGHT="30" HPOS="737" VPOS="3154" WIDTH="33" />
<String CONTENT="and" HEIGHT="38" HPOS="771" VPOS="3145" WIDTH="95" />
<SP HEIGHT="38" HPOS="867" VPOS="3145" WIDTH="34" />
<String CONTENT="aff." HEIGHT="42" HPOS="902" VPOS="3142" WIDTH="82" />
<SP HEIGHT="40" HPOS="985" VPOS="3144" WIDTH="33" />
<String CONTENT="Apr." HEIGHT="47" HPOS="1019" VPOS="3144" WIDTH="112" />
<SP HEIGHT="39" HPOS="1132" VPOS="3144" WIDTH="35" />
<String CONTENT="6;" HEIGHT="46" HPOS="1168" VPOS="3144" WIDTH="51" />
<SP HEIGHT="45" HPOS="1220" VPOS="3145" WIDTH="37" />
<String CONTENT="A" HEIGHT="38" HPOS="1258" VPOS="3145" WIDTH="39" />
<SP HEIGHT="39" HPOS="1298" VPOS="3145" WIDTH="34" />
<String CONTENT="60920;" HEIGHT="49" HPOS="1333" VPOS="3144" WIDTH="170" />
<SP HEIGHT="46" HPOS="1504" VPOS="3147" WIDTH="36" />
<String CONTENT="Amer." HEIGHT="41" HPOS="1541" LANG="fi" VPOS="3147" WIDTH="159" />
<SP HEIGHT="40" HPOS="1701" VPOS="3148" WIDTH="33" />
<String CONTENT="foundation" HEIGHT="42" HPOS="1735" VPOS="3148" WIDTH="293" />
<SP HEIGHT="40" HPOS="2029" VPOS="3151" WIDTH="33" />
<String CONTENT="for" HEIGHT="41" HPOS="2063" VPOS="3151" WIDTH="78" />
</TextLine>
<TextLine HEIGHT="47" HPOS="213" VPOS="3200" WIDTH="728">
<String CONTENT="the" HEIGHT="37" HPOS="213" VPOS="3204" WIDTH="80" />
<SP HEIGHT="38" HPOS="294" VPOS="3203" WIDTH="28" />
<String CONTENT="blind," HEIGHT="41" HPOS="323" VPOS="3202" WIDTH="146" />
<SP HEIGHT="41" HPOS="470" VPOS="3202" WIDTH="30" />
<String CONTENT="inc." HEIGHT="39" HPOS="501" VPOS="3202" WIDTH="89" />
<SP HEIGHT="47" HPOS="591" VPOS="3200" WIDTH="70" />
<String CONTENT="(33-25986)" HEIGHT="47" HPOS="662" VPOS="3200" WIDTH="279" />
</TextLine>
<TextLine HEIGHT="64" HPOS="142" STYLEREFS="StyleId-CA228F5D-F5D9-4522-8A6A-20807BAD35F6-" VPOS="3303" WIDTH="1297">
<String CONTENT="American" HEIGHT="53" HPOS="142" VPOS="3306" WIDTH="312" />
<SP HEIGHT="35" HPOS="455" VPOS="3323" WIDTH="27" />
<String CONTENT="society" HEIGHT="63" HPOS="483" VPOS="3304" WIDTH="226" />
<SP HEIGHT="63" HPOS="710" VPOS="3304" WIDTH="25" />
<String CONTENT="for" HEIGHT="52" HPOS="736" VPOS="3304" WIDTH="96" />
<SP HEIGHT="49" HPOS="833" VPOS="3308" WIDTH="26" />
<String CONTENT="testing" HEIGHT="64" HPOS="860" VPOS="3303" WIDTH="227" />
<SP HEIGHT="46" HPOS="1088" VPOS="3321" WIDTH="26" />
<String CONTENT="materials." HEIGHT="55" HPOS="1115" VPOS="3305" WIDTH="324" />
</TextLine>
<TextLine CS="1" HEIGHT="74" HPOS="213" STYLEREFS="StyleId-CCA261C9-683B-4057-AE96-D78C80387503-" VPOS="3379" WIDTH="1720">
<String CONTENT="Symposium" HEIGHT="69" HPOS="213" VPOS="3382" WIDTH="364" />
<SP HEIGHT="33" HPOS="578" VPOS="3401" WIDTH="33" />
<String CONTENT="on" HEIGHT="34" HPOS="612" VPOS="3400" WIDTH="71" />
<SP HEIGHT="32" HPOS="684" VPOS="3400" WIDTH="34" />
<String CONTENT="motor" HEIGHT="47" HPOS="719" VPOS="3386" WIDTH="183" />
<SP HEIGHT="52" HPOS="903" VPOS="3380" WIDTH="34" />
<String CONTENT="lubricants," HEIGHT="70" HPOS="938" VPOS="3379" WIDTH="331" />
<SP HEIGHT="68" HPOS="1270" VPOS="3381" WIDTH="34" />
<String CONTENT="New" HEIGHT="53" HPOS="1305" VPOS="3381" WIDTH="139" />
<SP HEIGHT="52" HPOS="1445" VPOS="3382" WIDTH="35" />
<String CONTENT="York" HEIGHT="53" HPOS="1481" VPOS="3382" WIDTH="164" />
<SP HEIGHT="53" HPOS="1646" VPOS="3383" WIDTH="31" />
<String CONTENT="regional" HEIGHT="69" HPOS="1678" VPOS="3384" WIDTH="255" />
</TextLine>
<TextLine CS="1" HEIGHT="138" HPOS="141" STYLEREFS="StyleId-CCA261C9-683B-4057-AE96-D78C80387503-" VPOS="3398" WIDTH="1995">
<String CONTENT="meeting," HEIGHT="133" HPOS="141" VPOS="3398" WIDTH="1972" />
<SP HEIGHT="67" HPOS="259" VPOS="3462" WIDTH="31" />
<String CONTENT="American" HEIGHT="53" HPOS="291" VPOS="3460" WIDTH="303" />
<SP HEIGHT="33" HPOS="595" VPOS="3478" WIDTH="33" />
<String CONTENT="society" HEIGHT="66" HPOS="629" VPOS="3460" WIDTH="210" />
<SP HEIGHT="68" HPOS="840" VPOS="3458" WIDTH="34" />
<String CONTENT="for" HEIGHT="52" HPOS="875" VPOS="3458" WIDTH="92" />
<SP HEIGHT="47" HPOS="968" VPOS="3463" WIDTH="32" />
<String CONTENT="testing" HEIGHT="69" HPOS="1001" VPOS="3458" WIDTH="213" />
<SP HEIGHT="49" HPOS="1215" VPOS="3478" WIDTH="30" />
<String CONTENT="materials," HEIGHT="68" HPOS="1246" VPOS="3460" WIDTH="308" />
<SP HEIGHT="66" HPOS="1555" VPOS="3462" WIDTH="31" />
<String CONTENT="held" HEIGHT="55" HPOS="1587" VPOS="3461" WIDTH="131" />
<SP HEIGHT="68" HPOS="1719" VPOS="3464" WIDTH="33" />
<String CONTENT="jointly" HEIGHT="72" HPOS="1753" VPOS="3464" WIDTH="211" />
<SP HEIGHT="49" HPOS="1965" VPOS="3487" WIDTH="33" />
<String CONTENT="with" HEIGHT="55" HPOS="1999" VPOS="3470" WIDTH="137" />
</TextLine>
<TextLine HEIGHT="84" HPOS="141" STYLEREFS="StyleId-CCA261C9-683B-4057-AE96-D78C80387503-" VPOS="3535" WIDTH="1995">
<String CONTENT="the" HEIGHT="51" HPOS="141" VPOS="3542" WIDTH="95" />
<SP HEIGHT="53" HPOS="237" VPOS="3540" WIDTH="49" />
<String CONTENT="Metropolitan" HEIGHT="69" HPOS="287" VPOS="3537" WIDTH="411" />
<SP HEIGHT="34" HPOS="699" VPOS="3555" WIDTH="50" />
<String CONTENT="section," HEIGHT="66" HPOS="750" VPOS="3536" WIDTH="229" />
<SP HEIGHT="67" HPOS="980" VPOS="3535" WIDTH="53" />
<String CONTENT="Society" HEIGHT="69" HPOS="1034" VPOS="3535" WIDTH="226" />
<SP HEIGHT="49" HPOS="1261" VPOS="3555" WIDTH="51" />
<String CONTENT="of" HEIGHT="51" HPOS="1313" VPOS="3537" WIDTH="64" />
<SP HEIGHT="53" HPOS="1378" VPOS="3537" WIDTH="50" />
<String CONTENT="automotive" HEIGHT="56" HPOS="1429" VPOS="3539" WIDTH="345" />
<SP HEIGHT="36" HPOS="1775" VPOS="3561" WIDTH="51" />
<String CONTENT="engineers," HEIGHT="71" HPOS="1827" VPOS="3548" WIDTH="309" />
</TextLine>
<TextLine HEIGHT="76" HPOS="141" STYLEREFS="StyleId-CCA261C9-683B-4057-AE96-D78C80387503-" VPOS="3613" WIDTH="1994">
<String CONTENT="New" HEIGHT="52" HPOS="141" VPOS="3620" WIDTH="135" />
<SP HEIGHT="52" HPOS="277" VPOS="3618" WIDTH="35" />
<String CONTENT="York" HEIGHT="52" HPOS="313" VPOS="3618" WIDTH="161" />
<SP HEIGHT="50" HPOS="475" VPOS="3618" WIDTH="31" />
<String CONTENT="city," HEIGHT="67" HPOS="507" VPOS="3616" WIDTH="131" />
<SP HEIGHT="67" HPOS="639" VPOS="3616" WIDTH="31" />
<String CONTENT="March" HEIGHT="51" HPOS="671" VPOS="3615" WIDTH="202" />
<SP HEIGHT="51" HPOS="874" VPOS="3615" WIDTH="34" />
<String CONTENT="8," HEIGHT="64" HPOS="909" VPOS="3618" WIDTH="48" />
<SP HEIGHT="64" HPOS="958" VPOS="3618" WIDTH="32" />
<String CONTENT="1933." HEIGHT="49" HPOS="991" VPOS="3617" WIDTH="150" />
<SP HEIGHT="53" HPOS="1142" VPOS="3613" WIDTH="74" />
<String CONTENT="Philadelphia," HEIGHT="73" HPOS="1217" VPOS="3613" WIDTH="426" />
<SP HEIGHT="66" HPOS="1644" VPOS="3620" WIDTH="31" />
<String CONTENT="Pa.," HEIGHT="69" HPOS="1676" VPOS="3620" WIDTH="120" />
<SP HEIGHT="66" HPOS="1797" VPOS="3623" WIDTH="31" />
<String CONTENT="American" HEIGHT="58" HPOS="1829" VPOS="3623" WIDTH="306" />
</TextLine>
<TextLine HEIGHT="74" HPOS="140" STYLEREFS="StyleId-CCA261C9-683B-4057-AE96-D78C80387503-" VPOS="3692" WIDTH="1096">
<String CONTENT="society" HEIGHT="67" HPOS="140" VPOS="3699" WIDTH="209" />
<SP HEIGHT="71" HPOS="350" VPOS="3695" WIDTH="28" />
<String CONTENT="for" HEIGHT="53" HPOS="379" VPOS="3695" WIDTH="93" />
<SP HEIGHT="48" HPOS="473" VPOS="3699" WIDTH="26" />
<String CONTENT="testing" HEIGHT="67" HPOS="500" VPOS="3694" WIDTH="212" />
<SP HEIGHT="50" HPOS="713" VPOS="3711" WIDTH="25" />
<String CONTENT="materials" HEIGHT="53" HPOS="739" VPOS="3692" WIDTH="291" />
<SP HEIGHT="48" HPOS="1031" VPOS="3711" WIDTH="32" />
<String CONTENT="[1933]" HEIGHT="66" HPOS="1064" VPOS="3693" WIDTH="172" />
</TextLine>
<TextLine HEIGHT="51" HPOS="211" VPOS="3768" WIDTH="569">
<String CONTENT="121" HEIGHT="39" HPOS="211" VPOS="3773" WIDTH="83" />
<SP HEIGHT="46" HPOS="295" VPOS="3773" WIDTH="29" />
<String CONTENT="p." HEIGHT="36" HPOS="325" VPOS="3783" WIDTH="43" />
<SP HEIGHT="40" HPOS="369" VPOS="3771" WIDTH="56" />
<String CONTENT="diagrs." HEIGHT="47" HPOS="426" VPOS="3769" WIDTH="177" />
<SP HEIGHT="39" HPOS="604" VPOS="3768" WIDTH="59" />
<String CONTENT="23cm." HEIGHT="39" HPOS="664" VPOS="3768" WIDTH="116" />
</TextLine>
<TextLine CS="1" HEIGHT="50" HPOS="212" VPOS="3823" WIDTH="641">
<String CONTENT="&#8220;References&#8221;:" CS="1" HEIGHT="46" HPOS="212" VPOS="3824" WIDTH="347" />
<SP HEIGHT="37" HPOS="587" VPOS="3836" WIDTH="33" />
<String CONTENT="p." HEIGHT="36" HPOS="621" VPOS="3837" WIDTH="42" />
<SP HEIGHT="40" HPOS="664" VPOS="3825" WIDTH="30" />
<String CONTENT="75-76." HEIGHT="41" HPOS="695" VPOS="3823" WIDTH="158" />
</TextLine>
<TextLine CS="1" HEIGHT="59" HPOS="145" VPOS="3893" WIDTH="1993">
<String CONTENT="&#169;" HEIGHT="52" HPOS="145" VPOS="3899" WIDTH="50" />
<SP HEIGHT="52" HPOS="196" VPOS="3899" WIDTH="36" />
<String CONTENT="Aug." HEIGHT="46" HPOS="233" VPOS="3903" WIDTH="116" />
<SP HEIGHT="39" HPOS="350" VPOS="3900" WIDTH="33" />
<String CONTENT="30," HEIGHT="46" HPOS="384" VPOS="3900" WIDTH="69" />
<SP HEIGHT="46" HPOS="454" VPOS="3900" WIDTH="35" />
<String CONTENT="1933:" CS="1" HEIGHT="39" HPOS="490" VPOS="3898" WIDTH="112" />
<SP HEIGHT="41" HPOS="629" VPOS="3896" WIDTH="38" />
<String CONTENT="2c." HEIGHT="39" HPOS="668" VPOS="3896" WIDTH="66" />
<SP HEIGHT="39" HPOS="735" VPOS="3895" WIDTH="33" />
<String CONTENT="Aug." HEIGHT="46" HPOS="769" VPOS="3895" WIDTH="119" />
<SP HEIGHT="38" HPOS="889" VPOS="3895" WIDTH="33" />
<String CONTENT="31;" HEIGHT="45" HPOS="923" VPOS="3894" WIDTH="81" />
<SP HEIGHT="35" HPOS="1005" VPOS="3904" WIDTH="38" />
<String CONTENT="aff." HEIGHT="40" HPOS="1044" VPOS="3893" WIDTH="81" />
<SP HEIGHT="40" HPOS="1126" VPOS="3894" WIDTH="39" />
<String CONTENT="Sept." HEIGHT="47" HPOS="1166" VPOS="3894" WIDTH="125" />
<SP HEIGHT="38" HPOS="1292" VPOS="3896" WIDTH="37" />
<String CONTENT="13;" HEIGHT="45" HPOS="1330" VPOS="3896" WIDTH="81" />
<SP HEIGHT="44" HPOS="1412" VPOS="3897" WIDTH="37" />
<String CONTENT="A" HEIGHT="38" HPOS="1450" VPOS="3897" WIDTH="39" />
<SP HEIGHT="40" HPOS="1490" VPOS="3897" WIDTH="35" />
<String CONTENT="66016;" HEIGHT="50" HPOS="1526" VPOS="3898" WIDTH="169" />
<SP HEIGHT="44" HPOS="1696" VPOS="3904" WIDTH="38" />
<String CONTENT="Amer." HEIGHT="43" HPOS="1735" LANG="fr" VPOS="3904" WIDTH="157" />
<SP HEIGHT="29" HPOS="1893" VPOS="3919" WIDTH="36" />
<String CONTENT="soc." HEIGHT="30" HPOS="1930" LANG="fr" VPOS="3919" WIDTH="91" />
<SP HEIGHT="38" HPOS="2022" VPOS="3911" WIDTH="37" />
<String CONTENT="for" HEIGHT="41" HPOS="2060" VPOS="3911" WIDTH="78" />
</TextLine>
<TextLine HEIGHT="54" HPOS="212" VPOS="3950" WIDTH="832">
<String CONTENT="testing" HEIGHT="46" HPOS="212" VPOS="3958" WIDTH="179" />
<SP HEIGHT="37" HPOS="392" VPOS="3967" WIDTH="36" />
<String CONTENT="materials." HEIGHT="42" HPOS="429" VPOS="3953" WIDTH="265" />
<SP HEIGHT="47" HPOS="695" VPOS="3951" WIDTH="69" />
<String CONTENT="(33-24376)" HEIGHT="48" HPOS="765" VPOS="3950" WIDTH="279" />
</TextLine>
</TextBlock>
</PrintSpace>
</Page>
</Layout>
</alto>