2540 4453
1115 4048 102 49 439

145 410 241 65 Turpin,
417 409 168 53 Edna
613 410 207 61 Henry
845 408 134 62 Lee,
1011 406 171 54 1867-

218 487 158 53 Echo
401 486 124 66 hill,
550 485 77 69 by
654 485 169 52 Edna
849 482 226 69 Turpin;
1134 479 325 54 illustrated
1488 479 76 69 by
1594 477 222 70 George
1846 477 300 53 Richards.

149 565 136 53 New
313 563 179 64 York,
519 562 121 53 The
667 561 333 53 Macmillan
1029 575 298 52 company,
1358 560 149 49 1933.

220 637 63 46 ix,
316 656 69 31 [1],
414 635 86 41 230
525 645 43 38 p.
597 635 108 40 incl.
732 634 163 49 front.,
923 633 128 40 illus.
1110 631 118 41 20cm.

153 705 51 52 ©
232 710 112 47 Apr.
369 709 40 46 4,
437 708 111 39 1933;
606 707 68 40 2c.
701 708 94 38 and
823 706 82 40 aff.
932 705 112 48 Apr.
1073 704 25 40 5;
1155 704 40 38 A
1222 702 142 41 61219;
1424 702 282 40 Macmillan
1733 712 66 30 co.

234 766 249 48 (33-8153)

146 865 295 67 Ullmann,
474 866 181 65 Fritz,
690 865 171 53 1875-
1073 863 84 54 ed.

218 944 407 68 Enciclopedia
676 944 68 52 de
793 942 247 69 química
1089 940 327 69 industrial,
1464 939 255 70 dirigida
1767 958 106 51 por
1919 941 51 51 el
149 957 1974 120 profesor

336 1018 1814 60 dr. Fritz Ullmann. t. VI-IX. secci ó n IV -V. Versión del
151 1100 1999 70 alem á n bajo la direcci ó n del dr. José Estalella. Barcelona,
150 1182 68 54 G.
250 1182 139 67 Gili,
421 1183 150 51 1932.

222 1259 26 37 4
315 1289 7 7 v.
382 1255 143 46 illus.,
559 1254 167 46 tables,
759 1254 179 48 diagrs.
999 1253 115 40 28cm.

157 1322 51 52 ©
235 1327 121 39 Mar.
381 1325 70 47 18,
476 1323 112 41 1932;
672 1334 37 30 1c.
735 1324 120 40 each
880 1325 120 38 Mar.
1026 1324 39 47 2,
1092 1323 111 40 1933;
1260 1322 309 48 A-Foreign
1596 1322 144 40 20240;
1798 1322 216 39 Gustavo
2043 1319 111 43 Gili.

151 1445 71 54 U.
254 1445 57 53 S.
385 1445 279 66 Supreme
695 1448 176 50 court.

224 1523 120 51 The
385 1540 123 33 new
552 1520 219 53 federal
813 1518 194 70 equity
1048 1520 149 52 rules
1239 1520 401 67 promulgated
1680 1520 78 66 by
1798 1520 94 51 the
1935 1519 217 55 United

157 1599 188 55 States
389 1600 275 66 Supreme
707 1604 160 48 court
911 1604 58 46 at
1010 1599 95 51 the
1147 1598 246 55 October
1434 1603 162 60 term,
1639 1601 152 61 1912,
1832 1597 221 54 revised
2094 1604 59 46 to

155 1678 146 65 date,
335 1677 260 68 together
627 1677 140 52 with
802 1680 237 64 cognate
1073 1681 286 62 statutory
1393 1675 321 68 provisions
1748 1677 113 51 and
1898 1695 30 33 a

155 1693 1974 131 reproduction,
438 1755 141 54 with
614 1753 381 70 annotations,
1031 1755 63 53 of
1129 1755 76 53 all
1241 1754 215 55 former
1491 1753 221 54 federal
1747 1754 195 69 equity
1975 1755 176 68 rules;

156 1833 2000 67 with annotations and forms by James Love Hopkins … 8th
157 1915 102 66 ed.,
299 1913 299 67 including
635 1913 78 51 all
751 1913 149 52 rules
940 1911 64 53 of
1042 1913 95 51 the
1175 1911 216 55 United
1435 1912 188 55 States
1664 1912 275 67 Supreme
1979 1918 177 63 court,

158 1988 1999 71 rev. by Byron F. Babbitt … Cincinnati, The W. H. Anderson
156 2088 280 50 company
558 2073 119 63 [c1933]

229 2143 96 48 xiv,
358 2142 88 41 436
478 2153 43 38 p.
584 2142 147 41 23½cm.

165 2210 51 52 ©
245 2215 114 47 Apr.
387 2215 39 45 1,
455 2213 113 41 1933;
627 2214 66 40 2c.
722 2215 95 38 and
847 2213 81 41 aff.
957 2213 113 48 Apr.
1099 2214 25 39 3;
1185 2213 40 38 A
1253 2213 142 40 61203;
1454 2214 71 39 W.
1556 2214 61 39 H.
1646 2213 253 40 Anderson
1928 2225 68 30 co.

242 2271 249 48 (33-8268)

159 2372 163 53 Utah
360 2373 111 52 and
509 2370 211 58 Pacific
757 2372 203 69 digest,
996 2373 269 68 covering
1301 2374 77 51 all
1415 2392 148 35 cases
1601 2376 266 67 reported
1902 2375 60 53 in
1999 2376 161 54 Utah

228 2458 240 62 reports,
504 2453 337 67 1850-1931;
878 2450 211 58 Pacific
1121 2458 274 62 reporter,
1428 2454 250 52 volumes
1744 2457 157 65 1-300,
1934 2454 113 54 and
2081 2456 77 52 all

230 2529 1905 148 of the Pacific states reports from the earliest times … Compiled
415 2610 112 52 and
555 2609 190 53 edited
773 2611 75 67 by
876 2610 95 52 the
998 2610 340 68 publisher’s
1367 2611 267 53 editorial
1663 2610 149 55 staff,
1930 2658 10 9 v.
1970 2613 189 53 35-37.

233 2687 83 55 St.
343 2689 166 67 Paul,
535 2691 159 52 West
722 2688 336 69 publishing
1085 2707 97 49 co.,
1214 2693 149 50 1933.

233 2764 25 39 3
290 2773 42 27 v.
392 2761 114 40 26cm.

511 2829 106 29 CONTENTS.—v.
642 2817 72 41 35.
740 2819 159 41 Street
924 2819 583 42 railroads-Tender.—v.
1534 2819 72 42 36.
1631 2819 537 43 Territories-Trial.—

167 2887 42 28 v.
240 2874 72 42 37.
340 2876 182 39 Trover
549 2877 96 38 and
674 2875 506 41 conversion-Vendor
1211 2878 95 38 and
1334 2878 278 46 purchaser.

171 2940 51 52 ©
254 2946 120 38 Mar.
404 2944 69 48 20,
505 2944 139 47 1933;
677 2945 67 41 2c.
773 2946 119 39 each
921 2946 114 48 Apr.
1066 2947 81 46 14;
1182 2945 93 41 affs.
1321 2946 113 48 Apr.
1465 2947 81 47 15;
1580 2948 41 38 A
1650 2948 347 46 62116-62118;
2032 2950 133 39 West

237 3002 110 47 pub.
372 3012 67 30 co.

165 3104 258 66 Vachell,
454 3106 228 53 Horace
715 3105 319 66 Annesley.

235 3182 220 53 Vicars’
485 3182 163 52 walk.
724 3184 163 68 chap.
921 3188 65 48 14
1024 3185 272 68 (contd.),
1328 3189 80 50 15.

251 3257 83 47 (In
363 3253 344 52 Birmingham
739 3255 188 52 weekly
959 3261 127 46 post,
1117 3256 126 43 Mar.
1278 3259 70 49 11,
1382 3258 143 49 1933)

175 3322 51 53 ©
281 3339 37 28 1c.
344 3328 113 46 May
483 3328 38 47 8,
547 3327 113 41 1933;
717 3329 40 38 A
783 3330 61 38 ad
870 3329 87 40 int.
983 3331 143 38 17774;
1182 3330 141 47 pubd.
1351 3332 122 39 Mar.
1501 3333 52 37 11;
1612 3333 60 39 H.
1699 3332 55 41 A.
1781 3333 213 48 Vachell,
2024 3334 143 46 Bath,

243 3385 233 46 England.

167 3483 366 68 Vanderbilt,
563 3487 222 54 Harold
815 3487 268 68 Stirling,
1113 3495 171 50 1884-

241 3562 273 55 Contract
544 3563 77 69 by
651 3564 154 54 hand
838 3565 277 69 analysis;
1151 3587 32 33 a
1214 3567 260 68 synopsis
1507 3568 65 53 of
1604 3571 134 50 1933
1771 3570 126 54 club

171 3589 1972 104 convention
345 3639 260 71 bidding,
658 3642 77 69 by
788 3644 226 53 Harold
1072 3644 56 55 S.
1184 3645 360 55 Vanderbilt.
1619 3648 138 53 New
1814 3647 179 66 York,
2047 3650 121 54 The

174 3718 214 68 Bridge
418 3721 197 66 world,
646 3724 150 50 1933.

243 3792 85 40 165
358 3803 43 38 p.
461 3792 145 43 19½cm.

246 3848 161 42 “First
436 3849 228 51 printing,
697 3850 264 52 February,
990 3850 158 44 1933.”

181 3914 51 52 ©
261 3920 108 39 Mar
411 3921 67 46 13,
507 3920 112 42 1933;
675 3923 67 39 2c.
771 3925 110 37 Mar.
920 3923 54 39 22;
1032 3924 82 40 aff.
1144 3926 122 40 Mar.
1294 3926 55 38 24;
1407 3927 41 38 A
1476 3927 143 41 61055;
1679 3929 177 49 Bridge
1885 3931 165 46 world,
2080 3932 15 38 inc.

257 3975 248 49 (33-8238)
