2582 4453
1263 4168 135 46 1110

395 555 130 39 “The
564 555 136 46 story
739 553 51 40 of
829 563 88 30 one
955 553 53 39 of
1047 554 81 39 the
1167 552 242 40 islanders
1453 552 66 50 [Of
1557 552 202 41 Blasket
1801 551 203 49 islands]
2047 550 195 41 written
2284 552 57 47 by

321 610 454 42 himself.”—Pref.,
806 622 42 37 p.
880 611 64 41 ix.

395 670 322 39 “Translated
756 669 127 39 from
924 669 80 40 the
1043 667 210 49 original
1294 667 127 41 Irish
1462 668 61 47 by
1563 668 140 47 Moya
1744 667 245 47 Llewelyn
2030 666 180 40 Davies
2249 668 93 39 and

322 725 186 49 George
536 726 289 41 Thomson.”

327 795 51 52 ©
412 799 121 47 Aug.
597 829 8 12 1,
638 798 141 42 1933:
815 798 66 39 2c.
916 798 120 43 Aug.
1071 798 52 46 1;
1159 797 83 41 aff.
1276 797 121 45 Aug.
1430 796 53 42 2:
1522 796 38 39 A
1593 795 172 44 64599;
1801 795 183 48 Viking
2014 806 151 39 press,
2200 795 91 39 inc.

401 856 285 49 (33-20542)

313 960 179 64 Page,
526 958 212 66 Ralph.

395 1037 199 53 Flame
640 1036 65 55 of
748 1036 296 69 forgotten
1089 1056 165 49 guns,
1295 1038 77 67 by
1413 1037 197 68 Ralph
1655 1037 175 67 Page.
1910 1035 234 56 Garden
2190 1034 155 69 City,

321 1114 70 52 N.
439 1116 90 59 Y.,
573 1115 362 68 Doubleday,
978 1116 199 53 Doran
1222 1116 112 53 and
1381 1134 301 49 company,
1726 1116 127 64 inc.,
1899 1117 153 50 1933.

392 1191 27 39 4
449 1201 43 38 p.
559 1222 7 14 l.,
596 1190 87 41 305
714 1202 41 37 p.
816 1190 56 40 19½
905 1192 44 21 cm
955 1223 8 8 .

394 1248 163 41 “First
588 1247 229 44 edition.”

325 1310 51 52 ©
409 1313 97 40 June
566 1314 39 42 7.
635 1312 142 41 1933:
810 1313 67 40 2c.
909 1314 95 38 and
1036 1311 82 41 aff.
1149 1311 120 48 Aug.
1302 1311 52 47 9;
1388 1311 40 40 A
1459 1311 172 42 64674;
1665 1311 301 47 Doubleday,
1998 1311 168 39 Doran
2199 1311 35 39 &
2265 1319 82 31 co.,

391 1371 91 40 inc.
554 1370 285 50 (33-20520)

316 1469 225 55 Punch,
619 1492 50 36 v.
701 1477 117 55 185,
843 1492 90 34 no.
961 1475 156 66 4801,
1143 1474 144 68 July
1315 1477 48 63 5,
1393 1475 153 51 1933.

326 1547 2021 54 © 1c. Sept. l. 1933: A ad int. 18162; pubd. July 5: Herbert Heather,
394 1609 212 41 London.

315 1712 322 68 Rabenort,
670 1713 256 56 William
958 1714 200 65 Louis,
1195 1718 170 52 1870-

393 1791 341 55 Rabenort’s
760 1810 124 35 new
912 1792 367 70 geography;
1310 1791 144 54 Asia
1484 1792 113 54 and
1628 1790 320 70 Australia,
1978 1791 75 70 by
2082 1791 261 56 William

320 1869 2024 71 Rabenort … New York, Cincinnati [etc.] American book
319 1952 498 67 company [ c 1933]
393 2024 100 42 viii,
528 2023 100 50 252,
667 2024 235 50 [ix]-xxiv
934 2033 43 39 p.
1011 2024 110 41 incl.
1156 2025 166 48 front.,
1358 2023 144 49 illus.,
1538 2033 151 39 maps,
1726 2023 171 42 tables.
1961 2022 56 41 21
2021 2025 44 23 cm
2070 2055 9 9 .

391 2081 229 42 Lettered
651 2094 62 28 on
745 2092 168 32 cover;
948 2080 162 44 Grade
1143 2081 84 42 7A.

325 2137 51 52 ©
413 2143 118 47 July
564 2142 69 43 19.
669 2142 113 40 1933
803 2152 8 30 :
850 2142 66 40 2c.
952 2143 96 38 and
1085 2141 81 41 aff.
1205 2142 118 48 July
1357 2142 83 47 22;
1478 2142 41 39 A
1554 2141 171 43 63657;
1765 2141 260 41 American
2060 2141 124 40 book
2218 2152 69 31 co.

404 2199 284 49 (33-20386)

316 2302 210 67 Rixey,
556 2303 311 65 Randolph
898 2302 228 67 Picton,
1160 2308 328 53 1868-1932.

390 2383 121 51 The
538 2382 187 69 Rixey
749 2384 335 68 genealogy,
1111 2384 140 53 with
1277 2382 317 55 references
1618 2389 58 48 to
1701 2384 95 53 the
1823 2384 330 63 Morehead,
319 2384 1995 132 Hunton,

462 2461 199 69 Gibbs,
687 2462 162 67 Hall,
875 2463 268 57 Thomas,
1170 2463 194 57 Jones,
1390 2463 202 59 Lewis,
1621 2462 358 66 Chancellor,
2005 2463 338 66 Pendleton,

322 2540 209 58 Smith,
568 2542 112 52 and
719 2542 164 52 other
918 2542 172 53 allied
1129 2541 269 67 families,
1433 2541 76 68 by
1546 2542 311 66 Randolph
1895 2541 205 53 Picton
2139 2541 201 68 Rixey.

321 2620 370 68 Lynchburg,
723 2622 125 56 Va.,
879 2621 244 54 Printed
1157 2622 76 68 by
1264 2621 57 54 J.
1353 2622 66 54 P.
1453 2620 125 55 Bell
1615 2638 300 51 company,
1949 2623 150 51 1933.

392 2694 65 48 ix,
486 2694 88 41 427
602 2706 42 37 p.
677 2695 111 40 incl.
817 2695 186 47 geneal.
1035 2695 171 40 tables,
1266 2694 166 49 front.,
1463 2695 172 48 plates,
1668 2696 165 47 ports.,
1863 2693 233 48 facsims.,
2127 2696 135 38 coats
2293 2694 51 40 of

319 2761 135 30 arms
481 2751 136 50 (part
650 2752 113 48 col.)
832 2752 57 41 23½
922 2754 44 23 cm
971 2783 7 10 ,

394 2792 227 58 Includes
649 2811 149 39 blank
825 2821 148 37 pages
1001 2809 81 40 for
1111 2810 222 48 “Family
1362 2809 197 41 record”
1598 2807 325 52 ([396]—[408])

325 2864 51 52 ©
411 2869 118 47 July
561 2869 70 40 21.
666 2868 141 41 1933:
843 2869 66 40 2c.
945 2870 93 39 and
1077 2868 79 41 aff.
1194 2869 119 47 July
1343 2870 84 41 31:
1465 2869 39 39 A
1539 2867 171 42 64574:
1748 2868 138 40 Anna
1923 2869 70 39 W.
2077 2867 125 47 Rixey,
392 2867 1935 108 Culpeper,
579 2927 87 40 Va.
738 2927 283 49 (33-20417)

317 3025 277 70 Roberts,
625 3031 278 53 Kenneth
934 3031 212 65 Lewis,
1181 3036 171 51 1885-

392 3107 282 60 Arundel,
713 3129 30 33 a
782 3108 288 56 chronicle
1108 3110 64 54 of
1209 3111 96 53 the
1345 3111 271 66 province
1654 3110 64 54 of
1757 3110 195 53 Maine
1993 3110 111 52 and
2143 3109 64 54 of
2243 3109 95 53 the

320 3192 179 47 secret
533 3187 334 67 expedition
902 3189 91 52 led
1031 3189 75 67 by
1142 3189 280 53 Benedict
1456 3189 226 52 Arnold
1721 3188 228 66 against
1986 3187 243 66 Quebec,
2265 3188 75 66 by

321 3262 269 54 Kenneth
626 3266 262 52 Roberts.
962 3266 234 56 Garden
1232 3266 155 68 City,
1421 3267 72 52 N.
1532 3266 90 65 Y.,
1656 3266 360 67 Doubleday,
2051 3267 199 53 Doran
2288 3268 50 51 &

320 3360 300 50 company,
654 3344 128 64 inc.,
818 3347 154 51 1933.

395 3402 718 64 4 p. l., 3-632 p., 2 l. 20 cm .
398 3471 141 51 Maps
571 3485 60 30 on
662 3473 366 51 lining-papers.

398 3530 393 42 “Authorities”:
823 3532 102 40 leaf
952 3531 26 39 2
1008 3534 52 38 at
1089 3533 108 40 end.

327 3584 54 52 ©
408 3589 120 45 Aug.
557 3589 40 40 2.
626 3589 142 43 1933;
799 3590 67 39 2c.
897 3590 94 39 and
1023 3588 81 41 aff.
1134 3589 120 46 Aug.
1285 3589 53 41 5;
1370 3589 40 39 A
1440 3589 171 42 64635:
1644 3589 228 41 Kenneth
1903 3590 220 42 Roberts,
395 3590 1931 96 Kennebunk

565 3647 176 42 Bcach,
783 3648 89 38 Me.
939 3642 67 54 [©
1048 3646 227 49 revision]
1349 3645 283 49 (33-19961)

321 3749 326 65 Schwarte,
673 3752 160 60 Max,
863 3752 83 53 ed.

392 3829 1946 70 Der grosse krieg, 1914—1918 … hrsg. von M. Schwarte.
322 3907 48 54 7.
404 3908 92 52 bd.
573 3911 46 49 2.
653 3914 40 47 t.
771 3908 258 69 Leipzig,
1063 3913 56 52 J.
1152 3912 72 51 A.
1258 3911 215 58 Barth;
1532 3915 121 53 [etc.,
1686 3915 120 62 etc.]
1847 3914 152 52 1933.

394 3983 762 49 v p„ 1 l., 355-870 p 24 ½ cm .
328 4036 51 52 ©
421 4042 111 45 May
573 4040 68 42 12,
683 4039 138 43 1933;
863 4042 65 38 1c.
973 4042 115 46 Aug.
1129 4043 52 46 5;
1223 4042 311 46 A-Foreign
1573 4043 172 46 21880;
1787 4043 42 40 J.
1871 4043 54 40 A.
1966 4043 169 40 Barth.
