2582 4453
1324 4155 135 51 1088

387 471 312 67 Sokolsky,
728 473 229 64 George
987 469 309 68 Ephraim,
1327 476 171 50 1893-

462 552 123 52 The
622 550 192 53 tinder
851 550 110 53 box
1001 548 65 55 of
1103 548 162 68 Asia,
1304 548 75 69 by
1419 546 224 72 George
1683 548 68 53 E.
1795 545 301 71 Sokolsky.
2174 545 232 57 Garden

392 628 155 70 City,
581 630 68 52 N.
685 629 92 68 Y.,
808 628 360 66 Doubleday,
1202 627 202 52 Doran
1435 628 46 51 &
1515 643 301 52 company,
1850 626 126 68 inc.,
2015 627 151 52 1933.

463 683 1084 67 xii p., 1 l., 453 p. illus." (maps) 20½ cm .
459 760 141 48 Maps
630 770 60 30 on
718 758 364 49 lining-papers.

461 816 239 42 “Revised
727 814 229 43 edition.”

463 873 376 48 Bibliography:
873 883 43 38 p.
945 870 218 43 423-437.

395 941 52 52 ©
483 946 118 47 July
633 944 69 48 19,
736 944 142 41 1933:
915 944 68 41 2c.
1018 945 96 39 and
1149 943 83 42 aff.
1268 943 119 47 July
1419 943 82 46 28;
1538 942 42 39 A
1614 941 171 48 64523;
1824 942 53 40 G.
1914 943 53 39 E.
2007 941 251 47 Sokolsky,
2293 941 118 39 New

463 1003 145 40 York.
681 1001 282 50 (33-19907)

387 1104 273 68 Sprigge,
694 1105 331 66 Elizabeth,
1061 1109 173 51 1900-

462 1185 124 52 The
620 1185 94 53 old
748 1203 135 34 man
918 1184 138 67 dies,
1092 1203 30 34 a
1154 1184 168 53 novel
1355 1183 77 68 by
1466 1183 305 53 Elizabeth
1809 1182 268 67 Sprigge.
2147 1182 260 67 London,

391 1264 90 54 W.
509 1264 385 67 Heinemann,
921 1263 106 54 ltd.
1080 1267 155 63 [1933]

463 1335 1005 51 4 p. l., 292 p. incl. geneal. tab. 19 cm .
396 1406 2015 52 © 1c. July 12, 1933; A ad int. 17985: pubd. May 22; Macmillan co.,
462 1467 118 41 New
609 1467 146 40 York.
831 1463 282 51 (33-19972)

387 1573 353 53 Tennessee.
816 1573 186 65 Laws,
1030 1575 260 62 statutes,
1319 1575 101 49 etc.

461 1649 317 55 Baldwin’s
810 1653 313 51 Tennessee
1157 1649 137 55 code
1326 1648 230 69 service,
1592 1651 153 66 1933,
1777 1648 340 67 annotated;
390 1648 1995 152 containing

524 1732 78 51 all
633 1732 139 53 laws
805 1730 64 52 of
902 1748 38 35 a.
965 1731 232 67 general
1229 1733 206 49 nature
1466 1728 205 69 passed
1700 1728 77 67 by
1806 1729 97 53 the
1935 1730 231 67 regular
2196 1728 213 55 session

389 1810 66 53 of
486 1811 97 53 the
617 1809 248 56 General
899 1809 281 69 assembly
1215 1808 64 53 of
1315 1811 152 50 1933.
1543 1809 289 68 Together
1866 1807 141 55 with
2042 1809 366 53 annotations

391 1888 155 54 from
581 1889 280 53 decisions
898 1888 64 54 of
997 1889 97 53 the
1134 1887 278 68 Supreme
1448 1888 113 52 and
1596 1889 312 67 Appellate
1946 1893 190 48 courts
2171 1894 59 47 to
2266 1889 142 69 July

392 1967 2017 71 18, 1933. Edited by William Edward Baldwin … George
392 2047 1954 59 C. Ellsworth … Francis J. Amer … Wallace B. Heiser …
390 2129 331 67 Cleveland,
758 2126 498 55 Banks-Baldwin
1291 2130 111 50 law
1439 2127 339 70 publishing
1814 2146 282 51 company
2139 2162 13 34 [
2157 2135 18 20 c
2180 2132 133 49 1933
2320 2162 12 33 ]

461 2201 556 50 2 p. l., 139 p. 25½ cm .
464 2262 74 41 On
574 2271 168 31 cover:
784 2259 402 49 Supplementing
1223 2258 186 41 Official
1447 2258 130 42 Code
1612 2259 55 41 of
1701 2260 272 39 Tennessee
2010 2259 97 40 and
2143 2258 269 41 Baldwin’s

389 2319 117 41 1932
535 2319 321 47 supplement.

396 2385 52 52 ©
479 2389 118 47 July
626 2388 69 47 29,
726 2388 142 47 1983;
901 2388 68 41 2c.
1000 2388 121 47 Aug.
1152 2388 53 46 2;
1240 2386 83 41 aff.
1354 2386 120 49 Aug.
1506 2388 53 46 1;
1592 2387 46 41 A,
1665 2387 170 47 63784;
1869 2386 418 41 Banks-Baldwin
2316 2389 96 38 law

467 2447 109 47 pub.
605 2457 67 30 co.

388 2545 2019 72 Texas jurisprudence … a complete statement of the law and
461 2627 252 69 practice
754 2628 64 52 of
858 2629 98 53 the
995 2633 148 48 state
1184 2626 64 55 of
1288 2630 203 66 Texas,
1532 2628 76 69 by
1648 2627 264 56 William
1951 2630 82 51 M.
2075 2628 331 70 McKinney

451 2706 1931 149 and other lawyers. Volume XXVI. Judgments, § 353 to Kidnaping …
899 2785 118 56 San
1076 2787 326 67 Francisco,
1461 2786 591 71 Bancroft-Whitney
2109 2804 299 52 company,

460 2869 151 50 1933.

460 2942 81 47 vii,
571 2941 117 40 1056
715 2952 42 38 p.
816 2941 56 41 25
875 2943 45 21 cm
925 2975 8 7 .

395 2995 52 52 ©
471 3000 121 48 Aug.
617 3000 40 46 3,
683 2999 113 40 1933;
851 2999 66 40 2c.
943 3000 121 47 Aug.
1090 2999 83 47 11;
1201 2998 83 42 aff.
1308 2998 119 48 Aug.
1455 2999 82 47 12;
1565 2999 42 39 A
1632 2999 172 48 64712;
1833 2998 491 48 Bancroft-Whitney
2341 3009 67 31 co.

386 3114 358 68 Thompson,
776 3115 166 56 Eben
974 3117 265 69 Francis,
1274 3123 172 51 1859-

458 3195 57 53 A
551 3193 336 55 thimbleful
926 3195 65 55 of
1026 3197 193 67 books,
1256 3195 172 71 being
1462 3215 154 35 some
1653 3201 238 49 account
1928 3196 66 54 of
2030 3196 167 55 small
2232 3197 176 55 books

389 3275 61 53 in
481 3276 79 50 all
590 3293 132 51 ages
753 3275 114 53 and
897 3293 156 35 more
1083 3275 383 69 particularly
1495 3275 66 55 of
1589 3276 97 53 the
1715 3277 253 52 smallest
1999 3275 232 70 printed
2260 3276 149 54 book

389 3353 61 53 in
482 3353 97 53 the
613 3353 200 68 world,
845 3353 75 69 by
956 3354 162 53 Eben
1154 3354 240 54 Francis
1427 3355 350 68 Thompson.
1845 3356 338 68 Worcester,
2215 3356 192 67 Mass.,

388 3432 158 53 Priv.
582 3433 196 68 print.,
814 3435 151 50 1933.

461 3506 57 40 36
543 3518 42 37 p.
613 3507 111 41 incl.
751 3507 165 49 front.,
945 3507 144 49 illus.,
1115 3507 218 41 facsims.
1387 3507 56 40 22½
1475 3509 46 22 cm
1526 3539 8 9 .

396 3574 52 53 ©
473 3580 119 48 July
612 3580 72 48 29,
709 3579 112 42 1933;
878 3581 67 40 2c.
971 3581 97 40 and
1093 3581 82 41 aff.
1202 3581 117 48 July
1343 3583 83 45 31;
1453 3582 42 38 A
1520 3581 171 48 64575;
1721 3583 51 40 E.
1800 3582 52 42 F.

1877 3583 291 47 Thompson,
468 3583 1922 101 Worcester,
583 3638 147 40 Mass.
803 3637 282 49 (33-19952)

386 3742 238 66 Tilsley,
656 3743 218 57 Frank.

464 3820 123 53 The
639 3821 307 67 plebeian’s
998 3842 283 49 progress,
1329 3825 76 66 by
1454 3825 200 52 Frank
1703 3825 234 66 Tilsley.
2023 3826 260 65 London,
2332 3827 69 51 V.

391 3897 293 68 Gollancz,
715 3900 123 64 ltd.,
870 3903 151 50 1933.

464 3969 87 43 288
581 3982 43 39 p.
686 3972 56 41 19
745 3975 45 21 cm
793 4004 10 10 .

396 4024 1193 54 © 1c. July 19, 1933: A ad int. 18001; pubd.
1621 4034 113 44 May
1762 4034 82 39 22:
1876 4033 177 45 Covici,
2083 4033 187 42 Friede.
2321 4044 84 34 Inc.,

461 4086 121 41 New
608 4087 145 41 York.
825 4087 282 49 (33-19974)
