2582 4453
1288 4160 137 51 1082

351 457 211 68 Cooke,
589 459 227 56 Dennis
842 461 333 65 Hargrove,
1207 466 175 51 1904-

430 537 1885 72 Problems of the teaching personnel, by Dennis H. Cooke …
359 616 139 55 New
533 616 162 52 York
735 623 139 62 [etc.]
915 617 347 69 Longmans,
1295 616 185 56 Green
1517 618 114 54 and
1665 637 98 50 co.,
1800 622 152 50 1933.

428 700 78 37 xv,
529 688 89 42 384
642 700 42 38 p.
738 689 129 41 illus.
897 689 135 47 (incl.
1057 690 165 49 maps)
1254 691 182 48 diagrs.
1488 692 56 40 22
1548 694 44 22 cm
1597 726 10 9 .
1669 692 256 50 (Lettered
1950 706 64 31 on
2037 706 164 30 cover:
356 696 2005 91 Longmans’
542 746 261 42 education
835 746 178 49 series)

428 819 166 41 “First
628 818 231 42 edition.”

429 876 144 41 “Two
622 875 358 50 experimental
1024 876 212 42 editions
1292 877 74 50 (in
1413 876 397 51 mimeographed
1856 880 156 50 form)
2072 882 139 49 [have
2257 883 119 40 been

358 935 135 50 used]
526 936 53 39 at
611 934 185 49 George
830 934 227 49 Peabody
1088 935 181 48 college
1302 935 80 40 for
1414 936 465 44 teachers.”—Pref.

429 991 252 43 “Selected
718 989 307 44 references”
1060 993 53 40 at
1148 994 93 40 end
1278 992 52 41 of
1366 994 120 40 each
1523 994 218 49 chapter.

359 1064 2022 52 © June 30, 1933; 2c. and aff. July 8; A 63515; Longmans, Green & co.
437 1125 284 48 (33-19804)

358 1229 215 66 [Dante
603 1226 316 73 Alighieri]
958 1231 329 51 1265-1321.

422 1311 85 52 La
559 1310 219 53 Divina
830 1310 333 53 commedia.
1239 1309 369 71 Purgatorio.
1685 1315 167 49 canto
1928 1345 111 19 I-VI.
2121 1311 259 69 [Milano,

353 1391 241 53 Istituto
622 1409 123 34 naz.
776 1392 306 67 Dantesco,
1110 1398 18 21 c
1133 1393 154 65 1932]

426 1465 844 49 12 l. 6 col. plates. 81½ × 65 cm .
426 1537 285 42 Half-title:
744 1537 212 48 Imagini
987 1538 52 39 di
1069 1538 148 40 Amos
1249 1537 212 41 Nattini.

359 1606 2021 52 © Sept. 15-Nov. 20, 1932; 1c. each Dec. 2; A-Foreign 18763-18768;
425 1668 147 40 Amos
603 1667 209 48 Nattini,
843 1667 170 40 Milan.
1079 1663 68 54 [©
1179 1666 348 50 illustrations]

352 1770 333 68 Devereux,
718 1770 320 56 Frederick
1070 1772 291 64 Leonard,
1396 1777 173 49 1882-

423 1852 123 53 The
581 1850 365 55 educational
977 1851 231 70 talking
1242 1851 242 70 picture,
1518 1851 76 69 by
1628 1851 313 53 Frederick
1976 1852 65 52 L.
2077 1853 302 52 Devereux

452 1931 1925 70 …in collaboration with Nickolaus L. Engelhardt … Paul R.
352 2010 2026 70 Mort … [and] Alexander J. Stoddard … and Y. C. Arnspiger
417 2092 1961 68 … Howard G. Stokes … M. R. Brunstetter … [and] Laura
353 2171 2026 71 Krieger Eads … of Erpi picture consultants, inc. Chicago,
353 2253 115 68 Ill.,
493 2254 123 52 The
639 2251 342 71 University
1007 2253 64 53 of
1099 2252 255 70 Chicago
1380 2271 159 50 press
1571 2255 174 65 [1933]

428 2324 105 49 xiii,
565 2325 85 38 222
682 2335 43 37 p.
759 2324 111 42 incl.
901 2324 144 49 illus.,
1079 2326 156 48 plans,
1269 2326 195 47 diagrs.,
1497 2326 155 40 forms.
1728 2325 173 48 plates.
1963 2324 55 40 23
2022 2326 44 21 cm
2072 2356 8 7 .

360 2394 2004 112 © July 11, 1933; 2c. July 14; aff. July 15; A 63601; University of Chicago, Chicago. (33-19805)
351 2560 258 67 Dignan,
638 2561 245 54 Patrick
912 2561 242 66 Joseph,
1186 2566 173 50 1905-

489 2635 1889 74 … A history of the legal incorporation of Catholic church
355 2715 2024 73 property in the United States (1784-1932) … by Rev. Patrick
354 2797 57 54 J.
441 2797 257 70 Dignan,
770 2841 10 10 A.
869 2840 11 11 M.
944 2796 409 70 Washington,
1382 2797 74 53 D.
1490 2795 82 70 C.,
1604 2796 126 54 The
1760 2794 265 56 Catholic
2056 2793 322 72 university

355 2875 66 56 of
445 2875 288 70 America,
762 2878 154 53 1933.

429 2944 1943 55 viii, 289 p., 1 l. 22½ cm . (The Catholic university of America.
357 3007 196 43 Studies
580 3008 50 40 in
656 3008 261 41 American
943 3009 182 40 church
1152 3007 206 47 history,
1385 3007 92 42 vol.
1503 3007 110 49 xiv)

425 3079 173 40 Thesis
635 3079 108 49 (PH.
802 3078 332 49 D.)—Catholic
1161 3077 275 49 university
1464 3078 53 41 of
1543 3077 240 49 America,
1813 3075 130 43 1933.

426 3135 131 44 Vita.

428 3191 178 43 “Cases
632 3192 157 42 cited”:
845 3203 45 39 p.
916 3192 87 42 269;
1059 3192 352 48 Bibliography:
1467 3202 44 38 p.
1541 3190 219 43 270-285.

360 3260 52 52 ©
442 3264 128 41 June
597 3265 40 47 2,
666 3264 143 47 1933;
839 3265 68 40 2c.
938 3266 97 39 and
1065 3264 83 41 aff.
1179 3265 119 48 July
1326 3264 82 47 19;
1440 3265 41 39 A
1512 3262 171 48 64393;
1718 3262 225 42 Catholic
1972 3262 130 40 univ.
2134 3261 52 42 of
425 3260 1936 102 America.
588 3321 283 49 (33-19912)

350 3423 205 67 Doyle,
584 3425 157 55 John
770 3427 223 65 James,
1026 3433 173 50 1898-

491 3497 1884 62 … Education in recent constitutions and concordats … by the
360 3580 296 55 Reverend
695 3582 156 54 John
893 3582 56 54 J.
992 3582 199 69 Doyle.
1268 3581 403 70 Washington,
1711 3581 72 55 D.
1827 3579 83 70 C.,
1949 3579 124 52 The
2115 3576 262 56 Catholic

357 3658 319 70 university
708 3659 64 54 of
802 3660 285 70 America,
1119 3664 151 50 1933.

427 3728 26 42 2
487 3741 44 39 p.
563 3732 45 47 l.,
642 3731 86 42 139
761 3743 44 38 p.
866 3732 55 40 22½
955 3734 45 24 cm
1004 3766 9 9 .

427 3790 64 40 At
520 3791 125 40 head
677 3791 51 39 of
760 3791 136 42 title:
929 3792 101 41 The
1064 3792 224 42 Catholic
1320 3791 275 49 university
1628 3792 53 41 of
1709 3790 240 41 America.

426 3847 174 42 Thesis
646 3846 109 49 (PH.
822 3848 332 48 D.)—Catholic
1190 3848 275 50 university
1502 3850 52 40 of
1589 3848 239 48 America,
1863 3847 129 42 1933.

426 3903 129 43 Vita.

425 3960 380 51 Bibliography:
845 3974 44 38 p.
928 3963 219 42 129-138.

356 4031 52 52 ©
439 4038 112 46 May
578 4037 70 46 31,
679 4037 141 46 1933;
849 4038 68 40 2c.
947 4039 96 39 and
1072 4038 82 40 aff.
1185 4039 117 47 July
1330 4038 83 41 19:
1447 4038 41 39 A
1577 4036 112 48 64395;
1723 4034 223 43 Catholic
1975 4034 130 41 univ.
2136 4033 51 41 of
423 4031 1937 105 America.
583 4094 284 48 (33-19802)
