2582 4453
1307 4151 135 55 1076

363 465 196 67 Heldt,
588 467 179 52 Peter
797 463 245 70 Martin,
1076 466 173 54 1875-

432 544 378 54 Automotive
856 542 263 70 engines;
1173 540 220 71 design,
1442 539 366 70 production,
1857 543 159 65 tests,
2063 538 77 71 by
2190 540 67 53 P.
2306 539 81 53 M.

364 624 185 54 Heldt
601 666 56 10 …
747 622 99 54 8th
895 623 84 52 ed.
1028 620 66 55 of
1140 621 125 53 The
1311 619 257 71 gasoline
1615 623 205 49 motor.
1904 617 221 71 Nyack,
2175 617 71 56 N.
2297 617 94 71 Y.,

362 704 65 53 P.
455 703 81 53 M.
565 703 203 67 Heldt,
797 703 152 51 1933.

435 778 65 46 ix,
527 776 87 42 598
638 786 43 39 p.
711 776 109 41 incl.
848 774 165 47 front.,
1042 773 144 48 illus.,
1214 772 182 49 diagrs.
1456 770 119 43 22cm.

436 834 237 41 Previous
701 833 212 41 editions
940 831 258 49 published
1227 840 56 31 as
1311 841 41 30 v.
1383 830 25 39 1
1437 829 54 41 of
1516 830 85 41 the
1629 828 220 42 author’s
1878 828 103 42 The
2007 827 219 50 gasoline
365 829 2008 103 automobile.

367 947 52 52 ©
455 951 119 41 July
608 950 69 47 14,
714 949 142 46 1933;
893 948 70 41 2c.
1000 948 96 40 and
1132 946 82 41 aff.
1252 948 118 47 July
1405 946 83 48 15;
1526 946 44 39 A
1604 945 172 48 63603;
1815 946 51 39 P.
1904 946 63 40 M.
2005 945 166 48 Heldt,
2208 944 184 48 Nyack,

434 1008 56 41 N.
517 1008 55 41 Y.
644 1006 283 50 (33-19797)

366 1110 366 67 [Holdaway,
760 1109 230 55 Neville
1019 1108 308 69 Aldridge]
1364 1114 174 50 1894-

441 1190 55 51 A
527 1207 123 36 case
679 1187 60 53 in
767 1188 175 69 hand,
971 1187 74 70 by
1075 1186 70 55 N.
1177 1186 70 52 A.
1279 1186 238 69 Temple
1545 1185 152 54 Ellis
1754 1184 262 71 [pseud.]
2134 1184 258 70 London,

370 1269 241 53 Hodder
650 1270 46 50 &
736 1267 347 69 Stoughton,
1121 1265 244 69 limited,
1409 1267 151 51 1933.

435 1341 88 41 319
558 1352 43 38 p.
663 1340 57 40 19
722 1342 45 22 cm
772 1373 8 9 .

370 1396 2026 55 © 1c. June 30, 1933; A ad int. 17955; pubd. May 4; Neville Aldridge
437 1461 290 47 Holdaway,
754 1460 167 45 Ewell,
951 1458 195 48 Surrey,
1174 1458 239 47 England.
1486 1453 283 53 (33-19813)

365 1549 307 66 Howland,
701 1550 199 54 Ethel.

443 1627 378 69 Scarey-Ann
859 1627 122 67 (the
1006 1625 237 55 wooden
1271 1624 147 70 doll)
1455 1625 113 53 and
1596 1625 96 54 the
1721 1622 193 55 cookie
1940 1642 151 50 man,
2117 1624 74 69 by
2218 1623 170 55 Ethel

370 1707 321 66 Howland;
721 1704 327 54 illustrated
1075 1705 74 68 by
1177 1703 245 54 Eulalie.
1488 1703 112 53 Los
1627 1703 267 69 Angeles,
1923 1701 117 56 San
2071 1702 322 70 Francisco,

372 1785 388 55 Suttonhouse
795 1818 14 33 [
813 1791 18 21 c
837 1786 135 49 1932
978 1817 12 34 ]

441 1856 26 40 3
502 1867 42 38 p.
616 1888 8 17 l,
660 1856 159 48 9-100,
903 1875 11 30 [1]
950 1867 43 37 p.
1058 1855 131 40 illus.
1219 1856 139 48 (part
1391 1855 114 48 col.)
1577 1854 57 41 23
1637 1856 45 23 cm
1687 1887 9 10 .

442 1914 374 48 Lining-papers
858 1913 284 40 illustrated
1184 1913 50 39 in
1274 1913 171 40 colors.

371 1972 52 52 ©
453 1976 119 41 Nov.
601 1976 69 45 15,
699 1975 142 46 1932;
871 1975 67 39 2c.
969 1975 97 39 and
1094 1973 83 40 aff.
1207 1973 118 48 July
1353 1973 70 47 24,
1454 1973 141 47 1933;
1627 1973 42 39 A
1698 1973 172 46 64490;
1906 1973 346 47 Suttonhouse,
439 1973 1939 108 publishers,

659 2033 115 41 Carl
800 2033 52 40 F.
881 2032 190 47 Sutton,
1099 2033 99 38 sole
1225 2041 177 38 owner,
1429 2031 94 40 Los
1547 2032 223 47 Angeles.
1836 2030 283 50 (33-19705)

366 2123 252 55 Indiana
653 2124 113 53 and
801 2124 189 53 North
1025 2128 223 48 eastern
1283 2122 207 70 digest,
1523 2121 270 71 covering
1829 2125 77 50 all
1938 2142 151 35 cases
2125 2123 269 69 reported

436 2204 60 53 in
548 2203 252 54 Indiana
851 2207 244 64 reports,
1145 2202 252 53 Indiana
1450 2204 290 67 appellate
1790 2209 162 46 court
2003 2209 224 62 reports
2280 2203 114 52 and

438 2284 190 53 North
655 2289 224 48 eastern
906 2289 277 63 reporter,
1210 2282 142 53 with
1379 2289 230 46 current
1636 2282 349 54 cumulative
2010 2282 206 69 pocket
438 2300 1932 118 service
547 2364 250 68 keeping
825 2363 98 54 the

950 2362 188 69 digest
1169 2363 213 68 always
1411 2367 59 48 to
1500 2364 133 52 date
1667 2405 56 9 …
1804 2364 91 65 By
1924 2363 97 52 the
2050 2362 344 69 publisher’s

439 2442 270 54 editorial
751 2439 152 57 staff,
981 2460 50 35 v.
1078 2445 116 50 7-9.
1273 2442 84 55 St.
1400 2444 167 67 Paul,
1608 2442 206 69 Minn.,
1852 2444 161 54 West
2054 2442 340 70 publishing

438 2543 78 34 co.
555 2556 13 35 [
573 2529 18 21 c
596 2526 154 64 1933]

440 2600 26 39 3
497 2610 40 28 v.
600 2598 56 40 26
658 2600 45 26 cm
708 2629 9 8 .

784 2666 43 29 CONTENTS.—v.
861 2654 42 41 7.
937 2653 696 49 Conspiracy-Coroners.—v.
1668 2652 42 42 8.
1744 2653 651 49 Corporations-Greditors’

371 2713 222 40 suit.—v.
622 2712 41 41 9.
692 2712 239 42 Criminal
958 2712 110 40 law.

375 2766 52 53 ©
452 2772 117 46 July
593 2770 69 47 26,
686 2770 143 47 1933;
856 2770 67 39 2c.
949 2770 119 39 each
1091 2769 121 47 Aug.
1238 2770 52 45 7;
1318 2768 109 42 affs.
1453 2769 121 48 Aug.
1600 2768 52 48 9;
1680 2770 42 38 A
1746 2769 351 47 63858-63860;
2125 2770 136 40 West
2286 2770 109 48 pub.

443 2840 68 31 co.

369 2917 123 54 The
520 2918 317 55 insurance
865 2918 133 66 bar;
1032 2937 31 34 a
1094 2917 290 71 directory
1413 2917 64 55 of
1506 2917 254 55 eminent
1785 2920 241 68 lawyers
2062 2964 56 9 …
2154 2919 113 54 and
2296 2918 97 54 the

443 2997 279 56 Selective
755 2998 187 69 digest
978 2998 63 52 of
1075 2999 95 52 the
1205 3000 111 51 law
1352 2998 64 54 of
1451 2999 301 53 insurance
1786 2999 114 52 and
1936 3000 219 52 related
2190 2999 201 69 topics.

442 3078 98 52 8th
581 3080 214 50 annual
835 3079 104 67 ed.,
978 3079 162 68 July,
1183 3080 150 49 1933.
1412 3077 216 54 Edited
1667 3079 75 66 by
1781 3081 68 51 R.
1888 3080 91 54 W.
2019 3079 370 53 Martindale.

442 3156 275 71 Chicago,
742 3158 114 67 Ill.,
883 3158 121 52 The
1032 3159 120 51 Bar
1179 3159 98 53 list
1303 3157 340 70 publishing
1669 3179 78 34 co.
1783 3192 12 34 [
1801 3164 18 21 c
1824 3161 153 64 1933]

440 3233 101 46 304,
578 3232 115 50 [606]
730 3243 42 37 p.
835 3232 25 41 23½c
941 3235 29 19 m
974 3265 8 7 .

374 3285 52 53 ©
460 3290 117 47 July
608 3290 70 40 24.
712 3289 114 40 1933;
890 3290 66 39 2c.
992 3291 95 38 and
1121 3288 82 42 aff.
1238 3289 120 48 Aug.
1393 3290 82 46 11;
1511 3290 42 38 A
1586 3290 171 47 63883;
1794 3291 103 39 Bar
1928 3289 86 41 list
2044 3290 111 48 pub.
2190 3301 68 30 co.
2339 3286 52 54 [©

444 3347 212 40 revision]

368 3437 202 65 Juliet,
602 3438 197 67 pseud.

441 3515 124 52 The
596 3532 144 51 song
771 3513 65 54 of
867 3514 96 54 the
996 3515 187 67 whip;
1220 3515 96 53 the
1348 3515 268 54 memoirs
1650 3515 66 54 of
1751 3534 30 34 a
1818 3533 222 36 woman
2076 3516 317 70 flagellant,

372 3593 76 69 by
476 3591 270 56 “Juliet”.
810 3593 341 54 Illustrated
1180 3593 77 69 by
1285 3593 197 54 James
1509 3593 259 55 Axelrod
1802 3637 57 10 …
1930 3593 273 72 Chicago,
2230 3595 160 56 Priv.

374 3671 195 68 print.,
601 3673 152 51 1933.

443 3743 1177 52 3 p. l., 11-195, [1] p. front., plates. 23½ cm .
448 3800 130 43 “One
614 3803 245 39 thousand
895 3802 161 48 copies
1091 3803 125 40 have
1253 3802 120 41 been
1406 3802 211 50 printed,
1652 3814 124 31 none
1813 3804 53 41 of
1899 3803 161 42 which
2095 3802 43 43 is
2174 3804 80 41 for
2291 3804 100 42 sale

375 3860 169 45 except
573 3861 49 38 to
654 3858 323 48 professional
1009 3869 203 38 persons
1245 3861 95 39 and
1374 3861 275 40 accredited
1680 3856 226 45 students
1939 3861 53 40 of
2021 3862 369 48 anthropology,

374 3914 292 48 psychology
695 3917 96 38 and
822 3915 280 42 medicine.”

375 3970 52 52 ©
465 3975 129 39 June
627 3974 71 45 22,
737 3974 139 45 1933;
917 3976 66 39 2c.
1024 3975 125 39 June
1187 3975 83 47 30;
1311 3974 82 41 aff.
1434 3977 116 46 July
1589 3977 81 45 17;
1711 3977 41 38 A
1791 3976 170 47 63631;
2003 3976 217 41 William
2258 3978 132 48 Targ

443 4031 147 47 doing
615 4031 224 40 business
868 4042 54 30 as
951 4032 82 40 the
1062 4033 152 39 Black
1243 4034 175 38 archer
1446 4044 150 36 press,
1627 4033 225 48 Chicago.

453 4087 281 49 (33-19789)
