2575 4405
1050 4057 97 50 161

108 415 301 63 Academy
435 415 64 52 of
525 412 257 66 political
809 411 247 66 science,
1084 414 139 51 New
1254 411 177 53 York.

237 487 1863 71 … Steps toward recovery; a series of addresses and papers
106 570 296 67 presented
436 575 59 46 at
529 570 95 51 the
660 568 212 53 annual
905 565 249 69 meeting
1187 567 63 52 of
1286 567 95 51 the
1417 565 291 66 Academy
1744 562 63 53 of
1843 562 252 69 political

105 647 228 67 science,
369 646 318 54 November
725 650 81 63 18,
846 649 150 64 1932,
1033 644 188 54 edited
1257 644 76 67 by
1368 644 219 53 Parker
1624 644 248 52 Thomas
1909 642 190 51 Moon.

111 726 155 67 [New
300 723 179 69 York]
517 726 120 51 The
669 724 292 67 Academy
994 723 63 52 of
1090 721 258 68 political
1382 720 229 68 science,
1645 719 300 57 Columbia
105 720 1969 151 university,
366 807 148 49 1933.

176 885 1922 52 2 p. l., 135 p. 22cm. (Its Proceedings … vol. xv. no. 2, January,
106 945 138 48 1933)

109 1012 51 52 ©
191 1017 109 40 Jan.
329 1017 39 48 5,
397 1016 113 41 1933;
568 1016 67 41 2c.
666 1017 111 40 Feb.
805 1016 83 48 10;
921 1015 81 41 aff.
1034 1016 111 40 Feb.
1172 1014 25 40 9
1217 1027 9 35 ;
1259 1015 40 38 A
1328 1014 170 45 59642;
1531 1014 243 48 Academy
1805 1013 54 41 of
1885 1012 217 50 political

177 1073 198 41 science.
446 1073 278 49 (33-27016)

103 1177 342 65 Acremant,
475 1178 229 56 Albert.

175 1256 104 54 Ces
320 1255 190 53 dames
553 1274 110 33 aux
705 1255 294 67 chapeaux
1042 1259 166 64 verts,
1250 1254 247 54 comédie
1539 1272 106 49 par
1684 1252 206 52 Albert
102 1253 1976 146 Acremant;
331 1352 132 34 avec
505 1333 247 66 préface,
793 1332 408 68 introduction,
1241 1338 176 61 notes,
1458 1331 273 55 exercices
1770 1337 55 48 et
103 1331 1972 133 vocabulaire

288 1410 1813 69 par Robert Fouré et Hélène Fouré … [Boston, New
105 1489 176 68 York,
309 1495 119 61 etc.]
462 1488 156 55 Ginn
646 1490 112 52 and
785 1507 281 50 company
1116 1492 176 63 [c1933]

172 1563 84 48 xii,
289 1563 85 41 201
410 1574 43 37 p.
513 1564 170 47 plates.
744 1563 146 41 17½cm.
961 1563 383 47 (International
1380 1564 202 40 modern
1615 1565 239 47 language
1889 1563 175 47 series)

175 1634 187 41 “Based
401 1645 61 30 on
505 1635 80 40 the
623 1636 138 39 novel
803 1635 52 40 of
896 1635 80 41 the
1016 1645 131 31 same
1186 1645 140 31 name
1368 1635 75 49 [by
1483 1636 140 41 Mme.
1666 1633 258 44 Germaine
103 1637 1982 104 Acremant]”—Pref.

109 1759 51 52 ©
195 1764 110 40 Jan.
339 1766 68 45 11,
442 1764 140 46 1933;
619 1765 65 40 2c.
722 1765 110 39 Feb.
868 1766 52 46 3;
957 1764 80 41 aff.
1076 1765 110 40 Feb.
1222 1766 51 46 1;
1311 1766 41 39 A
1387 1765 170 48 59257;
1597 1766 183 42 Robert
1814 1768 128 39 Fouré
2008 1770 94 38 and

173 1821 183 39 Hélène
403 1821 170 46 Foure,
623 1821 274 48 Columbus,
948 1822 51 41 O.
1079 1818 68 53 [©
1195 1824 209 47 preface,
1452 1823 346 48 introduction,
1847 1824 253 48 exercises,

175 1878 294 48 vocabulary
497 1880 96 39 and
619 1882 150 45 notes]
843 1878 251 50 (33-3801)

103 1979 198 66 Adler,
331 1980 248 55 Francis
605 1982 182 65 Heed,
819 1987 171 50 1895-

102 2056 1894 147 Clinical physiology of the eye, by Francis Heed Adler … New York,
485 2135 121 53 The
640 2135 333 54 Macmillan
1007 2154 294 51 company,
1340 2140 148 52 1933.

173 2204 116 48 xvii,
317 2204 89 41 406
431 2217 43 37 p.
531 2206 143 49 illus.,
706 2207 172 49 plates,
907 2208 179 49 diagrs.
1115 2211 47 45 (1
1195 2213 110 44 part
1334 2211 113 46 col.)
1514 2212 115 39 22cm.

175 2261 319 42 “References
523 2262 51 40 in
605 2264 82 39 the
718 2264 134 40 text”
884 2265 95 40 and
1012 2264 348 50 Bibliography
1394 2270 50 37 at
1475 2269 90 38 end
1600 2269 51 39 of
1682 2270 117 39 each
1830 2269 215 50 chapter.

107 2332 51 52 ©
190 2337 107 39 Jan.
329 2337 68 47 31,
427 2336 140 49 1933;
600 2338 67 40 2c.
698 2340 94 38 and
825 2338 83 41 aff.
939 2340 110 39 Feb.
1081 2339 51 48 1;
1167 2340 40 39 A
1237 2339 170 42 59210:
1442 2340 282 42 Macmillan
1755 2354 66 30 co.

185 2391 249 50 (33-4838)

101 2495 307 67 Arbaugh,
441 2498 226 65 George
697 2499 455 58 Bartholomew.

173 2572 332 55 Revelation
531 2573 59 53 in
618 2574 390 69 Mormonism,
1036 2575 73 55 its
1136 2577 290 54 character
1452 2581 112 52 and
1592 2577 286 71 changing
1905 2579 197 69 forms,

102 2649 73 68 by
204 2648 216 70 George
452 2651 419 56 Bartholomew
902 2653 294 69 Arbaugh.
1265 2654 268 70 Chicago,
1565 2656 112 68 Ill.,
1705 2657 121 53 The
102 2658 1975 136 University
242 2728 62 51 of
337 2727 248 68 Chicago
614 2747 156 50 press
802 2733 173 66 [c1932]

170 2808 32 28 x
229 2808 58 37 p.,
318 2798 25 39 1
396 2829 22 18 l.,
448 2799 85 40 252
564 2811 42 37 p.
664 2800 128 41 illus.
823 2801 133 48 (incl.
986 2803 216 49 facsim.)
1242 2804 153 48 diagr.
1454 2807 145 41 23½cm.

169 2867 376 50 Bibliography:
580 2881 43 37 p.
655 2869 218 43 235-241.

109 2936 51 52 ©
201 2942 111 41 Dec.
352 2943 39 47 6,
432 2942 140 48 1932;
615 2944 67 43 2c.
724 2946 99 39 and
861 2945 83 40 aff.
985 2947 110 39 Jan.
1136 2946 68 48 27,
1248 2947 139 49 1933;
1433 2949 39 39 A
1513 2949 169 50 59177;
1729 2951 251 43 University
2054 2955 50 40 of

175 2998 221 50 Chicago,
427 3000 221 49 Chicago.
721 3003 250 49 (33-3811)

100 3101 210 66 Aston,
339 3104 221 57 James.

173 3179 159 53 First
367 3180 201 69 lesson,
608 3200 31 35 a
678 3183 166 52 novel
882 3183 74 68 by
996 3184 193 54 James
1229 3187 202 53 Aston.
1505 3189 260 70 London,
1806 3190 211 56 Chatto
2057 3196 39 49 &

102 3255 261 70 Windus,
396 3260 150 52 1932.

170 3327 27 39 4
221 3339 44 37 p.
312 3360 24 12 l.,
361 3330 98 47 267,
490 3332 55 49 [1]
573 3341 43 38 p.
677 3332 114 41 19cm.

107 3396 52 51 ©
217 3412 35 29 1c.
281 3402 109 39 Jan.
418 3403 69 47 24,
516 3402 112 41 1933
647 3414 9 37 ;
686 3404 41 39 A
753 3406 63 39 ad
844 3405 85 41 int.
960 3407 169 46 17445;
1160 3408 143 47 pubd.
1332 3410 119 40 Nov.
1481 3412 68 42 26,
1581 3413 112 40 1932
1712 3425 9 36 ;
1753 3416 51 38 T.
1836 3418 59 39 H.
1926 3418 176 47 White,

227 3451 1198 61 cf Curtis Brown, ltd., New York. (33-5179)
101 3555 316 70 Atkinson,
445 3561 274 69 William,
751 3569 172 50 1866-

171 3636 120 54 The
315 3655 123 36 new
465 3638 174 73 eagle,
663 3638 75 71 by
763 3640 262 55 William
1052 3641 305 59 Atkinson.
1423 3648 310 73 Topsfield,
1760 3653 192 74 Mass.,
1981 3656 123 58 The

101 3713 243 55 Perkins
370 3733 174 50 press,
573 3720 150 51 1932.

168 3788 25 39 3
220 3797 44 37 p.
311 3819 23 14 l.,
363 3788 58 41 49
445 3798 42 38 p.
548 3789 116 41 24cm.

170 3856 158 41 “Four
353 3859 220 39 hundred
603 3859 158 48 copies
787 3860 239 48 printed.”

107 3924 1999 88 © Nov. 1, (1932; 2c. and aff. Nov. 5; A 55850; W. Atkinson. Somerville,
0 0 0 0 Mass. (33-4417)
