2597 4403
1283 4073 107 52 204

741 486 43 29 CONTENTS.—v.
828 475 74 41 32.
944 475 172 41 Public
1157 474 186 42 service
1384 473 622 49 commissions-Religious
326 472 2021 102 societies.—v.

407 532 74 42 33.
518 530 532 43 Remainders-Set-off
1085 532 97 40 and
1219 530 493 42 counter-claim.—v.
1749 529 75 43 34.
1862 530 206 42 Sheriffs
2107 532 96 39 and
323 539 2005 99 constables-Stipulations.

323 660 41 28 v.
393 647 69 42 32.
493 643 52 52 ©
575 648 110 39 Jan.
713 646 70 47 23,
812 645 142 47 1933;
984 658 44 29 v.
1054 646 71 47 33,
1152 646 71 48 34,
1255 641 57 52 ©
1337 646 112 41 Jan.

1477 646 83 47 24;
1590 645 69 42 2c.
1686 646 119 40 each
1835 644 112 41 Feb.
1976 645 81 47 13;
2091 644 110 42 affs.
2231 645 112 41 Feb.

391 706 84 46 15;
508 706 41 39 A
581 702 322 43 59491-59493;
967 704 138 40 West
1134 704 111 47 pub.
1277 714 67 30 co.

321 801 230 54 Oxford
578 803 117 52 and
724 800 283 66 Asquith,
1036 802 241 64 Margot
1304 799 283 66 Asquith,
1619 807 257 50 countess
1905 801 81 69 of.

389 880 165 53 More
584 879 318 70 memories,
935 880 76 69 by
1045 880 167 68 Lady
1247 878 250 57 Oxford.
1579 881 364 66 [Instalment
1978 882 83 65 10]

404 956 84 48 (In
515 951 205 44 London
748 950 204 53 Sunday
981 952 165 50 times,
1174 951 115 43 Jan.
1317 952 42 51 8,
1390 951 146 50 1933)

325 1008 2004 110 © 1c. Mar. 6, 1933; A ad int. 17512; pubd. Jan 8; Emma Alice Margaret
564 1070 230 41 Tennant
823 1068 225 50 Asquith,
1083 1071 228 39 countess
1345 1070 52 40 of
1431 1069 188 40 Oxford
1654 1070 95 39 and
1784 1067 224 50 Asquith,
2044 1068 213 41 London.

319 1199 215 58 Pacific
570 1203 206 69 digest,
812 1201 272 70 covering
1118 1203 77 53 all
1232 1221 152 37 cases
1418 1202 269 69 reported
1721 1202 62 52 in
1816 1200 215 57 Pacific
2065 1206 279 66 reporter,

391 1283 254 52 volumes
678 1283 189 67 1-300,
897 1282 113 53 and
1041 1283 77 52 all
1148 1282 64 53 of
1241 1282 96 53 the
1364 1278 216 59 Pacific
1608 1286 174 49 states
1811 1287 226 63 reports
2064 1280 157 54 from
2246 1280 97 53 the

392 1358 1951 73 earliest times … Compiled and edited by the publisher’s
389 1440 270 55 editorial
706 1437 152 57 staff,
935 1460 51 36 v.
1035 1444 191 50 32-34.
1303 1441 84 56 St.
1436 1443 169 66 Paul,
1649 1442 162 55 West
1856 1440 341 70 publishing
2243 1460 100 49 co.,

391 1523 155 65 1932,
577 1523 155 51 1933.

396 1595 28 40 3
453 1605 43 29 v.
553 1594 57 40 26
614 1596 44 21 cm
665 1627 8 8 .

741 1663 43 29 CONTENTS.—v.
828 1650 75 42 32.
944 1651 174 41 Public
1157 1650 188 42 service
1385 1650 622 49 commissions-Religious
325 1649 2025 100 societies.—v.

407 1707 73 43 33.
519 1708 531 41 Remainders-Set-off
1085 1711 96 39 and
1219 1708 494 41 counter-claim.—v.
1750 1706 75 43 34.
1863 1707 207 42 Sheriffs
2108 1709 97 39 and
2242 1716 107 31 con-

319 1765 563 51 stables-Stipulations.

326 1835 41 29 v.
396 1823 70 47 32,
497 1819 52 53 ©
578 1825 111 39 Jan.
716 1823 70 48 23,
815 1822 142 50 1933;
987 1835 44 29 v.
1058 1824 70 47 33,
1156 1823 71 49 34,
1259 1818 57 53 ©
1340 1823 113 41 Jan.
1481 1823 84 48 24;
1595 1822 68 43 2c.
1690 1824 119 40 each
1840 1823 112 41 Feb.
1981 1823 81 46 13;
2096 1821 109 43 affs.
2235 1822 114 42 Feb.

396 1881 83 47 15;
519 1882 42 39 A
597 1880 351 49 59473-59475;
988 1881 139 41 West
1160 1880 112 49 pub.
1311 1892 68 30 co.
1980 1878 276 43 1394-1396

318 1969 227 68 Pascal,
573 1973 148 54 Paul
750 1971 207 56 Victor
985 1973 207 66 Henri,
1224 1975 174 51 1880-
1612 1972 85 55 ed.

391 2051 199 55 Traite
624 2051 72 54 de
726 2051 207 55 chimie
964 2051 293 69 minerale,
1292 2051 198 69 publie
1522 2070 130 35 sous
1684 2052 57 52 la
1773 2050 281 55 direction
2090 2051 69 53 de
2192 2050 152 54 Paul

320 2130 2026 133 Pascal … secretaire general, Paul Baud … t. v. Carbone—silicium —
685 2210 182 54 titane
886 2243 74 6 —
978 2210 364 70 germanium
319 2210 1998 132 —zirconium—celtium—ammonium.
574 2291 118 51 Par
720 2309 132 33 mm.
885 2293 57 53 J.
973 2290 211 69 Amiel,
1215 2293 56 53 J.
1304 2291 237 69 Bardet,
1571 2292 79 52 M.
1684 2289 161 71 Billy
1899 2296 55 47 [et
1985 2291 91 67 al.]
2156 2289 188 71 Paris,

318 2369 235 54 Masson
578 2373 49 51 &
654 2369 118 70 cie.,
804 2373 154 53 1932.

395 2445 30 39 4
450 2455 43 37 p.
543 2476 23 16 l.,
597 2443 255 50 [xi]-xxiii,
882 2445 84 41 871
995 2457 42 37 p.
1094 2444 145 47 illus.,
1269 2444 172 48 tables,
1470 2446 180 48 diagrs.
1706 2444 60 40 26
1765 2447 16 20 cm
1814 2475 9 9 .

326 2497 1961 54 © Nov. 12, 1932; 1c. Feb. 10, 1933; A-Foreign 19655; Masson & cie.
326 2631 425 67 Philadelphia.
830 2635 148 54 Free
1019 2634 247 66 library.
1340 2634 216 54 Edwin
1595 2636 72 54 A.
1707 2634 264 54 Fleisher
2008 2653 183 38 music
392 2642 1925 125 collection.

393 2790 123 54 The
546 2790 214 54 Edwin
790 2791 73 54 A.
895 2792 261 54 Fleisher
1186 2792 181 54 music
1397 2793 298 54 collection
1726 2793 61 52 in
1818 2792 96 53 the
1945 2793 143 52 Free
2120 2792 222 69 library

325 2867 65 54 of
423 2868 432 70 Philadelphia.
923 2870 434 69 Philadelphia,
1391 2871 161 54 Priv.
1585 2871 197 68 print.,
1817 2874 153 50 1933.

399 2942 120 49 xxii,
548 2942 88 42 493
662 2954 44 39 p.
763 2943 167 49 front.,
959 2943 175 51 plates.
1193 2944 57 41 25½c
1300 2946 28 22 m
1331 2976 10 10 .

401 2997 1942 55 “700 numbered copies … printed on all-rag paper, of which 500 copies
329 3066 84 31 are
439 3057 80 42 for
546 3058 148 41 sale.”
747 3058 120 41 This
893 3070 121 38 copy
1040 3062 85 38 not
1151 3059 280 42 numbered.

400 3111 284 52 Classified;
716 3115 220 42 includes
967 3117 140 40 dates
1140 3116 52 41 of
1220 3127 263 38 composer,
1515 3116 110 41 title
1655 3116 51 41 of
1736 3117 119 40 each
1884 3116 137 41 work
2051 3116 51 40 in
2133 3117 212 50 original

329 3170 255 51 language,
623 3172 121 40 with
785 3173 203 50 English
1027 3173 314 48 translation,
1381 3174 265 49 publisher,
1685 3174 451 47 instrumentation,
2178 3174 167 50 length

331 3229 52 40 of
409 3229 118 42 time
556 3230 226 47 required
812 3231 79 40 for
919 3231 356 48 performance,
1305 3232 115 41 date
1449 3230 52 42 of
1529 3231 335 49 composition,
1894 3233 97 39 and
2022 3231 322 42 information

330 3286 213 50 relating
570 3290 51 39 to
649 3288 65 41 its
741 3288 108 41 first
877 3288 355 49 performance.

401 3344 102 41 The
536 3343 323 42 information
890 3345 80 40 for
1003 3346 83 41 the
1119 3344 237 49 majority
1389 3345 52 40 of
1471 3346 345 49 compositions
1849 3346 90 41 has
1971 3346 118 42 been
2121 3346 222 50 supplied

331 3401 60 47 by
422 3401 125 40 Karl
577 3400 270 50 Geiringer.
907 3402 103 41 The
1041 3402 230 41 material
1300 3403 91 40 has
1421 3403 120 41 been
1570 3403 254 49 cataloged
1856 3404 61 47 by
1948 3403 150 42 Edith
2130 3405 213 40 Werber.

329 3458 62 48 cf.
420 3458 146 49 Tref.,
596 3459 197 49 signed:
822 3459 174 41 Edwin
1025 3460 54 40 A.
1110 3459 235 42 Fleisher.

331 3514 52 52 ©
414 3518 112 41 Feb.
553 3519 40 46 4,
622 3517 142 46 1933;
795 3517 69 40 2c.
893 3518 95 39 and
1019 3516 83 41 aff.
1132 3516 110 41 Feb.
1317 3527 9 36 8;
1358 3516 40 39 A
1427 3515 171 49 59332;
1632 3516 174 41 Edwin

1832 3517 56 42 A.
1920 3517 233 48 Fleisher,
399 3517 1927 106 Philadelphia.
681 3572 253 51 (33-4966)

328 3664 187 65 Price,
544 3664 255 64 Wesley.

400 3741 188 54 Death
615 3740 49 54 is
689 3763 31 34 a
749 3746 324 63 stowaway,
1098 3740 75 69 by
1201 3739 225 70 Wesley
1454 3738 182 58 Price.
1698 3739 138 55 New
1866 3739 179 69 York,
2070 3739 89 54 W.
329 3737 1990 145 Godwin,
498 3820 128 65 inc.,
664 3821 151 51 1933.

398 3889 88 42 288
518 3900 43 38 p.
653 3889 27 41 19½
712 3892 44 22 cm
763 3923 8 8 .

333 3946 52 52 ©
420 3950 97 40 Feb
563 3950 71 48 21,
667 3951 142 47 1933;
845 3950 68 42 2c.
946 3950 111 40 Feb.
1091 3950 83 48 27;
1210 3949 83 42 aff.
1328 3951 112 40 Feb.
1472 3949 85 48 25;
1591 3950 41 40 A
1666 3948 171 50 59689;
1874 3949 216 42 William
2127 3945 217 52 Godwin,

401 4007 88 41 inc.
562 4006 252 50 (33-4725)
