2484 4405
1121 4115 134 54 1787

244 544 68 40 On
353 544 79 39 the
469 543 429 46 impracticability
937 542 50 39 of
1024 541 321 46 establishing
1384 542 79 39 the
1501 540 186 39 British
1726 541 180 44 system
1943 538 50 41 of
2034 538 132 39 radio

170 600 251 49 operation
450 600 95 39 and
574 600 185 40 control
788 600 49 38 in
867 600 81 39 the
980 598 178 41 United
1190 598 177 40 States.

244 658 68 38 “A
338 658 136 39 short
503 656 335 47 bibliography
865 656 51 39 of
944 653 397 49 broadcasting”:
1375 665 40 37 p.
1447 652 214 41 183-191.

176 710 51 52 ©
263 716 110 38 Dec.
409 715 67 45 18,
512 714 138 40 1933:
688 714 64 38 2c.
790 714 95 38 and
920 713 82 40 aff.
1038 714 110 38 Dec.
1186 712 55 39 20;
1306 712 39 37 A
1381 710 142 41 07610;
1588 710 129 39 Natl.
1755 720 113 29 assn.
1918 709 52 39 of
245 707 1911 104 broadcasters.
514 771 190 48 (34-77
1934 762 147 42 )

175 875 329 53 Nebraska.
571 873 364 64 University.
1018 876 171 64 Dept.
1220 873 62 67 of
1306 871 110 67 fine
1444 878 134 48 arts.

247 952 112 52 Art
405 952 323 52 collections
774 951 63 53 of
883 952 94 51 the
1025 950 337 67 University
1412 948 63 53 of
1520 947 311 54 Nebraska.
1914 947 257 65 Lincoln,

178 1028 155 66 Neb.,
359 1029 121 52 The
506 1029 144 51 Fine
677 1033 116 48 arts
819 1028 172 68 dept.,
1016 1029 97 51 the
1139 1028 336 67 University
1503 1027 63 53 of
1591 1025 294 53 Nebraska
1916 1059 13 33 [
1934 1032 17 21 c
1958 1029 132 48 1933
2098 1059 10 33 ]

246 1102 55 39 45
335 1112 42 37 p.
439 1100 126 41 illus.
595 1101 132 46 (incl.
762 1103 172 47 ports.)
1004 1100 54 38 22
1063 1103 44 21 cm
1112 1133 9 8 .

250 1160 66 36 “A
354 1157 330 49 biographical
720 1159 144 39 index
899 1158 51 40 of
985 1158 173 40 artists
1193 1158 309 48 represented
1538 1158 49 38 in
1622 1159 81 38 the
1737 1156 198 40 various
1969 1159 78 37 art
178 1157 1979 107 collections.”—p.
557 1218 39 38 4.

177 1284 51 51 ©
259 1289 125 46 Sept.
413 1289 51 36 11,
506 1287 140 45 1933;
676 1287 65 39 2c.
771 1286 99 40 Oct.
899 1287 51 45 5;
981 1285 81 40 aff.
1090 1286 111 38 Dec.
1230 1287 21 36 1;
1311 1285 40 38 A
1378 1285 169 45 67361;
1578 1285 117 38 Fine
1724 1288 103 36 arts
1855 1284 320 46 department,

247 1344 136 39 Univ.
415 1345 50 38 of
495 1344 265 39 Nebraska.
833 1342 279 47 (33-39307)

178 1448 237 63 Nelson,
443 1448 180 63 Hugh
651 1448 87 54 W.

311 1521 1863 70 … Contract bridge, simplified for you and me, by Hugh
181 1600 1992 68 W. Nelson … Los Angeles, Calif., The Harrison company
225 1683 151 62 [c1933]

249 1753 55 39 95
341 1763 41 37 p.
444 1750 55 41 26
503 1754 43 20 cm
551 1783 8 8 .

253 1807 61 40 At
347 1809 123 39 head
505 1808 50 39 of
587 1808 107 40 title:
757 1808 116 39 This
905 1809 133 38 work
1071 1809 136 39 deals
1240 1808 119 40 with
1394 1810 81 39 the
1507 1808 457 50 approach-forcing
1996 1812 180 45 system

182 1866 259 47 developed
469 1866 59 47 by
557 1865 90 48 Ely
678 1864 300 41 Culbertson.

182 1933 51 52 ©
265 1939 107 38 Dec.
406 1939 37 44 1,
476 1937 138 40 1933:
647 1937 66 39 2c.
746 1937 109 38 Dec.
888 1937 80 45 11;
1003 1936 80 39 aff.
1117 1937 109 37 Dec.
1260 1937 52 45 6;
1346 1936 41 38 A
1417 1935 170 48 67492;
1624 1937 240 39 Gertrude
1895 1937 59 38 H.
1987 1936 192 46 Nelson,

250 1995 90 40 Los
368 1995 219 47 Angeles.
659 1993 278 48 (33-39313)

182 2097 202 64 Olney,
411 2097 178 53 Louis
617 2097 231 64 Atwell,
880 2098 170 50 1874-

253 2173 222 55 Textile
512 2174 237 54 chemistry
857 2175 111 51 and
1006 2175 227 68 dyeing,
1306 2180 81 62 pt.
1426 2179 45 49 1.
1511 2175 290 55 Chemical
1836 2176 341 68 technology

183 2251 1997 71 of the fibers. 6th ed. [By] Louis A. Olney … Boston,
183 2331 443 67 Planographed
657 2331 71 65 by
763 2330 507 69 Spaulding-Moss
1300 2350 297 50 company,
1627 2334 151 49 1933.

250 2404 1007 49 3 p. l., 3-127 p. illus., plates. 23½ cm .
254 2463 177 38 Errata
463 2462 91 47 slip
585 2464 228 37 mounted
842 2473 63 28 on
933 2461 339 48 lining-paper.

253 2519 115 39 1909
397 2519 183 39 edition
611 2519 60 46 by
705 2519 80 39 the
818 2518 255 40 American
1108 2519 162 39 school
1304 2518 49 40 of
1386 2519 421 47 correspondence,
1843 2518 222 47 Chicago.

186 2571 51 52 ©
267 2575 100 42 Oct.
397 2576 66 46 16,
493 2576 113 40 1933;
663 2576 64 39 2c.
759 2575 101 41 Oct.
888 2576 55 40 30;
1001 2575 80 41 aff.
1116 2574 100 42 Oct.
1245 2575 82 47 28;
1358 2575 40 40 A
1427 2575 170 47 65874;
1630 2575 48 39 L.
1708 2576 55 39 A.
1794 2574 165 48 Olney,
1991 2573 192 48 Lowell,

252 2634 144 39 Mass.
471 2633 12 47 (CA
570 2632 173 41 33-992
764 2632 234 48 Unrev'd)

186 2733 175 66 Pagé,
393 2734 204 54 Victor
626 2735 268 66 Wilfred,
927 2740 169 49 1885-

257 2811 120 54 The
419 2812 151 53 Ford
609 2812 213 53 models
860 2812 105 69 V8,
1006 2813 47 49 B
1096 2812 112 53 and
1248 2812 54 50 A
1341 2830 149 48 cars;
184 2812 1974 145 construction—operation—repair,
607 2892 94 52 the
726 2898 145 45 most

895 2892 321 66 up-to-date
1240 2890 109 52 and
1376 2892 275 66 practical
1678 2888 227 55 treatise
192 2888 1966 147 explaining
318 2968 94 53 the
442 2967 308 69 principles
782 2968 62 53 of
875 2969 75 51 all
984 2975 159 61 parts
1174 2968 62 52 of
1268 2969 111 54 late
1410 2968 183 54 model
1628 2967 152 54 Ford
1814 2967 371 56 automobiles

193 3045 1988 70 with instructions for driving, servicing and repairing … by
194 3123 1988 72 Victor W. Page … illustrated by specially made diagrams and
187 3203 323 54 distinctive
537 3205 244 66 original
809 3204 392 68 photographs
1229 3205 62 51 of
1319 3206 185 51 actual
1532 3211 173 61 parts.
1771 3205 135 53 Rev.
1936 3204 112 52 and
2075 3207 105 51 enl.

187 3281 82 51 ed.
339 3281 132 52 New
510 3283 176 63 York,
718 3282 119 52 The
873 3282 250 51 Norman
1160 3282 87 56 W.
1280 3283 222 67 Henley
1536 3283 334 68 publishing
1902 3301 96 50 co.,
2034 3286 149 50 1933.

260 3353 24 38 2
310 3365 40 36 p.
378 3336 46 58 1.1
447 3353 175 45 vii-xv,
651 3356 35 47 [1]
749 3354 83 40 715
857 3366 40 36 p.
923 3354 108 40 incl.
1057 3355 149 40 front,
1236 3357 171 46 (port.)
1442 3356 142 44 illus.,
1612 3357 177 47 diagrs.
1846 3357 53 39 19½cm

191 3410 51 51 ©
269 3415 116 39 Nov.
414 3415 66 45 15,
507 3414 112 40 1933;
675 3416 65 38 2c.
768 3417 96 37 and
891 3415 79 39 aff.
999 3415 116 39 Nov.
1142 3415 53 39 21;
1254 3416 42 37 A
1321 3415 142 39 68611;
1521 3416 216 39 Norman
1763 3417 69 39 W.
1862 3416 190 43 Henley
2078 3417 108 47 pub.

258 3481 65 29 co.
395 3471 279 49 (33-27470)

190 3575 186 52 Paris.
451 3574 410 65 Bibliothèque
901 3575 317 53 nationale.
1292 3576 410 67 Département
1740 3577 96 52 clés
1874 3576 310 69 imprimés.

190 3653 1970 146 … Catalogue générai des livres imprimés de la Bibliothèque nationale.
848 3731 268 53 Auteurs,
1210 3737 37 47 t.
1467 3775 9 9 CXIII.
1569 3733 616 68 Mermann-Meymac.

193 3810 181 66 Paris,
404 3809 360 68 Imprimerie
795 3810 305 66 nationale,
1131 3813 149 49 1932.

261 3885 26 36 2
314 3894 42 37 p.
420 3915 8 15 l,
457 3884 112 39 1138
598 3884 158 39 numb.
786 3886 84 37 col.
928 3884 55 39 25
987 3886 43 20 cm
1037 3916 7 8 .

262 3941 61 38 At
358 3941 121 38 head
515 3940 51 40 of
600 3940 106 40 title:
771 3940 254 39 Ministère
1057 3942 58 37 de
1148 3940 330 40 l'instruction
1512 3940 226 49 publique
1774 3942 83 38 des
1892 3941 295 38 beaux-arts.

195 3992 1994 52 © Jan. 15, 1932; 1c. Dec. 20; A- Foreign 23116; Bibliothèque nationale
266 4052 56 39 de
351 4054 197 45 France,
578 4053 153 40 Paris.
