<alto xmlns="http://www.loc.gov/standards/alto/ns-v3#" xmlns:xsi="http://www.w3.org/2001/XMLSchema-instance" xsi:schemaLocation="http://www.loc.gov/standards/alto/ns-v3# http://www.loc.gov/alto/v3/alto-3-0.xsd"><Description>
<MeasurementUnit>pixel</MeasurementUnit>
<sourceImageInformation>
<fileName>1933_v1_Part1.pdf</fileName>
</sourceImageInformation>
<OCRProcessing ID="IdOcr">
<ocrProcessingStep>
<processingDateTime>2019-01-03</processingDateTime>
<processingSoftware>
<softwareCreator>ABBYY</softwareCreator>
<softwareName>ABBYY Recognition Server</softwareName>
<softwareVersion>4.0</softwareVersion>
</processingSoftware>
</ocrProcessingStep>
</OCRProcessing>
</Description>
<Styles>
<ParagraphStyle ALIGN="Left" FIRSTLINE="0." ID="StyleId-FFFFFFFF-FFFF-FFFF-FFFF-FFFFFFFFFFFF-" LEFT="0." RIGHT="0." />
<ParagraphStyle ALIGN="Left" FIRSTLINE="0." ID="StyleId-6EF5737A-DCEB-4126-A0CF-C5930BF7166A-" LEFT="0." LINESPACE="8.300000191" RIGHT="0." />
<ParagraphStyle ALIGN="Left" FIRSTLINE="0." ID="StyleId-2DE44258-FD0B-41E1-B542-087C989B01A3-" LEFT="0." LINESPACE="12.19999981" RIGHT="0." />
<ParagraphStyle ALIGN="Left" FIRSTLINE="-14." ID="StyleId-CE3D254A-29D7-4DD7-B5F1-E0FC0EF29B05-" LEFT="0." LINESPACE="8.619999886" RIGHT="0." />
<ParagraphStyle ALIGN="Left" FIRSTLINE="-14." ID="StyleId-C0E3A137-CE4F-4287-8A90-B599106709D0-" LEFT="0." LINESPACE="12.19999981" RIGHT="0." />
<ParagraphStyle ALIGN="Left" FIRSTLINE="-14." ID="StyleId-50F26F0C-05DA-4C19-BA58-7A6AC4499BEE-" LEFT="0." LINESPACE="11.06999969" RIGHT="0." />
<ParagraphStyle ALIGN="Center" FIRSTLINE="0." ID="StyleId-5DDE65AF-512C-41E2-9B8E-095D6D99EF68-" LEFT="0." LINESPACE="11.89999962" RIGHT="0." />
<ParagraphStyle ALIGN="Left" FIRSTLINE="0." ID="StyleId-0A81D7A5-6A62-4C52-915E-7768974C704D-" LEFT="0." LINESPACE="9.399999619" RIGHT="0." />
<ParagraphStyle ALIGN="Block" FIRSTLINE="-13." ID="StyleId-F7A0127F-6B48-4157-BB81-FE33E1E1A05B-" LEFT="0." LINESPACE="10.63000011" RIGHT="0." />
<ParagraphStyle ALIGN="Left" FIRSTLINE="0." ID="StyleId-E18C69F7-DBD7-48B1-805C-FCD96D0DA019-" LEFT="0." LINESPACE="11.64000034" RIGHT="0." />
<ParagraphStyle ALIGN="Left" FIRSTLINE="-14." ID="StyleId-98F15501-B611-4E83-8BB3-807E891F11F5-" LEFT="0." LINESPACE="12.19999981" RIGHT="0." />
<ParagraphStyle ALIGN="Left" FIRSTLINE="0." ID="StyleId-F4A78626-0BBC-4D12-94D9-A1AE75A9855F-" LEFT="0." LINESPACE="9.399999619" RIGHT="0." />
<ParagraphStyle ALIGN="Left" FIRSTLINE="0." ID="StyleId-6A3F6F4C-D21B-4ADE-902F-7683F18ECEF3-" LEFT="0." LINESPACE="11.10000038" RIGHT="0." />
</Styles>
<Layout>
<Page HEIGHT="4453" ID="Page443" PHYSICAL_IMG_NR="443" WIDTH="2540">
<TopMargin HEIGHT="440" HPOS="0" VPOS="0" WIDTH="2540">
</TopMargin>
<LeftMargin HEIGHT="3618" HPOS="0" VPOS="440" WIDTH="130">
</LeftMargin>
<RightMargin HEIGHT="3618" HPOS="2168" VPOS="440" WIDTH="372">
</RightMargin>
<BottomMargin HEIGHT="395" HPOS="0" VPOS="4058" WIDTH="2540">
<TextBlock HEIGHT="70" HPOS="1082" ID="Page443_Block1" LANG="en-US" STYLEREFS="StyleId-4D4DE711-F33D-4066-8AAE-EC13A3F0614F-" VPOS="4088" WIDTH="122">
<TextLine HEIGHT="49" HPOS="1093" VPOS="4099" WIDTH="101">
<String CONTENT="443" HEIGHT="49" HPOS="1093" VPOS="4099" WIDTH="101" />
</TextLine>
</TextBlock>
</BottomMargin>
<PrintSpace HEIGHT="3618" HPOS="130" VPOS="440" WIDTH="2038">
<TextBlock CS="1" HEIGHT="3618" HPOS="130" ID="Page443_Block2" LANG="en-US" STYLEREFS="StyleId-C32E271F-54C7-4BB6-8332-A446E5571B49-" VPOS="440" WIDTH="2038">
<TextLine HEIGHT="66" HPOS="141" VPOS="451" WIDTH="568">
<String CONTENT="Brander," HEIGHT="65" HPOS="141" LANG="de" VPOS="452" WIDTH="284" />
<SP HEIGHT="64" HPOS="426" VPOS="453" WIDTH="29" />
<String CONTENT="Shirley." HEIGHT="65" HPOS="456" LANG="en-US" VPOS="451" WIDTH="253" />
</TextLine>
<TextLine HEIGHT="74" HPOS="216" VPOS="523" WIDTH="1927">
<String CONTENT="Social" HEIGHT="57" HPOS="216" LANG="de" VPOS="528" WIDTH="188" />
<SP HEIGHT="52" HPOS="405" VPOS="530" WIDTH="43" />
<String CONTENT="secretary," HEIGHT="63" HPOS="449" LANG="en-US" VPOS="534" WIDTH="301" />
<SP HEIGHT="68" HPOS="751" VPOS="529" WIDTH="40" />
<String CONTENT="by" HEIGHT="67" HPOS="792" LANG="en-US" VPOS="529" WIDTH="76" />
<SP HEIGHT="69" HPOS="869" VPOS="527" WIDTH="47" />
<String CONTENT="Shirley" HEIGHT="68" HPOS="917" LANG="en-US" VPOS="527" WIDTH="229" />
<SP HEIGHT="68" HPOS="1147" VPOS="527" WIDTH="43" />
<String CONTENT="Brander." HEIGHT="53" HPOS="1191" LANG="de" VPOS="527" WIDTH="279" />
<SP HEIGHT="53" HPOS="1471" VPOS="526" WIDTH="90" />
<String CONTENT="New" HEIGHT="53" HPOS="1562" LANG="en-US" VPOS="526" WIDTH="140" />
<SP HEIGHT="53" HPOS="1703" VPOS="526" WIDTH="41" />
<String CONTENT="York," HEIGHT="69" HPOS="1745" LANG="en-US" VPOS="524" WIDTH="182" />
<SP HEIGHT="68" HPOS="1928" VPOS="525" WIDTH="43" />
<String CONTENT="E." HEIGHT="52" HPOS="1972" LANG="fi" VPOS="525" WIDTH="67" />
<SP HEIGHT="55" HPOS="2040" VPOS="523" WIDTH="46" />
<String CONTENT="J." HEIGHT="55" HPOS="2087" LANG="en-US" VPOS="523" WIDTH="56" />
</TextLine>
<TextLine HEIGHT="70" HPOS="145" VPOS="607" WIDTH="556">
<String CONTENT="Clqde," HEIGHT="70" HPOS="145" VPOS="607" WIDTH="194" />
<SP HEIGHT="68" HPOS="340" VPOS="607" WIDTH="25" />
<String CONTENT="inc." HEIGHT="54" HPOS="366" VPOS="607" WIDTH="108" />
<SP HEIGHT="35" HPOS="475" VPOS="640" WIDTH="32" />
<String CONTENT="[c1933]" HEIGHT="65" HPOS="508" VPOS="610" WIDTH="193" />
</TextLine>
<TextLine CS="1" HEIGHT="49" HPOS="211" STYLEREFS="StyleId-78562C7E-805C-4DEE-A033-5DCC0FB7BCEB-" VPOS="680" WIDTH="365">
<String CONTENT="256" HEIGHT="41" HPOS="211" VPOS="680" WIDTH="89" />
<SP HEIGHT="49" HPOS="301" VPOS="680" WIDTH="27" />
<String CONTENT="p." HEIGHT="37" HPOS="329" VPOS="692" WIDTH="43" />
<SP HEIGHT="42" HPOS="373" VPOS="680" WIDTH="57" />
<String CONTENT="19&#189;cm." CS="1" HEIGHT="41" HPOS="431" VPOS="680" WIDTH="145" />
</TextLine>
<TextLine CS="1" HEIGHT="53" HPOS="149" STYLEREFS="StyleId-78562C7E-805C-4DEE-A033-5DCC0FB7BCEB-" VPOS="738" WIDTH="1912">
<String CONTENT="&#169;" HEIGHT="52" HPOS="149" VPOS="739" WIDTH="52" />
<SP HEIGHT="52" HPOS="202" VPOS="739" WIDTH="25" />
<String CONTENT="Apr." HEIGHT="47" HPOS="228" VPOS="744" WIDTH="114" />
<SP HEIGHT="39" HPOS="343" VPOS="744" WIDTH="25" />
<String CONTENT="7," HEIGHT="46" HPOS="369" VPOS="744" WIDTH="39" />
<SP HEIGHT="46" HPOS="409" VPOS="744" WIDTH="27" />
<String CONTENT="1933;" CS="1" HEIGHT="42" HPOS="437" VPOS="741" WIDTH="113" />
<SP HEIGHT="46" HPOS="578" VPOS="743" WIDTH="28" />
<String CONTENT="2c." HEIGHT="40" HPOS="607" VPOS="743" WIDTH="68" />
<SP HEIGHT="28" HPOS="676" VPOS="755" WIDTH="26" />
<String CONTENT="and" HEIGHT="38" HPOS="703" VPOS="745" WIDTH="96" />
<SP HEIGHT="38" HPOS="800" VPOS="745" WIDTH="27" />
<String CONTENT="aff." HEIGHT="41" HPOS="828" VPOS="742" WIDTH="80" />
<SP HEIGHT="40" HPOS="909" VPOS="742" WIDTH="28" />
<String CONTENT="Apr." HEIGHT="48" HPOS="938" VPOS="742" WIDTH="111" />
<SP HEIGHT="39" HPOS="1050" VPOS="742" WIDTH="29" />
<String CONTENT="11;" CS="1" HEIGHT="40" HPOS="1080" VPOS="741" WIDTH="54" />
<SP HEIGHT="47" HPOS="1163" VPOS="742" WIDTH="29" />
<String CONTENT="A" HEIGHT="38" HPOS="1193" VPOS="742" WIDTH="41" />
<SP HEIGHT="39" HPOS="1235" VPOS="741" WIDTH="26" />
<String CONTENT="61296;" CS="1" HEIGHT="41" HPOS="1262" VPOS="739" WIDTH="144" />
<SP HEIGHT="46" HPOS="1433" VPOS="741" WIDTH="31" />
<String CONTENT="Edward" HEIGHT="40" HPOS="1465" VPOS="740" WIDTH="211" />
<SP HEIGHT="40" HPOS="1677" VPOS="740" WIDTH="29" />
<String CONTENT="J." HEIGHT="40" HPOS="1707" VPOS="740" WIDTH="42" />
<SP HEIGHT="41" HPOS="1750" VPOS="739" WIDTH="30" />
<String CONTENT="Clode," HEIGHT="46" HPOS="1781" VPOS="738" WIDTH="158" />
<SP HEIGHT="46" HPOS="1940" VPOS="738" WIDTH="28" />
<String CONTENT="inc." HEIGHT="40" HPOS="1969" VPOS="738" WIDTH="92" />
</TextLine>
<TextLine HEIGHT="48" HPOS="230" STYLEREFS="StyleId-78562C7E-805C-4DEE-A033-5DCC0FB7BCEB-" VPOS="800" WIDTH="250">
<String CONTENT="(33-8631)" HEIGHT="48" HPOS="230" VPOS="800" WIDTH="250" />
</TextLine>
<TextLine HEIGHT="64" HPOS="141" VPOS="903" WIDTH="406">
<String CONTENT="Byron," HEIGHT="64" HPOS="141" VPOS="903" WIDTH="217" />
<SP HEIGHT="64" HPOS="359" VPOS="903" WIDTH="29" />
<String CONTENT="May." HEIGHT="64" HPOS="389" VPOS="903" WIDTH="158" />
</TextLine>
<TextLine CS="1" HEIGHT="72" HPOS="214" VPOS="973" WIDTH="1925">
<String CONTENT="&#8220;Let" HEIGHT="53" HPOS="214" VPOS="978" WIDTH="141" />
<SP HEIGHT="47" HPOS="356" VPOS="982" WIDTH="25" />
<String CONTENT="nothing" HEIGHT="68" HPOS="382" VPOS="977" WIDTH="242" />
<SP HEIGHT="50" HPOS="625" VPOS="995" WIDTH="25" />
<String CONTENT="you" HEIGHT="50" HPOS="651" VPOS="995" WIDTH="110" />
<SP HEIGHT="52" HPOS="762" VPOS="977" WIDTH="27" />
<String CONTENT="dismay&#8221;," HEIGHT="69" HPOS="790" VPOS="975" WIDTH="272" />
<SP HEIGHT="68" HPOS="1063" VPOS="976" WIDTH="25" />
<String CONTENT="by" HEIGHT="68" HPOS="1089" VPOS="976" WIDTH="72" />
<SP HEIGHT="69" HPOS="1162" VPOS="975" WIDTH="27" />
<String CONTENT="May" HEIGHT="69" HPOS="1190" VPOS="975" WIDTH="138" />
<SP HEIGHT="68" HPOS="1329" VPOS="976" WIDTH="27" />
<String CONTENT="Byron." HEIGHT="68" HPOS="1357" VPOS="976" WIDTH="212" />
<SP HEIGHT="53" HPOS="1570" VPOS="974" WIDTH="64" />
<String CONTENT="New" HEIGHT="53" HPOS="1635" VPOS="974" WIDTH="136" />
<SP HEIGHT="53" HPOS="1772" VPOS="974" WIDTH="32" />
<String CONTENT="York" HEIGHT="54" HPOS="1805" VPOS="973" WIDTH="161" />
<SP HEIGHT="70" HPOS="1967" VPOS="973" WIDTH="31" />
<String CONTENT="[etc.]" CS="1" HEIGHT="61" HPOS="2017" VPOS="981" WIDTH="122" />
</TextLine>
<TextLine HEIGHT="68" HPOS="146" VPOS="1056" WIDTH="1142">
<String CONTENT="Fleming" HEIGHT="68" HPOS="146" VPOS="1056" WIDTH="264" />
<SP HEIGHT="67" HPOS="411" VPOS="1057" WIDTH="28" />
<String CONTENT="H." HEIGHT="51" HPOS="440" VPOS="1057" WIDTH="75" />
<SP HEIGHT="52" HPOS="516" VPOS="1056" WIDTH="35" />
<String CONTENT="Revell" HEIGHT="52" HPOS="552" VPOS="1056" WIDTH="195" />
<SP HEIGHT="52" HPOS="748" VPOS="1056" WIDTH="33" />
<String CONTENT="company" HEIGHT="50" HPOS="782" VPOS="1073" WIDTH="276" />
<SP HEIGHT="49" HPOS="1059" VPOS="1074" WIDTH="35" />
<String CONTENT="[c1933]" HEIGHT="65" HPOS="1095" VPOS="1058" WIDTH="193" />
</TextLine>
<TextLine HEIGHT="49" HPOS="213" STYLEREFS="StyleId-78562C7E-805C-4DEE-A033-5DCC0FB7BCEB-" VPOS="1127" WIDTH="304">
<String CONTENT="41" HEIGHT="39" HPOS="213" VPOS="1128" WIDTH="56" />
<SP HEIGHT="48" HPOS="270" VPOS="1128" WIDTH="26" />
<String CONTENT="p." HEIGHT="38" HPOS="297" VPOS="1138" WIDTH="45" />
<SP HEIGHT="43" HPOS="343" VPOS="1127" WIDTH="57" />
<String CONTENT="17cm." HEIGHT="42" HPOS="401" VPOS="1127" WIDTH="116" />
</TextLine>
<TextLine CS="1" HEIGHT="52" HPOS="149" STYLEREFS="StyleId-78562C7E-805C-4DEE-A033-5DCC0FB7BCEB-" VPOS="1184" WIDTH="1997">
<String CONTENT="&#169;" HEIGHT="52" HPOS="149" VPOS="1184" WIDTH="52" />
<SP HEIGHT="52" HPOS="202" VPOS="1184" WIDTH="31" />
<String CONTENT="Feb." HEIGHT="40" HPOS="234" VPOS="1188" WIDTH="109" />
<SP HEIGHT="38" HPOS="344" VPOS="1190" WIDTH="30" />
<String CONTENT="11," HEIGHT="46" HPOS="375" VPOS="1189" WIDTH="67" />
<SP HEIGHT="47" HPOS="443" VPOS="1188" WIDTH="30" />
<String CONTENT="1933;" CS="1" HEIGHT="41" HPOS="474" VPOS="1186" WIDTH="112" />
<SP HEIGHT="46" HPOS="615" VPOS="1187" WIDTH="31" />
<String CONTENT="2c." HEIGHT="40" HPOS="647" VPOS="1187" WIDTH="67" />
<SP HEIGHT="29" HPOS="715" VPOS="1198" WIDTH="30" />
<String CONTENT="and" HEIGHT="38" HPOS="746" VPOS="1189" WIDTH="95" />
<SP HEIGHT="38" HPOS="842" VPOS="1189" WIDTH="30" />
<String CONTENT="aff." HEIGHT="40" HPOS="873" VPOS="1186" WIDTH="82" />
<SP HEIGHT="38" HPOS="956" VPOS="1188" WIDTH="32" />
<String CONTENT="Mar." HEIGHT="38" HPOS="989" VPOS="1188" WIDTH="121" />
<SP HEIGHT="39" HPOS="1111" VPOS="1187" WIDTH="29" />
<String CONTENT="10;" CS="1" HEIGHT="40" HPOS="1141" VPOS="1186" WIDTH="55" />
<SP HEIGHT="46" HPOS="1224" VPOS="1187" WIDTH="32" />
<String CONTENT="A" HEIGHT="38" HPOS="1257" VPOS="1187" WIDTH="41" />
<SP HEIGHT="39" HPOS="1299" VPOS="1186" WIDTH="29" />
<String CONTENT="60585;" CS="1" HEIGHT="40" HPOS="1329" VPOS="1185" WIDTH="143" />
<SP HEIGHT="46" HPOS="1500" VPOS="1186" WIDTH="33" />
<String CONTENT="Fleming" HEIGHT="50" HPOS="1534" VPOS="1184" WIDTH="222" />
<SP HEIGHT="48" HPOS="1757" VPOS="1186" WIDTH="27" />
<String CONTENT="H." HEIGHT="39" HPOS="1785" VPOS="1186" WIDTH="61" />
<SP HEIGHT="39" HPOS="1847" VPOS="1186" WIDTH="31" />
<String CONTENT="Revell" HEIGHT="39" HPOS="1879" VPOS="1185" WIDTH="167" />
<SP HEIGHT="40" HPOS="2047" VPOS="1185" WIDTH="29" />
<String CONTENT="co." HEIGHT="29" HPOS="2077" VPOS="1196" WIDTH="69" />
</TextLine>
<TextLine CS="1" HEIGHT="54" HPOS="221" STYLEREFS="StyleId-78562C7E-805C-4DEE-A033-5DCC0FB7BCEB-" VPOS="1240" WIDTH="629">
<String CONTENT="[&#169;" HEIGHT="54" HPOS="221" VPOS="1240" WIDTH="68" />
<SP HEIGHT="53" HPOS="290" VPOS="1240" WIDTH="26" />
<String CONTENT="preface]" CS="1" HEIGHT="48" HPOS="317" VPOS="1245" WIDTH="194" />
<SP HEIGHT="50" HPOS="527" VPOS="1244" WIDTH="70" />
<String CONTENT="(33-8764)" HEIGHT="47" HPOS="598" VPOS="1244" WIDTH="252" />
</TextLine>
<TextLine HEIGHT="73" HPOS="144" VPOS="1342" WIDTH="1997">
<String CONTENT="California" HEIGHT="58" HPOS="144" VPOS="1342" WIDTH="329" />
<SP HEIGHT="36" HPOS="474" VPOS="1364" WIDTH="36" />
<String CONTENT="and" HEIGHT="51" HPOS="511" VPOS="1348" WIDTH="111" />
<SP HEIGHT="51" HPOS="623" VPOS="1348" WIDTH="39" />
<String CONTENT="Pacific" HEIGHT="57" HPOS="663" VPOS="1343" WIDTH="211" />
<SP HEIGHT="53" HPOS="875" VPOS="1347" WIDTH="39" />
<String CONTENT="digest," HEIGHT="70" HPOS="915" VPOS="1345" WIDTH="203" />
<SP HEIGHT="48" HPOS="1119" VPOS="1366" WIDTH="37" />
<String CONTENT="covering" HEIGHT="70" HPOS="1157" VPOS="1345" WIDTH="268" />
<SP HEIGHT="51" HPOS="1426" VPOS="1364" WIDTH="38" />
<String CONTENT="all" HEIGHT="51" HPOS="1465" VPOS="1347" WIDTH="76" />
<SP HEIGHT="52" HPOS="1542" VPOS="1347" WIDTH="40" />
<String CONTENT="cases" HEIGHT="35" HPOS="1583" VPOS="1365" WIDTH="150" />
<SP HEIGHT="34" HPOS="1734" VPOS="1366" WIDTH="38" />
<String CONTENT="reported" HEIGHT="70" HPOS="1773" VPOS="1345" WIDTH="268" />
<SP HEIGHT="54" HPOS="2042" VPOS="1344" WIDTH="38" />
<String CONTENT="in" HEIGHT="53" HPOS="2081" VPOS="1344" WIDTH="60" />
</TextLine>
<TextLine CS="1" HEIGHT="71" HPOS="215" VPOS="1422" WIDTH="1927">
<String CONTENT="California" HEIGHT="55" HPOS="215" VPOS="1424" WIDTH="325" />
<SP HEIGHT="33" HPOS="541" VPOS="1444" WIDTH="54" />
<String CONTENT="reports," HEIGHT="65" HPOS="596" VPOS="1428" WIDTH="241" />
<SP HEIGHT="65" HPOS="838" VPOS="1428" WIDTH="54" />
<String CONTENT="1850-1931;" CS="1" HEIGHT="50" HPOS="893" VPOS="1427" WIDTH="307" />
<SP HEIGHT="67" HPOS="1232" VPOS="1425" WIDTH="58" />
<String CONTENT="Pacific" HEIGHT="58" HPOS="1291" VPOS="1422" WIDTH="211" />
<SP HEIGHT="36" HPOS="1503" VPOS="1444" WIDTH="55" />
<String CONTENT="reporter," HEIGHT="63" HPOS="1559" VPOS="1430" WIDTH="275" />
<SP HEIGHT="50" HPOS="1835" VPOS="1443" WIDTH="54" />
<String CONTENT="volumes" HEIGHT="54" HPOS="1890" VPOS="1425" WIDTH="252" />
</TextLine>
<TextLine CS="1" HEIGHT="71" HPOS="245" VPOS="1501" WIDTH="1899">
<String CONTENT="1-300," CS="1" HEIGHT="67" HPOS="245" VPOS="1505" WIDTH="158" />
<SP HEIGHT="49" HPOS="404" VPOS="1523" WIDTH="31" />
<String CONTENT="and" HEIGHT="51" HPOS="436" VPOS="1505" WIDTH="110" />
<SP HEIGHT="51" HPOS="547" VPOS="1505" WIDTH="31" />
<String CONTENT="all" HEIGHT="52" HPOS="579" VPOS="1504" WIDTH="77" />
<SP HEIGHT="52" HPOS="657" VPOS="1504" WIDTH="28" />
<String CONTENT="of" HEIGHT="53" HPOS="686" VPOS="1503" WIDTH="65" />
<SP HEIGHT="53" HPOS="752" VPOS="1503" WIDTH="26" />
<String CONTENT="the" HEIGHT="53" HPOS="779" VPOS="1504" WIDTH="96" />
<SP HEIGHT="52" HPOS="876" VPOS="1505" WIDTH="28" />
<String CONTENT="Pacific" HEIGHT="55" HPOS="905" VPOS="1501" WIDTH="213" />
<SP HEIGHT="34" HPOS="1119" VPOS="1522" WIDTH="27" />
<String CONTENT="states" HEIGHT="48" HPOS="1147" VPOS="1508" WIDTH="173" />
<SP HEIGHT="33" HPOS="1321" VPOS="1523" WIDTH="29" />
<String CONTENT="reports" HEIGHT="64" HPOS="1351" VPOS="1508" WIDTH="223" />
<SP HEIGHT="53" HPOS="1575" VPOS="1503" WIDTH="27" />
<String CONTENT="from" HEIGHT="53" HPOS="1603" VPOS="1503" WIDTH="153" />
<SP HEIGHT="47" HPOS="1757" VPOS="1509" WIDTH="29" />
<String CONTENT="the" HEIGHT="51" HPOS="1787" VPOS="1505" WIDTH="99" />
<SP HEIGHT="35" HPOS="1887" VPOS="1522" WIDTH="26" />
<String CONTENT="earliest" HEIGHT="54" HPOS="1914" VPOS="1503" WIDTH="230" />
</TextLine>
<TextLine CS="1" HEIGHT="70" HPOS="213" VPOS="1580" WIDTH="1929">
<String CONTENT="times" HEIGHT="53" HPOS="213" VPOS="1582" WIDTH="164" />
<SP HEIGHT="33" HPOS="378" VPOS="1602" WIDTH="39" />
<String CONTENT="&#8230;" CS="1" />
<SP HEIGHT="54" HPOS="476" VPOS="1581" WIDTH="77" />
<String CONTENT="Compiled" HEIGHT="70" HPOS="554" VPOS="1580" WIDTH="299" />
<SP HEIGHT="51" HPOS="854" VPOS="1583" WIDTH="36" />
<String CONTENT="and" HEIGHT="51" HPOS="891" VPOS="1583" WIDTH="111" />
<SP HEIGHT="52" HPOS="1003" VPOS="1583" WIDTH="35" />
<String CONTENT="edited" HEIGHT="53" HPOS="1039" VPOS="1582" WIDTH="191" />
<SP HEIGHT="53" HPOS="1231" VPOS="1582" WIDTH="31" />
<String CONTENT="by" HEIGHT="65" HPOS="1263" VPOS="1583" WIDTH="74" />
<SP HEIGHT="59" HPOS="1338" VPOS="1589" WIDTH="31" />
<String CONTENT="the" HEIGHT="53" HPOS="1370" VPOS="1583" WIDTH="96" />
<SP HEIGHT="49" HPOS="1467" VPOS="1601" WIDTH="32" />
<String CONTENT="publisher&#8217;s" HEIGHT="69" HPOS="1500" VPOS="1581" WIDTH="340" />
<SP HEIGHT="35" HPOS="1841" VPOS="1601" WIDTH="33" />
<String CONTENT="editorial" HEIGHT="53" HPOS="1875" VPOS="1583" WIDTH="267" />
</TextLine>
<TextLine CS="1" HEIGHT="73" HPOS="212" VPOS="1657" WIDTH="1732">
<String CONTENT="staff." HEIGHT="57" HPOS="212" VPOS="1657" WIDTH="153" />
<SP HEIGHT="33" HPOS="366" VPOS="1680" WIDTH="71" />
<String CONTENT="v." CS="1" HEIGHT="11" HPOS="479" VPOS="1703" WIDTH="10" />
<SP HEIGHT="50" HPOS="490" VPOS="1664" WIDTH="33" />
<String CONTENT="35-37." HEIGHT="56" HPOS="524" VPOS="1657" WIDTH="187" />
<SP HEIGHT="56" HPOS="712" VPOS="1659" WIDTH="76" />
<String CONTENT="St." HEIGHT="56" HPOS="789" VPOS="1659" WIDTH="82" />
<SP HEIGHT="51" HPOS="872" VPOS="1663" WIDTH="33" />
<String CONTENT="Paul," HEIGHT="67" HPOS="906" VPOS="1661" WIDTH="165" />
<SP HEIGHT="65" HPOS="1072" VPOS="1663" WIDTH="30" />
<String CONTENT="West" HEIGHT="53" HPOS="1103" VPOS="1663" WIDTH="162" />
<SP HEIGHT="63" HPOS="1266" VPOS="1666" WIDTH="28" />
<String CONTENT="publishing" HEIGHT="70" HPOS="1295" VPOS="1660" WIDTH="336" />
<SP HEIGHT="51" HPOS="1632" VPOS="1679" WIDTH="27" />
<String CONTENT="co.," HEIGHT="50" HPOS="1660" VPOS="1679" WIDTH="99" />
<SP HEIGHT="64" HPOS="1760" VPOS="1665" WIDTH="31" />
<String CONTENT="1933." HEIGHT="54" HPOS="1792" VPOS="1662" WIDTH="152" />
</TextLine>
<TextLine CS="1" HEIGHT="44" HPOS="213" STYLEREFS="StyleId-78562C7E-805C-4DEE-A033-5DCC0FB7BCEB-" VPOS="1734" WIDTH="277">
<String CONTENT="3" HEIGHT="41" HPOS="213" VPOS="1737" WIDTH="27" />
<SP HEIGHT="41" HPOS="241" VPOS="1737" WIDTH="30" />
<String CONTENT="v." CS="1" />
<SP HEIGHT="43" HPOS="320" VPOS="1734" WIDTH="53" />
<String CONTENT="26cm." HEIGHT="42" HPOS="374" VPOS="1734" WIDTH="116" />
</TextLine>
<TextLine CS="1" HEIGHT="44" HPOS="494" STYLEREFS="StyleId-78562C7E-805C-4DEE-A033-5DCC0FB7BCEB-" VPOS="1790" WIDTH="1664">
<String CONTENT="CONTENTS.&#8212;v." CS="1" HEIGHT="30" HPOS="494" VPOS="1802" WIDTH="107" />
<SP HEIGHT="42" HPOS="602" VPOS="1790" WIDTH="21" />
<String CONTENT="35." HEIGHT="42" HPOS="624" VPOS="1790" WIDTH="71" />
<SP HEIGHT="41" HPOS="696" VPOS="1792" WIDTH="26" />
<String CONTENT="Street" HEIGHT="41" HPOS="723" VPOS="1792" WIDTH="159" />
<SP HEIGHT="39" HPOS="883" VPOS="1794" WIDTH="21" />
<String CONTENT="railroads-Tender.&#8212;v." HEIGHT="42" HPOS="905" VPOS="1792" WIDTH="584" />
<SP HEIGHT="43" HPOS="1490" VPOS="1791" WIDTH="24" />
<String CONTENT="36." HEIGHT="43" HPOS="1515" VPOS="1791" WIDTH="73" />
<SP HEIGHT="41" HPOS="1589" VPOS="1793" WIDTH="23" />
<String CONTENT="Territories-Trial.&#8212;." HEIGHT="42" HPOS="1613" VPOS="1791" WIDTH="545" />
</TextLine>
<TextLine CS="1" HEIGHT="51" HPOS="181" STYLEREFS="StyleId-78562C7E-805C-4DEE-A033-5DCC0FB7BCEB-" VPOS="1847" WIDTH="1413">
<String CONTENT="v." CS="1" HEIGHT="10" HPOS="181" VPOS="1880" WIDTH="11" />
<SP HEIGHT="42" HPOS="193" VPOS="1849" WIDTH="28" />
<String CONTENT="37." HEIGHT="43" HPOS="222" VPOS="1849" WIDTH="73" />
<SP HEIGHT="40" HPOS="296" VPOS="1851" WIDTH="25" />
<String CONTENT="Trover" HEIGHT="38" HPOS="322" VPOS="1851" WIDTH="183" />
<SP HEIGHT="30" HPOS="506" VPOS="1860" WIDTH="25" />
<String CONTENT="and" HEIGHT="39" HPOS="532" VPOS="1851" WIDTH="94" />
<SP HEIGHT="38" HPOS="627" VPOS="1851" WIDTH="27" />
<String CONTENT="conversion-Vendor" HEIGHT="42" HPOS="655" VPOS="1847" WIDTH="510" />
<SP HEIGHT="30" HPOS="1166" VPOS="1859" WIDTH="25" />
<String CONTENT="and" HEIGHT="38" HPOS="1192" VPOS="1851" WIDTH="95" />
<SP HEIGHT="47" HPOS="1288" VPOS="1851" WIDTH="26" />
<String CONTENT="purchaser." HEIGHT="48" HPOS="1315" VPOS="1850" WIDTH="279" />
</TextLine>
<TextLine CS="1" HEIGHT="52" HPOS="152" STYLEREFS="StyleId-78562C7E-805C-4DEE-A033-5DCC0FB7BCEB-" VPOS="1903" WIDTH="1996">
<String CONTENT="&#169;" HEIGHT="52" HPOS="152" VPOS="1903" WIDTH="52" />
<SP HEIGHT="52" HPOS="205" VPOS="1903" WIDTH="29" />
<String CONTENT="Mar." HEIGHT="39" HPOS="235" VPOS="1908" WIDTH="122" />
<SP HEIGHT="40" HPOS="358" VPOS="1907" WIDTH="27" />
<String CONTENT="20," HEIGHT="48" HPOS="386" VPOS="1905" WIDTH="68" />
<SP HEIGHT="46" HPOS="455" VPOS="1907" WIDTH="29" />
<String CONTENT="1933;" CS="1" HEIGHT="40" HPOS="485" VPOS="1906" WIDTH="113" />
<SP HEIGHT="47" HPOS="627" VPOS="1906" WIDTH="30" />
<String CONTENT="2c." HEIGHT="40" HPOS="658" VPOS="1906" WIDTH="67" />
<SP HEIGHT="29" HPOS="726" VPOS="1918" WIDTH="28" />
<String CONTENT="each" HEIGHT="41" HPOS="755" VPOS="1906" WIDTH="119" />
<SP HEIGHT="39" HPOS="875" VPOS="1906" WIDTH="27" />
<String CONTENT="Apr." HEIGHT="47" HPOS="903" VPOS="1907" WIDTH="114" />
<SP HEIGHT="40" HPOS="1018" VPOS="1907" WIDTH="28" />
<String CONTENT="14;" CS="1" HEIGHT="38" HPOS="1047" VPOS="1907" WIDTH="56" />
<SP HEIGHT="37" HPOS="1129" VPOS="1916" WIDTH="33" />
<String CONTENT="affs." HEIGHT="41" HPOS="1163" VPOS="1905" WIDTH="108" />
<SP HEIGHT="38" HPOS="1272" VPOS="1907" WIDTH="28" />
<String CONTENT="Apr." HEIGHT="48" HPOS="1301" VPOS="1907" WIDTH="112" />
<SP HEIGHT="39" HPOS="1414" VPOS="1907" WIDTH="31" />
<String CONTENT="15;" CS="1" HEIGHT="40" HPOS="1446" VPOS="1907" WIDTH="59" />
<SP HEIGHT="48" HPOS="1529" VPOS="1906" WIDTH="31" />
<String CONTENT="A" HEIGHT="40" HPOS="1561" VPOS="1906" WIDTH="42" />
<SP HEIGHT="41" HPOS="1604" VPOS="1906" WIDTH="28" />
<String CONTENT="62128-62130;" CS="1" HEIGHT="41" HPOS="1633" VPOS="1907" WIDTH="319" />
<SP HEIGHT="45" HPOS="1980" VPOS="1909" WIDTH="32" />
<String CONTENT="West" HEIGHT="40" HPOS="2013" VPOS="1909" WIDTH="135" />
</TextLine>
<TextLine HEIGHT="48" HPOS="218" STYLEREFS="StyleId-78562C7E-805C-4DEE-A033-5DCC0FB7BCEB-" VPOS="1964" WIDTH="214">
<String CONTENT="pub." HEIGHT="48" HPOS="218" VPOS="1964" WIDTH="108" />
<SP HEIGHT="28" HPOS="327" VPOS="1975" WIDTH="37" />
<String CONTENT="co." HEIGHT="30" HPOS="365" VPOS="1974" WIDTH="67" />
</TextLine>
<TextLine HEIGHT="66" HPOS="145" VPOS="2064" WIDTH="1013">
<String CONTENT="Cary," HEIGHT="62" HPOS="145" VPOS="2068" WIDTH="172" />
<SP HEIGHT="62" HPOS="318" VPOS="2068" WIDTH="30" />
<String CONTENT="Mrs." HEIGHT="52" HPOS="349" VPOS="2068" WIDTH="137" />
<SP HEIGHT="53" HPOS="487" VPOS="2066" WIDTH="30" />
<String CONTENT="Katharine" HEIGHT="55" HPOS="518" VPOS="2064" WIDTH="333" />
<SP HEIGHT="53" HPOS="852" VPOS="2065" WIDTH="29" />
<String CONTENT="Thomas." HEIGHT="58" HPOS="882" VPOS="2065" WIDTH="276" />
</TextLine>
<TextLine HEIGHT="70" HPOS="215" VPOS="2143" WIDTH="1930">
<String CONTENT="Arranging" HEIGHT="68" HPOS="215" VPOS="2144" WIDTH="339" />
<SP HEIGHT="69" HPOS="555" VPOS="2143" WIDTH="60" />
<String CONTENT="flowers" HEIGHT="54" HPOS="616" VPOS="2143" WIDTH="218" />
<SP HEIGHT="49" HPOS="835" VPOS="2148" WIDTH="60" />
<String CONTENT="throughout" HEIGHT="67" HPOS="896" VPOS="2144" WIDTH="355" />
<SP HEIGHT="49" HPOS="1252" VPOS="2149" WIDTH="58" />
<String CONTENT="the" HEIGHT="52" HPOS="1311" VPOS="2145" WIDTH="96" />
<SP HEIGHT="50" HPOS="1408" VPOS="2163" WIDTH="59" />
<String CONTENT="year," HEIGHT="51" HPOS="1468" VPOS="2162" WIDTH="154" />
<SP HEIGHT="67" HPOS="1623" VPOS="2145" WIDTH="59" />
<String CONTENT="by" HEIGHT="68" HPOS="1683" VPOS="2145" WIDTH="76" />
<SP HEIGHT="67" HPOS="1760" VPOS="2146" WIDTH="62" />
<String CONTENT="Katharine" HEIGHT="54" HPOS="1823" VPOS="2146" WIDTH="322" />
</TextLine>
<TextLine CS="1" HEIGHT="70" HPOS="147" VPOS="2222" WIDTH="1759">
<String CONTENT="Thomas" HEIGHT="53" HPOS="147" VPOS="2224" WIDTH="249" />
<SP HEIGHT="54" HPOS="397" VPOS="2224" WIDTH="36" />
<String CONTENT="Cary" HEIGHT="66" HPOS="434" VPOS="2224" WIDTH="153" />
<SP HEIGHT="50" HPOS="588" VPOS="2240" WIDTH="35" />
<String CONTENT="and" HEIGHT="51" HPOS="624" VPOS="2224" WIDTH="112" />
<SP HEIGHT="52" HPOS="737" VPOS="2223" WIDTH="37" />
<String CONTENT="Nellie" HEIGHT="53" HPOS="775" VPOS="2222" WIDTH="184" />
<SP HEIGHT="51" HPOS="960" VPOS="2224" WIDTH="35" />
<String CONTENT="Dry" HEIGHT="66" HPOS="996" VPOS="2224" WIDTH="126" />
<SP HEIGHT="67" HPOS="1123" VPOS="2223" WIDTH="3" />
<String CONTENT="den" HEIGHT="51" HPOS="1127" VPOS="2223" WIDTH="108" />
<SP HEIGHT="52" HPOS="1236" VPOS="2223" WIDTH="34" />
<String CONTENT="Merrell;" HEIGHT="67" HPOS="1271" VPOS="2223" WIDTH="261" />
<SP HEIGHT="47" HPOS="1533" VPOS="2243" WIDTH="40" />
<String CONTENT="with" HEIGHT="54" HPOS="1574" VPOS="2223" WIDTH="140" />
<SP HEIGHT="52" HPOS="1715" VPOS="2225" WIDTH="36" />
<String CONTENT="sixty" HEIGHT="69" HPOS="1752" VPOS="2223" WIDTH="154" />
</TextLine>
<TextLine CS="1" HEIGHT="143" HPOS="147" VPOS="2226" WIDTH="1999">
<String CONTENT="photographs" HEIGHT="143" HPOS="147" VPOS="2226" WIDTH="1973" />
<SP HEIGHT="34" HPOS="364" VPOS="2320" WIDTH="38" />
<String CONTENT="of" HEIGHT="53" HPOS="403" VPOS="2300" WIDTH="65" />
<SP HEIGHT="53" HPOS="469" VPOS="2300" WIDTH="37" />
<String CONTENT="flower" HEIGHT="52" HPOS="507" VPOS="2301" WIDTH="190" />
<SP HEIGHT="33" HPOS="698" VPOS="2320" WIDTH="39" />
<String CONTENT="arrangements." HEIGHT="62" HPOS="738" VPOS="2306" WIDTH="442" />
<SP HEIGHT="53" HPOS="1181" VPOS="2301" WIDTH="73" />
<String CONTENT="New" HEIGHT="53" HPOS="1255" VPOS="2301" WIDTH="139" />
<SP HEIGHT="52" HPOS="1395" VPOS="2303" WIDTH="41" />
<String CONTENT="York," HEIGHT="66" HPOS="1437" VPOS="2303" WIDTH="179" />
<SP HEIGHT="65" HPOS="1617" VPOS="2304" WIDTH="39" />
<String CONTENT="Dodd," HEIGHT="66" HPOS="1657" VPOS="2303" WIDTH="190" />
<SP HEIGHT="64" HPOS="1848" VPOS="2305" WIDTH="38" />
<String CONTENT="Mead" HEIGHT="53" HPOS="1887" VPOS="2305" WIDTH="172" />
<SP HEIGHT="54" HPOS="2060" VPOS="2305" WIDTH="39" />
<String CONTENT="&amp;" HEIGHT="50" HPOS="2100" VPOS="2309" WIDTH="46" />
</TextLine>
<TextLine HEIGHT="64" HPOS="147" VPOS="2384" WIDTH="489">
<String CONTENT="company," HEIGHT="49" HPOS="147" VPOS="2399" WIDTH="297" />
<SP HEIGHT="62" HPOS="445" VPOS="2385" WIDTH="40" />
<String CONTENT="1933." HEIGHT="49" HPOS="486" VPOS="2384" WIDTH="150" />
</TextLine>
<TextLine CS="1" HEIGHT="53" HPOS="219" STYLEREFS="StyleId-78562C7E-805C-4DEE-A033-5DCC0FB7BCEB-" VPOS="2450" WIDTH="1376">
<String CONTENT="vii," HEIGHT="48" HPOS="219" VPOS="2452" WIDTH="81" />
<SP HEIGHT="30" HPOS="301" VPOS="2473" WIDTH="31" />
<String CONTENT="[1]," CS="1" HEIGHT="30" HPOS="333" VPOS="2473" WIDTH="69" />
<SP HEIGHT="48" HPOS="403" VPOS="2453" WIDTH="26" />
<String CONTENT="230" HEIGHT="41" HPOS="430" VPOS="2452" WIDTH="86" />
<SP HEIGHT="50" HPOS="517" VPOS="2452" WIDTH="24" />
<String CONTENT="p." HEIGHT="37" HPOS="542" VPOS="2465" WIDTH="43" />
<SP HEIGHT="43" HPOS="586" VPOS="2451" WIDTH="27" />
<String CONTENT="incl." HEIGHT="43" HPOS="614" VPOS="2451" WIDTH="109" />
<SP HEIGHT="42" HPOS="724" VPOS="2452" WIDTH="26" />
<String CONTENT="illus.," HEIGHT="48" HPOS="751" VPOS="2452" WIDTH="142" />
<SP HEIGHT="37" HPOS="894" VPOS="2464" WIDTH="26" />
<String CONTENT="plates," HEIGHT="49" HPOS="921" VPOS="2452" WIDTH="173" />
<SP HEIGHT="29" HPOS="1095" VPOS="2464" WIDTH="57" />
<String CONTENT="col." HEIGHT="42" HPOS="1153" VPOS="2450" WIDTH="85" />
<SP HEIGHT="42" HPOS="1239" VPOS="2450" WIDTH="29" />
<String CONTENT="front." HEIGHT="44" HPOS="1269" VPOS="2450" WIDTH="147" />
<SP HEIGHT="39" HPOS="1417" VPOS="2453" WIDTH="58" />
<String CONTENT="24cm." HEIGHT="42" HPOS="1476" VPOS="2453" WIDTH="119" />
</TextLine>
<TextLine CS="1" HEIGHT="50" HPOS="223" STYLEREFS="StyleId-78562C7E-805C-4DEE-A033-5DCC0FB7BCEB-" VPOS="2509" WIDTH="694">
<String CONTENT="Bibliography:" CS="1" HEIGHT="48" HPOS="223" VPOS="2511" WIDTH="348" />
<SP HEIGHT="37" HPOS="600" VPOS="2521" WIDTH="27" />
<String CONTENT="p." HEIGHT="37" HPOS="628" VPOS="2521" WIDTH="43" />
<SP HEIGHT="40" HPOS="672" VPOS="2511" WIDTH="26" />
<String CONTENT="229-230." HEIGHT="42" HPOS="699" VPOS="2509" WIDTH="218" />
</TextLine>
<TextLine CS="1" HEIGHT="53" HPOS="154" STYLEREFS="StyleId-78562C7E-805C-4DEE-A033-5DCC0FB7BCEB-" VPOS="2566" WIDTH="1994">
<String CONTENT="&#169;" HEIGHT="52" HPOS="154" VPOS="2566" WIDTH="52" />
<SP HEIGHT="52" HPOS="207" VPOS="2566" WIDTH="27" />
<String CONTENT="Mar." HEIGHT="39" HPOS="235" VPOS="2571" WIDTH="122" />
<SP HEIGHT="38" HPOS="358" VPOS="2570" WIDTH="26" />
<String CONTENT="10," HEIGHT="48" HPOS="385" VPOS="2569" WIDTH="68" />
<SP HEIGHT="47" HPOS="454" VPOS="2570" WIDTH="28" />
<String CONTENT="1933;" CS="1" HEIGHT="40" HPOS="483" VPOS="2569" WIDTH="112" />
<SP HEIGHT="47" HPOS="624" VPOS="2569" WIDTH="28" />
<String CONTENT="2c." HEIGHT="39" HPOS="653" VPOS="2569" WIDTH="67" />
<SP HEIGHT="30" HPOS="721" VPOS="2579" WIDTH="28" />
<String CONTENT="and" HEIGHT="39" HPOS="750" VPOS="2570" WIDTH="95" />
<SP HEIGHT="38" HPOS="846" VPOS="2570" WIDTH="28" />
<String CONTENT="aff." HEIGHT="41" HPOS="875" VPOS="2567" WIDTH="82" />
<SP HEIGHT="39" HPOS="958" VPOS="2569" WIDTH="27" />
<String CONTENT="Mar." HEIGHT="39" HPOS="986" VPOS="2569" WIDTH="122" />
<SP HEIGHT="39" HPOS="1109" VPOS="2569" WIDTH="28" />
<String CONTENT="17;" CS="1" HEIGHT="40" HPOS="1138" VPOS="2568" WIDTH="58" />
<SP HEIGHT="47" HPOS="1221" VPOS="2568" WIDTH="29" />
<String CONTENT="A" HEIGHT="39" HPOS="1251" VPOS="2568" WIDTH="43" />
<SP HEIGHT="40" HPOS="1295" VPOS="2568" WIDTH="24" />
<String CONTENT="59971;" CS="1" HEIGHT="42" HPOS="1320" VPOS="2567" WIDTH="143" />
<SP HEIGHT="46" HPOS="1491" VPOS="2569" WIDTH="30" />
<String CONTENT="Dodd," HEIGHT="48" HPOS="1522" VPOS="2569" WIDTH="155" />
<SP HEIGHT="46" HPOS="1678" VPOS="2571" WIDTH="28" />
<String CONTENT="Mead" HEIGHT="40" HPOS="1707" VPOS="2571" WIDTH="143" />
<SP HEIGHT="44" HPOS="1851" VPOS="2573" WIDTH="27" />
<String CONTENT="&amp;" HEIGHT="41" HPOS="1879" VPOS="2576" WIDTH="41" />
<SP HEIGHT="41" HPOS="1921" VPOS="2576" WIDTH="22" />
<String CONTENT="co.," HEIGHT="37" HPOS="1944" VPOS="2582" WIDTH="82" />
<SP HEIGHT="47" HPOS="2027" VPOS="2572" WIDTH="29" />
<String CONTENT="inc." HEIGHT="42" HPOS="2057" VPOS="2572" WIDTH="91" />
</TextLine>
<TextLine HEIGHT="49" HPOS="232" STYLEREFS="StyleId-78562C7E-805C-4DEE-A033-5DCC0FB7BCEB-" VPOS="2625" WIDTH="250">
<String CONTENT="(33-8402)" HEIGHT="49" HPOS="232" VPOS="2625" WIDTH="250" />
</TextLine>
<TextLine HEIGHT="68" HPOS="148" VPOS="2725" WIDTH="1118">
<String CONTENT="Chamberlain," HEIGHT="66" HPOS="148" VPOS="2727" WIDTH="433" />
<SP HEIGHT="65" HPOS="582" VPOS="2728" WIDTH="27" />
<String CONTENT="Rudolph" HEIGHT="66" HPOS="610" VPOS="2725" WIDTH="271" />
<SP HEIGHT="54" HPOS="882" VPOS="2728" WIDTH="27" />
<String CONTENT="Wilson," HEIGHT="67" HPOS="910" VPOS="2726" WIDTH="242" />
<SP HEIGHT="47" HPOS="1153" VPOS="2746" WIDTH="29" />
<String CONTENT="ed." HEIGHT="53" HPOS="1183" VPOS="2728" WIDTH="83" />
</TextLine>
<TextLine CS="1" HEIGHT="72" HPOS="218" VPOS="2804" WIDTH="1269">
<String CONTENT="Beacon" HEIGHT="53" HPOS="218" VPOS="2806" WIDTH="226" />
<SP HEIGHT="51" HPOS="445" VPOS="2807" WIDTH="23" />
<String CONTENT="lights" HEIGHT="70" HPOS="469" VPOS="2804" WIDTH="179" />
<SP HEIGHT="35" HPOS="649" VPOS="2824" WIDTH="24" />
<String CONTENT="of" HEIGHT="54" HPOS="674" VPOS="2805" WIDTH="65" />
<SP HEIGHT="53" HPOS="740" VPOS="2805" WIDTH="23" />
<String CONTENT="literature," HEIGHT="54" HPOS="764" VPOS="2804" WIDTH="314" />
<SP HEIGHT="52" HPOS="1079" VPOS="2806" WIDTH="73" />
<String CONTENT="bk." HEIGHT="54" HPOS="1153" VPOS="2805" WIDTH="92" />
<SP HEIGHT="51" HPOS="1246" VPOS="2808" WIDTH="26" />
<String CONTENT="2." HEIGHT="50" HPOS="1273" VPOS="2808" WIDTH="48" />
<SP HEIGHT="51" HPOS="1322" VPOS="2807" WIDTH="73" />
<String CONTENT="By" HEIGHT="69" HPOS="1396" VPOS="2807" WIDTH="91" />
</TextLine>
<TextLine CS="1" HEIGHT="225" HPOS="147" VPOS="2807" WIDTH="1974">
<String CONTENT="Rudolph" HEIGHT="70" HPOS="1516" VPOS="2807" WIDTH="274" />
<SP HEIGHT="56" HPOS="1791" VPOS="2810" WIDTH="24" />
<String CONTENT="W." HEIGHT="54" HPOS="1816" VPOS="2812" WIDTH="90" />
<SP HEIGHT="54" HPOS="1907" VPOS="2812" WIDTH="31" />
<String CONTENT="Chamberlain" HEIGHT="126" HPOS="147" VPOS="2812" WIDTH="1974" />
<SP HEIGHT="34" HPOS="369" VPOS="2903" WIDTH="28" />
<String CONTENT="&#8230;" CS="1" />
<SP HEIGHT="53" HPOS="455" VPOS="2884" WIDTH="76" />
<String CONTENT="New" HEIGHT="54" HPOS="532" VPOS="2884" WIDTH="138" />
<SP HEIGHT="52" HPOS="671" VPOS="2886" WIDTH="25" />
<String CONTENT="York," HEIGHT="69" HPOS="697" VPOS="2883" WIDTH="180" />
<SP HEIGHT="66" HPOS="878" VPOS="2886" WIDTH="25" />
<String CONTENT="Chicago" HEIGHT="70" HPOS="904" VPOS="2883" WIDTH="250" />
<SP HEIGHT="49" HPOS="1155" VPOS="2903" WIDTH="29" />
<String CONTENT="[etc.]" HEIGHT="63" HPOS="1185" VPOS="2889" WIDTH="138" />
<SP HEIGHT="65" HPOS="1324" VPOS="2886" WIDTH="28" />
<String CONTENT="Iroquois" HEIGHT="69" HPOS="1353" VPOS="2885" WIDTH="261" />
<SP HEIGHT="50" HPOS="1615" VPOS="2906" WIDTH="23" />
<String CONTENT="publishing" HEIGHT="71" HPOS="1639" VPOS="2888" WIDTH="337" />
<SP HEIGHT="50" HPOS="1977" VPOS="2909" WIDTH="21" />
<String CONTENT="company," HEIGHT="123" HPOS="147" VPOS="2909" WIDTH="1973" />
<SP HEIGHT="68" HPOS="321" VPOS="2963" WIDTH="26" />
<String CONTENT="inc." HEIGHT="53" HPOS="348" VPOS="2963" WIDTH="106" />
<SP HEIGHT="34" HPOS="455" VPOS="2996" WIDTH="35" />
<String CONTENT="[c1933]" HEIGHT="65" HPOS="491" VPOS="2965" WIDTH="194" />
</TextLine>
<TextLine CS="1" HEIGHT="50" HPOS="222" STYLEREFS="StyleId-78562C7E-805C-4DEE-A033-5DCC0FB7BCEB-" VPOS="3035" WIDTH="1398">
<String CONTENT="xviii," HEIGHT="48" HPOS="222" VPOS="3037" WIDTH="134" />
<SP HEIGHT="49" HPOS="357" VPOS="3036" WIDTH="25" />
<String CONTENT="973" HEIGHT="41" HPOS="383" VPOS="3036" WIDTH="84" />
<SP HEIGHT="46" HPOS="468" VPOS="3038" WIDTH="28" />
<String CONTENT="p." HEIGHT="37" HPOS="497" VPOS="3047" WIDTH="42" />
<SP HEIGHT="41" HPOS="540" VPOS="3035" WIDTH="26" />
<String CONTENT="incl." HEIGHT="41" HPOS="567" VPOS="3035" WIDTH="111" />
<SP HEIGHT="40" HPOS="679" VPOS="3036" WIDTH="25" />
<String CONTENT="front.," CS="1" HEIGHT="47" HPOS="705" VPOS="3036" WIDTH="164" />
<SP HEIGHT="46" HPOS="870" VPOS="3037" WIDTH="26" />
<String CONTENT="illus.," HEIGHT="46" HPOS="897" VPOS="3037" WIDTH="144" />
<SP HEIGHT="37" HPOS="1042" VPOS="3047" WIDTH="27" />
<String CONTENT="ports.," HEIGHT="46" HPOS="1070" VPOS="3038" WIDTH="163" />
<SP HEIGHT="45" HPOS="1234" VPOS="3038" WIDTH="29" />
<String CONTENT="diagr." HEIGHT="49" HPOS="1264" VPOS="3036" WIDTH="153" />
<SP HEIGHT="39" HPOS="1418" VPOS="3039" WIDTH="56" />
<String CONTENT="21&#189;cm." CS="1" HEIGHT="41" HPOS="1475" VPOS="3039" WIDTH="145" />
</TextLine>
<TextLine CS="1" HEIGHT="57" HPOS="156" STYLEREFS="StyleId-78562C7E-805C-4DEE-A033-5DCC0FB7BCEB-" VPOS="3091" WIDTH="1993">
<String CONTENT="&#169;" HEIGHT="52" HPOS="156" VPOS="3091" WIDTH="52" />
<SP HEIGHT="52" HPOS="209" VPOS="3091" WIDTH="26" />
<String CONTENT="Apr." HEIGHT="47" HPOS="236" VPOS="3096" WIDTH="114" />
<SP HEIGHT="39" HPOS="351" VPOS="3095" WIDTH="28" />
<String CONTENT="1," HEIGHT="47" HPOS="380" VPOS="3095" WIDTH="38" />
<SP HEIGHT="47" HPOS="419" VPOS="3095" WIDTH="28" />
<String CONTENT="1933;" CS="1" HEIGHT="41" HPOS="448" VPOS="3093" WIDTH="112" />
<SP HEIGHT="46" HPOS="589" VPOS="3094" WIDTH="28" />
<String CONTENT="2c." HEIGHT="39" HPOS="618" VPOS="3094" WIDTH="68" />
<SP HEIGHT="39" HPOS="687" VPOS="3094" WIDTH="27" />
<String CONTENT="Apr." HEIGHT="47" HPOS="715" VPOS="3094" WIDTH="113" />
<SP HEIGHT="39" HPOS="829" VPOS="3094" WIDTH="28" />
<String CONTENT="7;" CS="1" HEIGHT="39" HPOS="858" VPOS="3094" WIDTH="26" />
<SP HEIGHT="36" HPOS="911" VPOS="3104" WIDTH="31" />
<String CONTENT="aff." HEIGHT="41" HPOS="943" VPOS="3093" WIDTH="82" />
<SP HEIGHT="40" HPOS="1026" VPOS="3094" WIDTH="27" />
<String CONTENT="Apr." HEIGHT="47" HPOS="1054" VPOS="3094" WIDTH="113" />
<SP HEIGHT="37" HPOS="1168" VPOS="3095" WIDTH="28" />
<String CONTENT="4;" CS="1" HEIGHT="37" HPOS="1197" VPOS="3095" WIDTH="27" />
<SP HEIGHT="46" HPOS="1252" VPOS="3095" WIDTH="29" />
<String CONTENT="A" HEIGHT="38" HPOS="1282" VPOS="3095" WIDTH="41" />
<SP HEIGHT="39" HPOS="1324" VPOS="3095" WIDTH="27" />
<String CONTENT="61252;" CS="1" HEIGHT="40" HPOS="1352" VPOS="3094" WIDTH="142" />
<SP HEIGHT="45" HPOS="1523" VPOS="3097" WIDTH="31" />
<String CONTENT="Iroquois" HEIGHT="48" HPOS="1555" VPOS="3096" WIDTH="221" />
<SP HEIGHT="38" HPOS="1777" VPOS="3108" WIDTH="29" />
<String CONTENT="pub." HEIGHT="47" HPOS="1807" VPOS="3099" WIDTH="109" />
<SP HEIGHT="30" HPOS="1917" VPOS="3109" WIDTH="29" />
<String CONTENT="co.," HEIGHT="39" HPOS="1947" VPOS="3109" WIDTH="82" />
<SP HEIGHT="48" HPOS="2030" VPOS="3100" WIDTH="28" />
<String CONTENT="inc." HEIGHT="43" HPOS="2059" VPOS="3100" WIDTH="90" />
</TextLine>
<TextLine HEIGHT="64" HPOS="151" VPOS="3214" WIDTH="373">
<String CONTENT="Cole," HEIGHT="64" HPOS="151" VPOS="3214" WIDTH="151" />
<SP HEIGHT="64" HPOS="303" VPOS="3214" WIDTH="28" />
<String CONTENT="Anna." HEIGHT="55" HPOS="332" VPOS="3214" WIDTH="192" />
</TextLine>
<TextLine CS="1" HEIGHT="75" HPOS="221" VPOS="3287" WIDTH="1923">
<String CONTENT="Methodism" HEIGHT="55" HPOS="221" VPOS="3288" WIDTH="345" />
<SP HEIGHT="52" HPOS="567" VPOS="3289" WIDTH="37" />
<String CONTENT="in" HEIGHT="52" HPOS="605" VPOS="3289" WIDTH="60" />
<SP HEIGHT="34" HPOS="666" VPOS="3306" WIDTH="37" />
<String CONTENT="old" HEIGHT="56" HPOS="704" VPOS="3287" WIDTH="96" />
<SP HEIGHT="56" HPOS="801" VPOS="3287" WIDTH="35" />
<String CONTENT="Waverly" HEIGHT="69" HPOS="837" VPOS="3287" WIDTH="270" />
<SP HEIGHT="49" HPOS="1108" VPOS="3307" WIDTH="41" />
<String CONTENT="and" HEIGHT="52" HPOS="1150" VPOS="3289" WIDTH="111" />
<SP HEIGHT="54" HPOS="1262" VPOS="3289" WIDTH="37" />
<String CONTENT="its" HEIGHT="53" HPOS="1300" VPOS="3290" WIDTH="76" />
<SP HEIGHT="34" HPOS="1377" VPOS="3308" WIDTH="37" />
<String CONTENT="environment," HEIGHT="70" HPOS="1415" VPOS="3292" WIDTH="408" />
<SP HEIGHT="68" HPOS="1824" VPOS="3294" WIDTH="40" />
<String CONTENT="by" CS="1" HEIGHT="52" HPOS="1865" VPOS="3294" WIDTH="34" />
<SP HEIGHT="51" HPOS="1940" VPOS="3296" WIDTH="36" />
<String CONTENT="Anna" HEIGHT="55" HPOS="1977" VPOS="3296" WIDTH="167" />
</TextLine>
<TextLine HEIGHT="75" HPOS="153" VPOS="3364" WIDTH="1826">
<String CONTENT="Cole." HEIGHT="56" HPOS="153" VPOS="3368" WIDTH="151" />
<SP HEIGHT="34" HPOS="305" VPOS="3401" WIDTH="71" />
<String CONTENT="[Baltimore," HEIGHT="71" HPOS="377" VPOS="3364" WIDTH="348" />
<SP HEIGHT="68" HPOS="726" VPOS="3365" WIDTH="29" />
<String CONTENT="Press" HEIGHT="53" HPOS="756" VPOS="3365" WIDTH="166" />
<SP HEIGHT="33" HPOS="923" VPOS="3385" WIDTH="27" />
<String CONTENT="of" HEIGHT="53" HPOS="951" VPOS="3365" WIDTH="62" />
<SP HEIGHT="52" HPOS="1014" VPOS="3365" WIDTH="28" />
<String CONTENT="Day" HEIGHT="68" HPOS="1043" VPOS="3366" WIDTH="130" />
<SP HEIGHT="51" HPOS="1174" VPOS="3383" WIDTH="28" />
<String CONTENT="printing" HEIGHT="70" HPOS="1203" VPOS="3365" WIDTH="262" />
<SP HEIGHT="51" HPOS="1466" VPOS="3384" WIDTH="30" />
<String CONTENT="company]" HEIGHT="53" HPOS="1497" VPOS="3386" WIDTH="294" />
<SP HEIGHT="64" HPOS="1792" VPOS="3375" WIDTH="37" />
<String CONTENT="1933." HEIGHT="53" HPOS="1830" VPOS="3375" WIDTH="149" />
</TextLine>
<TextLine CS="1" HEIGHT="51" HPOS="223" STYLEREFS="StyleId-78562C7E-805C-4DEE-A033-5DCC0FB7BCEB-" VPOS="3436" WIDTH="1415">
<String CONTENT="5" HEIGHT="40" HPOS="223" VPOS="3438" WIDTH="25" />
<SP HEIGHT="48" HPOS="249" VPOS="3438" WIDTH="24" />
<String CONTENT="p." HEIGHT="37" HPOS="274" VPOS="3449" WIDTH="43" />
<SP HEIGHT="39" HPOS="318" VPOS="3438" WIDTH="23" />
<String CONTENT="l.," CS="1" HEIGHT="17" HPOS="365" VPOS="3469" WIDTH="23" />
<SP HEIGHT="29" HPOS="389" VPOS="3458" WIDTH="30" />
<String CONTENT="[9]-107" HEIGHT="51" HPOS="420" VPOS="3436" WIDTH="173" />
<SP HEIGHT="47" HPOS="594" VPOS="3438" WIDTH="24" />
<String CONTENT="p." HEIGHT="37" HPOS="619" VPOS="3448" WIDTH="43" />
<SP HEIGHT="37" HPOS="663" VPOS="3448" WIDTH="54" />
<String CONTENT="plates," HEIGHT="49" HPOS="718" VPOS="3436" WIDTH="172" />
<SP HEIGHT="47" HPOS="891" VPOS="3438" WIDTH="25" />
<String CONTENT="2" HEIGHT="38" HPOS="917" VPOS="3438" WIDTH="26" />
<SP HEIGHT="47" HPOS="944" VPOS="3438" WIDTH="24" />
<String CONTENT="port," HEIGHT="47" HPOS="969" VPOS="3438" WIDTH="122" />
<SP HEIGHT="47" HPOS="1092" VPOS="3438" WIDTH="27" />
<String CONTENT="(incl." CS="1" HEIGHT="47" HPOS="1120" VPOS="3438" WIDTH="14" />
<SP HEIGHT="40" HPOS="1254" VPOS="3438" WIDTH="27" />
<String CONTENT="front.)" HEIGHT="48" HPOS="1282" VPOS="3438" WIDTH="175" />
<SP HEIGHT="46" HPOS="1458" VPOS="3440" WIDTH="64" />
<String CONTENT="22cm." CS="1" HEIGHT="42" HPOS="1523" VPOS="3442" WIDTH="115" />
</TextLine>
<TextLine CS="1" HEIGHT="57" HPOS="157" STYLEREFS="StyleId-78562C7E-805C-4DEE-A033-5DCC0FB7BCEB-" VPOS="3495" WIDTH="1979">
<String CONTENT="&#169;" HEIGHT="52" HPOS="157" VPOS="3495" WIDTH="52" />
<SP HEIGHT="52" HPOS="210" VPOS="3495" WIDTH="25" />
<String CONTENT="Mar." HEIGHT="39" HPOS="236" VPOS="3499" WIDTH="122" />
<SP HEIGHT="39" HPOS="359" VPOS="3499" WIDTH="24" />
<String CONTENT="14," HEIGHT="45" HPOS="384" VPOS="3499" WIDTH="67" />
<SP HEIGHT="46" HPOS="452" VPOS="3498" WIDTH="25" />
<String CONTENT="1933;" CS="1" HEIGHT="41" HPOS="478" VPOS="3496" WIDTH="112" />
<SP HEIGHT="47" HPOS="619" VPOS="3497" WIDTH="25" />
<String CONTENT="2c." HEIGHT="41" HPOS="645" VPOS="3497" WIDTH="68" />
<SP HEIGHT="40" HPOS="714" VPOS="3498" WIDTH="25" />
<String CONTENT="Mar." HEIGHT="39" HPOS="740" VPOS="3498" WIDTH="122" />
<SP HEIGHT="40" HPOS="863" VPOS="3497" WIDTH="23" />
<String CONTENT="15;" CS="1" HEIGHT="39" HPOS="887" VPOS="3497" WIDTH="55" />
<SP HEIGHT="37" HPOS="970" VPOS="3507" WIDTH="26" />
<String CONTENT="aff." HEIGHT="41" HPOS="997" VPOS="3496" WIDTH="83" />
<SP HEIGHT="39" HPOS="1081" VPOS="3498" WIDTH="25" />
<String CONTENT="Mar." HEIGHT="39" HPOS="1107" VPOS="3498" WIDTH="121" />
<SP HEIGHT="38" HPOS="1229" VPOS="3499" WIDTH="25" />
<String CONTENT="22;" HEIGHT="47" HPOS="1255" VPOS="3498" WIDTH="83" />
<SP HEIGHT="45" HPOS="1339" VPOS="3500" WIDTH="27" />
<String CONTENT="A" HEIGHT="38" HPOS="1367" VPOS="3500" WIDTH="41" />
<SP HEIGHT="40" HPOS="1409" VPOS="3499" WIDTH="22" />
<String CONTENT="60755;" CS="1" HEIGHT="41" HPOS="1432" VPOS="3499" WIDTH="144" />
<SP HEIGHT="45" HPOS="1604" VPOS="3502" WIDTH="27" />
<String CONTENT="A.," HEIGHT="39" HPOS="1632" VPOS="3502" WIDTH="58" />
<SP HEIGHT="41" HPOS="1691" VPOS="3502" WIDTH="23" />
<String CONTENT="Cole," HEIGHT="50" HPOS="1715" VPOS="3502" WIDTH="125" />
<SP HEIGHT="47" HPOS="1841" VPOS="3505" WIDTH="27" />
<String CONTENT="Baltimore" HEIGHT="42" HPOS="1869" VPOS="3505" WIDTH="267" />
</TextLine>
<TextLine HEIGHT="49" HPOS="235" STYLEREFS="StyleId-78562C7E-805C-4DEE-A033-5DCC0FB7BCEB-" VPOS="3554" WIDTH="250">
<String CONTENT="(33-8761)" HEIGHT="49" HPOS="235" VPOS="3554" WIDTH="250" />
</TextLine>
<TextLine HEIGHT="82" HPOS="152" VPOS="3652" WIDTH="1994">
<String CONTENT="Colorado" HEIGHT="55" HPOS="152" VPOS="3655" WIDTH="286" />
<SP HEIGHT="36" HPOS="439" VPOS="3674" WIDTH="39" />
<String CONTENT="and" HEIGHT="52" HPOS="479" VPOS="3657" WIDTH="111" />
<SP HEIGHT="52" HPOS="591" VPOS="3657" WIDTH="45" />
<String CONTENT="Pacific" HEIGHT="57" HPOS="637" VPOS="3652" WIDTH="211" />
<SP HEIGHT="53" HPOS="849" VPOS="3656" WIDTH="45" />
<String CONTENT="digest," HEIGHT="70" HPOS="895" VPOS="3654" WIDTH="202" />
<SP HEIGHT="45" HPOS="1098" VPOS="3679" WIDTH="44" />
<String CONTENT="covering" HEIGHT="70" HPOS="1143" VPOS="3656" WIDTH="269" />
<SP HEIGHT="51" HPOS="1413" VPOS="3675" WIDTH="42" />
<String CONTENT="all" HEIGHT="52" HPOS="1456" VPOS="3659" WIDTH="77" />
<SP HEIGHT="53" HPOS="1534" VPOS="3660" WIDTH="45" />
<String CONTENT="cases" HEIGHT="36" HPOS="1580" VPOS="3680" WIDTH="150" />
<SP HEIGHT="33" HPOS="1731" VPOS="3683" WIDTH="43" />
<String CONTENT="reported" HEIGHT="65" HPOS="1775" VPOS="3669" WIDTH="265" />
<SP HEIGHT="52" HPOS="2041" VPOS="3668" WIDTH="45" />
<String CONTENT="in" HEIGHT="52" HPOS="2087" VPOS="3668" WIDTH="59" />
</TextLine>
<TextLine CS="1" HEIGHT="77" HPOS="223" VPOS="3734" WIDTH="1924">
<String CONTENT="Colorado" HEIGHT="57" HPOS="223" VPOS="3734" WIDTH="282" />
<SP HEIGHT="35" HPOS="506" VPOS="3753" WIDTH="62" />
<String CONTENT="reports," HEIGHT="63" HPOS="569" VPOS="3738" WIDTH="240" />
<SP HEIGHT="63" HPOS="810" VPOS="3738" WIDTH="65" />
<String CONTENT="1864-1931;" CS="1" HEIGHT="51" HPOS="876" VPOS="3736" WIDTH="307" />
<SP HEIGHT="65" HPOS="1213" VPOS="3737" WIDTH="67" />
<String CONTENT="Pacific" HEIGHT="58" HPOS="1281" VPOS="3735" WIDTH="210" />
<SP HEIGHT="35" HPOS="1492" VPOS="3758" WIDTH="65" />
<String CONTENT="reporter," HEIGHT="65" HPOS="1558" VPOS="3746" WIDTH="273" />
<SP HEIGHT="48" HPOS="1832" VPOS="3763" WIDTH="62" />
<String CONTENT="volumes" HEIGHT="53" HPOS="1895" VPOS="3748" WIDTH="252" />
</TextLine>
<TextLine HEIGHT="74" HPOS="225" VPOS="3811" WIDTH="1923">
<String CONTENT="1-300," HEIGHT="66" HPOS="225" VPOS="3816" WIDTH="186" />
<SP HEIGHT="50" HPOS="412" VPOS="3832" WIDTH="30" />
<String CONTENT="and" HEIGHT="51" HPOS="443" VPOS="3814" WIDTH="111" />
<SP HEIGHT="51" HPOS="555" VPOS="3814" WIDTH="31" />
<String CONTENT="all" HEIGHT="50" HPOS="587" VPOS="3814" WIDTH="76" />
<SP HEIGHT="52" HPOS="664" VPOS="3814" WIDTH="29" />
<String CONTENT="of" HEIGHT="54" HPOS="694" VPOS="3812" WIDTH="64" />
<SP HEIGHT="52" HPOS="759" VPOS="3812" WIDTH="25" />
<String CONTENT="the" HEIGHT="52" HPOS="785" VPOS="3813" WIDTH="95" />
<SP HEIGHT="53" HPOS="881" VPOS="3815" WIDTH="29" />
<String CONTENT="Pacific" HEIGHT="57" HPOS="911" VPOS="3811" WIDTH="211" />
<SP HEIGHT="34" HPOS="1123" VPOS="3832" WIDTH="29" />
<String CONTENT="states" HEIGHT="51" HPOS="1153" VPOS="3817" WIDTH="173" />
<SP HEIGHT="34" HPOS="1327" VPOS="3834" WIDTH="28" />
<String CONTENT="reports" HEIGHT="63" HPOS="1356" VPOS="3822" WIDTH="223" />
<SP HEIGHT="53" HPOS="1580" VPOS="3819" WIDTH="28" />
<String CONTENT="from" HEIGHT="55" HPOS="1609" VPOS="3819" WIDTH="153" />
<SP HEIGHT="49" HPOS="1763" VPOS="3827" WIDTH="30" />
<String CONTENT="the" HEIGHT="53" HPOS="1794" VPOS="3824" WIDTH="96" />
<SP HEIGHT="35" HPOS="1891" VPOS="3843" WIDTH="28" />
<String CONTENT="earliest" HEIGHT="56" HPOS="1920" VPOS="3826" WIDTH="228" />
</TextLine>
<TextLine CS="1" HEIGHT="74" HPOS="221" VPOS="3891" WIDTH="1926">
<String CONTENT="times" HEIGHT="53" HPOS="221" VPOS="3894" WIDTH="165" />
<SP HEIGHT="33" HPOS="387" VPOS="3914" WIDTH="37" />
<String CONTENT="&#8230;" CS="1" />
<SP HEIGHT="54" HPOS="482" VPOS="3891" WIDTH="78" />
<String CONTENT="Compiled" HEIGHT="69" HPOS="561" VPOS="3891" WIDTH="300" />
<SP HEIGHT="53" HPOS="862" VPOS="3892" WIDTH="34" />
<String CONTENT="and" HEIGHT="51" HPOS="897" VPOS="3894" WIDTH="111" />
<SP HEIGHT="52" HPOS="1009" VPOS="3894" WIDTH="36" />
<String CONTENT="edited" HEIGHT="54" HPOS="1046" VPOS="3892" WIDTH="187" />
<SP HEIGHT="52" HPOS="1234" VPOS="3894" WIDTH="33" />
<String CONTENT="by" HEIGHT="69" HPOS="1268" VPOS="3894" WIDTH="77" />
<SP HEIGHT="63" HPOS="1346" VPOS="3900" WIDTH="30" />
<String CONTENT="the" HEIGHT="54" HPOS="1377" VPOS="3896" WIDTH="97" />
<SP HEIGHT="50" HPOS="1475" VPOS="3915" WIDTH="31" />
<String CONTENT="publisher&#8217;s" HEIGHT="66" HPOS="1507" VPOS="3899" WIDTH="339" />
<SP HEIGHT="34" HPOS="1847" VPOS="3922" WIDTH="33" />
<String CONTENT="editorial" HEIGHT="57" HPOS="1881" VPOS="3904" WIDTH="266" />
</TextLine>
<TextLine CS="1" HEIGHT="80" HPOS="221" VPOS="3968" WIDTH="1683">
<String CONTENT="staff." HEIGHT="56" HPOS="221" VPOS="3969" WIDTH="150" />
<SP HEIGHT="36" HPOS="372" VPOS="3987" WIDTH="73" />
<String CONTENT="v." CS="1" HEIGHT="11" HPOS="487" VPOS="4013" WIDTH="11" />
<SP HEIGHT="51" HPOS="499" VPOS="3973" WIDTH="25" />
<String CONTENT="35-37." HEIGHT="55" HPOS="525" VPOS="3968" WIDTH="187" />
<SP HEIGHT="56" HPOS="713" VPOS="3969" WIDTH="75" />
<String CONTENT="St." HEIGHT="56" HPOS="789" VPOS="3969" WIDTH="83" />
<SP HEIGHT="53" HPOS="873" VPOS="3972" WIDTH="27" />
<String CONTENT="Paul," HEIGHT="67" HPOS="901" VPOS="3972" WIDTH="166" />
<SP HEIGHT="65" HPOS="1068" VPOS="3974" WIDTH="24" />
<String CONTENT="West" HEIGHT="55" HPOS="1093" VPOS="3974" WIDTH="163" />
<SP HEIGHT="64" HPOS="1257" VPOS="3977" WIDTH="23" />
<String CONTENT="publishing" HEIGHT="69" HPOS="1281" VPOS="3974" WIDTH="337" />
<SP HEIGHT="47" HPOS="1619" VPOS="3996" WIDTH="25" />
<String CONTENT="co.," HEIGHT="52" HPOS="1645" VPOS="3996" WIDTH="97" />
<SP HEIGHT="64" HPOS="1743" VPOS="3984" WIDTH="27" />
<String CONTENT="1933." CS="1" HEIGHT="53" HPOS="1771" VPOS="3984" WIDTH="133" />
</TextLine>
</TextBlock>
</PrintSpace>
</Page>
</Layout>
</alto>