2540 4453
1110 4101 101 49 325

151 539 196 68 Albee,
393 538 209 52 Esther
646 536 90 54 W.
785 536 189 66 Bates,
1020 533 354 70 Wladyslaw
1421 533 295 54 Theodore
1764 532 200 53 Benda
2036 530 114 54 [and

152 608 1998 75 others] … with many full page plates in colour and halftone.
152 693 139 54 New
328 692 180 67 York,
545 689 441 70 Encyclopaedia
1021 688 341 68 britannica,
1399 688 138 68 inc.;
1576 688 260 67 London,

153 687 1972 152 The Encyclopaedia britannica co., ltd. [ c 1933]
223 836 1928 57 xp.,1 l., 94 p. col. front., illus., plates (part col.) 28 cm . (Britannica
154 901 193 41 booklet
371 912 74 29 no.
475 902 50 47 7)

224 958 224 40 Includes
481 955 390 49 bibliographies.

158 1010 51 53 ©
234 1016 123 40 Mar.
380 1015 68 46 14,
473 1014 112 40 1933;
638 1013 66 40 2c.
729 1014 96 39 and
849 1011 82 41 aff.
956 1013 122 39 Mar.
1102 1011 55 40 15;
1211 1011 40 38 A
1275 1009 141 42 59891;
1473 1010 364 49 Encyclopaedia
1863 1006 290 52 britannica,

225 1071 91 41 inc.
387 1072 250 48 (33-6650)

152 1145 205 65 Engel,
389 1143 323 67 Friedrich,
745 1149 171 49 1861-

222 1224 108 53 Die
376 1222 233 53 Liesche
656 1221 216 53 theorie
921 1222 100 52 der
1068 1220 304 69 partiellen
1422 1217 731 72 differentialgleichungen

152 1298 2000 71 ersten ordnung, vorlesungen von F riedrich Engel … bearbeitet
153 1398 111 34 von
288 1381 84 52 dr.
400 1381 148 51 Karl
574 1380 202 52 Faber.
850 1378 240 70 Leipzig
1114 1379 118 52 und
1259 1379 216 66 Berlin,
1503 1381 67 50 B.
1598 1378 68 55 G.
1693 1379 278 67 Teubner,
2001 1381 151 49 1932.

226 1454 64 48 xi,
321 1455 86 39 367
436 1464 45 37 p.
538 1453 56 40 23
598 1455 43 21 cm
647 1485 9 9 .

161 1507 1772 51 © Feb. 4, 1932; 1c. Apr. 13; A-Foreign 16440; B. G. Teubner.
239 1567 63 48 (A
319 1567 198 47 32-834)

159 1635 311 64 Fairburn,
501 1634 256 55 William
787 1634 364 64 Armstrong

228 1711 347 68 Protection,
626 1711 369 69 adjustment,
1045 1712 233 54 balance
1331 1711 112 54 and
1497 1711 344 68 prosperity.
1931 1710 220 56 Second

157 1788 280 70 printing,
466 1790 140 53 with
638 1790 289 53 additions
959 1791 113 52 and
1103 1790 398 53 elaborations.
1570 1791 90 64 By
1690 1789 261 54 William
155 1790 1973 145 Armstrong
391 1866 309 53 Fairburn.
769 1866 140 55 New
945 1867 180 68 York,
1162 1867 216 54 Nation
1416 1886 156 48 press
1609 1866 264 68 printing
1909 1886 97 48 co.,
2042 1867 110 53 inc.

177 1948 175 65 [ c 1933]
231 2016 526 50 2 p. l., 76 p. 21½ cm .
163 2070 51 52 ©
245 2075 109 40 Feb.
386 2076 40 47 1,
456 2074 114 41 1933;
629 2074 68 41 2c.
728 2076 95 38 and
854 2074 80 40 aff.
968 2074 111 41 Feb.
1110 2075 54 38 11;
1225 2074 40 39 A
1296 2073 143 42 60237;
1501 2076 73 39 W.
1604 2074 56 41 A.
1691 2074 257 48 Fairburn,
1982 2074 175 41 Center

229 2132 177 47 Lovell,
439 2133 89 38 Me.
599 2132 251 47 (33-6547)

155 2203 354 67 Fitzgerald,
538 2206 85 52 La
651 2205 195 54 Yerne
875 2204 264 56 Harriet.

159 2281 1970 132 … Black Feather, Trapper Jim’s fables of Sheepeater Indians in the
562 2361 401 52 Yellowstone.
1025 2360 297 67 Caldwell,
1349 2361 108 65 Id.,
1484 2361 121 52 The
1633 2360 225 55 Caxton
1887 2361 268 68 printers,

155 2437 123 67 ltd.,
310 2441 151 50 1933.

234 2509 934 49 193 p., 1 l. incl. front., illus. 20 cm .
233 2566 288 42 Illustrated
556 2566 363 51 lining-papers.

165 2620 51 52 ©
245 2626 119 38 Mar.
393 2625 68 46 15,
489 2623 112 41 1933;
658 2624 66 40 2c.
753 2626 96 38 and
877 2624 82 42 aff.
988 2625 121 39 Mar.
1137 2624 55 39 22;
1251 2625 40 38 A
1318 2625 143 40 61034;
1519 2625 51 41 L.
1598 2626 59 39 H.
1689 2624 290 49 Fitzgerald,
2010 2626 150 41 Great

233 2681 146 48 Falls,
411 2683 148 38 Mont.
631 2680 250 51 (33-7359)

162 2754 241 65 France,
433 2755 238 64 Hector,
705 2759 325 53 1840-1908.

293 2830 1863 70 … The amatory adventures of Sheik Mansour, a master of
161 2907 93 51 the
283 2914 89 48 art
399 2908 63 54 of
489 2911 154 65 love;
673 2910 325 53 illustrated
1026 2912 75 66 by
1129 2912 186 66 Esaye
1342 2911 250 53 Rabkin.
1653 2912 140 53 New
1824 2912 177 67 York,
161 2913 1993 125 Jul-Mar
320 3005 173 49 press,
522 2989 153 51 1932.

235 3057 949 53 3 p. l., 5-248, [1] p. plates. 24½ cm .
237 3115 995 51 At head of title: By Hector France …
240 3170 1921 54 “This edition … is limited to 1000 copies of which this is number
166 3230 297 50 copyright.”

169 3283 51 52 ©
249 3288 111 40 Dec.
387 3288 69 48 17,
484 3286 113 41 1932;
653 3287 69 42 2c.
750 3288 109 40 Feb.
888 3289 68 47 15,
985 3288 112 40 1933;
1157 3288 82 40 aff.
1268 3290 120 39 Mar.
1418 3290 25 40 8;
1500 3290 40 38 A
1569 3289 146 41 59876;
1771 3292 212 41 Jul-Mar
2012 3304 150 38 press.

247 3344 250 49 (33-6687)

167 3417 344 66 Frankfort,
544 3419 204 64 Henri,
783 3419 171 55 1897-

296 3496 1864 69 … Tell Asmar and Khafaje; the 1st season’s work in
165 3575 332 67 Eshnunna,
530 3578 253 61 1930/31.
860 3576 90 67 By
979 3576 185 52 Henri
1197 3576 339 69 Frankfort,
1567 3578 284 54 Thorkild
1880 3581 281 55 Jacobsen

167 3653 112 51 and
317 3653 229 54 Conrad
580 3656 286 50 Preusser.
943 3654 269 69 Chicago,
1249 3656 112 67 Ill.,
1397 3656 121 53 The
1553 3656 337 71 University
1925 3660 63 53 of
166 3660 1970 139 Chicago
335 3750 156 49 press
526 3734 172 64 [1932]

241 3804 1914 57 viii p., 1 l., 112 p. front., illus., maps (1 fold.) plans (part fold.)
171 3861 179 48 diagrs.
379 3861 46 48 (1
465 3861 142 49 fold.)
681 3861 55 41 24½
769 3865 43 21 cm
819 3895 7 7 .
903 3862 125 50 (The
1065 3862 218 41 Oriental
1323 3864 228 42 institute
1587 3866 52 39 of
1676 3866 80 40 the
1795 3868 280 51 University
2115 3872 51 40 of

172 3918 207 48 Chicago
451 3919 220 40 Oriental
698 3920 225 39 institute
951 3919 446 50 communications,
1425 3932 73 30 no.
1527 3922 80 47 13)

175 3970 51 51 ©
254 3975 118 39 Nov.
399 3975 68 46 15,
495 3975 140 47 1932;
664 3976 66 40 2c.
760 3977 95 39 and
883 3975 81 41 aff.
994 3977 110 41 Jan.
1130 3978 68 46 27,
1228 3976 140 49 1933;
1398 3979 40 39 A
1465 3978 169 49 59409;
1667 3981 281 49 University
1978 3983 53 40 of
243 3983 1904 96 Chicago,
404 4030 221 50 Chicago.
696 4032 249 48 (33-6601)
