2582 4453
1394 4108 105 56 780

424 415 531 68 Collison-Morley,
983 419 179 65 Lacy,
1196 421 172 53 1875-

497 498 123 53 The
668 502 160 64 story
875 497 66 52 of
989 497 96 54 the
1135 495 265 71 Borgias,
1447 496 75 71 by
1571 497 65 54 L.
1688 494 526 71 Collison-Morley.
2308 495 138 54 New

433 576 177 68 York,
636 575 68 54 E.
732 577 65 52 P.
826 576 225 54 Dutton
1079 577 112 52 and
1221 593 300 52 company,
1549 576 107 54 inc.
1731 577 153 66 [c1933]

533 683 10 15 x,
570 651 89 42 329
683 662 43 38 p.
787 651 166 49 front.,
981 662 79 39 pl.,
1087 653 150 48 ports.
1297 651 120 41 22cm.

499 709 165 42 “First
692 708 229 43 edition.”

498 766 380 50 Bibliography:
910 778 44 39 p.
982 767 221 41 319-322.

433 822 53 53 ©
516 828 117 47 May
658 825 69 48 19,
757 826 115 41 1933;
929 827 68 40 2c.
1028 827 95 40 and
1153 826 83 42 aff.
1266 827 115 47 May
1409 826 55 41 23;
1523 826 41 39 A
1593 825 145 42 61893;
1797 828 53 39 E.
1881 827 51 40 P.
1962 828 189 39 Dutton
2180 827 37 40 &
2245 838 82 36 eo.,
2358 827 91 40 inc.

511 884 283 49 (33-13880)

427 985 329 68 Cronbach,
784 987 329 67 Abraham,
1146 993 173 50 1882-

501 1065 271 71 Religion
811 1066 115 54 and
964 1066 74 55 its
1077 1066 174 55 social
1291 1066 232 70 setting,
1561 1068 262 69 together
1862 1065 143 54 with
2044 1066 163 54 other
2246 1084 208 52 essays,

428 1144 77 71 by
532 1145 302 54 Abraham
865 1145 320 56 Cronbach.
1262 1145 351 69 Cincinnati,
1644 1146 122 53 The
1798 1144 192 57 Social
2020 1163 176 52 press,
2228 1148 152 51 1933.

607 1253 9 17 xxx,
647 1221 88 42 255
765 1232 44 39 p.
870 1223 124 48 port.
1054 1221 149 43 23½cm.

502 1282 64 40 M.
598 1282 63 41 M.
692 1281 171 48 Weitz,
893 1279 270 49 chairman,
1196 1279 290 43 Committee
1515 1291 61 30 on
1607 1281 83 40 the
1720 1279 254 42 Cronbach
2005 1277 324 51 anniversary
431 1280 2002 100 volume.
616 1338 63 49 cf.
705 1350 45 38 p.
780 1339 64 51 [ii]

505 1394 1949 52 “The essays … were printed … to celebrate the tenth anniversary of
484 1451 1968 55 … [Dr. Cronbach’sj service at the Hebrew union college.”—Foreword,
432 1524 44 38 p.
502 1512 153 42 xxvii.

505 1571 227 41 Includes
761 1570 397 49 bibliographies.

437 1625 53 53 ©
521 1631 122 39 Mar.
674 1629 71 47 31,
777 1628 115 42 1933;
952 1629 66 40 2c.
1050 1628 115 48 Apr.
1195 1629 28 39 4:
1283 1628 84 40 aff.
1399 1629 114 47 Apr.
1545 1629 57 39 24;
1661 1629 41 39 A
1734 1629 144 40 61505;
1943 1629 160 41 Social
2134 1639 152 40 press.

519 1687 283 49 (33-13891)

430 1791 171 63 Dart,
630 1790 320 67 Benjamin
977 1791 169 64 Wall,
1174 1792 85 53 ed.

431 1869 2023 152 … Constitutions of the state of Louisiana, edited and annotated by Benjamin Wall Dart … assisted by the publishers’
431 2028 270 54 editorial
742 2027 153 56 staff.
1001 2033 134 49 [1933
1179 2031 348 53 cumulative
1571 2033 212 51 annual
1828 2031 207 70 pocket
2074 2033 379 68 supplement.

431 2110 423 68 Indianapolis]
891 2111 123 53 The
1048 2110 449 54 Bobbs-Merrill
1532 2130 300 52 company,
1866 2115 176 50 c1933.

508 2186 288 47 cover-title,
825 2186 58 40 30
913 2197 42 37 p.
1015 2186 147 40 25½cm.

509 2243 119 41 This
652 2244 250 48 pamphlet
927 2243 44 42 is
995 2246 48 38 to
1069 2244 55 40 be
1149 2243 139 41 fitted
1314 2244 104 40 into
1443 2245 83 39 the
1550 2243 173 49 pocket
1749 2247 52 38 at
1826 2245 85 40 the
1933 2244 123 40 back
2081 2244 53 41 of
2159 2243 85 41 the
2267 2244 192 41 volume

435 2303 49 38 to
513 2300 160 42 which
700 2300 40 43 it
768 2301 213 49 belongs.

442 2354 2000 103 © May 24, 1933; 1c. June 16; 1c. and aff. July 1; A 64216; Bobbs-Merrill co.
433 2520 244 67 Denbie,
707 2523 215 64 Roger,
950 2523 197 68 pseud.

507 2598 187 54 Death
716 2617 70 34 on
808 2598 96 55 the
928 2598 269 70 Limited,
1221 2598 71 71 by
1317 2599 191 69 Roger
1530 2598 233 55 Denbie.
1823 2598 138 54 New
1987 2596 179 70 York,
2188 2597 88 54 W.
439 2597 1994 132 Morrow
587 2678 46 51 &
659 2695 298 52 company,
988 2680 150 50 1933.

511 2748 89 41 viii
626 2760 59 38 p.,
712 2749 26 40 1
787 2780 23 17 l.,
838 2750 87 41 277
950 2761 43 38 p.
1049 2750 146 41 19½cm.

444 2805 53 53 ©
530 2811 116 47 May
676 2811 70 47 24,
807 2810 86 41 1933;
955 2811 67 40 2c.
1057 2812 96 39 and
1186 2810 83 41 aff.
1303 2812 115 47 May
1450 2811 60 40 26;
1569 2811 41 39 A
1643 2810 145 42 62785;
1850 2810 128 41 Alan
2010 2811 129 39 Baer
2174 2809 156 41 Green
2364 2808 97 40 and

512 2867 171 41 Julian
714 2869 124 40 Paul
872 2868 192 47 Brodie,
1098 2869 118 40 New
1246 2869 147 40 York.
1467 2868 284 48 (33-13643)

436 2971 254 68 Duboin,
722 2975 275 66 Jacques,
1033 2980 172 50 1898-

575 3051 1880 71 … Nous faisons fausse route; préface de m. Joseph Caillaux.
439 3119 1007 82 Paris, Éditions des portiques [c1932]
513 3201 780 53 3 p. l., [9]-183 p., 2 l. 18 ½ cm.
441 3259 2017 61 © July 10, 1932; 1c. Sept. 30; A- Foreign 18167; Éditions des portiques.
522 3327 284 48 (33-13502)

438 3429 224 69 Düker,
692 3431 307 67 Heinrich,
1034 3438 171 50 1898-

511 3507 482 72 Psychologische
1018 3511 502 69 Untersuchungen
1542 3511 140 53 über
1706 3511 145 53 freie
1874 3509 119 53 und
2016 3506 442 70 zwangsläufige

443 3586 2015 148 arbeit, experimentelle beiträge zur willens- und arbeitspsy-chologie, von Heinrich Düker … mit 20 abbildungen und 43
442 3741 249 56 tabellen
723 3744 81 54 im
836 3750 138 49 text.
1042 3743 260 71 Leipzig,
1333 3746 58 55 J.
1423 3745 72 54 A.
1528 3745 205 66 Barth,
1766 3747 154 52 1931.

551 3816 1912 53 x p., 1 l., 160 p. illus., diagrs. 24cm. (Added t.-p.: Zeitschrift für
445 3872 2017 54 psychologie und physiologie der Sinnesorgane … 1. abt.: Zeitschrift für
443 3930 1020 52 psychologie … Ergänzungsband 20)
447 3985 2000 112 © Sept. 10, 1931; 1c. June 28, 1932; A -Foreign 17271; Johann Ambrosius Barth. (33-13491)
