2582 4453
1390 4106 100 49 942

434 508 253 64 capture.
763 505 85 51 To
877 504 186 53 which
1094 505 47 52 is
1170 504 186 53 added
1387 524 31 34 a
1444 503 96 54 list
1570 503 64 54 of
1661 506 95 53 the
1783 505 339 52 Arachnida
2151 505 113 52 and
2294 505 161 52 other

432 583 2026 68 non-marine forms. Parts II, III and IV bound herewith. From
434 664 97 52 the
566 665 332 67 laboratory
936 664 63 52 of
1036 664 97 53 the
1172 664 322 68 Biological
1532 681 205 49 survey
1777 664 62 51 of
1875 665 96 52 the
2008 665 209 52 Mount
2251 666 208 51 Desert

433 744 216 68 region,
681 741 270 71 Corfield,
978 746 119 50 Bar
1125 744 254 67 Harbor,
1408 744 211 52 Maine.
1696 744 432 69 Philadelphia,
2157 745 123 52 The
2306 744 149 56 Wis-

433 829 91 47 tar
552 821 265 56 institute
847 823 61 52 of
939 829 271 63 anatomy
1240 823 112 52 and
1380 822 251 70 biology,
1663 826 150 50 1933.

507 900 27 38 4
562 900 65 46 pt.
655 898 50 39 in
733 899 22 38 1
786 910 42 27 v.
884 899 144 40 illus..
1058 899 172 46 plates,
1258 908 153 37 maps,
1441 898 170 47 tables,
1674 898 147 48 diagrs.
1877 897 60 40 26
1937 900 15 20 cm
1987 929 9 8 .

440 951 2019 53 © Apr. 25. 1933: 2c. May 10; aff. May 8; A 61786; William Procter,
512 1014 100 39 Bar
642 1014 210 47 Harbor,
882 1014 92 39 Me.
1055 1008 53 53 [©
1136 1015 114 46 part
1311 1032 11 30 v]

433 1117 326 66 Redmond,
787 1119 147 53 Paul
962 1117 175 64 John,
1169 1124 173 49 1901-

435 1194 1999 135 A flora of Worcester county, Maryland … by Paul J. Redmond …
813 1276 425 69 [Washington,
1283 1276 72 53 D.
1407 1274 82 69 C.]
1541 1276 123 53 The
1712 1274 265 56 Catholic
2025 1275 321 72 university
2395 1277 65 54 of

435 1354 288 68 America,
751 1361 17 21 c
774 1357 152 50 1932.

509 1427 1950 51 104 p., 1 l. 23 cm . (Contribution from the Biological laboratory of
436 1487 81 41 the
549 1485 222 42 Catholic
801 1486 275 47 university
1105 1485 53 41 of
1186 1486 240 48 America,
1459 1495 77 31 no.
1568 1485 80 49 11)

507 1544 174 40 Thesis
719 1544 14 47 (PH.
907 1541 311 50 D.)—Catholic
1246 1543 273 51 university
1549 1542 52 41 of
1626 1543 240 49 America,
1897 1542 129 44 1933.

508 1600 349 48 Biographical
888 1601 159 41 items.

510 1658 70 39 “A
608 1658 236 47 complete
874 1660 73 38 set
976 1658 52 40 of
1056 1657 269 48 specimens
1355 1657 53 41 of
1434 1657 165 48 plants
1630 1657 232 41 collected
1892 1658 43 40 is
1966 1657 48 40 in
2049 1659 81 40 the
2162 1658 296 41 Herbarium

438 1715 52 39 of
519 1716 82 40 the
633 1715 223 41 Catholic
889 1713 569 49 university.”—Introd.

441 1770 52 52 ©
524 1776 113 39 Dec.
667 1776 69 46 31,
769 1774 142 42 1932;
944 1776 68 38 2c.
1045 1775 96 39 and
1172 1774 82 41 aff.
1288 1775 118 47 May
1433 1775 70 45 12,
1535 1774 142 47 1933;
1711 1774 41 39 A
1784 1773 144 42 62625
1947 1786 8 36 ;
1991 1775 226 41 Catholic
2247 1774 131 42 univ.
2409 1773 53 41 of

509 1832 237 40 America.
820 1832 284 49 (33-16840)

433 1922 243 66 Robins,
704 1922 238 57 Denise.

505 2001 137 53 Men
683 2019 94 34 are
816 2000 136 69 only
992 2001 233 68 human,
1262 2001 75 69 by
1377 2001 211 54 Denise
1627 2001 235 53 Robins.
1938 2001 140 52 New
2118 2000 181 70 York,
2337 2003 122 53 The

434 2081 843 63 Macaulay company [ c 1933]
506 2155 89 41 256
620 2167 44 38 p.
724 2155 148 42 19½cm.

441 2210 53 53 ©
525 2216 129 39 June
682 2214 70 47 29,
785 2215 141 40 1933:
959 2215 68 39 2c.
1060 2216 95 38 and
1187 2214 81 41 aff.
1302 2215 117 47 July
1450 2215 53 46 1;
1534 2215 43 38 A
1608 2215 171 46 64185;
1814 2216 262 47 Macaulay
2107 2226 68 30 co.

519 2272 284 49 (33-16730)

433 2363 288 66 Roenigk,
752 2363 254 67 Adolph,
1036 2363 87 55 ed.

508 2442 244 52 Pioneer
799 2440 225 70 history
1071 2439 64 55 of
1182 2440 244 54 Kansas.
1520 2440 280 69 [Lincoln,
1846 2440 172 68 Kan.]
2071 2447 71 47 A.
2194 2442 265 70 Roenigk

442 2553 12 33 [
459 2526 19 22 c
483 2524 153 63 1933]

511 2594 26 39 7
565 2604 43 37 p.
675 2624 7 15 l.,
714 2593 86 41 365
830 2603 45 37 p.
939 2593 128 40 illus.
1098 2592 133 48 (incl.
1264 2592 175 49 ports.)
1509 2591 57 40 24
1569 2594 45 22 cm
1619 2626 9 8 .

512 2651 129 40 “The
678 2650 226 41 material
941 2650 80 40 for
1053 2651 82 39 the
1169 2649 109 41 first
1313 2652 112 45 part
1460 2660 104 30 was
1598 2650 231 40 collected
1864 2652 97 39 and
1999 2649 199 42 written
2232 2651 60 48 by
2330 2651 129 41 John

439 2708 48 40 C.
522 2706 197 42 Baird.”

440 2762 52 52 ©
518 2767 114 47 Apr.
656 2767 41 40 3.
723 2766 142 47 1933;
893 2766 67 40 2c.
988 2767 115 47 May
1128 2766 52 46 9;
1210 2765 82 40 aff.
1320 2766 116 47 July
1463 2765 83 46 10;
1575 2766 41 39 A
1641 2766 174 46 62716;
1842 2767 54 38 A.
1926 2766 235 49 Koenigk.

519 2823 283 49 (33-13313)

433 2911 244 68 Rollins,
704 2912 277 68 William,
1007 2915 72 68 jr.

504 2993 242 53 Murder
781 3001 57 47 at
876 2996 249 66 Cypress
1159 2994 138 67 hall,
1332 2995 74 68 by
1442 2995 307 54 O'Connor
1787 2995 173 67 Stacy
2019 2996 216 68 [pseud.]
2316 2997 139 52 New

435 3073 180 54 York.
643 3074 121 52 The
789 3072 310 69 Macaulay
1127 3092 282 49 company
1443 3107 12 34 [
1461 3079 17 21 c
1485 3076 151 64 1933]

507 3147 86 41 247
622 3158 44 38 p.
726 3145 57 42 19½
815 3148 45 22 cm
865 3179 9 10 .

441 3202 52 52 ©
527 3207 109 39 Jan.
671 3207 39 41 3,
746 3206 141 46 1933;
923 3206 67 40 2c.
1025 3206 110 40 Jan.
1170 3206 53 46 6;
1259 3205 83 43 aff.
1377 3206 111 40 Jan.
1521 3205 52 48 5;
1610 3206 40 39 A
1684 3206 172 47 58731;
1894 3207 260 49 Macaulay
2186 3219 70 30 co.

522 3264 224 48 (33-779)

434 3355 170 63 Ross,
634 3354 216 55 Ishbel.

507 3430 1947 69 Marriage in Gotham, by Ishbel Ross … New York and
437 3512 258 57 London,
727 3511 234 64 Harper
991 3513 45 49 &
1066 3511 278 65 brothers,
1379 3513 150 49 1933.

506 3585 26 41 3
560 3596 43 37 p.
665 3617 9 15 l.,
705 3584 190 50 [3]—351,
926 3603 56 31 [1]
1011 3595 44 38 p.
1114 3584 119 41 20cm.

510 3643 162 41 “First
702 3641 228 42 edition.”

441 3697 53 53 ©
524 3703 128 38 June
680 3702 70 40 30.
782 3700 141 41 1933:
956 3701 66 38 2c.
1054 3701 127 38 June
1211 3699 83 46 30;
1328 3698 80 41 aff.
1443 3700 117 46 July
1591 3698 83 42 19:
1707 3699 41 39 A
1780 3699 171 48 63482;
1987 3701 162 39 Ishbel
2229 3713 77 28 Ross
2415 3709 39 33 Rae.

552 3770 72 28 New
660 3760 141 39 York.
874 3758 282 48 (33-16732)

498 3819 1952 71 … Ruling case law. Supplement, for use during 1933 only,
508 3899 1941 68 v. 1-8, R. C. L. perm. supp. … [and] Complete R. C. L.
507 3977 188 54 index.
774 3978 365 54 Cumulative
1167 3979 361 67 supplement
1555 3978 94 53 for
1676 3997 48 32 v.
1759 3985 24 47 1
1835 3979 132 63 [and]
1998 3982 50 65 2,
2074 3979 95 53 for
2195 3998 95 34 use
2319 3980 131 53 dur-
