2484 4405
1073 4105 136 53 1807

187 524 1821 58 2 p. l., [7]—2-17 p., 1 l. 18 cm . (Half-title: Le masque; collection de
119 534 1969 103 romans d'aventures … [129])
115 651 1994 114 © Apr. 25, 1933; 1c. Nov. 37: A-Foreign 22711; Librairie des Champs-Elysees.
465 715 220 49 (34-149)

117 832 193 67 Stern,
339 832 220 66 Gladys
585 834 314 62 Bronwyn,
924 834 176 50 1890-

189 911 118 52 The
345 911 180 67 Augs,
562 928 71 34 an
672 908 424 70 exaggeration,
1134 907 74 69 by
1248 905 68 56 G.
1356 908 66 51 B.
1465 905 185 55 Stern.
1727 905 257 65 London,
2021 903 89 53 W.

118 987 376 68 Heinemann,
521 988 102 52 ltd.
660 989 172 65 [1933]

185 1060 1002 51 4 p. l. , 350 p. 1 illus. (music) 19c m .
121 1128 1995 53 © 1c. Dec. 22, 1933; A ad int. 18522; pubd. Oct. 30: Gladys Bertha
191 1191 326 44 Holdsworth,
546 1190 208 37 London.
827 1187 219 48 (34-865)

123 1305 236 65 Strong,
389 1307 253 52 Edward
670 1304 265 66 Kellogg,
967 1308 170 48 1884-

252 1381 1868 70 … Japanese in California, based on a ten per cent survey
121 1462 63 53 of
229 1463 283 66 Japanese
559 1462 59 52 in
667 1460 324 55 California
1041 1461 112 52 and
1204 1461 406 66 documentary
1658 1460 261 52 evidence
1970 1458 149 53 from

122 1536 2002 151 many sources, by Edward K. Strong, jr. … Stanford University, Calif., Stanford university press; London, H. Milford,
123 1696 225 54 Oxford
382 1696 317 67 university
729 1714 174 50 press,
935 1698 150 50 1933.

193 1770 84 41 188
298 1779 40 37 p.
403 1768 177 48 diagrs.
643 1769 55 39 25½
731 1772 44 20 cm
780 1800 9 9 .
861 1768 260 49 (Stanford
1145 1766 270 50 university
1437 1767 339 49 publications.
1843 1767 279 49 University

122 1827 161 39 series.
346 1825 594 49 Education-psychology,
1003 1826 90 39 vol.
1155 1856 8 16 I,
1202 1836 73 29 no.
1314 1825 51 49 2)

197 1896 155 40 “Data
393 1906 82 29 are
515 1897 253 46 presented
809 1895 258 48 regarding
1107 1896 283 47 birthplace,
1431 1905 100 38 age,
1573 1907 98 35 sex,
1710 1895 97 42 size
1844 1896 51 40 of
1936 1896 187 48 family,

126 1953 154 40 births
317 1954 94 38 and
448 1953 186 46 deaths,
671 1954 94 38 and
800 1954 102 39 also
939 1952 318 41 information
1292 1952 290 47 concerning
1620 1953 269 45 education,
128 1963 1977 96 occupations,
297 2011 94 39 and
422 2009 229 47 religious
681 2008 517 42 affiliations.”—Pref.

195 2067 99 39 The
323 2068 172 38 second
522 2067 47 38 in
598 2077 27 29 a
655 2066 149 41 series
834 2067 51 39 of
913 2066 185 41 studies
1130 2077 58 29 on
1218 2067 81 41 the
1328 2067 243 47 Japanese
1601 2066 47 39 in
1680 2066 286 41 California.
2027 2067 101 40 The

126 2123 105 40 first
256 2132 100 31 was
379 2123 252 47 published
656 2125 152 38 under
834 2123 133 40 title:
995 2122 282 42 Vocational
1305 2123 247 48 aptitudes
1577 2123 50 40 of
1650 2124 474 48 second-generation

126 2179 244 47 Japanese
397 2180 49 39 in
477 2180 81 40 the
588 2179 179 41 United
799 2179 179 43 States.

132 2246 51 52 ©
214 2251 111 39 Dec.
417 2281 8 16 18,
458 2251 139 45 1933;
630 2251 66 39 2c.
730 2252 109 38 Dec.
872 2251 82 46 29;
989 2252 81 40 aff.
1103 2253 111 39 Dec.
1247 2251 82 46 26;
1363 2253 41 37 A
1435 2251 169 47 67766;
1641 2253 161 38 Board
1836 2252 51 40 of
1919 2255 210 37 trustees

199 2308 50 39 of
276 2309 83 38 the
384 2308 181 39 Leland
596 2308 233 39 Stanford
856 2309 165 46 junior
1050 2309 143 41 univ.,
1226 2309 233 39 Stanford
1490 2309 295 46 University,
1816 2308 144 41 Calif.

209 2363 220 50 (34-262)

130 2480 186 65 Teele,
345 2481 243 63 Stanley
618 2481 353 56 Ferdinand.

202 2558 377 68 Department
629 2560 216 67 leasing
893 2562 58 51 in
999 2561 361 67 department
1409 2568 194 60 stores,
1651 2562 72 67 by
1774 2561 235 68 Stanley
2059 2563 63 53 F.

132 2637 1990 69 Teele … Boston, Mass., Harvard university, Graduate school
134 2713 1967 71 of business administration, Bureau of business research [ c 1933]
203 2787 99 46 viii,
332 2787 58 40 39
418 2798 40 37 p.
519 2789 55 38 28
577 2790 43 20 cm
626 2819 8 8 .
704 2789 270 48 ([Harvard
1007 2789 309 47 university..
1355 2790 248 40 Graduate
1636 2792 160 39 school
1831 2792 50 39 of
1915 2790 218 41 business

135 2842 411 50 administration]
602 2844 221 41 Division
849 2846 50 39 of
924 2847 237 38 research.
1219 2846 232 40 Business
1479 2849 222 38 research
1727 2848 322 39 studies—no.
2076 2850 50 43 4)

136 2899 1978 106 On cover: Publication of the Graduate school of business administration … Harvard university, vol. xx … no. 7.
208 3012 1928 52 “Adapted from a thesis submitted … in partial fulfillment of the
139 3068 347 47 requirements
525 3070 78 38 for
643 3071 79 38 the
763 3072 170 47 degree
973 3072 52 38 of
1063 3074 167 37 doctor
1271 3072 50 40 of
1360 3073 301 40 commercial
135 3073 1985 90 science."—Foreword.

141 3189 50 52 ©
232 3195 115 40 Nov.
391 3195 37 47 6,
469 3195 141 41 1933:
652 3197 65 40 2c.
759 3198 118 40 Nov.
918 3199 81 41 11:
1044 3199 81 40 aff.
1166 3201 118 39 Nov.
1326 3202 80 38 13:
1452 3201 38 38 A
1532 3201 169 41 68066;
1747 3202 254 41 President
2044 3205 94 37 and

207 3251 188 40 fellows
429 3252 50 39 of
512 3254 228 39 Harvard
773 3256 190 47 college,
1001 3256 300 47 Cambridge,
1338 3259 145 38 Mass.
1555 3258 220 49 (34-156)

147 3368 305 66 [Tendron,
480 3372 236 67 Marcel]
751 3376 168 49 1884-

273 3446 1840 76 … Cendres de la nuit, roman. Paris, J. Ferenczi & fils [1933]
215 3518 763 51 2 p. l., [7]-217 p., 1 l. 18½ cm .
218 3575 225 41 Author’s
470 3578 178 47 pseud.,
678 3577 135 42 Marc
843 3581 158 41 Elder,
1029 3586 50 36 at
1108 3584 122 39 head
1261 3584 50 39 of
1338 3584 122 41 title.

147 3640 1852 61 © July 1, 1933; 1c. Nov. 17: A-Foreign 22717; J. Ferenczi & fils.
225 3703 218 47 (34-141)

147 3819 253 67 Tetrick,
429 3824 188 54 Willis
646 3825 149 65 Guy,
827 3831 169 49 1883-
1241 3846 146 52 comp.

217 3897 325 57 Obituaries
595 3902 151 53 from
799 3922 362 51 newspapers
1212 3906 64 53 of
1326 3909 273 52 northern
1650 3911 158 52 West
1860 3912 286 69 Virginia,

150 3976 345 70 principally
534 3979 152 54 from
720 3983 95 52 the
851 3985 251 52 counties
1138 3984 64 52 of
1240 3986 278 63 Barbour,
1554 3990 277 67 Braxton,
1869 3990 277 67 Calhoun,
