<alto xmlns="http://www.loc.gov/standards/alto/ns-v3#" xmlns:xlink="http://www.w3.org/1999/xlink" xmlns:xsi="http://www.w3.org/2001/XMLSchema-instance" xsi:schemaLocation="http://www.loc.gov/standards/alto/ns-v3# http://www.loc.gov/alto/v3/alto-3-0.xsd"><Description>
<MeasurementUnit>pixel</MeasurementUnit>
<sourceImageInformation>
<fileName>1933_v1_Part1.pdf</fileName>
</sourceImageInformation>
<OCRProcessing ID="IdOcr">
<ocrProcessingStep>
<processingDateTime>2019-01-03</processingDateTime>
<processingSoftware>
<softwareCreator>ABBYY</softwareCreator>
<softwareName>ABBYY Recognition Server</softwareName>
<softwareVersion>4.0</softwareVersion>
</processingSoftware>
</ocrProcessingStep>
</OCRProcessing>
</Description>
<Styles>
<ParagraphStyle ID="StyleId-FFFFFFFF-FFFF-FFFF-FFFF-FFFFFFFFFFFF-" ALIGN="Left" LEFT="0." RIGHT="0." FIRSTLINE="0."/>
<ParagraphStyle ID="StyleId-6EF5737A-DCEB-4126-A0CF-C5930BF7166A-" ALIGN="Left" LEFT="0." RIGHT="0." FIRSTLINE="0." LINESPACE="8.300000191"/>
<ParagraphStyle ID="StyleId-2DE44258-FD0B-41E1-B542-087C989B01A3-" ALIGN="Left" LEFT="0." RIGHT="0." FIRSTLINE="0." LINESPACE="12.19999981"/>
<ParagraphStyle ID="StyleId-CE3D254A-29D7-4DD7-B5F1-E0FC0EF29B05-" ALIGN="Left" LEFT="0." RIGHT="0." FIRSTLINE="-14." LINESPACE="8.619999886"/>
<ParagraphStyle ID="StyleId-C0E3A137-CE4F-4287-8A90-B599106709D0-" ALIGN="Left" LEFT="0." RIGHT="0." FIRSTLINE="-14." LINESPACE="12.19999981"/>
<ParagraphStyle ID="StyleId-50F26F0C-05DA-4C19-BA58-7A6AC4499BEE-" ALIGN="Left" LEFT="0." RIGHT="0." FIRSTLINE="-14." LINESPACE="11.06999969"/>
<ParagraphStyle ID="StyleId-5DDE65AF-512C-41E2-9B8E-095D6D99EF68-" ALIGN="Center" LEFT="0." RIGHT="0." FIRSTLINE="0." LINESPACE="11.89999962"/>
<ParagraphStyle ID="StyleId-0A81D7A5-6A62-4C52-915E-7768974C704D-" ALIGN="Left" LEFT="0." RIGHT="0." FIRSTLINE="0." LINESPACE="9.399999619"/>
<ParagraphStyle ID="StyleId-F7A0127F-6B48-4157-BB81-FE33E1E1A05B-" ALIGN="Block" LEFT="0." RIGHT="0." FIRSTLINE="-13." LINESPACE="10.63000011"/>
<ParagraphStyle ID="StyleId-E18C69F7-DBD7-48B1-805C-FCD96D0DA019-" ALIGN="Left" LEFT="0." RIGHT="0." FIRSTLINE="0." LINESPACE="11.64000034"/>
<ParagraphStyle ID="StyleId-98F15501-B611-4E83-8BB3-807E891F11F5-" ALIGN="Left" LEFT="0." RIGHT="0." FIRSTLINE="-14." LINESPACE="12.19999981"/>
<ParagraphStyle ID="StyleId-F4A78626-0BBC-4D12-94D9-A1AE75A9855F-" ALIGN="Left" LEFT="0." RIGHT="0." FIRSTLINE="0." LINESPACE="9.399999619"/>
<ParagraphStyle ID="StyleId-6A3F6F4C-D21B-4ADE-902F-7683F18ECEF3-" ALIGN="Left" LEFT="0." RIGHT="0." FIRSTLINE="0." LINESPACE="11.10000038"/>
</Styles>
<Layout>
<Page ID="Page244" PHYSICAL_IMG_NR="244" HEIGHT="4403" WIDTH="2597">
<TopMargin HEIGHT="376" WIDTH="2597" VPOS="0" HPOS="0">
</TopMargin>
<LeftMargin HEIGHT="3750" WIDTH="382" VPOS="376" HPOS="0">
</LeftMargin>
<RightMargin HEIGHT="3750" WIDTH="165" VPOS="376" HPOS="2432">
</RightMargin>
<BottomMargin HEIGHT="277" WIDTH="2597" VPOS="4126" HPOS="0">
</BottomMargin>
<PrintSpace HEIGHT="3750" WIDTH="2050" VPOS="376" HPOS="382">
<TextBlock ID="Page244_Block1" HEIGHT="72" WIDTH="126" VPOS="4054" HPOS="1340" LANG="en-US" STYLEREFS="StyleId-9652CA6E-126F-4D4C-922D-665B8448C364-">
<TextLine HEIGHT="52" WIDTH="105" VPOS="4064" HPOS="1351">
<String CONTENT="244" HEIGHT="52" WIDTH="105" VPOS="4064" HPOS="1351"/>
</TextLine>
</TextBlock>
<TextBlock ID="Page244_Block2" HEIGHT="3680" WIDTH="2050" VPOS="376" HPOS="382" LANG="en-US" CS="1" STYLEREFS="StyleId-385F9897-8C99-4FCB-9FAE-F0C7E25443BD-">
<TextLine HEIGHT="67" WIDTH="661" VPOS="387" HPOS="394" STYLEREFS="StyleId-BC001A74-4DDC-432D-868E-DC7752F80525-" LANG="de">
<String CONTENT="De" HEIGHT="54" WIDTH="87" VPOS="389" HPOS="394"/>
<SP HEIGHT="54" WIDTH="29" VPOS="389" HPOS="482"/>
<String CONTENT="Nervaud," HEIGHT="66" WIDTH="304" VPOS="388" HPOS="512"/>
<SP HEIGHT="66" WIDTH="27" VPOS="388" HPOS="817"/>
<String CONTENT="Marie." HEIGHT="57" WIDTH="210" VPOS="387" HPOS="845"/>
</TextLine>
<TextLine HEIGHT="69" WIDTH="1938" VPOS="464" HPOS="469" STYLEREFS="StyleId-39FF9946-FE60-4D46-B300-84DFBDB4C9CD-" LANG="de">
<String CONTENT="Scarum," HEIGHT="69" WIDTH="259" VPOS="464" HPOS="469"/>
<SP HEIGHT="67" WIDTH="39" VPOS="466" HPOS="729"/>
<String LANG="en-US" CONTENT="by" HEIGHT="67" WIDTH="77" VPOS="466" HPOS="769"/>
<SP HEIGHT="68" WIDTH="38" VPOS="465" HPOS="847"/>
<String CONTENT="Marie" HEIGHT="55" WIDTH="186" VPOS="465" HPOS="886"/>
<SP HEIGHT="54" WIDTH="41" VPOS="466" HPOS="1073"/>
<String CONTENT="de" HEIGHT="53" WIDTH="67" VPOS="466" HPOS="1115"/>
<SP HEIGHT="54" WIDTH="42" VPOS="465" HPOS="1183"/>
<String CONTENT="Nervaud." HEIGHT="55" WIDTH="293" VPOS="465" HPOS="1226"/>
<SP HEIGHT="53" WIDTH="74" VPOS="466" HPOS="1520"/>
<String CONTENT="New" HEIGHT="54" WIDTH="141" VPOS="466" HPOS="1595"/>
<SP HEIGHT="54" WIDTH="42" VPOS="466" HPOS="1737"/>
<String CONTENT="York," HEIGHT="66" WIDTH="182" VPOS="465" HPOS="1780"/>
<SP HEIGHT="64" WIDTH="40" VPOS="467" HPOS="1963"/>
<String CONTENT="Duffield" HEIGHT="55" WIDTH="247" VPOS="465" HPOS="2004"/>
<SP HEIGHT="54" WIDTH="43" VPOS="466" HPOS="2252"/>
<String CONTENT="and" HEIGHT="55" WIDTH="111" VPOS="465" HPOS="2296"/>
</TextLine>
<TextLine HEIGHT="71" WIDTH="421" VPOS="542" HPOS="394" STYLEREFS="StyleId-39FF9946-FE60-4D46-B300-84DFBDB4C9CD-" LANG="de" CS="1">
<String CONTENT="Green" HEIGHT="57" WIDTH="189" VPOS="542" HPOS="394"/>
<SP HEIGHT="51" WIDTH="34" VPOS="562" HPOS="584"/>
<String CS="1" CONTENT="["/>
<String STYLE="superscript" CONTENT="c" HEIGHT="22" WIDTH="20" VPOS="550" HPOS="636"/>
<String CONTENT="1933]" HEIGHT="65" WIDTH="155" VPOS="546" HPOS="660"/>
</TextLine>
<TextLine HEIGHT="51" WIDTH="465" VPOS="629" HPOS="468" STYLEREFS="StyleId-39FF9946-FE60-4D46-B300-84DFBDB4C9CD-" CS="1">
<String LANG="de" CONTENT="vi," HEIGHT="49" WIDTH="63" VPOS="630" HPOS="468"/>
<SP HEIGHT="50" WIDTH="28" VPOS="629" HPOS="532"/>
<String LANG="de" CONTENT="317" HEIGHT="43" WIDTH="89" VPOS="629" HPOS="561"/>
<SP HEIGHT="49" WIDTH="27" VPOS="631" HPOS="651"/>
<String LANG="de" CONTENT="p." HEIGHT="40" WIDTH="44" VPOS="640" HPOS="679"/>
<SP HEIGHT="40" WIDTH="60" VPOS="631" HPOS="724"/>
<String LANG="de" CONTENT="19" HEIGHT="42" WIDTH="58" VPOS="629" HPOS="785"/>
<String LANG="en-US" CS="1" CONTENT="&#189;cm"/>
<String LANG="de" CONTENT="." HEIGHT="12" WIDTH="11" VPOS="660" HPOS="922"/>
</TextLine>
<TextLine HEIGHT="51" WIDTH="762" VPOS="686" HPOS="472" STYLEREFS="StyleId-0F4CB339-119F-4BBF-A8AB-F3FE672EF5B1-">
<String LANG="en-US" CONTENT="Illustrated" HEIGHT="43" WIDTH="292" VPOS="686" HPOS="472"/>
<SP HEIGHT="42" WIDTH="23" VPOS="686" HPOS="765"/>
<String LANG="de" CONTENT="t.-p." HEIGHT="49" WIDTH="100" VPOS="688" HPOS="789"/>
<SP HEIGHT="31" WIDTH="23" VPOS="698" HPOS="890"/>
<String LANG="en-US" CONTENT="on" HEIGHT="32" WIDTH="62" VPOS="697" HPOS="914"/>
<SP HEIGHT="41" WIDTH="23" VPOS="687" HPOS="977"/>
<String LANG="de" CONTENT="2" HEIGHT="40" WIDTH="28" VPOS="687" HPOS="1001"/>
<SP HEIGHT="41" WIDTH="26" VPOS="686" HPOS="1030"/>
<String LANG="en-US" CONTENT="leaves." HEIGHT="43" WIDTH="177" VPOS="686" HPOS="1057"/>
</TextLine>
<TextLine HEIGHT="53" WIDTH="2013" VPOS="756" HPOS="400" CS="1">
<String LANG="de" CONTENT="&#169;" HEIGHT="53" WIDTH="53" VPOS="756" HPOS="400"/>
<SP HEIGHT="53" WIDTH="35" VPOS="756" HPOS="454"/>
<String LANG="en-US" CONTENT="Mar." HEIGHT="39" WIDTH="121" VPOS="762" HPOS="490"/>
<SP HEIGHT="40" WIDTH="35" VPOS="760" HPOS="612"/>
<String LANG="de" CONTENT="2," HEIGHT="48" WIDTH="41" VPOS="760" HPOS="648"/>
<SP HEIGHT="47" WIDTH="34" VPOS="761" HPOS="690"/>
<String LANG="de" CONTENT="1933" HEIGHT="42" WIDTH="114" VPOS="759" HPOS="725"/>
<SP HEIGHT="46" WIDTH="16" VPOS="761" HPOS="840"/>
<String LANG="de" CONTENT=";" HEIGHT="37" WIDTH="10" VPOS="770" HPOS="857"/>
<SP HEIGHT="48" WIDTH="35" VPOS="759" HPOS="868"/>
<String LANG="de" CONTENT="2c." HEIGHT="42" WIDTH="68" VPOS="759" HPOS="904"/>
<SP HEIGHT="40" WIDTH="35" VPOS="761" HPOS="973"/>
<String LANG="en-US" CONTENT="Mar." HEIGHT="40" WIDTH="124" VPOS="761" HPOS="1009"/>
<SP HEIGHT="41" WIDTH="35" VPOS="760" HPOS="1134"/>
<String LANG="de" CONTENT="6;" HEIGHT="47" WIDTH="53" VPOS="760" HPOS="1170"/>
<SP HEIGHT="37" WIDTH="37" VPOS="770" HPOS="1224"/>
<String LANG="en-US" CS="1" CONTENT="aff." HEIGHT="40" WIDTH="82" VPOS="760" HPOS="1262"/>
<SP HEIGHT="39" WIDTH="36" VPOS="761" HPOS="1345"/>
<String LANG="en-US" CONTENT="Mar." HEIGHT="39" WIDTH="121" VPOS="761" HPOS="1382"/>
<SP HEIGHT="39" WIDTH="38" VPOS="762" HPOS="1504"/>
<String LANG="en-US" CONTENT="7;" HEIGHT="46" WIDTH="52" VPOS="762" HPOS="1543"/>
<SP HEIGHT="46" WIDTH="38" VPOS="762" HPOS="1596"/>
<!-- cceid 3B2815FC-6CF9-1014-A6CF-A82867D68027 --><String LANG="en-US" CONTENT="A" HEIGHT="39" WIDTH="41" VPOS="762" HPOS="1635"/>
<SP HEIGHT="40" WIDTH="33" VPOS="761" HPOS="1677"/>
<String LANG="en-US" CONTENT="60489;" HEIGHT="48" WIDTH="172" VPOS="760" HPOS="1711"/>
<SP HEIGHT="46" WIDTH="37" VPOS="762" HPOS="1884"/>
<String LANG="en-US" CONTENT="Duffield" HEIGHT="41" WIDTH="210" VPOS="761" HPOS="1922"/>
<SP HEIGHT="41" WIDTH="35" VPOS="762" HPOS="2133"/>
<String LANG="en-US" CONTENT="&amp;" HEIGHT="41" WIDTH="36" VPOS="762" HPOS="2169"/>
<SP HEIGHT="41" WIDTH="36" VPOS="762" HPOS="2206"/>
<String LANG="en-US" CONTENT="Green." HEIGHT="41" WIDTH="170" VPOS="762" HPOS="2243"/>
</TextLine>
<TextLine HEIGHT="50" WIDTH="253" VPOS="817" HPOS="478">
<String CONTENT="(33-5768)" HEIGHT="50" WIDTH="253" VPOS="817" HPOS="478"/>
</TextLine>
<TextLine HEIGHT="69" WIDTH="997" VPOS="918" HPOS="392" STYLEREFS="StyleId-BC001A74-4DDC-432D-868E-DC7752F80525-">
<String CONTENT="Donohue," HEIGHT="69" WIDTH="306" VPOS="918" HPOS="392"/>
<SP HEIGHT="64" WIDTH="29" VPOS="923" HPOS="699"/>
<String CONTENT="John" HEIGHT="54" WIDTH="157" VPOS="922" HPOS="729"/>
<SP HEIGHT="53" WIDTH="28" VPOS="922" HPOS="887"/>
<String CONTENT="Francis," HEIGHT="67" WIDTH="267" VPOS="920" HPOS="916"/>
<SP HEIGHT="61" WIDTH="31" VPOS="926" HPOS="1184"/>
<String CONTENT="1897-" HEIGHT="56" WIDTH="173" VPOS="920" HPOS="1216"/>
</TextLine>
<TextLine HEIGHT="71" WIDTH="1884" VPOS="1000" HPOS="527" STYLEREFS="StyleId-39FF9946-FE60-4D46-B300-84DFBDB4C9CD-" CS="1">
<String CS="1" CONTENT="&#8230;"/>
<SP HEIGHT="51" WIDTH="49" VPOS="1002" HPOS="527"/>
<String CONTENT="The" HEIGHT="53" WIDTH="122" VPOS="1001" HPOS="577"/>
<SP HEIGHT="53" WIDTH="42" VPOS="1001" HPOS="700"/>
<String CONTENT="impediment" HEIGHT="69" WIDTH="380" VPOS="1000" HPOS="743"/>
<SP HEIGHT="49" WIDTH="42" VPOS="1004" HPOS="1124"/>
<String CONTENT="of" HEIGHT="53" WIDTH="64" VPOS="1000" HPOS="1167"/>
<SP HEIGHT="55" WIDTH="44" VPOS="1000" HPOS="1232"/>
<String CONTENT="crime;" HEIGHT="68" WIDTH="202" VPOS="1001" HPOS="1277"/>
<SP HEIGHT="50" WIDTH="48" VPOS="1019" HPOS="1480"/>
<String CONTENT="an" HEIGHT="33" WIDTH="73" VPOS="1020" HPOS="1529"/>
<SP HEIGHT="51" WIDTH="41" VPOS="1002" HPOS="1603"/>
<String CONTENT="historical" HEIGHT="55" WIDTH="298" VPOS="1000" HPOS="1645"/>
<SP HEIGHT="54" WIDTH="44" VPOS="1003" HPOS="1944"/>
<String CONTENT="synopsis" HEIGHT="69" WIDTH="263" VPOS="1002" HPOS="1989"/>
<SP HEIGHT="35" WIDTH="44" VPOS="1021" HPOS="2253"/>
<String CONTENT="and" HEIGHT="53" WIDTH="113" VPOS="1003" HPOS="2298"/>
</TextLine>
<TextLine HEIGHT="71" WIDTH="2019" VPOS="1080" HPOS="395" STYLEREFS="StyleId-39FF9946-FE60-4D46-B300-84DFBDB4C9CD-" CS="1">
<String CONTENT="commentary" HEIGHT="63" WIDTH="390" VPOS="1086" HPOS="395"/>
<SP HEIGHT="49" WIDTH="38" VPOS="1100" HPOS="786"/>
<String CS="1" CONTENT="&#8230;"/>
<SP HEIGHT="53" WIDTH="38" VPOS="1080" HPOS="882"/>
<String CONTENT="by" HEIGHT="69" WIDTH="77" VPOS="1080" HPOS="921"/>
<SP HEIGHT="67" WIDTH="31" VPOS="1082" HPOS="999"/>
<String CONTENT="John" HEIGHT="56" WIDTH="157" VPOS="1080" HPOS="1031"/>
<SP HEIGHT="52" WIDTH="33" VPOS="1082" HPOS="1189"/>
<String CONTENT="F." HEIGHT="52" WIDTH="66" VPOS="1082" HPOS="1223"/>
<SP HEIGHT="52" WIDTH="34" VPOS="1083" HPOS="1290"/>
<String CONTENT="Donohue" HEIGHT="54" WIDTH="280" VPOS="1081" HPOS="1325"/>
<SP HEIGHT="34" WIDTH="40" VPOS="1100" HPOS="1606"/>
<String CS="1" CONTENT="&#8230;"/>
<SP HEIGHT="54" WIDTH="75" VPOS="1082" HPOS="1704"/>
<String CONTENT="Washington," HEIGHT="70" WIDTH="407" VPOS="1081" HPOS="1780"/>
<SP HEIGHT="66" WIDTH="31" VPOS="1085" HPOS="2188"/>
<String CONTENT="D." HEIGHT="52" WIDTH="73" VPOS="1085" HPOS="2220"/>
<SP HEIGHT="55" WIDTH="36" VPOS="1084" HPOS="2294"/>
<String CONTENT="C.," HEIGHT="67" WIDTH="83" VPOS="1084" HPOS="2331"/>
</TextLine>
<TextLine HEIGHT="71" WIDTH="1363" VPOS="1158" HPOS="393" STYLEREFS="StyleId-39FF9946-FE60-4D46-B300-84DFBDB4C9CD-">
<String CONTENT="The" HEIGHT="54" WIDTH="122" VPOS="1161" HPOS="393"/>
<SP HEIGHT="55" WIDTH="31" VPOS="1160" HPOS="516"/>
<String CONTENT="Catholic" HEIGHT="55" WIDTH="264" VPOS="1160" HPOS="548"/>
<SP HEIGHT="37" WIDTH="27" VPOS="1178" HPOS="813"/>
<String CONTENT="university" HEIGHT="71" WIDTH="323" VPOS="1158" HPOS="841"/>
<SP HEIGHT="52" WIDTH="26" VPOS="1177" HPOS="1165"/>
<String CONTENT="of" HEIGHT="53" WIDTH="64" VPOS="1160" HPOS="1192"/>
<SP HEIGHT="54" WIDTH="25" VPOS="1160" HPOS="1257"/>
<String CONTENT="America," HEIGHT="69" WIDTH="289" VPOS="1160" HPOS="1283"/>
<SP HEIGHT="65" WIDTH="29" VPOS="1164" HPOS="1573"/>
<String CONTENT="1931." HEIGHT="51" WIDTH="153" VPOS="1163" HPOS="1603"/>
</TextLine>
<TextLine HEIGHT="50" WIDTH="1949" VPOS="1234" HPOS="469">
<String CONTENT="viii," HEIGHT="48" WIDTH="102" VPOS="1235" HPOS="469"/>
<SP HEIGHT="47" WIDTH="31" VPOS="1236" HPOS="572"/>
<String CONTENT="110" HEIGHT="40" WIDTH="88" VPOS="1235" HPOS="604"/>
<SP HEIGHT="49" WIDTH="28" VPOS="1235" HPOS="693"/>
<String CONTENT="p." HEIGHT="38" WIDTH="43" VPOS="1246" HPOS="722"/>
<SP HEIGHT="41" WIDTH="58" VPOS="1234" HPOS="766"/>
<String CONTENT="23" HEIGHT="41" WIDTH="56" VPOS="1234" HPOS="825"/>
<String STYLE="superscript" CONTENT="cm" HEIGHT="21" WIDTH="45" VPOS="1236" HPOS="885"/>
<String CONTENT="." HEIGHT="9" WIDTH="9" VPOS="1266" HPOS="935"/>
<SP HEIGHT="48" WIDTH="69" VPOS="1235" HPOS="945"/>
<String CONTENT="(The" HEIGHT="48" WIDTH="124" VPOS="1235" HPOS="1015"/>
<SP HEIGHT="41" WIDTH="31" VPOS="1235" HPOS="1140"/>
<String CONTENT="Catholic" HEIGHT="42" WIDTH="225" VPOS="1234" HPOS="1172"/>
<SP HEIGHT="29" WIDTH="30" VPOS="1245" HPOS="1398"/>
<String CONTENT="university" HEIGHT="49" WIDTH="273" VPOS="1234" HPOS="1429"/>
<SP HEIGHT="37" WIDTH="31" VPOS="1246" HPOS="1703"/>
<String CONTENT="of" HEIGHT="41" WIDTH="54" VPOS="1236" HPOS="1735"/>
<SP HEIGHT="39" WIDTH="29" VPOS="1236" HPOS="1790"/>
<String CONTENT="America." HEIGHT="42" WIDTH="239" VPOS="1234" HPOS="1820"/>
<SP HEIGHT="42" WIDTH="61" VPOS="1235" HPOS="2060"/>
<String CONTENT="Canon" HEIGHT="42" WIDTH="166" VPOS="1235" HPOS="2122"/>
<SP HEIGHT="39" WIDTH="31" VPOS="1239" HPOS="2289"/>
<String CONTENT="law" HEIGHT="40" WIDTH="97" VPOS="1239" HPOS="2321"/>
</TextLine>
<TextLine HEIGHT="50" WIDTH="451" VPOS="1291" HPOS="396">
<String CONTENT="studies," HEIGHT="42" WIDTH="203" VPOS="1293" HPOS="396"/>
<SP HEIGHT="31" WIDTH="57" VPOS="1304" HPOS="600"/>
<String CONTENT="no." HEIGHT="31" WIDTH="77" VPOS="1304" HPOS="658"/>
<SP HEIGHT="43" WIDTH="28" VPOS="1292" HPOS="736"/>
<String CONTENT="69)" HEIGHT="50" WIDTH="82" VPOS="1291" HPOS="765"/>
</TextLine>
<TextLine HEIGHT="51" WIDTH="1557" VPOS="1348" HPOS="470" CS="1">
<String CONTENT="Thesis" HEIGHT="40" WIDTH="177" VPOS="1350" HPOS="470"/>
<SP HEIGHT="49" WIDTH="35" VPOS="1350" HPOS="648"/>
<String CS="1" CONTENT="(J." HEIGHT="49" WIDTH="63" VPOS="1350" HPOS="684"/>
<SP HEIGHT="30" WIDTH="30" VPOS="1360" HPOS="748"/>
<String CS="1" CONTENT="C." HEIGHT="9" WIDTH="8" VPOS="1382" HPOS="810"/>
<SP HEIGHT="31" WIDTH="28" VPOS="1360" HPOS="819"/>
<String CS="1" CONTENT="D.)&#8212;Catholic" HEIGHT="48" WIDTH="334" VPOS="1348" HPOS="880"/>
<SP HEIGHT="30" WIDTH="24" VPOS="1360" HPOS="1215"/>
<String CONTENT="university" HEIGHT="50" WIDTH="275" VPOS="1348" HPOS="1240"/>
<SP HEIGHT="37" WIDTH="29" VPOS="1361" HPOS="1516"/>
<String CONTENT="of" HEIGHT="40" WIDTH="53" VPOS="1350" HPOS="1546"/>
<SP HEIGHT="39" WIDTH="26" VPOS="1350" HPOS="1600"/>
<String CONTENT="America," HEIGHT="51" WIDTH="239" VPOS="1348" HPOS="1627"/>
<SP HEIGHT="48" WIDTH="29" VPOS="1351" HPOS="1867"/>
<String CONTENT="1931." HEIGHT="41" WIDTH="130" VPOS="1350" HPOS="1897"/>
</TextLine>
<TextLine HEIGHT="42" WIDTH="128" VPOS="1407" HPOS="468">
<String CONTENT="Vita." HEIGHT="42" WIDTH="128" VPOS="1407" HPOS="468"/>
</TextLine>
<TextLine HEIGHT="52" WIDTH="649" VPOS="1462" HPOS="469">
<String CONTENT="Bibliography:" HEIGHT="50" WIDTH="379" VPOS="1464" HPOS="469"/>
<SP HEIGHT="38" WIDTH="33" VPOS="1476" HPOS="849"/>
<String CONTENT="p." HEIGHT="38" WIDTH="42" VPOS="1476" HPOS="883"/>
<SP HEIGHT="42" WIDTH="32" VPOS="1462" HPOS="926"/>
<String CONTENT="95-98." HEIGHT="44" WIDTH="159" VPOS="1462" HPOS="959"/>
</TextLine>
<TextLine HEIGHT="52" WIDTH="2018" VPOS="1533" HPOS="403">
<String CONTENT="&#169;" HEIGHT="52" WIDTH="52" VPOS="1533" HPOS="403"/>
<SP HEIGHT="52" WIDTH="26" VPOS="1533" HPOS="456"/>
<String CONTENT="June" HEIGHT="40" WIDTH="128" VPOS="1536" HPOS="483"/>
<SP HEIGHT="41" WIDTH="23" VPOS="1535" HPOS="612"/>
<String CONTENT="9," HEIGHT="48" WIDTH="41" VPOS="1535" HPOS="636"/>
<SP HEIGHT="46" WIDTH="26" VPOS="1537" HPOS="678"/>
<String CONTENT="1931;" HEIGHT="47" WIDTH="142" VPOS="1535" HPOS="705"/>
<SP HEIGHT="46" WIDTH="28" VPOS="1536" HPOS="848"/>
<String CONTENT="2c." HEIGHT="41" WIDTH="68" VPOS="1536" HPOS="877"/>
<SP HEIGHT="41" WIDTH="26" VPOS="1536" HPOS="946"/>
<String CONTENT="May" HEIGHT="47" WIDTH="118" VPOS="1536" HPOS="973"/>
<SP HEIGHT="47" WIDTH="22" VPOS="1536" HPOS="1092"/>
<String CONTENT="17," HEIGHT="46" WIDTH="70" VPOS="1536" HPOS="1115"/>
<SP HEIGHT="46" WIDTH="26" VPOS="1536" HPOS="1186"/>
<String CONTENT="1932;" HEIGHT="47" WIDTH="142" VPOS="1535" HPOS="1213"/>
<SP HEIGHT="37" WIDTH="30" VPOS="1545" HPOS="1356"/>
<String CONTENT="aff." HEIGHT="41" WIDTH="82" VPOS="1534" HPOS="1387"/>
<SP HEIGHT="39" WIDTH="28" VPOS="1536" HPOS="1470"/>
<String CONTENT="Mar." HEIGHT="38" WIDTH="122" VPOS="1536" HPOS="1499"/>
<SP HEIGHT="38" WIDTH="28" VPOS="1536" HPOS="1622"/>
<String CONTENT="17," HEIGHT="47" WIDTH="69" VPOS="1536" HPOS="1651"/>
<SP HEIGHT="46" WIDTH="27" VPOS="1537" HPOS="1721"/>
<String CONTENT="1933" HEIGHT="42" WIDTH="113" VPOS="1534" HPOS="1749"/>
<SP HEIGHT="46" WIDTH="18" VPOS="1537" HPOS="1863"/>
<String CONTENT=";" HEIGHT="37" WIDTH="9" VPOS="1546" HPOS="1882"/>
<SP HEIGHT="46" WIDTH="28" VPOS="1537" HPOS="1892"/>
<!-- cceid 3B28D585-6CF9-1014-A6CF-A82867D68027 --><String CONTENT="A" HEIGHT="38" WIDTH="44" VPOS="1537" HPOS="1921"/>
<SP HEIGHT="39" WIDTH="23" VPOS="1537" HPOS="1966"/>
<String CONTENT="59951;" HEIGHT="48" WIDTH="173" VPOS="1535" HPOS="1990"/>
<SP HEIGHT="47" WIDTH="31" VPOS="1536" HPOS="2164"/>
<String CONTENT="Catholic" HEIGHT="41" WIDTH="225" VPOS="1536" HPOS="2196"/>
</TextLine>
<TextLine HEIGHT="50" WIDTH="842" VPOS="1591" HPOS="470">
<String CONTENT="univ." HEIGHT="42" WIDTH="132" VPOS="1592" HPOS="470"/>
<SP HEIGHT="29" WIDTH="29" VPOS="1605" HPOS="603"/>
<String CONTENT="of" HEIGHT="40" WIDTH="54" VPOS="1594" HPOS="633"/>
<SP HEIGHT="40" WIDTH="26" VPOS="1593" HPOS="688"/>
<String CONTENT="America." HEIGHT="42" WIDTH="241" VPOS="1591" HPOS="715"/>
<SP HEIGHT="49" WIDTH="69" VPOS="1592" HPOS="957"/>
<String CONTENT="(31-34135)" HEIGHT="49" WIDTH="285" VPOS="1592" HPOS="1027"/>
</TextLine>
<TextLine HEIGHT="68" WIDTH="1060" VPOS="1696" HPOS="394" STYLEREFS="StyleId-BC001A74-4DDC-432D-868E-DC7752F80525-">
<String LANG="en-US" CONTENT="Dooley," HEIGHT="67" WIDTH="242" VPOS="1697" HPOS="394"/>
<SP HEIGHT="64" WIDTH="29" VPOS="1700" HPOS="637"/>
<String LANG="en-US" CONTENT="Eugene" HEIGHT="63" WIDTH="245" VPOS="1700" HPOS="667"/>
<SP HEIGHT="54" WIDTH="31" VPOS="1698" HPOS="913"/>
<String LANG="de" CONTENT="Aloysius," HEIGHT="67" WIDTH="301" VPOS="1696" HPOS="945"/>
<SP HEIGHT="61" WIDTH="33" VPOS="1702" HPOS="1247"/>
<String LANG="en-US" CONTENT="1901-" HEIGHT="50" WIDTH="173" VPOS="1702" HPOS="1281"/>
</TextLine>
<TextLine HEIGHT="72" WIDTH="1822" VPOS="1775" HPOS="529" STYLEREFS="StyleId-39FF9946-FE60-4D46-B300-84DFBDB4C9CD-" CS="1">
<String CS="1" CONTENT="&#8230;"/>
<SP HEIGHT="56" WIDTH="38" VPOS="1777" HPOS="529"/>
<String CONTENT="Church" HEIGHT="56" WIDTH="233" VPOS="1777" HPOS="568"/>
<SP HEIGHT="53" WIDTH="31" VPOS="1777" HPOS="802"/>
<String CONTENT="law" HEIGHT="51" WIDTH="112" VPOS="1779" HPOS="834"/>
<SP HEIGHT="36" WIDTH="28" VPOS="1794" HPOS="947"/>
<String CONTENT="on" HEIGHT="35" WIDTH="72" VPOS="1794" HPOS="976"/>
<SP HEIGHT="34" WIDTH="31" VPOS="1796" HPOS="1049"/>
<String CONTENT="sacred" HEIGHT="53" WIDTH="198" VPOS="1777" HPOS="1081"/>
<SP HEIGHT="52" WIDTH="32" VPOS="1777" HPOS="1280"/>
<String CONTENT="relics" HEIGHT="54" WIDTH="166" VPOS="1776" HPOS="1313"/>
<SP HEIGHT="35" WIDTH="36" VPOS="1795" HPOS="1480"/>
<String CS="1" CONTENT="&#8230;"/>
<SP HEIGHT="54" WIDTH="33" VPOS="1776" HPOS="1576"/>
<String CONTENT="by" HEIGHT="70" WIDTH="75" VPOS="1776" HPOS="1610"/>
<SP HEIGHT="70" WIDTH="32" VPOS="1776" HPOS="1686"/>
<String CONTENT="Eugene" HEIGHT="70" WIDTH="236" VPOS="1776" HPOS="1719"/>
<SP HEIGHT="55" WIDTH="29" VPOS="1775" HPOS="1956"/>
<String CONTENT="A." HEIGHT="54" WIDTH="72" VPOS="1775" HPOS="1986"/>
<SP HEIGHT="52" WIDTH="32" VPOS="1779" HPOS="2059"/>
<String CONTENT="Dooley" HEIGHT="70" WIDTH="223" VPOS="1777" HPOS="2092"/>
<SP HEIGHT="52" WIDTH="35" VPOS="1795" HPOS="2316"/>
<String CS="1" CONTENT="&#8230;"/>
</TextLine>
<TextLine HEIGHT="72" WIDTH="2017" VPOS="1855" HPOS="395" STYLEREFS="StyleId-39FF9946-FE60-4D46-B300-84DFBDB4C9CD-">
<String CONTENT="Washington," HEIGHT="70" WIDTH="406" VPOS="1855" HPOS="395"/>
<SP HEIGHT="67" WIDTH="28" VPOS="1857" HPOS="802"/>
<String CONTENT="D." HEIGHT="52" WIDTH="72" VPOS="1857" HPOS="831"/>
<SP HEIGHT="56" WIDTH="33" VPOS="1856" HPOS="904"/>
<String CONTENT="C.," HEIGHT="68" WIDTH="80" VPOS="1856" HPOS="938"/>
<SP HEIGHT="65" WIDTH="29" VPOS="1859" HPOS="1019"/>
<String CONTENT="The" HEIGHT="54" WIDTH="121" VPOS="1857" HPOS="1049"/>
<SP HEIGHT="56" WIDTH="31" VPOS="1856" HPOS="1171"/>
<String CONTENT="Catholic" HEIGHT="56" WIDTH="265" VPOS="1856" HPOS="1203"/>
<SP HEIGHT="38" WIDTH="26" VPOS="1874" HPOS="1469"/>
<String CONTENT="university" HEIGHT="69" WIDTH="321" VPOS="1855" HPOS="1496"/>
<SP HEIGHT="50" WIDTH="29" VPOS="1874" HPOS="1818"/>
<String CONTENT="of" HEIGHT="55" WIDTH="64" VPOS="1856" HPOS="1848"/>
<SP HEIGHT="54" WIDTH="27" VPOS="1856" HPOS="1913"/>
<String CONTENT="America," HEIGHT="70" WIDTH="289" VPOS="1857" HPOS="1941"/>
<SP HEIGHT="67" WIDTH="28" VPOS="1860" HPOS="2231"/>
<String CONTENT="1931." HEIGHT="50" WIDTH="152" VPOS="1860" HPOS="2260"/>
</TextLine>
<TextLine HEIGHT="52" WIDTH="1949" VPOS="1929" HPOS="471">
<String CONTENT="ix," HEIGHT="49" WIDTH="65" VPOS="1932" HPOS="471"/>
<SP HEIGHT="49" WIDTH="36" VPOS="1932" HPOS="537"/>
<String CONTENT="143" HEIGHT="40" WIDTH="84" VPOS="1932" HPOS="574"/>
<SP HEIGHT="48" WIDTH="35" VPOS="1932" HPOS="659"/>
<String CONTENT="p." HEIGHT="37" WIDTH="44" VPOS="1943" HPOS="695"/>
<SP HEIGHT="41" WIDTH="58" VPOS="1931" HPOS="740"/>
<String CONTENT="23" HEIGHT="41" WIDTH="56" VPOS="1931" HPOS="799"/>
<String STYLE="superscript" CONTENT="cm" HEIGHT="21" WIDTH="45" VPOS="1933" HPOS="859"/>
<String CONTENT="." HEIGHT="8" WIDTH="8" VPOS="1964" HPOS="909"/>
<SP HEIGHT="50" WIDTH="70" VPOS="1930" HPOS="918"/>
<String CONTENT="(The" HEIGHT="50" WIDTH="125" VPOS="1930" HPOS="989"/>
<SP HEIGHT="40" WIDTH="37" VPOS="1931" HPOS="1115"/>
<String CONTENT="Catholic" HEIGHT="42" WIDTH="225" VPOS="1929" HPOS="1153"/>
<SP HEIGHT="30" WIDTH="32" VPOS="1941" HPOS="1379"/>
<String CONTENT="university" HEIGHT="49" WIDTH="273" VPOS="1930" HPOS="1412"/>
<SP HEIGHT="37" WIDTH="35" VPOS="1942" HPOS="1686"/>
<String CONTENT="of" HEIGHT="39" WIDTH="54" VPOS="1932" HPOS="1722"/>
<SP HEIGHT="40" WIDTH="32" VPOS="1931" HPOS="1777"/>
<String CONTENT="America." HEIGHT="41" WIDTH="240" VPOS="1930" HPOS="1810"/>
<SP HEIGHT="41" WIDTH="67" VPOS="1931" HPOS="2051"/>
<String CONTENT="Canon" HEIGHT="41" WIDTH="167" VPOS="1931" HPOS="2119"/>
<SP HEIGHT="38" WIDTH="36" VPOS="1932" HPOS="2287"/>
<String CONTENT="law" HEIGHT="40" WIDTH="96" VPOS="1932" HPOS="2324"/>
</TextLine>
<TextLine HEIGHT="47" WIDTH="449" VPOS="1989" HPOS="396">
<String CONTENT="studies," HEIGHT="42" WIDTH="203" VPOS="1989" HPOS="396"/>
<SP HEIGHT="31" WIDTH="58" VPOS="1999" HPOS="600"/>
<String CONTENT="no." HEIGHT="30" WIDTH="75" VPOS="1999" HPOS="659"/>
<SP HEIGHT="41" WIDTH="29" VPOS="1989" HPOS="735"/>
<String CONTENT="70)" HEIGHT="47" WIDTH="80" VPOS="1989" HPOS="765"/>
</TextLine>
<TextLine HEIGHT="52" WIDTH="1557" VPOS="2044" HPOS="471" CS="1">
<String CONTENT="Thesis" HEIGHT="42" WIDTH="176" VPOS="2045" HPOS="471"/>
<SP HEIGHT="49" WIDTH="36" VPOS="2047" HPOS="648"/>
<String CS="1" CONTENT="(J." HEIGHT="49" WIDTH="62" VPOS="2047" HPOS="685"/>
<SP HEIGHT="29" WIDTH="31" VPOS="2057" HPOS="748"/>
<String CS="1" CONTENT="C." HEIGHT="8" WIDTH="8" VPOS="2079" HPOS="811"/>
<SP HEIGHT="30" WIDTH="28" VPOS="2057" HPOS="820"/>
<String CS="1" CONTENT="D.)&#8212;Catholic" HEIGHT="48" WIDTH="331" VPOS="2045" HPOS="881"/>
<SP HEIGHT="29" WIDTH="27" VPOS="2056" HPOS="1213"/>
<String CONTENT="university" HEIGHT="50" WIDTH="275" VPOS="2044" HPOS="1241"/>
<SP HEIGHT="37" WIDTH="29" VPOS="2057" HPOS="1517"/>
<String CONTENT="of" HEIGHT="41" WIDTH="53" VPOS="2045" HPOS="1547"/>
<SP HEIGHT="39" WIDTH="26" VPOS="2045" HPOS="1601"/>
<String CONTENT="America," HEIGHT="50" WIDTH="239" VPOS="2044" HPOS="1628"/>
<SP HEIGHT="48" WIDTH="29" VPOS="2046" HPOS="1868"/>
<String CONTENT="1931." HEIGHT="41" WIDTH="130" VPOS="2045" HPOS="1898"/>
</TextLine>
<TextLine HEIGHT="40" WIDTH="129" VPOS="2104" HPOS="470">
<String CONTENT="Vita." HEIGHT="40" WIDTH="129" VPOS="2104" HPOS="470"/>
</TextLine>
<TextLine HEIGHT="50" WIDTH="713" VPOS="2159" HPOS="469">
<String CONTENT="Bibliography:" HEIGHT="48" WIDTH="381" VPOS="2161" HPOS="469"/>
<SP HEIGHT="38" WIDTH="34" VPOS="2171" HPOS="851"/>
<String CONTENT="p." HEIGHT="38" WIDTH="42" VPOS="2171" HPOS="886"/>
<SP HEIGHT="39" WIDTH="32" VPOS="2161" HPOS="929"/>
<String CONTENT="127-131." HEIGHT="42" WIDTH="220" VPOS="2159" HPOS="962"/>
</TextLine>
<TextLine HEIGHT="53" WIDTH="2014" VPOS="2228" HPOS="405">
<String CONTENT="&#169;" HEIGHT="53" WIDTH="53" VPOS="2228" HPOS="405"/>
<SP HEIGHT="53" WIDTH="25" VPOS="2228" HPOS="459"/>
<String CONTENT="June" HEIGHT="40" WIDTH="129" VPOS="2233" HPOS="485"/>
<SP HEIGHT="41" WIDTH="23" VPOS="2231" HPOS="615"/>
<String CONTENT="9," HEIGHT="47" WIDTH="41" VPOS="2231" HPOS="639"/>
<SP HEIGHT="46" WIDTH="27" VPOS="2232" HPOS="681"/>
<String CONTENT="1931;" HEIGHT="49" WIDTH="142" VPOS="2230" HPOS="709"/>
<SP HEIGHT="48" WIDTH="27" VPOS="2231" HPOS="852"/>
<String CONTENT="2c." HEIGHT="42" WIDTH="69" VPOS="2231" HPOS="880"/>
<SP HEIGHT="42" WIDTH="26" VPOS="2231" HPOS="950"/>
<String CONTENT="Jan." HEIGHT="41" WIDTH="112" VPOS="2231" HPOS="977"/>
<SP HEIGHT="42" WIDTH="24" VPOS="2230" HPOS="1090"/>
<String CONTENT="23," HEIGHT="47" WIDTH="71" VPOS="2230" HPOS="1115"/>
<SP HEIGHT="45" WIDTH="26" VPOS="2232" HPOS="1187"/>
<String CONTENT="1932;" HEIGHT="49" WIDTH="143" VPOS="2229" HPOS="1214"/>
<SP HEIGHT="37" WIDTH="28" VPOS="2241" HPOS="1358"/>
<String CONTENT="aff." HEIGHT="41" WIDTH="83" VPOS="2230" HPOS="1387"/>
<SP HEIGHT="40" WIDTH="27" VPOS="2231" HPOS="1471"/>
<String CONTENT="Mar." HEIGHT="41" WIDTH="124" VPOS="2231" HPOS="1499"/>
<SP HEIGHT="41" WIDTH="27" VPOS="2231" HPOS="1624"/>
<String CONTENT="17," HEIGHT="47" WIDTH="69" VPOS="2231" HPOS="1652"/>
<SP HEIGHT="47" WIDTH="27" VPOS="2231" HPOS="1722"/>
<String CONTENT="1933;" HEIGHT="49" WIDTH="142" VPOS="2229" HPOS="1750"/>
<SP HEIGHT="47" WIDTH="28" VPOS="2231" HPOS="1893"/>
<!-- cceid 3B29914C-6CF9-1014-A6CF-A82867D68027 --><String CONTENT="A" HEIGHT="39" WIDTH="42" VPOS="2231" HPOS="1922"/>
<SP HEIGHT="40" WIDTH="26" VPOS="2231" HPOS="1965"/>
<String CONTENT="59944;" HEIGHT="50" WIDTH="172" VPOS="2229" HPOS="1992"/>
<SP HEIGHT="48" WIDTH="31" VPOS="2231" HPOS="2165"/>
<String CONTENT="Catholic" HEIGHT="44" WIDTH="222" VPOS="2228" HPOS="2197"/>
</TextLine>
<TextLine HEIGHT="50" WIDTH="843" VPOS="2287" HPOS="473">
<String CONTENT="univ." HEIGHT="43" WIDTH="133" VPOS="2289" HPOS="473"/>
<SP HEIGHT="31" WIDTH="29" VPOS="2301" HPOS="607"/>
<String CONTENT="of" HEIGHT="40" WIDTH="53" VPOS="2290" HPOS="637"/>
<SP HEIGHT="39" WIDTH="27" VPOS="2290" HPOS="691"/>
<String CONTENT="America." HEIGHT="41" WIDTH="241" VPOS="2288" HPOS="719"/>
<SP HEIGHT="49" WIDTH="70" VPOS="2288" HPOS="961"/>
<String CONTENT="(32-21484)" HEIGHT="50" WIDTH="284" VPOS="2287" HPOS="1032"/>
</TextLine>
<TextLine HEIGHT="66" WIDTH="472" VPOS="2393" HPOS="400" STYLEREFS="StyleId-BC001A74-4DDC-432D-868E-DC7752F80525-">
<String CONTENT="Duclos," HEIGHT="66" WIDTH="237" VPOS="2393" HPOS="400"/>
<SP HEIGHT="65" WIDTH="26" VPOS="2394" HPOS="638"/>
<String CONTENT="Henri." HEIGHT="56" WIDTH="207" VPOS="2393" HPOS="665"/>
</TextLine>
<TextLine HEIGHT="148" WIDTH="1995" VPOS="2469" HPOS="399" STYLEREFS="StyleId-39FF9946-FE60-4D46-B300-84DFBDB4C9CD-" CS="1">
<String CS="1" CONTENT="&#8230;"/>
<SP HEIGHT="53" WIDTH="39" VPOS="2471" HPOS="532"/>
<String CONTENT="Laennec;" HEIGHT="68" WIDTH="290" VPOS="2471" HPOS="572"/>
<SP HEIGHT="50" WIDTH="39" VPOS="2489" HPOS="863"/>
<String CS="1" CONTENT="pr&#233;face" HEIGHT="69" WIDTH="232" VPOS="2470" HPOS="903"/>
<SP HEIGHT="53" WIDTH="36" VPOS="2471" HPOS="1136"/>
<String LANG="de" CONTENT="du" HEIGHT="53" WIDTH="79" VPOS="2471" HPOS="1173"/>
<SP HEIGHT="51" WIDTH="34" VPOS="2488" HPOS="1253"/>
<String CONTENT="professeur" HEIGHT="70" WIDTH="328" VPOS="2469" HPOS="1288"/>
<SP HEIGHT="54" WIDTH="35" VPOS="2470" HPOS="1617"/>
<String CS="1" CONTENT="L&#233;on" HEIGHT="54" WIDTH="156" VPOS="2470" HPOS="1653"/>
<SP HEIGHT="53" WIDTH="33" VPOS="2471" HPOS="1810"/>
<String CONTENT="Bernard" HEIGHT="54" WIDTH="265" VPOS="2471" HPOS="1844"/>
<SP HEIGHT="54" WIDTH="38" VPOS="2471" HPOS="2110"/>
<String CS="1" CONTENT="&#8230;"/>
<SP HEIGHT="36" WIDTH="80" VPOS="2501" HPOS="2209"/>
<String CONTENT="[Paris]" HEIGHT="147" WIDTH="1995" VPOS="2470" HPOS="399"/>
</TextLine>
<TextLine HEIGHT="68" WIDTH="721" VPOS="2549" HPOS="529" STYLEREFS="StyleId-39FF9946-FE60-4D46-B300-84DFBDB4C9CD-">
<String CONTENT="E." HEIGHT="52" WIDTH="67" VPOS="2551" HPOS="529"/>
<SP HEIGHT="53" WIDTH="28" VPOS="2550" HPOS="597"/>
<String CONTENT="Flammarion" HEIGHT="55" WIDTH="395" VPOS="2549" HPOS="626"/>
<SP HEIGHT="47" WIDTH="31" VPOS="2570" HPOS="1022"/>
<String CONTENT="[" HEIGHT="34" WIDTH="14" VPOS="2583" HPOS="1054"/>
<String STYLE="superscript" CONTENT="c" HEIGHT="22" WIDTH="20" VPOS="2556" HPOS="1071"/>
<String CONTENT="1932]" HEIGHT="65" WIDTH="155" VPOS="2552" HPOS="1095"/>
</TextLine>
<TextLine HEIGHT="53" WIDTH="993" VPOS="2620" HPOS="469" CS="1">
<String CONTENT="282" HEIGHT="42" WIDTH="90" VPOS="2623" HPOS="469"/>
<SP HEIGHT="49" WIDTH="24" VPOS="2624" HPOS="560"/>
<String CONTENT="p.," HEIGHT="38" WIDTH="58" VPOS="2635" HPOS="585"/>
<SP HEIGHT="47" WIDTH="27" VPOS="2625" HPOS="644"/>
<String CONTENT="1" HEIGHT="39" WIDTH="25" VPOS="2625" HPOS="672"/>
<SP/>
<String CS="1" CONTENT="l."/>
<SP HEIGHT="41" WIDTH="58" VPOS="2624" HPOS="758"/>
<String CONTENT="19" HEIGHT="41" WIDTH="57" VPOS="2623" HPOS="817"/>
<String STYLE="superscript" CONTENT="cm" HEIGHT="21" WIDTH="46" VPOS="2625" HPOS="876"/>
<String CONTENT="." HEIGHT="11" WIDTH="11" VPOS="2654" HPOS="926"/>
<SP HEIGHT="49" WIDTH="67" VPOS="2622" HPOS="938"/>
<String CONTENT="(&#8220;Chefs" HEIGHT="49" WIDTH="207" VPOS="2622" HPOS="1006"/>
<SP HEIGHT="42" WIDTH="25" VPOS="2622" HPOS="1214"/>
<String LANG="de" CONTENT="de" HEIGHT="42" WIDTH="59" VPOS="2622" HPOS="1240"/>
<SP HEIGHT="41" WIDTH="26" VPOS="2623" HPOS="1300"/>
<String CONTENT="file&#8221;)" HEIGHT="50" WIDTH="135" VPOS="2620" HPOS="1327"/>
</TextLine>
<TextLine HEIGHT="54" WIDTH="2013" VPOS="2691" HPOS="405" CS="1">
<String CONTENT="&#169;" HEIGHT="54" WIDTH="53" VPOS="2691" HPOS="405"/>
<SP HEIGHT="54" WIDTH="33" VPOS="2691" HPOS="459"/>
<String CONTENT="Nov." HEIGHT="41" WIDTH="119" VPOS="2697" HPOS="493"/>
<SP HEIGHT="41" WIDTH="32" VPOS="2697" HPOS="613"/>
<String CONTENT="10," HEIGHT="48" WIDTH="69" VPOS="2696" HPOS="646"/>
<SP HEIGHT="47" WIDTH="33" VPOS="2697" HPOS="716"/>
<String CONTENT="1932;" HEIGHT="48" WIDTH="143" VPOS="2695" HPOS="750"/>
<SP/>
<String CS="1" CONTENT="1c."/>
<SP HEIGHT="42" WIDTH="33" VPOS="2695" HPOS="998"/>
<String CONTENT="Dec." HEIGHT="41" WIDTH="112" VPOS="2695" HPOS="1032"/>
<SP HEIGHT="40" WIDTH="35" VPOS="2696" HPOS="1145"/>
<String CONTENT="15;" HEIGHT="47" WIDTH="82" VPOS="2696" HPOS="1181"/>
<SP HEIGHT="47" WIDTH="35" VPOS="2696" HPOS="1264"/>
<!-- cceid 3B2A4E6F-6CF9-1014-A6CF-A82867D68027 --><String CONTENT="A-Foreign" HEIGHT="50" WIDTH="313" VPOS="2694" HPOS="1300"/>
<SP HEIGHT="39" WIDTH="33" VPOS="2696" HPOS="1614"/>
<String CONTENT="19153;" HEIGHT="48" WIDTH="171" VPOS="2696" HPOS="1648"/>
<SP HEIGHT="47" WIDTH="37" VPOS="2697" HPOS="1820"/>
<String CONTENT="Ernest" HEIGHT="40" WIDTH="176" VPOS="2697" HPOS="1858"/>
<SP HEIGHT="41" WIDTH="35" VPOS="2696" HPOS="2035"/>
<String CONTENT="Flammarion." HEIGHT="40" WIDTH="347" VPOS="2696" HPOS="2071"/>
</TextLine>
<TextLine HEIGHT="50" WIDTH="254" VPOS="2753" HPOS="485">
<String CONTENT="(33-6304)" HEIGHT="50" WIDTH="254" VPOS="2753" HPOS="485"/>
</TextLine>
<TextLine HEIGHT="69" WIDTH="717" VPOS="2854" HPOS="400" STYLEREFS="StyleId-BC001A74-4DDC-432D-868E-DC7752F80525-">
<String LANG="de" CONTENT="D&#252;rre," HEIGHT="69" WIDTH="214" VPOS="2854" HPOS="400"/>
<SP HEIGHT="67" WIDTH="29" VPOS="2856" HPOS="615"/>
<String LANG="en-US" CONTENT="Konrad," HEIGHT="67" WIDTH="264" VPOS="2856" HPOS="645"/>
<SP HEIGHT="61" WIDTH="32" VPOS="2862" HPOS="910"/>
<String LANG="en-US" CONTENT="1884-" HEIGHT="52" WIDTH="174" VPOS="2861" HPOS="943"/>
</TextLine>
<TextLine HEIGHT="134" WIDTH="1994" VPOS="2933" HPOS="399" STYLEREFS="StyleId-39FF9946-FE60-4D46-B300-84DFBDB4C9CD-" CS="1">
<String LANG="en-US" CS="1" CONTENT="&#8230;"/>
<SP HEIGHT="53" WIDTH="51" VPOS="2934" HPOS="533"/>
<String LANG="de" CONTENT="Erbbiologischer" HEIGHT="71" WIDTH="506" VPOS="2934" HPOS="585"/>
<SP HEIGHT="34" WIDTH="42" VPOS="2953" HPOS="1092"/>
<String LANG="de" CONTENT="und" HEIGHT="54" WIDTH="121" VPOS="2934" HPOS="1135"/>
<SP HEIGHT="54" WIDTH="45" VPOS="2934" HPOS="1257"/>
<String LANG="en-US" CONTENT="eugenischer" HEIGHT="71" WIDTH="367" VPOS="2933" HPOS="1303"/>
<SP HEIGHT="35" WIDTH="44" VPOS="2953" HPOS="1671"/>
<String LANG="de" CONTENT="Wegweiser" HEIGHT="72" WIDTH="324" VPOS="2933" HPOS="1716"/>
<SP HEIGHT="54" WIDTH="44" VPOS="2934" HPOS="2041"/>
<String LANG="de" CONTENT="f&#252;r" HEIGHT="55" WIDTH="101" VPOS="2934" HPOS="2086"/>
<SP HEIGHT="69" WIDTH="43" VPOS="2935" HPOS="2188"/>
<String LANG="de" CONTENT="jedermann." HEIGHT="132" WIDTH="1994" VPOS="2935" HPOS="399"/>
</TextLine>
<TextLine HEIGHT="69" WIDTH="1147" VPOS="3012" HPOS="658" STYLEREFS="StyleId-39FF9946-FE60-4D46-B300-84DFBDB4C9CD-" LANG="de">
<String CONTENT="Berlin-M&#252;nchen," HEIGHT="69" WIDTH="551" VPOS="3012" HPOS="658"/>
<SP HEIGHT="69" WIDTH="29" VPOS="3012" HPOS="1210"/>
<String LANG="en-US" CONTENT="A." HEIGHT="54" WIDTH="72" VPOS="3012" HPOS="1240"/>
<SP HEIGHT="53" WIDTH="29" VPOS="3013" HPOS="1313"/>
<String CONTENT="Metzner," HEIGHT="68" WIDTH="277" VPOS="3013" HPOS="1343"/>
<SP HEIGHT="64" WIDTH="31" VPOS="3017" HPOS="1621"/>
<String CONTENT="1932." HEIGHT="51" WIDTH="152" VPOS="3016" HPOS="1653"/>
</TextLine>
<TextLine HEIGHT="53" WIDTH="636" VPOS="3085" HPOS="469" LANG="de" CS="1">
<String CONTENT="94," HEIGHT="51" WIDTH="72" VPOS="3085" HPOS="469"/>
<SP HEIGHT="30" WIDTH="30" VPOS="3107" HPOS="542"/>
<String CONTENT="[1]" HEIGHT="52" WIDTH="56" VPOS="3086" HPOS="573"/>
<SP HEIGHT="41" WIDTH="26" VPOS="3097" HPOS="630"/>
<String CONTENT="p." HEIGHT="38" WIDTH="44" VPOS="3097" HPOS="657"/>
<SP HEIGHT="40" WIDTH="63" VPOS="3087" HPOS="702"/>
<String CONTENT="illus." HEIGHT="42" WIDTH="129" VPOS="3086" HPOS="766"/>
<SP HEIGHT="41" WIDTH="58" VPOS="3087" HPOS="896"/>
<String CONTENT="22" HEIGHT="40" WIDTH="59" VPOS="3087" HPOS="955"/>
<String LANG="en-US" CS="1" CONTENT="&#189;"/>
<String STYLE="superscript" CONTENT="cm" HEIGHT="22" WIDTH="45" VPOS="3089" HPOS="1046"/>
<String CONTENT="." HEIGHT="11" WIDTH="11" VPOS="3118" HPOS="1094"/>
</TextLine>
<TextLine HEIGHT="55" WIDTH="2012" VPOS="3154" HPOS="407" LANG="de" CS="1">
<String CONTENT="&#169;" HEIGHT="53" WIDTH="53" VPOS="3154" HPOS="407"/>
<SP HEIGHT="53" WIDTH="27" VPOS="3154" HPOS="461"/>
<String CONTENT="Oct." HEIGHT="41" WIDTH="102" VPOS="3159" HPOS="489"/>
<SP HEIGHT="39" WIDTH="28" VPOS="3160" HPOS="592"/>
<String CONTENT="29," HEIGHT="48" WIDTH="70" VPOS="3159" HPOS="621"/>
<SP HEIGHT="45" WIDTH="27" VPOS="3162" HPOS="692"/>
<String CONTENT="1932;" HEIGHT="47" WIDTH="141" VPOS="3159" HPOS="720"/>
<SP/>
<String CS="1" CONTENT="1c."/>
<SP HEIGHT="40" WIDTH="27" VPOS="3160" HPOS="961"/>
<String LANG="en-US" CONTENT="Dec." HEIGHT="41" WIDTH="111" VPOS="3160" HPOS="989"/>
<SP HEIGHT="39" WIDTH="28" VPOS="3160" HPOS="1101"/>
<String CONTENT="28;" HEIGHT="45" WIDTH="83" VPOS="3160" HPOS="1130"/>
<SP HEIGHT="45" WIDTH="28" VPOS="3160" HPOS="1214"/>
<!-- cceid 3B2B095C-6CF9-1014-A6CF-A82867D68027 --><String LANG="en-US" CONTENT="A" HEIGHT="39" WIDTH="42" VPOS="3160" HPOS="1243"/>
<String CONTENT="-Foreign" HEIGHT="49" WIDTH="269" VPOS="3160" HPOS="1287"/>
<SP HEIGHT="40" WIDTH="28" VPOS="3161" HPOS="1557"/>
<String CONTENT="18990;" HEIGHT="49" WIDTH="170" VPOS="3159" HPOS="1586"/>
<SP HEIGHT="47" WIDTH="30" VPOS="3161" HPOS="1757"/>
<String CONTENT="Alfred" HEIGHT="41" WIDTH="172" VPOS="3160" HPOS="1788"/>
<SP HEIGHT="40" WIDTH="28" VPOS="3161" HPOS="1961"/>
<String CONTENT="Metzner" HEIGHT="40" WIDTH="219" VPOS="3161" HPOS="1990"/>
<SP HEIGHT="29" WIDTH="26" VPOS="3171" HPOS="2210"/>
<String CONTENT="verlag." HEIGHT="47" WIDTH="182" VPOS="3161" HPOS="2237"/>
</TextLine>
<TextLine HEIGHT="49" WIDTH="253" VPOS="3216" HPOS="486" LANG="de">
<String CONTENT="(33-6455)" HEIGHT="49" WIDTH="253" VPOS="3216" HPOS="486"/>
</TextLine>
<TextLine HEIGHT="67" WIDTH="1103" VPOS="3318" HPOS="402" STYLEREFS="StyleId-39FF9946-FE60-4D46-B300-84DFBDB4C9CD-">
<String LANG="en-US" CONTENT="Dugger," HEIGHT="67" WIDTH="264" VPOS="3318" HPOS="402"/>
<SP HEIGHT="64" WIDTH="28" VPOS="3321" HPOS="667"/>
<String LANG="en-US" CONTENT="Shepherd" HEIGHT="65" WIDTH="310" VPOS="3320" HPOS="696"/>
<SP HEIGHT="54" WIDTH="29" VPOS="3322" HPOS="1007"/>
<String LANG="de" CONTENT="Monroe," HEIGHT="63" WIDTH="261" VPOS="3322" HPOS="1037"/>
<SP HEIGHT="55" WIDTH="33" VPOS="3330" HPOS="1299"/>
<String LANG="de" CONTENT="1854-" HEIGHT="52" WIDTH="172" VPOS="3327" HPOS="1333"/>
</TextLine>
<TextLine HEIGHT="72" WIDTH="1946" VPOS="3399" HPOS="471" STYLEREFS="StyleId-39FF9946-FE60-4D46-B300-84DFBDB4C9CD-">
<String LANG="de" CONTENT="The" HEIGHT="52" WIDTH="122" VPOS="3399" HPOS="471"/>
<SP HEIGHT="35" WIDTH="38" VPOS="3417" HPOS="594"/>
<String LANG="de" CONTENT="war" HEIGHT="35" WIDTH="119" VPOS="3417" HPOS="633"/>
<SP HEIGHT="48" WIDTH="35" VPOS="3405" HPOS="753"/>
<String CONTENT="trails" HEIGHT="54" WIDTH="166" VPOS="3399" HPOS="789"/>
<SP HEIGHT="35" WIDTH="37" VPOS="3418" HPOS="956"/>
<String CONTENT="of" HEIGHT="53" WIDTH="65" VPOS="3400" HPOS="994"/>
<SP HEIGHT="53" WIDTH="34" VPOS="3400" HPOS="1060"/>
<String CONTENT="the" HEIGHT="52" WIDTH="96" VPOS="3402" HPOS="1095"/>
<SP HEIGHT="52" WIDTH="39" VPOS="3403" HPOS="1192"/>
<String CONTENT="Blue" HEIGHT="53" WIDTH="146" VPOS="3402" HPOS="1232"/>
<SP HEIGHT="34" WIDTH="38" VPOS="3421" HPOS="1379"/>
<String CONTENT="ridge," HEIGHT="69" WIDTH="180" VPOS="3401" HPOS="1418"/>
<SP HEIGHT="48" WIDTH="38" VPOS="3422" HPOS="1599"/>
<String CONTENT="containing" HEIGHT="70" WIDTH="336" VPOS="3401" HPOS="1638"/>
<SP HEIGHT="51" WIDTH="35" VPOS="3420" HPOS="1975"/>
<String CONTENT="an" HEIGHT="35" WIDTH="73" VPOS="3420" HPOS="2011"/>
<SP HEIGHT="33" WIDTH="38" VPOS="3421" HPOS="2085"/>
<String CONTENT="authentic" HEIGHT="55" WIDTH="293" VPOS="3400" HPOS="2124"/>
</TextLine>
<TextLine HEIGHT="150" WIDTH="1990" VPOS="3475" HPOS="400" STYLEREFS="StyleId-39FF9946-FE60-4D46-B300-84DFBDB4C9CD-" CS="1">
<String CONTENT="description" HEIGHT="70" WIDTH="350" VPOS="3475" HPOS="400"/>
<SP HEIGHT="37" WIDTH="25" VPOS="3495" HPOS="751"/>
<String CONTENT="of" HEIGHT="55" WIDTH="65" VPOS="3477" HPOS="777"/>
<SP HEIGHT="55" WIDTH="20" VPOS="3477" HPOS="843"/>
<String CONTENT="the" HEIGHT="53" WIDTH="96" VPOS="3479" HPOS="864"/>
<SP HEIGHT="53" WIDTH="21" VPOS="3479" HPOS="961"/>
<String CONTENT="battle" HEIGHT="54" WIDTH="180" VPOS="3479" HPOS="983"/>
<SP HEIGHT="34" WIDTH="22" VPOS="3498" HPOS="1164"/>
<String CONTENT="of" HEIGHT="52" WIDTH="65" VPOS="3480" HPOS="1187"/>
<SP HEIGHT="53" WIDTH="21" VPOS="3480" HPOS="1253"/>
<String CONTENT="Kings" HEIGHT="69" WIDTH="192" VPOS="3480" HPOS="1275"/>
<SP HEIGHT="34" WIDTH="24" VPOS="3500" HPOS="1468"/>
<String CONTENT="mountain," HEIGHT="67" WIDTH="316" VPOS="3482" HPOS="1493"/>
<SP HEIGHT="63" WIDTH="22" VPOS="3486" HPOS="1810"/>
<String CONTENT="the" HEIGHT="52" WIDTH="96" VPOS="3481" HPOS="1833"/>
<SP HEIGHT="53" WIDTH="24" VPOS="3480" HPOS="1930"/>
<String CONTENT="incidents" HEIGHT="56" WIDTH="284" VPOS="3478" HPOS="1955"/>
<SP HEIGHT="53" WIDTH="22" VPOS="3481" HPOS="2240"/>
<String CONTENT="leading" HEIGHT="145" WIDTH="1989" VPOS="3480" HPOS="401"/>
</TextLine>
<TextLine HEIGHT="144" WIDTH="2016" VPOS="3558" HPOS="400" STYLEREFS="StyleId-39FF9946-FE60-4D46-B300-84DFBDB4C9CD-" CS="1">
<String CONTENT="up" HEIGHT="50" WIDTH="78" VPOS="3574" HPOS="535"/>
<SP HEIGHT="62" WIDTH="30" VPOS="3562" HPOS="614"/>
<String CONTENT="to" HEIGHT="48" WIDTH="59" VPOS="3562" HPOS="645"/>
<SP HEIGHT="34" WIDTH="31" VPOS="3576" HPOS="705"/>
<String CONTENT="and" HEIGHT="53" WIDTH="113" VPOS="3558" HPOS="737"/>
<SP HEIGHT="53" WIDTH="31" VPOS="3558" HPOS="851"/>
<String CONTENT="the" HEIGHT="53" WIDTH="96" VPOS="3559" HPOS="883"/>
<SP HEIGHT="35" WIDTH="29" VPOS="3577" HPOS="980"/>
<String CONTENT="echoes" HEIGHT="54" WIDTH="196" VPOS="3558" HPOS="1010"/>
<SP HEIGHT="34" WIDTH="29" VPOS="3578" HPOS="1207"/>
<String CONTENT="of" HEIGHT="54" WIDTH="66" VPOS="3558" HPOS="1237"/>
<SP HEIGHT="54" WIDTH="27" VPOS="3558" HPOS="1304"/>
<String CONTENT="the" HEIGHT="54" WIDTH="96" VPOS="3559" HPOS="1332"/>
<SP HEIGHT="34" WIDTH="31" VPOS="3579" HPOS="1429"/>
<String CONTENT="aftermath" HEIGHT="55" WIDTH="317" VPOS="3558" HPOS="1461"/>
<SP HEIGHT="52" WIDTH="29" VPOS="3560" HPOS="1779"/>
<String CONTENT="of" HEIGHT="54" WIDTH="65" VPOS="3558" HPOS="1809"/>
<SP HEIGHT="53" WIDTH="29" VPOS="3558" HPOS="1875"/>
<String CONTENT="this" HEIGHT="54" WIDTH="116" VPOS="3559" HPOS="1905"/>
<SP HEIGHT="35" WIDTH="31" VPOS="3578" HPOS="2022"/>
<String CONTENT="epochal" HEIGHT="68" WIDTH="237" VPOS="3559" HPOS="2054"/>
<SP HEIGHT="53" WIDTH="31" VPOS="3559" HPOS="2292"/>
<String CONTENT="engagement," HEIGHT="124" WIDTH="1990" VPOS="3578" HPOS="400"/>
<SP HEIGHT="49" WIDTH="31" VPOS="3653" HPOS="722"/>
<String CONTENT="and" HEIGHT="51" WIDTH="114" VPOS="3637" HPOS="754"/>
<SP HEIGHT="51" WIDTH="30" VPOS="3637" HPOS="869"/>
<String CONTENT="other" HEIGHT="52" WIDTH="164" VPOS="3637" HPOS="900"/>
<SP HEIGHT="37" WIDTH="29" VPOS="3653" HPOS="1065"/>
<String CONTENT="stories" HEIGHT="54" WIDTH="203" VPOS="3636" HPOS="1095"/>
<SP HEIGHT="35" WIDTH="30" VPOS="3655" HPOS="1299"/>
<String CONTENT="whose" HEIGHT="51" WIDTH="188" VPOS="3639" HPOS="1330"/>
<SP HEIGHT="35" WIDTH="29" VPOS="3656" HPOS="1519"/>
<String CONTENT="scenes" HEIGHT="36" WIDTH="187" VPOS="3655" HPOS="1549"/>
<SP HEIGHT="35" WIDTH="34" VPOS="3655" HPOS="1737"/>
<String CONTENT="are" HEIGHT="35" WIDTH="97" VPOS="3655" HPOS="1772"/>
<SP HEIGHT="52" WIDTH="26" VPOS="3638" HPOS="1870"/>
<String CONTENT="laid" HEIGHT="55" WIDTH="122" VPOS="3636" HPOS="1897"/>
<SP HEIGHT="54" WIDTH="30" VPOS="3637" HPOS="2020"/>
<String CONTENT="in" HEIGHT="52" WIDTH="60" VPOS="3637" HPOS="2051"/>
<SP HEIGHT="46" WIDTH="29" VPOS="3643" HPOS="2112"/>
<String CONTENT="the" HEIGHT="51" WIDTH="96" VPOS="3639" HPOS="2142"/>
<SP HEIGHT="51" WIDTH="31" VPOS="3639" HPOS="2239"/>
<String CONTENT="Blue" HEIGHT="51" WIDTH="145" VPOS="3639" HPOS="2271"/>
</TextLine>
<TextLine HEIGHT="73" WIDTH="2015" VPOS="3711" HPOS="400" STYLEREFS="StyleId-39FF9946-FE60-4D46-B300-84DFBDB4C9CD-" CS="1">
<String CONTENT="ridge," HEIGHT="70" WIDTH="181" VPOS="3711" HPOS="400"/>
<SP HEIGHT="68" WIDTH="28" VPOS="3711" HPOS="582"/>
<String CONTENT="by" HEIGHT="70" WIDTH="77" VPOS="3711" HPOS="611"/>
<SP HEIGHT="68" WIDTH="30" VPOS="3713" HPOS="689"/>
<String CONTENT="Shepherd" HEIGHT="69" WIDTH="301" VPOS="3713" HPOS="720"/>
<SP HEIGHT="53" WIDTH="30" VPOS="3715" HPOS="1022"/>
<String CONTENT="M." HEIGHT="53" WIDTH="81" VPOS="3715" HPOS="1053"/>
<SP HEIGHT="53" WIDTH="30" VPOS="3715" HPOS="1135"/>
<String CONTENT="Dugger" HEIGHT="69" WIDTH="242" VPOS="3715" HPOS="1166"/>
<SP HEIGHT="36" WIDTH="34" VPOS="3734" HPOS="1409"/>
<String CS="1" CONTENT="&#8230;"/>
<SP HEIGHT="53" WIDTH="79" VPOS="3717" HPOS="1502"/>
<String CONTENT="Banner" HEIGHT="52" WIDTH="232" VPOS="3717" HPOS="1582"/>
<SP HEIGHT="52" WIDTH="28" VPOS="3717" HPOS="1815"/>
<String CONTENT="Elk" HEIGHT="54" WIDTH="117" VPOS="3715" HPOS="1844"/>
<SP HEIGHT="68" WIDTH="36" VPOS="3715" HPOS="1962"/>
<String CS="1" CONTENT="[N." HEIGHT="54" WIDTH="71" VPOS="3716" HPOS="2017"/>
<SP HEIGHT="57" WIDTH="32" VPOS="3715" HPOS="2089"/>
<String CONTENT="C.]" HEIGHT="69" WIDTH="81" VPOS="3715" HPOS="2122"/>
<SP HEIGHT="68" WIDTH="39" VPOS="3716" HPOS="2204"/>
<String CONTENT="S." HEIGHT="56" WIDTH="56" VPOS="3716" HPOS="2244"/>
<SP HEIGHT="54" WIDTH="32" VPOS="3715" HPOS="2301"/>
<String CONTENT="M." HEIGHT="54" WIDTH="81" VPOS="3715" HPOS="2334"/>
</TextLine>
<TextLine HEIGHT="69" WIDTH="438" VPOS="3791" HPOS="399" STYLEREFS="StyleId-39FF9946-FE60-4D46-B300-84DFBDB4C9CD-">
<String CONTENT="Dugger," HEIGHT="69" WIDTH="258" VPOS="3791" HPOS="399"/>
<SP HEIGHT="63" WIDTH="29" VPOS="3797" HPOS="658"/>
<String CONTENT="1932." HEIGHT="52" WIDTH="149" VPOS="3794" HPOS="688"/>
</TextLine>
<TextLine HEIGHT="52" WIDTH="1200" VPOS="3863" HPOS="468" CS="1">
<String CONTENT="324" HEIGHT="42" WIDTH="90" VPOS="3863" HPOS="468"/>
<SP HEIGHT="48" WIDTH="30" VPOS="3865" HPOS="559"/>
<String CONTENT="p." HEIGHT="38" WIDTH="44" VPOS="3875" HPOS="590"/>
<SP HEIGHT="38" WIDTH="58" VPOS="3874" HPOS="635"/>
<String CONTENT="plates," HEIGHT="50" WIDTH="172" VPOS="3864" HPOS="694"/>
<SP HEIGHT="49" WIDTH="30" VPOS="3865" HPOS="867"/>
<String CONTENT="2" HEIGHT="41" WIDTH="28" VPOS="3865" HPOS="898"/>
<SP HEIGHT="50" WIDTH="28" VPOS="3865" HPOS="927"/>
<String CONTENT="port." HEIGHT="47" WIDTH="123" VPOS="3868" HPOS="956"/>
<SP HEIGHT="49" WIDTH="28" VPOS="3866" HPOS="1080"/>
<String CONTENT="(incl." HEIGHT="49" WIDTH="135" VPOS="3866" HPOS="1109"/>
<SP HEIGHT="41" WIDTH="28" VPOS="3867" HPOS="1245"/>
<String CONTENT="front.)" HEIGHT="49" WIDTH="177" VPOS="3866" HPOS="1274"/>
<SP HEIGHT="49" WIDTH="68" VPOS="3866" HPOS="1452"/>
<String CS="1" CONTENT="19&#189;" HEIGHT="41" WIDTH="57" VPOS="3867" HPOS="1521"/>
<String STYLE="superscript" CONTENT="cm" HEIGHT="22" WIDTH="45" VPOS="3869" HPOS="1609"/>
<String CONTENT="." HEIGHT="10" WIDTH="9" VPOS="3899" HPOS="1659"/>
</TextLine>
<TextLine HEIGHT="70" WIDTH="2010" VPOS="3917" HPOS="407">
<String CONTENT="&#169;" HEIGHT="53" WIDTH="53" VPOS="3930" HPOS="407"/>
<SP HEIGHT="53" WIDTH="28" VPOS="3930" HPOS="461"/>
<String CONTENT="Dec." HEIGHT="42" WIDTH="112" VPOS="3934" HPOS="490"/>
<SP HEIGHT="40" WIDTH="29" VPOS="3936" HPOS="603"/>
<String CONTENT="31," HEIGHT="48" WIDTH="71" VPOS="3936" HPOS="633"/>
<SP HEIGHT="47" WIDTH="28" VPOS="3937" HPOS="705"/>
<String CONTENT="1932;" HEIGHT="48" WIDTH="141" VPOS="3935" HPOS="734"/>
<SP HEIGHT="46" WIDTH="30" VPOS="3937" HPOS="876"/>
<String CONTENT="2c." HEIGHT="41" WIDTH="68" VPOS="3937" HPOS="907"/>
<SP HEIGHT="40" WIDTH="31" VPOS="3938" HPOS="976"/>
<String CONTENT="Feb." HEIGHT="40" WIDTH="110" VPOS="3938" HPOS="1008"/>
<SP HEIGHT="41" WIDTH="29" VPOS="3939" HPOS="1119"/>
<String CONTENT="8," HEIGHT="47" WIDTH="41" VPOS="3939" HPOS="1149"/>
<SP HEIGHT="47" WIDTH="27" VPOS="3939" HPOS="1191"/>
<String CONTENT="1933;" HEIGHT="48" WIDTH="143" VPOS="3938" HPOS="1219"/>
<SP HEIGHT="37" WIDTH="32" VPOS="3949" HPOS="1363"/>
<String LANG="de" CONTENT="aff." HEIGHT="41" WIDTH="82" VPOS="3939" HPOS="1396"/>
<SP HEIGHT="40" WIDTH="33" VPOS="3940" HPOS="1479"/>
<String CONTENT="Mar." HEIGHT="41" WIDTH="122" VPOS="3940" HPOS="1513"/>
<SP HEIGHT="42" WIDTH="30" VPOS="3939" HPOS="1636"/>
<String CONTENT="1;" HEIGHT="47" WIDTH="52" VPOS="3939" HPOS="1667"/>
<SP HEIGHT="47" WIDTH="32" VPOS="3939" HPOS="1720"/>
<!-- cceid 3B2BC39F-6CF9-1014-A6CF-A82867D68027 --><String CONTENT="A" HEIGHT="39" WIDTH="40" VPOS="3939" HPOS="1753"/>
<SP HEIGHT="40" WIDTH="30" VPOS="3939" HPOS="1794"/>
<String CONTENT="59779;" HEIGHT="49" WIDTH="171" VPOS="3937" HPOS="1825"/>
<SP HEIGHT="48" WIDTH="35" VPOS="3938" HPOS="1997"/>
<String CONTENT="S." HEIGHT="42" WIDTH="45" VPOS="3938" HPOS="2033"/>
<SP HEIGHT="40" WIDTH="31" VPOS="3939" HPOS="2079"/>
<String CONTENT="M." HEIGHT="41" WIDTH="63" VPOS="3939" HPOS="2111"/>
<SP HEIGHT="63" WIDTH="32" VPOS="3917" HPOS="2175"/>
<String CONTENT="bugger," HEIGHT="70" WIDTH="209" VPOS="3917" HPOS="2208"/>
</TextLine>
<TextLine HEIGHT="54" WIDTH="826" VPOS="3992" HPOS="474">
<String CONTENT="Banner" HEIGHT="40" WIDTH="199" VPOS="3992" HPOS="474"/>
<SP HEIGHT="39" WIDTH="27" VPOS="3994" HPOS="674"/>
<String CONTENT="Elk," HEIGHT="50" WIDTH="105" VPOS="3993" HPOS="702"/>
<SP HEIGHT="48" WIDTH="28" VPOS="3995" HPOS="808"/>
<String CONTENT="N." HEIGHT="40" WIDTH="55" VPOS="3995" HPOS="837"/>
<SP HEIGHT="42" WIDTH="32" VPOS="3993" HPOS="893"/>
<String CONTENT="C." HEIGHT="42" WIDTH="48" VPOS="3993" HPOS="926"/>
<SP HEIGHT="49" WIDTH="70" VPOS="3995" HPOS="975"/>
<String CONTENT="(33-5637)" HEIGHT="51" WIDTH="254" VPOS="3995" HPOS="1046"/>
</TextLine>
</TextBlock>
</PrintSpace>
</Page>
</Layout>
</alto>