2563 4396
1146 4140 66 48 41

175 420 216 67 Abbot,
423 421 246 56 Charles
696 420 266 66 Greeley,
995 422 171 54 1872-

243 499 178 56 Great
447 499 341 68 inventions,
812 499 76 69 by
916 499 238 57 Charles
1180 498 241 69 Greeley
1446 499 195 54 Abbot
1671 545 55 9 …
1830 500 139 53 [New
1998 499 181 68 York,

175 577 391 57 Smithsonian
597 577 330 57 institution
954 578 188 67 series,
1170 578 126 67 inc.]
1332 581 150 52 1932.

244 649 1925 52 8 p. l., 383 p. col. fold, front., illus. (incl. map) 123 pi. (incl. ports.)
174 707 1715 51 on 67 l., diagrs. 24 cm . (Smithsonian scientific series, v. 12)
246 767 283 41 “Primitive
564 766 278 41 inventions
879 798 46 9 …
964 767 124 40 have
1124 766 201 48 already
1360 766 118 40 been
1514 767 199 39 covered
1752 766 48 41 in
1837 767 191 39 volume
2065 767 25 40 7
2126 766 52 41 of

176 823 98 43 this
296 823 151 43 series
473 855 46 11 …
582 826 81 47 My
686 834 208 39 purpose
917 835 101 29 was
1042 824 169 40 rather
1233 826 49 38 to
1306 824 147 40 select
1478 824 95 39 and
1597 823 195 49 explain
1820 825 82 39 the
1925 824 251 48 operation

175 883 52 40 in
263 882 130 41 their
431 882 197 48 simpler
666 881 154 42 forms
860 883 52 39 of
952 892 28 30 a
1019 882 98 40 few
1156 880 291 50 inventions,
1486 881 256 41 conceived
1781 882 183 47 mainly
2005 882 48 39 in
2096 883 78 39 the

173 939 283 41 nineteenth
486 941 95 39 and
614 939 255 41 twentieth
900 938 484 42 centuries.”—Pref.

244 997 227 40 Lettered
502 1008 61 29 on
590 1007 170 29 cover:
791 996 211 40 Patrons
1031 995 198 41 edition.

245 1053 179 41 Errata
455 1054 95 49 slip
577 1055 229 39 mounted
836 1064 60 29 on
926 1064 43 38 p.
998 1052 100 41 228.

176 1108 52 52 ©
257 1113 112 40 Dec.
396 1112 70 48 28,
494 1111 141 49 1932;
664 1112 67 41 2c.
761 1114 95 38 and
884 1111 83 41 aff.
996 1113 109 39 Jan.
1135 1111 70 48 25,
1234 1110 141 49 1933;
1406 1112 41 39 A
1476 1110 170 49 59133;
1681 1112 334 41 Smithsonian
244 1111 1919 99 institution

437 1169 162 49 series,
631 1170 91 40 inc.
793 1168 251 50 (33-2340)

174 1243 221 67 Avery,
426 1244 328 67 Elizabeth,
788 1246 325 56 1875-1929.

245 1321 480 70 Self-expression
774 1323 60 53 in
882 1323 203 68 speech
1154 1321 93 71 [by]
1303 1322 303 53 Elizabeth
1652 1321 198 72 Avery
1904 1365 58 12 …
2040 1324 132 69 [and]

171 1399 245 55 Isabelle
450 1401 65 53 P.
554 1399 177 56 Coffin
773 1443 58 11 …
905 1400 141 53 New
1081 1400 182 69 York,
1299 1401 72 52 D.
1410 1400 297 69 Appleton
1745 1402 113 53 and
1895 1419 283 53 company

195 1481 156 50 [ c 1933]
245 1550 1090 50 xv p., 2 l., 3-334 p. illus., diagrs. 19 cm .
240 1608 120 41 This
385 1608 124 42 book
532 1610 223 47 presents
781 1608 52 41 in
858 1610 267 40 somewhat
1152 1618 132 31 more
1309 1609 299 48 elementary
1635 1610 98 40 and
1761 1608 259 49 simplified
2049 1610 126 41 form

174 1665 82 42 the
283 1665 253 42 materials
562 1667 97 39 and
689 1664 263 50 principles
980 1665 54 41 of
1063 1665 172 48 speech
1264 1664 295 42 instruction
1588 1665 53 41 of
1670 1666 136 41 First
1836 1665 263 49 principles
2129 1666 52 41 of

176 1722 171 47 speech
378 1721 230 49 training,
639 1722 62 49 by
730 1722 256 41 Elizabeth
1016 1722 176 50 Avery,
1225 1723 124 40 Jane
1380 1722 188 48 Dorsey
1600 1724 96 39 and
1730 1722 126 42 Vera
1891 1723 53 42 A.
1981 1722 197 43 Sickels.

172 1779 63 47 cf.
263 1778 129 42 Pref.

244 1834 247 42 “Selected
519 1834 338 49 bibliography
886 1834 80 42 for
992 1833 279 44 teachers”:
1301 1844 44 39 p.
1375 1834 218 43 317-323.

178 1890 52 52 ©
259 1895 111 40 Jan.
397 1895 69 47 13,
495 1893 139 48 1933;
665 1894 66 41 2c.
762 1896 95 39 and
886 1893 83 42 aff.
998 1895 111 40 Jan.
1137 1895 82 47 14;
1250 1894 41 39 A
1320 1893 172 49 58904;
1524 1895 56 40 D.
1609 1895 240 48 Appleton
1880 1896 36 41 &
1945 1906 66 30 co.

255 1951 252 48 (33-2326)

173 2027 212 65 Barry,
415 2026 263 67 Charles,
707 2028 197 68 pseud.

243 2106 123 55 The
399 2125 198 50 wrong
629 2107 248 52 murder,
954 2106 164 69 chap.
1152 2110 83 49 24.

278 2182 62 39 (In
367 2177 260 52 Universe,
656 2178 117 43 Dec.
802 2180 41 50 2,
875 2179 144 50 1932)

178 2233 2001 54 © 1c. Jan. 28, 1933; A ad int. 17420; pubd. Dec. 2, 1932; Charles Bryson,
244 2294 212 42 London.

174 2370 347 67 Brinkman,
550 2373 241 57 Estelle.

173 2447 2007 149 The perfumed savage, by Estelle Brinkman. Chicago, Gutenberg press [ c 1933]
241 2598 1158 53 4 p. l., [iii]-xxcii p., 2 1. front., pi. 22½ cm .
247 2656 182 41 “Cover
457 2656 168 49 design
649 2656 63 48 by
738 2656 165 49 Edgar
928 2655 205 44 Miller.”

177 2710 52 52 ©
257 2716 108 39 Jan.
393 2716 40 47 7,
460 2715 140 48 1933;
628 2716 69 41 2c.
724 2717 96 39 and
846 2715 82 41 aff.
956 2717 109 39 Jan.
1093 2715 54 41 23;
1207 2716 41 39 A
1275 2714 170 49 59076;
1476 2716 54 41 E.
1557 2716 52 41 F.
1638 2715 286 49 Brinkman,
1953 2714 225 51 Chicago.

255 2772 252 49 (33-2446)

178 2838 195 67 Clark,
402 2841 219 65 Evans,
652 2845 172 51 1888-

249 2915 151 55 How
431 2923 60 48 to
523 2918 216 68 budget
771 2918 226 68 health;
1035 2918 193 68 guilds
1263 2918 95 54 for
1392 2918 224 54 doctors
1651 2918 113 54 and
1799 2924 270 63 pataints,
2101 2918 76 68 by

177 2992 195 54 Evans
403 2994 179 55 Clark
616 3038 58 10 …
744 2996 141 52 New
917 2996 165 52 York
1112 2996 113 52 and
1256 2996 261 64 London,
1546 2996 146 52 Pub.
1723 2996 96 52 for
1851 2996 324 53 Twentieth

177 3076 237 64 century
441 3071 168 67 fund,
634 3072 127 68 inc.,
788 3073 234 67 Harper
1047 3075 47 51 &
1119 3073 279 65 brothers,
1428 3076 151 51 1933.

250 3145 85 40 xvi
359 3155 60 39 p.,
446 3146 26 40 1
518 3177 24 17 l.,
565 3144 88 43 328
677 3157 44 38 p.
776 3145 181 50 diagrs.
1010 3145 57 40 22
1070 3147 44 22 cm
1117 3177 9 9 .

252 3203 163 41 “First
442 3203 227 42 edition.”

254 3259 133 41 “List
415 3259 52 42 of
490 3259 327 50 publications
842 3259 53 41 of
921 3259 82 42 the
1027 3257 289 43 Committee
1343 3270 61 30 on
1431 3259 83 42 the
1539 3261 130 39 costs
1695 3259 53 42 of
1773 3260 208 41 medical
2007 3261 168 42 care”:

180 3326 44 39 p.
249 3316 218 42 292-295.

181 3372 52 52 ©
263 3376 108 39 Jan.
400 3374 69 49 18,
497 3374 111 40 1933;
667 3373 68 41 2c.
764 3374 110 39 Jan.
905 3371 82 49 19;
1017 3372 83 42 aff.
1128 3374 111 39 Jan.
1268 3372 83 48 20;
1382 3373 41 39 A
1452 3371 169 50 59037;
1653 3375 198 48 Harper
1877 3379 37 41 &
1942 3376 125 40 bros.

259 3431 250 49 (33-2391)

177 3498 123 54 The
334 3497 481 65 comprehensive
854 3497 293 57 Standard
1184 3496 324 70 dictionary
1544 3496 66 54 of
1641 3498 97 53 the
1771 3499 249 68 English
245 3500 1904 145 language
474 3618 56 11 …

613 3578 152 65 1,000
802 3574 270 70 pictorial
1110 3574 411 68 illustrations;
1565 3574 278 71 abridged
1887 3575 153 55 from
2081 3576 98 56 the

246 3653 171 54 Funk
448 3656 52 51 &
529 3653 303 69 Wagnalls
860 3670 124 41 new
1018 3651 294 56 Standard
1345 3652 325 68 dictionary
1701 3652 66 55 of
1799 3654 96 53 the
1930 3654 248 70 English

246 3732 283 69 language
569 3731 77 69 by
686 3730 195 55 James
925 3729 64 56 C.
1033 3730 253 53 Fernald
1336 3771 58 12 …
1478 3729 58 54 A
1576 3748 124 36 new
1745 3731 105 69 ed.,
1894 3732 286 71 carefully

247 3828 113 35 rev.
403 3809 78 69 by
522 3807 200 55 Frank
761 3808 80 54 H.
884 3807 286 70 Vizetelly
1220 3849 57 12 …
1362 3807 141 54 New
1546 3808 166 54 York
1757 3809 114 55 and
1916 3810 264 70 London,

247 3887 171 53 Funk
444 3887 46 50 &
514 3886 303 69 Wagnalls
843 3902 299 52 company,
1171 3887 152 51 1933.

249 3960 102 44 viii,
381 3960 86 40 726
495 3969 43 38 p.
601 3959 129 41 illus.
791 3957 57 42 19½
879 3960 45 22 cm
928 3989 10 10 .

185 4014 50 52 ©
266 4019 102 40 Oct.
398 4018 67 47 17,
496 4017 139 46 1932;
666 4017 67 41 2c.
763 4018 97 40 and
889 4015 83 42 aff.
1001 4017 111 40 Jan.
1140 4016 70 46 13,
1241 4015 143 49 1933;
1415 4016 43 40 A
1486 4016 171 50 57957;
1689 4018 141 42 Funk
1861 4020 37 42 &
1927 4020 253 47 Wagnalls

251 4085 67 31 co.
388 4074 249 48 (33-2448)
