<alto xmlns="http://www.loc.gov/standards/alto/ns-v3#" xmlns:xsi="http://www.w3.org/2001/XMLSchema-instance" xsi:schemaLocation="http://www.loc.gov/standards/alto/ns-v3# http://www.loc.gov/alto/v3/alto-3-0.xsd"><Description>
<MeasurementUnit>pixel</MeasurementUnit>
<sourceImageInformation>
<fileName>1933_v1_Part1.pdf</fileName>
</sourceImageInformation>
<OCRProcessing ID="IdOcr">
<ocrProcessingStep>
<processingDateTime>2019-01-03</processingDateTime>
<processingSoftware>
<softwareCreator>ABBYY</softwareCreator>
<softwareName>ABBYY Recognition Server</softwareName>
<softwareVersion>4.0</softwareVersion>
</processingSoftware>
</ocrProcessingStep>
</OCRProcessing>
</Description>
<Styles>
<ParagraphStyle ALIGN="Left" FIRSTLINE="0." ID="StyleId-FFFFFFFF-FFFF-FFFF-FFFF-FFFFFFFFFFFF-" LEFT="0." RIGHT="0." />
<ParagraphStyle ALIGN="Left" FIRSTLINE="0." ID="StyleId-6EF5737A-DCEB-4126-A0CF-C5930BF7166A-" LEFT="0." LINESPACE="8.300000191" RIGHT="0." />
<ParagraphStyle ALIGN="Left" FIRSTLINE="0." ID="StyleId-2DE44258-FD0B-41E1-B542-087C989B01A3-" LEFT="0." LINESPACE="12.19999981" RIGHT="0." />
<ParagraphStyle ALIGN="Left" FIRSTLINE="-14." ID="StyleId-CE3D254A-29D7-4DD7-B5F1-E0FC0EF29B05-" LEFT="0." LINESPACE="8.619999886" RIGHT="0." />
<ParagraphStyle ALIGN="Left" FIRSTLINE="-14." ID="StyleId-C0E3A137-CE4F-4287-8A90-B599106709D0-" LEFT="0." LINESPACE="12.19999981" RIGHT="0." />
<ParagraphStyle ALIGN="Left" FIRSTLINE="-14." ID="StyleId-50F26F0C-05DA-4C19-BA58-7A6AC4499BEE-" LEFT="0." LINESPACE="11.06999969" RIGHT="0." />
<ParagraphStyle ALIGN="Center" FIRSTLINE="0." ID="StyleId-5DDE65AF-512C-41E2-9B8E-095D6D99EF68-" LEFT="0." LINESPACE="11.89999962" RIGHT="0." />
<ParagraphStyle ALIGN="Left" FIRSTLINE="0." ID="StyleId-0A81D7A5-6A62-4C52-915E-7768974C704D-" LEFT="0." LINESPACE="9.399999619" RIGHT="0." />
<ParagraphStyle ALIGN="Block" FIRSTLINE="-13." ID="StyleId-F7A0127F-6B48-4157-BB81-FE33E1E1A05B-" LEFT="0." LINESPACE="10.63000011" RIGHT="0." />
<ParagraphStyle ALIGN="Left" FIRSTLINE="0." ID="StyleId-E18C69F7-DBD7-48B1-805C-FCD96D0DA019-" LEFT="0." LINESPACE="11.64000034" RIGHT="0." />
<ParagraphStyle ALIGN="Left" FIRSTLINE="-14." ID="StyleId-98F15501-B611-4E83-8BB3-807E891F11F5-" LEFT="0." LINESPACE="12.19999981" RIGHT="0." />
<ParagraphStyle ALIGN="Left" FIRSTLINE="0." ID="StyleId-F4A78626-0BBC-4D12-94D9-A1AE75A9855F-" LEFT="0." LINESPACE="9.399999619" RIGHT="0." />
<ParagraphStyle ALIGN="Left" FIRSTLINE="0." ID="StyleId-6A3F6F4C-D21B-4ADE-902F-7683F18ECEF3-" LEFT="0." LINESPACE="11.10000038" RIGHT="0." />
</Styles>
<Layout>
<Page HEIGHT="4453" ID="Page1450" PHYSICAL_IMG_NR="1450" WIDTH="2582">
<TopMargin HEIGHT="433" HPOS="0" VPOS="0" WIDTH="2582">
</TopMargin>
<LeftMargin HEIGHT="3785" HPOS="0" VPOS="433" WIDTH="387">
</LeftMargin>
<RightMargin HEIGHT="3785" HPOS="2445" VPOS="433" WIDTH="137">
</RightMargin>
<BottomMargin HEIGHT="235" HPOS="0" VPOS="4218" WIDTH="2582">
</BottomMargin>
<PrintSpace HEIGHT="3785" HPOS="387" VPOS="433" WIDTH="2058">
<TextBlock HEIGHT="92" HPOS="1334" ID="Page1450_Block1" LANG="en-US" STYLEREFS="StyleId-21B0E823-BAC9-4068-8CF1-CA94E04738B5-" VPOS="4126" WIDTH="259">
<Shape>
<Polygon POINTS="1335,4126 1592,4126 1592,4136 1593,4136 1593,4218 1335,4218 1335,4140 1334,4140 1334,4127 1335,4127 1335,4126" />
</Shape>
<TextLine HEIGHT="50" HPOS="1351" VPOS="4136" WIDTH="135">
<String CONTENT="1450" HEIGHT="50" HPOS="1351" VPOS="4136" WIDTH="135" />
</TextLine>
</TextBlock>
<TextBlock CS="1" HEIGHT="3695" HPOS="387" ID="Page1450_Block2" LANG="en-US" STYLEREFS="StyleId-5622AB54-9959-4E4A-9321-936CD77BB5EC-" VPOS="433" WIDTH="2058">
<Shape>
<Polygon POINTS="2381,433 2438,433 2438,434 2439,434 2439,859 2440,859 2440,1405 2441,1405 2441,1951 2442,1951 2442,2497 2443,2497 2443,3044 2444,3044 2444,3590 2445,3590 2445,4050 2385,4050 2385,4051 1839,4051 1839,4052 1325,4052 1325,4053 1324,4053 1324,4126 1293,4126 1293,4127 747,4127 747,4128 393,4128 393,3594 392,3594 392,3048 391,3048 391,2502 390,2502 390,1956 389,1956 389,1409 388,1409 388,863 387,863 387,437 743,437 743,436 1289,436 1289,435 1835,435 1835,434 2381,434 2381,433" />
</Shape>
<TextLine HEIGHT="65" HPOS="400" STYLEREFS="StyleId-9FE80F9C-BB0F-4105-8355-15BC059CB320-" VPOS="447" WIDTH="698">
<String CONTENT="Brittain," HEIGHT="63" HPOS="400" VPOS="448" WIDTH="283" />
<SP HEIGHT="63" HPOS="684" VPOS="448" WIDTH="32" />
<String CONTENT="Vera" HEIGHT="55" HPOS="717" VPOS="447" WIDTH="157" />
<SP HEIGHT="53" HPOS="875" VPOS="448" WIDTH="28" />
<String CONTENT="Mary." HEIGHT="63" HPOS="904" VPOS="448" WIDTH="194" />
</TextLine>
<TextLine HEIGHT="76" HPOS="471" STYLEREFS="StyleId-CD1E8767-E54B-44CC-81D9-82FB8CF64AC2-" VPOS="521" WIDTH="1946">
<String CONTENT="Testament" HEIGHT="61" HPOS="471" VPOS="525" WIDTH="329" />
<SP HEIGHT="55" HPOS="801" VPOS="530" WIDTH="27" />
<String CONTENT="of" HEIGHT="52" HPOS="829" VPOS="524" WIDTH="64" />
<SP HEIGHT="69" HPOS="894" VPOS="524" WIDTH="26" />
<String CONTENT="youth;" HEIGHT="69" HPOS="921" VPOS="524" WIDTH="209" />
<SP HEIGHT="48" HPOS="1131" VPOS="543" WIDTH="32" />
<String CONTENT="an" HEIGHT="34" HPOS="1164" VPOS="543" WIDTH="70" />
<SP HEIGHT="35" HPOS="1235" VPOS="543" WIDTH="31" />
<String CONTENT="autobiographical" HEIGHT="71" HPOS="1267" VPOS="524" WIDTH="537" />
<SP HEIGHT="54" HPOS="1805" VPOS="526" WIDTH="28" />
<String CONTENT="study" HEIGHT="69" HPOS="1834" VPOS="526" WIDTH="173" />
<SP HEIGHT="50" HPOS="2008" VPOS="544" WIDTH="28" />
<String CONTENT="of" HEIGHT="52" HPOS="2037" VPOS="525" WIDTH="64" />
<SP HEIGHT="52" HPOS="2102" VPOS="525" WIDTH="27" />
<String CONTENT="the" HEIGHT="52" HPOS="2130" VPOS="525" WIDTH="97" />
<SP HEIGHT="51" HPOS="2228" VPOS="542" WIDTH="25" />
<String CONTENT="years" HEIGHT="52" HPOS="2254" VPOS="541" WIDTH="163" />
</TextLine>
<TextLine HEIGHT="76" HPOS="407" STYLEREFS="StyleId-CD1E8767-E54B-44CC-81D9-82FB8CF64AC2-" VPOS="599" WIDTH="2010">
<String CONTENT="1900-1925," HEIGHT="65" HPOS="407" VPOS="606" WIDTH="324" />
<SP HEIGHT="69" HPOS="732" VPOS="602" WIDTH="29" />
<String CONTENT="by" HEIGHT="70" HPOS="762" VPOS="602" WIDTH="76" />
<SP HEIGHT="69" HPOS="839" VPOS="603" WIDTH="28" />
<String CONTENT="Vera" HEIGHT="53" HPOS="868" VPOS="603" WIDTH="152" />
<SP HEIGHT="53" HPOS="1021" VPOS="603" WIDTH="31" />
<String CONTENT="Brittain." HEIGHT="55" HPOS="1053" VPOS="602" WIDTH="275" />
<SP HEIGHT="52" HPOS="1329" VPOS="604" WIDTH="64" />
<String CONTENT="London," HEIGHT="68" HPOS="1394" VPOS="604" WIDTH="259" />
<SP HEIGHT="67" HPOS="1654" VPOS="605" WIDTH="30" />
<String CONTENT="V." HEIGHT="53" HPOS="1685" VPOS="605" WIDTH="70" />
<SP HEIGHT="55" HPOS="1756" VPOS="603" WIDTH="30" />
<String CONTENT="Gollancz," HEIGHT="71" HPOS="1787" VPOS="602" WIDTH="293" />
<SP HEIGHT="67" HPOS="2081" VPOS="605" WIDTH="29" />
<String CONTENT="ltd.," HEIGHT="68" HPOS="2111" VPOS="604" WIDTH="123" />
<SP HEIGHT="64" HPOS="2235" VPOS="608" WIDTH="31" />
<String CONTENT="1933." HEIGHT="51" HPOS="2267" VPOS="606" WIDTH="150" />
</TextLine>
<TextLine CS="1" HEIGHT="52" HPOS="473" STYLEREFS="StyleId-CD1E8767-E54B-44CC-81D9-82FB8CF64AC2-" VPOS="674" WIDTH="899">
<String CONTENT="661" HEIGHT="41" HPOS="473" VPOS="676" WIDTH="81" />
<SP />
<String CONTENT="p.," CS="1" />
<SP />
<String CONTENT="1" CS="1" />
<SP />
<String CONTENT="l." CS="1" />
<SP HEIGHT="39" HPOS="761" VPOS="678" WIDTH="61" />
<String CONTENT="illus." HEIGHT="39" HPOS="823" VPOS="678" WIDTH="129" />
<SP HEIGHT="48" HPOS="953" VPOS="677" WIDTH="28" />
<String CONTENT="(music)" HEIGHT="48" HPOS="982" VPOS="677" WIDTH="204" />
<SP HEIGHT="47" HPOS="1187" VPOS="678" WIDTH="66" />
<String CONTENT="20" HEIGHT="42" HPOS="1254" VPOS="676" WIDTH="57" />
<String CONTENT="cm" HEIGHT="22" HPOS="1314" STYLE="superscript" VPOS="679" WIDTH="44" />
<String CONTENT="." HEIGHT="7" HPOS="1364" VPOS="711" WIDTH="8" />
</TextLine>
<TextLine HEIGHT="52" HPOS="474" VPOS="734" WIDTH="503">
<String CONTENT="Music:" HEIGHT="41" HPOS="474" VPOS="735" WIDTH="183" />
<SP HEIGHT="38" HPOS="658" VPOS="746" WIDTH="32" />
<String CONTENT="p." HEIGHT="38" HPOS="691" VPOS="746" WIDTH="43" />
<SP HEIGHT="31" HPOS="735" VPOS="754" WIDTH="33" />
<String CONTENT="[78]-[80]" HEIGHT="51" HPOS="769" VPOS="734" WIDTH="208" />
</TextLine>
<TextLine CS="1" HEIGHT="60" HPOS="404" VPOS="785" WIDTH="2016">
<String CONTENT="&#169;" HEIGHT="52" HPOS="404" VPOS="789" WIDTH="55" />
<SP />
<String CONTENT="1c." CS="1" />
<SP HEIGHT="41" HPOS="561" VPOS="794" WIDTH="37" />
<String CONTENT="Sept." HEIGHT="48" HPOS="599" VPOS="794" WIDTH="128" />
<SP HEIGHT="40" HPOS="728" VPOS="794" WIDTH="36" />
<String CONTENT="13," HEIGHT="48" HPOS="765" VPOS="793" WIDTH="69" />
<SP HEIGHT="47" HPOS="835" VPOS="794" WIDTH="35" />
<String CONTENT="1983;" HEIGHT="48" HPOS="871" VPOS="792" WIDTH="142" />
<SP HEIGHT="46" HPOS="1014" VPOS="794" WIDTH="36" />
<String CONTENT="A" HEIGHT="38" HPOS="1051" VPOS="794" WIDTH="43" />
<SP HEIGHT="39" HPOS="1095" VPOS="794" WIDTH="32" />
<String CONTENT="ad" HEIGHT="39" HPOS="1128" VPOS="794" WIDTH="64" />
<SP HEIGHT="40" HPOS="1193" VPOS="793" WIDTH="30" />
<String CONTENT="int." HEIGHT="42" HPOS="1224" VPOS="792" WIDTH="89" />
<SP HEIGHT="39" HPOS="1314" VPOS="794" WIDTH="35" />
<String CONTENT="18172;" HEIGHT="46" HPOS="1350" VPOS="794" WIDTH="172" />
<SP HEIGHT="38" HPOS="1523" VPOS="803" WIDTH="36" />
<String CONTENT="pubd." HEIGHT="47" HPOS="1560" VPOS="794" WIDTH="143" />
<SP HEIGHT="40" HPOS="1704" VPOS="794" WIDTH="37" />
<String CONTENT="Aug." HEIGHT="50" HPOS="1742" VPOS="793" WIDTH="120" />
<SP HEIGHT="41" HPOS="1863" VPOS="793" WIDTH="36" />
<String CONTENT="28;" HEIGHT="48" HPOS="1900" VPOS="793" WIDTH="83" />
<SP HEIGHT="47" HPOS="1984" VPOS="794" WIDTH="37" />
<String CONTENT="Yera" HEIGHT="40" HPOS="2022" VPOS="794" WIDTH="128" />
<SP HEIGHT="40" HPOS="2151" VPOS="794" WIDTH="36" />
<String CONTENT="Brittain," HEIGHT="48" HPOS="2188" VPOS="791" WIDTH="232" />
</TextLine>
<TextLine HEIGHT="50" HPOS="476" VPOS="850" WIDTH="569">
<String CONTENT="London." HEIGHT="40" HPOS="476" VPOS="851" WIDTH="214" />
<SP HEIGHT="49" HPOS="690" VPOS="850" WIDTH="71" />
<String CONTENT="(33-30135)" HEIGHT="49" HPOS="761" VPOS="850" WIDTH="284" />
</TextLine>
<TextLine HEIGHT="67" HPOS="400" STYLEREFS="StyleId-9FE80F9C-BB0F-4105-8355-15BC059CB320-" VPOS="940" WIDTH="923">
<String CONTENT="Broster," HEIGHT="64" HPOS="400" VPOS="942" WIDTH="266" />
<SP HEIGHT="63" HPOS="667" VPOS="943" WIDTH="32" />
<String CONTENT="Dorothy" HEIGHT="65" HPOS="700" VPOS="942" WIDTH="273" />
<SP HEIGHT="64" HPOS="974" VPOS="942" WIDTH="32" />
<String CONTENT="Kathleen." HEIGHT="57" HPOS="1007" VPOS="941" WIDTH="316" />
</TextLine>
<TextLine HEIGHT="75" HPOS="475" STYLEREFS="StyleId-CD1E8767-E54B-44CC-81D9-82FB8CF64AC2-" VPOS="1015" WIDTH="1945">
<String CONTENT="Almond," HEIGHT="59" HPOS="475" VPOS="1018" WIDTH="274" />
<SP HEIGHT="40" HPOS="750" VPOS="1036" WIDTH="51" />
<String CONTENT="wild" HEIGHT="53" HPOS="802" VPOS="1018" WIDTH="137" />
<SP HEIGHT="52" HPOS="940" VPOS="1019" WIDTH="53" />
<String CONTENT="almond," HEIGHT="68" HPOS="994" VPOS="1019" WIDTH="250" />
<SP HEIGHT="70" HPOS="1245" VPOS="1017" WIDTH="50" />
<String CONTENT="by" HEIGHT="71" HPOS="1296" VPOS="1017" WIDTH="76" />
<SP HEIGHT="70" HPOS="1373" VPOS="1018" WIDTH="49" />
<String CONTENT="D." HEIGHT="53" HPOS="1423" VPOS="1018" WIDTH="72" />
<SP HEIGHT="52" HPOS="1496" VPOS="1019" WIDTH="51" />
<String CONTENT="K." HEIGHT="52" HPOS="1548" VPOS="1019" WIDTH="75" />
<SP HEIGHT="52" HPOS="1624" VPOS="1019" WIDTH="53" />
<String CONTENT="Broster." HEIGHT="55" HPOS="1678" VPOS="1018" WIDTH="251" />
<SP HEIGHT="54" HPOS="1930" VPOS="1018" WIDTH="87" />
<String CONTENT="London," HEIGHT="68" HPOS="2018" VPOS="1018" WIDTH="260" />
<SP HEIGHT="68" HPOS="2279" VPOS="1018" WIDTH="48" />
<String CONTENT="W." HEIGHT="55" HPOS="2328" VPOS="1017" WIDTH="92" />
</TextLine>
<TextLine HEIGHT="71" HPOS="402" STYLEREFS="StyleId-CD1E8767-E54B-44CC-81D9-82FB8CF64AC2-" VPOS="1095" WIDTH="729">
<String CONTENT="Heinemann," HEIGHT="71" HPOS="402" VPOS="1095" WIDTH="383" />
<SP HEIGHT="67" HPOS="786" VPOS="1098" WIDTH="29" />
<String CONTENT="ltd." HEIGHT="53" HPOS="816" VPOS="1098" WIDTH="105" />
<SP HEIGHT="34" HPOS="922" VPOS="1131" WIDTH="35" />
<String CONTENT="[1933]" HEIGHT="64" HPOS="958" VPOS="1101" WIDTH="173" />
</TextLine>
<TextLine CS="1" HEIGHT="53" HPOS="474" VPOS="1171" WIDTH="630">
<String CONTENT="5" HEIGHT="40" HPOS="474" VPOS="1172" WIDTH="28" />
<SP HEIGHT="49" HPOS="503" VPOS="1172" WIDTH="23" />
<String CONTENT="p." HEIGHT="37" HPOS="527" VPOS="1184" WIDTH="41" />
<SP />
<String CONTENT="l.," CS="1" />
<SP HEIGHT="47" HPOS="643" VPOS="1173" WIDTH="25" />
<String CONTENT="357," HEIGHT="50" HPOS="669" VPOS="1172" WIDTH="100" />
<SP HEIGHT="30" HPOS="770" VPOS="1192" WIDTH="30" />
<String CONTENT="[1]" HEIGHT="49" HPOS="801" VPOS="1174" WIDTH="56" />
<SP HEIGHT="40" HPOS="858" VPOS="1183" WIDTH="28" />
<String CONTENT="p." HEIGHT="39" HPOS="887" VPOS="1183" WIDTH="43" />
<SP HEIGHT="39" HPOS="931" VPOS="1174" WIDTH="55" />
<String CONTENT="19" HEIGHT="41" HPOS="987" VPOS="1172" WIDTH="59" />
<String CONTENT="cm" HEIGHT="21" HPOS="1047" STYLE="superscript" VPOS="1175" WIDTH="44" />
<String CONTENT="." HEIGHT="9" HPOS="1095" VPOS="1206" WIDTH="9" />
</TextLine>
<TextLine HEIGHT="52" HPOS="477" VPOS="1229" WIDTH="623">
<String CONTENT="Maps" HEIGHT="48" HPOS="477" VPOS="1232" WIDTH="140" />
<SP HEIGHT="31" HPOS="618" VPOS="1241" WIDTH="26" />
<String CONTENT="on" HEIGHT="30" HPOS="645" VPOS="1242" WIDTH="61" />
<SP HEIGHT="43" HPOS="707" VPOS="1231" WIDTH="27" />
<String CONTENT="lining-papers." HEIGHT="52" HPOS="735" VPOS="1229" WIDTH="365" />
</TextLine>
<TextLine CS="1" HEIGHT="59" HPOS="409" VPOS="1280" WIDTH="2015">
<String CONTENT="&#169;" HEIGHT="52" HPOS="409" VPOS="1284" WIDTH="51" />
<SP />
<String CONTENT="1c." CS="1" />
<SP HEIGHT="40" HPOS="563" VPOS="1289" WIDTH="39" />
<String CONTENT="Sept." HEIGHT="49" HPOS="603" VPOS="1289" WIDTH="129" />
<SP HEIGHT="41" HPOS="733" VPOS="1289" WIDTH="33" />
<String CONTENT="22," HEIGHT="45" HPOS="767" VPOS="1289" WIDTH="70" />
<SP HEIGHT="44" HPOS="838" VPOS="1290" WIDTH="35" />
<String CONTENT="1933;" HEIGHT="48" HPOS="874" VPOS="1287" WIDTH="141" />
<SP HEIGHT="47" HPOS="1016" VPOS="1288" WIDTH="37" />
<String CONTENT="A" HEIGHT="40" HPOS="1054" VPOS="1288" WIDTH="44" />
<SP HEIGHT="40" HPOS="1099" VPOS="1288" WIDTH="30" />
<String CONTENT="ad" HEIGHT="39" HPOS="1130" VPOS="1289" WIDTH="62" />
<SP HEIGHT="40" HPOS="1193" VPOS="1289" WIDTH="33" />
<String CONTENT="int." HEIGHT="42" HPOS="1227" VPOS="1288" WIDTH="88" />
<SP HEIGHT="40" HPOS="1316" VPOS="1288" WIDTH="33" />
<String CONTENT="18205;" HEIGHT="47" HPOS="1350" VPOS="1288" WIDTH="172" />
<SP HEIGHT="38" HPOS="1523" VPOS="1299" WIDTH="37" />
<String CONTENT="pubd." HEIGHT="48" HPOS="1561" VPOS="1289" WIDTH="143" />
<SP HEIGHT="40" HPOS="1705" VPOS="1289" WIDTH="36" />
<String CONTENT="July" HEIGHT="49" HPOS="1742" VPOS="1288" WIDTH="117" />
<SP HEIGHT="47" HPOS="1860" VPOS="1289" WIDTH="32" />
<String CONTENT="24;" HEIGHT="47" HPOS="1893" VPOS="1289" WIDTH="84" />
<SP HEIGHT="47" HPOS="1978" VPOS="1289" WIDTH="38" />
<String CONTENT="D." HEIGHT="39" HPOS="2017" VPOS="1289" WIDTH="57" />
<SP HEIGHT="39" HPOS="2075" VPOS="1288" WIDTH="36" />
<String CONTENT="K." HEIGHT="40" HPOS="2112" VPOS="1288" WIDTH="58" />
<SP HEIGHT="39" HPOS="2171" VPOS="1289" WIDTH="36" />
<String CONTENT="Broster," HEIGHT="48" HPOS="2208" VPOS="1288" WIDTH="216" />
</TextLine>
<TextLine HEIGHT="49" HPOS="474" VPOS="1345" WIDTH="568">
<String CONTENT="London." HEIGHT="41" HPOS="474" VPOS="1346" WIDTH="214" />
<SP HEIGHT="49" HPOS="689" VPOS="1345" WIDTH="69" />
<String CONTENT="(33-29806)" HEIGHT="48" HPOS="759" VPOS="1345" WIDTH="283" />
</TextLine>
<TextLine HEIGHT="79" HPOS="407" STYLEREFS="StyleId-CD1E8767-E54B-44CC-81D9-82FB8CF64AC2-" VPOS="1427" WIDTH="2015">
<String CONTENT="Callaghan&#8217;s" HEIGHT="66" HPOS="407" VPOS="1430" WIDTH="383" />
<SP HEIGHT="53" HPOS="791" VPOS="1436" WIDTH="25" />
<String CONTENT="Indiana" HEIGHT="53" HPOS="817" VPOS="1435" WIDTH="250" />
<SP HEIGHT="52" HPOS="1068" VPOS="1436" WIDTH="29" />
<String CONTENT="digest," HEIGHT="71" HPOS="1098" VPOS="1434" WIDTH="206" />
<SP HEIGHT="48" HPOS="1305" VPOS="1456" WIDTH="26" />
<String CONTENT="complete" HEIGHT="67" HPOS="1332" VPOS="1437" WIDTH="278" />
<SP HEIGHT="53" HPOS="1611" VPOS="1436" WIDTH="27" />
<String CONTENT="from" HEIGHT="52" HPOS="1639" VPOS="1436" WIDTH="154" />
<SP HEIGHT="48" HPOS="1794" VPOS="1441" WIDTH="30" />
<String CONTENT="1" HEIGHT="49" HPOS="1825" VPOS="1440" WIDTH="27" />
<SP HEIGHT="51" HPOS="1853" VPOS="1438" WIDTH="28" />
<String CONTENT="Blackford" HEIGHT="53" HPOS="1882" VPOS="1436" WIDTH="322" />
<SP HEIGHT="52" HPOS="2205" VPOS="1436" WIDTH="27" />
<String CONTENT="to" HEIGHT="46" HPOS="2233" VPOS="1442" WIDTH="59" />
<SP HEIGHT="51" HPOS="2293" VPOS="1437" WIDTH="25" />
<String CONTENT="202" HEIGHT="52" HPOS="2319" VPOS="1436" WIDTH="103" />
</TextLine>
<TextLine HEIGHT="77" HPOS="478" STYLEREFS="StyleId-CD1E8767-E54B-44CC-81D9-82FB8CF64AC2-" VPOS="1509" WIDTH="1946">
<String CONTENT="Indiana" HEIGHT="54" HPOS="478" VPOS="1513" WIDTH="251" />
<SP HEIGHT="36" HPOS="730" VPOS="1532" WIDTH="29" />
<String CONTENT="and" HEIGHT="53" HPOS="760" VPOS="1514" WIDTH="112" />
<SP HEIGHT="53" HPOS="873" VPOS="1514" WIDTH="30" />
<String CONTENT="from" HEIGHT="52" HPOS="904" VPOS="1514" WIDTH="155" />
<SP HEIGHT="47" HPOS="1060" VPOS="1519" WIDTH="30" />
<String CONTENT="1" HEIGHT="47" HPOS="1091" VPOS="1519" WIDTH="24" />
<SP HEIGHT="49" HPOS="1116" VPOS="1519" WIDTH="29" />
<String CONTENT="to" HEIGHT="48" HPOS="1146" VPOS="1520" WIDTH="58" />
<SP HEIGHT="49" HPOS="1205" VPOS="1518" WIDTH="29" />
<String CONTENT="92" HEIGHT="51" HPOS="1235" VPOS="1517" WIDTH="66" />
<SP HEIGHT="52" HPOS="1302" VPOS="1515" WIDTH="28" />
<String CONTENT="Indiana" HEIGHT="54" HPOS="1331" VPOS="1515" WIDTH="251" />
<SP HEIGHT="50" HPOS="1583" VPOS="1519" WIDTH="27" />
<String CONTENT="Appellate," HEIGHT="69" HPOS="1611" VPOS="1515" WIDTH="331" />
<SP HEIGHT="47" HPOS="1943" VPOS="1534" WIDTH="29" />
<String CONTENT="also" HEIGHT="53" HPOS="1973" VPOS="1515" WIDTH="118" />
<SP HEIGHT="53" HPOS="2092" VPOS="1515" WIDTH="27" />
<String CONTENT="including" HEIGHT="71" HPOS="2120" VPOS="1512" WIDTH="304" />
</TextLine>
<TextLine CS="1" HEIGHT="150" HPOS="478" STYLEREFS="StyleId-CD1E8767-E54B-44CC-81D9-82FB8CF64AC2-" VPOS="1589" WIDTH="1920">
<String CONTENT="Indiana" HEIGHT="53" HPOS="478" VPOS="1593" WIDTH="251" />
<SP HEIGHT="52" HPOS="730" VPOS="1594" WIDTH="31" />
<String CONTENT="law" HEIGHT="53" HPOS="762" VPOS="1594" WIDTH="111" />
<SP HEIGHT="49" HPOS="874" VPOS="1613" WIDTH="29" />
<String CONTENT="passed" HEIGHT="69" HPOS="904" VPOS="1593" WIDTH="205" />
<SP HEIGHT="53" HPOS="1110" VPOS="1593" WIDTH="30" />
<String CONTENT="upon" HEIGHT="52" HPOS="1141" VPOS="1610" WIDTH="156" />
<SP HEIGHT="53" HPOS="1298" VPOS="1594" WIDTH="29" />
<String CONTENT="by" HEIGHT="68" HPOS="1328" VPOS="1594" WIDTH="76" />
<SP HEIGHT="63" HPOS="1405" VPOS="1599" WIDTH="28" />
<String CONTENT="the" HEIGHT="52" HPOS="1434" VPOS="1595" WIDTH="98" />
<SP HEIGHT="54" HPOS="1533" VPOS="1593" WIDTH="31" />
<String CONTENT="federal" HEIGHT="55" HPOS="1565" VPOS="1593" WIDTH="222" />
<SP HEIGHT="52" HPOS="1788" VPOS="1596" WIDTH="29" />
<String CONTENT="courts" HEIGHT="51" HPOS="1818" VPOS="1598" WIDTH="189" />
<SP HEIGHT="36" HPOS="2008" VPOS="1612" WIDTH="33" />
<String CONTENT="and" HEIGHT="53" HPOS="2042" VPOS="1593" WIDTH="113" />
<SP HEIGHT="53" HPOS="2156" VPOS="1593" WIDTH="30" />
<String CONTENT="the" HEIGHT="53" HPOS="2187" VPOS="1593" WIDTH="94" />
<SP HEIGHT="56" HPOS="2282" VPOS="1592" WIDTH="35" />
<String CONTENT="Supreme" HEIGHT="148" HPOS="478" VPOS="1591" WIDTH="1920" />
<SP HEIGHT="35" HPOS="671" VPOS="1692" WIDTH="39" />
<String CONTENT="court" HEIGHT="49" HPOS="711" VPOS="1678" WIDTH="162" />
</TextLine>
<TextLine CS="1" HEIGHT="71" HPOS="913" STYLEREFS="StyleId-CD1E8767-E54B-44CC-81D9-82FB8CF64AC2-" VPOS="1670" WIDTH="1448">
<String CONTENT="of" HEIGHT="54" HPOS="913" VPOS="1672" WIDTH="63" />
<SP HEIGHT="54" HPOS="977" VPOS="1672" WIDTH="36" />
<String CONTENT="the" HEIGHT="55" HPOS="1014" VPOS="1673" WIDTH="97" />
<SP HEIGHT="54" HPOS="1112" VPOS="1674" WIDTH="37" />
<String CONTENT="United" HEIGHT="57" HPOS="1150" VPOS="1671" WIDTH="220" />
<SP HEIGHT="56" HPOS="1371" VPOS="1672" WIDTH="41" />
<String CONTENT="States," HEIGHT="68" HPOS="1413" VPOS="1672" WIDTH="207" />
<SP HEIGHT="66" HPOS="1621" VPOS="1674" WIDTH="37" />
<String CONTENT="by" HEIGHT="65" HPOS="1659" VPOS="1674" WIDTH="76" />
<SP HEIGHT="66" HPOS="1736" VPOS="1673" WIDTH="36" />
<String CONTENT="Jesse" HEIGHT="56" HPOS="1773" VPOS="1672" WIDTH="159" />
<SP HEIGHT="55" HPOS="1933" VPOS="1674" WIDTH="40" />
<String CONTENT="C." HEIGHT="55" HPOS="1974" VPOS="1674" WIDTH="62" />
<SP HEIGHT="53" HPOS="2037" VPOS="1675" WIDTH="36" />
<String CONTENT="Weaver" HEIGHT="53" HPOS="2074" VPOS="1675" WIDTH="244" />
<SP HEIGHT="33" HPOS="2319" VPOS="1691" WIDTH="42" />
<String CONTENT="&#8230;" CS="1" />
</TextLine>
<TextLine CS="1" HEIGHT="76" HPOS="476" STYLEREFS="StyleId-CD1E8767-E54B-44CC-81D9-82FB8CF64AC2-" VPOS="1748" WIDTH="1947">
<String CONTENT="v." HEIGHT="36" HPOS="476" VPOS="1769" WIDTH="52" />
<SP HEIGHT="50" HPOS="529" VPOS="1755" WIDTH="52" />
<String CONTENT="13." HEIGHT="50" HPOS="582" VPOS="1754" WIDTH="79" />
<SP HEIGHT="35" HPOS="662" VPOS="1785" WIDTH="89" />
<String CONTENT="[Receivers-Subrogation]" CS="1" HEIGHT="72" HPOS="752" VPOS="1750" WIDTH="750" />
<SP HEIGHT="66" HPOS="1521" VPOS="1753" WIDTH="90" />
<String CONTENT="Chicago," HEIGHT="70" HPOS="1612" VPOS="1752" WIDTH="273" />
<SP HEIGHT="70" HPOS="1886" VPOS="1751" WIDTH="49" />
<String CONTENT="Callaghan" HEIGHT="70" HPOS="1936" VPOS="1751" WIDTH="323" />
<SP HEIGHT="33" HPOS="2260" VPOS="1771" WIDTH="50" />
<String CONTENT="and" HEIGHT="53" HPOS="2311" VPOS="1751" WIDTH="112" />
</TextLine>
<TextLine HEIGHT="66" HPOS="478" STYLEREFS="StyleId-CD1E8767-E54B-44CC-81D9-82FB8CF64AC2-" VPOS="1835" WIDTH="484">
<String CONTENT="company," HEIGHT="55" HPOS="478" VPOS="1846" WIDTH="300" />
<SP HEIGHT="65" HPOS="779" VPOS="1835" WIDTH="30" />
<String CONTENT="1933." HEIGHT="51" HPOS="810" VPOS="1835" WIDTH="152" />
</TextLine>
<TextLine CS="1" HEIGHT="52" HPOS="477" VPOS="1903" WIDTH="539">
<String CONTENT="1" HEIGHT="38" HPOS="477" VPOS="1905" WIDTH="22" />
<SP HEIGHT="49" HPOS="500" VPOS="1905" WIDTH="30" />
<String CONTENT="p." HEIGHT="38" HPOS="531" VPOS="1916" WIDTH="42" />
<SP />
<String CONTENT="l.," CS="1" />
<SP HEIGHT="46" HPOS="650" VPOS="1906" WIDTH="29" />
<String CONTENT="589" HEIGHT="43" HPOS="680" VPOS="1903" WIDTH="86" />
<SP HEIGHT="51" HPOS="767" VPOS="1903" WIDTH="30" />
<String CONTENT="p." HEIGHT="37" HPOS="797" VPOS="1917" WIDTH="44" />
<SP HEIGHT="40" HPOS="841" VPOS="1906" WIDTH="56" />
<String CONTENT="26" HEIGHT="40" HPOS="898" VPOS="1906" WIDTH="61" />
<String CONTENT="cm" HEIGHT="21" HPOS="958" STYLE="superscript" VPOS="1908" WIDTH="45" />
<String CONTENT="." HEIGHT="7" HPOS="1006" VPOS="1937" WIDTH="9" />
</TextLine>
<TextLine CS="1" HEIGHT="60" HPOS="410" VPOS="1953" WIDTH="1744">
<String CONTENT="&#169;" HEIGHT="52" HPOS="410" VPOS="1956" WIDTH="52" />
<SP HEIGHT="52" HPOS="463" VPOS="1956" WIDTH="27" />
<String CONTENT="Oct." HEIGHT="42" HPOS="491" VPOS="1961" WIDTH="102" />
<SP HEIGHT="40" HPOS="594" VPOS="1963" WIDTH="25" />
<String CONTENT="31," HEIGHT="47" HPOS="620" VPOS="1963" WIDTH="70" />
<SP HEIGHT="46" HPOS="691" VPOS="1964" WIDTH="26" />
<String CONTENT="1933;" CS="1" HEIGHT="42" HPOS="718" VPOS="1962" WIDTH="115" />
<SP HEIGHT="46" HPOS="862" VPOS="1963" WIDTH="27" />
<String CONTENT="2c." HEIGHT="40" HPOS="890" VPOS="1963" WIDTH="68" />
<SP HEIGHT="30" HPOS="959" VPOS="1973" WIDTH="26" />
<String CONTENT="and" HEIGHT="39" HPOS="986" VPOS="1964" WIDTH="96" />
<SP HEIGHT="39" HPOS="1083" VPOS="1964" WIDTH="25" />
<String CONTENT="aff." HEIGHT="41" HPOS="1109" VPOS="1962" WIDTH="84" />
<SP HEIGHT="40" HPOS="1194" VPOS="1963" WIDTH="25" />
<String CONTENT="Nov." HEIGHT="41" HPOS="1220" VPOS="1962" WIDTH="120" />
<SP HEIGHT="40" HPOS="1341" VPOS="1962" WIDTH="24" />
<String CONTENT="4;" HEIGHT="46" HPOS="1366" VPOS="1962" WIDTH="55" />
<SP HEIGHT="46" HPOS="1422" VPOS="1962" WIDTH="27" />
<String CONTENT="A" HEIGHT="39" HPOS="1450" VPOS="1962" WIDTH="42" />
<SP HEIGHT="40" HPOS="1493" VPOS="1962" WIDTH="25" />
<String CONTENT="65943;" HEIGHT="48" HPOS="1519" VPOS="1961" WIDTH="172" />
<SP HEIGHT="46" HPOS="1692" VPOS="1963" WIDTH="30" />
<String CONTENT="Callaghan" HEIGHT="49" HPOS="1723" VPOS="1962" WIDTH="272" />
<SP HEIGHT="40" HPOS="1996" VPOS="1963" WIDTH="25" />
<String CONTENT="&amp;" HEIGHT="40" HPOS="2022" VPOS="1963" WIDTH="37" />
<SP HEIGHT="40" HPOS="2060" VPOS="1963" WIDTH="27" />
<String CONTENT="co." HEIGHT="29" HPOS="2088" VPOS="1973" WIDTH="66" />
</TextLine>
<TextLine HEIGHT="70" HPOS="409" STYLEREFS="StyleId-9FE80F9C-BB0F-4105-8355-15BC059CB320-" VPOS="2049" WIDTH="1218">
<String CONTENT="Cole," HEIGHT="67" HPOS="409" VPOS="2051" WIDTH="153" />
<SP HEIGHT="65" HPOS="563" VPOS="2053" WIDTH="27" />
<String CONTENT="George" HEIGHT="66" HPOS="591" VPOS="2052" WIDTH="228" />
<SP HEIGHT="54" HPOS="820" VPOS="2054" WIDTH="29" />
<String CONTENT="Douglas" HEIGHT="66" HPOS="850" VPOS="2052" WIDTH="264" />
<SP HEIGHT="54" HPOS="1115" VPOS="2053" WIDTH="29" />
<String CONTENT="Howard," HEIGHT="66" HPOS="1145" VPOS="2052" WIDTH="276" />
<SP HEIGHT="61" HPOS="1422" VPOS="2056" WIDTH="33" />
<String CONTENT="1889-" HEIGHT="51" HPOS="1456" VPOS="2054" WIDTH="171" />
</TextLine>
<TextLine CS="1" HEIGHT="156" HPOS="407" STYLEREFS="StyleId-CD1E8767-E54B-44CC-81D9-82FB8CF64AC2-" VPOS="2122" WIDTH="1994">
<String CONTENT="&#8230;" CS="1" />
<SP HEIGHT="52" HPOS="542" VPOS="2133" WIDTH="47" />
<String CONTENT="The" HEIGHT="54" HPOS="590" VPOS="2131" WIDTH="121" />
<SP HEIGHT="54" HPOS="712" VPOS="2131" WIDTH="40" />
<String CONTENT="intelligent" HEIGHT="69" HPOS="753" VPOS="2131" WIDTH="328" />
<SP HEIGHT="48" HPOS="1082" VPOS="2137" WIDTH="41" />
<String CONTENT="man&#8217;s" HEIGHT="56" HPOS="1124" VPOS="2129" WIDTH="179" />
<SP HEIGHT="35" HPOS="1304" VPOS="2149" WIDTH="42" />
<String CONTENT="review" HEIGHT="54" HPOS="1347" VPOS="2130" WIDTH="208" />
<SP HEIGHT="35" HPOS="1556" VPOS="2148" WIDTH="41" />
<String CONTENT="of" HEIGHT="54" HPOS="1598" VPOS="2129" WIDTH="63" />
<SP HEIGHT="53" HPOS="1662" VPOS="2128" WIDTH="41" />
<String CONTENT="Europe" HEIGHT="69" HPOS="1704" VPOS="2127" WIDTH="235" />
<SP HEIGHT="52" HPOS="1940" VPOS="2129" WIDTH="38" />
<String CONTENT="to-day." HEIGHT="66" HPOS="1979" VPOS="2126" WIDTH="220" />
<SP HEIGHT="54" HPOS="2200" VPOS="2123" WIDTH="74" />
<String CONTENT="London," HEIGHT="153" HPOS="407" VPOS="2122" WIDTH="1994" />
<SP HEIGHT="64" HPOS="539" VPOS="2211" WIDTH="24" />
<String CONTENT="V." HEIGHT="53" HPOS="564" VPOS="2211" WIDTH="71" />
<SP HEIGHT="56" HPOS="636" VPOS="2210" WIDTH="27" />
<String CONTENT="Gollancz," HEIGHT="69" HPOS="664" VPOS="2209" WIDTH="294" />
<SP HEIGHT="65" HPOS="959" VPOS="2212" WIDTH="25" />
<String CONTENT="ltd.," HEIGHT="65" HPOS="985" VPOS="2211" WIDTH="124" />
<SP HEIGHT="63" HPOS="1110" VPOS="2213" WIDTH="30" />
<String CONTENT="1933." HEIGHT="52" HPOS="1141" VPOS="2211" WIDTH="151" />
</TextLine>
<TextLine HEIGHT="56" HPOS="482" VPOS="2277" WIDTH="1416">
<String CONTENT="864" HEIGHT="42" HPOS="482" VPOS="2282" WIDTH="87" />
<SP HEIGHT="50" HPOS="570" VPOS="2283" WIDTH="21" />
<String CONTENT="p." HEIGHT="38" HPOS="592" VPOS="2295" WIDTH="43" />
<SP HEIGHT="40" HPOS="636" VPOS="2284" WIDTH="25" />
<String CONTENT="incl." HEIGHT="42" HPOS="662" VPOS="2283" WIDTH="111" />
<SP HEIGHT="40" HPOS="774" VPOS="2284" WIDTH="24" />
<String CONTENT="illus.," HEIGHT="49" HPOS="799" VPOS="2283" WIDTH="144" />
<SP HEIGHT="47" HPOS="944" VPOS="2285" WIDTH="24" />
<String CONTENT="tables," HEIGHT="47" HPOS="969" VPOS="2283" WIDTH="171" />
<SP HEIGHT="46" HPOS="1141" VPOS="2284" WIDTH="23" />
<String CONTENT="diagrs." HEIGHT="50" HPOS="1165" VPOS="2282" WIDTH="181" />
<SP HEIGHT="41" HPOS="1347" VPOS="2282" WIDTH="54" />
<String CONTENT="double" HEIGHT="40" HPOS="1402" VPOS="2282" WIDTH="174" />
<SP HEIGHT="30" HPOS="1577" VPOS="2292" WIDTH="24" />
<String CONTENT="map." HEIGHT="39" HPOS="1602" VPOS="2290" WIDTH="126" />
<SP HEIGHT="39" HPOS="1729" VPOS="2281" WIDTH="53" />
<String CONTENT="19" HEIGHT="43" HPOS="1783" VPOS="2277" WIDTH="55" />
<String CONTENT="cm" HEIGHT="23" HPOS="1841" STYLE="superscript" VPOS="2279" WIDTH="43" />
<String CONTENT="." HEIGHT="8" HPOS="1890" VPOS="2310" WIDTH="8" />
</TextLine>
<TextLine CS="1" HEIGHT="56" HPOS="483" VPOS="2333" WIDTH="1470">
<String CONTENT="At" HEIGHT="41" HPOS="483" VPOS="2341" WIDTH="63" />
<SP HEIGHT="40" HPOS="547" VPOS="2342" WIDTH="21" />
<String CONTENT="head" HEIGHT="40" HPOS="569" VPOS="2342" WIDTH="126" />
<SP HEIGHT="40" HPOS="696" VPOS="2342" WIDTH="24" />
<String CONTENT="of" HEIGHT="41" HPOS="721" VPOS="2341" WIDTH="52" />
<SP HEIGHT="41" HPOS="774" VPOS="2341" WIDTH="19" />
<String CONTENT="title:" HEIGHT="42" HPOS="794" VPOS="2340" WIDTH="138" />
<SP HEIGHT="41" HPOS="933" VPOS="2341" WIDTH="28" />
<String CONTENT="G." HEIGHT="41" HPOS="962" VPOS="2341" WIDTH="53" />
<SP HEIGHT="41" HPOS="1016" VPOS="2341" WIDTH="25" />
<String CONTENT="D." HEIGHT="40" HPOS="1042" VPOS="2341" WIDTH="56" />
<SP HEIGHT="40" HPOS="1099" VPOS="2341" WIDTH="24" />
<String CONTENT="H." HEIGHT="40" HPOS="1124" VPOS="2341" WIDTH="60" />
<SP HEIGHT="42" HPOS="1185" VPOS="2339" WIDTH="25" />
<String CONTENT="Cole" HEIGHT="44" HPOS="1211" VPOS="2338" WIDTH="112" />
<SP HEIGHT="30" HPOS="1324" VPOS="2351" WIDTH="28" />
<String CONTENT="&#8230;" CS="1" />
<SP HEIGHT="30" HPOS="1400" VPOS="2349" WIDTH="26" />
<String CONTENT="and" HEIGHT="39" HPOS="1427" VPOS="2340" WIDTH="96" />
<SP HEIGHT="41" HPOS="1524" VPOS="2338" WIDTH="25" />
<String CONTENT="Margaret" HEIGHT="49" HPOS="1550" VPOS="2338" WIDTH="252" />
<SP HEIGHT="43" HPOS="1803" VPOS="2334" WIDTH="23" />
<String CONTENT="Cole." HEIGHT="45" HPOS="1827" VPOS="2333" WIDTH="126" />
</TextLine>
<TextLine CS="1" HEIGHT="54" HPOS="484" VPOS="2396" WIDTH="743">
<String CONTENT="Bibliography:" HEIGHT="52" HPOS="484" VPOS="2397" WIDTH="378" />
<SP HEIGHT="37" HPOS="863" VPOS="2410" WIDTH="34" />
<String CONTENT="p." HEIGHT="37" HPOS="898" VPOS="2410" WIDTH="44" />
<SP HEIGHT="31" HPOS="943" VPOS="2418" WIDTH="34" />
<String CONTENT="[835]-842." CS="1" HEIGHT="51" HPOS="992" VPOS="2396" WIDTH="235" />
</TextLine>
<TextLine CS="1" HEIGHT="61" HPOS="412" VPOS="2446" WIDTH="2020">
<String CONTENT="&#169;" HEIGHT="52" HPOS="412" VPOS="2455" WIDTH="53" />
<SP />
<String CONTENT="1c." CS="1" />
<SP HEIGHT="40" HPOS="559" VPOS="2458" WIDTH="28" />
<String CONTENT="Sept." HEIGHT="48" HPOS="588" VPOS="2458" WIDTH="132" />
<SP HEIGHT="40" HPOS="720" VPOS="2458" WIDTH="25" />
<String CONTENT="15," HEIGHT="47" HPOS="746" VPOS="2457" WIDTH="69" />
<SP HEIGHT="46" HPOS="815" VPOS="2458" WIDTH="27" />
<String CONTENT="1933;" HEIGHT="46" HPOS="842" VPOS="2457" WIDTH="143" />
<SP HEIGHT="48" HPOS="985" VPOS="2455" WIDTH="29" />
<String CONTENT="A" HEIGHT="40" HPOS="1014" VPOS="2455" WIDTH="41" />
<SP HEIGHT="41" HPOS="1056" VPOS="2455" WIDTH="24" />
<String CONTENT="ad" HEIGHT="39" HPOS="1081" VPOS="2457" WIDTH="63" />
<SP HEIGHT="41" HPOS="1145" VPOS="2455" WIDTH="24" />
<String CONTENT="int." HEIGHT="41" HPOS="1170" VPOS="2455" WIDTH="88" />
<SP HEIGHT="41" HPOS="1259" VPOS="2455" WIDTH="25" />
<String CONTENT="18234:" HEIGHT="43" HPOS="1285" VPOS="2453" WIDTH="172" />
<SP HEIGHT="38" HPOS="1458" VPOS="2464" WIDTH="29" />
<String CONTENT="pubd." HEIGHT="50" HPOS="1487" VPOS="2452" WIDTH="145" />
<SP HEIGHT="42" HPOS="1632" VPOS="2452" WIDTH="28" />
<String CONTENT="Sept." HEIGHT="48" HPOS="1661" VPOS="2452" WIDTH="130" />
<SP HEIGHT="39" HPOS="1791" VPOS="2453" WIDTH="26" />
<String CONTENT="11;" HEIGHT="47" HPOS="1818" VPOS="2452" WIDTH="83" />
<SP HEIGHT="48" HPOS="1902" VPOS="2450" WIDTH="29" />
<String CONTENT="G." HEIGHT="42" HPOS="1932" VPOS="2450" WIDTH="54" />
<SP HEIGHT="40" HPOS="1987" VPOS="2452" WIDTH="26" />
<String CONTENT="D." HEIGHT="38" HPOS="2014" VPOS="2452" WIDTH="56" />
<SP HEIGHT="39" HPOS="2071" VPOS="2450" WIDTH="30" />
<String CONTENT="H." HEIGHT="40" HPOS="2102" VPOS="2450" WIDTH="59" />
<SP HEIGHT="41" HPOS="2162" VPOS="2449" WIDTH="28" />
<String CONTENT="Cole" HEIGHT="41" HPOS="2191" VPOS="2449" WIDTH="115" />
<SP HEIGHT="29" HPOS="2307" VPOS="2460" WIDTH="27" />
<String CONTENT="and" HEIGHT="43" HPOS="2335" VPOS="2446" WIDTH="96" />
</TextLine>
<TextLine HEIGHT="52" HPOS="481" VPOS="2511" WIDTH="1023">
<String CONTENT="Margaret" HEIGHT="47" HPOS="481" VPOS="2516" WIDTH="252" />
<SP HEIGHT="43" HPOS="734" VPOS="2513" WIDTH="33" />
<String CONTENT="Cole," HEIGHT="48" HPOS="768" VPOS="2513" WIDTH="127" />
<SP HEIGHT="47" HPOS="896" VPOS="2514" WIDTH="35" />
<String CONTENT="London." HEIGHT="39" HPOS="932" VPOS="2514" WIDTH="214" />
<SP HEIGHT="48" HPOS="1147" VPOS="2512" WIDTH="73" />
<String CONTENT="(33-29936)" HEIGHT="49" HPOS="1221" VPOS="2511" WIDTH="283" />
</TextLine>
<TextLine HEIGHT="66" HPOS="410" STYLEREFS="StyleId-9FE80F9C-BB0F-4105-8355-15BC059CB320-" VPOS="2604" WIDTH="654">
<String CONTENT="Cook," HEIGHT="65" HPOS="410" VPOS="2605" WIDTH="177" />
<SP HEIGHT="64" HPOS="588" VPOS="2606" WIDTH="30" />
<String CONTENT="Glen" HEIGHT="55" HPOS="619" VPOS="2605" WIDTH="145" />
<SP HEIGHT="54" HPOS="765" VPOS="2606" WIDTH="32" />
<String CONTENT="Charles." HEIGHT="56" HPOS="798" VPOS="2604" WIDTH="266" />
</TextLine>
<TextLine HEIGHT="79" HPOS="485" STYLEREFS="StyleId-CD1E8767-E54B-44CC-81D9-82FB8CF64AC2-" VPOS="2668" WIDTH="1942">
<String CONTENT="Handbook" HEIGHT="54" HPOS="485" VPOS="2680" WIDTH="325" />
<SP HEIGHT="53" HPOS="811" VPOS="2680" WIDTH="59" />
<String CONTENT="on" HEIGHT="35" HPOS="871" VPOS="2698" WIDTH="72" />
<SP HEIGHT="46" HPOS="944" VPOS="2687" WIDTH="59" />
<String CONTENT="teaching" HEIGHT="68" HPOS="1004" VPOS="2678" WIDTH="269" />
<SP HEIGHT="51" HPOS="1274" VPOS="2695" WIDTH="58" />
<String CONTENT="vocational" HEIGHT="55" HPOS="1333" VPOS="2676" WIDTH="323" />
<SP HEIGHT="53" HPOS="1657" VPOS="2676" WIDTH="59" />
<String CONTENT="agriculture," HEIGHT="71" HPOS="1717" VPOS="2673" WIDTH="367" />
<SP HEIGHT="70" HPOS="2085" VPOS="2671" WIDTH="59" />
<String CONTENT="by" HEIGHT="69" HPOS="2145" VPOS="2671" WIDTH="75" />
<SP HEIGHT="71" HPOS="2221" VPOS="2669" WIDTH="60" />
<String CONTENT="Glen" HEIGHT="57" HPOS="2282" VPOS="2668" WIDTH="145" />
</TextLine>
<TextLine CS="1" HEIGHT="76" HPOS="414" STYLEREFS="StyleId-CD1E8767-E54B-44CC-81D9-82FB8CF64AC2-" VPOS="2750" WIDTH="1761">
<String CONTENT="Charles" HEIGHT="55" HPOS="414" VPOS="2759" WIDTH="236" />
<SP HEIGHT="55" HPOS="651" VPOS="2759" WIDTH="37" />
<String CONTENT="Cook" HEIGHT="56" HPOS="689" VPOS="2758" WIDTH="158" />
<SP HEIGHT="55" HPOS="848" VPOS="2758" WIDTH="38" />
<String CONTENT="&#8230;" CS="1" />
<SP HEIGHT="35" HPOS="944" VPOS="2778" WIDTH="36" />
<String CONTENT="edited" HEIGHT="56" HPOS="981" VPOS="2757" WIDTH="193" />
<SP HEIGHT="52" HPOS="1175" VPOS="2757" WIDTH="31" />
<String CONTENT="by" HEIGHT="68" HPOS="1207" VPOS="2757" WIDTH="75" />
<SP HEIGHT="69" HPOS="1283" VPOS="2756" WIDTH="31" />
<String CONTENT="L." HEIGHT="52" HPOS="1315" VPOS="2756" WIDTH="63" />
<SP HEIGHT="51" HPOS="1379" VPOS="2756" WIDTH="37" />
<String CONTENT="L." HEIGHT="57" HPOS="1417" VPOS="2756" WIDTH="65" />
<SP HEIGHT="59" HPOS="1483" VPOS="2754" WIDTH="36" />
<String CONTENT="Scranton" HEIGHT="55" HPOS="1520" VPOS="2754" WIDTH="283" />
<SP HEIGHT="37" HPOS="1804" VPOS="2771" WIDTH="38" />
<String CONTENT="&#8230;" CS="1" />
<SP HEIGHT="52" HPOS="1901" VPOS="2754" WIDTH="70" />
<String CONTENT="1st" HEIGHT="50" HPOS="1972" VPOS="2754" WIDTH="86" />
<SP HEIGHT="48" HPOS="2059" VPOS="2756" WIDTH="29" />
<String CONTENT="ed." HEIGHT="56" HPOS="2089" VPOS="2750" WIDTH="86" />
</TextLine>
<TextLine CS="1" HEIGHT="158" HPOS="411" STYLEREFS="StyleId-CD1E8767-E54B-44CC-81D9-82FB8CF64AC2-" VPOS="2748" WIDTH="1991">
<String CONTENT="[Danville," HEIGHT="157" HPOS="411" VPOS="2748" WIDTH="1991" />
<SP HEIGHT="67" HPOS="564" VPOS="2838" WIDTH="28" />
<String CONTENT="Ill.," HEIGHT="66" HPOS="593" VPOS="2837" WIDTH="112" />
<SP HEIGHT="66" HPOS="706" VPOS="2837" WIDTH="27" />
<String CONTENT="Interstate" HEIGHT="56" HPOS="734" VPOS="2836" WIDTH="307" />
<SP HEIGHT="44" HPOS="1042" VPOS="2857" WIDTH="14" />
<String CONTENT="printing" HEIGHT="72" HPOS="1057" VPOS="2833" WIDTH="282" />
<SP HEIGHT="52" HPOS="1340" VPOS="2851" WIDTH="26" />
<String CONTENT="co.]" CS="1" HEIGHT="35" HPOS="1367" VPOS="2852" WIDTH="77" />
<SP HEIGHT="66" HPOS="1466" VPOS="2836" WIDTH="35" />
<String CONTENT="1933." HEIGHT="50" HPOS="1502" VPOS="2836" WIDTH="150" />
</TextLine>
<TextLine CS="1" HEIGHT="57" HPOS="484" VPOS="2907" WIDTH="1396">
<String CONTENT="406," HEIGHT="48" HPOS="484" VPOS="2914" WIDTH="100" />
<SP HEIGHT="29" HPOS="585" VPOS="2935" WIDTH="31" />
<String CONTENT="[4]" CS="1" HEIGHT="50" HPOS="631" VPOS="2914" WIDTH="42" />
<SP HEIGHT="39" HPOS="674" VPOS="2925" WIDTH="30" />
<String CONTENT="p." HEIGHT="39" HPOS="705" VPOS="2924" WIDTH="41" />
<SP HEIGHT="41" HPOS="747" VPOS="2911" WIDTH="28" />
<String CONTENT="incl." HEIGHT="42" HPOS="776" VPOS="2911" WIDTH="111" />
<SP HEIGHT="42" HPOS="888" VPOS="2911" WIDTH="29" />
<String CONTENT="illus.," HEIGHT="49" HPOS="918" VPOS="2911" WIDTH="143" />
<SP HEIGHT="37" HPOS="1062" VPOS="2923" WIDTH="29" />
<String CONTENT="plates," HEIGHT="48" HPOS="1092" VPOS="2912" WIDTH="172" />
<SP />
<String CONTENT="forms." CS="1" />
<SP HEIGHT="40" HPOS="1465" VPOS="2909" WIDTH="57" />
<String CONTENT="front." HEIGHT="41" HPOS="1523" VPOS="2909" WIDTH="152" />
<SP HEIGHT="41" HPOS="1676" VPOS="2908" WIDTH="56" />
<String CONTENT="23&#189;" CS="1" HEIGHT="42" HPOS="1733" VPOS="2908" WIDTH="55" />
<String CONTENT="cm" CS="1" HEIGHT="24" HPOS="1822" STYLE="superscript" VPOS="2908" WIDTH="15" />
<String CONTENT="." HEIGHT="8" HPOS="1871" VPOS="2939" WIDTH="9" />
</TextLine>
<TextLine CS="1" HEIGHT="110" HPOS="412" VPOS="2959" WIDTH="2002">
<String CONTENT="&#8220;References&#8221;" HEIGHT="45" HPOS="485" VPOS="2968" WIDTH="351" />
<SP HEIGHT="42" HPOS="837" VPOS="2968" WIDTH="30" />
<String CONTENT="at" HEIGHT="37" HPOS="868" VPOS="2974" WIDTH="52" />
<SP HEIGHT="37" HPOS="921" VPOS="2974" WIDTH="26" />
<String CONTENT="end" HEIGHT="39" HPOS="948" VPOS="2970" WIDTH="93" />
<SP HEIGHT="39" HPOS="1042" VPOS="2970" WIDTH="28" />
<String CONTENT="of" HEIGHT="41" HPOS="1071" VPOS="2968" WIDTH="52" />
<SP HEIGHT="40" HPOS="1124" VPOS="2968" WIDTH="23" />
<String CONTENT="each" HEIGHT="40" HPOS="1148" VPOS="2969" WIDTH="122" />
<SP HEIGHT="41" HPOS="1271" VPOS="2968" WIDTH="28" />
<String CONTENT="chapter;" HEIGHT="48" HPOS="1300" VPOS="2968" WIDTH="230" />
<SP HEIGHT="47" HPOS="1531" VPOS="2967" WIDTH="32" />
<String CONTENT="&#8220;A" HEIGHT="39" HPOS="1564" VPOS="2967" WIDTH="70" />
<SP HEIGHT="47" HPOS="1635" VPOS="2967" WIDTH="26" />
<String CONTENT="partial" HEIGHT="50" HPOS="1662" VPOS="2964" WIDTH="184" />
<SP HEIGHT="39" HPOS="1847" VPOS="2965" WIDTH="28" />
<String CONTENT="list" HEIGHT="40" HPOS="1876" VPOS="2965" WIDTH="85" />
<SP HEIGHT="39" HPOS="1962" VPOS="2966" WIDTH="27" />
<String CONTENT="of" HEIGHT="41" HPOS="1990" VPOS="2963" WIDTH="53" />
<SP HEIGHT="40" HPOS="2044" VPOS="2963" WIDTH="29" />
<String CONTENT="text" HEIGHT="39" HPOS="2074" VPOS="2965" WIDTH="105" />
<SP HEIGHT="39" HPOS="2180" VPOS="2965" WIDTH="29" />
<String CONTENT="and" HEIGHT="39" HPOS="2210" VPOS="2963" WIDTH="96" />
<SP HEIGHT="39" HPOS="2307" VPOS="2963" WIDTH="29" />
<String CONTENT="reference" HEIGHT="110" HPOS="412" VPOS="2959" WIDTH="2002" />
</TextLine>
<TextLine HEIGHT="59" HPOS="612" VPOS="3018" WIDTH="1647">
<String CONTENT="books&#8221;:" HEIGHT="43" HPOS="612" VPOS="3027" WIDTH="209" />
<SP HEIGHT="38" HPOS="821" VPOS="3038" WIDTH="32" />
<String CONTENT="p." HEIGHT="37" HPOS="853" VPOS="3039" WIDTH="43" />
<SP HEIGHT="41" HPOS="896" VPOS="3027" WIDTH="30" />
<String CONTENT="365-368;" HEIGHT="48" HPOS="926" VPOS="3026" WIDTH="234" />
<SP HEIGHT="48" HPOS="1160" VPOS="3026" WIDTH="35" />
<String CONTENT="&#8220;Agricultural" HEIGHT="51" HPOS="1195" VPOS="3024" WIDTH="367" />
<SP HEIGHT="38" HPOS="1562" VPOS="3025" WIDTH="31" />
<String CONTENT="magazines&#8221;:" HEIGHT="51" HPOS="1593" VPOS="3020" WIDTH="336" />
<SP HEIGHT="39" HPOS="1929" VPOS="3031" WIDTH="35" />
<String CONTENT="p." HEIGHT="38" HPOS="1964" VPOS="3032" WIDTH="43" />
<SP HEIGHT="41" HPOS="2007" VPOS="3021" WIDTH="31" />
<String CONTENT="368-369." HEIGHT="44" HPOS="2038" VPOS="3018" WIDTH="221" />
</TextLine>
<TextLine HEIGHT="57" HPOS="414" VPOS="3077" WIDTH="1937">
<String CONTENT="&#169;" HEIGHT="52" HPOS="414" VPOS="3082" WIDTH="52" />
<SP HEIGHT="52" HPOS="467" VPOS="3082" WIDTH="30" />
<String CONTENT="Sept." HEIGHT="48" HPOS="498" VPOS="3086" WIDTH="126" />
<SP HEIGHT="41" HPOS="625" VPOS="3084" WIDTH="26" />
<String CONTENT="20," HEIGHT="48" HPOS="652" VPOS="3084" WIDTH="70" />
<SP HEIGHT="47" HPOS="723" VPOS="3085" WIDTH="27" />
<String CONTENT="1933;" HEIGHT="47" HPOS="751" VPOS="3084" WIDTH="142" />
<SP HEIGHT="47" HPOS="894" VPOS="3084" WIDTH="26" />
<String CONTENT="2c." HEIGHT="40" HPOS="921" VPOS="3084" WIDTH="67" />
<SP HEIGHT="29" HPOS="989" VPOS="3095" WIDTH="27" />
<String CONTENT="and" HEIGHT="39" HPOS="1017" VPOS="3085" WIDTH="96" />
<SP HEIGHT="39" HPOS="1114" VPOS="3085" WIDTH="26" />
<String CONTENT="aff." HEIGHT="40" HPOS="1141" VPOS="3083" WIDTH="83" />
<SP HEIGHT="42" HPOS="1225" VPOS="3083" WIDTH="27" />
<String CONTENT="Oct," HEIGHT="43" HPOS="1253" VPOS="3082" WIDTH="103" />
<SP HEIGHT="39" HPOS="1357" VPOS="3083" WIDTH="25" />
<String CONTENT="6;" HEIGHT="46" HPOS="1383" VPOS="3083" WIDTH="54" />
<SP HEIGHT="46" HPOS="1438" VPOS="3083" WIDTH="28" />
<String CONTENT="A" HEIGHT="38" HPOS="1467" VPOS="3083" WIDTH="42" />
<SP HEIGHT="39" HPOS="1510" VPOS="3082" WIDTH="24" />
<String CONTENT="66488;" HEIGHT="41" HPOS="1535" VPOS="3081" WIDTH="172" />
<SP HEIGHT="41" HPOS="1708" VPOS="3081" WIDTH="30" />
<String CONTENT="Interstate" HEIGHT="41" HPOS="1739" VPOS="3080" WIDTH="271" />
<SP HEIGHT="39" HPOS="2011" VPOS="3087" WIDTH="25" />
<String CONTENT="printing" HEIGHT="49" HPOS="2037" VPOS="3077" WIDTH="218" />
<SP HEIGHT="38" HPOS="2256" VPOS="3087" WIDTH="27" />
<String CONTENT="co." HEIGHT="31" HPOS="2284" VPOS="3087" WIDTH="67" />
</TextLine>
<TextLine HEIGHT="50" HPOS="492" VPOS="3141" WIDTH="282">
<String CONTENT="(33-30095)" HEIGHT="50" HPOS="492" VPOS="3141" WIDTH="282" />
</TextLine>
<TextLine HEIGHT="66" HPOS="412" STYLEREFS="StyleId-9FE80F9C-BB0F-4105-8355-15BC059CB320-" VPOS="3232" WIDTH="530">
<String CONTENT="Cruso," HEIGHT="64" HPOS="412" VPOS="3234" WIDTH="205" />
<SP HEIGHT="64" HPOS="618" VPOS="3234" WIDTH="29" />
<String CONTENT="Solomon." HEIGHT="57" HPOS="648" VPOS="3232" WIDTH="294" />
</TextLine>
<TextLine HEIGHT="81" HPOS="480" STYLEREFS="StyleId-CD1E8767-E54B-44CC-81D9-82FB8CF64AC2-" VPOS="3298" WIDTH="1948">
<String CONTENT="The" HEIGHT="53" HPOS="480" VPOS="3311" WIDTH="121" />
<SP HEIGHT="52" HPOS="602" VPOS="3311" WIDTH="26" />
<String CONTENT="last" HEIGHT="53" HPOS="629" VPOS="3311" WIDTH="111" />
<SP HEIGHT="48" HPOS="741" VPOS="3316" WIDTH="23" />
<String CONTENT="of" HEIGHT="53" HPOS="765" VPOS="3309" WIDTH="66" />
<SP HEIGHT="54" HPOS="832" VPOS="3309" WIDTH="23" />
<String CONTENT="the" HEIGHT="53" HPOS="856" VPOS="3310" WIDTH="95" />
<SP HEIGHT="55" HPOS="952" VPOS="3309" WIDTH="25" />
<String CONTENT="Japs" HEIGHT="69" HPOS="978" VPOS="3309" WIDTH="147" />
<SP HEIGHT="34" HPOS="1126" VPOS="3328" WIDTH="26" />
<String CONTENT="and" HEIGHT="53" HPOS="1153" VPOS="3309" WIDTH="112" />
<SP HEIGHT="53" HPOS="1266" VPOS="3309" WIDTH="26" />
<String CONTENT="the" HEIGHT="53" HPOS="1293" VPOS="3309" WIDTH="94" />
<SP HEIGHT="55" HPOS="1388" VPOS="3307" WIDTH="25" />
<String CONTENT="Jews," HEIGHT="66" HPOS="1414" VPOS="3307" WIDTH="172" />
<SP HEIGHT="67" HPOS="1587" VPOS="3306" WIDTH="24" />
<String CONTENT="by" HEIGHT="68" HPOS="1612" VPOS="3306" WIDTH="77" />
<SP HEIGHT="71" HPOS="1690" VPOS="3303" WIDTH="27" />
<String CONTENT="Solomon" HEIGHT="58" HPOS="1718" VPOS="3302" WIDTH="272" />
<SP HEIGHT="57" HPOS="1991" VPOS="3301" WIDTH="25" />
<String CONTENT="Cruso." HEIGHT="57" HPOS="2017" VPOS="3301" WIDTH="198" />
<SP HEIGHT="55" HPOS="2216" VPOS="3299" WIDTH="73" />
<String CONTENT="New" HEIGHT="54" HPOS="2290" VPOS="3298" WIDTH="138" />
</TextLine>
<TextLine CS="1" HEIGHT="71" HPOS="411" STYLEREFS="StyleId-CD1E8767-E54B-44CC-81D9-82FB8CF64AC2-" VPOS="3387" WIDTH="1127">
<String CONTENT="York," HEIGHT="69" HPOS="411" VPOS="3389" WIDTH="181" />
<SP HEIGHT="69" HPOS="593" VPOS="3389" WIDTH="27" />
<String CONTENT="H." HEIGHT="54" HPOS="621" VPOS="3389" WIDTH="77" />
<SP HEIGHT="55" HPOS="699" VPOS="3389" WIDTH="28" />
<String CONTENT="W." HEIGHT="56" HPOS="728" VPOS="3388" WIDTH="89" />
<SP HEIGHT="54" HPOS="818" VPOS="3388" WIDTH="28" />
<String CONTENT="Lefkowitz," HEIGHT="67" HPOS="847" VPOS="3388" WIDTH="343" />
<SP HEIGHT="67" HPOS="1191" VPOS="3388" WIDTH="27" />
<String CONTENT="inc." HEIGHT="54" HPOS="1219" VPOS="3387" WIDTH="108" />
<SP HEIGHT="34" HPOS="1328" VPOS="3419" WIDTH="35" />
<String CONTENT="[" CS="1" />
<String CONTENT="c" HEIGHT="22" HPOS="1382" STYLE="superscript" VPOS="3392" WIDTH="18" />
<String CONTENT="1933]" CS="1" HEIGHT="50" HPOS="1406" VPOS="3388" WIDTH="132" />
</TextLine>
<TextLine CS="1" HEIGHT="52" HPOS="481" STYLEREFS="StyleId-CD1E8767-E54B-44CC-81D9-82FB8CF64AC2-" VPOS="3462" WIDTH="477">
<String CONTENT="333," HEIGHT="48" HPOS="481" VPOS="3463" WIDTH="99" />
<SP HEIGHT="31" HPOS="581" VPOS="3483" WIDTH="34" />
<String CONTENT="[1]" HEIGHT="50" HPOS="616" VPOS="3464" WIDTH="54" />
<SP HEIGHT="39" HPOS="671" VPOS="3474" WIDTH="35" />
<String CONTENT="p." HEIGHT="40" HPOS="707" VPOS="3473" WIDTH="42" />
<SP HEIGHT="39" HPOS="750" VPOS="3463" WIDTH="60" />
<String CONTENT="19&#189;" CS="1" HEIGHT="41" HPOS="811" VPOS="3462" WIDTH="56" />
<String CONTENT="cm" HEIGHT="22" HPOS="899" STYLE="superscript" VPOS="3465" WIDTH="45" />
<String CONTENT="." HEIGHT="10" HPOS="949" VPOS="3493" WIDTH="9" />
</TextLine>
<TextLine CS="1" HEIGHT="61" HPOS="414" VPOS="3509" WIDTH="2017">
<String CONTENT="&#169;" HEIGHT="53" HPOS="414" VPOS="3517" WIDTH="52" />
<SP HEIGHT="53" HPOS="467" VPOS="3517" WIDTH="30" />
<String CONTENT="Oct." HEIGHT="41" HPOS="498" VPOS="3523" WIDTH="104" />
<SP HEIGHT="39" HPOS="603" VPOS="3523" WIDTH="31" />
<String CONTENT="16," HEIGHT="47" HPOS="635" VPOS="3522" WIDTH="68" />
<SP HEIGHT="46" HPOS="704" VPOS="3523" WIDTH="31" />
<String CONTENT="1933;" HEIGHT="47" HPOS="736" VPOS="3521" WIDTH="141" />
<SP HEIGHT="46" HPOS="878" VPOS="3521" WIDTH="32" />
<String CONTENT="2c." HEIGHT="40" HPOS="911" VPOS="3521" WIDTH="68" />
<SP HEIGHT="30" HPOS="980" VPOS="3531" WIDTH="29" />
<String CONTENT="and" HEIGHT="39" HPOS="1010" VPOS="3521" WIDTH="97" />
<SP HEIGHT="39" HPOS="1108" VPOS="3521" WIDTH="29" />
<String CONTENT="aff." HEIGHT="41" HPOS="1138" VPOS="3519" WIDTH="83" />
<SP HEIGHT="42" HPOS="1222" VPOS="3520" WIDTH="32" />
<String CONTENT="Oct." HEIGHT="43" HPOS="1255" VPOS="3519" WIDTH="103" />
<SP HEIGHT="39" HPOS="1359" VPOS="3520" WIDTH="31" />
<String CONTENT="18:" HEIGHT="41" HPOS="1391" VPOS="3519" WIDTH="83" />
<SP HEIGHT="43" HPOS="1475" VPOS="3517" WIDTH="33" />
<String CONTENT="A" HEIGHT="40" HPOS="1509" VPOS="3517" WIDTH="42" />
<SP HEIGHT="40" HPOS="1552" VPOS="3517" WIDTH="29" />
<String CONTENT="66680;" CS="1" HEIGHT="47" HPOS="1582" VPOS="3516" WIDTH="171" />
<SP HEIGHT="46" HPOS="1754" VPOS="3517" WIDTH="36" />
<String CONTENT="Herman" HEIGHT="40" HPOS="1791" VPOS="3516" WIDTH="218" />
<SP HEIGHT="39" HPOS="2010" VPOS="3514" WIDTH="31" />
<String CONTENT="W." HEIGHT="39" HPOS="2042" VPOS="3514" WIDTH="70" />
<SP HEIGHT="39" HPOS="2113" VPOS="3513" WIDTH="34" />
<String CONTENT="Lefkowitz," HEIGHT="48" HPOS="2148" VPOS="3509" WIDTH="283" />
</TextLine>
<TextLine HEIGHT="49" HPOS="479" VPOS="3578" WIDTH="449">
<String CONTENT="inc." HEIGHT="41" HPOS="479" VPOS="3579" WIDTH="92" />
<SP HEIGHT="42" HPOS="571" VPOS="3579" WIDTH="73" />
<String CONTENT="(33-30141)" HEIGHT="49" HPOS="644" VPOS="3578" WIDTH="284" />
</TextLine>
<TextLine HEIGHT="69" HPOS="412" STYLEREFS="StyleId-9FE80F9C-BB0F-4105-8355-15BC059CB320-" VPOS="3666" WIDTH="935">
<String CONTENT="Davis," HEIGHT="66" HPOS="412" VPOS="3668" WIDTH="202" />
<SP HEIGHT="64" HPOS="615" VPOS="3670" WIDTH="31" />
<String CONTENT="Elmer" HEIGHT="55" HPOS="647" VPOS="3668" WIDTH="200" />
<SP HEIGHT="54" HPOS="848" VPOS="3668" WIDTH="30" />
<String CONTENT="Holmes," HEIGHT="67" HPOS="879" VPOS="3667" WIDTH="261" />
<SP HEIGHT="63" HPOS="1141" VPOS="3671" WIDTH="32" />
<String CONTENT="1890-" HEIGHT="53" HPOS="1174" VPOS="3669" WIDTH="173" />
</TextLine>
<TextLine HEIGHT="82" HPOS="482" STYLEREFS="StyleId-CD1E8767-E54B-44CC-81D9-82FB8CF64AC2-" VPOS="3735" WIDTH="1948">
<String CONTENT="Bare" HEIGHT="52" HPOS="482" VPOS="3748" WIDTH="151" />
<SP HEIGHT="54" HPOS="634" VPOS="3746" WIDTH="29" />
<String CONTENT="living," HEIGHT="72" HPOS="664" VPOS="3744" WIDTH="204" />
<SP HEIGHT="69" HPOS="869" VPOS="3745" WIDTH="29" />
<String CONTENT="by" HEIGHT="71" HPOS="899" VPOS="3745" WIDTH="76" />
<SP HEIGHT="71" HPOS="976" VPOS="3745" WIDTH="32" />
<String CONTENT="Elmer" HEIGHT="55" HPOS="1009" VPOS="3745" WIDTH="197" />
<SP HEIGHT="54" HPOS="1207" VPOS="3745" WIDTH="30" />
<String CONTENT="Davis" HEIGHT="56" HPOS="1238" VPOS="3744" WIDTH="181" />
<SP HEIGHT="36" HPOS="1420" VPOS="3763" WIDTH="35" />
<String CONTENT="and" HEIGHT="54" HPOS="1456" VPOS="3743" WIDTH="116" />
<SP HEIGHT="57" HPOS="1573" VPOS="3740" WIDTH="32" />
<String CONTENT="Guy" HEIGHT="71" HPOS="1606" VPOS="3740" WIDTH="135" />
<SP HEIGHT="71" HPOS="1742" VPOS="3740" WIDTH="31" />
<String CONTENT="Holt." HEIGHT="54" HPOS="1774" VPOS="3739" WIDTH="162" />
<SP HEIGHT="54" HPOS="1937" VPOS="3738" WIDTH="74" />
<String CONTENT="Indianapolis," HEIGHT="71" HPOS="2012" VPOS="3735" WIDTH="418" />
</TextLine>
<TextLine HEIGHT="72" HPOS="411" STYLEREFS="StyleId-CD1E8767-E54B-44CC-81D9-82FB8CF64AC2-" VPOS="3823" WIDTH="1148">
<String CONTENT="The" HEIGHT="53" HPOS="411" VPOS="3826" WIDTH="121" />
<SP HEIGHT="53" HPOS="533" VPOS="3826" WIDTH="29" />
<String CONTENT="Bobbs-Merrill" HEIGHT="56" HPOS="563" VPOS="3824" WIDTH="447" />
<SP HEIGHT="52" HPOS="1011" VPOS="3826" WIDTH="32" />
<String CONTENT="company" HEIGHT="51" HPOS="1044" VPOS="3843" WIDTH="283" />
<SP HEIGHT="50" HPOS="1328" VPOS="3843" WIDTH="34" />
<String CONTENT="[" HEIGHT="34" HPOS="1363" VPOS="3857" WIDTH="12" />
<String CONTENT="c" HEIGHT="22" HPOS="1381" STYLE="superscript" VPOS="3829" WIDTH="18" />
<String CONTENT="1933]" HEIGHT="64" HPOS="1405" VPOS="3826" WIDTH="154" />
</TextLine>
<TextLine CS="1" HEIGHT="50" HPOS="480" VPOS="3898" WIDTH="597">
<String CONTENT="3" HEIGHT="40" HPOS="480" VPOS="3900" WIDTH="28" />
<SP HEIGHT="48" HPOS="509" VPOS="3900" WIDTH="27" />
<String CONTENT="p." HEIGHT="37" HPOS="537" VPOS="3911" WIDTH="41" />
<SP />
<String CONTENT="l.," CS="1" />
<SP HEIGHT="49" HPOS="654" VPOS="3899" WIDTH="28" />
<String CONTENT="9-313" HEIGHT="42" HPOS="683" VPOS="3898" WIDTH="143" />
<SP HEIGHT="47" HPOS="827" VPOS="3900" WIDTH="30" />
<String CONTENT="p." HEIGHT="37" HPOS="858" VPOS="3910" WIDTH="42" />
<SP HEIGHT="39" HPOS="901" VPOS="3900" WIDTH="58" />
<String CONTENT="20" HEIGHT="40" HPOS="960" VPOS="3900" WIDTH="57" />
<String CONTENT="cm" HEIGHT="22" HPOS="1020" STYLE="superscript" VPOS="3901" WIDTH="45" />
<String CONTENT="." HEIGHT="8" HPOS="1069" VPOS="3932" WIDTH="8" />
</TextLine>
<TextLine HEIGHT="43" HPOS="482" VPOS="3956" WIDTH="421">
<String CONTENT="&#8220;First" HEIGHT="42" HPOS="482" VPOS="3957" WIDTH="163" />
<SP HEIGHT="38" HPOS="646" VPOS="3960" WIDTH="28" />
<String CONTENT="edition.&#8221;" HEIGHT="43" HPOS="675" VPOS="3956" WIDTH="228" />
</TextLine>
<TextLine CS="1" HEIGHT="61" HPOS="414" VPOS="4003" WIDTH="2021">
<String CONTENT="&#169;" HEIGHT="52" HPOS="414" VPOS="4012" WIDTH="52" />
<SP HEIGHT="52" HPOS="467" VPOS="4012" WIDTH="33" />
<String CONTENT="Oct." HEIGHT="42" HPOS="501" VPOS="4015" WIDTH="102" />
<SP HEIGHT="39" HPOS="604" VPOS="4017" WIDTH="32" />
<String CONTENT="11," HEIGHT="46" HPOS="637" VPOS="4017" WIDTH="67" />
<SP HEIGHT="46" HPOS="705" VPOS="4017" WIDTH="34" />
<String CONTENT="1933;" HEIGHT="49" HPOS="740" VPOS="4014" WIDTH="141" />
<SP HEIGHT="46" HPOS="882" VPOS="4016" WIDTH="35" />
<String CONTENT="2c." HEIGHT="40" HPOS="918" VPOS="4016" WIDTH="67" />
<SP HEIGHT="30" HPOS="986" VPOS="4026" WIDTH="31" />
<String CONTENT="and" HEIGHT="39" HPOS="1018" VPOS="4016" WIDTH="96" />
<SP HEIGHT="39" HPOS="1115" VPOS="4016" WIDTH="32" />
<String CONTENT="aff." HEIGHT="40" HPOS="1148" VPOS="4015" WIDTH="81" />
<SP HEIGHT="43" HPOS="1230" VPOS="4014" WIDTH="35" />
<String CONTENT="Oct." HEIGHT="44" HPOS="1266" VPOS="4013" WIDTH="103" />
<SP HEIGHT="37" HPOS="1370" VPOS="4015" WIDTH="32" />
<String CONTENT="18:" HEIGHT="38" HPOS="1403" VPOS="4014" WIDTH="85" />
<SP HEIGHT="40" HPOS="1489" VPOS="4012" WIDTH="36" />
<String CONTENT="A" HEIGHT="40" HPOS="1526" VPOS="4012" WIDTH="42" />
<SP HEIGHT="41" HPOS="1569" VPOS="4011" WIDTH="32" />
<String CONTENT="66678:" CS="1" HEIGHT="42" HPOS="1602" VPOS="4010" WIDTH="171" />
<SP HEIGHT="42" HPOS="1774" VPOS="4010" WIDTH="35" />
<String CONTENT="Elmer" HEIGHT="40" HPOS="1810" VPOS="4009" WIDTH="163" />
<SP HEIGHT="39" HPOS="1974" VPOS="4008" WIDTH="33" />
<String CONTENT="Davis" HEIGHT="42" HPOS="2008" VPOS="4005" WIDTH="153" />
<SP HEIGHT="31" HPOS="2162" VPOS="4016" WIDTH="33" />
<String CONTENT="and" HEIGHT="41" HPOS="2196" VPOS="4005" WIDTH="97" />
<SP HEIGHT="41" HPOS="2294" VPOS="4004" WIDTH="33" />
<String CONTENT="Guy" HEIGHT="48" HPOS="2328" VPOS="4003" WIDTH="107" />
</TextLine>
<TextLine HEIGHT="51" HPOS="483" VPOS="4071" WIDTH="817">
<String CONTENT="Holt," HEIGHT="48" HPOS="483" VPOS="4074" WIDTH="131" />
<SP HEIGHT="49" HPOS="615" VPOS="4073" WIDTH="34" />
<String CONTENT="New" HEIGHT="41" HPOS="650" VPOS="4072" WIDTH="119" />
<SP HEIGHT="40" HPOS="770" VPOS="4073" WIDTH="29" />
<String CONTENT="York." HEIGHT="40" HPOS="800" VPOS="4073" WIDTH="144" />
<SP HEIGHT="49" HPOS="945" VPOS="4072" WIDTH="71" />
<String CONTENT="(33-30146)" HEIGHT="50" HPOS="1017" VPOS="4071" WIDTH="283" />
</TextLine>
</TextBlock>
</PrintSpace>
</Page>
</Layout>
</alto>