<alto xmlns="http://www.loc.gov/standards/alto/ns-v3#" xmlns:xsi="http://www.w3.org/2001/XMLSchema-instance" xsi:schemaLocation="http://www.loc.gov/standards/alto/ns-v3# http://www.loc.gov/alto/v3/alto-3-0.xsd"><Description>
<MeasurementUnit>pixel</MeasurementUnit>
<sourceImageInformation>
<fileName>1933_v1_Part1.pdf</fileName>
</sourceImageInformation>
<OCRProcessing ID="IdOcr">
<ocrProcessingStep>
<processingDateTime>2019-01-03</processingDateTime>
<processingSoftware>
<softwareCreator>ABBYY</softwareCreator>
<softwareName>ABBYY Recognition Server</softwareName>
<softwareVersion>4.0</softwareVersion>
</processingSoftware>
</ocrProcessingStep>
</OCRProcessing>
</Description>
<Styles>
<ParagraphStyle ALIGN="Left" FIRSTLINE="0." ID="StyleId-FFFFFFFF-FFFF-FFFF-FFFF-FFFFFFFFFFFF-" LEFT="0." RIGHT="0." />
<ParagraphStyle ALIGN="Left" FIRSTLINE="0." ID="StyleId-6EF5737A-DCEB-4126-A0CF-C5930BF7166A-" LEFT="0." LINESPACE="8.300000191" RIGHT="0." />
<ParagraphStyle ALIGN="Left" FIRSTLINE="0." ID="StyleId-2DE44258-FD0B-41E1-B542-087C989B01A3-" LEFT="0." LINESPACE="12.19999981" RIGHT="0." />
<ParagraphStyle ALIGN="Left" FIRSTLINE="-14." ID="StyleId-CE3D254A-29D7-4DD7-B5F1-E0FC0EF29B05-" LEFT="0." LINESPACE="8.619999886" RIGHT="0." />
<ParagraphStyle ALIGN="Left" FIRSTLINE="-14." ID="StyleId-C0E3A137-CE4F-4287-8A90-B599106709D0-" LEFT="0." LINESPACE="12.19999981" RIGHT="0." />
<ParagraphStyle ALIGN="Left" FIRSTLINE="-14." ID="StyleId-50F26F0C-05DA-4C19-BA58-7A6AC4499BEE-" LEFT="0." LINESPACE="11.06999969" RIGHT="0." />
<ParagraphStyle ALIGN="Center" FIRSTLINE="0." ID="StyleId-5DDE65AF-512C-41E2-9B8E-095D6D99EF68-" LEFT="0." LINESPACE="11.89999962" RIGHT="0." />
<ParagraphStyle ALIGN="Left" FIRSTLINE="0." ID="StyleId-0A81D7A5-6A62-4C52-915E-7768974C704D-" LEFT="0." LINESPACE="9.399999619" RIGHT="0." />
<ParagraphStyle ALIGN="Block" FIRSTLINE="-13." ID="StyleId-F7A0127F-6B48-4157-BB81-FE33E1E1A05B-" LEFT="0." LINESPACE="10.63000011" RIGHT="0." />
<ParagraphStyle ALIGN="Left" FIRSTLINE="0." ID="StyleId-E18C69F7-DBD7-48B1-805C-FCD96D0DA019-" LEFT="0." LINESPACE="11.64000034" RIGHT="0." />
<ParagraphStyle ALIGN="Left" FIRSTLINE="-14." ID="StyleId-98F15501-B611-4E83-8BB3-807E891F11F5-" LEFT="0." LINESPACE="12.19999981" RIGHT="0." />
<ParagraphStyle ALIGN="Left" FIRSTLINE="0." ID="StyleId-F4A78626-0BBC-4D12-94D9-A1AE75A9855F-" LEFT="0." LINESPACE="9.399999619" RIGHT="0." />
<ParagraphStyle ALIGN="Left" FIRSTLINE="0." ID="StyleId-6A3F6F4C-D21B-4ADE-902F-7683F18ECEF3-" LEFT="0." LINESPACE="11.10000038" RIGHT="0." />
</Styles>
<Layout>
<Page HEIGHT="4453" ID="Page1820" PHYSICAL_IMG_NR="1820" WIDTH="2582">
<TopMargin HEIGHT="488" HPOS="0" VPOS="0" WIDTH="2582">
</TopMargin>
<LeftMargin HEIGHT="3758" HPOS="0" VPOS="488" WIDTH="360">
</LeftMargin>
<RightMargin HEIGHT="3758" HPOS="2408" VPOS="488" WIDTH="174">
</RightMargin>
<BottomMargin HEIGHT="207" HPOS="0" VPOS="4246" WIDTH="2582">
</BottomMargin>
<PrintSpace HEIGHT="3758" HPOS="360" VPOS="488" WIDTH="2048">
<TextBlock CS="1" HEIGHT="70" HPOS="1308" ID="Page1820_Block1" LANG="en-US" STYLEREFS="StyleId-DCF070F0-E628-4602-99BD-229C7AB85705-" VPOS="4176" WIDTH="154">
<TextLine CS="1" HEIGHT="48" HPOS="1385" VPOS="4186" WIDTH="67">
<String CONTENT="1820" CS="1" HEIGHT="48" HPOS="1385" VPOS="4186" WIDTH="67" />
</TextLine>
</TextBlock>
<TextBlock CS="1" HEIGHT="3694" HPOS="360" ID="Page1820_Block2" LANG="en-US" STYLEREFS="StyleId-EB51EB77-4A98-432A-9A3B-E0E023322F90-" VPOS="488" WIDTH="2048">
<TextLine HEIGHT="65" HPOS="373" STYLEREFS="StyleId-91D2EC15-1133-4EEC-84D8-D2F6252EAF60-" VPOS="498" WIDTH="802">
<String CONTENT="Grucci," HEIGHT="65" HPOS="373" VPOS="498" WIDTH="230" />
<SP HEIGHT="64" HPOS="604" VPOS="499" WIDTH="28" />
<String CONTENT="Joseph" HEIGHT="64" HPOS="633" VPOS="499" WIDTH="223" />
<SP HEIGHT="52" HPOS="857" VPOS="499" WIDTH="28" />
<String CONTENT="Leonard." HEIGHT="55" HPOS="886" VPOS="499" WIDTH="289" />
</TextLine>
<TextLine CS="1" HEIGHT="134" HPOS="370" STYLEREFS="StyleId-D89356DB-DE6F-4C9C-A872-B9F44BBC7B8A-" VPOS="574" WIDTH="1996">
<String CONTENT="Lovers" HEIGHT="53" HPOS="440" VPOS="576" WIDTH="214" />
<SP HEIGHT="36" HPOS="655" VPOS="593" WIDTH="39" />
<String CONTENT="of" HEIGHT="53" HPOS="695" VPOS="574" WIDTH="64" />
<SP HEIGHT="53" HPOS="760" VPOS="574" WIDTH="39" />
<String CONTENT="earth," HEIGHT="66" HPOS="800" VPOS="576" WIDTH="180" />
<SP HEIGHT="66" HPOS="981" VPOS="576" WIDTH="40" />
<String CONTENT="by" HEIGHT="66" HPOS="1022" VPOS="576" WIDTH="71" />
<SP HEIGHT="66" HPOS="1094" VPOS="576" WIDTH="42" />
<String CONTENT="Joseph" HEIGHT="68" HPOS="1137" VPOS="576" WIDTH="217" />
<SP HEIGHT="52" HPOS="1355" VPOS="576" WIDTH="40" />
<String CONTENT="Leonard" HEIGHT="54" HPOS="1396" VPOS="576" WIDTH="262" />
<SP HEIGHT="56" HPOS="1659" VPOS="576" WIDTH="42" />
<String CONTENT="Grucci;" HEIGHT="68" HPOS="1702" VPOS="576" WIDTH="239" />
<SP HEIGHT="47" HPOS="1942" VPOS="597" WIDTH="43" />
<String CONTENT="with" HEIGHT="53" HPOS="1986" VPOS="577" WIDTH="138" />
<SP HEIGHT="53" HPOS="2125" VPOS="579" WIDTH="43" />
<String CONTENT="a" HEIGHT="33" HPOS="2169" VPOS="599" WIDTH="31" />
<SP HEIGHT="54" HPOS="2201" VPOS="578" WIDTH="40" />
<String CONTENT="foreword" HEIGHT="130" HPOS="370" VPOS="578" WIDTH="1996" />
</TextLine>
<TextLine CS="1" HEIGHT="132" HPOS="370" STYLEREFS="StyleId-D89356DB-DE6F-4C9C-A872-B9F44BBC7B8A-" VPOS="654" WIDTH="1997">
<String CONTENT="by" CS="1" HEIGHT="53" HPOS="565" VPOS="654" WIDTH="33" />
<SP HEIGHT="56" HPOS="640" VPOS="654" WIDTH="32" />
<String CONTENT="Fred" HEIGHT="53" HPOS="673" VPOS="654" WIDTH="154" />
<SP HEIGHT="52" HPOS="828" VPOS="655" WIDTH="34" />
<String CONTENT="Lewis" HEIGHT="53" HPOS="863" VPOS="655" WIDTH="185" />
<SP HEIGHT="52" HPOS="1049" VPOS="656" WIDTH="35" />
<String CONTENT="Pattee;" HEIGHT="65" HPOS="1085" VPOS="656" WIDTH="229" />
<SP HEIGHT="47" HPOS="1315" VPOS="674" WIDTH="39" />
<String CONTENT="woodcuts" HEIGHT="53" HPOS="1355" VPOS="656" WIDTH="289" />
<SP HEIGHT="53" HPOS="1645" VPOS="656" WIDTH="33" />
<String CONTENT="by" HEIGHT="67" HPOS="1679" VPOS="656" WIDTH="73" />
<SP HEIGHT="68" HPOS="1753" VPOS="655" WIDTH="39" />
<String CONTENT="Carmen" HEIGHT="55" HPOS="1793" VPOS="655" WIDTH="244" />
<SP HEIGHT="52" HPOS="2038" VPOS="657" WIDTH="35" />
<String CONTENT="R." HEIGHT="52" HPOS="2074" VPOS="657" WIDTH="67" />
<SP HEIGHT="55" HPOS="2142" VPOS="656" WIDTH="38" />
<String CONTENT="Carnevale." HEIGHT="130" HPOS="370" VPOS="656" WIDTH="1997" />
</TextLine>
<TextLine HEIGHT="70" HPOS="588" STYLEREFS="StyleId-D89356DB-DE6F-4C9C-A872-B9F44BBC7B8A-" VPOS="732" WIDTH="1164">
<String CONTENT="Pittsburgh," HEIGHT="69" HPOS="588" VPOS="732" WIDTH="364" />
<SP HEIGHT="60" HPOS="953" VPOS="734" WIDTH="27" />
<String CONTENT="Pa.," HEIGHT="58" HPOS="981" VPOS="734" WIDTH="120" />
<SP HEIGHT="58" HPOS="1102" VPOS="734" WIDTH="27" />
<String CONTENT="A." HEIGHT="51" HPOS="1130" VPOS="734" WIDTH="69" />
<SP HEIGHT="51" HPOS="1200" VPOS="734" WIDTH="32" />
<String CONTENT="E." HEIGHT="52" HPOS="1233" VPOS="734" WIDTH="66" />
<SP HEIGHT="52" HPOS="1300" VPOS="734" WIDTH="28" />
<String CONTENT="Ignelzi," HEIGHT="68" HPOS="1329" VPOS="734" WIDTH="242" />
<SP HEIGHT="61" HPOS="1572" VPOS="740" WIDTH="30" />
<String CONTENT="1933." HEIGHT="50" HPOS="1603" VPOS="737" WIDTH="149" />
</TextLine>
<TextLine CS="1" HEIGHT="49" HPOS="442" VPOS="807" WIDTH="1056">
<String CONTENT="6" HEIGHT="40" HPOS="442" VPOS="807" WIDTH="27" />
<SP HEIGHT="48" HPOS="470" VPOS="807" WIDTH="24" />
<String CONTENT="p." HEIGHT="36" HPOS="495" VPOS="819" WIDTH="42" />
<SP />
<String CONTENT="l.," CS="1" HEIGHT="12" HPOS="602" VPOS="840" WIDTH="8" />
<SP HEIGHT="44" HPOS="611" VPOS="808" WIDTH="27" />
<String CONTENT="17-62" HEIGHT="40" HPOS="639" VPOS="807" WIDTH="144" />
<SP HEIGHT="48" HPOS="784" VPOS="807" WIDTH="26" />
<String CONTENT="p.," HEIGHT="37" HPOS="811" VPOS="818" WIDTH="57" />
<SP HEIGHT="43" HPOS="869" VPOS="807" WIDTH="29" />
<String CONTENT="1" HEIGHT="39" HPOS="899" VPOS="807" WIDTH="23" />
<SP />
<String CONTENT="l." CS="1" />
<SP HEIGHT="39" HPOS="981" VPOS="808" WIDTH="28" />
<String CONTENT="incl." HEIGHT="39" HPOS="1010" VPOS="808" WIDTH="109" />
<SP HEIGHT="48" HPOS="1120" VPOS="808" WIDTH="28" />
<String CONTENT="plates." HEIGHT="48" HPOS="1149" VPOS="808" WIDTH="171" />
<SP HEIGHT="40" HPOS="1321" VPOS="808" WIDTH="59" />
<String CONTENT="21" HEIGHT="38" HPOS="1381" VPOS="808" WIDTH="52" />
<String CONTENT="cm" HEIGHT="21" HPOS="1441" STYLE="superscript" VPOS="810" WIDTH="43" />
<String CONTENT="." HEIGHT="6" HPOS="1491" VPOS="842" WIDTH="7" />
</TextLine>
<TextLine HEIGHT="49" HPOS="443" VPOS="864" WIDTH="1945">
<String CONTENT="&#8220;This" HEIGHT="39" HPOS="443" VPOS="866" WIDTH="147" />
<SP HEIGHT="40" HPOS="591" VPOS="865" WIDTH="31" />
<String CONTENT="first" HEIGHT="41" HPOS="623" VPOS="865" WIDTH="108" />
<SP HEIGHT="38" HPOS="732" VPOS="868" WIDTH="31" />
<String CONTENT="edition" HEIGHT="41" HPOS="764" VPOS="864" WIDTH="184" />
<SP HEIGHT="39" HPOS="949" VPOS="865" WIDTH="33" />
<String CONTENT="is" HEIGHT="39" HPOS="983" VPOS="865" WIDTH="41" />
<SP HEIGHT="38" HPOS="1025" VPOS="866" WIDTH="31" />
<String CONTENT="limited" HEIGHT="40" HPOS="1057" VPOS="865" WIDTH="187" />
<SP HEIGHT="39" HPOS="1245" VPOS="866" WIDTH="33" />
<String CONTENT="to" HEIGHT="37" HPOS="1279" VPOS="868" WIDTH="47" />
<SP HEIGHT="41" HPOS="1327" VPOS="864" WIDTH="31" />
<String CONTENT="250" HEIGHT="41" HPOS="1359" VPOS="864" WIDTH="86" />
<SP HEIGHT="40" HPOS="1446" VPOS="865" WIDTH="31" />
<String CONTENT="copies" HEIGHT="48" HPOS="1478" VPOS="865" WIDTH="160" />
<SP HEIGHT="30" HPOS="1639" VPOS="876" WIDTH="31" />
<String CONTENT="of" HEIGHT="41" HPOS="1671" VPOS="865" WIDTH="52" />
<SP HEIGHT="40" HPOS="1724" VPOS="865" WIDTH="31" />
<String CONTENT="which" HEIGHT="39" HPOS="1756" VPOS="867" WIDTH="156" />
<SP HEIGHT="38" HPOS="1913" VPOS="867" WIDTH="35" />
<String CONTENT="this" HEIGHT="40" HPOS="1949" VPOS="866" WIDTH="97" />
<SP HEIGHT="39" HPOS="2047" VPOS="867" WIDTH="31" />
<String CONTENT="is" HEIGHT="40" HPOS="2079" VPOS="867" WIDTH="42" />
<SP HEIGHT="30" HPOS="2122" VPOS="877" WIDTH="32" />
<String CONTENT="no." HEIGHT="29" HPOS="2155" VPOS="878" WIDTH="73" />
<SP HEIGHT="39" HPOS="2229" VPOS="868" WIDTH="32" />
<String CONTENT="101.&#8221;" HEIGHT="40" HPOS="2262" VPOS="868" WIDTH="126" />
</TextLine>
<TextLine HEIGHT="49" HPOS="373" VPOS="923" WIDTH="599">
<String CONTENT="Signed" HEIGHT="48" HPOS="373" VPOS="924" WIDTH="176" />
<SP HEIGHT="39" HPOS="550" VPOS="924" WIDTH="29" />
<String CONTENT="by" HEIGHT="46" HPOS="580" VPOS="924" WIDTH="60" />
<SP HEIGHT="45" HPOS="641" VPOS="925" WIDTH="26" />
<String CONTENT="the" HEIGHT="40" HPOS="668" VPOS="923" WIDTH="83" />
<SP HEIGHT="30" HPOS="752" VPOS="932" WIDTH="25" />
<String CONTENT="author." HEIGHT="40" HPOS="778" VPOS="923" WIDTH="194" />
</TextLine>
<TextLine HEIGHT="49" HPOS="441" VPOS="979" WIDTH="1160">
<String CONTENT="Author&#8217;s" HEIGHT="41" HPOS="441" VPOS="980" WIDTH="233" />
<SP HEIGHT="31" HPOS="675" VPOS="989" WIDTH="27" />
<String CONTENT="autograph" HEIGHT="47" HPOS="703" VPOS="980" WIDTH="275" />
<SP HEIGHT="40" HPOS="979" VPOS="980" WIDTH="29" />
<String CONTENT="on" HEIGHT="29" HPOS="1009" VPOS="991" WIDTH="58" />
<SP HEIGHT="39" HPOS="1068" VPOS="980" WIDTH="28" />
<String CONTENT="front" HEIGHT="39" HPOS="1097" VPOS="980" WIDTH="135" />
<SP HEIGHT="38" HPOS="1233" VPOS="981" WIDTH="27" />
<String CONTENT="lining-paper." HEIGHT="49" HPOS="1261" VPOS="979" WIDTH="340" />
</TextLine>
<TextLine HEIGHT="40" HPOS="443" VPOS="1039" WIDTH="185">
<String CONTENT="Poems." HEIGHT="40" HPOS="443" VPOS="1039" WIDTH="185" />
</TextLine>
<TextLine CS="1" HEIGHT="110" HPOS="374" VPOS="1106" WIDTH="2003">
<String CONTENT="&#169;" HEIGHT="53" HPOS="374" VPOS="1106" WIDTH="52" />
<SP HEIGHT="53" HPOS="427" VPOS="1106" WIDTH="28" />
<String CONTENT="Dec." HEIGHT="39" HPOS="456" VPOS="1112" WIDTH="111" />
<SP HEIGHT="38" HPOS="568" VPOS="1111" WIDTH="29" />
<String CONTENT="16," HEIGHT="42" HPOS="598" VPOS="1110" WIDTH="69" />
<SP HEIGHT="40" HPOS="668" VPOS="1112" WIDTH="28" />
<String CONTENT="1933" HEIGHT="41" HPOS="697" VPOS="1110" WIDTH="114" />
<SP HEIGHT="41" HPOS="812" VPOS="1111" WIDTH="18" />
<String CONTENT=":" HEIGHT="31" HPOS="831" VPOS="1121" WIDTH="8" />
<SP HEIGHT="42" HPOS="840" VPOS="1110" WIDTH="29" />
<String CONTENT="2c." HEIGHT="39" HPOS="870" VPOS="1110" WIDTH="67" />
<SP HEIGHT="39" HPOS="938" VPOS="1110" WIDTH="30" />
<String CONTENT="Dec." HEIGHT="39" HPOS="969" VPOS="1110" WIDTH="111" />
<SP HEIGHT="39" HPOS="1081" VPOS="1110" WIDTH="29" />
<String CONTENT="20;" HEIGHT="44" HPOS="1111" VPOS="1109" WIDTH="82" />
<SP HEIGHT="33" HPOS="1194" VPOS="1120" WIDTH="31" />
<String CONTENT="aff." HEIGHT="41" HPOS="1226" VPOS="1108" WIDTH="82" />
<SP HEIGHT="39" HPOS="1309" VPOS="1110" WIDTH="29" />
<String CONTENT="Dec." HEIGHT="40" HPOS="1339" VPOS="1110" WIDTH="111" />
<SP HEIGHT="38" HPOS="1451" VPOS="1110" WIDTH="30" />
<String CONTENT="22;" HEIGHT="45" HPOS="1482" VPOS="1110" WIDTH="82" />
<SP HEIGHT="45" HPOS="1565" VPOS="1110" WIDTH="30" />
<String CONTENT="A" HEIGHT="39" HPOS="1596" VPOS="1110" WIDTH="42" />
<SP HEIGHT="40" HPOS="1639" VPOS="1110" WIDTH="26" />
<String CONTENT="67631;" HEIGHT="47" HPOS="1666" VPOS="1110" WIDTH="171" />
<SP HEIGHT="46" HPOS="1838" VPOS="1111" WIDTH="32" />
<String CONTENT="J." HEIGHT="40" HPOS="1871" VPOS="1111" WIDTH="43" />
<SP HEIGHT="40" HPOS="1915" VPOS="1111" WIDTH="29" />
<String CONTENT="L." HEIGHT="40" HPOS="1945" VPOS="1111" WIDTH="50" />
<SP HEIGHT="41" HPOS="1996" VPOS="1110" WIDTH="31" />
<String CONTENT="Grucci," HEIGHT="48" HPOS="2028" VPOS="1110" WIDTH="188" />
<SP HEIGHT="45" HPOS="2217" VPOS="1113" WIDTH="30" />
<String CONTENT="Pittsburgh." HEIGHT="105" HPOS="444" VPOS="1111" WIDTH="1933" />
<SP HEIGHT="48" HPOS="615" VPOS="1168" WIDTH="73" />
<String CONTENT="(34-276)" HEIGHT="49" HPOS="689" VPOS="1167" WIDTH="224" />
</TextLine>
<TextLine HEIGHT="68" HPOS="375" STYLEREFS="StyleId-D89356DB-DE6F-4C9C-A872-B9F44BBC7B8A-" VPOS="1270" WIDTH="1189">
<String CONTENT="Hathaway," HEIGHT="68" HPOS="375" VPOS="1270" WIDTH="360" />
<SP HEIGHT="63" HPOS="736" VPOS="1275" WIDTH="27" />
<String CONTENT="Benjamin" HEIGHT="64" HPOS="764" VPOS="1272" WIDTH="320" />
<SP HEIGHT="52" HPOS="1085" VPOS="1273" WIDTH="28" />
<String CONTENT="Adams," HEIGHT="64" HPOS="1114" VPOS="1273" WIDTH="245" />
<SP HEIGHT="62" HPOS="1360" VPOS="1275" WIDTH="30" />
<String CONTENT="1852-" HEIGHT="51" HPOS="1391" VPOS="1275" WIDTH="173" />
</TextLine>
<TextLine HEIGHT="71" HPOS="446" STYLEREFS="StyleId-D89356DB-DE6F-4C9C-A872-B9F44BBC7B8A-" VPOS="1352" WIDTH="1951">
<String CONTENT="1001" HEIGHT="50" HPOS="446" VPOS="1355" WIDTH="132" />
<SP HEIGHT="63" HPOS="579" VPOS="1357" WIDTH="29" />
<String CONTENT="questions" HEIGHT="68" HPOS="609" VPOS="1352" WIDTH="291" />
<SP HEIGHT="34" HPOS="901" VPOS="1371" WIDTH="25" />
<String CONTENT="and" HEIGHT="53" HPOS="927" VPOS="1352" WIDTH="114" />
<SP HEIGHT="52" HPOS="1042" VPOS="1352" WIDTH="28" />
<String CONTENT="answers" HEIGHT="35" HPOS="1071" VPOS="1369" WIDTH="248" />
<SP HEIGHT="35" HPOS="1320" VPOS="1369" WIDTH="28" />
<String CONTENT="on" HEIGHT="35" HPOS="1349" VPOS="1369" WIDTH="72" />
<SP HEIGHT="51" HPOS="1422" VPOS="1369" WIDTH="27" />
<String CONTENT="general" HEIGHT="67" HPOS="1450" VPOS="1353" WIDTH="232" />
<SP HEIGHT="51" HPOS="1683" VPOS="1353" WIDTH="27" />
<String CONTENT="history," HEIGHT="70" HPOS="1711" VPOS="1352" WIDTH="242" />
<SP HEIGHT="68" HPOS="1954" VPOS="1353" WIDTH="27" />
<String CONTENT="by" HEIGHT="69" HPOS="1982" VPOS="1353" WIDTH="75" />
<SP HEIGHT="68" HPOS="2058" VPOS="1354" WIDTH="28" />
<String CONTENT="Benjamin" HEIGHT="71" HPOS="2087" VPOS="1352" WIDTH="310" />
</TextLine>
<TextLine CS="1" HEIGHT="70" HPOS="372" STYLEREFS="StyleId-D89356DB-DE6F-4C9C-A872-B9F44BBC7B8A-" VPOS="1431" WIDTH="2023">
<String CONTENT="A." HEIGHT="53" HPOS="372" VPOS="1431" WIDTH="70" />
<SP HEIGHT="53" HPOS="443" VPOS="1431" WIDTH="43" />
<String CONTENT="Hathaway" HEIGHT="68" HPOS="487" VPOS="1431" WIDTH="333" />
<SP HEIGHT="50" HPOS="821" VPOS="1449" WIDTH="46" />
<String CONTENT="&#8230;" CS="1" />
<SP HEIGHT="35" HPOS="925" VPOS="1449" WIDTH="46" />
<String CONTENT="completely" HEIGHT="69" HPOS="972" VPOS="1431" WIDTH="342" />
<SP HEIGHT="53" HPOS="1315" VPOS="1446" WIDTH="42" />
<String CONTENT="revised" HEIGHT="54" HPOS="1358" VPOS="1431" WIDTH="222" />
<SP HEIGHT="52" HPOS="1581" VPOS="1432" WIDTH="43" />
<String CONTENT="and" HEIGHT="52" HPOS="1625" VPOS="1432" WIDTH="113" />
<SP HEIGHT="52" HPOS="1739" VPOS="1432" WIDTH="43" />
<String CONTENT="enlarged" HEIGHT="68" HPOS="1783" VPOS="1433" WIDTH="272" />
<SP HEIGHT="54" HPOS="2056" VPOS="1432" WIDTH="40" />
<String CONTENT="by" HEIGHT="69" HPOS="2097" VPOS="1432" WIDTH="75" />
<SP HEIGHT="69" HPOS="2173" VPOS="1432" WIDTH="41" />
<String CONTENT="A." HEIGHT="54" HPOS="2215" VPOS="1432" WIDTH="71" />
<SP HEIGHT="56" HPOS="2287" VPOS="1431" WIDTH="44" />
<String CONTENT="C." HEIGHT="56" HPOS="2332" VPOS="1431" WIDTH="63" />
</TextLine>
<TextLine CS="1" HEIGHT="69" HPOS="374" STYLEREFS="StyleId-D89356DB-DE6F-4C9C-A872-B9F44BBC7B8A-" VPOS="1510" WIDTH="1625">
<String CONTENT="Edgerton" HEIGHT="68" HPOS="374" VPOS="1511" WIDTH="299" />
<SP HEIGHT="34" HPOS="674" VPOS="1530" WIDTH="36" />
<String CONTENT="&#8230;" CS="1" />
<SP HEIGHT="53" HPOS="768" VPOS="1511" WIDTH="79" />
<String CONTENT="New" HEIGHT="53" HPOS="848" VPOS="1511" WIDTH="140" />
<SP HEIGHT="53" HPOS="989" VPOS="1511" WIDTH="32" />
<String CONTENT="York," HEIGHT="68" HPOS="1022" VPOS="1510" WIDTH="182" />
<SP HEIGHT="68" HPOS="1205" VPOS="1510" WIDTH="32" />
<String CONTENT="Noble" HEIGHT="54" HPOS="1238" VPOS="1510" WIDTH="184" />
<SP HEIGHT="35" HPOS="1423" VPOS="1529" WIDTH="33" />
<String CONTENT="and" HEIGHT="52" HPOS="1457" VPOS="1512" WIDTH="113" />
<SP HEIGHT="53" HPOS="1571" VPOS="1511" WIDTH="31" />
<String CONTENT="Noble" HEIGHT="53" HPOS="1603" VPOS="1511" WIDTH="186" />
<SP HEIGHT="48" HPOS="1790" VPOS="1530" WIDTH="34" />
<String CONTENT="[" CS="1" />
<String CONTENT="c" HEIGHT="22" HPOS="1843" STYLE="superscript" VPOS="1517" WIDTH="18" />
<String CONTENT="1933]" CS="1" HEIGHT="50" HPOS="1867" VPOS="1514" WIDTH="132" />
</TextLine>
<TextLine CS="1" HEIGHT="48" HPOS="442" VPOS="1585" WIDTH="374">
<String CONTENT="256" HEIGHT="41" HPOS="442" VPOS="1585" WIDTH="86" />
<SP HEIGHT="47" HPOS="529" VPOS="1586" WIDTH="34" />
<String CONTENT="p." HEIGHT="38" HPOS="564" VPOS="1595" WIDTH="43" />
<SP HEIGHT="40" HPOS="608" VPOS="1585" WIDTH="59" />
<String CONTENT="17&#189;" CS="1" HEIGHT="40" HPOS="668" VPOS="1585" WIDTH="56" />
<String CONTENT="cm" HEIGHT="21" HPOS="757" STYLE="superscript" VPOS="1587" WIDTH="45" />
<String CONTENT="." HEIGHT="7" HPOS="807" VPOS="1618" WIDTH="9" />
</TextLine>
<TextLine HEIGHT="52" HPOS="378" VPOS="1652" WIDTH="1849">
<String CONTENT="&#169;" HEIGHT="52" HPOS="378" VPOS="1652" WIDTH="50" />
<SP HEIGHT="52" HPOS="429" VPOS="1652" WIDTH="30" />
<String CONTENT="Sept." HEIGHT="45" HPOS="460" VPOS="1659" WIDTH="128" />
<SP HEIGHT="39" HPOS="589" VPOS="1657" WIDTH="26" />
<String CONTENT="20," HEIGHT="46" HPOS="616" VPOS="1656" WIDTH="69" />
<SP HEIGHT="45" HPOS="686" VPOS="1657" WIDTH="28" />
<String CONTENT="1933" HEIGHT="41" HPOS="715" VPOS="1655" WIDTH="114" />
<SP HEIGHT="47" HPOS="830" VPOS="1656" WIDTH="18" />
<String CONTENT=";" HEIGHT="35" HPOS="849" VPOS="1668" WIDTH="7" />
<SP HEIGHT="46" HPOS="857" VPOS="1657" WIDTH="29" />
<String CONTENT="2c." HEIGHT="39" HPOS="887" VPOS="1657" WIDTH="67" />
<SP HEIGHT="39" HPOS="955" VPOS="1657" WIDTH="26" />
<String CONTENT="Dec." HEIGHT="40" HPOS="982" VPOS="1657" WIDTH="112" />
<SP HEIGHT="40" HPOS="1095" VPOS="1657" WIDTH="27" />
<String CONTENT="6;" HEIGHT="46" HPOS="1123" VPOS="1657" WIDTH="52" />
<SP HEIGHT="36" HPOS="1176" VPOS="1667" WIDTH="30" />
<String CONTENT="aff." HEIGHT="40" HPOS="1207" VPOS="1656" WIDTH="81" />
<SP HEIGHT="39" HPOS="1289" VPOS="1657" WIDTH="28" />
<String CONTENT="Dec." HEIGHT="41" HPOS="1318" VPOS="1657" WIDTH="113" />
<SP HEIGHT="40" HPOS="1432" VPOS="1658" WIDTH="26" />
<String CONTENT="7;" HEIGHT="45" HPOS="1459" VPOS="1658" WIDTH="53" />
<SP HEIGHT="45" HPOS="1513" VPOS="1658" WIDTH="30" />
<String CONTENT="A" HEIGHT="38" HPOS="1544" VPOS="1658" WIDTH="41" />
<SP HEIGHT="40" HPOS="1586" VPOS="1657" WIDTH="25" />
<String CONTENT="68417;" HEIGHT="47" HPOS="1612" VPOS="1657" WIDTH="171" />
<SP HEIGHT="47" HPOS="1784" VPOS="1657" WIDTH="30" />
<String CONTENT="Noble" HEIGHT="40" HPOS="1815" VPOS="1657" WIDTH="151" />
<SP HEIGHT="40" HPOS="1967" VPOS="1658" WIDTH="29" />
<String CONTENT="&amp;" HEIGHT="40" HPOS="1997" VPOS="1658" WIDTH="36" />
<SP HEIGHT="40" HPOS="2034" VPOS="1658" WIDTH="26" />
<String CONTENT="Noble." HEIGHT="41" HPOS="2061" VPOS="1658" WIDTH="166" />
</TextLine>
<TextLine HEIGHT="51" HPOS="454" VPOS="1713" WIDTH="223">
<String CONTENT="(34-360)" HEIGHT="51" HPOS="454" VPOS="1713" WIDTH="223" />
</TextLine>
<TextLine CS="1" HEIGHT="65" HPOS="399" STYLEREFS="StyleId-91D2EC15-1133-4EEC-84D8-D2F6252EAF60-" VPOS="1818" WIDTH="1053">
<String CONTENT="[Henderson," CS="1" HEIGHT="64" HPOS="399" VPOS="1819" WIDTH="370" />
<SP HEIGHT="62" HPOS="770" VPOS="1821" WIDTH="31" />
<String CONTENT="Mrs." HEIGHT="52" HPOS="802" VPOS="1821" WIDTH="138" />
<SP HEIGHT="53" HPOS="941" VPOS="1820" WIDTH="33" />
<String CONTENT="Alice" HEIGHT="55" HPOS="975" VPOS="1818" WIDTH="165" />
<SP HEIGHT="63" HPOS="1141" VPOS="1820" WIDTH="30" />
<String CONTENT="(Corbin)]" CS="1" HEIGHT="65" HPOS="1172" VPOS="1818" WIDTH="280" />
</TextLine>
<TextLine HEIGHT="70" HPOS="443" STYLEREFS="StyleId-D89356DB-DE6F-4C9C-A872-B9F44BBC7B8A-" VPOS="1895" WIDTH="1950">
<String CONTENT="The" HEIGHT="52" HPOS="443" VPOS="1897" WIDTH="123" />
<SP HEIGHT="33" HPOS="567" VPOS="1916" WIDTH="42" />
<String CONTENT="sun" HEIGHT="33" HPOS="610" VPOS="1915" WIDTH="105" />
<SP HEIGHT="46" HPOS="716" VPOS="1902" WIDTH="44" />
<String CONTENT="turns" HEIGHT="47" HPOS="761" VPOS="1902" WIDTH="163" />
<SP HEIGHT="34" HPOS="925" VPOS="1915" WIDTH="45" />
<String CONTENT="west," HEIGHT="60" HPOS="971" VPOS="1903" WIDTH="152" />
<SP HEIGHT="66" HPOS="1124" VPOS="1897" WIDTH="44" />
<String CONTENT="by" HEIGHT="68" HPOS="1169" VPOS="1897" WIDTH="74" />
<SP HEIGHT="68" HPOS="1244" VPOS="1897" WIDTH="48" />
<String CONTENT="Alice" HEIGHT="52" HPOS="1293" VPOS="1897" WIDTH="160" />
<SP HEIGHT="55" HPOS="1454" VPOS="1895" WIDTH="45" />
<String CONTENT="Corbin." HEIGHT="55" HPOS="1500" VPOS="1895" WIDTH="231" />
<SP HEIGHT="56" HPOS="1732" VPOS="1895" WIDTH="78" />
<String CONTENT="Santa" HEIGHT="56" HPOS="1811" VPOS="1895" WIDTH="176" />
<SP HEIGHT="51" HPOS="1988" VPOS="1899" WIDTH="48" />
<String CONTENT="Fe.," HEIGHT="64" HPOS="2037" VPOS="1899" WIDTH="115" />
<SP HEIGHT="64" HPOS="2153" VPOS="1899" WIDTH="44" />
<String CONTENT="N." HEIGHT="53" HPOS="2198" VPOS="1899" WIDTH="70" />
<SP HEIGHT="53" HPOS="2269" VPOS="1899" WIDTH="44" />
<String CONTENT="M." HEIGHT="53" HPOS="2314" VPOS="1899" WIDTH="79" />
</TextLine>
<TextLine HEIGHT="65" HPOS="378" STYLEREFS="StyleId-D89356DB-DE6F-4C9C-A872-B9F44BBC7B8A-" VPOS="1978" WIDTH="195">
<String CONTENT="[" HEIGHT="34" HPOS="378" STYLE="subscript" VPOS="2009" WIDTH="12" />
<String CONTENT="c" HEIGHT="21" HPOS="396" STYLE="superscript" VPOS="1982" WIDTH="17" />
<String CONTENT="1933" HEIGHT="50" HPOS="420" VPOS="1978" WIDTH="134" />
<String CONTENT="]" HEIGHT="33" HPOS="561" STYLE="subscript" VPOS="2009" WIDTH="12" />
</TextLine>
<TextLine CS="1" HEIGHT="51" HPOS="445" VPOS="2049" WIDTH="695">
<String CONTENT="5" HEIGHT="41" HPOS="445" VPOS="2049" WIDTH="25" />
<SP HEIGHT="49" HPOS="471" VPOS="2049" WIDTH="26" />
<String CONTENT="p." HEIGHT="38" HPOS="498" LANG="la" VPOS="2060" WIDTH="43" />
<SP />
<String CONTENT="l." CS="1" LANG="la" />
<String CONTENT="," HEIGHT="16" HPOS="605" VPOS="2081" WIDTH="8" />
<SP HEIGHT="47" HPOS="614" VPOS="2050" WIDTH="27" />
<String CONTENT="3-75," HEIGHT="48" HPOS="642" VPOS="2050" WIDTH="129" />
<SP HEIGHT="31" HPOS="772" VPOS="2069" WIDTH="30" />
<String CONTENT="[I," HEIGHT="50" HPOS="803" VPOS="2050" WIDTH="55" />
<SP HEIGHT="38" HPOS="859" VPOS="2061" WIDTH="30" />
<String CONTENT="p." HEIGHT="38" HPOS="890" VPOS="2061" WIDTH="41" />
<SP HEIGHT="40" HPOS="932" VPOS="2050" WIDTH="61" />
<String CONTENT="20&#189;" CS="1" HEIGHT="41" HPOS="994" VPOS="2049" WIDTH="56" />
<String CONTENT="cm" HEIGHT="20" HPOS="1083" STYLE="superscript" VPOS="2053" WIDTH="44" />
<String CONTENT="." HEIGHT="8" HPOS="1133" VPOS="2083" WIDTH="7" />
</TextLine>
<TextLine HEIGHT="50" HPOS="447" VPOS="2108" WIDTH="1947">
<String CONTENT="&#8220;500" HEIGHT="41" HPOS="447" VPOS="2108" WIDTH="115" />
<SP HEIGHT="41" HPOS="563" VPOS="2108" WIDTH="24" />
<String CONTENT="copies" HEIGHT="48" HPOS="588" VPOS="2108" WIDTH="160" />
<SP HEIGHT="39" HPOS="749" VPOS="2109" WIDTH="26" />
<String CONTENT="have" HEIGHT="39" HPOS="776" VPOS="2109" WIDTH="123" />
<SP HEIGHT="39" HPOS="900" VPOS="2109" WIDTH="26" />
<String CONTENT="been" HEIGHT="39" HPOS="927" VPOS="2109" WIDTH="116" />
<SP HEIGHT="37" HPOS="1044" VPOS="2110" WIDTH="29" />
<String CONTENT="handset," HEIGHT="41" HPOS="1074" VPOS="2109" WIDTH="221" />
<SP HEIGHT="36" HPOS="1296" VPOS="2119" WIDTH="28" />
<String CONTENT="printed," HEIGHT="47" HPOS="1325" VPOS="2108" WIDTH="207" />
<SP HEIGHT="37" HPOS="1533" VPOS="2118" WIDTH="27" />
<String CONTENT="and" HEIGHT="39" HPOS="1561" VPOS="2109" WIDTH="94" />
<SP HEIGHT="39" HPOS="1656" VPOS="2109" WIDTH="28" />
<String CONTENT="bound" HEIGHT="39" HPOS="1685" VPOS="2109" WIDTH="158" />
<SP HEIGHT="39" HPOS="1844" VPOS="2109" WIDTH="30" />
<String CONTENT="by" HEIGHT="47" HPOS="1875" VPOS="2109" WIDTH="59" />
<SP HEIGHT="45" HPOS="1935" VPOS="2111" WIDTH="26" />
<String CONTENT="the" HEIGHT="40" HPOS="1962" VPOS="2109" WIDTH="81" />
<SP HEIGHT="40" HPOS="2044" VPOS="2109" WIDTH="29" />
<String CONTENT="Itydal" HEIGHT="47" HPOS="2074" VPOS="2109" WIDTH="154" />
<SP HEIGHT="48" HPOS="2229" VPOS="2110" WIDTH="30" />
<String CONTENT="press" HEIGHT="38" HPOS="2260" VPOS="2120" WIDTH="134" />
</TextLine>
<TextLine HEIGHT="48" HPOS="373" VPOS="2165" WIDTH="1215">
<String CONTENT="of" HEIGHT="40" HPOS="373" VPOS="2167" WIDTH="52" />
<SP HEIGHT="39" HPOS="426" VPOS="2167" WIDTH="25" />
<String CONTENT="which" HEIGHT="41" HPOS="452" VPOS="2166" WIDTH="161" />
<SP HEIGHT="39" HPOS="614" VPOS="2167" WIDTH="24" />
<String CONTENT="this" HEIGHT="40" HPOS="639" VPOS="2166" WIDTH="99" />
<SP HEIGHT="40" HPOS="739" VPOS="2166" WIDTH="26" />
<String CONTENT="is" HEIGHT="40" HPOS="766" VPOS="2166" WIDTH="41" />
<SP HEIGHT="29" HPOS="808" VPOS="2177" WIDTH="26" />
<String CONTENT="no." HEIGHT="30" HPOS="835" VPOS="2177" WIDTH="74" />
<SP HEIGHT="41" HPOS="910" VPOS="2165" WIDTH="27" />
<String CONTENT="97.&#8221;" HEIGHT="40" HPOS="938" VPOS="2165" WIDTH="98" />
<SP HEIGHT="41" HPOS="1037" VPOS="2165" WIDTH="64" />
<String CONTENT="Signed" HEIGHT="48" HPOS="1102" VPOS="2165" WIDTH="176" />
<SP HEIGHT="39" HPOS="1279" VPOS="2166" WIDTH="28" />
<String CONTENT="by" HEIGHT="47" HPOS="1308" VPOS="2166" WIDTH="59" />
<SP HEIGHT="37" HPOS="1368" VPOS="2176" WIDTH="26" />
<String CONTENT="author." HEIGHT="40" HPOS="1395" VPOS="2166" WIDTH="193" />
</TextLine>
<TextLine HEIGHT="42" HPOS="447" VPOS="2223" WIDTH="541">
<String CONTENT="&#8220;Writers&#8217;" HEIGHT="42" HPOS="447" VPOS="2223" WIDTH="251" />
<SP HEIGHT="41" HPOS="699" VPOS="2223" WIDTH="34" />
<String CONTENT="editions.&#8221;" HEIGHT="41" HPOS="734" VPOS="2223" WIDTH="254" />
</TextLine>
<TextLine HEIGHT="39" HPOS="447" VPOS="2283" WIDTH="184">
<String CONTENT="Poems." HEIGHT="39" HPOS="447" VPOS="2283" WIDTH="184" />
</TextLine>
<TextLine CS="1" HEIGHT="52" HPOS="379" VPOS="2350" WIDTH="2018">
<String CONTENT="&#169;" HEIGHT="52" HPOS="379" VPOS="2350" WIDTH="51" />
<SP HEIGHT="52" HPOS="431" VPOS="2350" WIDTH="29" />
<String CONTENT="Dec." HEIGHT="40" HPOS="461" VPOS="2355" WIDTH="111" />
<SP HEIGHT="38" HPOS="573" VPOS="2355" WIDTH="29" />
<String CONTENT="19," HEIGHT="47" HPOS="603" VPOS="2354" WIDTH="68" />
<SP HEIGHT="47" HPOS="672" VPOS="2354" WIDTH="28" />
<String CONTENT="1933;" HEIGHT="47" HPOS="701" VPOS="2353" WIDTH="142" />
<SP HEIGHT="46" HPOS="844" VPOS="2354" WIDTH="29" />
<String CONTENT="2c." HEIGHT="39" HPOS="874" VPOS="2354" WIDTH="68" />
<SP HEIGHT="28" HPOS="943" VPOS="2364" WIDTH="30" />
<String CONTENT="and" HEIGHT="39" HPOS="974" VPOS="2354" WIDTH="96" />
<SP HEIGHT="39" HPOS="1071" VPOS="2354" WIDTH="27" />
<String CONTENT="aff." CS="1" HEIGHT="40" HPOS="1099" VPOS="2353" WIDTH="83" />
<SP HEIGHT="39" HPOS="1183" VPOS="2354" WIDTH="28" />
<String CONTENT="Dec." HEIGHT="38" HPOS="1212" VPOS="2354" WIDTH="111" />
<SP HEIGHT="39" HPOS="1324" VPOS="2352" WIDTH="29" />
<String CONTENT="26;" HEIGHT="48" HPOS="1354" VPOS="2352" WIDTH="83" />
<SP HEIGHT="47" HPOS="1438" VPOS="2353" WIDTH="29" />
<String CONTENT="A" HEIGHT="38" HPOS="1468" VPOS="2353" WIDTH="41" />
<SP HEIGHT="40" HPOS="1510" VPOS="2352" WIDTH="28" />
<String CONTENT="67712;" HEIGHT="47" HPOS="1539" VPOS="2352" WIDTH="171" />
<SP HEIGHT="47" HPOS="1711" VPOS="2352" WIDTH="29" />
<String CONTENT="A." HEIGHT="41" HPOS="1741" VPOS="2352" WIDTH="55" />
<SP HEIGHT="41" HPOS="1797" VPOS="2352" WIDTH="30" />
<String CONTENT="C." HEIGHT="41" HPOS="1828" VPOS="2352" WIDTH="48" />
<SP HEIGHT="40" HPOS="1877" VPOS="2353" WIDTH="30" />
<String CONTENT="Henderson," HEIGHT="45" HPOS="1908" VPOS="2353" WIDTH="302" />
<SP HEIGHT="46" HPOS="2211" VPOS="2352" WIDTH="34" />
<String CONTENT="Santa" HEIGHT="41" HPOS="2246" VPOS="2352" WIDTH="151" />
</TextLine>
<TextLine HEIGHT="50" HPOS="446" VPOS="2410" WIDTH="549">
<String CONTENT="Fe." HEIGHT="42" HPOS="446" VPOS="2412" WIDTH="79" />
<SP HEIGHT="41" HPOS="526" VPOS="2413" WIDTH="26" />
<String CONTENT="N." HEIGHT="38" HPOS="553" VPOS="2413" WIDTH="55" />
<SP HEIGHT="38" HPOS="609" VPOS="2413" WIDTH="26" />
<String CONTENT="M." HEIGHT="38" HPOS="636" VPOS="2413" WIDTH="62" />
<SP HEIGHT="48" HPOS="699" VPOS="2412" WIDTH="72" />
<String CONTENT="(34-283)" HEIGHT="50" HPOS="772" VPOS="2410" WIDTH="223" />
</TextLine>
<TextLine HEIGHT="65" HPOS="378" STYLEREFS="StyleId-91D2EC15-1133-4EEC-84D8-D2F6252EAF60-" VPOS="2517" WIDTH="577">
<String CONTENT="Hull," HEIGHT="64" HPOS="378" VPOS="2518" WIDTH="158" />
<SP HEIGHT="64" HPOS="537" VPOS="2518" WIDTH="28" />
<String CONTENT="Helen" HEIGHT="52" HPOS="566" VPOS="2517" WIDTH="187" />
<SP HEIGHT="52" HPOS="754" VPOS="2517" WIDTH="27" />
<String CONTENT="Rose." HEIGHT="54" HPOS="782" VPOS="2517" WIDTH="173" />
</TextLine>
<TextLine CS="1" HEIGHT="70" HPOS="448" STYLEREFS="StyleId-D89356DB-DE6F-4C9C-A872-B9F44BBC7B8A-" VPOS="2593" WIDTH="1945">
<String CONTENT="Hardy" HEIGHT="67" HPOS="448" VPOS="2594" WIDTH="211" />
<SP HEIGHT="51" HPOS="660" VPOS="2612" WIDTH="28" />
<String CONTENT="perennial" HEIGHT="70" HPOS="689" VPOS="2593" WIDTH="297" />
<SP HEIGHT="66" HPOS="987" VPOS="2595" WIDTH="36" />
<String CONTENT="[by]" CS="1" HEIGHT="48" HPOS="1024" VPOS="2613" WIDTH="110" />
<SP HEIGHT="68" HPOS="1135" VPOS="2593" WIDTH="32" />
<String CONTENT="Helen" HEIGHT="53" HPOS="1168" VPOS="2593" WIDTH="186" />
<SP HEIGHT="51" HPOS="1355" VPOS="2596" WIDTH="29" />
<String CONTENT="Hull." HEIGHT="52" HPOS="1385" VPOS="2595" WIDTH="164" />
<SP HEIGHT="52" HPOS="1550" VPOS="2596" WIDTH="66" />
<String CONTENT="New" HEIGHT="52" HPOS="1617" VPOS="2596" WIDTH="139" />
<SP HEIGHT="51" HPOS="1757" VPOS="2596" WIDTH="31" />
<String CONTENT="York," HEIGHT="67" HPOS="1789" VPOS="2595" WIDTH="181" />
<SP HEIGHT="66" HPOS="1971" VPOS="2596" WIDTH="31" />
<String CONTENT="Coward-Mc-" HEIGHT="55" HPOS="2003" VPOS="2594" WIDTH="390" />
</TextLine>
<TextLine HEIGHT="68" HPOS="380" STYLEREFS="StyleId-D89356DB-DE6F-4C9C-A872-B9F44BBC7B8A-" VPOS="2673" WIDTH="545">
<String CONTENT="Cann," HEIGHT="58" HPOS="380" VPOS="2676" WIDTH="181" />
<SP HEIGHT="61" HPOS="562" VPOS="2673" WIDTH="26" />
<String CONTENT="inc." HEIGHT="55" HPOS="589" VPOS="2673" WIDTH="108" />
<SP HEIGHT="33" HPOS="698" VPOS="2708" WIDTH="32" />
<String CONTENT="[" HEIGHT="33" HPOS="731" VPOS="2708" WIDTH="12" />
<String CONTENT="c" HEIGHT="21" HPOS="749" STYLE="superscript" VPOS="2680" WIDTH="17" />
<String CONTENT="1933]" HEIGHT="64" HPOS="771" VPOS="2676" WIDTH="154" />
</TextLine>
<TextLine CS="1" HEIGHT="50" HPOS="449" VPOS="2747" WIDTH="591">
<String CONTENT="5" HEIGHT="40" HPOS="449" LANG="en-US" VPOS="2749" WIDTH="27" />
<SP HEIGHT="48" HPOS="477" VPOS="2749" WIDTH="25" />
<String CONTENT="p." HEIGHT="37" HPOS="503" LANG="la" VPOS="2760" WIDTH="43" />
<SP HEIGHT="39" HPOS="547" VPOS="2750" WIDTH="27" />
<String CONTENT="l." CS="1" LANG="la" />
<String CONTENT="," HEIGHT="16" HPOS="611" LANG="en-US" VPOS="2779" WIDTH="8" />
<SP HEIGHT="46" HPOS="620" VPOS="2749" WIDTH="28" />
<String CONTENT="3-301" HEIGHT="40" HPOS="649" LANG="en-US" VPOS="2748" WIDTH="144" />
<SP HEIGHT="47" HPOS="794" VPOS="2748" WIDTH="29" />
<String CONTENT="p." HEIGHT="37" HPOS="824" LANG="en-US" VPOS="2758" WIDTH="42" />
<SP HEIGHT="41" HPOS="867" VPOS="2747" WIDTH="56" />
<String CONTENT="20" HEIGHT="40" HPOS="924" LANG="en-US" VPOS="2747" WIDTH="56" />
<String CONTENT="cm" HEIGHT="20" HPOS="984" LANG="en-US" STYLE="superscript" VPOS="2750" WIDTH="44" />
<String CONTENT="." HEIGHT="7" HPOS="1033" LANG="en-US" VPOS="2779" WIDTH="7" />
</TextLine>
<TextLine HEIGHT="41" HPOS="450" VPOS="2804" WIDTH="421">
<String CONTENT="&#8220;First" HEIGHT="39" HPOS="450" VPOS="2806" WIDTH="164" />
<SP HEIGHT="37" HPOS="615" VPOS="2808" WIDTH="27" />
<String CONTENT="edition.&#8221;" HEIGHT="41" HPOS="643" VPOS="2804" WIDTH="228" />
</TextLine>
<TextLine HEIGHT="81" HPOS="380" VPOS="2844" WIDTH="2016">
<String CONTENT="&#169;" HEIGHT="53" HPOS="380" VPOS="2872" WIDTH="51" />
<SP HEIGHT="53" HPOS="432" VPOS="2872" WIDTH="32" />
<String CONTENT="Fell" HEIGHT="73" HPOS="465" VPOS="2844" WIDTH="115" />
<SP HEIGHT="73" HPOS="581" VPOS="2844" WIDTH="24" />
<String CONTENT="23." HEIGHT="40" HPOS="606" VPOS="2876" WIDTH="71" />
<SP HEIGHT="39" HPOS="678" VPOS="2877" WIDTH="30" />
<String CONTENT="1933" HEIGHT="40" HPOS="709" VPOS="2875" WIDTH="113" />
<SP HEIGHT="45" HPOS="823" VPOS="2876" WIDTH="18" />
<String CONTENT=";" HEIGHT="35" HPOS="842" VPOS="2886" WIDTH="8" />
<SP HEIGHT="46" HPOS="851" VPOS="2875" WIDTH="31" />
<String CONTENT="2c." HEIGHT="39" HPOS="883" VPOS="2875" WIDTH="67" />
<SP HEIGHT="29" HPOS="951" VPOS="2885" WIDTH="31" />
<String CONTENT="and" HEIGHT="38" HPOS="983" VPOS="2876" WIDTH="96" />
<SP HEIGHT="38" HPOS="1080" VPOS="2876" WIDTH="30" />
<String CONTENT="aff." HEIGHT="41" HPOS="1111" VPOS="2874" WIDTH="82" />
<SP HEIGHT="39" HPOS="1194" VPOS="2876" WIDTH="31" />
<String CONTENT="Mar." HEIGHT="39" HPOS="1226" VPOS="2876" WIDTH="123" />
<SP HEIGHT="41" HPOS="1350" VPOS="2874" WIDTH="31" />
<String CONTENT="6;" HEIGHT="47" HPOS="1382" VPOS="2874" WIDTH="52" />
<SP HEIGHT="47" HPOS="1435" VPOS="2874" WIDTH="32" />
<String CONTENT="A" HEIGHT="39" HPOS="1468" VPOS="2874" WIDTH="42" />
<SP HEIGHT="40" HPOS="1511" VPOS="2874" WIDTH="29" />
<String CONTENT="60716;" HEIGHT="47" HPOS="1541" VPOS="2874" WIDTH="171" />
<SP HEIGHT="47" HPOS="1713" VPOS="2874" WIDTH="33" />
<String CONTENT="Helen" HEIGHT="39" HPOS="1747" VPOS="2874" WIDTH="159" />
<SP HEIGHT="39" HPOS="1907" VPOS="2874" WIDTH="28" />
<String CONTENT="Hull," HEIGHT="47" HPOS="1936" VPOS="2874" WIDTH="134" />
<SP HEIGHT="47" HPOS="2071" VPOS="2874" WIDTH="31" />
<String CONTENT="New" HEIGHT="39" HPOS="2103" VPOS="2874" WIDTH="118" />
<SP HEIGHT="39" HPOS="2222" VPOS="2874" WIDTH="29" />
<String CONTENT="York." HEIGHT="39" HPOS="2252" VPOS="2873" WIDTH="144" />
</TextLine>
<TextLine HEIGHT="48" HPOS="457" VPOS="2934" WIDTH="283">
<String CONTENT="(33-27064)" HEIGHT="48" HPOS="457" VPOS="2934" WIDTH="283" />
</TextLine>
<TextLine HEIGHT="66" HPOS="379" STYLEREFS="StyleId-91D2EC15-1133-4EEC-84D8-D2F6252EAF60-" VPOS="3035" WIDTH="733">
<String CONTENT="Johannet," HEIGHT="66" HPOS="379" VPOS="3035" WIDTH="319" />
<SP HEIGHT="65" HPOS="699" VPOS="3036" WIDTH="28" />
<String CONTENT="Rene," HEIGHT="65" HPOS="728" VPOS="3036" WIDTH="179" />
<SP HEIGHT="58" HPOS="908" VPOS="3043" WIDTH="32" />
<String CONTENT="1884-" HEIGHT="49" HPOS="941" VPOS="3040" WIDTH="171" />
</TextLine>
<TextLine CS="1" HEIGHT="69" HPOS="510" STYLEREFS="StyleId-D89356DB-DE6F-4C9C-A872-B9F44BBC7B8A-" VPOS="3113" WIDTH="1882">
<String CONTENT="&#8230;" CS="1" />
<SP HEIGHT="51" HPOS="510" VPOS="3118" WIDTH="53" />
<String CONTENT="Les" HEIGHT="51" HPOS="564" VPOS="3118" WIDTH="107" />
<SP HEIGHT="34" HPOS="672" VPOS="3135" WIDTH="44" />
<String CONTENT="merveilleuses" HEIGHT="53" HPOS="717" VPOS="3115" WIDTH="419" />
<SP HEIGHT="49" HPOS="1137" VPOS="3133" WIDTH="45" />
<String CONTENT="guerisons" HEIGHT="67" HPOS="1183" VPOS="3115" WIDTH="297" />
<SP HEIGHT="52" HPOS="1481" VPOS="3116" WIDTH="46" />
<String CONTENT="du" HEIGHT="52" HPOS="1528" VPOS="3116" WIDTH="74" />
<SP HEIGHT="53" HPOS="1603" VPOS="3115" WIDTH="49" />
<String CONTENT="docteur" HEIGHT="53" HPOS="1653" VPOS="3115" WIDTH="234" />
<SP HEIGHT="56" HPOS="1888" VPOS="3113" WIDTH="46" />
<String CONTENT="Gillet." HEIGHT="56" HPOS="1935" VPOS="3113" WIDTH="195" />
<SP HEIGHT="51" HPOS="2131" VPOS="3115" WIDTH="76" />
<String CONTENT="Paris." HEIGHT="54" HPOS="2208" VPOS="3114" WIDTH="184" />
</TextLine>
<TextLine CS="1" HEIGHT="66" HPOS="379" STYLEREFS="StyleId-D89356DB-DE6F-4C9C-A872-B9F44BBC7B8A-" VPOS="3195" WIDTH="520">
<String CONTENT="A." HEIGHT="53" HPOS="379" VPOS="3195" WIDTH="68" />
<SP HEIGHT="52" HPOS="448" VPOS="3196" WIDTH="28" />
<String CONTENT="Michel" HEIGHT="53" HPOS="477" VPOS="3195" WIDTH="213" />
<SP HEIGHT="65" HPOS="691" VPOS="3196" WIDTH="33" />
<String CONTENT="[" CS="1" />
<String CONTENT="c" HEIGHT="20" HPOS="743" STYLE="superscript" VPOS="3202" WIDTH="16" />
<String CONTENT="1933]" CS="1" HEIGHT="49" HPOS="767" VPOS="3199" WIDTH="132" />
</TextLine>
<TextLine CS="1" HEIGHT="49" HPOS="451" VPOS="3267" WIDTH="467">
<String CONTENT="428" HEIGHT="40" HPOS="451" VPOS="3268" WIDTH="87" />
<SP HEIGHT="47" HPOS="539" VPOS="3269" WIDTH="29" />
<String CONTENT="p.," CS="1" HEIGHT="37" HPOS="569" VPOS="3279" WIDTH="29" />
<SP HEIGHT="45" HPOS="626" VPOS="3270" WIDTH="30" />
<String CONTENT="1" CS="1" />
<SP HEIGHT="39" HPOS="681" VPOS="3269" WIDTH="29" />
<String CONTENT="l." HEIGHT="40" HPOS="711" VPOS="3269" WIDTH="29" />
<SP HEIGHT="41" HPOS="741" VPOS="3268" WIDTH="61" />
<String CONTENT="19" HEIGHT="41" HPOS="803" VPOS="3267" WIDTH="55" />
<String CONTENT="cm" HEIGHT="21" HPOS="861" STYLE="superscript" VPOS="3270" WIDTH="44" />
<String CONTENT="." HEIGHT="7" HPOS="911" VPOS="3301" WIDTH="7" />
</TextLine>
<TextLine HEIGHT="52" HPOS="380" VPOS="3336" WIDTH="1769">
<String CONTENT="&#169;" HEIGHT="52" HPOS="380" VPOS="3336" WIDTH="52" />
<SP HEIGHT="52" HPOS="433" VPOS="3336" WIDTH="29" />
<String CONTENT="Sept." HEIGHT="44" HPOS="463" VPOS="3344" WIDTH="127" />
<SP HEIGHT="38" HPOS="591" VPOS="3342" WIDTH="25" />
<String CONTENT="28." HEIGHT="39" HPOS="617" VPOS="3342" WIDTH="70" />
<SP HEIGHT="40" HPOS="688" VPOS="3341" WIDTH="26" />
<String CONTENT="1933;" HEIGHT="46" HPOS="715" VPOS="3340" WIDTH="141" />
<SP HEIGHT="45" HPOS="857" VPOS="3341" WIDTH="29" />
<String CONTENT="1c." HEIGHT="39" HPOS="887" VPOS="3341" WIDTH="66" />
<SP HEIGHT="38" HPOS="954" VPOS="3341" WIDTH="27" />
<String CONTENT="Nov." HEIGHT="39" HPOS="982" VPOS="3341" WIDTH="117" />
<SP HEIGHT="38" HPOS="1100" VPOS="3341" WIDTH="29" />
<String CONTENT="17;" HEIGHT="45" HPOS="1130" VPOS="3341" WIDTH="80" />
<SP HEIGHT="45" HPOS="1211" VPOS="3341" WIDTH="30" />
<String CONTENT="A-Foreign" HEIGHT="44" HPOS="1242" VPOS="3339" WIDTH="314" />
<SP HEIGHT="39" HPOS="1557" VPOS="3339" WIDTH="25" />
<String CONTENT="22682;" HEIGHT="46" HPOS="1583" VPOS="3339" WIDTH="171" />
<SP HEIGHT="46" HPOS="1755" VPOS="3339" WIDTH="30" />
<String CONTENT="Albin" HEIGHT="39" HPOS="1786" VPOS="3338" WIDTH="146" />
<SP HEIGHT="38" HPOS="1933" VPOS="3339" WIDTH="25" />
<String CONTENT="Michel." HEIGHT="41" HPOS="1959" VPOS="3337" WIDTH="190" />
</TextLine>
<TextLine HEIGHT="49" HPOS="458" VPOS="3398" WIDTH="223">
<String CONTENT="(34-317)" HEIGHT="49" HPOS="458" VPOS="3398" WIDTH="223" />
</TextLine>
<TextLine HEIGHT="66" HPOS="381" STYLEREFS="StyleId-DCF070F0-E628-4602-99BD-229C7AB85705-" VPOS="3501" WIDTH="776">
<String CONTENT="Keats," HEIGHT="65" HPOS="381" VPOS="3501" WIDTH="205" />
<SP HEIGHT="63" HPOS="587" VPOS="3503" WIDTH="31" />
<String CONTENT="John," HEIGHT="65" HPOS="619" VPOS="3502" WIDTH="174" />
<SP HEIGHT="61" HPOS="794" VPOS="3506" WIDTH="35" />
<String CONTENT="1795-1821." HEIGHT="51" HPOS="830" VPOS="3504" WIDTH="327" />
</TextLine>
<TextLine HEIGHT="74" HPOS="453" STYLEREFS="StyleId-D89356DB-DE6F-4C9C-A872-B9F44BBC7B8A-" VPOS="3573" WIDTH="1937">
<String CONTENT="Autobiography" HEIGHT="68" HPOS="453" VPOS="3579" WIDTH="480" />
<SP HEIGHT="48" HPOS="934" VPOS="3599" WIDTH="27" />
<String CONTENT="of" HEIGHT="54" HPOS="962" VPOS="3578" WIDTH="63" />
<SP HEIGHT="54" HPOS="1026" VPOS="3578" WIDTH="25" />
<String CONTENT="John" HEIGHT="53" HPOS="1052" VPOS="3579" WIDTH="154" />
<SP HEIGHT="50" HPOS="1207" VPOS="3579" WIDTH="27" />
<String CONTENT="Keats," HEIGHT="67" HPOS="1235" VPOS="3579" WIDTH="197" />
<SP HEIGHT="50" HPOS="1433" VPOS="3596" WIDTH="25" />
<String CONTENT="compiled" HEIGHT="68" HPOS="1459" VPOS="3576" WIDTH="280" />
<SP HEIGHT="54" HPOS="1740" VPOS="3576" WIDTH="27" />
<String CONTENT="from" HEIGHT="52" HPOS="1768" VPOS="3576" WIDTH="151" />
<SP HEIGHT="51" HPOS="1920" VPOS="3576" WIDTH="24" />
<String CONTENT="his" HEIGHT="54" HPOS="1945" VPOS="3575" WIDTH="89" />
<SP HEIGHT="54" HPOS="2035" VPOS="3575" WIDTH="26" />
<String CONTENT="letters" HEIGHT="53" HPOS="2062" VPOS="3575" WIDTH="193" />
<SP HEIGHT="35" HPOS="2256" VPOS="3593" WIDTH="26" />
<String CONTENT="and" HEIGHT="54" HPOS="2283" VPOS="3573" WIDTH="107" />
</TextLine>
<TextLine HEIGHT="74" HPOS="381" STYLEREFS="StyleId-D89356DB-DE6F-4C9C-A872-B9F44BBC7B8A-" VPOS="3652" WIDTH="2011">
<String CONTENT="essays" HEIGHT="50" HPOS="381" VPOS="3676" WIDTH="186" />
<SP HEIGHT="52" HPOS="568" VPOS="3658" WIDTH="26" />
<String CONTENT="by" HEIGHT="68" HPOS="595" VPOS="3658" WIDTH="73" />
<SP HEIGHT="68" HPOS="669" VPOS="3658" WIDTH="29" />
<String CONTENT="Earle" HEIGHT="54" HPOS="699" VPOS="3658" WIDTH="173" />
<SP HEIGHT="54" HPOS="873" VPOS="3658" WIDTH="28" />
<String CONTENT="Yonard" HEIGHT="52" HPOS="902" VPOS="3658" WIDTH="233" />
<SP HEIGHT="52" HPOS="1136" VPOS="3657" WIDTH="32" />
<String CONTENT="Weller;" HEIGHT="64" HPOS="1169" VPOS="3657" WIDTH="239" />
<SP HEIGHT="63" HPOS="1409" VPOS="3658" WIDTH="30" />
<String CONTENT="illustrated" HEIGHT="55" HPOS="1440" VPOS="3655" WIDTH="324" />
<SP HEIGHT="52" HPOS="1765" VPOS="3655" WIDTH="31" />
<String CONTENT="by" HEIGHT="67" HPOS="1797" VPOS="3656" WIDTH="73" />
<SP HEIGHT="69" HPOS="1871" VPOS="3654" WIDTH="28" />
<String CONTENT="William" HEIGHT="54" HPOS="1900" VPOS="3653" WIDTH="257" />
<SP HEIGHT="53" HPOS="2158" VPOS="3653" WIDTH="29" />
<String CONTENT="Wilke." HEIGHT="54" HPOS="2188" VPOS="3652" WIDTH="204" />
</TextLine>
<TextLine CS="1" HEIGHT="151" HPOS="383" STYLEREFS="StyleId-D89356DB-DE6F-4C9C-A872-B9F44BBC7B8A-" VPOS="3732" WIDTH="1983">
<String CONTENT="Stanford" HEIGHT="55" HPOS="383" VPOS="3736" WIDTH="281" />
<SP HEIGHT="55" HPOS="665" VPOS="3737" WIDTH="42" />
<String CONTENT="University," HEIGHT="64" HPOS="708" VPOS="3736" WIDTH="355" />
<SP HEIGHT="65" HPOS="1064" VPOS="3735" WIDTH="40" />
<String CONTENT="Calif.," HEIGHT="63" HPOS="1105" VPOS="3735" WIDTH="194" />
<SP HEIGHT="64" HPOS="1300" VPOS="3734" WIDTH="39" />
<String CONTENT="Stanford" HEIGHT="56" HPOS="1340" VPOS="3734" WIDTH="278" />
<SP HEIGHT="52" HPOS="1619" VPOS="3735" WIDTH="43" />
<String CONTENT="university" HEIGHT="70" HPOS="1663" VPOS="3734" WIDTH="315" />
<SP HEIGHT="53" HPOS="1979" VPOS="3751" WIDTH="40" />
<String CONTENT="press;" HEIGHT="51" HPOS="2020" VPOS="3751" WIDTH="184" />
<SP HEIGHT="67" HPOS="2205" VPOS="3732" WIDTH="40" />
<String CONTENT="London," HEIGHT="141" HPOS="383" VPOS="3732" WIDTH="1983" />
<SP HEIGHT="56" HPOS="512" VPOS="3817" WIDTH="27" />
<String CONTENT="II." HEIGHT="52" HPOS="540" VPOS="3817" WIDTH="74" />
<SP HEIGHT="52" HPOS="615" VPOS="3817" WIDTH="27" />
<String CONTENT="Milford," HEIGHT="63" HPOS="643" VPOS="3816" WIDTH="267" />
<SP HEIGHT="65" HPOS="911" VPOS="3814" WIDTH="28" />
<String CONTENT="Oxford" HEIGHT="54" HPOS="940" VPOS="3814" WIDTH="226" />
<SP HEIGHT="52" HPOS="1167" VPOS="3815" WIDTH="30" />
<String CONTENT="university" HEIGHT="66" HPOS="1198" VPOS="3815" WIDTH="314" />
<SP HEIGHT="50" HPOS="1513" VPOS="3833" WIDTH="28" />
<String CONTENT="press" HEIGHT="50" HPOS="1542" VPOS="3833" WIDTH="156" />
<SP HEIGHT="46" HPOS="1699" VPOS="3835" WIDTH="30" />
<String CONTENT="[" CS="1" />
<String CONTENT="c" HEIGHT="22" HPOS="1748" STYLE="superscript" VPOS="3820" WIDTH="17" />
<String CONTENT="1933]" CS="1" HEIGHT="51" HPOS="1773" VPOS="3815" WIDTH="130" />
</TextLine>
<TextLine CS="1" HEIGHT="51" HPOS="452" VPOS="3886" WIDTH="1882">
<String CONTENT="xx" HEIGHT="28" HPOS="452" VPOS="3898" WIDTH="63" />
<SP HEIGHT="37" HPOS="516" VPOS="3899" WIDTH="28" />
<String CONTENT="p.," HEIGHT="37" HPOS="545" LANG="la" VPOS="3899" WIDTH="57" />
<SP HEIGHT="41" HPOS="603" VPOS="3890" WIDTH="27" />
<String CONTENT="1" HEIGHT="38" HPOS="631" VPOS="3890" WIDTH="20" />
<SP />
<String CONTENT="l.." CS="1" HEIGHT="10" HPOS="719" VPOS="3920" WIDTH="8" />
<SP HEIGHT="39" HPOS="728" VPOS="3891" WIDTH="27" />
<String CONTENT="409" HEIGHT="40" HPOS="756" VPOS="3888" WIDTH="87" />
<SP HEIGHT="48" HPOS="844" VPOS="3888" WIDTH="26" />
<String CONTENT="p." HEIGHT="36" HPOS="871" VPOS="3900" WIDTH="41" />
<SP HEIGHT="39" HPOS="913" VPOS="3889" WIDTH="65" />
<String CONTENT="front," HEIGHT="40" HPOS="979" VPOS="3889" WIDTH="145" />
<SP HEIGHT="46" HPOS="1125" VPOS="3889" WIDTH="27" />
<String CONTENT="(col." HEIGHT="46" HPOS="1153" VPOS="3889" WIDTH="109" />
<SP HEIGHT="38" HPOS="1263" VPOS="3899" WIDTH="30" />
<String CONTENT="port.)" HEIGHT="49" HPOS="1294" VPOS="3888" WIDTH="149" />
<SP HEIGHT="46" HPOS="1444" VPOS="3888" WIDTH="28" />
<String CONTENT="illus." HEIGHT="39" HPOS="1473" VPOS="3888" WIDTH="126" />
<SP HEIGHT="43" HPOS="1600" VPOS="3888" WIDTH="28" />
<String CONTENT="(inch" HEIGHT="44" HPOS="1629" VPOS="3887" WIDTH="133" />
<SP HEIGHT="50" HPOS="1763" VPOS="3887" WIDTH="31" />
<String CONTENT="ports.," HEIGHT="47" HPOS="1795" VPOS="3890" WIDTH="162" />
<SP HEIGHT="37" HPOS="1958" VPOS="3898" WIDTH="28" />
<String CONTENT="maps)" HEIGHT="49" HPOS="1987" VPOS="3886" WIDTH="162" />
<SP HEIGHT="45" HPOS="2150" VPOS="3886" WIDTH="68" />
<String CONTENT="23" HEIGHT="40" HPOS="2219" VPOS="3887" WIDTH="55" />
<String CONTENT="cm" HEIGHT="22" HPOS="2277" STYLE="superscript" VPOS="3887" WIDTH="43" />
<String CONTENT="." HEIGHT="8" HPOS="2326" VPOS="3919" WIDTH="8" />
</TextLine>
<TextLine HEIGHT="48" HPOS="450" VPOS="3946" WIDTH="700">
<String CONTENT="Bibliography:" HEIGHT="47" HPOS="450" VPOS="3947" WIDTH="378" />
<SP HEIGHT="37" HPOS="829" VPOS="3957" WIDTH="32" />
<String CONTENT="p." HEIGHT="37" HPOS="862" VPOS="3957" WIDTH="40" />
<SP HEIGHT="40" HPOS="903" VPOS="3947" WIDTH="28" />
<String CONTENT="385-386." HEIGHT="40" HPOS="932" VPOS="3946" WIDTH="218" />
</TextLine>
<TextLine HEIGHT="52" HPOS="382" VPOS="4004" WIDTH="2015">
<String CONTENT="&#169;" HEIGHT="52" HPOS="382" VPOS="4004" WIDTH="51" />
<SP HEIGHT="52" HPOS="434" VPOS="4004" WIDTH="35" />
<String CONTENT="Dec." HEIGHT="37" HPOS="470" VPOS="4010" WIDTH="107" />
<SP HEIGHT="37" HPOS="578" VPOS="4010" WIDTH="32" />
<String CONTENT="19." HEIGHT="38" HPOS="611" VPOS="4009" WIDTH="67" />
<SP HEIGHT="37" HPOS="679" VPOS="4010" WIDTH="36" />
<String CONTENT="1933" HEIGHT="38" HPOS="716" VPOS="4008" WIDTH="109" />
<SP HEIGHT="39" HPOS="826" VPOS="4009" WIDTH="18" />
<String CONTENT=";" HEIGHT="30" HPOS="845" VPOS="4018" WIDTH="7" />
<SP HEIGHT="39" HPOS="853" VPOS="4009" WIDTH="33" />
<String CONTENT="2c." HEIGHT="36" HPOS="887" VPOS="4009" WIDTH="66" />
<SP HEIGHT="36" HPOS="954" VPOS="4009" WIDTH="33" />
<String CONTENT="Dec." HEIGHT="39" HPOS="988" VPOS="4009" WIDTH="110" />
<SP HEIGHT="40" HPOS="1099" VPOS="4008" WIDTH="31" />
<String CONTENT="29:" HEIGHT="41" HPOS="1131" VPOS="4006" WIDTH="82" />
<SP HEIGHT="29" HPOS="1214" VPOS="4018" WIDTH="34" />
<String CONTENT="aff." HEIGHT="41" HPOS="1249" VPOS="4006" WIDTH="81" />
<SP HEIGHT="39" HPOS="1331" VPOS="4008" WIDTH="34" />
<String CONTENT="Dec." HEIGHT="39" HPOS="1366" VPOS="4008" WIDTH="110" />
<SP HEIGHT="40" HPOS="1477" VPOS="4007" WIDTH="32" />
<String CONTENT="26;" HEIGHT="41" HPOS="1510" VPOS="4006" WIDTH="81" />
<SP HEIGHT="40" HPOS="1592" VPOS="4007" WIDTH="35" />
<String CONTENT="A" HEIGHT="37" HPOS="1628" VPOS="4007" WIDTH="38" />
<SP HEIGHT="37" HPOS="1667" VPOS="4007" WIDTH="32" />
<String CONTENT="67768;" HEIGHT="47" HPOS="1700" VPOS="4005" WIDTH="170" />
<SP HEIGHT="46" HPOS="1871" VPOS="4006" WIDTH="34" />
<String CONTENT="Board" HEIGHT="39" HPOS="1906" VPOS="4006" WIDTH="162" />
<SP HEIGHT="39" HPOS="2069" VPOS="4006" WIDTH="32" />
<String CONTENT="of" HEIGHT="40" HPOS="2102" VPOS="4004" WIDTH="52" />
<SP HEIGHT="42" HPOS="2155" VPOS="4004" WIDTH="29" />
<String CONTENT="trustees" HEIGHT="39" HPOS="2185" VPOS="4007" WIDTH="212" />
</TextLine>
<TextLine HEIGHT="51" HPOS="452" VPOS="4060" WIDTH="1774">
<String CONTENT="of" HEIGHT="38" HPOS="452" VPOS="4066" WIDTH="52" />
<SP HEIGHT="39" HPOS="505" VPOS="4066" WIDTH="26" />
<String CONTENT="the" HEIGHT="39" HPOS="532" VPOS="4066" WIDTH="81" />
<SP HEIGHT="38" HPOS="614" VPOS="4066" WIDTH="25" />
<String CONTENT="Poland" HEIGHT="38" HPOS="640" VPOS="4066" WIDTH="179" />
<SP HEIGHT="37" HPOS="820" VPOS="4067" WIDTH="33" />
<String CONTENT="Stanford" HEIGHT="39" HPOS="854" VPOS="4065" WIDTH="234" />
<SP HEIGHT="45" HPOS="1089" VPOS="4064" WIDTH="36" />
<String CONTENT="junior" HEIGHT="45" HPOS="1126" VPOS="4064" WIDTH="157" />
<SP HEIGHT="28" HPOS="1284" VPOS="4074" WIDTH="28" />
<String CONTENT="univ.," HEIGHT="48" HPOS="1313" VPOS="4063" WIDTH="143" />
<SP HEIGHT="47" HPOS="1457" VPOS="4064" WIDTH="31" />
<String CONTENT="Stanford" HEIGHT="40" HPOS="1489" VPOS="4063" WIDTH="235" />
<SP HEIGHT="39" HPOS="1725" VPOS="4064" WIDTH="28" />
<String CONTENT="University," HEIGHT="48" HPOS="1754" VPOS="4062" WIDTH="298" />
<SP HEIGHT="48" HPOS="2053" VPOS="4062" WIDTH="28" />
<String CONTENT="Calif." HEIGHT="43" HPOS="2082" VPOS="4060" WIDTH="144" />
</TextLine>
<TextLine HEIGHT="48" HPOS="459" VPOS="4123" WIDTH="222">
<String CONTENT="(34-344)" HEIGHT="48" HPOS="459" VPOS="4123" WIDTH="222" />
</TextLine>
</TextBlock>
</PrintSpace>
</Page>
</Layout>
</alto>