2582 4453
1358 4098 135 50 1646

422 411 582 67 Sam è s, Victor de.
550 490 1887 70 … Uber all’s (Par-dessus tout) L’Allemagne vu par un
416 570 328 64 Allemand,
775 587 215 34 roman.
1067 570 223 67 Propos
1317 568 318 55 liminaires
1665 570 308 53 d’Anatole
2001 570 248 64 France;
418 570 1996 131 illustrations

689 649 68 51 de
785 647 251 69 Georges
1068 646 177 55 Scott.
1321 647 187 67 Paris,
1536 648 337 52 Tallandier
1906 651 172 64 [1933]

487 721 1210 51 4 p. l., [11]-277 p., 4 l. front., plates. 19 cm .
421 776 1962 53 © May 30, 1933 ; 1c. Sept. 21; A-Foreign 22174; V. de Sames, Paris.
503 837 281 49 (33-35446)

420 941 444 65 Sheepshanks,
894 940 294 56 Beatrice.

552 1018 1882 69 … Where the wind blows. London, S. Low, Marston & co.,
421 1099 102 55 ltd.
558 1103 173 65 [1933]

491 1171 536 50 3 p. l. , 378 p. 19 cm .
421 1227 154 53 ©,1c.
609 1231 118 41 Nov.
764 1230 39 43 9,
840 1230 141 41 1933:
1018 1231 40 39 A
1094 1241 22 30 ad
1190 1230 87 41 int.
1312 1228 172 43 18329:
1523 1230 142 48 pubd.
1706 1229 126 49 Sept.
1870 1229 82 41 12:
1991 1230 54 40 B.
2084 1228 356 49 Sheepshanks,

489 1290 214 39 London.
775 1288 282 48 (33-36032)

419 1389 299 67 Simenon,
750 1392 280 65 Georges,
1064 1393 173 51 1903-

554 1468 1876 70 … L’écluse n° 1, roman inédit. Paris, A. Favard & c ie [1933]
487 1522 761 72 2 p. l.. [7]-252, [2] p. 18½cm.
421 1598 2020 52 © July 15, 1933; 1c. Oct. 14: A-Foreign 22349: Artheme Fayard & cie.
499 1659 282 48 (33-455369)

424 1760 289 70 [Sinclair,
742 1765 139 52 Mrs.
914 1762 228 54 Bertha
1174 1761 298 69 (Muzzy)]
1510 1764 166 52 1874-

487 1842 121 52 The
657 1841 336 69 Whoop-up
1043 1841 154 67 trail,
1246 1841 74 68 by
1372 1842 66 51 B.
1489 1841 79 52 M.
1620 1842 205 50 Bower
1897 1841 216 67 [pseud.]
2203 1842 234 67 Boston,

415 1920 195 69 Little,
645 1921 231 65 Brown,
910 1921 112 52 and
1054 1938 300 50 company,
1390 1923 153 49 1933.

487 1995 45 38 vi
563 2007 57 36 p.,
647 1995 28 39 2
736 2027 8 12 l.,
772 1994 159 47 3-308,
963 1996 55 48 [1]
1047 2005 42 38 p.
1147 1994 145 40 19½cm.

421 2049 53 53 ©
510 2055 116 40 Nov.
666 2054 69 47 24,
774 2053 112 41 1933
906 2064 9 31 :
954 2054 68 40 2c.
1060 2054 95 40 and
1193 2053 81 41 aff.
1314 2053 120 41 Nov.
1469 2052 84 48 25;
1593 2053 43 39 A
1671 2051 171 48 67259;
1884 2053 183 40 Bertha
2109 2053 61 40 M.
490 2051 1950 107 Sinclair-Cowan,

711 2114 71 38 De
808 2112 98 39 Poe
929 2112 119 46 Bay,
1077 2111 78 40 Or.
1232 2110 282 48 (33-34785)

419 2212 217 69 Smith,
669 2215 258 54 Grafton
957 2213 198 66 Elliot,
1190 2217 171 50 1871-

491 2292 1950 70 The diffusion of culture, by G. Elliot Smith … London,
415 2373 192 54 Watts
641 2376 47 51 &
720 2392 80 35 co.
842 2376 174 65 [1933]

488 2459 45 34 x,
567 2447 87 40 244
686 2458 43 37 p.
790 2446 130 42 illus.
950 2446 133 49 (incl.
1119 2447 164 48 maps)
1351 2445 57 41 20½
1440 2448 46 22 cm
1491 2479 7 9 .

487 2505 101 39 The
617 2504 98 39 aim
746 2504 51 39 of
829 2504 100 41 this
959 2505 123 40 book
1111 2505 43 40 is
1184 2507 48 38 to
1261 2503 225 41 examine
1516 2504 83 41 the
1629 2503 225 50 writings
1884 2504 51 41 of
1967 2504 138 41 those
2137 2504 204 41 authors
422 2513 2000 97 responsible
689 2562 79 39 for
794 2562 83 39 the
900 2561 260 41 confusion
1185 2561 50 40 in
1261 2561 81 41 the
1366 2560 382 49 interpretation
1773 2560 52 42 of
1850 2561 82 40 the
1959 2560 228 50 meaning
2212 2561 51 40 of
420 2559 2001 100 civilization.
659 2618 294 49 Quotations
979 2618 129 40 from
1134 2619 53 39 E.
1214 2619 54 39 B.
1296 2618 190 47 Tylor’s
1513 2616 226 50 writings
1764 2618 130 40 form
1919 2618 83 41 the
2028 2628 134 38 warp
2189 2618 96 41 and
2311 2618 130 40 woof

418 2676 51 39 of
499 2676 81 40 the
610 2679 259 44 argument
898 2675 52 42 of
978 2675 100 42 this
1106 2676 136 40 book.
1305 2675 61 49 cf.
1398 2674 130 42 Pref.
1561 2676 96 40 and
1685 2686 45 38 p.
1757 2677 43 39 4.

490 2732 162 42 “First
693 2732 228 41 edition.’’

491 2789 448 50 “Bibliographical
968 2789 171 42 note”:
1169 2800 45 39 p.
1244 2789 101 40 241.

421 2843 2018 52 © 1c. Nov. 2. 1933 : A ad int. 18308: pubd. Sept. 20: G. E. Smith. London.
499 2905 283 50 (33-36257)

420 2996 190 54 South
641 2996 255 52 Dakota.
973 2997 278 67 Supreme
1282 3002 178 47 court.

491 3074 249 68 Reports
781 3074 64 52 of
888 3093 151 35 cases
1082 3074 236 52 decided
1438 3109 6 5 …
1472 3073 155 53 from
1671 3073 278 54 decisions
1992 3073 64 53 of
2102 3072 333 70 September

420 3156 84 53 21,
543 3156 152 50 1931.
730 3158 59 49 to
825 3154 112 51 and
972 3151 301 69 including
1308 3151 278 56 decisions
1622 3152 63 53 of
1721 3152 140 69 May
1896 3156 84 63 21,
2019 3155 151 50 1932.
2242 3153 192 55 Notes,

422 3230 314 54 references
792 3231 112 53 and
958 3230 191 57 index,
1203 3232 75 68 by
1334 3232 148 52 Karl
1538 3231 349 56 Goldsmith,
1942 3237 160 48 court
2159 3237 273 63 reporter,

419 3327 52 36 v.
501 3314 81 49 59.
659 3310 217 57 Pierre,
909 3309 161 55 State
1102 3310 338 69 publishing
1470 3329 97 37 co.,
1601 3313 151 50 1933.

493 3385 80 41 vii.
609 3384 85 41 696
730 3396 42 37 p.
836 3385 55 39 23½cm

421 3437 52 53 ©
506 3443 111 39 Dec.
650 3442 39 47 5,
722 3441 112 40 1933
854 3452 8 31 ;
897 3442 65 40 2c.
997 3442 95 39 and
1126 3441 83 41 aff.
1242 3442 110 38 Dec.
1387 3441 81 41 11:
1503 3441 41 39 A
1575 3441 171 41 67500:
1783 3442 179 46 Myrtle
1996 3439 257 42 Morrison,
491 3451 1930 95 secretary
625 3499 52 40 of
701 3499 81 39 the
805 3501 128 38 state
959 3499 51 39 of
1036 3498 153 40 South
1214 3499 210 39 Dakota,
1448 3498 49 39 in
1525 3501 129 37 trust
1678 3498 79 40 for
1783 3499 81 39 the
1888 3498 176 40 benefit
2089 3498 51 39 of
2166 3499 80 40 the
2273 3499 165 47 people

489 3556 51 40 of
566 3556 107 40 said
703 3558 142 41 state,
875 3555 180 42 Pierre.
1088 3555 42 41 S.
1162 3556 57 39 D.

421 3647 275 63 Spencer,
726 3646 118 55 Jill.

491 3723 1938 70 Ship’s magic, by Jill Spencer … London, Hutchinson & co.,
418 3803 103 53 ltd.
558 3806 174 65 [1933]

493 3877 25 38 3
552 3887 42 37 p.
665 3909 8 8 l..
706 3876 145 41 9-288
885 3887 41 37 p.
990 3875 55 40 19
1049 3878 42 22 cm
1099 3909 7 7 .
1178 3876 377 47 (Hutchinson’s
1588 3876 107 40 first
1729 3877 137 39 novel
1899 3875 212 47 library)

422 3929 2013 53 © 1c. Nov. 18, 1933: A ad int. 18357: pubd. Sept. 22: J. Spencer, Uganda,
490 3990 188 42 British
716 3993 119 38 East
867 3991 186 41 Africa.
1124 3991 282 48 (33-36084)
