2582 4453
1339 4125 102 50 584

401 434 186 66 West,
619 432 284 67 Rebecca,
933 434 198 68 pseud.

477 508 85 58 St.
599 510 346 71 Augustine,
978 509 77 72 by
1091 510 253 55 Rebecca
1366 511 189 66 West.
1627 514 140 53 New
1805 513 182 70 York,
2022 514 72 54 D.
2132 514 298 71 Appleton

404 590 115 53 and
546 607 301 52 company,
879 591 151 52 1938.

473 663 28 39 4
531 673 44 38 p.
646 694 9 17 l.,
689 663 98 45 172,
825 664 55 50 [1]
915 674 43 38 p.
1022 664 150 40 front.
1202 664 174 49 (port.)
1450 664 55 40 19½
1539 667 45 22 cm
1589 697 9 8 .
1666 665 252 51 [Appleton
1954 666 328 53 biographies]

473 721 380 48 Bibliography:
887 731 44 38 p.
962 720 222 52 167-[169]

408 777 52 52 ©
490 781 116 48 Apr.
636 782 40 39 7.
707 781 143 48 1933;
882 781 68 42 2c.
981 782 97 39 and
1109 780 83 42 aff.
1223 782 115 47 Apr.
1370 782 53 46 8;
1455 782 41 39 A
1527 782 173 48 61285;
1735 783 58 39 D.
1825 783 243 48 Appleton
2098 784 37 41 &
2165 796 67 29 co.

486 838 284 48 (33-27121)

399 943 186 66 West,
614 942 190 57 Willis
835 945 230 65 Mason,
1098 945 329 55 1857-1931.

471 1022 123 52 The
631 1023 311 54 American
983 1024 231 68 people;
1259 1042 31 34 a
1328 1042 125 35 new
1491 1023 226 70 history
1757 1024 95 54 for
1890 1024 143 70 high
2073 1026 240 69 schools,
2351 1026 75 71 by

401 1101 2025 74 Willis Mason West … Boston, New York [etc.] Allyn and
399 1183 409 68 Bacon [ c 1933]
474 1257 121 49 xxii,
631 1257 72 51 [2],
732 1256 101 50 688,
863 1259 56 40 69
949 1270 44 38 p.
1051 1259 88 41 col.
1170 1259 166 47 front.,
1367 1259 144 48 illus.,
1542 1261 159 48 plates
1731 1261 137 49 (part
1896 1261 112 49 col.)
2046 1263 150 47 ports.
2227 1263 48 48 (1
2305 1264 113 47 col.)

404 1326 137 39 maps
569 1316 49 47 (1
652 1317 199 48 double)
892 1317 218 40 facsims.
1171 1315 56 41 21
1232 1319 15 21 cm
1280 1349 9 9 .

477 1374 187 41 “Select
691 1373 230 42 libraries
947 1386 59 29 on
1032 1374 262 41 American
1318 1373 249 50 history”:
1595 1387 44 38 p.
1665 1375 160 41 26-32.

404 1430 52 52 ©
483 1435 115 47 Apr.
625 1434 69 47 10,
722 1433 114 41 1933;
894 1433 69 41 2c.
990 1432 114 48 Apr.
1130 1432 83 46 20;
1244 1431 83 41 aff.
1356 1433 114 48 Apr.
1498 1433 83 46 17;
1611 1433 41 39 A
1680 1433 172 47 61413;
1885 1433 278 42 Minnesota
2191 1436 113 40 loan
2332 1439 96 39 and

473 1494 130 38 trust
639 1502 82 37 co.,
757 1494 229 38 executor
1023 1491 53 40 of
1110 1490 165 41 Willis
1308 1491 173 39 Mason
1517 1490 149 48 West,
1705 1491 341 49 Minneapolis.
2128 1489 52 52 [©
2218 1493 211 49 changes

471 1550 98 39 and
601 1559 106 30 new
738 1550 196 48 matter]
1009 1547 254 49 (33-9852)

470 1652 122 53 The
631 1656 160 65 story
832 1650 64 54 of
932 1651 240 53 modern
1213 1668 285 52 progress,
1539 1650 143 54 with
1724 1674 31 34 a
1797 1651 381 72 preliminary
2218 1671 206 52 survey

397 1729 2002 150 of earlier progress. New ed. By Willis Mason West … Boston, New York [etc.] Altyn and Bacon [ c 1933]
471 1885 137 49 xviii,
658 1885 99 49 730,
806 1886 55 40 54
910 1897 44 37 p.
1030 1885 86 41 col.
1165 1885 168 47 front.,
1382 1886 145 46 illus.,
1577 1886 160 48 plates
1766 1886 136 48 (part
1951 1885 113 50 col.)
2122 1896 138 38 maps
2289 1886 134 50 (part

397 1944 200 48 double)
664 1944 55 39 21
724 1945 44 22 cm
774 1976 8 8 .

471 2001 69 39 “A
569 2003 147 38 select
745 1999 86 42 list
860 2000 52 40 of
939 1999 151 41 books
1120 2011 61 29 on
1210 2000 153 40 world
1394 1998 191 50 history
1614 1999 79 42 for
1722 1999 118 50 high
1870 2000 248 42 schools”:
2151 2012 44 38 p.
2224 2001 118 41 1-10
2372 2004 49 37 at

395 2060 107 40 end.

400 2113 52 52 ©
481 2117 114 48 Apr.
626 2118 39 46 7,
694 2116 142 48 1933;
867 2116 69 40 2c.
965 2116 116 48 Apr.
1110 2115 84 46 20;
1226 2114 83 42 aff.
1338 2115 116 48 Apr.
1483 2116 83 46 17;
1599 2115 44 40 A
1669 2116 172 47 61414;
1875 2115 276 43 Minnesota
2181 2119 114 39 loan
2326 2118 97 40 and

467 2177 131 38 trust
633 2185 82 37 co.,
752 2177 230 37 executor
1019 2174 52 39 of
1105 2173 163 41 Willis
1304 2174 173 40 Mason
1513 2174 151 47 West,
1701 2173 341 50 Minneapolis.
2107 2171 69 52 [©
2212 2174 211 50 changes

469 2234 96 39 and
593 2242 107 30 new
726 2234 197 47 matter]
997 2230 285 50 (33-10277)

390 2336 220 67 White,
642 2337 260 66 Hervey,
938 2341 174 51 1866-

464 2417 218 53 Tinker
723 2419 147 51 Tom
934 2415 92 70 [by]
1074 2418 236 67 Hervey
1348 2414 213 57 White.
1638 2416 367 68 Woodstock,
2048 2418 69 52 N.
2162 2418 91 67 Y.,
2296 2419 123 52 The

390 2497 717 68 Maverick press [ c 1930]
465 2573 24 38 1
522 2582 43 38 p.
633 2602 9 17 l.,
674 2570 145 41 5-139
850 2582 43 37 p.
954 2572 55 39 17½
1043 2573 45 21 cm
1092 2603 9 9 .

465 2630 41 40 A
543 2628 254 42 narrative
834 2640 153 37 poem.

397 2684 52 52 ©
476 2688 113 40 Dec.
615 2689 70 47 15,
713 2688 141 45 1930;
883 2687 68 41 2c.
978 2687 117 48 July
1120 2686 40 42 9.
1187 2685 114 42 1932;
1360 2684 82 42 aff.
1468 2686 115 47 Apr.
1610 2685 69 48 14,
1708 2685 113 41 1933;
1880 2685 41 39 A
1947 2685 172 47 62048;
2150 2686 60 39 H.
2239 2684 178 50 White,

466 2746 308 49 Woodstock,
802 2746 56 41 N.
886 2746 52 39 Y.
1011 2744 256 49 (33-9587)

388 2832 2025 73 Who’s who in Connecticut … 1933. New York city, Lewis
458 2914 1361 72 historical publishing company, inc. [ c 1933]
461 2992 100 43 xix,
591 2991 88 42 302
705 3003 44 38 p.
779 2992 110 41 incl.
918 2992 166 44 front.,
1116 2993 149 47 ports.
1324 2990 60 40 20½
1413 2992 15 21 cm
1463 3023 8 8 .

391 3049 201 42 Editor:
624 3049 129 47 1933,
782 3051 72 39 W.
885 3051 53 38 E.
970 3049 165 48 Duffy.

395 3104 52 52 ©
473 3108 113 48 Apr.
612 3107 69 42 10,
707 3107 142 42 1933:
877 3107 67 41 2c.
971 3107 96 40 and
1093 3106 83 41 aff.
1202 3106 115 48 Apr.
1343 3106 83 46 13;
1455 3105 41 39 A
1522 3104 172 47 61351;
1723 3103 158 41 Lewis
1907 3103 260 41 historical
2193 3104 108 48 pub.
2331 3113 82 40 co.,

462 3164 91 41 inc.
626 3164 255 50 (33-9417)

385 3254 147 55 Yale
562 3255 356 65 university.

457 3333 123 53 The
617 3335 366 53 excavations
1023 3340 58 47 at
1116 3334 479 67 Dura-Europos,
1632 3331 317 54 conducted
1986 3331 75 67 by
2099 3331 147 53 Yale
386 3329 1998 153 university

645 3414 114 52 and
800 3413 96 53 the
938 3414 226 52 French
1207 3413 271 66 academy
1519 3412 64 53 of
1626 3411 370 69 inscriptions
2039 3410 114 53 and
2194 3411 213 53 letters.

385 3492 392 69 Preliminary
826 3497 198 63 report
1072 3493 64 52 of
1183 3493 100 52 4th
1333 3509 199 36 season
1582 3491 63 54 of
1695 3491 177 66 work,
1921 3491 265 66 October,
2238 3492 172 50 1930-

386 3567 2022 74 March, 1931. Edited by P. V. C. Baur … M. I. Rostovtzeff
448 3647 1959 73 … and Alfred R. Bellinger … New Haven, Yale university
384 3748 187 52 press;
613 3731 260 69 London,
910 3731 348 70 Humphrey
1297 3730 268 59 Milford,
1603 3730 232 57 Oxford
1872 3728 320 72 university
2229 3748 176 52 press,

388 3813 152 52 1933.

459 3885 1383 50 xvi, 290 p., 1 l. illus., diagrs. xxvi numb, plates.
458 3945 102 39 The
586 3946 161 46 plates
773 3955 85 30 are
886 3944 193 48 printed
1107 3954 61 31 on
1195 3944 116 40 both
1340 3943 142 42 sides.

390 3997 52 52 ©
469 4002 116 48 May
609 4002 40 47 2,
675 4001 117 42 1933;
844 4001 68 42 2c.
938 4002 114 49 May
1078 4002 53 47 5;
1161 4001 81 41 aff.
1270 4002 115 47 May
1409 4002 54 45 4;
1494 4001 39 39 A
1560 3999 171 49 61629;
1761 4001 121 40 Yale
1908 3999 130 43 univ.
2065 4010 149 38 press.
