2484 4405
1087 4052 98 49 1897

171 417 315 54 American
526 417 277 54 institute
841 418 63 51 of
942 416 229 65 mining
1207 417 115 54 and
1363 415 429 66 metallurgical
1833 416 329 64 engineers.

242 495 246 54 Mineral
514 496 248 66 inquiry.

240 586 288 55 Elements
555 586 63 52 of
644 605 30 34 a
700 585 255 54 national
983 585 240 53 mineral
1252 586 205 67 policy,
1483 587 281 67 prepared
1789 585 74 67 by
1891 587 94 50 the
169 580 1967 141 Mineral
322 665 256 66 inquiry;
621 665 61 54 C.
722 664 73 53 K.

832 663 186 65 Leith,
1056 665 322 62 chairman;
1420 665 77 52 H.
1537 666 202 51 Foster
1777 664 167 61 Bain,
1984 663 56 55 S.
2079 663 79 52 M.

166 741 298 65 Marshall,
490 740 267 54 editorial
782 741 336 55 committee.
1193 742 138 52 New
1357 742 181 63 York,
1566 743 150 51 1933.

241 812 60 48 vi,
331 814 84 40 162
443 824 41 37 p.
546 813 178 48 diagrs.
783 813 57 40 22½
872 816 43 21 cm
921 845 8 8 .

244 871 144 40 “This
413 872 121 39 book
558 871 42 39 is
625 871 82 39 the
733 872 218 39 outcome
976 871 51 39 of
1053 881 26 29 a
1108 869 284 42 conference
1417 882 59 28 on
1505 870 248 41 ‘Minerals
1778 869 48 40 in
1854 869 127 41 their
171 867 1973 104 political

276 928 94 40 and
402 926 350 41 international
785 926 262 48 relations’,
1082 928 110 39 held
1224 926 47 41 in
1304 926 494 43 1933.”—Foreword.

243 982 143 43 Short
413 984 336 48 bibliography
778 984 223 40 included
1029 983 48 39 in
1110 986 78 38 the
1217 982 256 42 foreword.

168 1044 1945 62 © Nov. 15, 1933; 2c. Dec. 21; aff. Dec. 19; A 68553; Mineral inquiry, ℅
237 1112 55 42 A.
319 1112 38 43 I.
384 1111 62 42 M.
473 1114 65 45 E.,
567 1113 117 40 New
710 1112 144 41 York.
926 1112 221 48 (34-828)

167 1244 363 66 Amundsen,
561 1246 217 65 Anton,
812 1246 170 55 1870-

294 1322 1794 72 … De Kihljoner; roman. Oslo, H. Aschehoug & co., 1933.
231 1410 86 41 244
349 1421 42 38 p.
451 1409 55 41 20
510 1411 42 22 cm
558 1440 8 9 .

167 1474 51 51 ©
248 1477 100 42 Oct.
378 1476 68 47 17,
476 1477 139 46 1933;
647 1478 17 37 3
677 1488 35 29 c.
743 1477 110 41 Dec.
883 1478 52 46 5;
966 1476 310 50 A-Foreign
1307 1478 169 47 22883;
1510 1478 58 39 H.
1601 1478 287 49 Aschehoug
1917 1480 36 40 &
1981 1491 68 29 co.

242 1534 249 50 (34-1667)

166 1648 265 68 Belding,
466 1651 188 55 David
689 1654 333 65 Lawrence,
1061 1657 171 50 1884-

231 1728 1870 74 Manual of human parasitology, by David L. Belding …
162 1808 232 66 Boston,
442 1808 170 52 Mass.
668 1808 463 69 [Planographed
1180 1809 74 70 by
1304 1809 508 71 Spaulding-Moss
1860 1831 298 50 company]

163 1886 150 55 1933.

231 1973 56 41 318
345 1984 43 37 p.
419 1974 109 39 incl.
678 2005 22 16 illus.,
733 1974 167 49 tables,
932 1974 180 50 diagrs.
1172 1974 56 41 23½
1260 1977 44 21 cm
1310 2008 8 7 .

235 2038 300 41 “Textbooks
564 2039 78 39 for
671 2038 302 42 reference”:
1005 2050 41 37 p.
1076 2039 40 41 8.

165 2106 52 51 ©
245 2110 110 41 Dec.
382 2112 39 45 1,
448 2110 114 40 1933;
618 2111 68 40 2c.
714 2111 96 41 and
837 2110 83 41 aff.
947 2112 112 39 Dec.
1087 2112 83 46 13;
1200 2112 41 39 A
1268 2112 170 47 67661;
1469 2114 55 39 D.
1556 2114 48 40 L.
1635 2112 218 50 Belding,
1883 2116 198 41 Boston.

241 2167 222 49 (34-616)

164 2285 317 66 Betowski,
511 2288 252 53 Edward
793 2287 388 56 Maximilian.

234 2362 265 69 Turning
531 2369 59 48 to
625 2363 157 68 God;
818 2383 222 35 sermon
1073 2372 158 47 notes
1268 2386 71 33 on
1375 2369 348 67 conversion,
1761 2370 74 67 by
1869 2371 140 52 Rev.

167 2368 1990 148 Edward M. Betowski … New York, P. J. Kenedy & sons [ c 1933]
235 2526 134 50 xviii,
397 2526 99 49 372,
541 2529 41 49 [4]
610 2540 43 37 p.
714 2527 55 41 22
773 2531 43 22 cm
821 2561 8 8 .

160 2582 1985 107 Alternate pages and [4] pages at end are blank for “Notes on conversion”.
236 2699 374 51 Bibliography:
642 2714 43 37 p.
713 2701 100 42 290.

166 2771 51 51 ©
241 2774 116 40 Nov.
382 2775 68 45 27,
476 2774 139 47 1933;
641 2773 67 41 2c.
733 2775 96 40 and
853 2773 81 41 aff.
959 2776 111 39 Dec.
1095 2776 53 37 4:
1176 2775 40 40 A
1241 2776 169 47 67370;
1439 2778 50 41 P.
1515 2779 42 40 J.
1583 2779 201 43 Kenedy
1808 2783 36 39 &
1870 2794 125 29 sons.

241 2831 220 50 (34-562)

164 2949 218 64 Boney,
411 2948 151 56 Cecil
591 2951 85 52 De
702 2948 169 64 Witt,
900 2952 169 49 1902-

233 3028 55 53 A
316 3029 172 66 study
514 3027 64 53 of
607 3027 218 69 library
855 3028 239 69 reading
1126 3030 58 53 in
1214 3032 94 52 the
1338 3032 259 69 primary
1625 3036 220 68 grades,
1874 3039 75 66 by
1979 3040 62 54 C.
2074 3042 84 52 De

165 3103 1994 77 Witt Boney … Published with the approval of Professor
161 3183 143 55 Jean
337 3187 261 63 Betzner,
627 3202 253 51 sponsor.
956 3186 138 52 New
1127 3187 162 53 York
1318 3188 135 68 city,
1482 3192 278 55 Teachers
1792 3195 227 68 college.
162 3194 1971 124 Columbia
402 3262 334 68 university,
767 3268 150 49 1933.

236 3348 60 47 vi,
335 3348 55 40 70
425 3359 42 37 p.
527 3348 54 40 23½
615 3351 43 20 cm
664 3381 8 7 .
744 3347 263 48 (Teachers
1044 3350 192 47 college,
1275 3351 249 41 Columbia
1563 3352 283 52 university.
168 3354 1973 96 Contributions
321 3409 48 37 to
396 3406 270 42 education,
694 3415 73 31 no.
796 3406 109 47 578)

238 3461 170 41 Issued
432 3464 104 38 also
560 3473 54 29 as
641 3462 151 41 thesis
827 3463 15 47 (PH.
1013 3461 13 48 D.)
1064 3463 250 41 Columbia
1344 3465 283 49 university.

239 3516 374 51 Bibliography:
644 3530 42 37 p.
716 3518 156 42 63-66.

165 3586 52 52 ©
241 3591 101 41 Oct.
365 3592 40 45 4,
430 3590 140 43 1933;
596 3591 67 39 2c.
687 3589 95 42 and
807 3590 82 41 aff.
914 3591 111 39 Dec.
1049 3591 85 46 20;
1160 3591 40 39 A
1225 3590 170 48 67609;
1421 3593 241 43 Teachers
1688 3599 192 49 college,
1907 3603 252 43 Columbia

232 3647 129 41 univ.
430 3647 251 48 (34-1005)

162 3768 138 63 Boo,
333 3766 196 65 Sigrid
561 3766 440 67 (Holmesland)
1043 3771 174 50 1898-

293 3843 1597 77 … Du deilige liv! Oslo, H. Aschehoug & co., 1933.
230 3917 85 43 250
348 3930 41 37 p.
452 3918 55 40 19½cm.

233 3991 63 40 At
326 3990 124 41 head
481 3989 50 40 of
562 3988 135 41 title:
732 3986 161 50 Sigrid
925 3988 114 41 Boo.
