2484 4405
1080 4102 133 53 1171

132 465 186 66 Eddy,
346 465 224 55 Walter
597 465 206 63 Hollis,
833 463 171 54 1877-

131 539 1999 308 The nutritive value of the banana; report of researches conducted and supervised by the Institute of practical arts research, Laboratory of physiological chemistry, Teachers college, Columbia university, by Walter H. Eddy … New York
132 857 133 69 city,
294 858 277 54 Teachers
601 857 227 68 college,
858 855 299 57 Columbia
1187 852 334 70 university,
1552 858 152 50 1988.

203 945 284 48 cover-title,
516 945 57 41 37
601 955 41 38 p.
702 943 178 49 diagrs.
938 943 56 40 22½
1027 945 44 22 cm
1075 973 9 7 .

208 1018 128 47 Page
365 1017 54 49 [3]
449 1016 51 41 of
526 1026 142 30 cover
692 1015 43 41 is
762 1015 263 40 numbered
1050 1024 44 39 p.
1121 1014 71 40 37.

207 1087 375 48 Bibliography:
617 1097 43 38 p.
694 1086 158 41 34-37.

139 1153 51 53 ©
219 1159 117 46 July
362 1158 40 46 1,
429 1157 141 47 1933;
599 1157 68 40 2c.
695 1158 96 38 and
819 1156 81 39 aff.
930 1156 117 47 July
1073 1156 84 45 27;
1188 1156 41 38 A
1257 1155 169 46 63705;
1458 1155 241 39 Teachers
1728 1155 192 48 college,
209 1155 1911 99 Columbia
320 1215 128 39 univ.
520 1213 281 49 (33-21902)

133 1331 303 65 Edwards,
465 1333 201 63 Harry
690 1330 281 64 Stillwell,
1001 1333 174 51 1855-

204 1412 186 53 Eneas
418 1409 333 69 Africanvs,
778 1410 75 69 by
881 1411 198 65 Harry
1113 1410 267 55 Stillwell
1411 1410 297 53 Edwards.
1784 1411 139 53 New
1954 1410 180 68 York,

134 1489 313 54 Published
473 1495 58 46 at
556 1488 97 53 the
679 1488 144 69 Sign
848 1488 64 53 of
936 1488 97 53 the
1058 1487 229 55 Gosden
1312 1489 163 66 head,
1504 1490 150 52 1932.

207 1576 1607 49 4 p. l., 5-32, [1] p., 1 l. col. front., illus., fold. map. 24 cm .
210 1650 127 39 “The
367 1660 113 36 map
507 1650 96 38 and
633 1649 80 39 the
743 1648 319 48 decorations,
1093 1650 147 46 apart
1265 1649 129 39 from
1423 1649 81 39 the
1533 1649 378 40 hand-coloured
139 1649 1981 108 frontispiece,
309 1718 83 30 are
417 1707 131 40 after
575 1704 245 49 drawings
847 1706 61 47 by
935 1705 183 48 George
1145 1704 253 41 Annand.”

210 1779 289 40 Illustrated
528 1780 97 45 t.-p.

212 1836 102 40 “An
345 1836 183 40 edition
561 1835 52 40 of
643 1834 87 40 850
760 1833 172 49 copies,
966 1835 53 38 of
1049 1832 159 41 which
1239 1833 99 41 this
1370 1834 42 40 is
1443 1834 202 40 number
1675 1832 130 42 267.”

143 1905 1996 51 © Dec. 15, 1932; 2c. June 14, 1933; aff. Aug. 2; A 63833; Gosden head,
212 1967 84 38 ltd.
361 1962 67 52 [©
460 1964 343 48 illustrations]
876 1963 280 48 (33-21725)

138 2081 407 65 Enciclopedia
593 2082 238 53 italiano
881 2082 58 52 di
987 2082 232 68 scienze,
1267 2084 197 50 lettere
1512 2084 67 51 ed
1630 2083 129 67 arti,
1805 2084 330 68 pubblicata

208 2168 148 46 sotto
389 2162 157 52 l’alto
583 2166 305 63 patronato
924 2162 57 52 di
1021 2162 54 54 S.
1114 2163 79 51 M.
1229 2161 43 51 il
1307 2163 83 51 Re
1423 2161 252 53 d’ltalia.
1774 2162 159 54 [xviii.
204 2163 1895 130 GuInde]
452 2239 254 68 [Milano]
761 2239 928 69 Treves-Treccani-Tumminelli,
1741 2244 149 49 1933.

211 2326 1928 51 3 p. l., [Vii]-xv, 1007 p. illus. (incl. ports.) plates (part col.) maps.
137 2386 53 40 31½
224 2387 44 21 cm
272 2416 8 8 .

143 2451 1980 107 © July 15, 1933; 1c. Aug. 10; A-Foreign 21965; Soc. an. Treves-Treccani-Tumminelli, Milano.
139 2628 245 66 Fenton,
414 2630 224 54 Carroll
665 2630 180 65 Lane,
876 2632 173 52 1900-

213 2708 122 53 The
373 2709 180 52 world
592 2707 64 52 of
696 2707 208 68 fossils,
943 2709 76 68 by
1061 2709 226 54 Carroll
1325 2711 157 51 Lane
1520 2712 251 66 Fenton;
1814 2711 325 55 illustrated

144 2787 74 66 by
266 2788 97 51 the
415 2788 219 51 author.
710 2788 138 52 New
899 2788 179 67 York,
1129 2789 258 67 London,
1436 2790 72 52 D.
1559 2789 581 70 Appleton-Century

141 2882 296 50 company,
465 2865 417 67 incorporated,
912 2870 151 52 1933.

213 2948 32 29 x
271 2949 56 38 p.,
354 2940 24 38 1
429 2969 22 17 l.,
478 2939 98 47 182,
609 2940 53 48 [1]
692 2950 42 37 p.
789 2940 128 39 illus.
973 2939 58 40 19½
1060 2942 45 21 cm
1111 2971 9 9 .
1185 2940 299 48 (Half-title:
1512 2941 238 49 Appleton
1779 2952 105 30 new
1912 2944 152 39 world
2093 2944 51 39 of

143 2994 185 41 science
355 2995 163 47 series,
547 2997 72 38 ed.
649 2996 62 47 by
739 2996 72 40 W.
840 2996 178 48 Davis)

216 3066 318 40 “References
566 3068 96 38 and
692 3066 306 41 collections”:
1059 3078 42 38 p.
1136 3067 236 51 169-[172]

149 3131 52 53 ©
226 3136 120 48 Aug.
371 3137 68 46 11,
495 3136 83 39 1933;
633 3137 66 39 2c.
727 3139 94 37 and
847 3137 81 41 aff.
953 3138 120 48 Aug.
1099 3138 83 48 12;
1210 3139 42 39 A
1277 3139 169 48 64705;
1477 3140 55 40 D.
1560 3140 477 49 Appleton-Centurv
2062 3151 81 39 co.,

216 3193 90 40 inc.
377 3193 279 49 (33-21909)

145 3309 122 53 The
303 3310 386 66 Fortnightly
722 3312 204 52 review.
1016 3331 90 35 no.
1143 3314 118 68 799,
1295 3334 53 33 n.
1385 3334 60 47 s.,
1481 3317 159 67 July,
1678 3319 148 50 1933.

151 3380 1994 59 © 1c. July 8, 1933; A ad int. 18175; pubd. July 1; Fortnightly review,
217 3441 100 46 ltd.,
346 3441 210 40 London.

146 3558 140 64 Fox,
319 3558 328 59 Elizabeth.

220 3634 122 55 Our
391 3635 133 68 city,
575 3655 31 33 a
655 3635 125 54 first
829 3639 213 67 reader,
1091 3640 77 68 by
1217 3640 301 54 Elizabeth
1568 3644 152 66 Fox;
1773 3643 248 68 pictures
2069 3646 77 68 by

147 3712 233 70 Margot
420 3713 196 54 Lucile
656 3714 202 70 Ridge.
932 3717 111 54 Los
1083 3718 265 70 Angeles,
1391 3718 118 57 San
1550 3719 323 72 Francisco,
1914 3720 232 57 Sutton-

150 3791 172 54 house
408 3795 152 65 [c1933]

223 3866 831 48 1 p. l., 68 p. col. illus. 19½cm.
157 3932 51 51 ©
237 3938 113 45 May
377 3938 67 46 15,
471 3938 112 39 1933;
639 3938 68 41 2c.
734 3941 94 38 and
855 3940 82 41 aff.
966 3942 113 47 July
1108 3943 82 45 24;
1219 3944 41 38 A
1287 3944 170 46 64484;
1490 3945 341 48 Suttonhouse,
1861 3947 288 48 publishers,

227 3993 112 40 Carl
370 3994 51 39 F.
455 3995 187 47 Sutton,
673 3997 99 38 sole
802 4007 174 38 owner,
1008 3999 92 39 Los
1131 3999 220 48 Angeles.
1422 4002 280 48 (33-21723)
