2582 4453
1316 4071 102 50 692

357 377 235 68 [North,
625 377 186 56 Grace
842 378 160 68 May;
1038 377 171 59 1876-

358 453 1952 133 The phantom town mystery, by Carol Norton [pseud.] … New
525 533 178 68 York,
734 532 271 70 Chicago,
1032 533 69 52 A.
1132 533 62 53 L.
1226 533 148 52 Burt
1402 550 279 52 company
1714 535 195 66 [c1933]

427 605 86 41 256
540 616 43 38 p.
644 605 150 41 front.
856 605 146 41 19½cm.
1068 605 233 50 [Mystery
1330 606 97 39 and
1457 607 270 39 adventure
1756 605 150 42 series
1936 606 77 39 for
2044 605 118 49 girls]

363 677 52 52 ©
446 682 114 47 May
589 680 39 48 9,
659 680 114 41 1933;
833 681 65 39 2c.
931 680 96 40 and
1058 679 82 40 aff.
1172 680 114 47 May
1315 680 83 46 11;
1429 679 43 39 A
1501 678 171 48 61690;
1705 679 55 41 A.
1791 679 51 40 L.
1874 679 128 40 Burt
2029 689 69 30 co.

439 738 283 49 (33-12109)

355 839 269 68 O’Brien,
651 842 155 54 John
835 843 77 64 S.,
943 846 172 50 1898-

355 918 2021 151 Silver Chief, dog of the north, by Jack O’Brien … illustrations by Kurt Wiese. Philadelphia, Chicago [etc.] The John
357 1079 63 56 C.
447 1080 270 54 Winston
743 1095 284 52 company
1059 1082 196 64 [c1933]

428 1166 42 36 v,
514 1155 73 49 [1],
630 1153 88 41 218
758 1165 44 37 p.
843 1152 110 41 incl.
995 1152 145 49 illus.,
1182 1154 158 47 plates.
1416 1153 87 40 col.
1546 1152 165 49 front.,
1753 1152 87 42 col.
1883 1153 172 48 plates.
2115 1150 147 41 22½cm.

427 1212 292 42 Illustrated
746 1211 366 50 lining-papers.

363 1281 52 52 ©
443 1286 116 46 May
584 1285 40 47 1,
653 1284 142 47 1933;
825 1284 68 40 2c.
922 1285 115 47 May
1064 1284 82 46 11;
1178 1283 82 41 aff.
1289 1284 116 47 May
1431 1283 83 48 12;
1545 1284 42 39 A
1615 1283 171 48 62632;
1819 1284 129 40 John
1977 1284 48 41 C.
2056 1282 227 42 Winston
2311 1293 68 31 co.

441 1341 283 50 (33-12233)

354 1449 183 53 Omar
567 1448 341 64 Khayyām.

428 1527 123 52 The
589 1543 126 36 rose
750 1525 219 69 garden
1008 1525 64 53 of
1111 1524 181 56 Omar
1330 1525 329 69 Khayyam,
1701 1524 258 54 founded
1996 1542 73 36 on
2106 1524 97 54 the
356 1526 1997 134 Persian
531 1606 75 68 by
657 1604 162 53 Eben
871 1604 241 53 Francis
1163 1604 349 68 Thompson.
1586 1604 340 69 Worcester,
1975 1605 193 68 Mass.,
2217 1605 160 53 Priv.

358 1683 195 70 print.,
586 1686 153 51 1932.

431 1759 60 49 vi,
530 1761 57 39 27
628 1770 42 38 p.
738 1759 116 40 15cm.

432 1816 265 41 Published
729 1817 104 39 also
864 1816 48 39 in
945 1814 266 42 miniature
1243 1815 187 41 edition
1460 1815 211 41 without
1702 1815 254 50 prefatory
1990 1825 160 40 pages.

363 1884 54 52 ©
444 1889 114 47 Apr.
589 1890 39 44 1,
657 1887 142 46 1933;
832 1887 68 43 2c.
930 1888 96 39 and
1056 1886 83 41 aff.
1168 1886 114 48 Apr.
1313 1887 53 46 8;
1398 1887 42 39 A
1469 1885 172 49 61289;
1675 1888 52 39 E.
1760 1887 51 39 F.
1842 1887 291 48 Thompson,
431 1889 1930 104 Worcester,
549 1947 149 40 Mass.
762 1941 69 54 [©
860 1945 262 48 foreword]
1195 1944 284 48 (33-12297)

356 2049 386 66 Oppenheim,
773 2049 256 55 Edward
1058 2047 268 67 Phillips.

425 2128 122 54 The
572 2128 214 71 killing
812 2129 64 54 of
902 2128 232 55 Monica
1162 2128 269 70 Quayles.

439 2206 84 47 (In
550 2200 266 43 Pearson’s
848 2201 279 52 magazine,
1159 2202 135 52 May,
1326 2201 146 50 1933)

363 2271 52 52 ©
477 2286 35 30 1c.
547 2276 127 39 June
706 2275 69 48 23,
808 2274 142 48 1933;
983 2277 41 37 A
1057 2276 62 39 ad
1151 2276 83 40 int.
1272 2276 171 46 17926;
1479 2276 142 47 pubd.
1657 2277 113 46 May
1803 2276 53 46 1;
1894 2277 52 38 E.
1981 2277 50 39 P.
2067 2276 312 47 Oppenheim,

431 2334 262 47 Reepham,
724 2332 222 48 Norfolk,
979 2334 238 47 England.

355 2436 199 64 Owen,
584 2436 224 56 Wilber
834 2438 192 65 Allen,
1059 2442 173 52 1873-

430 2513 307 64 Questions
764 2514 113 54 and
905 2533 245 36 answers
1178 2534 72 35 on
1277 2514 372 70 thirty-three
1675 2515 62 53 of
1763 2515 96 54 the
1886 2525 147 44 most
2061 2516 318 67 important

358 2595 150 67 legal
542 2591 263 70 subjects,
840 2593 271 69 designed
1147 2593 304 70 especially
1485 2593 94 54 for
1615 2594 96 52 the
1743 2612 96 36 use
1876 2594 63 52 of
1972 2594 110 52 law
2118 2594 259 55 students

358 2674 60 51 in
440 2671 205 55 review
670 2671 159 53 work
853 2671 112 53 and
988 2670 61 53 in
1071 2672 372 68 preparation
1467 2671 93 53 for
1585 2670 415 56 examinations
2028 2671 93 55 for
2147 2672 230 69 degrees

360 2749 60 52 in
442 2750 110 53 law
578 2750 240 68 colleges
841 2767 63 35 or
931 2749 92 53 for
1049 2749 309 52 admission
1383 2757 59 46 to
1467 2750 96 53 the
1588 2749 119 56 bar.
1772 2749 98 54 6th
1894 2749 84 54 ed.
2044 2750 89 69 By
2159 2749 219 55 Wilber

361 2825 1566 71 A. Owen … St. Paul, West publishing co., 1933.
430 2898 82 50 vii,
542 2898 86 43 874
657 2911 43 38 p.
758 2898 148 43 23½cm.

364 2970 52 52 ©
446 2975 113 48 Apr.
589 2975 69 47 13,
688 2975 113 40 1933;
862 2975 66 40 2c.
960 2975 96 39 and
1085 2973 82 41 aff.
1198 2974 114 48 May
1342 2976 81 44 11;
1457 2975 40 38 A
1527 2973 171 47 61762;
1730 2975 137 41 West
1894 2976 109 48 pub.
2033 2987 69 30 co.

442 3031 282 49 (33-12214)

357 3137 274 63 Persons,
662 3137 186 53 Helen
879 3139 80 53 M.

432 3213 259 69 Finding
717 3213 97 54 the
842 3216 110 51 lost
979 3221 269 60 treasure,
1279 3214 74 69 by
1382 3214 187 52 Helen
1595 3214 79 52 M.
1706 3215 256 54 Persons.
2027 3213 136 55 New
2202 3213 175 71 York,

364 3289 268 71 Chicago,
665 3293 68 50 A.
769 3292 62 52 L.
868 3292 147 54 Burt
1048 3310 279 51 company
1366 3295 194 66 [c1933]

429 3362 87 41 256
548 3374 44 37 p.
651 3363 149 41 front.
862 3363 146 41 19½cm.
1075 3365 232 47 [Mystery
1342 3366 93 39 and
1471 3365 269 40 adventure
1773 3366 151 40 series
1960 3366 77 40 for
2070 3366 120 48 girls]

367 3432 52 52 ©
450 3438 113 47 May
591 3437 38 47 6,
660 3437 140 46 1933;
831 3439 67 39 2c.
929 3439 113 47 May
1072 3438 81 47 10;
1185 3449 82 29 aff.
1300 3440 113 47 May
1441 3437 52 43 9;
1526 3439 39 38 A
1596 3438 170 47 61680;
1798 3439 55 40 A.
1884 3439 49 40 L.
1964 3439 125 41 Burt
2118 3449 69 31 co.

444 3494 282 48 (33-12108)

360 3600 240 64 Persov,
630 3600 190 55 Anne.

433 3677 310 54 Whatever
776 3695 110 50 you
923 3696 155 50 reap,
1111 3678 76 69 by
1221 3678 168 53 Anne
1422 3679 242 67 Persov;
1703 3677 392 54 introduction
2127 3677 75 71 by
2237 3678 141 53 Max

369 3756 288 53 Eastman.
734 3755 248 70 Detroit,
1013 3755 323 70 Shuman’s,
1366 3760 151 52 1933.

436 3830 693 51 3 p. l., 5-89, [1] p. 23½cm.
438 3901 1941 53 “This … first edition is limited to two hundred and eighty copies, of
370 3959 155 40 which
554 3963 96 37 two
677 3960 220 41 hundred
926 3962 96 39 and
1051 3960 154 49 thirty
1234 3972 84 29 are
1345 3962 80 39 for
1451 3961 146 41 sale.”
