<alto xmlns="http://www.loc.gov/standards/alto/ns-v3#" xmlns:xlink="http://www.w3.org/1999/xlink" xmlns:xsi="http://www.w3.org/2001/XMLSchema-instance" xsi:schemaLocation="http://www.loc.gov/standards/alto/ns-v3# http://www.loc.gov/alto/v3/alto-3-0.xsd"><Description>
<MeasurementUnit>pixel</MeasurementUnit>
<sourceImageInformation>
<fileName>1933_v1_Part1.pdf</fileName>
</sourceImageInformation>
<OCRProcessing ID="IdOcr">
<ocrProcessingStep>
<processingDateTime>2019-01-03</processingDateTime>
<processingSoftware>
<softwareCreator>ABBYY</softwareCreator>
<softwareName>ABBYY Recognition Server</softwareName>
<softwareVersion>4.0</softwareVersion>
</processingSoftware>
</ocrProcessingStep>
</OCRProcessing>
</Description>
<Styles>
<ParagraphStyle ID="StyleId-FFFFFFFF-FFFF-FFFF-FFFF-FFFFFFFFFFFF-" ALIGN="Left" LEFT="0." RIGHT="0." FIRSTLINE="0."/>
<ParagraphStyle ID="StyleId-6EF5737A-DCEB-4126-A0CF-C5930BF7166A-" ALIGN="Left" LEFT="0." RIGHT="0." FIRSTLINE="0." LINESPACE="8.300000191"/>
<ParagraphStyle ID="StyleId-2DE44258-FD0B-41E1-B542-087C989B01A3-" ALIGN="Left" LEFT="0." RIGHT="0." FIRSTLINE="0." LINESPACE="12.19999981"/>
<ParagraphStyle ID="StyleId-CE3D254A-29D7-4DD7-B5F1-E0FC0EF29B05-" ALIGN="Left" LEFT="0." RIGHT="0." FIRSTLINE="-14." LINESPACE="8.619999886"/>
<ParagraphStyle ID="StyleId-C0E3A137-CE4F-4287-8A90-B599106709D0-" ALIGN="Left" LEFT="0." RIGHT="0." FIRSTLINE="-14." LINESPACE="12.19999981"/>
<ParagraphStyle ID="StyleId-50F26F0C-05DA-4C19-BA58-7A6AC4499BEE-" ALIGN="Left" LEFT="0." RIGHT="0." FIRSTLINE="-14." LINESPACE="11.06999969"/>
<ParagraphStyle ID="StyleId-5DDE65AF-512C-41E2-9B8E-095D6D99EF68-" ALIGN="Center" LEFT="0." RIGHT="0." FIRSTLINE="0." LINESPACE="11.89999962"/>
<ParagraphStyle ID="StyleId-0A81D7A5-6A62-4C52-915E-7768974C704D-" ALIGN="Left" LEFT="0." RIGHT="0." FIRSTLINE="0." LINESPACE="9.399999619"/>
<ParagraphStyle ID="StyleId-F7A0127F-6B48-4157-BB81-FE33E1E1A05B-" ALIGN="Block" LEFT="0." RIGHT="0." FIRSTLINE="-13." LINESPACE="10.63000011"/>
<ParagraphStyle ID="StyleId-E18C69F7-DBD7-48B1-805C-FCD96D0DA019-" ALIGN="Left" LEFT="0." RIGHT="0." FIRSTLINE="0." LINESPACE="11.64000034"/>
<ParagraphStyle ID="StyleId-98F15501-B611-4E83-8BB3-807E891F11F5-" ALIGN="Left" LEFT="0." RIGHT="0." FIRSTLINE="-14." LINESPACE="12.19999981"/>
<ParagraphStyle ID="StyleId-F4A78626-0BBC-4D12-94D9-A1AE75A9855F-" ALIGN="Left" LEFT="0." RIGHT="0." FIRSTLINE="0." LINESPACE="9.399999619"/>
<ParagraphStyle ID="StyleId-6A3F6F4C-D21B-4ADE-902F-7683F18ECEF3-" ALIGN="Left" LEFT="0." RIGHT="0." FIRSTLINE="0." LINESPACE="11.10000038"/>
</Styles>
<Layout>
<Page ID="Page1532" PHYSICAL_IMG_NR="1532" HEIGHT="4453" WIDTH="2582">
<TopMargin HEIGHT="448" WIDTH="2582" VPOS="0" HPOS="0">
</TopMargin>
<LeftMargin HEIGHT="3782" WIDTH="400" VPOS="448" HPOS="0">
</LeftMargin>
<RightMargin HEIGHT="3782" WIDTH="116" VPOS="448" HPOS="2466">
</RightMargin>
<BottomMargin HEIGHT="223" WIDTH="2582" VPOS="4230" HPOS="0">
</BottomMargin>
<PrintSpace HEIGHT="3782" WIDTH="2066" VPOS="448" HPOS="400">
<TextBlock ID="Page1532_Block1" HEIGHT="70" WIDTH="152" VPOS="4160" HPOS="1370" LANG="en-US" STYLEREFS="StyleId-88FD450C-10EF-4EFB-B868-D6463818616D-">
<TextLine HEIGHT="50" WIDTH="132" VPOS="4170" HPOS="1379">
<String CONTENT="1532" HEIGHT="50" WIDTH="132" VPOS="4170" HPOS="1379"/>
</TextLine>
</TextBlock>
<TextBlock ID="Page1532_Block2" HEIGHT="3718" WIDTH="2066" VPOS="448" HPOS="400" LANG="en-US" CS="1" STYLEREFS="StyleId-66D7185E-0BCC-49C1-94C8-A7BD62D9C7F5-">
<TextLine HEIGHT="51" WIDTH="1535" VPOS="534" HPOS="485" CS="1">
<String CONTENT="&#8220;A" HEIGHT="37" WIDTH="66" VPOS="536" HPOS="485"/>
<SP HEIGHT="48" WIDTH="29" VPOS="536" HPOS="552"/>
<String CONTENT="glossary" HEIGHT="49" WIDTH="222" VPOS="535" HPOS="582"/>
<SP HEIGHT="36" WIDTH="28" VPOS="546" HPOS="805"/>
<String CONTENT="of" HEIGHT="41" WIDTH="52" VPOS="535" HPOS="834"/>
<SP HEIGHT="39" WIDTH="27" VPOS="535" HPOS="887"/>
<String CONTENT="motion-picture" HEIGHT="50" WIDTH="395" VPOS="534" HPOS="915"/>
<SP HEIGHT="30" WIDTH="29" VPOS="547" HPOS="1311"/>
<String CS="1" CONTENT="vocabulary&#8221;:" HEIGHT="48" WIDTH="327" VPOS="536" HPOS="1341"/>
<SP HEIGHT="38" WIDTH="30" VPOS="547" HPOS="1696"/>
<String CONTENT="p." HEIGHT="38" WIDTH="43" VPOS="547" HPOS="1727"/>
<SP HEIGHT="42" WIDTH="29" VPOS="535" HPOS="1771"/>
<String CONTENT="235-239." HEIGHT="43" WIDTH="219" VPOS="534" HPOS="1801"/>
</TextLine>
<TextLine HEIGHT="51" WIDTH="943" VPOS="591" HPOS="485" CS="1">
<String CONTENT="&#8220;Suggested" HEIGHT="50" WIDTH="297" VPOS="592" HPOS="485"/>
<SP HEIGHT="40" WIDTH="30" VPOS="593" HPOS="783"/>
<String CS="1" CONTENT="readings&quot;:" HEIGHT="50" WIDTH="229" VPOS="592" HPOS="814"/>
<SP HEIGHT="38" WIDTH="34" VPOS="604" HPOS="1100"/>
<String CONTENT="p." HEIGHT="38" WIDTH="43" VPOS="604" HPOS="1135"/>
<SP HEIGHT="40" WIDTH="30" VPOS="592" HPOS="1179"/>
<String CONTENT="233-234." HEIGHT="42" WIDTH="218" VPOS="591" HPOS="1210"/>
</TextLine>
<TextLine HEIGHT="52" WIDTH="1687" VPOS="661" HPOS="415" CS="1">
<String CONTENT="&#169;" HEIGHT="52" WIDTH="51" VPOS="661" HPOS="415"/>
<SP HEIGHT="52" WIDTH="28" VPOS="661" HPOS="467"/>
<String CONTENT="Oct." HEIGHT="40" WIDTH="102" VPOS="666" HPOS="496"/>
<SP HEIGHT="40" WIDTH="25" VPOS="666" HPOS="599"/>
<String CONTENT="31." HEIGHT="40" WIDTH="70" VPOS="666" HPOS="625"/>
<SP HEIGHT="41" WIDTH="24" VPOS="665" HPOS="696"/>
<String CS="1" CONTENT="1933;" HEIGHT="40" WIDTH="115" VPOS="665" HPOS="721"/>
<SP HEIGHT="47" WIDTH="28" VPOS="665" HPOS="864"/>
<String CONTENT="2c." HEIGHT="41" WIDTH="67" VPOS="665" HPOS="893"/>
<SP HEIGHT="30" WIDTH="26" VPOS="676" HPOS="961"/>
<String CONTENT="and" HEIGHT="39" WIDTH="95" VPOS="666" HPOS="988"/>
<SP HEIGHT="38" WIDTH="27" VPOS="666" HPOS="1084"/>
<String CS="1" CONTENT="aff." HEIGHT="30" WIDTH="82" VPOS="675" HPOS="1112"/>
<SP HEIGHT="40" WIDTH="25" VPOS="665" HPOS="1195"/>
<String CONTENT="Nov." HEIGHT="39" WIDTH="117" VPOS="665" HPOS="1221"/>
<SP HEIGHT="36" WIDTH="29" VPOS="667" HPOS="1339"/>
<String CS="1" CONTENT="1;" HEIGHT="36" WIDTH="22" VPOS="667" HPOS="1369"/>
<SP HEIGHT="39" WIDTH="28" VPOS="665" HPOS="1422"/>
<!-- cceid 4A0DFBC8-6CF9-1014-A6CF-A82867D68027 --><String CONTENT="A" HEIGHT="38" WIDTH="42" VPOS="665" HPOS="1451"/>
<SP HEIGHT="40" WIDTH="25" VPOS="665" HPOS="1494"/>
<String CS="1" CONTENT="66845;" HEIGHT="41" WIDTH="144" VPOS="664" HPOS="1520"/>
<SP HEIGHT="45" WIDTH="31" VPOS="666" HPOS="1692"/>
<String CONTENT="Macmillan" HEIGHT="40" WIDTH="284" VPOS="665" HPOS="1724"/>
<SP HEIGHT="29" WIDTH="25" VPOS="676" HPOS="2009"/>
<String CONTENT="co." HEIGHT="29" WIDTH="67" VPOS="676" HPOS="2035"/>
</TextLine>
<TextLine HEIGHT="48" WIDTH="282" VPOS="723" HPOS="492">
<String CONTENT="(33-32257)" HEIGHT="48" WIDTH="282" VPOS="723" HPOS="492"/>
</TextLine>
<TextLine HEIGHT="65" WIDTH="1097" VPOS="826" HPOS="413" STYLEREFS="StyleId-88FD450C-10EF-4EFB-B868-D6463818616D-">
<String LANG="fr" CONTENT="De" HEIGHT="53" WIDTH="84" VPOS="826" HPOS="413"/>
<SP HEIGHT="51" WIDTH="25" VPOS="828" HPOS="498"/>
<String LANG="fr" CONTENT="Blois," HEIGHT="64" WIDTH="181" VPOS="827" HPOS="524"/>
<SP HEIGHT="64" WIDTH="26" VPOS="827" HPOS="706"/>
<String LANG="en-US" CONTENT="Austen" HEIGHT="53" WIDTH="236" VPOS="827" HPOS="733"/>
<SP HEIGHT="53" WIDTH="26" VPOS="827" HPOS="970"/>
<String LANG="en-US" CONTENT="Kennedy," HEIGHT="64" WIDTH="309" VPOS="827" HPOS="997"/>
<SP HEIGHT="60" WIDTH="29" VPOS="830" HPOS="1307"/>
<String LANG="en-US" CONTENT="1866-" HEIGHT="50" WIDTH="173" VPOS="829" HPOS="1337"/>
</TextLine>
<TextLine HEIGHT="71" WIDTH="1886" VPOS="902" HPOS="482" STYLEREFS="StyleId-88FD450C-10EF-4EFB-B868-D6463818616D-" CS="1">
<String CONTENT="Evangelism" HEIGHT="69" WIDTH="373" VPOS="903" HPOS="482"/>
<SP HEIGHT="51" WIDTH="28" VPOS="904" HPOS="856"/>
<String CONTENT="in" HEIGHT="51" WIDTH="61" VPOS="904" HPOS="885"/>
<SP HEIGHT="47" WIDTH="25" VPOS="910" HPOS="947"/>
<String CONTENT="the" HEIGHT="54" WIDTH="97" VPOS="903" HPOS="973"/>
<SP HEIGHT="34" WIDTH="30" VPOS="922" HPOS="1071"/>
<String CONTENT="new" HEIGHT="33" WIDTH="121" VPOS="923" HPOS="1102"/>
<SP HEIGHT="34" WIDTH="30" VPOS="922" HPOS="1224"/>
<String CONTENT="age," HEIGHT="51" WIDTH="120" VPOS="921" HPOS="1255"/>
<SP HEIGHT="67" WIDTH="29" VPOS="904" HPOS="1376"/>
<String CONTENT="by" HEIGHT="68" WIDTH="71" VPOS="904" HPOS="1406"/>
<SP HEIGHT="68" WIDTH="31" VPOS="904" HPOS="1478"/>
<String CONTENT="Austen" HEIGHT="53" WIDTH="219" VPOS="904" HPOS="1510"/>
<SP HEIGHT="52" WIDTH="29" VPOS="903" HPOS="1730"/>
<String CONTENT="Kennedy" HEIGHT="71" WIDTH="281" VPOS="902" HPOS="1760"/>
<SP HEIGHT="71" WIDTH="30" VPOS="902" HPOS="2042"/>
<String LANG="fr" CONTENT="de" HEIGHT="55" WIDTH="66" VPOS="902" HPOS="2073"/>
<SP HEIGHT="55" WIDTH="30" VPOS="902" HPOS="2140"/>
<String LANG="fr" CONTENT="Blois" HEIGHT="55" WIDTH="162" VPOS="902" HPOS="2171"/>
<SP HEIGHT="35" WIDTH="34" VPOS="922" HPOS="2334"/>
<String CS="1" CONTENT="&#8230;"/>
</TextLine>
<TextLine HEIGHT="70" WIDTH="1716" VPOS="981" HPOS="414" STYLEREFS="StyleId-88FD450C-10EF-4EFB-B868-D6463818616D-" CS="1">
<String CONTENT="Philadelphia," HEIGHT="69" WIDTH="428" VPOS="982" HPOS="414"/>
<SP HEIGHT="68" WIDTH="34" VPOS="982" HPOS="843"/>
<String CONTENT="Boston" HEIGHT="54" WIDTH="217" VPOS="982" HPOS="878"/>
<SP/>
<String CS="1" CONTENT="[etc.]" HEIGHT="35" WIDTH="31" VPOS="1015" HPOS="1245"/>
<SP HEIGHT="68" WIDTH="37" VPOS="982" HPOS="1277"/>
<String CONTENT="The" HEIGHT="52" WIDTH="122" VPOS="982" HPOS="1315"/>
<SP HEIGHT="54" WIDTH="34" VPOS="982" HPOS="1438"/>
<String CONTENT="Judson" HEIGHT="55" WIDTH="225" VPOS="981" HPOS="1473"/>
<SP HEIGHT="51" WIDTH="35" VPOS="1000" HPOS="1699"/>
<String CONTENT="press" HEIGHT="51" WIDTH="158" VPOS="1000" HPOS="1735"/>
<SP HEIGHT="51" WIDTH="40" VPOS="1000" HPOS="1894"/>
<String STYLE="subscript" CONTENT="[" HEIGHT="35" WIDTH="13" VPOS="1016" HPOS="1935"/>
<String STYLE="superscript" CONTENT="c" HEIGHT="22" WIDTH="18" VPOS="988" HPOS="1953"/>
<String CONTENT="1933" HEIGHT="51" WIDTH="135" VPOS="984" HPOS="1976"/>
<String STYLE="subscript" CONTENT="]" HEIGHT="35" WIDTH="13" VPOS="1015" HPOS="2117"/>
</TextLine>
<TextLine HEIGHT="49" WIDTH="538" VPOS="1054" HPOS="483" CS="1">
<String CONTENT="8" HEIGHT="41" WIDTH="28" VPOS="1054" HPOS="483"/>
<SP HEIGHT="49" WIDTH="25" VPOS="1054" HPOS="512"/>
<String LANG="fr" CONTENT="p." HEIGHT="38" WIDTH="44" VPOS="1065" HPOS="538"/>
<SP HEIGHT="40" WIDTH="28" VPOS="1054" HPOS="583"/>
<String CS="1" CONTENT="l.,"/>
<SP HEIGHT="48" WIDTH="30" VPOS="1055" HPOS="657"/>
<String CONTENT="310" HEIGHT="40" WIDTH="89" VPOS="1055" HPOS="688"/>
<SP HEIGHT="48" WIDTH="24" VPOS="1055" HPOS="778"/>
<String CONTENT="p." HEIGHT="37" WIDTH="43" VPOS="1066" HPOS="803"/>
<SP HEIGHT="39" WIDTH="58" VPOS="1055" HPOS="847"/>
<String CONTENT="20" HEIGHT="40" WIDTH="57" VPOS="1054" HPOS="906"/>
<String STYLE="superscript" CONTENT="cm" HEIGHT="20" WIDTH="44" VPOS="1057" HPOS="965"/>
<String CONTENT="." HEIGHT="8" WIDTH="7" VPOS="1086" HPOS="1014"/>
</TextLine>
<TextLine HEIGHT="52" WIDTH="1691" VPOS="1112" HPOS="417" CS="1">
<String CONTENT="&#169;" HEIGHT="52" WIDTH="51" VPOS="1112" HPOS="417"/>
<SP HEIGHT="52" WIDTH="29" VPOS="1112" HPOS="469"/>
<String CONTENT="Sept." HEIGHT="47" WIDTH="128" VPOS="1117" HPOS="499"/>
<SP HEIGHT="39" WIDTH="26" VPOS="1116" HPOS="628"/>
<String CONTENT="27," HEIGHT="46" WIDTH="70" VPOS="1116" HPOS="655"/>
<SP HEIGHT="45" WIDTH="27" VPOS="1117" HPOS="726"/>
<String CONTENT="1933;" HEIGHT="47" WIDTH="141" VPOS="1115" HPOS="754"/>
<SP HEIGHT="46" WIDTH="28" VPOS="1116" HPOS="896"/>
<String CS="1" CONTENT="2c." HEIGHT="8" WIDTH="8" VPOS="1147" HPOS="983"/>
<SP HEIGHT="29" WIDTH="28" VPOS="1126" HPOS="992"/>
<String CONTENT="and" HEIGHT="38" WIDTH="96" VPOS="1117" HPOS="1021"/>
<SP HEIGHT="38" WIDTH="26" VPOS="1117" HPOS="1118"/>
<String CONTENT="aff." HEIGHT="40" WIDTH="83" VPOS="1115" HPOS="1145"/>
<SP HEIGHT="41" WIDTH="27" VPOS="1114" HPOS="1229"/>
<String CONTENT="Oct." HEIGHT="42" WIDTH="103" VPOS="1114" HPOS="1257"/>
<SP HEIGHT="41" WIDTH="25" VPOS="1115" HPOS="1361"/>
<String CS="1" CONTENT="9;" HEIGHT="40" WIDTH="26" VPOS="1115" HPOS="1387"/>
<SP HEIGHT="47" WIDTH="27" VPOS="1115" HPOS="1441"/>
<!-- cceid 4A0E283B-6CF9-1014-A6CF-A82867D68027 --><String CONTENT="A" HEIGHT="39" WIDTH="41" VPOS="1115" HPOS="1469"/>
<SP HEIGHT="40" WIDTH="26" VPOS="1115" HPOS="1511"/>
<String CONTENT="66513;" HEIGHT="47" WIDTH="172" VPOS="1114" HPOS="1538"/>
<SP HEIGHT="46" WIDTH="30" VPOS="1115" HPOS="1711"/>
<String CONTENT="Judson" HEIGHT="40" WIDTH="189" VPOS="1115" HPOS="1742"/>
<SP HEIGHT="38" WIDTH="26" VPOS="1126" HPOS="1932"/>
<String CONTENT="press." HEIGHT="40" WIDTH="149" VPOS="1124" HPOS="1959"/>
</TextLine>
<TextLine HEIGHT="49" WIDTH="282" VPOS="1173" HPOS="497">
<String CONTENT="(33-32246)" HEIGHT="49" WIDTH="282" VPOS="1173" HPOS="497"/>
</TextLine>
<TextLine HEIGHT="69" WIDTH="1007" VPOS="1274" HPOS="416" STYLEREFS="StyleId-EA10CB79-96FF-452C-8441-D7C430CA7319-">
<String CONTENT="Ditmars," HEIGHT="69" WIDTH="290" VPOS="1274" HPOS="416"/>
<SP HEIGHT="64" WIDTH="29" VPOS="1279" HPOS="707"/>
<String CONTENT="Raymond" HEIGHT="63" WIDTH="312" VPOS="1279" HPOS="737"/>
<SP HEIGHT="53" WIDTH="31" VPOS="1278" HPOS="1050"/>
<String CONTENT="Lee," HEIGHT="64" WIDTH="134" VPOS="1278" HPOS="1082"/>
<SP HEIGHT="61" WIDTH="33" VPOS="1281" HPOS="1217"/>
<String CONTENT="1876-" HEIGHT="51" WIDTH="172" VPOS="1279" HPOS="1251"/>
</TextLine>
<TextLine HEIGHT="134" WIDTH="1992" VPOS="1355" HPOS="420" STYLEREFS="StyleId-88FD450C-10EF-4EFB-B868-D6463818616D-" CS="1">
<String CONTENT="Reptiles" HEIGHT="68" WIDTH="259" VPOS="1356" HPOS="489"/>
<SP HEIGHT="37" WIDTH="30" VPOS="1375" HPOS="749"/>
<String CONTENT="of" HEIGHT="54" WIDTH="65" VPOS="1355" HPOS="780"/>
<SP HEIGHT="55" WIDTH="28" VPOS="1355" HPOS="846"/>
<String CONTENT="the" HEIGHT="53" WIDTH="96" VPOS="1357" HPOS="875"/>
<SP HEIGHT="34" WIDTH="32" VPOS="1375" HPOS="972"/>
<String CONTENT="world;" HEIGHT="67" WIDTH="210" VPOS="1357" HPOS="1005"/>
<SP HEIGHT="62" WIDTH="33" VPOS="1362" HPOS="1216"/>
<String CONTENT="the" HEIGHT="53" WIDTH="95" VPOS="1357" HPOS="1250"/>
<SP HEIGHT="35" WIDTH="30" VPOS="1375" HPOS="1346"/>
<String CONTENT="crocodilians," HEIGHT="67" WIDTH="395" VPOS="1357" HPOS="1377"/>
<SP HEIGHT="67" WIDTH="32" VPOS="1357" HPOS="1773"/>
<String CONTENT="lizards," HEIGHT="69" WIDTH="229" VPOS="1355" HPOS="1806"/>
<SP HEIGHT="47" WIDTH="30" VPOS="1377" HPOS="2036"/>
<String CONTENT="snakes," HEIGHT="63" WIDTH="219" VPOS="1357" HPOS="2067"/>
<SP HEIGHT="59" WIDTH="29" VPOS="1361" HPOS="2287"/>
<String CONTENT="turtles" HEIGHT="128" WIDTH="1992" VPOS="1361" HPOS="420"/>
</TextLine>
<TextLine HEIGHT="68" WIDTH="1877" VPOS="1435" HPOS="560" STYLEREFS="StyleId-88FD450C-10EF-4EFB-B868-D6463818616D-">
<String CONTENT="and" HEIGHT="52" WIDTH="113" VPOS="1437" HPOS="560"/>
<SP HEIGHT="52" WIDTH="34" VPOS="1437" HPOS="674"/>
<String CONTENT="tortoises" HEIGHT="54" WIDTH="263" VPOS="1435" HPOS="709"/>
<SP HEIGHT="36" WIDTH="34" VPOS="1453" HPOS="973"/>
<String CONTENT="of" HEIGHT="53" WIDTH="64" VPOS="1435" HPOS="1008"/>
<SP HEIGHT="53" WIDTH="32" VPOS="1435" HPOS="1073"/>
<String CONTENT="the" HEIGHT="51" WIDTH="96" VPOS="1437" HPOS="1106"/>
<SP HEIGHT="33" WIDTH="33" VPOS="1455" HPOS="1203"/>
<String CONTENT="eastern" HEIGHT="48" WIDTH="222" VPOS="1441" HPOS="1237"/>
<SP HEIGHT="33" WIDTH="34" VPOS="1455" HPOS="1460"/>
<String CONTENT="and" HEIGHT="52" WIDTH="114" VPOS="1438" HPOS="1495"/>
<SP HEIGHT="52" WIDTH="35" VPOS="1438" HPOS="1610"/>
<String CONTENT="western" HEIGHT="48" WIDTH="241" VPOS="1442" HPOS="1646"/>
<SP HEIGHT="52" WIDTH="34" VPOS="1438" HPOS="1888"/>
<String CONTENT="hemispheres," HEIGHT="68" WIDTH="403" VPOS="1435" HPOS="1923"/>
<SP HEIGHT="67" WIDTH="34" VPOS="1435" HPOS="2327"/>
<String CONTENT="by" HEIGHT="67" WIDTH="75" VPOS="1435" HPOS="2362"/>
</TextLine>
<TextLine HEIGHT="70" WIDTH="2015" VPOS="1513" HPOS="422" STYLEREFS="StyleId-88FD450C-10EF-4EFB-B868-D6463818616D-" CS="1">
<String CONTENT="Raymond" HEIGHT="67" WIDTH="305" VPOS="1516" HPOS="422"/>
<SP HEIGHT="52" WIDTH="38" VPOS="1516" HPOS="728"/>
<String CONTENT="L." HEIGHT="53" WIDTH="64" VPOS="1516" HPOS="767"/>
<SP HEIGHT="53" WIDTH="42" VPOS="1516" HPOS="832"/>
<String CONTENT="Ditmars" HEIGHT="53" WIDTH="262" VPOS="1515" HPOS="875"/>
<SP HEIGHT="33" WIDTH="46" VPOS="1535" HPOS="1138"/>
<String CS="1" CONTENT="&#8230;"/>
<SP HEIGHT="52" WIDTH="80" VPOS="1516" HPOS="1241"/>
<String CONTENT="New" HEIGHT="52" WIDTH="138" VPOS="1516" HPOS="1322"/>
<SP HEIGHT="34" WIDTH="42" VPOS="1535" HPOS="1461"/>
<String CONTENT="rev." HEIGHT="36" WIDTH="113" VPOS="1533" HPOS="1504"/>
<SP HEIGHT="34" WIDTH="42" VPOS="1534" HPOS="1618"/>
<String CONTENT="ed.," HEIGHT="66" WIDTH="103" VPOS="1516" HPOS="1661"/>
<SP HEIGHT="47" WIDTH="41" VPOS="1535" HPOS="1765"/>
<String CONTENT="with" HEIGHT="53" WIDTH="141" VPOS="1515" HPOS="1807"/>
<SP HEIGHT="52" WIDTH="41" VPOS="1516" HPOS="1949"/>
<String CONTENT="a" HEIGHT="34" WIDTH="30" VPOS="1533" HPOS="1991"/>
<SP HEIGHT="53" WIDTH="42" VPOS="1515" HPOS="2022"/>
<String CONTENT="frontispiece" HEIGHT="69" WIDTH="372" VPOS="1513" HPOS="2065"/>
</TextLine>
<TextLine HEIGHT="69" WIDTH="2016" VPOS="1593" HPOS="421" STYLEREFS="StyleId-88FD450C-10EF-4EFB-B868-D6463818616D-" CS="1">
<String CONTENT="and" HEIGHT="53" WIDTH="114" VPOS="1595" HPOS="421"/>
<SP HEIGHT="53" WIDTH="37" VPOS="1595" HPOS="536"/>
<String CONTENT="nearly" HEIGHT="67" WIDTH="200" VPOS="1595" HPOS="574"/>
<SP HEIGHT="64" WIDTH="35" VPOS="1598" HPOS="775"/>
<String CONTENT="200" HEIGHT="50" WIDTH="102" VPOS="1598" HPOS="811"/>
<SP HEIGHT="53" WIDTH="34" VPOS="1595" HPOS="914"/>
<String CONTENT="illustrations," HEIGHT="67" WIDTH="402" VPOS="1594" HPOS="949"/>
<SP HEIGHT="68" WIDTH="39" VPOS="1593" HPOS="1352"/>
<String CONTENT="from" HEIGHT="55" WIDTH="154" VPOS="1593" HPOS="1392"/>
<SP HEIGHT="49" WIDTH="35" VPOS="1613" HPOS="1547"/>
<String CONTENT="photographs" HEIGHT="67" WIDTH="399" VPOS="1595" HPOS="1583"/>
<SP HEIGHT="46" WIDTH="38" VPOS="1601" HPOS="1983"/>
<String CONTENT="taken" HEIGHT="53" WIDTH="169" VPOS="1593" HPOS="2022"/>
<SP HEIGHT="53" WIDTH="38" VPOS="1593" HPOS="2192"/>
<String CS="1" CONTENT="by" HEIGHT="52" WIDTH="33" VPOS="1593" HPOS="2231"/>
<SP HEIGHT="47" WIDTH="35" VPOS="1600" HPOS="2307"/>
<String CONTENT="the" HEIGHT="53" WIDTH="94" VPOS="1594" HPOS="2343"/>
</TextLine>
<TextLine HEIGHT="69" WIDTH="2014" VPOS="1672" HPOS="422" STYLEREFS="StyleId-88FD450C-10EF-4EFB-B868-D6463818616D-">
<String CONTENT="author" HEIGHT="52" WIDTH="207" VPOS="1674" HPOS="422"/>
<SP HEIGHT="33" WIDTH="34" VPOS="1693" HPOS="630"/>
<String CONTENT="and" HEIGHT="54" WIDTH="113" VPOS="1673" HPOS="665"/>
<SP HEIGHT="53" WIDTH="31" VPOS="1673" HPOS="779"/>
<String CONTENT="from" HEIGHT="54" WIDTH="154" VPOS="1673" HPOS="811"/>
<SP HEIGHT="47" WIDTH="30" VPOS="1680" HPOS="966"/>
<String CONTENT="the" HEIGHT="53" WIDTH="94" VPOS="1674" HPOS="997"/>
<SP HEIGHT="53" WIDTH="31" VPOS="1674" HPOS="1092"/>
<String CONTENT="files" HEIGHT="53" WIDTH="121" VPOS="1674" HPOS="1124"/>
<SP HEIGHT="35" WIDTH="29" VPOS="1692" HPOS="1246"/>
<String CONTENT="of" HEIGHT="53" WIDTH="64" VPOS="1673" HPOS="1276"/>
<SP HEIGHT="53" WIDTH="29" VPOS="1673" HPOS="1341"/>
<String CONTENT="the" HEIGHT="52" WIDTH="95" VPOS="1674" HPOS="1371"/>
<SP HEIGHT="52" WIDTH="30" VPOS="1675" HPOS="1467"/>
<String CONTENT="New" HEIGHT="52" WIDTH="140" VPOS="1675" HPOS="1498"/>
<SP HEIGHT="52" WIDTH="30" VPOS="1675" HPOS="1639"/>
<String CONTENT="York" HEIGHT="54" WIDTH="164" VPOS="1673" HPOS="1670"/>
<SP HEIGHT="53" WIDTH="29" VPOS="1673" HPOS="1835"/>
<String CONTENT="zoological" HEIGHT="69" WIDTH="313" VPOS="1672" HPOS="1865"/>
<SP HEIGHT="53" WIDTH="30" VPOS="1673" HPOS="2179"/>
<String CONTENT="society." HEIGHT="68" WIDTH="226" VPOS="1672" HPOS="2210"/>
</TextLine>
<TextLine HEIGHT="67" WIDTH="1377" VPOS="1753" HPOS="423" STYLEREFS="StyleId-88FD450C-10EF-4EFB-B868-D6463818616D-">
<String CONTENT="New" HEIGHT="52" WIDTH="138" VPOS="1753" HPOS="423"/>
<SP HEIGHT="52" WIDTH="27" VPOS="1754" HPOS="562"/>
<String CONTENT="York," HEIGHT="66" WIDTH="181" VPOS="1753" HPOS="590"/>
<SP HEIGHT="64" WIDTH="29" VPOS="1755" HPOS="772"/>
<String CONTENT="The" HEIGHT="53" WIDTH="121" VPOS="1753" HPOS="802"/>
<SP HEIGHT="52" WIDTH="25" VPOS="1754" HPOS="924"/>
<String CONTENT="Macmillan" HEIGHT="54" WIDTH="341" VPOS="1753" HPOS="950"/>
<SP HEIGHT="36" WIDTH="26" VPOS="1771" HPOS="1292"/>
<String CONTENT="company," HEIGHT="50" WIDTH="301" VPOS="1770" HPOS="1319"/>
<SP HEIGHT="63" WIDTH="29" VPOS="1757" HPOS="1621"/>
<String CONTENT="1933." HEIGHT="49" WIDTH="149" VPOS="1757" HPOS="1651"/>
</TextLine>
<TextLine HEIGHT="50" WIDTH="1001" VPOS="1825" HPOS="496" CS="1">
<String CONTENT="xx," HEIGHT="37" WIDTH="79" VPOS="1837" HPOS="496"/>
<SP HEIGHT="46" WIDTH="26" VPOS="1828" HPOS="576"/>
<String CONTENT="321" HEIGHT="41" WIDTH="83" VPOS="1826" HPOS="603"/>
<SP HEIGHT="48" WIDTH="29" VPOS="1827" HPOS="687"/>
<String CONTENT="p." HEIGHT="37" WIDTH="42" VPOS="1838" HPOS="717"/>
<SP HEIGHT="40" WIDTH="60" VPOS="1826" HPOS="760"/>
<String CONTENT="front.," HEIGHT="48" WIDTH="164" VPOS="1826" HPOS="821"/>
<SP HEIGHT="47" WIDTH="25" VPOS="1827" HPOS="986"/>
<String CONTENT="89" HEIGHT="41" WIDTH="55" VPOS="1826" HPOS="1012"/>
<SP/>
<String CS="1" CONTENT="pl."/>
<SP/>
<String CONTENT="on" HEIGHT="29" WIDTH="60" VPOS="1838" HPOS="1182"/>
<SP HEIGHT="37" WIDTH="23" VPOS="1829" HPOS="1243"/>
<String CONTENT="45" HEIGHT="41" WIDTH="57" VPOS="1825" HPOS="1267"/>
<SP HEIGHT="41" WIDTH="23" VPOS="1825" HPOS="1325"/>
<String CS="1" CONTENT="l." HEIGHT="8" WIDTH="7" VPOS="1859" HPOS="1371"/>
<SP HEIGHT="41" WIDTH="61" VPOS="1826" HPOS="1379"/>
<String CS="1" CONTENT="24&#189;cm." HEIGHT="40" WIDTH="56" VPOS="1826" HPOS="1441"/>
</TextLine>
<TextLine HEIGHT="52" WIDTH="1687" VPOS="1880" HPOS="423" CS="1">
<String CONTENT="&#169;" HEIGHT="52" WIDTH="52" VPOS="1880" HPOS="423"/>
<SP HEIGHT="52" WIDTH="28" VPOS="1880" HPOS="476"/>
<String CONTENT="Oct." HEIGHT="40" WIDTH="102" VPOS="1885" HPOS="505"/>
<SP HEIGHT="38" WIDTH="24" VPOS="1886" HPOS="608"/>
<String CONTENT="31," HEIGHT="45" WIDTH="70" VPOS="1885" HPOS="633"/>
<SP HEIGHT="44" WIDTH="25" VPOS="1886" HPOS="704"/>
<String CS="1" CONTENT="1933;" HEIGHT="40" WIDTH="114" VPOS="1884" HPOS="730"/>
<SP HEIGHT="41" WIDTH="27" VPOS="1885" HPOS="873"/>
<String CONTENT="2c." HEIGHT="40" WIDTH="68" VPOS="1885" HPOS="901"/>
<SP HEIGHT="30" WIDTH="25" VPOS="1895" HPOS="970"/>
<String CONTENT="and" HEIGHT="39" WIDTH="96" VPOS="1886" HPOS="996"/>
<SP HEIGHT="39" WIDTH="25" VPOS="1886" HPOS="1093"/>
<String CONTENT="aff." HEIGHT="41" WIDTH="80" VPOS="1884" HPOS="1119"/>
<SP HEIGHT="40" WIDTH="27" VPOS="1884" HPOS="1200"/>
<String CONTENT="Nov." HEIGHT="40" WIDTH="118" VPOS="1884" HPOS="1228"/>
<SP HEIGHT="39" WIDTH="28" VPOS="1885" HPOS="1347"/>
<String CS="1" CONTENT="1;" HEIGHT="39" WIDTH="22" VPOS="1885" HPOS="1376"/>
<SP HEIGHT="47" WIDTH="28" VPOS="1884" HPOS="1429"/>
<!-- cceid 4A0E586F-6CF9-1014-A6CF-A82867D68027 --><String CONTENT="A" HEIGHT="39" WIDTH="41" VPOS="1884" HPOS="1458"/>
<SP HEIGHT="40" WIDTH="25" VPOS="1884" HPOS="1500"/>
<String CS="1" CONTENT="66851;" HEIGHT="40" WIDTH="144" VPOS="1884" HPOS="1526"/>
<SP HEIGHT="46" WIDTH="30" VPOS="1885" HPOS="1699"/>
<String CONTENT="Macmillan" HEIGHT="41" WIDTH="283" VPOS="1883" HPOS="1730"/>
<SP HEIGHT="29" WIDTH="27" VPOS="1894" HPOS="2014"/>
<String CONTENT="co." HEIGHT="31" WIDTH="68" VPOS="1893" HPOS="2042"/>
</TextLine>
<TextLine HEIGHT="45" WIDTH="283" VPOS="1941" HPOS="504">
<String CONTENT="(33-32380)" HEIGHT="45" WIDTH="283" VPOS="1941" HPOS="504"/>
</TextLine>
<TextLine HEIGHT="71" WIDTH="1041" VPOS="2040" HPOS="421" STYLEREFS="StyleId-88FD450C-10EF-4EFB-B868-D6463818616D-">
<String CONTENT="Douglass," HEIGHT="70" WIDTH="316" VPOS="2040" HPOS="421"/>
<SP HEIGHT="64" WIDTH="31" VPOS="2046" HPOS="738"/>
<String CONTENT="Paul" HEIGHT="54" WIDTH="146" VPOS="2046" HPOS="770"/>
<SP HEIGHT="53" WIDTH="31" VPOS="2046" HPOS="917"/>
<String CONTENT="Franklin," HEIGHT="66" WIDTH="304" VPOS="2045" HPOS="949"/>
<SP HEIGHT="61" WIDTH="35" VPOS="2050" HPOS="1254"/>
<String CONTENT="1904-" HEIGHT="51" WIDTH="172" VPOS="2048" HPOS="1290"/>
</TextLine>
<TextLine HEIGHT="70" WIDTH="1948" VPOS="2122" HPOS="493" STYLEREFS="StyleId-88FD450C-10EF-4EFB-B868-D6463818616D-">
<String CONTENT="The" HEIGHT="53" WIDTH="122" VPOS="2122" HPOS="493"/>
<SP HEIGHT="33" WIDTH="35" VPOS="2142" HPOS="616"/>
<String CONTENT="mayors'" HEIGHT="67" WIDTH="246" VPOS="2124" HPOS="652"/>
<SP HEIGHT="53" WIDTH="35" VPOS="2124" HPOS="899"/>
<String CONTENT="courts" HEIGHT="49" WIDTH="189" VPOS="2129" HPOS="935"/>
<SP HEIGHT="34" WIDTH="35" VPOS="2144" HPOS="1125"/>
<String CONTENT="of" HEIGHT="54" WIDTH="64" VPOS="2124" HPOS="1161"/>
<SP HEIGHT="53" WIDTH="33" VPOS="2124" HPOS="1226"/>
<String CONTENT="Hamilton" HEIGHT="55" WIDTH="307" VPOS="2123" HPOS="1260"/>
<SP HEIGHT="34" WIDTH="36" VPOS="2143" HPOS="1568"/>
<String CONTENT="county," HEIGHT="63" WIDTH="228" VPOS="2129" HPOS="1605"/>
<SP HEIGHT="69" WIDTH="37" VPOS="2122" HPOS="1834"/>
<String CONTENT="Ohio," HEIGHT="68" WIDTH="169" VPOS="2122" HPOS="1872"/>
<SP HEIGHT="67" WIDTH="34" VPOS="2123" HPOS="2042"/>
<String CONTENT="by" HEIGHT="67" WIDTH="75" VPOS="2123" HPOS="2077"/>
<SP HEIGHT="66" WIDTH="35" VPOS="2124" HPOS="2153"/>
<String CONTENT="Paul" HEIGHT="51" WIDTH="149" VPOS="2124" HPOS="2189"/>
<SP HEIGHT="53" WIDTH="35" VPOS="2122" HPOS="2339"/>
<String CONTENT="F." HEIGHT="52" WIDTH="66" VPOS="2122" HPOS="2375"/>
</TextLine>
<TextLine HEIGHT="71" WIDTH="1820" VPOS="2201" HPOS="424" STYLEREFS="StyleId-88FD450C-10EF-4EFB-B868-D6463818616D-" CS="1">
<String CONTENT="Douglass," HEIGHT="69" WIDTH="306" VPOS="2201" HPOS="424"/>
<SP HEIGHT="49" WIDTH="43" VPOS="2220" HPOS="731"/>
<String CS="1" CONTENT="PH." HEIGHT="9" WIDTH="9" VPOS="2246" HPOS="865"/>
<SP HEIGHT="34" WIDTH="47" VPOS="2221" HPOS="875"/>
<String CS="1" CONTENT="D.;" HEIGHT="9" WIDTH="9" VPOS="2246" HPOS="961"/>
<SP HEIGHT="67" WIDTH="48" VPOS="2203" HPOS="1002"/>
<String CONTENT="Selma" HEIGHT="55" WIDTH="192" VPOS="2203" HPOS="1051"/>
<SP HEIGHT="52" WIDTH="42" VPOS="2204" HPOS="1244"/>
<String CONTENT="Raphaelson," HEIGHT="68" WIDTH="389" VPOS="2204" HPOS="1287"/>
<SP HEIGHT="69" WIDTH="45" VPOS="2202" HPOS="1677"/>
<String CONTENT="Cornelia" HEIGHT="55" WIDTH="270" VPOS="2202" HPOS="1723"/>
<SP HEIGHT="53" WIDTH="43" VPOS="2202" HPOS="1994"/>
<String CONTENT="Leary," HEIGHT="67" WIDTH="206" VPOS="2202" HPOS="2038"/>
</TextLine>
<TextLine HEIGHT="148" WIDTH="2020" VPOS="2202" HPOS="424" STYLEREFS="StyleId-88FD450C-10EF-4EFB-B868-D6463818616D-" CS="1">
<String CONTENT="Raymond" HEIGHT="131" WIDTH="1996" VPOS="2202" HPOS="424"/>
<SP HEIGHT="53" WIDTH="52" VPOS="2280" HPOS="596"/>
<String CONTENT="Huwe" HEIGHT="55" WIDTH="186" VPOS="2280" HPOS="649"/>
<SP HEIGHT="49" WIDTH="31" VPOS="2285" HPOS="861"/>
<String CS="1" CONTENT="&#8230;"/>
<SP HEIGHT="33" WIDTH="59" VPOS="2316" HPOS="950"/>
<String CS="1" CONTENT="[and" HEIGHT="52" WIDTH="112" VPOS="2283" HPOS="1029"/>
<SP HEIGHT="53" WIDTH="51" VPOS="2283" HPOS="1142"/>
<String CONTENT="others]" HEIGHT="68" WIDTH="209" VPOS="2282" HPOS="1194"/>
<SP HEIGHT="49" WIDTH="54" VPOS="2301" HPOS="1404"/>
<String CS="1" CONTENT="co&#246;perating." HEIGHT="69" WIDTH="387" VPOS="2281" HPOS="1459"/>
<SP HEIGHT="51" WIDTH="85" VPOS="2282" HPOS="1847"/>
<String CONTENT="Baltimore," HEIGHT="66" WIDTH="337" VPOS="2280" HPOS="1933"/>
<SP HEIGHT="66" WIDTH="48" VPOS="2280" HPOS="2271"/>
<String CONTENT="The" HEIGHT="53" WIDTH="124" VPOS="2280" HPOS="2320"/>
</TextLine>
<TextLine HEIGHT="71" WIDTH="892" VPOS="2358" HPOS="421" STYLEREFS="StyleId-88FD450C-10EF-4EFB-B868-D6463818616D-">
<String CONTENT="Johns" HEIGHT="54" WIDTH="184" VPOS="2358" HPOS="421"/>
<SP HEIGHT="53" WIDTH="34" VPOS="2359" HPOS="606"/>
<String CONTENT="Hopkins" HEIGHT="68" WIDTH="273" VPOS="2359" HPOS="641"/>
<SP HEIGHT="50" WIDTH="31" VPOS="2379" HPOS="915"/>
<String CONTENT="press," HEIGHT="50" WIDTH="177" VPOS="2379" HPOS="947"/>
<SP HEIGHT="61" WIDTH="39" VPOS="2366" HPOS="1125"/>
<String CONTENT="1933." HEIGHT="50" WIDTH="148" VPOS="2364" HPOS="1165"/>
</TextLine>
<TextLine HEIGHT="52" WIDTH="968" VPOS="2431" HPOS="497" CS="1">
<String CONTENT="3" HEIGHT="40" WIDTH="26" VPOS="2431" HPOS="497"/>
<SP HEIGHT="46" WIDTH="26" VPOS="2431" HPOS="524"/>
<String LANG="fr" CONTENT="p." HEIGHT="33" WIDTH="43" VPOS="2444" HPOS="551"/>
<SP HEIGHT="40" WIDTH="28" VPOS="2432" HPOS="595"/>
<String CS="1" CONTENT="l.,"/>
<SP HEIGHT="46" WIDTH="30" VPOS="2433" HPOS="668"/>
<String CONTENT="ix-xviii," HEIGHT="48" WIDTH="220" VPOS="2433" HPOS="699"/>
<SP HEIGHT="46" WIDTH="28" VPOS="2435" HPOS="920"/>
<String CONTENT="139" HEIGHT="42" WIDTH="84" VPOS="2432" HPOS="949"/>
<SP HEIGHT="50" WIDTH="27" VPOS="2433" HPOS="1034"/>
<String CONTENT="p." HEIGHT="38" WIDTH="43" VPOS="2445" HPOS="1062"/>
<SP HEIGHT="40" WIDTH="60" VPOS="2434" HPOS="1106"/>
<String CONTENT="diagrs." HEIGHT="49" WIDTH="181" VPOS="2434" HPOS="1167"/>
<SP HEIGHT="41" WIDTH="59" VPOS="2433" HPOS="1349"/>
<String CS="1" CONTENT="23&#189;cm." HEIGHT="41" WIDTH="56" VPOS="2433" HPOS="1409"/>
</TextLine>
<TextLine HEIGHT="51" WIDTH="1947" VPOS="2488" HPOS="501" CS="1">
<String CS="1" CONTENT="Half-title:" HEIGHT="43" WIDTH="254" VPOS="2488" HPOS="501"/>
<SP HEIGHT="41" WIDTH="39" VPOS="2489" HPOS="783"/>
<String CONTENT="Study" HEIGHT="50" WIDTH="155" VPOS="2489" HPOS="823"/>
<SP HEIGHT="37" WIDTH="35" VPOS="2502" HPOS="979"/>
<String CONTENT="of" HEIGHT="40" WIDTH="52" VPOS="2492" HPOS="1015"/>
<SP HEIGHT="47" WIDTH="31" VPOS="2491" HPOS="1068"/>
<String CONTENT="judicial" HEIGHT="47" WIDTH="210" VPOS="2491" HPOS="1100"/>
<SP HEIGHT="39" WIDTH="32" VPOS="2492" HPOS="1311"/>
<String CONTENT="administration" HEIGHT="43" WIDTH="403" VPOS="2490" HPOS="1344"/>
<SP HEIGHT="39" WIDTH="36" VPOS="2492" HPOS="1748"/>
<String CONTENT="in" HEIGHT="39" WIDTH="49" VPOS="2492" HPOS="1785"/>
<SP HEIGHT="41" WIDTH="35" VPOS="2490" HPOS="1835"/>
<String CONTENT="Ohio." HEIGHT="41" WIDTH="137" VPOS="2490" HPOS="1871"/>
<SP HEIGHT="40" WIDTH="64" VPOS="2491" HPOS="2009"/>
<String CONTENT="The" HEIGHT="40" WIDTH="101" VPOS="2491" HPOS="2074"/>
<SP HEIGHT="40" WIDTH="37" VPOS="2491" HPOS="2176"/>
<String CONTENT="Institute" HEIGHT="42" WIDTH="234" VPOS="2490" HPOS="2214"/>
</TextLine>
<TextLine HEIGHT="52" WIDTH="1118" VPOS="2546" HPOS="428">
<String CONTENT="of" HEIGHT="40" WIDTH="51" VPOS="2546" HPOS="428"/>
<SP HEIGHT="40" WIDTH="27" VPOS="2546" HPOS="480"/>
<String CONTENT="law" HEIGHT="39" WIDTH="95" VPOS="2548" HPOS="508"/>
<SP HEIGHT="29" WIDTH="28" VPOS="2559" HPOS="604"/>
<String CONTENT="of" HEIGHT="40" WIDTH="52" VPOS="2548" HPOS="633"/>
<SP HEIGHT="40" WIDTH="23" VPOS="2548" HPOS="686"/>
<String CONTENT="the" HEIGHT="40" WIDTH="84" VPOS="2550" HPOS="710"/>
<SP HEIGHT="42" WIDTH="25" VPOS="2548" HPOS="795"/>
<String CONTENT="Johns" HEIGHT="41" WIDTH="155" VPOS="2548" HPOS="821"/>
<SP HEIGHT="41" WIDTH="25" VPOS="2548" HPOS="977"/>
<String CONTENT="Hopkins" HEIGHT="50" WIDTH="224" VPOS="2548" HPOS="1003"/>
<SP HEIGHT="30" WIDTH="28" VPOS="2560" HPOS="1228"/>
<String CONTENT="university." HEIGHT="48" WIDTH="289" VPOS="2549" HPOS="1257"/>
</TextLine>
<TextLine HEIGHT="50" WIDTH="1947" VPOS="2604" HPOS="500">
<String CONTENT="This" HEIGHT="40" WIDTH="119" VPOS="2604" HPOS="500"/>
<SP HEIGHT="29" WIDTH="29" VPOS="2615" HPOS="620"/>
<String CONTENT="report" HEIGHT="45" WIDTH="164" VPOS="2608" HPOS="650"/>
<SP HEIGHT="38" WIDTH="28" VPOS="2608" HPOS="815"/>
<String CONTENT="of" HEIGHT="40" WIDTH="52" VPOS="2606" HPOS="844"/>
<SP HEIGHT="40" WIDTH="25" VPOS="2606" HPOS="897"/>
<String CONTENT="the" HEIGHT="40" WIDTH="82" VPOS="2607" HPOS="923"/>
<SP HEIGHT="31" WIDTH="28" VPOS="2616" HPOS="1006"/>
<String CONTENT="work" HEIGHT="40" WIDTH="135" VPOS="2607" HPOS="1035"/>
<SP HEIGHT="40" WIDTH="27" VPOS="2607" HPOS="1171"/>
<String CONTENT="of" HEIGHT="40" WIDTH="52" VPOS="2607" HPOS="1199"/>
<SP HEIGHT="40" WIDTH="27" VPOS="2607" HPOS="1252"/>
<String CONTENT="the" HEIGHT="40" WIDTH="82" VPOS="2607" HPOS="1280"/>
<SP HEIGHT="30" WIDTH="27" VPOS="2617" HPOS="1363"/>
<String CONTENT="mayors&#8217;" HEIGHT="49" WIDTH="210" VPOS="2605" HPOS="1391"/>
<SP HEIGHT="41" WIDTH="29" VPOS="2605" HPOS="1602"/>
<String CONTENT="courts" HEIGHT="38" WIDTH="164" VPOS="2609" HPOS="1632"/>
<SP HEIGHT="29" WIDTH="30" VPOS="2618" HPOS="1797"/>
<String CONTENT="of" HEIGHT="41" WIDTH="51" VPOS="2606" HPOS="1828"/>
<SP HEIGHT="39" WIDTH="29" VPOS="2606" HPOS="1880"/>
<String CONTENT="Hamilton" HEIGHT="41" WIDTH="255" VPOS="2605" HPOS="1910"/>
<SP HEIGHT="30" WIDTH="27" VPOS="2616" HPOS="2166"/>
<String CONTENT="county" HEIGHT="46" WIDTH="179" VPOS="2608" HPOS="2194"/>
<SP HEIGHT="48" WIDTH="32" VPOS="2606" HPOS="2374"/>
<String CONTENT="is" HEIGHT="40" WIDTH="40" VPOS="2606" HPOS="2407"/>
</TextLine>
<TextLine HEIGHT="50" WIDTH="2017" VPOS="2662" HPOS="430">
<String CONTENT="part" HEIGHT="45" WIDTH="112" VPOS="2664" HPOS="430"/>
<SP HEIGHT="39" WIDTH="29" VPOS="2664" HPOS="543"/>
<String CONTENT="of" HEIGHT="41" WIDTH="52" VPOS="2662" HPOS="573"/>
<SP HEIGHT="41" WIDTH="26" VPOS="2662" HPOS="626"/>
<String CONTENT="a" HEIGHT="30" WIDTH="27" VPOS="2673" HPOS="653"/>
<SP HEIGHT="39" WIDTH="29" VPOS="2673" HPOS="681"/>
<String CONTENT="general" HEIGHT="48" WIDTH="200" VPOS="2664" HPOS="711"/>
<SP HEIGHT="40" WIDTH="26" VPOS="2664" HPOS="912"/>
<String CONTENT="study" HEIGHT="46" WIDTH="146" VPOS="2665" HPOS="939"/>
<SP HEIGHT="35" WIDTH="30" VPOS="2676" HPOS="1086"/>
<String CONTENT="of" HEIGHT="41" WIDTH="52" VPOS="2664" HPOS="1117"/>
<SP HEIGHT="40" WIDTH="26" VPOS="2664" HPOS="1170"/>
<String CONTENT="the" HEIGHT="40" WIDTH="83" VPOS="2665" HPOS="1197"/>
<SP HEIGHT="46" WIDTH="25" VPOS="2662" HPOS="1281"/>
<String CONTENT="judicial" HEIGHT="46" WIDTH="208" VPOS="2662" HPOS="1307"/>
<SP HEIGHT="40" WIDTH="28" VPOS="2664" HPOS="1516"/>
<String CONTENT="system" HEIGHT="44" WIDTH="180" VPOS="2667" HPOS="1545"/>
<SP HEIGHT="30" WIDTH="29" VPOS="2674" HPOS="1726"/>
<String CONTENT="of" HEIGHT="41" WIDTH="51" VPOS="2663" HPOS="1756"/>
<SP HEIGHT="41" WIDTH="29" VPOS="2662" HPOS="1808"/>
<String CONTENT="Ohio," HEIGHT="46" WIDTH="136" VPOS="2662" HPOS="1838"/>
<SP HEIGHT="44" WIDTH="31" VPOS="2664" HPOS="1975"/>
<String CONTENT="by" HEIGHT="47" WIDTH="60" VPOS="2664" HPOS="2007"/>
<SP HEIGHT="45" WIDTH="30" VPOS="2666" HPOS="2068"/>
<String CONTENT="the" HEIGHT="40" WIDTH="82" VPOS="2664" HPOS="2099"/>
<SP HEIGHT="40" WIDTH="30" VPOS="2664" HPOS="2182"/>
<String CONTENT="Institute" HEIGHT="41" WIDTH="234" VPOS="2663" HPOS="2213"/>
</TextLine>
<TextLine HEIGHT="51" WIDTH="2016" VPOS="2719" HPOS="431">
<String CONTENT="of" HEIGHT="40" WIDTH="51" VPOS="2720" HPOS="431"/>
<SP HEIGHT="39" WIDTH="41" VPOS="2720" HPOS="483"/>
<String CONTENT="law" HEIGHT="39" WIDTH="95" VPOS="2721" HPOS="525"/>
<SP HEIGHT="29" WIDTH="40" VPOS="2732" HPOS="621"/>
<String CONTENT="of" HEIGHT="40" WIDTH="52" VPOS="2721" HPOS="662"/>
<SP HEIGHT="40" WIDTH="39" VPOS="2721" HPOS="715"/>
<String CONTENT="the" HEIGHT="41" WIDTH="82" VPOS="2721" HPOS="755"/>
<SP HEIGHT="42" WIDTH="41" VPOS="2720" HPOS="838"/>
<String CONTENT="Johns" HEIGHT="42" WIDTH="155" VPOS="2720" HPOS="880"/>
<SP HEIGHT="40" WIDTH="42" VPOS="2721" HPOS="1036"/>
<String CONTENT="Hopkins" HEIGHT="49" WIDTH="224" VPOS="2721" HPOS="1079"/>
<SP HEIGHT="30" WIDTH="41" VPOS="2732" HPOS="1304"/>
<String CONTENT="university," HEIGHT="48" WIDTH="288" VPOS="2721" HPOS="1346"/>
<SP HEIGHT="36" WIDTH="42" VPOS="2732" HPOS="1635"/>
<String CONTENT="cooperating" HEIGHT="48" WIDTH="315" VPOS="2722" HPOS="1678"/>
<SP HEIGHT="38" WIDTH="42" VPOS="2732" HPOS="1994"/>
<String CONTENT="with" HEIGHT="40" WIDTH="118" VPOS="2721" HPOS="2037"/>
<SP HEIGHT="39" WIDTH="42" VPOS="2722" HPOS="2156"/>
<String CONTENT="the" HEIGHT="39" WIDTH="83" VPOS="2722" HPOS="2199"/>
<SP HEIGHT="42" WIDTH="40" VPOS="2719" HPOS="2283"/>
<String CONTENT="Ohio" HEIGHT="42" WIDTH="123" VPOS="2719" HPOS="2324"/>
</TextLine>
<TextLine HEIGHT="49" WIDTH="1550" VPOS="2776" HPOS="431" CS="1">
<String CONTENT="Judicial" HEIGHT="41" WIDTH="215" VPOS="2776" HPOS="431"/>
<SP HEIGHT="40" WIDTH="26" VPOS="2778" HPOS="647"/>
<String CONTENT="council" HEIGHT="41" WIDTH="188" VPOS="2778" HPOS="674"/>
<SP HEIGHT="40" WIDTH="27" VPOS="2779" HPOS="863"/>
<String CONTENT="and" HEIGHT="39" WIDTH="97" VPOS="2780" HPOS="891"/>
<SP HEIGHT="39" WIDTH="27" VPOS="2780" HPOS="989"/>
<String CONTENT="the" HEIGHT="41" WIDTH="82" VPOS="2779" HPOS="1017"/>
<SP HEIGHT="42" WIDTH="27" VPOS="2778" HPOS="1100"/>
<String CONTENT="Ohio" HEIGHT="41" WIDTH="124" VPOS="2778" HPOS="1128"/>
<SP HEIGHT="40" WIDTH="24" VPOS="2779" HPOS="1253"/>
<String CONTENT="bar" HEIGHT="40" WIDTH="87" VPOS="2779" HPOS="1278"/>
<SP HEIGHT="29" WIDTH="26" VPOS="2789" HPOS="1366"/>
<String CONTENT="association," HEIGHT="41" WIDTH="313" VPOS="2778" HPOS="1393"/>
<SP HEIGHT="31" WIDTH="53" VPOS="2788" HPOS="1707"/>
<String CS="1" CONTENT="cf." HEIGHT="47" WIDTH="33" VPOS="2778" HPOS="1789"/>
<SP HEIGHT="40" WIDTH="30" VPOS="2778" HPOS="1823"/>
<String CONTENT="Pref." HEIGHT="41" WIDTH="127" VPOS="2778" HPOS="1854"/>
</TextLine>
<TextLine HEIGHT="52" WIDTH="1909" VPOS="2832" HPOS="431" CS="1">
<String CONTENT="&#169;" HEIGHT="52" WIDTH="52" VPOS="2832" HPOS="431"/>
<SP HEIGHT="52" WIDTH="28" VPOS="2832" HPOS="484"/>
<String CONTENT="Oct." HEIGHT="40" WIDTH="101" VPOS="2838" HPOS="513"/>
<SP HEIGHT="39" WIDTH="27" VPOS="2838" HPOS="615"/>
<String CONTENT="31," HEIGHT="41" WIDTH="70" VPOS="2838" HPOS="643"/>
<SP HEIGHT="41" WIDTH="27" VPOS="2838" HPOS="714"/>
<String CONTENT="1933;" HEIGHT="45" WIDTH="142" VPOS="2837" HPOS="742"/>
<SP HEIGHT="45" WIDTH="28" VPOS="2837" HPOS="885"/>
<String CONTENT="2c." HEIGHT="39" WIDTH="66" VPOS="2837" HPOS="914"/>
<SP HEIGHT="29" WIDTH="30" VPOS="2847" HPOS="981"/>
<String CONTENT="and" HEIGHT="38" WIDTH="96" VPOS="2838" HPOS="1012"/>
<SP HEIGHT="38" WIDTH="27" VPOS="2838" HPOS="1109"/>
<String CONTENT="aff." HEIGHT="41" WIDTH="82" VPOS="2836" HPOS="1137"/>
<SP HEIGHT="41" WIDTH="27" VPOS="2836" HPOS="1220"/>
<String CONTENT="Nov." HEIGHT="41" WIDTH="119" VPOS="2836" HPOS="1248"/>
<SP HEIGHT="39" WIDTH="24" VPOS="2838" HPOS="1368"/>
<String CONTENT="4;" HEIGHT="46" WIDTH="54" VPOS="2838" HPOS="1393"/>
<SP HEIGHT="48" WIDTH="29" VPOS="2836" HPOS="1448"/>
<!-- cceid 4A0E84FD-6CF9-1014-A6CF-A82867D68027 --><String CONTENT="A" HEIGHT="39" WIDTH="42" VPOS="2836" HPOS="1478"/>
<SP HEIGHT="40" WIDTH="25" VPOS="2836" HPOS="1521"/>
<String CS="1" CONTENT="65977;" HEIGHT="40" WIDTH="146" VPOS="2836" HPOS="1547"/>
<SP HEIGHT="47" WIDTH="31" VPOS="2836" HPOS="1720"/>
<String CONTENT="Johns" HEIGHT="40" WIDTH="154" VPOS="2836" HPOS="1752"/>
<SP HEIGHT="39" WIDTH="28" VPOS="2837" HPOS="1907"/>
<String CONTENT="Hopkins" HEIGHT="50" WIDTH="224" VPOS="2834" HPOS="1936"/>
<SP HEIGHT="37" WIDTH="28" VPOS="2847" HPOS="2161"/>
<String CONTENT="press." HEIGHT="39" WIDTH="150" VPOS="2845" HPOS="2190"/>
</TextLine>
<TextLine HEIGHT="49" WIDTH="284" VPOS="2894" HPOS="510">
<String CONTENT="(33-32362)" HEIGHT="49" WIDTH="284" VPOS="2894" HPOS="510"/>
</TextLine>
<TextLine HEIGHT="75" WIDTH="1513" VPOS="2993" HPOS="429" STYLEREFS="StyleId-EA10CB79-96FF-452C-8441-D7C430CA7319-">
<String LANG="en-US" CONTENT="Dupleix," HEIGHT="69" WIDTH="272" VPOS="2993" HPOS="429"/>
<SP HEIGHT="63" WIDTH="27" VPOS="2999" HPOS="702"/>
<String LANG="en-US" CONTENT="Joseph" HEIGHT="63" WIDTH="222" VPOS="2999" HPOS="730"/>
<SP HEIGHT="52" WIDTH="29" VPOS="3000" HPOS="953"/>
<String LANG="fr" CONTENT="Fran&#231;ois," HEIGHT="69" WIDTH="302" VPOS="2999" HPOS="983"/>
<SP HEIGHT="46" WIDTH="26" VPOS="3019" HPOS="1286"/>
<String LANG="en-US" CONTENT="marquis," HEIGHT="69" WIDTH="272" VPOS="2999" HPOS="1313"/>
<SP HEIGHT="64" WIDTH="29" VPOS="3003" HPOS="1586"/>
<String LANG="en-US" CONTENT="1697-1763." HEIGHT="55" WIDTH="326" VPOS="2997" HPOS="1616"/>
</TextLine>
<TextLine HEIGHT="74" WIDTH="1945" VPOS="3071" HPOS="502" STYLEREFS="StyleId-88FD450C-10EF-4EFB-B868-D6463818616D-">
<String CONTENT="Dupleix" HEIGHT="68" WIDTH="255" VPOS="3075" HPOS="502"/>
<SP HEIGHT="33" WIDTH="45" VPOS="3095" HPOS="758"/>
<String CONTENT="and" HEIGHT="51" WIDTH="112" VPOS="3077" HPOS="804"/>
<SP HEIGHT="51" WIDTH="39" VPOS="3077" HPOS="917"/>
<String CONTENT="his" HEIGHT="53" WIDTH="91" VPOS="3077" HPOS="957"/>
<SP HEIGHT="50" WIDTH="41" VPOS="3079" HPOS="1049"/>
<String CONTENT="letters" HEIGHT="52" WIDTH="194" VPOS="3079" HPOS="1091"/>
<SP HEIGHT="66" WIDTH="52" VPOS="3078" HPOS="1286"/>
<String CONTENT="(1742-1754)" HEIGHT="69" WIDTH="370" VPOS="3075" HPOS="1339"/>
<SP HEIGHT="69" WIDTH="52" VPOS="3075" HPOS="1710"/>
<String CONTENT="by" HEIGHT="70" WIDTH="75" VPOS="3075" HPOS="1763"/>
<SP HEIGHT="71" WIDTH="41" VPOS="3074" HPOS="1839"/>
<String CONTENT="Virginia" HEIGHT="70" WIDTH="271" VPOS="3072" HPOS="1881"/>
<SP HEIGHT="55" WIDTH="42" VPOS="3071" HPOS="2153"/>
<String CONTENT="McLean" HEIGHT="54" WIDTH="251" VPOS="3071" HPOS="2196"/>
</TextLine>
<TextLine HEIGHT="70" WIDTH="1466" VPOS="3153" HPOS="431" STYLEREFS="StyleId-88FD450C-10EF-4EFB-B868-D6463818616D-" CS="1">
<String CONTENT="Thompson" HEIGHT="69" WIDTH="328" VPOS="3153" HPOS="431"/>
<SP HEIGHT="35" WIDTH="33" VPOS="3173" HPOS="760"/>
<String CS="1" CONTENT="&#8230;"/>
<SP HEIGHT="54" WIDTH="67" VPOS="3154" HPOS="851"/>
<String CONTENT="New" HEIGHT="53" WIDTH="136" VPOS="3154" HPOS="919"/>
<SP HEIGHT="52" WIDTH="29" VPOS="3155" HPOS="1056"/>
<String CONTENT="York," HEIGHT="68" WIDTH="179" VPOS="3155" HPOS="1086"/>
<SP HEIGHT="68" WIDTH="25" VPOS="3155" HPOS="1266"/>
<String CONTENT="R." HEIGHT="52" WIDTH="67" VPOS="3155" HPOS="1292"/>
<SP HEIGHT="55" WIDTH="29" VPOS="3153" HPOS="1360"/>
<String CONTENT="O." HEIGHT="55" WIDTH="66" VPOS="3153" HPOS="1390"/>
<SP HEIGHT="53" WIDTH="30" VPOS="3155" HPOS="1457"/>
<String CONTENT="Ballou," HEIGHT="68" WIDTH="226" VPOS="3154" HPOS="1488"/>
<SP HEIGHT="65" WIDTH="30" VPOS="3157" HPOS="1715"/>
<String CONTENT="1933." HEIGHT="50" WIDTH="151" VPOS="3157" HPOS="1746"/>
</TextLine>
<TextLine HEIGHT="50" WIDTH="477" VPOS="3224" HPOS="500">
<String CONTENT="xvii," HEIGHT="47" WIDTH="115" VPOS="3224" HPOS="500"/>
<SP HEIGHT="46" WIDTH="28" VPOS="3225" HPOS="616"/>
<String CONTENT="920" HEIGHT="41" WIDTH="89" VPOS="3225" HPOS="645"/>
<SP HEIGHT="49" WIDTH="23" VPOS="3225" HPOS="735"/>
<String CONTENT="p." HEIGHT="37" WIDTH="43" VPOS="3237" HPOS="759"/>
<SP HEIGHT="41" WIDTH="56" VPOS="3226" HPOS="803"/>
<String CONTENT="22" HEIGHT="40" WIDTH="56" VPOS="3226" HPOS="860"/>
<String STYLE="superscript" CONTENT="cm" HEIGHT="21" WIDTH="44" VPOS="3229" HPOS="919"/>
<String CONTENT="." HEIGHT="8" WIDTH="9" VPOS="3260" HPOS="968"/>
</TextLine>
<TextLine HEIGHT="51" WIDTH="1243" VPOS="3283" HPOS="499" CS="1">
<String CONTENT="Thesis" HEIGHT="41" WIDTH="173" VPOS="3283" HPOS="499"/>
<SP HEIGHT="48" WIDTH="42" VPOS="3284" HPOS="673"/>
<String CS="1" CONTENT="(PH." HEIGHT="48" WIDTH="12" VPOS="3284" HPOS="716"/>
<SP/>
<String CS="1" CONTENT="D.)&#8212;Columbia" HEIGHT="45" WIDTH="339" VPOS="3285" HPOS="912"/>
<SP HEIGHT="29" WIDTH="35" VPOS="3297" HPOS="1252"/>
<String CONTENT="university," HEIGHT="50" WIDTH="287" VPOS="3284" HPOS="1288"/>
<SP HEIGHT="47" WIDTH="36" VPOS="3287" HPOS="1576"/>
<String CONTENT="1933." HEIGHT="43" WIDTH="129" VPOS="3285" HPOS="1613"/>
</TextLine>
<TextLine HEIGHT="41" WIDTH="129" VPOS="3340" HPOS="501">
<String CONTENT="Vita." HEIGHT="41" WIDTH="129" VPOS="3340" HPOS="501"/>
</TextLine>
<TextLine HEIGHT="99" WIDTH="2000" VPOS="3397" HPOS="432" CS="1">
<String CS="1" CONTENT="'The" HEIGHT="40" WIDTH="101" VPOS="3399" HPOS="531"/>
<SP HEIGHT="30" WIDTH="27" VPOS="3409" HPOS="633"/>
<String CONTENT="object" HEIGHT="47" WIDTH="160" VPOS="3399" HPOS="661"/>
<SP HEIGHT="39" WIDTH="27" VPOS="3401" HPOS="822"/>
<String CONTENT="of" HEIGHT="39" WIDTH="52" VPOS="3400" HPOS="850"/>
<SP HEIGHT="40" WIDTH="26" VPOS="3400" HPOS="903"/>
<String CONTENT="this" HEIGHT="40" WIDTH="100" VPOS="3400" HPOS="930"/>
<SP HEIGHT="29" WIDTH="28" VPOS="3411" HPOS="1031"/>
<String CONTENT="work" HEIGHT="39" WIDTH="134" VPOS="3401" HPOS="1060"/>
<SP HEIGHT="40" WIDTH="28" VPOS="3401" HPOS="1195"/>
<String CONTENT="has" HEIGHT="38" WIDTH="89" VPOS="3403" HPOS="1224"/>
<SP HEIGHT="39" WIDTH="30" VPOS="3402" HPOS="1314"/>
<String CONTENT="been" HEIGHT="39" WIDTH="118" VPOS="3402" HPOS="1345"/>
<SP HEIGHT="38" WIDTH="29" VPOS="3403" HPOS="1464"/>
<String CONTENT="to" HEIGHT="38" WIDTH="47" VPOS="3403" HPOS="1494"/>
<SP HEIGHT="38" WIDTH="29" VPOS="3411" HPOS="1542"/>
<String CONTENT="present" HEIGHT="47" WIDTH="196" VPOS="3402" HPOS="1572"/>
<SP HEIGHT="39" WIDTH="27" VPOS="3402" HPOS="1769"/>
<String CONTENT="the" HEIGHT="39" WIDTH="86" VPOS="3401" HPOS="1797"/>
<SP HEIGHT="29" WIDTH="24" VPOS="3411" HPOS="1884"/>
<String CONTENT="most" HEIGHT="39" WIDTH="126" VPOS="3401" HPOS="1909"/>
<SP HEIGHT="39" WIDTH="28" VPOS="3401" HPOS="2036"/>
<String CONTENT="significant" HEIGHT="48" WIDTH="280" VPOS="3397" HPOS="2065"/>
<SP HEIGHT="38" WIDTH="26" VPOS="3400" HPOS="2346"/>
<String CONTENT="extracts" HEIGHT="88" WIDTH="2000" VPOS="3408" HPOS="432"/>
</TextLine>
<TextLine HEIGHT="52" WIDTH="1836" VPOS="3455" HPOS="614" CS="1">
<String CONTENT="from" HEIGHT="39" WIDTH="128" VPOS="3457" HPOS="614"/>
<SP HEIGHT="28" WIDTH="34" VPOS="3468" HPOS="743"/>
<String CS="1" CONTENT="&#8230;"/>
<SP HEIGHT="30" WIDTH="34" VPOS="3477" HPOS="824"/>
<String CONTENT="[Dupleix&#8217;]" HEIGHT="50" WIDTH="257" VPOS="3457" HPOS="859"/>
<SP HEIGHT="48" WIDTH="29" VPOS="3459" HPOS="1117"/>
<String CONTENT="letters" HEIGHT="39" WIDTH="173" VPOS="3459" HPOS="1147"/>
<SP HEIGHT="28" WIDTH="30" VPOS="3470" HPOS="1321"/>
<String CS="1" CONTENT="&#8230;"/>
<SP HEIGHT="29" WIDTH="32" VPOS="3469" HPOS="1398"/>
<String CONTENT="so" HEIGHT="29" WIDTH="52" VPOS="3469" HPOS="1431"/>
<SP HEIGHT="30" WIDTH="29" VPOS="3469" HPOS="1484"/>
<String CONTENT="as" HEIGHT="30" WIDTH="53" VPOS="3469" HPOS="1514"/>
<SP HEIGHT="37" WIDTH="30" VPOS="3461" HPOS="1568"/>
<String CONTENT="to" HEIGHT="37" WIDTH="49" VPOS="3461" HPOS="1599"/>
<SP HEIGHT="28" WIDTH="30" VPOS="3469" HPOS="1649"/>
<String CONTENT="reconstruct," HEIGHT="44" WIDTH="316" VPOS="3459" HPOS="1680"/>
<SP HEIGHT="34" WIDTH="30" VPOS="3469" HPOS="1997"/>
<String CONTENT="with" HEIGHT="39" WIDTH="119" VPOS="3457" HPOS="2028"/>
<SP HEIGHT="38" WIDTH="27" VPOS="3458" HPOS="2148"/>
<String CONTENT="the" HEIGHT="39" WIDTH="83" VPOS="3457" HPOS="2176"/>
<SP HEIGHT="30" WIDTH="27" VPOS="3465" HPOS="2260"/>
<String CONTENT="aid" HEIGHT="40" WIDTH="81" VPOS="3455" HPOS="2288"/>
<SP HEIGHT="40" WIDTH="28" VPOS="3455" HPOS="2370"/>
<String CONTENT="of" HEIGHT="40" WIDTH="51" VPOS="3455" HPOS="2399"/>
</TextLine>
<TextLine HEIGHT="50" WIDTH="2000" VPOS="3513" HPOS="434" CS="1">
<String CONTENT="connective" HEIGHT="41" WIDTH="280" VPOS="3513" HPOS="434"/>
<SP HEIGHT="30" WIDTH="43" VPOS="3525" HPOS="715"/>
<String CONTENT="comment," HEIGHT="45" WIDTH="253" VPOS="3518" HPOS="759"/>
<SP HEIGHT="45" WIDTH="45" VPOS="3518" HPOS="1013"/>
<String CONTENT="the" HEIGHT="39" WIDTH="81" VPOS="3517" HPOS="1059"/>
<SP HEIGHT="29" WIDTH="43" VPOS="3526" HPOS="1141"/>
<String CONTENT="course" HEIGHT="29" WIDTH="170" VPOS="3526" HPOS="1185"/>
<SP HEIGHT="29" WIDTH="45" VPOS="3526" HPOS="1356"/>
<String CONTENT="of" HEIGHT="39" WIDTH="52" VPOS="3516" HPOS="1402"/>
<SP HEIGHT="39" WIDTH="41" VPOS="3516" HPOS="1455"/>
<String CONTENT="events" HEIGHT="37" WIDTH="169" VPOS="3518" HPOS="1497"/>
<SP HEIGHT="30" WIDTH="43" VPOS="3525" HPOS="1667"/>
<String CONTENT="as" HEIGHT="30" WIDTH="54" VPOS="3525" HPOS="1711"/>
<SP HEIGHT="30" WIDTH="44" VPOS="3525" HPOS="1766"/>
<String CONTENT="seen" HEIGHT="29" WIDTH="111" VPOS="3525" HPOS="1811"/>
<SP HEIGHT="37" WIDTH="43" VPOS="3517" HPOS="1923"/>
<String CONTENT="through" HEIGHT="45" WIDTH="212" VPOS="3515" HPOS="1967"/>
<SP HEIGHT="39" WIDTH="43" VPOS="3514" HPOS="2180"/>
<String CS="1" CONTENT="Dupleix'" HEIGHT="48" WIDTH="210" VPOS="3513" HPOS="2224"/>
</TextLine>
<TextLine HEIGHT="50" WIDTH="571" VPOS="3571" HPOS="431">
<String CONTENT="eyes.&#8221;&#8212;Introd.," HEIGHT="47" WIDTH="421" VPOS="3571" HPOS="431"/>
<SP HEIGHT="38" WIDTH="31" VPOS="3583" HPOS="853"/>
<String CONTENT="p." HEIGHT="38" WIDTH="43" VPOS="3583" HPOS="885"/>
<SP HEIGHT="38" WIDTH="31" VPOS="3575" HPOS="929"/>
<String CONTENT="4." HEIGHT="38" WIDTH="41" VPOS="3575" HPOS="961"/>
</TextLine>
<TextLine HEIGHT="49" WIDTH="712" VPOS="3629" HPOS="500" CS="1">
<String CS="1" CONTENT="Bibliography:" HEIGHT="49" WIDTH="354" VPOS="3629" HPOS="500"/>
<SP HEIGHT="37" WIDTH="36" VPOS="3641" HPOS="882"/>
<String CONTENT="p." HEIGHT="37" WIDTH="41" VPOS="3641" HPOS="919"/>
<SP HEIGHT="40" WIDTH="32" VPOS="3630" HPOS="961"/>
<String CONTENT="903-908." HEIGHT="43" WIDTH="218" VPOS="3629" HPOS="994"/>
</TextLine>
<TextLine HEIGHT="54" WIDTH="2020" VPOS="3685" HPOS="436" CS="1">
<String CONTENT="&#169;" HEIGHT="52" WIDTH="52" VPOS="3685" HPOS="436"/>
<SP HEIGHT="52" WIDTH="33" VPOS="3685" HPOS="489"/>
<String CONTENT="Sept." HEIGHT="46" WIDTH="127" VPOS="3692" HPOS="523"/>
<SP HEIGHT="38" WIDTH="32" VPOS="3691" HPOS="651"/>
<String CONTENT="15." HEIGHT="39" WIDTH="66" VPOS="3691" HPOS="684"/>
<SP HEIGHT="38" WIDTH="35" VPOS="3692" HPOS="751"/>
<String CONTENT="1933:" HEIGHT="39" WIDTH="136" VPOS="3691" HPOS="787"/>
<SP HEIGHT="38" WIDTH="33" VPOS="3692" HPOS="924"/>
<String CS="1" CONTENT="2c." HEIGHT="7" WIDTH="8" VPOS="3725" HPOS="1017"/>
<SP HEIGHT="40" WIDTH="32" VPOS="3692" HPOS="1026"/>
<String CONTENT="Sept." HEIGHT="47" WIDTH="129" VPOS="3692" HPOS="1059"/>
<SP HEIGHT="40" WIDTH="30" VPOS="3691" HPOS="1189"/>
<String CONTENT="18;" HEIGHT="40" WIDTH="80" VPOS="3691" HPOS="1220"/>
<SP HEIGHT="30" WIDTH="33" VPOS="3701" HPOS="1301"/>
<String CONTENT="aff" HEIGHT="40" WIDTH="69" VPOS="3690" HPOS="1335"/>
<SP HEIGHT="39" WIDTH="45" VPOS="3690" HPOS="1405"/>
<String CONTENT="Oct." HEIGHT="38" WIDTH="102" VPOS="3691" HPOS="1451"/>
<SP HEIGHT="37" WIDTH="32" VPOS="3691" HPOS="1554"/>
<String CS="1" CONTENT="17:" HEIGHT="38" WIDTH="55" VPOS="3691" HPOS="1587"/>
<SP HEIGHT="40" WIDTH="36" VPOS="3690" HPOS="1669"/>
<!-- cceid 4A0EB543-6CF9-1014-A6CF-A82867D68027 --><String CONTENT="A" HEIGHT="38" WIDTH="37" VPOS="3690" HPOS="1706"/>
<SP HEIGHT="38" WIDTH="32" VPOS="3690" HPOS="1744"/>
<String CONTENT="66673:" HEIGHT="40" WIDTH="170" VPOS="3689" HPOS="1777"/>
<SP HEIGHT="40" WIDTH="34" VPOS="3688" HPOS="1948"/>
<String CONTENT="V." HEIGHT="40" WIDTH="53" VPOS="3688" HPOS="1983"/>
<SP HEIGHT="39" WIDTH="33" VPOS="3689" HPOS="2037"/>
<String CONTENT="M." HEIGHT="38" WIDTH="60" VPOS="3689" HPOS="2071"/>
<SP HEIGHT="39" WIDTH="32" VPOS="3688" HPOS="2132"/>
<String CONTENT="Thompson," HEIGHT="46" WIDTH="291" VPOS="3687" HPOS="2165"/>
</TextLine>
<TextLine HEIGHT="48" WIDTH="648" VPOS="3747" HPOS="502">
<String CONTENT="New" HEIGHT="40" WIDTH="118" VPOS="3747" HPOS="502"/>
<SP HEIGHT="39" WIDTH="26" VPOS="3748" HPOS="621"/>
<String CONTENT="York." HEIGHT="41" WIDTH="143" VPOS="3747" HPOS="648"/>
<SP HEIGHT="47" WIDTH="75" VPOS="3748" HPOS="792"/>
<String CONTENT="(33-32398)" HEIGHT="47" WIDTH="282" VPOS="3748" HPOS="868"/>
</TextLine>
<TextLine HEIGHT="70" WIDTH="936" VPOS="3848" HPOS="435" STYLEREFS="StyleId-EA10CB79-96FF-452C-8441-D7C430CA7319-">
<String CONTENT="Edelson," HEIGHT="68" WIDTH="273" VPOS="3848" HPOS="435"/>
<SP HEIGHT="62" WIDTH="33" VPOS="3854" HPOS="709"/>
<String CONTENT="Emanuel" HEIGHT="53" WIDTH="288" VPOS="3854" HPOS="743"/>
<SP HEIGHT="52" WIDTH="31" VPOS="3855" HPOS="1032"/>
<String CONTENT="M.," HEIGHT="63" WIDTH="98" VPOS="3855" HPOS="1064"/>
<SP HEIGHT="61" WIDTH="34" VPOS="3857" HPOS="1163"/>
<String CONTENT="1885-" HEIGHT="51" WIDTH="173" VPOS="3856" HPOS="1198"/>
</TextLine>
<TextLine HEIGHT="74" WIDTH="1949" VPOS="3924" HPOS="504" STYLEREFS="StyleId-88FD450C-10EF-4EFB-B868-D6463818616D-">
<String CONTENT="Advanced" HEIGHT="54" WIDTH="310" VPOS="3928" HPOS="504"/>
<SP HEIGHT="52" WIDTH="40" VPOS="3929" HPOS="815"/>
<String CONTENT="commercial" HEIGHT="53" WIDTH="352" VPOS="3931" HPOS="856"/>
<SP HEIGHT="51" WIDTH="43" VPOS="3933" HPOS="1209"/>
<String CONTENT="arithmetic" HEIGHT="56" WIDTH="324" VPOS="3928" HPOS="1253"/>
<SP HEIGHT="50" WIDTH="38" VPOS="3948" HPOS="1578"/>
<String CONTENT="problems," HEIGHT="69" WIDTH="303" VPOS="3929" HPOS="1617"/>
<SP HEIGHT="41" WIDTH="37" VPOS="3945" HPOS="1921"/>
<String CONTENT="class" HEIGHT="54" WIDTH="142" VPOS="3926" HPOS="1959"/>
<SP HEIGHT="34" WIDTH="38" VPOS="3944" HPOS="2102"/>
<String CONTENT="and" HEIGHT="52" WIDTH="110" VPOS="3925" HPOS="2141"/>
<SP HEIGHT="53" WIDTH="37" VPOS="3924" HPOS="2252"/>
<String CONTENT="home" HEIGHT="55" WIDTH="163" VPOS="3924" HPOS="2290"/>
</TextLine>
<TextLine HEIGHT="75" WIDTH="2019" VPOS="4001" HPOS="435" STYLEREFS="StyleId-88FD450C-10EF-4EFB-B868-D6463818616D-" CS="1">
<String CONTENT="assignments," HEIGHT="66" WIDTH="393" VPOS="4006" HPOS="435"/>
<SP HEIGHT="53" WIDTH="42" VPOS="4008" HPOS="829"/>
<String CONTENT="by" HEIGHT="68" WIDTH="73" VPOS="4008" HPOS="872"/>
<SP HEIGHT="68" WIDTH="44" VPOS="4008" HPOS="946"/>
<String CS="1" CONTENT="Emanuel" HEIGHT="54" WIDTH="259" VPOS="4008" HPOS="991"/>
<SP HEIGHT="55" WIDTH="45" VPOS="4008" HPOS="1273"/>
<String CONTENT="M." HEIGHT="54" WIDTH="80" VPOS="4008" HPOS="1319"/>
<SP HEIGHT="54" WIDTH="44" VPOS="4008" HPOS="1400"/>
<String CONTENT="Edelson" HEIGHT="53" WIDTH="249" VPOS="4008" HPOS="1445"/>
<SP HEIGHT="33" WIDTH="52" VPOS="4026" HPOS="1695"/>
<String CS="1" CONTENT="&#8230;"/>
<SP HEIGHT="55" WIDTH="83" VPOS="4005" HPOS="1805"/>
<String CONTENT="Brooklyn," HEIGHT="69" WIDTH="314" VPOS="4004" HPOS="1889"/>
<SP HEIGHT="69" WIDTH="43" VPOS="4002" HPOS="2204"/>
<String LANG="fr" CONTENT="N." HEIGHT="55" WIDTH="68" VPOS="4002" HPOS="2248"/>
<SP HEIGHT="56" WIDTH="46" VPOS="4001" HPOS="2317"/>
<String CONTENT="Y.," HEIGHT="67" WIDTH="90" VPOS="4001" HPOS="2364"/>
</TextLine>
<TextLine HEIGHT="73" WIDTH="837" VPOS="4082" HPOS="434" STYLEREFS="StyleId-88FD450C-10EF-4EFB-B868-D6463818616D-" CS="1">
<String CONTENT="Standard" HEIGHT="57" WIDTH="291" VPOS="4082" HPOS="434"/>
<SP HEIGHT="55" WIDTH="30" VPOS="4085" HPOS="726"/>
<String CONTENT="text" HEIGHT="49" WIDTH="121" VPOS="4092" HPOS="757"/>
<SP HEIGHT="63" WIDTH="27" VPOS="4092" HPOS="879"/>
<String CONTENT="press" HEIGHT="51" WIDTH="157" VPOS="4104" HPOS="907"/>
<SP HEIGHT="48" WIDTH="29" VPOS="4105" HPOS="1065"/>
<String CS="1" CONTENT="["/>
<String STYLE="superscript" CONTENT="c" HEIGHT="22" WIDTH="18" VPOS="4094" HPOS="1114"/>
<String CS="1" CONTENT="1933]" HEIGHT="50" WIDTH="133" VPOS="4089" HPOS="1138"/>
</TextLine>
</TextBlock>
</PrintSpace>
</Page>
</Layout>
</alto>