2484 4405
1099 4064 99 48 569

171 415 140 65 Abt,
339 417 166 52 Isaac
530 416 91 67 A.,
649 417 83 53 ed.

169 492 1976 131 … Pediatrics, edited by Isaac A. Abt, M. D. … with the collaboration of
606 572 1565 70 Arthur F. Abt, M. D. … Chicago, the Year book
168 649 339 68 publishers,
535 650 105 53 inc.
751 654 117 63 [c1933]

243 724 85 40 564
360 735 41 36 p.
461 724 143 46 illus.,
638 724 178 48 diagrs.
878 726 54 39 18½c
982 728 26 19 m
1015 757 7 8 .
1095 725 124 48 (The
1250 726 237 47 practical
1520 725 235 41 medicine
1788 725 152 41 series
1972 726 52 40 of
2056 734 116 39 year

170 781 160 40 books.
392 781 158 40 Series
579 780 139 49 1932)

175 834 51 52 ©
256 837 110 42 Feb.
393 838 39 49 6,
461 836 113 42 1933;
631 836 67 43 2c.
727 840 95 39 and
851 837 81 42 aff.
961 838 112 49 Apr.
1102 838 55 41 27;
1215 839 40 39 A
1283 838 144 42 62555;

1485 841 127 39 Year
1641 840 123 40 book
1791 841 177 48 pubrs.,
1999 840 90 41 inc.

168 941 256 65 Achard,
455 941 164 57 Paul.

302 1005 1867 79 … Ces dames du central. Paris, Les Éditions de France,
171 1098 150 50 1932.

240 1167 1520 51 2 p. l ., 251 p. 19 cm . (On cover: Le livre d’aujourd'hui)
173 1223 1910 52 © Sept. 10, 1932; 1c. Dec. 29; A- Foreign 19119; P. Achard, Paris.
251 1283 279 49 (33-10814)

165 1385 1262 68 Alarc ó n, Pedro Antonio de, 1833-1891.
300 1465 1867 69 … El capit á n Veneno; a simplified version of the complete
167 1546 165 51 novel
370 1544 93 54 for
500 1544 168 68 rapid
706 1544 239 69 reading
982 1545 59 52 in
1078 1546 345 66 elementary
1461 1544 228 65 classes;
1730 1543 189 54 edited
1955 1543 141 54 with
2135 1563 31 33 a

168 1623 221 67 variety
430 1623 64 52 of
531 1629 287 62 new-type
859 1622 466 69 comprehension
1368 1624 112 52 and
1521 1622 452 69 word-building

166 1641 2000 128 exercises, by Hymen Alpern … and José Martel … Richmond,
168 1778 1627 69 Chicago [etc.] Johnson publishing company [ c 1933]
237 1852 1929 50 xii, [2], 199 p. incl. front. (port.) illus. 19p m . (Lettered on cover:
167 1910 490 48 American-Spanish
686 1911 175 48 series)

237 1967 701 41 At head of title: Alarc ó n.
171 2020 51 54 ©
249 2027 113 47 Apr.
389 2027 68 47 11,
485 2026 113 44 1933;
653 2026 68 41 2c.
748 2029 96 38 and
871 2026 80 41 aff.
980 2026 114 48 Apr.
1123 2027 55 40 13;
1234 2026 40 39 A
1302 2025 143 41 61325;
1503 2027 191 47 Hymen
1720 2027 181 48 Alpern
1930 2029 95 38 and
2055 2027 114 41 José

238 2084 190 45 Martel,
460 2085 117 38 New
607 2084 144 39 York.
822 2083 251 48 (33-9282)

162 2185 229 65 Angell,
420 2187 99 54 Sir
546 2188 285 62 Norman,
862 2188 171 54 1874-

297 2263 1867 70 … From chaos to control, by Sir Norman Angell. New
166 2342 177 68 York,
369 2343 257 65 London,
651 2342 121 53 The
799 2342 255 69 Century
1080 2361 79 36 co.
1192 2377 12 32 [
1209 2349 18 20 c
1234 2345 150 63 1933]

235 2415 1790 50 6 p. l ., 3-208 p. 19½ cm . (Halley Stewart lecture, 1932) $2.00
169 2469 51 53 ©
251 2475 114 47 May
397 2474 39 47 9,
469 2473 113 41 1933;
643 2474 66 40 2c.
744 2475 96 39 and
873 2474 82 40 aff.
990 2476 113 45 May
1136 2475 54 39 11;
1252 2474 43 40 A
1327 2474 147 41 61689;
1534 2475 213 49 Century
1780 2487 67 30 co.

246 2530 279 50 (33-27151)

162 2635 143 65 Ball,
338 2636 218 52 Ernest
586 2635 252 55 Arthur.

231 2712 207 69 Lights
461 2712 111 52 and
595 2712 259 53 shadows
900 2713 91 67 [by]
1022 2712 209 53 Ernest
1252 2714 70 51 A.
1347 2712 149 54 Ball.
1577 2713 266 70 [Oxford,
1868 2715 87 70 O.,
1976 2717 186 53 Print,

161 2790 76 68 by
266 2791 246 55 Stewart
542 2809 173 49 press,
743 2798 18 20 c
765 2794 153 64 1933]

231 2863 582 50 2 p. l ., 7-63 p. 20½ cm .
233 2921 146 40 “This
409 2920 183 41 edition
623 2920 42 41 is
695 2920 189 41 limited
916 2923 47 38 to
995 2921 85 40 100
1112 2920 173 48 copies.
1347 2921 130 40 Your
1508 2932 119 38 copy
1657 2923 42 40 is
1730 2934 74 31 no.
1836 2924 100 40 24.”

233 2979 185 40 Poems.

165 3031 53 52 ©
250 3036 114 48 Apr.
397 3037 39 46 1,
468 3033 112 42 1933;
643 3036 71 39 2c.,
743 3036 97 39 and
873 3034 82 41 aff.
988 3035 113 47 Apr.
1136 3034 55 40 12;
1254 3035 40 39 A
1328 3035 143 41 60962;
1536 3038 52 41 E.
1622 3039 54 40 A.
1711 3040 124 48 Ball,
1871 3042 187 41 Oxford
2108 3044 37 40 O

244 3092 279 49 (33-10587)

157 3195 244 65 Barnes,
431 3196 207 52 Duane
672 3194 267 64 Clayton,
969 3196 85 52 ed.

230 3273 288 53 Histoires
565 3275 75 51 du
690 3273 166 66 Midi,
904 3274 188 52 edited
1141 3273 140 52 with
1327 3280 159 48 notes
1534 3279 111 51 and
1692 3281 307 54 vocabulary
2083 3284 74 62 by

158 3353 202 52 Duane
396 3352 246 66 Clayton
676 3353 233 51 Barnes.
984 3351 291 67 Windsor,
1309 3353 196 67 Conn.,
1540 3356 222 54 French
1797 3360 203 54 review
159 3369 1974 116 outline
313 3465 13 32 [
331 3436 17 22 c
354 3434 150 63 1933]

395 3500 935 50 1 p. l.. iv p., 2 l., [3]-141 p. front. 19 cm .
163 3557 51 51 ©
241 3563 119 37 Mar.
388 3562 68 39 18,
482 3559 112 41 1933;
650 3560 67 40 2c.
744 3561 95 38 and
865 3558 81 41 aff.
974 3560 121 38 Mar.
1122 3559 55 39 31;
1233 3558 40 39 A
1300 3558 143 42 61148;
1501 3561 47 41 C.
1577 3562 57 41 D.
1661 3565 201 49 Barnes,
1893 3567 251 49 Simsbury

232 3617 145 40 Conn.
449 3615 278 49 (33-10723)

156 3709 239 63 Bassoe,
423 3708 194 63 Peter,
646 3705 85 55 ed.

287 3781 1870 86 … Neurology, edited by Peter Bassoe, M. D. … Psychiatry,
155 3860 2005 86 edited by Franklin G. Ebaugh, A. B., M. D. … Chicago, The
155 3939 1056 69 Year book publishers, inc. [ c 1933]
