2597 4403
1305 4110 71 49 44

307 382 207 66 Gould,
547 383 257 54 Edward
835 382 267 65 Kalloch,
1137 387 174 50 1865-

377 461 302 69 Storming
706 462 98 53 the
831 461 260 68 heights;
1121 459 243 57 Maine’s
1395 458 311 56 embattled
1736 459 249 55 farmers
2012 463 62 51 at
2100 458 235 58 Castine

305 541 62 54 in
405 540 99 54 the
543 540 344 68 revolution,
928 539 76 69 by
1046 539 257 53 Edward
1345 536 251 56 Kalloch
1637 536 193 57 Gould
1876 582 58 11 …
2014 536 323 71 Rockland,

305 619 130 70 Me.,
465 620 124 55 The
620 618 495 69 Courier-gazette
1145 636 177 51 press,
1354 619 152 52 1932.

378 695 57 41 59
462 706 43 39 p.
567 696 173 48 plates,
769 695 167 48 ports.,
965 703 127 39 map.
1153 693 57 41 23
1213 694 45 22 cm
1262 725 9 8 .

379 753 240 41 “General
646 751 209 41 Lovell’s
881 749 259 50 journal”:
1168 761 45 39 p.
1240 749 160 42 28-36.

380 811 208 40 “Roster
620 808 262 42 American
916 807 377 50 expeditionary
1324 806 138 43 force
1498 838 47 11 …
1581 808 120 40 such
1735 806 53 41 of
1820 807 84 42 the
1935 807 118 41 land
2086 806 165 42 forces
2287 837 47 11 …

307 869 218 48 engaged
571 867 50 40 in
670 868 84 40 the
800 866 273 41 Penobscot
1120 864 297 50 expedition,
1466 865 151 41 taken
1661 863 129 43 from
1837 864 85 42 the
1967 864 370 50 revolutionary

307 925 227 42 archives
563 928 53 38 at
647 925 83 40 the
762 924 140 41 State
931 924 153 40 house
1113 923 52 40 in
1193 923 199 48 Boston,
1423 933 56 31 as
1510 924 126 39 have
1663 926 85 39 not
1777 923 204 49 already
2010 923 246 48 appeared
2305 933 33 31 in

307 984 85 41 the
421 982 283 42 collections
733 981 53 42 of
813 982 84 40 the
926 980 166 41 Maine
1121 979 257 42 historical
1408 979 242 49 society”:
1680 991 45 37 p.
1754 980 162 42 37-48.

312 1037 2010 110 © Dec. 28, 1932; 2c. and aff. Jan. 21, 1933; A 58984; E. K. Gould, Rockland, Me. (33-2228)
311 1204 200 66 Greig,
544 1204 252 66 Maysie.

390 1326 57 10 …
497 1282 140 54 Men
684 1288 92 48 act
820 1281 132 56 that
998 1301 145 50 way.
1227 1282 237 56 Garden
1511 1282 158 68 City,
1714 1281 73 55 N.
1836 1281 92 68 Y.,
1975 1281 363 70 Doubleday,

315 1361 199 54 Doran
543 1364 47 51 &
619 1380 302 50 company,
951 1361 129 68 inc.,
1114 1365 152 51 1933.

386 1435 563 50 4 p. l., 309 p. 19½ cm .
389 1494 164 41 “First
582 1493 232 43 edition.”

315 1562 2025 53 © Jan. 3, 1933; 2c. and aff. Jan. 5; A 59084; Doubleday, Doran & co.,
383 1623 92 41 inc.
548 1622 255 50 (33-2218)

312 1728 247 55 Hadath
612 1728 236 65 Gunby.

385 1807 245 69 Twenty
658 1807 150 70 good
836 1805 177 72 ships,
1091 1807 163 70 chap.
1286 1810 84 66 13,
1401 1811 81 51 14.

395 1884 85 48 (In
507 1880 278 44 Children’s
813 1893 313 40 newspaper,
1156 1880 126 44 Nov.
1314 1882 71 50 19,
1415 1881 147 50 1932)

318 1950 2026 54 © 1c. Jan. 14, 1933; A ad int. 17372,; pubd. Nov. 17, 1932; G. Hadath,
386 2013 215 41 London.

316 2118 154 66 Hall,
500 2120 208 64 Manly
735 2119 257 57 Palmer.

388 2196 160 69 Man,
589 2197 98 54 the
727 2197 187 68 grand
957 2197 221 69 symbol
1221 2196 65 54 of
1324 2197 98 53 the
1461 2198 314 69 mysteries,
1818 2197 75 70 by
1933 2197 205 70 Manly
2182 2197 162 55 Hall.

323 2275 129 69 [Los
485 2275 268 69 Angeles,
781 2275 205 70 Manly
1017 2275 66 54 P.
1113 2275 144 53 Hall
1288 2273 402 72 publications,
1721 2279 136 49 1932]

385 2347 89 40 254
503 2360 43 37 p.
604 2347 132 41 illus.
765 2347 135 49 (incl.
930 2349 165 49 ports.,
1125 2349 220 49 facsim.)
1384 2362 63 37 pl.
1507 2349 59 42 27½
1597 2351 45 22 cm
1646 2382 10 9 .

389 2405 930 53 “Essays in occult anatomy.”—p. [1]
390 2463 134 41 “The
548 2464 105 41 lore
682 2463 52 42 of
762 2464 85 40 the
874 2464 185 40 human
1086 2465 128 47 body
1247 2495 48 9 …
1347 2475 55 30 [as
1429 2464 157 41 found
1614 2464 50 41 in
1693 2465 83 41 the
1805 2465 225 50 writings
2061 2466 67 49 of]
2160 2478 28 29 a
2218 2465 129 42 wide

316 2520 241 49 diversity
588 2521 54 40 of
673 2521 82 41 old
785 2520 539 43 authorities.”—Pref.

390 2579 216 40 “Second
642 2577 230 42 edition.”

323 2649 2026 53 © May 1, 1932; 2c. Dec. 13; aff. Dec. 12; A 57885; M. P. Hall, Los
392 2711 222 48 Angeles.
687 2710 254 49 (33-2303)

320 2817 279 53 Harvard
630 2815 359 66 university.
1063 2818 202 63 Hasty
1293 2816 268 66 pudding
1589 2816 150 57 club.

388 2893 99 54 An
511 2894 330 54 illustrated
865 2893 227 71 history
1117 2893 65 55 of
1204 2894 99 54 the
1326 2894 195 70 Hasty
1545 2894 268 71 pudding
1837 2893 131 55 club
1994 2894 351 55 theatricals.

321 2971 369 71 Cambridge,
718 2972 195 70 Hasty
941 2973 270 70 pudding
1237 2972 148 70 club,
1415 2975 154 52 1933.

398 3046 115 51 [589]
544 3058 44 37 p.
618 3046 111 42 incl.
758 3046 165 48 front.,
955 3047 145 49 illus.,
1131 3045 192 44 facsim.
1522 3078 9 9 31½cm.

394 3104 182 41 “Third
604 3103 231 43 edition.”

739 3160 376 48 CONTENTS.—Introductory:
1155 3161 104 42 The
1295 3160 112 42 first
1444 3160 228 49 Pudding
1708 3160 128 50 play,
1876 3160 64 49 by
1980 3161 198 42 Lemuel
322 3160 2009 99 Hayward.
536 3218 103 41 The

671 3217 110 42 first
813 3220 236 46 operetta,
1080 3218 62 49 by
1176 3216 150 43 Owen
1358 3217 199 43 Wister.
1620 3218 103 41 The
1756 3218 62 43 H.
1852 3218 52 42 P.
1940 3216 51 45 C.
2027 3218 221 49 theatre;
2284 3228 64 31 an

322 3274 255 42 historical
618 3275 183 49 sketch,
840 3275 64 48 by
942 3274 50 42 L.
1032 3274 64 41 M.
1137 3274 252 43 Garrison.
1457 3275 277 42 Twentieth
1775 3278 206 45 century
2021 3275 253 49 Pudding;
2316 3285 30 32 a

322 3332 341 40 continuation
693 3332 53 41 of
771 3333 84 40 the
882 3332 258 41 historical
1169 3332 183 48 sketch,
1381 3332 64 49 by
1474 3333 56 42 R.
1563 3331 47 43 S.
1639 3332 709 49 Hewlett.—Programmes.—

323 3389 260 47 Directory
613 3389 53 41 of
692 3389 252 48 members,
975 3388 280 43 1771-1935.

329 3458 2020 55 © Jan. 6, 1933; 2c. Jan. 12: aff. Jan. 23; A 60010; Hasty pudding club,
400 3519 303 50 Cambridge,
739 3521 147 40 Mass.
959 3520 253 49 (33-2319)

327 3622 264 66 Havard,
621 3623 258 55 William
911 3626 311 65 Freeman,
1257 3628 171 50 1884-
1644 3643 181 52 comp.

399 3699 246 55 Modern
680 3701 189 70 living
904 3702 165 55 radio
1106 3703 198 54 health
1341 3703 171 69 talks,
1548 3704 283 68 compiled
1865 3703 78 68 by
1978 3702 264 57 William
2276 3703 67 52 F.

329 3777 1781 73 Havard … New York city, Modern living, inc. [ c 1932]
402 3853 88 41 288
517 3863 44 39 p.
619 3853 129 41 illus.
807 3854 57 41 19½
897 3856 45 22 cm
945 3886 10 9 .

406 3909 147 41 Much
581 3910 248 49 emphasis
857 3911 42 41 is
929 3912 116 41 here
1073 3911 172 50 placed
1276 3923 60 31 on
1366 3913 83 41 the
1478 3924 88 31 use
1593 3912 53 43 of
1671 3913 232 41 Edrolax.

333 3979 53 53 ©
416 3984 110 40 Jan.
559 3984 69 41 12.
659 3983 142 48 1933;
833 3984 68 41 2c.
932 3985 95 39 and
1060 3983 82 43 aff.
1176 3986 110 40 Jan.
1318 3985 82 46 13;
1434 3986 41 38 A
1507 3984 170 49 57925;
1712 3986 201 40 Modern
1945 3984 167 48 living,
2144 3985 92 40 inc.

410 4040 253 50 (33-2390)
