2597 4403
0 0 0 0 72
367 411 196 55 Texas
597 410 443 70 jurisprudence
1079 455 56 8 …
1178 432 30 33 a
1245 412 280 68 complete
1559 416 308 49 statement
1900 411 65 54 of
1998 413 97 53 the
2131 413 112 52 law
2279 412 115 53 and

437 490 252 69 practice
731 491 64 52 of
834 492 98 51 the
973 496 148 47 state
1163 490 63 53 of
1267 492 204 66 Texas,
1512 491 77 68 by
1628 491 265 55 William
1933 493 80 51 M.
2054 491 337 69 McKinney

438 571 113 52 and
591 571 164 52 other
794 572 258 66 lawyers.
1130 570 246 53 Volume
1548 612 10 10 XXII.
1599 570 381 53 Homesteads
2018 576 60 47 to
2116 570 277 71 Hunting

441 693 56 9 …
581 650 120 55 San
729 650 328 67 Francisco,
1085 649 594 70 Bancroft-Whitney
1707 669 302 50 company,
2038 653 151 50 1933.

438 724 82 49 vii,
551 725 115 40 1174
696 736 43 37 p.
798 724 55 41 25
858 726 43 21 cm
906 755 8 8 .

372 778 52 53 ©
459 782 111 41 Jan.
606 781 69 49 12,
711 780 113 42 1933;
890 782 70 41 2c.
995 783 96 39 and
1127 781 82 41 aff.
1247 782 111 41 Jan.
1393 782 84 47 17;
1514 782 44 40 A
1591 781 170 48 58928;
1800 780 494 50 Bancroft-Whitney
2331 793 69 31 co.

365 884 279 67 Thomas,
675 884 231 57 Gilbert
936 884 220 66 Oliver,
1190 890 173 51 1891-

440 1006 58 11 …
532 963 161 56 John
719 962 319 69 Masefield,
1066 963 76 70 by
1173 962 231 56 Gilbert
1433 963 267 54 Thomas.
1769 962 264 71 London,
2064 963 65 54 T.
364 964 2009 148 Butterworth,
601 1044 105 53 ltd.
744 1045 176 66 [1932]

435 1114 1951 52 3 p. l., ix-x, 261 p. 17½ cm . (Modern writers series, ed. by T. Moult)
440 1174 384 48 “Bibliography
853 1173 53 42 of
933 1174 130 41 John
1093 1172 295 43 Masefield’s
1418 1172 283 49 writings”:
1734 1182 44 39 p.
1808 1171 221 42 257-261.

371 1229 2027 53 © 1c. Jan. 4, 1933; A ad int. 17317; pubd. Nov. 24, 1932; Gilbert Thomas,
438 1292 270 47 Meadway,
748 1290 154 43 Gidea
940 1291 145 47 Park,
1126 1292 168 46 Essex,
1332 1290 242 49 England.
1648 1289 253 50 (33-2439)

363 1395 421 67 Timoshenko,
817 1395 295 56 Vladīmir
1141 1395 432 67 Prokopovīch,
1610 1401 172 50 1885-

446 1517 56 10 …
535 1474 407 70 Agricultural
968 1475 212 54 Russia
1208 1476 114 53 and
1351 1475 98 54 the
1476 1475 189 54 wheat
1691 1475 278 69 problem,
1996 1475 77 68 by
2101 1475 294 54 Vladimir

365 1552 67 54 P.
469 1552 388 55 Timoshenko
899 1596 58 10 …
1037 1553 287 56 Stanford
1362 1554 359 67 University,
1758 1553 199 68 Calif.,
1994 1554 148 52 Pub.
2178 1554 214 68 jointly

368 1630 74 70 by
471 1631 99 54 the
600 1631 163 54 Food
795 1633 262 53 research
1089 1631 266 55 institute
1387 1632 114 53 and
1531 1632 98 54 the
1662 1631 342 57 Committee
2036 1651 74 35 on
2141 1632 253 54 Russian

366 1710 261 53 research
668 1710 66 55 of
773 1710 98 55 the
911 1711 238 53 Hoover
1189 1730 118 34 war
1348 1709 225 70 library
1618 1744 13 35 [
1637 1717 17 21 c
1659 1713 136 51 1932
1800 1743 13 35 ]

442 1783 66 46 xi,
540 1784 85 40 571
658 1794 43 39 p.
760 1784 120 41 fold,
910 1794 155 39 maps,
1096 1784 183 50 diagrs.
1340 1783 56 40 22½
1431 1786 43 22 cm
1479 1816 9 9 .
1560 1785 227 50 ([Leland
1821 1783 239 42 Stanford
2092 1784 168 48 junior
371 1787 2008 102 university.

655 1841 132 43 Food
839 1843 229 41 research
1120 1841 246 51 institute]
1452 1841 155 41 Grain
1658 1842 271 41 economics
1981 1843 167 41 series,
2226 1855 76 30 no.
2355 1845 39 48 1,

371 1899 130 51 Sept.
531 1899 140 50 1932)

370 1954 52 53 ©
462 1959 129 48 Sept.
625 1957 71 49 28,
733 1958 141 47 1932;
913 1958 69 40 2c.
1019 1957 112 41 Dec.
1169 1956 84 48 29;
1293 1956 82 41 aff.
1414 1957 111 41 Jan.
1563 1959 70 47 17,
1670 1957 142 48 1933;
1852 1957 42 40 A
1930 1956 173 50 58927;
2144 1959 165 41 Board
2347 1957 54 43 of

439 2018 215 39 trustees
694 2016 52 39 of
786 2016 82 40 the
909 2016 185 40 Leland
1138 2015 239 41 Stanford
1417 2014 168 48 junior
1627 2014 144 49 univ.,
1817 2015 239 41 Stanford
2097 2016 299 50 University,

439 2073 144 42 Calif.
657 2073 255 49 (33-1716)

365 2178 251 68 Turner,
650 2178 320 55 Frederick
1003 2178 279 66 Jackson,
1315 2183 330 51 1861-1932.

436 2257 124 54 The
594 2255 369 71 significance
999 2256 64 55 of
1096 2257 244 55 sections
1378 2257 62 53 in
1474 2257 311 54 American
1821 2258 242 68 history,
2100 2258 77 68 by
365 2259 2002 129 Frederick

549 2334 257 56 Jackson
835 2337 257 67 Turner;
1127 2336 143 53 with
1300 2355 74 35 an
1401 2336 397 54 introduction
1826 2336 77 67 by
1933 2336 141 54 Max
2105 2337 287 54 Farrand.

365 2412 141 55 New
534 2414 182 68 York,
744 2414 79 54 H.
851 2414 149 55 Holt
1028 2415 114 53 and
1171 2433 284 50 company
1488 2448 14 35 [
1507 2420 18 22 c
1530 2418 154 64 1932]

439 2487 65 50 ix,
539 2487 88 43 347
659 2500 45 39 p.
764 2499 154 40 maps.
978 2487 58 41 22½
1069 2490 44 22 cm
1117 2520 10 10 .

442 2545 198 47 Essays,
674 2546 165 42 edited
874 2546 60 48 by
973 2545 116 42 Max
1126 2546 227 40 Farrand
1388 2547 98 39 and
1523 2545 160 49 Avery
1720 2544 191 43 Craven.
1990 2545 63 48 cf.
2089 2547 187 42 Introd.

369 2600 52 52 ©
450 2605 114 40 Dec.
592 2605 70 46 27,
691 2603 141 47 1932;
863 2604 67 40 2c.
959 2605 112 38 Jan.
1098 2604 70 47 13,
1197 2602 114 41 1933;
1371 2603 82 40 aff.
1483 2604 111 39 Jan.
1623 2605 82 45 14;
1736 2604 42 38 A
1807 2603 171 47 58918;
2011 2605 170 47 Henry
2210 2604 122 43 Holt
2360 2607 37 40 &

439 2672 83 37 co,
551 2661 91 41 inc.
714 2661 255 48 (33-1864)

372 2809 57 9 …
465 2765 357 66 University
855 2765 309 54 oratorical
1198 2765 229 53 annual,
1505 2784 51 35 v.
1589 2769 48 49 4.
1715 2764 304 71 Compiled
2052 2768 114 53 and
2198 2767 193 54 edited

437 2846 75 68 by
542 2847 168 52 Evan
741 2847 67 52 E.
839 2844 306 55 Anderson
1182 2888 56 9 …
1319 2846 140 53 New
1490 2844 166 54 York
1684 2845 135 68 city,
1850 2846 184 53 Noble
2065 2847 113 53 and
2207 2848 185 55 Noble

443 2959 13 34 [
461 2931 18 22 c
518 2928 120 65 1932]

437 3010 114 38 xxv,
581 3000 87 41 378
697 3011 45 38 p.
799 3000 131 40 illus.
987 2999 57 40 21
1047 3002 45 21 cm
1098 3031 9 9 .

439 3057 129 42 Title
599 3057 189 41 varies:
823 3056 129 48 1932,
986 3058 90 39 vol.
1168 3089 8 7 IV.
1238 3056 102 40 The
1372 3065 119 39 year
1523 3057 124 39 book
1679 3057 52 40 of
1764 3057 180 49 college
1978 3059 214 47 oratory.

371 3116 52 53 ©
450 3121 119 40 Nov.
596 3120 70 49 22,
694 3119 142 48 1932;
866 3120 68 41 2c.
963 3120 112 41 Dec.
1104 3121 83 46 17;
1217 3119 84 41 aff.
1329 3119 111 41 Jan.
1469 3119 39 49 5,
1537 3118 141 49 1933;
1710 3120 41 39 A
1779 3120 171 49 58689;
1981 3122 153 41 Noble
2164 3122 36 41 &
2228 3121 164 41 Noble.

369 3225 131 54 Van
530 3224 451 67 Valkenburgh,
1011 3225 206 56 Helen.

436 3302 126 54 The
599 3301 293 70 turnpike,
933 3321 33 34 a
1005 3304 168 52 novel
1214 3303 76 69 by
1330 3303 191 53 Helen
1562 3304 133 55 Van
1735 3301 438 72 Valkenburgh.
2251 3303 140 54 New

368 3380 1506 72 York city, Pegasus publishing company [ c 1932]
440 3454 543 49 3 p. l., 237 p. 19 cm .
372 3514 52 53 ©
465 3519 117 47 July
622 3520 69 45 17,
732 3519 141 47 1932;
916 3519 68 41 2c.
1025 3520 118 40 Nov.
1185 3520 56 40 23;
1312 3519 82 41 aff.
1437 3520 111 40 Jan.
1590 3521 69 47 12,
1700 3519 143 48 1933;
1886 3520 40 39 A
1967 3518 172 48 58965;
2185 3520 60 40 H.
2287 3519 107 40 Van

439 3576 363 49 Valkenburgh,
837 3577 281 48 Southport,
1154 3577 148 40 Conn.
1374 3577 253 48 (33-1844)

367 3678 275 67 Wallace,
675 3680 222 66 Edgar,
931 3681 329 55 1875-1932.

438 3757 122 55 The
600 3755 332 71 frightened
968 3757 154 70 lady,
1161 3757 75 69 by
1274 3756 203 70 Edgar
1513 3757 267 53 Wallace.
1855 3756 259 68 London,
2152 3756 131 52 Hod
2293 3756 98 53 der

367 3835 115 55 and
517 3835 345 68 Stoughton,
898 3838 151 50 1932.

435 3906 88 42 312
549 3917 45 39 p.
679 3906 27 42 19
710 3909 43 22 cm
758 3939 10 10 .

373 3969 2018 53 © 1c. Jan. 7, 1933: A ad int. 17406: pubd. Jan. 5; Ethel Violet Wallace,
440 4031 215 40 London.
727 4030 253 50 (33-2641)
