2582 4453
1286 4148 135 50 1228

419 542 101 41 One
547 542 52 40 of
624 543 83 39 the
734 544 158 45 plates
922 539 345 49 accompanied
1295 541 60 48 by
1381 542 156 46 guard
1566 541 137 40 sheet
1730 540 122 41 with
1880 540 295 48 descriptive
2201 541 165 40 letter-

346 609 150 37 press.

347 655 1907 52 © Aug. 24, 1933; 2c. and aff. Aug. 26; A 65054; W. B. Saunders co.
428 716 282 48 (33-23078)

340 821 187 64 Hunt,
563 820 172 65 Cecil,
771 822 173 50 1902-

417 900 207 67 Paddy
662 901 94 52 for
789 918 170 48 news,
996 918 31 34 a
1062 900 168 52 novel
1266 899 74 68 by
1377 898 157 57 Cecil
1568 901 184 51 Hunt.
1829 900 261 67 London,
2124 900 242 53 Hodder

345 983 45 50 &
420 980 346 67 Stoughton,
792 979 242 68 limited,
1065 983 152 51 1933.

416 1054 86 40 320
535 1064 29 37 p.
639 1053 55 40 19
698 1056 43 20 cm
748 1087 7 7 .

349 1108 2019 52 © 1c. Aug. 25, 1933; A ad int. 18136; pubd. June 29: C. Hunt. London.
427 1170 282 49 (33-23915)

347 1260 417 68 [Hutchinson,
793 1263 225 53 Robert
1049 1262 180 68 Hare]
1267 1261 174 54 1887-

418 1343 121 53 The
568 1343 245 52 doctor’s
840 1341 125 54 first
992 1343 249 66 murder,
1267 1341 77 68 by
1372 1340 216 54 Robert
1616 1343 161 51 Hare
1835 1341 209 68 [pseud.]
2083 1386 56 9 …
347 1343 1994 138 London,
507 1423 187 51 Hurst
724 1425 45 49 &
799 1422 285 55 Blackett,
1113 1422 103 53 ltd.
1274 1425 153 64 [1933]

418 1495 752 48 3 p. l., 11-288 p. 1 illus. 19½cm.
350 1550 2023 52 © 1c. Aug. 19, 1933; A ad int. 18145; pubd. July 28; Longmans, Green &
421 1623 82 35 co.,
534 1613 118 38 New
683 1612 145 40 York.
902 1610 284 48 (33-23919)

344 1702 244 54 Illinois.
663 1704 185 66 Laws,
879 1709 261 61 statutes,
1170 1709 100 48 etc.

414 1781 248 53 Revised
695 1786 243 49 statutes
972 1781 63 52 of
1068 1782 95 52 the
1197 1786 147 49 state
1378 1780 344 67 ofIllinois,
1757 1781 330 68 embracing
2123 1784 78 50 all

345 1801 1993 113 general
498 1863 139 51 laws
672 1861 63 52 of
768 1862 96 52 the
891 1866 151 51 state
1077 1860 63 53 of
1174 1860 230 53 Illinois
1441 1861 250 67 adopted
1729 1860 113 52 and
1879 1861 294 68 approved
2208 1861 161 69 prior

343 1945 60 47 to
442 1941 229 67 August
714 1945 45 62 1,
801 1942 153 59 1933,
992 1939 285 68 compiled
1318 1940 112 52 and
1471 1940 192 52 edited
1702 1940 75 66 by
1816 1940 195 54 James
2053 1941 61 55 C.
2157 1939 210 55 Cahill.

346 2022 135 50 1933
527 2020 104 56 ed.,
676 2019 75 69 by
798 2019 162 52 Basil
1003 2021 177 53 Jones
1231 2062 56 8 …
1370 2017 272 71 Chicago,
1690 2018 326 70 Callaghan
2062 2019 114 52 and
343 2037 2000 132 company,
547 2102 152 50 1933.

419 2186 44 36 v,
493 2174 130 47 3067,
653 2173 176 40 lxxxix
858 2184 44 38 p.
962 2173 57 41 27
1022 2175 45 21 cm
1072 2206 7 7 .

420 2233 228 40 Lettered
679 2242 59 29 on
767 2241 142 30 cover:
969 2231 166 47 Keyed
1167 2232 49 38 to
1246 2229 282 40 Annotated
1557 2232 215 38 statutes:
1834 2229 314 47 Callaghan’s
2179 2228 192 42 Illinois

347 2290 157 48 digest;
567 2288 191 41 Illinois
787 2290 108 38 text
923 2287 162 41 books.

420 2348 179 38 “Table
625 2346 53 40 of
705 2344 253 42 contents''
989 2356 59 29 on
1076 2344 137 40 front
1241 2343 341 49 lining-paper.

352 2400 1821 52 © Aug. 19. 1933; 2c. and aff. Aug. 23; A 63939; Callaghan & co.
429 2461 283 50 (33-23030)

343 2550 518 67 Joseph-Renaud,
893 2552 168 66 Jean,
1099 2552 172 52 1874-

422 2674 55 8 …
530 2631 334 53 New-York
909 2628 292 68 flamboie;
1252 2630 233 68 préface
1530 2630 259 54 d’André
1835 2630 270 53 Tardieu.
2182 2630 186 69 Paris,

345 2711 304 67 Fasquelle
681 2713 173 64 [1931]

417 2785 88 40 200
530 2796 43 37 p,
630 2784 56 41 19
690 2787 14 20 cm

421 2842 64 39 At
513 2843 122 38 head
667 2840 52 41 of
748 2840 109 41 title:
916 2841 43 39 J.
988 2840 424 47 Joseph-Renaud.

352 2895 2017 53 © Oct. 30. 1931; 1c. Hay 9, 1932; A-Foreign 16824: J. Joseph-Renaud,
419 2957 155 40 Paris.
647 2957 253 47 (32-7875)

351 3047 267 65 Leblanc,
649 3044 284 67 Maurice,
970 3048 173 50 1864-

420 3127 121 51 The
573 3130 195 48 return
800 3125 64 52 of
891 3126 218 52 Arsène
1139 3123 212 69 Lupin,
1378 3125 78 67 by
1481 3124 257 55 Maurice
1768 3126 263 52 Leblanc.
2108 3127 258 66 London,

352 3203 353 69 Skeffington
735 3207 50 49 &
817 3223 119 44 son,
965 3205 103 55 ltd.
1107 3208 173 64 [1933]

419 3278 25 40 3
475 3289 29 38 p
567 3311 7 6 l.,
619 3277 187 43 xi-xiii.
837 3277 173 42 15-288
1037 3288 44 38 p.
1143 3277 55 41 19½
1230 3280 44 21 cm
1280 3308 7 7 .

351 3321 2016 63 © 1c. Aug. 22, 1933; A ad int. 1 8126; pubd. June 23; Patience Henrietta
423 3395 141 47 Mary
594 3394 172 48 Ropes,
798 3394 212 39 London.
1083 3393 283 48 (33-23922)

345 3481 212 67 Lewis,
589 3482 228 67 Edwin,
851 3487 173 49 1881-

419 3562 178 55 Great
647 3560 296 55 Christian
991 3562 324 68 teachings;
1366 3581 29 33 a
1442 3562 149 54 book
1638 3562 94 54 for
1777 3564 173 67 study
1997 3566 202 51 classes
2251 3598 12 34 t
2268 3564 92 67 by]

349 3640 208 54 Edwin
594 3640 185 54 Lewis
821 3685 54 7 …
952 3641 139 52 New
1127 3641 180 67 York,
1343 3640 333 56 Cincinnati
1716 3649 138 61 [etc.]
1895 3643 122 51 The
2050 3642 316 54 Methodist

346 3720 147 53 book
526 3738 239 36 concern
805 3753 11 35 [
822 3726 18 21 c
847 3723 151 65 1933]

415 3796 82 39 121
532 3808 42 36 p.
635 3798 55 37 17½cm.

421 3853 285 48 “Approved
733 3854 61 47 by
819 3854 81 39 the
926 3853 289 41 Committee
1241 3864 58 30 on
1328 3854 297 41 curriculum
1653 3855 52 40 of
1732 3855 82 40 the
1840 3855 163 40 Board
2030 3856 52 40 of
2108 3855 258 40 education

347 3910 51 39 of
427 3911 82 39 the
538 3911 266 39 Methodist
837 3910 257 49 Episcopal
1124 3911 227 41 church.”

420 3968 412 39 “Recommended
865 3968 256 46 readings":
1183 3980 40 37 p.
1257 3969 96 40 107.

353 4018 2011 56 © June 26. 1933; 2c. and aff. Aug. 9: A 64678: E. Lewis, Madison. N. J.
429 4081 282 49 (33-23039)
