<alto xmlns="http://www.loc.gov/standards/alto/ns-v3#" xmlns:xsi="http://www.w3.org/2001/XMLSchema-instance" xsi:schemaLocation="http://www.loc.gov/standards/alto/ns-v3# http://www.loc.gov/alto/v3/alto-3-0.xsd"><Description>
<MeasurementUnit>pixel</MeasurementUnit>
<sourceImageInformation>
<fileName>1933_v1_Part1.pdf</fileName>
</sourceImageInformation>
<OCRProcessing ID="IdOcr">
<ocrProcessingStep>
<processingDateTime>2019-01-03</processingDateTime>
<processingSoftware>
<softwareCreator>ABBYY</softwareCreator>
<softwareName>ABBYY Recognition Server</softwareName>
<softwareVersion>4.0</softwareVersion>
</processingSoftware>
</ocrProcessingStep>
</OCRProcessing>
</Description>
<Styles>
<ParagraphStyle ALIGN="Left" FIRSTLINE="0." ID="StyleId-FFFFFFFF-FFFF-FFFF-FFFF-FFFFFFFFFFFF-" LEFT="0." RIGHT="0." />
<ParagraphStyle ALIGN="Left" FIRSTLINE="0." ID="StyleId-6EF5737A-DCEB-4126-A0CF-C5930BF7166A-" LEFT="0." LINESPACE="8.300000191" RIGHT="0." />
<ParagraphStyle ALIGN="Left" FIRSTLINE="0." ID="StyleId-2DE44258-FD0B-41E1-B542-087C989B01A3-" LEFT="0." LINESPACE="12.19999981" RIGHT="0." />
<ParagraphStyle ALIGN="Left" FIRSTLINE="-14." ID="StyleId-CE3D254A-29D7-4DD7-B5F1-E0FC0EF29B05-" LEFT="0." LINESPACE="8.619999886" RIGHT="0." />
<ParagraphStyle ALIGN="Left" FIRSTLINE="-14." ID="StyleId-C0E3A137-CE4F-4287-8A90-B599106709D0-" LEFT="0." LINESPACE="12.19999981" RIGHT="0." />
<ParagraphStyle ALIGN="Left" FIRSTLINE="-14." ID="StyleId-50F26F0C-05DA-4C19-BA58-7A6AC4499BEE-" LEFT="0." LINESPACE="11.06999969" RIGHT="0." />
<ParagraphStyle ALIGN="Center" FIRSTLINE="0." ID="StyleId-5DDE65AF-512C-41E2-9B8E-095D6D99EF68-" LEFT="0." LINESPACE="11.89999962" RIGHT="0." />
<ParagraphStyle ALIGN="Left" FIRSTLINE="0." ID="StyleId-0A81D7A5-6A62-4C52-915E-7768974C704D-" LEFT="0." LINESPACE="9.399999619" RIGHT="0." />
<ParagraphStyle ALIGN="Block" FIRSTLINE="-13." ID="StyleId-F7A0127F-6B48-4157-BB81-FE33E1E1A05B-" LEFT="0." LINESPACE="10.63000011" RIGHT="0." />
<ParagraphStyle ALIGN="Left" FIRSTLINE="0." ID="StyleId-E18C69F7-DBD7-48B1-805C-FCD96D0DA019-" LEFT="0." LINESPACE="11.64000034" RIGHT="0." />
<ParagraphStyle ALIGN="Left" FIRSTLINE="-14." ID="StyleId-98F15501-B611-4E83-8BB3-807E891F11F5-" LEFT="0." LINESPACE="12.19999981" RIGHT="0." />
<ParagraphStyle ALIGN="Left" FIRSTLINE="0." ID="StyleId-F4A78626-0BBC-4D12-94D9-A1AE75A9855F-" LEFT="0." LINESPACE="9.399999619" RIGHT="0." />
<ParagraphStyle ALIGN="Left" FIRSTLINE="0." ID="StyleId-6A3F6F4C-D21B-4ADE-902F-7683F18ECEF3-" LEFT="0." LINESPACE="11.10000038" RIGHT="0." />
</Styles>
<Layout>
<Page HEIGHT="4453" ID="Page492" PHYSICAL_IMG_NR="492" WIDTH="2582">
<TopMargin HEIGHT="430" HPOS="0" VPOS="0" WIDTH="2582">
</TopMargin>
<LeftMargin HEIGHT="3656" HPOS="0" VPOS="430" WIDTH="306">
</LeftMargin>
<RightMargin HEIGHT="3656" HPOS="2374" VPOS="430" WIDTH="208">
</RightMargin>
<BottomMargin HEIGHT="367" HPOS="0" VPOS="4086" WIDTH="2582">
<TextBlock HEIGHT="72" HPOS="1282" ID="Page492_Block1" LANG="en-US" STYLEREFS="StyleId-81995D45-C711-467B-9D60-296E7889F1F0-" VPOS="4122" WIDTH="126">
<TextLine HEIGHT="50" HPOS="1293" VPOS="4133" WIDTH="105">
<String CONTENT="492" HEIGHT="50" HPOS="1293" VPOS="4133" WIDTH="105" />
</TextLine>
</TextBlock>
</BottomMargin>
<PrintSpace HEIGHT="3656" HPOS="306" VPOS="430" WIDTH="2068">
<TextBlock CS="1" HEIGHT="3656" HPOS="306" ID="Page492_Block2" LANG="en-US" STYLEREFS="StyleId-20BA72ED-AC89-468B-B6C3-A6A3E643A9C4-" VPOS="430" WIDTH="2068">
<TextLine HEIGHT="73" HPOS="317" STYLEREFS="StyleId-5D028662-79AA-453E-A88E-0BA3B49CEC64-" VPOS="518" WIDTH="2022">
<String CONTENT="Good" HEIGHT="55" HPOS="317" VPOS="522" WIDTH="166" />
<SP HEIGHT="52" HPOS="484" VPOS="523" WIDTH="43" />
<String CONTENT="English," HEIGHT="69" HPOS="528" VPOS="522" WIDTH="267" />
<SP HEIGHT="67" HPOS="796" VPOS="522" WIDTH="40" />
<String CONTENT="book" HEIGHT="53" HPOS="837" VPOS="521" WIDTH="149" />
<SP HEIGHT="53" HPOS="987" VPOS="521" WIDTH="39" />
<String CONTENT="one," HEIGHT="50" HPOS="1027" VPOS="539" WIDTH="123" />
<SP HEIGHT="67" HPOS="1151" VPOS="522" WIDTH="40" />
<String CONTENT="The" HEIGHT="52" HPOS="1192" VPOS="521" WIDTH="123" />
<SP HEIGHT="34" HPOS="1316" VPOS="539" WIDTH="38" />
<String CONTENT="mechanics" HEIGHT="54" HPOS="1355" VPOS="519" WIDTH="321" />
<SP HEIGHT="35" HPOS="1677" VPOS="538" WIDTH="42" />
<String CONTENT="of" HEIGHT="55" HPOS="1720" VPOS="518" WIDTH="64" />
<SP HEIGHT="55" HPOS="1785" VPOS="518" WIDTH="40" />
<String CONTENT="composition," HEIGHT="68" HPOS="1826" VPOS="519" WIDTH="397" />
<SP HEIGHT="69" HPOS="2224" VPOS="518" WIDTH="40" />
<String CONTENT="by" HEIGHT="70" HPOS="2265" VPOS="518" WIDTH="74" />
</TextLine>
<TextLine HEIGHT="74" HPOS="317" STYLEREFS="StyleId-5D028662-79AA-453E-A88E-0BA3B49CEC64-" VPOS="598" WIDTH="2025">
<String CONTENT="Henry" HEIGHT="70" HPOS="317" VPOS="602" WIDTH="208" />
<SP HEIGHT="71" HPOS="526" VPOS="601" WIDTH="37" />
<String CONTENT="Seidel" HEIGHT="56" HPOS="564" VPOS="601" WIDTH="193" />
<SP HEIGHT="55" HPOS="758" VPOS="602" WIDTH="34" />
<String CONTENT="Canby" HEIGHT="68" HPOS="793" VPOS="602" WIDTH="204" />
<SP HEIGHT="50" HPOS="998" VPOS="620" WIDTH="35" />
<String CONTENT="and" HEIGHT="52" HPOS="1034" VPOS="601" WIDTH="113" />
<SP HEIGHT="55" HPOS="1148" VPOS="601" WIDTH="36" />
<String CONTENT="John" HEIGHT="56" HPOS="1185" VPOS="600" WIDTH="157" />
<SP HEIGHT="50" HPOS="1343" VPOS="603" WIDTH="37" />
<String CONTENT="Baker" HEIGHT="53" HPOS="1381" VPOS="600" WIDTH="191" />
<SP HEIGHT="55" HPOS="1573" VPOS="600" WIDTH="37" />
<String CONTENT="Opdycke." HEIGHT="70" HPOS="1611" VPOS="598" WIDTH="295" />
<SP HEIGHT="53" HPOS="1907" VPOS="599" WIDTH="74" />
<String CONTENT="New" HEIGHT="53" HPOS="1982" VPOS="599" WIDTH="140" />
<SP HEIGHT="52" HPOS="2123" VPOS="600" WIDTH="35" />
<String CONTENT="York," HEIGHT="67" HPOS="2159" VPOS="598" WIDTH="183" />
</TextLine>
<TextLine HEIGHT="67" HPOS="317" STYLEREFS="StyleId-5D028662-79AA-453E-A88E-0BA3B49CEC64-" VPOS="682" WIDTH="1000">
<String CONTENT="The" HEIGHT="53" HPOS="317" VPOS="683" WIDTH="124" />
<SP HEIGHT="52" HPOS="442" VPOS="684" WIDTH="23" />
<String CONTENT="Macmillan" HEIGHT="54" HPOS="466" VPOS="682" WIDTH="339" />
<SP HEIGHT="33" HPOS="806" VPOS="700" WIDTH="26" />
<String CONTENT="company," HEIGHT="50" HPOS="833" VPOS="699" WIDTH="302" />
<SP HEIGHT="65" HPOS="1136" VPOS="683" WIDTH="28" />
<String CONTENT="1933." HEIGHT="50" HPOS="1165" VPOS="683" WIDTH="152" />
</TextLine>
<TextLine CS="1" HEIGHT="73" HPOS="392" VPOS="734" WIDTH="1082">
<String CONTENT="xii" HEIGHT="41" HPOS="392" VPOS="757" WIDTH="72" />
<SP HEIGHT="49" HPOS="465" VPOS="758" WIDTH="24" />
<String CONTENT="p.," HEIGHT="37" HPOS="490" VPOS="770" WIDTH="57" />
<SP HEIGHT="47" HPOS="548" VPOS="757" WIDTH="27" />
<String CONTENT="1" HEIGHT="39" HPOS="576" VPOS="757" WIDTH="25" />
<SP HEIGHT="70" HPOS="602" VPOS="734" WIDTH="23" />
<String CONTENT="l.," CS="1" />
<SP HEIGHT="70" HPOS="678" VPOS="734" WIDTH="24" />
<String CONTENT="626" HEIGHT="41" HPOS="703" VPOS="755" WIDTH="87" />
<SP HEIGHT="49" HPOS="791" VPOS="755" WIDTH="23" />
<String CONTENT="p." HEIGHT="37" HPOS="815" VPOS="767" WIDTH="44" />
<SP HEIGHT="40" HPOS="860" VPOS="756" WIDTH="54" />
<String CONTENT="illus.," HEIGHT="48" HPOS="915" VPOS="756" WIDTH="145" />
<SP HEIGHT="48" HPOS="1061" VPOS="756" WIDTH="26" />
<String CONTENT="diagrs." HEIGHT="49" HPOS="1088" VPOS="754" WIDTH="184" />
<SP HEIGHT="41" HPOS="1273" VPOS="754" WIDTH="53" />
<String CONTENT="20&#189;" CS="1" HEIGHT="40" HPOS="1327" VPOS="754" WIDTH="58" />
<String CONTENT="cm" HEIGHT="21" HPOS="1416" STYLE="superscript" VPOS="756" WIDTH="45" />
<String CONTENT="." HEIGHT="9" HPOS="1466" VPOS="786" WIDTH="8" />
</TextLine>
<TextLine CS="1" HEIGHT="54" HPOS="326" VPOS="810" WIDTH="2020">
<String CONTENT="&#169;" HEIGHT="53" HPOS="326" VPOS="811" WIDTH="53" />
<SP HEIGHT="53" HPOS="380" VPOS="811" WIDTH="31" />
<String CONTENT="Mar." HEIGHT="39" HPOS="412" VPOS="817" WIDTH="124" />
<SP HEIGHT="42" HPOS="537" VPOS="814" WIDTH="30" />
<String CONTENT="28," HEIGHT="48" HPOS="568" VPOS="814" WIDTH="70" />
<SP HEIGHT="47" HPOS="639" VPOS="815" WIDTH="33" />
<String CONTENT="1933;" HEIGHT="49" HPOS="673" VPOS="812" WIDTH="142" />
<SP HEIGHT="48" HPOS="816" VPOS="813" WIDTH="33" />
<String CONTENT="2c." HEIGHT="40" HPOS="850" VPOS="813" WIDTH="68" />
<SP HEIGHT="29" HPOS="919" VPOS="824" WIDTH="34" />
<String CONTENT="and" HEIGHT="39" HPOS="954" VPOS="814" WIDTH="95" />
<SP HEIGHT="39" HPOS="1050" VPOS="814" WIDTH="33" />
<String CONTENT="aff." HEIGHT="41" HPOS="1084" VPOS="812" WIDTH="81" />
<SP HEIGHT="39" HPOS="1166" VPOS="814" WIDTH="34" />
<String CONTENT="Mar." HEIGHT="38" HPOS="1201" VPOS="814" WIDTH="122" />
<SP HEIGHT="39" HPOS="1324" VPOS="812" WIDTH="33" />
<String CONTENT="29;" CS="1" HEIGHT="41" HPOS="1358" VPOS="811" WIDTH="56" />
<SP HEIGHT="46" HPOS="1442" VPOS="812" WIDTH="36" />
<String CONTENT="A" HEIGHT="39" HPOS="1479" VPOS="812" WIDTH="41" />
<SP HEIGHT="40" HPOS="1521" VPOS="812" WIDTH="31" />
<String CONTENT="61128;" HEIGHT="47" HPOS="1553" VPOS="812" WIDTH="172" />
<SP HEIGHT="47" HPOS="1726" VPOS="812" WIDTH="36" />
<String CONTENT="Henry" HEIGHT="47" HPOS="1763" VPOS="812" WIDTH="169" />
<SP HEIGHT="49" HPOS="1933" VPOS="810" WIDTH="35" />
<String CONTENT="Seidel" HEIGHT="41" HPOS="1969" VPOS="810" WIDTH="159" />
<SP HEIGHT="41" HPOS="2129" VPOS="810" WIDTH="34" />
<String CONTENT="Canby," HEIGHT="49" HPOS="2164" VPOS="810" WIDTH="182" />
</TextLine>
<TextLine HEIGHT="51" HPOS="395" VPOS="868" WIDTH="1951">
<String CONTENT="John" HEIGHT="41" HPOS="395" VPOS="872" WIDTH="130" />
<SP HEIGHT="39" HPOS="526" VPOS="873" WIDTH="28" />
<String CONTENT="Baker" HEIGHT="40" HPOS="555" VPOS="872" WIDTH="163" />
<SP HEIGHT="40" HPOS="719" VPOS="871" WIDTH="29" />
<String CONTENT="Opdycke," HEIGHT="49" HPOS="749" VPOS="870" WIDTH="242" />
<SP HEIGHT="48" HPOS="992" VPOS="871" WIDTH="28" />
<String CONTENT="New" HEIGHT="39" HPOS="1021" VPOS="871" WIDTH="119" />
<SP HEIGHT="40" HPOS="1141" VPOS="870" WIDTH="27" />
<String CONTENT="York," HEIGHT="48" HPOS="1169" VPOS="870" WIDTH="145" />
<SP HEIGHT="37" HPOS="1315" VPOS="881" WIDTH="29" />
<String CONTENT="and" HEIGHT="39" HPOS="1345" VPOS="872" WIDTH="96" />
<SP HEIGHT="40" HPOS="1442" VPOS="871" WIDTH="30" />
<String CONTENT="Margaret" HEIGHT="47" HPOS="1473" VPOS="871" WIDTH="252" />
<SP HEIGHT="41" HPOS="1726" VPOS="869" WIDTH="31" />
<String CONTENT="Gillum," HEIGHT="49" HPOS="1758" VPOS="868" WIDTH="198" />
<SP HEIGHT="47" HPOS="1957" VPOS="870" WIDTH="28" />
<String CONTENT="Terre" HEIGHT="38" HPOS="1986" VPOS="870" WIDTH="151" />
<SP HEIGHT="40" HPOS="2138" VPOS="868" WIDTH="28" />
<String CONTENT="Haute," HEIGHT="43" HPOS="2167" VPOS="868" WIDTH="179" />
</TextLine>
<TextLine HEIGHT="40" HPOS="394" VPOS="931" WIDTH="108">
<String CONTENT="Ind." HEIGHT="40" HPOS="394" VPOS="931" WIDTH="108" />
</TextLine>
<TextLine HEIGHT="69" HPOS="322" STYLEREFS="StyleId-5E85903D-33C0-4EB1-969E-F22F620F82B0-" VPOS="1018" WIDTH="1077">
<String CONTENT="Chase," HEIGHT="68" HPOS="322" VPOS="1019" WIDTH="211" />
<SP HEIGHT="65" HPOS="534" VPOS="1022" WIDTH="28" />
<String CONTENT="Joseph" HEIGHT="64" HPOS="563" VPOS="1021" WIDTH="223" />
<SP HEIGHT="54" HPOS="787" VPOS="1021" WIDTH="33" />
<String CONTENT="Cummings," HEIGHT="67" HPOS="821" VPOS="1018" WIDTH="369" />
<SP HEIGHT="61" HPOS="1191" VPOS="1024" WIDTH="34" />
<String CONTENT="1878-" HEIGHT="55" HPOS="1226" VPOS="1020" WIDTH="173" />
</TextLine>
<TextLine CS="1" HEIGHT="73" HPOS="395" STYLEREFS="StyleId-5D028662-79AA-453E-A88E-0BA3B49CEC64-" VPOS="1096" WIDTH="1949">
<String CONTENT="My" HEIGHT="68" HPOS="395" VPOS="1101" WIDTH="105" />
<SP HEIGHT="69" HPOS="501" VPOS="1100" WIDTH="33" />
<String CONTENT="friends" HEIGHT="56" HPOS="535" VPOS="1099" WIDTH="222" />
<SP HEIGHT="54" HPOS="758" VPOS="1101" WIDTH="32" />
<String CONTENT="look" HEIGHT="53" HPOS="791" VPOS="1100" WIDTH="134" />
<SP HEIGHT="69" HPOS="926" VPOS="1100" WIDTH="31" />
<String CONTENT="good" HEIGHT="69" HPOS="958" VPOS="1100" WIDTH="149" />
<SP HEIGHT="53" HPOS="1108" VPOS="1100" WIDTH="32" />
<String CONTENT="to" HEIGHT="47" HPOS="1141" VPOS="1105" WIDTH="60" />
<SP HEIGHT="34" HPOS="1202" VPOS="1119" WIDTH="32" />
<String CONTENT="me" HEIGHT="34" HPOS="1235" VPOS="1119" WIDTH="90" />
<SP HEIGHT="49" HPOS="1326" VPOS="1119" WIDTH="37" />
<String CONTENT="[by]" CS="1" HEIGHT="69" HPOS="1364" VPOS="1099" WIDTH="93" />
<SP HEIGHT="66" HPOS="1475" VPOS="1101" WIDTH="37" />
<String CONTENT="Joseph" HEIGHT="67" HPOS="1513" VPOS="1100" WIDTH="220" />
<SP HEIGHT="55" HPOS="1734" VPOS="1100" WIDTH="34" />
<String CONTENT="Cummings" HEIGHT="71" HPOS="1769" VPOS="1096" WIDTH="339" />
<SP HEIGHT="55" HPOS="2109" VPOS="1099" WIDTH="35" />
<String CONTENT="Chase." HEIGHT="56" HPOS="2145" VPOS="1098" WIDTH="199" />
</TextLine>
<TextLine CS="1" HEIGHT="70" HPOS="324" STYLEREFS="StyleId-5D028662-79AA-453E-A88E-0BA3B49CEC64-" VPOS="1178" WIDTH="1463">
<String CONTENT="New" HEIGHT="55" HPOS="324" VPOS="1179" WIDTH="141" />
<SP HEIGHT="53" HPOS="466" VPOS="1181" WIDTH="28" />
<String CONTENT="York," HEIGHT="67" HPOS="495" VPOS="1180" WIDTH="181" />
<SP HEIGHT="67" HPOS="677" VPOS="1180" WIDTH="31" />
<String CONTENT="Sears" HEIGHT="56" HPOS="709" VPOS="1180" WIDTH="168" />
<SP HEIGHT="50" HPOS="878" VPOS="1197" WIDTH="29" />
<String CONTENT="publishing" HEIGHT="70" HPOS="908" VPOS="1178" WIDTH="338" />
<SP HEIGHT="50" HPOS="1247" VPOS="1198" WIDTH="28" />
<String CONTENT="company" HEIGHT="50" HPOS="1276" VPOS="1197" WIDTH="283" />
<SP HEIGHT="49" HPOS="1560" VPOS="1198" WIDTH="33" />
<String CONTENT="[" CS="1" />
<String CONTENT="c" HEIGHT="20" HPOS="1612" STYLE="superscript" VPOS="1185" WIDTH="18" />
<String CONTENT="1933]" HEIGHT="64" HPOS="1636" VPOS="1183" WIDTH="151" />
</TextLine>
<TextLine CS="1" HEIGHT="49" HPOS="465" VPOS="1254" WIDTH="951">
<String CONTENT="xv," CS="1" HEIGHT="16" HPOS="465" VPOS="1287" WIDTH="9" />
<SP HEIGHT="47" HPOS="475" VPOS="1256" WIDTH="26" />
<String CONTENT="302" HEIGHT="42" HPOS="502" VPOS="1254" WIDTH="86" />
<SP HEIGHT="48" HPOS="589" VPOS="1255" WIDTH="24" />
<String CONTENT="p." HEIGHT="37" HPOS="614" VPOS="1266" WIDTH="43" />
<SP HEIGHT="39" HPOS="658" VPOS="1255" WIDTH="60" />
<String CONTENT="front.," HEIGHT="47" HPOS="719" VPOS="1255" WIDTH="165" />
<SP HEIGHT="47" HPOS="885" VPOS="1255" WIDTH="28" />
<String CONTENT="illus.," HEIGHT="48" HPOS="914" VPOS="1254" WIDTH="143" />
<SP HEIGHT="37" HPOS="1058" VPOS="1265" WIDTH="28" />
<String CONTENT="ports." HEIGHT="46" HPOS="1087" VPOS="1256" WIDTH="150" />
<SP HEIGHT="40" HPOS="1238" VPOS="1254" WIDTH="58" />
<String CONTENT="21" HEIGHT="39" HPOS="1297" VPOS="1254" WIDTH="56" />
<String CONTENT="cm" HEIGHT="21" HPOS="1357" STYLE="superscript" VPOS="1256" WIDTH="44" />
<String CONTENT="." HEIGHT="8" HPOS="1407" VPOS="1286" WIDTH="9" />
</TextLine>
<TextLine HEIGHT="49" HPOS="398" VPOS="1312" WIDTH="803">
<String CONTENT="Caricatures" HEIGHT="41" HPOS="398" VPOS="1313" WIDTH="316" />
<SP HEIGHT="29" HPOS="715" VPOS="1324" WIDTH="27" />
<String CONTENT="on" HEIGHT="33" HPOS="743" VPOS="1324" WIDTH="63" />
<SP HEIGHT="44" HPOS="807" VPOS="1313" WIDTH="26" />
<String CONTENT="lining-papers." HEIGHT="49" HPOS="834" VPOS="1312" WIDTH="367" />
</TextLine>
<TextLine HEIGHT="53" HPOS="330" VPOS="1368" WIDTH="2022">
<String CONTENT="&#169;" HEIGHT="53" HPOS="330" VPOS="1368" WIDTH="53" />
<SP HEIGHT="53" HPOS="384" VPOS="1368" WIDTH="28" />
<String CONTENT="Mar." HEIGHT="40" HPOS="413" VPOS="1373" WIDTH="123" />
<SP HEIGHT="40" HPOS="537" VPOS="1373" WIDTH="29" />
<String CONTENT="15," HEIGHT="47" HPOS="567" VPOS="1372" WIDTH="68" />
<SP HEIGHT="47" HPOS="636" VPOS="1372" WIDTH="29" />
<String CONTENT="1933;" HEIGHT="47" HPOS="666" VPOS="1371" WIDTH="142" />
<SP HEIGHT="46" HPOS="809" VPOS="1372" WIDTH="30" />
<String CONTENT="2c." HEIGHT="41" HPOS="840" VPOS="1372" WIDTH="68" />
<SP HEIGHT="40" HPOS="909" VPOS="1373" WIDTH="29" />
<String CONTENT="Mar." HEIGHT="39" HPOS="939" VPOS="1373" WIDTH="125" />
<SP HEIGHT="41" HPOS="1065" VPOS="1371" WIDTH="27" />
<String CONTENT="18;" HEIGHT="47" HPOS="1093" VPOS="1371" WIDTH="83" />
<SP HEIGHT="37" HPOS="1177" VPOS="1381" WIDTH="31" />
<String CONTENT="aff." HEIGHT="43" HPOS="1209" VPOS="1370" WIDTH="84" />
<SP HEIGHT="41" HPOS="1294" VPOS="1371" WIDTH="29" />
<String CONTENT="Mar." HEIGHT="39" HPOS="1324" VPOS="1371" WIDTH="124" />
<SP HEIGHT="39" HPOS="1449" VPOS="1371" WIDTH="28" />
<String CONTENT="17;" HEIGHT="46" HPOS="1478" VPOS="1371" WIDTH="82" />
<SP HEIGHT="46" HPOS="1561" VPOS="1371" WIDTH="32" />
<String CONTENT="A" HEIGHT="39" HPOS="1594" VPOS="1371" WIDTH="41" />
<SP HEIGHT="40" HPOS="1636" VPOS="1370" WIDTH="28" />
<String CONTENT="60697;" HEIGHT="49" HPOS="1665" VPOS="1368" WIDTH="172" />
<SP HEIGHT="48" HPOS="1838" VPOS="1369" WIDTH="32" />
<String CONTENT="J." HEIGHT="41" HPOS="1871" VPOS="1369" WIDTH="44" />
<SP HEIGHT="41" HPOS="1916" VPOS="1369" WIDTH="30" />
<String CONTENT="C." HEIGHT="41" HPOS="1947" VPOS="1369" WIDTH="50" />
<SP HEIGHT="41" HPOS="1998" VPOS="1369" WIDTH="31" />
<String CONTENT="Chase," HEIGHT="47" HPOS="2030" VPOS="1369" WIDTH="171" />
<SP HEIGHT="47" HPOS="2202" VPOS="1369" WIDTH="30" />
<String CONTENT="New" HEIGHT="40" HPOS="2233" VPOS="1369" WIDTH="119" />
</TextLine>
<TextLine HEIGHT="50" HPOS="398" VPOS="1428" WIDTH="474">
<String CONTENT="York." HEIGHT="40" HPOS="398" VPOS="1430" WIDTH="146" />
<SP HEIGHT="49" HPOS="545" VPOS="1429" WIDTH="71" />
<String CONTENT="(33-9429)" HEIGHT="50" HPOS="617" VPOS="1428" WIDTH="255" />
</TextLine>
<TextLine HEIGHT="67" HPOS="325" STYLEREFS="StyleId-5E85903D-33C0-4EB1-969E-F22F620F82B0-" VPOS="1505" WIDTH="1082">
<String CONTENT="Chesterton," HEIGHT="65" HPOS="325" VPOS="1506" WIDTH="381" />
<SP HEIGHT="64" HPOS="707" VPOS="1507" WIDTH="29" />
<String CONTENT="Gilbert" HEIGHT="56" HPOS="737" VPOS="1505" WIDTH="228" />
<SP HEIGHT="53" HPOS="966" VPOS="1507" WIDTH="30" />
<String CONTENT="Keith," HEIGHT="67" HPOS="997" VPOS="1505" WIDTH="203" />
<SP HEIGHT="60" HPOS="1201" VPOS="1512" WIDTH="31" />
<String CONTENT="1874-" HEIGHT="55" HPOS="1233" VPOS="1507" WIDTH="174" />
</TextLine>
<TextLine HEIGHT="71" HPOS="401" STYLEREFS="StyleId-5D028662-79AA-453E-A88E-0BA3B49CEC64-" VPOS="1583" WIDTH="1947">
<String CONTENT="All" HEIGHT="54" HPOS="401" VPOS="1584" WIDTH="103" />
<SP HEIGHT="52" HPOS="505" VPOS="1586" WIDTH="34" />
<String CONTENT="I" HEIGHT="51" HPOS="540" VPOS="1587" WIDTH="32" />
<SP HEIGHT="51" HPOS="573" VPOS="1587" WIDTH="35" />
<String CONTENT="survey," HEIGHT="50" HPOS="609" VPOS="1604" WIDTH="226" />
<SP HEIGHT="50" HPOS="836" VPOS="1604" WIDTH="34" />
<String CONTENT="a" HEIGHT="35" HPOS="871" VPOS="1604" WIDTH="32" />
<SP HEIGHT="53" HPOS="904" VPOS="1586" WIDTH="35" />
<String CONTENT="book" HEIGHT="53" HPOS="940" VPOS="1586" WIDTH="150" />
<SP HEIGHT="53" HPOS="1091" VPOS="1586" WIDTH="33" />
<String CONTENT="of" HEIGHT="54" HPOS="1125" VPOS="1585" WIDTH="65" />
<SP HEIGHT="53" HPOS="1191" VPOS="1585" WIDTH="33" />
<String CONTENT="essays" HEIGHT="48" HPOS="1225" VPOS="1604" WIDTH="188" />
<SP HEIGHT="53" HPOS="1414" VPOS="1585" WIDTH="34" />
<String CONTENT="by" HEIGHT="67" HPOS="1449" VPOS="1585" WIDTH="77" />
<SP HEIGHT="67" HPOS="1527" VPOS="1585" WIDTH="34" />
<String CONTENT="G." HEIGHT="54" HPOS="1562" VPOS="1585" WIDTH="70" />
<SP HEIGHT="53" HPOS="1633" VPOS="1584" WIDTH="33" />
<String CONTENT="K." HEIGHT="53" HPOS="1667" VPOS="1584" WIDTH="75" />
<SP HEIGHT="56" HPOS="1743" VPOS="1583" WIDTH="36" />
<String CONTENT="Chesterton." HEIGHT="56" HPOS="1780" VPOS="1583" WIDTH="359" />
<SP HEIGHT="52" HPOS="2140" VPOS="1583" WIDTH="68" />
<String CONTENT="New" HEIGHT="52" HPOS="2209" VPOS="1583" WIDTH="139" />
</TextLine>
<TextLine HEIGHT="70" HPOS="328" STYLEREFS="StyleId-5D028662-79AA-453E-A88E-0BA3B49CEC64-" VPOS="1662" WIDTH="1191">
<String CONTENT="York," HEIGHT="69" HPOS="328" VPOS="1662" WIDTH="182" />
<SP HEIGHT="67" HPOS="511" VPOS="1664" WIDTH="27" />
<String CONTENT="Dodd," HEIGHT="66" HPOS="539" VPOS="1664" WIDTH="191" />
<SP HEIGHT="66" HPOS="731" VPOS="1664" WIDTH="26" />
<String CONTENT="Mead" HEIGHT="53" HPOS="758" VPOS="1664" WIDTH="172" />
<SP HEIGHT="53" HPOS="931" VPOS="1665" WIDTH="27" />
<String CONTENT="&amp;" HEIGHT="50" HPOS="959" VPOS="1668" WIDTH="47" />
<SP HEIGHT="50" HPOS="1007" VPOS="1668" WIDTH="27" />
<String CONTENT="company," HEIGHT="49" HPOS="1035" VPOS="1683" WIDTH="301" />
<SP HEIGHT="65" HPOS="1337" VPOS="1667" WIDTH="28" />
<String CONTENT="1933." HEIGHT="50" HPOS="1366" VPOS="1667" WIDTH="153" />
</TextLine>
<TextLine CS="1" HEIGHT="50" HPOS="403" VPOS="1737" WIDTH="652">
<String CONTENT="vi" HEIGHT="39" HPOS="403" VPOS="1738" WIDTH="50" />
<SP HEIGHT="49" HPOS="454" VPOS="1738" WIDTH="22" />
<String CONTENT="p.," CS="1" />
<SP />
<String CONTENT="1" CS="1" />
<SP />
<String CONTENT="l.," CS="1" HEIGHT="17" HPOS="654" VPOS="1769" WIDTH="9" />
<SP HEIGHT="49" HPOS="664" VPOS="1737" WIDTH="24" />
<String CONTENT="280" HEIGHT="41" HPOS="689" VPOS="1737" WIDTH="88" />
<SP HEIGHT="50" HPOS="778" VPOS="1737" WIDTH="23" />
<String CONTENT="p." HEIGHT="37" HPOS="802" VPOS="1750" WIDTH="43" />
<SP HEIGHT="41" HPOS="846" VPOS="1738" WIDTH="60" />
<String CONTENT="20&#189;" CS="1" HEIGHT="42" HPOS="907" VPOS="1737" WIDTH="57" />
<String CONTENT="cm" HEIGHT="23" HPOS="997" STYLE="superscript" VPOS="1739" WIDTH="45" />
<String CONTENT="." HEIGHT="10" HPOS="1045" VPOS="1769" WIDTH="10" />
</TextLine>
<TextLine CS="1" HEIGHT="53" HPOS="333" VPOS="1791" WIDTH="1939">
<String CONTENT="&#169;" HEIGHT="53" HPOS="333" VPOS="1791" WIDTH="53" />
<SP HEIGHT="53" HPOS="387" VPOS="1791" WIDTH="24" />
<String CONTENT="Apr." HEIGHT="48" HPOS="412" VPOS="1796" WIDTH="114" />
<SP HEIGHT="39" HPOS="527" VPOS="1798" WIDTH="26" />
<String CONTENT="7," HEIGHT="46" HPOS="554" VPOS="1798" WIDTH="40" />
<SP HEIGHT="47" HPOS="595" VPOS="1797" WIDTH="25" />
<String CONTENT="1933;" CS="1" HEIGHT="42" HPOS="621" VPOS="1795" WIDTH="114" />
<SP HEIGHT="47" HPOS="764" VPOS="1796" WIDTH="26" />
<String CONTENT="2c." HEIGHT="41" HPOS="791" VPOS="1796" WIDTH="69" />
<SP HEIGHT="29" HPOS="861" VPOS="1807" WIDTH="25" />
<String CONTENT="and" HEIGHT="39" HPOS="887" VPOS="1797" WIDTH="97" />
<SP HEIGHT="39" HPOS="985" VPOS="1797" WIDTH="25" />
<String CONTENT="aff." HEIGHT="42" HPOS="1011" VPOS="1795" WIDTH="83" />
<SP HEIGHT="41" HPOS="1095" VPOS="1796" WIDTH="26" />
<String CONTENT="Apr." HEIGHT="48" HPOS="1122" VPOS="1796" WIDTH="116" />
<SP HEIGHT="40" HPOS="1239" VPOS="1796" WIDTH="25" />
<String CONTENT="12;" HEIGHT="47" HPOS="1265" VPOS="1795" WIDTH="82" />
<SP HEIGHT="47" HPOS="1348" VPOS="1795" WIDTH="27" />
<String CONTENT="A" HEIGHT="39" HPOS="1376" VPOS="1795" WIDTH="43" />
<SP HEIGHT="40" HPOS="1420" VPOS="1795" WIDTH="23" />
<String CONTENT="60989;" HEIGHT="48" HPOS="1444" VPOS="1794" WIDTH="172" />
<SP HEIGHT="47" HPOS="1617" VPOS="1795" WIDTH="30" />
<String CONTENT="Dodd," HEIGHT="49" HPOS="1648" VPOS="1795" WIDTH="156" />
<SP HEIGHT="49" HPOS="1805" VPOS="1795" WIDTH="27" />
<String CONTENT="Mead" HEIGHT="39" HPOS="1833" VPOS="1795" WIDTH="143" />
<SP HEIGHT="40" HPOS="1977" VPOS="1794" WIDTH="28" />
<String CONTENT="&amp;" HEIGHT="40" HPOS="2006" VPOS="1794" WIDTH="36" />
<SP HEIGHT="40" HPOS="2043" VPOS="1794" WIDTH="25" />
<String CONTENT="co.," HEIGHT="38" HPOS="2069" VPOS="1803" WIDTH="83" />
<SP HEIGHT="47" HPOS="2153" VPOS="1794" WIDTH="28" />
<String CONTENT="inc." HEIGHT="41" HPOS="2182" VPOS="1794" WIDTH="90" />
</TextLine>
<TextLine HEIGHT="50" HPOS="411" VPOS="1852" WIDTH="254">
<String CONTENT="(33-9266)" HEIGHT="50" HPOS="411" VPOS="1852" WIDTH="254" />
</TextLine>
<TextLine CS="1" HEIGHT="148" HPOS="329" STYLEREFS="StyleId-5E85903D-33C0-4EB1-969E-F22F620F82B0-" VPOS="1928" WIDTH="1997">
<String CONTENT="Cincinnati." HEIGHT="56" HPOS="329" VPOS="1929" WIDTH="356" />
<SP HEIGHT="54" HPOS="686" VPOS="1932" WIDTH="77" />
<String CONTENT="Chamber" HEIGHT="56" HPOS="764" VPOS="1930" WIDTH="297" />
<SP HEIGHT="36" HPOS="1062" VPOS="1948" WIDTH="62" />
<String CONTENT="of" HEIGHT="53" HPOS="1125" VPOS="1931" WIDTH="64" />
<SP HEIGHT="53" HPOS="1190" VPOS="1931" WIDTH="63" />
<String CONTENT="commerce" HEIGHT="37" HPOS="1254" VPOS="1947" WIDTH="326" />
<SP HEIGHT="36" HPOS="1581" VPOS="1947" WIDTH="62" />
<String CONTENT="and" HEIGHT="53" HPOS="1644" VPOS="1930" WIDTH="114" />
<SP HEIGHT="53" HPOS="1759" VPOS="1930" WIDTH="63" />
<String CONTENT="merchants&#8217;" HEIGHT="56" HPOS="1823" VPOS="1928" WIDTH="365" />
<SP HEIGHT="54" HPOS="2189" VPOS="1928" WIDTH="63" />
<String CONTENT="exchange." HEIGHT="131" HPOS="400" VPOS="1945" WIDTH="1926" />
</TextLine>
<TextLine CS="1" HEIGHT="151" HPOS="331" STYLEREFS="StyleId-5D028662-79AA-453E-A88E-0BA3B49CEC64-" VPOS="2085" WIDTH="1998">
<String CONTENT="The" HEIGHT="53" HPOS="401" VPOS="2090" WIDTH="124" />
<SP HEIGHT="56" HPOS="526" VPOS="2088" WIDTH="49" />
<String CONTENT="Cincinnati" HEIGHT="56" HPOS="576" VPOS="2088" WIDTH="333" />
<SP HEIGHT="53" HPOS="910" VPOS="2089" WIDTH="49" />
<String CONTENT="union" HEIGHT="53" HPOS="960" VPOS="2089" WIDTH="179" />
<SP HEIGHT="48" HPOS="1140" VPOS="2094" WIDTH="46" />
<String CONTENT="terminal;" HEIGHT="69" HPOS="1187" VPOS="2088" WIDTH="300" />
<SP HEIGHT="50" HPOS="1488" VPOS="2108" WIDTH="51" />
<String CONTENT="pictorial" HEIGHT="70" HPOS="1540" VPOS="2088" WIDTH="270" />
<SP HEIGHT="52" HPOS="1811" VPOS="2089" WIDTH="50" />
<String CONTENT="history." HEIGHT="71" HPOS="1862" VPOS="2086" WIDTH="241" />
<SP HEIGHT="35" HPOS="2104" VPOS="2121" WIDTH="93" />
<String CONTENT="[Cincinnati," HEIGHT="151" HPOS="331" VPOS="2085" WIDTH="1998" />
<SP HEIGHT="69" HPOS="570" VPOS="2167" WIDTH="24" />
<String CONTENT="Chamber" HEIGHT="55" HPOS="595" VPOS="2167" WIDTH="286" />
</TextLine>
<TextLine CS="1" HEIGHT="70" HPOS="910" STYLEREFS="StyleId-5D028662-79AA-453E-A88E-0BA3B49CEC64-" VPOS="2167" WIDTH="602">
<String CONTENT="of" HEIGHT="55" HPOS="910" VPOS="2167" WIDTH="65" />
<SP HEIGHT="54" HPOS="976" VPOS="2167" WIDTH="23" />
<String CONTENT="commerce," HEIGHT="51" HPOS="1000" VPOS="2186" WIDTH="327" />
<SP HEIGHT="63" HPOS="1328" VPOS="2174" WIDTH="26" />
<String CONTENT="c" HEIGHT="22" HPOS="1355" STYLE="superscript" VPOS="2174" WIDTH="17" />
<String CONTENT="1933]" CS="1" HEIGHT="51" HPOS="1378" VPOS="2170" WIDTH="134" />
</TextLine>
<TextLine CS="1" HEIGHT="51" HPOS="402" VPOS="2241" WIDTH="1391">
<String CONTENT="cover-title," HEIGHT="48" HPOS="402" VPOS="2242" WIDTH="285" />
<SP HEIGHT="29" HPOS="688" VPOS="2263" WIDTH="34" />
<String CONTENT="[87]" CS="1" HEIGHT="51" HPOS="735" VPOS="2241" WIDTH="72" />
<SP HEIGHT="39" HPOS="808" VPOS="2253" WIDTH="29" />
<String CONTENT="p." HEIGHT="37" HPOS="838" VPOS="2253" WIDTH="45" />
<SP HEIGHT="40" HPOS="884" VPOS="2243" WIDTH="61" />
<String CONTENT="illus." HEIGHT="41" HPOS="946" VPOS="2242" WIDTH="130" />
<SP HEIGHT="48" HPOS="1077" VPOS="2241" WIDTH="29" />
<String CONTENT="(incl." HEIGHT="48" HPOS="1107" VPOS="2241" WIDTH="133" />
<SP HEIGHT="38" HPOS="1241" VPOS="2252" WIDTH="29" />
<String CONTENT="ports.," HEIGHT="49" HPOS="1271" VPOS="2243" WIDTH="165" />
<SP HEIGHT="40" HPOS="1437" VPOS="2252" WIDTH="27" />
<String CONTENT="plan)" HEIGHT="49" HPOS="1465" VPOS="2241" WIDTH="141" />
<SP HEIGHT="49" HPOS="1607" VPOS="2241" WIDTH="66" />
<String CONTENT="28" HEIGHT="42" HPOS="1674" VPOS="2241" WIDTH="58" />
<String CONTENT="cm" HEIGHT="22" HPOS="1735" STYLE="superscript" VPOS="2243" WIDTH="45" />
<String CONTENT="." HEIGHT="8" HPOS="1785" VPOS="2276" WIDTH="8" />
</TextLine>
<TextLine HEIGHT="53" HPOS="337" VPOS="2297" WIDTH="2021">
<String CONTENT="&#169;" HEIGHT="53" HPOS="337" VPOS="2297" WIDTH="53" />
<SP HEIGHT="53" HPOS="391" VPOS="2297" WIDTH="28" />
<String CONTENT="Mar." HEIGHT="41" HPOS="420" VPOS="2302" WIDTH="124" />
<SP HEIGHT="41" HPOS="545" VPOS="2302" WIDTH="27" />
<String CONTENT="24," HEIGHT="46" HPOS="573" VPOS="2302" WIDTH="70" />
<SP HEIGHT="46" HPOS="644" VPOS="2302" WIDTH="29" />
<String CONTENT="1933;" HEIGHT="48" HPOS="674" VPOS="2301" WIDTH="142" />
<SP HEIGHT="48" HPOS="817" VPOS="2301" WIDTH="30" />
<String CONTENT="2c" HEIGHT="41" HPOS="848" VPOS="2301" WIDTH="53" />
<SP HEIGHT="30" HPOS="902" VPOS="2312" WIDTH="44" />
<String CONTENT="and" HEIGHT="39" HPOS="947" VPOS="2304" WIDTH="94" />
<SP HEIGHT="39" HPOS="1042" VPOS="2304" WIDTH="30" />
<String CONTENT="aff." HEIGHT="40" HPOS="1073" VPOS="2301" WIDTH="83" />
<SP HEIGHT="40" HPOS="1157" VPOS="2301" WIDTH="30" />
<String CONTENT="Mar." HEIGHT="40" HPOS="1188" VPOS="2301" WIDTH="122" />
<SP HEIGHT="40" HPOS="1311" VPOS="2301" WIDTH="30" />
<String CONTENT="28;" HEIGHT="48" HPOS="1342" VPOS="2301" WIDTH="83" />
<SP HEIGHT="48" HPOS="1426" VPOS="2301" WIDTH="31" />
<String CONTENT="A" HEIGHT="39" HPOS="1458" VPOS="2301" WIDTH="41" />
<SP HEIGHT="40" HPOS="1500" VPOS="2301" WIDTH="28" />
<String CONTENT="60825;" HEIGHT="48" HPOS="1529" VPOS="2300" WIDTH="173" />
<SP HEIGHT="47" HPOS="1703" VPOS="2301" WIDTH="32" />
<String CONTENT="Cincinnati" HEIGHT="42" HPOS="1736" VPOS="2300" WIDTH="280" />
<SP HEIGHT="41" HPOS="2017" VPOS="2300" WIDTH="28" />
<String CONTENT="chamber" HEIGHT="42" HPOS="2046" VPOS="2299" WIDTH="229" />
<SP HEIGHT="29" HPOS="2276" VPOS="2312" WIDTH="28" />
<String CONTENT="of" HEIGHT="41" HPOS="2305" VPOS="2300" WIDTH="53" />
</TextLine>
<TextLine HEIGHT="50" HPOS="405" VPOS="2358" WIDTH="934">
<String CONTENT="commerce," HEIGHT="38" HPOS="405" VPOS="2369" WIDTH="280" />
<SP HEIGHT="48" HPOS="686" VPOS="2359" WIDTH="32" />
<String CONTENT="Cincinnati." HEIGHT="42" HPOS="719" VPOS="2358" WIDTH="295" />
<SP HEIGHT="49" HPOS="1015" VPOS="2359" WIDTH="69" />
<String CONTENT="(33-9423)" HEIGHT="50" HPOS="1085" VPOS="2358" WIDTH="254" />
</TextLine>
<TextLine HEIGHT="66" HPOS="332" STYLEREFS="StyleId-5E85903D-33C0-4EB1-969E-F22F620F82B0-" VPOS="2436" WIDTH="687">
<String CONTENT="Cleugh," HEIGHT="65" HPOS="332" VPOS="2436" WIDTH="246" />
<SP HEIGHT="63" HPOS="579" VPOS="2438" WIDTH="27" />
<String CONTENT="Mrs." HEIGHT="52" HPOS="607" VPOS="2438" WIDTH="141" />
<SP HEIGHT="55" HPOS="749" VPOS="2437" WIDTH="29" />
<String CONTENT="Sophia." HEIGHT="66" HPOS="779" VPOS="2436" WIDTH="240" />
</TextLine>
<TextLine HEIGHT="72" HPOS="407" STYLEREFS="StyleId-5D028662-79AA-453E-A88E-0BA3B49CEC64-" VPOS="2513" WIDTH="1951">
<String CONTENT="The" HEIGHT="54" HPOS="407" VPOS="2514" WIDTH="124" />
<SP HEIGHT="53" HPOS="532" VPOS="2515" WIDTH="37" />
<String CONTENT="hazards" HEIGHT="54" HPOS="570" VPOS="2515" WIDTH="247" />
<SP HEIGHT="35" HPOS="818" VPOS="2534" WIDTH="37" />
<String CONTENT="of" HEIGHT="54" HPOS="856" VPOS="2515" WIDTH="67" />
<SP HEIGHT="54" HPOS="924" VPOS="2515" WIDTH="36" />
<String CONTENT="Belinda," HEIGHT="69" HPOS="961" VPOS="2515" WIDTH="266" />
<SP HEIGHT="69" HPOS="1228" VPOS="2515" WIDTH="38" />
<String CONTENT="by" HEIGHT="70" HPOS="1267" VPOS="2515" WIDTH="77" />
<SP HEIGHT="71" HPOS="1345" VPOS="2514" WIDTH="42" />
<String CONTENT="Sophia" HEIGHT="71" HPOS="1388" VPOS="2514" WIDTH="220" />
<SP HEIGHT="56" HPOS="1609" VPOS="2515" WIDTH="41" />
<String CONTENT="Cleugh." HEIGHT="69" HPOS="1651" VPOS="2515" WIDTH="239" />
<SP HEIGHT="52" HPOS="1891" VPOS="2516" WIDTH="92" />
<String CONTENT="Boston" HEIGHT="53" HPOS="1984" VPOS="2516" WIDTH="220" />
<SP HEIGHT="34" HPOS="2205" VPOS="2535" WIDTH="40" />
<String CONTENT="and" HEIGHT="55" HPOS="2246" VPOS="2513" WIDTH="112" />
</TextLine>
<TextLine HEIGHT="71" HPOS="334" STYLEREFS="StyleId-5D028662-79AA-453E-A88E-0BA3B49CEC64-" VPOS="2592" WIDTH="1447">
<String CONTENT="New" HEIGHT="55" HPOS="334" VPOS="2592" WIDTH="142" />
<SP HEIGHT="53" HPOS="477" VPOS="2594" WIDTH="25" />
<String CONTENT="York," HEIGHT="69" HPOS="503" VPOS="2593" WIDTH="183" />
<SP HEIGHT="68" HPOS="687" VPOS="2594" WIDTH="25" />
<String CONTENT="Houghton" HEIGHT="69" HPOS="713" VPOS="2594" WIDTH="325" />
<SP HEIGHT="53" HPOS="1039" VPOS="2596" WIDTH="25" />
<String CONTENT="Mifflin" HEIGHT="54" HPOS="1065" VPOS="2594" WIDTH="207" />
<SP HEIGHT="35" HPOS="1273" VPOS="2614" WIDTH="24" />
<String CONTENT="company," HEIGHT="51" HPOS="1298" VPOS="2612" WIDTH="302" />
<SP HEIGHT="65" HPOS="1601" VPOS="2598" WIDTH="27" />
<String CONTENT="1933." HEIGHT="51" HPOS="1629" VPOS="2597" WIDTH="152" />
</TextLine>
<TextLine CS="1" HEIGHT="52" HPOS="404" STYLEREFS="StyleId-5D028662-79AA-453E-A88E-0BA3B49CEC64-" VPOS="2666" WIDTH="500">
<String CONTENT="viii," HEIGHT="50" HPOS="404" VPOS="2666" WIDTH="102" />
<SP HEIGHT="48" HPOS="507" VPOS="2668" WIDTH="27" />
<String CONTENT="267" HEIGHT="41" HPOS="535" VPOS="2668" WIDTH="88" />
<SP HEIGHT="49" HPOS="624" VPOS="2669" WIDTH="27" />
<String CONTENT="p." HEIGHT="39" HPOS="652" VPOS="2679" WIDTH="43" />
<SP HEIGHT="42" HPOS="696" VPOS="2669" WIDTH="59" />
<String CONTENT="19&#189;" CS="1" HEIGHT="42" HPOS="756" VPOS="2668" WIDTH="59" />
<String CONTENT="cm" HEIGHT="22" HPOS="845" STYLE="superscript" VPOS="2671" WIDTH="45" />
<String CONTENT="." HEIGHT="9" HPOS="894" VPOS="2702" WIDTH="10" />
</TextLine>
<TextLine HEIGHT="56" HPOS="340" VPOS="2720" WIDTH="2017">
<String CONTENT="&#169;" HEIGHT="53" HPOS="340" VPOS="2720" WIDTH="53" />
<SP HEIGHT="53" HPOS="394" VPOS="2720" WIDTH="31" />
<String CONTENT="Apr." HEIGHT="48" HPOS="426" VPOS="2726" WIDTH="116" />
<SP HEIGHT="40" HPOS="543" VPOS="2727" WIDTH="33" />
<String CONTENT="12," HEIGHT="48" HPOS="577" VPOS="2726" WIDTH="69" />
<SP HEIGHT="48" HPOS="647" VPOS="2726" WIDTH="31" />
<String CONTENT="1933;" HEIGHT="48" HPOS="679" VPOS="2725" WIDTH="143" />
<SP HEIGHT="46" HPOS="823" VPOS="2727" WIDTH="34" />
<String CONTENT="2c." HEIGHT="40" HPOS="858" VPOS="2727" WIDTH="69" />
<SP HEIGHT="29" HPOS="928" VPOS="2738" WIDTH="33" />
<String CONTENT="and" HEIGHT="39" HPOS="962" VPOS="2728" WIDTH="97" />
<SP HEIGHT="39" HPOS="1060" VPOS="2728" WIDTH="33" />
<String CONTENT="aff." HEIGHT="42" HPOS="1094" VPOS="2726" WIDTH="82" />
<SP HEIGHT="41" HPOS="1177" VPOS="2727" WIDTH="33" />
<String CONTENT="Apr." HEIGHT="48" HPOS="1211" VPOS="2727" WIDTH="116" />
<SP HEIGHT="41" HPOS="1328" VPOS="2727" WIDTH="32" />
<String CONTENT="17;" HEIGHT="44" HPOS="1361" VPOS="2727" WIDTH="82" />
<SP HEIGHT="44" HPOS="1444" VPOS="2727" WIDTH="36" />
<String CONTENT="A" HEIGHT="39" HPOS="1481" VPOS="2727" WIDTH="41" />
<SP HEIGHT="40" HPOS="1523" VPOS="2727" WIDTH="32" />
<String CONTENT="62159;" HEIGHT="48" HPOS="1556" VPOS="2726" WIDTH="172" />
<SP HEIGHT="48" HPOS="1729" VPOS="2726" WIDTH="38" />
<String CONTENT="S." HEIGHT="42" HPOS="1768" VPOS="2726" WIDTH="45" />
<SP HEIGHT="41" HPOS="1814" VPOS="2727" WIDTH="35" />
<String CONTENT="Cleugh," HEIGHT="49" HPOS="1850" VPOS="2727" WIDTH="198" />
<SP HEIGHT="48" HPOS="2049" VPOS="2728" WIDTH="34" />
<String CONTENT="Wellesley." HEIGHT="49" HPOS="2084" VPOS="2726" WIDTH="273" />
</TextLine>
<TextLine HEIGHT="51" HPOS="409" VPOS="2783" WIDTH="475">
<String CONTENT="Mass." HEIGHT="40" HPOS="409" VPOS="2784" WIDTH="149" />
<SP HEIGHT="48" HPOS="559" VPOS="2784" WIDTH="69" />
<String CONTENT="(33-9400)" HEIGHT="51" HPOS="629" VPOS="2783" WIDTH="255" />
</TextLine>
<TextLine HEIGHT="69" HPOS="335" STYLEREFS="StyleId-5E85903D-33C0-4EB1-969E-F22F620F82B0-" VPOS="2858" WIDTH="696">
<String CONTENT="Columbia" HEIGHT="56" HPOS="335" VPOS="2858" WIDTH="306" />
<SP HEIGHT="37" HPOS="642" VPOS="2876" WIDTH="32" />
<String CONTENT="university." HEIGHT="67" HPOS="675" VPOS="2860" WIDTH="356" />
</TextLine>
<TextLine HEIGHT="72" HPOS="408" STYLEREFS="StyleId-5D028662-79AA-453E-A88E-0BA3B49CEC64-" VPOS="2938" WIDTH="1948">
<String CONTENT="Columbia" HEIGHT="56" HPOS="408" VPOS="2938" WIDTH="304" />
<SP HEIGHT="35" HPOS="713" VPOS="2959" WIDTH="29" />
<String CONTENT="university" HEIGHT="69" HPOS="743" VPOS="2939" WIDTH="321" />
<SP HEIGHT="65" HPOS="1065" VPOS="2943" WIDTH="27" />
<String CONTENT="honorary" HEIGHT="66" HPOS="1093" VPOS="2943" WIDTH="291" />
<SP HEIGHT="66" HPOS="1385" VPOS="2943" WIDTH="28" />
<String CONTENT="degrees" HEIGHT="67" HPOS="1414" VPOS="2943" WIDTH="231" />
<SP HEIGHT="35" HPOS="1646" VPOS="2961" WIDTH="29" />
<String CONTENT="awarded" HEIGHT="53" HPOS="1676" VPOS="2943" WIDTH="268" />
<SP HEIGHT="55" HPOS="1945" VPOS="2941" WIDTH="31" />
<String CONTENT="in" HEIGHT="54" HPOS="1977" VPOS="2941" WIDTH="61" />
<SP HEIGHT="48" HPOS="2039" VPOS="2947" WIDTH="27" />
<String CONTENT="the" HEIGHT="52" HPOS="2067" VPOS="2943" WIDTH="97" />
<SP HEIGHT="50" HPOS="2165" VPOS="2960" WIDTH="25" />
<String CONTENT="years" HEIGHT="51" HPOS="2191" VPOS="2959" WIDTH="165" />
</TextLine>
<TextLine HEIGHT="70" HPOS="337" STYLEREFS="StyleId-5D028662-79AA-453E-A88E-0BA3B49CEC64-" VPOS="3019" WIDTH="2014">
<String CONTENT="1902-1932;" HEIGHT="63" HPOS="337" VPOS="3021" WIDTH="341" />
<SP HEIGHT="46" HPOS="679" VPOS="3038" WIDTH="37" />
<String CONTENT="appreciations" HEIGHT="68" HPOS="717" VPOS="3019" WIDTH="426" />
<SP HEIGHT="55" HPOS="1144" VPOS="3021" WIDTH="31" />
<String CONTENT="by" HEIGHT="68" HPOS="1176" VPOS="3021" WIDTH="77" />
<SP HEIGHT="67" HPOS="1254" VPOS="3022" WIDTH="31" />
<String CONTENT="Nicholas" HEIGHT="53" HPOS="1286" VPOS="3021" WIDTH="273" />
<SP HEIGHT="52" HPOS="1560" VPOS="3023" WIDTH="30" />
<String CONTENT="Murray" HEIGHT="66" HPOS="1591" VPOS="3023" WIDTH="244" />
<SP HEIGHT="65" HPOS="1836" VPOS="3024" WIDTH="32" />
<String CONTENT="Butler," HEIGHT="62" HPOS="1869" VPOS="3022" WIDTH="221" />
<SP HEIGHT="58" HPOS="2091" VPOS="3026" WIDTH="32" />
<String CONTENT="twelfth" HEIGHT="54" HPOS="2124" VPOS="3020" WIDTH="227" />
</TextLine>
<TextLine CS="1" HEIGHT="147" HPOS="337" STYLEREFS="StyleId-5D028662-79AA-453E-A88E-0BA3B49CEC64-" VPOS="3097" WIDTH="1992">
<String CONTENT="president" HEIGHT="68" HPOS="337" VPOS="3097" WIDTH="295" />
<SP HEIGHT="48" HPOS="633" VPOS="3104" WIDTH="24" />
<String CONTENT="of" HEIGHT="54" HPOS="658" VPOS="3097" WIDTH="65" />
<SP HEIGHT="57" HPOS="724" VPOS="3097" WIDTH="26" />
<String CONTENT="Columbia" HEIGHT="55" HPOS="751" VPOS="3099" WIDTH="299" />
<SP HEIGHT="35" HPOS="1051" VPOS="3119" WIDTH="29" />
<String CONTENT="university." CS="1" HEIGHT="55" HPOS="1081" VPOS="3099" WIDTH="333" />
<SP HEIGHT="33" HPOS="1415" VPOS="3135" WIDTH="83" />
<String CONTENT="[New" CS="1" HEIGHT="52" HPOS="1516" VPOS="3102" WIDTH="139" />
<SP HEIGHT="52" HPOS="1656" VPOS="3102" WIDTH="27" />
<String CONTENT="York]" HEIGHT="67" HPOS="1684" VPOS="3101" WIDTH="183" />
<SP HEIGHT="67" HPOS="1868" VPOS="3101" WIDTH="33" />
<String CONTENT="Columbia" HEIGHT="57" HPOS="1902" VPOS="3100" WIDTH="301" />
<SP HEIGHT="35" HPOS="2204" VPOS="3119" WIDTH="26" />
<String CONTENT="university" HEIGHT="145" HPOS="339" VPOS="3099" WIDTH="1990" />
<SP HEIGHT="48" HPOS="556" VPOS="3196" WIDTH="29" />
<String CONTENT="press," HEIGHT="49" HPOS="586" VPOS="3195" WIDTH="174" />
<SP HEIGHT="54" HPOS="761" VPOS="3183" WIDTH="32" />
<String CONTENT="1933." HEIGHT="51" HPOS="794" VPOS="3182" WIDTH="150" />
</TextLine>
<TextLine CS="1" HEIGHT="51" HPOS="408" VPOS="3250" WIDTH="751">
<String CONTENT="v." HEIGHT="33" HPOS="408" VPOS="3260" WIDTH="44" />
<SP HEIGHT="29" HPOS="453" VPOS="3271" WIDTH="31" />
<String CONTENT="[1]," CS="1" HEIGHT="14" HPOS="548" VPOS="3283" WIDTH="8" />
<SP HEIGHT="46" HPOS="557" VPOS="3251" WIDTH="28" />
<String CONTENT="193," HEIGHT="47" HPOS="586" VPOS="3250" WIDTH="98" />
<SP HEIGHT="30" HPOS="685" VPOS="3271" WIDTH="32" />
<String CONTENT="[1]" HEIGHT="49" HPOS="718" VPOS="3252" WIDTH="56" />
<SP HEIGHT="38" HPOS="775" VPOS="3263" WIDTH="30" />
<String CONTENT="p.," CS="1" />
<SP />
<String CONTENT="1" CS="1" />
<SP />
<String CONTENT="l." CS="1" />
<SP HEIGHT="39" HPOS="981" VPOS="3253" WIDTH="61" />
<String CONTENT="22" HEIGHT="40" HPOS="1043" VPOS="3252" WIDTH="56" />
<String CONTENT="cm" HEIGHT="21" HPOS="1102" STYLE="superscript" VPOS="3255" WIDTH="45" />
<String CONTENT="." HEIGHT="7" HPOS="1151" VPOS="3285" WIDTH="8" />
</TextLine>
<TextLine CS="1" HEIGHT="51" HPOS="412" VPOS="3308" WIDTH="1946">
<String CONTENT="&#8220;Five" HEIGHT="41" HPOS="412" VPOS="3308" WIDTH="149" />
<SP HEIGHT="40" HPOS="562" VPOS="3309" WIDTH="21" />
<String CONTENT="hundred" HEIGHT="40" HPOS="584" VPOS="3309" WIDTH="221" />
<SP HEIGHT="39" HPOS="806" VPOS="3310" WIDTH="24" />
<String CONTENT="numbered" HEIGHT="40" HPOS="831" VPOS="3310" WIDTH="264" />
<SP HEIGHT="39" HPOS="1096" VPOS="3311" WIDTH="24" />
<String CONTENT="copies" HEIGHT="50" HPOS="1121" VPOS="3309" WIDTH="160" />
<SP HEIGHT="29" HPOS="1282" VPOS="3322" WIDTH="28" />
<String CONTENT="&#8230;" CS="1" />
<SP HEIGHT="40" HPOS="1359" VPOS="3311" WIDTH="24" />
<String CONTENT="have" HEIGHT="40" HPOS="1384" VPOS="3311" WIDTH="124" />
<SP HEIGHT="40" HPOS="1509" VPOS="3311" WIDTH="23" />
<String CONTENT="been" HEIGHT="40" HPOS="1533" VPOS="3311" WIDTH="118" />
<SP HEIGHT="38" HPOS="1652" VPOS="3321" WIDTH="23" />
<String CONTENT="printed" HEIGHT="49" HPOS="1676" VPOS="3310" WIDTH="195" />
<SP HEIGHT="39" HPOS="1872" VPOS="3311" WIDTH="24" />
<String CONTENT="on" HEIGHT="29" HPOS="1897" VPOS="3321" WIDTH="61" />
<SP HEIGHT="29" HPOS="1959" VPOS="3321" WIDTH="21" />
<String CONTENT="colonial" HEIGHT="41" HPOS="1981" VPOS="3309" WIDTH="207" />
<SP HEIGHT="39" HPOS="2189" VPOS="3311" WIDTH="24" />
<String CONTENT="offset" HEIGHT="41" HPOS="2214" VPOS="3309" WIDTH="144" />
</TextLine>
<TextLine HEIGHT="50" HPOS="338" VPOS="3366" WIDTH="2019">
<String CONTENT="paper" HEIGHT="39" HPOS="338" VPOS="3375" WIDTH="151" />
<SP HEIGHT="40" HPOS="490" VPOS="3366" WIDTH="26" />
<String CONTENT="by" HEIGHT="48" HPOS="517" VPOS="3366" WIDTH="61" />
<SP HEIGHT="48" HPOS="579" VPOS="3366" WIDTH="31" />
<String CONTENT="George" HEIGHT="48" HPOS="611" VPOS="3366" WIDTH="184" />
<SP HEIGHT="42" HPOS="796" VPOS="3366" WIDTH="29" />
<String CONTENT="Grady" HEIGHT="48" HPOS="826" VPOS="3366" WIDTH="165" />
<SP HEIGHT="37" HPOS="992" VPOS="3379" WIDTH="29" />
<String CONTENT="press" HEIGHT="38" HPOS="1022" VPOS="3378" WIDTH="137" />
<SP HEIGHT="28" HPOS="1160" VPOS="3379" WIDTH="27" />
<String CONTENT="of" HEIGHT="40" HPOS="1188" VPOS="3368" WIDTH="53" />
<SP HEIGHT="40" HPOS="1242" VPOS="3368" WIDTH="25" />
<String CONTENT="New" HEIGHT="39" HPOS="1268" VPOS="3369" WIDTH="118" />
<SP HEIGHT="39" HPOS="1387" VPOS="3369" WIDTH="29" />
<String CONTENT="York" HEIGHT="39" HPOS="1417" VPOS="3369" WIDTH="131" />
<SP HEIGHT="39" HPOS="1549" VPOS="3369" WIDTH="28" />
<String CONTENT="for" HEIGHT="39" HPOS="1578" VPOS="3369" WIDTH="80" />
<SP HEIGHT="37" HPOS="1659" VPOS="3371" WIDTH="27" />
<String CONTENT="the" HEIGHT="39" HPOS="1687" VPOS="3369" WIDTH="81" />
<SP HEIGHT="41" HPOS="1769" VPOS="3368" WIDTH="31" />
<String CONTENT="Columbia" HEIGHT="42" HPOS="1801" VPOS="3367" WIDTH="249" />
<SP HEIGHT="30" HPOS="2051" VPOS="3378" WIDTH="34" />
<String CONTENT="university" HEIGHT="46" HPOS="2086" VPOS="3369" WIDTH="271" />
</TextLine>
<TextLine CS="1" HEIGHT="50" HPOS="338" VPOS="3424" WIDTH="1047">
<String CONTENT="press." HEIGHT="38" HPOS="338" VPOS="3433" WIDTH="152" />
<SP HEIGHT="40" HPOS="491" VPOS="3424" WIDTH="58" />
<String CONTENT="This" HEIGHT="41" HPOS="550" VPOS="3424" WIDTH="119" />
<SP HEIGHT="40" HPOS="670" VPOS="3425" WIDTH="26" />
<String CONTENT="is" HEIGHT="39" HPOS="697" VPOS="3425" WIDTH="42" />
<SP HEIGHT="30" HPOS="740" VPOS="3435" WIDTH="28" />
<String CONTENT="&#8230;" CS="1" />
<SP HEIGHT="30" HPOS="816" VPOS="3436" WIDTH="29" />
<String CONTENT="unnumbered" HEIGHT="40" HPOS="846" VPOS="3426" WIDTH="333" />
<SP HEIGHT="39" HPOS="1180" VPOS="3427" WIDTH="26" />
<String CONTENT="copy!&#8221;" HEIGHT="48" HPOS="1207" VPOS="3426" WIDTH="178" />
</TextLine>
<TextLine CS="1" HEIGHT="51" HPOS="411" VPOS="3481" WIDTH="1264">
<String CONTENT="&#8220;University" HEIGHT="48" HPOS="411" VPOS="3481" WIDTH="314" />
<SP HEIGHT="35" HPOS="726" VPOS="3494" WIDTH="26" />
<String CONTENT="medals" HEIGHT="39" HPOS="753" VPOS="3484" WIDTH="187" />
<SP HEIGHT="30" HPOS="941" VPOS="3494" WIDTH="30" />
<String CONTENT="&#8230;" CS="1" />
<SP HEIGHT="30" HPOS="1018" VPOS="3494" WIDTH="30" />
<String CONTENT="awarded&#8221;:" HEIGHT="41" HPOS="1049" VPOS="3483" WIDTH="288" />
<SP HEIGHT="37" HPOS="1338" VPOS="3495" WIDTH="30" />
<String CONTENT="p." HEIGHT="37" HPOS="1369" VPOS="3495" WIDTH="43" />
<SP HEIGHT="42" HPOS="1413" VPOS="3484" WIDTH="26" />
<String CONTENT="164-[176]" CS="1" HEIGHT="49" HPOS="1440" VPOS="3483" WIDTH="235" />
</TextLine>
<TextLine CS="1" HEIGHT="56" HPOS="344" VPOS="3535" WIDTH="2016">
<String CONTENT="&#169;" HEIGHT="53" HPOS="344" VPOS="3535" WIDTH="53" />
<SP HEIGHT="53" HPOS="398" VPOS="3535" WIDTH="27" />
<String CONTENT="Apr." HEIGHT="47" HPOS="426" VPOS="3541" WIDTH="114" />
<SP HEIGHT="39" HPOS="541" VPOS="3541" WIDTH="28" />
<String CONTENT="1," HEIGHT="45" HPOS="570" VPOS="3541" WIDTH="38" />
<SP HEIGHT="44" HPOS="609" VPOS="3542" WIDTH="29" />
<String CONTENT="1933;" HEIGHT="48" HPOS="639" VPOS="3540" WIDTH="142" />
<SP HEIGHT="47" HPOS="782" VPOS="3541" WIDTH="30" />
<String CONTENT="2c." HEIGHT="41" HPOS="813" VPOS="3541" WIDTH="67" />
<SP HEIGHT="39" HPOS="881" VPOS="3543" WIDTH="28" />
<String CONTENT="Apr." HEIGHT="47" HPOS="910" VPOS="3543" WIDTH="116" />
<SP HEIGHT="40" HPOS="1027" VPOS="3543" WIDTH="27" />
<String CONTENT="3;" CS="1" HEIGHT="40" HPOS="1055" VPOS="3543" WIDTH="25" />
<SP HEIGHT="37" HPOS="1109" VPOS="3553" WIDTH="31" />
<String CONTENT="aff." HEIGHT="42" HPOS="1141" VPOS="3541" WIDTH="84" />
<SP HEIGHT="40" HPOS="1226" VPOS="3543" WIDTH="28" />
<String CONTENT="Apr." HEIGHT="48" HPOS="1255" VPOS="3543" WIDTH="114" />
<SP HEIGHT="41" HPOS="1370" VPOS="3543" WIDTH="28" />
<String CONTENT="4;" HEIGHT="47" HPOS="1399" VPOS="3543" WIDTH="53" />
<SP HEIGHT="47" HPOS="1453" VPOS="3543" WIDTH="32" />
<String CONTENT="A" HEIGHT="39" HPOS="1486" VPOS="3543" WIDTH="41" />
<SP HEIGHT="41" HPOS="1528" VPOS="3542" WIDTH="28" />
<String CONTENT="60887;" HEIGHT="47" HPOS="1557" VPOS="3542" WIDTH="171" />
<SP HEIGHT="47" HPOS="1729" VPOS="3542" WIDTH="34" />
<String CONTENT="Columbia" HEIGHT="42" HPOS="1764" VPOS="3541" WIDTH="249" />
<SP HEIGHT="30" HPOS="2014" VPOS="3552" WIDTH="33" />
<String CONTENT="univ." HEIGHT="42" HPOS="2048" VPOS="3540" WIDTH="130" />
<SP HEIGHT="36" HPOS="2179" VPOS="3552" WIDTH="30" />
<String CONTENT="press." HEIGHT="38" HPOS="2210" VPOS="3550" WIDTH="150" />
</TextLine>
<TextLine HEIGHT="50" HPOS="423" VPOS="3596" WIDTH="254">
<String CONTENT="(33-9440)" HEIGHT="50" HPOS="423" VPOS="3596" WIDTH="254" />
</TextLine>
<TextLine HEIGHT="71" HPOS="342" STYLEREFS="StyleId-5E85903D-33C0-4EB1-969E-F22F620F82B0-" VPOS="3674" WIDTH="1093">
<String CONTENT="[Cory," HEIGHT="66" HPOS="342" VPOS="3674" WIDTH="194" />
<SP HEIGHT="61" HPOS="537" VPOS="3676" WIDTH="32" />
<String CONTENT="Mrs." HEIGHT="52" HPOS="570" VPOS="3676" WIDTH="140" />
<SP HEIGHT="53" HPOS="711" VPOS="3676" WIDTH="31" />
<String CONTENT="Winifred" HEIGHT="56" HPOS="743" VPOS="3674" WIDTH="295" />
<SP HEIGHT="64" HPOS="1039" VPOS="3677" WIDTH="41" />
<String CONTENT="(Graham)]" HEIGHT="68" HPOS="1081" VPOS="3677" WIDTH="354" />
</TextLine>
<TextLine HEIGHT="70" HPOS="411" STYLEREFS="StyleId-5D028662-79AA-453E-A88E-0BA3B49CEC64-" VPOS="3750" WIDTH="1944">
<String CONTENT="Identity," HEIGHT="70" HPOS="411" VPOS="3750" WIDTH="280" />
<SP HEIGHT="67" HPOS="692" VPOS="3753" WIDTH="24" />
<String CONTENT="by" HEIGHT="67" HPOS="717" VPOS="3753" WIDTH="77" />
<SP HEIGHT="66" HPOS="795" VPOS="3754" WIDTH="23" />
<String CONTENT="Winifred" HEIGHT="55" HPOS="819" VPOS="3754" WIDTH="298" />
<SP HEIGHT="56" HPOS="1118" VPOS="3755" WIDTH="28" />
<String CONTENT="Graham." HEIGHT="56" HPOS="1147" VPOS="3755" WIDTH="274" />
<SP HEIGHT="52" HPOS="1422" VPOS="3758" WIDTH="75" />
<String CONTENT="London," HEIGHT="57" HPOS="1498" VPOS="3758" WIDTH="261" />
<SP HEIGHT="59" HPOS="1760" VPOS="3756" WIDTH="27" />
<String CONTENT="Hutchinson" HEIGHT="54" HPOS="1788" VPOS="3756" WIDTH="366" />
<SP HEIGHT="50" HPOS="2155" VPOS="3759" WIDTH="29" />
<String CONTENT="&amp;" HEIGHT="50" HPOS="2185" VPOS="3759" WIDTH="43" />
<SP HEIGHT="50" HPOS="2229" VPOS="3759" WIDTH="30" />
<String CONTENT="co.," HEIGHT="34" HPOS="2260" VPOS="3773" WIDTH="95" />
</TextLine>
<TextLine CS="1" HEIGHT="67" HPOS="337" STYLEREFS="StyleId-5D028662-79AA-453E-A88E-0BA3B49CEC64-" VPOS="3829" WIDTH="318">
<String CONTENT="ltd." HEIGHT="54" HPOS="337" VPOS="3829" WIDTH="104" />
<SP HEIGHT="31" HPOS="442" VPOS="3864" WIDTH="38" />
<String CONTENT="[1933]" CS="1" HEIGHT="63" HPOS="502" VPOS="3833" WIDTH="153" />
</TextLine>
<TextLine CS="1" HEIGHT="50" HPOS="409" VPOS="3905" WIDTH="330">
<String CONTENT="351" HEIGHT="41" HPOS="409" VPOS="3905" WIDTH="86" />
<SP HEIGHT="50" HPOS="496" VPOS="3905" WIDTH="21" />
<String CONTENT="p." HEIGHT="38" HPOS="518" VPOS="3917" WIDTH="44" />
<SP HEIGHT="40" HPOS="563" VPOS="3907" WIDTH="58" />
<String CONTENT="19cm." CS="1" HEIGHT="42" HPOS="622" VPOS="3905" WIDTH="117" />
</TextLine>
<TextLine CS="1" HEIGHT="57" HPOS="346" VPOS="3958" WIDTH="1999">
<String CONTENT="&#169;" HEIGHT="53" HPOS="346" VPOS="3958" WIDTH="53" />
<SP />
<String CONTENT="1c." CS="1" />
<SP HEIGHT="39" HPOS="493" VPOS="3964" WIDTH="29" />
<String CONTENT="Mar." HEIGHT="42" HPOS="523" VPOS="3964" WIDTH="123" />
<SP HEIGHT="42" HPOS="647" VPOS="3964" WIDTH="25" />
<String CONTENT="31," HEIGHT="47" HPOS="673" VPOS="3964" WIDTH="71" />
<SP HEIGHT="46" HPOS="745" VPOS="3965" WIDTH="26" />
<String CONTENT="1933;" HEIGHT="48" HPOS="772" VPOS="3964" WIDTH="145" />
<SP HEIGHT="46" HPOS="918" VPOS="3966" WIDTH="25" />
<String CONTENT="A" HEIGHT="39" HPOS="944" VPOS="3966" WIDTH="41" />
<SP HEIGHT="41" HPOS="986" VPOS="3966" WIDTH="25" />
<String CONTENT="ad" HEIGHT="40" HPOS="1012" VPOS="3967" WIDTH="60" />
<SP HEIGHT="40" HPOS="1073" VPOS="3966" WIDTH="29" />
<String CONTENT="int." HEIGHT="41" HPOS="1103" VPOS="3966" WIDTH="88" />
<SP HEIGHT="39" HPOS="1192" VPOS="3968" WIDTH="25" />
<String CONTENT="17640;" HEIGHT="48" HPOS="1218" VPOS="3966" WIDTH="172" />
<SP HEIGHT="37" HPOS="1391" VPOS="3978" WIDTH="29" />
<String CONTENT="pubd." HEIGHT="46" HPOS="1421" VPOS="3969" WIDTH="143" />
<SP HEIGHT="39" HPOS="1565" VPOS="3968" WIDTH="31" />
<String CONTENT="Feb." HEIGHT="40" HPOS="1597" VPOS="3968" WIDTH="111" />
<SP HEIGHT="40" HPOS="1709" VPOS="3968" WIDTH="27" />
<String CONTENT="3;" CS="1" HEIGHT="40" HPOS="1737" VPOS="3968" WIDTH="25" />
<SP HEIGHT="42" HPOS="1792" VPOS="3968" WIDTH="30" />
<String CONTENT="W." HEIGHT="40" HPOS="1823" VPOS="3968" WIDTH="73" />
<SP HEIGHT="42" HPOS="1897" VPOS="3967" WIDTH="29" />
<String CONTENT="Cory," HEIGHT="47" HPOS="1927" VPOS="3967" WIDTH="140" />
<SP HEIGHT="44" HPOS="2068" VPOS="3967" WIDTH="28" />
<String CONTENT="Hampton" HEIGHT="48" HPOS="2097" VPOS="3965" WIDTH="248" />
</TextLine>
<TextLine HEIGHT="54" HPOS="414" VPOS="4021" WIDTH="1251">
<String CONTENT="on-Thames," HEIGHT="47" HPOS="414" VPOS="4021" WIDTH="306" />
<SP HEIGHT="45" HPOS="721" VPOS="4023" WIDTH="30" />
<String CONTENT="Middlesex," HEIGHT="43" HPOS="752" VPOS="4022" WIDTH="284" />
<SP HEIGHT="40" HPOS="1037" VPOS="4025" WIDTH="32" />
<String CONTENT="England." HEIGHT="48" HPOS="1070" VPOS="4024" WIDTH="239" />
<SP HEIGHT="49" HPOS="1310" VPOS="4024" WIDTH="69" />
<String CONTENT="(33-11370)" HEIGHT="51" HPOS="1380" VPOS="4024" WIDTH="285" />
</TextLine>
</TextBlock>
</PrintSpace>
</Page>
</Layout>
</alto>