2582 4453
1352 4166 102 51 600

472 547 336 49 Frontispiece
837 547 344 48 accompanied
1210 548 62 47 by
1300 548 156 47 guard
1485 546 136 41 sheet
1650 546 122 41 with
1801 544 294 49 descriptive
2122 544 300 47 letterpress.

473 603 381 44 “References”:
889 615 44 37 p.
955 605 70 41 55.

471 664 163 40 Blank
669 674 148 38 pages
851 662 80 41 for
967 662 304 49 “Additions,
1307 662 253 49 clippings,
1596 662 118 41 etc.”
1751 662 96 40 and
1885 660 369 49 “Autographs”
2284 660 51 49 (2
2369 662 54 39 at

399 723 119 47 end)

405 788 53 53 ©
498 794 123 40 Mar.
655 793 74 48 28,
795 792 113 47 1933;
948 792 67 40 2c.
1054 793 97 39 and
1188 791 82 41 aff.
1308 792 115 47 Apr.
1460 792 83 47 14;
1584 792 41 39 A
1661 792 174 47 62044;
1873 792 44 43 J.
1956 792 51 39 F.
2045 792 258 47 Williams,
2342 791 76 48 jr.,

472 850 211 41 Buffalo.
757 851 283 48 (33-13233)

400 954 397 68 Willoughby,
827 959 141 53 Mrs.
1001 956 284 55 Florance
1324 955 309 67 (Barrett)

468 1033 1952 71 Alaskans all, by Barrett Willoughby … Boston and New
401 1112 179 69 York,
611 1115 325 68 Houghton
965 1112 207 57 Mifflin
1205 1133 301 50 company,
1539 1117 153 52 1933.

473 1198 47 38 x,
547 1188 87 40 234
659 1200 45 38 p.
764 1188 166 49 front.,
958 1189 174 49 plates,
1159 1190 167 49 ports.,
1354 1188 193 42 facsim.
1607 1188 57 41 21½
1697 1191 44 21 cm
1746 1220 10 11 .

745 1245 342 43 CONTENTS.—Volcanoes
1116 1247 186 50 packed
1334 1246 51 41 in
1415 1246 98 43 ice:
1548 1247 83 42 the
1665 1246 194 42 Glacier
1888 1246 155 50 priest
2073 1246 51 40 in
2154 1247 83 42 the
404 1247 2001 107 smoking

514 1303 187 49 valleys
731 1305 52 40 of
811 1303 575 51 Alaska.—Summering
1417 1305 49 39 in
1497 1305 83 41 the
1608 1316 143 30 moon
1778 1307 190 39 craters
1996 1304 51 41 of
2077 1305 211 41 Alaska:
405 1305 2001 97 further

555 1363 299 40 adventures
898 1361 52 41 of
993 1362 83 41 the
1120 1360 194 42 Glacier
1357 1361 337 50 priest.—Ben
1738 1362 223 42 Eielson:
2007 1362 198 50 pioneer
2247 1362 51 41 of
2339 1364 83 39 the

402 1418 167 42 Arctic
601 1417 422 51 skies.—Captain
1058 1419 147 41 Louis
1240 1420 158 41 Lane:
1433 1420 260 49 champion
1724 1420 72 41 ice
1827 1419 123 50 pilot
1984 1420 52 41 of
2067 1421 82 41 the
2182 1420 241 41 Arctic.—

403 1476 207 42 Harriet
646 1477 198 41 Pullen:
883 1478 191 40 mother
1108 1477 52 40 of
1195 1477 82 41 the
1311 1476 473 42 North.—‘Stroller’
1820 1477 191 41 White:
2049 1479 83 40 the
2165 1489 116 29 man
2314 1479 107 41 who

402 1536 229 42 invented
664 1537 83 40 the
777 1535 73 42 ice
881 1545 165 31 worm.

405 1604 53 53 ©
497 1608 115 48 Apr.
650 1608 69 47 12,
758 1607 142 46 1933;
941 1607 66 40 2c.
1046 1607 97 39 and
1181 1605 84 42 aff.
1301 1606 114 48 Apr.
1453 1606 83 48 17;
1577 1606 41 39 A
1653 1606 172 48 62162;
1865 1608 54 39 B.
1956 1607 327 48 Willoughby,
2324 1607 98 41 San

471 1665 277 41 Francisco.
820 1664 254 50 (33-9849)

396 1768 243 68 Wilson,
671 1770 157 55 John
860 1769 177 67 Mills,
1073 1769 171 56 1871-

469 1849 482 69 Understanding
984 1851 392 67 technocracy,
1408 1850 77 68 by
1516 1851 57 54 J.
1607 1851 80 51 M.
1723 1849 240 56 Wilson.
2067 1849 118 56 [San
2218 1851 204 68 Diego,

400 1928 197 68 Calif.,
624 1930 140 53 New
793 1947 94 36 era
917 1929 343 68 publishers,
1289 1935 17 21 c
1313 1933 153 64 1933]

475 2003 56 40 64
563 2014 42 37 p.
666 2003 58 40 20
726 2005 44 21 cm
776 2035 7 7 .

403 2057 53 54 ©
482 2062 122 41 Mar.
630 2061 70 48 23,
726 2061 142 47 1933;
896 2061 68 41 2c.
989 2062 96 40 and
1110 2060 83 43 aff.
1219 2061 122 41 Mar.
1366 2060 83 48 29;
1479 2060 41 40 A
1543 2060 173 49 61117;
1743 2061 43 41 J.
1813 2061 64 42 M.
1902 2060 201 49 Wilson,
2132 2060 98 42 San
2254 2059 167 51 Diego,

472 2119 146 42 Calif.
688 2118 256 52 (33-9068)

395 2224 244 67 Wilson,
670 2224 247 68 Walter,
950 2226 172 56 1873-

469 2306 220 53 Forced
722 2306 164 52 labor
915 2305 60 52 in
1006 2306 97 53 the
1135 2306 220 54 United
1390 2305 208 67 States,
1629 2305 76 67 by
1734 2305 224 55 Walter
1987 2304 254 68 Wilson;
2279 2305 138 53 with

398 2382 1996 149 an introduction by Theodore Dreiser. New York, International publishers [ c 1933]
472 2537 86 41 192
590 2549 44 37 p.
694 2536 58 41 19½
783 2539 15 22 cm
833 2570 7 8 .

471 2595 248 48 Prepared
757 2595 155 40 under
950 2595 82 40 the
1069 2594 237 41 direction
1345 2593 52 40 of
1433 2594 83 40 the
1553 2593 160 41 Labor
1751 2593 228 41 research
2018 2592 403 42 association.”—

444 2653 91 50 p. [4]
475 2710 296 41 “Reference
803 2709 197 42 notes”:
1035 2721 41 37 p.
1113 2709 218 42 183-186.

402 2762 53 53 ©
485 2769 123 40 Mar.
637 2768 70 48 23,
737 2768 143 47 1933;
910 2768 68 40 2c.
1007 2768 115 47 Apr.
1153 2767 54 48 1;
1237 2766 82 41 aff.
1349 2767 114 48 Apr.
1496 2766 52 47 5;
1580 2766 41 39 A
1649 2765 172 48 61207;
1854 2766 259 41 Internatl.
2143 2765 277 48 publishers

470 2835 82 38 co.,
586 2826 91 41 inc.
749 2824 285 51 (33-10953)

395 2929 413 69 Winterstein,
839 2933 187 65 Hans,
1059 2931 172 57 1879-

448 3007 1967 149 Schlaf und traum, von professor dr. Hans Winterstein … l. bis 5. tausend, mit 22 abbildungen. Berlin, J. Springer,
400 3168 153 51 1932.

472 3238 28 40 3
532 3250 43 37 p.
646 3271 8 15 l.,
690 3240 98 46 134,
827 3239 54 51 [2]
918 3251 43 38 p.
1023 3239 128 42 illus.
1214 3239 55 42 18½
1303 3242 43 22 cm
1352 3273 7 7 .
1433 3240 193 49 (Added
1663 3242 122 46 t.-p.:
1816 3240 374 42 Verständliche
401 3241 1999 97 Wissenschaft.
642 3297 70 41 18.
743 3298 101 48 bd.)

402 3350 2012 52 © Sept. 27, 1932; 1c. Feb. 21, 1933; A-Foreign 19831; Julius Springer.
482 3411 254 48 (33-9535)

394 3515 218 66 Wirth,
642 3518 286 54 Fremont
953 3517 216 66 Philip.

469 3591 1881 73 A history of American progress, by Fremont P. Wirth …
400 3672 2012 70 and Waddy Thompson … Boston, New York [etc.] D. C.
397 3748 886 72 Heath and company [ c 1933]
474 3821 82 47 vii,
589 3823 100 45 522,
721 3826 120 39 xxxi
873 3838 43 37 p.
977 3826 168 43 front.,
1177 3827 144 46 illus.,
1354 3837 140 39 maps
1522 3826 136 50 (part
1689 3828 199 47 double)
1957 3827 57 41 20½
2046 3830 45 21 cm
2095 3860 8 8 .

474 3879 141 51 Maps
643 3894 59 29 on
730 3882 368 50 lining-papers.

475 3936 307 51 “Readings”
812 3943 53 38 at
891 3941 93 40 end
1015 3940 52 41 of
1094 3941 118 41 each
1243 3940 218 50 chapter.

402 3991 53 53 ©
487 3997 122 39 Mar.
640 3997 70 45 17,
741 3997 140 42 1933:
916 3998 66 39 2c.
1013 3998 114 47 Apr.
1159 3998 51 41 1:
1243 3997 82 40 aff.
1357 3999 113 46 Apr.
1503 3998 82 42 19:
1618 3998 41 39 A
1687 3998 171 43 62233;
1892 4000 50 41 F.
1974 4001 50 38 P.
2054 4000 176 41 Wirth.
470 4000 1926 102 Nashville,

629 4056 94 38 and
753 4055 194 47 Waddy
972 4055 290 48 Thompson,
1295 4055 218 41 Atlanta.
1586 4055 282 49 (33-11149)
