2582 4453
1273 4107 105 53 382

324 406 266 68 Menger,
622 408 165 68 Karl,
821 414 173 51 1902-

396 487 482 70 Kurventheorie,
918 508 111 34 von
1070 490 150 53 Karl
1259 492 256 69 Menger.
1591 492 180 69 Hrsg.
1808 499 169 47 unter
2014 493 110 54 mit
2162 494 187 54 arbeit

326 584 110 36 von
486 566 193 71 Georg
726 568 305 69 Nöbeling.
1105 569 244 71 Leipzig
1395 570 119 54 und
1562 573 220 68 Berlin,
1831 575 67 51 B.
1947 574 70 55 G.
2065 574 281 69 Teubner,

328 649 151 51 1932.

399 721 62 48 vi,
494 722 100 46 374,
631 721 56 50 [2]
722 732 42 38 p.
826 721 55 41 23½
916 724 44 21 cm
966 755 8 7 .
1047 723 195 49 (Added
1277 726 121 47 t.-p.:
1432 726 536 48 Mengentheoretisehe
2002 727 263 48 geometrie
2300 730 49 39 in

328 778 841 50 einzeldarstellungen … bd. II )
330 832 1656 58 © Dec. 10, 1932; 1c. Feb. 21, 1933; A-Foreign 19813; B.
2024 842 51 42 G.
2111 843 237 40 Teubner.

325 940 390 67 Miomandre,
747 941 251 55 Francis
1027 943 88 64 de,
1150 947 172 51 1880-

459 1018 1887 71 … Les égarements de Blandine, roman. Paris, J. Ferenczi
325 1104 45 50 &
404 1100 90 55 fils
534 1104 195 65 [c1932]

399 1174 842 51 3 p. l., 11-249, [1] p., 1 l. 18 cm .
329 1242 2020 54 © Nov. 3, 1932; 1c. Jan. 21, 1933; A- Foreign 19424; J. Ferenczi & fils.
407 1304 253 49 (33-8112)

323 1410 301 54 Missouri.
701 1412 87 54 St.
826 1411 193 67 Louis,
1059 1412 229 52 Kansas
1329 1408 135 70 City
1501 1409 116 53 and
1654 1406 361 71 Springfield
2053 1414 189 48 courts
2282 1408 64 70 of

393 1492 253 67 appeals.

396 1565 1948 73 Cases determined … reported for the St. Louis court of
326 1647 1952 71 appeals, July 7, 1931, to April 5, 1932, by Alphonso Howe …
323 1727 96 53 for
455 1729 96 53 the
587 1730 229 52 Kansas
852 1728 137 69 City
1025 1733 165 48 court
1223 1728 64 52 of
1322 1728 254 68 appeals,
1610 1729 154 55 June
1802 1732 82 63 15,
1920 1730 153 65 1931,
2109 1732 58 49 to
2203 1727 142 70 May

322 1805 2022 72 23, 1932, by James P. Aylward … and for the Springfield
324 1894 163 47 court
529 1887 65 54 of
636 1889 255 67 appeals,
932 1889 143 68 July
1118 1891 49 65 3,
1210 1890 152 65 1931,
1405 1892 58 47 to
1506 1887 205 53 March
1749 1886 50 69 7,
1844 1890 152 65 1932,
2038 1888 77 68 by
2154 1889 67 53 T.
2263 1889 79 52 H.

321 1966 1999 152 Douglas … v. 226. Columbia, Mo., E. W. Stephens publishing co. [ c 1932]
396 2124 103 47 xlii,
530 2123 131 48 1348,
690 2134 68 28 xx
786 2133 44 38 p.
888 2122 59 41 24
949 2126 44 21 cm
998 2155 9 9 .

329 2191 52 53 ©
411 2196 120 39 Nov.
560 2194 70 47 27,
662 2193 114 42 1932;
835 2194 68 41 2c.
933 2195 119 40 Nov.
1083 2194 57 41 28;
1201 2193 82 40 aff.
1316 2195 125 40 Mar.
1471 2194 70 49 20,
1573 2194 115 40 1933;
1749 2194 41 39 A
1819 2193 143 42 60731;
2025 2194 45 41 J.
2101 2194 56 39 D.
2191 2194 155 50 Allen,

397 2252 242 42 Jefferson
670 2252 126 49 City,
823 2253 94 40 Mo.

320 2359 216 63 Morse,
567 2358 225 53 Minnie
825 2356 351 56 Genevieve.

390 2434 1952 70 The medical secretary, by Minnie Genevieve Morse … New
322 2515 180 68 York,
529 2516 123 54 The
677 2515 338 53 Macmillan
1045 2533 301 51 company,
1378 2518 151 52 1933.

399 2591 87 39 viii
513 2602 58 37 p.,
599 2591 25 38 2
688 2621 9 17 l.,
726 2589 85 41 162
839 2601 42 37 p.
939 2590 56 41 17
998 2591 45 22 cm
1048 2622 9 9 .

395 2648 352 48 Bibliography:
809 2658 42 37 p.
884 2647 218 41 155-156.

328 2702 52 53 ©
409 2707 113 41 Feb.
549 2707 70 47 21,
648 2704 114 42 1933;
819 2704 68 42 2c.
917 2706 95 39 and
1041 2704 82 40 aff.
1155 2705 111 41 Feb.
1296 2704 55 41 23;
1411 2705 41 39 A
1481 2704 143 41 59625;
1685 2704 283 41 Macmillan
1999 2716 67 30 co.

405 2763 254 50 (33-7234)

319 2869 146 54 New
497 2869 164 54 York
705 2866 220 70 (State)
1014 2867 209 56 Courts
1257 2868 64 68 of
1351 2867 217 57 record.

454 2947 1886 69 … The miscellaneous reports. Cases decided in the Courts
322 3027 63 53 of
422 3028 199 52 record
657 3027 63 53 of
754 3027 98 53 the
886 3030 148 50 state
1070 3027 63 53 of
1170 3029 140 52 New
1348 3027 164 53 York
1548 3027 163 53 other
1746 3028 142 53 than
1923 3029 98 52 the
2060 3028 181 55 Court
2276 3029 64 55 of

322 3108 235 67 appeals
609 3107 113 52 and
774 3107 96 52 the
924 3106 289 68 appellate
1264 3106 250 54 division
1567 3107 63 53 of
1680 3107 96 53 the
1830 3106 278 70 Supreme
2159 3113 180 49 court.

320 3185 214 54 Austin
601 3187 66 51 B.
736 3181 222 73 Griffin,
1022 3190 276 64 reporter,
1374 3205 51 34 v.
1496 3189 114 49 144.
1689 3189 151 49 1932.
1922 3184 240 70 [Official
2228 3188 106 68 ed.]

321 3264 251 69 Albany,
602 3267 57 54 J.
688 3267 67 51 B.
787 3266 163 67 Lyon
981 3283 299 52 company,
1313 3269 153 50 1932.

394 3352 78 35 XV,
502 3339 86 41 984
616 3350 44 38 p.
718 3337 56 43 23½c
825 3342 26 20 m
856 3370 8 8 .

328 3393 52 53 ©
416 3399 122 39 Mar.
571 3398 39 46 7,
644 3395 141 48 1933;
820 3396 68 41 2c.
922 3396 120 40 Mar.
1078 3397 82 46 11;
1196 3396 82 41 aff.
1314 3398 122 38 Mar.
1471 3395 53 50 9;
1560 3398 41 39 A
1635 3396 170 48 59875;
1844 3399 211 39 Edward
2090 3399 44 39 J.
2170 3399 171 48 Flynn,

397 3456 248 46 secretary
681 3454 52 39 of
768 3454 82 39 the
885 3456 132 38 state
1051 3454 52 40 of
1138 3455 119 39 New
1292 3455 145 46 York,
1474 3454 50 40 in
1560 3457 130 38 trust
1726 3455 78 39 for
1842 3455 82 40 the
1960 3456 176 40 benefit
2173 3457 54 39 of
2261 3457 83 39 the

395 3513 168 47 people
589 3511 53 40 of
666 3511 82 40 the
774 3513 143 45 state,
944 3511 205 48 Albany,
1176 3512 57 40 N.
1260 3512 53 40 Y.

322 3615 252 64 Oregon.
650 3618 280 65 Supreme
964 3621 176 48 court.

449 3682 1888 84 Reports of cases decided … Bryan Goodenough, reporter,
324 3790 47 34 v.
427 3777 114 48 140.
619 3773 175 53 From
844 3775 154 52 June
1046 3777 85 64 21,
1185 3778 134 48 1932
1370 3780 57 48 to
1480 3776 320 53 November
1855 3779 81 64 15,
1988 3779 153 49 1932.
2219 3775 116 56 San

322 3851 1712 72 Francisco, Calif., Bancroft-Whitney company [ c 1933]
395 3927 103 46 xiii,
532 3927 84 39 752
649 3938 42 36 p.
751 3927 56 39 22½
841 3929 43 21 cm
890 3959 7 7 .

328 3978 52 53 ©
414 3985 110 39 Jan.
557 3984 68 46 14,
659 3983 141 48 1933;
834 3983 67 42 2c.
935 3985 120 39 Mar.
1091 3984 81 47 22;
1209 3983 82 41 aff.
1326 3985 122 40 Mar.
1481 3986 83 47 25;
1600 3986 39 39 A
1673 3984 170 42 60796:
1881 3985 137 41 State
2051 3985 53 39 of
2136 3985 202 49 Oregon,

397 4041 175 41 Salem.
