2597 4403
1350 4108 65 50 50

420 581 103 40 The
561 581 307 48 manuscript
906 581 54 41 of
999 582 83 40 the
1123 580 172 43 “Paris
1336 581 223 42 Psalter”
1601 583 43 41 is
1684 583 262 49 preserved
1984 583 51 40 in
2074 584 83 40 the
350 583 2005 104 Bibliothèque

568 638 267 48 nationale,
878 638 158 50 Paris,
1077 640 258 47 catalogue
1373 641 206 40 number
1621 641 191 40 “Fonds
1853 640 148 41 Latin
2042 640 160 42 8824”.
2272 641 104 42 The

349 698 198 48 present
577 697 186 41 edition
796 696 222 41 includes
1049 697 113 48 only
1193 698 83 40 the
1307 699 184 47 psalms
1522 696 144 51 given
1695 698 50 40 in
1776 698 345 48 Anglo-Saxon
2151 698 223 42 metrical

350 754 300 41 translation
689 753 210 49 (psalms
928 753 202 49 51-150)
1200 756 61 49 cf.
1293 756 202 47 Introd.,
1528 767 43 37 p.
1605 754 236 50 [Vii]-xiii.

420 812 103 40 The
554 811 346 49 Anglo-Saxon
930 810 227 42 metrical
1188 812 223 49 portions
1444 812 53 41 of
1527 812 174 41 Alfred
1734 814 84 39 the
1852 811 194 42 Great’s
2076 811 301 44 translation

350 869 53 41 of
425 869 101 40 “De
548 868 334 41 consolatione
903 867 369 50 philosophiae”
1297 870 51 39 of
1372 869 239 42 Boethius
1634 870 42 41 is
1698 870 129 39 from
1851 870 139 41 three
2013 869 360 48 manuscripts:

351 927 90 40 Ms.
472 926 177 42 Cotton
680 926 126 41 Otho
835 926 57 41 A.
920 925 64 49 vi,
1013 926 52 40 in
1094 928 86 39 the
1205 926 192 41 British
1426 936 237 39 museum,
1692 928 90 40 Ms.
1814 927 186 48 Bodley
2028 925 100 50 180,
2160 928 97 40 and
2286 929 91 40 Ms.

351 984 181 42 Junius
562 984 70 47 12,
662 984 50 39 in
742 984 83 40 the
855 984 238 41 Bodleian
1124 984 203 47 library.
1386 984 103 40 The
1517 984 294 49 authorship
1840 984 53 41 of
1921 986 84 39 the
2033 984 345 48 Anglo-Saxon

350 1044 181 39 meters
567 1041 53 41 of
655 1040 240 42 Boethius
928 1040 43 41 is
1006 1044 85 38 not
1128 1040 251 50 definitely
1415 1042 317 48 determined,
1767 1042 88 41 but
1891 1041 255 41 evidences
2180 1043 112 40 lead
2328 1045 48 38 to

352 1099 255 49 assigning
631 1099 84 41 the
739 1099 137 40 work
901 1100 53 39 to
975 1098 175 41 Alfred
1175 1099 83 40 the
1284 1098 150 41 Great.
1504 1100 62 49 cf.
1594 1099 201 48 Introd.,
1822 1109 44 38 p.
1891 1098 325 42 xxxv-xlviii.

422 1155 357 50 Bibliography
813 1155 53 42 of
901 1156 84 40 the
1021 1155 144 41 Paris
1199 1156 222 40 Psalter:
1460 1166 43 38 p.
1540 1155 355 48 xxxiii-xxxv;
1935 1156 355 49 Bibliography
2328 1156 52 41 of

352 1214 83 41 the
462 1216 182 39 meters
671 1213 53 42 of
751 1212 267 42 Boethius:
1048 1223 44 39 p.
1120 1212 132 41 li-lv.

359 1271 52 53 ©
437 1276 112 40 Dec.
574 1275 70 47 21,
670 1273 142 49 1932;
838 1274 69 41 2c.
932 1273 115 41 Dec.
1071 1273 85 48 23;
1185 1272 81 41 aff.
1295 1272 111 41 Jan.
1431 1273 70 48 17,
1527 1272 143 48 1933;
1696 1273 43 39 A
1764 1272 172 48 58955;
1967 1272 252 42 Columbia
2249 1270 132 44 univ.

427 1342 152 39 press.
652 1330 254 51 (33-2302)

354 1438 244 67 Boston,
629 1438 183 55 Orlan
843 1437 277 66 William,
1155 1443 174 50 1891-

426 1517 399 69 Engineering
857 1518 145 67 shop
1036 1518 268 67 practice.
1380 1517 246 52 Volume
1687 1558 8 8 I.
1773 1518 91 67 By
1899 1516 184 55 Orlan
2115 1516 263 55 William

355 1597 220 53 Boston
615 1639 56 10 …
751 1597 140 52 New
926 1596 182 67 York,
1143 1599 54 53 J.
1231 1595 195 70 Wiley
1457 1599 45 51 &
1535 1614 146 49 sons,
1714 1595 139 68 inc.;
1888 1596 262 68 London,
354 1594 1998 135 Chapman

517 1681 45 50 &
589 1677 164 69 Hall,
782 1676 245 68 limited,
1060 1679 154 52 1933.

428 1749 1152 52 3 p. l., iii-vi, 539 p. illus., diagrs. 23½ cm .
429 1809 354 48 Bibliography
813 1810 52 39 at
896 1809 93 40 end
1020 1809 51 40 of
1101 1809 121 39 each
1251 1808 203 48 chapter
1485 1808 174 48 except
1685 1816 106 33 one.

362 1862 52 53 ©
440 1867 111 41 Jan.
575 1866 71 48 18,
669 1865 114 42 1933
803 1877 9 29 :
838 1867 69 41 2c.
932 1867 97 39 and
1053 1865 83 42 aff.
1162 1866 111 41 Jan.
1298 1865 84 48 20;
1409 1866 42 39 A
1475 1864 171 49 59032;
1674 1865 53 41 O.
1752 1866 72 40 W.
1851 1865 199 47 Boston,
2077 1864 108 40 Ann
2212 1864 172 42 Arbor.

442 1923 230 49 (33-2400)

357 2015 875 67 Br á zdov á , Amelie (Posse)
431 2092 315 57 Sardinian
783 2093 296 69 sideshow,
1118 2093 75 69 by
1233 2091 224 55 Amelie
1493 2091 533 67 Posse-Brázdová;
2067 2089 320 56 translated

359 2172 153 54 from
539 2172 98 55 the
667 2171 275 55 Swedish.
1009 2171 139 54 New
1181 2170 179 69 York,
1389 2170 69 52 E.
1489 2171 65 51 P.
1586 2170 223 54 Dutton
1838 2171 46 50 &
1912 2187 97 50 co.,
2037 2170 110 52 inc.
2184 2202 12 35 [
2201 2175 18 21 c
2225 2171 134 49 1933
2366 2201 13 35 ]

428 2244 66 48 ix,
525 2244 86 41 261
640 2255 44 39 p.
741 2243 131 45 illus.
929 2244 58 40 22½
1019 2246 45 22 cm
1069 2276 9 10 .

430 2300 167 43 “First
628 2301 230 42 edition.”

365 2359 52 52 ©
451 2363 110 41 Jan.
594 2363 41 47 3,
667 2361 143 49 1933;
844 2361 69 42 2c.
947 2363 96 39 and
1076 2361 84 42 aff.
1193 2362 111 40 Jan.
1338 2362 54 47 5;
1427 2361 42 39 A
1501 2360 171 48 58700;
1709 2361 53 40 E.
1796 2361 52 40 P.
1882 2360 190 40 Dutton
2108 2359 37 41 &
2178 2370 83 37 co.,
2294 2358 90 42 inc.

444 2419 284 51 (33-27001)

363 2520 332 57 California
734 2524 113 53 and
888 2521 214 55 Pacific
1144 2524 207 68 digest,
1391 2522 271 70 covering
1702 2523 80 52 all
1820 2541 152 35 cases
2012 2520 270 72 reported
2320 2518 65 54 in

434 2600 330 55 California
825 2608 243 63 reports,
1129 2604 332 57 1850-1931,
1519 2600 214 57 Pacific
1792 2606 277 64 reporter,
2128 2601 253 51 volumes

437 2683 189 66 1-300,
657 2682 113 53 and
804 2683 76 52 all
913 2682 64 53 of
1006 2683 98 52 the
1133 2680 215 56 Pacific
1378 2686 176 50 states
1584 2686 226 65 reports
1841 2680 157 53 from
2028 2680 99 52 the
2155 2678 231 54 earliest

434 2760 167 55 times
641 2805 56 9 …
780 2761 304 69 Compiled
1121 2762 113 53 and
1269 2761 193 54 edited
1496 2762 76 69 by
1605 2762 97 53 the
1734 2759 345 71 publisher’s
2114 2758 271 54 editorial

433 2836 138 57 staff.
662 2858 52 36 v.
743 2844 191 51 29-31.
1014 2840 82 57 St.
1126 2843 167 52 Paul.
1319 2843 164 54 West
1509 2840 340 71 publishing
1876 2858 97 50 co.,
2003 2841 153 50 1932.

434 2916 26 41 3
489 2927 44 29 v.
590 2915 61 41 26
651 2917 44 22 cm
699 2947 9 8 .

780 2984 46 30 CONTENTS.—v.
867 2972 71 43 29.
979 2972 585 43 Names-Partition.—v.
1606 2971 73 43 30.
362 2969 2029 101 Partnership-Pleading.—v.
438 3028 71 42 31.

540 3029 410 48 Pledges-Public
977 3032 159 41 lands.

366 3100 44 29 v.
436 3086 70 49 29,
532 3088 71 42 30.
632 3084 52 53 ©
712 3088 100 41 Dec
852 3088 70 48 28,
949 3087 143 48 1932;
1121 3100 42 28 v.
1191 3089 71 48 31,
1291 3084 53 52 ©
1373 3088 113 41 Dec.
1512 3086 84 50 29;
1624 3087 68 41 2c.
1720 3087 120 40 each
1868 3085 109 41 Jan.
2007 3085 69 47 11,
2105 3082 143 49 1933;
2279 3083 109 43 affs.

439 3145 112 41 Jan.
579 3145 83 48 12;
693 3146 43 39 A
764 3145 351 48 58839-58841;
1147 3147 136 40 West
1311 3146 112 48 pub.
1454 3155 66 30 co.

367 3241 271 67 Cassidy,
670 3243 332 65 Appolonia
1031 3245 207 64 Helen,
1272 3262 180 51 comp.

438 3317 312 57 American
796 3321 216 55 Indian
1060 3329 91 47 art
1194 3322 201 66 series;
1441 3322 191 53 North
1676 3319 311 54 American
2032 3317 217 54 Indian
366 3316 1997 149 designs
561 3398 157 54 from

753 3400 97 53 the
885 3400 191 53 North
1113 3406 155 62 west,
1302 3401 98 53 the
1434 3399 216 54 Pacific
1686 3404 172 60 coast,
1893 3398 99 52 the
2027 3394 209 70 plains,
2274 3392 112 55 and

367 3480 136 47 east.
570 3476 410 71 Photographs
1009 3480 77 67 by
1117 3485 263 60 courtesy
1409 3478 65 55 of
1502 3477 309 54 American
1841 3493 257 36 museum
2128 3472 63 54 of
370 3478 1992 128 natural
503 3553 242 70 history,

792 3559 47 50 &
882 3556 311 54 American
1241 3557 215 53 Indian
1504 3574 274 40 museum,
1825 3554 141 53 New
2015 3552 192 67 York;
369 3569 1996 114 portraits
575 3633 239 66 painted
851 3635 75 66 by
961 3635 238 54 Winold

1236 3635 182 66 Reiss,
1453 3634 206 53 loaned
1695 3634 75 65 by
1809 3638 262 59 courtesy
2108 3630 64 53 of
2209 3629 180 55 Great

371 3708 277 54 northern
696 3709 272 70 railway;
1020 3712 163 68 quill,
1230 3712 326 65 beadwork,
1607 3712 108 52 and
1768 3710 270 66 basketry
2089 3707 302 68 designs—

371 3785 284 69 compiled
690 3787 74 69 by
799 3788 305 55 Professor
1136 3789 73 55 A.
1245 3791 65 52 L.
1346 3790 260 53 Kroeber
1646 3833 54 9 …
1740 3789 137 53 data
1912 3806 73 35 on
2017 3792 179 48 totem
2230 3786 157 67 poles

371 3863 77 69 by
499 3871 261 63 courtesy
813 3867 64 54 of
927 3867 276 55 National
1257 3887 274 46 museum,
1583 3866 250 65 Ottawa,
1884 3865 304 57 Canada…
369 3863 1994 132 Assembled
653 3944 75 68 by

762 3944 72 53 A.
870 3945 77 53 H.
983 3944 262 56 Cassidy.
1313 3947 142 52 New
1490 3945 181 67 York,
1705 3944 309 54 American
2048 3943 215 53 Indian
2298 3947 91 49 art

368 4021 171 54 series
576 4026 174 64 [1932]
