2540 4453
1124 4102 100 49 359

150 458 267 64 Sinclair,
447 456 252 55 Phoebe.

222 532 335 68 Travelling
603 537 170 61 town,
820 530 75 69 by
941 527 225 54 Phoebe
1216 525 264 56 Sinclair.
1565 524 259 65 London,
1872 522 186 52 Hurst
2108 523 44 50 &

153 611 282 67 Blackett,
466 610 103 52 ltd.
609 641 13 35 [
629 610 152 65 1933]

221 698 27 39 2
273 708 45 38 p.
365 729 23 17 l.,
418 693 175 54 [7]-286
615 704 43 38 p.
719 693 57 40 19½
807 694 45 23 cm
856 724 9 9 .

159 756 1997 62 © 1c. Mar. 28, 1933; A ad int. 17624; pubd. Jan. 27; P. Sinclair, St.
227 827 196 47 Albans,
451 822 387 46 Hertfordshire,
866 820 236 48 England.
1173 818 252 48 (33-8305)

153 928 432 56 Southeastern
614 931 287 60 reporter.

286 999 1868 75 … Temporary South eastern digest of volumes 156-165
158 1085 182 54 South
381 1090 221 48 eastern
642 1087 275 65 reporter,
958 1081 142 52 with
1140 1081 152 52 table
1334 1080 63 52 of
1439 1099 149 34 cases
1630 1079 275 69 digested,
1945 1079 75 68 by
2060 1077 97 53 the

155 1157 1997 71 editorial staff of the American digest system … [Georgia ed.]
158 1243 82 54 St.
274 1243 165 66 Paul,
469 1242 159 53 West
659 1238 336 70 publishing
1024 1257 97 50 co.,
1156 1241 150 50 1933.

229 1331 86 40 635
341 1340 44 37 p.
441 1326 55 41 24
500 1330 43 20 cm
549 1358 7 8 .

165 1396 51 52 ©
248 1401 108 39 Jan.
389 1399 69 47 14,
489 1397 140 46 1933;
662 1397 67 41 2c.
763 1397 110 41 Feb.
905 1397 81 46 13;
1021 1395 82 41 aff.
1136 1395 110 41 Feb.
1279 1395 54 40 15;
1395 1396 41 38 A
1467 1393 170 48 59535;
1672 1396 138 39 West
1838 1396 109 46 pub.
1982 1404 67 32 co.

159 1559 188 53 South
372 1566 238 46 western
634 1563 274 63 reporter.
987 1557 218 54 Second
1230 1556 185 54 series.
1493 1555 167 55 Cases
1687 1558 215 68 argued
1929 1557 113 52 and
229 1557 1907 133 determined
537 1637 60 51 in
622 1637 95 52 the
748 1637 275 67 Supreme
1050 1642 189 47 courts
1268 1635 62 52 of
1357 1634 313 70 Arkansas,
1697 1635 290 69 Missouri,
229 1637 1904 146 Tennessee,
486 1716 112 52 and
651 1717 210 54 Texas;
918 1715 207 55 Courts
1177 1714 62 53 of
1291 1717 234 66 appeals
1576 1715 62 52 of
1690 1714 306 71 Kentucky
2050 1715 111 53 and

231 1795 289 66 Missouri,
564 1796 208 54 Courts
814 1794 63 53 of
919 1794 135 52 civil
1098 1795 111 51 and
1253 1794 262 53 criminal
1562 1797 232 66 appeals
1839 1796 113 52 and
231 1794 1907 132 Commission
499 1873 62 53 of
598 1874 232 67 appeals
866 1873 63 53 of
963 1876 201 64 Texas,
1199 1872 141 53 with
1371 1873 374 69 key-number
1781 1874 381 53 annotations,

232 1971 51 34 v.
320 1956 67 48 54
431 1952 128 68 (2d)
603 1952 326 67 December,
966 1953 453 68 1932-January,
1457 1956 150 49 1933.
1686 1954 83 54 St.
1803 1955 166 67 Paul,
2003 1956 161 53 West

232 2030 336 69 publishing
596 2049 98 48 co.,
726 2034 149 49 1933.

237 2118 115 47 xvii,
385 2116 114 41 1207
531 2128 43 37 p.
634 2116 56 40 26
694 2119 44 20 cm
742 2148 8 7 .

171 2186 51 51 ©
251 2190 111 40 Feb.
389 2188 70 48 23,
486 2187 141 48 1933;
656 2187 67 40 2c.
753 2188 122 39 Mar.
903 2187 82 47 10;
1016 2187 82 40 aff.
1127 2188 122 39 Mar.
1278 2190 81 46 13;
1390 2191 41 38 A
1459 2190 142 41 59863;
1662 2192 133 39 West
1824 2192 109 47 pub.
1963 2202 67 30 co.

164 2293 295 63 Stamper,
491 2291 238 64 Joseph.

300 2364 1869 71 … “The Bote upon the watter.” London, Hutchinson & co.,
166 2446 104 56 ltd.
305 2448 173 67 [1933]

241 2533 27 39 4
292 2543 42 38 p.
382 2564 23 18 l.,
431 2531 174 42 13-288
627 2540 45 40 p.
731 2531 56 40 19
790 2533 44 22 cm
839 2563 8 9 .

241 2603 64 41 At
329 2603 124 40 head
479 2603 52 40 of
556 2602 134 41 title:
721 2602 73 46 By
820 2601 180 48 Joseph
1030 2600 236 48 Stamper.

175 2669 1997 52 © 1c. Mar. 24, 1933; A ad int. 17609; pubd. Jan. 27; J. Stamper, Barrow-
242 2730 298 41 in-Furness.
570 2731 236 46 England.
878 2730 251 48 (33-8307)

171 2831 263 54 Svensen,
484 2833 135 54 Carl
646 2833 168 64 Lars,
847 2837 170 50 1884-

240 2910 266 53 Machine
548 2909 289 68 drawing;
884 2930 31 33 a
956 2914 121 49 text
1119 2911 113 52 and
1273 2910 257 67 problem
1570 2908 148 54 book
1759 2907 93 56 for
1892 2911 280 53 technical

171 2987 1999 69 students and draftsmen, by Carl L. Svensen … 2d ed. 425
173 3065 397 64 illustrations,
622 3070 99 47 333
774 3066 301 68 problems.
1151 3067 138 52 New
1343 3064 180 70 York,
1574 3068 101 52 D..
1697 3068 131 53 Van
1880 3069 291 54 Nostrand

172 3144 663 69 company, inc. [ c 1933]
245 3218 65 50 ix,
335 3219 87 40 248
446 3230 43 37 p.
548 3217 144 50 illus.,
720 3217 178 49 diagrs.
958 3219 56 40 23½
1046 3220 45 23 cm
1095 3250 10 9 .

180 3286 51 52 ©
258 3291 109 39 Feb.
393 3291 68 40 13.
488 3290 140 47 1933;
656 3291 68 40 2c.
751 3292 121 39 Mar.
898 3293 51 45 1;
979 3291 80 40 aff.
1090 3292 110 40 Feb.
1225 3292 82 47 28;
1336 3293 40 38 A
1402 3293 169 47 59723;
1602 3294 57 41 D.
1685 3296 107 39 Van
1818 3296 247 41 Nostrand
2093 3308 80 37 co.,

247 3346 88 41 inc.
410 3346 251 50 (33-5297)

176 3447 175 67 Tead,
381 3450 273 66 Ordway,
686 3456 170 49 1891-

247 3526 305 54 Personnel
603 3526 490 68 administration;
1145 3528 73 55 its
1268 3528 309 70 principles
1628 3533 113 52 and
1789 3533 265 69 practice,
2102 3534 74 69 by

179 3600 252 70 Ordway
456 3604 155 51 Tead
637 3606 111 51 and
772 3605 202 67 Henry
1000 3605 61 55 C.
1088 3606 257 66 Metcalf,
1457 3650 9 9 PH.
1532 3652 9 8 D.
1603 3609 69 51 3d
1701 3609 103 68 ed.,
1827 3611 349 70 thoroughly

179 3696 111 37 rev.
373 3679 135 53 New
556 3680 160 53 York
763 3682 113 56 and
921 3683 255 68 London,
1220 3683 426 54 McGraw-Hill
1691 3687 145 52 book
1882 3706 293 53 company,

178 3754 125 65 inc.,
335 3759 148 49 1933.

248 3826 97 49 xiv,
379 3827 86 41 519
496 3839 43 38 p.
600 3828 178 50 diagrs.
842 3831 55 41 23½
930 3832 45 23 cm
979 3863 9 9 .

251 3897 247 43 “Selected
530 3901 300 41 references”
860 3905 52 38 at
939 3904 92 39 end
1061 3905 51 38 of
1141 3907 127 38 most
1297 3906 51 39 of
1378 3906 81 40 the
1490 3907 240 48 chapters.

185 3967 51 51 ©
262 3972 118 40 Mar.
406 3973 38 47 8,
470 3973 111 42 1933;
633 3975 68 41 2c.
725 3977 122 40 Mar.
870 3975 53 47 9;
950 3976 82 40 aff.
1057 3978 121 40 Mar.
1203 3978 81 41 18:
1312 3979 39 38 A
1375 3980 170 47 61006;
1574 3983 348 40 McGraw-Hill
1949 3986 121 37 book
2095 3996 82 38 co.,

251 4027 91 42 inc.
413 4030 249 49 (33-6759)
