2540 4453
1154 4076 98 49 335

179 439 258 65 Vachell,
467 441 228 51 Horace
726 437 317 63 Annesley.

246 518 221 53 Vicar’s
497 516 166 52 walk.
737 515 162 67 chap.
933 518 63 49 11
1038 513 271 69 (contd.),
1342 515 80 52 12.

263 593 83 48 (In
375 587 344 51 Birmingham
751 585 187 52 weekly
971 587 127 49 post,
1129 583 114 42 Feb.
1277 584 72 49 25,
1382 583 143 49 1933)

187 645 51 52 ©
293 660 36 29 1c.
354 649 112 46 Apr.
490 646 69 47 24,
585 645 140 48 1933;
751 645 41 39 A
816 646 61 39 ad
903 644 86 40 int.
1015 644 169 45 17717;
1212 644 140 47 pubd.
1382 644 110 38 Feb.
1519 643 82 46 25;
1630 642 61 41 H.
1718 641 53 40 A.
1798 640 211 46 Vachell,
2037 640 144 45 Bath,

254 706 234 47 England.

183 807 145 63 Van,
359 805 155 64 Billy
542 806 87 63 B.,
662 804 171 55 1870-

254 882 195 68 “Snap
475 887 99 47 out
597 880 64 54 of
685 880 117 53 it!”
862 881 91 67 By
979 878 160 68 Billy
1164 879 67 51 B.
1258 878 158 66 Van;
1446 876 381 54 illustrations
1853 876 75 69 by
1953 876 233 68 August

188 959 257 55 William
515 957 211 54 Hutaf.
836 959 233 64 Boston,
1123 956 191 65 Mass.,
1368 956 122 52 The
1546 954 302 55 Stratford
1901 971 279 51 company

189 1040 193 66 [c1933]

256 1113 26 38 2
307 1123 44 37 p.
399 1144 23 16 l.,
449 1111 68 47 iii,
546 1111 88 40 109
656 1122 41 37 p.
753 1111 165 47 front.,
947 1109 128 41 illus.
1131 1109 114 40 18cm.

189 1165 51 52 ©
271 1171 109 39 Jan.
410 1170 68 44 13,
509 1167 139 47 1933;
680 1168 67 40 2c.
778 1168 110 39 Jan.
918 1167 82 46 16;
1033 1166 81 40 aff.
1146 1167 108 39 Jan.
1286 1164 81 48 19;
1400 1165 40 39 A
1471 1164 170 48 58951;
1677 1165 250 41 Stratford
1959 1175 82 36 co.,
257 1164 1911 102 publishers.
518 1225 249 48 (33-6647)

185 1327 418 64 Vermorcken,
633 1329 138 51 Mrs.
806 1325 307 54 Elizabeth
1155 1324 381 68 (Moorhead)

256 1400 1932 71 The forbidden tree, by Elizabeth Moorhead … Indianapolis,
187 1482 121 52 The
337 1480 444 54 Bobbs-Merrill
811 1497 281 51 company
1145 1481 174 65 [c1933]

256 1553 88 41 336
369 1565 43 37 p.
473 1553 145 40 19½cm.

262 1609 163 41 “First
454 1608 226 42 edition.”

193 1662 51 52 ©
279 1669 121 39 Mar.
433 1668 39 45 1,
506 1666 140 47 1933;
680 1666 67 41 2c.
782 1667 118 39 Mar.
935 1667 25 40 3;
1024 1666 82 40 aff.
1141 1667 121 39 Mar.
1296 1666 52 45 6;
1385 1667 40 38 A
1458 1665 170 48 60712;
1666 1667 52 39 E.
1754 1667 61 38 M.
1852 1666 337 49 Vermorcken,

262 1723 299 50 Pittsburgh.
633 1723 249 49 (33-6706)

188 1826 317 67 Wallgren,
534 1827 193 54 Abian
755 1828 72 55 A.

261 1906 121 52 The
410 1905 72 53 A.
513 1905 65 53 E.
609 1905 65 52 F.
706 1906 60 51 in
794 1908 250 64 cartoon,
1071 1904 76 68 by
1174 1903 192 54 Abian
1394 1904 72 55 A.
1493 1904 327 68 Wallgren;
1855 1904 153 54 from
2037 1905 153 52 “The

193 1982 162 56 Stars
385 1984 110 52 and
525 1981 259 70 stripes”,
813 1982 199 53 official
1042 2000 334 51 newspaper
1404 1982 64 53 of
1496 1984 96 53 the
1621 1982 72 55 A.
1724 1983 67 54 E.
1820 1984 96 67 F.;
1949 1982 140 54 with
2120 2003 73 35 an

192 2061 390 53 introduction
616 2061 75 69 by
726 2061 329 53 Alexander
1089 2061 311 54 Woollcott
1435 2062 113 53 and
1585 2081 31 33 a
1653 2061 134 54 libel
1821 2062 76 69 by
1932 2061 157 54 John
2125 2064 66 51 T.

192 2139 336 56 Winterich.
602 2138 426 69 Philadelphia,
1063 2140 72 53 D.
1172 2138 219 56 Sowers
1425 2142 46 51 &
1504 2157 297 52 company,
1838 2143 150 51 1933.

282 2213 69 50 [76]
384 2225 43 37 p.
487 2213 127 40 illus.
674 2212 147 42 30½cm.

265 2270 288 41 Illustrated
580 2269 362 49 lining-papers.

199 2323 51 52 ©
282 2329 121 38 Mar.
434 2328 39 47 1,
505 2327 139 42 1933;
678 2328 68 39 2c.
778 2329 95 39 and
905 2327 81 40 aff.
1020 2329 121 39 Mar.
1174 2328 81 47 10;
1289 2328 41 39 A
1361 2328 170 48 59824;
1566 2331 54 40 A.
1653 2331 53 40 A.
1740 2331 261 48 Wallgren,
265 2331 1911 102 Philadelphia.
545 2384 250 48 (33-6796)

193 2487 140 54 War
362 2487 167 69 diary
556 2488 63 54 of
649 2507 31 33 a
709 2487 224 54 British
961 2488 236 54 airman.
1278 2490 365 66 [Instalment
1671 2495 48 63 6]

277 2563 82 48 (In
386 2559 202 43 London
617 2559 201 51 Sunday
849 2559 244 52 pictorial,
1123 2560 114 43 Dec.
1298 2563 42 48 18,
1372 2562 143 49 1932)

201 2615 51 52 ©
309 2628 38 32 1c.
375 2619 110 40 Feb.
514 2620 68 44 15,
610 2619 140 41 1933;
781 2620 41 37 A
849 2620 61 39 ad
937 2619 86 40 int.
1052 2620 170 46 17531;
1251 2621 141 47 pubd.
1423 2622 111 40 Dec.
1565 2623 67 45 18,
1663 2621 141 47 1932;
1836 2623 182 46 Gladys
2049 2625 148 39 Maud

270 2676 252 40 Cockburn
552 2676 174 47 Lange,
758 2676 321 48 Manchester,
1111 2677 235 47 England.

199 2778 201 64 Webb,
428 2778 148 54 Jean
606 2778 263 55 Francis.

273 2895 57 11 …
365 2853 154 54 Love
549 2854 135 69 they
715 2860 168 48 must.
953 2855 138 53 New
1127 2855 181 69 York,
1340 2857 50 53 I.
1424 2857 347 69 Washburn,
1808 2862 150 51 1933.

268 2926 88 40 viii
383 2937 57 37 p.,
466 2927 24 38 1
538 2958 22 16 l.,
588 2926 172 42 11-303
787 2939 43 37 p.
888 2928 146 43 19½cm.

206 2979 51 53 ©
285 2985 120 39 Mar.
434 2985 67 41 15,
529 2983 139 49 1933;
697 2985 67 41 2c.
793 2987 120 39 Mar.
942 2986 81 47 10;
1054 2987 82 40 aff.
1165 2989 122 39 Mar.
1388 3000 8 35 18;
1426 2989 40 39 A
1494 2988 170 48 59984;
1695 2991 44 40 J.
1768 2991 50 39 F.
1849 2991 160 43 Webb.
2040 2992 162 40 White

272 3041 179 48 Plains,
477 3042 55 39 N.
560 3043 53 39 Y.
683 3042 251 48 (33-6708)

202 3141 288 66 Webster,
521 3144 251 60 Hutton,
807 3145 169 56 1875-

203 3220 1974 155 Early European civilization, by Hutton Webster … Boston, New York [etc.] D. C. Heath and company [c1933]
274 3372 101 47 xlii,
403 3373 86 40 768
512 3384 43 37 p.
616 3375 85 40 col.
726 3374 163 49 front.,
915 3376 142 47 illus.,
1084 3378 170 47 plates,
1281 3380 162 46 ports.,
1470 3390 136 37 maps
1635 3379 136 50 (part
1796 3383 198 47 double)
2055 3384 146 43 20½cm.

277 3430 127 39 “The
438 3431 121 39 book
592 3430 41 41 is
665 3432 147 39 based
846 3443 58 29 on
938 3435 81 38 the
1052 3432 217 41 author’s
1303 3436 151 47 Early
1486 3438 257 47 European
1777 3438 425 48 history.”—Pref.

276 3485 342 47 “Suggestions
645 3488 78 39 for
749 3489 195 40 further
972 3490 173 46 study”
1165 3501 9 29 :
1204 3502 43 37 p.
1274 3492 336 43 xxvii-xxxix.

210 3545 52 53 ©
290 3551 120 39 Mar.
437 3552 38 47 1,
503 3552 140 47 1933;
671 3560 67 33 2c.
766 3554 121 41 Mar.
986 3568 9 34 10;
1024 3555 81 41 aff.
1134 3557 122 39 Mar.
1285 3557 80 48 15;
1395 3559 34 38 A
1463 3558 169 49 59910;
1662 3562 60 39 H.
1751 3562 234 49 Webster,
280 3562 1906 92 Princeton,
405 3609 55 39 N.
490 3609 43 39 J.
604 3609 249 48 (33-6794)

209 3706 288 67 Webster,
526 3711 191 66 Noah,
751 3712 324 58 1758-1843.

278 3785 272 54 National
588 3788 322 70 dictionary
945 3791 63 53 of
1043 3794 95 51 the
1176 3795 246 68 English
1456 3798 300 68 language,
1791 3800 171 54 based
1999 3820 73 34 on
2108 3803 95 52 the

211 3860 308 72 principles
549 3866 340 57 established
919 3871 76 67 by
1025 3873 165 52 Noah
1218 3874 261 56 Webster
1508 3879 112 52 and
1653 3878 297 69 including
1981 3899 31 33 a
211 3899 1968 95 practical
373 3941 169 69 guide
571 3951 58 47 to
657 3946 253 55 business
939 3949 263 69 English,
1233 3950 549 75 self-pronouncing,
1812 3958 282 68 carefully
2121 3979 83 34 re-
