2484 4405
1040 4087 99 53 873

108 451 242 66 Barton,
377 452 223 56 Walter
629 451 222 66 Elbert,
881 457 171 49 1886-

181 532 240 52 Federal
461 530 216 54 income
720 531 112 52 and
875 535 174 48 estate
1090 535 99 47 tax
1230 530 155 65 laws,
1425 528 312 53 correlated
1781 529 112 52 and
109 546 1972 131 annotated,
315 609 169 67 being
518 627 72 34 an
627 608 333 53 annotation
995 609 113 52 and
1144 607 337 54 correlation
1517 607 64 52 of
1615 609 95 50 the
1744 606 229 54 Income
2007 612 96 46 tax

110 693 115 48 acts
262 688 65 51 of
364 691 149 61 1918,
553 689 149 64 1921,
742 690 149 61 1924,
931 690 148 63 1926,
1120 689 132 49 1928
1290 687 110 51 and
1440 689 150 59 1932,
1627 686 111 52 and
1776 686 95 51 the
1908 686 197 52 Estate

109 772 97 47 tax
237 770 116 49 acts
383 765 63 53 of
480 768 150 63 1916,
662 766 151 66 1917,
846 768 150 57 1918,
1030 767 150 65 1921,
1215 767 134 50 1924
1379 765 110 52 and
1525 766 151 65 1926,
1706 763 138 53 with
107 764 1972 134 amendments.
379 844 139 54 Also
546 844 331 69 containing
901 844 95 53 the
1021 842 133 56 Gift
1181 850 96 47 tax
1304 847 116 50 acts
1445 842 63 54 of
1536 846 134 49 1924
1695 844 110 52 and
1835 846 151 59 1932,
2011 843 94 53 the

108 925 239 53 Revised
405 928 255 55 statutes,
715 924 360 66 bankruptcy
1133 923 108 51 and
1301 921 428 54 constitutional
1786 922 319 69 provisions

107 1001 1992 69 applicable to federal taxation, by Walter E. Barton … and
107 1079 1972 150 Carroll W. Browning … Washington, D. C., J. Byrne & company, 1933.
177 1235 114 47 xvii,
321 1235 83 40 591
434 1245 44 37 p.
536 1234 116 39 26cm.

178 1292 167 40 “Fifth
376 1289 225 43 edition.”

110 1359 52 52 ©
188 1365 126 38 June
339 1365 39 46 7,
405 1363 140 46 1933;
574 1364 66 38 2c.
667 1364 95 38 and
788 1362 82 40 aff.
897 1363 127 38 June
1049 1364 52 43 8;
1132 1363 40 38 A
1198 1362 170 47 62927;
1398 1364 72 40 W.
1497 1365 53 41 E.
1578 1365 186 39 Barton
1791 1366 94 39 and
1913 1366 189 39 Carroll

177 1422 68 40 W.
277 1420 273 49 Browning,
582 1420 334 48 Washington.
987 1420 280 48 (33-15634)

102 1523 251 66 Benson,
383 1524 246 56 Charles
656 1525 205 65 Emile,
892 1530 170 50 1881-

179 1601 1919 69 Psychology for teachers, by Charles E. Benson … James E.
108 1679 1989 69 Lough … Charles E. Skinner … Paul Y. West … Rev. ed.
107 1758 230 65 Boston,
364 1758 134 53 New
531 1758 159 51 York
721 1762 136 64 [etc.]
890 1757 152 53 Ginn
1073 1759 112 52 and
1214 1776 277 51 company
1523 1762 191 65 [c1933]

173 1829 61 47 vi,
264 1829 86 40 490
380 1841 43 37 p.
482 1830 141 47 illus.,
655 1830 177 47 diagrs.
892 1830 146 40 20½cm.

174 1886 347 49 Bibliography
552 1890 51 37 at
634 1888 91 39 end
757 1887 51 39 of
840 1889 117 39 each
989 1889 216 46 chapter.

109 1958 51 51 ©
189 1963 113 46 May
330 1962 39 46 2,
400 1962 112 40 1933;
569 1963 68 39 2c.
666 1962 126 39 June
819 1962 54 47 3;
905 1961 81 40 aff.
1017 1962 130 39 June
1173 1963 54 44 2;
1258 1962 41 38 A
1328 1962 170 47 63010;
1532 1962 126 41 Ginn
1689 1964 36 40 &
1753 1975 68 29 co.

185 2018 279 50 (33-15526)

106 2123 226 66 [Booth,
361 2124 224 53 Walter
615 2123 308 67 Sherman]

171 2201 119 53 The
319 2201 210 68 village
557 2204 230 50 manual
817 2202 94 52 for
939 2202 93 52 the
1062 2207 145 47 state
1236 2203 63 51 of
1326 2204 337 52 Minnesota.
1739 2206 55 51 A
1823 2206 275 66 complete

99 2278 172 70 guide
299 2280 95 52 for
418 2280 210 69 village
655 2277 208 57 officers
892 2281 59 53 in
977 2281 152 52 their
1156 2282 228 52 various
1414 2282 185 53 duties
1627 2284 180 51 under
1836 2285 94 50 the
1960 2286 137 52 laws

100 2359 63 51 of
198 2358 341 54 Minnesota.
615 2362 89 66 By
738 2361 192 53 James
966 2363 70 50 D.
1077 2359 242 56 Shearer
1354 2362 111 51 and
1504 2362 234 53 Charles
1773 2364 66 50 R.
1878 2365 217 51 Butler.

101 2439 130 51 14th
259 2439 84 53 ed.
418 2439 168 67 June,
617 2442 149 49 1933.
841 2439 403 68 Minneapolis,
1271 2440 202 68 Minn.,
1499 2442 222 54 Walter
1752 2442 55 55 S.
1837 2443 187 53 Booth
2052 2447 44 49 &

98 2537 118 47 son,
241 2519 108 52 inc.
400 2521 173 63 [c1933]

171 2593 86 40 598
291 2604 41 37 p.
399 2592 145 41 19½cm.

108 2659 51 51 ©
191 2664 114 47 July
334 2663 39 46 6,
404 2663 112 40 1933;
576 2663 65 40 2c.
673 2664 95 39 and
798 2662 81 41 aff.
911 2664 116 47 July
1058 2663 82 47 10;
1173 2663 39 39 A
1242 2663 171 47 64260;
1447 2665 187 39 Walter
1668 2666 43 40 S.
1744 2667 157 39 Booth
1932 2667 36 39 &
1999 2676 99 36 son,

173 2720 89 40 inc.

99 2819 197 68 Colby,
328 2822 244 55 Charles
601 2823 248 67 Carlyle,
879 2826 171 50 1884-
1262 2825 83 52 ed.

271 2901 1826 72 … Geographic surveys. Geographic surveying [by] Vernor
101 2979 61 54 C.
194 2979 210 66 Finch;
438 2979 395 53 Montfort—a
863 2980 170 69 study
1063 2981 60 52 in
1152 2981 305 68 landscape
1485 2986 164 64 types
1678 2982 59 52 in
101 2984 1970 127 southwestern
237 3058 319 55 Wisconsin
617 3059 92 67 [by]
811 3077 166 34 Vernor
1016 3058 62 54 C.
1119 3057 211 69 Finch;
1371 3060 346 68 Magdalena
1755 3062 339 69 Atlipac—a

99 3138 170 69 study
312 3138 58 53 in
411 3143 220 48 terrene
673 3156 321 50 occupancy
1036 3137 59 53 in
1137 3137 223 55 Mexico
1407 3139 108 68 [by]
1563 3140 213 57 Robert
1819 3142 56 55 S.
1918 3144 175 55 Platt.

101 3217 211 53 Edited
341 3218 74 67 by
447 3216 234 54 Charles
714 3216 61 54 C.
809 3216 196 68 Colby.
1082 3216 270 70 Chicago,
1383 3219 113 68 Ill.,
1526 3219 143 53 Pub.
1704 3220 93 54 for
1827 3221 94 54 the
98 3224 1972 141 Geographic
366 3295 210 69 society
603 3295 65 52 of
697 3295 251 68 Chicago
975 3295 76 68 by
1078 3296 95 52 the
1202 3296 336 70 University
1566 3298 65 52 of
1659 3298 251 70 Chicago
1940 3320 155 49 press

106 3379 170 63 [1933]

169 3449 103 46 xiii,
307 3449 55 40 75
397 3459 43 37 p.
503 3447 142 47 illus.,
682 3457 135 38 maps
845 3446 134 49 (part
1013 3446 145 47 fold.)
1229 3448 56 38 24cm.
1419 3450 123 48 (The
1579 3450 300 48 Geographic
1913 3455 182 48 society

99 3507 51 39 of
178 3506 221 47 Chicago.
462 3505 215 39 Bulletin
705 3516 73 29 no.
807 3505 51 48 9)

104 3575 51 51 ©
187 3580 112 45 May
329 3579 68 45 23,
429 3577 140 46 1933;
601 3577 67 39 2c.
699 3577 95 38 and
825 3575 81 41 aff.
938 3577 114 46 May
1081 3575 84 47 26;
1198 3576 42 39 A
1269 3577 171 48 62776;
1475 3579 283 50 University
1789 3583 51 40 of
1872 3584 222 48 Chicago,

172 3635 222 47 Chicago.
465 3633 278 49 (33-15618)

98 3739 235 64 Conlon,
359 3739 220 53 James.

168 3815 240 53 Federal
444 3818 98 49 tax
580 3814 309 67 procedure
926 3813 112 52 and
1076 3816 262 66 appeals;
1379 3835 31 34 a
1448 3816 230 56 treatise
1715 3839 71 34 on
1825 3824 97 52 the
97 3830 1972 129 statutes,
271 3892 366 69 regulations,
673 3898 159 47 court
870 3890 293 68 decisions,
1201 3893 192 53 Board
1430 3894 65 51 of
1531 3899 98 48 tax
1664 3902 234 63 appeals
98 3904 1967 136 opinions,
269 3971 291 67 decisions,
592 3971 191 52 orders
817 3971 112 51 and
962 3968 198 68 forms,
1192 3971 285 69 Treasury
1509 3975 295 71 decisions,
1835 3980 261 57 Internal
