2582 4453
1312 4153 101 55 1078

364 466 235 69 Meany,
629 468 270 54 Edmond
930 467 282 67 Stephen,
1245 473 173 51 1862-
1632 468 85 56 ed.

436 546 245 53 Lincoln
744 547 276 53 esteemed
1083 545 409 70 Washington,
1555 546 78 70 by
1696 546 271 54 Edmond
2035 544 58 57 S.
2159 546 230 72 Meany.

369 624 235 69 Seattle,
632 625 66 54 F.
729 623 353 71 McCaffrey,
1115 627 152 51 1933.

443 697 1237 50 5 p. l., 9-57 p. mounted front. (port.) 21 cm .
441 756 174 41 “From
663 766 265 30 numerous
977 765 196 30 sources
1221 756 139 41 there
1409 766 85 30 are
1542 756 116 40 here
1707 755 272 41 assembled
2028 756 129 40 from
2206 757 184 48 letters,

367 814 228 47 speeches
628 814 97 39 and
754 812 385 49 proclamations
1171 813 84 40 the
1286 814 160 39 words
1480 812 53 41 of
1565 811 202 42 Lincoln
1801 813 222 48 showing
2052 813 79 41 his
2163 815 230 40 constant

367 872 96 39 and
491 870 263 41 continued
781 872 181 39 esteem
990 870 53 41 of
1070 868 565 50 Washington.”—Pref.

369 938 52 53 ©
448 944 118 47 July
589 944 40 46 8,
655 943 142 48 1933;
826 944 68 40 2c.
920 944 97 39 and
1042 942 83 41 aff.
1152 942 117 48 July
1294 941 84 48 27;
1406 942 42 39 A
1471 942 172 47 63704;
1674 942 167 41 Frank
1869 942 290 50 McCaffrey,
2192 942 200 43 Seattle.

448 1000 284 49 (33-19786)

371 1105 381 68 [Negligence
785 1106 116 53 and
937 1105 447 64 compensation
1420 1120 171 39 cases
1622 1107 348 68 annotated]

439 1183 278 55 Common
747 1203 156 36 sense
933 1184 174 53 index
1135 1184 64 54 of
1229 1186 254 51 volumes
1512 1187 174 50 29-32
1715 1186 71 53 N.
1820 1186 62 55 C.
1914 1185 64 56 C.
2007 1185 73 55 A.
2115 1228 57 10 …
365 1185 1999 149 Chicago,
555 1265 324 69 Callaghan
911 1265 113 53 and
1053 1283 301 51 company,
1383 1268 153 50 1933.

440 1340 287 48 cover-title,
756 1339 88 42 428
872 1351 43 37 p.
971 1340 57 40 25
1031 1342 45 21 cm
1081 1373 7 7 .

370 1393 52 53 ©
449 1399 121 48 Aug.
596 1398 39 48 8,
662 1396 114 42 1933;
831 1398 67 40 2c.
925 1399 97 39 and
1048 1397 83 41 aff.
1158 1397 121 49 Aug.
1306 1397 82 47 10;
1417 1398 41 39 A
1485 1397 171 48 64693;
1688 1397 275 49 Callaghan
1987 1397 37 41 &
2050 1408 68 30 co.

366 1499 208 68 Nolan,
602 1502 208 54 James
833 1502 281 64 Bennett,
1146 1501 174 56 1877-

436 1579 227 54 Annals
694 1578 65 54 of
787 1580 98 53 the
915 1579 164 53 Penn
1108 1596 221 51 square,
1359 1578 268 71 Beading
1663 1578 94 70 [by]
1810 1578 57 55 J.
1901 1580 252 53 Bennett
2182 1580 207 55 Nolan.

367 1657 431 69 Philadelphia,
823 1657 343 70 University
1192 1656 65 55 of
1281 1657 431 70 Pennsylvania
1737 1675 177 52 press,
1942 1659 152 52 1933.

441 1732 28 38 4
493 1742 44 38 p.
585 1763 22 17 l.,
636 1731 86 41 106
748 1741 43 39 p.
852 1731 166 49 front.,
1045 1741 79 38 pl.,
1147 1733 153 46 ports.
1361 1730 55 40 21
1421 1732 45 22 cm
1470 1762 9 10 .

784 1789 103 40 CONTENTS.—The
933 1790 96 45 day
1073 1788 53 41 of
1169 1787 565 49 wrath.—Hauptmann
1778 1787 353 43 Wiederhold’s
368 1789 2026 99 diary.—The
506 1846 192 48 baiting
733 1846 53 41 of

818 1846 172 40 Albert
1025 1843 515 50 Gallatin.—Stephen
1577 1844 223 42 Girard’s
1837 1845 431 43 nankeens.—The
367 1847 2008 105 pilgrim
515 1904 129 41 from
669 1902 459 42 Parnassus.—The

1153 1902 134 48 King
1310 1902 53 41 of
1391 1901 151 50 Spain
1566 1903 234 41 descends
1828 1904 53 40 at
369 1902 2005 108 Herr’s.—Entrancing
479 1962 172 50 Fanny
679 1960 217 42 Kemble.

371 2017 52 53 ©
465 2022 118 47 July
621 2020 70 48 19,
733 2020 113 40 1933;
917 2020 67 40 2c.
1026 2019 117 48 July
1182 2019 84 47 26;
1309 2017 82 42 aff.
1434 2019 117 48 July
1590 2019 84 47 25;
1715 2019 43 39 A
1799 2019 171 49 63700;
2015 2020 286 48 University
2342 2021 55 39 of

437 2077 363 50 Pennsylvania
832 2089 149 38 press.
1059 2076 283 49 (33-19785)

365 2184 282 66 Nutting,
675 2182 277 67 Wallace,
986 2184 174 52 1861-

437 2263 317 53 Furniture
791 2268 265 64 treasury
1104 2262 237 69 (mostly
1379 2261 63 53 of
1478 2261 311 54 American
1826 2260 218 71 origin)
2131 2262 188 71 Being
2356 2282 32 34 a

367 2344 199 52 record
596 2342 64 54 of
689 2343 312 69 designers,
1029 2341 207 54 details
1266 2340 65 56 of
1359 2341 229 70 designs
1618 2342 114 52 and
1759 2346 303 64 structure,
2092 2342 141 53 with
2263 2344 125 53 lists

367 2423 64 53 of
457 2422 159 55 clock
639 2422 226 53 makers
891 2422 61 52 in
979 2421 288 69 America,
1296 2421 114 53 and
1438 2440 31 33 a
1497 2423 261 67 glossary
1785 2421 63 52 of
1876 2421 294 53 furniture
2197 2428 192 64 terms,

366 2501 186 71 richly
598 2502 329 53 illustrated
971 2502 76 69 by
1089 2502 256 54 Wallace
1391 2500 282 70 Nutting;
1722 2500 292 70 drawings
2058 2502 75 67 by
2179 2503 211 53 Ernest

366 2582 158 55 John
570 2582 292 68 Donnelly
916 2624 57 9 …
1070 2581 245 53 Volume
1441 2622 9 10 III.
1545 2580 437 70 Framingham,
2030 2584 192 65 Mass.,
2272 2582 117 56 Old

365 2662 856 68 American company [ c 1933]
439 2738 27 40 5
491 2748 43 38 p.
584 2768 22 16 l.,
634 2736 149 41 3-550
808 2747 43 37 p.
907 2735 144 49 illus.,
1080 2735 182 48 diagrs.
1319 2733 60 41 28
1379 2736 44 21 cm
1429 2766 8 8 .

440 2795 231 41 Sub-title
697 2793 177 42 varies.

373 2848 52 53 ©
452 2853 120 48 Aug.
601 2852 69 46 15,
698 2851 142 47 1933;
871 2851 66 39 2c.
965 2850 122 48 Aug.
1115 2850 82 42 17;
1228 2848 82 41 aff.
1340 2849 121 48 Aug.
1490 2849 82 46 16;
1602 2849 42 39 A
1671 2848 171 48 63934;
1873 2850 71 39 W.

1974 2849 222 48 Nutting,
443 2851 1931 108 Framingham,
688 2910 147 40 Mass.

370 3011 216 58 Pacific
640 3018 276 64 reporter.
995 3009 223 57 Second
1271 3010 186 54 series.
1536 3011 170 55 Cases
1763 3013 217 68 argued
2036 3014 112 52 and
438 3014 1924 132 determined
658 3093 60 52 in

745 3093 96 52 the
872 3093 278 67 Supreme
1179 3095 189 50 courts
1397 3089 64 54 of
1491 3089 346 68 California,
1865 3092 245 68 Kansas,
2139 3093 249 69 Oregon,

442 3173 403 68 Washington,
889 3171 304 67 Colorado,
1233 3172 300 63 Montana,
1573 3169 274 68 Arizona,
1889 3172 254 55 Nevada,
2185 3174 203 70 Idaho,

439 3252 332 69 Wyoming,
818 3251 178 68 Utah,
1041 3252 140 52 New
1227 3250 242 66 Mexico,
1517 3249 342 60 Oklahoma,
1906 3251 245 54 District
2199 3258 188 49 courts

441 3332 63 53 of
544 3334 207 66 appeal
791 3330 113 52 and
942 3330 288 68 appellate
1269 3329 366 68 department
1673 3328 62 53 of
1775 3330 95 53 the
1911 3329 276 69 Superior
2227 3338 161 48 court

443 3412 62 52 of
543 3409 329 57 California
908 3409 112 52 and
1060 3407 283 56 Criminal
1378 3413 164 49 court
1576 3407 64 52 of
1675 3410 234 66 appeals
1946 3411 63 51 of
2046 3410 342 69 Oklahoma,

441 3490 143 53 with
611 3491 109 65 key
748 3489 241 52 number
1019 3486 382 55 annotations,
1478 3506 49 32 v.
1559 3490 67 49 20
1666 3487 128 68 (2d)
1831 3487 372 72 April-May,
2237 3495 148 49 1933.

444 3568 84 56 St.
557 3569 166 56 Paul,
748 3571 163 53 West
937 3566 340 70 publishing
1304 3584 97 49 co.,

1432 3569 149 51 1933.

440 3645 136 47 xviii,
606 3645 116 39 1214
748 3654 45 38 p.
849 3643 60 41 26
909 3644 44 22 cm
958 3673 7 7 .

377 3699 52 53 ©
460 3704 118 40 July
605 3702 70 46 21,
707 3701 140 45 1933;
881 3700 67 40 2c.
979 3699 119 46 Aug.
1132 3700 51 45 7;
1218 3696 83 41 aff.
1331 3697 120 46 Aug.
1484 3696 52 47 9;
1569 3697 44 38 A
1641 3697 170 46 63853;
1846 3697 137 40 West
2013 3699 107 47 pub.
2152 3711 68 32 co.

371 3806 328 67 Raymond,
729 3806 241 65 Ernest,
996 3805 176 52 1888-

448 3884 347 53 Newtimber
822 3883 156 65 lane;
1006 3881 173 67 being
1206 3900 31 33 a
1261 3875 236 68 writing
1522 3874 63 53 of
1613 3871 96 56 Sir
1736 3867 274 56 Edmund
2034 3864 261 54 Earlwin
2325 3860 62 54 of

381 3963 353 55 Cowbourne
781 3962 59 52 in
891 3958 225 67 Sussex,
1163 3957 75 67 by
1287 3955 210 52 Ernest
1545 3949 320 69 Raymond.
1949 3943 239 55 London
2261 3945 121 61 [etc.]

381 4040 213 56 Cassell
632 4040 112 53 and
779 4055 298 49 company,
1110 4033 223 55 limited
1373 4034 174 66 [1933]
