2597 4403
1378 4094 98 50 168

409 417 229 67 Jillson,
666 417 247 57 Willard
942 420 215 64 Rouse,
1187 423 173 50 1890-

481 497 55 51 A
563 497 467 67 Transylvanian
1058 497 248 66 trilogy;
1336 497 98 52 the
1460 501 160 61 story
1649 495 62 53 of
1741 495 97 53 the
1868 494 237 67 writing
2133 493 64 54 of
2226 494 200 67 Harry

411 573 318 54 Toulmin’s
759 572 137 54 1792
926 573 281 69 “History
1234 573 63 55 of
1325 572 363 69 Kentucky”,
1715 572 296 54 combined
2041 572 141 53 with
2214 591 31 34 a
2273 570 153 54 brief

411 652 197 54 sketch
643 652 63 54 of
740 651 90 54 his
865 651 107 55 life
1006 653 113 52 and
1156 672 31 34 a
1220 671 124 34 new
1377 651 430 68 bibliography,
1840 651 77 67 by
1948 650 254 55 Willard
2237 651 190 52 Rouse

412 728 2015 68 Jillson … To which are added an exact reprint of Toulmin:
415 810 154 67 1792,
604 808 114 54 and
756 828 31 34 a
824 808 286 54 facsimile
1145 807 226 69 reprint
1407 807 63 54 of
1506 807 273 54 Russell’s
1817 826 135 48 map
1989 807 63 54 of
2089 806 339 69 Kentucky:

416 886 152 55 1794.
633 885 350 70 Frankfort,
1016 885 135 70 Ky.,
1183 887 123 53 The
1342 886 311 68 Kentucky
1686 891 146 48 state
1865 885 299 54 historical
2197 886 231 68 society,

412 970 154 51 1932.

487 1039 28 39 4
539 1051 45 37 p.
629 1070 24 17 l.,
675 1038 28 42 8
727 1050 60 37 p.,
813 1038 188 50 reprint
1038 1038 170 49 (9-196
1230 1038 70 49 p.)
1339 1037 237 52 [197]-204
1598 1050 44 37 p.
1669 1037 111 42 incl.
1804 1037 167 48 front.,
1997 1037 128 42 illus.
2156 1038 264 50 (facsims.)

415 1096 26 39 2
467 1106 139 40 maps
636 1096 14 49 (1
712 1096 144 48 fold.)
926 1095 118 42 22cm.

490 1153 208 49 Reprint
738 1154 91 39 has
871 1152 138 42 title:
1052 1152 255 49 Thoughts
1348 1164 61 29 on
1448 1152 307 50 emigration.
1824 1153 70 40 To
1932 1152 160 41 which
2133 1162 84 32 are
2258 1154 174 47 added,

417 1210 375 41 miscellaneous
829 1210 339 41 observations
1205 1209 214 50 relating
1455 1212 50 38 to
1542 1210 84 41 the
1664 1210 180 41 United
1886 1209 164 42 States
2088 1210 52 41 of
2176 1210 253 42 America:

417 1267 2014 50 and a short account of the state of Kentucky … Printed in October,
416 1325 130 43 1792.

489 1382 103 42 The
626 1382 177 41 second
836 1384 116 48 part
987 1382 52 41 of
1071 1382 84 41 the
1191 1381 204 50 reprint,
1429 1381 121 41 with
1585 1381 244 42 facsimile
1863 1382 51 41 of
1949 1382 212 50 original
2193 1385 114 47 t.-p.,
2342 1384 90 40 has

418 1439 137 42 title:
590 1439 40 39 A
662 1438 300 51 description
996 1439 51 42 of
1079 1439 262 48 Kentucky
1372 1439 51 40 in
1457 1438 158 42 North
1649 1438 253 42 America:
1937 1441 50 39 to
2017 1440 161 40 which
2212 1450 84 31 are
418 1452 1997 87 prefixed
577 1496 374 42 miscellaneous
983 1496 339 41 observations
1354 1496 277 49 respecting
1660 1497 81 41 the
1773 1496 182 42 United
1989 1496 178 43 States.
2230 1498 202 41 Printed

418 1557 49 38 in
496 1556 284 46 November,
812 1554 130 41 1792.

491 1612 164 41 “First
684 1611 201 48 edition,
914 1610 86 41 200
1031 1609 206 49 copies.”

492 1667 381 51 “Bibliography
901 1667 52 42 of
981 1667 169 48 Harry
1176 1666 285 41 Toulmin”:
1489 1679 44 37 p.
1566 1666 249 51 [199]-204.

419 1723 51 53 ©
511 1728 112 39 Dec.
662 1728 71 47 24,
770 1725 143 48 1932;
954 1726 68 40 2c.
1062 1725 111 40 Dec.
1213 1725 83 41 27;
1339 1723 81 41 aff.
1462 1724 114 41 Dec.
1613 1723 83 49 29;
1738 1725 41 39 A
1818 1725 172 48 58956;
2032 1727 72 41 W.
2144 1727 57 40 R.
2241 1725 193 48 Jillson,

488 1785 287 48 Frankfort,
802 1784 93 47 Ky.
967 1782 254 50 (33-3855)

414 1858 287 66 Johnson,
732 1858 245 66 Clifton.,
1010 1862 174 51 1865-

485 1937 262 55 Historic
782 1935 358 69 Hampshire
1177 1934 59 54 in
1272 1935 97 54 the
1406 1933 374 56 Connecticut
1816 1934 218 70 valley;
2071 1935 364 70 happenings

418 2019 56 52 in
507 2036 31 34 a
570 2015 303 68 charming
905 2015 97 53 old
1034 2015 140 52 New
1208 2012 274 70 England
1514 2019 211 63 county
1758 2013 155 54 from
1945 2015 97 54 the
2073 2012 138 57 time
2243 2014 66 53 of
2338 2013 97 53 the

415 2091 2016 150 dinosaur down to about 1900, by Clifton Johnson … 200 illustrations. Springfield, Mass., Milton Bradley company [c1932]
487 2249 28 39 4
550 2261 42 37 p.
628 2249 46 47 l.,
709 2246 90 42 406
830 2259 44 37 p.
935 2247 88 40 col.
1057 2246 166 45 front.,
1259 2246 130 39 illus.
1419 2244 135 47 (incl.
1589 2244 137 50 map)
1794 2245 150 41 21½cm.

420 2301 52 53 ©
503 2306 118 48 July
650 2306 69 48 11,
749 2304 141 47 1932;
923 2304 68 40 2c.
1023 2303 129 49 Sept.
1180 2303 84 47 30;
1297 2303 83 41 aff.
1411 2303 111 40 Feb.
1553 2303 41 47 3,
1624 2302 142 48 1933;
1799 2304 42 39 A
1869 2302 172 49 59365;
2075 2303 363 50 Northampton

488 2363 256 41 historical
777 2373 109 36 soc.,
920 2361 375 48 Northampton,
1332 2362 148 39 Mass.
1552 2360 792 49 (33-26878)1151

416 2439 199 63 Jones,
653 2437 154 64 Amy
838 2435 373 65 Heminway.

489 2514 97 52 An
637 2512 244 55 amiable
935 2512 331 67 adventure,
1318 2512 76 68 by
1445 2512 153 69 Amy
1652 2512 343 69 Heminway
2048 2512 192 69 Jones,
2293 2511 141 54 with

417 2591 292 68 drawings
753 2591 74 68 by
873 2589 206 55 Louise
1124 2589 315 54 Beckwith.
1523 2590 136 51 New
1708 2589 180 68 York,
1933 2590 121 52 The
2100 2589 334 53 Macmillan

416 2687 298 50 company,
747 2671 152 51 1933.

484 2741 29 37 5
541 2751 44 38 p.
649 2772 9 16 l.,
687 2740 87 41 162
802 2752 44 37 p.
902 2739 144 48 illus.,
1078 2741 173 47 plates.
1309 2740 117 40 20cm.

487 2799 115 47 Map
633 2808 61 30 on
724 2797 367 48 lining-papers.

422 2854 52 52 ©
507 2858 112 41 Feb.
650 2860 39 44 7,
720 2856 141 44 1933;
894 2858 70 40 2c.
994 2858 95 39 and
1121 2856 82 41 aff.
1236 2857 110 40 Feb.
1380 2857 52 47 8;
1466 2857 42 38 A
1537 2855 143 42 59325;
1742 2856 284 41 Macmillan
2059 2869 66 30 co.

501 2915 254 49 (33-3817)

417 2981 243 68 Jordan,
689 2982 260 54 Riverda
978 2980 292 66 Harding,
1303 2984 173 53 1873-

489 3062 152 51 How
692 3066 58 49 to
804 3061 190 68 study,
1046 3060 75 69 by
1174 3060 254 53 Riverda
1480 3061 276 70 Harding
1808 3063 241 54 Jordan.
2138 3063 296 66 Menasha,

417 3140 159 68 Wis.,
612 3140 225 69 George
871 3142 190 51 Banta
1095 3139 339 69 publishing
1466 3158 283 51 company
1789 3144 193 65 [c1932]

490 3213 85 41 105
602 3224 58 37 p.,
689 3214 24 38 1
762 3246 8 9 l.
796 3212 111 41 incl.
935 3213 144 41 illus..
1107 3214 169 47 diagr.,
1303 3212 170 41 forms.
1533 3213 146 42 23½cm.

491 3271 103 40 “An
627 3272 334 45 enlargement
995 3272 95 39 and
1126 3270 213 41 revision
1373 3271 53 40 of
1459 3282 27 29 a
1523 3272 190 39 similar
1747 3273 198 38 manual
1982 3273 238 48 prepared
2258 3275 59 45 by
2352 3274 81 39 the

419 3328 181 40 author
632 3338 132 30 some
797 3337 144 38 years
975 3338 90 38 ago
1097 3328 80 40 for
1210 3329 83 40 the
1326 3328 91 39 Phi
1450 3339 191 38 gamma
1676 3330 131 40 delta
1842 3329 269 49 fraternity
2149 3331 170 48 [under
2353 3332 81 39 the

419 3385 110 41 title
554 3387 41 38 A
623 3387 199 38 manual
850 3396 59 30 on
937 3386 107 39 how
1073 3389 48 37 to
1149 3385 532 50 study]”—Foreword.

491 3441 255 50 “Battling
779 3443 99 41 .300
911 3443 48 39 in
993 3444 194 46 college,
1222 3444 60 46 by
1316 3443 204 41 Charles
1553 3445 72 40 W.
1658 3443 133 41 Hill”
1811 3455 9 29 :
1855 3455 44 37 p.
1933 3445 187 40 71-105.

423 3496 51 53 ©
502 3502 117 47 July
646 3502 68 41 13.
742 3500 140 47 1932;
912 3500 69 43 2c.
1008 3501 111 40 Feb.
1147 3503 69 46 11,
1244 3501 141 47 1933;
1416 3501 83 42 aff.
1526 3503 122 38 Mar.
1677 3502 82 47 18;
1789 3503 40 39 A
1856 3502 173 46 59419;
2061 3504 187 48 George
2273 3504 159 41 Banta

490 3559 111 47 pub.
629 3570 68 28 co.
769 3558 251 46 (33-4037)

417 3625 345 63 Junghann,
794 3626 161 54 Otto.

489 3700 274 55 National
807 3699 317 57 minorities
1171 3702 59 53 in
1278 3701 250 69 Europe,
1570 3703 77 67 by
1694 3701 138 56 Otto
1877 3703 335 69 Junghann.
2293 3704 138 55 New

422 3779 178 59 York,
635 3776 213 62 Covici.
881 3777 206 55 Friede
1123 3783 176 64 [c1932]

487 3850 78 40 121
603 3861 43 37 p.
706 3849 128 43 illus.
863 3850 188 50 (maps)
1093 3850 154 50 diagr.
1307 3852 147 42 19½cm.

490 3906 379 50 Bibliography:
907 3919 42 37 p.
985 3908 218 41 120-121.

422 3962 52 53 ©
504 3967 103 41 Oct.
635 3967 68 43 20,
735 3967 141 42 1932:
907 3968 67 41 2c.
1003 3968 117 40 Nov.
1150 3968 82 42 28:
1298 3968 48 39 aff.
1378 3970 118 40 Nov.
1525 3969 82 48 26;
1640 3971 37 38 A
1707 3969 172 49 59372;
1912 3970 178 48 Covici,
2122 3971 187 42 Friede.
2340 3971 92 42 inc.

496 4023 283 49 (33-27027)
