2484 4405
1120 4083 134 53 1709

177 433 308 68 Rockwell,
518 432 315 56 Frederick
866 434 172 64 Frye,
1074 436 171 50 1884-

311 503 1866 77 … Peonies, by F. F. Rockwell; with an introduction by C. C.
182 590 300 67 Sherlock;
513 591 290 67 drawings
829 590 74 67 by
930 588 221 68 George
1183 587 279 53 Hollrock
1490 586 109 52 and
1628 586 95 53 the
1753 584 222 53 author.
2039 583 138 52 New

183 668 176 68 York,
385 669 120 52 The
535 666 334 55 Macmillan
899 684 298 50 company,
1228 668 150 50 1933.

252 737 1927 54 x, [2], 73 p. front., illus., plates. 19 ½ cm . (H is The home garden
180 798 303 46 handbooks)

182 862 2000 55 © Dec. 5, 1933; 2c. and aff. Dec. 6; A 67378; F. F. Rockwell, Saugerties,
246 927 56 40 N.
335 927 50 39 Y.
456 926 279 48 (33-36961)

180 1027 243 67 Roeder,
456 1028 209 65 Ralph,
702 1031 170 49 1890-

250 1107 119 53 The
410 1125 132 35 man
586 1106 65 54 of
691 1107 94 53 the
829 1105 353 54 renaissance;
1259 1104 132 53 four
1432 1104 301 68 lawgivers:
1808 1103 370 66 Savonarola,

183 1182 383 69 Machiavelli,
620 1181 367 70 Castiglione,
1039 1182 258 67 Aretino,
1349 1180 73 68 by
1475 1180 191 68 Ralph
1720 1179 234 52 Roeder.
2044 1178 134 52 New

186 1260 175 68 York,
391 1261 119 54 The
541 1259 220 69 Viking
791 1277 172 51 press,
996 1262 150 49 1933.

251 1331 1089 50 viii p., 3 l., 3-540 p., 1 l. ports. 24½ cm .
184 1389 50 52 ©
265 1395 109 39 Dec.
404 1395 39 45 1,
472 1393 112 40 1933;
642 1394 66 38 2c.
739 1395 110 37 Dec.
879 1393 30 38 4;
964 1391 81 41 aff.
1075 1394 114 38 Dec.
1217 1390 27 40 2;
1302 1392 41 38 A
1372 1391 142 40 68383;
1575 1391 55 40 R.
1661 1391 202 47 Roeder,
1894 1392 117 39 New
2040 1390 145 40 York.

259 1450 279 50 (33-36995)

183 1551 245 67 Rogers,
458 1552 219 55 Austin
705 1551 177 66 Flint,
913 1555 171 51 1877-

251 1629 1935 70 Thin-section mineralogy, by Austin F. Rogers … and Paul
184 1708 2002 67 F. Kerr … 1st ed. New York and London, McGraw-Hill
181 1788 147 53 book
354 1805 297 50 company,
678 1788 127 66 inc.,
836 1791 149 50 1933.

251 1860 103 48 xiii,
385 1862 83 40 311
501 1870 42 38 p.
604 1860 142 50 illus.,
779 1861 176 49 diagrs.
987 1860 48 49 (1
1069 1860 199 48 double)
1337 1860 56 42 23½
1425 1864 43 21 cm
1473 1892 9 9 .

253 1918 222 40 Includes
509 1917 391 50 bibliographies.

184 1971 52 53 ©
261 1976 117 41 Nov.
404 1975 68 49 29,
499 1976 112 39 1933;
666 1975 68 40 2c.
761 1976 110 39 Dec.
899 1976 25 38 2;
981 1974 81 42 aff.
1090 1976 113 39 Dec.
1229 1976 25 38 5;
1310 1975 40 38 A
1377 1975 147 40 68395;
1578 1974 350 40 McGraw-Hill
1957 1975 122 39 book
2105 1985 83 36 co.,

253 2034 88 39 inc.
417 2033 279 47 (33-36973)

186 2133 244 64 Rogers,
459 2138 218 52 Ernest
706 2135 180 63 Elias,
914 2139 172 50 1866-
1299 2137 84 55 ed.

316 2213 1876 69 … Connecticut’s Naval office at New London during the war
187 2291 65 53 of
292 2293 95 51 the
431 2291 306 54 American
783 2291 341 68 revolution,
1167 2292 300 68 including
1511 2294 94 52 the
1649 2293 332 53 mercantile
2025 2293 167 52 letter

186 2369 2006 70 book of Nathaniel Shaw, jr., by Ernest E. Rogers … New
182 2449 258 65 London,
472 2448 197 67 Conn.,
700 2452 151 50 1933.

187 2520 1986 99 xvii, 358 p. front., plates, ports., maps, facsims. 24½cm. (Collections … the
539 2579 117 40 New
684 2579 198 41 London
911 2580 177 47 county
1120 2578 254 42 historical
1405 2578 196 49 society,
1662 2579 92 42 vol.
1836 2580 13 48 II)

257 2636 139 47 Maps
432 2635 291 48 (facsimiles
763 2636 51 40 of
854 2637 68 39 “A
958 2636 170 41 sketch
1166 2637 51 39 of
1253 2637 117 39 New
1406 2636 199 41 London
1643 2637 37 40 &
1716 2636 196 49 Groton,
1953 2637 117 40 with
2110 2638 81 39 the

187 2692 193 41 attacks
405 2695 140 38 made
572 2704 60 29 on
657 2693 128 40 forts
813 2693 254 40 Trumbull
1095 2693 38 40 &
1161 2692 239 42 Griswold
1430 2694 61 47 by
1518 2693 81 42 the
1627 2693 189 41 British
1846 2696 163 46 troops
2039 2696 151 38 under

186 2744 1926 55 the command of Brig r : Gen l : Arnold, Sept. 6 th 1781”) on lining-papers.
259 2804 223 42 “Edition
515 2805 188 42 limited
734 2807 48 40 to
813 2806 88 42 750
929 2805 204 50 copies.”

260 2861 290 42 “Published
575 2862 127 40 from
729 2864 79 39 the
836 2862 185 42 income
1046 2863 52 40 of
1124 2863 79 40 the
1229 2864 178 39 Ernest
1433 2865 53 39 E.
1513 2864 182 47 Rogers
1721 2863 281 48 publishing
2025 2862 166 41 fund.”

258 2918 224 41 Includes
515 2920 294 47 documents,
842 2921 171 38 letters
1047 2921 95 38 and
1176 2918 342 50 manuscripts,
1552 2922 112 46 part
1696 2920 51 40 of
1780 2920 82 40 the
1895 2920 175 41 “Shaw

188 2920 1984 102 collection”,
446 2984 108 31 now
593 2975 51 40 in
684 2977 80 39 the
803 2976 275 48 possession
1117 2976 51 41 of
1207 2976 80 40 the
1327 2976 116 40 New
1482 2976 199 40 London
1720 2979 177 45 county
1938 2975 251 42 historical

186 3031 194 48 society.

258 3086 376 51 Bibliography:
667 3099 42 38 p.
758 3088 101 50 [338]

193 3140 50 53 ©
273 3146 117 40 Nov.
419 3146 67 47 16,
513 3145 113 41 1933;
685 3146 65 40 2c.
780 3146 117 40 Nov.
926 3145 81 48 25;
1039 3145 83 41 aff.
1151 3145 111 42 Dec.
1293 3146 22 39 1;
1376 3145 40 40 A
1444 3145 169 47 67363;
1646 3146 117 40 New
1792 3145 197 40 London
2017 3145 179 47 county

264 3202 251 41 historical
543 3203 194 47 society,
765 3204 117 39 New
908 3204 211 46 London,
1149 3203 146 41 Conn.
1367 3203 280 48 (33-36984)

193 3299 169 64 Rose,
392 3306 138 52 Mrs,
562 3307 174 62 Mary
763 3304 220 55 Davies
1013 3303 290 65 (Swartz)
1342 3305 172 53 1874-

261 3380 1868 71 The foundations of nutrition, by Mary Swartz Rose …
192 3455 134 55 Rev.
362 3459 84 52 ed.
517 3459 137 52 New
689 3459 179 59 York,
902 3461 119 51 The
1055 3459 336 53 Macmillan
1428 3478 297 49 company,
1762 3463 150 50 1933.

263 3531 1929 50 xi p., 1 l., 630 p. incl. illus., tables, diagrs. col. front. (port.) 20i cm .
264 3585 347 43 “References”
640 3591 52 38 at
721 3591 90 38 end
839 3589 51 40 of
918 3590 116 39 each
1062 3590 216 46 chapter.

195 3640 50 52 ©
273 3647 110 39 Dec.
411 3646 38 46 5,
478 3646 111 40 1933;
645 3647 65 40 2c.
740 3648 95 39 and
862 3647 81 41 aff.
972 3649 111 39 Dec.
1112 3648 52 45 6;
1194 3648 41 38 A
1262 3647 170 47 67379;
1464 3647 282 41 Macmillan
1772 3660 67 28 co.

269 3703 279 48 (33-36903)

193 3802 217 68 Routh,
439 3805 203 55 James
671 3807 271 61 Edward,
974 3806 173 54 1879-

263 3884 54 51 A
349 3883 306 53 handbook
688 3884 65 53 of
786 3886 147 67 good
969 3885 264 69 English,
1267 3886 230 53 treatise
1528 3905 71 34 on
1634 3886 245 70 English
194 3886 1970 127 composition

350 3961 1836 71 for college students and others, by James Routh … and
