2568 4328
1372 4079 65 50 12

387 404 218 66 Roche,
635 405 237 54 Arthur
900 406 260 65 Somers,
1191 411 173 51 1883-

457 483 125 55 The
628 489 164 64 great
841 483 328 70 abduction,
1216 485 76 68 by
1338 483 230 56 Arthur
1617 484 229 57 Somers
1892 485 194 54 Roche
2137 527 58 12 …
2274 486 141 54 New

389 562 1446 71 York, Sears publishing company, inc. [ c 1933]
457 636 627 50 3 p. l., 3-298 p. 19 ½ cm .
393 690 52 53 ©
483 695 112 41 Jan.
628 695 41 48 3,
706 694 114 42 1933;
886 694 69 41 2c.
992 695 112 40 Jan.
1139 696 53 46 7;
1232 694 83 42 aff.
1353 694 111 42 Jan.
1502 695 53 48 6;
1594 696 42 39 A
1672 695 172 49 57820;
1883 696 55 41 A.
1979 695 45 42 S.
2062 696 177 49 Boche,
2277 696 138 40 Palm

460 752 179 47 Beach,
668 752 104 40 Fla.
844 752 200 48 (33-854
1055 752 14 49 )

387 855 249 67 Rogers,
667 856 206 55 James
904 856 280 66 Grafton,
1218 861 173 51 1883-

456 934 313 54 American
802 934 106 53 bar
941 934 250 68 leaders;
1228 934 373 70 biographies
1634 935 65 53 of
1732 936 98 54 the
1865 934 322 69 presidents
2221 935 65 54 of
2320 936 97 53 the

386 1012 312 55 American
730 1013 106 53 bar
869 1012 362 70 association,
1267 1013 332 70 1878-1928,
1632 1014 77 69 by
1741 1014 197 55 James
1972 1012 259 57 Grafton
385 1015 2008 130 Rogers.

567 1091 319 55 Published
927 1092 60 53 in
1027 1092 508 53 commemoration
1574 1092 64 53 of
1678 1093 75 54 its
1792 1091 510 70 semi-centennial,
2339 1093 78 70 by

385 1172 96 52 the
524 1170 312 54 American
880 1170 105 54 bar
1029 1169 359 54 association.
1466 1169 275 71 Chicago,
1788 1175 152 50 1932.

456 1244 100 50 xiv,
585 1245 89 40 246
702 1256 44 38 p.
807 1247 150 46 ports.
1018 1244 57 41 23½
1108 1246 45 22 cm
1158 1277 9 10 .

393 1298 52 53 ©
478 1302 104 42 Oct.
613 1302 71 49 12,
715 1301 115 42 1932;
890 1302 68 41 2c.
991 1302 120 41 Nov.
1142 1302 84 47 17;
1261 1301 82 42 aff.
1376 1302 114 41 Jan.
1521 1303 40 46 5,
1593 1300 144 51 1933;
1771 1303 43 40 A
1844 1302 173 50 58716;
2051 1304 45 40 J.
2129 1303 53 42 G.
2216 1303 200 51 Rogers,

460 1359 342 50 Washington.
873 1358 225 51 (33-722)

385 1451 377 65 Sandström,
794 1451 194 57 Flora.

453 1530 110 53 Let
598 1548 90 35 me
724 1548 73 51 go
857 1528 94 71 [by]
995 1528 177 54 Flora
1212 1528 360 56 Sandström.
1648 1529 141 55 New
1828 1528 182 72 York,
2046 1530 78 54 H.
2165 1529 62 56 C.
384 1529 2005 149 Kinsey
508 1611 52 52 &
589 1627 303 50 company,
919 1608 128 69 inc.,
1077 1611 152 50 1933.

455 1682 626 51 4 p. l., 3-296 p. 19½ cm .
389 1737 53 53 ©
478 1741 111 41 Jan.
624 1741 41 48 2,
700 1740 116 42 1933;
879 1739 69 43 2c.
983 1743 97 39 and
1117 1739 83 42 aff.
1236 1741 112 40 Jan.
1384 1741 53 47 7;
1475 1741 42 39 A
1553 1741 172 48 58744;
1765 1741 53 40 F.
1858 1741 303 49 Sandström,
2199 1742 216 41 London.

468 1798 225 50 (33-971)

386 1887 330 68 Shali͡apīn,
748 1890 191 53 Fedor
998 1889 312 67 Īvanovīch,
1342 1891 174 55 1873-

453 1968 143 54 Man
646 1969 115 53 and
808 1967 192 69 mask;
1053 1967 162 70 forty
1261 1986 166 51 years
1476 1967 62 55 in
1585 1969 98 55 the
1730 1967 108 56 life
1886 1968 65 53 of
1999 1987 31 35 a
2079 1967 212 71 singer,
2336 1970 75 69 by

385 2047 228 54 Feodor
657 2046 344 68 Chaliapin;
1046 2047 320 54 translated
1411 2046 155 54 from
1608 2047 99 55 the
1746 2047 226 55 French
2017 2046 95 56 for
2152 2048 97 54 the
2290 2047 127 55 first

385 2127 139 53 time
551 2127 77 68 by
655 2125 230 69 Phyllis
912 2125 253 69 Mégroz.
1242 2125 140 53 New
1412 2125 182 69 York,
1622 2126 72 54 A.
1723 2126 72 54 A.
1824 2125 229 71 Knopf,
2083 2130 152 50 1932.

457 2201 134 48 xxvi,
618 2201 89 41 358
735 2211 59 39 p.,
821 2200 25 40 1
875 2201 30 39 l.
967 2200 150 47 ports.
1177 2199 58 41 22½
1267 2201 45 21 cm
1317 2229 10 11 .

460 2259 131 40 “The
620 2261 169 37 events
820 2258 52 40 of
900 2256 162 41 which
1091 2258 23 39 I
1145 2257 151 49 speak
1326 2257 49 40 in
1406 2268 82 37 my
1516 2256 109 42 first
1653 2257 125 41 book
1810 2257 185 50 [‘Pages
2024 2257 130 40 from
2183 2267 81 38 my
2291 2257 120 53 life’]

387 2317 133 41 refer
548 2315 296 50 principally
871 2317 51 39 to
950 2315 83 40 the
1061 2325 144 37 years
1233 2313 229 50 previous
1491 2317 50 38 to
1569 2314 129 41 1905.
1760 2316 60 39 In
1848 2315 100 41 this
1977 2315 123 40 book
2131 2316 23 40 I
2184 2315 126 42 have
385 2326 2012 89 endeavoured
701 2376 49 38 to
785 2371 109 49 give
927 2382 29 29 a
990 2372 238 48 complete
1262 2370 191 50 picture
1488 2373 53 39 of
1575 2383 81 37 my
1688 2371 91 42 life
1812 2382 66 40 up
1913 2375 48 39 to
1996 2373 85 41 the
2112 2372 301 48 present.”—

386 2431 132 41 Pref.

458 2487 167 41 “First
653 2486 263 41 American
945 2484 230 43 edition.”

389 2541 52 53 ©
475 2545 113 42 Dec.
622 2545 70 48 15,
724 2543 143 49 1932;
902 2543 67 41 2c.
1004 2543 113 41 Dec.
1148 2542 85 49 21;
1268 2542 83 42 aff.
1385 2542 115 42 Dec.
1533 2542 84 50 16;
1652 2543 42 41 A
1725 2543 173 49 58647;
1932 2544 175 41 Alfred
2139 2546 57 40 A.
2230 2545 182 48 Knopf,

460 2602 91 41 inc.
624 2601 284 51 (33-27012)

386 2692 197 68 Shaw,
615 2693 258 54 Edward
903 2691 282 68 Richard,
1217 2698 331 51 1855-1903.

457 2772 125 52 The
614 2769 260 57 national
907 2770 258 68 question
1198 2769 176 69 book;
1413 2790 31 34 a
1481 2771 460 68 comprehensive
1978 2769 205 55 review
2220 2770 63 54 of
2318 2771 98 55 the

389 2868 258 36 common
675 2848 114 54 and
818 2848 143 70 high
991 2848 189 54 school
1208 2848 235 70 studies,
1475 2847 274 71 designed
1779 2848 94 55 for
1902 2850 273 69 teachers,
2203 2848 214 71 pupils,

389 2929 115 53 and
530 2928 165 55 home
722 2928 193 69 study,
939 2926 76 70 by
1042 2926 257 53 Edward
1327 2926 68 52 R.
1426 2926 174 55 Shaw
1634 2971 57 11 …
1760 2927 138 54 Rev.
1929 2928 115 54 and
2069 2930 109 53 enl.
2208 2928 105 70 ed.,
2340 2928 75 70 by

388 3006 70 53 A.
488 3006 77 54 H.
594 3005 178 70 Craig
801 3050 57 11 …
924 3005 139 55 New
1092 3004 181 70 York,
1298 3004 183 56 Noble
1506 3004 115 55 and
1648 3005 183 55 Noble
1860 3040 14 35 [
1879 3013 18 21 c
1902 3009 136 50 1932
2043 3039 14 36 ]

455 3077 798 50 4 p. l., 534 p. diagrs. 21 cm .
458 3136 231 41 Lettered
723 3146 62 31 on
818 3146 170 31 cover:
1025 3133 136 43 With
1196 3146 232 30 answers.

460 3192 280 50 “Principal
772 3195 169 39 events
971 3192 53 41 of
1054 3193 82 40 the
1166 3191 131 42 war”
1318 3203 10 30 :
1360 3204 43 38 p.
1435 3192 222 43 523-534.

391 3249 53 54 ©
475 3255 112 40 Dec.
616 3253 71 45 26,
717 3252 143 49 1932;
891 3252 68 42 2c.
989 3253 109 40 Jan.
1130 3253 42 48 3,
1200 3251 144 50 1933;
1376 3252 84 41 aff.
1492 3253 111 40 Jan.
1634 3254 53 47 5;
1720 3254 42 39 A
1793 3252 171 49 58690;
1997 3254 155 41 Noble
2180 3254 37 41 &
2246 3254 167 40 Noble.

471 3310 255 50 (33-1125)

386 3401 289 64 Shepard,
707 3401 317 65 Kathleen,
1054 3401 198 68 pseud.

456 3478 264 70 Holiday
748 3479 282 69 husband,
1059 3480 76 68 by
1163 3479 288 53 Kathleen
1486 3480 282 69 Shepard.
1844 3482 141 53 New
2017 3481 183 69 York,
2228 3482 71 53 A.
2330 3482 79 55 H.

386 3558 181 69 King,
597 3558 107 55 inc.
740 3593 14 34 [
758 3564 18 22 c
782 3562 134 50 1933]

459 3632 86 42 283
580 3643 43 38 p.
684 3630 149 43 19½cm.

392 3686 52 54 ©
472 3691 112 42 Jan.
609 3692 41 46 4,
678 3687 141 51 1933;
847 3689 68 43 2c.
942 3690 96 41 and
1066 3688 83 43 aff.
1176 3690 111 41 Jan.
1314 3689 53 48 5;
1396 3689 42 40 A
1463 3689 175 50 58714;
1666 3689 173 43 Alfred
1867 3691 62 42 H.
1956 3690 145 51 King,
2128 3691 93 43 inc.

475 3747 223 48 (33-772)

393 3835 291 71 [Sinclair,
714 3837 139 54 Mrs.
885 3838 227 53 Bertha
1151 3838 298 68 (Muzzy)]
1489 3840 172 54 1874-

457 3915 194 54 Trails
709 3921 164 65 meet,
930 3916 76 69 by
1067 3917 66 53 B.
1194 3916 80 54 M.
1337 3917 208 53 Bower
1627 3918 192 68 [pseud.]
1920 3918 236 68 Boston,
2214 3917 196 69 Little,

392 3995 229 67 Brown,
651 3995 114 53 and
795 4013 301 50 company,
1128 3998 154 50 1933.
