<alto xmlns="http://www.loc.gov/standards/alto/ns-v3#" xmlns:xlink="http://www.w3.org/1999/xlink" xmlns:xsi="http://www.w3.org/2001/XMLSchema-instance" xsi:schemaLocation="http://www.loc.gov/standards/alto/ns-v3# http://www.loc.gov/alto/v3/alto-3-0.xsd"><Description>
<MeasurementUnit>pixel</MeasurementUnit>
<sourceImageInformation>
<fileName>1933_v1_Part1.pdf</fileName>
</sourceImageInformation>
<OCRProcessing ID="IdOcr">
<ocrProcessingStep>
<processingDateTime>2019-01-03</processingDateTime>
<processingSoftware>
<softwareCreator>ABBYY</softwareCreator>
<softwareName>ABBYY Recognition Server</softwareName>
<softwareVersion>4.0</softwareVersion>
</processingSoftware>
</ocrProcessingStep>
</OCRProcessing>
</Description>
<Styles>
<ParagraphStyle ID="StyleId-FFFFFFFF-FFFF-FFFF-FFFF-FFFFFFFFFFFF-" ALIGN="Left" LEFT="0." RIGHT="0." FIRSTLINE="0."/>
<ParagraphStyle ID="StyleId-6EF5737A-DCEB-4126-A0CF-C5930BF7166A-" ALIGN="Left" LEFT="0." RIGHT="0." FIRSTLINE="0." LINESPACE="8.300000191"/>
<ParagraphStyle ID="StyleId-2DE44258-FD0B-41E1-B542-087C989B01A3-" ALIGN="Left" LEFT="0." RIGHT="0." FIRSTLINE="0." LINESPACE="12.19999981"/>
<ParagraphStyle ID="StyleId-CE3D254A-29D7-4DD7-B5F1-E0FC0EF29B05-" ALIGN="Left" LEFT="0." RIGHT="0." FIRSTLINE="-14." LINESPACE="8.619999886"/>
<ParagraphStyle ID="StyleId-C0E3A137-CE4F-4287-8A90-B599106709D0-" ALIGN="Left" LEFT="0." RIGHT="0." FIRSTLINE="-14." LINESPACE="12.19999981"/>
<ParagraphStyle ID="StyleId-50F26F0C-05DA-4C19-BA58-7A6AC4499BEE-" ALIGN="Left" LEFT="0." RIGHT="0." FIRSTLINE="-14." LINESPACE="11.06999969"/>
<ParagraphStyle ID="StyleId-5DDE65AF-512C-41E2-9B8E-095D6D99EF68-" ALIGN="Center" LEFT="0." RIGHT="0." FIRSTLINE="0." LINESPACE="11.89999962"/>
<ParagraphStyle ID="StyleId-0A81D7A5-6A62-4C52-915E-7768974C704D-" ALIGN="Left" LEFT="0." RIGHT="0." FIRSTLINE="0." LINESPACE="9.399999619"/>
<ParagraphStyle ID="StyleId-F7A0127F-6B48-4157-BB81-FE33E1E1A05B-" ALIGN="Block" LEFT="0." RIGHT="0." FIRSTLINE="-13." LINESPACE="10.63000011"/>
<ParagraphStyle ID="StyleId-E18C69F7-DBD7-48B1-805C-FCD96D0DA019-" ALIGN="Left" LEFT="0." RIGHT="0." FIRSTLINE="0." LINESPACE="11.64000034"/>
<ParagraphStyle ID="StyleId-98F15501-B611-4E83-8BB3-807E891F11F5-" ALIGN="Left" LEFT="0." RIGHT="0." FIRSTLINE="-14." LINESPACE="12.19999981"/>
<ParagraphStyle ID="StyleId-F4A78626-0BBC-4D12-94D9-A1AE75A9855F-" ALIGN="Left" LEFT="0." RIGHT="0." FIRSTLINE="0." LINESPACE="9.399999619"/>
<ParagraphStyle ID="StyleId-6A3F6F4C-D21B-4ADE-902F-7683F18ECEF3-" ALIGN="Left" LEFT="0." RIGHT="0." FIRSTLINE="0." LINESPACE="11.10000038"/>
</Styles>
<Layout>
<Page ID="Page945" PHYSICAL_IMG_NR="945" HEIGHT="4446" WIDTH="2484">
<TopMargin HEIGHT="432" WIDTH="2484" VPOS="0" HPOS="0">
</TopMargin>
<LeftMargin HEIGHT="3726" WIDTH="108" VPOS="432" HPOS="0">
</LeftMargin>
<RightMargin HEIGHT="3726" WIDTH="220" VPOS="432" HPOS="2264">
</RightMargin>
<BottomMargin HEIGHT="288" WIDTH="2484" VPOS="4158" HPOS="0">
</BottomMargin>
<PrintSpace HEIGHT="3726" WIDTH="2156" VPOS="432" HPOS="108">
<TextBlock ID="Page945_Block1" HEIGHT="70" WIDTH="120" VPOS="4088" HPOS="1074" LANG="en-US" STYLEREFS="StyleId-1F70807B-5218-4F48-8609-E9DBD8E3EA62-">
<TextLine HEIGHT="49" WIDTH="99" VPOS="4099" HPOS="1085">
<String CONTENT="945" HEIGHT="49" WIDTH="99" VPOS="4099" HPOS="1085"/>
</TextLine>
</TextBlock>
<TextBlock ID="Page945_Block2" HEIGHT="3692" WIDTH="2038" VPOS="432" HPOS="108" CS="1" STYLEREFS="StyleId-D06033A8-9614-4B00-8E70-2DA03872588F-">
<Shape>
<Polygon POINTS="108,432 2146,432 2146,4034 914,4034 914,4096 900,4096 900,4124 108,4124 108,432"/>
</Shape>
<TextLine HEIGHT="70" WIDTH="1031" VPOS="443" HPOS="117" STYLEREFS="StyleId-95EBA283-9B7C-4729-9194-0EF40ADFEA15-" LANG="de">
<String CONTENT="Ambrosius," HEIGHT="66" WIDTH="370" VPOS="446" HPOS="117"/>
<SP HEIGHT="63" WIDTH="25" VPOS="449" HPOS="488"/>
<String CONTENT="Saint," HEIGHT="67" WIDTH="187" VPOS="446" HPOS="514"/>
<SP HEIGHT="68" WIDTH="30" VPOS="445" HPOS="702"/>
<String LANG="en-US" CONTENT="bp." HEIGHT="67" WIDTH="90" VPOS="445" HPOS="733"/>
<SP HEIGHT="37" WIDTH="25" VPOS="462" HPOS="824"/>
<String LANG="en-US" CONTENT="of" HEIGHT="66" WIDTH="69" VPOS="445" HPOS="850"/>
<SP HEIGHT="66" WIDTH="24" VPOS="445" HPOS="920"/>
<String CONTENT="Milan." HEIGHT="55" WIDTH="203" VPOS="443" HPOS="945"/>
</TextLine>
<TextLine HEIGHT="139" WIDTH="1978" VPOS="516" HPOS="123" CS="1">
<String LANG="de" CS="1" CONTENT="&#8230;"/>
<SP HEIGHT="55" WIDTH="36" VPOS="524" HPOS="255"/>
<String LANG="de" CONTENT="S." HEIGHT="55" WIDTH="56" VPOS="524" HPOS="292"/>
<SP HEIGHT="54" WIDTH="28" VPOS="522" HPOS="349"/>
<String LANG="de" CONTENT="Ambrosii" HEIGHT="54" WIDTH="291" VPOS="522" HPOS="378"/>
<SP HEIGHT="52" WIDTH="30" VPOS="523" HPOS="670"/>
<String LANG="de" CONTENT="De" HEIGHT="51" WIDTH="85" VPOS="523" HPOS="701"/>
<SP HEIGHT="52" WIDTH="29" VPOS="522" HPOS="787"/>
<String LANG="de" CONTENT="Tobia;" HEIGHT="67" WIDTH="209" VPOS="520" HPOS="817"/>
<SP HEIGHT="48" WIDTH="33" VPOS="539" HPOS="1027"/>
<String LANG="en-US" CONTENT="a" HEIGHT="33" WIDTH="31" VPOS="540" HPOS="1061"/>
<SP HEIGHT="34" WIDTH="30" VPOS="539" HPOS="1093"/>
<String LANG="en-US" CONTENT="commentary," HEIGHT="59" WIDTH="404" VPOS="526" HPOS="1124"/>
<SP HEIGHT="47" WIDTH="29" VPOS="538" HPOS="1529"/>
<String LANG="en-US" CONTENT="with" HEIGHT="53" WIDTH="140" VPOS="518" HPOS="1559"/>
<SP HEIGHT="51" WIDTH="31" VPOS="520" HPOS="1700"/>
<String LANG="de" CONTENT="an" HEIGHT="34" WIDTH="71" VPOS="537" HPOS="1732"/>
<SP HEIGHT="52" WIDTH="31" VPOS="518" HPOS="1804"/>
<String LANG="en-US" CONTENT="introduction" HEIGHT="139" WIDTH="1978" VPOS="516" HPOS="123"/>
</TextLine>
<TextLine HEIGHT="71" WIDTH="1852" VPOS="595" HPOS="273" LANG="en-US" CS="1">
<String CONTENT="and" HEIGHT="51" WIDTH="111" VPOS="603" HPOS="273"/>
<SP HEIGHT="51" WIDTH="27" VPOS="603" HPOS="385"/>
<String CONTENT="translation" HEIGHT="53" WIDTH="342" VPOS="600" HPOS="413"/>
<SP HEIGHT="32" WIDTH="35" VPOS="619" HPOS="756"/>
<String CS="1" CONTENT="&#8230;"/>
<SP HEIGHT="52" WIDTH="31" VPOS="599" HPOS="848"/>
<String CONTENT="by" HEIGHT="67" WIDTH="76" VPOS="599" HPOS="880"/>
<SP HEIGHT="68" WIDTH="24" VPOS="598" HPOS="957"/>
<String CONTENT="Lois" HEIGHT="53" WIDTH="136" VPOS="598" HPOS="982"/>
<SP HEIGHT="52" WIDTH="27" VPOS="598" HPOS="1119"/>
<String CONTENT="Miles" HEIGHT="53" WIDTH="170" VPOS="598" HPOS="1147"/>
<SP HEIGHT="53" WIDTH="27" VPOS="598" HPOS="1318"/>
<String LANG="de" CONTENT="Zucker" HEIGHT="54" WIDTH="214" VPOS="596" HPOS="1346"/>
<SP HEIGHT="33" WIDTH="35" VPOS="616" HPOS="1561"/>
<String CS="1" CONTENT="&#8230;"/>
<SP HEIGHT="54" WIDTH="68" VPOS="596" HPOS="1653"/>
<String CONTENT="Washington," HEIGHT="67" WIDTH="403" VPOS="595" HPOS="1722"/>
</TextLine>
<TextLine HEIGHT="71" WIDTH="1550" VPOS="674" HPOS="123" LANG="en-US">
<String CONTENT="D." HEIGHT="51" WIDTH="70" VPOS="680" HPOS="123"/>
<SP HEIGHT="55" WIDTH="30" VPOS="678" HPOS="194"/>
<String CONTENT="C.," HEIGHT="67" WIDTH="80" VPOS="678" HPOS="225"/>
<SP HEIGHT="66" WIDTH="25" VPOS="679" HPOS="306"/>
<String CONTENT="The" HEIGHT="52" WIDTH="120" VPOS="679" HPOS="332"/>
<SP HEIGHT="53" WIDTH="28" VPOS="678" HPOS="453"/>
<String CONTENT="Catholic" HEIGHT="55" WIDTH="261" VPOS="676" HPOS="482"/>
<SP HEIGHT="34" WIDTH="24" VPOS="695" HPOS="744"/>
<String CONTENT="university" HEIGHT="67" WIDTH="318" VPOS="675" HPOS="769"/>
<SP HEIGHT="48" WIDTH="25" VPOS="694" HPOS="1088"/>
<String CONTENT="of" HEIGHT="54" WIDTH="66" VPOS="674" HPOS="1114"/>
<SP HEIGHT="53" WIDTH="24" VPOS="674" HPOS="1181"/>
<String CONTENT="America," HEIGHT="67" WIDTH="285" VPOS="674" HPOS="1206"/>
<SP HEIGHT="65" WIDTH="29" VPOS="676" HPOS="1492"/>
<String CONTENT="1933." HEIGHT="51" WIDTH="151" VPOS="676" HPOS="1522"/>
</TextLine>
<TextLine HEIGHT="55" WIDTH="1929" VPOS="759" HPOS="194" STYLEREFS="StyleId-F0DE6CA5-5433-4424-B017-799AE25642DC-" LANG="en-US">
<String CONTENT="xii," HEIGHT="48" WIDTH="83" VPOS="765" HPOS="194"/>
<SP HEIGHT="46" WIDTH="37" VPOS="767" HPOS="278"/>
<String CONTENT="210" HEIGHT="41" WIDTH="88" VPOS="765" HPOS="316"/>
<SP HEIGHT="49" WIDTH="35" VPOS="765" HPOS="405"/>
<String CONTENT="p." HEIGHT="38" WIDTH="43" VPOS="776" HPOS="441"/>
<SP HEIGHT="41" WIDTH="66" VPOS="764" HPOS="485"/>
<String CONTENT="23" HEIGHT="41" WIDTH="56" VPOS="764" HPOS="552"/>
<String STYLE="superscript" CONTENT="cm" HEIGHT="21" WIDTH="45" VPOS="766" HPOS="611"/>
<String CONTENT="." HEIGHT="9" WIDTH="8" VPOS="793" HPOS="660"/>
<SP HEIGHT="48" WIDTH="78" VPOS="765" HPOS="669"/>
<String CONTENT="(The" HEIGHT="50" WIDTH="125" VPOS="763" HPOS="748"/>
<SP HEIGHT="42" WIDTH="38" VPOS="762" HPOS="874"/>
<String CONTENT="Catholic" HEIGHT="43" WIDTH="222" VPOS="761" HPOS="913"/>
<SP HEIGHT="29" WIDTH="39" VPOS="773" HPOS="1136"/>
<String CONTENT="university" HEIGHT="49" WIDTH="271" VPOS="761" HPOS="1176"/>
<SP HEIGHT="38" WIDTH="40" VPOS="772" HPOS="1448"/>
<String CONTENT="of" HEIGHT="42" WIDTH="52" VPOS="760" HPOS="1489"/>
<SP HEIGHT="41" WIDTH="38" VPOS="760" HPOS="1542"/>
<String CONTENT="America." HEIGHT="42" WIDTH="238" VPOS="759" HPOS="1581"/>
<SP HEIGHT="41" WIDTH="69" VPOS="760" HPOS="1820"/>
<String CONTENT="Patristic" HEIGHT="42" WIDTH="233" VPOS="759" HPOS="1890"/>
</TextLine>
<TextLine HEIGHT="47" WIDTH="533" VPOS="823" HPOS="122" STYLEREFS="StyleId-F0DE6CA5-5433-4424-B017-799AE25642DC-" LANG="en-US" CS="1">
<String CONTENT="studies," HEIGHT="41" WIDTH="199" VPOS="823" HPOS="122"/>
<SP HEIGHT="29" WIDTH="55" VPOS="835" HPOS="322"/>
<String CONTENT="vol." HEIGHT="41" WIDTH="93" VPOS="825" HPOS="378"/>
<SP HEIGHT="33" WIDTH="26" VPOS="833" HPOS="472"/>
<String CS="1" CONTENT="XXXV)" HEIGHT="47" WIDTH="13" VPOS="823" HPOS="642"/>
</TextLine>
<TextLine HEIGHT="49" WIDTH="514" VPOS="891" HPOS="193" STYLEREFS="StyleId-F0DE6CA5-5433-4424-B017-799AE25642DC-" LANG="en-US">
<String CONTENT="Latin" HEIGHT="40" WIDTH="145" VPOS="893" HPOS="193"/>
<SP HEIGHT="30" WIDTH="26" VPOS="903" HPOS="339"/>
<String CONTENT="and" HEIGHT="39" WIDTH="97" VPOS="894" HPOS="366"/>
<SP HEIGHT="40" WIDTH="27" VPOS="893" HPOS="464"/>
<String CONTENT="English." HEIGHT="49" WIDTH="215" VPOS="891" HPOS="492"/>
</TextLine>
<TextLine HEIGHT="53" WIDTH="1531" VPOS="944" HPOS="194" STYLEREFS="StyleId-F0DE6CA5-5433-4424-B017-799AE25642DC-" LANG="en-US" CS="1">
<String CONTENT="Thesis" HEIGHT="41" WIDTH="170" VPOS="949" HPOS="194"/>
<SP HEIGHT="47" WIDTH="41" VPOS="950" HPOS="365"/>
<String CS="1" CONTENT="(PH." HEIGHT="47" WIDTH="13" VPOS="950" HPOS="407"/>
<SP/>
<String CS="1" CONTENT="D.)&#8212;Catholic" HEIGHT="49" WIDTH="306" VPOS="947" HPOS="599"/>
<SP HEIGHT="30" WIDTH="30" VPOS="957" HPOS="906"/>
<String CONTENT="university" HEIGHT="50" WIDTH="272" VPOS="944" HPOS="937"/>
<SP HEIGHT="37" WIDTH="32" VPOS="957" HPOS="1210"/>
<String CONTENT="of" HEIGHT="39" WIDTH="51" VPOS="947" HPOS="1243"/>
<SP HEIGHT="40" WIDTH="30" VPOS="946" HPOS="1295"/>
<String CONTENT="America," HEIGHT="47" WIDTH="237" VPOS="945" HPOS="1326"/>
<SP HEIGHT="46" WIDTH="32" VPOS="946" HPOS="1564"/>
<String CONTENT="1933." HEIGHT="42" WIDTH="128" VPOS="944" HPOS="1597"/>
</TextLine>
<TextLine HEIGHT="50" WIDTH="1928" VPOS="1001" HPOS="195" STYLEREFS="StyleId-F0DE6CA5-5433-4424-B017-799AE25642DC-" LANG="en-US">
<String CONTENT="A" HEIGHT="38" WIDTH="40" VPOS="1008" HPOS="195"/>
<SP HEIGHT="38" WIDTH="29" VPOS="1008" HPOS="236"/>
<String CONTENT="treatise" HEIGHT="39" WIDTH="202" VPOS="1007" HPOS="266"/>
<SP HEIGHT="30" WIDTH="30" VPOS="1016" HPOS="469"/>
<String CONTENT="on" HEIGHT="29" WIDTH="59" VPOS="1017" HPOS="500"/>
<SP HEIGHT="38" WIDTH="32" VPOS="1008" HPOS="560"/>
<String CONTENT="the" HEIGHT="40" WIDTH="81" VPOS="1006" HPOS="593"/>
<SP HEIGHT="28" WIDTH="31" VPOS="1017" HPOS="675"/>
<String CONTENT="evils" HEIGHT="40" WIDTH="120" VPOS="1005" HPOS="707"/>
<SP HEIGHT="29" WIDTH="31" VPOS="1016" HPOS="828"/>
<String CONTENT="of" HEIGHT="40" WIDTH="51" VPOS="1005" HPOS="860"/>
<SP HEIGHT="39" WIDTH="31" VPOS="1005" HPOS="912"/>
<String CONTENT="usury;" HEIGHT="38" WIDTH="178" VPOS="1013" HPOS="944"/>
<SP HEIGHT="44" WIDTH="34" VPOS="1005" HPOS="1123"/>
<String CONTENT="the" HEIGHT="39" WIDTH="83" VPOS="1005" HPOS="1158"/>
<SP HEIGHT="39" WIDTH="31" VPOS="1005" HPOS="1242"/>
<String CONTENT="Book" HEIGHT="40" WIDTH="135" VPOS="1004" HPOS="1274"/>
<SP HEIGHT="39" WIDTH="30" VPOS="1004" HPOS="1410"/>
<String CONTENT="of" HEIGHT="40" WIDTH="51" VPOS="1003" HPOS="1441"/>
<SP HEIGHT="39" WIDTH="30" VPOS="1003" HPOS="1493"/>
<String CONTENT="Tobit" HEIGHT="40" WIDTH="143" VPOS="1002" HPOS="1524"/>
<SP HEIGHT="41" WIDTH="32" VPOS="1001" HPOS="1668"/>
<String CONTENT="is" HEIGHT="41" WIDTH="41" VPOS="1001" HPOS="1701"/>
<SP HEIGHT="28" WIDTH="34" VPOS="1014" HPOS="1743"/>
<String CONTENT="used" HEIGHT="40" WIDTH="116" VPOS="1003" HPOS="1778"/>
<SP HEIGHT="40" WIDTH="32" VPOS="1003" HPOS="1895"/>
<String CONTENT="only" HEIGHT="48" WIDTH="112" VPOS="1002" HPOS="1928"/>
<SP HEIGHT="46" WIDTH="34" VPOS="1004" HPOS="2041"/>
<String CONTENT="to" HEIGHT="38" WIDTH="47" VPOS="1004" HPOS="2076"/>
</TextLine>
<TextLine HEIGHT="44" WIDTH="1028" VPOS="1060" HPOS="124" STYLEREFS="StyleId-F0DE6CA5-5433-4424-B017-799AE25642DC-" LANG="en-US">
<String CONTENT="introduce" HEIGHT="40" WIDTH="253" VPOS="1064" HPOS="124"/>
<SP HEIGHT="30" WIDTH="25" VPOS="1074" HPOS="378"/>
<String CONTENT="and" HEIGHT="39" WIDTH="95" VPOS="1064" HPOS="404"/>
<SP HEIGHT="38" WIDTH="26" VPOS="1064" HPOS="500"/>
<String CONTENT="to" HEIGHT="38" WIDTH="48" VPOS="1065" HPOS="527"/>
<SP HEIGHT="29" WIDTH="27" VPOS="1074" HPOS="576"/>
<String CONTENT="close" HEIGHT="38" WIDTH="125" VPOS="1064" HPOS="604"/>
<SP HEIGHT="38" WIDTH="27" VPOS="1064" HPOS="730"/>
<String CONTENT="the" HEIGHT="39" WIDTH="81" VPOS="1063" HPOS="758"/>
<SP HEIGHT="40" WIDTH="24" VPOS="1062" HPOS="840"/>
<String CONTENT="discussion." HEIGHT="42" WIDTH="287" VPOS="1060" HPOS="865"/>
</TextLine>
<TextLine HEIGHT="50" WIDTH="863" VPOS="1117" HPOS="196" STYLEREFS="StyleId-F0DE6CA5-5433-4424-B017-799AE25642DC-" LANG="en-US">
<String CONTENT="&#8220;Select" HEIGHT="40" WIDTH="185" VPOS="1121" HPOS="196"/>
<SP HEIGHT="39" WIDTH="29" VPOS="1121" HPOS="382"/>
<String CONTENT="bibliography&#8221;:" HEIGHT="49" WIDTH="393" VPOS="1118" HPOS="412"/>
<SP HEIGHT="37" WIDTH="32" VPOS="1130" HPOS="806"/>
<String CONTENT="p." HEIGHT="37" WIDTH="41" VPOS="1130" HPOS="839"/>
<SP HEIGHT="29" WIDTH="32" VPOS="1129" HPOS="881"/>
<String CONTENT="vii-x." HEIGHT="41" WIDTH="145" VPOS="1117" HPOS="914"/>
</TextLine>
<TextLine HEIGHT="109" WIDTH="1980" VPOS="1186" HPOS="128" STYLEREFS="StyleId-F0DE6CA5-5433-4424-B017-799AE25642DC-" LANG="en-US" CS="1">
<String CONTENT="&#169;" HEIGHT="51" WIDTH="51" VPOS="1187" HPOS="128"/>
<SP HEIGHT="51" WIDTH="30" VPOS="1187" HPOS="180"/>
<String CONTENT="June" HEIGHT="39" WIDTH="126" VPOS="1192" HPOS="211"/>
<SP HEIGHT="39" WIDTH="27" VPOS="1191" HPOS="338"/>
<String CONTENT="8," HEIGHT="46" WIDTH="39" VPOS="1191" HPOS="366"/>
<SP HEIGHT="46" WIDTH="30" VPOS="1191" HPOS="406"/>
<String CONTENT="1933" HEIGHT="40" WIDTH="111" VPOS="1190" HPOS="437"/>
<SP HEIGHT="44" WIDTH="18" VPOS="1191" HPOS="549"/>
<String CONTENT=";" HEIGHT="34" WIDTH="8" VPOS="1201" HPOS="568"/>
<SP HEIGHT="44" WIDTH="31" VPOS="1191" HPOS="577"/>
<String CONTENT="2c." HEIGHT="38" WIDTH="65" VPOS="1191" HPOS="609"/>
<SP HEIGHT="28" WIDTH="31" VPOS="1200" HPOS="675"/>
<String CONTENT="and" HEIGHT="38" WIDTH="95" VPOS="1190" HPOS="707"/>
<SP HEIGHT="38" WIDTH="29" VPOS="1190" HPOS="803"/>
<String CONTENT="aff." HEIGHT="41" WIDTH="81" VPOS="1188" HPOS="833"/>
<SP HEIGHT="40" WIDTH="31" VPOS="1189" HPOS="915"/>
<String CONTENT="June" HEIGHT="39" WIDTH="125" VPOS="1189" HPOS="947"/>
<SP HEIGHT="39" WIDTH="29" VPOS="1189" HPOS="1073"/>
<String CONTENT="8;" HEIGHT="44" WIDTH="53" VPOS="1189" HPOS="1103"/>
<SP HEIGHT="45" WIDTH="33" VPOS="1188" HPOS="1157"/>
<!-- cceid 458B80AD-6CF9-1014-A6CF-A82867D68027 --><String CONTENT="A" HEIGHT="38" WIDTH="41" VPOS="1188" HPOS="1191"/>
<SP HEIGHT="39" WIDTH="28" VPOS="1188" HPOS="1233"/>
<String CONTENT="62925;" HEIGHT="47" WIDTH="171" VPOS="1186" HPOS="1262"/>
<SP HEIGHT="46" WIDTH="33" VPOS="1187" HPOS="1434"/>
<String CONTENT="Catholic" HEIGHT="41" WIDTH="220" VPOS="1187" HPOS="1468"/>
<SP HEIGHT="29" WIDTH="31" VPOS="1198" HPOS="1689"/>
<String CONTENT="univ." HEIGHT="41" WIDTH="127" VPOS="1186" HPOS="1721"/>
<SP HEIGHT="28" WIDTH="31" VPOS="1199" HPOS="1849"/>
<String CONTENT="of" HEIGHT="40" WIDTH="51" VPOS="1187" HPOS="1881"/>
<SP HEIGHT="39" WIDTH="30" VPOS="1187" HPOS="1933"/>
<String CONTENT="America." HEIGHT="101" WIDTH="1909" VPOS="1187" HPOS="199"/>
<SP HEIGHT="48" WIDTH="70" VPOS="1247" HPOS="287"/>
<String CONTENT="(33-17371)" HEIGHT="48" WIDTH="278" VPOS="1247" HPOS="358"/>
</TextLine>
<TextLine HEIGHT="70" WIDTH="2001" VPOS="1348" HPOS="121" LANG="en-US">
<String CONTENT="American" HEIGHT="56" WIDTH="315" VPOS="1350" HPOS="121"/>
<SP HEIGHT="52" WIDTH="37" VPOS="1352" HPOS="437"/>
<String CONTENT="bankruptcy" HEIGHT="67" WIDTH="361" VPOS="1351" HPOS="475"/>
<SP HEIGHT="49" WIDTH="36" VPOS="1369" HPOS="837"/>
<String CONTENT="reports." HEIGHT="61" WIDTH="239" VPOS="1356" HPOS="874"/>
<SP HEIGHT="52" WIDTH="74" VPOS="1350" HPOS="1114"/>
<String CONTENT="New" HEIGHT="53" WIDTH="137" VPOS="1350" HPOS="1189"/>
<SP HEIGHT="34" WIDTH="38" VPOS="1369" HPOS="1327"/>
<String CONTENT="series," HEIGHT="61" WIDTH="184" VPOS="1348" HPOS="1366"/>
<SP HEIGHT="40" WIDTH="36" VPOS="1369" HPOS="1551"/>
<String CONTENT="cited" HEIGHT="53" WIDTH="149" VPOS="1349" HPOS="1588"/>
<SP HEIGHT="52" WIDTH="37" VPOS="1350" HPOS="1738"/>
<String CONTENT="Am." HEIGHT="51" WIDTH="129" VPOS="1350" HPOS="1776"/>
<SP HEIGHT="49" WIDTH="41" VPOS="1353" HPOS="1906"/>
<String CONTENT="B." HEIGHT="49" WIDTH="65" VPOS="1353" HPOS="1948"/>
<SP HEIGHT="51" WIDTH="40" VPOS="1352" HPOS="2014"/>
<String CONTENT="R." HEIGHT="51" WIDTH="67" VPOS="1352" HPOS="2055"/>
</TextLine>
<TextLine HEIGHT="71" WIDTH="1919" VPOS="1428" HPOS="203" LANG="en-US">
<String CONTENT="(N." HEIGHT="67" WIDTH="96" VPOS="1431" HPOS="203"/>
<SP HEIGHT="54" WIDTH="35" VPOS="1431" HPOS="300"/>
<String CONTENT="S.)" HEIGHT="68" WIDTH="83" VPOS="1431" HPOS="336"/>
<SP HEIGHT="68" WIDTH="42" VPOS="1431" HPOS="420"/>
<String CONTENT="reporting" HEIGHT="68" WIDTH="298" VPOS="1430" HPOS="463"/>
<SP HEIGHT="62" WIDTH="29" VPOS="1436" HPOS="762"/>
<String CONTENT="the" HEIGHT="52" WIDTH="94" VPOS="1430" HPOS="792"/>
<SP HEIGHT="52" WIDTH="32" VPOS="1430" HPOS="887"/>
<String CONTENT="bankruptcy" HEIGHT="67" WIDTH="362" VPOS="1430" HPOS="920"/>
<SP HEIGHT="67" WIDTH="29" VPOS="1430" HPOS="1283"/>
<String CONTENT="decisions" HEIGHT="53" WIDTH="276" VPOS="1428" HPOS="1313"/>
<SP HEIGHT="33" WIDTH="33" VPOS="1448" HPOS="1590"/>
<String CONTENT="and" HEIGHT="52" WIDTH="112" VPOS="1429" HPOS="1624"/>
<SP HEIGHT="52" WIDTH="29" VPOS="1429" HPOS="1737"/>
<String CONTENT="opinions" HEIGHT="69" WIDTH="265" VPOS="1428" HPOS="1767"/>
<SP HEIGHT="54" WIDTH="30" VPOS="1428" HPOS="2033"/>
<String CONTENT="in" HEIGHT="53" WIDTH="58" VPOS="1428" HPOS="2064"/>
</TextLine>
<TextLine HEIGHT="63" WIDTH="1931" VPOS="1508" HPOS="193" LANG="en-US">
<String CONTENT="the" HEIGHT="52" WIDTH="93" VPOS="1510" HPOS="193"/>
<SP HEIGHT="52" WIDTH="44" VPOS="1510" HPOS="287"/>
<String CONTENT="United" HEIGHT="53" WIDTH="216" VPOS="1509" HPOS="332"/>
<SP HEIGHT="55" WIDTH="47" VPOS="1509" HPOS="549"/>
<String CONTENT="States" HEIGHT="55" WIDTH="188" VPOS="1509" HPOS="597"/>
<SP HEIGHT="32" WIDTH="42" VPOS="1529" HPOS="786"/>
<String CONTENT="of" HEIGHT="52" WIDTH="63" VPOS="1509" HPOS="829"/>
<SP HEIGHT="51" WIDTH="40" VPOS="1509" HPOS="893"/>
<String CONTENT="the" HEIGHT="50" WIDTH="93" VPOS="1510" HPOS="934"/>
<SP HEIGHT="52" WIDTH="43" VPOS="1508" HPOS="1028"/>
<String CONTENT="federal" HEIGHT="52" WIDTH="223" VPOS="1508" HPOS="1072"/>
<SP HEIGHT="49" WIDTH="41" VPOS="1511" HPOS="1296"/>
<String CONTENT="courts," HEIGHT="57" WIDTH="206" VPOS="1514" HPOS="1338"/>
<SP HEIGHT="43" WIDTH="42" VPOS="1528" HPOS="1545"/>
<String CONTENT="state" HEIGHT="47" WIDTH="143" VPOS="1514" HPOS="1588"/>
<SP HEIGHT="33" WIDTH="45" VPOS="1528" HPOS="1732"/>
<String CONTENT="courts" HEIGHT="48" WIDTH="188" VPOS="1513" HPOS="1778"/>
<SP HEIGHT="33" WIDTH="44" VPOS="1528" HPOS="1967"/>
<String CONTENT="and" HEIGHT="52" WIDTH="112" VPOS="1509" HPOS="2012"/>
</TextLine>
<TextLine HEIGHT="68" WIDTH="1931" VPOS="1587" HPOS="192" LANG="en-US">
<String CONTENT="referees" HEIGHT="54" WIDTH="241" VPOS="1588" HPOS="192"/>
<SP HEIGHT="52" WIDTH="29" VPOS="1590" HPOS="434"/>
<String CONTENT="in" HEIGHT="50" WIDTH="59" VPOS="1590" HPOS="464"/>
<SP HEIGHT="51" WIDTH="25" VPOS="1589" HPOS="524"/>
<String CONTENT="bankruptcy." HEIGHT="66" WIDTH="378" VPOS="1589" HPOS="550"/>
<SP HEIGHT="51" WIDTH="65" VPOS="1589" HPOS="929"/>
<String CONTENT="Edited" HEIGHT="53" WIDTH="214" VPOS="1587" HPOS="995"/>
<SP HEIGHT="53" WIDTH="26" VPOS="1587" HPOS="1210"/>
<String CONTENT="by" HEIGHT="67" WIDTH="75" VPOS="1588" HPOS="1237"/>
<SP HEIGHT="65" WIDTH="27" VPOS="1590" HPOS="1313"/>
<String CONTENT="Fred" HEIGHT="53" WIDTH="151" VPOS="1587" HPOS="1341"/>
<SP HEIGHT="53" WIDTH="29" VPOS="1587" HPOS="1493"/>
<String CONTENT="E." HEIGHT="51" WIDTH="66" VPOS="1589" HPOS="1523"/>
<SP HEIGHT="50" WIDTH="30" VPOS="1590" HPOS="1590"/>
<String CONTENT="Rosbrook." HEIGHT="54" WIDTH="311" VPOS="1588" HPOS="1621"/>
<SP HEIGHT="53" WIDTH="61" VPOS="1589" HPOS="1933"/>
<String CONTENT="Vol." HEIGHT="52" WIDTH="128" VPOS="1589" HPOS="1995"/>
</TextLine>
<TextLine HEIGHT="147" WIDTH="1906" VPOS="1667" HPOS="193" LANG="en-US" CS="1">
<String CONTENT="xxii." HEIGHT="34" WIDTH="140" VPOS="1685" HPOS="193"/>
<SP HEIGHT="52" WIDTH="74" VPOS="1667" HPOS="334"/>
<String CONTENT="Albany," HEIGHT="68" WIDTH="248" VPOS="1667" HPOS="409"/>
<SP HEIGHT="66" WIDTH="37" VPOS="1669" HPOS="658"/>
<String CONTENT="N." HEIGHT="52" WIDTH="69" VPOS="1669" HPOS="696"/>
<SP HEIGHT="50" WIDTH="41" VPOS="1670" HPOS="766"/>
<String CONTENT="Y.," HEIGHT="63" WIDTH="90" VPOS="1670" HPOS="808"/>
<SP HEIGHT="64" WIDTH="37" VPOS="1669" HPOS="899"/>
<String CONTENT="Matthew" HEIGHT="52" WIDTH="279" VPOS="1667" HPOS="937"/>
<SP HEIGHT="49" WIDTH="39" VPOS="1670" HPOS="1217"/>
<String CONTENT="Bender" HEIGHT="52" WIDTH="225" VPOS="1667" HPOS="1257"/>
<SP HEIGHT="50" WIDTH="37" VPOS="1671" HPOS="1483"/>
<String CONTENT="&amp;" HEIGHT="50" WIDTH="45" VPOS="1671" HPOS="1521"/>
<SP HEIGHT="50" WIDTH="38" VPOS="1671" HPOS="1567"/>
<String CONTENT="company," HEIGHT="50" WIDTH="297" VPOS="1686" HPOS="1606"/>
<SP HEIGHT="66" WIDTH="38" VPOS="1669" HPOS="1904"/>
<String CONTENT="incorporated," HEIGHT="145" WIDTH="1906" VPOS="1669" HPOS="193"/>
<SP HEIGHT="63" WIDTH="31" VPOS="1750" HPOS="451"/>
<String CONTENT="1933." HEIGHT="50" WIDTH="149" VPOS="1749" HPOS="483"/>
</TextLine>
<TextLine HEIGHT="49" WIDTH="472" VPOS="1834" HPOS="198" LANG="en-US">
<String CONTENT="xvi," HEIGHT="47" WIDTH="97" VPOS="1835" HPOS="198"/>
<SP HEIGHT="48" WIDTH="33" VPOS="1834" HPOS="296"/>
<String CONTENT="802" HEIGHT="41" WIDTH="85" VPOS="1834" HPOS="330"/>
<SP HEIGHT="48" WIDTH="32" VPOS="1835" HPOS="416"/>
<String CONTENT="p." HEIGHT="38" WIDTH="42" VPOS="1845" HPOS="449"/>
<SP HEIGHT="39" WIDTH="61" VPOS="1835" HPOS="492"/>
<String CONTENT="24" HEIGHT="40" WIDTH="56" VPOS="1834" HPOS="554"/>
<String STYLE="superscript" CONTENT="cm" HEIGHT="21" WIDTH="43" VPOS="1836" HPOS="613"/>
<String CONTENT="." HEIGHT="8" WIDTH="8" VPOS="1868" HPOS="662"/>
</TextLine>
<TextLine HEIGHT="53" WIDTH="1995" VPOS="1903" HPOS="133" STYLEREFS="StyleId-F0DE6CA5-5433-4424-B017-799AE25642DC-" LANG="en-US">
<String CONTENT="&#169;" HEIGHT="53" WIDTH="50" VPOS="1903" HPOS="133"/>
<SP HEIGHT="53" WIDTH="28" VPOS="1903" HPOS="184"/>
<String CONTENT="July" HEIGHT="46" WIDTH="116" VPOS="1908" HPOS="213"/>
<SP HEIGHT="47" WIDTH="26" VPOS="1907" HPOS="330"/>
<String CONTENT="22," HEIGHT="47" WIDTH="68" VPOS="1907" HPOS="357"/>
<SP HEIGHT="47" WIDTH="29" VPOS="1907" HPOS="426"/>
<String CONTENT="1933" HEIGHT="40" WIDTH="113" VPOS="1906" HPOS="456"/>
<SP HEIGHT="45" WIDTH="16" VPOS="1907" HPOS="570"/>
<String CONTENT=";" HEIGHT="36" WIDTH="8" VPOS="1916" HPOS="587"/>
<SP HEIGHT="45" WIDTH="30" VPOS="1907" HPOS="596"/>
<String CONTENT="2c." HEIGHT="39" WIDTH="65" VPOS="1907" HPOS="627"/>
<SP HEIGHT="29" WIDTH="29" VPOS="1917" HPOS="693"/>
<String CONTENT="and" HEIGHT="39" WIDTH="95" VPOS="1907" HPOS="723"/>
<SP HEIGHT="39" WIDTH="28" VPOS="1907" HPOS="819"/>
<String CONTENT="aff." HEIGHT="41" WIDTH="81" VPOS="1905" HPOS="848"/>
<SP HEIGHT="39" WIDTH="30" VPOS="1907" HPOS="930"/>
<String CONTENT="July" HEIGHT="46" WIDTH="117" VPOS="1907" HPOS="961"/>
<SP HEIGHT="47" WIDTH="26" VPOS="1906" HPOS="1079"/>
<String CONTENT="24;" HEIGHT="46" WIDTH="82" VPOS="1906" HPOS="1106"/>
<SP HEIGHT="47" WIDTH="30" VPOS="1905" HPOS="1189"/>
<!-- cceid 458BEF96-6CF9-1014-A6CF-A82867D68027 --><String CONTENT="A" HEIGHT="39" WIDTH="41" VPOS="1905" HPOS="1220"/>
<SP HEIGHT="40" WIDTH="27" VPOS="1905" HPOS="1262"/>
<String CONTENT="64496;" HEIGHT="46" WIDTH="170" VPOS="1906" HPOS="1290"/>
<SP HEIGHT="45" WIDTH="32" VPOS="1907" HPOS="1461"/>
<String CONTENT="Matthew" HEIGHT="39" WIDTH="236" VPOS="1907" HPOS="1494"/>
<SP HEIGHT="39" WIDTH="29" VPOS="1907" HPOS="1731"/>
<String CONTENT="Bender" HEIGHT="39" WIDTH="189" VPOS="1907" HPOS="1761"/>
<SP HEIGHT="40" WIDTH="28" VPOS="1908" HPOS="1951"/>
<String CONTENT="&amp;" HEIGHT="40" WIDTH="36" VPOS="1908" HPOS="1980"/>
<SP HEIGHT="40" WIDTH="28" VPOS="1908" HPOS="2017"/>
<String CONTENT="co.," HEIGHT="29" WIDTH="82" VPOS="1920" HPOS="2046"/>
</TextLine>
<TextLine HEIGHT="41" WIDTH="90" VPOS="1964" HPOS="197" STYLEREFS="StyleId-F0DE6CA5-5433-4424-B017-799AE25642DC-" LANG="en-US">
<String CONTENT="inc." HEIGHT="41" WIDTH="90" VPOS="1964" HPOS="197"/>
</TextLine>
<TextLine HEIGHT="134" WIDTH="1979" VPOS="2066" HPOS="126" STYLEREFS="StyleId-95EBA283-9B7C-4729-9194-0EF40ADFEA15-" LANG="en-US" CS="1">
<String CONTENT="American" HEIGHT="54" WIDTH="315" VPOS="2067" HPOS="126"/>
<SP HEIGHT="36" WIDTH="36" VPOS="2085" HPOS="442"/>
<String CONTENT="council" HEIGHT="54" WIDTH="224" VPOS="2067" HPOS="479"/>
<SP HEIGHT="51" WIDTH="36" VPOS="2068" HPOS="704"/>
<String CONTENT="on" HEIGHT="35" WIDTH="73" VPOS="2084" HPOS="741"/>
<SP HEIGHT="35" WIDTH="37" VPOS="2084" HPOS="815"/>
<String CONTENT="education." HEIGHT="54" WIDTH="330" VPOS="2066" HPOS="853"/>
<SP HEIGHT="52" WIDTH="76" VPOS="2069" HPOS="1184"/>
<String CONTENT="Central" HEIGHT="52" WIDTH="235" VPOS="2069" HPOS="1261"/>
<SP HEIGHT="52" WIDTH="37" VPOS="2069" HPOS="1497"/>
<String CONTENT="committee" HEIGHT="53" WIDTH="318" VPOS="2069" HPOS="1535"/>
<SP HEIGHT="34" WIDTH="37" VPOS="2088" HPOS="1854"/>
<String CONTENT="on" HEIGHT="34" WIDTH="70" VPOS="2088" HPOS="1892"/>
<SP HEIGHT="48" WIDTH="36" VPOS="2089" HPOS="1963"/>
<String CONTENT="personnel" HEIGHT="111" WIDTH="1910" VPOS="2089" HPOS="195"/>
<SP HEIGHT="52" WIDTH="25" VPOS="2147" HPOS="392"/>
<String CONTENT="methods." HEIGHT="52" WIDTH="274" VPOS="2147" HPOS="418"/>
</TextLine>
<TextLine HEIGHT="72" WIDTH="1932" VPOS="2223" HPOS="197" LANG="en-US">
<String CONTENT="Measurement" HEIGHT="52" WIDTH="417" VPOS="2225" HPOS="197"/>
<SP HEIGHT="47" WIDTH="31" VPOS="2230" HPOS="615"/>
<String CONTENT="and" HEIGHT="52" WIDTH="112" VPOS="2225" HPOS="647"/>
<SP HEIGHT="68" WIDTH="33" VPOS="2225" HPOS="760"/>
<String CONTENT="guidance" HEIGHT="70" WIDTH="277" VPOS="2223" HPOS="794"/>
<SP HEIGHT="32" WIDTH="35" VPOS="2245" HPOS="1072"/>
<String CONTENT="of" HEIGHT="52" WIDTH="63" VPOS="2225" HPOS="1108"/>
<SP HEIGHT="53" WIDTH="32" VPOS="2225" HPOS="1172"/>
<String CONTENT="college" HEIGHT="66" WIDTH="209" VPOS="2226" HPOS="1205"/>
<SP HEIGHT="32" WIDTH="34" VPOS="2245" HPOS="1415"/>
<String CONTENT="students;" HEIGHT="66" WIDTH="286" VPOS="2226" HPOS="1450"/>
<SP HEIGHT="67" WIDTH="37" VPOS="2225" HPOS="1737"/>
<String CONTENT="first" HEIGHT="54" WIDTH="123" VPOS="2225" HPOS="1775"/>
<SP HEIGHT="46" WIDTH="34" VPOS="2233" HPOS="1899"/>
<String CONTENT="report" HEIGHT="61" WIDTH="195" VPOS="2234" HPOS="1934"/>
</TextLine>
<TextLine HEIGHT="148" WIDTH="1998" VPOS="2304" HPOS="129" LANG="en-US" CS="1">
<String CONTENT="of" HEIGHT="52" WIDTH="62" VPOS="2304" HPOS="129"/>
<SP HEIGHT="52" WIDTH="25" VPOS="2304" HPOS="192"/>
<String CONTENT="the" HEIGHT="52" WIDTH="95" VPOS="2304" HPOS="218"/>
<SP HEIGHT="53" WIDTH="26" VPOS="2304" HPOS="314"/>
<String CONTENT="Committee" HEIGHT="53" WIDTH="337" VPOS="2304" HPOS="341"/>
<SP HEIGHT="35" WIDTH="26" VPOS="2322" HPOS="679"/>
<String CONTENT="on" HEIGHT="33" WIDTH="71" VPOS="2324" HPOS="706"/>
<SP HEIGHT="48" WIDTH="25" VPOS="2323" HPOS="778"/>
<String CONTENT="personnel" HEIGHT="65" WIDTH="297" VPOS="2306" HPOS="804"/>
<SP HEIGHT="50" WIDTH="25" VPOS="2306" HPOS="1102"/>
<String CONTENT="methods" HEIGHT="51" WIDTH="260" VPOS="2305" HPOS="1128"/>
<SP HEIGHT="33" WIDTH="25" VPOS="2323" HPOS="1389"/>
<String CONTENT="of" HEIGHT="51" WIDTH="64" VPOS="2304" HPOS="1415"/>
<SP HEIGHT="52" WIDTH="24" VPOS="2304" HPOS="1480"/>
<String CONTENT="the" HEIGHT="52" WIDTH="94" VPOS="2305" HPOS="1505"/>
<SP HEIGHT="51" WIDTH="24" VPOS="2307" HPOS="1600"/>
<String CONTENT="American" HEIGHT="52" WIDTH="307" VPOS="2306" HPOS="1625"/>
<SP HEIGHT="34" WIDTH="26" VPOS="2326" HPOS="1933"/>
<String CONTENT="council" HEIGHT="109" WIDTH="1975" VPOS="2326" HPOS="129"/>
<SP HEIGHT="51" WIDTH="40" VPOS="2384" HPOS="203"/>
<String CONTENT="on" HEIGHT="32" WIDTH="71" VPOS="2403" HPOS="244"/>
<SP HEIGHT="32" WIDTH="40" VPOS="2403" HPOS="316"/>
<String CONTENT="education," HEIGHT="69" WIDTH="318" VPOS="2381" HPOS="357"/>
<SP HEIGHT="47" WIDTH="38" VPOS="2403" HPOS="676"/>
<String CONTENT="with" HEIGHT="54" WIDTH="140" VPOS="2381" HPOS="715"/>
<SP HEIGHT="52" WIDTH="41" VPOS="2383" HPOS="856"/>
<String CONTENT="an" HEIGHT="32" WIDTH="71" VPOS="2403" HPOS="898"/>
<SP HEIGHT="53" WIDTH="41" VPOS="2382" HPOS="970"/>
<String CONTENT="introduction" HEIGHT="54" WIDTH="391" VPOS="2382" HPOS="1012"/>
<SP HEIGHT="52" WIDTH="38" VPOS="2384" HPOS="1404"/>
<String CONTENT="by" HEIGHT="68" WIDTH="75" VPOS="2384" HPOS="1443"/>
<SP HEIGHT="66" WIDTH="40" VPOS="2386" HPOS="1519"/>
<String CONTENT="Dean" HEIGHT="52" WIDTH="163" VPOS="2386" HPOS="1560"/>
<SP HEIGHT="51" WIDTH="42" VPOS="2387" HPOS="1724"/>
<String CONTENT="Herbert" HEIGHT="53" WIDTH="249" VPOS="2387" HPOS="1767"/>
<SP HEIGHT="50" WIDTH="43" VPOS="2390" HPOS="2017"/>
<String CONTENT="E." HEIGHT="52" WIDTH="66" VPOS="2390" HPOS="2061"/>
</TextLine>
<TextLine HEIGHT="71" WIDTH="2000" VPOS="2461" HPOS="129" LANG="en-US" CS="1">
<String CONTENT="Hawkes" HEIGHT="53" WIDTH="248" VPOS="2462" HPOS="129"/>
<SP HEIGHT="33" WIDTH="37" VPOS="2482" HPOS="378"/>
<String CS="1" CONTENT="&#8230;"/>
<SP HEIGHT="33" WIDTH="37" VPOS="2481" HPOS="471"/>
<String CONTENT="chairman" HEIGHT="52" WIDTH="293" VPOS="2462" HPOS="509"/>
<SP HEIGHT="33" WIDTH="31" VPOS="2481" HPOS="803"/>
<String CONTENT="of" HEIGHT="53" WIDTH="65" VPOS="2461" HPOS="835"/>
<SP HEIGHT="54" WIDTH="28" VPOS="2461" HPOS="901"/>
<String CONTENT="the" HEIGHT="53" WIDTH="94" VPOS="2462" HPOS="930"/>
<SP HEIGHT="33" WIDTH="31" VPOS="2482" HPOS="1025"/>
<String CONTENT="committee." HEIGHT="52" WIDTH="337" VPOS="2463" HPOS="1057"/>
<SP HEIGHT="33" WIDTH="72" VPOS="2497" HPOS="1395"/>
<String CONTENT="[Baltimore]" HEIGHT="68" WIDTH="352" VPOS="2464" HPOS="1468"/>
<SP HEIGHT="64" WIDTH="35" VPOS="2468" HPOS="1821"/>
<String CONTENT="Pub." HEIGHT="53" WIDTH="142" VPOS="2467" HPOS="1857"/>
<SP HEIGHT="53" WIDTH="34" VPOS="2467" HPOS="2000"/>
<String CONTENT="for" HEIGHT="52" WIDTH="94" VPOS="2467" HPOS="2035"/>
</TextLine>
<TextLine HEIGHT="69" WIDTH="1999" VPOS="2540" HPOS="130" LANG="en-US">
<String CONTENT="the" HEIGHT="52" WIDTH="93" VPOS="2542" HPOS="130"/>
<SP HEIGHT="52" WIDTH="27" VPOS="2542" HPOS="224"/>
<String CONTENT="American" HEIGHT="53" WIDTH="306" VPOS="2540" HPOS="252"/>
<SP HEIGHT="34" WIDTH="27" VPOS="2560" HPOS="559"/>
<String CONTENT="council" HEIGHT="53" WIDTH="218" VPOS="2541" HPOS="587"/>
<SP HEIGHT="50" WIDTH="28" VPOS="2543" HPOS="806"/>
<String CONTENT="on" HEIGHT="33" WIDTH="71" VPOS="2560" HPOS="835"/>
<SP HEIGHT="33" WIDTH="27" VPOS="2561" HPOS="907"/>
<String CONTENT="education" HEIGHT="52" WIDTH="301" VPOS="2542" HPOS="935"/>
<SP HEIGHT="52" WIDTH="26" VPOS="2542" HPOS="1237"/>
<String CONTENT="by" HEIGHT="67" WIDTH="74" VPOS="2542" HPOS="1264"/>
<SP HEIGHT="61" WIDTH="26" VPOS="2548" HPOS="1339"/>
<String CONTENT="the" HEIGHT="51" WIDTH="95" VPOS="2544" HPOS="1366"/>
<SP HEIGHT="52" WIDTH="26" VPOS="2546" HPOS="1462"/>
<String CONTENT="Williams" HEIGHT="55" WIDTH="288" VPOS="2543" HPOS="1489"/>
<SP HEIGHT="50" WIDTH="28" VPOS="2549" HPOS="1778"/>
<String CONTENT="&amp;" HEIGHT="50" WIDTH="44" VPOS="2549" HPOS="1807"/>
<SP HEIGHT="54" WIDTH="25" VPOS="2547" HPOS="1852"/>
<String CONTENT="Wilkins" HEIGHT="55" WIDTH="251" VPOS="2546" HPOS="1878"/>
</TextLine>
<TextLine HEIGHT="64" WIDTH="474" VPOS="2623" HPOS="129" LANG="en-US">
<String CONTENT="company," HEIGHT="50" WIDTH="297" VPOS="2637" HPOS="129"/>
<SP HEIGHT="63" WIDTH="27" VPOS="2624" HPOS="427"/>
<String CONTENT="1933." HEIGHT="49" WIDTH="148" VPOS="2623" HPOS="455"/>
</TextLine>
<TextLine HEIGHT="48" WIDTH="1008" VPOS="2708" HPOS="203" STYLEREFS="StyleId-F0DE6CA5-5433-4424-B017-799AE25642DC-" LANG="en-US">
<String CONTENT="xi," HEIGHT="45" WIDTH="64" VPOS="2709" HPOS="203"/>
<SP HEIGHT="45" WIDTH="27" VPOS="2709" HPOS="268"/>
<String CONTENT="199" HEIGHT="40" WIDTH="87" VPOS="2708" HPOS="296"/>
<SP HEIGHT="47" WIDTH="24" VPOS="2708" HPOS="384"/>
<String CONTENT="p." HEIGHT="36" WIDTH="42" VPOS="2719" HPOS="409"/>
<SP HEIGHT="41" WIDTH="26" VPOS="2708" HPOS="452"/>
<String CONTENT="incl." HEIGHT="39" WIDTH="108" VPOS="2708" HPOS="479"/>
<SP HEIGHT="38" WIDTH="28" VPOS="2709" HPOS="588"/>
<String CONTENT="diagrs.," HEIGHT="48" WIDTH="195" VPOS="2708" HPOS="617"/>
<SP HEIGHT="46" WIDTH="26" VPOS="2709" HPOS="813"/>
<String CONTENT="forms." HEIGHT="40" WIDTH="167" VPOS="2709" HPOS="840"/>
<SP HEIGHT="38" WIDTH="56" VPOS="2709" HPOS="1008"/>
<String CONTENT="231" HEIGHT="48" WIDTH="86" VPOS="2708" HPOS="1065"/>
<String STYLE="superscript" CONTENT="cm" HEIGHT="21" WIDTH="45" VPOS="2711" HPOS="1154"/>
<String CONTENT="." HEIGHT="8" WIDTH="8" VPOS="2742" HPOS="1203"/>
</TextLine>
<TextLine HEIGHT="48" WIDTH="649" VPOS="2778" HPOS="204" STYLEREFS="StyleId-F0DE6CA5-5433-4424-B017-799AE25642DC-" LANG="en-US">
<String CONTENT="Includes" HEIGHT="39" WIDTH="226" VPOS="2780" HPOS="204"/>
<SP HEIGHT="40" WIDTH="29" VPOS="2779" HPOS="431"/>
<String CONTENT="bibliographies." HEIGHT="48" WIDTH="392" VPOS="2778" HPOS="461"/>
</TextLine>
<TextLine HEIGHT="54" WIDTH="1994" VPOS="2846" HPOS="139" STYLEREFS="StyleId-F0DE6CA5-5433-4424-B017-799AE25642DC-" LANG="en-US">
<String CONTENT="&#169;" HEIGHT="51" WIDTH="51" VPOS="2846" HPOS="139"/>
<SP HEIGHT="51" WIDTH="30" VPOS="2846" HPOS="191"/>
<String CONTENT="Mar." HEIGHT="39" WIDTH="121" VPOS="2852" HPOS="222"/>
<SP HEIGHT="41" WIDTH="28" VPOS="2850" HPOS="344"/>
<String CONTENT="10," HEIGHT="46" WIDTH="68" VPOS="2850" HPOS="373"/>
<SP HEIGHT="46" WIDTH="29" VPOS="2850" HPOS="442"/>
<String CONTENT="1933;" HEIGHT="46" WIDTH="140" VPOS="2849" HPOS="472"/>
<SP HEIGHT="45" WIDTH="29" VPOS="2850" HPOS="613"/>
<String CONTENT="2c." HEIGHT="39" WIDTH="68" VPOS="2850" HPOS="643"/>
<SP HEIGHT="39" WIDTH="29" VPOS="2850" HPOS="712"/>
<String CONTENT="Mar." HEIGHT="39" WIDTH="120" VPOS="2850" HPOS="742"/>
<SP HEIGHT="37" WIDTH="29" VPOS="2851" HPOS="863"/>
<String CONTENT="16;" HEIGHT="41" WIDTH="81" VPOS="2849" HPOS="893"/>
<SP HEIGHT="30" WIDTH="31" VPOS="2860" HPOS="975"/>
<String CONTENT="aff." HEIGHT="41" WIDTH="82" VPOS="2849" HPOS="1007"/>
<SP HEIGHT="38" WIDTH="31" VPOS="2852" HPOS="1090"/>
<String CONTENT="Mar." HEIGHT="38" WIDTH="120" VPOS="2852" HPOS="1122"/>
<SP HEIGHT="38" WIDTH="31" VPOS="2851" HPOS="1243"/>
<String CONTENT="15;" HEIGHT="46" WIDTH="82" VPOS="2851" HPOS="1275"/>
<SP HEIGHT="45" WIDTH="32" VPOS="2852" HPOS="1358"/>
<!-- cceid 458C5EE4-6CF9-1014-A6CF-A82867D68027 --><String CONTENT="A" HEIGHT="37" WIDTH="39" VPOS="2852" HPOS="1391"/>
<SP HEIGHT="39" WIDTH="29" VPOS="2852" HPOS="1431"/>
<String CONTENT="59969;" HEIGHT="48" WIDTH="170" VPOS="2852" HPOS="1461"/>
<SP HEIGHT="46" WIDTH="31" VPOS="2854" HPOS="1632"/>
<String CONTENT="Amer." HEIGHT="40" WIDTH="159" VPOS="2854" HPOS="1664"/>
<SP HEIGHT="28" WIDTH="30" VPOS="2867" HPOS="1824"/>
<String CONTENT="council" HEIGHT="40" WIDTH="187" VPOS="2855" HPOS="1855"/>
<SP HEIGHT="39" WIDTH="30" VPOS="2858" HPOS="2043"/>
<String CONTENT="on" HEIGHT="29" WIDTH="59" VPOS="2868" HPOS="2074"/>
</TextLine>
<TextLine HEIGHT="49" WIDTH="965" VPOS="2906" HPOS="206" STYLEREFS="StyleId-F0DE6CA5-5433-4424-B017-799AE25642DC-" LANG="en-US">
<String CONTENT="education," HEIGHT="49" WIDTH="271" VPOS="2906" HPOS="206"/>
<SP HEIGHT="48" WIDTH="32" VPOS="2907" HPOS="478"/>
<String CONTENT="Washington." HEIGHT="48" WIDTH="334" VPOS="2906" HPOS="511"/>
<SP HEIGHT="48" WIDTH="72" VPOS="2907" HPOS="846"/>
<String CONTENT="(33-5589)" HEIGHT="48" WIDTH="252" VPOS="2907" HPOS="919"/>
</TextLine>
<TextLine HEIGHT="73" WIDTH="1998" VPOS="3009" HPOS="131" STYLEREFS="StyleId-4551146C-31FF-4A77-A6AA-0303ED591695-" LANG="de">
<String CONTENT="Arbeitsgemeinschaft" HEIGHT="65" WIDTH="685" VPOS="3009" HPOS="131"/>
<SP HEIGHT="52" WIDTH="43" VPOS="3011" HPOS="817"/>
<String CONTENT="der" HEIGHT="52" WIDTH="102" VPOS="3011" HPOS="861"/>
<SP HEIGHT="36" WIDTH="43" VPOS="3028" HPOS="964"/>
<String CONTENT="Sammler" HEIGHT="54" WIDTH="280" VPOS="3010" HPOS="1008"/>
<SP HEIGHT="53" WIDTH="42" VPOS="3011" HPOS="1289"/>
<String CONTENT="deutscher" HEIGHT="56" WIDTH="317" VPOS="3011" HPOS="1332"/>
<SP HEIGHT="53" WIDTH="41" VPOS="3015" HPOS="1650"/>
<String CONTENT="kolonial-post-" HEIGHT="67" WIDTH="437" VPOS="3015" HPOS="1692"/>
</TextLine>
<TextLine HEIGHT="55" WIDTH="407" VPOS="3088" HPOS="201" STYLEREFS="StyleId-4551146C-31FF-4A77-A6AA-0303ED591695-" LANG="de">
<String CONTENT="Wertzeichen." HEIGHT="55" WIDTH="407" VPOS="3088" HPOS="201"/>
</TextLine>
<TextLine HEIGHT="75" WIDTH="1764" VPOS="3163" HPOS="211" LANG="de" CS="1">
<String CONTENT="Die" HEIGHT="54" WIDTH="107" VPOS="3164" HPOS="211"/>
<SP HEIGHT="52" WIDTH="45" VPOS="3166" HPOS="319"/>
<String CONTENT="deutschen" HEIGHT="53" WIDTH="302" VPOS="3165" HPOS="365"/>
<SP HEIGHT="51" WIDTH="43" VPOS="3164" HPOS="668"/>
<String CONTENT="kolonial-vorl&#228;ufer" HEIGHT="55" WIDTH="571" VPOS="3163" HPOS="712"/>
<SP HEIGHT="34" WIDTH="46" VPOS="3184" HPOS="1284"/>
<String CONTENT="und" HEIGHT="51" WIDTH="114" VPOS="3169" HPOS="1331"/>
<SP HEIGHT="52" WIDTH="46" VPOS="3168" HPOS="1446"/>
<String CONTENT="diesbez&#252;glichen" HEIGHT="70" WIDTH="482" VPOS="3168" HPOS="1493"/>
</TextLine>
<TextLine HEIGHT="121" WIDTH="1990" VPOS="3194" HPOS="141" LANG="de" CS="1">
<String CS="1" CONTENT="secpoststempel" HEIGHT="117" WIDTH="1938" VPOS="3194" HPOS="141"/>
<SP HEIGHT="50" WIDTH="28" VPOS="3242" HPOS="502"/>
<String CONTENT="mit" HEIGHT="54" WIDTH="107" VPOS="3241" HPOS="531"/>
<SP HEIGHT="60" WIDTH="25" VPOS="3249" HPOS="639"/>
<String CONTENT="preisbewertung" HEIGHT="69" WIDTH="482" VPOS="3242" HPOS="665"/>
<SP HEIGHT="49" WIDTH="25" VPOS="3262" HPOS="1148"/>
<String CONTENT="aller" HEIGHT="53" WIDTH="139" VPOS="3243" HPOS="1174"/>
<SP HEIGHT="34" WIDTH="28" VPOS="3262" HPOS="1314"/>
<String CONTENT="Stempel" HEIGHT="64" WIDTH="233" VPOS="3249" HPOS="1343"/>
<SP HEIGHT="51" WIDTH="28" VPOS="3249" HPOS="1577"/>
<String CONTENT="auf" HEIGHT="53" WIDTH="104" VPOS="3247" HPOS="1606"/>
<SP HEIGHT="68" WIDTH="24" VPOS="3247" HPOS="1711"/>
<String CONTENT="jeder" HEIGHT="68" WIDTH="158" VPOS="3247" HPOS="1736"/>
<SP HEIGHT="34" WIDTH="28" VPOS="3268" HPOS="1895"/>
<String CONTENT="marke." HEIGHT="54" WIDTH="207" VPOS="3251" HPOS="1924"/>
</TextLine>
<TextLine HEIGHT="79" WIDTH="1992" VPOS="3318" HPOS="143" LANG="de">
<String CONTENT="Anhang:" HEIGHT="67" WIDTH="275" VPOS="3320" HPOS="143"/>
<SP HEIGHT="51" WIDTH="33" VPOS="3320" HPOS="419"/>
<String CONTENT="Kolonialstempel" HEIGHT="69" WIDTH="508" VPOS="3318" HPOS="453"/>
<SP HEIGHT="53" WIDTH="35" VPOS="3319" HPOS="962"/>
<String CONTENT="in" HEIGHT="54" WIDTH="59" VPOS="3319" HPOS="998"/>
<SP HEIGHT="53" WIDTH="36" VPOS="3320" HPOS="1058"/>
<String CONTENT="Afrika" HEIGHT="56" WIDTH="214" VPOS="3318" HPOS="1095"/>
<SP HEIGHT="33" WIDTH="35" VPOS="3341" HPOS="1310"/>
<String CONTENT="w&#228;hrend" HEIGHT="54" WIDTH="270" VPOS="3323" HPOS="1346"/>
<SP HEIGHT="53" WIDTH="34" VPOS="3324" HPOS="1617"/>
<String CONTENT="des" HEIGHT="54" WIDTH="96" VPOS="3325" HPOS="1652"/>
<SP HEIGHT="33" WIDTH="33" VPOS="3346" HPOS="1749"/>
<String CONTENT="Weltkrieges" HEIGHT="70" WIDTH="352" VPOS="3327" HPOS="1783"/>
</TextLine>
<TextLine HEIGHT="73" WIDTH="1992" VPOS="3396" HPOS="143" LANG="de">
<String CONTENT="und" HEIGHT="52" WIDTH="114" VPOS="3397" HPOS="143"/>
<SP HEIGHT="52" WIDTH="21" VPOS="3397" HPOS="258"/>
<String CONTENT="w&#228;hrend" HEIGHT="53" WIDTH="270" VPOS="3397" HPOS="280"/>
<SP HEIGHT="52" WIDTH="24" VPOS="3397" HPOS="551"/>
<String CONTENT="des" HEIGHT="52" WIDTH="95" VPOS="3397" HPOS="576"/>
<SP HEIGHT="53" WIDTH="21" VPOS="3396" HPOS="672"/>
<String CONTENT="boxerauf" HEIGHT="54" WIDTH="278" VPOS="3396" HPOS="694"/>
<SP HEIGHT="55" WIDTH="1" VPOS="3397" HPOS="973"/>
<String CONTENT="Standes" HEIGHT="54" WIDTH="226" VPOS="3399" HPOS="975"/>
<SP HEIGHT="67" WIDTH="35" VPOS="3400" HPOS="1202"/>
<String CONTENT="(China)" HEIGHT="71" WIDTH="242" VPOS="3398" HPOS="1238"/>
<SP HEIGHT="66" WIDTH="70" VPOS="3403" HPOS="1481"/>
<String CONTENT="Bearbeitet" HEIGHT="56" WIDTH="322" VPOS="3403" HPOS="1552"/>
<SP HEIGHT="48" WIDTH="23" VPOS="3411" HPOS="1875"/>
<String CONTENT="von" HEIGHT="35" WIDTH="105" VPOS="3425" HPOS="1899"/>
<SP HEIGHT="53" WIDTH="28" VPOS="3409" HPOS="2005"/>
<String CONTENT="der" HEIGHT="54" WIDTH="101" VPOS="3409" HPOS="2034"/>
</TextLine>
<TextLine HEIGHT="131" WIDTH="1970" VPOS="3475" HPOS="141" LANG="de" CS="1">
<String CONTENT="Arbeitsgemeinschaft" HEIGHT="68" WIDTH="641" VPOS="3475" HPOS="141"/>
<SP HEIGHT="51" WIDTH="30" VPOS="3476" HPOS="783"/>
<String CONTENT="der" HEIGHT="53" WIDTH="97" VPOS="3476" HPOS="814"/>
<SP HEIGHT="34" WIDTH="30" VPOS="3495" HPOS="912"/>
<String CONTENT="Sammler" HEIGHT="52" WIDTH="262" VPOS="3477" HPOS="943"/>
<SP HEIGHT="51" WIDTH="30" VPOS="3479" HPOS="1206"/>
<String CONTENT="deutscher" HEIGHT="53" WIDTH="293" VPOS="3479" HPOS="1237"/>
<SP HEIGHT="51" WIDTH="30" VPOS="3480" HPOS="1531"/>
<String CONTENT="kolonial-postwertzeichen." HEIGHT="126" WIDTH="1970" VPOS="3480" HPOS="141"/>
</TextLine>
<TextLine HEIGHT="69" WIDTH="811" VPOS="3553" HPOS="450" LANG="de">
<String CONTENT="Berlin," HEIGHT="66" WIDTH="216" VPOS="3553" HPOS="450"/>
<SP HEIGHT="66" WIDTH="31" VPOS="3553" HPOS="667"/>
<String CONTENT="H." HEIGHT="52" WIDTH="76" VPOS="3553" HPOS="699"/>
<SP HEIGHT="52" WIDTH="34" VPOS="3553" HPOS="776"/>
<String CONTENT="K&#246;hler" HEIGHT="53" WIDTH="219" VPOS="3553" HPOS="811"/>
<SP HEIGHT="50" WIDTH="35" VPOS="3572" HPOS="1031"/>
<String CONTENT="[" HEIGHT="35" WIDTH="14" VPOS="3587" HPOS="1067"/>
<String STYLE="superscript" CONTENT="c" HEIGHT="21" WIDTH="18" VPOS="3561" HPOS="1085"/>
<String CONTENT="1933]" HEIGHT="65" WIDTH="151" VPOS="3557" HPOS="1110"/>
</TextLine>
<TextLine HEIGHT="48" WIDTH="524" VPOS="3624" HPOS="211" STYLEREFS="StyleId-F0DE6CA5-5433-4424-B017-799AE25642DC-" LANG="de" CS="1">
<String CONTENT="23" HEIGHT="40" WIDTH="55" VPOS="3624" HPOS="211"/>
<SP HEIGHT="47" WIDTH="30" VPOS="3625" HPOS="267"/>
<String CONTENT="p." HEIGHT="37" WIDTH="43" VPOS="3635" HPOS="298"/>
<SP HEIGHT="40" WIDTH="58" VPOS="3624" HPOS="342"/>
<String CONTENT="illus." HEIGHT="41" WIDTH="128" VPOS="3624" HPOS="401"/>
<SP HEIGHT="40" WIDTH="59" VPOS="3624" HPOS="530"/>
<String CS="1" CONTENT="21" HEIGHT="38" WIDTH="26" VPOS="3624" HPOS="590"/>
<String LANG="en-US" CS="1" CONTENT="&#189;"/>
<String STYLE="superscript" CONTENT="cm" HEIGHT="21" WIDTH="44" VPOS="3626" HPOS="677"/>
<String CONTENT="." HEIGHT="9" WIDTH="9" VPOS="3654" HPOS="726"/>
</TextLine>
<TextLine HEIGHT="54" WIDTH="1867" VPOS="3696" HPOS="145" STYLEREFS="StyleId-F0DE6CA5-5433-4424-B017-799AE25642DC-" LANG="de" CS="1">
<String CONTENT="&#169;" HEIGHT="51" WIDTH="51" VPOS="3696" HPOS="145"/>
<SP HEIGHT="51" WIDTH="31" VPOS="3696" HPOS="197"/>
<String CONTENT="Jan." HEIGHT="39" WIDTH="109" VPOS="3700" HPOS="229"/>
<SP HEIGHT="38" WIDTH="29" VPOS="3700" HPOS="339"/>
<String CONTENT="23," HEIGHT="46" WIDTH="69" VPOS="3699" HPOS="369"/>
<SP HEIGHT="46" WIDTH="30" VPOS="3699" HPOS="439"/>
<String CONTENT="1933;" HEIGHT="46" WIDTH="139" VPOS="3697" HPOS="470"/>
<SP/>
<String CS="1" CONTENT="1c."/>
<SP HEIGHT="39" WIDTH="31" VPOS="3698" HPOS="710"/>
<String CONTENT="Mar." HEIGHT="40" WIDTH="120" VPOS="3698" HPOS="742"/>
<SP HEIGHT="39" WIDTH="30" VPOS="3699" HPOS="863"/>
<String CONTENT="30;" HEIGHT="47" WIDTH="83" VPOS="3698" HPOS="894"/>
<SP HEIGHT="47" WIDTH="32" VPOS="3698" HPOS="978"/>
<!-- cceid 458CCFA1-6CF9-1014-A6CF-A82867D68027 --><String LANG="en-US" CONTENT="A" HEIGHT="39" WIDTH="41" VPOS="3698" HPOS="1011"/>
<String CONTENT="-Foreign" HEIGHT="49" WIDTH="268" VPOS="3698" HPOS="1053"/>
<SP HEIGHT="38" WIDTH="31" VPOS="3702" HPOS="1322"/>
<String CONTENT="20402;" HEIGHT="49" WIDTH="171" VPOS="3701" HPOS="1354"/>
<SP HEIGHT="45" WIDTH="34" VPOS="3705" HPOS="1526"/>
<String CONTENT="Heinrich" HEIGHT="43" WIDTH="235" VPOS="3704" HPOS="1561"/>
<SP HEIGHT="40" WIDTH="31" VPOS="3708" HPOS="1797"/>
<String CONTENT="K&#246;hler" HEIGHT="41" WIDTH="183" VPOS="3709" HPOS="1829"/>
</TextLine>
<TextLine HEIGHT="48" WIDTH="279" VPOS="3755" HPOS="223" STYLEREFS="StyleId-F0DE6CA5-5433-4424-B017-799AE25642DC-" LANG="de">
<String CONTENT="(33-17683)" HEIGHT="48" WIDTH="279" VPOS="3755" HPOS="223"/>
</TextLine>
<TextLine HEIGHT="80" WIDTH="1829" VPOS="3856" HPOS="144" LANG="de" CS="1">
<String CONTENT="[Ardenne" HEIGHT="66" WIDTH="294" VPOS="3859" HPOS="144"/>
<SP HEIGHT="52" WIDTH="28" VPOS="3859" HPOS="439"/>
<String CONTENT="de" HEIGHT="52" WIDTH="69" VPOS="3859" HPOS="468"/>
<SP HEIGHT="52" WIDTH="24" VPOS="3859" HPOS="538"/>
<String CONTENT="Tizac," HEIGHT="66" WIDTH="190" VPOS="3856" HPOS="563"/>
<SP HEIGHT="63" WIDTH="26" VPOS="3859" HPOS="754"/>
<String CONTENT="Andr" HEIGHT="52" WIDTH="167" VPOS="3858" HPOS="781"/>
<String LANG="en-US" CS="1" CONTENT="&#233;"/>
<String CONTENT="e" HEIGHT="35" WIDTH="29" VPOS="3877" HPOS="987"/>
<SP HEIGHT="52" WIDTH="29" VPOS="3860" HPOS="1017"/>
<String CONTENT="Fran" HEIGHT="51" WIDTH="157" VPOS="3860" HPOS="1047"/>
<String LANG="en-US" CS="1" CONTENT="&#231;"/>
<String CONTENT="oise" HEIGHT="57" WIDTH="121" VPOS="3858" HPOS="1242"/>
<SP HEIGHT="54" WIDTH="30" VPOS="3863" HPOS="1364"/>
<String CONTENT="Caroline" HEIGHT="56" WIDTH="267" VPOS="3863" HPOS="1395"/>
<SP HEIGHT="52" WIDTH="28" VPOS="3869" HPOS="1663"/>
<String CONTENT="d&#8217;]" HEIGHT="68" WIDTH="73" VPOS="3868" HPOS="1692"/>
<SP HEIGHT="59" WIDTH="35" VPOS="3877" HPOS="1766"/>
<String CONTENT="1878-" HEIGHT="55" WIDTH="171" VPOS="3871" HPOS="1802"/>
</TextLine>
<TextLine HEIGHT="82" WIDTH="1826" VPOS="3936" HPOS="271" CS="1">
<String LANG="de" CS="1" CONTENT="&#8230;"/>
<SP HEIGHT="52" WIDTH="48" VPOS="3938" HPOS="271"/>
<String LANG="de" CONTENT="Le" HEIGHT="51" WIDTH="78" VPOS="3938" HPOS="320"/>
<SP HEIGHT="54" WIDTH="45" VPOS="3937" HPOS="399"/>
<String LANG="de" CONTENT="Japon" HEIGHT="67" WIDTH="193" VPOS="3937" HPOS="445"/>
<SP HEIGHT="33" WIDTH="45" VPOS="3955" HPOS="639"/>
<String LANG="de" CONTENT="et" HEIGHT="47" WIDTH="53" VPOS="3941" HPOS="685"/>
<SP HEIGHT="48" WIDTH="45" VPOS="3941" HPOS="739"/>
<String LANG="en-US" CONTENT="son" HEIGHT="33" WIDTH="99" VPOS="3956" HPOS="785"/>
<SP HEIGHT="34" WIDTH="45" VPOS="3956" HPOS="885"/>
<String LANG="en-US" CONTENT="empire," HEIGHT="70" WIDTH="232" VPOS="3936" HPOS="931"/>
<SP HEIGHT="51" WIDTH="44" VPOS="3956" HPOS="1164"/>
<String LANG="en-US" CONTENT="par" HEIGHT="51" WIDTH="107" VPOS="3956" HPOS="1209"/>
<SP HEIGHT="53" WIDTH="45" VPOS="3940" HPOS="1317"/>
<String LANG="de" CONTENT="Andr" HEIGHT="55" WIDTH="168" VPOS="3940" HPOS="1363"/>
<String LANG="en-US" CS="1" CONTENT="&#233;"/>
<String LANG="de" CONTENT="e" HEIGHT="34" WIDTH="27" VPOS="3963" HPOS="1565"/>
<SP HEIGHT="56" WIDTH="46" VPOS="3946" HPOS="1593"/>
<String LANG="de" CONTENT="Viollis" HEIGHT="58" WIDTH="208" VPOS="3945" HPOS="1640"/>
<SP HEIGHT="36" WIDTH="50" VPOS="3968" HPOS="1849"/>
<String LANG="de" CS="1" CONTENT="[pseud.]" HEIGHT="63" WIDTH="180" VPOS="3955" HPOS="1917"/>
</TextLine>
<TextLine HEIGHT="69" WIDTH="761" VPOS="4015" HPOS="140" LANG="de">
<String CONTENT="Paris," HEIGHT="69" WIDTH="184" VPOS="4015" HPOS="140"/>
<SP HEIGHT="65" WIDTH="25" VPOS="4019" HPOS="325"/>
<String CONTENT="B." HEIGHT="50" WIDTH="66" VPOS="4019" HPOS="351"/>
<SP HEIGHT="54" WIDTH="24" VPOS="4016" HPOS="418"/>
<String CONTENT="Grasset" HEIGHT="54" WIDTH="236" VPOS="4016" HPOS="443"/>
<SP HEIGHT="63" WIDTH="27" VPOS="4019" HPOS="680"/>
<String CONTENT="[" HEIGHT="35" WIDTH="14" VPOS="4047" HPOS="708"/>
<String STYLE="superscript" CONTENT="c" HEIGHT="21" WIDTH="19" VPOS="4021" HPOS="725"/>
<String CONTENT="1933]" HEIGHT="65" WIDTH="152" VPOS="4017" HPOS="749"/>
</TextLine>
</TextBlock>
</PrintSpace>
</Page>
</Layout>
</alto>