2484 4405
1086 4117 134 51 1173

150 470 221 64 Hyder,
402 469 177 63 Clyde
608 467 296 55 Kenneth.

226 545 383 56 Swinburne’s
653 544 239 68 literary
936 562 189 33 career
1170 544 112 51 and
1329 542 171 67 fame,
1541 542 76 66 by
1663 539 180 68 Clyde
1887 539 267 53 Kenneth

150 625 219 69 Hyder.
444 623 280 66 Durham,
757 622 68 52 N.
863 621 80 58 C.,
975 620 168 54 Duke
1173 618 318 70 university
1524 637 175 50 press,
1734 620 151 52 1933.

223 710 32 28 x
284 709 57 37 p.,
370 698 29 39 2
447 729 22 16 l.,
504 696 175 50 [3]—388
708 707 43 36 p.
811 696 55 40 23½
899 698 15 21 cm
949 727 7 8 .

224 755 375 48 Bibliography:
629 764 43 38 p.
704 753 248 50 [333]-378.

158 824 50 52 ©
238 827 118 48 Aug.
387 827 39 45 3,
458 825 139 48 1933;
629 826 66 39 2c.
728 827 94 38 and
853 824 81 41 aff.
965 824 119 48 Aug.
1117 824 80 41 11;
1231 823 40 38 A
1302 823 169 47 63884;
1505 823 143 39 Duke
1677 822 128 40 univ.
1838 830 149 41 press.

237 885 279 48 (33-21730)

151 983 252 66 Joaquin
433 984 278 65 Murieta,
741 986 96 51 the
867 984 247 69 brigand
1146 983 154 55 chief
1332 984 63 51 of
1425 983 354 67 California;
1815 1002 31 34 a
1878 984 276 67 complete

223 1064 220 67 history
473 1065 64 51 of
565 1065 89 53 his
684 1064 104 51 life
818 1064 151 51 from
1000 1064 95 52 the
1128 1081 102 50 age
1260 1063 62 53 of
1352 1062 216 52 sixteen
1596 1068 58 48 to
1683 1063 97 52 the
1804 1062 139 52 time
1974 1062 63 52 of
2064 1061 89 54 his

223 1148 233 62 capture
495 1144 112 51 and
644 1143 171 52 death
852 1143 59 51 in
950 1146 149 48 1853.
1180 1142 115 54 San
1331 1142 322 66 Francisco,
1690 1142 122 52 The
1849 1141 302 55 Grabhorn

222 1241 175 50 press,
431 1225 149 51 1932.

226 1293 1930 51 2 p. l., vii, [1] p., 1 l., 116, [4] p. col. front., col. illus., fold. facsim.
155 1353 59 40 26
214 1356 44 19 cm
263 1385 8 8 .
341 1353 311 48 (Americana
684 1351 210 48 reprints.
969 1362 73 29 no.
1075 1352 50 47 1)

160 1406 50 53 ©
234 1411 120 47 Aug.
377 1409 39 48 9,
441 1409 113 41 1932;
606 1409 66 40 2c.
700 1409 116 48 July
838 1409 69 46 24,
933 1407 139 48 1933;
1101 1406 82 42 aff.
1208 1407 118 49 Aug.
1354 1407 81 48 12;
1462 1408 41 39 A
1527 1407 170 48 63905;
1727 1407 256 41 Grabhorn
2008 1418 135 38 press.

246 1464 50 51 [©
328 1466 345 46 introduction,
705 1469 135 37 notes
872 1468 95 37 and
998 1466 352 48 bibliography]

160 1570 317 64 [Jouvenel,
509 1573 168 50 Mme.
712 1567 290 56 Gabrieile
1035 1567 281 55 Claudine
1356 1567 289 66 (Colette)
1685 1570 88 66 de]
1812 1568 173 54 1873-

225 1649 120 51 The
385 1666 142 50 pure
566 1649 111 51 and
717 1648 94 51 the
851 1648 241 67 impure,
1134 1666 30 33 a
1204 1647 297 53 case-book
1540 1647 64 52 of
1642 1648 142 67 love,
1820 1647 76 68 by
1937 1647 219 54 Colette

161 1727 229 66 [pseud.]
421 1726 317 53 translated
766 1727 153 51 from
946 1727 95 51 the
1069 1728 223 50 French
1319 1726 74 69 by
1422 1726 181 53 Edith
1632 1727 205 68 Dally;
155 1727 1977 131 introduction
313 1806 76 68 by
424 1806 215 67 Joseph
678 1804 235 56 Collins.
989 1805 139 52 New
1165 1805 180 67 York,
1382 1807 216 50 Farrar
1634 1809 45 50 &
1714 1805 297 67 Rinehart,
2048 1805 107 54 inc.

160 1918 13 35 [
178 1890 18 21 c
201 1888 151 64 1933]

226 1971 77 34 XV,
331 1958 89 40 229
445 1969 41 37 p.
546 1959 54 39 21½
633 1960 44 21 cm
682 1989 8 8 .

161 2012 50 52 ©
237 2017 119 47 Aug.
379 2016 40 46 3,
445 2015 139 47 1933;
610 2015 66 41 2c.
701 2015 119 48 Aug.
847 2014 50 47 5;
925 2014 81 41 aff.
1033 2014 119 48 Aug.
1176 2015 54 47 4;
1257 2014 41 40 A
1322 2014 170 49 63815;
1521 2015 183 40 Farrar
1729 2015 37 41 &
1789 2014 253 49 Rinehart,
2068 2016 91 41 inc.

237 2073 279 49 (33-21729)

155 2176 234 65 Kester,
420 2177 128 63 Roy
579 2177 285 63 Bernard,
899 2178 171 49 1882-

157 2254 2000 148 Accounting theory and practice. [v. 2] Advanced accounting, by Roy B. Kester … 3d rev. ed. New York, The Ronald
155 2430 156 50 press
344 2429 280 50 company
661 2444 13 34 [
679 2418 17 21 c
702 2413 151 65 1933]

228 2484 1139 48 3 p. l., v-xix, 846 p. tables, diagrs. 21 cm .
163 2539 50 51 ©
243 2543 118 47 Aug.
390 2542 69 48 30,
489 2541 112 41 1933;
659 2542 66 39 2c.
758 2541 125 48 Sept.
914 2543 52 45 7;
998 2541 82 42 aff.
1114 2542 125 48 Sept.
1270 2542 53 47 6;
1353 2543 41 38 A
1423 2542 170 48 65150;
1627 2543 190 40 Ronald
1846 2554 135 38 press
2011 2555 66 29 co.

157 2662 217 64 Kosok,
406 2661 163 55 Paul.

227 2739 241 52 Modern
504 2737 318 69 Germany;
859 2757 31 34 a
925 2739 170 66 study
1130 2738 66 53 of
1229 2739 330 69 conflicting
1593 2741 280 69 loyalties,
1907 2743 74 68 by
2016 2742 145 53 Paul

160 2814 2001 74 Kosok … Chicago, Ill., The University of Chicago press
164 2927 14 35 [
181 2900 19 22 c
204 2897 151 64 1933]

228 2967 99 46 xxi,
355 2967 87 40 348
470 2977 41 37 p.
572 2967 55 38 24
631 2969 43 20 cm
679 2999 7 7 .
759 2966 298 49 (Half-title:
1090 2968 196 40 Studies
1314 2968 48 39 in
1395 2970 81 39 the
1508 2969 197 49 making
1735 2970 52 41 of
1814 2970 224 46 citizens)

157 3023 2005 104 “The author has had … the collaboration of Mr. Isidor Ginsburg.”—Author’s pref.
166 3133 53 52 ©
247 3137 116 47 July
390 3137 68 46 18,
489 3136 139 47 1933;
659 3136 67 40 2c.
757 3136 115 48 July
902 3137 80 47 19;
1015 3136 81 42 aff.
1128 3138 116 48 July
1273 3138 82 48 20;
1387 3139 43 39 A
1458 3139 169 48 63641;
1662 3140 283 49 University
1975 3142 52 40 of
232 3141 1914 100 Chicago,
393 3193 221 48 Chicago.
687 3194 279 48 (33-21859)

159 3293 133 65 Lee,
322 3295 256 53 Thomas
607 3295 244 54 Francis
881 3296 318 66 Fitzhugh,
1232 3301 171 50 1866-

231 3373 291 67 Purusha;
547 3375 613 67 time—matter—life,
1184 3377 75 66 by
1283 3378 247 52 Thomas
1554 3380 64 50 F.
1643 3380 63 51 F.
1732 3380 123 52 Lee.
1924 3414 12 33 c
165 3381 1971 136 Brooklyn,
311 3452 67 52 N.
412 3453 90 55 Y.,
534 3452 240 53 Printed
803 3453 76 67 by
911 3454 66 54 R.
1010 3455 66 51 E.
1113 3455 266 66 Simpson
1411 3460 46 49 &
1484 3475 118 48 son,
1631 3455 126 68 inc.,
1786 3462 17 21 c
1810 3461 149 63 1933]

232 3524 1310 52 8 p. l., [19]-201 p. plates, maps, diagrs. 23½ cm .
235 3580 255 41 “Author’s
519 3581 188 41 limited
736 3583 225 40 edition.”

168 3632 50 51 ©
247 3638 119 46 Aug.
395 3639 38 44 1,
461 3638 139 46 1933;
631 3639 65 39 2c.
725 3640 120 45 Aug.
874 3641 52 45 9;
957 3640 82 41 aff.
1068 3641 121 48 Aug.
1218 3642 81 46 10;
1330 3643 40 38 A
1400 3643 169 47 64689;
1600 3644 51 38 T.
1684 3644 50 40 F.
1766 3645 51 39 F.
1846 3645 106 47 Lee,
237 3645 1907 95 Brooklyn.
403 3694 278 48 (33-21908)

159 3797 249 64 Loepke,
436 3798 184 53 Zillah
649 3800 303 57 Marshall.

229 3873 120 52 The
378 3893 207 34 unseen
615 3878 377 67 commander,
1024 3898 31 34 a
1086 3882 166 50 novel
1280 3881 76 68 by
1385 3882 184 53 Zillah
1601 3883 283 54 Marshall
1911 3886 244 67 Loepke.

159 3951 399 69 Moorestown,
601 3956 69 52 N.
714 3958 74 65 J.,
831 3957 325 67 Zionsville,
1198 3960 148 51 Ind.,
1389 3961 119 52 The
1551 3963 281 52 Marshall
1877 3981 274 52 company

183 4032 154 50 [ c 1933]
