2540 4453
1103 4105 104 56 447

156 471 120 52 The
328 470 380 66 Huntington
761 471 219 68 library
1031 471 259 53 bulletin,
1364 488 91 35 no.
1508 473 49 50 3.
1631 471 316 69 February,
2001 470 153 53 1933.

227 548 362 70 Cambridge,
617 550 191 68 Mass.,
833 550 275 53 Harvard
1134 549 320 69 university
1481 567 176 51 press,
1685 551 151 50 1933.

231 624 28 40 3
290 634 44 37 p.
388 654 24 17 l.,
447 623 86 40 169
567 634 42 37 p.
673 626 123 45 port.
858 625 116 38 24cm.
1049 622 298 49 (Half-title:
1381 621 311 49 Huntington
1727 620 185 48 library
1948 620 192 48 publica
159 679 127 41 tions
298 682 13 46 )

162 732 51 52 ©
246 737 120 39 Mar.
399 737 40 48 2,
471 735 140 48 1933;
644 737 68 39 2c.
746 738 126 38 Mar..
899 738 53 45 7;
987 736 82 39 aff.
1102 736 121 39 Mar.
1257 736 82 47 18;
1374 736 41 39 A
1447 734 170 48 59998;
1652 734 258 41 President
1943 736 95 42 and
229 734 1911 99 fellows
375 793 53 41 of
455 794 230 39 Harvard
715 794 190 47 college,

938 793 298 48 Cambridge,
1269 793 147 42 Mass.

156 878 185 56 Idaho
370 882 113 52 and
514 880 211 57 Pacific
755 880 203 70 digest,
990 882 267 69 covering
1289 882 79 51 all
1398 898 151 38 cases
1579 882 268 69 reported
1877 881 62 53 in
1968 879 188 55 Idaho

225 964 239 64 reports,
499 962 337 65 1866-1931;
873 958 212 57 Pacific
1116 964 275 64 reporter,
1422 960 253 53 volumes
1710 962 187 65 1-300,
1930 959 114 53 and
2076 961 78 51 all

225 1036 1929 72 of the Pacific states reports from the earliest times … Com-
226 1117 157 67 piled
412 1118 112 52 and
553 1117 190 53 edited
770 1118 76 69 by
872 1119 97 52 the
996 1117 338 70 publisher’s
1364 1117 269 53 editorial
1658 1115 153 57 staff,
1884 1138 51 33 v.
1964 1117 189 56 35-37.

227 1194 83 55 St.
342 1196 165 68 Paul,
536 1198 160 54 West
723 1196 336 70 publishing
1090 1216 98 49 co.,
1220 1200 152 52 1933.

225 1271 26 39 3
284 1282 42 28 v.
384 1270 116 40 26cm.

505 1337 107 29 CONTENTS.—v.
636 1325 71 42 35.
734 1326 162 42 Street
917 1327 584 40 railroads-Tender.—v.
1528 1325 72 43 36.
1625 1324 537 42 Territories-Trial.—

161 1394 42 28 v.
233 1382 73 42 37.
333 1384 184 39 Trover
543 1385 96 39 and
667 1382 507 42 Conversion-Vendor
1204 1385 95 39 and
1327 1384 279 48 purchaser.

162 1436 51 52 ©
245 1441 121 39 Mar.
395 1439 68 49 20,
494 1439 112 41 1933;
666 1441 67 40 2c.
763 1440 121 40 each
911 1440 114 48 Apr.
1057 1441 54 39 14;
1171 1440 108 41 affs.
1311 1441 113 48 Apr.
1455 1441 59 39 15;
1571 1441 41 39 A
1641 1439 324 41 62140-62142;
2023 1441 135 41 West

228 1498 108 46 pub.
363 1509 65 28 co.

156 1587 431 57 International
630 1589 223 69 clinics;
901 1609 31 33 a
974 1593 294 66 quarterly
1309 1591 68 54 of
1411 1591 328 55 illustrated
1781 1592 227 56 clinical
225 1594 1907 129 lectures

407 1669 1751 71 and especially prepared original articles … by leading
224 1748 276 54 members
541 1748 63 54 of
644 1749 97 54 the
779 1747 244 54 medical
1061 1748 325 69 profession
1425 1749 356 71 throughout
1820 1750 96 54 the
1956 1750 199 54 world.

228 1826 1928 71 Edited by Louis Hamman … with the collaboration of
227 1905 1927 148 Francis Gilman Blake [and others] … Volume I. Forty-third series,
226 1985 1907 147 1933. Philadelphia, London [etc.] J. B. Lippincott company [c1933]
231 2138 99 46 viii,
358 2137 87 41 305
468 2147 43 38 p.
568 2139 85 38 col.
683 2138 164 48 front.,
875 2138 145 47 illus.,
1047 2138 172 48 plates.
1274 2138 116 41 23cm.

232 2197 117 38 Part
378 2195 52 40 of
455 2194 157 48 plates
641 2205 83 29 are
752 2194 192 48 printed
974 2204 61 31 on
1062 2195 116 39 both
1206 2195 143 42 sides.

165 2248 51 52 ©
248 2252 111 40 Feb.
388 2251 69 48 24,
488 2250 113 41 1933;
661 2251 67 40 2c.
760 2254 95 39 and
886 2251 82 42 aff.
999 2252 113 47 Apr.
1144 2252 56 39 14;
1260 2253 40 38 A
1332 2253 144 41 62038;
1537 2254 44 40 J.
1613 2255 54 40 B.
1698 2252 277 50 Lippincott
2008 2265 68 31 co.

155 2355 129 64 Jell,
311 2354 225 64 George
566 2353 295 56 Clarence.

230 2432 217 54 Master
476 2431 253 55 builders
762 2430 65 56 of
857 2448 192 52 opera,
1079 2428 77 71 by
1189 2428 223 70 George
1447 2427 63 56 C.
1543 2427 145 69 Jell;
1727 2426 327 56 illustrated
2085 2425 76 70 by

163 2511 196 53 Frank
387 2511 69 53 R.
489 2508 308 57 Southard.
872 2510 140 53 New
1042 2507 181 69 York,
1256 2507 63 56 C.
1352 2505 315 58 Scribner’s
1696 2523 147 51 sons,
1876 2509 152 50 1933.

265 2617 9 11 x,
306 2584 86 41 257
423 2595 43 38 p.
527 2584 127 40 illus.
683 2583 198 49 (ports.)
949 2582 145 41 19½cm.

231 2633 1926 56 “Operas and principal non-opera tic works of the … composers”:
158 2708 41 37 p.
244 2696 249 51 [237]-257.

166 2751 50 51 ©
251 2755 109 39 Feb.
392 2754 70 46 24,
495 2752 139 49 1933;
669 2753 68 41 2c.
771 2755 119 38 Mar.
926 2754 52 45 7;
1013 2751 82 41 aff.
1129 2752 127 39 Mar..
1285 2751 52 46 6;
1374 2750 41 39 A
1448 2748 170 47 60496;
1656 2748 202 41 Charles
1895 2747 264 41 Scribner’s

233 2822 126 29 sons.
429 2810 249 49 (33-8635)

163 2905 318 66 [Jouvenel,
513 2907 167 50 Mme.
715 2903 289 55 Gabrielle
1040 2902 281 56 Claudine
1362 2900 289 66 (Colette)
1689 2901 70 53 de]
1818 2903 172 53 1873-

292 2977 1692 72 … Prisons et paradis. Paris, J. Ferenczi & fils [1932]
232 3055 742 50 2 p. l ., [9]-270 p., 1 l. 18cm.
232 3113 229 40 Author’s
486 3113 178 47 pseud.,
692 3112 198 44 Colette,
918 3115 51 36 at
995 3111 124 39 head
1145 3110 51 40 of
1222 3110 123 43 title.

167 3168 51 52 ©
244 3173 118 47 Aug.
423 3204 8 15 1,
460 3171 139 47 1932;
659 3183 36 28 1c.
725 3172 109 39 Jan.
863 3171 69 46 21,
962 3169 140 47 1933;
1133 3169 311 47 A-Foreign
1471 3166 171 48 19428;
1673 3166 43 41 J.
1747 3166 229 41 Ferenczi
2004 3166 37 40 &
2068 3163 92 43 fils.

242 3229 249 48 (33-8915)

162 3318 177 67 King,
369 3319 254 64 Beverly
653 3319 59 56 S.

232 3396 120 52 The
381 3396 216 55 United
630 3396 189 54 States
848 3401 235 62 postage
1114 3400 215 60 stamps
1359 3391 63 55 of
1451 3392 98 52 the
1578 3389 295 54 twentieth
1905 3397 251 61 century,

160 3474 75 69 by
262 3475 245 65 Beverly
537 3476 56 54 S.
621 3473 162 69 King
811 3474 112 52 and
949 3474 140 51 Max
1115 3473 69 55 G.
1214 3471 154 56 Johl.
1443 3470 243 54 Volume
1742 3511 9 9 I.
1829 3470 326 51 1901-1922.

161 3554 139 52 New
327 3552 179 68 York,
534 3554 68 52 N.
635 3554 90 66 Y.,
753 3554 78 51 H.
860 3554 65 52 L.
954 3550 325 69 Lindquist,
1309 3552 134 50 1932.

234 3627 80 45 vii,
343 3626 84 40 262
455 3637 41 37 p.
553 3627 164 47 front.,
747 3626 125 40 illus.
931 3625 116 40 26cm.

169 3680 50 51 ©
252 3685 118 38 Nov.
403 3682 67 43 29,
504 3683 112 40 1932;
678 3683 67 40 2c.
778 3684 95 39 and
904 3682 83 41 aff.
1020 3682 121 39 Mar.
1175 3681 69 46 16,
1278 3678 113 41 1933;
1455 3680 41 38 A
1529 3678 143 41 60634;
1734 3677 165 47 Harry
1934 3677 51 41 L.
235 3674 1908 113 Lindquist.
450 3738 249 50 (33-7059)

161 3828 238 65 Klages,
429 3828 265 66 Ludwig,
729 3828 171 56 1872-

232 3907 118 52 Der
394 3907 148 69 geist
586 3907 82 53 als
713 3907 374 52 Widersacher
1133 3906 99 51 der
1277 3905 158 66 seele,
1478 3923 111 33 von
1631 3903 248 68 Ludwig
1923 3902 231 68 Klages.

163 3984 1380 70 3. bd. l ., 2. t. Leipzig, J. A. Barth, 1932.
