2582 4453
1335 4142 135 50 1402

383 455 296 66 Kearney,
711 457 146 52 Paul
887 455 277 66 William,
1199 461 171 50 1896-

460 531 246 70 Strange
761 532 164 53 fishes
974 533 113 52 and
1138 533 150 54 their
1336 537 231 64 strange
1618 533 323 68 neighbors,
1990 531 74 68 by
2117 531 146 52 Paul
2313 530 88 54 W.

387 610 296 69 Kearney;
725 611 326 52 illustrated
1091 611 71 69 by
1202 610 394 71 photographs
1634 610 163 53 made
1837 617 59 46 at
1932 612 95 52 the
2066 609 135 54 New
2244 609 160 52 York

384 688 1996 148 and Philadelphia aquariums … Garden City, N. Y., Doubleday,
547 768 197 52 Doran
777 770 44 50 &
854 786 298 51 company,
1186 767 125 68 inc.,
1349 770 149 50 1933.

457 840 850 49 1 p. l., v-vi, 60 p. illus. 25 cm .
454 898 292 40 Illustrated
778 897 367 49 lining-papers.

458 955 205 40 “Junior
695 955 194 40 books.”

457 1012 165 41 “First
654 1011 229 42 edition.”

391 1069 2003 110 © Sept. 20, 1933; 2c. and aff. Sept. 25; A 66320; P. W. Kearney, Brooklyn. (33-28433)
383 1219 179 67 Kent,
595 1220 314 65 Rockwell,
943 1222 173 51 1882-

459 1296 592 67 Rockwellkentiana;
1095 1297 108 54 few
1244 1297 186 52 words
1468 1298 112 52 and
1617 1315 171 51 many
1828 1296 251 68 pictures
2115 1296 73 70 by
2225 1295 67 53 R.
2331 1296 74 54 K.

387 1375 130 71 and,
544 1376 74 69 by
645 1375 135 55 Carl
808 1376 307 68 Zigrosser,
1141 1397 31 33 a
1202 1375 403 68 bibliography
1634 1375 113 53 and
1774 1375 97 54 list
1897 1374 63 53 of
1987 1375 202 68 prints.
2267 1374 135 55 New

390 1454 178 67 York,
605 1455 310 67 Harcourt,
953 1454 180 52 Brace
1169 1453 113 54 and
1318 1471 298 52 company,
1654 1456 151 50 1933.

458 1526 1664 50 4 p. l., 64, [86] p., 1 l. incl. illus., plates. col. front. 27½ cm .
460 1583 163 41 “First
660 1583 228 41 edition.”

459 1642 69 38 “A
569 1640 254 42 check-list
864 1641 51 39 of
957 1641 81 40 the
1079 1640 454 49 wood-engravings
1576 1643 94 39 and
1713 1643 308 47 lithographs
2065 1644 51 38 of
2162 1644 237 40 Rockwell

389 1698 186 42 Kent”:
617 1709 42 38 p.
716 1698 191 50 [41]-56;
952 1698 382 49 “Bibliography
1373 1699 52 40 of
1464 1700 82 40 the
1585 1699 224 49 writings
1848 1702 95 38 and
1987 1701 329 41 illustrations
2355 1703 51 39 of

389 1757 244 40 Rockwell
671 1755 158 42 Kent”:
895 1767 44 38 p.
978 1755 191 50 [57]-64.

391 1814 53 51 ©
478 1818 103 40 Oct.
615 1818 39 47 5,
689 1818 141 40 1033:
865 1818 68 39 2c.
967 1817 97 39 and
1098 1815 82 41 aff.
1215 1816 101 40 Oct.
1352 1817 23 39 7;
1439 1818 41 37 A
1514 1816 171 48 65517;
1722 1817 40 38 R
1812 1817 145 41 Kent.
1992 1818 213 40 Ausable
2241 1819 169 46 Forks,

510 1909 8 7 N.
549 1876 53 38 Y.
675 1873 282 48 (33-27332)

384 1948 233 66 Knapp,
652 1949 229 64 George
913 1948 290 64 Leonard,
1237 1948 173 53 1872-

459 2028 183 54 Uncle
698 2025 182 56 Sam’s
933 2030 376 66 government
1362 2030 60 49 at
1473 2025 408 72 Washington,
1937 2028 74 69 by
2066 2026 223 72 George
2342 2029 64 52 L.

387 2104 1817 73 Knapp … New York, Dodd, Mead and company, 1933.
459 2181 64 46 xi,
551 2179 86 42 283
665 2190 44 38 p.
770 2179 165 43 front.,
964 2179 172 48 plates.
1197 2178 55 40 19½cm.

393 2236 52 52 ©
483 2241 126 47 Sept.
645 2240 69 46 22,
750 2238 141 41 1033:
928 2239 66 39 2c.
1031 2239 130 46 Sept.
1194 2238 84 46 28;
1316 2237 82 41 aff.
1437 2239 128 47 Sept.
1602 2239 83 40 20:
1722 2240 40 37 A
1797 2239 171 43 66353;
2007 2240 154 42 Dodd,
2199 2241 142 39 Mead
2378 2241 35 40 &

462 2308 82 36 co.,
579 2297 88 40 inc.
743 2295 283 49 (33-25984)

384 2370 224 66 Kutak,
641 2370 224 54 Robert
896 2369 308 67 Ingersoll,
1239 2374 172 49 1899-

461 2452 121 51 The
607 2456 160 62 story
792 2449 63 53 of
882 2470 30 33 a
939 2450 655 54 Bohemian-American
1620 2451 240 68 village;
1891 2470 30 34 a
1947 2453 173 67 study
2147 2452 64 52 of
2235 2452 172 54 social

391 2528 2017 70 persistence and change, by Robert I. Kutak … Louisville,
389 2608 134 64 Ky.,
560 2610 122 52 The
722 2609 294 55 Standard
1054 2608 266 64 printing
1354 2626 300 46 company,
1692 2609 421 63 incorporated,
2154 2614 148 51 1933.

463 2681 594 50 xvi p., 1 l., 156 p. 22½cm.
465 2740 268 48 “Milligan,
761 2740 270 48 Nebraska,
1061 2750 102 30 was
1190 2740 212 40 selected
1429 2750 55 29 as
1513 2740 81 40 the
1621 2740 299 47 community
1948 2742 49 38 to
2026 2741 57 39 be
2111 2741 296 41 studied.”—

391 2807 45 39 p.
463 2796 103 44 viii.

461 2856 173 39 Issued
661 2855 103 40 also
793 2865 54 30 as
876 2854 155 41 thesis
1060 2856 12 46 (PH.
1230 2855 33 46 D.)
1301 2855 252 41 Columbia
1584 2854 287 48 university.

393 2908 53 54 ©
474 2914 128 41 June
629 2913 69 48 10,
725 2913 114 41 1933;
897 2913 67 41 2c.
993 2914 97 41 and
1116 2913 83 41 aff.
1228 2913 131 41 June
1383 2915 81 46 17;
1494 2914 42 40 A
1563 2913 172 48 64016;
1767 2914 54 39 R.
1853 2915 35 39 I.
1920 2914 182 43 Kutak.
2133 2914 279 43 Louisville.

473 2971 283 49 (33-28717)

387 3045 272 65 Lamkin,
690 3046 161 54 Nina
877 3047 67 56 B.

460 3123 244 53 Around
732 3123 268 53 America
1029 3124 142 52 with
1199 3124 95 52 the
1325 3124 233 68 Indian,
1584 3124 75 70 by
1687 3124 153 52 Nina
1872 3126 67 51 B.
1970 3125 247 53 Lamkin
2272 3125 132 64 [and]

390 3202 78 52 M.
498 3201 359 70 Jagendorf;
889 3221 28 34 a
947 3201 148 54 book
1124 3201 94 53 for
1246 3202 140 70 boys
1416 3203 114 52 and
1559 3203 144 69 girls
1731 3204 173 52 about
1934 3203 210 53 Indian
2178 3203 230 69 legends

389 3281 163 52 made
578 3281 121 53 into
724 3282 184 67 plays,
930 3281 216 52 Indian
1170 3281 210 69 village
1409 3279 124 69 life,
1557 3280 387 70 ceremonials,
1969 3282 222 65 dances,
2215 3281 196 53 music,

389 3377 221 50 games;
648 3359 216 53 Indian
897 3359 179 53 music
1108 3358 371 54 harmonized
1516 3360 114 53 and
1665 3359 248 69 original
1948 3359 270 55 melodies

388 3360 1998 130 written
504 3437 75 69 by
603 3437 166 54 Anne
796 3436 231 56 Church
1052 3436 249 64 Collins;
1326 3437 328 53 illustrated
1678 3438 75 69 by
1776 3438 173 70 Mary
1971 3439 227 52 Ponton
394 3436 1991 134 Gardner.

593 3552 69 32 [v.
702 3523 46 61 1]
792 3519 121 51 The
953 3518 182 56 Creek
1174 3517 260 69 Indians,
1472 3518 156 53 from
1663 3519 286 52 Alabama
1989 3518 110 53 and
2138 3518 269 69 Georgia.

394 3597 120 52 The
549 3597 231 53 Dakota
814 3596 260 62 Indians,
1109 3596 154 52 from
1297 3597 93 53 the
1425 3598 313 52 northwest
1774 3602 258 63 country.
2109 3598 121 52 The
2264 3598 144 51 Zuñi

395 3674 261 58 Indians,
700 3675 154 52 from
902 3676 94 52 the
1041 3676 309 53 southwest
1397 3681 258 63 country.
1732 3675 185 55 Music
1962 3676 96 52 for
2103 3677 94 51 the
2245 3677 163 67 plays

407 3755 90 52 (21
535 3774 53 48 p.
623 3762 56 46 at
713 3754 138 59 end)
938 3755 138 51 New
1111 3753 178 57 York,
1322 3756 110 51 Los
1467 3755 267 67 Angeles,
1771 3756 54 52 S.
1861 3755 252 54 French;
2148 3755 260 57 London,

397 3833 56 54 S.
487 3834 241 58 French,
759 3834 123 56 ltd.,
916 3836 149 49 1933.

469 3907 1274 49 xxi, 108 p., 1 l., p. illus., plates. map. 19½ cm.
463 3962 227 41 Includes
722 3962 365 42 “References”.

399 4017 52 53 ©
490 4023 125 38 June
653 4023 38 41 1,
730 4022 113 39 1933;
911 4022 67 40 2c.
1017 4023 94 38 and
1151 4022 80 39 aff.
1275 4022 127 47 Sept.
1442 4021 83 47 28;
1565 4023 41 38 A
1643 4021 171 46 65402;
1859 4022 193 40 Samuel
2095 4023 199 39 French.

482 4078 282 48 (33-25978)
