2484 4405
1042 4065 99 56 675

79 437 119 51 The
231 434 499 66 pharmaceutical
763 434 269 68 syllabus,
1064 430 289 69 outlining
1384 431 96 53 the
1512 448 193 37 course
1737 429 64 54 of
153 429 1898 136 instruction

325 514 94 51 for
465 513 96 52 the
610 513 201 66 degree
859 512 63 53 of
970 511 264 52 bachelor
1283 510 64 52 of
1395 509 213 54 science
1654 508 61 52 in
1764 508 313 67 pharmacy

161 590 96 64 (B.
302 589 57 55 S.
402 590 262 65 Pharm.)
715 589 99 52 4th
856 590 85 51 ed.
1020 587 292 68 Prepared
1357 588 112 51 and
1514 586 301 67 published
1859 586 75 66 by
1976 586 96 52 the

152 666 272 54 National
473 665 480 68 pharmaceutical
1002 665 252 67 syllabus
1301 663 335 66 committee,
1682 664 394 66 representing

152 744 95 53 the
281 744 306 52 American
618 742 481 68 pharmaceutical
1135 740 354 65 association,
1520 741 97 52 the
1652 741 305 53 American

150 759 1902 116 association
461 821 63 53 of
561 821 236 67 colleges
835 821 63 53 of
934 820 328 68 pharmacy,
1297 819 95 53 the
1427 818 273 54 National
1737 818 338 54 association

151 899 64 52 of
249 899 205 53 boards
489 899 63 52 of
586 898 329 68 pharmacy.
993 897 238 68 [Chapel
1269 897 146 66 Hill,
1449 897 71 51 N.
1559 896 83 66 C.]
1686 900 151 49 1932.

156 972 83 40 168
268 984 43 37 p.
371 971 55 40 23
430 973 42 21 cm
478 1003 8 9 .

160 1027 374 48 “Bibliography
570 1027 51 41 of
652 1036 187 38 papers,
873 1029 264 38 comments
1171 1028 94 38 and
1298 1025 297 41 discussions
1628 1038 59 28 on
1721 1027 359 41 examinations

88 1084 266 48 appearing
378 1085 49 38 in
453 1085 81 39 the
560 1083 347 48 ‘Proceedings’
934 1083 52 40 of
1010 1084 82 39 the
1118 1083 257 40 American
1400 1082 296 41 association
1724 1082 51 42 of
1798 1083 204 50 colleges
2030 1085 51 40 of

90 1142 261 46 pharmacy
385 1141 94 39 and
517 1139 228 40 National
779 1139 294 40 association
1112 1139 51 41 of
1197 1140 175 39 boards
1405 1138 52 41 of
1490 1139 293 49 pharmacy”:
1847 1152 42 37 p.
1926 1141 95 40 165.

90 1195 1993 53 © Jan. 4, 1933; 2c. Feb. 14; aff. Mar. 29; A 61135; Natl. pharmaceutical
155 1257 217 47 syllabus
403 1254 286 48 committee,
723 1253 181 47 Chapel
938 1253 116 47 Hill,
1088 1253 57 41 N.
1179 1253 48 41 C.
1299 1253 250 49 (33-9531)

82 1346 217 52 Pinard
330 1347 69 51 de
427 1345 56 53 la
510 1344 298 63 Boullaye,
838 1343 203 56 Henri.

217 1421 1870 70 … Les joies du mal. Retraite pascale, Notre-Dame de Paris,
90 1505 148 52 1932.
312 1502 186 66 Paris,
530 1500 160 69 Spes,
721 1503 151 50 1932.

155 1574 458 50 124 p., 2 l. 20 cm .
156 1633 63 39 At
243 1631 122 40 head
392 1631 51 40 of
467 1631 134 40 title:
629 1631 60 42 H.
715 1630 181 39 Pinard
922 1630 58 39 de
1005 1630 47 39 la
1077 1630 250 48 Boullaye,
1384 1662 8 8 S.
1450 1660 8 9 J.

92 1685 1907 52 © Oct. 1, 1932; 1c. Feb. 10, 1933; A-Foreign 19685; Éditions Spes.
168 1745 279 50 (33-11715)

85 1834 183 65 Price,
301 1834 315 55 Frederick
647 1834 274 63 William,
952 1835 84 52 ed.

158 1911 1924 69 Tratado de medicina pr á ctica, por el doctor Federico W.
89 1989 1971 129 Price … Con la colaboración de numerosos especialistas. Versión
244 2067 1778 67 del inglés por el doctor Nicolás M. Martínez Amador …
89 2145 331 67 Barcelona,
449 2145 69 55 G.
549 2145 139 65 Gili,
719 2147 151 50 1932.

162 2219 26 37 2
219 2230 42 28 v.
322 2218 142 46 illus.,
498 2217 179 49 diagrs.
737 2217 55 40 25½cm.

95 2271 1994 52 © Apr. 5, 1932; 1c. each Mar. 2, 1933; A-Foreign 20146; Gustavo Gili.
170 2331 280 51 (33-11858)

88 2419 274 67 Putnam,
394 2422 226 63 George
650 2419 310 67 Rockwell,
994 2426 172 51 1865-

160 2499 379 68 Lighthouses
571 2499 112 51 and
712 2497 312 70 lightships
1054 2496 65 54 of
1148 2498 96 52 the
1273 2497 217 55 United
1524 2496 206 70 States,
1760 2499 76 69 by
1866 2499 224 70 George

92 2575 1998 72 R. Putnam. New and rev. ed. … Boston and New York,
94 2655 319 69 Houghton
439 2654 204 52 Mifflin
671 2672 297 51 company,
997 2655 151 52 1933.

165 2725 1531 52 x p., 1 l., 324 p. front., illus., plates, fold. map. 20½ cm .
165 2784 133 40 “List
329 2784 53 40 of
406 2783 239 48 principal
677 2782 292 41 authorities
1002 2782 310 41 consulted”:
1341 2792 44 38 p.
1433 2783 234 50 [311]-316.

99 2838 51 51 ©
178 2843 113 46 Apr.
318 2843 68 47 26,
413 2841 139 46 1933;
581 2842 66 39 2c.
678 2843 112 45 May
818 2842 51 46 1;
899 2841 81 40 aff.
1010 2843 114 46 May
1151 2841 52 47 2;
1234 2842 40 38 A
1302 2841 169 47 61590;
1505 2842 52 40 G.
1587 2843 54 40 R.
1672 2844 223 47 Putnam,
165 2842 1910 104 Washington.
416 2898 279 49 (33-27142)

93 2974 180 64 Raab,
305 2973 291 66 Wilhelm,
629 2978 170 50 1895-

97 3050 1967 131 Innersekretorische s törungen und Organotherapie, von privatdozent dr.
545 3128 274 56 Wilhelm
848 3129 179 53 Raab.
1097 3129 169 55 Wien
1298 3130 116 52 und
1448 3129 217 67 Berlin,
1697 3130 56 55 J.
1790 3130 298 70 Springer,

98 3210 151 50 1932.

173 3276 61 48 vi,
264 3277 97 48 115,
393 3279 54 48 [1]
477 3288 42 37 p.
579 3276 144 43 20½cm.
792 3279 98 47 (On
918 3289 162 29 cover:
1110 3279 189 41 Bücher
1326 3280 84 40 der
1438 3280 268 41 ärztlichen
1735 3282 183 48 praxis,
1947 3282 80 47 36)

102 3332 1990 54 © Nov. 2, 1932; 1c. Feb. 23, 1933; A -Foreign 20047; Julius Springer.
180 3392 278 48 (33-11856)

97 3467 177 64 Read,
303 3466 252 55 William
583 3466 323 65 Thornton,
939 3473 171 49 1886-

166 3544 1924 70 Industrial chemistry, by William Thornton Read … New
101 3622 177 67 York,
301 3625 56 53 J.
380 3624 189 67 Wiley
594 3627 44 49 &
660 3642 146 50 sons,
830 3624 135 67 inc.;
991 3625 260 67 London,
1276 3623 301 70 Chapman
1600 3631 45 49 &
1667 3628 160 68 Hall,
1850 3628 241 69 limited,

103 3704 147 53 1933.

172 3776 1374 50 3 p. l., v-vii, 576 p. illus., diagrs. 23½cm. $5.00
176 3832 231 41 “Sources
460 3833 51 39 of
565 3832 316 41 information
935 3834 75 39 for
1065 3834 230 40 chemists
1349 3837 95 38 and
1499 3835 232 42 chemical
1785 3836 307 48 engineers”:

101 3888 136 47 chap.
275 3898 63 30 iv.

108 3940 51 51 ©
187 3945 113 46 Apr.
326 3945 68 47 28,
422 3945 140 46 1933;
592 3946 66 39 2c.
687 3948 95 37 and
809 3946 82 41 aff.
920 3948 113 47 May
1060 3948 26 38 2;
1145 3948 40 38 A
1213 3947 168 47 61582;
1413 3949 71 42 W.
1513 3950 51 39 T.
1595 3950 148 46 Read,
1772 3951 118 40 New
174 3952 1904 96 Brunswick,
340 4002 54 38 N.
428 4002 41 39 J.
541 4002 278 48 (33-12090)
