2484 4405
1091 4068 99 48 913

119 437 314 55 Académie
467 435 315 68 française,
814 433 185 55 Paris.

189 516 394 53 Dictionnaire
621 514 67 52 de
723 510 347 55 l’Académie
1109 508 300 67 française.
1482 512 47 49 8.
1566 507 85 53 éd.
1723 512 41 47 t.
1804 509 28 49 1
1836 511 39 22 er
1880 548 10 11 .
1962 505 152 54 A-G.

125 595 200 66 [Paris]
360 594 299 65 Hachette,
689 594 150 51 1932.

195 684 26 39 3
247 693 42 37 p.
352 712 8 15 l,
388 681 61 46 iv,
478 680 85 40 622
590 691 56 36 p.,
675 680 24 38 1
748 712 8 7 l.
811 679 56 40 34
870 681 15 20 cm
919 712 9 9 .

127 742 1992 58 © Dec. 21, 1932; 1c. Apr. 19, 1933; A- Foreign 20636; Librairie
195 809 252 40 Hachette.
520 807 278 49 (32-15754)

121 913 306 53 Actuarial
458 911 226 64 society
714 911 63 52 of
806 909 293 55 America.

190 989 302 52 Actuarial
527 989 212 53 studies
773 1006 88 35 no.
901 991 45 48 1.
1019 986 238 55 Sources
1293 986 112 52 and
1438 984 451 55 characteristics
1924 984 63 53 of
2022 984 96 52 the

122 1068 286 68 principal
440 1067 296 66 mortality
769 1066 206 65 tables;
1011 1065 249 69 original
1292 1065 103 69 ed.,
1429 1062 286 70 principal
1747 1062 372 68 contributor,

122 1143 1996 71 Henry Moir … Rev. ed. Principal contributor, James S.
125 1221 1992 69 Elston … New York, The Actuarial society of America, 1932.
197 1314 61 46 iv,
289 1313 86 40 172
400 1324 43 36 p.
501 1313 177 47 diagrs.
736 1313 54 39 23½
825 1315 44 20 cm
875 1345 7 8 .

131 1379 51 52 ©
209 1383 111 48 Apr.
347 1383 70 47 30,
443 1382 140 46 1933;
611 1383 67 39 2c.
707 1382 102 40 Oct.
835 1382 38 47 5,
902 1381 141 47 1932;
1072 1381 84 40 aff.
1184 1382 125 39 June
1336 1381 69 47 26,
1434 1381 139 47 1933;
1603 1380 40 39 A
1671 1380 170 47 55453;
1870 1379 254 41 Actuarial

203 1452 92 29 soc.
325 1440 53 41 of
403 1439 237 41 America.

125 1540 353 68 Alexander,
506 1545 186 67 grand;
720 1544 148 53 duke
899 1544 64 67 of
987 1542 226 69 Russia,
1243 1545 325 50 1866-1933.

195 1621 235 68 Always
461 1641 30 33 a
522 1622 183 68 grand
737 1621 165 68 duke,
931 1622 75 67 by
1036 1622 346 67 Alexander,
1411 1621 185 69 grand
1627 1621 149 52 duke
1805 1620 63 53 of
1898 1620 223 55 Russia.

127 1700 138 52 New
291 1701 179 66 York,
497 1702 213 50 Farrar
739 1705 45 49 &
811 1700 299 69 Rinehart,
1137 1700 401 69 incorporated
1572 1734 12 33 [
1589 1708 18 20 c
1613 1704 150 63 1933]

200 1788 1307 48 x p., 4 l., 3-299 p. front., ports., facsim. 23½ cm .
136 1854 51 52 ©
214 1860 113 46 May
352 1859 68 46 11,
448 1858 113 41 1933;
615 1859 68 40 2c.
709 1859 115 48 May
848 1859 55 40 13;
959 1858 83 42 aff.
1068 1860 127 39 June
1220 1860 57 38 24;
1333 1859 40 39 A
1400 1859 147 40 64160;
1601 1860 182 40 Farrar
1811 1860 38 40 &
1875 1860 252 42 Rinehart,

201 1916 88 40 inc.

129 2015 278 69 Angluin,
436 2019 253 54 Edward
716 2020 141 65 Fox,
888 2025 170 50 1906-

132 2097 1971 132 … The use and control of alcoholic drink … by the Reverend
131 2174 1973 148 Edward F. Angluin … Washington, D. C., The Catholic university of America, 1933.
204 2353 42 37 v,
273 2341 87 41 136
384 2353 44 37 p.
485 2341 56 41 23
545 2343 44 22 cm
594 2372 9 8 .

204 2413 64 40 At
295 2414 126 39 head
451 2414 51 40 of
529 2413 108 41 title:
695 2414 100 40 The
825 2414 221 41 Catholic
1075 2413 272 49 university
1375 2415 52 40 of
1454 2415 237 43 America.

204 2470 172 40 Thesis
403 2470 63 48 (S.
534 2503 9 8 T.
609 2469 328 47 D.)—Catholic
970 2471 271 49 university
1275 2473 52 39 of
1359 2472 238 50 America,
1631 2473 128 43 1933.

205 2527 129 42 Vita.

207 2586 128 40 “The
370 2585 270 41 discussion
673 2585 52 41 of
757 2586 81 41 the
873 2585 158 49 liquor
1064 2586 215 49 problem
1314 2586 41 42 is
1388 2586 187 43 limited
1611 2591 48 39 to
1694 2590 81 41 the
1810 2591 151 40 moral
137 2602 1976 82 questions
295 2642 603 42 involved.”—Foreword.

207 2700 347 49 Bibliography:
612 2711 43 37 p.
684 2700 216 40 122-129.

141 2769 51 52 ©
223 2775 113 45 May
362 2774 70 45 31,
461 2773 140 45 1933;
633 2773 67 39 2c.
730 2773 95 39 and
854 2772 82 41 aff.
966 2773 125 39 June
1122 2773 52 47 2;
1206 2773 40 39 A
1275 2773 170 48 61986;
1478 2775 222 42 Catholic
1730 2778 129 41 univ.

1891 2779 51 40 of
208 2779 1908 91 America.
366 2829 278 48 (33-16565)

135 2931 312 68 Appleton,
477 2934 218 53 Ernest
723 2933 239 65 Robert,
994 2939 173 49 1891-

210 3011 1921 78 Corn in Egypt, by E. R. Appleton … the Bible story of
137 3090 215 66 Joseph
396 3090 280 67 arranged
722 3109 58 33 as
823 3087 107 56 five
973 3090 159 53 short
1173 3092 164 68 plays
1381 3092 94 53 for
1518 3093 274 71 children,
1834 3097 139 54 with
2019 3099 113 53 full

139 3167 321 54 directions.
521 3168 258 68 London,
802 3169 56 54 J.
884 3168 201 55 Nisbet
1110 3173 46 50 &
1178 3188 78 36 co.
1282 3171 104 54 ltd.
1417 3175 172 65 [1932]

215 3242 1922 55 xii p., 1 l., 15-128 p. front. (ports.) illus. 19 cm . (Half-title: Joan
141 3301 94 38 and
264 3300 147 46 Betty
439 3299 139 39 Bible
604 3299 200 47 stories)

214 3371 72 39 On
313 3380 139 29 cover:
507 3370 101 38 The
636 3369 126 39 Joan
789 3370 95 39 and
912 3370 146 47 Betty
1087 3370 138 40 Bible
1252 3373 152 47 plays.

215 3427 161 39 “First
403 3426 253 48 published
687 3426 50 39 in
767 3425 157 41 1932.”

147 3492 1974 108 © 1c. Dec. 14, 1932; A ad int. 17286; pubd. Nov. 1; E. R. Appleton Cardiff, Wales. (33-8176)
143 3654 244 54 Arnaud
419 3654 267 65 d’Agnel,
717 3654 85 64 G.,
836 3655 171 54 1871-

276 3730 1436 77 … Le mariage. Paris, E. Flammarion [ 1933]
219 3815 45 37 x,
295 3803 217 50 [11]-212,
543 3803 55 51 [2]
625 3814 44 37 p.
729 3803 55 41 18
787 3806 44 21 cm
835 3835 10 10 .
911 3804 115 49 (Les
1053 3808 320 49 sacrements)

221 3874 418 50 “Bibliographie”:
703 3886 43 37 p.
785 3874 247 49 [207]-209.

149 3943 1923 58 © Mar. 9, 1933; 1c. Mar. 31; A- Foreign 20573; Ernest Flammarion
230 4003 278 49 (33-16867)
