2484 4405
1073 4050 133 49 1249

133 420 306 52 Alabama.
583 420 181 65 Laios,
793 424 255 60 statutes,
1076 424 99 46 etc.

202 498 243 54 General
480 498 138 54 laws
665 498 137 67 (and
839 496 148 69 joint
1022 494 364 68 resolutions)
1435 496 62 51 of
1534 494 95 51 the
1664 493 357 67 Legislature
2058 492 63 51 of

133 576 277 53 Alabama
451 576 197 67 passed
687 582 56 46 at
778 577 95 50 the
907 574 437 65 extraordinary
1380 571 208 53 session
1626 571 63 52 of
1726 575 133 48 1932
1894 572 132 51 held
2064 576 57 47 at

134 655 93 52 the
260 654 229 67 capitol,
518 653 60 52 in
609 655 93 51 the
734 654 115 66 city
880 652 63 51 of
973 652 418 66 Montgomery,
1424 649 385 68 commencing
1842 650 279 66 Tuesday.

132 728 1990 72 August 16, 1932 … Birmingham, Ala., Birmingham printing
135 828 293 50 company,
463 814 146 50 1933.

204 896 685 49 xvii p., 1 l., 384 p, 23½ cm .
135 962 1989 53 © Mar. 27, 1933; 2c. Sept. 25; aff. Sept. 23: A 66329; State of Alabama.
201 1025 344 46 Montgomery,
577 1024 103 39 Ala.

128 1140 313 54 American
491 1140 272 53 bankers’
813 1138 376 54 association.
1263 1139 205 54 Public
1517 1139 301 53 education
199 1139 1900 135 commission.

202 1295 395 55 Constructive
634 1300 277 48 customer
948 1293 288 68 relations,
1276 1293 93 54 for
1404 1294 95 53 the
1535 1293 215 54 banker
1788 1294 127 54 who
1952 1300 189 48 meets’

130 1373 94 53 the
259 1374 208 68 public.
538 1374 138 52 New
713 1371 178 70 York,
926 1371 307 53 American
1268 1371 243 54 bankers
1547 1371 338 54 association
1928 1405 13 34 [
1945 1378 19 23 c
1969 1375 133 50 1933]

200 1460 516 50 1 p. l., 238 p. 19 cm .
201 1532 242 47 Prepared
473 1532 60 47 by
563 1531 81 40 the
675 1530 167 40 Public
872 1529 256 42 education
1161 1529 306 41 commission
1499 1530 52 40 of
1580 1531 81 39 the
1693 1529 257 42 American
132 1531 1979 98 bankers’
253 1587 307 48 association,

592 1587 185 40 Harold
813 1586 204 48 Stonier,
1048 1585 310 42 educational
1389 1586 225 42 director,
1674 1588 61 47 cf.
1769 1587 129 41 Pref.

203 1645 168 40 Issued
398 1645 101 40 also
527 1646 48 37 in
602 1655 25 29 a
659 1644 323 40 “Conference
1007 1644 190 40 leaders
1221 1642 229 42 edition”.

137 1712 1905 53 © Aug. 26, 1933; 2c. and aff. Aug. 28; A 65055; Amer. bankers assn.
213 1774 278 48 (33-23477)

264 1874 1866 68 … Constructive customer relations, for the banker who meets
132 1951 1755 70 the public. New York, American bankers association [c1933]
204 2041 817 49 2 p. l., xii p., 1 l., 238 p. 19 cm .
203 2112 63 40 At
291 2113 124 39 head
438 2113 54 39 of
519 2112 133 40 title:
682 2113 95 39 For
803 2112 280 40 conference
1114 2112 201 41 leaders.

205 2169 241 47 Prepared
474 2168 61 47 by
565 2169 80 39 the
676 2168 167 41 Public
872 2169 260 39 education
1163 2168 304 40 commission
1500 2168 53 41 of
1583 2169 80 41 the
1694 2168 257 42 American
137 2169 1976 96 bankers’
259 2225 306 49 association,
597 2225 186 40 Harold
818 2224 203 49 Stonier,
1054 2225 310 41 educational
1396 2225 223 41 director,
1681 2227 59 47 cf.
1777 2226 128 41 Pref.

206 2280 321 42 “Conference
559 2282 189 40 leaders
780 2281 225 41 edition.”

206 2337 260 41 Published
494 2338 101 40 also
623 2338 207 40 without
857 2338 80 40 the
964 2337 318 48 preliminary
1308 2341 179 38 matter
1512 2339 80 40 for
1617 2339 281 42 conference
1928 2340 201 40 leaders.

135 2394 101 40 The
262 2397 195 45 present
483 2395 182 41 edition
692 2394 88 40 has
807 2405 55 29 as
890 2405 62 29 an
979 2395 156 40 added
1162 2397 97 45 t.-p.
1288 2395 80 40 the
1398 2397 97 45 t.-p.
1523 2395 52 40 of
1602 2396 81 40 the
1712 2396 193 48 general
1933 2396 198 42 edition.

141 2463 50 51 ©
221 2466 116 48 Aug.
367 2466 69 46 26,
464 2465 114 40 1933;
634 2466 66 38 2c.
730 2466 95 39 and
854 2464 80 40 aff.
963 2466 118 46 Aug.
1112 2466 82 46 28;
1226 2466 39 38 A
1294 2466 170 42 65056:
1496 2467 158 41 Amer.
1684 2468 209 39 bankers
1923 2478 128 30 assn.

217 2523 277 47 (33-23478)

140 2625 523 64 Ammers-Küller,
691 2625 72 53 Jo
790 2642 133 38 van.

210 2705 84 52 Be
332 2704 392 68 opstancligen.
826 2709 45 48 [3.
952 2705 94 53 deel.
1123 2706 86 51 De
1246 2706 169 66 appel
1451 2722 66 36 en
1555 2707 141 65 Eva,
1733 2706 140 53 door
1907 2709 76 52 Jo
2021 2726 110 34 van

140 2782 511 67 Ammers-Küller]
731 2783 382 54 Amsterdam,
1152 2784 54 52 J.
1246 2784 78 52 M.
1363 2784 368 66 Meulenhoff,
1770 2789 150 50 1932.

205 2869 88 40 320
320 2880 42 37 p.
422 2870 26 39 21½c
527 2871 27 20 m
559 2902 8 6 .

144 2936 1991 51 © May 4, 1932; 1c. July 15; A-Foreign 17872; Jo van Ammers-Küller,
213 2997 320 45 Amsterdam,
563 2996 226 39 Holland.

137 3100 238 64 Andris,
407 3100 244 55 Colette.

273 3178 1836 72 … Une danseuse nue, roman. [Paris] E. Flammarion [1933]
215 3263 446 49 243 p., 3 l. 19 cm .
146 3332 1911 51 © June 1, 1933; 1c. June 22; A-F'oreign 21271; Ernest Flammarion.
223 3392 277 48 (33-24492)

141 3494 347 53 Associated
517 3495 237 62 factory
781 3494 229 52 mutual
1040 3493 106 55 fire
1177 3495 312 53 insurance
1519 3499 353 62 companies.

213 3576 399 69 Alphabetical
650 3576 168 52 index
855 3576 62 52 of
951 3575 164 69 risks,
1152 3575 330 56 Associated
1520 3577 224 69 factory
1781 3585 218 51 mutual
2038 3585 99 52 fire

145 3655 1968 148 insurance companies … April, 1933. Boston, Mass., Inspection dept., c 1933.
216 3820 869 50 1 p. l., 215 p. 27½cm. quarterly.
150 3889 1992 64 © Apr. 17, 1933; 2c. and aff. Apr. 21; A 62243; Associated factory
218 3951 186 38 mutual
433 3949 85 37 fire
546 3948 261 38 insurance
832 3946 288 47 companies,
1151 3948 194 39 Boston.
1415 3948 278 51 (33-11576)
