2484 4405
1066 4111 134 49 1515

131 462 242 65 Looker,
402 462 192 55 Earle.

201 538 120 54 The
347 537 306 53 American
685 555 153 50 way;
873 537 282 52 Franklin
1188 536 300 53 Roosevelt
1518 536 60 51 in
1611 535 203 68 action,
1844 536 75 67 by
1951 535 172 52 Earle

130 616 237 66 Looker,
404 615 139 52 with
583 634 70 33 an
690 613 390 54 introduction
1118 615 74 67 by
1232 614 232 54 Colonel
1503 613 253 52 Edward
1793 614 79 50 M.
1910 614 211 51 House.

131 694 137 51 New
294 694 178 66 York,
499 694 119 53 The
646 693 156 54 John
828 694 130 65 Day
984 708 280 51 company
1297 725 12 33 [
1315 697 17 21 c
1337 695 152 62 1933]

198 779 70 41 xii
299 790 56 37 p.,
387 781 23 37 1
465 810 22 16 l.,
517 779 89 39 382
634 789 56 37 p.,
722 779 25 38 1
801 810 9 8 l.
869 778 59 39 19½
957 780 43 20 cm
1006 808 8 8 .

131 844 51 53 ©
211 850 117 39 Nov.
358 849 39 40 2.
429 848 139 47 1933;
599 848 66 40 2c.
697 848 95 40 and
822 846 82 42 aff.
933 847 119 41 Nov.
1081 848 54 46 3;
1168 848 43 38 A
1236 846 170 48 66890;
1441 847 53 40 E.
1526 846 199 49 Looker,
1756 845 371 50 Northampton,

200 907 145 38 Mass.
419 905 257 48 (33-31722)

126 1005 246 66 McKay,
404 1006 226 65 George
659 1005 210 66 Leslie,
902 1008 171 51 1895-

196 1084 56 52 A
289 1082 407 69 bibliography
736 1082 64 53 of
840 1083 214 52 Robert
1096 1082 263 70 Bridges,
1398 1083 75 68 by
1513 1081 222 69 George
1774 1083 64 52 L.
1879 1082 248 69 McKay.

126 1163 138 52 New
289 1161 178 67 York,
491 1161 299 55 Columbia
813 1159 319 70 university
1155 1178 184 50 press;
1366 1160 258 67 London,
1647 1159 230 57 Oxford
127 1160 1975 148 university
267 1258 175 50 press,
472 1241 150 50 1933.

197 1327 82 47 xii,
314 1328 85 39 215
433 1338 42 37 p.
535 1327 134 39 front.
713 1327 173 47 (port.)
953 1327 55 39 22
1012 1329 43 20 cm
1061 1359 8 8 .

201 1399 90 40 “Of
330 1398 98 40 this
465 1399 134 39 work
635 1398 90 40 five
763 1399 220 39 hundred
1020 1399 263 39 numbered
1320 1399 95 39 and
1453 1397 110 50 fifty
1601 1397 329 41 unnumbered
1968 1400 158 46 copies

129 1466 124 30 were
281 1456 194 48 printed
503 1457 128 38 from
660 1459 112 45 type
803 1457 59 46 by
892 1455 160 49 Quinn
1081 1457 97 39 and
1206 1456 165 40 Boden
1400 1466 247 38 company,
1678 1456 105 48 inc.,
1812 1457 51 40 of
1894 1457 232 48 Rahway,

130 1513 1483 49 New Jersey … of which this … number [is] cancelled."
200 1570 1927 49 “Based on the … collection of first editions of Robert Bridges in the
131 1629 181 46 library
340 1629 51 38 of
419 1628 89 40 Mr.
538 1627 260 40 Frederick
826 1626 341 48 Coykendall.”
1170 1638 104 37 —p.
1302 1627 81 40 vii.

201 1685 187 41 “Check
413 1684 108 41 lists
547 1685 51 40 of
625 1684 243 48 Bridges’s
895 1683 222 49 writings
1146 1684 187 50 [Which]
1362 1686 122 38 have
1511 1684 116 40 been
1653 1682 191 43 issued”:
1903 1694 41 37 p.
1969 1684 158 40 12-13.

131 1752 52 52 ©
210 1757 101 41 Oct.
335 1757 68 46 23,
430 1757 113 40 1933;
597 1757 67 39 2c.
692 1756 99 40 Oct.
818 1757 52 39 31;
928 1756 83 40 aff.
1038 1756 104 41 Oct.
1167 1757 56 39 25;
1278 1757 41 38 A
1344 1756 143 40 66857;
1544 1757 250 40 Columbia
1824 1756 129 42 univ.
1980 1767 149 38 press.

209 1814 278 49 (33-31729)

129 1915 265 66 Morand,
424 1917 163 64 Paul,
621 1920 171 49 1888-

199 1991 168 55 Paris
405 1998 58 48 to
503 1993 96 53 the
637 1991 134 70 life;
817 2012 31 34 a
888 1992 387 70 sketch-book,
1317 1993 73 71 by
1430 1993 147 54 Paul
1618 1994 248 54 Morand
1920 1993 186 71 (trans
130 2070 152 54 lated
316 2072 75 68 by
422 2072 223 55 Gerard
678 2071 298 69 Hopkins)
1021 2073 112 53 and
1166 2073 173 53 Doris
1378 2073 248 69 Spiegel.
1694 2075 259 67 London,
1987 2075 138 53 New

131 2148 1360 71 York [ etc.] Oxford university press [ c 1933]
205 2233 98 51 103,
334 2238 54 48 [1]
417 2247 43 38 p.
487 2235 108 42 incl.
621 2236 163 48 front.,
813 2237 127 41 illus.
1000 2236 56 41 26
1059 2238 44 22 cm
1109 2268 9 9 .

204 2305 286 42 Illustrated
521 2306 363 50 lining-papers.

135 2372 51 52 ©
215 2377 102 40 Oct.
345 2377 67 46 13,
441 2376 140 47 1933;
611 2378 67 38 2c.
707 2379 95 37 and
831 2377 82 40 aff.
944 2378 102 40 Oct.
1075 2377 82 47 19;
1187 2378 41 38 A
1256 2377 170 47 65715;
1460 2378 187 40 Oxford
1677 2379 128 41 univ.
1836 2390 149 38 press,
2015 2382 117 38 New

200 2434 143 39 York.
374 2433 89 40 inc.
535 2434 256 47 (33-31737)

131 2533 233 65 Morris,
395 2537 136 53 Mrs.
565 2535 134 52 Ann
731 2533 153 65 (Axt
890 2533 101 67 ell)
1031 2539 173 50 1900-

200 2612 261 70 Digging
486 2614 58 51 in
570 2614 96 53 the
692 2613 340 69 Southwest,
1055 2615 76 68 by
1155 2615 134 52 Ann
1315 2615 198 53 Axtell
1538 2615 211 52 Morris;
1808 2615 323 54 illustrated

134 2692 135 51 with
304 2692 407 68 photographs.
789 2691 230 55 Garden
1054 2691 154 70 City,
1241 2693 69 53 N.
1346 2694 90 67 Y.,
1467 2692 357 70 Doubleday,
1856 2696 198 52 Doran
2087 2698 45 50 &

133 2790 97 47 co.,
260 2769 125 68 inc.,
416 2773 149 50 1933.

204 2857 120 40 xviii
356 2868 55 37 p.,
444 2859 23 37 1
501 2859 43 44 l.,
577 2857 83 40 301
693 2869 42 36 p.
769 2858 109 40 incl.
910 2859 163 47 front.,
1107 2858 179 48 diagrs.
1346 2860 171 47 plates,
1549 2860 150 47 ports.
1758 2858 55 39 21½
1846 2861 44 21 cm
1896 2890 9 9 .

205 2929 286 39 Illustrated
522 2927 361 50 lining-papers.

206 2986 161 40 “First
407 2985 227 41 edition.”

139 3051 51 52 ©
224 3058 117 38 Nov.
377 3059 37 45 1,
449 3056 140 46 1933;
625 3057 67 39 2c.
729 3060 93 37 and
857 3057 81 41 aff.
974 3058 117 41 Nov.
1127 3059 53 40 2;
1217 3059 41 38 A
1291 3058 171 47 65909;
1498 3059 55 39 A.
1588 3059 56 41 A.
1681 3058 190 48 Morris,
1908 3059 226 46 Boulder,

204 3113 96 40 Col.
373 3114 252 47 (33-31721)

135 3215 259 65 Nichols,
424 3217 93 55 Hi.

204 3293 158 67 “Pay
404 3292 151 53 dirt”
597 3295 59 50 in
701 3293 251 69 Chicago
1000 3294 109 68 [by]
1157 3294 82 53 Hi
1282 3293 235 54 Nichols
1600 3293 290 70 [Chicago,
1932 3296 201 54 John’s

138 3369 844 71 publishing company, c 1933]
206 3459 53 39 61
292 3470 43 36 p.
396 3458 127 41 illus.
584 3459 55 40 18
641 3462 44 21 cm
691 3491 8 8 .

141 3525 51 51 ©
220 3530 118 46 Aug.
368 3531 68 39 10,
466 3530 139 45 1933;
636 3531 65 39 2c.
731 3533 95 37 and
855 3531 81 40 aff.
965 3532 119 42 Aug.
1116 3533 81 41 14;
1227 3532 40 38 A
1296 3532 169 47 63910;
1499 3533 60 39 H.
1588 3533 210 46 Nichols,
1831 3531 224 48 Chicago.

217 3586 277 48 (33-31719)

137 3686 223 65 Potter,
398 3688 221 53 Fannie
658 3691 148 53 Cora
837 3689 308 65 (Bellows)
1189 3691 171 53 “Mrs.
1394 3692 88 54 W.
1517 3692 69 54 R.
1620 3691 264 53 Potter.”

207 3766 183 51 Texas
421 3765 58 51 in
510 3766 675 69 history-story-legend,
1216 3768 74 67 by
1322 3768 137 52 Mrs.
1492 3769 91 53 W.
1613 3768 68 53 R.
1714 3769 216 52 Potter.
1996 3770 114 52 Dal
141 3843 97 62 las,
267 3844 153 58 Tex.,
449 3842 122 54 The
601 3843 345 55 South-west
975 3864 156 49 press
1165 3879 12 33 [
1183 3852 17 20 c
1207 3848 149 64 1933]

240 3916 67 46 iii,
336 3917 85 39 220
451 3928 42 36 p.
554 3918 85 39 col.
669 3919 161 46 front.,
862 3921 170 46 plates.
1092 3919 57 40 20
1152 3922 43 20 cm
1200 3951 8 9 .

143 3982 51 51 ©
229 3987 126 48 Sept.
385 3988 69 45 27,
487 3989 111 39 1933;
661 3990 64 39 20.
760 3990 100 40 Oct.
894 3991 81 45 21;
1011 3991 81 39 aff.
1128 3991 100 40 Oct.
1262 3991 82 46 20;
1380 3992 41 38 A
1452 3991 169 47 66700;
1661 3993 292 40 South-west
1986 4000 148 40 press.

219 4043 252 39 (33-31723)
