2582 4453
1280 4156 134 50 1182

405 533 87 42 119
521 546 43 37 p.
626 534 130 41 illus.
817 534 57 40 22½
907 537 44 22 cm
957 567 8 9 .

334 587 2025 55 © July 25, 1933; 2c. and aff. Aug. 21; A 63953; N. R. Ranson, Dallas.
417 650 284 48 (33-22119)

326 723 167 68 Reid,
523 723 258 58 William
811 726 269 65 Duncan,
1114 729 174 50 1885-

400 803 295 70 Teaching
717 803 265 54 methods
1005 804 61 53 in
1090 804 309 69 medicine;
1426 804 97 54 the
1549 804 360 70 application
1932 804 65 55 of
2021 806 97 53 the
329 806 2006 145 philosophy

509 881 64 54 of
598 887 442 65 contemporary
1063 883 304 53 education
1393 889 58 48 to
1478 883 245 54 medical
1743 884 240 67 schools,
2003 885 76 69 by
2095 884 265 55 William

328 961 2031 72 Duncan Reid … [Newton, Mass., The Graphic press, printers,
328 1046 18 22 c
352 1043 134 50 1933]

406 1114 85 41 111
521 1125 43 38 p.
625 1113 58 42 23½c
733 1116 28 22 m
765 1147 8 8 .

404 1172 228 41 Includes
658 1170 399 51 bibliographies.

336 1226 2024 56 © July 27, 1933; 2c Aug. 1; aff. July 29; A 64586; W. D. Reid, Newton.
408 1291 146 39 Mass.
629 1289 284 49 (33-22147)

327 1363 217 67 Roche,
574 1365 236 54 Arthur
837 1366 259 65 Somers,
1130 1368 171 51 1883-

407 1442 1952 70 Slander, by Arthur Somers Roche … New York, Sears
333 1521 339 70 publishing
705 1540 280 51 company
1023 1557 12 34 [
1041 1529 18 21 c
1065 1525 153 65 1933]

399 1597 87 41 304
517 1609 43 37 p.
625 1597 60 41 19½cm.

335 1651 2025 53 © Aug. 21, 1933; 2c. Aug. 24; aff. Aug. 22; A 64809; A. S. Roche, Palm
403 1714 177 47 Beach,
612 1713 103 40 Fla.
791 1712 285 49 (33-22047)

328 1785 250 68 Scruby,
608 1788 157 55 John
795 1790 222 64 James,
1051 1791 173 50 1863-

400 1868 124 54 The
546 1876 166 61 great
734 1867 364 70 tribulation,
1121 1869 98 52 the
1242 1868 261 54 church’s
1526 1887 265 51 supreme
1813 1874 126 48 test.
2016 1888 52 34 v.
2096 1875 44 48 1.
329 1870 2005 145 Dayton,
478 1949 88 67 O.,
595 1949 57 55 J.
682 1951 57 53 J.
773 1948 223 69 Scruby
1029 1982 11 34 [
1047 1954 18 21 c
1070 1952 154 63 1933]

402 2023 954 49 34 p. front. (port.) 1 illus. 19cm.
407 2082 227 40 Includes
673 2079 397 50 bibliographies.

337 2134 1662 53 © Aug. 2, 1933; 2c. and aff. Aug. 3; A 64617; J. J. Scruby.
415 2197 285 48 (33-22172)

334 2273 250 67 [Seydel,
616 2273 173 68 Fred]
827 2275 174 50 1884-

403 2349 196 70 Major
647 2349 250 56 General
944 2349 103 55 A’s
1098 2350 337 69 paragraph
1485 2353 50 65 3,
1583 2351 77 70 by
1711 2349 118 56 Gee
1879 2350 186 53 Three
2138 2352 217 68 [pseud.]

335 2428 1657 64 San Francisco, Press of Gilmartin company [ c 1933]
405 2503 87 41 116
517 2514 44 37 p.
622 2502 58 41 20
683 2505 44 21 cm
732 2535 8 8 .

405 2560 215 48 Specific,
659 2560 215 41 detailed
912 2560 296 40 instruction
1248 2562 48 39 to
1337 2561 119 39 each
1495 2559 160 49 major
1695 2559 107 41 unit
1841 2560 172 46 telling
2051 2561 132 39 them
2225 2561 135 39 what

333 2619 49 39 to
414 2619 60 39 do
505 2618 43 39 is
579 2618 82 40 the
692 2619 127 39 most
851 2617 269 48 important
1151 2618 52 39 of
1236 2618 81 40 the
1347 2618 309 47 paragraphs
1688 2617 53 40 of
1773 2618 82 40 the
1888 2616 113 41 field
2036 2618 157 42 order.
332 2616 2009 106 Following

540 2674 228 48 chapters
800 2685 84 30 are
916 2673 333 42 illustrations
1281 2674 52 40 of
1363 2675 280 47 paragraph
1674 2672 27 42 3
1735 2674 53 40 of
1819 2674 82 41 the
1933 2673 112 41 field
2077 2675 157 40 order,
2295 2674 64 47 cf.

331 2741 45 38 p.
402 2732 71 41 11.

338 2787 2021 52 © July 7. 1933; 2c. July 14; aff. July 11; A 64353; Gees publications,
409 2848 97 41 San
539 2848 274 40 Francisco.
887 2848 285 48 (33-22149)

330 2924 218 66 Smith,
578 2925 194 54 Jessie
805 2925 257 54 Garden.

409 3001 385 67 “Crosscuts”,
826 3021 30 33 a
887 3005 159 65 story
1080 3000 64 54 of
1175 3001 95 52 the
1300 2998 214 56 Pacific
1544 3000 357 66 Northwest;
1938 3020 31 33 a
2001 2998 357 70 picturesque

334 3079 120 55 tide
486 3080 64 54 of
583 3080 125 69 life,
738 3081 237 68 moving
1006 3081 60 52 in
1101 3082 113 52 and
1247 3088 98 46 out
1379 3081 63 53 of
1474 3082 359 64 Vancouver,
1868 3081 223 52 British
335 3080 1997 131 Columbia.

510 3160 92 67 By
629 3160 185 54 Jessie
841 3159 235 55 Garden
1105 3159 209 55 Smith.
1378 3159 303 65 Portland,
1711 3159 150 67 Ore.,
1890 3159 243 53 Printed
2161 3159 75 67 by
2260 3159 96 53 the

336 3236 415 70 Metropolitan
784 3254 175 50 press,
995 3239 152 49 1933.

406 3310 961 52 4 p. l., [3]-217 p. incl. front. 20 cm .
341 3365 2003 109 © Aug. 15, 1933; 2c. and aff. Aug. 21; A 63981; Jessie S. Riordan, Portland, Or. (33-22045)
333 3491 217 68 Smith,
579 3494 225 54 Robert
834 3493 220 65 Elmer,
1084 3496 172 50 1868-

410 3574 122 52 The
555 3572 269 54 woman’s
851 3572 229 68 foreign
1107 3573 113 52 and
1244 3574 165 52 home
1434 3571 346 68 missionary
1801 3572 234 54 manual
2163 3606 12 34 [by]

338 3572 1993 134 Robert
456 3653 198 52 Elmer
685 3651 209 57 Smith.
970 3653 139 53 Rev.
1142 3653 85 52 ed.
1303 3650 140 54 New
1477 3652 180 67 York,
1690 3651 332 57 Cincinnati
2170 3685 28 33 [etc.]
2235 3652 121 52 The

336 3730 320 54 Methodist
683 3732 148 53 book
861 3748 239 38 concern
1134 3765 12 34 [
1151 3737 18 22 c
1175 3734 133 51 1933]

410 3805 86 41 113
524 3816 43 37 p.
628 3806 56 40 17½cm.

415 3860 1941 51 “First edition printed December, 1912 … Fourth printing, April,
341 3918 159 41 1933.”

414 3976 326 49 “Missionary
769 3976 318 41 literature”:
1118 3989 44 37 p.
1192 3976 159 42 76-79.

343 4030 52 53 ©
421 4035 130 39 June
574 4037 38 40 7.
639 4035 140 42 1933;
807 4035 68 41 2c.
902 4036 94 38 and
1024 4035 82 40 aff.
1133 4036 121 46 Aug.
1281 4036 51 46 8;
1362 4036 39 38 A
1427 4035 171 47 04654;
1676 4068 8 8 R.
1712 4036 52 38 E.
1795 4034 171 49 Smith,
1995 4035 157 40 Walla
2183 4032 174 46 Walla,

411 4092 164 40 Wash.
648 4091 282 49 (33-22029)
