2582 4453
1330 4164 135 53 1790

458 550 1941 52 3 p. l., 420 p„ 2 l. plates, 2 port. (incl. front.) 20½c m . (Temps et
378 611 221 47 visages)

452 668 135 40 Each
622 669 132 46 plate
787 668 344 48 accompanied
1166 669 60 46 by
1259 669 156 45 guard
1450 668 135 39 sheet
1619 666 120 41 with
1774 665 294 48 descriptive
2102 665 300 46 letterpress.

457 725 332 48 “Principales
822 724 253 41 sources”:
1109 736 43 38 p.
1189 724 248 51 [419]-420.

384 789 2019 54 © Sept. 16, 1933; 1c. Nov. 17; A-Foreign 22680; Deselee, de Brouwer &
456 852 82 41 cie.
612 853 194 48 (34-14)

385 955 264 67 Rodney,
681 958 240 64 Caesar,
955 958 325 52 1728-1784.

458 1034 223 53 Letters
714 1041 59 47 to
809 1036 112 51 and
955 1035 154 52 from
1143 1034 212 56 Caesar
1387 1034 261 67 Rodney,
1682 1034 341 63 1756-1784;
2060 1030 248 53 member
2341 1028 63 53 of

387 1112 98 53 the
523 1112 205 70 Stamp
769 1119 91 47 act
894 1131 264 51 congress
1195 1113 113 54 and
1345 1112 97 54 the
1477 1112 126 53 first
1640 1111 112 54 and
1789 1110 205 54 second
2031 1108 368 57 Continental

387 1208 354 52 congresses;
774 1192 240 68 speaker
1047 1192 64 52 of
1143 1192 97 53 the
1271 1192 302 52 Delaware
1604 1190 244 54 colonial
1883 1189 308 68 assembly;
388 1188 1990 135 president
568 1271 63 53 of
670 1272 97 52 the

805 1272 302 53 Delaware
1147 1276 175 61 state;
1365 1271 187 68 major
1591 1271 232 67 general
1863 1269 64 54 of
1967 1269 97 54 the
2103 1269 299 52 Delaware

387 1347 243 69 militia;
658 1349 194 69 signer
878 1350 63 53 of
968 1351 96 52 the
1092 1350 370 53 Declaration
1490 1349 63 54 of
1582 1349 441 69 independence.
2086 1347 214 53 Edited
2331 1347 72 68 by

385 1425 1995 149 George Herbert Ryden … Philadelphia, Pub. for the Historical society of
952 1506 302 54 Delaware
1285 1508 75 68 by
1387 1507 96 53 the
1511 1508 339 65 University
1882 1506 64 54 of
1976 1506 425 68 Pennsylvania

387 1603 177 48 press,
601 1588 152 50 1933.

457 1657 1365 51 vi p., 3 l., [3]-482 p. 2 port. (incl. front.) 24½ cm .
459 1715 154 41 “Note
642 1726 59 30 on
733 1714 183 42 Caesar
946 1716 242 47 Rodney's
1218 1717 323 49 genealogy”:
1575 1729 42 37 p.
1653 1717 250 50 [445]-447.

462 1771 449 51 “Bibliographical
955 1774 142 40 note”
1142 1778 52 37 at
1240 1775 92 40 end
1378 1775 52 39 of
1478 1773 211 43 “Caesar
1735 1776 215 46 Rodney,
1996 1785 28 29 a
2071 1775 331 48 biographical

387 1830 200 40 sketch”
628 1830 65 48 (p.
725 1831 79 46 17);
872 1830 236 42 “Sources
1137 1831 51 41 of
1213 1831 287 41 material”:
1531 1843 42 38 p.
1619 1832 236 49 [449]-452.

388 1886 53 52 ©
479 1891 114 39 Dec.
631 1891 39 46 8,
710 1890 141 42 1933:
892 1890 67 40 2c.
999 1891 94 38 and
1134 1890 81 39 aff.
1256 1891 112 39 Dec.
1407 1890 82 47 21;
1531 1891 39 38 A
1610 1890 171 47 68558;
1823 1890 271 40 Historical
2135 1889 183 48 society
2357 1891 51 39 of

460 1949 272 45 Delaware,
761 1945 332 49 Wilmington,
1123 1948 105 39 Del.
1303 1947 283 49 (33-39304)

387 2012 169 63 Rost,
585 2011 66 55 O.
680 2011 173 55 Fred.

459 2088 1946 70 Distribution today, by O. Fred Rost … New York and
387 2168 263 56 London,
682 2167 348 56 Whittlesey
1064 2169 192 58 house,
1293 2169 432 54 McGraw-Hill
1761 2169 148 53 book
1944 2186 299 50 company,
2279 2167 125 58 inc.,

391 2250 151 49 1933.

459 2322 929 48 xi p., 2 l., 3-335 p. diagrs. 21 cm .
458 2379 162 40 “First
650 2379 228 40 edition.”

391 2445 53 52 ©
474 2450 118 39 Nov.
622 2450 68 47 23,
721 2449 113 40 1933;
894 2450 68 41 2c.
990 2450 120 40 Nov.
1138 2450 82 39 25:
1253 2449 81 41 aff.
1366 2450 118 40 Nov.
1514 2450 82 40 28:
1629 2450 42 39 A
1699 2450 171 46 67284;
1905 2447 353 42 McGraw-Hill
2288 2448 123 40 book

457 2518 81 35 co.,
572 2506 90 41 inc.
735 2506 193 49 (34-85)

389 2606 281 69 Spinden,
699 2610 261 54 Herbert
989 2612 241 64 Joseph,
1263 2611 172 53 1879-
1651 2611 82 53 ed.
1761 2611 116 54 and
1906 2617 68 47 tr.

464 2686 187 71 Songs
683 2688 63 53 of
777 2688 96 54 the
904 2690 190 67 Tewa,
1123 2690 320 53 translated
1474 2690 75 67 by
1581 2689 251 53 Herbert
1863 2689 218 68 Joseph
2117 2688 289 69 Spinden;

391 2766 280 68 preceded
719 2768 76 67 by
843 2786 71 34 an
963 2786 161 51 essay
1171 2788 71 34 on
1292 2768 310 53 American
1651 2769 214 52 Indian
1914 2773 223 64 poetry,
2184 2767 142 53 with
2376 2786 28 34 a

391 2844 269 54 selection
697 2845 63 54 of
795 2846 379 69 outstanding
1209 2846 407 69 compositions
1653 2847 154 54 from
1844 2847 189 53 North
2072 2846 114 54 and
2225 2845 182 56 South

391 2923 268 54 America;
733 2944 71 33 an
844 2926 293 68 appendix
1178 2927 259 53 contains
1475 2927 250 68 original
1765 2928 169 52 Tewa
1975 2933 150 47 texts

2164 2927 112 53 and
394 2946 1989 125 explanatory
735 3009 176 47 notes.
987 3005 157 67 [New
1182 3005 179 68 York,
1397 3006 145 52 Pub.
1576 3007 184 52 under
1791 3006 97 53 the
1922 3007 256 67 auspices
2215 3006 64 54 of
2313 3006 96 53 the

390 3079 349 69 Exposition
769 3082 64 53 of
863 3083 211 52 Indian
1105 3084 175 53 tribal
1313 3090 135 61 arts,
1475 3085 128 67 inc.,
1632 3092 17 21 c
1655 3088 153 64 1933]

463 3154 85 41 125
575 3166 42 38 p.
680 3155 56 41 27½
770 3158 14 21 cm
819 3188 7 8 .

465 3211 178 41 “Notes
670 3223 58 29 on
756 3214 340 48 introductory
1125 3215 199 48 essay”:
1354 3227 42 37 p.
1426 3215 216 44 109-112.

393 3279 52 53 ©
477 3286 109 38 Dec.
615 3286 68 44 15,
712 3285 141 46 1933;
883 3287 67 38 2c.
981 3256 114 69 Del
1120 3287 83 41 21:
1235 3287 79 39 aff.
1346 3289 112 39 Dec.
1486 3287 55 40 20:
1600 3289 39 38 A
1669 3288 170 42 67630:
1872 3290 59 38 H.
1962 3290 44 41 J.
2039 3288 225 49 Spinden.
2295 3290 117 39 New

462 3343 143 39 York.
679 3343 283 43 (33-39305)

392 3441 220 67 Street,
639 3445 200 54 Julian
868 3447 290 66 Leonard,
1190 3447 172 54 1879-

464 3523 214 66 Wines,
723 3525 152 52 their
921 3525 288 64 selection,
1256 3545 127 35 care
1430 3527 113 53 and
1589 3527 231 58 service,
1866 3529 138 53 with
2056 3548 28 34 a
2135 3529 161 53 chart
2345 3528 62 53 of

396 3599 229 69 vintage
661 3620 181 48 years,
876 3603 111 53 and
1022 3604 392 54 observations
1446 3624 69 33 on
1551 3606 325 54 harmonies
1909 3608 245 52 between
2193 3608 212 52 certain

396 3679 172 53 wines
613 3681 111 51 and
772 3681 214 53 certain
1035 3681 185 58 foods,
1267 3683 112 53 and
1427 3702 69 34 on
1545 3684 379 67 wineglasses,
1969 3686 236 54 cradles,
391 3686 1992 124 corkscrews

624 3759 1783 64 and kindred matters. By Julian Street … New York,
396 3835 66 54 A.
495 3836 70 53 A.
596 3837 227 68 Knopf,
854 3841 152 51 1933.

463 3908 1329 56 3 p. l., ix-xxi. 194. xx p.. 1 l. fold. map. 19½ cm .
468 3967 160 41 “First
660 3968 230 41 edition.”

393 4034 52 53 ©
485 4040 111 40 Dec.
697 4072 7 11 18,
746 4041 141 42 1933:
929 4042 66 40 2c.
1037 4045 92 37 and
1172 4043 82 41 aff.
1295 4045 111 40 Dec.
1447 4045 81 42 19:
1573 4047 37 38 A
1651 4048 136 38 68541:
1865 4048 170 40 Julian
2079 4050 172 44 Street,
2291 4050 119 41 New

464 4097 140 39 York.
678 4099 282 48 (33-39317)
