2582 4453
1309 4127 103 50 496

374 452 168 66 [Jebb,
572 450 193 65 Ralph
795 450 307 68 Gladwyn]
1138 455 172 51 1891-

424 529 143 54 This
603 529 223 54 cleaner
862 528 174 69 wind,
1069 528 77 69 by
1181 528 256 53 Andrew
1473 528 284 53 Andrews
1821 528 212 69 [pseud.]
2109 527 264 70 London,

351 608 56 55 J.
437 607 159 70 Cape
625 610 174 66 [1933]

428 694 605 51 4 p. l., 11-318, [1] p. 19½cm.
360 765 2013 53 © 1c. Mar. 25, 1933; A ad int. 17612; pubd. Jan. 30; Ralph Gladwyn Jebb,
427 827 255 46 Downton,
712 836 72 31 nr.
817 824 269 50 Salisbury,
1117 824 269 48 Wiltshire,
1418 826 239 47 England.
1728 824 283 51 (33-11390)

351 931 313 66 Jennings,
695 932 265 65 Audrey.

427 1008 231 56 Storied
704 1026 128 46 urn,
875 1008 75 64 by
995 1008 240 64 Audrey
1279 1006 303 66 Jennings.
1664 1007 261 65 London,
1973 1006 309 56 Constable
2326 1009 48 52 &

353 1106 100 50 co.,
479 1087 104 54 ltd.
618 1089 175 66 [1933]

427 1161 65 48 ix,
519 1160 88 41 342
633 1171 45 39 p.
741 1160 57 41 19½cm.

359 1230 2015 53 © 1c. Apr. 20, 1933; A ad int. 17708; pubd. Feb. 23; A. Jennings, London.
437 1291 282 50 (33-11395)

353 1398 165 54 Joint
549 1396 169 55 radio
745 1414 222 48 survey
997 1396 362 57 committee.

426 1476 96 53 An
564 1476 296 68 appraisal
898 1478 66 52 of
1002 1475 163 54 radio
1205 1475 408 69 broadcasting
1651 1474 60 57 in
1749 1476 96 53 the
1884 1477 339 68 land-grant

357 1475 1991 149 colleges
532 1557 112 52 and
669 1560 145 49 state
837 1555 381 68 universities,
1243 1557 188 66 Tracy
1456 1555 196 54 Ferris
1676 1555 193 69 Tyler,
1981 1598 9 9 PH.
2054 1598 29 26 D.,
2108 1554 265 67 director,

358 1636 283 67 prepared
677 1636 184 52 under
897 1635 96 51 the
1030 1632 281 56 direction
1348 1633 65 54 of
1446 1634 97 53 the
1579 1633 168 57 Joint
1783 1635 163 53 radio
1983 1653 206 50 survey
355 1653 1994 115 committee.

641 1713 406 67 Washington,
1079 1714 72 54 D.
1187 1713 81 67 C.,
1301 1711 276 56 National
1612 1713 321 55 committee
1967 1732 71 34 on
2071 1712 303 56 education

356 1794 76 68 by
459 1793 182 68 radio,
670 1796 150 51 1933.

425 1867 65 48 xi,
524 1866 86 41 150
639 1877 43 38 p.
743 1865 196 49 diagrs.,
970 1865 156 41 forms
1153 1865 50 48 (1
1233 1864 145 49 fold.)
1447 1865 55 41 23
1505 1867 45 22 cm
1555 1898 9 9 .

430 1939 130 39 “The
597 1937 233 41 National
868 1938 277 40 committee
1182 1948 61 29 on
1280 1936 261 41 education
1577 1937 59 48 by
1678 1937 138 40 radio
1854 1938 89 39 has
1981 1937 307 41 undertaken
2325 1941 50 38 to

357 1994 1935 51 provide … services of its research staff to gather the data.”—p. 120.
426 2055 379 49 Bibliography:
839 2065 42 39 p.
913 2053 220 42 144-150.

362 2123 2016 54 © Mar. 21, 1933; 2c. Mar. 23; aff. Mar. 22; A 61061; Natl. committee on
431 2186 259 40 education
718 2186 61 47 by
809 2184 153 41 radio.
1033 2183 253 50 (33-9441)

355 2288 199 66 Jones,
584 2286 224 57 Harold
838 2288 165 66 Ellis,
1036 2293 173 51 1894-

491 2367 1880 71 … The growth and decline of intelligence: a study of a
358 2448 418 67 homogeneous
810 2464 186 51 group
1030 2448 252 52 between
1319 2448 95 52 the
1451 2466 133 50 ages
1619 2447 65 54 of
1719 2452 94 49 ten
1850 2449 113 53 and
1998 2448 183 69 sixty;
2221 2447 153 56 from

358 2528 96 52 the
498 2525 276 56 Institute
816 2526 65 53 of
923 2526 156 54 child
1122 2526 254 66 welfare,
1418 2526 340 69 University
1802 2526 65 53 of
1910 2525 345 70 California,
2298 2528 76 68 by

358 2606 227 53 Harold
614 2606 148 53 Ellis
787 2606 177 54 Jones
989 2606 113 52 and
1128 2606 253 53 Herbert
1410 2605 56 56 S.
1495 2606 248 55 Conrad.
1819 2607 338 67 Worcester,
2183 2608 191 67 Mass.,

359 2684 180 55 Clark
568 2684 338 68 university,
936 2691 18 21 c
961 2688 149 53 1933.

428 2757 1947 51 p. 223-298. diagrs. 25 cm . (Genetic psychology monographs … vol.
358 2826 109 39 XIII,
501 2828 75 31 no.
610 2816 52 48 3)

429 2887 381 42 “References”:
843 2899 42 37 p.
917 2887 219 42 294-295.

363 2956 51 52 ©
446 2961 122 40 Mar.
598 2959 71 47 21,
699 2959 114 41 1933;
874 2959 66 40 2c.
974 2961 122 39 Mar.
1127 2959 83 47 24;
1244 2959 82 42 aff.
1357 2960 123 41 Mar.
1512 2959 83 48 29;
1629 2961 40 38 A
1701 2959 171 49 60836;
1908 2961 149 41 Clark
2089 2959 285 51 university,

433 3018 286 48 Worcester,
751 3019 147 39 Mass.
970 3015 252 50 (33-9438)

356 3121 200 66 Jones,
588 3121 182 56 Leila.

427 3198 213 55 Assent
703 3206 60 47 to
831 3205 257 62 autumn,
1154 3200 74 69 by
1296 3199 163 55 Leila
1527 3202 190 54 Jones.
1796 3201 386 68 Brattleboro,
2250 3201 123 54 The

359 3277 255 70 Stephen
644 3281 162 66 Daye
835 3298 176 50 press,
1043 3282 152 51 1933.

427 3353 58 41 70
519 3363 43 39 p.
624 3352 147 44 21½cm.

429 3409 184 41 Poems.

364 3476 51 52 ©
441 3480 112 48 Apr.
581 3482 39 46 1,
646 3481 141 47 1933;
814 3481 67 42 2c.
908 3483 95 38 and
1029 3481 83 41 aff.
1137 3482 115 48 Apr.
1278 3483 82 46 14;
1388 3482 40 40 A
1454 3481 171 49 62041;
1655 3483 50 40 L.
1733 3483 162 48 Jones,
1922 3484 118 39 New
2066 3483 145 41 York.

442 3538 251 48 (33-9384)

356 3641 351 67 Jorgenson,
737 3642 324 56 Theodore.

436 3711 350 45 “References”
814 3718 53 38 at
893 3717 91 41 end
1012 3716 53 42 of
1090 3718 119 41 each
1236 3718 217 49 chapter.

431 3774 1877 74 History of Norwegian literature, by Theodore Jorgenson …
361 3852 139 54 New
530 3854 181 68 York,
735 3856 121 53 The
884 3856 336 54 Macmillan
1249 3876 300 49 company,
1577 3862 151 49 1933.

434 3927 104 48 xiii,
565 3928 86 41 559
678 3940 43 38 p.
782 3928 147 43 24½cm.

364 3981 51 52 ©
446 3986 113 48 Apr.
590 3987 70 45 11,
690 3985 141 49 1933;
863 3986 68 42 2c.
962 3988 95 40 and
1089 3987 83 42 aff.
1202 3987 114 49 Apr.
1347 3987 81 48 12;
1462 3988 40 40 A
1533 3987 171 48 60975;
1739 3988 283 41 Macmillan
2053 4000 67 31 co.

441 4055 253 52 (33-9265)
