2484 4405
1074 4087 134 52 1357

210 531 65 38 At
300 530 122 38 head
449 529 51 39 of
526 528 134 39 title:
692 527 179 39 Robert
900 527 47 38 P.
977 526 242 39 Tristram
1248 525 162 40 Coffin.

143 595 1823 53 © Sept. 19, 1933; 2c. and aff. Sept. 20: A 06137: Macmillan co.
225 655 277 48 (33-27391)

143 773 225 64 Collier,
398 771 281 54 Franklin
708 773 82 62 P.,
817 772 71 66 jr.

210 852 150 66 Men,
393 870 232 47 women,
659 851 111 52 and
803 849 390 66 rattlesnakes,
1226 868 30 34 a
1289 848 164 52 novel
1483 848 74 68 by
1589 847 281 53 Franklin

142 848 1964 149 P. Collier, jr. New York, W. Godwin, inc., 1933.
210 1003 81 47 vii,
319 1003 55 39 248
432 1012 42 38 p.
534 1002 55 39 19½c
639 1004 26 20 m
671 1035 9 7 .

144 1071 1994 55 © Sept. 28. 1933; 2c. Oct. 4; aff. Oct. 3: A 65447; William Godwin, inc.
224 1131 277 47 (33-25976)

139 1248 304 56 Cornelius
471 1249 181 63 Luke,
686 1249 244 51 brother.

270 1324 1865 70 … The rôle of the Virgin Mary in the Coventry, York,
141 1403 1995 69 Chester and Towneley cycles … by Brother Cornelius Luke,
179 1530 9 8 F.
252 1528 8 9 S.
329 1528 8 8 C.
412 1484 401 62 Washington,
841 1486 69 50 D.
943 1484 81 62 C.,
1052 1485 122 51 The
1205 1483 259 54 Catholic
1497 1483 316 63 university
1843 1484 64 53 of
140 1487 1970 144 America,
277 1564 149 50 1933.

209 1647 41 35 v,
286 1636 83 38 121
406 1646 42 37 p.
508 1635 54 38 22½cm.

210 1694 63 39 At
303 1694 124 38 head
460 1692 50 39 of
541 1692 133 40 title:
708 1692 101 39 The
841 1690 219 41 Catholic
1092 1690 272 48 university
1395 1691 51 40 of
1477 1691 237 42 America.

211 1750 171 39 Thesis
420 1750 12 45 (PH.
607 1749 305 42 D.)—Catholic
940 1747 270 48 university
1240 1748 52 39 of
1316 1748 237 48 America,
1580 1749 128 41 1933.

213 1807 67 38 “A
309 1806 336 48 bibliography
675 1806 50 39 of
754 1806 158 39 works
943 1806 217 39 referred
1191 1809 48 37 to
1269 1806 50 39 in
1348 1806 98 40 this
1476 1804 202 50 study”:
1710 1817 43 37 p.
1783 1807 216 41 119-121.

145 1882 1994 51 © June 1. 1933; 2c. and aff. July 19; A 64795; Catholic univ. of America.
223 1942 279 48 (33-25658)

139 2059 369 65 Daugherty,
540 2059 223 54 Carroll
793 2059 179 65 Roop,
1006 2062 171 49 1900-

142 2138 1970 147 Labor problems in American industry, by Carroll R. Daugherty …
439 2219 232 62 Boston,
707 2218 138 50 New
881 2216 163 53 York
1085 2222 118 62 [etc.]
1264 2218 319 66 Houghton
1616 2216 203 53 Mifflin
1857 2236 278 50 company

150 2329 12 33 [
167 2301 17 21 c
190 2299 131 49 1933]

211 2369 133 42 xviii.
373 2369 86 40 959
486 2380 43 36 p.
585 2368 179 48 diagrs.
822 2369 54 38 22½cm.

211 2426 347 47 Bibliography:
618 2437 42 36 p.
691 2425 216 40 926-927.

147 2494 51 51 ©
229 2498 126 39 Sept.
386 2498 38 44 8,
454 2497 138 41 1933;
623 2497 66 39 2c.
720 2498 93 38 and
844 2496 81 40 aff.
959 2496 126 47 Sept.
1115 2496 82 45 18;
1229 2497 40 37 A
1297 2496 170 43 66133;
1500 2496 49 40 C.
1582 2497 53 39 R.
1666 2497 299 47 Daugherty,
213 2495 1910 107 Pittsburgh.
454 2553 278 47 (33-25922)

142 2672 199 64 Davis,
373 2674 170 61 Mary
575 2672 203 54 Gould.

211 2750 121 53 The
356 2750 307 53 handsome
687 2749 221 68 donkey
938 2750 108 66 [by]
1075 2750 169 67 Mary
1269 2748 188 55 Gould
1483 2750 209 67 Davis;
1720 2750 323 53 illustrated
2067 2749 75 68 by

146 2829 200 52 Emma
401 2828 201 52 Brock.
690 2828 136 52 New
879 2828 179 66 York,
1108 2827 309 68 Harcourt,
1467 2829 180 52 Brace
1698 2828 111 53 and
1860 2845 280 52 company

147 2909 190 64 [c1933]

217 2977 1703 50 5 p. l., 3-67 p. incl. illus., plates, col. front., col. plates. 24 cm .
149 3047 51 51 ©
231 3052 125 46 Sept.
384 3050 68 39 21.
482 3050 139 40 1933;
650 3050 65 38 2c.
745 3050 95 39 and
868 3049 80 39 aff.
983 3051 127 45 Sept.
1140 3049 81 41 28:
1253 3050 38 37 A
1320 3049 142 40 65374;
1523 3050 259 46 Harcourt,
1814 3051 153 38 Brace
1996 3051 36 40 &
2060 3060 82 36 co.,

216 3107 89 40 inc.
379 3106 278 44 (33-27256)

144 3217 142 63 Dell,
318 3218 199 63 Floyd,
551 3217 169 52 1887-

214 3295 440 66 Homecoming;
718 3313 69 33 an
848 3294 477 68 autobiography,
1384 3294 75 68 by
1519 3294 184 66 Floyd
1765 3295 147 52 Dell.
2005 3294 138 53 New

150 3373 174 56 York,
355 3372 213 53 Farrar
598 3375 45 49 &
673 3373 297 67 Rinehart,
1000 3372 398 67 incorporated
1435 3405 12 33 [
1452 3379 19 21 c
1476 3375 151 64 1933]

213 3445 63 41 xi.
302 3445 85 41 368
414 3455 41 37 p.
517 3445 54 41 23½
605 3447 44 21 cm
652 3476 9 7 .

146 3513 1998 51 © Sept. 28, 1933; 2c. Sept. 30; aff. Sept. 29: A 66375; F. Dell, Winchester,
266 3606 7 6 N.
305 3574 59 38 H,
435 3573 278 44 (33-25946)

147 3676 82 51 De
259 3675 190 65 Vries,
481 3675 215 56 Julian.

219 3751 119 54 The
373 3752 165 53 black
573 3771 182 49 spear,
790 3753 74 67 by
897 3752 201 54 Julian
1135 3753 86 53 De
1256 3753 184 54 Vries.
1514 3752 327 67 Cleveland,
1879 3752 86 67 O.,
2000 3753 138 53 New

151 3829 175 67 York,
352 3830 70 53 N.
451 3831 89 58 Y.,
567 3832 121 51 The
713 3832 202 52 World
943 3831 293 66 syndicate
1265 3831 332 67 publishing
1628 3849 278 48 company
1940 3864 12 34 [
1957 3837 18 22 c
1980 3834 152 63 1933]

220 3901 527 50 3 p. l., 9-220 p. 19½cm.
153 3962 1990 53 © Aug. 16. 1933; 2c. Sept. 16: aff. Sept. 28; A 65437; World syndicate
222 4024 104 46 pub.
359 4034 63 29 co.
496 4023 278 47 (33-25678)
