2582 4453
1351 4095 102 49 652

394 401 282 64 Downey,
707 400 313 59 Sheridan.

469 476 258 57 Onward
787 478 288 69 America,
1137 480 77 69 by
1276 478 288 57 Sheridan
1628 481 275 70 Downey.
2008 482 410 69 [Sacramento,

398 555 196 71 Calif.,
621 556 222 53 Larkin
869 556 267 71 printing
1164 576 98 50 co.,
1291 564 18 22 c
1314 560 133 51 1933]

469 629 649 52 2 p. l., [7]-90 p., 1 l. 26½cm.
401 685 52 52 ©
481 689 114 48 Apr.
625 689 40 47 2,
696 688 141 48 1933;
869 688 67 42 2c.
967 691 96 40 and
1094 690 82 41 aff.
1207 691 115 48 Apr.
1353 691 82 46 17;
1468 692 41 39 A
1539 690 172 49 62165;
1747 693 43 41 S.
1822 694 230 48 Downey,
2087 694 329 50 Sacramento,

468 745 145 42 Calif.
686 746 283 50 (33-11998)

397 836 402 68 Drinkwater,
831 839 196 56 Caleb.

468 915 149 53 How
653 922 59 47 to
747 933 156 37 serve
935 915 147 54 wine
1116 916 113 53 and
1264 916 146 67 beer,
1442 916 75 68 by
1555 917 174 55 Caleb
1764 916 384 57 Drinkwater.

398 918 1996 140 Cleveland,
584 991 87 67 O.,
701 993 123 54 The
851 992 268 56 Watkins
1150 993 337 65 publishing
1518 1013 296 45 company,
1847 999 151 50 1933.

468 1064 59 42 80
552 1075 44 38 p.
655 1065 130 42 illus.
844 1065 57 41 19
903 1068 44 22 cm
953 1098 9 9 .

470 1121 163 43 “First
664 1122 230 42 edition.”

469 1180 229 41 Lettered
726 1191 61 30 on
814 1190 168 31 cover:
1015 1180 217 49 Recipes,
1263 1191 183 39 menus,
1477 1182 249 49 cocktails,
1758 1183 148 42 hints.

467 1238 293 41 Illustrated
792 1237 368 51 lining-papers.

402 1296 52 52 ©
483 1300 114 48 Apr.
626 1300 69 40 11.
724 1299 142 47 1933;
896 1300 68 40 2c.
993 1300 95 40 and
1118 1299 82 41 aff.
1230 1300 114 48 Apr.
1373 1300 83 47 24;
1488 1300 41 39 A
1558 1300 171 48 62293;
1762 1301 228 42 Watkins
2017 1303 110 48 pub.
2158 1313 70 31 co.

481 1357 283 49 (33-11841)

401 1446 232 68 [Eagin,
663 1447 200 54 Frank
892 1446 219 68 Oliver]
1144 1448 84 53 ed.

470 1525 324 56 Oklahoma
837 1525 136 56 civil
1014 1525 216 70 digest;
1275 1546 31 34 a
1348 1527 189 70 digest
1577 1527 64 53 of
1681 1529 77 52 all
1798 1528 65 54 of
1899 1529 98 53 the
2037 1529 278 55 decisions
2356 1530 60 54 in

399 1605 325 56 Oklahoma
766 1605 136 53 civil
942 1610 224 64 reports
1209 1606 154 53 from
1406 1608 230 53 volume
1677 1611 99 50 131
1819 1612 58 49 to
1918 1609 226 53 volume
2190 1613 100 50 158

396 1609 1991 129 inclusive
652 1684 142 54 with
836 1685 268 54 citations
1147 1691 59 47 to
1250 1684 214 57 Pacific
1506 1693 260 63 reporter
1807 1689 114 53 and
1963 1689 219 55 United
2227 1689 188 56 States

395 1770 241 62 reports.
716 1763 380 70 Supplement
1125 1768 328 50 1929-1932.
1532 1767 302 69 Compiled
1860 1769 184 53 under
2070 1770 96 53 the
397 1770 1996 127 American

553 1844 281 53 standard
889 1843 190 70 digest
1131 1843 419 56 classification.
1627 1847 217 54 Edited
1895 1849 77 66 by
2024 1849 62 55 C.
2141 1851 91 54 W.
2286 1851 130 53 Van

397 1924 207 52 Eaton.
682 1920 326 56 Oklahoma
1039 1923 154 70 City,
1221 1925 242 53 Harlow
1493 1926 338 72 publishing
1862 1947 300 51 company,
2194 1932 152 51 1933.

468 1998 567 50 2 p. l., 716 p. 25½ cm .
402 2052 52 55 ©
483 2057 114 49 Apr.
628 2056 69 48 18,
727 2055 118 42 1933;
901 2055 66 42 2c.
999 2057 96 40 and
1126 2055 83 42 aff.
1241 2057 115 48 May
1386 2056 83 48 23;
1501 2057 42 40 A
1572 2057 172 50 61919;
1778 2060 204 41 Harlow
2012 2060 109 50 pub.
2152 2071 68 32 co.

397 2131 192 68 Eddy,
617 2135 152 54 Fred
795 2135 74 64 J.,
899 2133 172 56 1867-

471 2212 122 53 The
629 2212 351 68 philosophy
1015 2211 63 53 of
1113 2229 233 50 money;
1386 2228 72 38 an
1496 2228 220 36 answer
1750 2214 58 50 to
1846 2229 73 34 an
1953 2209 231 70 inquiry
2221 2209 65 54 of
2323 2210 95 52 the

398 2291 220 56 United
652 2290 190 57 States
876 2291 208 56 Senate
1117 2290 253 54 Finance
1402 2288 322 55 committee
1759 2286 314 71 regarding
2104 2288 313 53 America’s

400 2370 451 68 rehabilitation,
875 2370 78 68 by
978 2372 65 52 F.
1070 2371 55 54 J.
1153 2370 190 68 Eddy.
1418 2370 132 53 Van
1577 2369 180 67 Nuys,
1784 2365 196 68 Calif.,
2007 2370 151 51 1933.

471 2443 286 47 cover-title,
779 2443 57 41 94
858 2454 42 38 p.
961 2443 57 40 25
1020 2446 44 21 cm
1070 2475 8 9 .

403 2499 52 52 ©
490 2503 111 41 Feb.
633 2503 71 47 23,
738 2502 141 47 1933;
914 2503 68 40 2c.
1017 2502 111 40 Feb.
1160 2502 86 46 28;
1280 2500 82 41 aff.
1398 2502 122 39 Mar.
1555 2499 83 47 20;
1674 2498 42 41 A
1748 2498 171 47 61011;
1957 2498 52 40 F.
2044 2498 45 43 J.
2124 2496 153 50 Eddy.
2310 2498 108 40 Van

473 2560 150 48 Nuys,
658 2559 145 42 Calif.
875 2559 282 49 (33-11811)

397 2649 122 53 The
546 2648 388 67 Fortnightly
961 2648 224 55 review,
1260 2668 90 34 no.
1378 2648 120 67 798,
1524 2667 52 34 n.
1604 2667 61 47 s.,
1690 2649 170 66 June,
1889 2649 151 50 1933.

404 2719 2014 54 © 1c. June 21, 1933; A ad int. 17916; pubd. June 1; Fortnightly review,
470 2783 102 47 ltd.,
606 2782 214 40 London.

398 2855 168 66 Gast,
595 2856 152 54 Ross
778 2856 74 56 H.

472 2933 342 69 Vegetables
861 2933 61 53 in
970 2933 97 53 the
1117 2933 331 57 California
1495 2933 248 68 garden;
1796 2952 32 34 a
1875 2933 165 53 home
2088 2929 328 70 gardener’s

398 3009 191 71 guide,
623 3011 140 54 with
798 3017 161 49 notes
991 3031 74 35 on
1096 3013 97 53 the
1227 3011 272 69 planting
1530 3011 113 54 and
1677 3030 127 35 care
1836 3010 64 55 of
1934 3009 179 55 fruits
2144 3009 114 53 and

402 3009 1987 133 berries
546 3089 114 53 and
694 3108 72 34 an
800 3088 394 55 introduction
1226 3096 59 48 to
1318 3090 97 53 the
1449 3089 353 54 small-farm
1834 3089 183 67 home,
2051 3089 76 66 by
2159 3089 146 52 Ross
2339 3087 76 53 H.

399 3165 161 55 Gast.
634 3167 286 56 Stanford
954 3168 358 68 University,
1349 3167 197 67 Calif.,
1583 3167 285 56 Stanford
1900 3165 320 69 university
2256 3184 157 50 press

420 3250 178 64 [ c 1933]
475 3315 64 52 ix,
569 3319 99 49 129,
699 3320 55 50 [4]
780 3331 44 38 p.
851 3319 111 42 incl.
986 3319 150 42 front.
1167 3318 163 50 (plan)
1366 3318 128 42 illus.
1555 3317 55 42 23
1616 3321 43 22 cm
1662 3351 11 9 .

477 3375 159 41 Blank
663 3376 156 42 forms
848 3376 80 42 for
958 3377 82 41 the
1069 3376 184 50 garden
1286 3377 168 40 record
1495 3375 83 51 ([4]
1610 3387 44 38 p.
1684 3377 55 39 at
1765 3376 118 48 end)

475 3432 359 43 “Information
865 3433 254 43 sources”:
1153 3445 43 38 p.
1231 3433 97 41 122.

403 3487 52 52 ©
482 3492 115 48 Apr.
624 3492 40 46 6,
692 3492 140 45 1933;
863 3492 66 40 2c.
957 3492 114 47 Apr.
1100 3492 83 41 17;
1213 3490 83 41 aff.
1325 3490 113 48 Apr.
1468 3490 82 46 15;
1581 3490 41 39 A
1650 3490 172 47 61382;
1854 3491 163 39 Board
2045 3490 52 40 of
2126 3491 211 40 trustees
2366 3491 52 39 of

472 3549 82 40 the
587 3549 183 40 Leland
807 3547 236 42 Stanford
1077 3548 166 47 junior
1278 3548 144 47 univ.,
1460 3547 237 41 Stanford
1733 3547 297 48 University,
2067 3547 140 44 Calif,

481 3604 283 48 (33-11847)

398 3677 262 68 Gerling,
694 3679 307 57 Christian
1031 3680 176 67 John,
1243 3682 171 54 1887-

467 3758 98 54 Ad
569 3758 249 71 vancing
853 3777 106 36 our
993 3758 373 70 civilization,
1400 3760 77 69 by
1515 3756 298 57 Christian
1849 3758 55 54 J.

1944 3756 260 72 Gerling.
398 3760 1994 143 Boston,
543 3837 240 53 Meador
813 3837 336 70 publishing
1177 3856 299 50 companj,
1508 3840 151 50 1933.

469 3910 85 42 181
586 3922 43 39 p.
689 3912 56 39 21
748 3913 46 23 cm
799 3944 8 9 .

403 3964 52 52 ©
483 3968 116 48 Apr.
625 3971 41 45 4,
696 3969 141 47 1933;
868 3970 68 41 2c.
964 3970 113 49 Apr.
1107 3970 84 47 21;
1222 3970 84 42 aff.
1334 3970 115 48 Apr.
1479 3970 82 46 29;
1594 3970 42 40 A
1663 3970 171 46 61531;
1868 3970 212 41 Edward
2109 3970 60 41 K.
2202 3970 211 48 Meador,

469 4025 197 42 Boston.
739 4025 283 51 (33-12035)
