<alto xmlns="http://www.loc.gov/standards/alto/ns-v3#" xmlns:xlink="http://www.w3.org/1999/xlink" xmlns:xsi="http://www.w3.org/2001/XMLSchema-instance" xsi:schemaLocation="http://www.loc.gov/standards/alto/ns-v3# http://www.loc.gov/alto/v3/alto-3-0.xsd"><Description>
<MeasurementUnit>pixel</MeasurementUnit>
<sourceImageInformation>
<fileName>1933_v1_Part1.pdf</fileName>
</sourceImageInformation>
<OCRProcessing ID="IdOcr">
<ocrProcessingStep>
<processingDateTime>2019-01-03</processingDateTime>
<processingSoftware>
<softwareCreator>ABBYY</softwareCreator>
<softwareName>ABBYY Recognition Server</softwareName>
<softwareVersion>4.0</softwareVersion>
</processingSoftware>
</ocrProcessingStep>
</OCRProcessing>
</Description>
<Styles>
<ParagraphStyle ID="StyleId-FFFFFFFF-FFFF-FFFF-FFFF-FFFFFFFFFFFF-" ALIGN="Left" LEFT="0." RIGHT="0." FIRSTLINE="0."/>
<ParagraphStyle ID="StyleId-6EF5737A-DCEB-4126-A0CF-C5930BF7166A-" ALIGN="Left" LEFT="0." RIGHT="0." FIRSTLINE="0." LINESPACE="8.300000191"/>
<ParagraphStyle ID="StyleId-2DE44258-FD0B-41E1-B542-087C989B01A3-" ALIGN="Left" LEFT="0." RIGHT="0." FIRSTLINE="0." LINESPACE="12.19999981"/>
<ParagraphStyle ID="StyleId-CE3D254A-29D7-4DD7-B5F1-E0FC0EF29B05-" ALIGN="Left" LEFT="0." RIGHT="0." FIRSTLINE="-14." LINESPACE="8.619999886"/>
<ParagraphStyle ID="StyleId-C0E3A137-CE4F-4287-8A90-B599106709D0-" ALIGN="Left" LEFT="0." RIGHT="0." FIRSTLINE="-14." LINESPACE="12.19999981"/>
<ParagraphStyle ID="StyleId-50F26F0C-05DA-4C19-BA58-7A6AC4499BEE-" ALIGN="Left" LEFT="0." RIGHT="0." FIRSTLINE="-14." LINESPACE="11.06999969"/>
<ParagraphStyle ID="StyleId-5DDE65AF-512C-41E2-9B8E-095D6D99EF68-" ALIGN="Center" LEFT="0." RIGHT="0." FIRSTLINE="0." LINESPACE="11.89999962"/>
<ParagraphStyle ID="StyleId-0A81D7A5-6A62-4C52-915E-7768974C704D-" ALIGN="Left" LEFT="0." RIGHT="0." FIRSTLINE="0." LINESPACE="9.399999619"/>
<ParagraphStyle ID="StyleId-F7A0127F-6B48-4157-BB81-FE33E1E1A05B-" ALIGN="Block" LEFT="0." RIGHT="0." FIRSTLINE="-13." LINESPACE="10.63000011"/>
<ParagraphStyle ID="StyleId-E18C69F7-DBD7-48B1-805C-FCD96D0DA019-" ALIGN="Left" LEFT="0." RIGHT="0." FIRSTLINE="0." LINESPACE="11.64000034"/>
<ParagraphStyle ID="StyleId-98F15501-B611-4E83-8BB3-807E891F11F5-" ALIGN="Left" LEFT="0." RIGHT="0." FIRSTLINE="-14." LINESPACE="12.19999981"/>
<ParagraphStyle ID="StyleId-F4A78626-0BBC-4D12-94D9-A1AE75A9855F-" ALIGN="Left" LEFT="0." RIGHT="0." FIRSTLINE="0." LINESPACE="9.399999619"/>
<ParagraphStyle ID="StyleId-6A3F6F4C-D21B-4ADE-902F-7683F18ECEF3-" ALIGN="Left" LEFT="0." RIGHT="0." FIRSTLINE="0." LINESPACE="11.10000038"/>
</Styles>
<Layout>
<Page ID="Page183" PHYSICAL_IMG_NR="183" HEIGHT="4405" WIDTH="2575">
<TopMargin HEIGHT="434" WIDTH="2575" VPOS="0" HPOS="0">
</TopMargin>
<LeftMargin HEIGHT="3718" WIDTH="108" VPOS="434" HPOS="0">
</LeftMargin>
<RightMargin HEIGHT="3718" WIDTH="421" VPOS="434" HPOS="2154">
</RightMargin>
<BottomMargin HEIGHT="253" WIDTH="2575" VPOS="4152" HPOS="0">
</BottomMargin>
<PrintSpace HEIGHT="3718" WIDTH="2046" VPOS="434" HPOS="108">
<TextBlock ID="Page183_Block1" HEIGHT="72" WIDTH="116" VPOS="4080" HPOS="1086" LANG="en-US" CS="1" STYLEREFS="StyleId-E086CE9A-81D7-4338-8711-364609B30A2B-">
<TextLine HEIGHT="0" WIDTH="0" VPOS="0" HPOS="0" CS="1">
<String CS="1" CONTENT="183"/>
</TextLine>
</TextBlock>
<TextBlock ID="Page183_Block2" HEIGHT="3650" WIDTH="2046" VPOS="434" HPOS="108" CS="1" STYLEREFS="StyleId-08F476FA-9E42-4D92-84B6-B23A46834C3A-">
<TextLine HEIGHT="66" WIDTH="489" VPOS="444" HPOS="119" STYLEREFS="StyleId-2D7FE8F9-59E0-4675-A000-D56ED274F9BA-">
<String LANG="en-US" CONTENT="Hanson," HEIGHT="62" WIDTH="262" VPOS="448" HPOS="119"/>
<SP HEIGHT="65" WIDTH="24" VPOS="445" HPOS="382"/>
<String LANG="de" CONTENT="Val" HEIGHT="55" WIDTH="112" VPOS="444" HPOS="407"/>
<SP HEIGHT="52" WIDTH="23" VPOS="444" HPOS="520"/>
<String LANG="en-US" CONTENT="T." HEIGHT="55" WIDTH="64" VPOS="444" HPOS="544"/>
</TextLine>
<TextLine HEIGHT="76" WIDTH="1930" VPOS="509" HPOS="190" LANG="en-US">
<String CONTENT="Practical" HEIGHT="54" WIDTH="283" VPOS="522" HPOS="190"/>
<SP HEIGHT="51" WIDTH="33" VPOS="522" HPOS="474"/>
<String CONTENT="tree" HEIGHT="46" WIDTH="115" VPOS="526" HPOS="508"/>
<SP HEIGHT="34" WIDTH="32" VPOS="536" HPOS="624"/>
<String CONTENT="surgery" HEIGHT="51" WIDTH="236" VPOS="534" HPOS="657"/>
<SP HEIGHT="50" WIDTH="32" VPOS="535" HPOS="894"/>
<String CONTENT="with" HEIGHT="54" WIDTH="141" VPOS="514" HPOS="927"/>
<SP HEIGHT="52" WIDTH="34" VPOS="515" HPOS="1069"/>
<String CONTENT="a" HEIGHT="33" WIDTH="30" VPOS="534" HPOS="1104"/>
<SP HEIGHT="35" WIDTH="34" VPOS="532" HPOS="1135"/>
<String CONTENT="short" HEIGHT="52" WIDTH="157" VPOS="514" HPOS="1170"/>
<SP HEIGHT="48" WIDTH="32" VPOS="518" HPOS="1328"/>
<String CONTENT="course" HEIGHT="38" WIDTH="191" VPOS="530" HPOS="1361"/>
<SP HEIGHT="59" WIDTH="31" VPOS="509" HPOS="1553"/>
<String CONTENT="in" HEIGHT="56" WIDTH="61" VPOS="509" HPOS="1585"/>
<SP HEIGHT="34" WIDTH="32" VPOS="531" HPOS="1647"/>
<String CONTENT="apple" HEIGHT="70" WIDTH="170" VPOS="509" HPOS="1680"/>
<SP HEIGHT="34" WIDTH="32" VPOS="528" HPOS="1851"/>
<String CONTENT="culture," HEIGHT="69" WIDTH="236" VPOS="509" HPOS="1884"/>
</TextLine>
<TextLine HEIGHT="81" WIDTH="2000" VPOS="586" HPOS="120" LANG="en-US" CS="1">
<String CONTENT="by" HEIGHT="67" WIDTH="70" VPOS="600" HPOS="120"/>
<SP HEIGHT="68" WIDTH="26" VPOS="599" HPOS="191"/>
<String LANG="de" CONTENT="Val" HEIGHT="54" WIDTH="111" VPOS="598" HPOS="218"/>
<SP HEIGHT="51" WIDTH="24" VPOS="598" HPOS="330"/>
<String CONTENT="T." HEIGHT="53" WIDTH="64" VPOS="598" HPOS="355"/>
<SP HEIGHT="54" WIDTH="26" VPOS="597" HPOS="420"/>
<String CONTENT="Hanson" HEIGHT="52" WIDTH="237" VPOS="597" HPOS="447"/>
<SP HEIGHT="34" WIDTH="30" VPOS="615" HPOS="685"/>
<String CS="1" CONTENT="&#8230;"/>
<SP HEIGHT="54" WIDTH="65" VPOS="594" HPOS="773"/>
<String CONTENT="Appleton," HEIGHT="68" WIDTH="311" VPOS="593" HPOS="839"/>
<SP HEIGHT="71" WIDTH="24" VPOS="590" HPOS="1151"/>
<String CONTENT="Wis.," HEIGHT="68" WIDTH="159" VPOS="590" HPOS="1176"/>
<SP HEIGHT="70" WIDTH="26" VPOS="588" HPOS="1336"/>
<String CONTENT="C." HEIGHT="56" WIDTH="60" VPOS="588" HPOS="1363"/>
<SP HEIGHT="56" WIDTH="33" VPOS="588" HPOS="1424"/>
<String CONTENT="C." HEIGHT="56" WIDTH="61" VPOS="588" HPOS="1458"/>
<SP HEIGHT="53" WIDTH="27" VPOS="588" HPOS="1520"/>
<String CONTENT="Nelson" HEIGHT="53" WIDTH="208" VPOS="588" HPOS="1548"/>
<SP HEIGHT="50" WIDTH="28" VPOS="606" HPOS="1757"/>
<String CONTENT="publishing" HEIGHT="70" WIDTH="334" VPOS="586" HPOS="1786"/>
</TextLine>
<TextLine HEIGHT="66" WIDTH="308" VPOS="678" HPOS="119" LANG="en-US">
<String CONTENT="co." HEIGHT="34" WIDTH="76" VPOS="696" HPOS="119"/>
<SP HEIGHT="34" WIDTH="38" VPOS="710" HPOS="196"/>
<String STYLE="subscript" CONTENT="[" HEIGHT="34" WIDTH="12" VPOS="710" HPOS="235"/>
<String STYLE="superscript" CONTENT="c" HEIGHT="22" WIDTH="19" VPOS="683" HPOS="252"/>
<String CONTENT="1932" HEIGHT="49" WIDTH="133" VPOS="678" HPOS="276"/>
<String STYLE="subscript" CONTENT="]" HEIGHT="34" WIDTH="13" VPOS="708" HPOS="414"/>
</TextLine>
<TextLine HEIGHT="54" WIDTH="1086" VPOS="741" HPOS="187" STYLEREFS="StyleId-57977515-166A-422F-B792-64C24D68EA1B-" LANG="en-US" CS="1">
<String CONTENT="2" HEIGHT="40" WIDTH="28" VPOS="746" HPOS="187"/>
<SP HEIGHT="49" WIDTH="26" VPOS="746" HPOS="216"/>
<String CONTENT="p." HEIGHT="38" WIDTH="43" VPOS="757" HPOS="243"/>
<SP HEIGHT="41" WIDTH="25" VPOS="746" HPOS="287"/>
<String CS="1" CONTENT="l.," HEIGHT="16" WIDTH="23" VPOS="777" HPOS="336"/>
<SP HEIGHT="36" WIDTH="28" VPOS="757" HPOS="360"/>
<String CONTENT="vii-xiv," HEIGHT="49" WIDTH="197" VPOS="744" HPOS="389"/>
<SP HEIGHT="31" WIDTH="33" VPOS="763" HPOS="587"/>
<String CONTENT="[1]," HEIGHT="50" WIDTH="71" VPOS="744" HPOS="621"/>
<SP HEIGHT="48" WIDTH="27" VPOS="744" HPOS="693"/>
<String CONTENT="101" HEIGHT="41" WIDTH="84" VPOS="743" HPOS="721"/>
<SP HEIGHT="48" WIDTH="31" VPOS="744" HPOS="806"/>
<String CONTENT="p." HEIGHT="38" WIDTH="42" VPOS="754" HPOS="838"/>
<SP HEIGHT="43" WIDTH="56" VPOS="742" HPOS="881"/>
<String CONTENT="illus." HEIGHT="42" WIDTH="131" VPOS="742" HPOS="938"/>
<SP HEIGHT="42" WIDTH="57" VPOS="742" HPOS="1070"/>
<String CS="1" CONTENT="19&#189;" HEIGHT="41" WIDTH="56" VPOS="741" HPOS="1128"/>
<String STYLE="superscript" CONTENT="cm" HEIGHT="23" WIDTH="45" VPOS="742" HPOS="1216"/>
<String CONTENT="." HEIGHT="8" WIDTH="8" VPOS="773" HPOS="1265"/>
</TextLine>
<TextLine HEIGHT="47" WIDTH="1262" VPOS="797" HPOS="189" STYLEREFS="StyleId-57977515-166A-422F-B792-64C24D68EA1B-" LANG="en-US">
<String CONTENT="&#8220;References&#8221;" HEIGHT="44" WIDTH="347" VPOS="800" HPOS="189"/>
<SP HEIGHT="41" WIDTH="32" VPOS="800" HPOS="537"/>
<String CONTENT="at" HEIGHT="39" WIDTH="53" VPOS="803" HPOS="570"/>
<SP HEIGHT="39" WIDTH="27" VPOS="803" HPOS="624"/>
<String CONTENT="end" HEIGHT="39" WIDTH="92" VPOS="802" HPOS="652"/>
<SP HEIGHT="39" WIDTH="29" VPOS="802" HPOS="745"/>
<String CONTENT="of" HEIGHT="40" WIDTH="53" VPOS="800" HPOS="775"/>
<SP HEIGHT="39" WIDTH="28" VPOS="800" HPOS="829"/>
<String CONTENT="most" HEIGHT="37" WIDTH="126" VPOS="802" HPOS="858"/>
<SP HEIGHT="37" WIDTH="29" VPOS="802" HPOS="985"/>
<String CONTENT="of" HEIGHT="40" WIDTH="52" VPOS="799" HPOS="1015"/>
<SP HEIGHT="39" WIDTH="30" VPOS="799" HPOS="1068"/>
<String CONTENT="the" HEIGHT="40" WIDTH="82" VPOS="798" HPOS="1099"/>
<SP HEIGHT="30" WIDTH="28" VPOS="808" HPOS="1182"/>
<String CONTENT="chapters." HEIGHT="47" WIDTH="240" VPOS="797" HPOS="1211"/>
</TextLine>
<TextLine HEIGHT="58" WIDTH="1996" VPOS="853" HPOS="125" STYLEREFS="StyleId-57977515-166A-422F-B792-64C24D68EA1B-" LANG="en-US">
<String CONTENT="&#169;" HEIGHT="53" WIDTH="52" VPOS="858" HPOS="125"/>
<SP HEIGHT="53" WIDTH="31" VPOS="858" HPOS="178"/>
<String CONTENT="Sept." HEIGHT="47" WIDTH="127" VPOS="864" HPOS="210"/>
<SP HEIGHT="39" WIDTH="28" VPOS="864" HPOS="338"/>
<String CONTENT="1," HEIGHT="46" WIDTH="40" VPOS="864" HPOS="367"/>
<SP HEIGHT="46" WIDTH="29" VPOS="864" HPOS="408"/>
<String CONTENT="1932;" HEIGHT="48" WIDTH="140" VPOS="860" HPOS="438"/>
<SP HEIGHT="49" WIDTH="29" VPOS="859" HPOS="579"/>
<String CONTENT="2c." HEIGHT="41" WIDTH="66" VPOS="859" HPOS="609"/>
<SP HEIGHT="39" WIDTH="31" VPOS="861" HPOS="676"/>
<String CONTENT="Jan." HEIGHT="39" WIDTH="110" VPOS="861" HPOS="708"/>
<SP HEIGHT="37" WIDTH="30" VPOS="861" HPOS="819"/>
<String CONTENT="14," HEIGHT="47" WIDTH="69" VPOS="860" HPOS="850"/>
<SP HEIGHT="46" WIDTH="30" VPOS="861" HPOS="920"/>
<String CONTENT="1933;" HEIGHT="46" WIDTH="140" VPOS="858" HPOS="951"/>
<SP HEIGHT="36" WIDTH="32" VPOS="868" HPOS="1092"/>
<String CONTENT="aff." HEIGHT="41" WIDTH="82" VPOS="856" HPOS="1125"/>
<SP HEIGHT="41" WIDTH="31" VPOS="856" HPOS="1208"/>
<String CONTENT="Feb." HEIGHT="40" WIDTH="110" VPOS="856" HPOS="1240"/>
<SP HEIGHT="37" WIDTH="31" VPOS="858" HPOS="1351"/>
<String CONTENT="13;" HEIGHT="46" WIDTH="81" VPOS="856" HPOS="1383"/>
<SP HEIGHT="47" WIDTH="33" VPOS="855" HPOS="1465"/>
<!-- cceid 39F40E64-6CF9-1014-A6CF-A82867D68027 --><String CONTENT="A" HEIGHT="40" WIDTH="41" VPOS="855" HPOS="1499"/>
<SP HEIGHT="40" WIDTH="28" VPOS="855" HPOS="1541"/>
<String CONTENT="60249;" HEIGHT="49" WIDTH="171" VPOS="853" HPOS="1570"/>
<SP HEIGHT="48" WIDTH="34" VPOS="854" HPOS="1742"/>
<String CONTENT="C." HEIGHT="41" WIDTH="49" VPOS="854" HPOS="1777"/>
<SP HEIGHT="41" WIDTH="32" VPOS="854" HPOS="1827"/>
<String CONTENT="C." HEIGHT="41" WIDTH="49" VPOS="854" HPOS="1860"/>
<SP HEIGHT="40" WIDTH="31" VPOS="854" HPOS="1910"/>
<String CONTENT="Nelson" HEIGHT="40" WIDTH="179" VPOS="853" HPOS="1942"/>
</TextLine>
<TextLine HEIGHT="51" WIDTH="530" VPOS="917" HPOS="193" STYLEREFS="StyleId-57977515-166A-422F-B792-64C24D68EA1B-" LANG="en-US">
<String CONTENT="pub." HEIGHT="48" WIDTH="108" VPOS="920" HPOS="193"/>
<SP HEIGHT="30" WIDTH="32" VPOS="930" HPOS="302"/>
<String CONTENT="co." HEIGHT="29" WIDTH="66" VPOS="930" HPOS="335"/>
<SP HEIGHT="47" WIDTH="69" VPOS="919" HPOS="402"/>
<String CONTENT="(33-4431)" HEIGHT="49" WIDTH="251" VPOS="917" HPOS="472"/>
</TextLine>
<TextLine HEIGHT="67" WIDTH="983" VPOS="1007" HPOS="117" STYLEREFS="StyleId-2D7FE8F9-59E0-4675-A000-D56ED274F9BA-" LANG="en-US">
<String CONTENT="Hathaway," HEIGHT="67" WIDTH="355" VPOS="1007" HPOS="117"/>
<SP HEIGHT="64" WIDTH="25" VPOS="1010" HPOS="473"/>
<String CONTENT="Kenneth" HEIGHT="54" WIDTH="277" VPOS="1008" HPOS="499"/>
<SP HEIGHT="53" WIDTH="27" VPOS="1007" HPOS="777"/>
<String CONTENT="A.," HEIGHT="65" WIDTH="92" VPOS="1007" HPOS="805"/>
<SP HEIGHT="58" WIDTH="29" VPOS="1014" HPOS="898"/>
<String CONTENT="1895-" HEIGHT="51" WIDTH="172" VPOS="1011" HPOS="928"/>
</TextLine>
<TextLine HEIGHT="77" WIDTH="1932" VPOS="1075" HPOS="190" LANG="en-US" CS="1">
<String CS="1" CONTENT="Television;" HEIGHT="55" WIDTH="319" VPOS="1084" HPOS="190"/>
<SP HEIGHT="42" WIDTH="30" VPOS="1103" HPOS="538"/>
<String CONTENT="a" HEIGHT="33" WIDTH="31" VPOS="1105" HPOS="569"/>
<SP HEIGHT="49" WIDTH="27" VPOS="1103" HPOS="601"/>
<String CONTENT="practical" HEIGHT="69" WIDTH="275" VPOS="1083" HPOS="629"/>
<SP HEIGHT="51" WIDTH="26" VPOS="1083" HPOS="905"/>
<String CONTENT="treatise" HEIGHT="55" WIDTH="231" VPOS="1081" HPOS="932"/>
<SP HEIGHT="36" WIDTH="26" VPOS="1100" HPOS="1164"/>
<String CONTENT="on" HEIGHT="34" WIDTH="70" VPOS="1100" HPOS="1191"/>
<SP HEIGHT="48" WIDTH="27" VPOS="1087" HPOS="1262"/>
<String CONTENT="the" HEIGHT="55" WIDTH="96" VPOS="1082" HPOS="1290"/>
<SP HEIGHT="49" WIDTH="28" VPOS="1099" HPOS="1387"/>
<String CONTENT="principles" HEIGHT="70" WIDTH="312" VPOS="1078" HPOS="1416"/>
<SP HEIGHT="35" WIDTH="23" VPOS="1097" HPOS="1729"/>
<String CONTENT="upon" HEIGHT="51" WIDTH="155" VPOS="1096" HPOS="1753"/>
<SP HEIGHT="34" WIDTH="26" VPOS="1096" HPOS="1909"/>
<String CONTENT="which" HEIGHT="56" WIDTH="186" VPOS="1075" HPOS="1936"/>
</TextLine>
<TextLine HEIGHT="153" WIDTH="1977" VPOS="1155" HPOS="121" LANG="en-US" CS="1">
<String CONTENT="the" HEIGHT="54" WIDTH="95" VPOS="1164" HPOS="121"/>
<SP HEIGHT="55" WIDTH="30" VPOS="1163" HPOS="217"/>
<String CONTENT="development" HEIGHT="67" WIDTH="394" VPOS="1163" HPOS="248"/>
<SP HEIGHT="47" WIDTH="27" VPOS="1168" HPOS="643"/>
<String CONTENT="of" HEIGHT="53" WIDTH="63" VPOS="1161" HPOS="671"/>
<SP HEIGHT="52" WIDTH="30" VPOS="1161" HPOS="735"/>
<String CONTENT="television" HEIGHT="55" WIDTH="294" VPOS="1159" HPOS="766"/>
<SP HEIGHT="52" WIDTH="30" VPOS="1159" HPOS="1061"/>
<String CONTENT="is" HEIGHT="54" WIDTH="48" VPOS="1159" HPOS="1092"/>
<SP HEIGHT="54" WIDTH="28" VPOS="1159" HPOS="1141"/>
<String CONTENT="based," HEIGHT="69" WIDTH="187" VPOS="1158" HPOS="1170"/>
<SP HEIGHT="70" WIDTH="29" VPOS="1157" HPOS="1358"/>
<String CONTENT="by" HEIGHT="69" WIDTH="75" VPOS="1157" HPOS="1388"/>
<SP HEIGHT="69" WIDTH="31" VPOS="1157" HPOS="1464"/>
<String CONTENT="Kenneth" HEIGHT="53" WIDTH="267" VPOS="1156" HPOS="1496"/>
<SP HEIGHT="52" WIDTH="29" VPOS="1156" HPOS="1764"/>
<String CONTENT="A." HEIGHT="50" WIDTH="70" VPOS="1158" HPOS="1794"/>
<SP HEIGHT="53" WIDTH="33" VPOS="1155" HPOS="1865"/>
<String CONTENT="Hathaway" HEIGHT="153" WIDTH="1974" VPOS="1155" HPOS="124"/>
</TextLine>
<TextLine HEIGHT="73" WIDTH="1424" VPOS="1234" HPOS="340" LANG="en-US" CS="1">
<String CS="1" CONTENT="&#8230;"/>
<SP HEIGHT="54" WIDTH="69" VPOS="1240" HPOS="340"/>
<String CONTENT="Chicago," HEIGHT="69" WIDTH="269" VPOS="1238" HPOS="410"/>
<SP HEIGHT="68" WIDTH="25" VPOS="1238" HPOS="680"/>
<String CONTENT="American" HEIGHT="53" WIDTH="305" VPOS="1238" HPOS="706"/>
<SP HEIGHT="48" WIDTH="28" VPOS="1242" HPOS="1012"/>
<String CONTENT="technical" HEIGHT="57" WIDTH="280" VPOS="1234" HPOS="1041"/>
<SP HEIGHT="54" WIDTH="26" VPOS="1236" HPOS="1322"/>
<String CONTENT="society," HEIGHT="67" WIDTH="229" VPOS="1235" HPOS="1349"/>
<SP HEIGHT="64" WIDTH="31" VPOS="1238" HPOS="1579"/>
<String CONTENT="1933." HEIGHT="53" WIDTH="153" VPOS="1237" HPOS="1611"/>
</TextLine>
<TextLine HEIGHT="52" WIDTH="973" VPOS="1308" HPOS="190" STYLEREFS="StyleId-57977515-166A-422F-B792-64C24D68EA1B-" LANG="en-US" CS="1">
<String CONTENT="4" HEIGHT="38" WIDTH="29" VPOS="1313" HPOS="190"/>
<SP HEIGHT="47" WIDTH="24" VPOS="1313" HPOS="220"/>
<String CONTENT="p." HEIGHT="38" WIDTH="43" VPOS="1322" HPOS="245"/>
<SP HEIGHT="41" WIDTH="26" VPOS="1312" HPOS="289"/>
<String CS="1" CONTENT="l.," HEIGHT="19" WIDTH="24" VPOS="1341" HPOS="338"/>
<SP HEIGHT="49" WIDTH="28" VPOS="1311" HPOS="363"/>
<String CONTENT="169" HEIGHT="40" WIDTH="87" VPOS="1311" HPOS="392"/>
<SP HEIGHT="48" WIDTH="25" VPOS="1311" HPOS="480"/>
<String CONTENT="p." HEIGHT="38" WIDTH="42" VPOS="1321" HPOS="506"/>
<SP HEIGHT="42" WIDTH="56" VPOS="1310" HPOS="549"/>
<String CONTENT="illus.," HEIGHT="47" WIDTH="144" VPOS="1310" HPOS="606"/>
<SP HEIGHT="46" WIDTH="27" VPOS="1311" HPOS="751"/>
<String CONTENT="diagrs." HEIGHT="48" WIDTH="180" VPOS="1310" HPOS="779"/>
<SP HEIGHT="42" WIDTH="55" VPOS="1308" HPOS="960"/>
<String CS="1" CONTENT="21&#189;" HEIGHT="40" WIDTH="55" VPOS="1308" HPOS="1016"/>
<String STYLE="superscript" CONTENT="cm" HEIGHT="21" WIDTH="45" VPOS="1311" HPOS="1104"/>
<String CONTENT="." HEIGHT="9" WIDTH="9" VPOS="1340" HPOS="1154"/>
</TextLine>
<TextLine HEIGHT="56" WIDTH="1999" VPOS="1363" HPOS="127" STYLEREFS="StyleId-57977515-166A-422F-B792-64C24D68EA1B-" LANG="en-US">
<String CONTENT="&#169;" HEIGHT="51" WIDTH="52" VPOS="1368" HPOS="127"/>
<SP HEIGHT="51" WIDTH="34" VPOS="1368" HPOS="180"/>
<String CONTENT="Feb." HEIGHT="41" WIDTH="112" VPOS="1371" HPOS="215"/>
<SP HEIGHT="39" WIDTH="33" VPOS="1373" HPOS="328"/>
<String CONTENT="13," HEIGHT="45" WIDTH="68" VPOS="1371" HPOS="362"/>
<SP HEIGHT="44" WIDTH="34" VPOS="1372" HPOS="431"/>
<String CONTENT="1933;" HEIGHT="47" WIDTH="141" VPOS="1369" HPOS="466"/>
<SP HEIGHT="46" WIDTH="35" VPOS="1370" HPOS="608"/>
<String CONTENT="2c." HEIGHT="40" WIDTH="67" VPOS="1370" HPOS="644"/>
<SP HEIGHT="41" WIDTH="37" VPOS="1369" HPOS="712"/>
<String CONTENT="Feb." HEIGHT="40" WIDTH="110" VPOS="1369" HPOS="750"/>
<SP HEIGHT="39" WIDTH="34" VPOS="1370" HPOS="861"/>
<String CONTENT="15;" HEIGHT="46" WIDTH="82" VPOS="1369" HPOS="896"/>
<SP HEIGHT="36" WIDTH="36" VPOS="1379" HPOS="979"/>
<String CONTENT="aff." HEIGHT="42" WIDTH="82" VPOS="1367" HPOS="1016"/>
<SP HEIGHT="41" WIDTH="35" VPOS="1368" HPOS="1099"/>
<String CONTENT="Feb." HEIGHT="40" WIDTH="111" VPOS="1368" HPOS="1135"/>
<SP HEIGHT="39" WIDTH="35" VPOS="1368" HPOS="1247"/>
<String CONTENT="16;" HEIGHT="47" WIDTH="82" VPOS="1367" HPOS="1283"/>
<SP HEIGHT="46" WIDTH="37" VPOS="1368" HPOS="1366"/>
<!-- cceid 39F4D647-6CF9-1014-A6CF-A82867D68027 --><String CONTENT="A" HEIGHT="38" WIDTH="40" VPOS="1368" HPOS="1404"/>
<SP HEIGHT="40" WIDTH="34" VPOS="1366" HPOS="1445"/>
<String CONTENT="60296;" HEIGHT="49" WIDTH="171" VPOS="1365" HPOS="1480"/>
<SP HEIGHT="48" WIDTH="36" VPOS="1366" HPOS="1652"/>
<String CONTENT="Amer." HEIGHT="41" WIDTH="159" VPOS="1366" HPOS="1689"/>
<SP HEIGHT="36" WIDTH="36" VPOS="1371" HPOS="1849"/>
<String CONTENT="technical" HEIGHT="42" WIDTH="240" VPOS="1363" HPOS="1886"/>
</TextLine>
<TextLine HEIGHT="49" WIDTH="415" VPOS="1427" HPOS="196" STYLEREFS="StyleId-57977515-166A-422F-B792-64C24D68EA1B-" LANG="en-US">
<String CONTENT="soc." HEIGHT="29" WIDTH="92" VPOS="1439" HPOS="196"/>
<SP HEIGHT="47" WIDTH="70" VPOS="1429" HPOS="289"/>
<String CONTENT="(33-4438)" HEIGHT="49" WIDTH="251" VPOS="1427" HPOS="360"/>
</TextLine>
<TextLine HEIGHT="68" WIDTH="958" VPOS="1515" HPOS="124" STYLEREFS="StyleId-2D7FE8F9-59E0-4675-A000-D56ED274F9BA-" LANG="en-US">
<String CONTENT="Hergesheimer," HEIGHT="68" WIDTH="478" VPOS="1515" HPOS="124"/>
<SP HEIGHT="66" WIDTH="31" VPOS="1517" HPOS="603"/>
<String CONTENT="Joseph," HEIGHT="66" WIDTH="240" VPOS="1515" HPOS="635"/>
<SP HEIGHT="59" WIDTH="34" VPOS="1522" HPOS="876"/>
<String CONTENT="1880-" HEIGHT="50" WIDTH="171" VPOS="1520" HPOS="911"/>
</TextLine>
<TextLine HEIGHT="73" WIDTH="1935" VPOS="1590" HPOS="193" LANG="en-US" CS="1">
<String CONTENT="Tropical" HEIGHT="70" WIDTH="271" VPOS="1593" HPOS="193"/>
<SP HEIGHT="53" WIDTH="52" VPOS="1594" HPOS="465"/>
<String CONTENT="winter" HEIGHT="54" WIDTH="202" VPOS="1593" HPOS="518"/>
<SP HEIGHT="50" WIDTH="59" VPOS="1613" HPOS="721"/>
<String CS="1" CONTENT="[by]" HEIGHT="70" WIDTH="94" VPOS="1593" HPOS="797"/>
<SP HEIGHT="66" WIDTH="57" VPOS="1595" HPOS="892"/>
<String CONTENT="Joseph" HEIGHT="68" WIDTH="219" VPOS="1593" HPOS="950"/>
<SP HEIGHT="53" WIDTH="50" VPOS="1593" HPOS="1170"/>
<String CONTENT="Hergesheimer." HEIGHT="69" WIDTH="456" VPOS="1592" HPOS="1221"/>
<SP HEIGHT="55" WIDTH="73" VPOS="1592" HPOS="1678"/>
<String CONTENT="New" HEIGHT="53" WIDTH="139" VPOS="1592" HPOS="1752"/>
<SP HEIGHT="53" WIDTH="51" VPOS="1592" HPOS="1892"/>
<String CONTENT="York," HEIGHT="68" WIDTH="184" VPOS="1590" HPOS="1944"/>
</TextLine>
<TextLine HEIGHT="68" WIDTH="605" VPOS="1673" HPOS="123" LANG="en-US">
<String CONTENT="A." HEIGHT="54" WIDTH="71" VPOS="1676" HPOS="123"/>
<SP HEIGHT="55" WIDTH="26" VPOS="1675" HPOS="195"/>
<String CONTENT="A." HEIGHT="53" WIDTH="71" VPOS="1675" HPOS="222"/>
<SP HEIGHT="52" WIDTH="28" VPOS="1675" HPOS="294"/>
<String CONTENT="Knopf," HEIGHT="68" WIDTH="226" VPOS="1673" HPOS="323"/>
<SP HEIGHT="62" WIDTH="28" VPOS="1679" HPOS="550"/>
<String CONTENT="1933." HEIGHT="49" WIDTH="149" VPOS="1678" HPOS="579"/>
</TextLine>
<TextLine HEIGHT="51" WIDTH="674" VPOS="1745" HPOS="195" STYLEREFS="StyleId-57977515-166A-422F-B792-64C24D68EA1B-" LANG="en-US" CS="1">
<String CONTENT="2" HEIGHT="40" WIDTH="28" VPOS="1747" HPOS="195"/>
<SP HEIGHT="49" WIDTH="21" VPOS="1747" HPOS="224"/>
<String CONTENT="p." HEIGHT="38" WIDTH="43" VPOS="1758" HPOS="246"/>
<SP HEIGHT="40" WIDTH="23" VPOS="1748" HPOS="290"/>
<String CS="1" CONTENT="l.," HEIGHT="16" WIDTH="22" VPOS="1778" HPOS="337"/>
<SP HEIGHT="47" WIDTH="24" VPOS="1747" HPOS="360"/>
<String CONTENT="326" HEIGHT="41" WIDTH="88" VPOS="1746" HPOS="385"/>
<SP HEIGHT="49" WIDTH="22" VPOS="1746" HPOS="474"/>
<String CONTENT="p.," HEIGHT="37" WIDTH="57" VPOS="1758" HPOS="497"/>
<SP HEIGHT="47" WIDTH="25" VPOS="1747" HPOS="555"/>
<String CONTENT="1" HEIGHT="39" WIDTH="25" VPOS="1747" HPOS="581"/>
<SP HEIGHT="40" WIDTH="23" VPOS="1746" HPOS="607"/>
<String CS="1" CONTENT="l." HEIGHT="9" WIDTH="9" VPOS="1776" HPOS="652"/>
<SP HEIGHT="39" WIDTH="59" VPOS="1747" HPOS="662"/>
<String CS="1" CONTENT="19&#189;" HEIGHT="41" WIDTH="56" VPOS="1745" HPOS="722"/>
<String STYLE="superscript" CONTENT="cm" HEIGHT="22" WIDTH="45" VPOS="1748" HPOS="810"/>
<String CONTENT="." HEIGHT="9" WIDTH="9" VPOS="1778" HPOS="860"/>
</TextLine>
<TextLine HEIGHT="42" WIDTH="366" VPOS="1803" HPOS="199" STYLEREFS="StyleId-57977515-166A-422F-B792-64C24D68EA1B-" LANG="en-US">
<String CONTENT="Short" HEIGHT="41" WIDTH="146" VPOS="1804" HPOS="199"/>
<SP HEIGHT="39" WIDTH="28" VPOS="1806" HPOS="346"/>
<String CONTENT="stories." HEIGHT="42" WIDTH="190" VPOS="1803" HPOS="375"/>
</TextLine>
<TextLine HEIGHT="43" WIDTH="425" VPOS="1859" HPOS="197" STYLEREFS="StyleId-57977515-166A-422F-B792-64C24D68EA1B-" LANG="en-US">
<String CONTENT="&#8220;First" HEIGHT="42" WIDTH="163" VPOS="1860" HPOS="197"/>
<SP HEIGHT="38" WIDTH="33" VPOS="1864" HPOS="361"/>
<String CONTENT="edition.&#8221;" HEIGHT="42" WIDTH="227" VPOS="1859" HPOS="395"/>
</TextLine>
<TextLine HEIGHT="54" WIDTH="2001" VPOS="1913" HPOS="131" STYLEREFS="StyleId-57977515-166A-422F-B792-64C24D68EA1B-" LANG="en-US">
<String CONTENT="&#169;" HEIGHT="53" WIDTH="52" VPOS="1914" HPOS="131"/>
<SP HEIGHT="53" WIDTH="29" VPOS="1914" HPOS="184"/>
<String CONTENT="Jan." HEIGHT="40" WIDTH="110" VPOS="1919" HPOS="214"/>
<SP HEIGHT="39" WIDTH="28" VPOS="1920" HPOS="325"/>
<String CONTENT="16," HEIGHT="48" WIDTH="68" VPOS="1918" HPOS="354"/>
<SP HEIGHT="46" WIDTH="30" VPOS="1920" HPOS="423"/>
<String CONTENT="1933;" HEIGHT="47" WIDTH="140" VPOS="1917" HPOS="454"/>
<SP HEIGHT="46" WIDTH="29" VPOS="1918" HPOS="595"/>
<String CONTENT="2c." HEIGHT="39" WIDTH="67" VPOS="1918" HPOS="625"/>
<SP HEIGHT="29" WIDTH="30" VPOS="1928" HPOS="693"/>
<String CONTENT="and" HEIGHT="39" WIDTH="97" VPOS="1918" HPOS="724"/>
<SP HEIGHT="39" WIDTH="28" VPOS="1918" HPOS="822"/>
<String CONTENT="aff." HEIGHT="41" WIDTH="82" VPOS="1917" HPOS="851"/>
<SP HEIGHT="40" WIDTH="30" VPOS="1918" HPOS="934"/>
<String CONTENT="Jan." HEIGHT="39" WIDTH="109" VPOS="1918" HPOS="965"/>
<SP HEIGHT="38" WIDTH="31" VPOS="1918" HPOS="1075"/>
<String CONTENT="18;" HEIGHT="46" WIDTH="82" VPOS="1917" HPOS="1107"/>
<SP HEIGHT="46" WIDTH="32" VPOS="1917" HPOS="1190"/>
<!-- cceid 39F5969A-6CF9-1014-A6CF-A82867D68027 --><String CONTENT="A" HEIGHT="38" WIDTH="40" VPOS="1917" HPOS="1223"/>
<SP HEIGHT="40" WIDTH="30" VPOS="1916" HPOS="1264"/>
<String CONTENT="59649;" HEIGHT="48" WIDTH="170" VPOS="1915" HPOS="1295"/>
<SP HEIGHT="46" WIDTH="33" VPOS="1917" HPOS="1466"/>
<String CONTENT="J." HEIGHT="40" WIDTH="42" VPOS="1917" HPOS="1500"/>
<SP HEIGHT="41" WIDTH="31" VPOS="1916" HPOS="1543"/>
<String CONTENT="Hergesheimer," HEIGHT="51" WIDTH="387" VPOS="1913" HPOS="1575"/>
<SP HEIGHT="46" WIDTH="32" VPOS="1916" HPOS="1963"/>
<String CONTENT="West" HEIGHT="40" WIDTH="136" VPOS="1916" HPOS="1996"/>
</TextLine>
<TextLine HEIGHT="49" WIDTH="684" VPOS="1974" HPOS="201" STYLEREFS="StyleId-57977515-166A-422F-B792-64C24D68EA1B-" LANG="en-US">
<String CONTENT="Chester," HEIGHT="48" WIDTH="215" VPOS="1975" HPOS="201"/>
<SP HEIGHT="47" WIDTH="31" VPOS="1976" HPOS="417"/>
<String CONTENT="Pa." HEIGHT="38" WIDTH="83" VPOS="1976" HPOS="449"/>
<SP HEIGHT="47" WIDTH="69" VPOS="1975" HPOS="533"/>
<String CONTENT="(33-27002)" HEIGHT="49" WIDTH="282" VPOS="1974" HPOS="603"/>
</TextLine>
<TextLine HEIGHT="67" WIDTH="716" VPOS="2062" HPOS="129" STYLEREFS="StyleId-2D7FE8F9-59E0-4675-A000-D56ED274F9BA-">
<String LANG="de" CONTENT="Hochdorf," HEIGHT="67" WIDTH="323" VPOS="2062" HPOS="129"/>
<SP HEIGHT="64" WIDTH="28" VPOS="2065" HPOS="453"/>
<String LANG="en-US" CONTENT="Max," HEIGHT="64" WIDTH="158" VPOS="2065" HPOS="482"/>
<SP HEIGHT="59" WIDTH="31" VPOS="2070" HPOS="641"/>
<String LANG="en-US" CONTENT="1880-" HEIGHT="50" WIDTH="172" VPOS="2069" HPOS="673"/>
</TextLine>
<TextLine HEIGHT="70" WIDTH="1936" VPOS="2139" HPOS="195" CS="1">
<String LANG="en-US" CONTENT="August" HEIGHT="68" WIDTH="231" VPOS="2141" HPOS="195"/>
<SP HEIGHT="51" WIDTH="44" VPOS="2142" HPOS="427"/>
<String LANG="de" CONTENT="Bebel;" HEIGHT="68" WIDTH="202" VPOS="2140" HPOS="472"/>
<SP HEIGHT="50" WIDTH="48" VPOS="2159" HPOS="675"/>
<String LANG="en-US" CONTENT="geschichte" HEIGHT="70" WIDTH="322" VPOS="2139" HPOS="724"/>
<SP HEIGHT="34" WIDTH="44" VPOS="2159" HPOS="1047"/>
<String LANG="de" CONTENT="einer" HEIGHT="53" WIDTH="154" VPOS="2140" HPOS="1092"/>
<SP HEIGHT="49" WIDTH="44" VPOS="2159" HPOS="1247"/>
<String LANG="de" CONTENT="politischen" HEIGHT="69" WIDTH="341" VPOS="2139" HPOS="1292"/>
<SP HEIGHT="34" WIDTH="45" VPOS="2159" HPOS="1634"/>
<String LANG="de" CS="1" CONTENT="vernunft," HEIGHT="68" WIDTH="255" VPOS="2139" HPOS="1718"/>
<SP HEIGHT="47" WIDTH="45" VPOS="2160" HPOS="1974"/>
<String LANG="de" CONTENT="von" HEIGHT="35" WIDTH="111" VPOS="2158" HPOS="2020"/>
</TextLine>
<TextLine HEIGHT="70" WIDTH="2007" VPOS="2217" HPOS="127" LANG="de">
<String CONTENT="Max" HEIGHT="52" WIDTH="139" VPOS="2219" HPOS="127"/>
<SP HEIGHT="52" WIDTH="32" VPOS="2219" HPOS="267"/>
<String CONTENT="Hochdorf." HEIGHT="53" WIDTH="323" VPOS="2218" HPOS="300"/>
<SP HEIGHT="52" WIDTH="74" VPOS="2218" HPOS="624"/>
<String CONTENT="Berlin," HEIGHT="67" WIDTH="218" VPOS="2218" HPOS="699"/>
<SP HEIGHT="66" WIDTH="32" VPOS="2219" HPOS="918"/>
<String CONTENT="Verlag" HEIGHT="68" WIDTH="217" VPOS="2218" HPOS="951"/>
<SP HEIGHT="68" WIDTH="32" VPOS="2218" HPOS="1169"/>
<String CONTENT="f&#252;r" HEIGHT="52" WIDTH="99" VPOS="2218" HPOS="1202"/>
<SP HEIGHT="53" WIDTH="28" VPOS="2217" HPOS="1302"/>
<String CONTENT="kulturpolitik" HEIGHT="69" WIDTH="413" VPOS="2217" HPOS="1331"/>
<SP HEIGHT="68" WIDTH="31" VPOS="2218" HPOS="1745"/>
<String CONTENT="g." HEIGHT="49" WIDTH="55" VPOS="2237" HPOS="1777"/>
<SP HEIGHT="36" WIDTH="32" VPOS="2236" HPOS="1833"/>
<String CONTENT="m." HEIGHT="35" WIDTH="73" VPOS="2236" HPOS="1866"/>
<SP HEIGHT="53" WIDTH="31" VPOS="2218" HPOS="1940"/>
<String CONTENT="b." HEIGHT="54" WIDTH="54" VPOS="2218" HPOS="1972"/>
<SP HEIGHT="54" WIDTH="30" VPOS="2218" HPOS="2027"/>
<String CONTENT="h.," HEIGHT="69" WIDTH="76" VPOS="2218" HPOS="2058"/>
</TextLine>
<TextLine HEIGHT="51" WIDTH="149" VPOS="2300" HPOS="131" LANG="de">
<String CONTENT="1932." HEIGHT="51" WIDTH="149" VPOS="2300" HPOS="131"/>
</TextLine>
<TextLine HEIGHT="50" WIDTH="335" VPOS="2370" HPOS="197" STYLEREFS="StyleId-57977515-166A-422F-B792-64C24D68EA1B-" LANG="de" CS="1">
<String CONTENT="358" HEIGHT="42" WIDTH="89" VPOS="2370" HPOS="197"/>
<SP HEIGHT="50" WIDTH="25" VPOS="2370" HPOS="287"/>
<String CONTENT="p." HEIGHT="39" WIDTH="44" VPOS="2381" HPOS="313"/>
<SP HEIGHT="41" WIDTH="55" VPOS="2371" HPOS="358"/>
<String CS="1" CONTENT="24cm." HEIGHT="40" WIDTH="118" VPOS="2371" HPOS="414"/>
</TextLine>
<TextLine HEIGHT="109" WIDTH="1983" VPOS="2423" HPOS="135" STYLEREFS="StyleId-57977515-166A-422F-B792-64C24D68EA1B-" LANG="de" CS="1">
<String CONTENT="&#169;" HEIGHT="53" WIDTH="52" VPOS="2423" HPOS="135"/>
<SP HEIGHT="53" WIDTH="27" VPOS="2423" HPOS="188"/>
<String CONTENT="Nov." HEIGHT="40" WIDTH="118" VPOS="2429" HPOS="216"/>
<SP HEIGHT="41" WIDTH="27" VPOS="2428" HPOS="335"/>
<String CONTENT="10," HEIGHT="49" WIDTH="68" VPOS="2426" HPOS="363"/>
<SP HEIGHT="46" WIDTH="28" VPOS="2429" HPOS="432"/>
<String CONTENT="1932;" HEIGHT="48" WIDTH="140" VPOS="2426" HPOS="461"/>
<SP HEIGHT="47" WIDTH="30" VPOS="2427" HPOS="602"/>
<String CS="1" CONTENT="1c."/>
<SP HEIGHT="40" WIDTH="28" VPOS="2427" HPOS="700"/>
<String LANG="en-US" CONTENT="Dec." HEIGHT="40" WIDTH="113" VPOS="2427" HPOS="729"/>
<SP HEIGHT="41" WIDTH="27" VPOS="2426" HPOS="843"/>
<String CONTENT="28;" HEIGHT="46" WIDTH="83" VPOS="2426" HPOS="871"/>
<SP HEIGHT="45" WIDTH="30" VPOS="2427" HPOS="955"/>
<!-- cceid 39F654BA-6CF9-1014-A6CF-A82867D68027 --><String LANG="en-US" CONTENT="A" HEIGHT="38" WIDTH="40" VPOS="2427" HPOS="986"/>
<String CONTENT="-Foreign" HEIGHT="47" WIDTH="269" VPOS="2427" HPOS="1027"/>
<SP HEIGHT="37" WIDTH="28" VPOS="2429" HPOS="1297"/>
<String CONTENT="18984;" HEIGHT="48" WIDTH="170" VPOS="2426" HPOS="1326"/>
<SP HEIGHT="46" WIDTH="31" VPOS="2428" HPOS="1497"/>
<String CONTENT="Verlag" HEIGHT="47" WIDTH="178" VPOS="2428" HPOS="1529"/>
<SP HEIGHT="48" WIDTH="25" VPOS="2427" HPOS="1708"/>
<String CONTENT="f&#252;r" HEIGHT="40" WIDTH="87" VPOS="2427" HPOS="1734"/>
<SP HEIGHT="38" WIDTH="25" VPOS="2428" HPOS="1822"/>
<String CONTENT="kulturpolitik," HEIGHT="106" WIDTH="1913" VPOS="2426" HPOS="205"/>
</TextLine>
<TextLine HEIGHT="49" WIDTH="613" VPOS="2483" HPOS="322" STYLEREFS="StyleId-57977515-166A-422F-B792-64C24D68EA1B-" LANG="de">
<String CONTENT="g." HEIGHT="37" WIDTH="40" VPOS="2495" HPOS="322"/>
<SP HEIGHT="27" WIDTH="34" VPOS="2496" HPOS="363"/>
<String CONTENT="m." HEIGHT="29" WIDTH="60" VPOS="2496" HPOS="398"/>
<SP HEIGHT="41" WIDTH="31" VPOS="2484" HPOS="459"/>
<String CONTENT="b." HEIGHT="40" WIDTH="42" VPOS="2484" HPOS="491"/>
<SP HEIGHT="40" WIDTH="32" VPOS="2484" HPOS="534"/>
<String CONTENT="h." HEIGHT="38" WIDTH="45" VPOS="2484" HPOS="567"/>
<SP HEIGHT="47" WIDTH="69" VPOS="2485" HPOS="613"/>
<String CONTENT="(33-2960)" HEIGHT="49" WIDTH="252" VPOS="2483" HPOS="683"/>
</TextLine>
<TextLine HEIGHT="65" WIDTH="678" VPOS="2579" HPOS="132" STYLEREFS="StyleId-2D7FE8F9-59E0-4675-A000-D56ED274F9BA-" LANG="de">
<String CONTENT="James," HEIGHT="64" WIDTH="220" VPOS="2580" HPOS="132"/>
<SP HEIGHT="62" WIDTH="28" VPOS="2582" HPOS="353"/>
<String CONTENT="Mrs." HEIGHT="52" WIDTH="137" VPOS="2582" HPOS="382"/>
<SP HEIGHT="53" WIDTH="30" VPOS="2580" HPOS="520"/>
<String CONTENT="Alice" HEIGHT="55" WIDTH="164" VPOS="2579" HPOS="551"/>
<SP HEIGHT="54" WIDTH="27" VPOS="2579" HPOS="716"/>
<String CONTENT="L." HEIGHT="56" WIDTH="66" VPOS="2579" HPOS="744"/>
</TextLine>
<TextLine HEIGHT="146" WIDTH="1976" VPOS="2654" HPOS="135" CS="1">
<String LANG="de" CONTENT="Catering" HEIGHT="70" WIDTH="274" VPOS="2654" HPOS="205"/>
<SP HEIGHT="69" WIDTH="38" VPOS="2655" HPOS="480"/>
<String LANG="en-US" CONTENT="for" HEIGHT="55" WIDTH="93" VPOS="2655" HPOS="519"/>
<SP HEIGHT="49" WIDTH="40" VPOS="2661" HPOS="613"/>
<String LANG="en-US" CONTENT="two;" HEIGHT="60" WIDTH="141" VPOS="2661" HPOS="654"/>
<SP HEIGHT="48" WIDTH="45" VPOS="2673" HPOS="796"/>
<String LANG="de" CONTENT="comfort" HEIGHT="54" WIDTH="246" VPOS="2655" HPOS="842"/>
<SP HEIGHT="47" WIDTH="40" VPOS="2659" HPOS="1089"/>
<String LANG="en-US" CONTENT="and" HEIGHT="53" WIDTH="113" VPOS="2654" HPOS="1130"/>
<SP HEIGHT="54" WIDTH="40" VPOS="2654" HPOS="1244"/>
<String LANG="en-US" CONTENT="economy" HEIGHT="50" WIDTH="265" VPOS="2674" HPOS="1285"/>
<SP HEIGHT="68" WIDTH="43" VPOS="2656" HPOS="1551"/>
<String LANG="en-US" CONTENT="for" HEIGHT="53" WIDTH="93" VPOS="2656" HPOS="1595"/>
<SP HEIGHT="34" WIDTH="42" VPOS="2675" HPOS="1689"/>
<String LANG="de" CONTENT="small" HEIGHT="54" WIDTH="164" VPOS="2655" HPOS="1732"/>
<SP HEIGHT="54" WIDTH="40" VPOS="2655" HPOS="1897"/>
<String LANG="en-US" CONTENT="households," HEIGHT="143" WIDTH="1976" VPOS="2657" HPOS="135"/>
</TextLine>
<TextLine HEIGHT="69" WIDTH="1788" VPOS="2731" HPOS="346" LANG="de">
<String LANG="en-US" CONTENT="by" HEIGHT="67" WIDTH="75" VPOS="2733" HPOS="346"/>
<SP HEIGHT="67" WIDTH="32" VPOS="2733" HPOS="422"/>
<String CONTENT="Alice" HEIGHT="52" WIDTH="162" VPOS="2732" HPOS="455"/>
<SP HEIGHT="51" WIDTH="31" VPOS="2733" HPOS="618"/>
<String CONTENT="L." HEIGHT="55" WIDTH="65" VPOS="2733" HPOS="650"/>
<SP HEIGHT="56" WIDTH="34" VPOS="2732" HPOS="716"/>
<String CONTENT="James." HEIGHT="54" WIDTH="209" VPOS="2732" HPOS="751"/>
<SP HEIGHT="53" WIDTH="69" VPOS="2731" HPOS="961"/>
<String CONTENT="New" HEIGHT="54" WIDTH="137" VPOS="2731" HPOS="1031"/>
<SP HEIGHT="34" WIDTH="34" VPOS="2751" HPOS="1169"/>
<String CONTENT="and" HEIGHT="53" WIDTH="112" VPOS="2731" HPOS="1204"/>
<SP HEIGHT="53" WIDTH="32" VPOS="2731" HPOS="1317"/>
<String CONTENT="rev." HEIGHT="37" WIDTH="113" VPOS="2750" HPOS="1350"/>
<SP HEIGHT="36" WIDTH="33" VPOS="2751" HPOS="1464"/>
<String CONTENT="ed." HEIGHT="53" WIDTH="84" VPOS="2733" HPOS="1498"/>
<SP HEIGHT="53" WIDTH="68" VPOS="2733" HPOS="1583"/>
<String CONTENT="New" HEIGHT="53" WIDTH="137" VPOS="2733" HPOS="1652"/>
<SP HEIGHT="52" WIDTH="35" VPOS="2734" HPOS="1790"/>
<String CONTENT="York" HEIGHT="53" WIDTH="163" VPOS="2733" HPOS="1826"/>
<SP HEIGHT="55" WIDTH="30" VPOS="2733" HPOS="1990"/>
<String CONTENT="and" HEIGHT="53" WIDTH="113" VPOS="2736" HPOS="2021"/>
</TextLine>
<TextLine HEIGHT="68" WIDTH="1160" VPOS="2809" HPOS="138">
<String LANG="de" CONTENT="London," HEIGHT="68" WIDTH="250" VPOS="2809" HPOS="138"/>
<SP HEIGHT="68" WIDTH="36" VPOS="2809" HPOS="389"/>
<String LANG="de" CONTENT="G." HEIGHT="54" WIDTH="66" VPOS="2809" HPOS="426"/>
<SP HEIGHT="51" WIDTH="37" VPOS="2810" HPOS="493"/>
<String LANG="de" CONTENT="P." HEIGHT="52" WIDTH="64" VPOS="2810" HPOS="531"/>
<SP HEIGHT="51" WIDTH="37" VPOS="2811" HPOS="596"/>
<String LANG="en-US" CONTENT="Putnam&#8217;s" HEIGHT="53" WIDTH="295" VPOS="2809" HPOS="634"/>
<SP HEIGHT="34" WIDTH="34" VPOS="2828" HPOS="930"/>
<String LANG="en-US" CONTENT="sons," HEIGHT="49" WIDTH="145" VPOS="2827" HPOS="965"/>
<SP HEIGHT="64" WIDTH="38" VPOS="2812" HPOS="1111"/>
<String LANG="de" CONTENT="1932." HEIGHT="51" WIDTH="148" VPOS="2811" HPOS="1150"/>
</TextLine>
<TextLine HEIGHT="50" WIDTH="567" VPOS="2879" HPOS="202" STYLEREFS="StyleId-57977515-166A-422F-B792-64C24D68EA1B-" LANG="de" CS="1">
<String CONTENT="4" HEIGHT="39" WIDTH="28" VPOS="2881" HPOS="202"/>
<SP/>
<String CONTENT="p." HEIGHT="38" WIDTH="43" VPOS="2891" HPOS="258"/>
<SP HEIGHT="41" WIDTH="27" VPOS="2881" HPOS="302"/>
<String CS="1" CONTENT="l.," HEIGHT="18" WIDTH="23" VPOS="2911" HPOS="353"/>
<SP HEIGHT="49" WIDTH="29" VPOS="2880" HPOS="377"/>
<String CONTENT="293" HEIGHT="42" WIDTH="86" VPOS="2879" HPOS="407"/>
<SP HEIGHT="48" WIDTH="28" VPOS="2880" HPOS="494"/>
<String CONTENT="p." HEIGHT="38" WIDTH="43" VPOS="2890" HPOS="523"/>
<SP HEIGHT="42" WIDTH="54" VPOS="2880" HPOS="567"/>
<String CONTENT="16" HEIGHT="41" WIDTH="59" VPOS="2879" HPOS="622"/>
<String LANG="en-US" CS="1" CONTENT="&#189;cm"/>
<String CONTENT="." HEIGHT="10" WIDTH="10" VPOS="2910" HPOS="759"/>
</TextLine>
<TextLine HEIGHT="53" WIDTH="1997" VPOS="2937" HPOS="140" STYLEREFS="StyleId-57977515-166A-422F-B792-64C24D68EA1B-">
<String LANG="de" CONTENT="&#169;" HEIGHT="51" WIDTH="52" VPOS="2937" HPOS="140"/>
<SP HEIGHT="51" WIDTH="25" VPOS="2937" HPOS="193"/>
<String LANG="en-US" CONTENT="Dec." HEIGHT="39" WIDTH="111" VPOS="2941" HPOS="219"/>
<SP HEIGHT="40" WIDTH="23" VPOS="2940" HPOS="331"/>
<String LANG="de" CONTENT="23," HEIGHT="47" WIDTH="69" VPOS="2940" HPOS="355"/>
<SP HEIGHT="45" WIDTH="25" VPOS="2942" HPOS="425"/>
<String LANG="de" CONTENT="1932;" HEIGHT="47" WIDTH="140" VPOS="2939" HPOS="451"/>
<SP HEIGHT="46" WIDTH="28" VPOS="2940" HPOS="592"/>
<String LANG="de" CONTENT="2c." HEIGHT="40" WIDTH="65" VPOS="2940" HPOS="621"/>
<SP HEIGHT="39" WIDTH="25" VPOS="2941" HPOS="687"/>
<String LANG="de" CONTENT="Jan." HEIGHT="39" WIDTH="110" VPOS="2941" HPOS="713"/>
<SP HEIGHT="41" WIDTH="24" VPOS="2939" HPOS="824"/>
<String LANG="de" CONTENT="20," HEIGHT="48" WIDTH="70" VPOS="2939" HPOS="849"/>
<SP HEIGHT="45" WIDTH="25" VPOS="2942" HPOS="920"/>
<String LANG="de" CONTENT="1933;" HEIGHT="48" WIDTH="140" VPOS="2939" HPOS="946"/>
<SP HEIGHT="36" WIDTH="28" VPOS="2951" HPOS="1087"/>
<String LANG="de" CONTENT="aff." HEIGHT="41" WIDTH="81" VPOS="2939" HPOS="1116"/>
<SP HEIGHT="38" WIDTH="27" VPOS="2941" HPOS="1198"/>
<String LANG="de" CONTENT="Mar." HEIGHT="41" WIDTH="122" VPOS="2941" HPOS="1226"/>
<SP HEIGHT="41" WIDTH="25" VPOS="2941" HPOS="1349"/>
<String LANG="de" CONTENT="1;" HEIGHT="47" WIDTH="52" VPOS="2941" HPOS="1375"/>
<SP HEIGHT="48" WIDTH="28" VPOS="2940" HPOS="1428"/>
<!-- cceid 39F7129B-6CF9-1014-A6CF-A82867D68027 --><String LANG="en-US" CONTENT="A" HEIGHT="40" WIDTH="41" VPOS="2940" HPOS="1457"/>
<SP HEIGHT="42" WIDTH="24" VPOS="2940" HPOS="1499"/>
<String LANG="de" CONTENT="58961;" HEIGHT="49" WIDTH="171" VPOS="2941" HPOS="1524"/>
<SP HEIGHT="47" WIDTH="29" VPOS="2943" HPOS="1696"/>
<String LANG="de" CONTENT="G." HEIGHT="40" WIDTH="52" VPOS="2943" HPOS="1726"/>
<SP HEIGHT="38" WIDTH="27" VPOS="2944" HPOS="1779"/>
<String LANG="de" CONTENT="P." HEIGHT="40" WIDTH="52" VPOS="2944" HPOS="1807"/>
<SP HEIGHT="40" WIDTH="26" VPOS="2944" HPOS="1860"/>
<String LANG="en-US" CONTENT="Putnam&#8217;s" HEIGHT="43" WIDTH="250" VPOS="2942" HPOS="1887"/>
</TextLine>
<TextLine HEIGHT="48" WIDTH="446" VPOS="2997" HPOS="211" STYLEREFS="StyleId-57977515-166A-422F-B792-64C24D68EA1B-">
<String LANG="en-US" CONTENT="sons." HEIGHT="31" WIDTH="125" VPOS="3008" HPOS="211"/>
<SP HEIGHT="47" WIDTH="69" VPOS="2998" HPOS="337"/>
<String LANG="de" CONTENT="(33-2880)" HEIGHT="48" WIDTH="250" VPOS="2997" HPOS="407"/>
</TextLine>
<TextLine HEIGHT="66" WIDTH="991" VPOS="3084" HPOS="136" STYLEREFS="StyleId-2D7FE8F9-59E0-4675-A000-D56ED274F9BA-" LANG="de">
<String CONTENT="Jones," HEIGHT="66" WIDTH="197" VPOS="3084" HPOS="136"/>
<SP HEIGHT="63" WIDTH="29" VPOS="3087" HPOS="334"/>
<String CONTENT="Edward" HEIGHT="53" WIDTH="254" VPOS="3086" HPOS="364"/>
<SP HEIGHT="53" WIDTH="25" VPOS="3086" HPOS="619"/>
<String CONTENT="Richard," HEIGHT="66" WIDTH="279" VPOS="3084" HPOS="645"/>
<SP HEIGHT="58" WIDTH="29" VPOS="3092" HPOS="925"/>
<String LANG="en-US" CONTENT="1882-" HEIGHT="50" WIDTH="172" VPOS="3090" HPOS="955"/>
</TextLine>
<TextLine HEIGHT="75" WIDTH="1930" VPOS="3160" HPOS="209" LANG="en-US">
<String CONTENT="Farm" HEIGHT="51" WIDTH="171" VPOS="3163" HPOS="209"/>
<SP HEIGHT="34" WIDTH="36" VPOS="3180" HPOS="381"/>
<String CONTENT="structures;" HEIGHT="59" WIDTH="337" VPOS="3168" HPOS="418"/>
<SP HEIGHT="48" WIDTH="36" VPOS="3179" HPOS="756"/>
<String CONTENT="a" HEIGHT="33" WIDTH="31" VPOS="3182" HPOS="793"/>
<SP HEIGHT="48" WIDTH="34" VPOS="3167" HPOS="825"/>
<String CONTENT="treatise" HEIGHT="55" WIDTH="230" VPOS="3160" HPOS="860"/>
<SP HEIGHT="35" WIDTH="33" VPOS="3180" HPOS="1091"/>
<String CONTENT="on" HEIGHT="35" WIDTH="72" VPOS="3180" HPOS="1125"/>
<SP HEIGHT="34" WIDTH="35" VPOS="3181" HPOS="1198"/>
<String CONTENT="surveys" HEIGHT="51" WIDTH="232" VPOS="3180" HPOS="1234"/>
<SP HEIGHT="54" WIDTH="34" VPOS="3163" HPOS="1467"/>
<String CONTENT="for," HEIGHT="69" WIDTH="110" VPOS="3163" HPOS="1502"/>
<SP HEIGHT="49" WIDTH="35" VPOS="3183" HPOS="1613"/>
<String CONTENT="and" HEIGHT="54" WIDTH="113" VPOS="3164" HPOS="1649"/>
<SP HEIGHT="54" WIDTH="34" VPOS="3164" HPOS="1763"/>
<String CONTENT="designs" HEIGHT="68" WIDTH="226" VPOS="3164" HPOS="1798"/>
<SP HEIGHT="36" WIDTH="32" VPOS="3184" HPOS="2025"/>
<String CONTENT="of," HEIGHT="69" WIDTH="81" VPOS="3166" HPOS="2058"/>
</TextLine>
<TextLine HEIGHT="134" WIDTH="1976" VPOS="3237" HPOS="139" LANG="en-US" CS="1">
<String CONTENT="systems" HEIGHT="61" WIDTH="232" VPOS="3246" HPOS="139"/>
<SP HEIGHT="36" WIDTH="30" VPOS="3257" HPOS="372"/>
<String CONTENT="of" HEIGHT="53" WIDTH="62" VPOS="3238" HPOS="403"/>
<SP HEIGHT="52" WIDTH="27" VPOS="3238" HPOS="466"/>
<String CONTENT="land" HEIGHT="52" WIDTH="137" VPOS="3239" HPOS="494"/>
<SP HEIGHT="53" WIDTH="30" VPOS="3238" HPOS="632"/>
<String CONTENT="drainage," HEIGHT="69" WIDTH="291" VPOS="3237" HPOS="663"/>
<SP HEIGHT="68" WIDTH="28" VPOS="3238" HPOS="955"/>
<String CONTENT="irrigation," HEIGHT="69" WIDTH="322" VPOS="3238" HPOS="984"/>
<SP HEIGHT="47" WIDTH="30" VPOS="3259" HPOS="1307"/>
<String CONTENT="and" HEIGHT="52" WIDTH="112" VPOS="3240" HPOS="1338"/>
<SP HEIGHT="55" WIDTH="30" VPOS="3240" HPOS="1451"/>
<String CONTENT="erosion" HEIGHT="55" WIDTH="219" VPOS="3240" HPOS="1482"/>
<SP HEIGHT="34" WIDTH="32" VPOS="3260" HPOS="1702"/>
<String CONTENT="control;" HEIGHT="65" WIDTH="245" VPOS="3244" HPOS="1735"/>
<SP HEIGHT="48" WIDTH="31" VPOS="3261" HPOS="1981"/>
<String CONTENT="subdivision" HEIGHT="129" WIDTH="1975" VPOS="3242" HPOS="140"/>
</TextLine>
<TextLine HEIGHT="146" WIDTH="1975" VPOS="3315" HPOS="140" LANG="en-US" CS="1">
<String CONTENT="of" HEIGHT="53" WIDTH="63" VPOS="3316" HPOS="412"/>
<SP HEIGHT="53" WIDTH="24" VPOS="3315" HPOS="476"/>
<String CONTENT="fields," HEIGHT="68" WIDTH="177" VPOS="3315" HPOS="501"/>
<SP HEIGHT="49" WIDTH="26" VPOS="3334" HPOS="679"/>
<String CONTENT="planning" HEIGHT="69" WIDTH="283" VPOS="3315" HPOS="706"/>
<SP HEIGHT="62" WIDTH="23" VPOS="3322" HPOS="990"/>
<String CONTENT="the" HEIGHT="55" WIDTH="96" VPOS="3316" HPOS="1014"/>
<SP HEIGHT="55" WIDTH="28" VPOS="3316" HPOS="1111"/>
<String CONTENT="farmstead," HEIGHT="69" WIDTH="329" VPOS="3316" HPOS="1140"/>
<SP HEIGHT="48" WIDTH="27" VPOS="3337" HPOS="1470"/>
<String CONTENT="water" HEIGHT="48" WIDTH="176" VPOS="3324" HPOS="1498"/>
<SP HEIGHT="34" WIDTH="28" VPOS="3337" HPOS="1675"/>
<String CONTENT="systems," HEIGHT="64" WIDTH="251" VPOS="3326" HPOS="1704"/>
<SP HEIGHT="68" WIDTH="27" VPOS="3322" HPOS="1956"/>
<String CONTENT="heating" HEIGHT="139" WIDTH="1975" VPOS="3322" HPOS="140"/>
</TextLine>
<TextLine HEIGHT="77" WIDTH="1876" VPOS="3392" HPOS="264" LANG="en-US">
<String CONTENT="and" HEIGHT="53" WIDTH="111" VPOS="3393" HPOS="264"/>
<SP HEIGHT="52" WIDTH="21" VPOS="3393" HPOS="376"/>
<String CONTENT="ventilating," HEIGHT="68" WIDTH="361" VPOS="3393" HPOS="398"/>
<SP HEIGHT="67" WIDTH="21" VPOS="3393" HPOS="760"/>
<String CONTENT="buildings" HEIGHT="70" WIDTH="295" VPOS="3392" HPOS="782"/>
<SP HEIGHT="33" WIDTH="21" VPOS="3413" HPOS="1078"/>
<String CONTENT="and" HEIGHT="52" WIDTH="111" VPOS="3394" HPOS="1100"/>
<SP HEIGHT="53" WIDTH="23" VPOS="3394" HPOS="1212"/>
<String CONTENT="other" HEIGHT="56" WIDTH="162" VPOS="3395" HPOS="1236"/>
<SP HEIGHT="36" WIDTH="18" VPOS="3415" HPOS="1399"/>
<String CONTENT="structures" HEIGHT="51" WIDTH="311" VPOS="3399" HPOS="1418"/>
<SP HEIGHT="34" WIDTH="23" VPOS="3415" HPOS="1730"/>
<String CONTENT="on" HEIGHT="34" WIDTH="71" VPOS="3415" HPOS="1754"/>
<SP HEIGHT="47" WIDTH="22" VPOS="3405" HPOS="1826"/>
<String CONTENT="the" HEIGHT="54" WIDTH="95" VPOS="3398" HPOS="1849"/>
<SP HEIGHT="53" WIDTH="24" VPOS="3399" HPOS="1945"/>
<String CONTENT="farm," HEIGHT="70" WIDTH="170" VPOS="3399" HPOS="1970"/>
</TextLine>
<TextLine HEIGHT="75" WIDTH="2000" VPOS="3470" HPOS="140" LANG="en-US">
<String CONTENT="including" HEIGHT="69" WIDTH="299" VPOS="3470" HPOS="140"/>
<SP HEIGHT="50" WIDTH="24" VPOS="3489" HPOS="440"/>
<String CONTENT="sewage" HEIGHT="51" WIDTH="215" VPOS="3488" HPOS="465"/>
<SP HEIGHT="52" WIDTH="25" VPOS="3470" HPOS="681"/>
<String CONTENT="disposal" HEIGHT="68" WIDTH="251" VPOS="3470" HPOS="707"/>
<SP HEIGHT="54" WIDTH="26" VPOS="3470" HPOS="959"/>
<String CONTENT="systems." HEIGHT="63" WIDTH="249" VPOS="3477" HPOS="986"/>
<SP HEIGHT="55" WIDTH="65" VPOS="3470" HPOS="1236"/>
<String CONTENT="Supplemented" HEIGHT="71" WIDTH="446" VPOS="3470" HPOS="1302"/>
<SP HEIGHT="52" WIDTH="28" VPOS="3475" HPOS="1749"/>
<String CONTENT="with" HEIGHT="55" WIDTH="141" VPOS="3474" HPOS="1778"/>
<SP HEIGHT="53" WIDTH="26" VPOS="3476" HPOS="1920"/>
<String CONTENT="handy" HEIGHT="69" WIDTH="193" VPOS="3476" HPOS="1947"/>
</TextLine>
<TextLine HEIGHT="146" WIDTH="1976" VPOS="3547" HPOS="141" LANG="en-US" CS="1">
<String CONTENT="practices" HEIGHT="69" WIDTH="275" VPOS="3547" HPOS="143"/>
<SP HEIGHT="53" WIDTH="31" VPOS="3548" HPOS="419"/>
<String CONTENT="in" HEIGHT="53" WIDTH="60" VPOS="3548" HPOS="451"/>
<SP HEIGHT="48" WIDTH="33" VPOS="3553" HPOS="512"/>
<String CONTENT="the" HEIGHT="53" WIDTH="95" VPOS="3548" HPOS="546"/>
<SP HEIGHT="34" WIDTH="35" VPOS="3567" HPOS="642"/>
<String CONTENT="art" HEIGHT="47" WIDTH="90" VPOS="3554" HPOS="678"/>
<SP HEIGHT="47" WIDTH="30" VPOS="3554" HPOS="769"/>
<String CONTENT="of" HEIGHT="53" WIDTH="65" VPOS="3548" HPOS="800"/>
<SP HEIGHT="53" WIDTH="32" VPOS="3548" HPOS="866"/>
<String CONTENT="doing" HEIGHT="68" WIDTH="176" VPOS="3547" HPOS="899"/>
<SP HEIGHT="61" WIDTH="30" VPOS="3554" HPOS="1076"/>
<String CONTENT="things" HEIGHT="69" WIDTH="196" VPOS="3548" HPOS="1107"/>
<SP HEIGHT="34" WIDTH="31" VPOS="3567" HPOS="1304"/>
<String CONTENT="well," HEIGHT="71" WIDTH="146" VPOS="3548" HPOS="1336"/>
<SP HEIGHT="50" WIDTH="32" VPOS="3569" HPOS="1483"/>
<String CONTENT="with" HEIGHT="53" WIDTH="139" VPOS="3549" HPOS="1516"/>
<SP HEIGHT="69" WIDTH="36" VPOS="3550" HPOS="1656"/>
<String CONTENT="problems," HEIGHT="69" WIDTH="299" VPOS="3552" HPOS="1693"/>
<SP HEIGHT="48" WIDTH="33" VPOS="3573" HPOS="1993"/>
<String CONTENT="references," HEIGHT="138" WIDTH="1976" VPOS="3555" HPOS="141"/>
</TextLine>
<TextLine HEIGHT="78" WIDTH="1716" VPOS="3624" HPOS="426" LANG="en-US">
<String CONTENT="illustrations" HEIGHT="55" WIDTH="379" VPOS="3625" HPOS="426"/>
<SP HEIGHT="36" WIDTH="50" VPOS="3642" HPOS="806"/>
<String CONTENT="and" HEIGHT="53" WIDTH="112" VPOS="3625" HPOS="857"/>
<SP HEIGHT="54" WIDTH="50" VPOS="3624" HPOS="970"/>
<String CONTENT="field" HEIGHT="55" WIDTH="132" VPOS="3624" HPOS="1021"/>
<SP HEIGHT="56" WIDTH="50" VPOS="3625" HPOS="1154"/>
<String CONTENT="exercises." HEIGHT="54" WIDTH="284" VPOS="3627" HPOS="1205"/>
<SP HEIGHT="53" WIDTH="87" VPOS="3628" HPOS="1490"/>
<String CONTENT="For" HEIGHT="54" WIDTH="115" VPOS="3628" HPOS="1578"/>
<SP HEIGHT="36" WIDTH="49" VPOS="3647" HPOS="1694"/>
<String CONTENT="use" HEIGHT="35" WIDTH="95" VPOS="3648" HPOS="1744"/>
<SP HEIGHT="54" WIDTH="47" VPOS="3632" HPOS="1840"/>
<String CONTENT="in" HEIGHT="54" WIDTH="59" VPOS="3632" HPOS="1888"/>
<SP HEIGHT="53" WIDTH="51" VPOS="3632" HPOS="1948"/>
<String CONTENT="high" HEIGHT="73" WIDTH="142" VPOS="3629" HPOS="2000"/>
</TextLine>
<TextLine HEIGHT="74" WIDTH="1997" VPOS="3702" HPOS="143" LANG="en-US" CS="1">
<String CONTENT="schools," HEIGHT="68" WIDTH="234" VPOS="3702" HPOS="143"/>
<SP HEIGHT="49" WIDTH="35" VPOS="3721" HPOS="378"/>
<String CONTENT="college" HEIGHT="68" WIDTH="209" VPOS="3702" HPOS="414"/>
<SP HEIGHT="35" WIDTH="33" VPOS="3723" HPOS="624"/>
<String CONTENT="short" HEIGHT="56" WIDTH="161" VPOS="3702" HPOS="658"/>
<SP HEIGHT="49" WIDTH="34" VPOS="3709" HPOS="820"/>
<String CONTENT="courses," HEIGHT="52" WIDTH="236" VPOS="3720" HPOS="855"/>
<SP HEIGHT="46" WIDTH="36" VPOS="3726" HPOS="1092"/>
<String CONTENT="and" HEIGHT="56" WIDTH="113" VPOS="3703" HPOS="1129"/>
<SP HEIGHT="53" WIDTH="34" VPOS="3703" HPOS="1243"/>
<String CONTENT="on" HEIGHT="34" WIDTH="71" VPOS="3722" HPOS="1278"/>
<SP HEIGHT="48" WIDTH="35" VPOS="3708" HPOS="1350"/>
<String CONTENT="the" HEIGHT="53" WIDTH="96" VPOS="3704" HPOS="1386"/>
<SP HEIGHT="52" WIDTH="35" VPOS="3705" HPOS="1483"/>
<String CONTENT="farm." HEIGHT="54" WIDTH="167" VPOS="3705" HPOS="1519"/>
<SP HEIGHT="52" WIDTH="72" VPOS="3708" HPOS="1687"/>
<String CONTENT="By" HEIGHT="68" WIDTH="91" VPOS="3708" HPOS="1760"/>
<SP HEIGHT="67" WIDTH="34" VPOS="3709" HPOS="1852"/>
<String CONTENT="Edward" HEIGHT="54" WIDTH="253" VPOS="3709" HPOS="1887"/>
</TextLine>
<TextLine HEIGHT="73" WIDTH="1925" VPOS="3778" HPOS="146" LANG="en-US" CS="1">
<String CONTENT="Richard" HEIGHT="55" WIDTH="251" VPOS="3778" HPOS="146"/>
<SP HEIGHT="54" WIDTH="27" VPOS="3779" HPOS="398"/>
<String CONTENT="Jones" HEIGHT="54" WIDTH="172" VPOS="3779" HPOS="426"/>
<SP HEIGHT="34" WIDTH="30" VPOS="3799" HPOS="599"/>
<String CS="1" CONTENT="&#8230;"/>
<SP HEIGHT="50" WIDTH="67" VPOS="3783" HPOS="688"/>
<String CONTENT="1st" HEIGHT="49" WIDTH="86" VPOS="3783" HPOS="756"/>
<SP HEIGHT="47" WIDTH="26" VPOS="3785" HPOS="843"/>
<String CONTENT="ed." HEIGHT="52" WIDTH="82" VPOS="3780" HPOS="870"/>
<SP HEIGHT="52" WIDTH="64" VPOS="3780" HPOS="953"/>
<String CONTENT="Madison," HEIGHT="66" WIDTH="283" VPOS="3780" HPOS="1018"/>
<SP HEIGHT="65" WIDTH="26" VPOS="3781" HPOS="1302"/>
<String CONTENT="Wis.," HEIGHT="69" WIDTH="159" VPOS="3781" HPOS="1329"/>
<SP HEIGHT="68" WIDTH="25" VPOS="3782" HPOS="1489"/>
<String CONTENT="The" HEIGHT="54" WIDTH="121" VPOS="3782" HPOS="1515"/>
<SP HEIGHT="35" WIDTH="29" VPOS="3802" HPOS="1637"/>
<String CONTENT="author," HEIGHT="66" WIDTH="222" VPOS="3785" HPOS="1667"/>
<SP HEIGHT="61" WIDTH="30" VPOS="3790" HPOS="1890"/>
<String CONTENT="1933." HEIGHT="52" WIDTH="150" VPOS="3790" HPOS="1921"/>
</TextLine>
<TextLine HEIGHT="51" WIDTH="1262" VPOS="3849" HPOS="212" LANG="en-US" CS="1">
<String CONTENT="197," HEIGHT="49" WIDTH="98" VPOS="3849" HPOS="212"/>
<SP HEIGHT="30" WIDTH="37" VPOS="3870" HPOS="311"/>
<String CS="1" CONTENT="[3]" HEIGHT="48" WIDTH="41" VPOS="3851" HPOS="362"/>
<SP HEIGHT="38" WIDTH="37" VPOS="3861" HPOS="404"/>
<String CONTENT="p." HEIGHT="38" WIDTH="44" VPOS="3861" HPOS="442"/>
<SP HEIGHT="42" WIDTH="62" VPOS="3850" HPOS="487"/>
<String CONTENT="illus." HEIGHT="41" WIDTH="128" VPOS="3850" HPOS="550"/>
<SP HEIGHT="49" WIDTH="28" VPOS="3850" HPOS="679"/>
<String CONTENT="(incl." HEIGHT="49" WIDTH="134" VPOS="3850" HPOS="708"/>
<SP HEIGHT="37" WIDTH="35" VPOS="3863" HPOS="843"/>
<String CONTENT="plans)" HEIGHT="49" WIDTH="165" VPOS="3851" HPOS="879"/>
<SP HEIGHT="47" WIDTH="42" VPOS="3852" HPOS="1045"/>
<String CONTENT="diagrs." HEIGHT="48" WIDTH="179" VPOS="3852" HPOS="1088"/>
<SP HEIGHT="39" WIDTH="59" VPOS="3854" HPOS="1268"/>
<String CS="1" CONTENT="20&#189;" HEIGHT="41" WIDTH="58" VPOS="3853" HPOS="1328"/>
<String STYLE="superscript" CONTENT="cm" HEIGHT="21" WIDTH="44" VPOS="3857" HPOS="1416"/>
<String CONTENT="." HEIGHT="9" WIDTH="9" VPOS="3886" HPOS="1465"/>
</TextLine>
<TextLine HEIGHT="51" WIDTH="1264" VPOS="3907" HPOS="213" STYLEREFS="StyleId-57977515-166A-422F-B792-64C24D68EA1B-" LANG="en-US">
<String CONTENT="&#8220;References&#8221;" HEIGHT="40" WIDTH="348" VPOS="3907" HPOS="213"/>
<SP HEIGHT="40" WIDTH="30" VPOS="3907" HPOS="562"/>
<String CONTENT="at" HEIGHT="37" WIDTH="52" VPOS="3910" HPOS="593"/>
<SP HEIGHT="38" WIDTH="29" VPOS="3910" HPOS="646"/>
<String CONTENT="end" HEIGHT="39" WIDTH="92" VPOS="3909" HPOS="676"/>
<SP HEIGHT="39" WIDTH="30" VPOS="3909" HPOS="769"/>
<String CONTENT="of" HEIGHT="40" WIDTH="54" VPOS="3908" HPOS="800"/>
<SP HEIGHT="39" WIDTH="27" VPOS="3908" HPOS="855"/>
<String CONTENT="most" HEIGHT="38" WIDTH="125" VPOS="3910" HPOS="883"/>
<SP HEIGHT="38" WIDTH="29" VPOS="3910" HPOS="1009"/>
<String CONTENT="of" HEIGHT="40" WIDTH="52" VPOS="3908" HPOS="1039"/>
<SP HEIGHT="41" WIDTH="31" VPOS="3908" HPOS="1092"/>
<String CONTENT="the" HEIGHT="41" WIDTH="82" VPOS="3908" HPOS="1124"/>
<SP HEIGHT="30" WIDTH="28" VPOS="3920" HPOS="1207"/>
<String CONTENT="chapters." HEIGHT="48" WIDTH="241" VPOS="3910" HPOS="1236"/>
</TextLine>
<TextLine HEIGHT="61" WIDTH="1993" VPOS="3963" HPOS="150" STYLEREFS="StyleId-57977515-166A-422F-B792-64C24D68EA1B-" LANG="en-US" CS="1">
<String CONTENT="&#169;" HEIGHT="51" WIDTH="52" VPOS="3963" HPOS="150"/>
<SP HEIGHT="51" WIDTH="34" VPOS="3963" HPOS="203"/>
<String CONTENT="Feb." HEIGHT="40" WIDTH="109" VPOS="3968" HPOS="238"/>
<SP HEIGHT="42" WIDTH="31" VPOS="3966" HPOS="348"/>
<String CONTENT="9." HEIGHT="42" WIDTH="40" VPOS="3966" HPOS="380"/>
<SP HEIGHT="39" WIDTH="33" VPOS="3969" HPOS="421"/>
<String CS="1" CONTENT="1933;" HEIGHT="40" WIDTH="113" VPOS="3967" HPOS="455"/>
<SP HEIGHT="47" WIDTH="34" VPOS="3966" HPOS="596"/>
<String CONTENT="2c." HEIGHT="42" WIDTH="67" VPOS="3966" HPOS="631"/>
<SP HEIGHT="30" WIDTH="32" VPOS="3978" HPOS="699"/>
<String CONTENT="and" HEIGHT="39" WIDTH="97" VPOS="3968" HPOS="732"/>
<SP HEIGHT="39" WIDTH="32" VPOS="3968" HPOS="830"/>
<String CONTENT="aff." HEIGHT="41" WIDTH="82" VPOS="3967" HPOS="863"/>
<SP HEIGHT="41" WIDTH="34" VPOS="3967" HPOS="946"/>
<String CONTENT="Feb." HEIGHT="41" WIDTH="111" VPOS="3967" HPOS="981"/>
<SP HEIGHT="38" WIDTH="33" VPOS="3970" HPOS="1093"/>
<String CONTENT="14;" HEIGHT="46" WIDTH="81" VPOS="3969" HPOS="1127"/>
<SP HEIGHT="47" WIDTH="35" VPOS="3968" HPOS="1209"/>
<!-- cceid 39F7E161-6CF9-1014-A6CF-A82867D68027 --><String CONTENT="A" HEIGHT="39" WIDTH="41" VPOS="3968" HPOS="1245"/>
<SP HEIGHT="40" WIDTH="31" VPOS="3968" HPOS="1287"/>
<String CONTENT="60247;" HEIGHT="49" WIDTH="170" VPOS="3968" HPOS="1319"/>
<SP HEIGHT="46" WIDTH="36" VPOS="3971" HPOS="1490"/>
<String CONTENT="E." HEIGHT="40" WIDTH="53" VPOS="3971" HPOS="1527"/>
<SP HEIGHT="40" WIDTH="34" VPOS="3971" HPOS="1581"/>
<String CONTENT="R." HEIGHT="42" WIDTH="55" VPOS="3971" HPOS="1616"/>
<SP HEIGHT="40" WIDTH="35" VPOS="3973" HPOS="1672"/>
<String CONTENT="Jones," HEIGHT="49" WIDTH="161" VPOS="3973" HPOS="1708"/>
<SP HEIGHT="46" WIDTH="34" VPOS="3976" HPOS="1870"/>
<String CONTENT="Madison," HEIGHT="50" WIDTH="238" VPOS="3974" HPOS="1905"/>
</TextLine>
<TextLine HEIGHT="50" WIDTH="437" VPOS="4023" HPOS="219" STYLEREFS="StyleId-57977515-166A-422F-B792-64C24D68EA1B-" LANG="en-US">
<String CONTENT="Wis." HEIGHT="41" WIDTH="116" VPOS="4023" HPOS="219"/>
<SP HEIGHT="49" WIDTH="70" VPOS="4023" HPOS="336"/>
<String CONTENT="(33-4432)" HEIGHT="50" WIDTH="249" VPOS="4023" HPOS="407"/>
</TextLine>
</TextBlock>
</PrintSpace>
</Page>
</Layout>
</alto>