2582 4453
1409 4031 105 58 744

509 426 1927 144 digest always to date … Compiled and edited by the publisher’s editorial
1054 508 153 60 staff,
1285 531 51 34 v.
1362 512 190 52 33-35.
1631 509 84 55 St.
1744 508 167 69 Paul,
1936 509 164 53 West
2125 506 337 71 publishing

511 614 77 35 co.
625 630 13 34 [
643 602 19 22 c
667 597 134 51 1933
809 627 12 34 ]

512 672 27 39 3
572 682 42 28 v.
675 669 56 42 26
734 672 43 21 cm
785 701 7 7 .

859 737 44 29 CONTENTS.—v.
931 725 75 41 33.
1034 722 344 44 Sales-Set-off
1406 723 95 41 and
1529 719 474 43 counterclaim.—v.
2032 717 72 42 34.
2136 716 207 44 Sheriffs
2371 720 93 38 and

445 783 767 49 constables-Supersedeas.—v.
1241 780 74 41 35.
1344 779 508 48 Taxation-Tenancy
1881 777 49 41 in
1961 786 231 31 common.

449 840 52 52 ©
532 845 113 46 May
674 841 70 48 22,
776 841 140 46 1933;
948 842 67 38 2c.
1045 839 119 42 each
1195 839 126 39 June
1351 838 81 46 13;
1466 835 109 43 affs.
1606 837 128 40 June
1763 837 82 45 14;
1880 835 40 40 A
1950 832 350 48 63246-63248;
2333 834 133 40 West

517 901 110 48 pub.
658 910 67 31 co.

441 990 191 54 South
663 994 243 50 western
933 991 277 67 reporter.
1275 985 221 56 Second
1525 986 188 53 series.
1777 983 173 56 Cases
1980 984 213 70 argued
2228 983 113 55 and
512 983 1929 140 determined
824 1069 61 52 in

913 1070 96 52 the
1041 1068 277 69 Supreme
1346 1070 189 51 courts
1564 1065 63 53 of
1656 1064 311 54 Arkansas.
1999 1063 293 64 Missouri,
513 1065 1928 153 Tennessee,
751 1148 113 53 and
895 1150 184 51 Texas;

1145 1148 210 55 Courts
1387 1146 63 53 of
1481 1145 235 70 appeals
1746 1144 64 53 of
1841 1144 308 68 Kentucky
2182 1144 113 52 and
514 1142 1926 141 Missouri;
736 1228 209 56 Courts
977 1228 64 52 of
1073 1225 136 56 civil
1241 1227 113 53 and
1387 1224 266 55 criminal
1688 1225 235 69 appeals
1957 1223 112 54 and
2104 1221 362 58 commission

515 1309 65 53 of
618 1310 237 69 appeals
895 1308 65 53 of
995 1310 205 57 Texas,
1240 1307 141 53 with
1420 1307 110 69 key
1567 1306 240 52 number
1848 1303 382 55 annotations,
2307 1320 52 37 v.
2401 1307 64 49 56

524 1388 131 69 (2d)
691 1386 562 72 February-March,
1281 1389 153 50 1933.
1512 1385 84 55 St.
1624 1386 169 66 Paul,
1817 1387 163 55 West
2002 1382 341 71 publishing
2368 1404 99 48 co.,

517 1472 134 50 1933

517 1544 137 47 xviii,
684 1544 115 39 1212
829 1554 41 37 p.
930 1543 56 40 26
990 1545 44 21 cm
1039 1575 7 9 .

452 1598 52 52 ©
534 1602 115 48 Apr.
678 1600 69 48 28,
778 1600 114 41 1933;
952 1601 67 39 2c.
1050 1600 96 41 and
1175 1599 81 40 aff.
1289 1600 114 47 May
1434 1600 52 38 11;
1547 1598 42 39 A
1618 1598 142 40 61761;
1823 1598 135 40 West
1989 1597 109 48 pub.
2130 1608 67 29 co.

445 1690 284 66 Sullivan,
761 1692 219 64 Frank,
1014 1696 172 51 1892-

518 1772 73 51 In
627 1789 106 36 one
767 1789 101 34 ear
907 1807 17 15 .…
1079 1769 78 69 [by]
1215 1768 201 54 Frank
1453 1767 284 56 Sullivan.
1810 1766 140 55 New
1989 1767 181 68 York,
2206 1767 123 54 The
446 1767 1999 152 Viking
620 1867 176 51 press,
829 1852 152 50 1933.

518 1920 842 53 vi, 169 p. front., illus. 21 ½cm .
454 1979 52 52 ©
540 1985 115 47 May
686 1982 69 42 15,
789 1981 141 41 1933:
965 1983 66 39 2c.
1067 1982 115 48 May
1215 1981 81 46 15;
1333 1979 82 41 aff.
1450 1979 114 49 May
1595 1979 83 47 16;
1714 1980 41 38 A
1787 1978 145 42 61817;
1997 1979 50 39 F.
2085 1976 236 44 Sullivan.
2355 1976 115 40 New

523 2041 143 41 York.
738 2039 283 50 (33-12763)

445 2118 302 65 Sweeney,
779 2118 280 54 Thomas.

525 2190 1944 75 Sunward, by Tom Sweeney … wood cuts by Bjorn Egeli.
452 2274 140 53 New
618 2272 181 69 York,
823 2273 261 67 London,
1108 2272 70 54 G.
1204 2273 63 52 P.
1295 2272 300 54 Putnam’s
1621 2289 147 50 sons,
1794 2272 152 53 1933.

523 2347 83 39 141
634 2357 44 38 p.
739 2347 128 40 illus.
928 2346 58 41 20½
1018 2349 45 21 cm
1067 2379 9 9 .

524 2403 185 43 Poems.

455 2459 52 52 ©
546 2464 114 46 Apr.
699 2462 69 43 28,
808 2461 142 42 1933:
991 2462 67 41 2c.
1099 2463 115 47 May
1253 2462 50 46 8;
1345 2461 83 40 aff.
1469 2461 114 49 May
1622 2462 82 45 13;
1745 2460 42 39 A
1825 2459 171 48 62662;
2038 2461 53 40 T.
2132 2461 53 38 B.
2229 2459 242 48 Sweeney,

523 2519 338 50 Washington.
934 2518 283 50 (33-12755)

449 2594 335 68 Valentine,
811 2597 158 53 John
999 2596 256 56 Marvin.

521 2674 203 55 World
756 2675 211 64 temple
997 2672 232 59 science,
1261 2674 128 52 “the
1419 2673 109 70 key
1558 2680 58 47 to
1647 2672 269 57 success”,
1944 2672 75 70 by
2049 2671 158 54 John
2237 2670 234 54 Marvin

453 2753 306 55 Valentine
852 2751 304 68 Trinidad,
1192 2752 140 68 Col.,
1365 2753 121 53 The
1518 2752 205 55 World
1755 2751 211 69 temple
1996 2751 214 54 science
2243 2752 228 70 society,

456 2836 150 50 1933.

523 2907 555 50 3 p. l., 213 p. 19½ cm .
457 2962 52 52 ©
544 2967 116 48 May
693 2966 40 45 3,
770 2966 140 42 1933:
947 2967 67 39 2c.
1051 2966 97 41 and
1183 2966 82 40 aff.
1303 2967 115 48 May
1452 2966 52 42 8:
1542 2967 42 38 A
1618 2966 171 47 62561;
1828 2967 43 40 J.
1908 2967 63 39 M.
2008 2966 272 43 Valentine,
524 2965 1933 104 Trinidad,
667 3023 100 42 Col.
838 3022 284 49 (33-12627)

451 3094 812 74 Villon, François, p . 1431.
527 3176 123 54 The
686 3176 173 71 lyrics
896 3176 65 54 of
998 3177 277 67 François
1313 3176 218 70 Villon,
1570 3178 146 54 done
1753 3179 123 53 into
1915 3177 249 71 English
2201 3196 156 37 verse
2397 3178 73 69 by

456 3253 299 71 Algernon
804 3255 238 55 Charles
1089 3254 360 70 Swinburne,
1493 3257 192 54 Dante
1730 3254 237 58 Gabriel
2013 3257 269 67 Rossetti,
457 3258 1990 128 William
628 3333 210 55 Ernest
867 3333 247 70 Henley,

1144 3335 155 53 John
1334 3334 199 70 Payne
1564 3335 113 53 and
1711 3334 209 55 Léonie
1954 3333 238 68 Adams,
2223 3336 141 53 with
2400 3353 73 35 an

458 3411 390 55 introduction
881 3412 78 69 by
986 3412 212 55 Léonie
1229 3413 250 56 Adams;
1514 3412 96 54 the
1642 3412 387 56 wood-blocks
2061 3419 99 48 cut
2188 3414 76 69 by
458 3414 1988 129 Howard
597 3488 215 58 Simon.
883 3489 216 56 Croton
1133 3491 178 67 Falls,
1342 3491 70 52 N.
1446 3491 91 65 Y.,
1568 3491 244 54 Printed
1849 3491 94 53 for
1974 3492 95 53 the
2100 3491 277 56 members
2409 3491 64 55 of

458 3569 96 53 the
580 3567 248 56 Limited
860 3568 245 55 editions
1134 3569 129 53 club
1287 3569 75 69 by
1388 3570 95 52 the
1513 3569 197 69 Spiral
1737 3586 175 54 press,
1943 3573 150 49 1933.

527 3639 866 54 4 p. l., 103, [1] p. illus. 29 ½c m .
534 3698 223 43 “Fifteen
802 3700 220 40 hundred
1067 3699 161 48 copies
1273 3701 53 39 of
1368 3700 100 40 this
1511 3699 123 40 book
1679 3710 126 31 were
1851 3700 195 47 printed
2092 3712 59 28 on
2198 3701 81 40 the
2324 3701 149 40 hand-

460 3752 2010 57 press … This copy is number Copyright copy and signed by Howard
460 3812 211 41 Simon.”

463 3867 52 52 ©
553 3872 110 48 Apr.
700 3872 68 43 25,
806 3872 140 41 1933:
985 3874 67 39 2c.
1089 3873 117 48 May
1238 3874 82 39 13:
1358 3873 82 39 aff.
1477 3873 128 40 June
1640 3874 52 40 6:
1733 3874 36 38 A
1808 3873 170 42 61805:
2020 3874 205 40 Limited
2264 3872 210 41 editions

531 3930 122 42 club,
692 3929 103 49 inc.,
831 3930 117 38 New
983 3930 143 40 York.
1198 3930 283 48 (33-12764)
