2582 4453
1322 4078 100 50 638

347 465 41 42 2.
421 463 119 52 ptie.
572 464 242 41 Horizons:
874 466 68 40 La
975 465 200 41 défense
1205 466 83 40 des
1317 465 109 41 vins
1457 467 58 39 de
1544 467 202 40 France.
1804 467 131 40 Pour
1962 468 71 39 les
2064 468 300 40 beaux-arts.

348 525 92 39 Les
473 524 218 40 théâtres
726 523 286 41 nationaux.
1075 525 66 39 Le
1173 524 233 48 chômage
1439 525 83 39 des
1555 525 217 40 artistes.
1835 525 69 38 La
1939 526 313 46 propagande
348 536 1998 86 nationale.
610 582 67 38 La
718 581 391 41 radiodiffusion.
1175 582 310 41 L’isolement
1523 583 134 39 rural
1695 584 46 38 et
1778 582 45 39 le
1858 580 255 49 téléphone
349 584 1997 103 automatique.
548 640 69 39 La
642 639 200 40 défense
866 640 58 39 de
949 650 86 29 nos
1061 640 210 40 stations
1298 640 278 40 thermales.
1634 638 326 49 L’expansion
1984 638 264 49 française.
2301 638 66 41 Le

348 697 245 48 problème
627 697 198 39 routier.
889 698 74 39 Un
996 707 307 38 programme
1334 698 122 39 dans
1490 708 94 29 une
1615 696 164 41 dévise:
1842 696 98 40 “La
1972 696 188 40 France
2191 694 175 50 guérit,

350 764 168 38 repose
555 757 48 38 et
640 754 246 41 distrait.”

353 808 52 53 ©
442 813 111 40 Feb.
589 813 71 47 24,
697 813 142 47 1932;
937 844 8 9 1c.
983 814 130 40 June
1147 814 83 46 21;
1268 814 103 39 A-
1373 813 209 48 Foreign
1619 813 172 46 17117;
1832 812 243 41 Librairie
2111 810 259 42 Hachette.

431 870 282 48 (33-11531)

347 972 203 66 Gates,
577 973 258 55 William
866 975 75 55 H.

418 1052 234 51 Hoover
687 1051 150 67 dam,
871 1051 302 70 including
1207 1053 96 52 the
1336 1057 159 65 story
1528 1051 65 54 of
1624 1053 97 52 the
1752 1048 298 57 turbulent
2085 1048 285 57 Colorado

350 1130 169 68 river,
547 1129 285 69 compiled
859 1131 75 69 by
961 1132 262 54 William
1251 1132 77 52 H.
1358 1130 175 56 Gates;
1593 1137 92 47 art
1711 1130 159 53 work
1894 1130 77 69 by
1997 1132 167 67 Tony
2189 1128 183 55 Mann

411 1207 1962 73 … Los Angeles, Calif., Published for Hoover dam scenic
350 1290 385 68 corporation,
767 1291 112 53 Las
912 1291 208 69 Vegas,
1153 1291 160 69 Nev.,
1344 1290 77 70 by
1451 1291 220 55 Wetzel
1703 1289 339 71 publishing
2073 1307 300 53 company,

352 1369 126 66 inc.,
511 1372 152 51 1932.

423 1444 58 40 88
509 1455 43 38 p.
585 1444 111 41 incl.
727 1444 151 40 front.
907 1444 79 47 (11
1019 1445 150 49 port.)
1209 1445 129 40 illus.
1400 1445 87 40 col.
1520 1445 172 49 plates,
1727 1455 125 37 map.
1913 1445 148 40 27½cm.

425 1503 131 39 “The
599 1502 242 41 statistics
883 1503 168 40 herein
1091 1502 228 42 included
1362 1502 245 50 referring
1646 1506 49 38 to
1736 1504 83 39 the
1861 1503 196 40 Hoover
2095 1502 114 40 dam
2249 1503 125 40 have

353 1561 117 39 been
502 1561 116 39 read
647 1561 97 39 and
773 1562 231 39 censored
1033 1561 61 48 by
1122 1562 83 40 the
1235 1561 55 41 U.
1323 1560 43 42 S.
1397 1561 326 48 Department
1751 1561 52 41 of
1832 1561 82 40 the
1943 1558 219 49 interior,
354 1560 2003 98 inspection
487 1628 76 31 no.
595 1618 159 48 71466,
787 1619 128 49 date,
949 1618 283 49 September
1262 1617 70 49 29,
1365 1618 159 41 1932.”

359 1671 52 53 ©
446 1677 112 40 Dec.
593 1677 69 46 15,
697 1676 141 47 1932;
875 1677 68 40 2c.
978 1677 109 39 Jan.
1123 1677 39 46 5,
1197 1677 142 47 1933;
1377 1677 82 40 aff.
1495 1677 112 41 Feb.
1642 1677 83 47 24;
1762 1677 41 39 A
1838 1676 171 48 60369;
2046 1676 186 42 Wetzel
2265 1674 111 50 pub.

424 1745 83 35 co.,
539 1734 92 40 inc.
702 1734 283 49 (33-11617)

354 1837 253 66 Gordon,
638 1839 222 54 Ernest
887 1839 251 65 Barron,
1170 1840 174 56 1867-

424 1917 122 53 The
590 1916 108 69 dry
740 1915 147 70 fight
929 1917 62 53 in
1033 1918 234 67 Europe
1310 1919 112 52 and
1466 1917 74 55 its
1583 1917 246 54 relation
1870 1922 60 48 to
1972 1915 287 70 America,
2297 1916 78 70 by

356 1994 2020 70 Ernest Gordon … Takoma Park, D. C., Woman’s national
355 2074 322 56 committee
733 2075 94 54 for
882 2076 111 53 law
1049 2075 406 70 enforcement,
1508 2075 389 71 Washington
1952 2075 214 71 college
2219 2094 158 51 press

360 2159 195 65 [c1933]

428 2230 615 49 3 p. l., 9-246 p. 19½ cm .
430 2290 225 39 Includes
690 2288 368 42 “References”.

363 2342 52 53 ©
444 2348 114 47 Apr.
588 2349 68 46 13,
685 2347 114 41 1933;
858 2348 67 40 2c.
955 2348 97 39 and
1082 2347 82 42 aff.
1194 2349 114 47 Apr.
1338 2349 55 39 17;
1452 2348 41 39 A
1522 2348 148 41 62168;
1727 2350 53 38 E.
1812 2349 208 47 Gordon,
2051 2349 120 40 New
433 2349 1930 103 Hampton,
564 2406 56 39 N.
653 2406 60 38 H.
786 2405 283 47 (33-11684)

359 2496 283 65 Graham,
674 2496 213 57 Lewis.

359 2574 1994 142 The great I am, by Lewis Graham. New York, The Macaulay company [ c 1933]
429 2728 90 41 256
548 2740 44 37 p.
653 2727 147 42 19½cm.

366 2781 52 53 ©
447 2787 112 47 Apr.
588 2787 70 47 27,
687 2786 114 41 1933;
859 2787 66 39 2c.
956 2786 94 40 and
1080 2786 82 41 aff.
1192 2787 113 48 Apr.
1335 2786 59 41 29;
1448 2787 41 39 A
1519 2788 145 40 62427;
1723 2788 261 49 Macaulay
2013 2799 68 30 co.

444 2845 283 47 (33-11626)

361 2936 256 66 Grange,
651 2936 257 55 William
942 2937 223 55 James.

432 3013 188 65 Wills,
657 3020 290 47 executors
983 3016 114 52 and
1133 3018 236 49 trustees;
1439 3033 31 33 a
1507 3014 275 68 practical
1819 3014 160 54 work
2015 3032 71 34 on
2121 3014 97 54 the
2251 3014 129 71 law,

364 3091 342 69 accounting
744 3092 112 52 and
896 3090 259 55 taxation
1197 3092 64 52 of
1299 3097 201 49 estates
1541 3092 113 54 and
1694 3092 551 68 trusts—including
2285 3092 97 54 the

365 3169 150 53 bank
547 3169 111 55 and
689 3175 149 48 trust
871 3187 279 51 company
1183 3189 60 36 as
1275 3190 31 33 a
1338 3168 297 70 fiduciary,
1664 3170 74 69 by
1770 3169 260 54 William
2060 3170 55 54 J.
2150 3169 231 69 Grange

427 3246 1953 71 … Walter A. Staub … Eugene G. Blackford … New York,
366 3325 120 53 The
516 3325 227 53 Ronald
776 3343 156 50 press
961 3343 281 51 company
1276 3360 13 35 [
1294 3332 18 22 c
1317 3328 154 66 1933]

435 3395 134 50 xxxi,
600 3397 85 41 844
717 3407 42 37 p.
791 3397 109 41 incl.
930 3397 169 42 forms.
1159 3397 57 40 22
1218 3399 44 22 cm
1267 3429 9 10 .

371 3452 52 53 ©
453 3458 113 47 Apr.
595 3458 69 42 25,
694 3457 141 46 1933;
867 3458 67 40 2c.
964 3459 94 39 and
1090 3457 80 40 aff.
1201 3458 114 48 Apr.
1345 3457 83 47 28;
1459 3458 41 39 A
1529 3458 172 48 62380;
1734 3459 192 40 Ronald
1955 3467 139 40 press
2121 3470 67 30 co.

449 3514 282 48 (33-11563)

367 3604 198 66 Greig,
597 3607 250 63 Maysie.

438 3683 55 52 A
530 3683 111 53 bad
684 3682 114 69 girl
838 3684 186 53 leaves
1064 3687 150 49 town
1281 3682 93 70 [by]
1418 3683 225 69 Maysie
1681 3682 196 71 Greig.
1954 3682 233 57 Garden
2229 3681 156 72 City,

370 3764 67 53 N.
468 3762 90 66 Y.,
585 3763 358 67 Doubleday,
970 3764 200 53 Doran
1196 3766 46 50 &
1267 3782 298 51 company,
1592 3764 126 68 inc.,
1747 3767 150 53 1933.

441 3836 556 50 5 p. l , 305 p. 19½cm.
442 3895 162 41 “First
632 3895 228 41 edition.”

375 3948 52 53 ©
460 3954 115 47 May
603 3953 39 44 3,
674 3953 114 40 1933;
849 3953 67 41 2c.
949 3954 94 39 and
1075 3953 82 41 aff.
1192 3955 113 46 May
1337 3953 26 40 5;
1423 3953 39 39 A
1495 3952 146 41 61639;
1701 3954 300 47 Doubleday,
2035 3955 165 40 Doran
2234 3954 37 40 &
2301 3962 83 41 co.,

443 4010 89 40 inc.
604 4010 282 48 (33-11630)
