2582 4453
1357 4099 135 53 1744

479 498 31 28 x
537 498 58 38 p.,
623 488 25 38 1
712 519 8 14 l.,
749 486 84 42 135
861 498 44 38 p.
967 486 165 48 front.,
1162 488 128 40 illus.
1351 487 147 41 30½cm.

481 545 164 40 “First
679 544 230 43 edition.”

481 601 414 49 Contents.—pt.
922 600 41 41 1.
987 603 37 38 A
1051 603 122 40 book
1196 602 51 39 of
1271 602 445 49 instruction.—pt.
1741 602 43 41 2.
1806 604 37 37 A
1867 603 235 49 portfolio
2122 605 52 40 of
2191 606 236 41 sketches.

410 658 52 52 ©
488 662 118 40 Nov.
633 660 71 49 20,
729 660 114 41 1933;
899 662 65 39 2c.
994 662 95 39 and
1116 660 83 41 aff.
1226 661 118 40 Nov.
1370 661 83 47 23;
1483 662 41 38 A
1549 661 172 48 67223;
1751 662 196 48 Harper
1974 662 39 40 &
2036 663 127 40 bros.

487 718 283 49 (33-37455)

409 823 175 65 Hart,
610 822 209 65 Henry
846 823 252 64 Hersch,
1127 840 162 49 comp.
1337 823 115 53 and
1481 830 68 47 tr.

477 898 123 55 The
640 898 265 54 hundred
945 918 213 48 names,
1198 918 31 34 a
1271 900 161 52 short
1474 899 396 54 introduction
1911 906 58 47 to
2012 900 95 53 the
2150 900 172 70 study
2366 898 64 54 of

408 975 243 56 Chinese
697 982 223 65 poetry,
963 978 142 53 with
1149 977 350 54 illustrative
1543 977 394 69 translations,
1981 978 78 70 by
2101 978 206 70 Henry
2350 978 78 52 H.

407 1054 1913 73 Hart … Berkeley, University of California press, 1933.
476 1129 27 39 4
531 1140 44 38 p.
624 1161 22 16 l.,
677 1129 85 41 231
792 1140 44 38 p.
897 1129 116 41 20cm.

477 1185 380 50 Bibliography:
889 1197 43 38 p.
964 1186 218 42 215-223.

411 1242 52 53 ©
489 1247 120 41 Nov.
636 1246 69 48 28,
733 1246 114 41 1933;
903 1246 70 42 2c.
1000 1247 113 40 Dec.
1139 1247 55 47 4;
1224 1245 81 41 aff.
1334 1246 114 42 Dec.
1476 1246 81 48 11;
1587 1246 42 40 A
1655 1246 173 48 67486;
1858 1247 214 49 Regents
2101 1247 52 41 of
2181 1248 85 40 the
2291 1247 141 41 Univ.

482 1305 51 39 of
560 1305 291 47 California,
880 1305 252 47 Berkeley,
1161 1304 145 41 Calif.
1379 1304 283 49 (33-37675)

410 1404 280 69 Hedrick,
722 1407 250 64 Ulysses
1003 1408 293 65 Prentiss,
1331 1407 173 54 1870-

480 1486 55 52 A
565 1486 226 69 history
819 1485 64 55 of
911 1486 353 68 agriculture
1294 1487 61 53 in
1382 1487 97 53 the
1508 1491 147 49 state
1684 1486 64 54 of
1775 1487 142 53 New
1946 1487 181 67 York,
2155 1487 78 68 by
411 1486 1997 132 Ulysses
547 1564 261 55 Prentiss
859 1564 290 68 Hedrick;
1204 1565 386 53 illustrations
1639 1566 241 53 selected
1933 1565 75 68 by
2059 1566 96 53 the
2209 1566 225 53 author.

415 1642 271 70 [Albany]
720 1643 246 53 Printed
996 1643 94 54 for
1122 1645 97 52 the
1249 1645 141 53 New
1423 1645 163 53 York
1615 1650 147 48 state
1793 1645 379 69 agricultural
2202 1646 231 68 society,

411 1725 153 51 1933.

483 1795 1773 51 xiii p., 1 l., 462 p. front., illus., plates, ports., maps. 23½cm.
485 1852 226 42 Lettered
742 1865 59 30 on
828 1864 169 31 cover:
1034 1854 261 41 Published
1327 1855 59 47 by
1415 1856 82 40 the
1526 1857 143 39 state.

483 1910 190 42 “Books
703 1911 188 49 helpful
922 1914 48 39 to
1000 1913 83 40 the
1114 1911 208 41 author”
1343 1923 8 28 :
1383 1923 42 38 p.
1455 1912 219 41 445-450.

413 1967 52 52 ©
506 1971 103 41 Oct.
647 1971 70 47 30,
758 1970 141 47 1933;
940 1971 68 39 2c.
1047 1971 119 39 Nov.
1205 1971 53 45 2;
1301 1970 83 40 aff.
1424 1971 118 40 Nov.
1582 1971 53 46 3;
1677 1972 43 38 A
1758 1971 171 46 68396;
1974 1972 199 48 Ulysses
2214 1972 221 42 Prentiss

482 2028 218 40 Hedrick
725 2028 78 40 for
831 2028 85 40 the
940 2028 118 39 New
1084 2028 133 40 York
1244 2030 129 38 state
1401 2028 325 48 agricultural
1755 2040 107 36 soc.,
1894 2029 208 48 Geneva,
2131 2030 56 41 N.
2215 2030 55 41 Y.

491 2085 283 51 (33-36960)

413 2191 278 64 Howard,
718 2193 139 52 Mrs.
887 2189 195 54 Annie
1110 2189 254 56 Shillito.

481 2268 1948 69 Mobilienne, by Annie Shiliito Howard … [Mobile, Ala.,
412 2348 169 53 Press
607 2347 64 53 of
699 2347 122 56 Gill
849 2348 266 68 printing
1142 2350 51 50 &
1221 2347 317 69 stationery
1566 2367 300 49 company,
1895 2352 175 63 c1933]

485 2423 83 50 [37]
605 2434 43 37 p.
711 2424 172 47 plates.
948 2422 115 39 24cm.

484 2480 163 40 “First
675 2479 186 41 edition
890 2479 50 40 of
967 2479 87 40 200
1083 2478 176 49 copies,
1289 2477 159 42 1933.”

485 2536 369 41 “Illustrations
887 2537 128 39 from
1048 2547 91 37 pen
1173 2536 95 40 and
1303 2536 84 39 ink
1420 2536 224 40 sketches
1679 2537 60 47 by
1774 2536 216 40 William
2026 2536 56 39 D.
2118 2535 262 41 Howard.”

485 2595 131 38 “The
645 2604 143 30 cover
817 2594 309 40 illustration
1157 2595 160 39 shows
1349 2605 27 29 a
1409 2597 143 45 panel
1584 2594 52 40 of
1666 2593 107 41 iron
1806 2593 134 40 work
1974 2605 60 29 on
2067 2594 80 40 the
2179 2591 257 42 Richard's

410 2652 153 47 home,
594 2652 157 40 North
782 2652 224 39 Joachim
1037 2651 196 40 street.”

488 2708 419 49 “Reproductions
935 2709 62 47 by
1027 2708 117 40 Gulf
1174 2711 155 38 states
1358 2707 268 49 engraving
1654 2707 280 49 company.”

416 2761 52 52 ©
505 2767 120 40 Nov.
662 2766 69 47 16,
769 2766 113 40 1933;
949 2767 68 40 2c.
1054 2767 119 39 Nov.
1210 2765 84 43 21;
1335 2765 82 41 aff.
1455 2766 117 39 Nov.
1611 2766 83 46 20;
1735 2765 40 39 A
1812 2764 172 43 68215;
2024 2766 54 39 A.
2121 2765 42 40 S.
2204 2765 231 45 Howard,

483 2824 192 41 Mobile.
748 2823 283 46 (33-37430)

413 2925 308 69 Hubbard,
754 2927 226 66 Elbert,
1017 2930 329 51 1856-1915.

485 3004 204 54 Elbert
725 3004 288 54 Hubbard
1054 3004 232 70 speaks;
1330 3004 173 70 being
1542 3023 31 34 a
1613 3003 269 54 selection
1924 3003 63 54 of
2027 3001 403 70 inspirational

414 3100 207 53 essays,
659 3084 135 53 each
833 3083 231 53 written
1105 3084 58 52 in
1204 3083 95 53 the
1338 3082 173 54 white
1550 3083 133 53 heat
1724 3081 63 55 of
1828 3083 257 68 inspired
2127 3082 164 53 heart
414 3081 1996 149 impulses.
688 3162 143 54 East
860 3161 250 68 Aurora,
1138 3162 71 53 N.
1242 3162 92 68 Y.,
1365 3162 122 52 The
1517 3159 377 71 Roycrofters
1931 3163 175 65 [c1933]

485 3235 746 49 2 p. l., 7-142 p., 1 l. 19½cm.
488 3292 289 42 Illustrated
811 3293 365 47 lining-papers.

487 3349 163 41 “First
679 3349 263 49 printing.”

418 3405 52 52 ©
499 3409 120 41 Nov.
647 3409 39 45 8,
716 3408 141 48 1933;
889 3409 68 40 2c.
986 3410 94 39 and
1112 3408 82 41 aff.
1223 3409 119 40 Nov.
1370 3407 53 48 9;
1456 3409 40 37 A
1525 3408 171 47 67414;
1729 3407 334 49 Roycrofters,
2093 3408 91 39 inc.

495 3466 282 50 (33-37679)

415 3569 200 66 Jones,
645 3570 265 64 Stephen
942 3570 232 66 Alfred,
1209 3573 172 50 1864-

484 3650 60 52 Is
579 3648 232 53 fascism
842 3648 94 53 the
970 3647 253 54 answer?
1295 3646 204 69 Italy’s
1530 3648 110 52 law
1672 3647 64 53 of
1767 3647 96 54 the
1893 3645 204 55 unions
2130 3645 304 68 compared

415 3723 2020 73 with the N. R. A., by S. Alfred Jones … Hamilton, Can.,
413 3806 415 54 Davis-Lisson
861 3807 243 64 limited,
1141 3809 151 50 1933.

486 3880 1098 51 4 p. l., [11]-226 p., 1 l. pl., ports. 21cm.
419 3936 1997 108 © 1c. Nov. 15, 1933; A ad int. 18342; pubd. Nov. 11; S. A. Jones, Brantford, Ontario, Canada. (33-37472)
