2597 4403
1377 4076 32 49 266

406 400 277 65 Mondon,
713 387 211 69 Émile.

478 476 486 53 Assainissement
996 478 234 68 général
1266 477 96 53 des
1397 477 163 54 villes
1596 483 56 48 et
1684 478 97 53 des
1816 477 208 69 petites
2058 476 371 55 collectivités

472 543 1958 82 … par Émile Mondon … t. 2. Collecte et traitement des
409 635 229 53 déchets
667 634 209 54 solides
905 640 56 49 et
990 653 234 51 gazeux.
1301 635 186 70 Paris,
1517 635 233 70 Dunod,
1782 638 152 53 1933.

483 709 1175 50 3 p. l., 395 p. illus., tables, diagrs. 25 ½ cm.
415 763 51 53 ©
492 768 120 40 Nov.
636 767 70 48 30,
733 766 113 41 1932;
963 800 7 7 1c.
998 768 112 40 Feb.
1136 767 70 49 10,
1232 767 115 41 1933;
1402 768 104 39 A-
1508 768 207 48 Foreign
1742 766 171 49 19730;
1943 767 191 42 Dunod.

412 860 220 63 Moore,
664 857 193 55 David
886 857 264 66 Presley.

483 935 123 53 The
647 936 162 68 place
852 934 96 55 for
988 936 96 53 the
1127 936 225 69 Negro;
1397 955 82 49 or,
1522 937 257 66 Heaven,
1820 937 116 52 hell
1981 955 64 35 or
2088 935 228 68 Africa,
2355 936 76 68 by

416 1012 2018 71 David Presley Moore … Prichard, Ala., Lowrey printing
411 1111 80 36 co.
529 1096 175 65 [1933]

485 1165 289 50 cover-title,
802 1166 56 41 63
885 1177 44 39 p.
990 1165 117 43 22cm.

417 1220 51 53 ©
506 1225 110 40 Feb.
653 1226 69 39 11.
757 1223 143 48 1933;
936 1223 68 43 2c.
1039 1225 97 39 and
1171 1223 82 41 aff.
1290 1224 113 41 Feb.
1437 1224 84 48 25;
1560 1225 40 38 A
1635 1223 171 49 59776;
1844 1225 59 40 D.
1938 1225 52 40 P.
2027 1226 178 46 Moore,
2243 1224 190 49 Mobile,

484 1283 105 39 Ala.
663 1281 253 48 (33-5925)

412 1378 230 65 Moran,
671 1377 264 56 Thomas
962 1376 267 67 Francis,
1296 1381 295 53 1866-1928.

486 1454 310 55 American
841 1455 353 69 presidents;
1241 1456 153 54 their
1436 1456 465 55 individualities
1947 1457 115 54 and
2107 1457 152 54 their

414 1475 1996 127 contributions to American progress, by Thomas Francis Moran …
415 1610 141 53 New
598 1612 104 67 ed.,
742 1630 116 35 rev.
901 1613 114 52 and
1056 1613 108 53 enl.
1205 1613 76 67 by
1322 1612 176 54 Louis
1539 1612 222 54 Martin
1806 1613 185 55 Sears.
2069 1614 142 53 New
2254 1613 182 54 York.

414 1689 251 53 Thomas
697 1690 71 54 Y.
800 1690 248 56 Crowell
1078 1709 284 50 company
1395 1694 197 65 [c1933]

487 1764 86 49 xii,
602 1763 87 42 318
717 1775 45 39 p.
822 1763 166 48 front.,
1018 1765 151 49 ports.
1229 1763 119 42 21cm.

492 1819 168 42 “Fifth
685 1820 224 50 printing;
964 1821 135 41 third
1124 1820 223 51 printing
1374 1821 53 41 of
1454 1821 190 42 revised
1671 1822 230 42 edition.”

419 1876 2019 52 © Mar. 7, 1933; 2c. and aff. Mar. 10; A 59821; Thomas Y. Crowell co.
497 1936 253 50 (33-5926)

414 2034 261 65 Mosher,
704 2031 260 58 William
994 2033 265 65 Eugene,
1289 2033 173 57 1877-

486 2111 210 55 Public
727 2110 203 71 utility
961 2111 347 70 regulation,
1340 2111 77 70 by
1449 2112 265 55 William
1747 2112 68 54 E.
1849 2113 235 55 Mosher
2117 2114 116 54 and
2267 2112 173 55 Finla

417 2189 2026 72 G. Crawford … New York and London, Harper & brothers,
449 2273 120 52 1933.

487 2343 117 50 xvii,
637 2343 88 42 612
753 2354 43 39 p.
857 2343 183 49 diagrs.
1099 2343 118 41 24cm.

489 2400 276 49 “Prepared
796 2401 157 40 under
981 2400 84 41 the
1095 2399 226 50 auspices
1351 2400 52 41 of
1432 2400 84 41 the
1547 2400 173 42 School
1748 2400 53 42 of
1830 2399 293 50 citizenship
2150 2401 97 41 and
2278 2399 163 52 public

417 2457 174 42 affairs
621 2458 53 42 of
704 2458 240 49 Syracuse
973 2456 516 50 university.”—Pref.

489 2514 302 50 Companion
827 2514 194 42 volume
1057 2516 50 40 to
1147 2514 86 42 the
1267 2513 222 42 author’s
1526 2513 264 43 Electrical
1827 2513 225 51 utilities,
2089 2514 86 43 the
2209 2513 144 43 crisis
2389 2514 51 42 in

418 2571 162 50 public
609 2571 202 41 control,
901 2572 35 48 of.
967 2570 133 43 Pref.

491 2627 164 42 “First
682 2627 233 42 edition.”

489 2684 382 49 Bibliography:
899 2694 46 39 p.
973 2682 219 44 569-589.

423 2739 52 52 ©
507 2743 113 40 Feb.
650 2742 69 49 24,
779 2742 114 47 1933;
924 2741 68 42 2c.
1024 2741 113 42 Feb.
1167 2742 84 47 24;
1285 2740 81 42 aff.
1401 2742 111 41 Feb.
1542 2740 84 49 28;
1659 2741 41 40 A
1730 2741 172 48 59708;
1937 2742 195 48 Harper
2163 2742 36 40 &
2230 2742 125 40 bros.

501 2800 253 48 (33-6032)

420 2900 371 69 Mugglebee,
820 2904 186 65 Ruth,
1039 2908 174 51 1903-

492 2980 218 54 Father
741 2979 292 72 Coughlin
1064 2980 66 55 of
1157 2981 97 53 the
1287 2979 210 57 Shrine
1527 2980 66 55 of
1620 2981 96 53 the
1746 2979 181 55 Little
1957 2980 256 69 Flower;
2248 2999 74 35 an
422 2998 1995 115 account

629 3058 65 55 of
729 3061 95 52 the
858 3058 125 70 life,
1017 3059 161 54 work
1214 3061 113 52 and
1364 3077 255 52 message
1654 3058 65 55 of
1755 3059 300 54 Reverend
2093 3058 242 56 Charles
2370 3058 70 55 E.

423 3136 310 71 Coughlin,
764 3138 77 69 by
872 3137 161 54 Ruth
1064 3137 371 70 Mugglebee;
1471 3137 141 54 with
1648 3156 30 35 a
1714 3136 290 55 foreword
2037 3138 77 69 by
2147 3137 155 54 Hon.

424 3136 1993 133 Alfred
582 3216 67 53 E.
679 3215 194 56 Smith
899 3218 113 52 and
1040 3235 73 34 an
1139 3215 395 55 introduction
1560 3216 76 69 by
1661 3215 217 55 Robert
1906 3216 68 54 E.
2001 3216 220 70 Rogers;

423 3215 1994 133 illustrated
641 3294 156 54 from
822 3294 252 70 original
1100 3294 415 70 photographs.
1581 3295 237 68 Boston,
1844 3294 66 55 L.
1940 3293 62 56 C.
2033 3295 159 69 Page
2219 3294 47 52 &
426 3311 1992 130 company
612 3375 175 65 [1933]

495 3447 83 44 xii,
607 3446 85 40 321
722 3456 42 38 p.
825 3446 162 48 front.,
1016 3445 172 49 plates,
1217 3447 151 47 ports.
1428 3446 117 41 21cm.

428 3500 52 52 ©
515 3504 111 40 Feb.
659 3505 68 43 11,
762 3503 140 44 1933;
938 3504 68 41 2c.
1039 3506 95 39 and
1169 3503 84 43 aff.
1287 3505 111 40 Feb.
1431 3504 83 48 20;
1549 3505 42 39 A
1624 3504 170 49 59608;
1829 3505 52 42 L.
1916 3504 48 42 C.
2000 3505 131 47 Page
2162 3504 37 41 &
2232 3514 82 38 co.,
2349 3504 92 41 inc.

506 3562 254 49 (33-5851)

425 3662 177 67 Muir,
630 3664 337 66 Augustus,
999 3668 172 52 1892-

497 3741 123 53 The
652 3741 147 52 dark
831 3741 333 66 adventure,
1196 3743 76 68 by
1303 3742 298 68 Augustus
1634 3742 177 54 Muir.
1878 3742 140 53 New
2053 3742 182 66 York,
2269 3741 70 56 G.
2372 3742 69 52 P.

425 3819 299 55 Putnam’s
753 3839 148 46 sons,
969 3824 118 50 1933.

499 3892 596 50 4 p. l ., 3-278 p. 19cm.
431 3946 52 52 ©
518 3952 120 38 Mar.
673 3952 39 41 7,
744 3950 141 48 1933;
918 3951 70 41 2c.
1021 3952 121 38 Mar.
1177 3950 53 47 9;
1267 3950 82 42 aff.
1383 3952 122 40 Mar.
1539 3951 52 48 8;
1627 3951 41 39 A
1700 3949 171 50 59820;
1906 3951 55 40 A.
1997 3950 144 48 Muir,
2178 3950 263 47 Stortford,

501 4008 167 46 Essex,
695 4009 238 47 England.
1004 4007 253 49 (33-5776)
