2484 4405
1021 4005 101 47 943

124 423 1933 82 ing 1933 only … Northport, N. Y., Edward Thompson
125 532 306 50 company;
487 512 116 55 San
653 509 322 58 Francisco,
1027 508 196 66 Calif.,
1275 503 585 69 Bancroft-Whitney
125 520 1908 141 company;
342 591 325 65 Rochester,
700 590 68 53 N.
805 591 90 64 Y.,
931 588 119 52 The
1085 588 267 65 Lawyers
1388 581 381 70 co-operative
124 581 1908 159 publishing
251 687 296 50 company,
577 670 151 52 1933.

127 745 58 40 10
210 754 43 30 v.
313 744 56 40 24½
402 745 43 21 cm
450 775 9 8 .

131 801 154 41 These
314 799 275 49 pamphlets
619 809 84 30 are
734 799 49 40 to
813 798 57 38 be
900 796 139 40 fitted
1069 795 104 40 into
1206 795 81 42 the
1318 794 197 48 pockets
1546 793 55 39 at
1631 792 82 40 the
1743 790 123 41 back
1897 790 51 41 of
1980 790 83 40 the

60 858 215 41 volumes
303 857 52 41 of
383 857 81 40 the
490 857 75 40 set
592 858 51 39 to
669 854 158 42 which
856 855 114 47 they
997 854 184 46 belong.

64 924 52 52 ©
143 927 113 49 Apr.
283 928 70 45 27,
381 927 141 45 1933;
550 926 68 40 2c.
645 925 118 41 each
790 924 95 40 and
913 922 81 41 aff.
1024 924 117 46 May
1166 922 80 45 10;
1279 922 42 38 A
1346 920 169 46 63469;
1548 920 212 40 Edward
1788 918 276 47 Thompson

132 994 80 38 co.,
238 983 228 48 Lawyers
491 981 323 50 co-operative
838 981 108 48 pub.
973 991 65 29 co.
1066 981 96 38 and
1187 977 489 49 Bancroft-Whitney
1701 986 67 33 co.
1835 971 69 53 [©
132 973 1914 109 additions
288 1041 95 39 and
412 1039 251 49 revisions]

57 1144 316 64 Saunders,
404 1143 163 53 Ruth
595 1142 315 54 Thomson.

66 1210 1998 234 The book of artists’ own bookplates, by Ruth Thomson Saunders … illustrations from fourteen countries through the courtesy of the Bookplate association international. Claremont,
67 1452 194 70 Calif.,
292 1452 288 56 Saunders
609 1449 188 57 studio
829 1469 173 50 press,
1034 1453 151 50 1933.

136 1523 70 41 xii
239 1535 57 37 p.,
331 1524 24 39 1
411 1556 22 16 l.,
467 1524 69 47 87,
574 1525 53 48 [1]
664 1534 42 38 p.
742 1522 110 43 incl.
885 1524 86 39 col.
1005 1524 231 40 mounted
1268 1523 164 47 front.,
1470 1523 128 39 illus.
1628 1522 135 49 (part
1799 1520 254 47 mounted)

66 1580 527 43 2 pl. on 1 l. 19½ cm .
140 1637 238 42 “Limited
406 1641 48 37 to
483 1637 86 41 360
597 1637 261 40 numbered
889 1638 95 39 and
1016 1636 169 48 signed
1216 1636 158 49 copies
1404 1636 52 40 of
1487 1636 157 40 which
1673 1635 98 40 this
1804 1636 40 40 is
1876 1647 59 28 no
1964 1633 98 43 37.”

69 1694 203 49 Signed:
306 1695 134 40 Ruth
471 1695 243 39 Thomson
749 1694 259 41 Saunders.

69 1748 1998 56 © June 9. 1933; 2c. June 19; aff. June 17; A 64145; R. T. Saunders,
140 1811 290 49 Claremont,
465 1811 143 41 Calif.
681 1810 279 50 (33-16616)

64 1912 283 66 Siemens,
377 1914 141 54 Otto
546 1915 151 52 Ferd
724 1915 73 53 H.
824 1914 83 66 L.,
939 1914 173 54 1879-

200 1988 1866 73 … Die gesetze des erfolgs; das stufenbuch des überlegenen
66 2070 317 69 menschen,
423 2069 455 69 herausgegeben
922 2088 111 34 von
1075 2071 99 51 der
1218 2066 584 57 wissenschaftlichen
1844 2067 222 68 leitung

70 2147 99 53 der
222 2145 904 70 Siemens-studien-gesellschaft
1175 2146 98 54 für
1325 2145 466 68 psychologische
66 2145 1976 133 Wissenschaften

359 2222 1566 71 e. v. … Bad Homburg v. d. H., Siemens [ c 1932 ]
143 2296 765 52 10 pt. illus., diagrs. 19 ½ cm .
142 2353 63 43 At
231 2354 125 40 head
384 2354 51 40 of
460 2353 136 42 title:
626 2352 229 45 Siemens.

144 2409 226 43 Lettered
406 2423 58 29 on
499 2421 169 31 cover:
703 2408 367 51 Überlegenheit
1107 2410 153 42 durch
1295 2411 78 41 die
1406 2412 189 48 gesetze
1629 2411 85 41 des
1749 2408 202 53 erfolgs!

145 2466 239 42 Unbound
418 2467 289 49 pamphlets,
740 2469 155 47 paged
930 2466 356 50 continuously,
1322 2467 233 49 provided
1588 2468 119 40 with
1745 2468 149 42 board
1930 2479 140 31 cover

73 2526 97 40 and
196 2524 93 51 slip
315 2535 125 31 case.

144 2580 123 44 Text
295 2593 59 30 on
378 2593 45 38 p.
447 2581 28 40 2
501 2581 52 42 of
578 2590 155 34 cover.

147 2637 431 51 “Prüfungsboden
610 2636 84 42 für
724 2638 89 41 das
845 2638 272 41 vollendete
1148 2638 217 42 Studium
1397 2639 83 40 des
1516 2637 551 54 Siemens-lehrgangs”:

74 2696 25 38 2
126 2695 162 43 leaves
315 2696 101 40 laid
445 2696 64 40 in.

77 2746 1997 58 © Dec. 10, 1932; 1c. Mar. 30, 1933 ; A -Foreign 20413; Siemens-verlags-
141 2810 315 49 gesellschaft
535 2843 9 9 m.
573 2810 40 39 b.
643 2810 61 48 h.,
734 2809 250 47 Homburg
1012 2820 41 29 v.
1086 2810 44 39 d.
1159 2809 74 47 H.,
1267 2809 255 48 Germany.

156 2867 279 49 (33-15951)

71 2966 266 68 Sinclair,
363 2970 199 62 Upton
589 2968 180 64 Beall,
800 2970 171 54 1878-

148 3046 120 54 The
301 3063 125 50 way
459 3050 125 47 out:
617 3045 154 55 what
805 3047 101 52 lies
940 3046 179 53 ahead
1156 3045 93 56 for
1283 3044 281 71 America,
1596 3045 74 69 by
1706 3046 201 68 Upton
78 3045 1969 131 Sinclair.

292 3120 1593 76 New York, Farrar & Rinehart, incorporated [ c 1933]
144 3193 103 49 xiii,
282 3194 84 41 108
400 3205 43 37 p.
505 3195 54 39 21
563 3197 44 22 cm
612 3227 8 8 .

80 3246 1995 63 © May 26, 1933 ; 2c. June 8; aff. May 27; A 63169; U. Sinclair, Los
147 3311 219 50 Angeles.
437 3310 280 50 (33-27175)

73 3397 213 65 Smith,
317 3401 224 55 Gilbert
570 3402 268 64 Morgan,
870 3409 166 49 1885-

146 3477 121 54 The
302 3478 362 54 fresh-water
699 3481 161 67 algae
894 3481 64 53 of
991 3482 98 52 the
1125 3480 218 56 United
1378 3481 207 62 States,
1617 3483 77 66 by
1727 3481 227 56 Gilbert
1988 3483 81 51 M.

82 3550 1993 80 Smith … 1st ed. New York and London, McGraw-Hill
81 3632 144 54 book
258 3651 296 50 company,
587 3634 125 67 inc.,
747 3638 150 51 1933.

154 3703 64 45 xi,
256 3705 86 39 716
378 3717 43 37 p.
490 3706 142 45 illus.,
670 3707 179 50 diagrs.
917 3708 54 39 23½
1005 3711 43 21 cm
1052 3740 8 9 .
1141 3708 294 50 (Half-title:
1476 3708 351 42 McGraw-Hill
84 3712 1973 89 publications

236 3762 49 39 in
313 3762 82 41 the
422 3763 322 48 agricultural
770 3767 93 39 and
893 3766 247 41 botanical
1166 3765 234 52 sciences)

155 3817 373 52 Bibliography:
557 3831 45 38 p.
631 3820 216 43 645-688.

85 3872 51 53 ©
163 3876 126 42 June
314 3877 68 47 13,
409 3878 140 46 1933;
577 3879 67 39 2c.
672 3878 126 41 June
823 3879 82 48 16;
933 3879 82 43 aff.
1044 3880 126 40 June
1196 3879 81 49 15;
1308 3881 41 38 A
1375 3881 170 47 64006;
1576 3881 350 42 McGraw-Hill
1953 3883 123 40 book

151 3944 82 37 co.,
263 3934 90 40 inc.
426 3934 280 50 (33-16189)
