2582 4453
1316 4154 138 51 1094

374 467 198 53 North
604 467 293 56 Carolina.
972 469 168 54 Laws
1148 512 11 25 ,
1186 476 242 48 statutes
1435 513 11 25 ,
1475 477 100 49 etc.

450 550 134 49 1933
623 548 366 68 supplement
1026 553 59 48 to
1124 549 96 53 the
1260 550 189 53 North
1490 550 273 56 Carolina
1801 551 137 52 code
1974 551 64 53 of
2078 555 153 65 1931,
374 571 1998 124 containing

645 628 78 51 all
759 628 97 52 the
893 630 234 66 general
1165 629 136 52 laws
1342 629 64 53 of
1446 632 151 49 1933.
1677 630 296 69 Complete
2012 632 384 68 annotations,

375 706 183 52 under
588 706 98 55 the
719 706 270 53 editorial
1016 708 362 68 supervision
1413 709 64 54 of
1507 710 70 52 A.
1611 711 252 52 Hewson
1894 710 232 69 Michie,
2158 711 238 54 assisted

375 786 75 66 by
504 786 210 53 Beirne
769 786 295 67 Stedman,
1117 786 247 54 indexed
1421 788 71 68 by
1547 790 251 52 Thomas
1851 790 263 55 Johnson
2166 790 230 55 Michie.

377 864 486 70 Charlottesville,
891 867 127 68 Va.,
1046 867 122 53 The
1196 867 215 55 Michie
1439 887 301 51 company,
1771 872 152 51 1933.

445 941 559 48 3 p. l., 378 p. 26½ cm .
381 994 1662 54 © Aug. 17, 1933; 2c. and aff. Aug. 19; A 64775; Michie co.
375 1102 324 66 O’Connor,
730 1103 264 64 Harvey.

447 1181 264 54 Mellon’s
745 1181 273 68 millions,
1053 1182 96 53 the
1185 1180 327 73 biography
1545 1183 65 53 of
1645 1203 31 34 a
1711 1184 263 69 fortune;
2011 1185 96 54 the
2141 1185 106 52 life
2284 1186 113 53 and

375 1261 2022 71 times of Andrew W. Mellon, by Harvey O’Connor … New
376 1340 182 70 York,
583 1341 123 53 The
731 1341 158 55 John
915 1343 132 68 Day
1073 1360 282 51 company
1388 1377 12 33 [
1407 1350 17 20 c
1430 1346 134 50 1933]

452 1403 1230 62 xv p., 1 l., 443, [1] p." front., pl., ports. 21 cm .
381 1469 1458 54 © Aug. 10, 1933; 2c. Aug. 10; aff. Aug. 18; A 64818;
1869 1476 61 40 H.
1961 1475 262 49 O'Connor,
447 1477 1935 103 Pittsburgh.

372 1621 461 65 Pennsylvania.
897 1625 186 64 Laws,
1112 1628 260 63 statutes,
1401 1630 101 47 etc.

446 1701 429 69 Pennsylvania
907 1701 256 69 banking
1189 1703 113 52 and
1329 1702 269 69 building
1623 1707 45 49 &
1695 1704 131 52 loan
1855 1703 180 67 codes,
2065 1707 151 50 1933.
373 1705 2001 129 Annotated
633 1782 75 67 by

734 1781 1664 70 Bernard G. Segal … with introductory note by Wm.
374 1860 2025 69 A. Schnader … Harrisburg, Commonwealth of Pennsylvania,
374 1938 173 69 Dept.
577 1939 66 54 of
670 1945 279 63 property
978 1941 114 53 and
1122 1938 255 70 supplies
1416 1974 12 33 [
1433 1946 19 21 c
1457 1943 133 51 1933
1596 1975 14 33 ]

447 2024 115 38 xxx,
593 2013 86 41 553
707 2025 43 37 p.
811 2013 56 41 23½
901 2016 43 21 cm
950 2046 8 8 .

455 2073 134 40 Each
624 2072 52 40 of
710 2073 83 40 the
830 2073 137 40 three
1003 2072 142 41 codes
1180 2072 96 40 and
1313 2070 245 49 appendix
1594 2070 43 42 is
1673 2071 236 49 preceded
1944 2072 61 47 by
2038 2070 242 43 half-title
2312 2073 85 40 not

377 2130 227 41 included
633 2131 50 42 in
711 2131 83 40 the
821 2130 192 49 paging.

448 2188 229 41 Includes
710 2188 368 41 “References”.

381 2243 2021 52 © June 1, 1933; 2c. July 14; aff. Aug. 4; A 64628; Commonwealth of
448 2305 377 48 Pennsylvania,
861 2304 319 49 Harrisburg,
1215 2305 85 39 Pa.
1371 2303 284 50 (33-20244)

375 2389 2025 76 Propyläen-Weltgeschichte ; hrsg. von Walter Goetz … Der
447 2474 348 70 Werdegang
834 2475 101 52 der
974 2474 356 53 menschheit
1366 2475 59 52 in
1467 2475 371 69 gesellschaft
1874 2475 119 52 und
2032 2478 170 64 Staat,
446 2473 1930 134 Wirtschaft
681 2554 118 53 und

841 2553 389 70 geistesleben.
1307 2557 46 50 9.
1395 2554 94 53 bd.
1566 2554 111 54 Die
1717 2554 345 68 entstehung
2103 2554 97 53 des
447 2553 1928 150 welt-staatensystems.
1006 2634 220 68 Berlin,
1275 2635 561 68 Propyläen-verlag
1890 2636 173 64 [1933]

450 2709 131 46 xxiv,
615 2708 84 41 623
731 2719 58 38 p.,
823 2709 24 38 1
902 2741 8 7 l.
971 2709 128 40 illus.
1130 2709 134 48 (incl.
1297 2707 177 49 ports.)
1515 2710 159 46 plates
1704 2709 138 48 (part
1872 2708 102 46 col.,
2009 2709 112 46 part
2154 2707 245 47 mounted,

379 2769 112 45 part
518 2765 145 48 fold.)
699 2765 218 41 facsims.
947 2766 139 48 (part
1111 2767 101 46 col.,
1243 2768 114 46 part
1382 2766 146 48 fold.)
1563 2776 153 37 maps.
1773 2766 57 39 27½
1863 2767 45 21 cm
1913 2798 8 8 .

382 2820 52 52 ©
477 2824 115 48 Apr.
635 2824 69 47 13,
747 2823 143 48 1933;
966 2836 36 28 1c.
1047 2823 130 41 June
1217 2823 82 48 19;
1345 2823 315 48 A-Foreign
1701 2823 174 48 21278;
1922 2822 477 48 Propyläen-verlag,

450 2892 41 38 g.
524 2892 58 28 m.
615 2882 42 41 b.
690 2882 44 39 h.

377 2972 326 66 Schwarte,
735 2975 160 63 Max,
926 2973 85 54 ed.

447 3048 1949 73 Der grosse krieg, 1914-1918 … hrsg. von M. Schwarte.
379 3130 1621 70 6. bd. 1.l. Leipzig, J. A. Barth; [etc., etc.] 1933.
449 3218 46 36 x,
523 3206 87 41 352
639 3217 44 37 p.
741 3205 56 40 24½
830 3207 16 21 cm
881 3238 7 8 .

383 3260 1695 52 © May 12, 1933; 1c. Aug. 5; A-Foreign 21880; J. A. Barth.
376 3351 256 65 Siceloff,
660 3353 140 53 Mrs.
828 3355 310 62 Margaret
1173 3351 363 67 (McAdory)
1575 3357 173 50 1890-

450 3430 268 70 Validity
757 3431 114 53 and
911 3429 498 55 standardization
1449 3428 64 55 of
1549 3429 97 53 the
1684 3428 302 70 McAdory
2027 3434 91 48 art
2158 3433 127 62 test,
2323 3428 74 69 by

380 3510 299 68 Margaret
712 3508 304 69 McAdory
1053 3507 252 69 Siceloff,
1342 3507 134 54 Ella
1510 3507 336 70 Woodyard
1883 3507 114 53 and
2032 3506 136 54 staff
2203 3505 64 54 of
2302 3506 96 54 the

382 3587 268 54 Division
705 3585 64 56 of
824 3586 373 70 psychology,
1251 3586 277 54 Institute
1584 3585 65 55 of
1703 3585 362 54 educational
2121 3584 277 70 research,

381 3662 1991 152 Teachers college … New York city, Teachers college, Columbia university, 1933.
455 3829 40 34 v,
526 3818 56 41 32
614 3829 44 38 p.
721 3819 181 47 diagrs.
962 3818 57 41 23
1023 3820 45 23 cm
1072 3852 9 8 .

455 3876 130 41 “The
618 3876 377 47 investigations
1031 3875 225 48 reported
1292 3876 50 39 in
1378 3874 100 41 this
1514 3872 298 50 monograph
1850 3884 128 31 were
2014 3873 141 41 made
2190 3872 211 49 possible

384 3932 59 47 by
470 3944 25 29 a
523 3935 145 46 grant
695 3933 126 40 from
849 3934 82 39 the
959 3932 236 48 Carnegie
1224 3930 352 49 corporation.”

386 3988 2011 52 © May 16, 1933: 2c. July S: aff. July 14: A 64338: Teachers college,
457 4048 249 41 Columbia
743 4048 287 48 university.
1102 4047 282 49 (33-19902)
