<alto xmlns="http://www.loc.gov/standards/alto/ns-v3#" xmlns:xsi="http://www.w3.org/2001/XMLSchema-instance" xsi:schemaLocation="http://www.loc.gov/standards/alto/ns-v3# http://www.loc.gov/alto/v3/alto-3-0.xsd"><Description>
<MeasurementUnit>pixel</MeasurementUnit>
<sourceImageInformation>
<fileName>1933_v1_Part1.pdf</fileName>
</sourceImageInformation>
<OCRProcessing ID="IdOcr">
<ocrProcessingStep>
<processingDateTime>2019-01-03</processingDateTime>
<processingSoftware>
<softwareCreator>ABBYY</softwareCreator>
<softwareName>ABBYY Recognition Server</softwareName>
<softwareVersion>4.0</softwareVersion>
</processingSoftware>
</ocrProcessingStep>
</OCRProcessing>
</Description>
<Styles>
<ParagraphStyle ALIGN="Left" FIRSTLINE="0." ID="StyleId-FFFFFFFF-FFFF-FFFF-FFFF-FFFFFFFFFFFF-" LEFT="0." RIGHT="0." />
<ParagraphStyle ALIGN="Left" FIRSTLINE="0." ID="StyleId-6EF5737A-DCEB-4126-A0CF-C5930BF7166A-" LEFT="0." LINESPACE="8.300000191" RIGHT="0." />
<ParagraphStyle ALIGN="Left" FIRSTLINE="0." ID="StyleId-2DE44258-FD0B-41E1-B542-087C989B01A3-" LEFT="0." LINESPACE="12.19999981" RIGHT="0." />
<ParagraphStyle ALIGN="Left" FIRSTLINE="-14." ID="StyleId-CE3D254A-29D7-4DD7-B5F1-E0FC0EF29B05-" LEFT="0." LINESPACE="8.619999886" RIGHT="0." />
<ParagraphStyle ALIGN="Left" FIRSTLINE="-14." ID="StyleId-C0E3A137-CE4F-4287-8A90-B599106709D0-" LEFT="0." LINESPACE="12.19999981" RIGHT="0." />
<ParagraphStyle ALIGN="Left" FIRSTLINE="-14." ID="StyleId-50F26F0C-05DA-4C19-BA58-7A6AC4499BEE-" LEFT="0." LINESPACE="11.06999969" RIGHT="0." />
<ParagraphStyle ALIGN="Center" FIRSTLINE="0." ID="StyleId-5DDE65AF-512C-41E2-9B8E-095D6D99EF68-" LEFT="0." LINESPACE="11.89999962" RIGHT="0." />
<ParagraphStyle ALIGN="Left" FIRSTLINE="0." ID="StyleId-0A81D7A5-6A62-4C52-915E-7768974C704D-" LEFT="0." LINESPACE="9.399999619" RIGHT="0." />
<ParagraphStyle ALIGN="Block" FIRSTLINE="-13." ID="StyleId-F7A0127F-6B48-4157-BB81-FE33E1E1A05B-" LEFT="0." LINESPACE="10.63000011" RIGHT="0." />
<ParagraphStyle ALIGN="Left" FIRSTLINE="0." ID="StyleId-E18C69F7-DBD7-48B1-805C-FCD96D0DA019-" LEFT="0." LINESPACE="11.64000034" RIGHT="0." />
<ParagraphStyle ALIGN="Left" FIRSTLINE="-14." ID="StyleId-98F15501-B611-4E83-8BB3-807E891F11F5-" LEFT="0." LINESPACE="12.19999981" RIGHT="0." />
<ParagraphStyle ALIGN="Left" FIRSTLINE="0." ID="StyleId-F4A78626-0BBC-4D12-94D9-A1AE75A9855F-" LEFT="0." LINESPACE="9.399999619" RIGHT="0." />
<ParagraphStyle ALIGN="Left" FIRSTLINE="0." ID="StyleId-6A3F6F4C-D21B-4ADE-902F-7683F18ECEF3-" LEFT="0." LINESPACE="11.10000038" RIGHT="0." />
</Styles>
<Layout>
<Page HEIGHT="4453" ID="Page988" PHYSICAL_IMG_NR="988" WIDTH="2582">
<TopMargin HEIGHT="456" HPOS="0" VPOS="0" WIDTH="2582">
</TopMargin>
<LeftMargin HEIGHT="3646" HPOS="0" VPOS="456" WIDTH="348">
</LeftMargin>
<RightMargin HEIGHT="3646" HPOS="2394" VPOS="456" WIDTH="188">
</RightMargin>
<BottomMargin HEIGHT="351" HPOS="0" VPOS="4102" WIDTH="2582">
<TextBlock HEIGHT="70" HPOS="1306" ID="Page988_Block1" LANG="en-US" STYLEREFS="StyleId-92323E2A-7104-46AE-8399-74435D7F2DA3-" VPOS="4138" WIDTH="120">
<TextLine HEIGHT="50" HPOS="1316" VPOS="4148" WIDTH="100">
<String CONTENT="988" HEIGHT="50" HPOS="1316" VPOS="4148" WIDTH="100" />
</TextLine>
</TextBlock>
<GraphicalElement HEIGHT="226" HPOS="2572" ID="Page988_Block2" VPOS="4102" WIDTH="10" />
</BottomMargin>
<PrintSpace HEIGHT="3646" HPOS="348" VPOS="456" WIDTH="2046">
<TextBlock CS="1" HEIGHT="3646" HPOS="348" ID="Page988_Block3" LANG="en-US" STYLEREFS="StyleId-11070989-8D46-41D8-8145-D20A8C3753D9-" VPOS="456" WIDTH="2046">
<TextLine HEIGHT="66" HPOS="363" STYLEREFS="StyleId-9F5CF7D6-B640-41BC-AFA2-C06894806199-" VPOS="467" WIDTH="547">
<String CONTENT="Quindt," HEIGHT="65" HPOS="363" VPOS="468" WIDTH="242" />
<SP HEIGHT="63" HPOS="606" VPOS="470" WIDTH="26" />
<String CONTENT="William." HEIGHT="58" HPOS="633" VPOS="467" WIDTH="277" />
</TextLine>
<TextLine CS="1" HEIGHT="149" HPOS="372" STYLEREFS="StyleId-B1AEAF9A-10F1-4C3C-A20D-853B50EE5EF3-" VPOS="542" WIDTH="2004">
<String CONTENT="Der" HEIGHT="52" HPOS="441" LANG="de" VPOS="545" WIDTH="117" />
<SP HEIGHT="47" HPOS="559" VPOS="552" WIDTH="20" />
<String CONTENT="tiger" HEIGHT="67" HPOS="580" LANG="en-US" VPOS="546" WIDTH="149" />
<SP HEIGHT="53" HPOS="730" VPOS="544" WIDTH="22" />
<String CONTENT="Akbar," HEIGHT="68" HPOS="753" LANG="en-US" VPOS="544" WIDTH="218" />
<SP HEIGHT="50" HPOS="972" VPOS="562" WIDTH="19" />
<String CONTENT="roman" HEIGHT="34" HPOS="992" LANG="en-US" VPOS="562" WIDTH="199" />
<SP HEIGHT="34" HPOS="1192" VPOS="563" WIDTH="21" />
<String CONTENT="von" HEIGHT="34" HPOS="1214" LANG="en-US" VPOS="563" WIDTH="108" />
<SP HEIGHT="53" HPOS="1323" VPOS="544" WIDTH="21" />
<String CONTENT="William" HEIGHT="55" HPOS="1345" LANG="en-US" VPOS="542" WIDTH="260" />
<SP HEIGHT="63" HPOS="1606" VPOS="542" WIDTH="26" />
<String CONTENT="Quindt." CS="1" HEIGHT="63" HPOS="1633" LANG="en-US" VPOS="542" WIDTH="238" />
<SP HEIGHT="53" HPOS="1872" VPOS="544" WIDTH="59" />
<String CONTENT="Berlin," HEIGHT="69" HPOS="1932" LANG="en-US" VPOS="542" WIDTH="217" />
<SP HEIGHT="67" HPOS="2150" VPOS="544" WIDTH="22" />
<String CONTENT="Volks-verband" CS="1" HEIGHT="135" HPOS="372" LANG="en-US" VPOS="542" WIDTH="1982" />
<SP HEIGHT="54" HPOS="623" VPOS="623" WIDTH="51" />
<String CONTENT="der" HEIGHT="52" HPOS="675" LANG="de" VPOS="623" WIDTH="100" />
<SP HEIGHT="52" HPOS="776" VPOS="623" WIDTH="54" />
<String CONTENT="b&#252;cherfreunde," CS="1" HEIGHT="68" HPOS="831" LANG="de" VPOS="623" WIDTH="473" />
<SP HEIGHT="68" HPOS="1305" VPOS="623" WIDTH="50" />
<String CONTENT="Wegweiser-" HEIGHT="69" HPOS="1356" LANG="de" VPOS="622" WIDTH="364" />
<String CONTENT="verlag" HEIGHT="67" HPOS="1726" LANG="en-US" VPOS="623" WIDTH="197" />
<SP HEIGHT="51" HPOS="1924" VPOS="640" WIDTH="51" />
<String CONTENT="g." HEIGHT="51" HPOS="1976" LANG="en-US" VPOS="640" WIDTH="52" />
<SP HEIGHT="34" HPOS="2029" VPOS="640" WIDTH="56" />
<String CONTENT="m." HEIGHT="35" HPOS="2086" LANG="en-US" VPOS="640" WIDTH="71" />
<SP HEIGHT="53" HPOS="2158" VPOS="622" WIDTH="57" />
<String CONTENT="b." HEIGHT="51" HPOS="2216" LANG="en-US" VPOS="622" WIDTH="50" />
<SP HEIGHT="51" HPOS="2267" VPOS="622" WIDTH="55" />
<String CONTENT="h." HEIGHT="51" HPOS="2323" LANG="en-US" VPOS="622" WIDTH="53" />
</TextLine>
<TextLine CS="1" HEIGHT="67" HPOS="375" STYLEREFS="StyleId-B1AEAF9A-10F1-4C3C-A20D-853B50EE5EF3-" VPOS="704" WIDTH="195">
<String CONTENT="[c1933]" CS="1" HEIGHT="67" HPOS="375" VPOS="704" WIDTH="195" />
</TextLine>
<TextLine CS="1" HEIGHT="50" HPOS="436" VPOS="773" WIDTH="591">
<String CONTENT="380," HEIGHT="48" HPOS="436" VPOS="773" WIDTH="101" />
<SP HEIGHT="30" HPOS="538" VPOS="793" WIDTH="30" />
<String CONTENT="[1]" HEIGHT="48" HPOS="569" VPOS="775" WIDTH="55" />
<SP HEIGHT="39" HPOS="625" VPOS="784" WIDTH="30" />
<String CONTENT="p.," HEIGHT="37" HPOS="656" VPOS="784" WIDTH="56" />
<SP HEIGHT="44" HPOS="713" VPOS="774" WIDTH="26" />
<String CONTENT="1" HEIGHT="38" HPOS="740" VPOS="774" WIDTH="23" />
<SP HEIGHT="39" HPOS="764" VPOS="774" WIDTH="27" />
<String CONTENT="l." CS="1" HEIGHT="8" HPOS="813" VPOS="807" WIDTH="8" />
<SP HEIGHT="41" HPOS="822" VPOS="774" WIDTH="57" />
<String CONTENT="184" HEIGHT="41" HPOS="880" VPOS="773" WIDTH="85" />
<String CONTENT="cm" HEIGHT="21" HPOS="968" STYLE="superscript" VPOS="775" WIDTH="44" />
<String CONTENT="." HEIGHT="9" HPOS="1018" VPOS="804" WIDTH="9" />
</TextLine>
<TextLine CS="1" HEIGHT="51" HPOS="436" LANG="de" VPOS="828" WIDTH="1727">
<String CONTENT="&#8220;Dieses" HEIGHT="41" HPOS="436" LANG="en-US" VPOS="830" WIDTH="199" />
<SP HEIGHT="29" HPOS="636" VPOS="842" WIDTH="23" />
<String CONTENT="werk" HEIGHT="38" HPOS="660" VPOS="832" WIDTH="131" />
<SP HEIGHT="38" HPOS="792" VPOS="832" WIDTH="23" />
<String CONTENT="ist" HEIGHT="39" HPOS="816" VPOS="832" WIDTH="65" />
<SP HEIGHT="37" HPOS="882" VPOS="834" WIDTH="19" />
<String CONTENT="als" HEIGHT="39" HPOS="902" VPOS="832" WIDTH="74" />
<SP HEIGHT="39" HPOS="977" VPOS="832" WIDTH="23" />
<String CONTENT="dritter" HEIGHT="41" HPOS="1001" VPOS="830" WIDTH="178" />
<SP HEIGHT="38" HPOS="1180" VPOS="832" WIDTH="22" />
<String CONTENT="baud" HEIGHT="39" HPOS="1203" LANG="en-US" VPOS="831" WIDTH="126" />
<SP HEIGHT="40" HPOS="1330" VPOS="831" WIDTH="17" />
<String CONTENT="der" HEIGHT="39" HPOS="1348" VPOS="832" WIDTH="85" />
<SP HEIGHT="28" HPOS="1434" VPOS="842" WIDTH="17" />
<String CONTENT="vierzehnten" HEIGHT="43" HPOS="1452" VPOS="828" WIDTH="312" />
<SP HEIGHT="48" HPOS="1765" VPOS="831" WIDTH="28" />
<String CONTENT="(allgemeinen)" HEIGHT="49" HPOS="1794" VPOS="830" WIDTH="369" />
</TextLine>
<TextLine CS="1" HEIGHT="103" HPOS="368" LANG="de" VPOS="832" WIDTH="1990">
<String CONTENT="jahresreihe" HEIGHT="97" HPOS="368" VPOS="832" WIDTH="1990" />
<SP HEIGHT="41" HPOS="502" VPOS="888" WIDTH="33" />
<String CONTENT="f&#252;r" HEIGHT="40" HPOS="536" VPOS="888" WIDTH="84" />
<SP HEIGHT="39" HPOS="621" VPOS="889" WIDTH="36" />
<String CONTENT="die" HEIGHT="39" HPOS="658" VPOS="889" WIDTH="77" />
<SP HEIGHT="29" HPOS="736" VPOS="899" WIDTH="33" />
<String CONTENT="mitglieder" HEIGHT="47" HPOS="770" VPOS="888" WIDTH="278" />
<SP HEIGHT="38" HPOS="1049" VPOS="890" WIDTH="33" />
<String CONTENT="des" HEIGHT="39" HPOS="1083" VPOS="890" WIDTH="84" />
<SP HEIGHT="40" HPOS="1168" VPOS="889" WIDTH="35" />
<String CONTENT="Volksverbandes" HEIGHT="40" HPOS="1204" VPOS="888" WIDTH="423" />
<SP HEIGHT="38" HPOS="1628" VPOS="890" WIDTH="36" />
<String CONTENT="der" HEIGHT="39" HPOS="1665" VPOS="890" WIDTH="84" />
<SP HEIGHT="39" HPOS="1750" VPOS="889" WIDTH="36" />
<String CONTENT="b&#252;cherfreunde" CS="1" HEIGHT="42" HPOS="1787" VPOS="889" WIDTH="390" />
</TextLine>
<TextLine CS="1" HEIGHT="94" HPOS="364" LANG="de" VPOS="899" WIDTH="1994">
<String CONTENT="hergestellt" CS="1" HEIGHT="87" HPOS="364" VPOS="899" WIDTH="1994" />
<SP HEIGHT="37" HPOS="499" VPOS="949" WIDTH="37" />
<String CONTENT="worden" HEIGHT="39" HPOS="537" VPOS="947" WIDTH="194" />
<SP HEIGHT="28" HPOS="732" VPOS="957" WIDTH="34" />
<String CONTENT="und" HEIGHT="38" HPOS="767" VPOS="947" WIDTH="96" />
<SP HEIGHT="38" HPOS="864" VPOS="947" WIDTH="37" />
<String CONTENT="wird" HEIGHT="40" HPOS="902" VPOS="946" WIDTH="122" />
<SP HEIGHT="39" HPOS="1025" VPOS="947" WIDTH="32" />
<String CONTENT="nur" HEIGHT="29" HPOS="1058" VPOS="956" WIDTH="94" />
<SP HEIGHT="38" HPOS="1153" VPOS="947" WIDTH="33" />
<String CONTENT="diese" HEIGHT="40" HPOS="1187" VPOS="945" WIDTH="131" />
<SP HEIGHT="29" HPOS="1319" VPOS="956" WIDTH="34" />
<String CONTENT="abgegeben.&quot;" CS="1" HEIGHT="47" HPOS="1354" VPOS="946" WIDTH="286" />
</TextLine>
<TextLine CS="1" HEIGHT="52" HPOS="370" LANG="de" VPOS="1003" WIDTH="2011">
<String CONTENT="&#169;" HEIGHT="52" HPOS="370" VPOS="1003" WIDTH="51" />
<SP HEIGHT="52" HPOS="422" VPOS="1003" WIDTH="47" />
<String CONTENT="Feb." HEIGHT="40" HPOS="470" LANG="en-US" VPOS="1008" WIDTH="110" />
<SP HEIGHT="40" HPOS="581" VPOS="1008" WIDTH="43" />
<String CONTENT="1," HEIGHT="46" HPOS="625" VPOS="1008" WIDTH="39" />
<SP HEIGHT="47" HPOS="665" VPOS="1007" WIDTH="43" />
<String CONTENT="1933;" HEIGHT="46" HPOS="709" VPOS="1007" WIDTH="142" />
<SP HEIGHT="46" HPOS="852" VPOS="1007" WIDTH="46" />
<String CONTENT="1c." CS="1" HEIGHT="8" HPOS="958" VPOS="1039" WIDTH="8" />
<SP HEIGHT="40" HPOS="967" VPOS="1007" WIDTH="44" />
<String CONTENT="Apr." HEIGHT="47" HPOS="1012" LANG="en-US" VPOS="1007" WIDTH="113" />
<SP HEIGHT="39" HPOS="1126" VPOS="1006" WIDTH="44" />
<String CONTENT="29;" HEIGHT="46" HPOS="1171" VPOS="1006" WIDTH="83" />
<SP HEIGHT="47" HPOS="1255" VPOS="1005" WIDTH="47" />
<String CONTENT="A" HEIGHT="39" HPOS="1303" LANG="en-US" VPOS="1005" WIDTH="40" />
<String CONTENT="-Foreign" HEIGHT="48" HPOS="1345" VPOS="1005" WIDTH="270" />
<SP HEIGHT="40" HPOS="1616" VPOS="1005" WIDTH="44" />
<String CONTENT="20752;" HEIGHT="47" HPOS="1661" VPOS="1005" WIDTH="171" />
<SP HEIGHT="45" HPOS="1833" VPOS="1007" WIDTH="47" />
<String CONTENT="Volksverband" HEIGHT="40" HPOS="1881" VPOS="1007" WIDTH="368" />
<SP HEIGHT="38" HPOS="2250" VPOS="1008" WIDTH="45" />
<String CONTENT="der" HEIGHT="38" HPOS="2296" VPOS="1008" WIDTH="85" />
</TextLine>
<TextLine CS="1" HEIGHT="50" HPOS="436" LANG="de" VPOS="1063" WIDTH="1606">
<String CONTENT="b&#252;cherfreunde," CS="1" HEIGHT="46" HPOS="436" VPOS="1064" WIDTH="405" />
<SP HEIGHT="46" HPOS="842" VPOS="1064" WIDTH="30" />
<String CONTENT="Wegweiser-verlag," HEIGHT="49" HPOS="873" VPOS="1063" WIDTH="496" />
<SP HEIGHT="36" HPOS="1370" VPOS="1074" WIDTH="30" />
<String CONTENT="g." HEIGHT="36" HPOS="1401" VPOS="1074" WIDTH="41" />
<SP HEIGHT="29" HPOS="1443" VPOS="1074" WIDTH="32" />
<String CONTENT="m." HEIGHT="29" HPOS="1476" VPOS="1074" WIDTH="60" />
<SP HEIGHT="40" HPOS="1537" VPOS="1063" WIDTH="31" />
<String CONTENT="b." HEIGHT="40" HPOS="1569" VPOS="1063" WIDTH="42" />
<SP HEIGHT="39" HPOS="1612" VPOS="1064" WIDTH="30" />
<String CONTENT="h." HEIGHT="38" HPOS="1643" VPOS="1064" WIDTH="46" />
<SP HEIGHT="48" HPOS="1690" VPOS="1063" WIDTH="70" />
<String CONTENT="(33-17830)" HEIGHT="50" HPOS="1761" VPOS="1063" WIDTH="281" />
</TextLine>
<TextLine HEIGHT="64" HPOS="361" LANG="de" STYLEREFS="StyleId-9F5CF7D6-B640-41BC-AFA2-C06894806199-" VPOS="1156" WIDTH="513">
<String CONTENT="Rector," HEIGHT="64" HPOS="361" VPOS="1156" WIDTH="234" />
<SP HEIGHT="64" HPOS="596" VPOS="1156" WIDTH="29" />
<String CONTENT="George." HEIGHT="64" HPOS="626" VPOS="1156" WIDTH="248" />
</TextLine>
<TextLine HEIGHT="71" HPOS="435" STYLEREFS="StyleId-B1AEAF9A-10F1-4C3C-A20D-853B50EE5EF3-" VPOS="1231" WIDTH="1946">
<String CONTENT="A" HEIGHT="53" HPOS="435" VPOS="1234" WIDTH="56" />
<SP HEIGHT="53" HPOS="492" VPOS="1234" WIDTH="26" />
<String CONTENT="la" HEIGHT="53" HPOS="519" VPOS="1235" WIDTH="55" />
<SP HEIGHT="55" HPOS="575" VPOS="1233" WIDTH="27" />
<String CONTENT="Rector," HEIGHT="69" HPOS="603" LANG="de" VPOS="1233" WIDTH="228" />
<SP HEIGHT="52" HPOS="832" VPOS="1250" WIDTH="29" />
<String CONTENT="a" HEIGHT="35" HPOS="862" VPOS="1250" WIDTH="31" />
<SP HEIGHT="36" HPOS="894" VPOS="1250" WIDTH="25" />
<String CONTENT="miscellany" HEIGHT="69" HPOS="920" VPOS="1232" WIDTH="334" />
<SP HEIGHT="50" HPOS="1255" VPOS="1251" WIDTH="29" />
<String CONTENT="of" HEIGHT="54" HPOS="1285" VPOS="1232" WIDTH="65" />
<SP HEIGHT="54" HPOS="1351" VPOS="1232" WIDTH="27" />
<String CONTENT="cooking" HEIGHT="71" HPOS="1379" VPOS="1231" WIDTH="244" />
<SP HEIGHT="52" HPOS="1624" VPOS="1250" WIDTH="27" />
<String CONTENT="recipes" HEIGHT="70" HPOS="1652" VPOS="1232" WIDTH="216" />
<SP HEIGHT="36" HPOS="1869" VPOS="1251" WIDTH="28" />
<String CONTENT="assembled" HEIGHT="55" HPOS="1898" VPOS="1233" WIDTH="309" />
<SP HEIGHT="53" HPOS="2208" VPOS="1234" WIDTH="32" />
<String CONTENT="with" HEIGHT="53" HPOS="2241" VPOS="1233" WIDTH="140" />
</TextLine>
<TextLine HEIGHT="70" HPOS="365" STYLEREFS="StyleId-B1AEAF9A-10F1-4C3C-A20D-853B50EE5EF3-" VPOS="1311" WIDTH="2019">
<String CONTENT="great" HEIGHT="62" HPOS="365" VPOS="1319" WIDTH="164" />
<SP HEIGHT="53" HPOS="530" VPOS="1313" WIDTH="47" />
<String CONTENT="diligence" HEIGHT="69" HPOS="578" VPOS="1312" WIDTH="284" />
<SP HEIGHT="35" HPOS="863" VPOS="1331" WIDTH="46" />
<String CONTENT="and" HEIGHT="52" HPOS="910" VPOS="1313" WIDTH="114" />
<SP HEIGHT="54" HPOS="1025" VPOS="1311" WIDTH="51" />
<String CONTENT="faithfully" HEIGHT="69" HPOS="1077" VPOS="1311" WIDTH="313" />
<SP HEIGHT="68" HPOS="1391" VPOS="1312" WIDTH="51" />
<String CONTENT="described" HEIGHT="53" HPOS="1443" VPOS="1312" WIDTH="293" />
<SP HEIGHT="52" HPOS="1737" VPOS="1313" WIDTH="48" />
<String CONTENT="herein" HEIGHT="53" HPOS="1786" VPOS="1312" WIDTH="197" />
<SP HEIGHT="51" HPOS="1984" VPOS="1314" WIDTH="48" />
<String CONTENT="by" HEIGHT="66" HPOS="2033" VPOS="1314" WIDTH="74" />
<SP HEIGHT="69" HPOS="2108" VPOS="1311" WIDTH="51" />
<String CONTENT="George" HEIGHT="70" HPOS="2160" VPOS="1311" WIDTH="224" />
</TextLine>
<TextLine CS="1" HEIGHT="69" HPOS="365" STYLEREFS="StyleId-B1AEAF9A-10F1-4C3C-A20D-853B50EE5EF3-" VPOS="1390" WIDTH="2018">
<String CONTENT="Rector" HEIGHT="53" HPOS="365" VPOS="1392" WIDTH="209" />
<SP HEIGHT="33" HPOS="575" VPOS="1411" WIDTH="42" />
<String CONTENT="&#8230;" CS="1" />
<SP HEIGHT="53" HPOS="676" VPOS="1391" WIDTH="44" />
<String CONTENT="illuminated" HEIGHT="53" HPOS="721" VPOS="1390" WIDTH="365" />
<SP HEIGHT="52" HPOS="1087" VPOS="1391" WIDTH="39" />
<String CONTENT="with" HEIGHT="52" HPOS="1127" VPOS="1391" WIDTH="141" />
<SP HEIGHT="51" HPOS="1269" VPOS="1391" WIDTH="38" />
<String CONTENT="many" HEIGHT="50" HPOS="1308" VPOS="1408" WIDTH="173" />
<SP HEIGHT="49" HPOS="1482" VPOS="1409" WIDTH="39" />
<String CONTENT="merry" HEIGHT="51" HPOS="1522" VPOS="1408" WIDTH="190" />
<SP HEIGHT="63" HPOS="1713" VPOS="1396" WIDTH="41" />
<String CONTENT="tales," HEIGHT="66" HPOS="1755" VPOS="1392" WIDTH="159" />
<SP HEIGHT="49" HPOS="1915" VPOS="1410" WIDTH="38" />
<String CONTENT="pictures," HEIGHT="68" HPOS="1954" VPOS="1391" WIDTH="267" />
<SP HEIGHT="48" HPOS="2222" VPOS="1411" WIDTH="39" />
<String CONTENT="etc.," HEIGHT="61" HPOS="2262" VPOS="1397" WIDTH="121" />
</TextLine>
<TextLine CS="1" HEIGHT="70" HPOS="364" STYLEREFS="StyleId-B1AEAF9A-10F1-4C3C-A20D-853B50EE5EF3-" VPOS="1467" WIDTH="2019">
<String CONTENT="and" HEIGHT="52" HPOS="364" VPOS="1470" WIDTH="114" />
<SP HEIGHT="67" HPOS="479" VPOS="1470" WIDTH="23" />
<String CONTENT="painstakingly" HEIGHT="69" HPOS="503" VPOS="1468" WIDTH="439" />
<SP HEIGHT="50" HPOS="943" VPOS="1486" WIDTH="22" />
<String CONTENT="edited" HEIGHT="53" HPOS="966" VPOS="1469" WIDTH="190" />
<SP HEIGHT="53" HPOS="1157" VPOS="1469" WIDTH="23" />
<String CONTENT="by" HEIGHT="67" HPOS="1181" VPOS="1469" WIDTH="74" />
<SP HEIGHT="49" HPOS="1256" VPOS="1487" WIDTH="24" />
<String CONTENT="an" HEIGHT="34" HPOS="1281" VPOS="1488" WIDTH="72" />
<SP HEIGHT="33" HPOS="1354" VPOS="1488" WIDTH="25" />
<String CONTENT="authority" HEIGHT="68" HPOS="1380" VPOS="1469" WIDTH="296" />
<SP HEIGHT="49" HPOS="1677" VPOS="1488" WIDTH="24" />
<String CONTENT="of" HEIGHT="55" HPOS="1702" VPOS="1467" WIDTH="64" />
<SP HEIGHT="56" HPOS="1767" VPOS="1467" WIDTH="22" />
<String CONTENT="note." HEIGHT="48" HPOS="1790" VPOS="1475" WIDTH="148" />
<SP HEIGHT="34" HPOS="1939" VPOS="1503" WIDTH="79" />
<String CONTENT="[New" CS="1" HEIGHT="53" HPOS="2038" VPOS="1470" WIDTH="139" />
<SP HEIGHT="51" HPOS="2178" VPOS="1471" WIDTH="23" />
<String CONTENT="York," HEIGHT="67" HPOS="2202" VPOS="1469" WIDTH="181" />
</TextLine>
<TextLine HEIGHT="65" HPOS="362" STYLEREFS="StyleId-B1AEAF9A-10F1-4C3C-A20D-853B50EE5EF3-" VPOS="1550" WIDTH="176">
<String CONTENT="c" HEIGHT="21" HPOS="362" STYLE="superscript" VPOS="1555" WIDTH="18" />
<String CONTENT="1933]" HEIGHT="65" HPOS="386" VPOS="1550" WIDTH="152" />
</TextLine>
<TextLine CS="1" HEIGHT="51" HPOS="523" VPOS="1620" WIDTH="568">
<String CONTENT="110," CS="1" HEIGHT="11" HPOS="523" VPOS="1653" WIDTH="8" />
<SP HEIGHT="30" HPOS="532" VPOS="1641" WIDTH="30" />
<String CONTENT="[1]" HEIGHT="50" HPOS="563" VPOS="1621" WIDTH="55" />
<SP HEIGHT="40" HPOS="619" VPOS="1631" WIDTH="29" />
<String CONTENT="p." HEIGHT="38" HPOS="649" VPOS="1631" WIDTH="42" />
<SP HEIGHT="41" HPOS="692" VPOS="1620" WIDTH="59" />
<String CONTENT="illus." HEIGHT="41" HPOS="752" VPOS="1620" WIDTH="130" />
<SP HEIGHT="40" HPOS="883" VPOS="1620" WIDTH="59" />
<String CONTENT="23&#189;" CS="1" HEIGHT="41" HPOS="943" VPOS="1620" WIDTH="55" />
<String CONTENT="cm" HEIGHT="21" HPOS="1032" STYLE="superscript" VPOS="1623" WIDTH="44" />
<String CONTENT="." HEIGHT="11" HPOS="1081" VPOS="1651" WIDTH="10" />
</TextLine>
<TextLine HEIGHT="50" HPOS="435" VPOS="1676" WIDTH="1614">
<String CONTENT="Copyright" HEIGHT="49" HPOS="435" VPOS="1677" WIDTH="267" />
<SP HEIGHT="41" HPOS="703" VPOS="1677" WIDTH="27" />
<String CONTENT="by" HEIGHT="48" HPOS="731" VPOS="1677" WIDTH="59" />
<SP HEIGHT="46" HPOS="791" VPOS="1679" WIDTH="28" />
<String CONTENT="the" HEIGHT="39" HPOS="820" VPOS="1678" WIDTH="83" />
<SP HEIGHT="40" HPOS="904" VPOS="1678" WIDTH="28" />
<String CONTENT="Great" HEIGHT="40" HPOS="933" VPOS="1678" WIDTH="150" />
<SP HEIGHT="41" HPOS="1084" VPOS="1677" WIDTH="26" />
<String CONTENT="Atlantic" HEIGHT="41" HPOS="1111" VPOS="1676" WIDTH="221" />
<SP HEIGHT="30" HPOS="1333" VPOS="1687" WIDTH="25" />
<String CONTENT="and" HEIGHT="38" HPOS="1359" VPOS="1681" WIDTH="94" />
<SP HEIGHT="42" HPOS="1454" VPOS="1677" WIDTH="30" />
<String CONTENT="Pacific" HEIGHT="41" HPOS="1485" VPOS="1677" WIDTH="179" />
<SP HEIGHT="38" HPOS="1665" VPOS="1680" WIDTH="26" />
<String CONTENT="tea" HEIGHT="38" HPOS="1692" VPOS="1680" WIDTH="78" />
<SP HEIGHT="30" HPOS="1771" VPOS="1687" WIDTH="27" />
<String CONTENT="company." HEIGHT="39" HPOS="1799" VPOS="1687" WIDTH="250" />
</TextLine>
<TextLine HEIGHT="49" HPOS="435" VPOS="1733" WIDTH="789">
<String CONTENT="Contains" HEIGHT="43" HPOS="435" VPOS="1733" WIDTH="235" />
<SP HEIGHT="30" HPOS="671" VPOS="1745" WIDTH="26" />
<String CONTENT="advertising" HEIGHT="49" HPOS="698" VPOS="1733" WIDTH="305" />
<SP HEIGHT="38" HPOS="1004" VPOS="1744" WIDTH="24" />
<String CONTENT="matter." HEIGHT="38" HPOS="1029" VPOS="1736" WIDTH="195" />
</TextLine>
<TextLine CS="1" HEIGHT="52" HPOS="368" VPOS="1788" WIDTH="2014">
<String CONTENT="&#169;" HEIGHT="52" HPOS="368" VPOS="1788" WIDTH="51" />
<SP HEIGHT="52" HPOS="420" VPOS="1788" WIDTH="28" />
<String CONTENT="June" HEIGHT="39" HPOS="449" VPOS="1793" WIDTH="128" />
<SP HEIGHT="39" HPOS="578" VPOS="1792" WIDTH="23" />
<String CONTENT="9," HEIGHT="47" HPOS="602" VPOS="1792" WIDTH="39" />
<SP HEIGHT="47" HPOS="642" VPOS="1792" WIDTH="27" />
<String CONTENT="1933;" CS="1" HEIGHT="39" HPOS="670" VPOS="1792" WIDTH="114" />
<SP HEIGHT="41" HPOS="812" VPOS="1792" WIDTH="28" />
<String CONTENT="2c." HEIGHT="40" HPOS="841" VPOS="1792" WIDTH="68" />
<SP HEIGHT="29" HPOS="910" VPOS="1803" WIDTH="27" />
<String CONTENT="and" HEIGHT="38" HPOS="938" VPOS="1793" WIDTH="94" />
<SP />
<String CONTENT="aff." CS="1" />
<SP HEIGHT="40" HPOS="1143" VPOS="1791" WIDTH="28" />
<String CONTENT="June" HEIGHT="40" HPOS="1172" VPOS="1791" WIDTH="129" />
<SP HEIGHT="38" HPOS="1302" VPOS="1792" WIDTH="24" />
<String CONTENT="14;" HEIGHT="41" HPOS="1327" VPOS="1792" WIDTH="82" />
<SP HEIGHT="41" HPOS="1410" VPOS="1792" WIDTH="28" />
<String CONTENT="A" HEIGHT="38" HPOS="1439" VPOS="1792" WIDTH="42" />
<SP HEIGHT="40" HPOS="1482" VPOS="1791" WIDTH="25" />
<String CONTENT="63163;" CS="1" HEIGHT="48" HPOS="1536" VPOS="1791" WIDTH="143" />
<SP HEIGHT="48" HPOS="1680" VPOS="1791" WIDTH="31" />
<String CONTENT="Great" HEIGHT="41" HPOS="1712" VPOS="1791" WIDTH="150" />
<SP HEIGHT="40" HPOS="1863" VPOS="1792" WIDTH="27" />
<String CONTENT="Atlantic" HEIGHT="41" HPOS="1891" VPOS="1791" WIDTH="220" />
<SP HEIGHT="39" HPOS="2112" VPOS="1793" WIDTH="27" />
<String CONTENT="&amp;" HEIGHT="39" HPOS="2140" VPOS="1793" WIDTH="36" />
<SP HEIGHT="39" HPOS="2177" VPOS="1793" WIDTH="26" />
<String CONTENT="Pacific" HEIGHT="41" HPOS="2204" VPOS="1791" WIDTH="178" />
</TextLine>
<TextLine CS="1" HEIGHT="49" HPOS="433" VPOS="1848" WIDTH="880">
<String CONTENT="tea" HEIGHT="37" HPOS="433" VPOS="1852" WIDTH="79" />
<SP HEIGHT="30" HPOS="513" VPOS="1860" WIDTH="32" />
<String CONTENT="co.," HEIGHT="36" HPOS="546" VPOS="1860" WIDTH="82" />
<SP HEIGHT="46" HPOS="629" VPOS="1850" WIDTH="32" />
<String CONTENT="New" HEIGHT="39" HPOS="662" VPOS="1850" WIDTH="117" />
<SP HEIGHT="39" HPOS="780" VPOS="1849" WIDTH="32" />
<String CONTENT="York." HEIGHT="39" HPOS="813" VPOS="1849" WIDTH="146" />
<SP HEIGHT="48" HPOS="960" VPOS="1849" WIDTH="69" />
<String CONTENT="(33-17405)" HEIGHT="49" HPOS="1030" VPOS="1848" WIDTH="283" />
<SP />
</TextLine>
<TextLine HEIGHT="67" HPOS="360" STYLEREFS="StyleId-9F5CF7D6-B640-41BC-AFA2-C06894806199-" VPOS="1938" WIDTH="1123">
<String CONTENT="Ricker," HEIGHT="66" HPOS="360" VPOS="1939" WIDTH="233" />
<SP HEIGHT="64" HPOS="594" VPOS="1941" WIDTH="25" />
<String CONTENT="Mrs." HEIGHT="52" HPOS="620" VPOS="1941" WIDTH="139" />
<SP HEIGHT="51" HPOS="760" VPOS="1941" WIDTH="28" />
<String CONTENT="Elizabeth" HEIGHT="54" HPOS="789" VPOS="1938" WIDTH="309" />
<SP HEIGHT="66" HPOS="1099" VPOS="1939" WIDTH="34" />
<String CONTENT="(Kerrison)" HEIGHT="66" HPOS="1134" VPOS="1939" WIDTH="349" />
</TextLine>
<TextLine HEIGHT="70" HPOS="431" STYLEREFS="StyleId-B1AEAF9A-10F1-4C3C-A20D-853B50EE5EF3-" VPOS="2016" WIDTH="1948">
<String CONTENT="Dreams" HEIGHT="51" HPOS="431" VPOS="2020" WIDTH="243" />
<SP HEIGHT="34" HPOS="675" VPOS="2037" WIDTH="31" />
<String CONTENT="and" HEIGHT="51" HPOS="707" VPOS="2019" WIDTH="112" />
<SP HEIGHT="67" HPOS="820" VPOS="2019" WIDTH="30" />
<String CONTENT="purple" HEIGHT="67" HPOS="851" VPOS="2019" WIDTH="208" />
<SP HEIGHT="53" HPOS="1060" VPOS="2018" WIDTH="29" />
<String CONTENT="horizons," HEIGHT="69" HPOS="1090" VPOS="2017" WIDTH="282" />
<SP HEIGHT="67" HPOS="1373" VPOS="2019" WIDTH="27" />
<String CONTENT="by" HEIGHT="67" HPOS="1401" VPOS="2019" WIDTH="74" />
<SP HEIGHT="68" HPOS="1476" VPOS="2018" WIDTH="31" />
<String CONTENT="Elizabeth" HEIGHT="53" HPOS="1508" VPOS="2017" WIDTH="301" />
<SP HEIGHT="51" HPOS="1810" VPOS="2018" WIDTH="32" />
<String CONTENT="Kerrison" HEIGHT="55" HPOS="1843" VPOS="2016" WIDTH="280" />
<SP HEIGHT="52" HPOS="2124" VPOS="2019" WIDTH="29" />
<String CONTENT="Ricker." HEIGHT="52" HPOS="2154" VPOS="2018" WIDTH="225" />
</TextLine>
<TextLine HEIGHT="70" HPOS="364" STYLEREFS="StyleId-B1AEAF9A-10F1-4C3C-A20D-853B50EE5EF3-" VPOS="2096" WIDTH="1611">
<String CONTENT="Columbia," HEIGHT="67" HPOS="364" VPOS="2098" WIDTH="320" />
<SP HEIGHT="69" HPOS="685" VPOS="2096" WIDTH="27" />
<String CONTENT="S." HEIGHT="56" HPOS="713" VPOS="2096" WIDTH="57" />
<SP HEIGHT="55" HPOS="771" VPOS="2096" WIDTH="27" />
<String CONTENT="C.," HEIGHT="69" HPOS="799" VPOS="2096" WIDTH="81" />
<SP HEIGHT="67" HPOS="881" VPOS="2098" WIDTH="23" />
<String CONTENT="The" HEIGHT="54" HPOS="905" VPOS="2097" WIDTH="122" />
<SP HEIGHT="52" HPOS="1028" VPOS="2099" WIDTH="25" />
<String CONTENT="R." HEIGHT="51" HPOS="1054" VPOS="2099" WIDTH="67" />
<SP HEIGHT="52" HPOS="1122" VPOS="2098" WIDTH="25" />
<String CONTENT="L." HEIGHT="52" HPOS="1148" VPOS="2098" WIDTH="65" />
<SP HEIGHT="52" HPOS="1214" VPOS="2098" WIDTH="27" />
<String CONTENT="Bryan" HEIGHT="67" HPOS="1242" VPOS="2098" WIDTH="199" />
<SP HEIGHT="34" HPOS="1442" VPOS="2116" WIDTH="26" />
<String CONTENT="company" HEIGHT="50" HPOS="1469" VPOS="2116" WIDTH="281" />
<SP HEIGHT="49" HPOS="1751" VPOS="2117" WIDTH="29" />
<String CONTENT="[" HEIGHT="34" HPOS="1781" VPOS="2131" WIDTH="13" />
<String CONTENT="c" HEIGHT="21" HPOS="1799" STYLE="superscript" VPOS="2104" WIDTH="18" />
<String CONTENT="1933]" HEIGHT="65" HPOS="1822" VPOS="2100" WIDTH="153" />
</TextLine>
<TextLine CS="1" HEIGHT="52" HPOS="433" VPOS="2170" WIDTH="758">
<String CONTENT="145" HEIGHT="39" HPOS="433" VPOS="2174" WIDTH="87" />
<SP HEIGHT="48" HPOS="521" VPOS="2174" WIDTH="24" />
<String CONTENT="p." HEIGHT="38" HPOS="546" VPOS="2184" WIDTH="42" />
<SP HEIGHT="40" HPOS="589" VPOS="2173" WIDTH="60" />
<String CONTENT="front." CS="1" HEIGHT="39" HPOS="650" VPOS="2173" WIDTH="136" />
<SP HEIGHT="49" HPOS="801" VPOS="2170" WIDTH="27" />
<String CONTENT="(port.)" HEIGHT="50" HPOS="829" VPOS="2170" WIDTH="175" />
<SP HEIGHT="48" HPOS="1005" VPOS="2172" WIDTH="66" />
<String CONTENT="20" HEIGHT="40" HPOS="1072" VPOS="2172" WIDTH="57" />
<String CONTENT="cm" HEIGHT="21" HPOS="1132" STYLE="superscript" VPOS="2174" WIDTH="44" />
<String CONTENT="." HEIGHT="8" HPOS="1182" VPOS="2204" WIDTH="9" />
</TextLine>
<TextLine HEIGHT="40" HPOS="432" VPOS="2232" WIDTH="187">
<String CONTENT="Poems." HEIGHT="40" HPOS="432" VPOS="2232" WIDTH="187" />
</TextLine>
<TextLine CS="1" HEIGHT="52" HPOS="367" VPOS="2286" WIDTH="2012">
<String CONTENT="&#169;" HEIGHT="52" HPOS="367" VPOS="2286" WIDTH="51" />
<SP HEIGHT="52" HPOS="419" VPOS="2286" WIDTH="36" />
<String CONTENT="June" HEIGHT="39" HPOS="456" VPOS="2291" WIDTH="130" />
<SP HEIGHT="39" HPOS="587" VPOS="2290" WIDTH="30" />
<String CONTENT="23," HEIGHT="47" HPOS="618" VPOS="2290" WIDTH="70" />
<SP HEIGHT="47" HPOS="689" VPOS="2290" WIDTH="36" />
<String CONTENT="1933;" HEIGHT="47" HPOS="726" VPOS="2288" WIDTH="141" />
<SP HEIGHT="47" HPOS="868" VPOS="2288" WIDTH="38" />
<String CONTENT="2c." HEIGHT="42" HPOS="907" VPOS="2288" WIDTH="67" />
<SP HEIGHT="42" HPOS="975" VPOS="2288" WIDTH="37" />
<String CONTENT="June" HEIGHT="40" HPOS="1013" VPOS="2288" WIDTH="128" />
<SP HEIGHT="40" HPOS="1142" VPOS="2288" WIDTH="34" />
<String CONTENT="29;" HEIGHT="44" HPOS="1177" VPOS="2286" WIDTH="83" />
<SP />
<String CONTENT="aff." CS="1" />
<SP HEIGHT="39" HPOS="1381" VPOS="2288" WIDTH="39" />
<String CONTENT="June" HEIGHT="40" HPOS="1421" VPOS="2288" WIDTH="127" />
<SP HEIGHT="39" HPOS="1549" VPOS="2289" WIDTH="35" />
<String CONTENT="28;" HEIGHT="47" HPOS="1585" VPOS="2288" WIDTH="83" />
<SP HEIGHT="46" HPOS="1669" VPOS="2289" WIDTH="37" />
<String CONTENT="A" HEIGHT="38" HPOS="1707" VPOS="2289" WIDTH="42" />
<SP HEIGHT="41" HPOS="1750" VPOS="2288" WIDTH="35" />
<String CONTENT="64166;" HEIGHT="48" HPOS="1786" VPOS="2288" WIDTH="171" />
<SP HEIGHT="46" HPOS="1958" VPOS="2290" WIDTH="40" />
<String CONTENT="E." HEIGHT="40" HPOS="1999" VPOS="2290" WIDTH="53" />
<SP HEIGHT="41" HPOS="2053" VPOS="2289" WIDTH="36" />
<String CONTENT="K." HEIGHT="39" HPOS="2090" VPOS="2289" WIDTH="58" />
<SP HEIGHT="39" HPOS="2149" VPOS="2289" WIDTH="37" />
<String CONTENT="Ricker," HEIGHT="46" HPOS="2187" VPOS="2288" WIDTH="192" />
</TextLine>
<TextLine HEIGHT="49" HPOS="437" VPOS="2345" WIDTH="718">
<String CONTENT="Sumter," HEIGHT="46" HPOS="437" VPOS="2348" WIDTH="209" />
<SP HEIGHT="47" HPOS="647" VPOS="2347" WIDTH="30" />
<String CONTENT="S." HEIGHT="40" HPOS="678" VPOS="2347" WIDTH="43" />
<SP HEIGHT="41" HPOS="722" VPOS="2346" WIDTH="28" />
<String CONTENT="C." HEIGHT="41" HPOS="751" VPOS="2346" WIDTH="51" />
<SP HEIGHT="48" HPOS="803" VPOS="2346" WIDTH="69" />
<String CONTENT="(33-17643)" HEIGHT="49" HPOS="873" VPOS="2345" WIDTH="282" />
</TextLine>
<TextLine HEIGHT="67" HPOS="358" STYLEREFS="StyleId-9F5CF7D6-B640-41BC-AFA2-C06894806199-" VPOS="2436" WIDTH="994">
<String CONTENT="Roberts," HEIGHT="67" HPOS="358" VPOS="2436" WIDTH="275" />
<SP HEIGHT="64" HPOS="634" VPOS="2439" WIDTH="26" />
<String CONTENT="Helen" HEIGHT="54" HPOS="661" VPOS="2437" WIDTH="186" />
<SP HEIGHT="53" HPOS="848" VPOS="2438" WIDTH="28" />
<String CONTENT="Heffron," HEIGHT="67" HPOS="877" VPOS="2436" WIDTH="270" />
<SP HEIGHT="61" HPOS="1148" VPOS="2442" WIDTH="29" />
<String CONTENT="1888-" HEIGHT="50" HPOS="1178" VPOS="2442" WIDTH="174" />
</TextLine>
<TextLine HEIGHT="70" HPOS="433" STYLEREFS="StyleId-B1AEAF9A-10F1-4C3C-A20D-853B50EE5EF3-" VPOS="2515" WIDTH="1948">
<String CONTENT="Form" HEIGHT="51" HPOS="433" VPOS="2518" WIDTH="177" />
<SP HEIGHT="52" HPOS="611" VPOS="2517" WIDTH="42" />
<String CONTENT="in" HEIGHT="52" HPOS="654" VPOS="2517" WIDTH="61" />
<SP HEIGHT="50" HPOS="716" VPOS="2535" WIDTH="42" />
<String CONTENT="primitive" HEIGHT="70" HPOS="759" VPOS="2515" WIDTH="298" />
<SP HEIGHT="35" HPOS="1058" VPOS="2534" WIDTH="41" />
<String CONTENT="music;" HEIGHT="68" HPOS="1100" VPOS="2515" WIDTH="209" />
<SP HEIGHT="49" HPOS="1310" VPOS="2534" WIDTH="45" />
<String CONTENT="an" HEIGHT="35" HPOS="1356" VPOS="2534" WIDTH="73" />
<SP HEIGHT="35" HPOS="1430" VPOS="2534" WIDTH="45" />
<String CONTENT="analytical" HEIGHT="67" HPOS="1476" VPOS="2516" WIDTH="312" />
<SP HEIGHT="53" HPOS="1789" VPOS="2516" WIDTH="45" />
<String CONTENT="and" HEIGHT="52" HPOS="1835" VPOS="2517" WIDTH="114" />
<SP HEIGHT="52" HPOS="1950" VPOS="2517" WIDTH="42" />
<String CONTENT="comparative" HEIGHT="70" HPOS="1993" VPOS="2515" WIDTH="388" />
</TextLine>
<TextLine HEIGHT="69" HPOS="363" STYLEREFS="StyleId-B1AEAF9A-10F1-4C3C-A20D-853B50EE5EF3-" VPOS="2593" WIDTH="2017">
<String CONTENT="study" HEIGHT="66" HPOS="363" VPOS="2596" WIDTH="171" />
<SP HEIGHT="49" HPOS="535" VPOS="2613" WIDTH="25" />
<String CONTENT="of" HEIGHT="54" HPOS="561" VPOS="2594" WIDTH="65" />
<SP HEIGHT="53" HPOS="627" VPOS="2594" WIDTH="24" />
<String CONTENT="the" HEIGHT="53" HPOS="652" VPOS="2595" WIDTH="96" />
<SP HEIGHT="34" HPOS="749" VPOS="2614" WIDTH="24" />
<String CONTENT="melodic" HEIGHT="53" HPOS="774" VPOS="2595" WIDTH="242" />
<SP HEIGHT="54" HPOS="1017" VPOS="2593" WIDTH="28" />
<String CONTENT="form" HEIGHT="54" HPOS="1046" VPOS="2593" WIDTH="153" />
<SP HEIGHT="35" HPOS="1200" VPOS="2613" WIDTH="26" />
<String CONTENT="of" HEIGHT="55" HPOS="1227" VPOS="2593" WIDTH="65" />
<SP HEIGHT="55" HPOS="1293" VPOS="2593" WIDTH="24" />
<String CONTENT="some" HEIGHT="36" HPOS="1318" VPOS="2612" WIDTH="152" />
<SP HEIGHT="33" HPOS="1471" VPOS="2614" WIDTH="26" />
<String CONTENT="ancient" HEIGHT="52" HPOS="1498" VPOS="2595" WIDTH="226" />
<SP HEIGHT="47" HPOS="1725" VPOS="2601" WIDTH="25" />
<String CONTENT="southern" HEIGHT="52" HPOS="1751" VPOS="2596" WIDTH="273" />
<SP HEIGHT="55" HPOS="2025" VPOS="2594" WIDTH="28" />
<String CONTENT="California" HEIGHT="57" HPOS="2054" VPOS="2594" WIDTH="326" />
</TextLine>
<TextLine HEIGHT="69" HPOS="365" STYLEREFS="StyleId-B1AEAF9A-10F1-4C3C-A20D-853B50EE5EF3-" VPOS="2672" WIDTH="2014">
<String CONTENT="Indian" HEIGHT="54" HPOS="365" VPOS="2673" WIDTH="212" />
<SP HEIGHT="35" HPOS="578" VPOS="2692" WIDTH="42" />
<String CONTENT="songs," HEIGHT="50" HPOS="621" VPOS="2691" WIDTH="189" />
<SP HEIGHT="69" HPOS="811" VPOS="2672" WIDTH="38" />
<String CONTENT="by" HEIGHT="69" HPOS="850" VPOS="2672" WIDTH="76" />
<SP HEIGHT="68" HPOS="927" VPOS="2673" WIDTH="43" />
<String CONTENT="Helen" HEIGHT="52" HPOS="971" VPOS="2673" WIDTH="188" />
<SP HEIGHT="53" HPOS="1160" VPOS="2672" WIDTH="42" />
<String CONTENT="H." HEIGHT="53" HPOS="1203" VPOS="2672" WIDTH="77" />
<SP HEIGHT="53" HPOS="1281" VPOS="2672" WIDTH="43" />
<String CONTENT="Roberts." HEIGHT="53" HPOS="1325" VPOS="2672" WIDTH="259" />
<SP HEIGHT="52" HPOS="1585" VPOS="2674" WIDTH="76" />
<String CONTENT="New" HEIGHT="52" HPOS="1662" VPOS="2674" WIDTH="140" />
<SP HEIGHT="52" HPOS="1803" VPOS="2674" WIDTH="43" />
<String CONTENT="York," HEIGHT="59" HPOS="1847" VPOS="2673" WIDTH="182" />
<SP HEIGHT="59" HPOS="2030" VPOS="2673" WIDTH="41" />
<String CONTENT="American" HEIGHT="53" HPOS="2072" VPOS="2673" WIDTH="307" />
</TextLine>
<TextLine HEIGHT="72" HPOS="363" STYLEREFS="StyleId-B1AEAF9A-10F1-4C3C-A20D-853B50EE5EF3-" VPOS="2749" WIDTH="2016">
<String CONTENT="library" HEIGHT="69" HPOS="363" VPOS="2750" WIDTH="220" />
<SP HEIGHT="50" HPOS="584" VPOS="2769" WIDTH="34" />
<String CONTENT="of" HEIGHT="54" HPOS="619" VPOS="2750" WIDTH="65" />
<SP HEIGHT="53" HPOS="685" VPOS="2750" WIDTH="32" />
<String CONTENT="musicology," HEIGHT="70" HPOS="718" VPOS="2749" WIDTH="372" />
<SP HEIGHT="67" HPOS="1091" VPOS="2752" WIDTH="33" />
<String CONTENT="W." HEIGHT="54" HPOS="1125" VPOS="2752" WIDTH="91" />
<SP HEIGHT="54" HPOS="1217" VPOS="2752" WIDTH="35" />
<String CONTENT="W." HEIGHT="54" HPOS="1253" VPOS="2752" WIDTH="91" />
<SP HEIGHT="52" HPOS="1345" VPOS="2752" WIDTH="36" />
<String CONTENT="Norton" HEIGHT="52" HPOS="1382" VPOS="2752" WIDTH="225" />
<SP HEIGHT="50" HPOS="1608" VPOS="2754" WIDTH="35" />
<String CONTENT="&amp;" HEIGHT="50" HPOS="1644" VPOS="2754" WIDTH="46" />
<SP HEIGHT="51" HPOS="1691" VPOS="2754" WIDTH="33" />
<String CONTENT="company," HEIGHT="51" HPOS="1725" VPOS="2770" WIDTH="300" />
<SP HEIGHT="67" HPOS="2026" VPOS="2752" WIDTH="35" />
<String CONTENT="inc.," HEIGHT="67" HPOS="2062" VPOS="2752" WIDTH="127" />
<SP HEIGHT="63" HPOS="2190" VPOS="2756" WIDTH="39" />
<String CONTENT="1933." HEIGHT="50" HPOS="2230" VPOS="2754" WIDTH="149" />
</TextLine>
<TextLine CS="1" HEIGHT="108" HPOS="363" VPOS="2823" WIDTH="1999">
<String CONTENT="x," HEIGHT="36" HPOS="433" VPOS="2838" WIDTH="46" />
<SP HEIGHT="48" HPOS="480" VPOS="2826" WIDTH="31" />
<String CONTENT="180" HEIGHT="40" HPOS="512" VPOS="2825" WIDTH="85" />
<SP HEIGHT="47" HPOS="598" VPOS="2825" WIDTH="30" />
<String CONTENT="p." HEIGHT="38" HPOS="629" VPOS="2834" WIDTH="43" />
<SP HEIGHT="40" HPOS="673" VPOS="2824" WIDTH="60" />
<String CONTENT="25&#189;" CS="1" HEIGHT="41" HPOS="734" VPOS="2824" WIDTH="57" />
<String CONTENT="cm" HEIGHT="21" HPOS="823" STYLE="superscript" VPOS="2827" WIDTH="44" />
<String CONTENT="." HEIGHT="9" HPOS="871" VPOS="2855" WIDTH="9" />
<SP />
<String CONTENT="(Half-title:" HEIGHT="50" HPOS="955" VPOS="2823" WIDTH="302" />
<SP HEIGHT="40" HPOS="1258" VPOS="2824" WIDTH="30" />
<String CONTENT="American" HEIGHT="41" HPOS="1289" VPOS="2824" WIDTH="259" />
<SP HEIGHT="38" HPOS="1549" VPOS="2827" WIDTH="31" />
<String CONTENT="library" HEIGHT="48" HPOS="1581" VPOS="2825" WIDTH="186" />
<SP HEIGHT="37" HPOS="1768" VPOS="2836" WIDTH="35" />
<String CONTENT="of" HEIGHT="39" HPOS="1804" VPOS="2826" WIDTH="52" />
<SP HEIGHT="39" HPOS="1857" VPOS="2826" WIDTH="32" />
<String CONTENT="musicology." HEIGHT="49" HPOS="1890" VPOS="2824" WIDTH="312" />
<SP HEIGHT="41" HPOS="2203" VPOS="2825" WIDTH="59" />
<String CONTENT="Contemporary" HEIGHT="106" HPOS="363" VPOS="2825" WIDTH="1999" />
<SP HEIGHT="38" HPOS="639" VPOS="2893" WIDTH="31" />
<String CONTENT="series" HEIGHT="42" HPOS="671" VPOS="2882" WIDTH="151" />
<SP HEIGHT="31" HPOS="823" VPOS="2893" WIDTH="30" />
<String CONTENT="&#8230;" CS="1" />
<SP HEIGHT="31" HPOS="902" VPOS="2893" WIDTH="60" />
<String CONTENT="v." HEIGHT="31" HPOS="963" VPOS="2893" WIDTH="43" />
<SP HEIGHT="40" HPOS="1007" VPOS="2881" WIDTH="27" />
<String CONTENT="2)" HEIGHT="50" HPOS="1035" VPOS="2881" WIDTH="51" />
</TextLine>
<TextLine CS="1" HEIGHT="48" HPOS="435" VPOS="2939" WIDTH="1943">
<String CONTENT="&#8220;The" HEIGHT="39" HPOS="435" VPOS="2940" WIDTH="128" />
<SP HEIGHT="30" HPOS="564" VPOS="2950" WIDTH="34" />
<String CONTENT="songs" HEIGHT="37" HPOS="599" VPOS="2950" WIDTH="143" />
<SP HEIGHT="30" HPOS="743" VPOS="2950" WIDTH="40" />
<String CONTENT="&#8230;" CS="1" />
<SP HEIGHT="29" HPOS="829" VPOS="2951" WIDTH="40" />
<String CONTENT="are" HEIGHT="30" HPOS="870" VPOS="2950" WIDTH="86" />
<SP HEIGHT="40" HPOS="957" VPOS="2940" WIDTH="34" />
<String CONTENT="derived" HEIGHT="41" HPOS="992" VPOS="2939" WIDTH="198" />
<SP HEIGHT="40" HPOS="1191" VPOS="2939" WIDTH="36" />
<String CONTENT="from" HEIGHT="40" HPOS="1228" VPOS="2939" WIDTH="129" />
<SP HEIGHT="37" HPOS="1358" VPOS="2942" WIDTH="37" />
<String CONTENT="three" HEIGHT="41" HPOS="1396" VPOS="2939" WIDTH="137" />
<SP HEIGHT="29" HPOS="1534" VPOS="2951" WIDTH="34" />
<String CONTENT="sources:" HEIGHT="31" HPOS="1569" VPOS="2949" WIDTH="222" />
<SP HEIGHT="39" HPOS="1792" VPOS="2940" WIDTH="41" />
<String CONTENT="Luise&#241;o," CS="1" HEIGHT="47" HPOS="1834" VPOS="2939" WIDTH="223" />
<SP HEIGHT="45" HPOS="2058" VPOS="2941" WIDTH="40" />
<String CONTENT="Gabrielino" HEIGHT="40" HPOS="2099" VPOS="2939" WIDTH="279" />
</TextLine>
<TextLine HEIGHT="48" HPOS="373" VPOS="2996" WIDTH="2005">
<String CONTENT="(presumably" HEIGHT="47" HPOS="373" VPOS="2997" WIDTH="335" />
<SP HEIGHT="37" HPOS="709" VPOS="3007" WIDTH="40" />
<String CONTENT="mainland" HEIGHT="40" HPOS="750" VPOS="2996" WIDTH="252" />
<SP HEIGHT="39" HPOS="1003" VPOS="2997" WIDTH="39" />
<String CONTENT="although" HEIGHT="47" HPOS="1043" VPOS="2997" WIDTH="234" />
<SP HEIGHT="39" HPOS="1278" VPOS="2997" WIDTH="40" />
<String CONTENT="not" HEIGHT="37" HPOS="1319" VPOS="2999" WIDTH="84" />
<SP HEIGHT="37" HPOS="1404" VPOS="2999" WIDTH="38" />
<String CONTENT="clearly" HEIGHT="47" HPOS="1443" VPOS="2996" WIDTH="182" />
<SP HEIGHT="36" HPOS="1626" VPOS="3007" WIDTH="39" />
<String CONTENT="so)" HEIGHT="47" HPOS="1666" VPOS="2997" WIDTH="77" />
<SP HEIGHT="47" HPOS="1744" VPOS="2997" WIDTH="47" />
<String CONTENT="and" HEIGHT="38" HPOS="1792" VPOS="2998" WIDTH="94" />
<SP HEIGHT="39" HPOS="1887" VPOS="2998" WIDTH="40" />
<String CONTENT="a" HEIGHT="28" HPOS="1928" VPOS="3009" WIDTH="26" />
<SP HEIGHT="30" HPOS="1955" VPOS="3007" WIDTH="40" />
<String CONTENT="small" HEIGHT="39" HPOS="1996" VPOS="2997" WIDTH="140" />
<SP HEIGHT="37" HPOS="2137" VPOS="2998" WIDTH="40" />
<String CONTENT="number" HEIGHT="39" HPOS="2178" VPOS="2996" WIDTH="200" />
</TextLine>
<TextLine HEIGHT="51" HPOS="363" VPOS="3051" WIDTH="1438">
<String CONTENT="plainly" HEIGHT="51" HPOS="363" VPOS="3051" WIDTH="186" />
<SP HEIGHT="38" HPOS="550" VPOS="3064" WIDTH="26" />
<String CONTENT="stated" HEIGHT="39" HPOS="577" VPOS="3055" WIDTH="162" />
<SP HEIGHT="39" HPOS="740" VPOS="3055" WIDTH="26" />
<String CONTENT="to" HEIGHT="38" HPOS="767" VPOS="3056" WIDTH="48" />
<SP HEIGHT="41" HPOS="816" VPOS="3053" WIDTH="25" />
<String CONTENT="belong" HEIGHT="49" HPOS="842" VPOS="3053" WIDTH="173" />
<SP HEIGHT="46" HPOS="1016" VPOS="3056" WIDTH="24" />
<String CONTENT="to" HEIGHT="38" HPOS="1041" VPOS="3056" WIDTH="49" />
<SP HEIGHT="41" HPOS="1091" VPOS="3053" WIDTH="27" />
<String CONTENT="Catalina.&#8221;&#8212;Introd.," HEIGHT="49" HPOS="1119" VPOS="3052" WIDTH="539" />
<SP HEIGHT="37" HPOS="1659" VPOS="3065" WIDTH="27" />
<String CONTENT="p." HEIGHT="37" HPOS="1687" VPOS="3065" WIDTH="44" />
<SP HEIGHT="41" HPOS="1732" VPOS="3053" WIDTH="26" />
<String CONTENT="2." HEIGHT="41" HPOS="1759" VPOS="3053" WIDTH="42" />
</TextLine>
<TextLine HEIGHT="41" HPOS="434" VPOS="3110" WIDTH="423">
<String CONTENT="Includes" HEIGHT="41" HPOS="434" VPOS="3110" WIDTH="226" />
<SP HEIGHT="29" HPOS="661" VPOS="3121" WIDTH="28" />
<String CONTENT="music." HEIGHT="41" HPOS="690" VPOS="3110" WIDTH="167" />
</TextLine>
<TextLine HEIGHT="50" HPOS="434" VPOS="3165" WIDTH="699">
<String CONTENT="Bibliography;" HEIGHT="49" HPOS="434" VPOS="3166" WIDTH="378" />
<SP HEIGHT="38" HPOS="813" VPOS="3177" WIDTH="28" />
<String CONTENT="p." HEIGHT="37" HPOS="842" VPOS="3178" WIDTH="44" />
<SP HEIGHT="40" HPOS="887" VPOS="3167" WIDTH="28" />
<String CONTENT="179-180." HEIGHT="43" HPOS="916" VPOS="3165" WIDTH="217" />
</TextLine>
<TextLine CS="1" HEIGHT="53" HPOS="368" VPOS="3219" WIDTH="2012">
<String CONTENT="&#169;" HEIGHT="53" HPOS="368" VPOS="3219" WIDTH="52" />
<SP HEIGHT="53" HPOS="421" VPOS="3219" WIDTH="26" />
<String CONTENT="June" HEIGHT="39" HPOS="448" VPOS="3225" WIDTH="128" />
<SP HEIGHT="40" HPOS="577" VPOS="3224" WIDTH="19" />
<String CONTENT="9," HEIGHT="47" HPOS="597" VPOS="3224" WIDTH="40" />
<SP HEIGHT="46" HPOS="638" VPOS="3225" WIDTH="25" />
<String CONTENT="1933;" HEIGHT="42" HPOS="664" VPOS="3224" WIDTH="141" />
<SP HEIGHT="42" HPOS="806" VPOS="3224" WIDTH="26" />
<String CONTENT="2c." HEIGHT="40" HPOS="833" VPOS="3224" WIDTH="67" />
<SP HEIGHT="39" HPOS="901" VPOS="3224" WIDTH="26" />
<String CONTENT="June" HEIGHT="40" HPOS="928" VPOS="3224" WIDTH="128" />
<SP HEIGHT="40" HPOS="1057" VPOS="3224" WIDTH="22" />
<String CONTENT="13;" HEIGHT="46" HPOS="1080" VPOS="3224" WIDTH="82" />
<SP />
<String CONTENT="aff." CS="1" />
<SP HEIGHT="39" HPOS="1274" VPOS="3224" WIDTH="26" />
<String CONTENT="June" HEIGHT="40" HPOS="1301" VPOS="3224" WIDTH="128" />
<SP HEIGHT="39" HPOS="1430" VPOS="3224" WIDTH="23" />
<String CONTENT="14;" HEIGHT="45" HPOS="1454" VPOS="3224" WIDTH="81" />
<SP HEIGHT="45" HPOS="1536" VPOS="3224" WIDTH="28" />
<String CONTENT="A" HEIGHT="38" HPOS="1565" VPOS="3224" WIDTH="41" />
<SP HEIGHT="41" HPOS="1607" VPOS="3222" WIDTH="25" />
<String CONTENT="63172;" HEIGHT="48" HPOS="1633" VPOS="3222" WIDTH="171" />
<SP HEIGHT="46" HPOS="1805" VPOS="3224" WIDTH="29" />
<String CONTENT="H." HEIGHT="40" HPOS="1835" VPOS="3224" WIDTH="60" />
<SP HEIGHT="39" HPOS="1896" VPOS="3225" WIDTH="28" />
<String CONTENT="H." HEIGHT="42" HPOS="1925" VPOS="3225" WIDTH="60" />
<SP HEIGHT="42" HPOS="1986" VPOS="3225" WIDTH="27" />
<String CONTENT="Roberts," HEIGHT="45" HPOS="2014" VPOS="3224" WIDTH="220" />
<SP HEIGHT="46" HPOS="2235" VPOS="3223" WIDTH="26" />
<String CONTENT="New" HEIGHT="39" HPOS="2262" VPOS="3223" WIDTH="118" />
</TextLine>
<TextLine HEIGHT="49" HPOS="435" VPOS="3281" WIDTH="541">
<String CONTENT="Haven." HEIGHT="40" HPOS="435" VPOS="3282" WIDTH="187" />
<SP HEIGHT="48" HPOS="623" VPOS="3282" WIDTH="70" />
<String CONTENT="(33-17404)" HEIGHT="49" HPOS="694" VPOS="3281" WIDTH="282" />
</TextLine>
<TextLine HEIGHT="67" HPOS="359" STYLEREFS="StyleId-9F5CF7D6-B640-41BC-AFA2-C06894806199-" VPOS="3370" WIDTH="759">
<String CONTENT="Roe," HEIGHT="65" HPOS="359" VPOS="3371" WIDTH="140" />
<SP HEIGHT="65" HPOS="500" VPOS="3371" WIDTH="27" />
<String CONTENT="Yingie" HEIGHT="66" HPOS="528" VPOS="3370" WIDTH="214" />
<SP HEIGHT="52" HPOS="743" VPOS="3373" WIDTH="28" />
<String CONTENT="Eve," HEIGHT="64" HPOS="772" VPOS="3373" WIDTH="142" />
<SP HEIGHT="60" HPOS="915" VPOS="3377" WIDTH="29" />
<String CONTENT="1879-" HEIGHT="54" HPOS="945" VPOS="3372" WIDTH="173" />
</TextLine>
<TextLine HEIGHT="68" HPOS="436" STYLEREFS="StyleId-B1AEAF9A-10F1-4C3C-A20D-853B50EE5EF3-" VPOS="3449" WIDTH="1938">
<String CONTENT="Flame" HEIGHT="52" HPOS="436" VPOS="3450" WIDTH="198" />
<SP HEIGHT="34" HPOS="635" VPOS="3468" WIDTH="48" />
<String CONTENT="of" HEIGHT="53" HPOS="684" VPOS="3449" WIDTH="63" />
<SP HEIGHT="53" HPOS="748" VPOS="3449" WIDTH="45" />
<String CONTENT="the" HEIGHT="52" HPOS="794" VPOS="3450" WIDTH="96" />
<SP HEIGHT="51" HPOS="891" VPOS="3451" WIDTH="47" />
<String CONTENT="border," HEIGHT="66" HPOS="939" VPOS="3451" WIDTH="225" />
<SP HEIGHT="66" HPOS="1165" VPOS="3451" WIDTH="45" />
<String CONTENT="by" HEIGHT="66" HPOS="1211" VPOS="3451" WIDTH="76" />
<SP HEIGHT="66" HPOS="1288" VPOS="3451" WIDTH="49" />
<String CONTENT="Yingie" HEIGHT="67" HPOS="1338" VPOS="3450" WIDTH="210" />
<SP HEIGHT="52" HPOS="1549" VPOS="3451" WIDTH="46" />
<String CONTENT="E." HEIGHT="52" HPOS="1596" VPOS="3451" WIDTH="68" />
<SP HEIGHT="52" HPOS="1665" VPOS="3451" WIDTH="47" />
<String CONTENT="Roe." HEIGHT="52" HPOS="1713" VPOS="3451" WIDTH="137" />
<SP HEIGHT="55" HPOS="1851" VPOS="3450" WIDTH="84" />
<String CONTENT="Garden" HEIGHT="55" HPOS="1936" VPOS="3450" WIDTH="233" />
<SP HEIGHT="56" HPOS="2170" VPOS="3449" WIDTH="49" />
<String CONTENT="City," HEIGHT="68" HPOS="2220" VPOS="3449" WIDTH="154" />
</TextLine>
<TextLine CS="1" HEIGHT="71" HPOS="366" STYLEREFS="StyleId-B1AEAF9A-10F1-4C3C-A20D-853B50EE5EF3-" VPOS="3525" WIDTH="1939">
<String CONTENT="N." HEIGHT="52" HPOS="366" VPOS="3526" WIDTH="69" />
<SP HEIGHT="53" HPOS="436" VPOS="3525" WIDTH="33" />
<String CONTENT="Y.," HEIGHT="69" HPOS="470" VPOS="3525" WIDTH="89" />
<SP HEIGHT="67" HPOS="560" VPOS="3527" WIDTH="31" />
<String CONTENT="Doubleday," CS="1" HEIGHT="68" HPOS="592" VPOS="3526" WIDTH="360" />
<SP HEIGHT="66" HPOS="953" VPOS="3528" WIDTH="30" />
<String CONTENT="Doran" HEIGHT="53" HPOS="984" VPOS="3528" WIDTH="200" />
<SP HEIGHT="33" HPOS="1185" VPOS="3547" WIDTH="32" />
<String CONTENT="and" HEIGHT="52" HPOS="1218" VPOS="3528" WIDTH="111" />
<SP HEIGHT="52" HPOS="1330" VPOS="3528" WIDTH="34" />
<String CONTENT="company," HEIGHT="50" HPOS="1365" VPOS="3546" WIDTH="298" />
<SP HEIGHT="66" HPOS="1664" VPOS="3528" WIDTH="33" />
<String CONTENT="incorporated," HEIGHT="67" HPOS="1698" VPOS="3528" WIDTH="420" />
<SP HEIGHT="62" HPOS="2119" VPOS="3532" WIDTH="33" />
<String CONTENT="1933." HEIGHT="49" HPOS="2153" VPOS="3532" WIDTH="152" />
</TextLine>
<TextLine CS="1" HEIGHT="50" HPOS="437" VPOS="3600" WIDTH="757">
<String CONTENT="6" HEIGHT="40" HPOS="437" VPOS="3601" WIDTH="28" />
<SP HEIGHT="48" HPOS="466" VPOS="3601" WIDTH="25" />
<String CONTENT="p." CS="1" />
<SP />
<String CONTENT="l.," CS="1" HEIGHT="16" HPOS="602" VPOS="3632" WIDTH="9" />
<SP HEIGHT="48" HPOS="612" VPOS="3600" WIDTH="26" />
<String CONTENT="296" HEIGHT="41" HPOS="639" VPOS="3600" WIDTH="87" />
<SP HEIGHT="49" HPOS="727" VPOS="3601" WIDTH="26" />
<String CONTENT="p." HEIGHT="38" HPOS="754" VPOS="3612" WIDTH="42" />
<SP HEIGHT="40" HPOS="797" VPOS="3601" WIDTH="60" />
<String CONTENT="illus." HEIGHT="41" HPOS="858" VPOS="3601" WIDTH="129" />
<SP HEIGHT="40" HPOS="988" VPOS="3602" WIDTH="60" />
<String CONTENT="19&#189;" CS="1" HEIGHT="41" HPOS="1049" VPOS="3601" WIDTH="55" />
<String CONTENT="cm" HEIGHT="21" HPOS="1136" STYLE="superscript" VPOS="3603" WIDTH="44" />
<String CONTENT="." HEIGHT="9" HPOS="1185" VPOS="3633" WIDTH="9" />
</TextLine>
<TextLine HEIGHT="42" HPOS="439" VPOS="3657" WIDTH="421">
<String CONTENT="&#8220;First" HEIGHT="40" HPOS="439" VPOS="3658" WIDTH="162" />
<SP HEIGHT="39" HPOS="602" VPOS="3660" WIDTH="26" />
<String CONTENT="edition.&#8221;" HEIGHT="42" HPOS="629" VPOS="3657" WIDTH="231" />
</TextLine>
<TextLine CS="1" HEIGHT="54" HPOS="370" VPOS="3710" WIDTH="1951">
<String CONTENT="&#169;" HEIGHT="53" HPOS="370" VPOS="3710" WIDTH="51" />
<SP HEIGHT="53" HPOS="422" VPOS="3710" WIDTH="29" />
<String CONTENT="July" CS="1" HEIGHT="39" HPOS="452" VPOS="3715" WIDTH="81" />
<SP HEIGHT="39" HPOS="569" VPOS="3716" WIDTH="27" />
<String CONTENT="5," HEIGHT="42" HPOS="597" VPOS="3716" WIDTH="38" />
<SP HEIGHT="42" HPOS="636" VPOS="3716" WIDTH="29" />
<String CONTENT="1933:" HEIGHT="41" HPOS="666" VPOS="3715" WIDTH="140" />
<SP HEIGHT="40" HPOS="807" VPOS="3716" WIDTH="30" />
<String CONTENT="2c." HEIGHT="39" HPOS="838" VPOS="3716" WIDTH="66" />
<SP HEIGHT="28" HPOS="905" VPOS="3726" WIDTH="31" />
<String CONTENT="and" HEIGHT="39" HPOS="937" VPOS="3716" WIDTH="93" />
<SP HEIGHT="39" HPOS="1031" VPOS="3716" WIDTH="30" />
<String CONTENT="aff." HEIGHT="40" HPOS="1062" VPOS="3715" WIDTH="82" />
<SP HEIGHT="40" HPOS="1145" VPOS="3715" WIDTH="29" />
<String CONTENT="July" HEIGHT="41" HPOS="1175" VPOS="3715" WIDTH="116" />
<SP HEIGHT="41" HPOS="1292" VPOS="3715" WIDTH="27" />
<String CONTENT="6:" HEIGHT="41" HPOS="1320" VPOS="3715" WIDTH="52" />
<SP HEIGHT="41" HPOS="1373" VPOS="3715" WIDTH="31" />
<String CONTENT="A" HEIGHT="39" HPOS="1405" VPOS="3715" WIDTH="40" />
<SP HEIGHT="39" HPOS="1446" VPOS="3715" WIDTH="27" />
<String CONTENT="63544;" HEIGHT="43" HPOS="1474" VPOS="3715" WIDTH="171" />
<SP HEIGHT="43" HPOS="1646" VPOS="3715" WIDTH="31" />
<String CONTENT="V." HEIGHT="41" HPOS="1678" VPOS="3715" WIDTH="52" />
<SP HEIGHT="39" HPOS="1731" VPOS="3717" WIDTH="31" />
<String CONTENT="E." HEIGHT="39" HPOS="1763" VPOS="3717" WIDTH="52" />
<SP HEIGHT="40" HPOS="1816" VPOS="3716" WIDTH="31" />
<String CONTENT="Roe," HEIGHT="43" HPOS="1848" VPOS="3716" WIDTH="112" />
<SP HEIGHT="43" HPOS="1961" VPOS="3716" WIDTH="30" />
<String CONTENT="Napa," HEIGHT="48" HPOS="1992" VPOS="3716" WIDTH="153" />
<SP HEIGHT="47" HPOS="2146" VPOS="3716" WIDTH="28" />
<String CONTENT="Calif." HEIGHT="42" HPOS="2175" VPOS="3716" WIDTH="146" />
</TextLine>
<TextLine CS="1" HEIGHT="46" HPOS="449" VPOS="3773" WIDTH="281">
<String CONTENT="(33-17390)" HEIGHT="46" HPOS="449" VPOS="3773" WIDTH="281" />
<SP />
</TextLine>
<TextLine HEIGHT="60" HPOS="362" STYLEREFS="StyleId-9F5CF7D6-B640-41BC-AFA2-C06894806199-" VPOS="3864" WIDTH="965">
<String CONTENT="Ruffin," HEIGHT="60" HPOS="362" VPOS="3864" WIDTH="212" />
<SP HEIGHT="59" HPOS="575" VPOS="3865" WIDTH="27" />
<String CONTENT="John" HEIGHT="54" HPOS="603" VPOS="3864" WIDTH="155" />
<SP HEIGHT="51" HPOS="759" VPOS="3866" WIDTH="29" />
<String CONTENT="Demosthenes" HEIGHT="53" HPOS="789" VPOS="3865" WIDTH="437" />
<SP HEIGHT="52" HPOS="1227" VPOS="3866" WIDTH="26" />
<String CONTENT="N." HEIGHT="53" HPOS="1254" VPOS="3866" WIDTH="73" />
</TextLine>
<TextLine HEIGHT="69" HPOS="434" STYLEREFS="StyleId-B1AEAF9A-10F1-4C3C-A20D-853B50EE5EF3-" VPOS="3942" WIDTH="1938">
<String CONTENT="The" HEIGHT="52" HPOS="434" VPOS="3942" WIDTH="120" />
<SP HEIGHT="34" HPOS="555" VPOS="3961" WIDTH="40" />
<String CONTENT="celebrated" HEIGHT="52" HPOS="596" VPOS="3943" WIDTH="315" />
<SP HEIGHT="54" HPOS="912" VPOS="3943" WIDTH="42" />
<String CONTENT="Crown" HEIGHT="54" HPOS="955" VPOS="3943" WIDTH="207" />
<SP HEIGHT="46" HPOS="1163" VPOS="3950" WIDTH="38" />
<String CONTENT="trial" HEIGHT="53" HPOS="1202" VPOS="3943" WIDTH="136" />
<SP HEIGHT="67" HPOS="1339" VPOS="3944" WIDTH="51" />
<String CONTENT="(over" HEIGHT="67" HPOS="1391" VPOS="3944" WIDTH="160" />
<SP HEIGHT="33" HPOS="1552" VPOS="3962" WIDTH="39" />
<String CONTENT="a" HEIGHT="33" HPOS="1592" VPOS="3962" WIDTH="26" />
<SP HEIGHT="47" HPOS="1619" VPOS="3949" WIDTH="41" />
<String CONTENT="thousand" HEIGHT="52" HPOS="1661" VPOS="3944" WIDTH="286" />
<SP HEIGHT="52" HPOS="1948" VPOS="3944" WIDTH="39" />
<String CONTENT="members" HEIGHT="52" HPOS="1988" VPOS="3945" WIDTH="275" />
<SP HEIGHT="36" HPOS="2264" VPOS="3961" WIDTH="38" />
<String CONTENT="on" HEIGHT="35" HPOS="2303" VPOS="3961" WIDTH="69" />
</TextLine>
<TextLine HEIGHT="72" HPOS="363" STYLEREFS="StyleId-B1AEAF9A-10F1-4C3C-A20D-853B50EE5EF3-" VPOS="4020" WIDTH="2013">
<String CONTENT="the" HEIGHT="53" HPOS="363" VPOS="4021" WIDTH="95" />
<SP HEIGHT="67" HPOS="459" VPOS="4022" WIDTH="26" />
<String CONTENT="jury)." HEIGHT="69" HPOS="486" VPOS="4020" WIDTH="190" />
<SP HEIGHT="55" HPOS="677" VPOS="4022" WIDTH="63" />
<String CONTENT="Orations" HEIGHT="55" HPOS="741" VPOS="4022" WIDTH="273" />
<SP HEIGHT="33" HPOS="1015" VPOS="4042" WIDTH="29" />
<String CONTENT="and" HEIGHT="52" HPOS="1045" VPOS="4023" WIDTH="110" />
<SP HEIGHT="52" HPOS="1156" VPOS="4023" WIDTH="30" />
<String CONTENT="mighty" HEIGHT="70" HPOS="1187" VPOS="4022" WIDTH="224" />
<SP HEIGHT="48" HPOS="1412" VPOS="4044" WIDTH="28" />
<String CONTENT="combatants" HEIGHT="54" HPOS="1441" VPOS="4023" WIDTH="355" />
<SP HEIGHT="67" HPOS="1797" VPOS="4023" WIDTH="37" />
<String CONTENT="(the" HEIGHT="67" HPOS="1835" VPOS="4023" WIDTH="120" />
<SP HEIGHT="47" HPOS="1956" VPOS="4028" WIDTH="29" />
<String CONTENT="two" HEIGHT="47" HPOS="1986" VPOS="4028" WIDTH="112" />
<SP HEIGHT="50" HPOS="2099" VPOS="4042" WIDTH="27" />
<String CONTENT="greatest" HEIGHT="64" HPOS="2127" VPOS="4028" WIDTH="249" />
</TextLine>
</TextBlock>
</PrintSpace>
</Page>
</Layout>
</alto>