2575 4405
1050 4088 100 50 201

101 458 156 51 Iowa
288 457 110 52 and
430 456 187 53 North
647 458 239 48 western
919 452 203 69 digest,
1152 451 269 70 covering
1452 452 77 53 all
1561 470 152 36 cases
1742 451 267 70 reported
2039 451 62 54 in

172 535 156 52 Iowa
361 540 240 62 reports,
633 532 188 54 North
854 536 237 48 western
1124 537 276 62 reporter,
1432 532 112 51 and
1578 532 77 51 all
1689 530 63 53 of
1784 531 96 52 the
1912 531 188 52 North

171 619 239 46 western
441 617 173 48 states
648 617 224 62 reports
906 610 154 52 from
1091 610 97 52 the
1220 609 229 54 earliest
1480 609 184 68 times,
1697 608 142 55 with
1872 615 230 49 current

171 690 344 53 cumulative
566 690 203 67 pocket
818 688 213 54 service
1079 687 247 69 keeping
1374 688 115 53 this
1543 688 187 69 digest
1778 689 213 68 always
2041 692 60 48 to

172 766 1929 70 date … Compiled and edited by the publisher’s editorial
171 845 149 55 staff,
396 867 50 32 v.
479 850 186 49 21-23.
744 846 82 54 St.
862 847 166 66 Paul,
1058 848 160 53 West
1249 845 337 69 publishing
1616 865 78 34 co.
1808 849 118 64 [c1933]

175 938 25 39 3
231 948 45 28 v,
330 935 58 40 26
388 937 44 22 cm
439 967 7 8 .

515 1003 45 29 CONTENTS.—v.
606 989 73 42 21.
724 988 333 43 Insurrection
1103 990 96 41 and
1245 988 546 50 sedition-Judges.—v.
1838 988 73 42 22.

108 989 1979 108 Judgment-Jury.—v.
552 1047 69 41 23.
657 1048 213 40 Justices
906 1047 53 40 of
992 1047 83 40 the
1106 1047 418 47 peace-Licenses.

107 1132 42 30 v.
176 1121 69 47 21,
275 1116 52 52 ©
355 1121 107 39 Jan.
491 1119 69 42 18.
588 1118 140 46 1933;
758 1130 42 28 v.
829 1116 70 49 22,
926 1117 69 48 23,
1026 1113 52 52 ©
1108 1118 109 39 Jan.
1246 1116 82 48 19;
1358 1118 67 40 2c.
1454 1117 119 40 each
1603 1117 112 41 Feb.
1743 1117 81 46 13;
1856 1116 106 40 affs.
1995 1118 111 41 Feb.

179 1178 82 46 15;
291 1178 41 38 A
358 1175 320 42 59452-59454;
735 1174 135 41 West
898 1174 109 48 pub.
1036 1184 68 31 co.
1741 1172 272 43 1369-1371

106 1292 330 66 Kadushin,
466 1295 158 64 Max,
658 1298 171 49 1895-

174 1372 121 53 The
325 1371 266 67 theology
622 1369 64 52 of
717 1368 176 54 Seder
923 1367 241 65 Eliahu;
1199 1390 32 34 a
1261 1368 171 68 study
1462 1368 61 53 in
1555 1365 232 71 organic
1819 1365 287 71 thinking,

102 1447 1977 149 by Rabbi Max Kadushin … v. l. New York, Bloch publishing company, 1932.
173 1615 46 35 x,
247 1602 83 39 211
359 1613 43 37 p.
458 1602 55 39 23½
546 1604 15 20 cm
596 1633 7 8 .

110 1670 52 53 ©
192 1675 110 39 Jan.
331 1674 68 46 13,
430 1673 114 40 1933;
602 1672 67 40 2c.
698 1673 95 38 and
825 1671 84 42 aff.
938 1672 110 40 Jan.
1078 1670 82 48 19;
1192 1672 40 38 A
1262 1671 171 48 58953;
1468 1674 63 39 M.
1562 1672 273 48 Kadushin,
1868 1671 238 50 Madison,

178 1731 114 41 Wis.
364 1729 250 50 (33-4602)

106 1850 240 63 Keppel,
376 1846 315 55 Frederick
719 1847 165 64 Paul,
918 1850 169 53 1875-

175 1928 121 53 The
342 1931 117 49 arts
505 1927 60 52 in
609 1924 309 55 American
965 1925 124 69 life,
1132 1925 76 70 by
1252 1925 311 58 Frederick
1606 1927 67 53 P.
1720 1926 229 70 Keppel
1996 1928 111 54 and

106 2006 68 54 R.
217 2006 65 53 L.
324 2004 143 55 Duff
470 2024 80 33 us.
643 2005 139 53 New
827 2003 163 54 York
1031 2004 113 54 and
1187 2004 261 69 London,
1487 2003 434 57 McGraw-Hill
1961 2005 148 55 book

103 2101 299 51 company,
429 2083 127 67 inc.,
587 2086 151 50 1933.

177 2159 64 45 xi,
281 2157 84 41 227
403 2169 42 36 p.
513 2157 54 39 23½
601 2159 44 20 cm
651 2186 7 8 .
736 2157 253 48 (Lettered
1028 2166 62 30 on
1128 2165 163 33 cover:
1330 2157 180 40 Recent
1551 2157 151 40 social
1743 2158 167 41 trends
104 2167 1986 96 monographs)

179 2270 291 40 “Published
499 2270 154 39 under
681 2269 82 40 the
792 2267 240 43 direction
1060 2268 53 41 of
1141 2269 82 40 the
1252 2268 297 43 President’s
1578 2271 227 39 research
1834 2269 274 43 committee

107 2339 61 29 on
195 2328 149 41 social
375 2328 167 40 trends
560 2325 364 43 ”—Foreword.

109 2394 1998 52 © Feb. 6, 1933; 2c. Feb. 11; aff. Feb. 15; A 59423; President's research
177 2454 274 41 committee
479 2466 60 28 on
569 2453 150 41 social
749 2454 181 47 trends,
960 2454 119 39 New
1108 2454 145 40 York.
1323 2454 251 52 (33-4697)

107 2571 173 65 Kidd,
310 2572 256 53 Howard
597 2572 243 54 Carson.

237 2647 1867 71 … Regulation of intercoastal commerce, by Howard C.
106 2725 1974 150 Kidd … Pittsburgh, Pa., Bureau of business research, University of Pittsburgh [ c 1932]
177 2877 1929 51 3 p. l., 87 p. 23 cm . ([Pittsburgh. University] Bureau of business
108 2936 225 39 research
361 2935 337 48 monographs,
757 2945 76 31 no.
861 2934 52 48 2)

182 2993 312 48 “University
518 2991 53 42 of
595 2991 288 49 Pittsburgh
910 2991 219 43 bulletin,
1187 3004 44 29 v.
1258 2993 71 48 28,
1355 3004 76 30 no.
1456 2993 100 42 21.”

111 3059 52 52 ©
195 3064 126 39 June
350 3064 68 47 15,
451 3063 141 48 1932;
626 3065 67 40 2c.
727 3063 104 42 Oct.
862 3065 54 46 3;
950 3063 83 42 aff.
1065 3064 112 41 Feb.
1210 3067 39 44 1,
1283 3064 141 48 1933;
1458 3066 41 39 A
1532 3065 170 49 59233;
1739 3065 283 49 University
2056 3067 51 40 of

178 3120 300 48 Pittsburgh.
548 3120 249 48 (33-4563)

108 3235 295 66 Lankard,
435 3237 197 52 Frank
665 3237 205 65 Glenn,
903 3243 170 50 1892-

176 3313 334 54 Difficulties
537 3314 59 53 in
626 3315 271 68 religious
926 3314 272 71 thinking
1247 3316 94 69 [by]
1376 3317 198 53 Frank
1602 3317 188 56 Glenn
1818 3318 291 53 Lankard.

107 3391 1794 72 New York, Cincinnati [etc.] The Abingdon press [ c 1933]
176 3465 83 41 271
289 3477 42 36 p.
388 3466 116 41 20cm.

177 3521 374 50 Bibliography:
583 3532 44 38 p.
657 3522 217 42 265-271.

111 3586 52 52 ©
194 3591 108 40 Jan.
332 3590 40 47 9,
403 3591 140 48 1933;
575 3591 67 42 2c.
673 3594 97 39 and
800 3593 83 41 aff.
914 3594 111 40 Feb.
1056 3595 53 47 6;
1141 3595 41 39 A
1213 3594 170 49 59275;
1417 3596 51 39 F.
1502 3596 52 40 G.
1588 3595 244 49 Lankard,
1866 3595 237 50 Madison,

176 3648 56 39 N.
263 3648 43 40 J.
377 3647 251 51 (33-4709)

105 3764 80 54 Le
216 3766 196 65 Goffic,
444 3768 263 65 Charles,
742 3773 326 51 1863-1932.

236 3844 1432 68 … Broceliande, par Charles Le Goffic … avec
105 3850 1997 149 la collaboration de Auguste Dupouy … Paris, La Renaissance du livre,
107 4000 149 52 1932.
