2582 4453
1391 4105 99 49 1668

417 421 305 64 Caughey,
750 421 157 54 John
934 420 256 56 Walton.

487 497 1887 70 History of the Pacific coast, by John Walton Caughey …
416 576 111 55 Los
555 577 270 68 Angeles,
851 577 160 53 Priv.
1039 578 135 68 pub.
1202 578 76 67 by
1303 577 96 53 the
1428 577 225 66 author,
1683 580 152 50 1933.

488 650 105 48 xiii,
623 650 88 41 429
739 662 43 37 p.
843 650 166 43 front.,
1040 650 128 41 illus.
1200 651 185 48 (maps)
1426 652 173 48 plates,
1630 654 151 46 ports.
1842 650 117 41 25cm.

489 708 140 50 Maps
667 720 60 31 on
761 709 368 49 lining-papers.

493 766 298 49 “Suggested
830 766 257 41 collateral
1125 766 230 48 readings"
1425 769 50 37 at
1516 767 93 40 end
1647 766 52 40 of
1735 769 118 38 each
1891 767 218 48 chapter.

422 818 52 52 ©
511 824 118 39 Nov.
694 823 39 43 14,
770 822 141 44 1933;
949 822 68 41 2c.
1053 824 97 39 and
1186 822 82 41 aff.
1306 822 119 41 Nov.
1460 822 83 47 29;
1582 822 42 39 A
1659 821 172 49 68356;
1872 823 44 43 J.
1950 823 72 41 W.
2062 822 244 51 Caughey,
2344 822 93 42 Los

486 882 222 49 Angeles.
780 880 282 49 (33-36199)

441 986 125 54 [The
596 986 257 64 Cavalry
881 985 258 69 journal]

489 1062 227 55 Tactics
749 1062 113 54 and
892 1062 299 68 technique
1223 1063 63 53 of
1318 1065 260 67 cavalry;
1614 1083 31 34 a
1678 1067 122 51 text
1831 1063 113 53 and
1974 1063 287 54 reference
2294 1062 145 53 book

417 1141 63 54 of
511 1143 233 68 cavalry
774 1142 274 68 training.
1119 1141 402 71 Washington,
1553 1142 71 53 D.
1661 1142 81 69 C.,
1772 1142 121 55 The
1925 1140 273 56 National
2229 1143 210 53 service

420 1220 335 70 publishing
785 1239 280 52 company
1100 1224 175 67 [1933]

490 1294 1310 50 2 p. l., 928 p. illus. (incl. maps) diagrs. 24½cm.
492 1353 112 41 “4th
637 1353 229 41 edition.”

421 1411 1999 109 “The Cavalry journal … in cooperation with the publishers … [produced] this … volume.”—Foreword.
426 1524 52 52 ©
510 1530 119 40 Nov.
664 1529 68 48 13,
765 1529 115 41 1933;
942 1529 68 42 2c.
1044 1531 96 38 and
1172 1528 83 41 aff.
1288 1528 121 40 Nov.
1444 1528 56 40 16;
1561 1528 42 39 A
1635 1528 144 41 67171;
1845 1529 132 42 Natl.
2011 1530 183 41 service
2227 1529 112 49 pub.
2374 1539 67 31 co.

492 1584 69 53 [©
591 1588 298 41 corrections
920 1590 97 39 and
1049 1587 254 50 revisions]
1377 1587 283 48 (33-35457)

424 1695 316 65 Converse,
770 1694 291 56 Caroline.

493 1772 108 56 Sea
648 1772 211 68 babies,
902 1773 76 68 by
1026 1771 269 57 Caroline
1343 1773 301 55 Converse.
1751 1774 113 52 [Los
1908 1774 268 68 Angeles]
2229 1775 70 53 A.
2345 1775 92 54 W.

419 1853 228 68 Hogue,
673 1857 174 50 c1933.

494 1925 815 49 2 p. l., 29 p. col. illus. 24cm.
498 1983 205 40 “Vivian
736 1983 53 41 G.
823 1984 260 47 Borgman,
1116 1984 292 39 illustrator."

421 2037 52 53 ©
499 2042 119 40 Nov.
642 2041 71 43 22.
738 2040 114 42 1933;
906 2042 66 40 2c.
1002 2043 96 39 and
1123 2041 82 39 aff.
1231 2042 119 39 Nov.
1374 2040 56 41 29;
1483 2042 40 38 A
1548 2041 170 48 68348;
1748 2040 48 42 C.
1824 2041 255 48 Converse,
2106 2041 92 41 Los
2222 2041 221 49 Angeles.

499 2099 283 48 (33-36071)

424 2200 314 71 Copeland,
768 2204 221 54 Melvin
1015 2204 279 67 Thomas,
1326 2208 172 51 1884-

489 2284 476 70 Merchandising
994 2288 64 52 of
1085 2291 192 49 cotton
1305 2284 228 55 textiles;
1592 2286 262 53 methods
1882 2285 112 53 and
2023 2284 416 69 organization,

419 2362 2024 70 by Melvin T. Copeland … and Edmund P. Learned … Under
419 2461 31 33 a
478 2448 174 63 grant
680 2441 152 53 from
861 2441 95 54 the
985 2442 226 53 Textile
1241 2441 365 68 foundation,
1634 2442 107 54 inc.
1807 2442 236 67 Boston,
2069 2442 192 67 Mass.,

419 2442 2000 132 Harvard
605 2520 337 70 university,
984 2520 297 55 Graduate
1322 2521 192 54 school
1554 2521 65 53 of
1658 2521 256 53 business
1955 2519 487 68 administration,

421 2601 228 52 Bureau
679 2599 64 53 of
769 2600 256 54 business
1054 2600 258 53 research
1347 2602 193 65 [c1933]

493 2674 1736 50 4 p. l., 92, [4] p. 1 illus., diagrs. 28cm. ([Harvard university.
423 2673 2001 99 Graduate
566 2733 164 39 school
757 2732 52 41 of
837 2732 225 41 business
1089 2732 417 49 administration]
1570 2731 225 41 Division
1823 2732 52 41 of
1903 2732 242 41 research.
2206 2732 235 41 Business

425 2791 228 39 research
680 2790 327 41 studies—no.
1073 2790 14 48 1)

497 2847 71 41 On
597 2858 141 29 cover:
796 2847 311 41 Publication
1134 2847 52 40 of
1214 2847 81 40 the
1325 2847 252 41 Graduate
1604 2847 164 40 school
1795 2846 52 41 of
1876 2846 224 41 business

426 2845 1997 108 administration … Harvard university, vol. xx … no. 2.
429 2955 52 52 ©
505 2960 114 49 Apr.
645 2961 70 48 24,
743 2961 115 41 1933;
911 2961 68 41 2c.
1005 2964 95 39 and
1128 2961 83 41 aff.
1236 2961 121 48 Aug.
1385 2962 56 39 17;
1495 2962 42 38 A
1563 2960 145 42 64760;
1766 2961 259 41 President
2049 2962 96 39 and
2173 2961 191 40 fellows
2391 2959 52 41 of

491 3021 232 39 Harvard
764 3021 195 48 college,
1002 3021 303 48 Cambridge,
1349 3022 146 38 Mass.
1570 3020 282 48 (33-36037)

423 3121 274 69 Cresson,
733 3124 222 67 André,
993 3129 173 50 1869-

553 3200 1886 70 … Le problème moral et les philosophes, par André Cresson
484 3280 761 69 … Paris, A. Colin, 1933.
492 3352 1466 50 2 p. l., 202 p., 1 l. 17 ½ cm. (Collection Armand Colin
1999 3355 220 48 (Section
2249 3356 59 40 de
420 3352 2000 107 philosophie)
733 3422 75 31 no.
826 3412 111 47 159)

492 3468 280 46 “Ouvrages
801 3470 28 40 à
857 3469 275 41 consulter”:
1190 3481 42 37 p.
1277 3468 237 51 [200]-202.

428 3522 52 51 ©
521 3529 114 44 May
673 3529 39 47 6,
752 3528 141 44 1933;
994 3562 8 7 1c.
1043 3528 102 44 Oct.
1186 3529 82 45 24;
1309 3529 101 38 A-
1414 3528 208 48 Foreign
1661 3527 172 48 22541;
1877 3528 118 40 Max
2033 3528 195 41 Leclerc
2269 3528 36 40 &
2342 3526 99 47 cie.,

490 3587 155 41 Paris.
718 3587 282 48 (33-36379)

422 3691 258 65 Debran,
712 3692 266 56 Isabelle.

553 3767 1886 71 … Mes frasques, mémoires d’un chien-loup. Illustrations de
418 3846 197 54 Pierre
647 3846 288 58 Guinand.
1005 3848 331 67 Neuchâtel,
1368 3838 270 65 Éditions
1668 3848 67 53 de
1765 3849 56 52 la
1852 3848 350 53 Baconnière
2256 3849 155 49 [c1933]

489 3918 1201 50 2 p. l., [7]-156 p., 1 l. incl. front., illus. 19cm.
418 3974 52 52 ©
511 3980 116 47 July
666 3981 38 46 1,
744 3979 141 49 1933;
987 4014 7 8 1c.
1038 3981 128 49 Sept.
1206 3980 82 43 21:
1331 3981 103 40 A-
1436 3981 210 49 Foreign
1683 3981 173 43 22189;
1898 3980 225 42 Editions
2164 3982 58 39 de
2260 3983 44 37 la
486 3980 1932 97 Baconnièro.
798 4037 282 48 (33-36395)
