2484 4405
1064 4113 133 54 1713

124 446 325 68 Ahlstrom,
478 447 182 54 Louis
687 447 174 65 John,
895 448 171 51 1854-

195 524 219 69 Eighty
446 542 163 50 years
641 522 64 53 of
740 521 257 55 Swedish
1032 520 234 68 Baptist
1299 519 156 53 work
1488 520 60 52 in
1584 518 173 66 Iowa,
1794 519 327 66 1853-1933,

123 604 64 53 L.
213 604 55 54 J.
295 602 314 67 Ahlstrom,
637 601 218 53 author.
921 600 113 53 Des
1059 598 238 67 Moines,
1327 598 100 68 la.,
1455 597 120 51 The
1603 594 257 55 Swedish
1888 595 230 67 Baptist

123 682 326 53 conference
477 680 63 52 of
565 680 175 66 Iowa,
769 681 148 49 1933.

190 752 86 41 479
307 764 40 37 p.
379 751 109 41 incl.
518 751 164 47 front.,
713 751 143 47 illus.,
886 751 164 48 ports.,
1079 748 190 42 facsim.
1329 749 55 39 23½
1416 751 44 21 cm
1466 780 8 9 .

191 809 295 41 Authorized
516 810 59 46 by
604 809 82 39 the
717 806 218 42 Swedish
962 806 197 48 Baptist
1188 806 283 41 conference
1501 806 51 40 of
1582 807 145 39 Iowa.
1786 807 61 47 cf.
1876 816 42 37 p.
1950 805 83 49 [10]

126 881 53 52 ©
247 895 94 30 June
374 885 68 44 29,
478 884 113 39 1933;
655 885 66 37 2c.
758 883 117 47 Aug.
913 882 52 41 1:
1003 881 80 40 aff.
1123 882 106 46 Aug
1264 881 82 44 24;
1386 881 38 37 A
1488 880 143 40 64837:
1675 879 217 40 Swedish
1930 879 194 49 Baptist

193 942 284 40 conference
500 941 52 39 of
576 941 144 38 Iowa.
792 937 279 48 (33-37185)

124 1040 267 56 Atlantic
427 1041 201 69 digest.
706 1043 132 50 1933
877 1042 230 65 annual,
1144 1039 268 69 covering
1449 1041 251 52 volumes
1740 1038 238 54 162-167
194 1040 1904 133 Atlantic

402 1117 1720 71 reporter and the corresponding state reports … with
194 1196 1927 69 tables of cases digested and statutes construed … By the
194 1276 338 69 publisher’s
578 1275 265 54 editorial
890 1273 150 54 staff.
1120 1275 80 54 St,
1250 1275 163 67 Paul,
1458 1276 159 54 West
1662 1274 336 68 publishing
2043 1292 78 34 co.

199 1389 12 33 [
217 1362 17 20 c
240 1358 132 49 1933
380 1387 11 34 ]

191 1429 86 40 817
311 1439 40 38 p.
419 1429 28 39 26
477 1432 43 20 cm
527 1462 7 7 .

126 1495 1695 52 © Nov. 20, 1933; 2c. and aff. Dec. 26; A 07075; West pub. co.
125 1600 267 55 Atlantic
431 1605 272 63 reporter.
781 1599 167 55 Cases
989 1601 214 67 argued
1244 1601 112 52 and
1397 1600 352 53 determined
1784 1601 61 52 in
1884 1601 95 53 the
195 1601 1904 145 Supreme

426 1684 187 48 courts
652 1679 62 52 of
753 1677 211 69 Maine,
1004 1681 139 51 New
1181 1678 370 68 Hampshire,
1597 1680 287 66 Vermont,
1923 1680 200 52 Rhode

196 1756 216 68 Island,
442 1758 112 51 and
587 1758 398 64 Connecticut;
1021 1757 276 67 Supreme
1325 1762 164 49 court
1516 1757 112 54 and
1660 1756 275 69 Superior
1963 1764 160 46 court

198 1836 63 52 of
306 1834 452 68 Pennsylvania;
810 1835 180 54 Court
1035 1835 63 51 of
1144 1853 186 34 errors
1376 1836 111 51 and
1536 1838 250 66 appeals,
1835 1838 180 53 Court
2061 1836 62 52 of

197 1914 294 66 chancery.
540 1913 288 68 Orphans’
876 1918 177 60 court,
1103 1914 111 51 and
1266 1915 275 66 Supreme
1591 1914 106 52 and
1751 1915 373 68 Prerogative

198 1996 187 48 courts
414 1992 63 54 of
507 1993 138 53 New
674 1993 229 67 Jersey;
938 1992 275 68 Supreme
1244 1997 178 63 court,
1453 1994 181 55 Court
1664 1992 59 54 in
1754 1993 159 67 banc,
1944 1994 181 55 Court

197 2071 64 51 of
316 2071 294 68 chancery,
668 2071 276 67 Superior
999 2076 179 61 court,
1233 2073 180 54 Court
1468 2071 65 52 of
1585 2075 229 65 general
1869 2070 256 71 sessions,

200 2148 288 68 Orphans’
527 2154 160 50 court
729 2150 111 51 and
885 2150 183 54 Court
1106 2149 63 52 of
1210 2169 134 48 oyer
1384 2149 113 53 and
1537 2150 273 53 terminer
1849 2151 64 53 of

199 2152 1901 127 Delaware
383 2228 111 51 and
532 2229 180 53 Court
746 2227 63 53 of
842 2229 234 66 appeals
1112 2227 63 52 of
1209 2229 328 66 Maryland,
1572 2229 140 52 with
1745 2231 109 67 key
1883 2231 242 51 number

198 2305 377 52 annotations,
669 2323 50 34 v.
777 2305 112 53 167.
984 2306 533 68 July-September,
1569 2311 149 49 1933.
1826 2310 83 54 St.
1960 2311 166 67 Paul,

196 2383 159 53 West
382 2382 337 69 publishing
746 2401 97 50 co.,
874 2387 149 49 1933.

197 2456 134 48 xviii,
362 2456 117 40 1025
506 2468 43 36 p.
608 2457 59 40 26
666 2460 44 20 cm
716 2490 7 7 .

130 2522 50 52 ©
207 2528 115 38 Nov.
351 2528 68 45 17,
446 2527 140 47 1933;
614 2528 66 39 2c.
709 2527 97 40 and
831 2527 81 40 aff.
941 2529 109 38 Dec.
1080 2528 83 46 26;
1194 2528 40 39 A
1261 2528 170 48 67679;
1462 2530 134 40 West
1624 2532 109 46 pub.
1761 2542 67 29 co.

128 2631 239 65 Austin,
397 2630 244 66 Phyllis,
675 2634 172 50 1888-

197 2708 1934 74 Golden Eyes, by Phyllis Austin … London, Collins, 1933.
191 2782 85 41 252
309 2792 43 38 p.
413 2780 54 41 19
470 2783 44 22 cm
519 2813 10 10 .

131 2848 1999 58 © 1c. Dec. 4, 1933; A ad int. 18423; pubd. Oct. 9; Phyllis Coke, London.
209 2910 279 47 (33-38456)

131 3013 285 64 Aymard,
445 3013 217 55 Aubin.

261 3089 1862 78 … Histoire de France. Premier livre (des origines à 1610)
130 3167 117 53 Par
288 3167 70 53 A.
401 3166 290 70 Aymard;
737 3168 382 56 illustrations
1163 3171 68 53 de
1273 3170 56 55 J.
1373 3176 55 49 et
1469 3172 65 54 L.
1579 3174 247 55 Beuzon.
1942 3179 185 67 [Paris]

129 3245 300 67 Hachette,
458 3252 18 22 c
481 3249 151 50 1933.

199 3318 69 48 93,
303 3320 55 48 [3]
390 3329 44 37 p.
494 3319 86 40 col.
611 3319 129 41 illus.
769 3319 133 49 (incl.
933 3321 137 47 map)
1137 3321 56 39 21½
1226 3323 44 21 cm
1274 3352 8 8 .

201 3376 61 39 At
291 3375 125 40 head
443 3375 51 40 of
521 3375 135 41 title:
689 3376 153 41 Cours
871 3376 238 41 Gauthier
1138 3381 47 38 et
1212 3378 311 51 Deschamps.

201 3431 286 41 Illustrated
518 3434 95 46 t.-p.
646 3432 50 40 in
727 3434 171 41 colors.

136 3497 1899 58 © Aug. 2, 1933; 1c. Nov. 17; A-Foreign 22707; Librairie Hachette
212 3559 278 47 (33-38719)

133 3660 1977 131 … Histoire de France en images, par A. Aymard … illustrations
410 3738 69 53 de
510 3738 56 55 J.
599 3743 57 49 et
686 3737 65 54 L.
787 3739 246 53 Beuzon.
1115 3741 203 69 [Paris]
1356 3743 301 71 Hachette,
1692 3754 18 23 c
1715 3752 150 52 1933.

203 3811 68 48 63,
306 3810 56 51 [1]
394 3821 43 38 p.
498 3812 84 39 col.
615 3810 129 42 illus.
804 3812 55 40 21½
892 3814 45 22 cm
941 3844 11 10 .

202 3868 62 39 At
292 3867 124 41 head
447 3867 52 40 of
529 3868 134 40 title;
697 3868 153 41 Cours
881 3868 241 42 Gauthier
1149 3874 47 38 et
1225 3872 314 52 Deschamps.

202 3924 288 41 Illustrated
519 3926 96 47 t.-p.
643 3924 51 40 in
722 3925 169 41 colors.

138 3990 1912 65 © Aug. 2, 1933; 1c. Nov. 17; A-Foreign 22706.; Librairie Hachette.
217 4052 279 48 (33-38720)
