2484 4405
1132 4090 98 51 803

109 434 418 67 Miquelarena,
556 427 253 66 Jacinto,
841 428 170 51 1891-

244 499 1865 85 … Veintitrés. 1. ed. Madrid [etc.] Espasa-Calpe, s. a., 1931.
186 602 736 60 3 p. l., [9]-153 p., 1 l. 19 cm .
187 682 180 46 Essays
399 679 93 40 and
526 675 135 41 short
692 671 189 44 stories.

119 725 1997 77 © Nov. 30, 1931; 1c. Nov. 10, 1932; A-Foreign 19210; Espasa-Calpe,
188 822 36 28 s.
255 819 42 31 a.
371 802 279 54 (33-13903)

116 917 170 66 Molo,
313 916 243 65 Walter,
581 914 170 53 ritter
775 926 132 49 von,
936 913 172 51 1880-

250 984 1870 86 … Wie ich Deutschland möchte, eine rede über Friedrich
121 1088 140 54 List.
337 1084 199 54 Berlin
585 1089 122 61 [etc.]
740 1082 65 52 P.
836 1078 261 67 Zsolnay,
1128 1078 151 51 1932.

191 1175 70 50 38,
293 1177 55 48 [1]
376 1185 43 37 p.
478 1171 58 41 20
536 1172 44 22 cm
586 1201 9 9 .

197 1247 172 46 “Rede,
396 1242 226 50 gehalten
649 1252 77 28 am
753 1240 69 40 10.
850 1237 97 41 mai
974 1235 114 41 1932
1117 1235 65 40 im
1210 1227 633 47 Politisch-akademischen
1869 1226 165 41 verein
2062 1236 64 30 an

126 1308 84 38 der
239 1300 306 46 Universität
572 1297 181 42 Bonn.”

131 1357 1980 125 © Nov. 24, 1932; 1c. Jan. 6, 1933; A -Foreign 19232; Paul Zsolnay Verlag, a.-g., Berlin. (33-13778)
153 1541 229 66 [Muriel,
410 1539 153 56 John
593 1539 86 55 St.
710 1535 174 68 Clair]
918 1539 171 51 1909-

203 1632 281 61 Vicarage
520 1634 188 57 party,
743 1627 73 63 by
852 1625 157 56 John
1044 1622 254 66 Lindsey
1397 1622 155 54 [pseud.]
1647 1618 258 67 London,
136 1615 1972 149 Chapman
293 1710 112 53 and
432 1708 159 68 Hall,
619 1706 101 53 ltd.
776 1707 152 65 [1933]

206 1797 87 42 299
320 1808 45 37 p.
424 1795 57 42 19
483 1797 45 22 cm
531 1826 8 10 .

143 1853 1980 121 © 1c. May 17, 1933; A ad int. 17803; pubd. Mar. 21; J. S. Muriel, Eastbourne, England. (33-14143)
139 2026 2000 82 Ohio jurisprudence … a complete statement of the law and
211 2117 245 69 practice
491 2117 61 52 of
586 2116 94 53 the
714 2121 144 47 state
893 2114 62 52 of
986 2112 172 67 Ohio,
1193 2111 139 53 with
1367 2110 196 53 forms.
1634 2109 207 53 Editor
1875 2107 60 52 in
1970 2105 172 68 chief,

208 2196 195 55 Willis
442 2197 70 51 A.
558 2194 260 67 Estrich;
862 2190 328 72 consulting
1229 2188 204 69 editor,
1474 2188 261 57 William
1776 2189 81 52 M.
213 2184 1906 161 McKinney;
384 2274 312 70 managing
729 2272 203 68 editor,
967 2270 221 70 George
1227 2270 55 55 S.
1318 2267 226 58 Gulick.
1613 2287 52 34 v.
1700 2270 84 50 28.
1823 2264 323 71 Municipal

214 2343 1934 81 corporations. R ochester, N. Y., The Lawyers co-operative
216 2430 335 72 publishing
577 2448 297 52 company,
904 2432 150 50 1933.

222 2520 88 42 viii
336 2531 58 37 p.,
421 2521 24 38 1
494 2550 23 11 l.,
546 2517 112 42 1190
685 2529 44 37 p.
784 2518 136 40 front.
962 2517 174 48 (port.)
1198 2516 57 38 24½
1287 2518 14 20 cm
1335 2545 8 9 .

158 2589 51 52 ©
241 2593 127 41 June
397 2590 68 45 22,
498 2588 139 45 1933;
673 2590 65 40 2c.
772 2590 95 40 and
899 2587 82 43 aff.
1015 2588 127 41 June
1172 2587 82 47 26;
1291 2587 40 40 A
1362 2584 169 50 64148;
1569 2585 227 49 Lawyers
1830 2582 323 51 co-operative

225 2650 109 48 pub.
365 2660 66 30 co.
1943 2638 120 44 5403

154 2758 250 65 Oregon.
482 2759 274 66 Supreme
787 2763 174 48 court.

227 2839 1911 85 Reports of cases decided … Bryan Goodenough, reporter.
158 2947 50 32 v.
246 2932 113 48 141.
437 2928 173 51 From
646 2927 318 53 November
1001 2930 80 57 15,
1119 2928 150 65 1932,
1304 2933 58 46 to
1398 2927 263 65 January
1697 2929 83 62 31,
1819 2927 147 49 1933.
2041 2923 117 57 San

159 2997 1718 84 Francisco, Calif., Bancroft-Whitney company [ c 1933]
232 3095 103 46 xiii,
365 3094 86 41 747
479 3105 42 36 p.
576 3093 57 40 22½
664 3096 45 20 cm
713 3125 8 7 .

172 3162 51 52 ©
260 3167 125 39 June
420 3164 39 49 8,
496 3164 139 47 1933;
673 3165 65 39 2c.
777 3165 115 49 July
927 3163 52 49 5;
1019 3163 80 41 aff.
1139 3164 115 49 July
1291 3164 81 47 10;
1412 3164 40 39 A
1488 3163 171 47 64261;
1702 3163 136 41 State
1874 3163 53 41 of
1963 3161 201 51 Oregon,

242 3223 173 47 Salem,
444 3223 78 39 Or.

229 3315 1936 88 … Our neighbours, to-day and yesterday; Germany, France,
242 3401 224 70 Russia,
496 3402 94 52 the
621 3401 216 55 United
873 3400 205 56 States.
1152 3400 260 72 London,
1443 3399 68 57 G.
1546 3401 200 69 Howe,
1777 3401 124 70 ltd.,
1934 3404 150 52 1933.

245 3489 78 49 vii,
356 3487 84 43 313
473 3499 43 37 p.
576 3487 115 45 19cm.

247 3560 63 39 At
333 3558 122 42 head
480 3558 52 40 of
554 3558 133 41 title:
713 3558 241 42 Harrison
980 3557 190 49 Brown,
1195 3559 52 42 E.
1272 3560 51 41 L.
1347 3558 301 48 Woodward,
1675 3559 181 43 Arnold
1883 3561 43 39 J.
1952 3559 221 47 Toynbee

197 3617 111 48 [and]
340 3614 45 41 S.
412 3614 60 42 K.
500 3614 244 42 Ratcliffe.

186 3661 1972 123 “In the autumn of 1932 … the British broadcasting corporation arranged a series of half-hour talks on leading countries of the world …
184 3773 1995 71 The talks … are printed as delivered, after revision or correction by the
189 3837 463 46 lecturers.”—Pref.

259 3895 187 42 “Books
475 3899 49 37 to
556 3896 142 41 read”
729 3898 53 39 at
810 3898 92 39 end
933 3897 51 40 of
1012 3898 117 39 each
1159 3900 111 44 part
1299 3900 170 46 except
1499 3899 82 40 the
1611 3900 113 45 part
1753 3910 60 29 on
1844 3898 194 43 Russia.

191 3952 1988 76 © 1c. May 17, 1933; A ad int. 17801: pubd. Mar. 21; Gerald Howe, ltd.
269 4023 279 51 (33-14308)
