2540 4453
1151 4117 103 51 451

245 583 99 52 ber
394 580 363 54 annotations.
848 596 51 37 v.
949 581 118 49 245.
1141 576 326 67 December,
1519 574 453 68 1932-January,
2025 575 149 50 1933.

248 661 84 55 St.
358 660 168 67 Paul,
550 660 161 55 West
738 657 335 70 publishing
1100 674 98 50 co.,
1229 658 150 50 1933.

246 736 96 47 xvi,
373 734 84 41 993
486 744 44 38 p.
587 732 51 40 ill
646 742 70 31 us.
774 732 60 40 26
832 735 45 20 cm
883 765 8 8 .

185 802 51 52 ©
267 807 123 39 Mar.
419 804 69 48 10,
519 802 140 48 1933;
691 803 67 40 2c.
788 802 112 48 Apr.
932 802 81 46 14;
1046 800 82 41 aff.
1158 800 118 47 Apr.,
1303 798 83 47 15;
1418 798 42 39 A
1490 797 170 47 62078;
1693 798 135 40 West
1859 797 110 47 pub.
2001 806 67 31 co.

178 949 152 56 Ohio
375 949 463 71 jurisprudence;
890 968 31 33 a
971 947 276 68 complete
1295 948 304 50 statement
1647 943 65 55 of
1758 944 97 54 the
1903 946 110 51 law
2064 943 111 52 and

251 1028 249 71 practice
530 1028 64 54 of
624 1029 98 53 the
751 1032 146 50 state
927 1025 65 54 of
1025 1025 169 69 Ohio,
1226 1024 141 54 with
1399 1023 198 54 forms.
1673 1022 209 56 Editor
1915 1023 61 53 in
2009 1022 171 71 chief,

247 1108 194 56 Willis
466 1110 71 52 A.
564 1106 260 66 Estrich;
853 1105 324 69 consulting
1202 1103 203 68 editor,
1427 1103 260 57 William
1712 1105 79 52 M.
1817 1103 358 69 McKinney;

249 1187 313 69 managing
619 1185 202 69 editor,
879 1185 224 68 George
1160 1183 55 55 S.
1274 1183 227 55 Gulick.
1576 1199 51 39 v.
1685 1185 84 51 26.
1808 1182 256 54 Markets
2120 1188 59 47 to

251 1265 245 70 Merger.
570 1266 326 65 Rochester,
930 1265 69 52 N.
1037 1265 91 66 Y.,
1163 1263 122 54 The
1317 1264 268 65 Lawyers
1621 1261 385 69 co-operative
250 1261 1907 153 publishing
493 1361 297 51 company,
824 1347 149 49 1933.

255 1420 86 39 viii
369 1431 58 37 p.,
456 1420 24 38 1
531 1449 21 15 l.,
582 1418 117 39 1212
725 1429 43 36 p.
823 1418 136 39 front.
1003 1416 171 48 (port.)
1239 1416 55 39 24½
1327 1418 44 21 cm
1376 1447 8 8 .

189 1487 51 52 ©
266 1492 123 40 Mar.
413 1490 68 47 17,
507 1488 112 41 1933;
675 1488 66 40 2c.
767 1488 113 47 Apr.
906 1488 52 45 5;
987 1487 81 41 aff.
1094 1487 114 47 Apr.
1234 1485 82 48 12;
1344 1486 41 39 A
1409 1486 171 47 61348;
1608 1486 230 47 Lawyers
1863 1485 322 48 co-operative

256 1547 111 48 pub.
391 1558 67 30 co.

185 1654 330 56 Oklahoma
554 1655 112 53 and
705 1651 212 58 Pacific
958 1652 203 70 digest,
1201 1652 269 70 covering
1509 1653 78 53 all
1627 1670 152 38 cases
1817 1654 266 68 reported
2125 1652 62 54 in

256 1734 322 56 Oklahoma
636 1737 240 65 reports,
935 1735 337 64 1890-1931;
1333 1730 211 58 Pacific
1601 1738 275 63 reporter,
1934 1733 252 54 volumes

261 1816 185 67 1-300,
478 1814 113 52 and
623 1815 77 51 all
731 1812 63 53 of
825 1813 97 52 the
951 1809 213 58 Pacific
1192 1817 172 48 states
1395 1816 222 64 reports
1648 1812 154 53 from
1831 1813 100 52 the
1958 1812 229 54 earliest

257 1890 1930 70 times … Compiled and edited by the publisher’s editorial
256 1969 152 56 staff,
482 1990 51 35 v.
563 1970 187 54 35-37.
828 1970 84 55 St.
941 1971 166 68 Paul,
1133 1973 161 53 West
1319 1970 337 69 publishing
1682 1989 98 49 co.,
1811 1974 151 51 1933.

258 2049 25 39 3
315 2059 42 28 v.
418 2046 58 39 26
476 2048 44 20 cm
525 2078 9 8 .

262 2104 383 40 CONTENTS.—v.
669 2100 71 41 35.
767 2101 160 41 Street
950 2099 584 43 railroads-Tender.—v.
1561 2099 72 42 36.
194 2098 2002 103 Territories-Trial.—v.
267 2160 73 42 37.
367 2161 183 38 Trover
576 2160 96 40 and
701 2156 509 43 Conversion-Vendor
1237 2160 94 38 and
1360 2158 278 48 purchaser.

196 2227 51 52 ©
279 2232 121 39 Mar.
429 2228 70 50 20,
529 2228 140 49 1933;
701 2228 65 41 2c.
799 2228 118 40 each
947 2227 113 48 Apr.
1091 2228 82 47 14;
1206 2227 108 40 affs.
1346 2227 114 48 Apr.
1490 2228 82 47 15;
1605 2228 42 39 A
1677 2227 348 48 62110-62112;
2058 2229 135 40 West

264 2287 108 48 pub.
401 2298 66 29 co.

193 2394 232 66 Oregon
481 2396 111 52 and
643 2392 211 57 Pacific
906 2393 204 70 digest,
1162 2392 267 71 covering
1482 2395 76 51 all
1611 2413 150 36 cases
1812 2397 266 69 reported
2130 2395 60 53 in

264 2475 231 69 Oregon
524 2480 241 63 reports,
797 2475 337 66 1853-1931;
1170 2471 213 57 Pacific
1414 2480 274 63 reporter,
1720 2475 253 55 volumes
2005 2478 186 67 1-300,

266 2554 111 52 and
413 2555 77 53 all
522 2553 64 53 of
617 2555 97 51 the
746 2550 211 57 Pacific
989 2557 173 50 states
1195 2558 222 63 reports
1450 2552 155 54 from
1637 2555 97 51 the
1766 2554 228 54 earliest
2026 2555 167 54 times

328 2631 1864 69 … Compiled and edited by the publisher’s editorial staff,
265 2729 50 34 v.
344 2709 187 55 35-37.
609 2709 84 55 St.
722 2710 167 68 Paul,
915 2711 161 55 West
1104 2709 336 71 publishing
1467 2728 99 52 co.,
1595 2714 149 51 1933.

266 2786 29 40 3
320 2797 43 29 v.
419 2783 58 42 26
477 2787 46 21 cm
527 2816 9 9 .

270 2843 383 40 CONTENTS.—v.
676 2839 72 42 35.
774 2840 160 42 Street
957 2839 588 43 railroads-Tender.—v.
1567 2839 72 43 36.
200 2841 2002 98 Territories-Trial.—v.
271 2897 75 42 37.
370 2899 182 39 Trover
578 2900 94 38 and
699 2897 508 41 conversion-Vendor
1234 2901 94 38 and
1356 2898 280 48 purchaser.

204 2963 51 53 ©
286 2969 125 38 Mar..
435 2966 71 51 20,
536 2966 112 41 1933;
708 2967 67 40 2c.
805 2967 118 40 each
952 2967 113 48 Apr.
1098 2967 82 47 14;
1211 2966 109 42 affs.
1349 2967 115 48 Apr.
1496 2967 82 48 15;
1612 2968 41 39 A
1682 2966 348 50 62125-62127;
2065 2971 134 40 West

271 3025 109 48 pub.
414 3035 67 30 co.

289 3141 34 38 Our
367 3125 289 71 changing
701 3127 200 67 world,
946 3126 246 55 whither
1237 3126 226 55 bound?
1541 3127 274 71 Authors,
1862 3129 221 55 Alonzo
2131 3132 63 52 L.

272 3202 1903 224 Baker, Frederick Lee, Roy F. Cottrell [and others] … Mountain View, Calif., Omaha, Neb. [etc.] Pacific press publishing association [ c 1933]
274 3430 87 39 142
390 3440 44 39 p.
466 3428 110 42 incl.
607 3431 171 47 plates.
839 3428 58 42 19½
926 3432 45 22 cm
975 3463 9 9 .

210 3498 51 53 ©
293 3504 122 40 Mar.
445 3503 39 47 2,
516 3502 112 42 1933;
688 3503 66 41 2c.
788 3504 122 41 Mar.
941 3505 82 46 13;
1056 3503 84 42 aff.
1170 3505 123 38 Mar.
1322 3503 84 48 27;
1439 3504 42 39 A
1512 3503 170 50 61144;
1716 3506 180 41 Pacific
1924 3516 137 39 press
2092 3507 111 48 pub.

278 3570 128 31 assn.
475 3559 250 49 (33-8765)

205 3658 214 57 Pacific
451 3661 204 70 digest,
689 3660 268 71 covering
991 3664 77 51 all
1102 3682 150 36 cases
1285 3665 265 66 reported
1585 3664 60 54 in
1679 3665 211 55 Pacific
1926 3673 273 62 reporter,

277 3739 250 54 volumes
558 3743 187 65 1-300,
773 3742 111 52 and
913 3742 77 52 all
1018 3741 64 54 of
1108 3743 97 51 the
1232 3740 211 57 Pacific
1471 3747 173 50 states
1672 3750 222 63 reports
1925 3744 152 55 from
2103 3746 100 53 the

278 3815 1923 78 earliest times … Compiled and edited by the publisher’s
279 3896 265 53 editorial
594 3895 134 55 staff.
817 3917 52 35 v.
919 3898 185 54 35-37.
1184 3899 83 55 St.
1317 3901 166 68 Paul,
1529 3904 161 54 West
1738 3903 336 71 publishing
2122 3923 79 50 co,

281 3977 151 52 1933.

280 4049 28 40 3
338 4060 42 29 v.
438 4048 58 41 26
494 4051 46 22 cm
545 4081 9 9 .
