2582 4453
1355 4127 134 51 1684

420 437 250 63 Conner,
700 435 293 56 Rearden.

491 510 190 56 Shake
721 512 185 53 hands
945 510 143 55 with
1127 511 96 54 the
1263 510 172 69 devil,
1477 530 31 34 a
1548 511 185 68 novel,
1770 510 78 71 by
1886 510 265 55 Rearden
2197 510 244 56 Conner.

419 590 259 69 London,
706 590 55 55 J.
791 590 81 55 M.
901 590 154 53 Dent
1083 592 51 51 &
1163 608 148 50 sons,
1338 589 105 54 ltd.
1478 591 174 67 [1933]

487 664 64 47 ix,
585 666 71 50 [1],
687 663 100 50 305,
821 664 56 50 [1]
908 674 44 37 p.
1014 664 55 40 19
1073 666 44 21 cm
1122 696 9 8 .

485 734 42 39 A
561 737 135 46 story
731 735 196 48 dealing
959 735 121 40 with
1115 736 82 40 the
1232 734 195 41 conflict
1462 735 216 40 between
1713 736 83 40 the
1832 734 130 41 Irish
2000 735 308 48 republicans
2344 736 95 39 and

416 793 81 40 the
524 792 154 41 Black
703 794 97 39 and
829 794 128 47 tans,
984 792 116 42 1918
1125 795 51 38 to
1202 792 129 41 1920.

419 860 2023 54 © 1c. Nov. 11, 1933; A ad int. 18374; pubd. Sept. 14; Aidan Rearden
489 923 204 41 Conner.
729 924 211 39 London.
1015 922 283 50 (33-37020)

422 1043 253 64 Cooney,
705 1044 140 52 Mrs.
873 1043 253 53 Loraine
1154 1042 225 66 Meeks,
1409 1062 181 49 comp.

487 1120 234 55 Garden
749 1119 224 70 history
999 1119 65 54 of
1090 1119 269 70 Georgia,
1389 1119 329 56 1733-1933.
1782 1120 252 69 Georgia
2059 1120 384 55 bicentennial

418 1200 83 53 ed.
581 1198 304 70 Compiled
923 1199 76 70 by
1037 1199 248 54 Loraine
1322 1199 81 54 M.
1445 1198 248 71 Cooney.
1769 1199 216 55 Edited
2020 1199 76 71 by
2134 1200 205 56 Hattie
2380 1200 62 56 C.

417 1279 350 53 Rainwater.
839 1278 298 70 Georgia’s
1170 1279 158 69 early
1361 1279 264 69 gardens,
1659 1279 225 69 author,
1917 1280 274 53 Florence
2224 1281 220 68 Marye,

416 1358 2002 148 illustrator, P. Thornton Marye … Atlanta, Ga., The Peachtree garden club, 1933.
489 1510 1169 52 10 p. l., 458 p. illus. (incl. plans) 31½ cm .
492 1584 102 40 “An
628 1583 186 41 edition
848 1583 191 41 limited
1072 1586 50 39 to
1155 1583 171 41 fifteen
1360 1583 224 40 hundred
1619 1582 204 49 copies.”
1886 1583 120 41 This
2040 1594 119 38 copy
2193 1587 83 38 not
418 1595 2007 89 numbered.

489 1699 382 49 Bibliography:
906 1709 44 39 p.
981 1698 101 42 119.

421 1767 53 52 ©
500 1772 110 40 Dec.
639 1773 39 46 1,
706 1770 142 48 1933;
875 1771 68 41 2c.
972 1772 95 39 and
1095 1769 82 42 aff.
1204 1770 111 40 Dec.
1344 1771 54 46 4;
1427 1771 41 38 A
1493 1770 172 47 67354;
1697 1770 266 41 Peachtree
1989 1772 184 47 garden
2200 1771 124 48 club,
2352 1771 92 41 inc.

500 1827 283 51 (33-36703)

422 1945 272 69 Corbino,
729 1945 336 69 Epicarmo,
1103 1951 173 51 1890-

416 2026 2003 149 … La battaglia dello Jutland vista da un economista. Milano, A. Giuffrè, 1933.
488 2180 1000 52 2 p. l., [vii]-xii p., 2 l., 384 p. 25 cm .
491 2238 405 50 “Bibliografia”:
930 2251 43 37 p.
1009 2238 201 51 [xi]-xii.

423 2308 1934 53 © Oct. 7, 1933; 1c. Oct. 18; A-Foreign 22400; E. Corbino, Napoli.
497 2368 283 49 (33-36693)

420 2486 218 67 Couch,
672 2489 229 64 George
933 2488 223 65 James,
1191 2491 173 49 1881-

420 2565 2022 149 Cyclopedia of insurance law (Couch on insurance) Cumulative supplement[s] to volumes 1-9 … All cases decided by
421 2731 190 47 courts
666 2724 64 52 of
786 2725 197 53 record
1041 2726 112 51 and
1208 2725 268 68 reported
1530 2725 164 68 prior
1747 2730 59 47 to
1861 2725 265 69 January
2185 2729 45 50 1,
2289 2727 151 50 1933.

421 2804 329 57 Rochester,
849 2848 9 9 N.
899 2807 89 55 Y.,
1027 2805 120 53 The
1186 2806 271 66 Lawyers
1495 2804 386 69 co-operative
1918 2802 338 71 publishing
419 2822 1997 131 company,
625 2886 151 51 1933.

486 2959 30 40 9
545 2970 42 29 v.
649 2957 56 41 24
708 2961 45 21 cm
758 2991 8 8 .

489 3016 298 41 Cover-title.

486 3073 158 41 These
674 3074 277 47 pamphlets
983 3084 85 30 are
1100 3076 49 38 to
1183 3073 57 40 be
1271 3072 139 41 fitted
1443 3072 103 40 into
1580 3073 83 40 the
1692 3073 201 48 pockets
1923 3076 51 38 at
2006 3072 81 41 the
2119 3072 123 40 back
2275 3072 51 40 of
2359 3073 81 40 the

414 3131 220 40 volumes
662 3131 52 39 of
744 3131 82 39 the
855 3133 74 39 set
958 3132 50 40 to
1039 3131 160 40 which
1231 3130 113 49 they
1375 3130 185 49 belong.

417 3197 2005 111 © Dec. 12, 1933; 2c. each Dec. 14; aff. Dec. 16; A 67574; Lawyers cooperative pub. co.
419 3376 416 69 Croft-Cooke,
869 3381 251 66 Rupert,
1156 3382 170 50 1903-

551 3455 1711 69 … Release the lions. London, Jarrolds, limited [1933]
490 3529 659 49 5 p. l., 15-288 p. 19½ cm .
419 3597 2019 53 © 1c. Nov. 25. 1933; A ad int. 18390; pubd. Sept. 29; R. Croft-Cooke,
488 3660 212 39 London.
773 3659 284 48 (33-37022)

418 3781 216 63 Darcy,
663 3781 166 55 Paul.

547 3857 1297 68 … Rivales. Paris. A. Fayard et cie, c 1933.
489 3930 1311 52 254 p.. 1 l. 18½ cm . (Le livre populaire. [293])
415 3998 2021 55 © June 15, 1933; 1c. Oct. 14; A-Foreign 22351; Arthème Fayard & cie.
493 4060 283 49 (33-36407)
