2484 4405
1101 4073 133 49 1405

125 441 232 63 Moody,
387 437 263 56 Charles.

199 527 177 70 Light
410 526 313 67 burlesque,
756 524 75 66 by
867 520 236 57 Charles
1136 518 230 67 Moody.
1445 517 231 63 Boston,
1710 512 238 53 Meador
132 510 1966 164 publishing
376 621 295 51 company,
706 605 148 50 1933.

206 690 328 51 88 p. 19½ cm .
135 761 52 51 ©
217 764 125 47 Sept.
370 761 68 47 25,
465 761 139 44 1933;
631 759 68 41 2c.
729 761 128 45 Sept.
883 757 82 46 27;
996 756 80 39 aff.
1107 755 101 40 Oct.
1236 755 52 40 4;
1319 753 42 38 A
1386 751 171 46 66443;
1588 750 212 39 Edward
1827 749 58 38 K.
1916 747 213 45 Meador,

204 820 193 39 Boston.
473 814 279 50 (33-28906)

133 936 260 65 Nugent,
422 934 153 54 John
605 935 169 63 Ross,
808 933 169 51 1894-

204 1027 122 53 The
365 1042 277 52 gorgeous
680 1040 291 50 sourmug,
1011 1022 75 66 by
1127 1022 56 52 J.
1228 1019 143 54 Ross
1412 1018 260 67 Nugent;
1716 1034 32 34 a
1790 1016 230 52 treatise
2060 1030 72 36 on

133 1105 262 67 bulldogs
436 1101 331 70 containing
807 1101 274 68 complete
1122 1095 377 55 information
1540 1115 72 34 on
1650 1093 292 71 breeding,
136 1110 1971 142 rearing,
298 1182 245 69 keeping
590 1181 112 53 and
750 1178 258 70 showing
1054 1178 115 53 this
1219 1176 219 54 lovable
1488 1174 225 55 ancient
1757 1173 188 67 breed,
1994 1170 134 55 with

137 1263 208 67 special
386 1260 278 53 attention
704 1266 57 46 to
800 1256 377 54 information
1217 1256 211 53 needed
1467 1254 75 69 by
1580 1254 95 52 the
1712 1253 214 53 novice.
138 1248 1974 161 Chicago,
325 1340 112 67 Ill.,
469 1337 278 70 Tystring
777 1335 321 69 publishers
1138 1367 12 33 [
1155 1340 18 20 c
1178 1335 133 52 1933
1317 1367 12 33 ]

210 1423 782 54 105 p. plates. ports. 20½c m .
211 1502 139 38 Plate
383 1498 165 47 facing
581 1508 41 37 p.
658 1498 26 40 9
718 1496 341 48 accompanied
1095 1496 61 46 by
1191 1494 330 41 unnumbered
1556 1493 101 40 leaf
1692 1494 119 39 with
1848 1491 290 49 descriptive

142 1559 296 46 letterpress.

145 1625 54 52 ©
239 1630 127 47 Sept.
403 1630 39 45 1,
481 1628 139 45 1933;
661 1628 66 39 2c.
767 1628 95 38 and
900 1624 81 43 aff.
1023 1625 129 48 Sept.
1191 1625 81 46 14;
1312 1624 42 38 A
1390 1623 171 46 65232;
1601 1622 254 48 Raymond
1894 1623 50 38 F.
1984 1622 158 48 Kelly,

215 1685 222 48 Chicago.
508 1682 280 50 (33-28962)

143 1799 265 69 O’Brien,
442 1804 200 61 Harry
673 1800 250 65 Russell,
959 1802 172 50 1889-

215 1880 121 53 The
371 1878 168 69 diary
575 1879 64 52 of
675 1898 31 33 a
744 1877 159 69 plain
938 1875 118 55 dirt
1093 1877 298 68 gardener,
1425 1877 76 67 by
1534 1875 201 68 Harry
1770 1876 68 52 R.
1878 1874 265 55 O’Brien.

144 1960 138 52 New
324 1956 178 70 York,
546 1955 166 56 Sears
755 1955 334 71 publishing
1130 1973 298 52 company,
1469 1955 106 53 inc.
1664 1957 151 65 [c1933]

217 2047 83 40 341
335 2055 43 39 p.
439 2045 56 41 19½
526 2047 45 21 cm
575 2076 9 9 .

220 2104 128 39 “The
378 2102 107 41 first
517 2113 130 37 year,
680 2112 53 30 as
765 2100 224 42 included
1021 2102 129 45 here,
1183 2110 100 32 was
1316 2098 255 50 published
1603 2098 259 51 originally
1897 2100 47 38 in
1977 2099 169 43 Better

149 2162 163 39 homes
347 2161 97 40 and
479 2160 209 47 gardens
723 2159 48 39 in
807 2158 289 48 practically
1131 2158 99 40 this
1266 2168 133 30 same
1433 2156 192 42 version
1662 2167 55 30 as
1754 2158 113 40 here
1904 2155 244 51 given.”—

152 2219 100 46 “By
281 2228 108 38 way
419 2217 51 41 of
499 2215 374 42 introduction.”

156 2278 1995 63 © Sept. 25, 1933; 2c. Sept. 29; aff. Sept. 27; A 66337: Sears pub. co.,
223 2346 89 40 inc.
387 2345 278 48 (33-28964)

150 2462 259 66 O’Toole,
443 2462 253 54 Edward
728 2462 240 64 Joseph.

222 2532 1930 82 Law of trusts, by Edward J. O’Toole … Brooklyn, N. Y.,
154 2621 151 50 1933.

224 2703 26 39 2
273 2714 43 37 p.
343 2703 43 43 1..
413 2704 215 47 vii-xvii,
655 2703 84 41 121
764 2713 44 38 p.
867 2703 55 40 21
927 2705 44 23 cm
975 2735 8 8 .

160 2763 1997 62 © Sept. 25, 1933; 2c. and aff. Oct. 4; A 66447; E. J. O’Toole. Brooklyn.
240 2831 278 48 (33-28428)

159 2948 201 54 Public
396 2949 239 54 utilities
670 2956 237 61 reports.
981 2948 201 55 1933C.
1261 2948 352 71 Containing
1648 2949 276 56 decisions
1961 2950 63 52 of
2057 2950 97 54 the

231 3026 331 70 regulatory
611 3024 387 57 commissions
1048 3028 113 52 and
1210 3027 65 53 of
1321 3033 147 49 state
1516 3029 112 52 and
1678 3027 222 54 federal
1948 3033 207 49 courts.

231 3096 1926 85 Henry C. Spurr … editor. Washington, D. C., Rochester,
234 3184 69 53 N.
330 3184 89 67 Y.,
445 3184 203 53 Public
673 3184 239 54 utilities
940 3190 238 63 reports,
1204 3183 107 56 inc.
1344 3219 12 33 [
1362 3193 18 20 c
1385 3189 132 49 1933
1524 3218 12 35 ]

237 3271 132 48 xxxi,
397 3271 86 39 590
508 3282 42 36 p.
609 3271 56 40 25
669 3272 15 22 cm
718 3303 7 9 .

168 3336 54 52 ©
251 3341 102 40 Oct.
383 3341 69 46 16,
482 3341 142 41 1933;
654 3340 67 42 2c.
752 3343 96 38 and
878 3340 83 42 aff.
993 3341 102 41 Oct.
1127 3343 83 42 21;
1244 3342 39 40 A
1314 3343 144 39 66716;
1519 3342 169 41 Public
1718 3341 209 42 utilities
1960 3343 203 48 reports,

239 3396 88 42 inc.

165 3498 323 67 Randolph,
520 3500 217 67 Vance,
770 3504 171 49 1892-

236 3576 173 53 From
457 3597 72 33 an
577 3577 192 56 Ozark
816 3578 209 68 holler;
1075 3578 202 55 stories
1323 3579 65 53 of
1434 3579 192 56 Ozark
1671 3583 297 51 mountain
2018 3580 144 70 folk,

169 3647 1992 81 by Vance Randolph … illustrated by Richard A. Loederer.
170 3733 135 54 New
331 3734 179 68 York,
536 3735 120 55 The
682 3735 317 70 Vanguard
1026 3756 157 49 press
1216 3771 12 34 [
1235 3741 16 25 c
1258 3739 130 50 1933]

239 3822 86 40 252
353 3832 41 39 p.
454 3822 128 41 illus.
611 3821 132 49 (incl.
777 3824 178 47 music)
1023 3824 116 42 20cm.

241 3879 283 41 Illustrated
558 3882 95 45 t.-p.
684 3882 94 38 and
811 3880 362 50 lining-papers.

177 3943 51 52 ©
261 3947 127 49 Sept.
417 3949 68 41 28.
516 3950 140 47 1933;
687 3950 66 41 2c.
785 3951 101 41 Oct.
916 3950 52 48 9;
1000 3952 81 41 aff.
1115 3953 101 41 Oct.
1246 3953 52 48 6;
1331 3954 41 38 A
1402 3953 169 48 66532;
1604 3954 263 49 Vanguard
1899 3965 149 38 press,
2079 3955 91 41 inc.

254 4003 278 51 (33-28931)
