2484 4405
1049 4085 133 50 1129

124 431 315 66 Atkinson,
468 430 185 54 Helen
683 428 206 66 Marie,
922 433 170 50 1884-

195 511 321 54 Education
553 508 93 53 for
680 508 377 53 constructive
1094 506 171 54 social
1300 506 275 54 influence
1610 504 251 67 through
1898 503 229 53 student

126 581 2000 77 organizations, by Helen M. Atkinson … and Cecile White
126 658 1998 77 Flemming … New York city, Teachers college, Columbia
121 745 334 67 university.
489 749 149 49 1933.

195 820 54 40 31
284 829 42 39 p.
387 818 153 49 diagr.
601 817 115 40 23cm.
787 814 65 48 (A
885 816 191 39 Horace
1112 815 149 38 Mann
1294 812 326 49 professional
1654 810 149 46 book)

129 874 51 52 ©
213 879 115 46 July
360 877 67 47 10,
460 877 112 39 1933;
634 877 66 38 2c.
736 876 114 46 July
882 875 57 39 27;
1001 874 79 40 aff.
1116 874 116 47 July
1263 872 55 39 28;
1381 872 40 38 A
1454 871 144 40 64537;
1660 871 241 39 Teachers
1934 869 194 48 college,

197 934 250 41 Columbia
482 934 127 39 univ.
682 932 280 48 (33-20537)

121 1036 212 65 Baker,
364 1039 137 51 Mrs.
532 1037 175 53 Aleta
737 1034 277 66 Blanche,
1048 1039 171 50 1880-

197 1115 120 51 The
349 1112 175 70 spiral
558 1112 139 53 road
730 1120 58 46 to
821 1110 154 66 God;
1012 1131 26 33 a
1075 1109 144 53 book
1251 1109 92 52 for
1378 1108 256 54 children
1670 1108 112 54 and
1815 1105 148 55 their
129 1125 1974 134 parents,
294 1191 73 68 by
397 1191 166 53 Aleta
597 1191 66 53 B.
695 1189 187 52 Baker;
944 1187 321 55 illustrated
1296 1187 74 68 by
1404 1186 177 54 Gibbs
1610 1186 216 53 Mason.
1896 1185 231 67 Boston,

125 1269 189 65 Mass.,
349 1271 149 49 1933.

196 1339 64 49 ix,
293 1340 87 40 170
406 1350 43 38 p.
508 1339 128 40 illus.
694 1339 116 39 22cm.

129 1397 51 53 ©
205 1402 83 39 July
343 1400 69 47 20,
437 1400 113 40 1933;
603 1399 66 40 2c.
696 1399 115 47 July
834 1399 57 39 27;
945 1397 81 41 aff.
1051 1398 118 48 July
1192 1397 55 40 26;
1301 1397 40 38 A
1367 1397 142 40 64533;
1564 1397 53 38 A.
1644 1397 53 39 B.
1724 1397 174 46 Baker,
1926 1397 204 40 Newton

195 1458 289 48 Highlands,
515 1459 146 38 Mass.
733 1456 279 47 (33-21160)

120 1560 284 65 Beswick,
436 1559 274 64 Eardley.

195 1636 269 69 Original
495 1636 217 68 design,
741 1635 76 69 by
851 1634 255 69 Eardley
1139 1634 274 53 Beswick.
1482 1634 260 69 London,
1777 1633 264 70 Grayson
2076 1637 51 51 &

124 1714 263 69 Grayson
423 1717 153 64 [1933]

192 1787 87 41 364
309 1798 44 38 p.
413 1787 116 42 19cm.

129 1843 1998 52 © 1c. June 17, 1933; A ad int. 18020; pubd. May 1; E. Beswick, Witham,
198 1906 165 44 Essex,
399 1904 234 47 England.
706 1902 280 49 (33-21125)

120 2006 394 66 Birkenhead,
546 2004 316 55 Frederick
893 2005 274 55 Winston
1198 2006 317 52 Furneaux
1547 2004 215 66 Smith,
1792 2006 75 55 2d
1898 2006 118 54 earl
2046 2006 80 67 of,

194 2085 169 52 1907-

194 2161 1930 70 Frederick Edwin, earl of Birkenhead … by his son, the Earl
124 2241 64 54 of
251 2241 364 55 Birkenhead;
712 2243 285 52 foreword
1060 2243 76 66 by
1197 2243 96 52 the
1357 2243 93 52 Rt.
1516 2243 153 52 Hon.
1734 2242 267 55 Winston
2068 2244 54 56 S.

125 2319 315 68 Churchill,
482 2339 46 35 c.
571 2339 61 34 h.
708 2321 258 66 London,
1007 2323 65 51 T.
1117 2321 414 67 Butterworth,
1572 2321 223 53 limited
1842 2326 152 63 [1933]

194 2395 98 47 319,
325 2415 9 29 [1]
410 2406 40 36 p.
508 2395 163 42 front.,
701 2395 143 47 illus.,
875 2396 170 46 plates.,
1075 2397 149 44 ports.
1282 2395 115 38 22cm.

128 2447 2000 53 © 1c. July 1, 1933; A ad int. 17996; pubd. May 2; Frederick Winston
198 2509 276 46 Furneaux,
501 2510 105 38 earl
637 2508 50 40 of
717 2508 324 47 Birkenhead,
1073 2508 246 47 Banbury,
1353 2508 335 47 Oxfordshire,
1720 2510 235 47 England.

205 2565 279 50 (33-21097)

121 2668 219 65 Bragg,
366 2668 100 55 Sir
492 2666 254 56 William
774 2668 223 65 Henry,
1028 2674 171 49 1862-

195 2745 1928 71 The universe of light, by Sir William Bragg … New York.
125 2825 120 52 The
275 2825 334 52 Macmillan
640 2843 297 48 company,
969 2829 150 49 1933.

223 2897 1790 52 x p., 1 l., 283 p. col. front., illus., plates (1 col.) diagrs. 22½cm.
197 2955 132 40 Each
369 2954 51 40 of
460 2955 81 39 the
581 2957 95 37 two
717 2955 190 39 colored
948 2954 157 47 plates
1146 2955 341 48 accompanied
1530 2956 60 47 by
1630 2958 154 45 guard
1829 2959 134 40 sheet
2005 2960 117 41 with

123 3010 293 47 descriptive
443 3012 298 46 letterpress.

128 3064 51 52 ©
206 3070 116 46 July
345 3069 69 46 11,
440 3067 139 43 1933:
607 3068 67 40 2c.
701 3069 94 39 and
822 3067 81 41 aff.
931 3069 116 47 July
1071 3069 56 38 12;
1183 3070 40 38 A
1249 3068 171 49 64299;
1449 3071 71 40 W.
1548 3072 174 48 Bragg,
1751 3072 210 42 London.

205 3125 278 49 (33-27305)

126 3230 248 66 [Brown,
404 3230 136 53 Mrs.
571 3228 211 53 Zenith
819 3229 240 64 (Jones)]
1121 3235 171 50 1898-

123 3304 1999 146 … The clue of the Judas tree. New York, Farrar & Rine-hart, incorporated [c1933]
193 3454 614 50 3 p. l., 3-311 p. 19½cm.
193 3512 229 41 Author’s
447 3513 179 46 pseud.,
655 3511 157 42 Leslie
840 3512 141 40 Ford,
1011 3513 51 39 at
1089 3513 125 41 head
1243 3513 53 40 of
1321 3513 120 43 title.

194 3569 285 40 Illustrated
515 3568 336 48 lining-paper.

129 3623 51 52 ©
207 3628 119 47 Aug.
350 3627 68 46 14,
446 3626 111 40 1933;
614 3626 66 39 2c.
707 3626 119 45 Aug.
853 3625 81 47 16;
963 3625 81 41 aff.
1073 3627 118 46 Aug.
1220 3628 80 46 15;
1331 3629 40 38 A
1398 3630 171 48 63920;
1598 3632 184 42 Farrar
1809 3635 36 41 &
1873 3636 253 48 Rinehart,

195 3681 89 43 inc.
359 3682 279 48 (33-21132)

120 3772 215 64 Busch,
362 3772 219 63 Joseph
612 3770 264 65 Francis,
989 3813 28 23 bp.,
1049 3776 171 49 1866-

193 3850 121 52 The
352 3854 90 47 art
481 3847 64 53 of
583 3847 187 68 living
809 3846 138 53 with
990 3846 149 70 God,
1178 3849 76 69 by
1293 3851 111 54 His
1447 3854 342 73 Excellency
1832 3863 95 54 the
1970 3866 153 55 Most

125 3918 1996 97 Reverend Joseph F. Busch … New York, Cincinnati [etc.]
124 4005 278 67 Benziger
430 4003 277 66 brothers,
741 4003 149 52 1933.
