2484 4405
1045 4104 132 48 1815

123 458 166 63 Selle,
319 458 188 63 Ralph
538 457 323 53 Abraham.

195 535 52 51 A
295 534 283 67 daughter
623 534 63 53 of
730 534 96 53 the
872 533 291 67 midnight
1207 550 123 49 sun,
1376 532 73 66 by
1495 530 193 67 Ralph
1735 530 71 51 A.
1855 527 146 56 Selle
2054 572 54 8 …

125 611 281 65 Houston,
441 613 136 51 Tex.
638 610 224 55 [Carroll
899 610 263 68 printing
1198 627 297 49 company,
1528 614 17 21 c
1551 611 132 49 1933]

196 682 55 40 32
278 695 42 37 p.
380 682 55 41 20
441 685 41 21 cm
487 715 9 7 .
568 683 114 48 (His
711 681 215 43 Outdoor
954 685 174 38 nature
1157 682 173 46 series)

126 737 50 52 ©
205 743 110 38 Dec.
342 742 69 46 22,
440 741 138 40 1933:
609 741 67 40 2c.
704 742 95 37 and
828 740 81 40 aff.
940 741 108 38 Dec.
1078 739 81 46 29;
1191 739 40 38 A
1260 738 168 46 67778;
1461 739 55 40 R.
1546 738 53 39 A.
1632 738 137 46 Selle,
1800 738 238 39 Houston.

203 798 219 47 (34-336)

124 902 212 64 Smith,
364 901 190 53 David
584 903 258 62 Eugene.

195 979 293 52 Teachers’
512 978 108 68 key
646 985 57 46 to
731 979 143 51 Text
904 979 110 51 and
1043 983 136 47 tests
1206 977 60 51 in
1292 978 168 66 plane
1489 982 307 63 geometry,
1821 976 74 68 by
1923 975 191 53 David

126 1057 232 67 Eugene
401 1056 188 55 Smith
637 1099 53 9 …
734 1056 261 54 William
1035 1054 192 54 David
1269 1057 183 51 Reeve
1499 1097 54 9 …
1601 1055 112 52 and
1756 1054 253 53 Edward
2051 1055 65 51 L.

124 1120 1986 81 Morss … Boston, New York [Sic.] Ginn and company [ c 1933]
193 1220 40 36 v,
264 1208 88 40 439
380 1220 41 36 p.
482 1208 177 47 diagrs.
720 1208 144 40 20½cm.

125 1261 50 52 ©
209 1265 124 48 Sept.
364 1267 39 40 7.
434 1265 112 40 1933
565 1276 7 35 ;
604 1266 66 39 2c.
704 1266 125 46 Sept.
861 1265 80 46 13;
975 1264 81 40 aff.
1089 1264 129 47 Sept.
1248 1265 53 37 12
1321 1274 8 31 ;
1363 1264 39 37 A
1433 1263 169 46 65214;
1638 1262 125 40 Ginn
1794 1263 37 39 &
1859 1273 66 29 co.

125 1380 299 67 Spalding,
453 1381 194 54 Phebe
679 1383 237 64 Estelle,
950 1385 171 49 1859-

196 1461 276 67 Through
520 1466 202 47 nature
769 1466 58 47 to
877 1460 265 67 eternity,
1190 1479 30 33 a
1270 1459 462 68 Shakespearean
1783 1458 333 53 meditation

148 1538 91 67 [by]
272 1538 190 53 Phebe
488 1538 215 54 Estelle
733 1537 313 68 Spalding;
1081 1537 368 68 frontispiece
1477 1538 73 65 by
1579 1538 200 51 Victor
1811 1536 307 55 Stuvvaert

130 1657 57 9 …
262 1615 346 66 Claremont,
642 1615 196 66 Calif.,
875 1615 287 55 Saunders
1194 1615 191 53 studio
1419 1633 173 49 press,
1628 1618 150 49 1933.

199 1687 663 50 [28] p., 2 l. front. 18 cm .
200 1744 144 40 “This
377 1744 106 40 first
515 1745 182 40 edition
737 1776 46 9 …
818 1746 40 39 is
893 1745 187 40 limited
1115 1747 48 38 to
1196 1747 95 38 two
1326 1746 220 39 hundred
1580 1746 93 39 and
1711 1749 79 37 ten
1826 1747 171 47 copies,
2033 1758 86 29 one

126 1802 220 41 hundred
374 1802 111 47 only
512 1801 141 50 being
677 1802 78 41 for
783 1802 144 40 sale.”

126 1857 52 50 ©
206 1861 117 38 Nov.
352 1861 39 45 1,
420 1859 112 40 1933
552 1871 8 28 :
591 1859 67 40 2c.
686 1860 95 39 and
810 1859 80 39 aff.
921 1860 111 39 Dec.
1063 1860 81 45 11;
1176 1859 40 38 A
1245 1859 169 46 67483;
1450 1860 245 40 Saunders
1725 1859 162 41 studio
1917 1869 150 39 press.

203 1917 220 47 (34-242)

125 2018 250 67 Stabler,
405 2019 223 55 Walter
658 2020 245 64 Brooke,
936 2023 172 49 1903-

198 2096 261 55 Creative
498 2097 294 55 Christian
825 2098 211 68 living;
1075 2116 28 33 a
1144 2098 296 54 Christian
1472 2099 148 52 ethic
1654 2099 95 51 for
1776 2099 98 51 the
1907 2099 210 68 college

125 2176 247 67 student,
403 2176 76 67 by
509 2176 221 55 Walter
762 2175 224 54 Brooke
1023 2176 226 55 Stabler
1288 2220 55 8 …
1417 2177 425 67 Philadelphia,
125 2176 1970 145 University

269 2254 62 53 of
363 2254 421 67 Pennsylvania
817 2273 184 49 press:
1037 2255 258 67 London,
1327 2257 75 50 H.
1435 2255 266 66 Milford,
1733 2255 230 55 Oxford
125 2255 1968 145 university
369 2349 175 51 press,
575 2335 150 50 1933.

195 2407 65 46 ix,
296 2407 84 38 157
416 2417 42 36 p.
522 2407 115 38 21cm.
713 2406 296 48 (Half-title:
1045 2407 101 39 The
1185 2406 184 48 George
1404 2408 141 38 Dana
1584 2407 278 39 Boardman
1899 2407 221 39 lectures.

121 2463 137 46 1933)

127 2515 50 52 ©
217 2521 115 38 Nov.
374 2521 68 44 17,
482 2519 139 42 1933;
663 2520 65 39 2c.
770 2520 118 39 Nov.
926 2519 83 47 23;
1051 2519 82 41 aff.
1174 2520 117 39 Nov.
1331 2520 82 45 21;
1455 2520 40 38 A
1535 2519 169 47 67225;
1749 2519 282 48 University
2072 2520 50 38 of

196 2576 357 48 Pennsylvania
579 2586 149 38 press.
799 2576 221 50 (34-272)

124 2680 230 64 Tobias,
383 2681 173 63 Ruby
583 2681 318 62 Weyburn.

191 2757 120 52 The
343 2757 240 68 bargain
617 2775 217 50 square,
865 2758 73 67 by
972 2758 169 67 Ruby
1174 2758 290 67 Weyburn
1497 2758 225 53 Tobias.
1803 2757 317 67 [Portland,

123 2833 118 60 Or.,
276 2834 411 67 Metropolitan
725 2854 171 48 press]
942 2839 148 49 1933.

193 2908 589 48 6 p. l. , 3-53 p. 20½cm.
194 2965 183 40 Poems.

125 3019 53 51 ©
216 3024 110 39 Dec.
366 3023 68 46 20,
474 3023 140 47 1933;
655 3024 67 40 2c.
760 3024 112 39 Dec.
911 3025 81 45 27;
1034 3024 81 39 aff.
1156 3025 111 39 Dec.
1306 3024 81 46 26;
1430 3025 40 38 A
1508 3024 171 46 67713;
1721 3024 54 39 R.
1816 3024 70 38 W.
1928 3023 190 48 Tobias,

195 3080 285 46 Beaverton,
509 3080 78 40 Or.
658 3079 219 48 (34-281)

125 3181 324 66 Toudouze,
481 3184 259 63 Georges
770 3184 281 64 Gustave,
1084 3186 170 51 1877-

201 3304 55 8 …
307 3261 80 52 Le
431 3279 217 36 mousse
695 3261 75 53 du
821 3261 382 69 “Korrigan”,
1252 3281 104 49 par
1403 3262 249 67 Georges
1701 3261 418 55 G.-Toudouze.

126 3335 1775 71 Illustrations de Henri Faivre. [Paris] Hachette [ c 1933]
196 3409 98 42 134,
326 3409 54 50 [2]
409 3422 43 37 p.
513 3409 125 42 illus.
700 3410 144 43 28½cm.
916 3412 361 48 (Bibliothèque
1306 3415 83 37 des
1420 3413 152 40 ecoles
1601 3416 47 37 et
1676 3413 83 39 des
1789 3412 237 40 families)

124 3463 1913 53 © July 27, 1933: 1c. Nov. 17 ; A-Foreign 22709: Librairie Hachette.
201 3524 219 47 (34-147)

123 3626 361 66 Waterman,
513 3630 151 52 Leroy
752 3630 172 53 1875-

196 3703 216 55 Second
467 3707 374 70 preliminary
894 3715 191 62 report
1140 3727 150 50 upon
1345 3710 94 53 the
1491 3708 360 54 excavations
1905 3714 54 47 at
2013 3709 102 52 Tel

122 3784 199 57 Umar.
365 3786 153 66 Iraq,
562 3787 310 52 conducted
917 3788 74 66 by
1036 3789 94 51 the
1175 3788 337 67 University
1556 3789 62 51 of
1660 3788 318 68 Michigan,
2019 3787 96 53 the

124 3861 212 53 Toledo
368 3881 250 36 museum
652 3865 62 51 of
746 3871 89 46 art
868 3866 107 51 and
1011 3867 92 53 the
1140 3867 303 54 Cleveland
1479 3885 252 34 museum
1764 3866 67 54 of
1860 3871 115 48 art:
122 3868 1966 139 Leroy

247 3942 352 58 Waterman,
627 3942 261 53 director.
964 3944 131 51 Ann
1130 3945 204 56 Arbor,
1362 3944 336 68 University
1727 3944 62 51 of
1818 3943 293 70 Michigan

120 4036 174 49 press,
323 4022 149 50 1933.
