<alto xmlns="http://www.loc.gov/standards/alto/ns-v3#" xmlns:xsi="http://www.w3.org/2001/XMLSchema-instance" xsi:schemaLocation="http://www.loc.gov/standards/alto/ns-v3# http://www.loc.gov/alto/v3/alto-3-0.xsd"><Description>
<MeasurementUnit>pixel</MeasurementUnit>
<sourceImageInformation>
<fileName>1933_v1_Part1.pdf</fileName>
</sourceImageInformation>
<OCRProcessing ID="IdOcr">
<ocrProcessingStep>
<processingDateTime>2019-01-03</processingDateTime>
<processingSoftware>
<softwareCreator>ABBYY</softwareCreator>
<softwareName>ABBYY Recognition Server</softwareName>
<softwareVersion>4.0</softwareVersion>
</processingSoftware>
</ocrProcessingStep>
</OCRProcessing>
</Description>
<Styles>
<ParagraphStyle ALIGN="Left" FIRSTLINE="0." ID="StyleId-FFFFFFFF-FFFF-FFFF-FFFF-FFFFFFFFFFFF-" LEFT="0." RIGHT="0." />
<ParagraphStyle ALIGN="Left" FIRSTLINE="0." ID="StyleId-6EF5737A-DCEB-4126-A0CF-C5930BF7166A-" LEFT="0." LINESPACE="8.300000191" RIGHT="0." />
<ParagraphStyle ALIGN="Left" FIRSTLINE="0." ID="StyleId-2DE44258-FD0B-41E1-B542-087C989B01A3-" LEFT="0." LINESPACE="12.19999981" RIGHT="0." />
<ParagraphStyle ALIGN="Left" FIRSTLINE="-14." ID="StyleId-CE3D254A-29D7-4DD7-B5F1-E0FC0EF29B05-" LEFT="0." LINESPACE="8.619999886" RIGHT="0." />
<ParagraphStyle ALIGN="Left" FIRSTLINE="-14." ID="StyleId-C0E3A137-CE4F-4287-8A90-B599106709D0-" LEFT="0." LINESPACE="12.19999981" RIGHT="0." />
<ParagraphStyle ALIGN="Left" FIRSTLINE="-14." ID="StyleId-50F26F0C-05DA-4C19-BA58-7A6AC4499BEE-" LEFT="0." LINESPACE="11.06999969" RIGHT="0." />
<ParagraphStyle ALIGN="Center" FIRSTLINE="0." ID="StyleId-5DDE65AF-512C-41E2-9B8E-095D6D99EF68-" LEFT="0." LINESPACE="11.89999962" RIGHT="0." />
<ParagraphStyle ALIGN="Left" FIRSTLINE="0." ID="StyleId-0A81D7A5-6A62-4C52-915E-7768974C704D-" LEFT="0." LINESPACE="9.399999619" RIGHT="0." />
<ParagraphStyle ALIGN="Block" FIRSTLINE="-13." ID="StyleId-F7A0127F-6B48-4157-BB81-FE33E1E1A05B-" LEFT="0." LINESPACE="10.63000011" RIGHT="0." />
<ParagraphStyle ALIGN="Left" FIRSTLINE="0." ID="StyleId-E18C69F7-DBD7-48B1-805C-FCD96D0DA019-" LEFT="0." LINESPACE="11.64000034" RIGHT="0." />
<ParagraphStyle ALIGN="Left" FIRSTLINE="-14." ID="StyleId-98F15501-B611-4E83-8BB3-807E891F11F5-" LEFT="0." LINESPACE="12.19999981" RIGHT="0." />
<ParagraphStyle ALIGN="Left" FIRSTLINE="0." ID="StyleId-F4A78626-0BBC-4D12-94D9-A1AE75A9855F-" LEFT="0." LINESPACE="9.399999619" RIGHT="0." />
<ParagraphStyle ALIGN="Left" FIRSTLINE="0." ID="StyleId-6A3F6F4C-D21B-4ADE-902F-7683F18ECEF3-" LEFT="0." LINESPACE="11.10000038" RIGHT="0." />
</Styles>
<Layout>
<Page HEIGHT="4405" ID="Page1065" PHYSICAL_IMG_NR="1065" WIDTH="2484">
<TopMargin HEIGHT="464" HPOS="0" VPOS="0" WIDTH="2484">
</TopMargin>
<LeftMargin HEIGHT="3606" HPOS="0" VPOS="464" WIDTH="84">
</LeftMargin>
<RightMargin HEIGHT="3606" HPOS="2106" VPOS="464" WIDTH="378">
</RightMargin>
<BottomMargin HEIGHT="335" HPOS="0" VPOS="4070" WIDTH="2484">
<TextBlock HEIGHT="70" HPOS="1008" ID="Page1065_Block1" LANG="en-US" STYLEREFS="StyleId-2F637F40-46C8-484F-AF9E-226C7BA56622-" VPOS="4106" WIDTH="154">
<TextLine HEIGHT="49" HPOS="1019" VPOS="4116" WIDTH="133">
<String CONTENT="1065" HEIGHT="49" HPOS="1019" VPOS="4116" WIDTH="133" />
</TextLine>
</TextBlock>
</BottomMargin>
<PrintSpace HEIGHT="3606" HPOS="84" VPOS="464" WIDTH="2022">
<TextBlock CS="1" HEIGHT="3606" HPOS="84" ID="Page1065_Block2" LANG="en-US" STYLEREFS="StyleId-FEC10658-E832-4481-BC64-1ED5DC888488-" VPOS="464" WIDTH="2022">
<TextLine HEIGHT="66" HPOS="94" STYLEREFS="StyleId-124465C7-F2AD-469E-A77F-27D12F81F006-" VPOS="475" WIDTH="1992">
<String CONTENT="Kansas." HEIGHT="53" HPOS="94" VPOS="480" WIDTH="252" />
<SP HEIGHT="53" HPOS="347" VPOS="480" WIDTH="72" />
<String CONTENT="State" HEIGHT="53" HPOS="420" VPOS="480" WIDTH="169" />
<SP HEIGHT="36" HPOS="590" VPOS="495" WIDTH="43" />
<String CONTENT="college" HEIGHT="63" HPOS="634" VPOS="478" WIDTH="214" />
<SP HEIGHT="36" HPOS="849" VPOS="494" WIDTH="43" />
<String CONTENT="of" HEIGHT="52" HPOS="893" VPOS="478" WIDTH="64" />
<SP HEIGHT="52" HPOS="958" VPOS="478" WIDTH="40" />
<String CONTENT="agriculture" HEIGHT="64" HPOS="999" VPOS="477" WIDTH="364" />
<SP HEIGHT="37" HPOS="1364" VPOS="492" WIDTH="42" />
<String CONTENT="and" HEIGHT="53" HPOS="1407" VPOS="476" WIDTH="115" />
<SP HEIGHT="53" HPOS="1523" VPOS="476" WIDTH="42" />
<String CONTENT="applied" HEIGHT="65" HPOS="1566" VPOS="475" WIDTH="230" />
<SP HEIGHT="54" HPOS="1797" VPOS="475" WIDTH="42" />
<String CONTENT="science," HEIGHT="64" HPOS="1840" VPOS="475" WIDTH="246" />
</TextLine>
<TextLine CS="1" HEIGHT="70" HPOS="161" STYLEREFS="StyleId-00A5DC8B-21D7-42F0-A5B0-B7E5BC897ACD-" VPOS="553" WIDTH="1669">
<String CONTENT="Manhattan." HEIGHT="52" HPOS="161" VPOS="558" WIDTH="360" />
<SP HEIGHT="50" HPOS="522" VPOS="558" WIDTH="71" />
<String CONTENT="Dept." CS="1" />
<SP HEIGHT="34" HPOS="766" VPOS="574" WIDTH="28" />
<String CONTENT="of" HEIGHT="67" HPOS="795" VPOS="556" WIDTH="63" />
<SP HEIGHT="68" HPOS="859" VPOS="555" WIDTH="22" />
<String CONTENT="food" HEIGHT="68" HPOS="882" VPOS="555" WIDTH="142" />
<SP HEIGHT="53" HPOS="1025" VPOS="556" WIDTH="26" />
<String CONTENT="economics" HEIGHT="54" HPOS="1052" VPOS="555" WIDTH="310" />
<SP HEIGHT="35" HPOS="1363" VPOS="573" WIDTH="24" />
<String CONTENT="and" HEIGHT="54" HPOS="1388" VPOS="554" WIDTH="115" />
<SP HEIGHT="53" HPOS="1504" VPOS="554" WIDTH="23" />
<String CONTENT="nutrition." HEIGHT="55" HPOS="1528" VPOS="553" WIDTH="302" />
</TextLine>
<TextLine CS="1" HEIGHT="68" HPOS="167" STYLEREFS="StyleId-3F3B9C96-F83B-4262-A401-4D461681D2F4-" VPOS="632" WIDTH="1920">
<String CONTENT="A" HEIGHT="52" HPOS="167" VPOS="633" WIDTH="53" />
<SP HEIGHT="53" HPOS="221" VPOS="633" WIDTH="25" />
<String CONTENT="dictionary" HEIGHT="67" HPOS="247" VPOS="633" WIDTH="323" />
<SP HEIGHT="47" HPOS="571" VPOS="653" WIDTH="25" />
<String CONTENT="of" HEIGHT="53" HPOS="597" VPOS="633" WIDTH="62" />
<SP HEIGHT="52" HPOS="660" VPOS="633" WIDTH="27" />
<String CONTENT="culinary" HEIGHT="66" HPOS="688" VPOS="633" WIDTH="260" />
<SP HEIGHT="47" HPOS="949" VPOS="652" WIDTH="25" />
<String CONTENT="and" HEIGHT="52" HPOS="975" VPOS="633" WIDTH="112" />
<SP HEIGHT="52" HPOS="1088" VPOS="633" WIDTH="26" />
<String CONTENT="related" HEIGHT="52" HPOS="1115" VPOS="633" WIDTH="215" />
<SP HEIGHT="52" HPOS="1331" VPOS="633" WIDTH="26" />
<String CONTENT="terms" HEIGHT="48" HPOS="1358" VPOS="637" WIDTH="172" />
<SP HEIGHT="47" HPOS="1531" VPOS="651" WIDTH="32" />
<String CONTENT="[by]" CS="1" HEIGHT="66" HPOS="1581" VPOS="633" WIDTH="92" />
<SP HEIGHT="66" HPOS="1674" VPOS="632" WIDTH="33" />
<String CONTENT="Department" HEIGHT="66" HPOS="1708" VPOS="632" WIDTH="379" />
</TextLine>
<TextLine CS="1" HEIGHT="131" HPOS="95" STYLEREFS="StyleId-3F3B9C96-F83B-4262-A401-4D461681D2F4-" VPOS="708" WIDTH="1963">
<String CONTENT="of" HEIGHT="52" HPOS="95" VPOS="710" WIDTH="64" />
<SP HEIGHT="51" HPOS="160" VPOS="710" WIDTH="26" />
<String CONTENT="food" HEIGHT="53" HPOS="187" VPOS="710" WIDTH="138" />
<SP HEIGHT="53" HPOS="326" VPOS="710" WIDTH="28" />
<String CONTENT="economics" HEIGHT="53" HPOS="355" VPOS="710" WIDTH="309" />
<SP HEIGHT="39" HPOS="665" VPOS="723" WIDTH="30" />
<String CONTENT="and" HEIGHT="52" HPOS="696" VPOS="710" WIDTH="112" />
<SP HEIGHT="52" HPOS="809" VPOS="710" WIDTH="27" />
<String CONTENT="nutrition," HEIGHT="66" HPOS="837" VPOS="709" WIDTH="302" />
<SP HEIGHT="65" HPOS="1140" VPOS="710" WIDTH="27" />
<String CONTENT="Kansas" HEIGHT="52" HPOS="1168" VPOS="710" WIDTH="225" />
<SP HEIGHT="35" HPOS="1394" VPOS="728" WIDTH="26" />
<String CONTENT="state" HEIGHT="49" HPOS="1421" VPOS="714" WIDTH="145" />
<SP HEIGHT="34" HPOS="1567" VPOS="728" WIDTH="32" />
<String CONTENT="college" HEIGHT="65" HPOS="1600" VPOS="710" WIDTH="209" />
<SP HEIGHT="35" HPOS="1810" VPOS="727" WIDTH="29" />
<String CONTENT="of" HEIGHT="54" HPOS="1840" VPOS="708" WIDTH="64" />
<SP HEIGHT="54" HPOS="1905" VPOS="708" WIDTH="28" />
<String CONTENT="agriculture" HEIGHT="130" HPOS="96" VPOS="709" WIDTH="1962" />
</TextLine>
<TextLine HEIGHT="68" HPOS="345" STYLEREFS="StyleId-3F3B9C96-F83B-4262-A401-4D461681D2F4-" VPOS="786" WIDTH="1442">
<String CONTENT="and" HEIGHT="53" HPOS="345" VPOS="787" WIDTH="112" />
<SP HEIGHT="52" HPOS="458" VPOS="787" WIDTH="27" />
<String CONTENT="applied" HEIGHT="68" HPOS="486" VPOS="786" WIDTH="233" />
<SP HEIGHT="52" HPOS="720" VPOS="787" WIDTH="26" />
<String CONTENT="science." HEIGHT="53" HPOS="747" VPOS="786" WIDTH="229" />
<SP HEIGHT="52" HPOS="977" VPOS="787" WIDTH="63" />
<String CONTENT="Manhattan," HEIGHT="64" HPOS="1041" VPOS="787" WIDTH="364" />
<SP HEIGHT="65" HPOS="1406" VPOS="786" WIDTH="26" />
<String CONTENT="Kan.," HEIGHT="65" HPOS="1433" VPOS="786" WIDTH="169" />
<SP HEIGHT="62" HPOS="1603" VPOS="789" WIDTH="31" />
<String CONTENT="1933." HEIGHT="50" HPOS="1635" VPOS="789" WIDTH="152" />
</TextLine>
<TextLine CS="1" HEIGHT="51" HPOS="170" VPOS="859" WIDTH="239">
<String CONTENT="62" HEIGHT="41" HPOS="170" VPOS="859" WIDTH="54" />
<SP HEIGHT="50" HPOS="225" VPOS="860" WIDTH="25" />
<String CONTENT="p." HEIGHT="39" HPOS="251" VPOS="871" WIDTH="43" />
<SP HEIGHT="42" HPOS="295" VPOS="859" WIDTH="57" />
<String CONTENT="22&#189;cm." CS="1" HEIGHT="39" HPOS="353" VPOS="859" WIDTH="56" />
</TextLine>
<TextLine CS="1" HEIGHT="105" HPOS="101" VPOS="914" WIDTH="1972">
<String CONTENT="&#169;" HEIGHT="52" HPOS="101" VPOS="914" WIDTH="51" />
<SP HEIGHT="52" HPOS="153" VPOS="914" WIDTH="26" />
<String CONTENT="June" HEIGHT="38" HPOS="180" VPOS="919" WIDTH="129" />
<SP HEIGHT="39" HPOS="310" VPOS="919" WIDTH="21" />
<String CONTENT="7," HEIGHT="45" HPOS="332" VPOS="919" WIDTH="38" />
<SP HEIGHT="46" HPOS="371" VPOS="918" WIDTH="26" />
<String CONTENT="1933;" HEIGHT="46" HPOS="398" VPOS="917" WIDTH="139" />
<SP HEIGHT="46" HPOS="538" VPOS="917" WIDTH="27" />
<String CONTENT="2c." HEIGHT="39" HPOS="566" VPOS="917" WIDTH="66" />
<SP HEIGHT="30" HPOS="633" VPOS="926" WIDTH="27" />
<String CONTENT="and" HEIGHT="38" HPOS="661" VPOS="917" WIDTH="94" />
<SP HEIGHT="38" HPOS="756" VPOS="917" WIDTH="27" />
<String CONTENT="aff." HEIGHT="42" HPOS="784" VPOS="915" WIDTH="82" />
<SP HEIGHT="41" HPOS="867" VPOS="916" WIDTH="25" />
<String CONTENT="June" HEIGHT="39" HPOS="893" VPOS="916" WIDTH="129" />
<SP HEIGHT="38" HPOS="1023" VPOS="917" WIDTH="22" />
<String CONTENT="12;" HEIGHT="46" HPOS="1046" VPOS="916" WIDTH="82" />
<SP HEIGHT="46" HPOS="1129" VPOS="916" WIDTH="27" />
<String CONTENT="A" HEIGHT="38" HPOS="1157" VPOS="916" WIDTH="40" />
<SP HEIGHT="39" HPOS="1198" VPOS="916" WIDTH="26" />
<String CONTENT="63153;" HEIGHT="46" HPOS="1225" VPOS="916" WIDTH="168" />
<SP HEIGHT="45" HPOS="1394" VPOS="917" WIDTH="30" />
<String CONTENT="Department" HEIGHT="47" HPOS="1425" VPOS="917" WIDTH="319" />
<SP HEIGHT="36" HPOS="1745" VPOS="920" WIDTH="27" />
<String CONTENT="of" HEIGHT="40" HPOS="1773" VPOS="916" WIDTH="53" />
<SP HEIGHT="39" HPOS="1827" VPOS="916" WIDTH="22" />
<String CONTENT="food" HEIGHT="39" HPOS="1850" VPOS="917" WIDTH="114" />
<SP HEIGHT="40" HPOS="1965" VPOS="918" WIDTH="26" />
<String CONTENT="economics" HEIGHT="87" HPOS="167" VPOS="927" WIDTH="1906" />
<SP HEIGHT="40" HPOS="350" VPOS="974" WIDTH="39" />
<String CONTENT="&amp;" HEIGHT="39" HPOS="390" VPOS="974" WIDTH="36" />
<SP HEIGHT="39" HPOS="427" VPOS="974" WIDTH="37" />
<String CONTENT="nutrition," HEIGHT="46" HPOS="465" VPOS="973" WIDTH="253" />
</TextLine>
<TextLine HEIGHT="49" HPOS="761" VPOS="972" WIDTH="1330">
<String CONTENT="Kansas" HEIGHT="39" HPOS="761" VPOS="973" WIDTH="194" />
<SP HEIGHT="29" HPOS="956" VPOS="983" WIDTH="40" />
<String CONTENT="state" HEIGHT="37" HPOS="997" VPOS="975" WIDTH="131" />
<SP HEIGHT="29" HPOS="1129" VPOS="983" WIDTH="38" />
<String CONTENT="college" HEIGHT="46" HPOS="1168" VPOS="974" WIDTH="177" />
<SP HEIGHT="29" HPOS="1346" VPOS="983" WIDTH="41" />
<String CONTENT="of" HEIGHT="39" HPOS="1388" VPOS="973" WIDTH="51" />
<SP HEIGHT="39" HPOS="1440" VPOS="973" WIDTH="39" />
<String CONTENT="agriculture" HEIGHT="48" HPOS="1480" VPOS="972" WIDTH="299" />
<SP HEIGHT="39" HPOS="1780" VPOS="974" WIDTH="41" />
<String CONTENT="&amp;" HEIGHT="39" HPOS="1822" VPOS="974" WIDTH="34" />
<SP HEIGHT="39" HPOS="1857" VPOS="974" WIDTH="42" />
<String CONTENT="applied" HEIGHT="49" HPOS="1900" VPOS="972" WIDTH="191" />
</TextLine>
<TextLine HEIGHT="50" HPOS="167" VPOS="1028" WIDTH="1050">
<String CONTENT="science," HEIGHT="46" HPOS="167" VPOS="1031" WIDTH="198" />
<SP HEIGHT="46" HPOS="366" VPOS="1031" WIDTH="32" />
<String CONTENT="Manhattan," HEIGHT="47" HPOS="399" VPOS="1030" WIDTH="307" />
<SP HEIGHT="47" HPOS="707" VPOS="1030" WIDTH="31" />
<String CONTENT="Kan." HEIGHT="39" HPOS="739" VPOS="1030" WIDTH="124" />
<SP HEIGHT="47" HPOS="864" VPOS="1029" WIDTH="72" />
<String CONTENT="(33-19498)" HEIGHT="50" HPOS="937" VPOS="1028" WIDTH="280" />
</TextLine>
<TextLine HEIGHT="66" HPOS="93" STYLEREFS="StyleId-124465C7-F2AD-469E-A77F-27D12F81F006-" VPOS="1118" WIDTH="719">
<String CONTENT="Keating," HEIGHT="66" HPOS="93" VPOS="1118" WIDTH="276" />
<SP HEIGHT="65" HPOS="370" VPOS="1119" WIDTH="27" />
<String CONTENT="Lawrence" HEIGHT="54" HPOS="398" VPOS="1119" WIDTH="315" />
<SP HEIGHT="54" HPOS="714" VPOS="1118" WIDTH="25" />
<String CONTENT="A." HEIGHT="54" HPOS="740" VPOS="1118" WIDTH="72" />
</TextLine>
<TextLine HEIGHT="71" HPOS="166" STYLEREFS="StyleId-3F3B9C96-F83B-4262-A401-4D461681D2F4-" VPOS="1194" WIDTH="1923">
<String CONTENT="The" HEIGHT="52" HPOS="166" VPOS="1196" WIDTH="120" />
<SP HEIGHT="52" HPOS="287" VPOS="1196" WIDTH="33" />
<String CONTENT="deputy" HEIGHT="67" HPOS="321" VPOS="1196" WIDTH="215" />
<SP HEIGHT="49" HPOS="537" VPOS="1214" WIDTH="32" />
<String CONTENT="of" HEIGHT="52" HPOS="570" VPOS="1195" WIDTH="65" />
<SP HEIGHT="55" HPOS="636" VPOS="1194" WIDTH="34" />
<String CONTENT="San" HEIGHT="55" HPOS="671" VPOS="1194" WIDTH="116" />
<SP HEIGHT="51" HPOS="788" VPOS="1196" WIDTH="34" />
<String CONTENT="Kiano," HEIGHT="67" HPOS="823" VPOS="1195" WIDTH="203" />
<SP HEIGHT="66" HPOS="1027" VPOS="1196" WIDTH="31" />
<String CONTENT="by" HEIGHT="67" HPOS="1059" VPOS="1196" WIDTH="76" />
<SP HEIGHT="66" HPOS="1136" VPOS="1197" WIDTH="32" />
<String CONTENT="Lawrence" HEIGHT="52" HPOS="1169" VPOS="1197" WIDTH="302" />
<SP HEIGHT="52" HPOS="1472" VPOS="1197" WIDTH="32" />
<String CONTENT="A." HEIGHT="52" HPOS="1505" VPOS="1197" WIDTH="70" />
<SP HEIGHT="52" HPOS="1576" VPOS="1197" WIDTH="35" />
<String CONTENT="Keating." HEIGHT="70" HPOS="1612" VPOS="1195" WIDTH="269" />
<SP HEIGHT="53" HPOS="1882" VPOS="1199" WIDTH="69" />
<String CONTENT="New" HEIGHT="53" HPOS="1952" VPOS="1199" WIDTH="137" />
</TextLine>
<TextLine HEIGHT="68" HPOS="102" STYLEREFS="StyleId-3F3B9C96-F83B-4262-A401-4D461681D2F4-" VPOS="1272" WIDTH="944">
<String CONTENT="York," HEIGHT="67" HPOS="102" VPOS="1273" WIDTH="172" />
<SP HEIGHT="67" HPOS="275" VPOS="1273" WIDTH="29" />
<String CONTENT="E." HEIGHT="53" HPOS="305" VPOS="1273" WIDTH="65" />
<SP HEIGHT="53" HPOS="371" VPOS="1273" WIDTH="29" />
<String CONTENT="J." HEIGHT="53" HPOS="401" VPOS="1273" WIDTH="55" />
<SP HEIGHT="54" HPOS="457" VPOS="1272" WIDTH="31" />
<String CONTENT="Clode," HEIGHT="68" HPOS="489" VPOS="1272" WIDTH="193" />
<SP HEIGHT="67" HPOS="683" VPOS="1273" WIDTH="27" />
<String CONTENT="inc." HEIGHT="53" HPOS="711" VPOS="1273" WIDTH="106" />
<SP HEIGHT="34" HPOS="818" VPOS="1306" WIDTH="35" />
<String CONTENT="[" HEIGHT="34" HPOS="854" VPOS="1306" WIDTH="13" />
<String CONTENT="c" HEIGHT="21" HPOS="871" STYLE="superscript" VPOS="1279" WIDTH="19" />
<String CONTENT="1933]" HEIGHT="65" HPOS="895" VPOS="1275" WIDTH="151" />
</TextLine>
<TextLine CS="1" HEIGHT="49" HPOS="164" VPOS="1346" WIDTH="367">
<String CONTENT="255" HEIGHT="41" HPOS="164" VPOS="1346" WIDTH="87" />
<SP HEIGHT="48" HPOS="252" VPOS="1347" WIDTH="29" />
<String CONTENT="p." HEIGHT="39" HPOS="282" VPOS="1356" WIDTH="42" />
<SP HEIGHT="41" HPOS="325" VPOS="1346" WIDTH="59" />
<String CONTENT="19&#189;" CS="1" HEIGHT="41" HPOS="385" VPOS="1346" WIDTH="56" />
<String CONTENT="cm" HEIGHT="22" HPOS="473" STYLE="superscript" VPOS="1348" WIDTH="43" />
<String CONTENT="." HEIGHT="10" HPOS="521" VPOS="1377" WIDTH="10" />
</TextLine>
<TextLine CS="1" HEIGHT="57" HPOS="101" VPOS="1400" WIDTH="1990">
<String CONTENT="&#169;" HEIGHT="53" HPOS="101" VPOS="1400" WIDTH="51" />
<SP HEIGHT="53" HPOS="153" VPOS="1400" WIDTH="31" />
<String CONTENT="July" HEIGHT="48" HPOS="185" VPOS="1405" WIDTH="118" />
<SP HEIGHT="48" HPOS="304" VPOS="1405" WIDTH="27" />
<String CONTENT="5," HEIGHT="48" HPOS="332" VPOS="1405" WIDTH="39" />
<SP HEIGHT="47" HPOS="372" VPOS="1406" WIDTH="31" />
<String CONTENT="1933;" CS="1" HEIGHT="41" HPOS="404" VPOS="1404" WIDTH="112" />
<SP HEIGHT="48" HPOS="544" VPOS="1404" WIDTH="34" />
<String CONTENT="2c." HEIGHT="43" HPOS="579" VPOS="1404" WIDTH="67" />
<SP HEIGHT="43" HPOS="647" VPOS="1404" WIDTH="31" />
<String CONTENT="July" HEIGHT="48" HPOS="679" VPOS="1404" WIDTH="115" />
<SP HEIGHT="47" HPOS="795" VPOS="1405" WIDTH="30" />
<String CONTENT="25;" HEIGHT="48" HPOS="826" VPOS="1404" WIDTH="83" />
<SP HEIGHT="38" HPOS="910" VPOS="1414" WIDTH="33" />
<String CONTENT="aff." HEIGHT="42" HPOS="944" VPOS="1403" WIDTH="82" />
<SP HEIGHT="41" HPOS="1027" VPOS="1404" WIDTH="32" />
<String CONTENT="July" HEIGHT="49" HPOS="1060" VPOS="1404" WIDTH="118" />
<SP HEIGHT="48" HPOS="1179" VPOS="1405" WIDTH="30" />
<String CONTENT="28;" HEIGHT="48" HPOS="1210" VPOS="1405" WIDTH="81" />
<SP HEIGHT="47" HPOS="1292" VPOS="1406" WIDTH="34" />
<String CONTENT="A" HEIGHT="39" HPOS="1327" VPOS="1406" WIDTH="40" />
<SP HEIGHT="41" HPOS="1368" VPOS="1405" WIDTH="32" />
<String CONTENT="64562;" HEIGHT="49" HPOS="1401" VPOS="1405" WIDTH="169" />
<SP HEIGHT="46" HPOS="1571" VPOS="1408" WIDTH="37" />
<String CONTENT="Edward" HEIGHT="40" HPOS="1609" VPOS="1408" WIDTH="210" />
<SP HEIGHT="40" HPOS="1820" VPOS="1408" WIDTH="33" />
<String CONTENT="J." HEIGHT="41" HPOS="1854" VPOS="1408" WIDTH="43" />
<SP HEIGHT="43" HPOS="1898" VPOS="1407" WIDTH="34" />
<String CONTENT="Clode," HEIGHT="50" HPOS="1933" VPOS="1407" WIDTH="158" />
</TextLine>
<TextLine HEIGHT="48" HPOS="167" VPOS="1462" WIDTH="439">
<String CONTENT="inc." HEIGHT="40" HPOS="167" VPOS="1462" WIDTH="88" />
<SP HEIGHT="47" HPOS="256" VPOS="1463" WIDTH="70" />
<String CONTENT="(33-19398)" HEIGHT="48" HPOS="327" VPOS="1462" WIDTH="279" />
</TextLine>
<TextLine HEIGHT="66" HPOS="94" STYLEREFS="StyleId-124465C7-F2AD-469E-A77F-27D12F81F006-" VPOS="1549" WIDTH="860">
<String CONTENT="Kelsey," HEIGHT="66" HPOS="94" VPOS="1549" WIDTH="233" />
<SP HEIGHT="63" HPOS="328" VPOS="1552" WIDTH="27" />
<String CONTENT="Erwin" HEIGHT="53" HPOS="356" VPOS="1550" WIDTH="198" />
<SP HEIGHT="52" HPOS="555" VPOS="1551" WIDTH="24" />
<String CONTENT="Burr," HEIGHT="64" HPOS="580" VPOS="1551" WIDTH="173" />
<SP HEIGHT="59" HPOS="754" VPOS="1556" WIDTH="28" />
<String CONTENT="1896-" HEIGHT="49" HPOS="783" VPOS="1556" WIDTH="171" />
</TextLine>
<TextLine HEIGHT="73" HPOS="165" STYLEREFS="StyleId-3F3B9C96-F83B-4262-A401-4D461681D2F4-" VPOS="1628" WIDTH="1926">
<String CONTENT="Laboratory" HEIGHT="67" HPOS="165" VPOS="1628" WIDTH="356" />
<SP HEIGHT="49" HPOS="522" VPOS="1646" WIDTH="48" />
<String CONTENT="manual" HEIGHT="52" HPOS="571" VPOS="1629" WIDTH="232" />
<SP HEIGHT="52" HPOS="804" VPOS="1629" WIDTH="52" />
<String CONTENT="to" HEIGHT="47" HPOS="857" VPOS="1634" WIDTH="57" />
<SP HEIGHT="34" HPOS="915" VPOS="1647" WIDTH="53" />
<String CONTENT="accompany" HEIGHT="50" HPOS="969" VPOS="1647" WIDTH="347" />
<SP HEIGHT="65" HPOS="1317" VPOS="1632" WIDTH="51" />
<String CONTENT="Principles" HEIGHT="67" HPOS="1369" VPOS="1631" WIDTH="322" />
<SP HEIGHT="34" HPOS="1692" VPOS="1651" WIDTH="52" />
<String CONTENT="of" HEIGHT="52" HPOS="1745" VPOS="1633" WIDTH="65" />
<SP HEIGHT="68" HPOS="1811" VPOS="1633" WIDTH="50" />
<String CONTENT="general" HEIGHT="66" HPOS="1862" VPOS="1635" WIDTH="229" />
</TextLine>
<TextLine CS="1" HEIGHT="70" HPOS="97" STYLEREFS="StyleId-3F3B9C96-F83B-4262-A401-4D461681D2F4-" VPOS="1704" WIDTH="1930">
<String CONTENT="chemistry," HEIGHT="70" HPOS="97" VPOS="1704" WIDTH="321" />
<SP HEIGHT="66" HPOS="419" VPOS="1708" WIDTH="41" />
<String CONTENT="by" HEIGHT="66" HPOS="461" VPOS="1708" WIDTH="75" />
<SP HEIGHT="66" HPOS="537" VPOS="1708" WIDTH="40" />
<String CONTENT="Erwin" HEIGHT="52" HPOS="578" VPOS="1706" WIDTH="199" />
<SP HEIGHT="50" HPOS="778" VPOS="1709" WIDTH="43" />
<String CONTENT="B." HEIGHT="52" HPOS="822" VPOS="1709" WIDTH="66" />
<SP HEIGHT="54" HPOS="889" VPOS="1707" WIDTH="41" />
<String CONTENT="Kelsey" HEIGHT="67" HPOS="931" VPOS="1707" WIDTH="211" />
<SP HEIGHT="48" HPOS="1143" VPOS="1726" WIDTH="40" />
<String CONTENT="and" HEIGHT="52" HPOS="1184" VPOS="1709" WIDTH="112" />
<SP HEIGHT="52" HPOS="1297" VPOS="1709" WIDTH="41" />
<String CONTENT="Harold" HEIGHT="53" HPOS="1339" VPOS="1709" WIDTH="226" />
<SP HEIGHT="55" HPOS="1566" VPOS="1709" WIDTH="41" />
<String CONTENT="G." HEIGHT="55" HPOS="1608" VPOS="1709" WIDTH="68" />
<SP HEIGHT="51" HPOS="1677" VPOS="1712" WIDTH="41" />
<String CONTENT="Dietrich" HEIGHT="52" HPOS="1719" VPOS="1712" WIDTH="262" />
<SP HEIGHT="54" HPOS="1982" VPOS="1713" WIDTH="45" />
<String CONTENT="&#8230;" CS="1" />
</TextLine>
<TextLine HEIGHT="71" HPOS="97" STYLEREFS="StyleId-3F3B9C96-F83B-4262-A401-4D461681D2F4-" VPOS="1784" WIDTH="1722">
<String CONTENT="Rev." HEIGHT="53" HPOS="97" VPOS="1784" WIDTH="136" />
<SP HEIGHT="34" HPOS="234" VPOS="1803" WIDTH="35" />
<String CONTENT="ed." HEIGHT="52" HPOS="270" VPOS="1785" WIDTH="83" />
<SP HEIGHT="52" HPOS="354" VPOS="1786" WIDTH="74" />
<String CONTENT="New" HEIGHT="52" HPOS="429" VPOS="1786" WIDTH="137" />
<SP HEIGHT="52" HPOS="567" VPOS="1786" WIDTH="34" />
<String CONTENT="York," HEIGHT="67" HPOS="602" VPOS="1785" WIDTH="178" />
<SP HEIGHT="64" HPOS="781" VPOS="1788" WIDTH="31" />
<String CONTENT="The" HEIGHT="54" HPOS="813" VPOS="1786" WIDTH="121" />
<SP HEIGHT="53" HPOS="935" VPOS="1787" WIDTH="31" />
<String CONTENT="Macmillan" HEIGHT="53" HPOS="967" VPOS="1786" WIDTH="334" />
<SP HEIGHT="34" HPOS="1302" VPOS="1805" WIDTH="34" />
<String CONTENT="company," HEIGHT="50" HPOS="1337" VPOS="1805" WIDTH="298" />
<SP HEIGHT="62" HPOS="1636" VPOS="1793" WIDTH="33" />
<String CONTENT="1933." HEIGHT="50" HPOS="1670" VPOS="1793" WIDTH="149" />
</TextLine>
<TextLine CS="1" HEIGHT="52" HPOS="169" VPOS="1857" WIDTH="1872">
<String CONTENT="x," HEIGHT="35" HPOS="169" VPOS="1870" WIDTH="44" />
<SP HEIGHT="45" HPOS="214" VPOS="1860" WIDTH="30" />
<String CONTENT="4" HEIGHT="38" HPOS="245" VPOS="1860" WIDTH="27" />
<SP HEIGHT="46" HPOS="273" VPOS="1860" WIDTH="32" />
<String CONTENT="p.," HEIGHT="37" HPOS="306" VPOS="1869" WIDTH="56" />
<SP HEIGHT="48" HPOS="363" VPOS="1858" WIDTH="31" />
<String CONTENT="5-133" HEIGHT="40" HPOS="395" VPOS="1858" WIDTH="142" />
<SP HEIGHT="40" HPOS="538" VPOS="1858" WIDTH="30" />
<String CONTENT="numb." HEIGHT="40" HPOS="569" VPOS="1858" WIDTH="161" />
<SP HEIGHT="39" HPOS="731" VPOS="1859" WIDTH="30" />
<String CONTENT="l.," CS="1" />
<SP HEIGHT="47" HPOS="807" VPOS="1858" WIDTH="33" />
<String CONTENT="6" HEIGHT="40" HPOS="841" VPOS="1858" WIDTH="25" />
<SP HEIGHT="48" HPOS="867" VPOS="1858" WIDTH="30" />
<String CONTENT="p.," HEIGHT="37" HPOS="898" VPOS="1869" WIDTH="57" />
<SP HEIGHT="47" HPOS="956" VPOS="1859" WIDTH="31" />
<String CONTENT="7-22" HEIGHT="42" HPOS="988" VPOS="1857" WIDTH="113" />
<SP HEIGHT="41" HPOS="1102" VPOS="1857" WIDTH="31" />
<String CONTENT="numb." HEIGHT="40" HPOS="1134" VPOS="1860" WIDTH="160" />
<SP HEIGHT="40" HPOS="1295" VPOS="1860" WIDTH="32" />
<String CONTENT="l.," CS="1" />
<SP HEIGHT="47" HPOS="1372" VPOS="1861" WIDTH="31" />
<String CONTENT="23-24" HEIGHT="40" HPOS="1404" VPOS="1860" WIDTH="144" />
<SP HEIGHT="48" HPOS="1549" VPOS="1861" WIDTH="33" />
<String CONTENT="p.," HEIGHT="38" HPOS="1583" VPOS="1871" WIDTH="56" />
<SP HEIGHT="48" HPOS="1640" VPOS="1860" WIDTH="31" />
<String CONTENT="25-69" HEIGHT="41" HPOS="1672" VPOS="1860" WIDTH="145" />
<SP HEIGHT="40" HPOS="1818" VPOS="1861" WIDTH="31" />
<String CONTENT="numb." HEIGHT="40" HPOS="1850" VPOS="1863" WIDTH="159" />
<SP HEIGHT="39" HPOS="2010" VPOS="1864" WIDTH="31" />
<String CONTENT="l.," CS="1" />
</TextLine>
<TextLine CS="1" HEIGHT="50" HPOS="99" VPOS="1913" WIDTH="746">
<String CONTENT="71-73" HEIGHT="42" HPOS="99" VPOS="1913" WIDTH="143" />
<SP HEIGHT="47" HPOS="243" VPOS="1916" WIDTH="29" />
<String CONTENT="p." HEIGHT="37" HPOS="273" VPOS="1926" WIDTH="42" />
<SP HEIGHT="41" HPOS="316" VPOS="1915" WIDTH="59" />
<String CONTENT="illus.," HEIGHT="47" HPOS="376" VPOS="1915" WIDTH="142" />
<SP HEIGHT="46" HPOS="519" VPOS="1916" WIDTH="30" />
<String CONTENT="diagrs." HEIGHT="47" HPOS="550" VPOS="1915" WIDTH="179" />
<SP HEIGHT="40" HPOS="730" VPOS="1916" WIDTH="57" />
<String CONTENT="22&#189;cm." CS="1" HEIGHT="39" HPOS="788" VPOS="1915" WIDTH="57" />
</TextLine>
<TextLine HEIGHT="52" HPOS="170" VPOS="1972" WIDTH="1623">
<String CONTENT="&#8220;International" HEIGHT="41" HPOS="170" VPOS="1972" WIDTH="384" />
<SP HEIGHT="37" HPOS="555" VPOS="1976" WIDTH="27" />
<String CONTENT="atomic" HEIGHT="40" HPOS="583" VPOS="1972" WIDTH="177" />
<SP HEIGHT="29" HPOS="761" VPOS="1983" WIDTH="26" />
<String CONTENT="weights," HEIGHT="48" HPOS="788" VPOS="1972" WIDTH="216" />
<SP HEIGHT="47" HPOS="1005" VPOS="1973" WIDTH="29" />
<String CONTENT="1933&#8221;" HEIGHT="41" HPOS="1035" VPOS="1972" WIDTH="143" />
<SP HEIGHT="41" HPOS="1179" VPOS="1972" WIDTH="27" />
<String CONTENT="on" HEIGHT="30" HPOS="1207" VPOS="1983" WIDTH="60" />
<SP HEIGHT="40" HPOS="1268" VPOS="1972" WIDTH="24" />
<String CONTENT="front" HEIGHT="42" HPOS="1293" VPOS="1972" WIDTH="135" />
<SP HEIGHT="40" HPOS="1429" VPOS="1974" WIDTH="26" />
<String CONTENT="lining-paper." HEIGHT="51" HPOS="1456" VPOS="1973" WIDTH="337" />
</TextLine>
<TextLine HEIGHT="52" HPOS="169" VPOS="2029" WIDTH="1783">
<String CONTENT="First" HEIGHT="41" HPOS="169" VPOS="2029" WIDTH="132" />
<SP HEIGHT="38" HPOS="302" VPOS="2032" WIDTH="28" />
<String CONTENT="edition," HEIGHT="48" HPOS="331" VPOS="2029" WIDTH="196" />
<SP HEIGHT="47" HPOS="528" VPOS="2030" WIDTH="28" />
<String CONTENT="1926," HEIGHT="49" HPOS="557" VPOS="2029" WIDTH="126" />
<SP HEIGHT="48" HPOS="684" VPOS="2030" WIDTH="28" />
<String CONTENT="by" HEIGHT="47" HPOS="713" VPOS="2030" WIDTH="62" />
<SP HEIGHT="46" HPOS="776" VPOS="2031" WIDTH="30" />
<String CONTENT="Stuart" HEIGHT="39" HPOS="807" VPOS="2031" WIDTH="169" />
<SP HEIGHT="39" HPOS="977" VPOS="2031" WIDTH="29" />
<String CONTENT="R." HEIGHT="39" HPOS="1007" VPOS="2031" WIDTH="54" />
<SP HEIGHT="39" HPOS="1062" VPOS="2031" WIDTH="29" />
<String CONTENT="Brinkley" HEIGHT="49" HPOS="1092" VPOS="2030" WIDTH="235" />
<SP HEIGHT="38" HPOS="1328" VPOS="2041" WIDTH="26" />
<String CONTENT="and" HEIGHT="40" HPOS="1355" VPOS="2032" WIDTH="95" />
<SP HEIGHT="40" HPOS="1451" VPOS="2032" WIDTH="28" />
<String CONTENT="Erwin" HEIGHT="42" HPOS="1480" VPOS="2032" WIDTH="164" />
<SP HEIGHT="41" HPOS="1645" VPOS="2033" WIDTH="30" />
<String CONTENT="B." HEIGHT="43" HPOS="1676" VPOS="2033" WIDTH="54" />
<SP HEIGHT="42" HPOS="1731" VPOS="2034" WIDTH="27" />
<String CONTENT="Kelsey." HEIGHT="47" HPOS="1759" VPOS="2034" WIDTH="193" />
</TextLine>
<TextLine HEIGHT="58" HPOS="101" VPOS="2082" WIDTH="1994">
<String CONTENT="&#169;" HEIGHT="52" HPOS="101" VPOS="2082" WIDTH="51" />
<SP HEIGHT="52" HPOS="153" VPOS="2082" WIDTH="27" />
<String CONTENT="July" HEIGHT="47" HPOS="181" VPOS="2088" WIDTH="115" />
<SP HEIGHT="47" HPOS="297" VPOS="2088" WIDTH="25" />
<String CONTENT="11," HEIGHT="46" HPOS="323" VPOS="2088" WIDTH="67" />
<SP HEIGHT="45" HPOS="391" VPOS="2089" WIDTH="29" />
<String CONTENT="1933;" HEIGHT="47" HPOS="421" VPOS="2087" WIDTH="138" />
<SP HEIGHT="46" HPOS="560" VPOS="2088" WIDTH="29" />
<String CONTENT="2c." HEIGHT="39" HPOS="590" VPOS="2088" WIDTH="65" />
<SP HEIGHT="28" HPOS="656" VPOS="2099" WIDTH="29" />
<String CONTENT="and" HEIGHT="38" HPOS="686" VPOS="2089" WIDTH="94" />
<SP HEIGHT="38" HPOS="781" VPOS="2089" WIDTH="26" />
<String CONTENT="aff." HEIGHT="39" HPOS="808" VPOS="2088" WIDTH="81" />
<SP HEIGHT="39" HPOS="890" VPOS="2089" WIDTH="29" />
<String CONTENT="July" HEIGHT="47" HPOS="920" VPOS="2089" WIDTH="116" />
<SP HEIGHT="46" HPOS="1037" VPOS="2090" WIDTH="26" />
<String CONTENT="12;" HEIGHT="47" HPOS="1064" VPOS="2089" WIDTH="83" />
<SP HEIGHT="46" HPOS="1148" VPOS="2090" WIDTH="28" />
<String CONTENT="A" HEIGHT="38" HPOS="1177" VPOS="2090" WIDTH="40" />
<SP HEIGHT="40" HPOS="1218" VPOS="2089" WIDTH="27" />
<String CONTENT="64300;" HEIGHT="47" HPOS="1246" VPOS="2089" WIDTH="169" />
<SP HEIGHT="45" HPOS="1416" VPOS="2091" WIDTH="32" />
<String CONTENT="Macmillan" HEIGHT="40" HPOS="1449" VPOS="2091" WIDTH="282" />
<SP HEIGHT="29" HPOS="1732" VPOS="2103" WIDTH="27" />
<String CONTENT="co." HEIGHT="30" HPOS="1760" VPOS="2102" WIDTH="66" />
<SP HEIGHT="28" HPOS="1827" VPOS="2112" WIDTH="63" />
<String CONTENT="[&#169;" HEIGHT="52" HPOS="1891" VPOS="2088" WIDTH="68" />
<SP HEIGHT="52" HPOS="1960" VPOS="2088" WIDTH="28" />
<String CONTENT="new" HEIGHT="31" HPOS="1989" VPOS="2101" WIDTH="106" />
</TextLine>
<TextLine HEIGHT="49" HPOS="169" VPOS="2144" WIDTH="948">
<String CONTENT="and" HEIGHT="38" HPOS="169" VPOS="2145" WIDTH="91" />
<SP HEIGHT="38" HPOS="261" VPOS="2145" WIDTH="36" />
<String CONTENT="revised" HEIGHT="38" HPOS="298" VPOS="2146" WIDTH="184" />
<SP HEIGHT="38" HPOS="483" VPOS="2146" WIDTH="35" />
<String CONTENT="material]" HEIGHT="49" HPOS="519" VPOS="2144" WIDTH="242" />
<SP HEIGHT="48" HPOS="762" VPOS="2145" WIDTH="74" />
<String CONTENT="(33-19358)" HEIGHT="48" HPOS="837" VPOS="2145" WIDTH="280" />
</TextLine>
<TextLine HEIGHT="66" HPOS="95" STYLEREFS="StyleId-124465C7-F2AD-469E-A77F-27D12F81F006-" VPOS="2217" WIDTH="625">
<String CONTENT="Kirk," HEIGHT="65" HPOS="95" VPOS="2217" WIDTH="167" />
<SP HEIGHT="63" HPOS="263" VPOS="2219" WIDTH="27" />
<String CONTENT="John" HEIGHT="52" HPOS="291" VPOS="2219" WIDTH="154" />
<SP HEIGHT="53" HPOS="446" VPOS="2220" WIDTH="29" />
<String CONTENT="George." HEIGHT="63" HPOS="476" VPOS="2220" WIDTH="244" />
</TextLine>
<TextLine HEIGHT="75" HPOS="167" STYLEREFS="StyleId-3F3B9C96-F83B-4262-A401-4D461681D2F4-" VPOS="2294" WIDTH="1922">
<String CONTENT="Graded" HEIGHT="55" HPOS="167" VPOS="2294" WIDTH="230" />
<SP HEIGHT="51" HPOS="398" VPOS="2297" WIDTH="35" />
<String CONTENT="letters," HEIGHT="67" HPOS="434" VPOS="2297" WIDTH="212" />
<SP HEIGHT="67" HPOS="647" VPOS="2297" WIDTH="37" />
<String CONTENT="dictation" HEIGHT="53" HPOS="685" VPOS="2296" WIDTH="278" />
<SP HEIGHT="51" HPOS="964" VPOS="2297" WIDTH="36" />
<String CONTENT="for" HEIGHT="53" HPOS="1001" VPOS="2297" WIDTH="95" />
<SP HEIGHT="32" HPOS="1097" VPOS="2317" WIDTH="35" />
<String CONTENT="modern" HEIGHT="52" HPOS="1133" VPOS="2299" WIDTH="235" />
<SP HEIGHT="51" HPOS="1369" VPOS="2301" WIDTH="36" />
<String CONTENT="business," HEIGHT="69" HPOS="1406" VPOS="2300" WIDTH="270" />
<SP HEIGHT="67" HPOS="1677" VPOS="2302" WIDTH="34" />
<String CONTENT="by" HEIGHT="67" HPOS="1712" VPOS="2302" WIDTH="75" />
<SP HEIGHT="66" HPOS="1788" VPOS="2303" WIDTH="35" />
<String CONTENT="John" HEIGHT="53" HPOS="1824" VPOS="2303" WIDTH="157" />
<SP HEIGHT="55" HPOS="1982" VPOS="2303" WIDTH="39" />
<String CONTENT="G." HEIGHT="55" HPOS="2022" VPOS="2303" WIDTH="67" />
</TextLine>
<TextLine CS="1" HEIGHT="70" HPOS="97" STYLEREFS="StyleId-3F3B9C96-F83B-4262-A401-4D461681D2F4-" VPOS="2372" WIDTH="1993">
<String CONTENT="Kirk" HEIGHT="53" HPOS="97" VPOS="2372" WIDTH="151" />
<SP HEIGHT="51" HPOS="249" VPOS="2374" WIDTH="30" />
<String CONTENT="&#8230;" CS="1" />
<SP HEIGHT="34" HPOS="336" VPOS="2392" WIDTH="31" />
<String CONTENT="and" HEIGHT="51" HPOS="368" VPOS="2375" WIDTH="112" />
<SP HEIGHT="55" HPOS="481" VPOS="2375" WIDTH="27" />
<String CONTENT="George" HEIGHT="67" HPOS="509" VPOS="2375" WIDTH="219" />
<SP HEIGHT="50" HPOS="729" VPOS="2377" WIDTH="27" />
<String CONTENT="E." HEIGHT="51" HPOS="757" VPOS="2377" WIDTH="67" />
<SP HEIGHT="52" HPOS="825" VPOS="2376" WIDTH="25" />
<String CONTENT="Mumford" HEIGHT="53" HPOS="851" VPOS="2376" WIDTH="302" />
<SP HEIGHT="52" HPOS="1154" VPOS="2377" WIDTH="31" />
<String CONTENT="&#8230;" CS="1" />
<SP HEIGHT="51" HPOS="1243" VPOS="2379" WIDTH="63" />
<String CONTENT="bk" HEIGHT="52" HPOS="1307" VPOS="2378" WIDTH="76" />
<SP HEIGHT="51" HPOS="1384" VPOS="2378" WIDTH="25" />
<String CONTENT="2." HEIGHT="49" HPOS="1410" VPOS="2381" WIDTH="47" />
<SP HEIGHT="50" HPOS="1458" VPOS="2382" WIDTH="65" />
<String CONTENT="Benn" HEIGHT="50" HPOS="1524" VPOS="2382" WIDTH="162" />
<SP HEIGHT="50" HPOS="1687" VPOS="2382" WIDTH="28" />
<String CONTENT="Pitman" HEIGHT="52" HPOS="1716" VPOS="2381" WIDTH="231" />
<SP HEIGHT="33" HPOS="1948" VPOS="2400" WIDTH="29" />
<String CONTENT="and" HEIGHT="52" HPOS="1978" VPOS="2382" WIDTH="112" />
</TextLine>
<TextLine HEIGHT="73" HPOS="96" STYLEREFS="StyleId-3F3B9C96-F83B-4262-A401-4D461681D2F4-" VPOS="2452" WIDTH="1995">
<String CONTENT="Isaac" HEIGHT="52" HPOS="96" VPOS="2452" WIDTH="162" />
<SP HEIGHT="49" HPOS="259" VPOS="2455" WIDTH="52" />
<String CONTENT="Pitman" HEIGHT="52" HPOS="312" VPOS="2452" WIDTH="233" />
<SP HEIGHT="33" HPOS="546" VPOS="2472" WIDTH="52" />
<String CONTENT="ed." HEIGHT="51" HPOS="599" VPOS="2454" WIDTH="83" />
<SP HEIGHT="54" HPOS="683" VPOS="2454" WIDTH="88" />
<String CONTENT="Chicago," HEIGHT="69" HPOS="772" VPOS="2454" WIDTH="269" />
<SP HEIGHT="65" HPOS="1042" VPOS="2457" WIDTH="50" />
<String CONTENT="Philadelphia" HEIGHT="69" HPOS="1093" VPOS="2456" WIDTH="410" />
<SP HEIGHT="48" HPOS="1504" VPOS="2477" WIDTH="58" />
<String CONTENT="[etc.]" HEIGHT="62" HPOS="1563" VPOS="2463" WIDTH="137" />
<SP HEIGHT="62" HPOS="1701" VPOS="2463" WIDTH="58" />
<String CONTENT="The" HEIGHT="52" HPOS="1760" VPOS="2461" WIDTH="120" />
<SP HEIGHT="53" HPOS="1881" VPOS="2463" WIDTH="53" />
<String CONTENT="John" HEIGHT="54" HPOS="1935" VPOS="2462" WIDTH="156" />
</TextLine>
<TextLine HEIGHT="70" HPOS="97" STYLEREFS="StyleId-3F3B9C96-F83B-4262-A401-4D461681D2F4-" VPOS="2531" WIDTH="893">
<String CONTENT="C." HEIGHT="54" HPOS="97" VPOS="2531" WIDTH="60" />
<SP HEIGHT="53" HPOS="158" VPOS="2533" WIDTH="30" />
<String CONTENT="Winston" HEIGHT="55" HPOS="189" VPOS="2531" WIDTH="266" />
<SP HEIGHT="36" HPOS="456" VPOS="2550" WIDTH="28" />
<String CONTENT="company" HEIGHT="51" HPOS="485" VPOS="2550" WIDTH="279" />
<SP HEIGHT="48" HPOS="765" VPOS="2553" WIDTH="32" />
<String CONTENT="[" HEIGHT="34" HPOS="798" VPOS="2566" WIDTH="11" />
<String CONTENT="c" HEIGHT="20" HPOS="816" STYLE="superscript" VPOS="2539" WIDTH="17" />
<String CONTENT="1933]" HEIGHT="64" HPOS="838" VPOS="2536" WIDTH="152" />
</TextLine>
<TextLine CS="1" HEIGHT="49" HPOS="168" VPOS="2606" WIDTH="1196">
<String CONTENT="xii," HEIGHT="46" HPOS="168" VPOS="2606" WIDTH="82" />
<SP HEIGHT="45" HPOS="251" VPOS="2607" WIDTH="29" />
<String CONTENT="449" HEIGHT="39" HPOS="281" VPOS="2606" WIDTH="88" />
<SP HEIGHT="48" HPOS="370" VPOS="2606" WIDTH="26" />
<String CONTENT="p." HEIGHT="37" HPOS="397" VPOS="2617" WIDTH="41" />
<SP HEIGHT="39" HPOS="439" VPOS="2606" WIDTH="30" />
<String CONTENT="incl." HEIGHT="41" HPOS="470" VPOS="2606" WIDTH="109" />
<SP HEIGHT="41" HPOS="580" VPOS="2606" WIDTH="28" />
<String CONTENT="front.," HEIGHT="49" HPOS="609" VPOS="2606" WIDTH="164" />
<SP HEIGHT="47" HPOS="774" VPOS="2608" WIDTH="30" />
<String CONTENT="illus.," HEIGHT="46" HPOS="805" VPOS="2608" WIDTH="142" />
<SP HEIGHT="46" HPOS="948" VPOS="2608" WIDTH="32" />
<String CONTENT="diagrs." HEIGHT="47" HPOS="981" VPOS="2607" WIDTH="179" />
<SP HEIGHT="40" HPOS="1161" VPOS="2609" WIDTH="58" />
<String CONTENT="20&#189;" CS="1" HEIGHT="40" HPOS="1220" VPOS="2609" WIDTH="55" />
<String CONTENT="cm" HEIGHT="21" HPOS="1308" STYLE="superscript" VPOS="2612" WIDTH="44" />
<String CONTENT="." HEIGHT="8" HPOS="1356" VPOS="2641" WIDTH="8" />
</TextLine>
<TextLine HEIGHT="53" HPOS="171" VPOS="2662" WIDTH="1924">
<String CONTENT="&#8220;Shorthand" HEIGHT="39" HPOS="171" VPOS="2663" WIDTH="308" />
<SP HEIGHT="38" HPOS="480" VPOS="2664" WIDTH="36" />
<String CONTENT="outlines" HEIGHT="41" HPOS="517" VPOS="2662" WIDTH="209" />
<SP HEIGHT="29" HPOS="727" VPOS="2674" WIDTH="35" />
<String CONTENT="written" HEIGHT="39" HPOS="763" VPOS="2664" WIDTH="197" />
<SP HEIGHT="39" HPOS="961" VPOS="2664" WIDTH="34" />
<String CONTENT="by" HEIGHT="48" HPOS="996" VPOS="2664" WIDTH="61" />
<SP HEIGHT="47" HPOS="1058" VPOS="2665" WIDTH="35" />
<String CONTENT="Aaron" HEIGHT="40" HPOS="1094" VPOS="2665" WIDTH="165" />
<SP HEIGHT="40" HPOS="1260" VPOS="2667" WIDTH="39" />
<String CONTENT="S." HEIGHT="40" HPOS="1300" VPOS="2667" WIDTH="42" />
<SP HEIGHT="39" HPOS="1343" VPOS="2668" WIDTH="38" />
<String CONTENT="Longacre" HEIGHT="47" HPOS="1382" VPOS="2668" WIDTH="246" />
<SP HEIGHT="29" HPOS="1629" VPOS="2680" WIDTH="36" />
<String CONTENT="and" HEIGHT="38" HPOS="1666" VPOS="2670" WIDTH="95" />
<SP HEIGHT="38" HPOS="1762" VPOS="2670" WIDTH="36" />
<String CONTENT="Arthur" HEIGHT="40" HPOS="1799" VPOS="2670" WIDTH="186" />
<SP HEIGHT="40" HPOS="1986" VPOS="2672" WIDTH="36" />
<String CONTENT="W." HEIGHT="41" HPOS="2023" VPOS="2672" WIDTH="72" />
</TextLine>
<TextLine HEIGHT="48" HPOS="99" VPOS="2717" WIDTH="312">
<String CONTENT="Sugarman.&#8221;" HEIGHT="48" HPOS="99" VPOS="2717" WIDTH="312" />
</TextLine>
<TextLine HEIGHT="55" HPOS="103" VPOS="2772" WIDTH="1993">
<String CONTENT="&#169;" HEIGHT="51" HPOS="103" VPOS="2772" WIDTH="51" />
<SP HEIGHT="51" HPOS="155" VPOS="2772" WIDTH="27" />
<String CONTENT="Aug." HEIGHT="46" HPOS="183" VPOS="2776" WIDTH="118" />
<SP HEIGHT="39" HPOS="302" VPOS="2777" WIDTH="25" />
<String CONTENT="4," HEIGHT="45" HPOS="328" VPOS="2777" WIDTH="40" />
<SP HEIGHT="45" HPOS="369" VPOS="2777" WIDTH="27" />
<String CONTENT="1933;" HEIGHT="46" HPOS="397" VPOS="2776" WIDTH="141" />
<SP HEIGHT="45" HPOS="539" VPOS="2777" WIDTH="27" />
<String CONTENT="2c." HEIGHT="39" HPOS="567" VPOS="2777" WIDTH="66" />
<SP HEIGHT="39" HPOS="634" VPOS="2777" WIDTH="27" />
<String CONTENT="Aug." HEIGHT="46" HPOS="662" VPOS="2777" WIDTH="119" />
<SP HEIGHT="39" HPOS="782" VPOS="2776" WIDTH="28" />
<String CONTENT="9;" HEIGHT="46" HPOS="811" VPOS="2776" WIDTH="52" />
<SP HEIGHT="36" HPOS="864" VPOS="2786" WIDTH="28" />
<String CONTENT="aff." HEIGHT="41" HPOS="893" VPOS="2776" WIDTH="82" />
<SP HEIGHT="40" HPOS="976" VPOS="2777" WIDTH="26" />
<String CONTENT="Aug." HEIGHT="48" HPOS="1003" VPOS="2777" WIDTH="118" />
<SP HEIGHT="37" HPOS="1122" VPOS="2779" WIDTH="30" />
<String CONTENT="10;" HEIGHT="46" HPOS="1153" VPOS="2778" WIDTH="81" />
<SP HEIGHT="45" HPOS="1235" VPOS="2779" WIDTH="30" />
<String CONTENT="A" HEIGHT="38" HPOS="1266" VPOS="2779" WIDTH="40" />
<SP HEIGHT="39" HPOS="1307" VPOS="2779" WIDTH="27" />
<String CONTENT="64698;" HEIGHT="48" HPOS="1335" VPOS="2779" WIDTH="169" />
<SP HEIGHT="45" HPOS="1505" VPOS="2782" WIDTH="31" />
<String CONTENT="John" HEIGHT="40" HPOS="1537" VPOS="2782" WIDTH="128" />
<SP HEIGHT="40" HPOS="1666" VPOS="2783" WIDTH="28" />
<String CONTENT="C." HEIGHT="40" HPOS="1695" VPOS="2783" WIDTH="49" />
<SP HEIGHT="39" HPOS="1745" VPOS="2785" WIDTH="29" />
<String CONTENT="Winston" HEIGHT="41" HPOS="1775" VPOS="2783" WIDTH="222" />
<SP HEIGHT="29" HPOS="1998" VPOS="2794" WIDTH="27" />
<String CONTENT="co." HEIGHT="31" HPOS="2026" VPOS="2792" WIDTH="70" />
</TextLine>
<TextLine HEIGHT="69" HPOS="94" STYLEREFS="StyleId-124465C7-F2AD-469E-A77F-27D12F81F006-" VPOS="2846" WIDTH="894">
<String CONTENT="Kolb," HEIGHT="66" HPOS="94" VPOS="2846" WIDTH="168" />
<SP HEIGHT="61" HPOS="263" VPOS="2851" WIDTH="27" />
<String CONTENT="John" HEIGHT="53" HPOS="291" VPOS="2850" WIDTH="153" />
<SP HEIGHT="52" HPOS="445" VPOS="2851" WIDTH="31" />
<String CONTENT="Harrison," HEIGHT="66" HPOS="477" VPOS="2849" WIDTH="307" />
<SP HEIGHT="62" HPOS="785" VPOS="2853" WIDTH="32" />
<String CONTENT="1888-" HEIGHT="50" HPOS="818" VPOS="2853" WIDTH="170" />
</TextLine>
<TextLine HEIGHT="71" HPOS="166" STYLEREFS="StyleId-3F3B9C96-F83B-4262-A401-4D461681D2F4-" VPOS="2926" WIDTH="1925">
<String CONTENT="Meeting" HEIGHT="70" HPOS="166" VPOS="2926" WIDTH="254" />
<SP HEIGHT="62" HPOS="421" VPOS="2934" WIDTH="25" />
<String CONTENT="the" HEIGHT="52" HPOS="447" VPOS="2928" WIDTH="98" />
<SP HEIGHT="51" HPOS="546" VPOS="2929" WIDTH="24" />
<String CONTENT="farm" HEIGHT="51" HPOS="571" VPOS="2929" WIDTH="153" />
<SP HEIGHT="34" HPOS="725" VPOS="2947" WIDTH="26" />
<String CONTENT="crisis," HEIGHT="69" HPOS="752" VPOS="2928" WIDTH="177" />
<SP HEIGHT="68" HPOS="930" VPOS="2929" WIDTH="25" />
<String CONTENT="by" HEIGHT="68" HPOS="956" VPOS="2929" WIDTH="74" />
<SP HEIGHT="66" HPOS="1031" VPOS="2931" WIDTH="27" />
<String CONTENT="J." HEIGHT="53" HPOS="1059" VPOS="2931" WIDTH="57" />
<SP HEIGHT="51" HPOS="1117" VPOS="2930" WIDTH="28" />
<String CONTENT="H." HEIGHT="51" HPOS="1146" VPOS="2930" WIDTH="76" />
<SP HEIGHT="51" HPOS="1223" VPOS="2929" WIDTH="27" />
<String CONTENT="Kolb." HEIGHT="52" HPOS="1251" VPOS="2928" WIDTH="170" />
<SP HEIGHT="54" HPOS="1422" VPOS="2927" WIDTH="64" />
<String CONTENT="Chicago," HEIGHT="68" HPOS="1487" VPOS="2926" WIDTH="270" />
<SP HEIGHT="67" HPOS="1758" VPOS="2927" WIDTH="27" />
<String CONTENT="American" HEIGHT="52" HPOS="1786" VPOS="2927" WIDTH="305" />
</TextLine>
<TextLine HEIGHT="69" HPOS="96" STYLEREFS="StyleId-3F3B9C96-F83B-4262-A401-4D461681D2F4-" VPOS="3005" WIDTH="786">
<String CONTENT="library" HEIGHT="69" HPOS="96" VPOS="3005" WIDTH="217" />
<SP HEIGHT="49" HPOS="314" VPOS="3025" WIDTH="30" />
<String CONTENT="association," HEIGHT="68" HPOS="345" VPOS="3006" WIDTH="354" />
<SP HEIGHT="63" HPOS="700" VPOS="3011" WIDTH="32" />
<String CONTENT="1933." HEIGHT="50" HPOS="733" VPOS="3010" WIDTH="149" />
</TextLine>
<TextLine CS="1" HEIGHT="49" HPOS="169" VPOS="3079" WIDTH="1295">
<String CONTENT="24" HEIGHT="38" HPOS="169" VPOS="3081" WIDTH="55" />
<SP HEIGHT="46" HPOS="225" VPOS="3082" WIDTH="27" />
<String CONTENT="p." HEIGHT="37" HPOS="253" VPOS="3091" WIDTH="41" />
<SP HEIGHT="38" HPOS="295" VPOS="3081" WIDTH="59" />
<String CONTENT="19&#189;cm." CS="1" HEIGHT="39" HPOS="355" VPOS="3080" WIDTH="54" />
<SP HEIGHT="47" HPOS="499" VPOS="3080" WIDTH="70" />
<String CONTENT="(On.cover:" CS="1" HEIGHT="47" HPOS="570" VPOS="3080" WIDTH="288" />
<SP HEIGHT="39" HPOS="859" VPOS="3082" WIDTH="28" />
<String CONTENT="Exploring" HEIGHT="48" HPOS="888" VPOS="3079" WIDTH="267" />
<SP HEIGHT="45" HPOS="1156" VPOS="3082" WIDTH="27" />
<String CONTENT="the" HEIGHT="39" HPOS="1184" VPOS="3080" WIDTH="84" />
<SP HEIGHT="37" HPOS="1269" VPOS="3082" WIDTH="27" />
<String CONTENT="times)" HEIGHT="48" HPOS="1297" VPOS="3079" WIDTH="167" />
</TextLine>
<TextLine CS="1" HEIGHT="52" HPOS="175" VPOS="3134" WIDTH="1919">
<String CONTENT="&#8220;Recommended" HEIGHT="41" HPOS="175" VPOS="3137" WIDTH="407" />
<SP HEIGHT="38" HPOS="583" VPOS="3138" WIDTH="34" />
<String CONTENT="reading&#8221;:" CS="1" HEIGHT="49" HPOS="618" VPOS="3136" WIDTH="227" />
<SP HEIGHT="38" HPOS="875" VPOS="3148" WIDTH="35" />
<String CONTENT="p." HEIGHT="38" HPOS="911" VPOS="3148" WIDTH="43" />
<SP HEIGHT="40" HPOS="955" VPOS="3138" WIDTH="33" />
<String CONTENT="22;" HEIGHT="46" HPOS="989" VPOS="3137" WIDTH="81" />
<SP HEIGHT="46" HPOS="1071" VPOS="3137" WIDTH="40" />
<String CONTENT="&#8220;Other" HEIGHT="41" HPOS="1112" VPOS="3137" WIDTH="179" />
<SP HEIGHT="27" HPOS="1292" VPOS="3148" WIDTH="34" />
<String CONTENT="material" HEIGHT="40" HPOS="1327" VPOS="3135" WIDTH="225" />
<SP HEIGHT="37" HPOS="1553" VPOS="3137" WIDTH="36" />
<String CONTENT="referred" HEIGHT="39" HPOS="1590" VPOS="3135" WIDTH="217" />
<SP HEIGHT="39" HPOS="1808" VPOS="3135" WIDTH="34" />
<String CONTENT="to" HEIGHT="38" HPOS="1843" VPOS="3137" WIDTH="48" />
<SP HEIGHT="40" HPOS="1892" VPOS="3135" WIDTH="37" />
<String CONTENT="in" HEIGHT="39" HPOS="1930" VPOS="3135" WIDTH="50" />
<SP HEIGHT="38" HPOS="1981" VPOS="3135" WIDTH="32" />
<String CONTENT="the" HEIGHT="39" HPOS="2014" VPOS="3134" WIDTH="80" />
</TextLine>
<TextLine CS="1" HEIGHT="48" HPOS="99" VPOS="3194" WIDTH="413">
<String CONTENT="text&#8221;:" CS="1" HEIGHT="40" HPOS="99" VPOS="3194" WIDTH="131" />
<SP HEIGHT="38" HPOS="260" VPOS="3204" WIDTH="25" />
<String CONTENT="p." HEIGHT="38" HPOS="286" VPOS="3204" WIDTH="42" />
<SP HEIGHT="38" HPOS="329" VPOS="3195" WIDTH="25" />
<String CONTENT="23-24." HEIGHT="39" HPOS="355" VPOS="3195" WIDTH="157" />
</TextLine>
<TextLine HEIGHT="52" HPOS="104" VPOS="3246" WIDTH="1990">
<String CONTENT="&#169;" HEIGHT="52" HPOS="104" VPOS="3246" WIDTH="51" />
<SP HEIGHT="52" HPOS="156" VPOS="3246" WIDTH="26" />
<String CONTENT="July" HEIGHT="46" HPOS="183" VPOS="3252" WIDTH="115" />
<SP HEIGHT="46" HPOS="299" VPOS="3252" WIDTH="26" />
<String CONTENT="10," HEIGHT="46" HPOS="326" VPOS="3251" WIDTH="68" />
<SP HEIGHT="45" HPOS="395" VPOS="3252" WIDTH="29" />
<String CONTENT="1933;" HEIGHT="46" HPOS="425" VPOS="3251" WIDTH="139" />
<SP HEIGHT="46" HPOS="565" VPOS="3251" WIDTH="29" />
<String CONTENT="2c." HEIGHT="39" HPOS="595" VPOS="3251" WIDTH="65" />
<SP HEIGHT="39" HPOS="661" VPOS="3251" WIDTH="29" />
<String CONTENT="July" HEIGHT="47" HPOS="691" VPOS="3251" WIDTH="117" />
<SP HEIGHT="47" HPOS="809" VPOS="3251" WIDTH="25" />
<String CONTENT="8;" HEIGHT="46" HPOS="835" VPOS="3251" WIDTH="52" />
<SP HEIGHT="36" HPOS="888" VPOS="3261" WIDTH="30" />
<String CONTENT="aff." HEIGHT="40" HPOS="919" VPOS="3250" WIDTH="80" />
<SP HEIGHT="39" HPOS="1000" VPOS="3251" WIDTH="30" />
<String CONTENT="July" HEIGHT="47" HPOS="1031" VPOS="3251" WIDTH="117" />
<SP HEIGHT="46" HPOS="1149" VPOS="3252" WIDTH="26" />
<String CONTENT="18;" HEIGHT="47" HPOS="1176" VPOS="3250" WIDTH="81" />
<SP HEIGHT="46" HPOS="1258" VPOS="3251" WIDTH="30" />
<String CONTENT="A" HEIGHT="38" HPOS="1289" VPOS="3251" WIDTH="40" />
<SP HEIGHT="40" HPOS="1330" VPOS="3249" WIDTH="28" />
<String CONTENT="63666;" HEIGHT="47" HPOS="1359" VPOS="3249" WIDTH="169" />
<SP HEIGHT="46" HPOS="1529" VPOS="3250" WIDTH="31" />
<String CONTENT="Amer." HEIGHT="39" HPOS="1561" VPOS="3250" WIDTH="157" />
<SP HEIGHT="38" HPOS="1719" VPOS="3250" WIDTH="29" />
<String CONTENT="library" HEIGHT="48" HPOS="1749" VPOS="3248" WIDTH="186" />
<SP HEIGHT="36" HPOS="1936" VPOS="3260" WIDTH="29" />
<String CONTENT="assn." HEIGHT="31" HPOS="1966" VPOS="3258" WIDTH="128" />
</TextLine>
<TextLine HEIGHT="48" HPOS="180" VPOS="3307" WIDTH="278">
<String CONTENT="(33-19662)" HEIGHT="48" HPOS="180" VPOS="3307" WIDTH="278" />
</TextLine>
<TextLine HEIGHT="70" HPOS="94" STYLEREFS="StyleId-124465C7-F2AD-469E-A77F-27D12F81F006-" VPOS="3378" WIDTH="1083">
<String CONTENT="Laidler," HEIGHT="70" HPOS="94" VPOS="3378" WIDTH="251" />
<SP HEIGHT="65" HPOS="346" VPOS="3383" WIDTH="26" />
<String CONTENT="Harry" HEIGHT="63" HPOS="373" VPOS="3383" WIDTH="200" />
<SP HEIGHT="63" HPOS="574" VPOS="3383" WIDTH="24" />
<String CONTENT="Wellington," HEIGHT="67" HPOS="599" VPOS="3380" WIDTH="375" />
<SP HEIGHT="58" HPOS="975" VPOS="3389" WIDTH="29" />
<String CONTENT="1884-" HEIGHT="50" HPOS="1005" VPOS="3387" WIDTH="172" />
</TextLine>
<TextLine CS="1" HEIGHT="69" HPOS="167" STYLEREFS="StyleId-3F3B9C96-F83B-4262-A401-4D461681D2F4-" VPOS="3459" WIDTH="1922">
<String CONTENT="A" HEIGHT="51" HPOS="167" VPOS="3462" WIDTH="53" />
<SP HEIGHT="52" HPOS="221" VPOS="3461" WIDTH="21" />
<String CONTENT="history" HEIGHT="67" HPOS="243" VPOS="3460" WIDTH="219" />
<SP HEIGHT="48" HPOS="463" VPOS="3479" WIDTH="22" />
<String CONTENT="of" HEIGHT="52" HPOS="486" VPOS="3460" WIDTH="65" />
<SP HEIGHT="52" HPOS="552" VPOS="3460" WIDTH="20" />
<String CONTENT="socialist" HEIGHT="52" HPOS="573" VPOS="3461" WIDTH="249" />
<SP HEIGHT="46" HPOS="823" VPOS="3466" WIDTH="21" />
<String CONTENT="thought," HEIGHT="68" HPOS="845" VPOS="3460" WIDTH="265" />
<SP HEIGHT="66" HPOS="1111" VPOS="3461" WIDTH="21" />
<String CONTENT="by" HEIGHT="67" HPOS="1133" VPOS="3461" WIDTH="76" />
<SP HEIGHT="67" HPOS="1210" VPOS="3461" WIDTH="20" />
<String CONTENT="Harry" HEIGHT="66" HPOS="1231" VPOS="3461" WIDTH="199" />
<SP HEIGHT="65" HPOS="1431" VPOS="3462" WIDTH="20" />
<String CONTENT="W." HEIGHT="53" HPOS="1452" VPOS="3462" WIDTH="89" />
<SP HEIGHT="52" HPOS="1542" VPOS="3461" WIDTH="25" />
<String CONTENT="Laidler" HEIGHT="53" HPOS="1568" VPOS="3459" WIDTH="233" />
<SP HEIGHT="35" HPOS="1802" VPOS="3479" WIDTH="29" />
<String CONTENT="&#8230;" CS="1" />
<SP HEIGHT="53" HPOS="1888" VPOS="3461" WIDTH="63" />
<String CONTENT="New" HEIGHT="53" HPOS="1952" VPOS="3461" WIDTH="137" />
</TextLine>
<TextLine CS="1" HEIGHT="69" HPOS="101" STYLEREFS="StyleId-3F3B9C96-F83B-4262-A401-4D461681D2F4-" VPOS="3537" WIDTH="1354">
<String CONTENT="York," HEIGHT="66" HPOS="101" VPOS="3537" WIDTH="175" />
<SP HEIGHT="63" HPOS="277" VPOS="3540" WIDTH="25" />
<String CONTENT="Thomas" HEIGHT="52" HPOS="303" VPOS="3539" WIDTH="247" />
<SP HEIGHT="51" HPOS="551" VPOS="3540" WIDTH="27" />
<String CONTENT="Y." HEIGHT="52" HPOS="579" VPOS="3540" WIDTH="70" />
<SP HEIGHT="54" HPOS="650" VPOS="3539" WIDTH="30" />
<String CONTENT="Crowell" HEIGHT="54" HPOS="681" VPOS="3539" WIDTH="242" />
<SP HEIGHT="52" HPOS="924" VPOS="3540" WIDTH="26" />
<String CONTENT="company" HEIGHT="49" HPOS="951" VPOS="3556" WIDTH="281" />
<SP />
<String CONTENT="[c1933]" CS="1" HEIGHT="63" HPOS="1407" VPOS="3543" WIDTH="48" />
</TextLine>
<TextLine CS="1" HEIGHT="50" HPOS="168" VPOS="3610" WIDTH="1921">
<String CONTENT="xxii," HEIGHT="46" HPOS="168" VPOS="3612" WIDTH="117" />
<SP HEIGHT="46" HPOS="286" VPOS="3612" WIDTH="24" />
<String CONTENT="713" HEIGHT="39" HPOS="311" VPOS="3612" WIDTH="84" />
<SP HEIGHT="48" HPOS="396" VPOS="3612" WIDTH="25" />
<String CONTENT="p." HEIGHT="37" HPOS="422" VPOS="3623" WIDTH="42" />
<SP HEIGHT="40" HPOS="465" VPOS="3611" WIDTH="58" />
<String CONTENT="front.," HEIGHT="47" HPOS="524" VPOS="3611" WIDTH="163" />
<SP HEIGHT="36" HPOS="688" VPOS="3622" WIDTH="24" />
<String CONTENT="ports." HEIGHT="43" HPOS="713" VPOS="3615" WIDTH="148" />
<SP HEIGHT="39" HPOS="862" VPOS="3611" WIDTH="61" />
<String CONTENT="20&#189;cm." CS="1" HEIGHT="39" HPOS="924" VPOS="3611" WIDTH="58" />
<SP HEIGHT="47" HPOS="1071" VPOS="3610" WIDTH="68" />
<String CONTENT="(Crowell&#8217;s" HEIGHT="47" HPOS="1140" VPOS="3610" WIDTH="270" />
<SP HEIGHT="30" HPOS="1411" VPOS="3621" WIDTH="26" />
<String CONTENT="social" HEIGHT="40" HPOS="1438" VPOS="3610" WIDTH="148" />
<SP HEIGHT="39" HPOS="1587" VPOS="3611" WIDTH="26" />
<String CONTENT="science" HEIGHT="40" HPOS="1614" VPOS="3610" WIDTH="184" />
<SP HEIGHT="29" HPOS="1799" VPOS="3621" WIDTH="27" />
<String CONTENT="series," HEIGHT="47" HPOS="1827" VPOS="3611" WIDTH="162" />
<SP HEIGHT="37" HPOS="1990" VPOS="3621" WIDTH="27" />
<String CONTENT="ed." HEIGHT="40" HPOS="2018" VPOS="3612" WIDTH="71" />
</TextLine>
<TextLine HEIGHT="47" HPOS="99" VPOS="3668" WIDTH="494">
<String CONTENT="by" HEIGHT="47" HPOS="99" VPOS="3668" WIDTH="60" />
<SP HEIGHT="46" HPOS="160" VPOS="3669" WIDTH="29" />
<String CONTENT="Seba" HEIGHT="39" HPOS="190" VPOS="3669" WIDTH="120" />
<SP HEIGHT="39" HPOS="311" VPOS="3669" WIDTH="28" />
<String CONTENT="Eldridge)" HEIGHT="46" HPOS="340" VPOS="3668" WIDTH="253" />
</TextLine>
<TextLine HEIGHT="50" HPOS="168" VPOS="3724" WIDTH="502">
<String CONTENT="&#8220;Fourth" HEIGHT="43" HPOS="168" VPOS="3724" WIDTH="212" />
<SP HEIGHT="46" HPOS="381" VPOS="3728" WIDTH="30" />
<String CONTENT="printing.&#8221;" HEIGHT="50" HPOS="412" VPOS="3724" WIDTH="258" />
</TextLine>
<TextLine CS="1" HEIGHT="105" HPOS="98" VPOS="3781" WIDTH="1971">
<String CONTENT="&#8220;A" HEIGHT="40" HPOS="169" VPOS="3782" WIDTH="67" />
<SP HEIGHT="40" HPOS="237" VPOS="3783" WIDTH="35" />
<String CONTENT="supplementary" HEIGHT="46" HPOS="273" VPOS="3784" WIDTH="393" />
<SP HEIGHT="35" HPOS="667" VPOS="3794" WIDTH="32" />
<String CONTENT="volume" HEIGHT="39" HPOS="700" VPOS="3783" WIDTH="189" />
<SP HEIGHT="36" HPOS="890" VPOS="3786" WIDTH="34" />
<String CONTENT="to" HEIGHT="37" HPOS="925" VPOS="3786" WIDTH="48" />
<SP HEIGHT="41" HPOS="974" VPOS="3782" WIDTH="38" />
<String CONTENT="Socialism" HEIGHT="41" HPOS="1013" VPOS="3782" WIDTH="254" />
<SP HEIGHT="39" HPOS="1268" VPOS="3782" WIDTH="33" />
<String CONTENT="in" HEIGHT="39" HPOS="1302" VPOS="3782" WIDTH="49" />
<SP HEIGHT="37" HPOS="1352" VPOS="3784" WIDTH="32" />
<String CONTENT="thought" HEIGHT="47" HPOS="1385" VPOS="3782" WIDTH="206" />
<SP HEIGHT="38" HPOS="1592" VPOS="3783" WIDTH="32" />
<String CONTENT="and" HEIGHT="40" HPOS="1625" VPOS="3782" WIDTH="96" />
<SP HEIGHT="39" HPOS="1722" VPOS="3782" WIDTH="35" />
<String CONTENT="action," HEIGHT="48" HPOS="1758" VPOS="3781" WIDTH="174" />
<SP HEIGHT="36" HPOS="1933" VPOS="3793" WIDTH="34" />
<String CONTENT="completed" HEIGHT="94" HPOS="98" VPOS="3792" WIDTH="1971" />
<SP HEIGHT="40" HPOS="257" VPOS="3839" WIDTH="24" />
<String CONTENT="by" HEIGHT="47" HPOS="282" VPOS="3839" WIDTH="60" />
<SP HEIGHT="43" HPOS="343" VPOS="3843" WIDTH="25" />
<String CONTENT="the" HEIGHT="39" HPOS="369" VPOS="3840" WIDTH="80" />
<SP HEIGHT="29" HPOS="450" VPOS="3850" WIDTH="26" />
<String CONTENT="author" HEIGHT="39" HPOS="477" VPOS="3840" WIDTH="177" />
<SP HEIGHT="39" HPOS="655" VPOS="3839" WIDTH="23" />
<String CONTENT="in" HEIGHT="40" HPOS="679" VPOS="3839" WIDTH="48" />
<SP HEIGHT="38" HPOS="728" VPOS="3841" WIDTH="26" />
<String CONTENT="1920.&#8221;&#8212;Pref." HEIGHT="42" HPOS="755" VPOS="3838" WIDTH="350" />
</TextLine>
<TextLine CS="1" HEIGHT="48" HPOS="170" VPOS="3895" WIDTH="1838">
<String CONTENT="&#8220;Selected" HEIGHT="39" HPOS="170" VPOS="3897" WIDTH="244" />
<SP HEIGHT="38" HPOS="415" VPOS="3897" WIDTH="25" />
<String CONTENT="references&#8221;" HEIGHT="41" HPOS="441" VPOS="3895" WIDTH="300" />
<SP HEIGHT="40" HPOS="742" VPOS="3895" WIDTH="27" />
<String CONTENT="at" HEIGHT="36" HPOS="770" VPOS="3900" WIDTH="51" />
<SP HEIGHT="36" HPOS="822" VPOS="3900" WIDTH="24" />
<String CONTENT="end" HEIGHT="39" HPOS="847" VPOS="3897" WIDTH="90" />
<SP HEIGHT="39" HPOS="938" VPOS="3897" WIDTH="26" />
<String CONTENT="of" HEIGHT="40" HPOS="965" VPOS="3896" WIDTH="51" />
<SP HEIGHT="39" HPOS="1017" VPOS="3896" WIDTH="23" />
<String CONTENT="each" HEIGHT="38" HPOS="1041" VPOS="3897" WIDTH="119" />
<SP HEIGHT="38" HPOS="1161" VPOS="3897" WIDTH="25" />
<String CONTENT="chapter," HEIGHT="47" HPOS="1187" VPOS="3896" WIDTH="213" />
<SP HEIGHT="35" HPOS="1401" VPOS="3906" WIDTH="28" />
<String CONTENT="except" HEIGHT="45" HPOS="1430" VPOS="3898" WIDTH="169" />
<SP HEIGHT="37" HPOS="1600" VPOS="3898" WIDTH="25" />
<String CONTENT="chapter" HEIGHT="46" HPOS="1626" VPOS="3896" WIDTH="200" />
<SP HEIGHT="28" HPOS="1827" VPOS="3906" WIDTH="23" />
<String CONTENT="XXXII." CS="1" HEIGHT="9" HPOS="1999" VPOS="3928" WIDTH="9" />
</TextLine>
<TextLine CS="1" HEIGHT="52" HPOS="101" VPOS="3949" WIDTH="1987">
<String CONTENT="&#169;" HEIGHT="51" HPOS="101" VPOS="3949" WIDTH="51" />
<SP HEIGHT="51" HPOS="153" VPOS="3949" WIDTH="28" />
<String CONTENT="July" HEIGHT="46" HPOS="182" VPOS="3954" WIDTH="118" />
<SP HEIGHT="45" HPOS="301" VPOS="3955" WIDTH="24" />
<String CONTENT="13," HEIGHT="45" HPOS="326" VPOS="3953" WIDTH="67" />
<SP HEIGHT="44" HPOS="394" VPOS="3954" WIDTH="28" />
<String CONTENT="1933;" CS="1" HEIGHT="39" HPOS="423" VPOS="3954" WIDTH="112" />
<SP HEIGHT="44" HPOS="564" VPOS="3955" WIDTH="28" />
<String CONTENT="2c." HEIGHT="38" HPOS="593" VPOS="3955" WIDTH="67" />
<SP HEIGHT="29" HPOS="661" VPOS="3964" WIDTH="29" />
<String CONTENT="and" HEIGHT="38" HPOS="691" VPOS="3955" WIDTH="95" />
<SP HEIGHT="39" HPOS="787" VPOS="3955" WIDTH="27" />
<String CONTENT="aff." HEIGHT="41" HPOS="815" VPOS="3953" WIDTH="82" />
<SP HEIGHT="39" HPOS="898" VPOS="3955" WIDTH="28" />
<String CONTENT="July" HEIGHT="46" HPOS="927" VPOS="3955" WIDTH="116" />
<SP HEIGHT="46" HPOS="1044" VPOS="3955" WIDTH="28" />
<String CONTENT="18;" HEIGHT="46" HPOS="1073" VPOS="3954" WIDTH="82" />
<SP HEIGHT="46" HPOS="1156" VPOS="3954" WIDTH="30" />
<String CONTENT="A" HEIGHT="38" HPOS="1187" VPOS="3954" WIDTH="40" />
<SP HEIGHT="39" HPOS="1228" VPOS="3954" WIDTH="28" />
<String CONTENT="63619;" HEIGHT="47" HPOS="1257" VPOS="3953" WIDTH="169" />
<SP HEIGHT="46" HPOS="1427" VPOS="3954" WIDTH="31" />
<String CONTENT="Thomas" HEIGHT="39" HPOS="1459" VPOS="3954" WIDTH="211" />
<SP HEIGHT="39" HPOS="1671" VPOS="3954" WIDTH="28" />
<String CONTENT="Y." HEIGHT="41" HPOS="1700" VPOS="3954" WIDTH="54" />
<SP HEIGHT="42" HPOS="1755" VPOS="3953" WIDTH="29" />
<String CONTENT="Crowell" HEIGHT="41" HPOS="1785" VPOS="3953" WIDTH="205" />
<SP HEIGHT="38" HPOS="1991" VPOS="3955" WIDTH="28" />
<String CONTENT="co." HEIGHT="30" HPOS="2020" VPOS="3963" WIDTH="68" />
</TextLine>
<TextLine HEIGHT="53" HPOS="174" VPOS="4006" WIDTH="1069">
<String CONTENT="[&#169;" HEIGHT="53" HPOS="174" VPOS="4006" WIDTH="66" />
<SP HEIGHT="51" HPOS="241" VPOS="4006" WIDTH="22" />
<String CONTENT="revisions" HEIGHT="40" HPOS="264" VPOS="4010" WIDTH="236" />
<SP HEIGHT="40" HPOS="501" VPOS="4010" WIDTH="23" />
<String CONTENT="&amp;" HEIGHT="39" HPOS="525" VPOS="4010" WIDTH="35" />
<SP HEIGHT="40" HPOS="561" VPOS="4010" WIDTH="21" />
<String CONTENT="corrections]" HEIGHT="48" HPOS="583" VPOS="4011" WIDTH="307" />
<SP HEIGHT="48" HPOS="891" VPOS="4011" WIDTH="70" />
<String CONTENT="(33-19348)" HEIGHT="49" HPOS="962" VPOS="4010" WIDTH="281" />
</TextLine>
</TextBlock>
</PrintSpace>
</Page>
</Layout>
</alto>