2575 4405
1057 4101 99 49 141

101 462 325 64 Steigman,
455 458 316 66 Benjamin
800 458 238 55 Morris.

168 540 121 53 The
325 536 451 69 unconquerable
814 534 264 67 Tristan;
1115 534 95 52 the
1246 538 158 64 story
1440 531 64 53 of
1540 529 256 54 Richard
1831 530 272 67 Wagner,

97 618 75 69 by
217 618 67 53 B.
329 617 82 52 M.
457 614 313 70 Steigman.
846 613 138 53 New
1032 611 180 69 York,
1258 609 122 55 The
1423 609 338 54 Macmillan
1803 625 300 52 company,

100 699 150 50 1933.

169 762 989 56 7 p. l., 3-376 p. front., ports. 22 cm .
104 819 1648 56 © Feb. 7, 1933; 2c. and aff. Feb. 8; A 59828; Macmillan co.
181 882 250 50 (33-3789)

101 972 390 67 Stephenson,
522 971 152 66 Carl,
707 975 172 52 1886-

171 1050 275 69 Borough
485 1051 113 52 and
636 1055 185 61 town;
863 1067 32 35 a
934 1047 174 68 study
1146 1047 63 54 of
1247 1048 184 52 urban
1469 1046 218 68 origins
1726 1046 62 53 in
1825 1047 275 67 England

107 1124 1994 73 [by] Carl Stephenson … Cambridge, Mass., The Mediaeval
101 1206 270 67 academy
396 1205 63 53 of
484 1203 286 67 America,
800 1207 153 50 1933.

172 1279 96 47 xvi,
302 1278 87 41 236
420 1290 43 37 p.
526 1288 151 38 maps.
740 1276 54 41 26
798 1279 46 21 cm
849 1307 10 10 .
931 1275 300 50 (Half-title:
1266 1276 327 48 Monographs
1628 1275 52 41 of
1715 1276 84 40 the
1832 1274 274 41 Mediaeval

99 1338 232 46 academy
361 1336 52 40 of
440 1334 239 42 America,
737 1344 74 30 no.
842 1334 51 49 7)

173 1393 270 46 “Academy
473 1390 337 50 publications,
873 1401 76 30 no.
981 1388 98 42 15.”

105 1444 2000 54 © Jan. 5, 1933; 2c. Jan. 12; aff. Jan. 7; A 58812; Mediaeval academy
173 1506 51 39 of
255 1505 236 46 America,
525 1504 89 40 inc.
688 1503 250 49 (33-3704)

101 1594 304 66 Stockton,
436 1593 277 66 Richard,
749 1599 172 49 1888-

170 1673 320 54 Inevitable
533 1691 137 50 war,
714 1673 73 66 by
833 1672 345 53 Lieutenant
1224 1672 235 55 Colonel
1504 1672 255 53 Richard
1807 1671 295 71 Stockton,

102 1751 1505 69 6th … New York, The Perth company [ c 1932]
173 1823 1768 52 3 p. l., xi-xxv, 806 p front., illus. (map) ports., diagrs. 23½ cm .
175 1883 248 42 “Selected
454 1881 365 49 bibliography”:
881 1891 43 39 p.
956 1880 219 42 777-794.

106 1935 2000 53 © Dec. 23, 1932; 2c. and aff. Jan. 3, 1933; A 57714; R. Stockton, jr.,
172 1996 226 47 Trenton,
429 1997 57 40 N.
515 1996 44 39 J.
630 1994 251 49 (33-3568)

100 2070 215 55 Torres
343 2072 263 64 Ríoseco,
635 2071 245 65 Arturo,
913 2072 172 54 1897-

172 2148 391 69 Bibliografía
603 2149 70 53 de
709 2149 55 53 la
802 2167 73 35 no
880 2149 124 53 vela
1042 2148 300 69 mejicana,
1380 2149 323 67 compilada
1742 2167 107 50 por
1886 2150 219 52 Arturo

102 2227 2002 69 Torres-Rioseco … Cambridge, Mass., Harvard university
101 2324 174 51 press,
312 2310 152 52 1933.

173 2378 100 50 viii,
309 2379 56 42 58
398 2391 44 37 p.
501 2379 55 41 23½c
606 2381 28 22 m
638 2411 10 9 .

174 2436 102 41 One
302 2437 54 39 of
380 2448 29 29 a
438 2435 151 42 series
617 2436 51 41 of
696 2435 380 49 bibliographies
1106 2436 50 39 of
1187 2435 488 48 Spanish-American
1705 2435 257 41 literature
103 2437 1986 97 published

290 2493 154 41 under
474 2495 81 39 the
587 2493 222 49 auspices
841 2493 51 41 of
922 2494 81 40 the
1034 2493 231 41 Harvard
1295 2493 188 41 council
1514 2504 60 29 on
1606 2492 498 50 Hispano-American

104 2551 201 42 studies.

104 2607 1987 106 “Tomando como punto de partida la Bibliografía de novelistas mexicanos de don Juan Iguíniz …
103 2663 2006 109 hemos agregado varios centenares de cédulas … [y hemos] traído la lista bibliográfica hasta el presente año.”—
104 2778 185 42 Introd.

107 2832 2001 53 © Feb. 1, 1933; 2c. Feb. 4; aff. Feb. 7; A 60193; President & fellows
176 2893 51 40 of
257 2894 231 40 Harvard
518 2894 190 47 college,
743 2893 301 49 Cambridge,
1078 2894 146 40 Mass.
1296 2894 251 50 (33-3639)

100 2965 282 69 Trotskïǐ,
411 2970 139 65 Lev,
581 2970 172 56 1879-

101 3047 1978 131 … The history of the Russian revolution, v. 2, 3. Translated
288 3125 154 53 from
472 3127 95 52 the
599 3126 246 55 Russian
875 3128 76 67 by
980 3129 140 52 Max
1151 3130 293 51 Eastman.
1520 3130 139 53 New
1690 3128 182 69 York,
1904 3130 199 56 Simon

103 3204 113 52 and
251 3204 286 69 Schuster,
567 3207 153 52 1932.

176 3277 27 39 2
229 3290 42 28 v.
328 3278 150 40 front.
507 3277 65 48 (v.
601 3280 42 39 3.
699 3278 176 49 ports.)
941 3278 56 41 24
1000 3281 44 21 cm
1049 3310 10 10 .

176 3334 64 40 At
267 3335 125 39 head
419 3334 54 40 of
498 3334 134 41 title:
664 3336 128 39 Leon
822 3336 225 48 Trotsky.

451 3401 105 30 CONTENTS.—v.
581 3390 41 41 2.
645 3391 100 41 The
768 3394 271 46 attempted
1061 3393 615 41 counter-revolution.—v.
1702 3392 40 42 3.
1767 3394 101 40 The
1892 3394 216 49 triumph

104 3446 51 40 of
183 3448 83 39 the
293 3448 193 40 soviets.

109 3499 1999 56 © Jan. 26, 1933; 2c. each Jan. 28; aff. Jan. 27; A 60056; Simon &
180 3560 244 49 Schuster,
453 3560 91 42 inc.

105 3634 217 67 Truax,
351 3635 226 57 Rhoda.

174 3713 1933 73 Doctors carry the keys, by Rhoda Truax … New York,
107 3790 67 52 E.
201 3791 65 51 P.
293 3790 224 53 Dutton
542 3793 45 50 &
612 3809 97 50 co.,
735 3792 126 68 inc.,
889 3795 150 51 1933.

175 3863 90 40 282
289 3874 43 38 p.
392 3863 56 41 19½
479 3866 45 22 cm
529 3896 9 9 .

178 3920 1787 50 “First printing January. 1933 … third printing January, 1933.”
112 3971 1996 59 © Feb. 9, 1933; 2c. and aff. Feb. 15; A 59431; E. P. Dutton & co., inc.
188 4032 251 51 (33-3745)
