2575 4405
1070 4070 99 55 157

97 452 236 63 Preyer,
362 446 190 55 David
582 444 263 66 Charles,
875 448 171 50 1861-

164 529 123 52 The
316 532 93 47 art
438 523 67 55 of
534 525 98 52 the
661 518 416 71 Metropolitan
1108 535 254 37 museum
1395 515 65 54 of
1491 515 140 52 New
1665 511 190 67 York;
1890 509 203 70 giving

96 631 31 32 a
154 603 341 69 descriptive
523 603 114 52 and
663 599 222 55 critical
913 601 236 50 account
1176 595 63 54 of
1266 595 75 53 its
1367 598 297 63 treasures,
1692 591 186 54 which
95 607 1975 133 represent
250 684 97 52 the
379 687 117 50 arts
531 681 113 53 and
679 676 181 56 crafts
894 676 150 53 from
1080 677 212 51 remote
1324 670 288 70 antiquity
1644 674 60 50 to
1736 669 98 54 the
1867 674 227 64 present

97 747 1996 82 time. By David C. Preyer … and Dorothy Adlow. New rev.
95 832 1345 74 ed. … Boston, The Page company [c1933]
168 940 76 36 xv,
280 927 88 40 466
401 937 43 37 p.
503 924 165 47 front.,
704 923 171 48 plates,
912 920 163 50 ports.,
1112 919 27 41 2
1174 919 155 48 plans.
1387 916 146 42 21½cm.
1615 916 102 40 [The
1753 918 80 38 art
1868 912 227 49 galleries

98 985 53 44 of
176 984 223 43 America
428 981 165 51 series]

104 1054 51 54 ©
182 1059 109 40 Jan.
316 1057 69 47 25,
412 1054 139 43 1933:
580 1054 66 40 2c.
675 1053 110 40 Feb.
812 1051 83 47 10;
925 1050 82 40 aff.
1035 1049 109 40 Feb.
1173 1049 52 46 6;
1255 1048 40 39 A
1320 1046 171 48 59364;
1521 1048 51 40 L.
1600 1047 50 40 C.
1678 1046 127 47 Page
1833 1046 36 39 &
1896 1055 81 36 co.,
2006 1044 91 41 inc.

181 1113 249 50 (33-4358)

97 1215 220 54 Punch,
393 1234 50 35 v.
474 1219 115 62 184,
614 1232 89 34 no.
730 1211 156 69 4774,
912 1214 133 54 Jan.
1071 1214 50 65 4,
1151 1212 151 50 1933.

105 1302 54 54 ©
222 1317 35 29 1c.
293 1306 122 38 Mar.
450 1304 37 47 1,
524 1301 139 41 1933:
701 1301 40 39 A
776 1300 63 41 ad
874 1299 86 39 int.
996 1295 170 50 17502;
1204 1297 142 47 pubd.
1383 1295 110 42 Jan.
1527 1297 54 45 4;
1620 1293 214 41 Herbert
1866 1293 233 48 Heather,

172 1364 211 39 London.
1891 1348 117 43 1081

100 1464 312 65 Reynolds,
447 1461 291 56 Gertrude
770 1461 77 54 M.
890 1457 282 67 (Robins)
1212 1458 172 52 “Mrs.
1414 1455 64 54 L.
1512 1456 66 54 B.
1610 1454 353 65 Reynolds.”

169 1541 154 70 Very
353 1539 225 70 private
606 1542 286 65 secretary
927 1537 110 68 [by]
1071 1536 138 53 Mrs.
1243 1532 211 56 Baillie
1482 1532 309 70 Reynolds.
98 1532 1976 144 [Instalments
307 1621 190 67 49-65]

185 1709 83 50 (In
289 1704 201 45 London
513 1704 147 51 Daily
684 1702 187 52 herald,
897 1701 110 43 Jan.
1035 1700 164 51 18-21,
1225 1701 165 50 23-28,
1416 1699 72 52 30,
1514 1699 73 50 31,
1612 1697 117 43 Feb.
1757 1698 102 51 1-4,
1884 1698 42 50 6,
1952 1697 145 50 1933)

108 1777 51 54 ©
219 1792 38 29 1c.
286 1780 118 40 each
433 1779 123 41 Mar.
585 1779 68 46 11,
684 1776 141 47 1933;
858 1776 44 42 A
928 1776 62 40 ad
1019 1775 87 42 int.
1136 1774 171 47 17544;
1339 1773 142 48 pubd.
1515 1773 110 40 Jan.
1656 1771 158 48 18-21,
1844 1770 159 49 23-28,
2033 1769 71 50 30,

173 1837 72 47 31,
276 1837 111 39 Feb.
419 1836 101 47 1-4,
552 1835 41 46 6,
625 1833 142 48 1933;
804 1833 244 40 Gertrude
1079 1831 183 41 Minnie
1295 1829 179 42 Baillie
1508 1831 260 47 Reynolds,
1803 1830 67 40 St.
1907 1829 198 48 Albans,

176 1894 163 47 Herts,
365 1892 237 50 England.
1897 1885 118 42 1082

106 1995 244 68 Riddell,
381 1994 296 57 Florence.

175 2072 271 53 Pleasure
475 2070 193 54 bound
707 2068 90 71 [by]
856 2069 275 55 Florence
1162 2068 250 54 Riddell.
1481 2067 427 72 Philadelphia,
1944 2069 56 54 J.
2036 2069 68 52 B.

106 2149 337 71 Lippincott
470 2166 282 51 company
802 2149 158 51 [c1933]

175 2235 87 42 316
291 2246 44 38 p.
395 2235 143 41 19½cm.

112 2304 51 55 ©
193 2309 110 41 Jan.
330 2308 70 48 25,
429 2306 141 51 1933;
600 2306 68 42 2c.
698 2308 95 39 and
823 2305 82 42 aff.
935 2306 111 41 Feb.
1075 2304 82 51 21;
1189 2306 41 40 A
1260 2305 169 48 60350;
1463 2305 42 42 J.
1537 2306 54 40 B.
1621 2304 279 50 Lippincott
1929 2316 67 31 co.

190 2365 249 50 (33-4498)

106 2469 348 65 Robertson,
485 2465 320 57 Archibald
834 2467 276 56 Thomas.

175 2546 181 54 Word
383 2544 248 70 pictures
659 2545 61 53 in
745 2545 98 54 the
870 2547 139 52 New
1037 2547 345 66 Testament,
1411 2545 73 69 by
1511 2544 318 54 Archibald
1857 2546 248 53 Thomas

108 2620 1996 79 Robertson … v. 6. The general Epistles and the Apocalypse.
108 2703 139 54 New
276 2702 163 54 York
466 2703 113 53 and
604 2702 260 70 London,
891 2704 232 66 Harper
1152 2707 45 49 &
1222 2702 277 70 brothers,
1528 2706 151 50 1933.

179 2777 104 47 xiii,
309 2777 88 40 488
423 2787 41 37 p.
520 2776 118 41 22cm.

113 2842 53 54 ©
197 2847 112 41 Feb.
371 2878 7 16 1,
410 2845 141 45 1933;
582 2847 69 40 2c.
682 2847 111 39 Feb.
824 2846 55 48 2;
911 2846 82 41 aff.
1027 2846 111 43 Feb.
1166 2848 55 40 3:
1253 2847 43 39 A
1325 2845 171 50 59241;
1533 2848 198 47 Sunday
1762 2846 164 42 school
1958 2846 152 41 board

181 2904 52 40 of
259 2904 81 40 the
370 2903 242 41 Southern
637 2903 198 49 Baptist
862 2902 301 52 convention,
1192 2903 266 42 Nashville.

114 3008 168 65 Ross,
309 3004 271 57 Malcolm
608 3006 312 68 Harrison,
952 3009 171 54 1897-

182 3085 265 53 Machine
493 3104 104 50 age
638 3086 61 53 in
744 3087 97 53 the
883 3086 152 68 hills,
1079 3085 74 71 by
1196 3086 272 53 Malcolm
1512 3088 159 51 Ross.
1746 3087 139 54 New
1931 3088 178 67 York,

114 3164 121 54 The
259 3163 336 54 Macmillan
621 3181 299 52 company,
950 3167 150 52 1933.

184 3247 45 38 x,
260 3237 87 40 248
374 3248 43 37 p.
478 3235 164 49 front.,
673 3238 172 47 plates.
904 3236 147 41 20½cm.

188 3300 1924 61 “The effects of technology … in the coal fields [of Kentucky and West
117 3362 373 53 Virginia]”—p.
525 3364 42 41 3.

121 3430 51 54 ©
204 3436 111 41 Feb.
344 3437 40 47 7,
414 3434 115 44 1933
545 3447 9 36 ;
585 3436 68 39 2c.
685 3438 95 38 and
809 3436 84 41 aff.
923 3436 112 41 Feb.
1065 3437 52 46 8;
1149 3436 42 39 A
1221 3436 170 48 59326;
1424 3437 281 42 Macmillan
1737 3447 68 33 co.

197 3492 251 48 (33-4164)

118 3595 136 67 Roz,
287 3594 245 69 Firmin,
566 3602 172 49 1866-

248 3672 1166 76 … Washington. Paris, Dunod [c1933]
190 3747 84 40 282
300 3758 58 38 p.,
386 3749 24 38 1
459 3780 9 10 l.
529 3746 115 42 19cm.
715 3747 290 48 (Collection
1034 3748 118 42 “Les
1180 3749 417 50 constructeurs”)

190 3817 266 49 Copyright
481 3820 127 48 date,
634 3819 130 49 1933,
788 3821 217 48 changed
1031 3822 51 39 in
1106 3821 303 49 manuscript
1434 3824 49 38 to
1507 3821 128 41 1932.

195 3875 150 41 “Note
376 3874 474 52 bibliographique”:
884 3889 43 37 p.
978 3876 234 51 [277]-279.

125 3941 51 54 ©
204 3947 117 40 Nov.
349 3947 69 47 19,
446 3947 140 49 1932;
646 3958 37 31 1c.
711 3948 109 41 Jan.
849 3949 41 48 7,
918 3948 140 48 1933;
1087 3949 311 50 A-Foreign
1426 3948 169 51 19274;
1627 3951 190 43 Dunod.

203 4004 249 49 (33-4171)
