2582 4453
1254 4127 104 51 402

271 431 211 66 Bruce,
511 432 141 53 Mrs.
683 431 175 63 Mary
896 428 256 67 (Grant)

344 508 169 54 Road
536 512 60 50 to
623 508 335 68 adventure,
985 508 77 67 by
1086 507 174 67 Mary
1285 506 189 56 Grant
1503 507 204 52 Bruce.
1770 505 142 54 New
1940 504 182 67 York,
274 504 2002 151 Minton,

425 587 183 54 Balch
640 589 47 52 &
716 604 301 50 company,
1049 589 154 50 1933.

351 659 685 51 ix p., 2 l., 3-248 p. 20 cm .
281 715 52 53 ©
364 721 124 40 Mar.
516 718 70 48 24,
615 717 114 41 1933
749 729 9 35 ;
789 717 67 41 2c.
887 718 123 39 Mar.
1039 717 84 47 31;
1154 715 83 43 aff.
1266 717 115 48 Apr.
1411 717 53 46 1;
1497 716 40 40 A
1567 715 172 49 60859;
1773 718 63 38 M.
1869 716 52 41 G.
1953 717 173 46 Bruce,
389 717 1901 106 Beckhill-on-Sea,

688 776 196 47 Sussex,
913 775 241 47 England.
1226 774 253 50 (33-7847)

276 878 349 68 Carpenter,
658 877 262 56 Richard
951 878 90 66 V.,
1077 879 173 55 1871-

278 954 2026 228 The government of Illinois, a supplement to Hughes’ Elementary community civics, new edition, by Richard V. Carpenter … and James H. Smith … Boston, New York [etc.] Allyn
280 1192 557 70 and Bacon [ c 1933]
349 1264 1901 51 2 p. l., 79, 39 p. front. (port.) illus. (incl. maps) pl., diagrs. 19 cm .
285 1321 52 54 ©
365 1326 112 41 Feb.
504 1327 39 47 8,
571 1325 114 42 1933
705 1337 9 37 ;
742 1326 68 41 2c.
838 1326 112 41 Feb.
979 1325 82 49 18;
1091 1325 83 41 aff.
1203 1326 111 40 Feb.
1343 1325 83 48 20;
1455 1326 41 39 A
1523 1325 172 49 59578;
1725 1327 147 47 Allyn
1900 1331 37 41 &
1963 1327 179 40 Bacon.

364 1383 254 50 (33-7830)

279 1488 267 67 Caswell,
579 1489 158 55 John
769 1490 224 65 Edgar.

355 1566 203 56 Soccer
599 1565 94 54 for
733 1565 194 70 junior
968 1566 114 53 and
1122 1565 186 55 senior
1346 1564 142 71 high
1527 1566 237 70 schools,
1801 1565 75 70 by
1915 1565 156 55 John
2110 1565 201 70 Edgar

281 1643 2005 147 Caswell … New York, A. S. Barnes and company (incorporated) 1933.
354 1795 1025 51 xx, 96 p., 1 l. illus., diagrs. 231 cm .
353 1853 162 41 Blank
541 1864 123 38 page
691 1854 79 40 for
799 1853 208 41 “Notes”
1036 1857 54 38 at
1117 1856 108 39 end.

289 1909 52 53 ©
368 1916 124 39 Mar.
518 1914 70 48 21,
615 1913 114 42 1933
749 1926 8 36 ;
785 1914 67 42 2c.
879 1916 123 39 Mar.
1029 1915 84 47 25;
1142 1914 83 42 aff.
1254 1916 123 40 Mar.
1403 1915 85 47 27;
1517 1916 41 39 A
1585 1914 172 49 61079;
1787 1915 55 41 A.
1873 1915 44 41 S.
1946 1915 191 41 Barnes
2165 1915 38 41 &
2229 1924 82 38 co.,

357 1971 92 42 inc.
521 1971 254 52 (33-7819)

283 2075 402 68 Chamberlin,
715 2077 278 58 Edward.

287 2153 2002 134 The theory of monopolistic competition, by Edward Chamberlin …
658 2233 291 54 Awarded
990 2234 96 52 the
1129 2233 195 54 David
1366 2233 72 58 A.
1481 2233 181 55 Wells
1703 2234 159 70 prize
1905 2233 94 56 for
2040 2234 98 53 the
2177 2251 138 51 year

289 2309 261 70 1927-28,
578 2311 113 53 and
719 2310 304 69 published
1052 2311 154 53 from
1233 2312 95 52 the
1354 2310 217 57 income
1599 2312 64 52 of
1689 2312 97 54 the
1816 2310 194 54 David
2036 2311 69 52 A.
2134 2311 180 54 Wells

288 2388 163 53 fund.
529 2388 365 71 Cambridge,
929 2389 277 54 Harvard
1242 2389 319 70 university
1598 2408 176 51 press,
1812 2393 151 49 1933.

358 2461 1904 53 x, 213 p. diagrs. 22½ cm . (Half-title: Harvard economic studies …
287 2517 92 42 vol.
621 2518 15 48 XXXVIII)

358 2574 122 43 This
519 2578 147 47 study
704 2587 103 30 was
843 2576 268 42 submitted
1149 2576 51 41 in
1237 2576 116 42 1927
1391 2589 55 29 as
1483 2589 28 29 a
1551 2578 209 41 doctor’s
1798 2578 155 42 thesis
1992 2578 50 41 in
2080 2578 232 41 Harvard

288 2632 290 50 university.
637 2634 141 41 Since
810 2634 112 41 that
952 2632 118 43 time
1098 2634 41 41 it
1167 2636 90 39 has
1287 2635 120 40 been
1437 2635 289 49 completely
1755 2635 255 41 rewritten.
2085 2637 63 48 cf.
2181 2634 132 42 Pref.

294 2690 52 53 ©
373 2694 111 41 Feb.
509 2695 69 45 16,
603 2693 114 42 1933
737 2706 9 36 ;
772 2695 68 40 2c.
866 2694 112 41 Feb.
1003 2694 55 41 23
1078 2706 7 36 ;
1114 2693 82 42 aff.
1224 2695 120 38 Mar.
1373 2695 53 47 1;
1454 2695 41 39 A
1518 2695 172 47 60466;
1718 2694 259 42 President
2003 2697 96 40 and
2125 2695 191 42 fellows

363 2752 54 40 of
445 2753 233 40 Harvard
709 2752 195 48 college,
938 2751 304 49 Cambridge,
1276 2753 150 40 Mass.
1497 2752 253 49 (33-7829)

288 2855 1964 73 The Colophon; a book collectors’ quarterly … [v. 4] pt. 13 …
364 2935 159 69 [New
555 2937 182 68 York,
767 2938 124 54 The
924 2938 320 68 Colophon,
1274 2937 124 69 ltd.,
1429 2945 18 22 c
1453 2941 153 63 1933]

369 3011 1312 51 [78] p., 1 l. illus. (part col.) pl., facsims. 27 cm .
297 3064 52 53 ©
377 3071 122 38 Mar.
526 3069 69 47 27,
623 3068 115 42 1933
757 3081 9 36 ;
794 3070 68 40 2c.
890 3072 96 39 and
1013 3070 84 42 aff.
1124 3071 114 48 Apr.
1266 3071 52 47 7;
1347 3071 42 39 A
1415 3070 172 48 61346;
1618 3071 261 48 Colophon,
1908 3071 87 40 ltd.
2106 3069 120 42 2723

290 3173 226 65 Crofts,
549 3175 292 54 Freeman
871 3175 188 57 Wills.

365 3250 1889 70 The strange case of Dr. Earle, by Freeman Wills Crofts …
295 3327 139 56 New
468 3328 181 66 York,
680 3330 191 69 Dodd,
903 3330 172 54 Mead
1107 3332 46 50 &
1185 3349 298 50 company,
1519 3333 151 49 1933.

364 3400 670 51 vii p., 1 l., 298 p. 19½ cm .
366 3458 142 48 Maps
544 3468 62 30 on
641 3457 367 50 lining-papers.

302 3513 52 53 ©
384 3520 111 39 Mar
522 3519 68 46 16,
619 3517 143 48 1933;
792 3519 66 41 2c.
888 3521 124 39 Mar.
1041 3519 83 48 29;
1156 3519 82 42 aff.
1269 3521 123 39 Mar.
1421 3520 83 47 28;
1535 3521 41 39 A
1605 3519 172 48 60821;
1810 3520 155 47 Dodd,
1998 3521 142 39 Mead
2170 3521 37 40 &
2236 3529 82 38 co.,

369 3574 91 41 inc.
536 3575 253 50 (33-7688)

296 3680 287 65 Cushing,
612 3681 204 65 Harry
843 3682 212 56 Cooke.

430 3758 1886 73 … Standard wiring for electric light and power, as adopted
298 3838 2017 73 by the fire underwriters of the United States … by H. C.
300 3915 2018 75 Cushing, jr. … [39th year, 1933. 39th ed.] New Rochelle,
298 3998 70 54 N.
400 4000 90 67 Y.,
518 4000 77 52 H.
629 3999 62 56 C.
722 3999 279 70 Cushing,
1029 4000 70 70 jr.
1136 4035 13 34 [
1153 4007 19 22 c
1178 4004 152 63 1933]
