2597 4403
1358 4106 66 50 96

388 417 196 67 Kany,
617 418 252 56 Charles
897 419 175 67 Emil,
1106 425 174 51 1895-

458 501 137 53 Life
618 505 116 51 and
755 522 269 36 manners
1045 505 62 52 in
1129 505 256 69 Madrid,
1411 508 329 69 1750-1800,
1762 509 77 68 by
1865 510 238 55 Charles
2127 512 69 52 E.
2219 512 192 68 Kany.

389 580 298 71 Berkeley,
718 581 198 70 Calif.,
944 582 341 71 University
1314 585 64 54 of
1409 586 329 56 California
1766 605 177 51 press,
1973 592 150 51 1932.

461 668 106 50 xiii,
600 670 87 41 483
722 681 44 38 p.
799 670 112 42 incl.
945 670 145 50 illus.,
1125 672 173 49 plates,
1331 672 192 41 facsim.
1583 674 166 49 front.,
1784 674 174 49 plates,
1992 675 126 48 port.
2177 675 56 41 23½
2266 677 45 23 cm
2316 708 9 9 .

460 742 381 49 Bibliography:
877 754 44 38 p.
955 744 252 50 [397]-406.

393 810 2022 58 © Jan. 6, 1933; 2c. Jan. 17; aff. Jan. 21; A 58985; Regents of the Univ.
462 873 51 40 of
545 871 291 50 California,
868 874 253 49 Berkeley,
1155 874 147 43 Calif.
1373 874 255 52 (33-2611)

388 982 234 68 Kaupp,
653 984 322 65 Benjamin
1005 984 326 68 Franklyn,
1365 986 174 56 1874-

459 1069 248 69 Poultry
749 1069 272 68 diseases;
1065 1068 305 70 including
1409 1068 243 56 diseases
1694 1070 63 55 of
1800 1071 162 54 other
2008 1070 406 56 domesticated

388 1147 177 69 birds,
606 1147 144 55 with
793 1148 266 69 chapters
1100 1166 74 35 on
1215 1148 97 54 the
1355 1152 271 66 anatomy
1669 1149 113 53 and
1825 1148 344 71 physiology
2212 1149 64 54 of
2315 1149 99 56 the

388 1225 2022 72 fowl, by B. F. Kaupp … 6th ed., rev. and enl. Chicago, A.
386 1304 173 70 Eger,
589 1307 152 50 1933.

455 1391 89 41 444
575 1402 45 39 p.
680 1390 132 42 illus.
873 1391 58 40 22
933 1393 45 23 cm
982 1423 11 10 .

391 1462 52 53 ©
475 1467 111 40 Jan.
616 1465 40 49 2,
687 1465 143 49 1933;
863 1466 67 39 2c.
963 1467 110 40 Jan.
1105 1465 54 49 9;
1192 1465 82 41 aff.
1308 1466 111 42 Jan.
1449 1467 85 48 13;
1567 1466 43 41 A
1638 1465 173 51 59118;
1844 1467 282 42 Alexander
2156 1469 141 47 Eger.

470 1522 254 50 (33-2882)

385 1634 362 66 Kennamer,
776 1634 215 53 Lorrin
1024 1633 277 59 Garfield.

456 1718 356 70 Geography
849 1717 65 54 of
950 1718 99 53 the
1089 1717 285 56 Callahan
1413 1717 224 70 divide;
1678 1738 32 35 a
1749 1720 174 68 study
1960 1718 62 54 in
2056 1720 100 54 the
383 1719 2006 133 adjustment

584 1797 67 54 of
693 1796 271 70 industry
1008 1804 59 47 to
1114 1795 416 71 environment,
1574 1797 78 69 by
1694 1797 212 55 Lorrin
1953 1796 258 56 Garfield
383 1798 2006 147 Kennamer,

725 1921 8 8 PH.
811 1920 10 9 D.
898 1875 320 69 Nashville,
1255 1877 198 67 Tenn.,
1493 1875 223 71 George
1753 1875 275 71 Peabody
2066 1876 215 71 college
2318 1875 96 55 for

383 1957 273 67 teachers,
690 1958 154 51 1932.

455 2047 25 40 3
515 2056 44 38 p.
613 2076 23 16 l.,
670 2042 157 42 ix-xii
859 2053 58 38 p.,
951 2043 29 39 2
1033 2074 23 18 l.,
1090 2042 87 41 225
1210 2053 44 39 p.
1315 2051 140 39 maps
1483 2042 49 48 (1
1566 2042 201 50 double)
1808 2041 181 50 diagrs.
2052 2042 56 40 23
2112 2043 45 22 cm
2161 2073 9 10 .
385 2040 2026 105 (Half-title:

548 2103 186 47 George
764 2100 229 48 Peabody
1024 2100 182 48 college
1237 2099 80 41 for
1349 2099 238 41 teachers.
1649 2098 371 44 Contributions
2052 2102 52 39 to
2134 2098 262 44 education.

382 2173 76 30 no.
487 2159 82 50 88)

455 2230 381 49 Bibliography:
866 2240 43 38 p.
937 2227 219 42 221-225.

389 2301 52 53 ©
471 2305 112 40 Jan.
610 2302 71 48 23,
711 2301 143 48 1933;
883 2300 70 41 2c.
983 2300 98 40 and
1110 2299 84 41 aff.
1224 2299 112 42 Jan.
1364 2299 84 48 26;
1481 2300 41 40 A
1552 2300 171 48 60033;
1757 2300 186 49 George
1972 2301 229 49 Peabody
2231 2300 182 47 college

455 2363 82 39 for
566 2360 237 42 teachers.
876 2357 253 50 (33-2837)

382 2467 310 64 Kennedy,
725 2465 251 57 Charles
1002 2465 193 54 Rann.

517 2548 1888 71 … A repertory of plays for a company of three players.
441 2632 70 51 Vol.
611 2671 11 11 II.
662 2628 117 55 Old
823 2628 250 69 nobody,
1120 2627 263 70 Crumbs,
1427 2627 276 70 Flaming
1746 2628 309 55 ministers.
2133 2628 273 71 Chicago,

383 2710 113 66 Ill.,
523 2710 124 53 The
675 2707 341 69 University
1044 2707 63 53 of
1136 2707 256 69 Chicago
1421 2726 159 50 press
1613 2711 175 65 [c1933]

455 2799 82 50 vii,
567 2797 90 42 219
685 2809 44 38 p.
787 2797 58 42 23½cm.

387 2864 2004 111 © Jan. 10, 1933; 2c. and aff. Jan. 27; A 59158; C. R. Kennedy, Millbrook,
651 2927 57 40 N.
736 2926 55 41 Y.

382 3029 474 67 Lanoë-Villène,
891 3030 282 65 Georges,
1209 3034 173 51 1863-

517 3113 1887 71 … Le livre des symboles; dictionnaire de symbolique et de
380 3193 1762 72 mythologie. Co-Cy. Paris, Librairie G é n é rale, 1933.
452 3285 89 42 307
568 3296 58 38 p.,
656 3285 25 39 1
731 3316 9 9 l.
795 3284 57 39 22½
886 3286 44 21 cm
936 3316 9 9 .

454 3358 64 40 At
545 3357 126 40 head
699 3356 52 41 of
780 3356 136 41 title:
948 3356 211 47 Georges
1188 3353 386 42 Lanoë-Villène.

386 3420 2016 57 © Jan. 5, 1933; 1c. Feb. 1; A-Foreign 19607; Georges Lanoë, Paris.
381 3589 212 66 Lewis,
625 3590 271 64 Sinclair,
930 3594 171 51 1885-

452 3672 138 54 Ann
643 3672 259 68 Vickers,
954 3673 76 68 by
1085 3671 252 56 Sinclair
1389 3672 204 53 Lewis.
1683 3671 235 55 Garden
1973 3669 154 69 City,
2181 3669 71 54 N.
2307 3668 91 68 Y.,

381 3750 362 69 Doubleday,
770 3750 201 54 Doran
1000 3754 47 51 &
1073 3767 301 51 company,
1401 3750 128 66 inc.,
1561 3753 152 50 1933.

455 3841 27 40 5
510 3851 45 38 p.
604 3870 24 18 l.,
657 3837 86 43 562
768 3849 45 39 p.
873 3837 119 43 21cm.

456 3911 164 41 “First
648 3909 231 43 edition.”

383 3978 52 53 ©
470 3982 110 40 Jan.
614 3981 69 48 25,
718 3981 142 47 1933;
895 3980 68 42 2c.
996 3982 98 40 and
1128 3980 82 42 aff.
1245 3981 111 40 Jan.
1388 3979 84 49 26;
1508 3980 42 39 A
1584 3978 170 49 60024;
1793 3978 47 42 S.
1874 3976 173 50 Lewis,
2085 3974 313 53 Semmering,

450 4039 219 41 Austria.
741 4037 226 51 (33-27006)
