2582 4453
1364 4106 137 51 1424

422 414 211 66 Trask,
661 416 139 53 Mrs.
832 413 311 54 Elizabeth
1175 413 319 57 Guerrant.

497 495 123 53 The
648 494 299 69 gardener,
976 494 76 68 by
1082 492 300 54 Elizabeth
1417 493 290 55 Guerrant
1738 493 200 54 Trask.
2015 493 428 70 Philadelphia,

427 572 865 69 Dorrance & co., inc. [ c 1933]
499 646 57 41 62
584 658 43 37 p.
689 646 83 49 19½
777 648 43 22 cm
826 678 8 8 .
906 646 303 49 (Half-title:
1236 645 384 48 Contemporary
1648 648 137 45 poets
1811 645 52 40 of
1893 646 263 45 Dorrance,
2187 646 109 47 112)

431 714 2013 53 © Sept. 27, 1983 : 2c. Sept. 30: aff. Oct. 2; A 66379: Dorrance & co., inc.
507 775 283 49 (33-28908)

424 880 129 53 Van
584 880 180 65 Loon,
795 877 270 55 Hendrik
1096 877 250 67 Willem,
1381 881 172 51 1882-

495 958 122 53 The
643 963 158 62 story
825 956 65 55 of
912 956 299 69 mankind,
1232 957 77 68 by
1331 956 272 55 Hendrik
1625 958 131 53 Van
1780 958 178 52 Loon.
2034 955 235 56 Garden
2296 956 152 70 City,

426 1036 70 54 N.
530 1036 91 68 Y.,
653 1035 235 56 Garden
922 1035 137 69 City
1089 1035 341 70 publishing
1459 1053 100 50 co.,
1590 1036 108 53 inc.
1737 1038 173 65 [1933]

497 1109 27 40 2
561 1121 42 37 p.
674 1142 8 16 l.,
718 1109 200 48 ix-xvii,
954 1109 296 41 xxii-xxviii
1286 1120 58 38 p.,
1380 1109 26 39 2
1477 1140 9 18 l.,
1521 1109 145 42 3-505
1702 1121 42 37 p.
1824 1110 87 40 col.
1947 1108 165 48 front.,
2149 1108 127 41 illus.
2311 1109 132 48 (incl.

423 1166 163 49 maps)
656 1166 57 40 22½
745 1169 44 21 cm
794 1198 9 10 .

494 1224 292 42 Illustrated
815 1223 382 51 lining-papers;
1229 1224 283 42 illustrated
1542 1225 98 48 t.-p.

497 1282 103 41 “An
626 1282 256 41 historical
909 1282 204 49 reading
1137 1282 84 41 list
1249 1281 81 41 for
1354 1280 279 43 children”:
1661 1292 44 38 p.
1731 1279 219 43 491-499.

429 1349 52 53 ©
511 1354 116 48 July
657 1355 68 45 17,
756 1353 113 40 1933
889 1364 8 29 :
929 1354 66 40 2c.
1029 1353 128 48 Sept.
1186 1353 84 46 22;
1303 1352 81 41 aff.
1420 1353 129 47 Sept.
1577 1352 83 46 30;
1693 1352 42 39 A
1764 1352 170 47 65431;
1970 1351 195 41 Garden
2195 1350 112 48 City
2337 1348 117 52 pub.

497 1421 82 37 co.,
608 1411 89 40 inc.
769 1406 67 54 [©
867 1421 105 29 new
1000 1409 331 41 illustrations
1360 1411 96 39 and
1483 1419 107 30 new
1618 1412 182 38 matter]
1888 1409 282 48 (33-29511)

422 1513 121 53 The
568 1514 376 63 vest-pocket
972 1513 295 56 Standard
1294 1513 326 68 dictionary
1645 1513 63 53 of
1732 1514 96 51 the
1854 1513 247 67 English
2127 1513 312 67 language:

495 1588 274 73 designed
802 1598 60 48 to
895 1592 130 68 give
1059 1592 97 54 the
1190 1591 418 70 orthography,
1642 1590 464 70 pronunciation,
494 1589 1925 148 syllabication,

666 1671 113 52 and
809 1669 301 55 definition
1142 1670 63 54 of
1233 1689 154 34 more
1416 1670 143 54 than
1589 1673 191 65 26,000
1809 1669 187 54 words
2027 1669 61 53 in
2116 1669 96 54 the
2240 1668 202 70 speech

493 1747 65 55 of
587 1749 97 53 the
713 1747 560 70 English-speaking
1303 1749 259 68 peoples;
1595 1749 141 53 with
1770 1769 31 33 a
1830 1767 294 49 summary
2154 1747 63 55 of
2249 1754 193 48 events

493 1824 61 54 in
585 1826 99 54 the
714 1827 181 52 world
930 1845 136 50 war,
1098 1847 31 33 a
1159 1831 287 64 gazetteer
1477 1828 114 53 and
1624 1828 162 52 other
1819 1827 191 54 useful
2043 1827 399 54 information,

494 1903 304 70 including
844 1923 164 50 maps
1055 1905 64 54 of
1162 1905 97 54 the
1306 1906 218 54 United
1575 1905 207 69 States,
1827 1905 75 55 its
1950 1905 232 70 foreign
493 1925 1923 125 possessions,
701 1987 133 62 etc.;

877 1983 279 68 abridged
1195 1983 152 54 from
1384 1984 95 53 the
1517 1984 172 53 Funk
1725 1987 45 51 &
1803 1985 303 68 Wagnalls
2147 1985 289 56 Standard

493 2059 327 71 dictionary
849 2061 65 54 of
941 2062 96 54 the
1067 2061 247 70 English
1345 2063 286 69 language
1661 2063 77 68 by
1765 2063 196 56 James
1993 2064 64 57 C.
2088 2064 251 55 Fernald
2379 2110 56 9 …

493 2139 53 52 A
591 2158 123 35 new
757 2140 105 67 ed.,
906 2140 295 69 amplified
1246 2142 112 53 and
1404 2142 286 69 carefully
1734 2143 221 54 revised
2001 2144 75 67 by
2118 2145 200 53 Frank
2361 2145 76 54 H.

495 2217 287 70 Vizetelly
810 2263 55 9 …
929 2218 141 55 New
1094 2220 164 54 York
1283 2220 113 54 and
1420 2220 262 69 London,
1707 2222 172 52 Funk
1901 2225 47 51 &
1969 2223 303 68 Wagnalls
491 2244 1925 121 company
684 2301 195 64 [1933]

494 2370 792 50 viii, 294 p., 1 l. maps. 16 cm .
499 2428 227 41 Lettered
754 2441 59 29 on
840 2439 169 31 cover:
1039 2429 140 40 Funk
1206 2430 35 41 &
1268 2430 254 48 Wagnalls
1549 2432 300 47 vest-pocket
1879 2432 247 42 Standard
2155 2433 290 50 dictionary.

427 2494 52 53 ©
508 2499 102 40 Oct.
637 2501 40 44 4,
706 2500 113 40 1933
838 2510 8 31 :
877 2499 66 42 2c.
972 2502 95 38 and
1096 2501 81 40 aff.
1207 2501 101 40 Oct.
1339 2501 81 42 10:
1451 2502 40 39 A
1520 2502 170 47 65545;
1723 2503 142 40 Funk
1892 2504 37 40 &
1955 2505 207 42 Wagnalls
2235 2517 69 30 co.

506 2555 283 48 (33-29526)

423 2660 360 66 Washburn,
813 2664 140 52 Mrs.
985 2662 205 57 Helen.

497 2778 56 11 …
597 2736 76 56 So
708 2736 194 70 you’re
937 2738 180 71 going
1150 2745 60 48 to
1244 2740 145 53 have
1427 2758 32 35 a
1496 2739 167 71 baby.
1735 2741 140 53 New
1913 2741 182 70 York,
2129 2742 313 71 Harcourt,

423 2816 181 53 Brace
632 2817 114 52 and
776 2834 283 52 company
1093 2851 14 34 [
1112 2824 17 21 c
1134 2820 154 65 1933]

494 2888 589 51 4 p. l. , 3-195 p. 19 cm .
495 2947 163 41 “First
690 2947 228 43 edition.”

429 3001 52 53 ©
516 3005 128 50 Sept.
677 3007 69 43 28,
779 3007 141 47 1933;
956 3008 65 40 2c.
1057 3010 94 38 and
1185 3008 82 40 aff.
1303 3009 102 41 Oct.
1439 3010 51 41 6:
1527 3010 40 39 A
1600 3010 172 41 66476:
1808 3011 262 47 Harcourt,
2107 3013 154 40 Brace
2295 3014 35 39 &
2363 3023 81 30 co.,

495 3063 90 41 inc.
661 3064 282 47 (33-27340)

420 3166 272 66 Washco,
721 3167 161 66 Alec,
910 3169 73 66 jr.

493 3245 122 53 The
660 3244 194 56 effects
897 3244 66 55 of
1006 3247 179 54 music
1231 3266 158 50 upon
1433 3249 161 68 pulse
1640 3254 140 63 rate,
1824 3250 461 69 blood-pressure
2331 3252 107 53 and

422 3325 215 51 mental
685 3323 260 70 imagery
1014 3323 94 70 [by]
1162 3325 141 55 Alec
1348 3326 266 69 Washco,
1663 3327 71 69 jr.
1810 3329 430 69 Philadelphia,
2292 3333 149 50 1933.

491 3397 628 50 3 p. l. , [5]-269 p. 23 cm .
496 3453 71 42 On
597 3464 167 31 cover:
795 3456 197 48 Temple
1020 3455 288 50 university.

494 3510 174 42 Thesis
696 3511 93 48 (ED.
855 3511 303 51 D.)—Temple
1190 3513 288 49 university.

491 3568 380 49 Bibliography:
905 3581 43 37 p.
980 3569 217 41 247-269.

428 3621 52 53 ©
509 3626 127 48 Sept.
664 3627 38 41 8,
729 3627 141 47 1933;
898 3629 66 38 2c.
993 3628 102 40 Oct.
1122 3628 52 46 2;
1204 3628 81 40 aff.
1316 3629 128 48 Sept.
1471 3630 54 39 22
1545 3639 8 32 :
1583 3629 39 39 A
1649 3630 171 43 65423;
1851 3630 53 41 A.
1932 3631 221 44 Washco,
2180 3631 74 48 jr.,
494 3629 1928 102 Philadelphia.
780 3684 282 48 (33-28748)

423 3783 333 57 Wisconsin
791 3788 111 52 and
938 3789 189 52 North
1160 3795 239 48 western
1432 3790 204 70 digest.
1710 3792 162 66 July,
1907 3795 153 54 1933,
2093 3791 344 56 cumulative

494 3866 1627 73 pamphlet … St. Paul, West publishing co. [ c 1933]
497 3939 85 39 144
612 3950 42 37 p.
714 3940 117 41 24cm.

426 3990 52 54 ©
508 3996 120 48 Aug.
659 3997 38 46 1,
728 3996 139 43 1933;
900 3998 68 42 2c.
996 3999 95 40 and
1123 3998 82 41 aff.
1238 4000 100 40 Oct.
1371 4000 82 40 12:
1487 4000 39 39 A
1557 4000 171 47 65604;
1762 4001 135 40 West
1928 4001 108 48 pub.
2069 4011 68 32 co.
