<alto xmlns="http://www.loc.gov/standards/alto/ns-v3#" xmlns:xlink="http://www.w3.org/1999/xlink" xmlns:xsi="http://www.w3.org/2001/XMLSchema-instance" xsi:schemaLocation="http://www.loc.gov/standards/alto/ns-v3# http://www.loc.gov/alto/v3/alto-3-0.xsd"><Description>
<MeasurementUnit>pixel</MeasurementUnit>
<sourceImageInformation>
<fileName>1933_v1_Part1.pdf</fileName>
</sourceImageInformation>
<OCRProcessing ID="IdOcr">
<ocrProcessingStep>
<processingDateTime>2019-01-03</processingDateTime>
<processingSoftware>
<softwareCreator>ABBYY</softwareCreator>
<softwareName>ABBYY Recognition Server</softwareName>
<softwareVersion>4.0</softwareVersion>
</processingSoftware>
</ocrProcessingStep>
</OCRProcessing>
</Description>
<Styles>
<ParagraphStyle ID="StyleId-FFFFFFFF-FFFF-FFFF-FFFF-FFFFFFFFFFFF-" ALIGN="Left" LEFT="0." RIGHT="0." FIRSTLINE="0."/>
<ParagraphStyle ID="StyleId-6EF5737A-DCEB-4126-A0CF-C5930BF7166A-" ALIGN="Left" LEFT="0." RIGHT="0." FIRSTLINE="0." LINESPACE="8.300000191"/>
<ParagraphStyle ID="StyleId-2DE44258-FD0B-41E1-B542-087C989B01A3-" ALIGN="Left" LEFT="0." RIGHT="0." FIRSTLINE="0." LINESPACE="12.19999981"/>
<ParagraphStyle ID="StyleId-CE3D254A-29D7-4DD7-B5F1-E0FC0EF29B05-" ALIGN="Left" LEFT="0." RIGHT="0." FIRSTLINE="-14." LINESPACE="8.619999886"/>
<ParagraphStyle ID="StyleId-C0E3A137-CE4F-4287-8A90-B599106709D0-" ALIGN="Left" LEFT="0." RIGHT="0." FIRSTLINE="-14." LINESPACE="12.19999981"/>
<ParagraphStyle ID="StyleId-50F26F0C-05DA-4C19-BA58-7A6AC4499BEE-" ALIGN="Left" LEFT="0." RIGHT="0." FIRSTLINE="-14." LINESPACE="11.06999969"/>
<ParagraphStyle ID="StyleId-5DDE65AF-512C-41E2-9B8E-095D6D99EF68-" ALIGN="Center" LEFT="0." RIGHT="0." FIRSTLINE="0." LINESPACE="11.89999962"/>
<ParagraphStyle ID="StyleId-0A81D7A5-6A62-4C52-915E-7768974C704D-" ALIGN="Left" LEFT="0." RIGHT="0." FIRSTLINE="0." LINESPACE="9.399999619"/>
<ParagraphStyle ID="StyleId-F7A0127F-6B48-4157-BB81-FE33E1E1A05B-" ALIGN="Block" LEFT="0." RIGHT="0." FIRSTLINE="-13." LINESPACE="10.63000011"/>
<ParagraphStyle ID="StyleId-E18C69F7-DBD7-48B1-805C-FCD96D0DA019-" ALIGN="Left" LEFT="0." RIGHT="0." FIRSTLINE="0." LINESPACE="11.64000034"/>
<ParagraphStyle ID="StyleId-98F15501-B611-4E83-8BB3-807E891F11F5-" ALIGN="Left" LEFT="0." RIGHT="0." FIRSTLINE="-14." LINESPACE="12.19999981"/>
<ParagraphStyle ID="StyleId-F4A78626-0BBC-4D12-94D9-A1AE75A9855F-" ALIGN="Left" LEFT="0." RIGHT="0." FIRSTLINE="0." LINESPACE="9.399999619"/>
<ParagraphStyle ID="StyleId-6A3F6F4C-D21B-4ADE-902F-7683F18ECEF3-" ALIGN="Left" LEFT="0." RIGHT="0." FIRSTLINE="0." LINESPACE="11.10000038"/>
</Styles>
<Layout>
<Page ID="Page335" PHYSICAL_IMG_NR="335" HEIGHT="4453" WIDTH="2540">
<TopMargin HEIGHT="426" WIDTH="2540" VPOS="0" HPOS="0">
</TopMargin>
<LeftMargin HEIGHT="3610" WIDTH="170" VPOS="426" HPOS="0">
</LeftMargin>
<RightMargin HEIGHT="3610" WIDTH="326" VPOS="426" HPOS="2214">
</RightMargin>
<BottomMargin HEIGHT="417" WIDTH="2540" VPOS="4036" HPOS="0">
<TextBlock ID="Page335_Block1" HEIGHT="70" WIDTH="118" VPOS="4066" HPOS="1144" LANG="en-US" STYLEREFS="StyleId-F7446F9E-01F2-41B0-93E2-A5A1819A601A-">
<TextLine HEIGHT="49" WIDTH="98" VPOS="4076" HPOS="1154">
<String CONTENT="335" HEIGHT="49" WIDTH="98" VPOS="4076" HPOS="1154"/>
</TextLine>
</TextBlock>
</BottomMargin>
<PrintSpace HEIGHT="3610" WIDTH="2044" VPOS="426" HPOS="170">
<TextBlock ID="Page335_Block2" HEIGHT="3610" WIDTH="2044" VPOS="426" HPOS="170" LANG="en-US" CS="1" STYLEREFS="StyleId-FE650FD4-13BD-4958-9851-21BA54C17C87-">
<TextLine HEIGHT="67" WIDTH="864" VPOS="437" HPOS="179" STYLEREFS="StyleId-78172FC5-C9B7-461B-8F94-C2D0D27A870F-">
<String LANG="de" CONTENT="Vachell," HEIGHT="65" WIDTH="258" VPOS="439" HPOS="179"/>
<SP HEIGHT="63" WIDTH="28" VPOS="441" HPOS="438"/>
<String LANG="en-US" CONTENT="Horace" HEIGHT="51" WIDTH="228" VPOS="441" HPOS="467"/>
<SP HEIGHT="54" WIDTH="29" VPOS="438" HPOS="696"/>
<String LANG="en-US" CONTENT="Annesley." HEIGHT="63" WIDTH="317" VPOS="437" HPOS="726"/>
</TextLine>
<TextLine HEIGHT="69" WIDTH="1176" VPOS="513" HPOS="246" STYLEREFS="StyleId-91F61D0B-8E2B-4A19-8497-D71D8C01DCE7-">
<String CONTENT="Vicar&#8217;s" HEIGHT="53" WIDTH="221" VPOS="518" HPOS="246"/>
<SP HEIGHT="35" WIDTH="28" VPOS="535" HPOS="468"/>
<String CONTENT="walk." HEIGHT="52" WIDTH="166" VPOS="516" HPOS="497"/>
<SP HEIGHT="33" WIDTH="72" VPOS="534" HPOS="664"/>
<String CONTENT="chap." HEIGHT="67" WIDTH="162" VPOS="515" HPOS="737"/>
<SP HEIGHT="48" WIDTH="32" VPOS="519" HPOS="900"/>
<String CONTENT="11" HEIGHT="49" WIDTH="63" VPOS="518" HPOS="933"/>
<SP HEIGHT="68" WIDTH="40" VPOS="514" HPOS="997"/>
<String CONTENT="(contd.)," HEIGHT="69" WIDTH="271" VPOS="513" HPOS="1038"/>
<SP HEIGHT="62" WIDTH="31" VPOS="518" HPOS="1310"/>
<String CONTENT="12." HEIGHT="52" WIDTH="80" VPOS="515" HPOS="1342"/>
</TextLine>
<TextLine HEIGHT="58" WIDTH="1262" VPOS="583" HPOS="263">
<String CONTENT="(In" HEIGHT="48" WIDTH="83" VPOS="593" HPOS="263"/>
<SP HEIGHT="43" WIDTH="27" VPOS="588" HPOS="347"/>
<String CONTENT="Birmingham" HEIGHT="51" WIDTH="344" VPOS="587" HPOS="375"/>
<SP HEIGHT="29" WIDTH="30" VPOS="599" HPOS="720"/>
<String CONTENT="weekly" HEIGHT="52" WIDTH="187" VPOS="585" HPOS="751"/>
<SP HEIGHT="39" WIDTH="31" VPOS="598" HPOS="939"/>
<String CONTENT="post," HEIGHT="49" WIDTH="127" VPOS="587" HPOS="971"/>
<SP HEIGHT="50" WIDTH="29" VPOS="583" HPOS="1099"/>
<String CONTENT="Feb." HEIGHT="42" WIDTH="114" VPOS="583" HPOS="1129"/>
<SP HEIGHT="40" WIDTH="32" VPOS="585" HPOS="1244"/>
<String CONTENT="25," HEIGHT="49" WIDTH="72" VPOS="584" HPOS="1277"/>
<SP HEIGHT="49" WIDTH="31" VPOS="584" HPOS="1350"/>
<String CONTENT="1933)" HEIGHT="49" WIDTH="143" VPOS="583" HPOS="1382"/>
</TextLine>
<TextLine HEIGHT="57" WIDTH="1994" VPOS="640" HPOS="187" CS="1">
<String CONTENT="&#169;" HEIGHT="52" WIDTH="51" VPOS="645" HPOS="187"/>
<SP HEIGHT="52" WIDTH="23" VPOS="645" HPOS="239"/>
<String CS="1" CONTENT="1c." HEIGHT="29" WIDTH="36" VPOS="660" HPOS="293"/>
<SP HEIGHT="40" WIDTH="23" VPOS="649" HPOS="330"/>
<String CONTENT="Apr." HEIGHT="46" WIDTH="112" VPOS="649" HPOS="354"/>
<SP HEIGHT="41" WIDTH="22" VPOS="646" HPOS="467"/>
<String CONTENT="24," HEIGHT="47" WIDTH="69" VPOS="646" HPOS="490"/>
<SP HEIGHT="46" WIDTH="24" VPOS="647" HPOS="560"/>
<String CONTENT="1933;" HEIGHT="48" WIDTH="140" VPOS="645" HPOS="585"/>
<SP HEIGHT="48" WIDTH="24" VPOS="645" HPOS="726"/>
<!-- cceid 3CD96656-6CF9-1014-A6CF-A82867D68027 --><String CONTENT="A" HEIGHT="39" WIDTH="41" VPOS="645" HPOS="751"/>
<SP HEIGHT="40" WIDTH="22" VPOS="645" HPOS="793"/>
<String CONTENT="ad" HEIGHT="39" WIDTH="61" VPOS="646" HPOS="816"/>
<SP HEIGHT="41" WIDTH="24" VPOS="644" HPOS="878"/>
<String CONTENT="int." HEIGHT="40" WIDTH="86" VPOS="644" HPOS="903"/>
<SP HEIGHT="39" WIDTH="24" VPOS="644" HPOS="990"/>
<String CONTENT="17717;" HEIGHT="45" WIDTH="169" VPOS="644" HPOS="1015"/>
<SP HEIGHT="37" WIDTH="26" VPOS="654" HPOS="1185"/>
<String CONTENT="pubd." HEIGHT="47" WIDTH="140" VPOS="644" HPOS="1212"/>
<SP HEIGHT="37" WIDTH="28" VPOS="644" HPOS="1353"/>
<String CONTENT="Feb." HEIGHT="38" WIDTH="110" VPOS="644" HPOS="1382"/>
<SP HEIGHT="39" WIDTH="25" VPOS="643" HPOS="1493"/>
<String CONTENT="25;" HEIGHT="46" WIDTH="82" VPOS="643" HPOS="1519"/>
<SP HEIGHT="47" WIDTH="27" VPOS="642" HPOS="1602"/>
<String CONTENT="H." HEIGHT="41" WIDTH="61" VPOS="642" HPOS="1630"/>
<SP HEIGHT="42" WIDTH="25" VPOS="641" HPOS="1692"/>
<String CONTENT="A." HEIGHT="40" WIDTH="53" VPOS="641" HPOS="1718"/>
<SP HEIGHT="40" WIDTH="25" VPOS="641" HPOS="1772"/>
<String CONTENT="Vachell," HEIGHT="46" WIDTH="211" VPOS="640" HPOS="1798"/>
<SP HEIGHT="45" WIDTH="26" VPOS="641" HPOS="2010"/>
<String CONTENT="Bath," HEIGHT="45" WIDTH="144" VPOS="640" HPOS="2037"/>
</TextLine>
<TextLine HEIGHT="47" WIDTH="234" VPOS="706" HPOS="254">
<String CONTENT="England." HEIGHT="47" WIDTH="234" VPOS="706" HPOS="254"/>
</TextLine>
<TextLine HEIGHT="66" WIDTH="650" VPOS="804" HPOS="183" STYLEREFS="StyleId-78172FC5-C9B7-461B-8F94-C2D0D27A870F-">
<String CONTENT="Van," HEIGHT="63" WIDTH="145" VPOS="807" HPOS="183"/>
<SP HEIGHT="63" WIDTH="29" VPOS="807" HPOS="329"/>
<String CONTENT="Billy" HEIGHT="64" WIDTH="155" VPOS="805" HPOS="359"/>
<SP HEIGHT="63" WIDTH="26" VPOS="806" HPOS="515"/>
<String CONTENT="B.," HEIGHT="63" WIDTH="87" VPOS="806" HPOS="542"/>
<SP HEIGHT="59" WIDTH="31" VPOS="810" HPOS="630"/>
<String CONTENT="1870-" HEIGHT="55" WIDTH="171" VPOS="804" HPOS="662"/>
</TextLine>
<TextLine HEIGHT="74" WIDTH="1932" VPOS="876" HPOS="254" STYLEREFS="StyleId-91F61D0B-8E2B-4A19-8497-D71D8C01DCE7-">
<String CONTENT="&#8220;Snap" HEIGHT="68" WIDTH="195" VPOS="882" HPOS="254"/>
<SP HEIGHT="51" WIDTH="24" VPOS="899" HPOS="450"/>
<String CONTENT="out" HEIGHT="47" WIDTH="99" VPOS="887" HPOS="475"/>
<SP HEIGHT="47" WIDTH="21" VPOS="887" HPOS="575"/>
<String CONTENT="of" HEIGHT="54" WIDTH="64" VPOS="880" HPOS="597"/>
<SP HEIGHT="53" WIDTH="22" VPOS="880" HPOS="662"/>
<String CONTENT="it!&#8221;" HEIGHT="53" WIDTH="117" VPOS="880" HPOS="685"/>
<SP HEIGHT="52" WIDTH="58" VPOS="880" HPOS="803"/>
<String CONTENT="By" HEIGHT="67" WIDTH="91" VPOS="881" HPOS="862"/>
<SP HEIGHT="68" WIDTH="24" VPOS="880" HPOS="954"/>
<String CONTENT="Billy" HEIGHT="68" WIDTH="160" VPOS="878" HPOS="979"/>
<SP HEIGHT="67" WIDTH="23" VPOS="879" HPOS="1140"/>
<String CONTENT="B." HEIGHT="51" WIDTH="67" VPOS="879" HPOS="1164"/>
<SP HEIGHT="54" WIDTH="25" VPOS="878" HPOS="1232"/>
<String CONTENT="Van;" HEIGHT="66" WIDTH="158" VPOS="878" HPOS="1258"/>
<SP HEIGHT="66" WIDTH="28" VPOS="878" HPOS="1417"/>
<String CONTENT="illustrations" HEIGHT="54" WIDTH="381" VPOS="876" HPOS="1446"/>
<SP HEIGHT="53" WIDTH="24" VPOS="876" HPOS="1828"/>
<String CONTENT="by" HEIGHT="69" WIDTH="75" VPOS="876" HPOS="1853"/>
<SP HEIGHT="69" WIDTH="23" VPOS="876" HPOS="1929"/>
<String CONTENT="August" HEIGHT="68" WIDTH="233" VPOS="876" HPOS="1953"/>
</TextLine>
<TextLine HEIGHT="69" WIDTH="1992" VPOS="954" HPOS="188" STYLEREFS="StyleId-91F61D0B-8E2B-4A19-8497-D71D8C01DCE7-">
<String CONTENT="William" HEIGHT="55" WIDTH="257" VPOS="959" HPOS="188"/>
<SP HEIGHT="52" WIDTH="68" VPOS="959" HPOS="446"/>
<String CONTENT="Hutaf." HEIGHT="54" WIDTH="211" VPOS="957" HPOS="515"/>
<SP HEIGHT="51" WIDTH="108" VPOS="959" HPOS="727"/>
<String CONTENT="Boston," HEIGHT="64" WIDTH="233" VPOS="959" HPOS="836"/>
<SP HEIGHT="67" WIDTH="52" VPOS="956" HPOS="1070"/>
<String CONTENT="Mass.," HEIGHT="65" WIDTH="191" VPOS="956" HPOS="1123"/>
<SP HEIGHT="65" WIDTH="52" VPOS="956" HPOS="1315"/>
<String CONTENT="The" HEIGHT="52" WIDTH="122" VPOS="956" HPOS="1368"/>
<SP HEIGHT="55" WIDTH="54" VPOS="954" HPOS="1491"/>
<String CONTENT="Stratford" HEIGHT="55" WIDTH="302" VPOS="954" HPOS="1546"/>
<SP HEIGHT="53" WIDTH="51" VPOS="954" HPOS="1849"/>
<String CONTENT="company" HEIGHT="51" WIDTH="279" VPOS="971" HPOS="1901"/>
</TextLine>
<TextLine HEIGHT="66" WIDTH="193" VPOS="1040" HPOS="189" STYLEREFS="StyleId-91F61D0B-8E2B-4A19-8497-D71D8C01DCE7-" CS="1">
<String CS="1" CONTENT="[c1933]" HEIGHT="66" WIDTH="193" VPOS="1040" HPOS="189"/>
</TextLine>
<TextLine HEIGHT="51" WIDTH="989" VPOS="1109" HPOS="256" CS="1">
<String CONTENT="2" HEIGHT="38" WIDTH="26" VPOS="1113" HPOS="256"/>
<SP HEIGHT="47" WIDTH="23" VPOS="1113" HPOS="283"/>
<String CONTENT="p." HEIGHT="37" WIDTH="44" VPOS="1123" HPOS="307"/>
<SP HEIGHT="39" WIDTH="24" VPOS="1115" HPOS="352"/>
<String CS="1" CONTENT="l.," HEIGHT="16" WIDTH="23" VPOS="1144" HPOS="399"/>
<SP HEIGHT="49" WIDTH="25" VPOS="1111" HPOS="423"/>
<String CONTENT="iii," HEIGHT="47" WIDTH="68" VPOS="1111" HPOS="449"/>
<SP HEIGHT="45" WIDTH="27" VPOS="1113" HPOS="518"/>
<String CONTENT="109" HEIGHT="40" WIDTH="88" VPOS="1111" HPOS="546"/>
<SP HEIGHT="48" WIDTH="20" VPOS="1111" HPOS="635"/>
<String CONTENT="p." HEIGHT="37" WIDTH="41" VPOS="1122" HPOS="656"/>
<SP HEIGHT="39" WIDTH="54" VPOS="1111" HPOS="698"/>
<String CONTENT="front.," HEIGHT="47" WIDTH="165" VPOS="1111" HPOS="753"/>
<SP HEIGHT="48" WIDTH="27" VPOS="1110" HPOS="919"/>
<String CONTENT="illus." HEIGHT="41" WIDTH="128" VPOS="1109" HPOS="947"/>
<SP HEIGHT="40" WIDTH="54" VPOS="1110" HPOS="1076"/>
<String CONTENT="18cm." HEIGHT="40" WIDTH="114" VPOS="1109" HPOS="1131"/>
</TextLine>
<TextLine HEIGHT="109" WIDTH="1979" VPOS="1164" HPOS="189" CS="1">
<String CONTENT="&#169;" HEIGHT="52" WIDTH="51" VPOS="1165" HPOS="189"/>
<SP HEIGHT="52" WIDTH="29" VPOS="1165" HPOS="241"/>
<String CONTENT="Jan." HEIGHT="39" WIDTH="109" VPOS="1171" HPOS="271"/>
<SP HEIGHT="40" WIDTH="28" VPOS="1170" HPOS="381"/>
<String CONTENT="13," HEIGHT="44" WIDTH="68" VPOS="1170" HPOS="410"/>
<SP HEIGHT="44" WIDTH="29" VPOS="1170" HPOS="479"/>
<String CONTENT="1933;" HEIGHT="47" WIDTH="139" VPOS="1167" HPOS="509"/>
<SP HEIGHT="46" WIDTH="30" VPOS="1168" HPOS="649"/>
<String CONTENT="2c." HEIGHT="40" WIDTH="67" VPOS="1168" HPOS="680"/>
<SP HEIGHT="40" WIDTH="29" VPOS="1168" HPOS="748"/>
<String CONTENT="Jan." HEIGHT="39" WIDTH="110" VPOS="1168" HPOS="778"/>
<SP HEIGHT="39" WIDTH="28" VPOS="1168" HPOS="889"/>
<String CONTENT="16;" HEIGHT="46" WIDTH="82" VPOS="1167" HPOS="918"/>
<SP HEIGHT="35" WIDTH="31" VPOS="1178" HPOS="1001"/>
<String CONTENT="aff." HEIGHT="40" WIDTH="81" VPOS="1166" HPOS="1033"/>
<SP HEIGHT="39" WIDTH="30" VPOS="1167" HPOS="1115"/>
<String CONTENT="Jan." HEIGHT="39" WIDTH="108" VPOS="1167" HPOS="1146"/>
<SP HEIGHT="39" WIDTH="30" VPOS="1166" HPOS="1255"/>
<String CONTENT="19;" HEIGHT="48" WIDTH="81" VPOS="1164" HPOS="1286"/>
<SP HEIGHT="47" WIDTH="31" VPOS="1165" HPOS="1368"/>
<!-- cceid 3CDA1692-6CF9-1014-A6CF-A82867D68027 --><String CONTENT="A" HEIGHT="39" WIDTH="40" VPOS="1165" HPOS="1400"/>
<SP HEIGHT="40" WIDTH="29" VPOS="1165" HPOS="1441"/>
<String CONTENT="58951;" HEIGHT="48" WIDTH="170" VPOS="1164" HPOS="1471"/>
<SP HEIGHT="47" WIDTH="34" VPOS="1165" HPOS="1642"/>
<String CONTENT="Stratford" HEIGHT="41" WIDTH="250" VPOS="1165" HPOS="1677"/>
<SP HEIGHT="39" WIDTH="30" VPOS="1165" HPOS="1928"/>
<String CONTENT="co.," HEIGHT="36" WIDTH="82" VPOS="1175" HPOS="1959"/>
<SP HEIGHT="37" WIDTH="30" VPOS="1175" HPOS="2042"/>
<String CONTENT="publishers." HEIGHT="102" WIDTH="1911" VPOS="1164" HPOS="257"/>
<SP HEIGHT="47" WIDTH="70" VPOS="1225" HPOS="447"/>
<String CONTENT="(33-6647)" HEIGHT="48" WIDTH="249" VPOS="1225" HPOS="518"/>
</TextLine>
<TextLine HEIGHT="68" WIDTH="1351" VPOS="1324" HPOS="185" STYLEREFS="StyleId-78172FC5-C9B7-461B-8F94-C2D0D27A870F-">
<String CONTENT="Vermorcken," HEIGHT="64" WIDTH="418" VPOS="1327" HPOS="185"/>
<SP HEIGHT="62" WIDTH="28" VPOS="1329" HPOS="604"/>
<String CONTENT="Mrs." HEIGHT="51" WIDTH="138" VPOS="1329" HPOS="633"/>
<SP HEIGHT="51" WIDTH="33" VPOS="1328" HPOS="772"/>
<String CONTENT="Elizabeth" HEIGHT="54" WIDTH="307" VPOS="1325" HPOS="806"/>
<SP HEIGHT="66" WIDTH="40" VPOS="1326" HPOS="1114"/>
<String CONTENT="(Moorhead)" HEIGHT="68" WIDTH="381" VPOS="1324" HPOS="1155"/>
</TextLine>
<TextLine HEIGHT="71" WIDTH="1932" VPOS="1400" HPOS="256" STYLEREFS="StyleId-91F61D0B-8E2B-4A19-8497-D71D8C01DCE7-" CS="1">
<String CONTENT="The" HEIGHT="52" WIDTH="122" VPOS="1404" HPOS="256"/>
<SP HEIGHT="53" WIDTH="20" VPOS="1403" HPOS="379"/>
<String CONTENT="forbidden" HEIGHT="54" WIDTH="308" VPOS="1402" HPOS="400"/>
<SP HEIGHT="47" WIDTH="18" VPOS="1408" HPOS="709"/>
<String CONTENT="tree," HEIGHT="62" WIDTH="134" VPOS="1408" HPOS="728"/>
<SP HEIGHT="68" WIDTH="19" VPOS="1402" HPOS="863"/>
<String CONTENT="by" HEIGHT="69" WIDTH="75" VPOS="1402" HPOS="883"/>
<SP HEIGHT="69" WIDTH="21" VPOS="1402" HPOS="959"/>
<String CONTENT="Elizabeth" HEIGHT="54" WIDTH="302" VPOS="1400" HPOS="981"/>
<SP HEIGHT="53" WIDTH="22" VPOS="1400" HPOS="1284"/>
<String CONTENT="Moorhead" HEIGHT="53" WIDTH="314" VPOS="1401" HPOS="1307"/>
<SP/>
<String CS="1" CONTENT="&#8230;"/>
<SP/>
<String CONTENT="Indianapolis," HEIGHT="69" WIDTH="418" VPOS="1400" HPOS="1770"/>
</TextLine>
<TextLine HEIGHT="68" WIDTH="1132" VPOS="1480" HPOS="187" STYLEREFS="StyleId-91F61D0B-8E2B-4A19-8497-D71D8C01DCE7-" CS="1">
<String CONTENT="The" HEIGHT="52" WIDTH="121" VPOS="1482" HPOS="187"/>
<SP HEIGHT="53" WIDTH="27" VPOS="1481" HPOS="309"/>
<String CONTENT="Bobbs-Merrill" HEIGHT="54" WIDTH="444" VPOS="1480" HPOS="337"/>
<SP HEIGHT="52" WIDTH="28" VPOS="1481" HPOS="782"/>
<String CONTENT="company" HEIGHT="51" WIDTH="281" VPOS="1497" HPOS="811"/>
<SP HEIGHT="51" WIDTH="33" VPOS="1497" HPOS="1093"/>
<String CS="1" CONTENT="[c1933]" HEIGHT="65" WIDTH="174" VPOS="1481" HPOS="1145"/>
</TextLine>
<TextLine HEIGHT="49" WIDTH="362" VPOS="1553" HPOS="256" CS="1">
<String CONTENT="336" HEIGHT="41" WIDTH="88" VPOS="1553" HPOS="256"/>
<SP HEIGHT="49" WIDTH="23" VPOS="1553" HPOS="345"/>
<String CONTENT="p." HEIGHT="37" WIDTH="43" VPOS="1565" HPOS="369"/>
<SP HEIGHT="38" WIDTH="59" VPOS="1555" HPOS="413"/>
<String CS="1" CONTENT="19&#189;cm." HEIGHT="40" WIDTH="145" VPOS="1553" HPOS="473"/>
</TextLine>
<TextLine HEIGHT="42" WIDTH="418" VPOS="1608" HPOS="262">
<String CONTENT="&#8220;First" HEIGHT="41" WIDTH="163" VPOS="1609" HPOS="262"/>
<SP HEIGHT="39" WIDTH="27" VPOS="1611" HPOS="426"/>
<String CONTENT="edition.&#8221;" HEIGHT="42" WIDTH="226" VPOS="1608" HPOS="454"/>
</TextLine>
<TextLine HEIGHT="53" WIDTH="1996" VPOS="1662" HPOS="193" CS="1">
<String CONTENT="&#169;" HEIGHT="52" WIDTH="51" VPOS="1662" HPOS="193"/>
<SP HEIGHT="52" WIDTH="33" VPOS="1662" HPOS="245"/>
<String CONTENT="Mar." HEIGHT="39" WIDTH="121" VPOS="1669" HPOS="279"/>
<SP HEIGHT="40" WIDTH="31" VPOS="1668" HPOS="401"/>
<String CONTENT="1," HEIGHT="45" WIDTH="39" VPOS="1668" HPOS="433"/>
<SP HEIGHT="46" WIDTH="32" VPOS="1667" HPOS="473"/>
<String CONTENT="1933;" HEIGHT="47" WIDTH="140" VPOS="1666" HPOS="506"/>
<SP HEIGHT="47" WIDTH="32" VPOS="1666" HPOS="647"/>
<String CONTENT="2c." HEIGHT="41" WIDTH="67" VPOS="1666" HPOS="680"/>
<SP HEIGHT="40" WIDTH="33" VPOS="1667" HPOS="748"/>
<String CONTENT="Mar." HEIGHT="39" WIDTH="118" VPOS="1667" HPOS="782"/>
<SP HEIGHT="40" WIDTH="33" VPOS="1667" HPOS="901"/>
<String CS="1" CONTENT="3;" HEIGHT="40" WIDTH="25" VPOS="1667" HPOS="935"/>
<SP HEIGHT="32" WIDTH="34" VPOS="1676" HPOS="989"/>
<String CONTENT="aff." HEIGHT="40" WIDTH="82" VPOS="1666" HPOS="1024"/>
<SP HEIGHT="39" WIDTH="33" VPOS="1667" HPOS="1107"/>
<String CONTENT="Mar." HEIGHT="39" WIDTH="121" VPOS="1667" HPOS="1141"/>
<SP HEIGHT="40" WIDTH="32" VPOS="1666" HPOS="1263"/>
<String CONTENT="6;" HEIGHT="45" WIDTH="52" VPOS="1666" HPOS="1296"/>
<SP HEIGHT="44" WIDTH="35" VPOS="1667" HPOS="1349"/>
<!-- cceid 3CDACC27-6CF9-1014-A6CF-A82867D68027 --><String CONTENT="A" HEIGHT="38" WIDTH="40" VPOS="1667" HPOS="1385"/>
<SP HEIGHT="39" WIDTH="31" VPOS="1666" HPOS="1426"/>
<String CONTENT="60712;" HEIGHT="48" WIDTH="170" VPOS="1665" HPOS="1458"/>
<SP HEIGHT="46" WIDTH="36" VPOS="1667" HPOS="1629"/>
<String CONTENT="E." HEIGHT="39" WIDTH="52" VPOS="1667" HPOS="1666"/>
<SP HEIGHT="39" WIDTH="34" VPOS="1667" HPOS="1719"/>
<String CONTENT="M." HEIGHT="38" WIDTH="61" VPOS="1667" HPOS="1754"/>
<SP HEIGHT="38" WIDTH="35" VPOS="1667" HPOS="1816"/>
<String CONTENT="Vermorcken," HEIGHT="49" WIDTH="337" VPOS="1666" HPOS="1852"/>
</TextLine>
<TextLine HEIGHT="50" WIDTH="620" VPOS="1723" HPOS="262">
<String CONTENT="Pittsburgh." HEIGHT="50" WIDTH="299" VPOS="1723" HPOS="262"/>
<SP HEIGHT="49" WIDTH="70" VPOS="1723" HPOS="562"/>
<String CONTENT="(33-6706)" HEIGHT="49" WIDTH="249" VPOS="1723" HPOS="633"/>
</TextLine>
<TextLine HEIGHT="67" WIDTH="639" VPOS="1826" HPOS="188" STYLEREFS="StyleId-78172FC5-C9B7-461B-8F94-C2D0D27A870F-">
<String CONTENT="Wallgren," HEIGHT="67" WIDTH="317" VPOS="1826" HPOS="188"/>
<SP HEIGHT="65" WIDTH="27" VPOS="1828" HPOS="506"/>
<String CONTENT="Abian" HEIGHT="54" WIDTH="193" VPOS="1827" HPOS="534"/>
<SP HEIGHT="53" WIDTH="26" VPOS="1828" HPOS="728"/>
<String CONTENT="A." HEIGHT="55" WIDTH="72" VPOS="1828" HPOS="755"/>
</TextLine>
<TextLine HEIGHT="69" WIDTH="1929" VPOS="1903" HPOS="261" STYLEREFS="StyleId-91F61D0B-8E2B-4A19-8497-D71D8C01DCE7-">
<String CONTENT="The" HEIGHT="52" WIDTH="121" VPOS="1906" HPOS="261"/>
<SP HEIGHT="53" WIDTH="26" VPOS="1905" HPOS="383"/>
<String CONTENT="A." HEIGHT="53" WIDTH="72" VPOS="1905" HPOS="410"/>
<SP HEIGHT="53" WIDTH="29" VPOS="1905" HPOS="483"/>
<String CONTENT="E." HEIGHT="53" WIDTH="65" VPOS="1905" HPOS="513"/>
<SP HEIGHT="53" WIDTH="29" VPOS="1905" HPOS="579"/>
<String CONTENT="F." HEIGHT="52" WIDTH="65" VPOS="1905" HPOS="609"/>
<SP HEIGHT="51" WIDTH="30" VPOS="1906" HPOS="675"/>
<String CONTENT="in" HEIGHT="51" WIDTH="60" VPOS="1906" HPOS="706"/>
<SP HEIGHT="34" WIDTH="26" VPOS="1923" HPOS="767"/>
<String CONTENT="cartoon," HEIGHT="64" WIDTH="250" VPOS="1908" HPOS="794"/>
<SP HEIGHT="68" WIDTH="25" VPOS="1904" HPOS="1045"/>
<String CONTENT="by" HEIGHT="68" WIDTH="76" VPOS="1904" HPOS="1071"/>
<SP HEIGHT="68" WIDTH="25" VPOS="1904" HPOS="1148"/>
<String CONTENT="Abian" HEIGHT="54" WIDTH="192" VPOS="1903" HPOS="1174"/>
<SP HEIGHT="53" WIDTH="26" VPOS="1904" HPOS="1367"/>
<String CONTENT="A." HEIGHT="55" WIDTH="72" VPOS="1904" HPOS="1394"/>
<SP HEIGHT="54" WIDTH="25" VPOS="1905" HPOS="1467"/>
<String CONTENT="Wallgren;" HEIGHT="68" WIDTH="327" VPOS="1904" HPOS="1493"/>
<SP HEIGHT="68" WIDTH="33" VPOS="1904" HPOS="1821"/>
<String CONTENT="from" HEIGHT="54" WIDTH="153" VPOS="1904" HPOS="1855"/>
<SP HEIGHT="52" WIDTH="27" VPOS="1905" HPOS="2009"/>
<String CONTENT="&#8220;The" HEIGHT="52" WIDTH="153" VPOS="1905" HPOS="2037"/>
</TextLine>
<TextLine HEIGHT="70" WIDTH="2000" VPOS="1981" HPOS="193" STYLEREFS="StyleId-91F61D0B-8E2B-4A19-8497-D71D8C01DCE7-">
<String CONTENT="Stars" HEIGHT="56" WIDTH="162" VPOS="1982" HPOS="193"/>
<SP HEIGHT="33" WIDTH="28" VPOS="2003" HPOS="356"/>
<String CONTENT="and" HEIGHT="52" WIDTH="110" VPOS="1984" HPOS="385"/>
<SP HEIGHT="52" WIDTH="28" VPOS="1984" HPOS="496"/>
<String CONTENT="stripes&#8221;," HEIGHT="70" WIDTH="259" VPOS="1981" HPOS="525"/>
<SP HEIGHT="49" WIDTH="27" VPOS="2002" HPOS="785"/>
<String CONTENT="official" HEIGHT="53" WIDTH="199" VPOS="1982" HPOS="813"/>
<SP HEIGHT="50" WIDTH="28" VPOS="1984" HPOS="1013"/>
<String CONTENT="newspaper" HEIGHT="51" WIDTH="334" VPOS="2000" HPOS="1042"/>
<SP HEIGHT="33" WIDTH="26" VPOS="2002" HPOS="1377"/>
<String CONTENT="of" HEIGHT="53" WIDTH="64" VPOS="1982" HPOS="1404"/>
<SP HEIGHT="54" WIDTH="26" VPOS="1982" HPOS="1469"/>
<String CONTENT="the" HEIGHT="53" WIDTH="96" VPOS="1984" HPOS="1496"/>
<SP HEIGHT="55" WIDTH="27" VPOS="1982" HPOS="1593"/>
<String CONTENT="A." HEIGHT="55" WIDTH="72" VPOS="1982" HPOS="1621"/>
<SP HEIGHT="54" WIDTH="29" VPOS="1983" HPOS="1694"/>
<String CONTENT="E." HEIGHT="54" WIDTH="67" VPOS="1983" HPOS="1724"/>
<SP HEIGHT="53" WIDTH="27" VPOS="1984" HPOS="1792"/>
<String CONTENT="F.;" HEIGHT="67" WIDTH="96" VPOS="1984" HPOS="1820"/>
<SP HEIGHT="49" WIDTH="31" VPOS="2002" HPOS="1917"/>
<String CONTENT="with" HEIGHT="54" WIDTH="140" VPOS="1982" HPOS="1949"/>
<SP HEIGHT="54" WIDTH="29" VPOS="1982" HPOS="2090"/>
<String CONTENT="an" HEIGHT="35" WIDTH="73" VPOS="2003" HPOS="2120"/>
</TextLine>
<TextLine HEIGHT="70" WIDTH="1999" VPOS="2061" HPOS="192" STYLEREFS="StyleId-91F61D0B-8E2B-4A19-8497-D71D8C01DCE7-">
<String CONTENT="introduction" HEIGHT="53" WIDTH="390" VPOS="2061" HPOS="192"/>
<SP HEIGHT="52" WIDTH="32" VPOS="2061" HPOS="583"/>
<String CONTENT="by" HEIGHT="69" WIDTH="75" VPOS="2061" HPOS="616"/>
<SP HEIGHT="69" WIDTH="33" VPOS="2061" HPOS="692"/>
<String CONTENT="Alexander" HEIGHT="53" WIDTH="329" VPOS="2061" HPOS="726"/>
<SP HEIGHT="54" WIDTH="32" VPOS="2061" HPOS="1056"/>
<String CONTENT="Woollcott" HEIGHT="54" WIDTH="311" VPOS="2061" HPOS="1089"/>
<SP HEIGHT="48" WIDTH="33" VPOS="2065" HPOS="1401"/>
<String CONTENT="and" HEIGHT="53" WIDTH="113" VPOS="2062" HPOS="1435"/>
<SP HEIGHT="53" WIDTH="35" VPOS="2062" HPOS="1549"/>
<String CONTENT="a" HEIGHT="33" WIDTH="31" VPOS="2081" HPOS="1585"/>
<SP HEIGHT="52" WIDTH="35" VPOS="2062" HPOS="1617"/>
<String CONTENT="libel" HEIGHT="54" WIDTH="134" VPOS="2061" HPOS="1653"/>
<SP HEIGHT="53" WIDTH="32" VPOS="2062" HPOS="1788"/>
<String CONTENT="by" HEIGHT="69" WIDTH="76" VPOS="2062" HPOS="1821"/>
<SP HEIGHT="70" WIDTH="33" VPOS="2061" HPOS="1898"/>
<String CONTENT="John" HEIGHT="54" WIDTH="157" VPOS="2061" HPOS="1932"/>
<SP HEIGHT="51" WIDTH="34" VPOS="2064" HPOS="2090"/>
<String CONTENT="T." HEIGHT="51" WIDTH="66" VPOS="2064" HPOS="2125"/>
</TextLine>
<TextLine HEIGHT="71" WIDTH="1796" VPOS="2138" HPOS="192" STYLEREFS="StyleId-91F61D0B-8E2B-4A19-8497-D71D8C01DCE7-">
<String CONTENT="Winterich." HEIGHT="56" WIDTH="336" VPOS="2139" HPOS="192"/>
<SP HEIGHT="52" WIDTH="72" VPOS="2140" HPOS="529"/>
<String CONTENT="Philadelphia," HEIGHT="69" WIDTH="426" VPOS="2138" HPOS="602"/>
<SP HEIGHT="67" WIDTH="33" VPOS="2140" HPOS="1029"/>
<String CONTENT="D." HEIGHT="53" WIDTH="72" VPOS="2140" HPOS="1063"/>
<SP HEIGHT="56" WIDTH="35" VPOS="2138" HPOS="1136"/>
<String CONTENT="Sowers" HEIGHT="56" WIDTH="219" VPOS="2138" HPOS="1172"/>
<SP HEIGHT="52" WIDTH="32" VPOS="2142" HPOS="1392"/>
<String CONTENT="&amp;" HEIGHT="51" WIDTH="46" VPOS="2142" HPOS="1425"/>
<SP HEIGHT="51" WIDTH="31" VPOS="2142" HPOS="1472"/>
<String CONTENT="company," HEIGHT="52" WIDTH="297" VPOS="2157" HPOS="1504"/>
<SP HEIGHT="64" WIDTH="35" VPOS="2145" HPOS="1802"/>
<String CONTENT="1933." HEIGHT="51" WIDTH="150" VPOS="2143" HPOS="1838"/>
</TextLine>
<TextLine HEIGHT="51" WIDTH="539" VPOS="2212" HPOS="282" STYLEREFS="StyleId-91F61D0B-8E2B-4A19-8497-D71D8C01DCE7-" CS="1">
<String CS="1" CONTENT="[76]" HEIGHT="50" WIDTH="69" VPOS="2213" HPOS="282"/>
<SP HEIGHT="38" WIDTH="31" VPOS="2225" HPOS="352"/>
<String CONTENT="p." HEIGHT="37" WIDTH="43" VPOS="2225" HPOS="384"/>
<SP HEIGHT="40" WIDTH="58" VPOS="2213" HPOS="428"/>
<String CONTENT="illus." HEIGHT="40" WIDTH="127" VPOS="2213" HPOS="487"/>
<SP HEIGHT="40" WIDTH="58" VPOS="2213" HPOS="615"/>
<String CS="1" CONTENT="30&#189;cm." HEIGHT="42" WIDTH="147" VPOS="2212" HPOS="674"/>
</TextLine>
<TextLine HEIGHT="49" WIDTH="677" VPOS="2269" HPOS="265">
<String CONTENT="Illustrated" HEIGHT="41" WIDTH="288" VPOS="2270" HPOS="265"/>
<SP HEIGHT="40" WIDTH="25" VPOS="2270" HPOS="554"/>
<String CONTENT="lining-papers." HEIGHT="49" WIDTH="362" VPOS="2269" HPOS="580"/>
</TextLine>
<TextLine HEIGHT="110" WIDTH="1977" VPOS="2323" HPOS="199" STYLEREFS="StyleId-CB5A9CA9-5F5C-46CE-AFA0-8448BF5BA841-" CS="1">
<String CONTENT="&#169;" HEIGHT="52" WIDTH="51" VPOS="2323" HPOS="199"/>
<SP HEIGHT="52" WIDTH="30" VPOS="2323" HPOS="251"/>
<String CONTENT="Mar." HEIGHT="38" WIDTH="121" VPOS="2329" HPOS="282"/>
<SP HEIGHT="39" WIDTH="29" VPOS="2328" HPOS="404"/>
<String CONTENT="1," HEIGHT="47" WIDTH="39" VPOS="2328" HPOS="434"/>
<SP HEIGHT="47" WIDTH="30" VPOS="2328" HPOS="474"/>
<String CONTENT="1933;" HEIGHT="42" WIDTH="139" VPOS="2327" HPOS="505"/>
<SP HEIGHT="41" WIDTH="32" VPOS="2328" HPOS="645"/>
<String CONTENT="2c." HEIGHT="39" WIDTH="68" VPOS="2328" HPOS="678"/>
<SP HEIGHT="29" WIDTH="30" VPOS="2338" HPOS="747"/>
<String CONTENT="and" HEIGHT="39" WIDTH="95" VPOS="2329" HPOS="778"/>
<SP HEIGHT="39" WIDTH="30" VPOS="2329" HPOS="874"/>
<String CONTENT="aff." HEIGHT="40" WIDTH="81" VPOS="2327" HPOS="905"/>
<SP HEIGHT="38" WIDTH="32" VPOS="2329" HPOS="987"/>
<String CONTENT="Mar." HEIGHT="39" WIDTH="121" VPOS="2329" HPOS="1020"/>
<SP HEIGHT="39" WIDTH="31" VPOS="2329" HPOS="1142"/>
<String CONTENT="10;" HEIGHT="47" WIDTH="81" VPOS="2328" HPOS="1174"/>
<SP HEIGHT="47" WIDTH="32" VPOS="2328" HPOS="1256"/>
<!-- cceid 3CDB86B2-6CF9-1014-A6CF-A82867D68027 --><String CONTENT="A" HEIGHT="39" WIDTH="41" VPOS="2328" HPOS="1289"/>
<SP HEIGHT="40" WIDTH="29" VPOS="2328" HPOS="1331"/>
<String CONTENT="59824;" HEIGHT="48" WIDTH="170" VPOS="2328" HPOS="1361"/>
<SP HEIGHT="45" WIDTH="33" VPOS="2331" HPOS="1532"/>
<String CONTENT="A." HEIGHT="40" WIDTH="54" VPOS="2331" HPOS="1566"/>
<SP HEIGHT="40" WIDTH="31" VPOS="2331" HPOS="1621"/>
<String CONTENT="A." HEIGHT="40" WIDTH="53" VPOS="2331" HPOS="1653"/>
<SP HEIGHT="39" WIDTH="32" VPOS="2332" HPOS="1707"/>
<String CONTENT="Wallgren," HEIGHT="48" WIDTH="261" VPOS="2331" HPOS="1740"/>
<SP HEIGHT="46" WIDTH="33" VPOS="2333" HPOS="2002"/>
<String CONTENT="Philadelphia." HEIGHT="102" WIDTH="1911" VPOS="2331" HPOS="265"/>
<SP HEIGHT="47" WIDTH="71" VPOS="2385" HPOS="473"/>
<String CONTENT="(33-6796)" HEIGHT="48" WIDTH="250" VPOS="2384" HPOS="545"/>
</TextLine>
<TextLine HEIGHT="71" WIDTH="1526" VPOS="2487" HPOS="193" STYLEREFS="StyleId-862EBC81-6D4F-4BBF-8B8C-2427551B56DF-" CS="1">
<String CONTENT="War" HEIGHT="54" WIDTH="140" VPOS="2487" HPOS="193"/>
<SP HEIGHT="51" WIDTH="27" VPOS="2489" HPOS="334"/>
<String CONTENT="diary" HEIGHT="69" WIDTH="167" VPOS="2487" HPOS="362"/>
<SP HEIGHT="49" WIDTH="25" VPOS="2507" HPOS="530"/>
<String CONTENT="of" HEIGHT="54" WIDTH="63" VPOS="2488" HPOS="556"/>
<SP HEIGHT="52" WIDTH="28" VPOS="2488" HPOS="620"/>
<String CONTENT="a" HEIGHT="33" WIDTH="31" VPOS="2507" HPOS="649"/>
<SP HEIGHT="51" WIDTH="27" VPOS="2490" HPOS="681"/>
<String CONTENT="British" HEIGHT="54" WIDTH="224" VPOS="2487" HPOS="709"/>
<SP HEIGHT="52" WIDTH="26" VPOS="2488" HPOS="934"/>
<String CONTENT="airman." HEIGHT="54" WIDTH="236" VPOS="2488" HPOS="961"/>
<SP HEIGHT="34" WIDTH="79" VPOS="2522" HPOS="1198"/>
<String CONTENT="[Instalment" HEIGHT="66" WIDTH="365" VPOS="2490" HPOS="1278"/>
<SP HEIGHT="49" WIDTH="26" VPOS="2495" HPOS="1644"/>
<String CONTENT="6]" HEIGHT="63" WIDTH="48" VPOS="2495" HPOS="1671"/>
</TextLine>
<TextLine HEIGHT="67" WIDTH="1238" VPOS="2544" HPOS="277" STYLEREFS="StyleId-862EBC81-6D4F-4BBF-8B8C-2427551B56DF-" CS="1">
<String CONTENT="(In" HEIGHT="48" WIDTH="82" VPOS="2563" HPOS="277"/>
<SP HEIGHT="43" WIDTH="25" VPOS="2559" HPOS="360"/>
<String CONTENT="London" HEIGHT="43" WIDTH="202" VPOS="2559" HPOS="386"/>
<SP HEIGHT="43" WIDTH="27" VPOS="2559" HPOS="589"/>
<String CONTENT="Sunday" HEIGHT="51" WIDTH="201" VPOS="2559" HPOS="617"/>
<SP HEIGHT="38" WIDTH="29" VPOS="2573" HPOS="819"/>
<String CONTENT="pictorial," HEIGHT="52" WIDTH="244" VPOS="2559" HPOS="849"/>
<SP HEIGHT="49" WIDTH="28" VPOS="2560" HPOS="1094"/>
<String CONTENT="Dec." HEIGHT="43" WIDTH="114" VPOS="2560" HPOS="1123"/>
<SP HEIGHT="59" WIDTH="30" VPOS="2544" HPOS="1238"/>
<String CS="1" CONTENT="18," HEIGHT="48" WIDTH="42" VPOS="2563" HPOS="1298"/>
<SP HEIGHT="48" WIDTH="30" VPOS="2563" HPOS="1341"/>
<String CONTENT="1932)" HEIGHT="49" WIDTH="143" VPOS="2562" HPOS="1372"/>
</TextLine>
<TextLine HEIGHT="54" WIDTH="1996" VPOS="2615" HPOS="201" STYLEREFS="StyleId-CB5A9CA9-5F5C-46CE-AFA0-8448BF5BA841-" CS="1">
<String CONTENT="&#169;" HEIGHT="52" WIDTH="51" VPOS="2615" HPOS="201"/>
<SP HEIGHT="52" WIDTH="27" VPOS="2615" HPOS="253"/>
<String CS="1" CONTENT="1c." HEIGHT="32" WIDTH="38" VPOS="2628" HPOS="309"/>
<SP HEIGHT="40" WIDTH="26" VPOS="2620" HPOS="348"/>
<String CONTENT="Feb." HEIGHT="40" WIDTH="110" VPOS="2619" HPOS="375"/>
<SP HEIGHT="39" WIDTH="27" VPOS="2620" HPOS="486"/>
<String CONTENT="15," HEIGHT="44" WIDTH="68" VPOS="2620" HPOS="514"/>
<SP HEIGHT="44" WIDTH="26" VPOS="2620" HPOS="583"/>
<String CONTENT="1933;" HEIGHT="41" WIDTH="140" VPOS="2619" HPOS="610"/>
<SP HEIGHT="40" WIDTH="29" VPOS="2620" HPOS="751"/>
<!-- cceid 3CDC3622-6CF9-1014-A6CF-A82867D68027 --><String CONTENT="A" HEIGHT="37" WIDTH="41" VPOS="2620" HPOS="781"/>
<SP HEIGHT="39" WIDTH="25" VPOS="2620" HPOS="823"/>
<String CONTENT="ad" HEIGHT="39" WIDTH="61" VPOS="2620" HPOS="849"/>
<SP HEIGHT="40" WIDTH="25" VPOS="2619" HPOS="911"/>
<String CONTENT="int." HEIGHT="40" WIDTH="86" VPOS="2619" HPOS="937"/>
<SP HEIGHT="38" WIDTH="27" VPOS="2621" HPOS="1024"/>
<String CONTENT="17531;" HEIGHT="46" WIDTH="170" VPOS="2620" HPOS="1052"/>
<SP HEIGHT="37" WIDTH="27" VPOS="2631" HPOS="1223"/>
<String CONTENT="pubd." HEIGHT="47" WIDTH="141" VPOS="2621" HPOS="1251"/>
<SP HEIGHT="38" WIDTH="29" VPOS="2622" HPOS="1393"/>
<String CONTENT="Dec." HEIGHT="40" WIDTH="111" VPOS="2622" HPOS="1423"/>
<SP HEIGHT="39" WIDTH="29" VPOS="2623" HPOS="1535"/>
<String CONTENT="18," HEIGHT="45" WIDTH="67" VPOS="2623" HPOS="1565"/>
<SP HEIGHT="45" WIDTH="29" VPOS="2623" HPOS="1633"/>
<String CONTENT="1932;" HEIGHT="47" WIDTH="141" VPOS="2621" HPOS="1663"/>
<SP HEIGHT="45" WIDTH="30" VPOS="2623" HPOS="1805"/>
<String CONTENT="Gladys" HEIGHT="46" WIDTH="182" VPOS="2623" HPOS="1836"/>
<SP HEIGHT="38" WIDTH="29" VPOS="2625" HPOS="2019"/>
<String CONTENT="Maud" HEIGHT="39" WIDTH="148" VPOS="2625" HPOS="2049"/>
</TextLine>
<TextLine HEIGHT="48" WIDTH="1076" VPOS="2676" HPOS="270" STYLEREFS="StyleId-CB5A9CA9-5F5C-46CE-AFA0-8448BF5BA841-">
<String CONTENT="Cockburn" HEIGHT="40" WIDTH="252" VPOS="2676" HPOS="270"/>
<SP HEIGHT="38" WIDTH="28" VPOS="2676" HPOS="523"/>
<String CONTENT="Lange," HEIGHT="47" WIDTH="174" VPOS="2676" HPOS="552"/>
<SP HEIGHT="45" WIDTH="30" VPOS="2677" HPOS="727"/>
<String CONTENT="Manchester," HEIGHT="48" WIDTH="321" VPOS="2676" HPOS="758"/>
<SP HEIGHT="46" WIDTH="30" VPOS="2678" HPOS="1080"/>
<String CONTENT="England." HEIGHT="47" WIDTH="235" VPOS="2677" HPOS="1111"/>
</TextLine>
<TextLine HEIGHT="64" WIDTH="670" VPOS="2778" HPOS="199" STYLEREFS="StyleId-0741197A-7791-4A26-B273-0DE26881B0E0-">
<String CONTENT="Webb," HEIGHT="64" WIDTH="201" VPOS="2778" HPOS="199"/>
<SP HEIGHT="64" WIDTH="26" VPOS="2778" HPOS="401"/>
<String CONTENT="Jean" HEIGHT="54" WIDTH="148" VPOS="2778" HPOS="428"/>
<SP HEIGHT="52" WIDTH="28" VPOS="2779" HPOS="577"/>
<String CONTENT="Francis." HEIGHT="55" WIDTH="263" VPOS="2778" HPOS="606"/>
</TextLine>
<TextLine HEIGHT="73" WIDTH="1685" VPOS="2853" HPOS="273" STYLEREFS="StyleId-862EBC81-6D4F-4BBF-8B8C-2427551B56DF-">
<String CONTENT="&#8230;" HEIGHT="11" WIDTH="57" VPOS="2895" HPOS="273"/>
<SP HEIGHT="53" WIDTH="33" VPOS="2853" HPOS="331"/>
<String CONTENT="Love" HEIGHT="54" WIDTH="154" VPOS="2853" HPOS="365"/>
<SP HEIGHT="48" WIDTH="28" VPOS="2859" HPOS="520"/>
<String CONTENT="they" HEIGHT="69" WIDTH="135" VPOS="2854" HPOS="549"/>
<SP HEIGHT="50" WIDTH="29" VPOS="2873" HPOS="685"/>
<String CONTENT="must." HEIGHT="48" WIDTH="168" VPOS="2860" HPOS="715"/>
<SP HEIGHT="53" WIDTH="68" VPOS="2855" HPOS="884"/>
<String CONTENT="New" HEIGHT="53" WIDTH="138" VPOS="2855" HPOS="953"/>
<SP HEIGHT="53" WIDTH="34" VPOS="2856" HPOS="1092"/>
<String CONTENT="York," HEIGHT="69" WIDTH="181" VPOS="2855" HPOS="1127"/>
<SP HEIGHT="67" WIDTH="30" VPOS="2857" HPOS="1309"/>
<String CONTENT="I." HEIGHT="53" WIDTH="50" VPOS="2857" HPOS="1340"/>
<SP HEIGHT="54" WIDTH="32" VPOS="2857" HPOS="1391"/>
<String CONTENT="Washburn," HEIGHT="69" WIDTH="347" VPOS="2857" HPOS="1424"/>
<SP HEIGHT="64" WIDTH="35" VPOS="2862" HPOS="1772"/>
<String CONTENT="1933." HEIGHT="51" WIDTH="150" VPOS="2862" HPOS="1808"/>
</TextLine>
<TextLine HEIGHT="50" WIDTH="766" VPOS="2926" HPOS="268" STYLEREFS="StyleId-862EBC81-6D4F-4BBF-8B8C-2427551B56DF-" CS="1">
<String CONTENT="viii" HEIGHT="40" WIDTH="88" VPOS="2926" HPOS="268"/>
<SP HEIGHT="47" WIDTH="25" VPOS="2927" HPOS="357"/>
<String CONTENT="p.," HEIGHT="37" WIDTH="57" VPOS="2937" HPOS="383"/>
<SP HEIGHT="44" WIDTH="24" VPOS="2927" HPOS="441"/>
<String CONTENT="1" HEIGHT="38" WIDTH="24" VPOS="2927" HPOS="466"/>
<SP HEIGHT="38" WIDTH="25" VPOS="2927" HPOS="491"/>
<String CS="1" CONTENT="l.," HEIGHT="16" WIDTH="22" VPOS="2958" HPOS="538"/>
<SP HEIGHT="46" WIDTH="26" VPOS="2928" HPOS="561"/>
<String CONTENT="11-303" HEIGHT="42" WIDTH="172" VPOS="2926" HPOS="588"/>
<SP HEIGHT="48" WIDTH="25" VPOS="2928" HPOS="761"/>
<String CONTENT="p." HEIGHT="37" WIDTH="43" VPOS="2939" HPOS="787"/>
<SP HEIGHT="39" WIDTH="56" VPOS="2929" HPOS="831"/>
<String CS="1" CONTENT="19&#189;cm." HEIGHT="43" WIDTH="146" VPOS="2928" HPOS="888"/>
</TextLine>
<TextLine HEIGHT="57" WIDTH="1996" VPOS="2979" HPOS="206" STYLEREFS="StyleId-CB5A9CA9-5F5C-46CE-AFA0-8448BF5BA841-" CS="1">
<String CONTENT="&#169;" HEIGHT="53" WIDTH="51" VPOS="2979" HPOS="206"/>
<SP HEIGHT="53" WIDTH="26" VPOS="2979" HPOS="258"/>
<String CONTENT="Mar." HEIGHT="39" WIDTH="120" VPOS="2985" HPOS="285"/>
<SP HEIGHT="39" WIDTH="27" VPOS="2985" HPOS="406"/>
<String CONTENT="15," HEIGHT="41" WIDTH="67" VPOS="2985" HPOS="434"/>
<SP HEIGHT="41" WIDTH="26" VPOS="2985" HPOS="502"/>
<String CONTENT="1933;" HEIGHT="49" WIDTH="139" VPOS="2983" HPOS="529"/>
<SP HEIGHT="47" WIDTH="27" VPOS="2985" HPOS="669"/>
<String CONTENT="2c." HEIGHT="41" WIDTH="67" VPOS="2985" HPOS="697"/>
<SP HEIGHT="39" WIDTH="27" VPOS="2987" HPOS="765"/>
<String CONTENT="Mar." HEIGHT="39" WIDTH="120" VPOS="2987" HPOS="793"/>
<SP HEIGHT="38" WIDTH="27" VPOS="2988" HPOS="914"/>
<String CONTENT="10;" HEIGHT="47" WIDTH="81" VPOS="2986" HPOS="942"/>
<SP HEIGHT="36" WIDTH="29" VPOS="2997" HPOS="1024"/>
<String CONTENT="aff." HEIGHT="40" WIDTH="82" VPOS="2987" HPOS="1054"/>
<SP HEIGHT="38" WIDTH="27" VPOS="2989" HPOS="1137"/>
<String CONTENT="Mar." HEIGHT="39" WIDTH="122" VPOS="2989" HPOS="1165"/>
<SP HEIGHT="39" WIDTH="26" VPOS="2989" HPOS="1288"/>
<String CS="1" CONTENT="18;" HEIGHT="35" WIDTH="8" VPOS="3000" HPOS="1388"/>
<SP HEIGHT="46" WIDTH="28" VPOS="2989" HPOS="1397"/>
<!-- cceid 3CDCDDA6-6CF9-1014-A6CF-A82867D68027 --><String CONTENT="A" HEIGHT="39" WIDTH="40" VPOS="2989" HPOS="1426"/>
<SP HEIGHT="39" WIDTH="26" VPOS="2989" HPOS="1467"/>
<String CONTENT="59984;" HEIGHT="48" WIDTH="170" VPOS="2988" HPOS="1494"/>
<SP HEIGHT="45" WIDTH="29" VPOS="2991" HPOS="1665"/>
<String CONTENT="J." HEIGHT="40" WIDTH="44" VPOS="2991" HPOS="1695"/>
<SP HEIGHT="40" WIDTH="27" VPOS="2991" HPOS="1740"/>
<String CONTENT="F." HEIGHT="39" WIDTH="50" VPOS="2991" HPOS="1768"/>
<SP HEIGHT="39" WIDTH="29" VPOS="2992" HPOS="1819"/>
<String CONTENT="Webb." HEIGHT="43" WIDTH="160" VPOS="2991" HPOS="1849"/>
<SP HEIGHT="42" WIDTH="29" VPOS="2992" HPOS="2010"/>
<String CONTENT="White" HEIGHT="40" WIDTH="162" VPOS="2992" HPOS="2040"/>
</TextLine>
<TextLine HEIGHT="49" WIDTH="662" VPOS="3041" HPOS="272" STYLEREFS="StyleId-CB5A9CA9-5F5C-46CE-AFA0-8448BF5BA841-">
<String CONTENT="Plains," HEIGHT="48" WIDTH="179" VPOS="3041" HPOS="272"/>
<SP HEIGHT="47" WIDTH="24" VPOS="3042" HPOS="452"/>
<String CONTENT="N." HEIGHT="39" WIDTH="55" VPOS="3042" HPOS="477"/>
<SP HEIGHT="38" WIDTH="26" VPOS="3043" HPOS="533"/>
<String CONTENT="Y." HEIGHT="39" WIDTH="53" VPOS="3043" HPOS="560"/>
<SP HEIGHT="47" WIDTH="68" VPOS="3042" HPOS="614"/>
<String CONTENT="(33-6708)" HEIGHT="48" WIDTH="251" VPOS="3042" HPOS="683"/>
</TextLine>
<TextLine HEIGHT="66" WIDTH="774" VPOS="3141" HPOS="202" STYLEREFS="StyleId-78172FC5-C9B7-461B-8F94-C2D0D27A870F-">
<String CONTENT="Webster," HEIGHT="66" WIDTH="288" VPOS="3141" HPOS="202"/>
<SP HEIGHT="63" WIDTH="29" VPOS="3144" HPOS="491"/>
<String CONTENT="Hutton," HEIGHT="60" WIDTH="251" VPOS="3144" HPOS="521"/>
<SP HEIGHT="54" WIDTH="33" VPOS="3150" HPOS="773"/>
<String CONTENT="1875-" HEIGHT="56" WIDTH="169" VPOS="3145" HPOS="807"/>
</TextLine>
<TextLine HEIGHT="155" WIDTH="1974" VPOS="3220" HPOS="203" STYLEREFS="StyleId-91F61D0B-8E2B-4A19-8497-D71D8C01DCE7-" CS="1">
<String CONTENT="Early" HEIGHT="69" WIDTH="181" VPOS="3220" HPOS="273"/>
<SP HEIGHT="67" WIDTH="37" VPOS="3222" HPOS="455"/>
<String CONTENT="European" HEIGHT="68" WIDTH="308" VPOS="3222" HPOS="493"/>
<SP HEIGHT="34" WIDTH="36" VPOS="3242" HPOS="802"/>
<String CONTENT="civilization," HEIGHT="71" WIDTH="369" VPOS="3222" HPOS="839"/>
<SP HEIGHT="68" WIDTH="35" VPOS="3225" HPOS="1209"/>
<String CONTENT="by" HEIGHT="69" WIDTH="76" VPOS="3225" HPOS="1245"/>
<SP HEIGHT="67" WIDTH="36" VPOS="3227" HPOS="1322"/>
<String CONTENT="Hutton" HEIGHT="52" WIDTH="230" VPOS="3227" HPOS="1359"/>
<SP HEIGHT="54" WIDTH="33" VPOS="3227" HPOS="1590"/>
<String CONTENT="Webster" HEIGHT="55" WIDTH="260" VPOS="3227" HPOS="1624"/>
<SP/>
<String CS="1" CONTENT="&#8230;"/>
<SP/>
<String CONTENT="Boston," HEIGHT="128" WIDTH="1974" VPOS="3232" HPOS="203"/>
<SP HEIGHT="61" WIDTH="31" VPOS="3299" HPOS="320"/>
<String CONTENT="New" HEIGHT="53" WIDTH="139" VPOS="3299" HPOS="352"/>
<SP HEIGHT="52" WIDTH="32" VPOS="3300" HPOS="492"/>
<String CONTENT="York" HEIGHT="52" WIDTH="162" VPOS="3300" HPOS="525"/>
<SP HEIGHT="66" WIDTH="36" VPOS="3300" HPOS="688"/>
<String CONTENT="[etc.]" HEIGHT="61" WIDTH="137" VPOS="3306" HPOS="725"/>
<SP HEIGHT="66" WIDTH="36" VPOS="3301" HPOS="863"/>
<String CONTENT="D." HEIGHT="54" WIDTH="72" VPOS="3301" HPOS="900"/>
<SP HEIGHT="56" WIDTH="33" VPOS="3301" HPOS="973"/>
<String CONTENT="C." HEIGHT="56" WIDTH="62" VPOS="3301" HPOS="1007"/>
<SP HEIGHT="52" WIDTH="32" VPOS="3303" HPOS="1070"/>
<String CONTENT="Heath" HEIGHT="52" WIDTH="194" VPOS="3303" HPOS="1103"/>
<SP HEIGHT="52" WIDTH="32" VPOS="3304" HPOS="1298"/>
<String CONTENT="and" HEIGHT="52" WIDTH="113" VPOS="3305" HPOS="1331"/>
<SP HEIGHT="52" WIDTH="30" VPOS="3305" HPOS="1445"/>
<String CONTENT="company" HEIGHT="51" WIDTH="281" VPOS="3324" HPOS="1476"/>
<SP HEIGHT="50" WIDTH="35" VPOS="3325" HPOS="1758"/>
<String CONTENT="[c1933]" HEIGHT="65" WIDTH="191" VPOS="3310" HPOS="1794"/>
</TextLine>
<TextLine HEIGHT="58" WIDTH="1927" VPOS="3372" HPOS="274" CS="1">
<String CONTENT="xlii," HEIGHT="47" WIDTH="101" VPOS="3372" HPOS="274"/>
<SP HEIGHT="45" WIDTH="26" VPOS="3374" HPOS="376"/>
<String CONTENT="768" HEIGHT="40" WIDTH="86" VPOS="3373" HPOS="403"/>
<SP HEIGHT="48" WIDTH="21" VPOS="3373" HPOS="490"/>
<String CONTENT="p." HEIGHT="37" WIDTH="43" VPOS="3384" HPOS="512"/>
<SP HEIGHT="29" WIDTH="59" VPOS="3385" HPOS="556"/>
<String CONTENT="col." HEIGHT="40" WIDTH="85" VPOS="3375" HPOS="616"/>
<SP HEIGHT="41" WIDTH="23" VPOS="3374" HPOS="702"/>
<String CONTENT="front.," HEIGHT="49" WIDTH="163" VPOS="3374" HPOS="726"/>
<SP HEIGHT="47" WIDTH="24" VPOS="3376" HPOS="890"/>
<String CONTENT="illus.," HEIGHT="47" WIDTH="142" VPOS="3376" HPOS="915"/>
<SP HEIGHT="37" WIDTH="25" VPOS="3388" HPOS="1058"/>
<String CONTENT="plates," HEIGHT="47" WIDTH="170" VPOS="3378" HPOS="1084"/>
<SP HEIGHT="37" WIDTH="25" VPOS="3388" HPOS="1255"/>
<String CONTENT="ports.," HEIGHT="46" WIDTH="162" VPOS="3380" HPOS="1281"/>
<SP HEIGHT="36" WIDTH="25" VPOS="3390" HPOS="1444"/>
<String CONTENT="maps" HEIGHT="37" WIDTH="136" VPOS="3390" HPOS="1470"/>
<SP HEIGHT="48" WIDTH="27" VPOS="3379" HPOS="1607"/>
<String CONTENT="(part" HEIGHT="50" WIDTH="136" VPOS="3379" HPOS="1635"/>
<SP HEIGHT="40" WIDTH="23" VPOS="3382" HPOS="1772"/>
<String CONTENT="double)" HEIGHT="47" WIDTH="198" VPOS="3383" HPOS="1796"/>
<SP HEIGHT="46" WIDTH="59" VPOS="3384" HPOS="1995"/>
<String CS="1" CONTENT="20&#189;cm." HEIGHT="43" WIDTH="146" VPOS="3384" HPOS="2055"/>
</TextLine>
<TextLine HEIGHT="56" WIDTH="1925" VPOS="3430" HPOS="277">
<String CONTENT="&#8220;The" HEIGHT="39" WIDTH="127" VPOS="3430" HPOS="277"/>
<SP HEIGHT="38" WIDTH="32" VPOS="3431" HPOS="405"/>
<String CONTENT="book" HEIGHT="39" WIDTH="121" VPOS="3431" HPOS="438"/>
<SP HEIGHT="39" WIDTH="31" VPOS="3430" HPOS="560"/>
<String CONTENT="is" HEIGHT="41" WIDTH="41" VPOS="3430" HPOS="592"/>
<SP HEIGHT="39" WIDTH="30" VPOS="3432" HPOS="634"/>
<String CONTENT="based" HEIGHT="39" WIDTH="147" VPOS="3432" HPOS="665"/>
<SP HEIGHT="39" WIDTH="32" VPOS="3433" HPOS="813"/>
<String CONTENT="on" HEIGHT="29" WIDTH="58" VPOS="3443" HPOS="846"/>
<SP HEIGHT="37" WIDTH="32" VPOS="3436" HPOS="905"/>
<String CONTENT="the" HEIGHT="38" WIDTH="81" VPOS="3435" HPOS="938"/>
<SP HEIGHT="29" WIDTH="31" VPOS="3444" HPOS="1020"/>
<String CONTENT="author&#8217;s" HEIGHT="41" WIDTH="217" VPOS="3432" HPOS="1052"/>
<SP HEIGHT="38" WIDTH="32" VPOS="3436" HPOS="1270"/>
<String CONTENT="Early" HEIGHT="47" WIDTH="151" VPOS="3436" HPOS="1303"/>
<SP HEIGHT="45" WIDTH="30" VPOS="3438" HPOS="1455"/>
<String CONTENT="European" HEIGHT="47" WIDTH="257" VPOS="3438" HPOS="1486"/>
<SP HEIGHT="37" WIDTH="32" VPOS="3441" HPOS="1744"/>
<String CONTENT="history.&#8221;&#8212;Pref." HEIGHT="48" WIDTH="425" VPOS="3438" HPOS="1777"/>
</TextLine>
<TextLine HEIGHT="54" WIDTH="1334" VPOS="3485" HPOS="276">
<String CONTENT="&#8220;Suggestions" HEIGHT="47" WIDTH="342" VPOS="3485" HPOS="276"/>
<SP HEIGHT="39" WIDTH="25" VPOS="3488" HPOS="619"/>
<String CONTENT="for" HEIGHT="39" WIDTH="78" VPOS="3488" HPOS="645"/>
<SP HEIGHT="38" WIDTH="24" VPOS="3489" HPOS="724"/>
<String CONTENT="further" HEIGHT="40" WIDTH="195" VPOS="3489" HPOS="749"/>
<SP HEIGHT="29" WIDTH="26" VPOS="3501" HPOS="945"/>
<String CONTENT="study&#8221;" HEIGHT="46" WIDTH="173" VPOS="3490" HPOS="972"/>
<SP HEIGHT="40" WIDTH="18" VPOS="3490" HPOS="1146"/>
<String CONTENT=":" HEIGHT="29" WIDTH="9" VPOS="3501" HPOS="1165"/>
<SP HEIGHT="38" WIDTH="28" VPOS="3501" HPOS="1175"/>
<String CONTENT="p." HEIGHT="37" WIDTH="43" VPOS="3502" HPOS="1204"/>
<SP HEIGHT="27" WIDTH="25" VPOS="3504" HPOS="1248"/>
<String CONTENT="xxvii-xxxix." HEIGHT="43" WIDTH="336" VPOS="3492" HPOS="1274"/>
</TextLine>
<TextLine HEIGHT="112" WIDTH="1976" VPOS="3545" HPOS="210" CS="1">
<String CONTENT="&#169;" HEIGHT="53" WIDTH="52" VPOS="3545" HPOS="210"/>
<SP HEIGHT="53" WIDTH="26" VPOS="3545" HPOS="263"/>
<String CONTENT="Mar." HEIGHT="39" WIDTH="120" VPOS="3551" HPOS="290"/>
<SP HEIGHT="38" WIDTH="25" VPOS="3552" HPOS="411"/>
<String CONTENT="1," HEIGHT="47" WIDTH="38" VPOS="3552" HPOS="437"/>
<SP HEIGHT="46" WIDTH="26" VPOS="3553" HPOS="476"/>
<String CONTENT="1933;" HEIGHT="47" WIDTH="140" VPOS="3552" HPOS="503"/>
<SP HEIGHT="39" WIDTH="26" VPOS="3560" HPOS="644"/>
<String CONTENT="2c." HEIGHT="33" WIDTH="67" VPOS="3560" HPOS="671"/>
<SP HEIGHT="39" WIDTH="26" VPOS="3554" HPOS="739"/>
<String CONTENT="Mar." HEIGHT="41" WIDTH="121" VPOS="3554" HPOS="766"/>
<SP HEIGHT="37" WIDTH="24" VPOS="3558" HPOS="888"/>
<String CS="1" CONTENT="10;" HEIGHT="34" WIDTH="9" VPOS="3568" HPOS="986"/>
<SP HEIGHT="36" WIDTH="27" VPOS="3566" HPOS="996"/>
<String CONTENT="aff." HEIGHT="41" WIDTH="81" VPOS="3555" HPOS="1024"/>
<SP HEIGHT="39" WIDTH="27" VPOS="3557" HPOS="1106"/>
<String CONTENT="Mar." HEIGHT="39" WIDTH="122" VPOS="3557" HPOS="1134"/>
<SP HEIGHT="38" WIDTH="27" VPOS="3558" HPOS="1257"/>
<String CONTENT="15;" HEIGHT="48" WIDTH="80" VPOS="3557" HPOS="1285"/>
<SP HEIGHT="46" WIDTH="28" VPOS="3559" HPOS="1366"/>
<!-- cceid 3CDD8FD9-6CF9-1014-A6CF-A82867D68027 --><String CONTENT="A" HEIGHT="38" WIDTH="34" VPOS="3559" HPOS="1395"/>
<SP HEIGHT="40" WIDTH="32" VPOS="3559" HPOS="1430"/>
<String CONTENT="59910;" HEIGHT="49" WIDTH="169" VPOS="3558" HPOS="1463"/>
<SP HEIGHT="45" WIDTH="28" VPOS="3562" HPOS="1633"/>
<String CONTENT="H." HEIGHT="39" WIDTH="60" VPOS="3562" HPOS="1662"/>
<SP HEIGHT="40" WIDTH="27" VPOS="3562" HPOS="1723"/>
<String CONTENT="Webster," HEIGHT="49" WIDTH="234" VPOS="3562" HPOS="1751"/>
<SP HEIGHT="46" WIDTH="27" VPOS="3565" HPOS="1986"/>
<String CONTENT="Princeton," HEIGHT="92" WIDTH="1906" VPOS="3562" HPOS="280"/>
<SP HEIGHT="45" WIDTH="27" VPOS="3609" HPOS="377"/>
<String CONTENT="N." HEIGHT="39" WIDTH="55" VPOS="3609" HPOS="405"/>
<SP HEIGHT="39" WIDTH="28" VPOS="3609" HPOS="461"/>
<String CONTENT="J." HEIGHT="39" WIDTH="43" VPOS="3609" HPOS="490"/>
<SP HEIGHT="48" WIDTH="69" VPOS="3609" HPOS="534"/>
<String CONTENT="(33-6794)" HEIGHT="48" WIDTH="249" VPOS="3609" HPOS="604"/>
</TextLine>
<TextLine HEIGHT="71" WIDTH="866" VPOS="3706" HPOS="209" STYLEREFS="StyleId-78172FC5-C9B7-461B-8F94-C2D0D27A870F-">
<String CONTENT="Webster," HEIGHT="67" WIDTH="288" VPOS="3706" HPOS="209"/>
<SP HEIGHT="62" WIDTH="27" VPOS="3711" HPOS="498"/>
<String CONTENT="Noah," HEIGHT="66" WIDTH="191" VPOS="3711" HPOS="526"/>
<SP HEIGHT="59" WIDTH="32" VPOS="3718" HPOS="718"/>
<String CONTENT="1758-1843." HEIGHT="58" WIDTH="324" VPOS="3712" HPOS="751"/>
</TextLine>
<TextLine HEIGHT="81" WIDTH="1925" VPOS="3785" HPOS="278" STYLEREFS="StyleId-91F61D0B-8E2B-4A19-8497-D71D8C01DCE7-">
<String CONTENT="National" HEIGHT="54" WIDTH="272" VPOS="3785" HPOS="278"/>
<SP HEIGHT="53" WIDTH="36" VPOS="3789" HPOS="551"/>
<String CONTENT="dictionary" HEIGHT="70" WIDTH="322" VPOS="3788" HPOS="588"/>
<SP HEIGHT="48" WIDTH="33" VPOS="3810" HPOS="911"/>
<String CONTENT="of" HEIGHT="53" WIDTH="63" VPOS="3791" HPOS="945"/>
<SP HEIGHT="54" WIDTH="33" VPOS="3791" HPOS="1009"/>
<String CONTENT="the" HEIGHT="51" WIDTH="95" VPOS="3794" HPOS="1043"/>
<SP HEIGHT="52" WIDTH="36" VPOS="3795" HPOS="1139"/>
<String CONTENT="English" HEIGHT="68" WIDTH="246" VPOS="3795" HPOS="1176"/>
<SP HEIGHT="51" WIDTH="32" VPOS="3798" HPOS="1423"/>
<String CONTENT="language," HEIGHT="68" WIDTH="300" VPOS="3798" HPOS="1456"/>
<SP HEIGHT="66" WIDTH="33" VPOS="3800" HPOS="1757"/>
<String CONTENT="based" HEIGHT="54" WIDTH="171" VPOS="3800" HPOS="1791"/>
<SP HEIGHT="53" WIDTH="35" VPOS="3801" HPOS="1963"/>
<String CONTENT="on" HEIGHT="34" WIDTH="73" VPOS="3820" HPOS="1999"/>
<SP HEIGHT="47" WIDTH="34" VPOS="3807" HPOS="2073"/>
<String CONTENT="the" HEIGHT="52" WIDTH="95" VPOS="3803" HPOS="2108"/>
</TextLine>
<TextLine HEIGHT="166" WIDTH="1993" VPOS="3860" HPOS="211" STYLEREFS="StyleId-91F61D0B-8E2B-4A19-8497-D71D8C01DCE7-" CS="1">
<String CONTENT="principles" HEIGHT="72" WIDTH="308" VPOS="3860" HPOS="211"/>
<SP HEIGHT="34" WIDTH="28" VPOS="3885" HPOS="520"/>
<String CONTENT="established" HEIGHT="57" WIDTH="340" VPOS="3866" HPOS="549"/>
<SP HEIGHT="52" WIDTH="28" VPOS="3871" HPOS="890"/>
<String CONTENT="by" HEIGHT="67" WIDTH="76" VPOS="3871" HPOS="919"/>
<SP HEIGHT="65" WIDTH="28" VPOS="3873" HPOS="996"/>
<String CONTENT="Noah" HEIGHT="52" WIDTH="165" VPOS="3873" HPOS="1025"/>
<SP HEIGHT="55" WIDTH="26" VPOS="3874" HPOS="1191"/>
<String CONTENT="Webster" HEIGHT="56" WIDTH="261" VPOS="3874" HPOS="1218"/>
<SP HEIGHT="34" WIDTH="27" VPOS="3896" HPOS="1480"/>
<String CONTENT="and" HEIGHT="52" WIDTH="112" VPOS="3879" HPOS="1508"/>
<SP HEIGHT="53" WIDTH="31" VPOS="3878" HPOS="1621"/>
<String CONTENT="including" HEIGHT="69" WIDTH="297" VPOS="3878" HPOS="1653"/>
<SP HEIGHT="49" WIDTH="29" VPOS="3898" HPOS="1951"/>
<String CONTENT="a" HEIGHT="33" WIDTH="31" VPOS="3899" HPOS="1981"/>
<SP HEIGHT="49" WIDTH="29" VPOS="3899" HPOS="2013"/>
<String CONTENT="practical" HEIGHT="95" WIDTH="1968" VPOS="3899" HPOS="211"/>
<SP HEIGHT="67" WIDTH="25" VPOS="3943" HPOS="347"/>
<String CONTENT="guide" HEIGHT="69" WIDTH="169" VPOS="3941" HPOS="373"/>
<SP HEIGHT="47" WIDTH="27" VPOS="3951" HPOS="543"/>
<String CONTENT="to" HEIGHT="47" WIDTH="58" VPOS="3951" HPOS="571"/>
<SP HEIGHT="52" WIDTH="26" VPOS="3947" HPOS="630"/>
<String CONTENT="business" HEIGHT="55" WIDTH="253" VPOS="3946" HPOS="657"/>
<SP HEIGHT="51" WIDTH="27" VPOS="3950" HPOS="911"/>
<String CONTENT="English," HEIGHT="69" WIDTH="263" VPOS="3949" HPOS="939"/>
<SP HEIGHT="46" WIDTH="29" VPOS="3971" HPOS="1203"/>
<String CONTENT="self-pronouncing," HEIGHT="75" WIDTH="549" VPOS="3950" HPOS="1233"/>
<SP HEIGHT="48" WIDTH="28" VPOS="3976" HPOS="1783"/>
<String CONTENT="carefully" HEIGHT="68" WIDTH="282" VPOS="3958" HPOS="1812"/>
<SP HEIGHT="48" WIDTH="25" VPOS="3978" HPOS="2095"/>
<String CONTENT="re-" HEIGHT="34" WIDTH="83" VPOS="3979" HPOS="2121"/>
</TextLine>
</TextBlock>
</PrintSpace>
</Page>
</Layout>
</alto>