2484 4405
1097 4084 134 53 1679

151 434 286 63 Ryerson,
463 432 296 55 Florence.

218 510 177 52 Blind
429 510 176 52 man’s
635 509 139 67 buff,
806 510 76 66 by
915 509 273 53 Florence
1220 510 256 65 Ryerson
1510 509 111 52 and
1656 508 168 55 Colin
1859 508 283 55 Clements

210 587 1604 68 … New York, R. Long & R. R. Smith, inc. [ c 1933]
220 660 86 41 314
333 672 42 36 p.
405 660 94 40 incl.
542 659 134 40 front.
721 659 161 49 (plan)
952 660 54 39 20
1010 661 42 21 cm
1060 691 6 6 .

154 728 51 51 ©
237 731 116 39 Nov.
386 732 39 47 3,
460 730 112 40 1933;
635 730 65 39 2c.
736 732 123 39 Nov..
888 730 54 40 15;
1004 730 82 40 aff.
1119 731 116 38 Nov.
1269 729 54 40 25;
1386 730 41 38 A
1459 729 144 40 67364;
1668 729 231 40 Florence
1933 729 219 47 Ryerson

223 784 241 42 Clements
492 787 95 38 and
616 785 136 41 Colin
781 784 246 49 Campbell
1058 784 257 47 Clements,
1349 784 153 41 South
1532 784 268 47 Pasadena,
1833 784 143 40 Calif.

227 842 279 50 (33-36073)

152 960 182 64 Sagot
360 963 76 53 du
464 963 301 64 Yauroux,
794 963 246 55 Charles
1064 963 165 65 Paul,
1291 982 76 48 bp.,
1397 963 171 52 1857-

283 1038 1399 70 … Saint Paul. [Paris] E. Flammarion [1933]
219 1111 84 39 211
336 1122 57 37 p.,
425 1113 24 37 1
503 1143 7 8 l.
571 1110 56 40 19½
659 1113 43 21 cm
708 1144 7 8 .
787 1110 114 49 (Les
934 1113 153 46 grand
1121 1112 179 45 cœurs)

224 1169 66 40 At
317 1169 124 39 head
471 1168 51 39 of
549 1167 109 41 title:
717 1168 340 48 Monseigneur
1090 1169 147 47 Sagot
1268 1170 63 39 du
1360 1170 246 46 Vauroux,
1638 1167 177 49 évêque
1844 1168 195 49 d’Agen.

157 1236 1909 53 © Oct. 5, 1933; 1c. Oct. 18; A-Foreign 22406; Ernest Flammarion.
233 1299 278 48 (33-36381)

154 1417 243 55 Seattle.
471 1419 196 53 Board
699 1419 63 66 of
791 1416 318 56 education.

223 1496 448 53 Fundamentals
699 1497 62 51 in
791 1497 121 51 oral
942 1496 112 52 and
1085 1496 231 51 written
1345 1494 354 69 expression;
1733 1515 73 33 an
1835 1496 323 67 integrated

155 1592 190 34 course
374 1573 63 53 of
466 1574 172 67 study
668 1574 281 67 prepared
977 1574 76 67 by
1082 1593 30 33 a
1145 1573 319 53 committee
1494 1573 64 52 of
1588 1573 268 53 teachers.
1926 1573 230 66 Seattle,

152 1652 212 56 Wash.,
394 1651 214 55 Seattle
637 1651 191 68 public
858 1652 234 66 schools,
1125 1653 150 52 1933.

222 1736 45 37 x,
297 1726 86 40 145
408 1737 42 36 p.
510 1725 55 40 23
569 1727 44 21 cm
618 1757 8 8 .

225 1796 228 40 Florence
485 1797 61 39 M.
578 1797 195 47 Adams,
807 1796 266 40 chairman.

225 1855 224 38 Includes
487 1853 392 47 bibliographies.

159 1918 1914 51 © Nov. 6, 1933; 2c. and aff. Nov. 13; A 68030; Seattle public schools.
235 1979 279 51 (33-36052)

157 2097 305 67 Seymour,
497 2100 226 65 George
754 2101 248 64 Dudley,
1036 2105 171 49 1859-

231 2177 250 69 Captain
512 2179 232 52 Nathan
776 2178 169 68 Hale,
977 2178 341 54 1755-1776:
1352 2178 147 53 Yale
1530 2179 211 67 college
1775 2178 162 67 1773;
1972 2175 193 70 Major

158 2255 157 53 John
343 2256 313 68 Palsgrave
683 2257 245 68 Wyllys,
960 2256 339 54 1754-1790:
1329 2257 147 53 Yale
1504 2257 211 67 college
1748 2256 162 67 1773;
1944 2255 222 53 friends

161 2335 111 52 and
309 2335 144 52 Yale
487 2335 340 67 classmates,
868 2335 123 53 who
1026 2335 131 53 died
1195 2335 60 53 in
1290 2335 149 53 their
1476 2334 287 68 country’s
1798 2335 229 66 service,
2062 2352 102 34 one

160 2411 225 69 hanged
417 2431 60 34 as
509 2433 31 34 a
573 2431 106 50 spy
710 2414 76 66 by
817 2415 98 51 the
946 2413 243 68 British,
1219 2413 96 53 the
1346 2414 162 52 other
1540 2413 179 53 killed
1754 2413 59 52 in
1846 2431 73 34 an
1952 2411 210 53 Indian

161 2490 335 54 ambuscade
524 2510 73 34 on
623 2492 96 53 the
749 2491 93 53 far
873 2491 262 53 frontier.
1211 2493 52 50 A
1295 2491 313 68 digressive
1636 2491 222 68 history
1888 2509 125 34 now
2042 2490 121 52 told

162 2567 139 55 with
333 2587 172 51 many
537 2570 365 69 antiquarian
933 2570 344 69 excursions,
1308 2569 406 70 genealogical,
1746 2569 420 67 architectural,

161 2648 189 67 social,
380 2649 112 52 and
523 2649 407 53 controversial:
988 2648 142 53 with
1158 2668 73 33 an
1261 2655 235 46 account
1526 2648 63 53 of
1619 2667 150 35 some
1798 2648 276 53 members
2103 2646 63 54 of

163 2748 31 33 a
219 2732 161 62 great
405 2727 285 67 patrician
717 2726 224 69 family,
966 2727 151 53 their
1141 2728 282 52 manorial
1448 2727 431 54 establishment
1902 2727 61 52 in
165 2727 1977 144 Hartford,
357 2803 149 54 their
548 2805 237 68 custody
829 2805 93 53 for
963 2805 361 68 generations
1365 2805 64 53 of
1473 2806 95 52 the
1611 2804 244 55 Charter
1898 2805 63 53 of
2005 2804 160 68 King

165 2881 235 55 Charles
432 2883 95 53 the
563 2883 238 68 Second,
833 2885 110 52 and
976 2885 96 52 the
1106 2889 158 62 story
1297 2883 64 53 of
1392 2885 96 52 the
1520 2883 207 69 hiding
1758 2882 242 55 thereof.
2075 2884 88 68 By

164 2959 220 70 George
426 2961 229 68 Dudley
699 2961 292 69 Seymour.
1084 2962 394 67 New-Haven,
1518 2962 158 53 Priv.
1718 2962 159 68 print.
1939 2962 92 53 for
2073 2962 92 52 the

165 3040 207 51 author
407 3039 139 67 [The
577 3040 212 67 Tuttle,
821 3040 338 54 Morehouse
1188 3042 46 50 &
1264 3041 214 67 Taylor
1510 3058 297 50 company]
1848 3044 150 49 1933.

232 3123 97 28 xxv
360 3123 57 37 p.,
449 3112 25 39 2
529 3143 24 16 l.,
590 3112 173 50 [3]-296
794 3124 56 39 p.,
885 3114 25 39 1
963 3145 8 8 l.
1033 3113 163 46 front.,
1230 3114 172 47 plates,
1435 3116 162 46 ports.,
1630 3113 217 41 facsims.
1876 3114 48 48 (1
1958 3115 196 45 double)

158 3168 55 40 24½
246 3170 43 22 cm
294 3201 10 9 .

234 3226 140 40 “1000
407 3225 158 48 copies
596 3227 192 48 printed
820 3228 51 40 of
902 3226 158 40 which
1090 3227 56 40 35
1178 3226 158 49 copies
1368 3228 262 39 numbered
1663 3229 95 39 and
1790 3228 165 48 signed
1991 3227 59 49 by
2084 3229 80 39 the

163 3283 176 39 author
370 3283 121 39 have
520 3283 115 41 been
668 3285 223 39 reserved
921 3284 79 39 for
1030 3284 84 40 the
1141 3284 217 48 Walpole
1389 3283 223 47 society.”

170 3345 51 51 ©
259 3351 112 40 Dec.
408 3352 39 47 4,
487 3350 140 48 1933;
668 3352 67 40 2c.
776 3354 94 38 and
909 3352 81 40 aff.
1028 3352 112 40 Dec.
1180 3352 53 46 8;
1274 3352 43 38 A
1353 3351 170 47 68437;
1568 3351 52 41 G.
1662 3352 56 40 D.
1762 3351 244 49 Seymour,
2046 3351 118 40 New

234 3410 185 40 Haven.
490 3409 279 50 (33-36986)

169 3527 248 65 Silveus,
445 3527 255 55 William
728 3529 242 56 Arents.

237 3602 182 54 Texas
470 3622 246 50 grasses;
772 3605 399 53 classification
1225 3606 111 52 and
1391 3604 349 68 description
1796 3603 65 54 of
1914 3623 247 51 grasses;

170 3678 1933 73 descriptive systematic agrostology. By W. A. Silveus …
170 3756 305 72 Drawings
495 3759 75 70 by
594 3759 167 55 Olive
783 3760 306 54 Vandruff.
1176 3760 115 55 [San
1317 3761 273 66 Antonio]
1620 3760 120 55 The
1765 3762 223 69 author,
2014 3764 151 50 1933.

241 3830 99 40 xlvi
369 3842 56 37 p..
454 3835 24 37 1
527 3864 23 15 l.,
579 3832 84 40 782
690 3844 43 36 p.
794 3833 127 40 illus.
981 3833 116 40 24cm.

239 3892 372 49 Bibliography:
644 3904 43 37 p.
719 3893 98 42 772.

175 3957 51 51 ©
253 3962 117 41 Nov.
396 3963 68 46 15,
493 3963 112 41 1933;
661 3964 66 40 2c.
754 3964 118 41 Nov.
900 3964 57 40 27;
1012 3964 81 41 aff.
1123 3965 117 40 Nov.
1270 3964 55 40 25;
1380 3965 42 38 A
1447 3964 144 42 67288;
1648 3966 72 41 W.
1748 3966 53 41 A.
1834 3965 203 49 Silveus,
2069 3965 96 42 San

238 4020 223 40 Antonio.
533 4021 279 51 (33-35677)
