2582 4453
1345 4118 135 50 1480

393 433 222 54 United
647 434 208 53 States
885 432 269 56 Catholic
1184 432 310 55 historical
1522 432 246 65 society.

394 511 1993 132 … Historical records and studies. Thomas F. Meehan, editor
534 589 260 68 society’s
843 590 403 69 publications.
1324 591 244 53 Volume
1786 633 10 10 XXIII.
1871 591 140 52 New
2061 590 181 57 York,
2292 591 121 53 The

394 670 218 54 United
646 670 189 55 States
868 669 264 55 Catholic
1161 670 298 53 historical
1491 670 230 59 society,
1754 673 152 51 1933.

458 745 100 42 251,
641 765 9 29 [1]
684 755 42 38 p.
788 745 119 40 23cm.

396 812 52 53 ©
470 816 119 40 Nov.
613 816 41 46 4,
679 814 114 41 1933;
848 816 67 39 2c.
940 816 119 39 Nov.
1083 815 26 39 2;
1163 814 83 41 aff.
1271 815 119 41 Nov.
1415 814 53 48 9;
1495 815 41 39 A
1560 814 172 47 67016;
1761 815 54 40 U.
1844 814 44 41 S.
1915 814 225 41 Catholic
2162 813 257 42 historical

463 884 92 30 soc.

397 974 281 66 Vinacke,
711 975 225 53 Harold
968 975 201 64 Monk,
1204 980 172 49 1893-

462 1053 55 52 A
552 1054 225 69 history
813 1052 64 55 of
910 1054 96 52 the
1041 1054 118 52 Far
1196 1053 145 53 East
1373 1052 59 53 in
1469 1053 240 53 modern
1744 1053 184 70 times,
1961 1053 77 69 by
2072 1053 229 54 Harold
2337 1054 79 53 M.

395 1130 1922 70 Vinacke … Rev. ed. New York, F. S. Crofts & co., 1933.
461 1204 1417 52 xiv p., 2 l., 3-503 p. fold, maps (incl. front.) 24cm.
464 1264 323 41 “References
813 1265 79 40 for
918 1265 199 40 further
1142 1263 175 48 study”
1346 1266 52 38 at
1424 1265 90 41 end
1543 1265 53 39 of
1619 1265 121 40 each
1766 1263 204 49 chapter
1996 1265 172 47 except
2194 1263 82 42 the
2304 1264 110 40 last.

397 1333 52 53 ©
477 1338 102 40 Oct.
607 1340 39 38 6.
674 1337 114 41 1933;
846 1338 66 39 2c.
941 1338 97 38 and
1065 1336 82 41 aff.
1177 1336 102 42 Oct.
1307 1337 49 39 11:
1420 1337 40 38 A
1488 1336 145 41 66558;
1692 1337 51 40 F.
1775 1337 44 40 S.
1849 1336 167 41 Crofts
2045 1337 36 40 &
2107 1347 82 37 co.,
2218 1337 91 39 inc.

477 1395 282 48 (33-30424)

397 1497 1332 69 V ī tv īt͡s k īĭ , Nīkolaĭ Petrovīch, defendant.
461 1577 122 53 The
605 1579 251 51 Moscow
879 1577 157 59 trial,
1057 1578 75 68 by
1150 1566 76 64 LA.
1249 1577 56 54 J.
1331 1576 357 70 Cummings.
1748 1577 261 65 London,
2029 1578 71 53 V.
2124 1576 294 68 Gollancz,

419 1661 100 63 ltd.,
549 1660 154 50 1933.

469 1730 1495 50 6 p. l., [11] -287 p. front., ports., double facsim. 20cm.
469 1789 74 39 An
576 1791 208 38 account
815 1789 51 40 of
898 1790 82 39 the
1013 1791 133 38 state
1175 1789 118 40 trial
1326 1789 49 39 in
1409 1789 214 40 Moscow
1654 1789 52 40 of
1737 1789 82 40 the
1852 1787 192 41 British
2078 1789 95 39 and
2206 1788 217 40 Russian

394 1847 274 47 employees
710 1847 53 39 of
805 1847 83 39 the
931 1845 191 41 British
1165 1845 125 48 firm,
1334 1845 592 49 Metropolitan-Vickers,
1971 1857 61 29 on
2076 1856 28 29 a
2149 1845 177 48 charge
2371 1845 52 40 of

395 1904 235 48 sabotage
655 1905 52 39 of
729 1904 252 40 electrical
1008 1903 297 48 machinery.
1362 1904 105 40 The
1489 1903 110 39 firm
1628 1913 102 30 was
1761 1904 152 39 under
1941 1904 221 39 contract
2190 1902 121 40 with
2340 1903 82 40 the

396 1962 54 39 U.
479 1961 45 41 S.
553 1961 44 40 S.
624 1961 55 41 R.
705 1965 50 37 to
780 1960 200 49 provide
1007 1961 242 40 technical
1276 1960 82 40 aid
1384 1963 49 38 to
1460 1962 81 40 the
1567 1961 349 48 power-plants
1944 1961 52 39 of
2022 1961 85 40 the
2132 1960 56 40 U.
2217 1960 43 41 S.
2292 1960 45 42 S.
2365 1959 55 40 R.

398 2027 52 53 ©
514 2043 36 29 1c.
589 2032 127 48 Sept.
751 2032 40 47 9,
826 2031 113 41 1933;
1002 2032 43 39 A
1078 2033 62 39 ad
1173 2033 88 39 int.
1295 2031 171 48 18170;
1503 2032 144 48 pubd.
1684 2032 121 47 July
1834 2032 82 46 14;
1952 2031 57 41 A.
2044 2032 43 39 J.
2123 2030 297 47 Cummings,

466 2090 214 40 London.
753 2090 282 49 (33-31310)

394 2192 279 67 Walpole,
705 2195 203 65 Hugh,
942 2198 171 49 1884-

468 2270 271 68 Vanessa,
782 2294 31 33 a
857 2272 182 68 novel,
1082 2272 74 68 by
1198 2271 182 69 Hugh
1424 2271 279 69 Walpole.
1783 2270 259 68 London,
2084 2269 332 55 Macmillan

397 2349 113 53 and
549 2369 99 47 co.,
684 2348 242 69 limited,
968 2352 151 51 1933.

467 2421 1214 50 xii, 851, [1] p., 1 l. fold, geneal. tab. 21cm.
469 2480 140 48 Maps
642 2490 59 29 on
736 2478 368 50 lining-papers.

400 2551 2024 52 © 1c. Sept. 27, 1983; A ad int. 18233; pubd. Sept. 5; Doubleday, Doran &
396 2622 82 37 co.,
508 2612 106 47 inc.,
647 2612 194 40 Garden
872 2612 125 48 City,
1026 2613 56 38 N.
1114 2613 53 38 Y.
1242 2612 282 49 (33-31766)

399 2714 296 67 Watkins,
726 2716 168 52 Evan
924 2716 280 56 Aneiren.

467 2793 300 70 Allenby’s
801 2799 238 64 capture
1078 2793 64 53 of
1178 2793 340 70 Jerusalem,
1554 2795 98 54 the
1689 2794 119 71 city
1844 2793 65 56 of
1945 2794 265 71 undying

398 2813 2024 131 memories, by Evan Aneiren Watkins … the story and glory of the
398 2952 308 70 campaign
747 2951 61 54 in
851 2953 187 53 which
1081 2953 96 53 the
1217 2953 196 53 sacred
1459 2952 118 70 city
1619 2952 65 54 of
1724 2953 324 55 Jerusalem
2091 2972 115 35 was
2249 2953 170 53 taken

399 3035 98 49 out
539 3030 64 54 of
646 3031 98 53 the
783 3030 187 55 hands
1013 3030 65 54 of
1120 3032 97 53 the
1259 3031 215 70 gentile
1518 3031 163 53 Turk
1723 3031 77 70 by
1841 3033 98 53 the
1983 3032 302 70 Egyptian

401 3051 1996 129 expeditionary
814 3109 175 69 force,
1033 3111 184 52 under
1262 3110 96 54 the
1403 3111 300 53 command
1751 3109 64 55 of
1858 3109 248 57 General
2153 3110 269 69 Allenby,

401 3188 56 52 in
497 3188 329 68 December,
866 3187 151 55 1917.
1091 3189 407 69 Washington,
1537 3190 72 53 D.
1652 3188 82 70 C.,
1773 3190 122 52 The
1934 3190 189 53 Torch
401 3188 1995 148 publishing
523 3267 232 69 society,
783 3269 154 52 1933.

471 3339 1474 50 4 p. l ., 5-128 p. front., plates, ports., facsims. 19½cm.
404 3409 52 53 ©
491 3413 129 49 Sept.
651 3415 69 39 14.
752 3413 142 46 1933;
927 3415 67 38 2c.
1030 3414 132 48 Sept.
1190 3414 82 42 26;
1306 3413 82 41 aff.
1423 3413 102 41 Oct.
1557 3414 53 45 2;
1646 3414 40 39 A
1716 3414 172 48 66367;
1923 3415 57 39 D.
2014 3415 127 40 Paul.
2171 3415 185 44 Ziegler
2389 3415 35 40 &

474 3481 126 36 sons,
633 3471 171 40 Mount
837 3470 217 48 Rainier,
1088 3471 96 40 Md.
1256 3471 282 48 (33-30426)

402 3573 296 65 Wingate,
728 3574 156 53 John
915 3575 309 64 Williams,
1258 3581 172 51 1899-

533 3652 1827 71 … Retail merchandise control, by John W. Wingate …
400 3730 139 54 New
571 3731 179 59 York,
781 3731 456 60 Prentice-Had,
1267 3731 125 70 inc.,
1426 3736 149 51 1933.

541 3837 8 16 xv,
578 3806 89 41 478
693 3817 42 38 p.
797 3806 144 49 illus.,
972 3807 180 49 diagrs.
1213 3808 147 41 23½cm.
1432 3808 276 49 (Retailing
1737 3808 176 49 series)

475 3864 352 41 “References”
859 3867 51 38 at
940 3866 91 39 end
1063 3865 52 41 of
1143 3866 119 40 each
1293 3866 216 47 chapter.
1572 3866 306 48 “Important
1907 3876 195 30 sources
2134 3866 50 41 of

401 3865 2000 97 statistical
506 3922 116 40 data
651 3933 60 29 on
741 3923 310 47 department
1079 3926 131 39 store
1239 3922 282 49 operation”:
1581 3934 43 39 p.
1653 3922 101 43 459.

405 3990 52 52 ©
487 3993 128 49 Sept.
643 3994 67 42 11.
739 3994 141 48 1933;
908 3996 66 40 2c.
1005 3994 128 49 Sept.
1160 3995 83 48 25;
1274 3995 80 41 aff.
1387 3996 127 48 Sept.
1543 3996 82 42 28;
1657 3996 36 39 A
1723 3996 171 47 65400;
1925 3995 377 43 Prentice-Hall.
2331 3994 90 41 inc.

484 4050 282 50 (33-30285)
