<alto xmlns="http://www.loc.gov/standards/alto/ns-v3#" xmlns:xlink="http://www.w3.org/1999/xlink" xmlns:xsi="http://www.w3.org/2001/XMLSchema-instance" xsi:schemaLocation="http://www.loc.gov/standards/alto/ns-v3# http://www.loc.gov/alto/v3/alto-3-0.xsd"><Description>
<MeasurementUnit>pixel</MeasurementUnit>
<sourceImageInformation>
<fileName>1933_v1_Part1.pdf</fileName>
</sourceImageInformation>
<OCRProcessing ID="IdOcr">
<ocrProcessingStep>
<processingDateTime>2019-01-03</processingDateTime>
<processingSoftware>
<softwareCreator>ABBYY</softwareCreator>
<softwareName>ABBYY Recognition Server</softwareName>
<softwareVersion>4.0</softwareVersion>
</processingSoftware>
</ocrProcessingStep>
</OCRProcessing>
</Description>
<Styles>
<ParagraphStyle ID="StyleId-FFFFFFFF-FFFF-FFFF-FFFF-FFFFFFFFFFFF-" ALIGN="Left" LEFT="0." RIGHT="0." FIRSTLINE="0."/>
<ParagraphStyle ID="StyleId-6EF5737A-DCEB-4126-A0CF-C5930BF7166A-" ALIGN="Left" LEFT="0." RIGHT="0." FIRSTLINE="0." LINESPACE="8.300000191"/>
<ParagraphStyle ID="StyleId-2DE44258-FD0B-41E1-B542-087C989B01A3-" ALIGN="Left" LEFT="0." RIGHT="0." FIRSTLINE="0." LINESPACE="12.19999981"/>
<ParagraphStyle ID="StyleId-CE3D254A-29D7-4DD7-B5F1-E0FC0EF29B05-" ALIGN="Left" LEFT="0." RIGHT="0." FIRSTLINE="-14." LINESPACE="8.619999886"/>
<ParagraphStyle ID="StyleId-C0E3A137-CE4F-4287-8A90-B599106709D0-" ALIGN="Left" LEFT="0." RIGHT="0." FIRSTLINE="-14." LINESPACE="12.19999981"/>
<ParagraphStyle ID="StyleId-50F26F0C-05DA-4C19-BA58-7A6AC4499BEE-" ALIGN="Left" LEFT="0." RIGHT="0." FIRSTLINE="-14." LINESPACE="11.06999969"/>
<ParagraphStyle ID="StyleId-5DDE65AF-512C-41E2-9B8E-095D6D99EF68-" ALIGN="Center" LEFT="0." RIGHT="0." FIRSTLINE="0." LINESPACE="11.89999962"/>
<ParagraphStyle ID="StyleId-0A81D7A5-6A62-4C52-915E-7768974C704D-" ALIGN="Left" LEFT="0." RIGHT="0." FIRSTLINE="0." LINESPACE="9.399999619"/>
<ParagraphStyle ID="StyleId-F7A0127F-6B48-4157-BB81-FE33E1E1A05B-" ALIGN="Block" LEFT="0." RIGHT="0." FIRSTLINE="-13." LINESPACE="10.63000011"/>
<ParagraphStyle ID="StyleId-E18C69F7-DBD7-48B1-805C-FCD96D0DA019-" ALIGN="Left" LEFT="0." RIGHT="0." FIRSTLINE="0." LINESPACE="11.64000034"/>
<ParagraphStyle ID="StyleId-98F15501-B611-4E83-8BB3-807E891F11F5-" ALIGN="Left" LEFT="0." RIGHT="0." FIRSTLINE="-14." LINESPACE="12.19999981"/>
<ParagraphStyle ID="StyleId-F4A78626-0BBC-4D12-94D9-A1AE75A9855F-" ALIGN="Left" LEFT="0." RIGHT="0." FIRSTLINE="0." LINESPACE="9.399999619"/>
<ParagraphStyle ID="StyleId-6A3F6F4C-D21B-4ADE-902F-7683F18ECEF3-" ALIGN="Left" LEFT="0." RIGHT="0." FIRSTLINE="0." LINESPACE="11.10000038"/>
</Styles>
<Layout>
<Page ID="Page1309" PHYSICAL_IMG_NR="1309" HEIGHT="4405" WIDTH="2484">
<TopMargin HEIGHT="438" WIDTH="2484" VPOS="0" HPOS="0">
</TopMargin>
<LeftMargin HEIGHT="3604" WIDTH="150" VPOS="438" HPOS="0">
</LeftMargin>
<RightMargin HEIGHT="3604" WIDTH="310" VPOS="438" HPOS="2174">
</RightMargin>
<BottomMargin HEIGHT="363" WIDTH="2484" VPOS="4042" HPOS="0">
<TextBlock ID="Page1309_Block1" HEIGHT="72" WIDTH="154" VPOS="4080" HPOS="1080" LANG="en-US" STYLEREFS="StyleId-36F823F8-66B0-4A4C-A313-2C24E450BE80-">
<TextLine HEIGHT="50" WIDTH="134" VPOS="4091" HPOS="1089">
<String CONTENT="1309" HEIGHT="50" WIDTH="134" VPOS="4091" HPOS="1089"/>
</TextLine>
</TextBlock>
</BottomMargin>
<PrintSpace HEIGHT="3604" WIDTH="2024" VPOS="438" HPOS="150">
<TextBlock ID="Page1309_Block2" HEIGHT="3604" WIDTH="2024" VPOS="438" HPOS="150" LANG="en-US" CS="1" STYLEREFS="StyleId-1C0EB4FF-7D1A-4383-9621-676966AE7422-">
<TextLine HEIGHT="49" WIDTH="1073" VPOS="520" HPOS="241" CS="1">
<String CONTENT="&#8220;First" HEIGHT="40" WIDTH="160" VPOS="522" HPOS="241"/>
<SP HEIGHT="40" WIDTH="30" VPOS="522" HPOS="402"/>
<String CS="1" CONTENT="impression;" HEIGHT="46" WIDTH="283" VPOS="522" HPOS="433"/>
<SP HEIGHT="30" WIDTH="32" VPOS="533" HPOS="745"/>
<String CONTENT="second" HEIGHT="39" WIDTH="172" VPOS="523" HPOS="778"/>
<SP HEIGHT="39" WIDTH="30" VPOS="523" HPOS="951"/>
<String CONTENT="impression.&#8221;" HEIGHT="49" WIDTH="332" VPOS="520" HPOS="982"/>
</TextLine>
<TextLine HEIGHT="51" WIDTH="1991" VPOS="582" HPOS="171">
<String CONTENT="&#169;" HEIGHT="51" WIDTH="50" VPOS="582" HPOS="171"/>
<SP HEIGHT="51" WIDTH="26" VPOS="582" HPOS="222"/>
<String CONTENT="Sept." HEIGHT="47" WIDTH="128" VPOS="586" HPOS="249"/>
<SP HEIGHT="38" WIDTH="22" VPOS="587" HPOS="378"/>
<String CONTENT="1," HEIGHT="39" WIDTH="38" VPOS="587" HPOS="401"/>
<SP HEIGHT="40" WIDTH="24" VPOS="586" HPOS="440"/>
<String CONTENT="1933:" HEIGHT="40" WIDTH="137" VPOS="585" HPOS="465"/>
<SP HEIGHT="40" WIDTH="26" VPOS="585" HPOS="603"/>
<String CONTENT="2c." HEIGHT="40" WIDTH="65" VPOS="585" HPOS="630"/>
<SP HEIGHT="38" WIDTH="27" VPOS="586" HPOS="696"/>
<String CONTENT="Sept." HEIGHT="46" WIDTH="127" VPOS="586" HPOS="724"/>
<SP HEIGHT="36" WIDTH="27" VPOS="587" HPOS="852"/>
<String CONTENT="15:" HEIGHT="40" WIDTH="78" VPOS="586" HPOS="880"/>
<SP HEIGHT="30" WIDTH="27" VPOS="596" HPOS="959"/>
<String CONTENT="aff." HEIGHT="39" WIDTH="81" VPOS="585" HPOS="987"/>
<SP HEIGHT="39" WIDTH="28" VPOS="586" HPOS="1069"/>
<String CONTENT="Sept." HEIGHT="46" WIDTH="127" VPOS="586" HPOS="1098"/>
<SP HEIGHT="38" WIDTH="24" VPOS="586" HPOS="1226"/>
<String CONTENT="19:" HEIGHT="40" WIDTH="81" VPOS="585" HPOS="1251"/>
<SP HEIGHT="39" WIDTH="26" VPOS="586" HPOS="1333"/>
<!-- cceid 48C7C4E0-6CF9-1014-A6CF-A82867D68027 --><String CONTENT="A" HEIGHT="37" WIDTH="41" VPOS="586" HPOS="1360"/>
<SP HEIGHT="38" WIDTH="22" VPOS="585" HPOS="1402"/>
<String CONTENT="65293;" HEIGHT="47" WIDTH="169" VPOS="583" HPOS="1425"/>
<SP HEIGHT="44" WIDTH="29" VPOS="586" HPOS="1595"/>
<String CONTENT="Ethel" HEIGHT="38" WIDTH="142" VPOS="585" HPOS="1625"/>
<SP HEIGHT="38" WIDTH="26" VPOS="585" HPOS="1768"/>
<String CONTENT="Mary" HEIGHT="46" WIDTH="139" VPOS="585" HPOS="1795"/>
<SP HEIGHT="47" WIDTH="28" VPOS="584" HPOS="1935"/>
<String CONTENT="Savage," HEIGHT="47" WIDTH="198" VPOS="584" HPOS="1964"/>
</TextLine>
<TextLine HEIGHT="48" WIDTH="1377" VPOS="641" HPOS="239" CS="1">
<String CONTENT="Sleepers" HEIGHT="46" WIDTH="217" VPOS="643" HPOS="239"/>
<SP HEIGHT="37" WIDTH="34" VPOS="643" HPOS="457"/>
<String CONTENT="Land," HEIGHT="45" WIDTH="147" VPOS="642" HPOS="492"/>
<SP HEIGHT="45" WIDTH="34" VPOS="642" HPOS="640"/>
<String CS="1" CONTENT="Winchester," HEIGHT="46" WIDTH="316" VPOS="642" HPOS="675"/>
<SP HEIGHT="45" WIDTH="38" VPOS="643" HPOS="992"/>
<String CONTENT="England." HEIGHT="46" WIDTH="234" VPOS="642" HPOS="1031"/>
<SP HEIGHT="46" WIDTH="70" VPOS="642" HPOS="1266"/>
<String CONTENT="(33-24663)" HEIGHT="47" WIDTH="279" VPOS="641" HPOS="1337"/>
</TextLine>
<TextLine HEIGHT="135" WIDTH="1971" VPOS="739" HPOS="166" STYLEREFS="StyleId-988EF459-49A5-4348-810A-AF82F80388B0-" CS="1">
<String CONTENT="Federal" HEIGHT="54" WIDTH="243" VPOS="739" HPOS="166"/>
<SP HEIGHT="52" WIDTH="59" VPOS="741" HPOS="410"/>
<String CONTENT="reporter." HEIGHT="63" WIDTH="270" VPOS="748" HPOS="470"/>
<SP HEIGHT="54" WIDTH="95" VPOS="742" HPOS="741"/>
<String CONTENT="Second" HEIGHT="54" WIDTH="218" VPOS="742" HPOS="837"/>
<SP HEIGHT="51" WIDTH="59" VPOS="744" HPOS="1056"/>
<String CONTENT="series." HEIGHT="52" WIDTH="183" VPOS="743" HPOS="1116"/>
<SP HEIGHT="54" WIDTH="94" VPOS="742" HPOS="1300"/>
<String CONTENT="Cases" HEIGHT="54" WIDTH="169" VPOS="742" HPOS="1395"/>
<SP HEIGHT="33" WIDTH="59" VPOS="762" HPOS="1565"/>
<String CONTENT="argued" HEIGHT="67" WIDTH="213" VPOS="744" HPOS="1625"/>
<SP HEIGHT="51" WIDTH="59" VPOS="744" HPOS="1839"/>
<String CONTENT="and" HEIGHT="51" WIDTH="112" VPOS="744" HPOS="1899"/>
<SP HEIGHT="53" WIDTH="55" VPOS="742" HPOS="2012"/>
<String CONTENT="determined" HEIGHT="132" WIDTH="1902" VPOS="742" HPOS="235"/>
</TextLine>
<TextLine HEIGHT="69" WIDTH="1599" VPOS="821" HPOS="562" STYLEREFS="StyleId-988EF459-49A5-4348-810A-AF82F80388B0-">
<String CONTENT="in" HEIGHT="53" WIDTH="58" VPOS="821" HPOS="562"/>
<SP HEIGHT="46" WIDTH="47" VPOS="828" HPOS="621"/>
<String CONTENT="the" HEIGHT="53" WIDTH="93" VPOS="822" HPOS="669"/>
<SP HEIGHT="53" WIDTH="48" VPOS="823" HPOS="763"/>
<String CONTENT="United" HEIGHT="55" WIDTH="215" VPOS="821" HPOS="812"/>
<SP HEIGHT="55" WIDTH="50" VPOS="822" HPOS="1028"/>
<String CONTENT="States" HEIGHT="55" WIDTH="189" VPOS="822" HPOS="1079"/>
<SP HEIGHT="34" WIDTH="46" VPOS="841" HPOS="1269"/>
<String CONTENT="circuit" HEIGHT="54" WIDTH="200" VPOS="821" HPOS="1316"/>
<SP HEIGHT="46" WIDTH="46" VPOS="827" HPOS="1517"/>
<String CONTENT="courts" HEIGHT="47" WIDTH="188" VPOS="827" HPOS="1564"/>
<SP HEIGHT="35" WIDTH="46" VPOS="839" HPOS="1753"/>
<String CONTENT="of" HEIGHT="52" WIDTH="62" VPOS="821" HPOS="1800"/>
<SP HEIGHT="52" WIDTH="47" VPOS="821" HPOS="1863"/>
<String CONTENT="appeals," HEIGHT="69" WIDTH="250" VPOS="821" HPOS="1911"/>
</TextLine>
<TextLine HEIGHT="69" WIDTH="1922" VPOS="899" HPOS="238" STYLEREFS="StyleId-988EF459-49A5-4348-810A-AF82F80388B0-">
<String CONTENT="Court" HEIGHT="54" WIDTH="180" VPOS="899" HPOS="238"/>
<SP HEIGHT="46" WIDTH="22" VPOS="906" HPOS="419"/>
<String CONTENT="of" HEIGHT="53" WIDTH="64" VPOS="899" HPOS="442"/>
<SP HEIGHT="52" WIDTH="24" VPOS="899" HPOS="507"/>
<String CONTENT="appeals" HEIGHT="66" WIDTH="232" VPOS="902" HPOS="532"/>
<SP HEIGHT="34" WIDTH="24" VPOS="920" HPOS="765"/>
<String CONTENT="of" HEIGHT="53" WIDTH="63" VPOS="900" HPOS="790"/>
<SP HEIGHT="52" WIDTH="21" VPOS="900" HPOS="854"/>
<String CONTENT="the" HEIGHT="51" WIDTH="96" VPOS="901" HPOS="876"/>
<SP HEIGHT="50" WIDTH="24" VPOS="903" HPOS="973"/>
<String CONTENT="District" HEIGHT="52" WIDTH="243" VPOS="901" HPOS="998"/>
<SP HEIGHT="45" WIDTH="25" VPOS="907" HPOS="1242"/>
<String CONTENT="of" HEIGHT="51" WIDTH="63" VPOS="901" HPOS="1268"/>
<SP HEIGHT="54" WIDTH="26" VPOS="900" HPOS="1332"/>
<String CONTENT="Columbia" HEIGHT="55" WIDTH="299" VPOS="899" HPOS="1359"/>
<SP HEIGHT="33" WIDTH="25" VPOS="919" HPOS="1659"/>
<String CONTENT="and" HEIGHT="51" WIDTH="112" VPOS="901" HPOS="1685"/>
<SP HEIGHT="51" WIDTH="23" VPOS="901" HPOS="1798"/>
<String CONTENT="the" HEIGHT="52" WIDTH="95" VPOS="900" HPOS="1822"/>
<SP HEIGHT="53" WIDTH="23" VPOS="901" HPOS="1918"/>
<String CONTENT="United" HEIGHT="55" WIDTH="218" VPOS="899" HPOS="1942"/>
</TextLine>
<TextLine HEIGHT="69" WIDTH="1728" VPOS="977" HPOS="238" STYLEREFS="StyleId-988EF459-49A5-4348-810A-AF82F80388B0-" CS="1">
<String CONTENT="States" HEIGHT="54" WIDTH="187" VPOS="977" HPOS="238"/>
<SP HEIGHT="33" WIDTH="29" VPOS="997" HPOS="426"/>
<String CONTENT="court" HEIGHT="46" WIDTH="159" VPOS="985" HPOS="456"/>
<SP HEIGHT="45" WIDTH="33" VPOS="985" HPOS="616"/>
<String CONTENT="of" HEIGHT="52" WIDTH="64" VPOS="978" HPOS="650"/>
<SP HEIGHT="51" WIDTH="31" VPOS="978" HPOS="715"/>
<String CONTENT="customs" HEIGHT="46" WIDTH="242" VPOS="984" HPOS="747"/>
<SP HEIGHT="33" WIDTH="34" VPOS="997" HPOS="990"/>
<String CONTENT="and" HEIGHT="51" WIDTH="113" VPOS="979" HPOS="1025"/>
<SP HEIGHT="67" WIDTH="33" VPOS="979" HPOS="1139"/>
<String CONTENT="patent" HEIGHT="62" WIDTH="199" VPOS="984" HPOS="1173"/>
<SP HEIGHT="46" WIDTH="31" VPOS="984" HPOS="1373"/>
<String CONTENT="appeals," HEIGHT="67" WIDTH="250" VPOS="979" HPOS="1405"/>
<SP HEIGHT="48" WIDTH="30" VPOS="997" HPOS="1656"/>
<String CONTENT="with" HEIGHT="52" WIDTH="139" VPOS="978" HPOS="1687"/>
<SP HEIGHT="51" WIDTH="31" VPOS="978" HPOS="1827"/>
<String CONTENT="key" HEIGHT="68" WIDTH="107" VPOS="978" HPOS="1859"/>
</TextLine>
<TextLine HEIGHT="128" WIDTH="1927" VPOS="996" HPOS="234" STYLEREFS="StyleId-988EF459-49A5-4348-810A-AF82F80388B0-" CS="1">
<String CONTENT="number" HEIGHT="112" WIDTH="1902" VPOS="996" HPOS="234"/>
<SP HEIGHT="33" WIDTH="46" VPOS="1075" HPOS="331"/>
<String CONTENT="annotations," HEIGHT="52" WIDTH="378" VPOS="1057" HPOS="378"/>
<SP HEIGHT="34" WIDTH="74" VPOS="1074" HPOS="757"/>
<String CONTENT="v." HEIGHT="34" WIDTH="50" VPOS="1074" HPOS="832"/>
<SP HEIGHT="48" WIDTH="48" VPOS="1060" HPOS="883"/>
<String CONTENT="64" HEIGHT="48" WIDTH="66" VPOS="1060" HPOS="932"/>
<SP HEIGHT="65" WIDTH="30" VPOS="1059" HPOS="999"/>
<String CONTENT="(2d)" HEIGHT="67" WIDTH="127" VPOS="1057" HPOS="1030"/>
<SP HEIGHT="66" WIDTH="92" VPOS="1058" HPOS="1158"/>
<String CONTENT="May-July," HEIGHT="66" WIDTH="335" VPOS="1058" HPOS="1251"/>
<SP HEIGHT="62" WIDTH="48" VPOS="1060" HPOS="1587"/>
<String CONTENT="1933." HEIGHT="48" WIDTH="150" VPOS="1059" HPOS="1636"/>
<SP HEIGHT="53" WIDTH="76" VPOS="1056" HPOS="1787"/>
<String CONTENT="St." HEIGHT="53" WIDTH="83" VPOS="1056" HPOS="1864"/>
<SP HEIGHT="50" WIDTH="46" VPOS="1058" HPOS="1948"/>
<String CONTENT="Paul," HEIGHT="67" WIDTH="166" VPOS="1056" HPOS="1995"/>
</TextLine>
<TextLine HEIGHT="68" WIDTH="819" VPOS="1134" HPOS="233" STYLEREFS="StyleId-988EF459-49A5-4348-810A-AF82F80388B0-">
<String CONTENT="West" HEIGHT="53" WIDTH="157" VPOS="1135" HPOS="233"/>
<SP HEIGHT="60" WIDTH="24" VPOS="1142" HPOS="391"/>
<String CONTENT="publishing" HEIGHT="68" WIDTH="335" VPOS="1134" HPOS="416"/>
<SP HEIGHT="48" WIDTH="24" VPOS="1154" HPOS="752"/>
<String CONTENT="co.," HEIGHT="49" WIDTH="96" VPOS="1153" HPOS="777"/>
<SP HEIGHT="63" WIDTH="29" VPOS="1139" HPOS="874"/>
<String CONTENT="1933." HEIGHT="50" WIDTH="148" VPOS="1138" HPOS="904"/>
</TextLine>
<TextLine HEIGHT="48" WIDTH="1480" VPOS="1207" HPOS="235">
<String CONTENT="xxiii," HEIGHT="42" WIDTH="135" VPOS="1208" HPOS="235"/>
<SP HEIGHT="39" WIDTH="29" VPOS="1211" HPOS="371"/>
<String CONTENT="1102" HEIGHT="36" WIDTH="112" VPOS="1210" HPOS="401"/>
<SP HEIGHT="44" WIDTH="28" VPOS="1211" HPOS="514"/>
<String CONTENT="p." HEIGHT="36" WIDTH="43" VPOS="1219" HPOS="543"/>
<SP HEIGHT="40" WIDTH="28" VPOS="1208" HPOS="587"/>
<String CONTENT="incl." HEIGHT="40" WIDTH="107" VPOS="1208" HPOS="616"/>
<SP HEIGHT="39" WIDTH="28" VPOS="1208" HPOS="724"/>
<String CONTENT="front.," HEIGHT="41" WIDTH="164" VPOS="1208" HPOS="753"/>
<SP HEIGHT="30" WIDTH="29" VPOS="1219" HPOS="918"/>
<String CONTENT="maps," HEIGHT="36" WIDTH="149" VPOS="1218" HPOS="948"/>
<SP HEIGHT="45" WIDTH="30" VPOS="1208" HPOS="1098"/>
<String CONTENT="facsim.," HEIGHT="46" WIDTH="203" VPOS="1208" HPOS="1129"/>
<SP HEIGHT="44" WIDTH="28" VPOS="1210" HPOS="1333"/>
<String CONTENT="diagrs." HEIGHT="47" WIDTH="180" VPOS="1207" HPOS="1362"/>
<SP HEIGHT="39" WIDTH="56" VPOS="1208" HPOS="1543"/>
<String CONTENT="26cm." HEIGHT="38" WIDTH="115" VPOS="1208" HPOS="1600"/>
</TextLine>
<TextLine HEIGHT="53" WIDTH="1700" VPOS="1259" HPOS="167" CS="1">
<String CONTENT="&#169;" HEIGHT="52" WIDTH="54" VPOS="1259" HPOS="167"/>
<SP HEIGHT="52" WIDTH="26" VPOS="1259" HPOS="222"/>
<String CONTENT="Sept." HEIGHT="45" WIDTH="126" VPOS="1267" HPOS="249"/>
<SP HEIGHT="38" WIDTH="24" VPOS="1266" HPOS="376"/>
<String CS="1" CONTENT="12," HEIGHT="41" WIDTH="39" VPOS="1265" HPOS="430"/>
<SP HEIGHT="40" WIDTH="27" VPOS="1266" HPOS="470"/>
<String CS="1" CONTENT="1933;" HEIGHT="39" WIDTH="111" VPOS="1265" HPOS="498"/>
<SP HEIGHT="45" WIDTH="27" VPOS="1265" HPOS="637"/>
<String CONTENT="2c." HEIGHT="39" WIDTH="65" VPOS="1265" HPOS="665"/>
<SP HEIGHT="28" WIDTH="27" VPOS="1276" HPOS="731"/>
<String CONTENT="and" HEIGHT="37" WIDTH="95" VPOS="1267" HPOS="759"/>
<SP HEIGHT="37" WIDTH="25" VPOS="1267" HPOS="855"/>
<String CONTENT="aff." HEIGHT="40" WIDTH="82" VPOS="1264" HPOS="881"/>
<SP HEIGHT="39" WIDTH="28" VPOS="1265" HPOS="964"/>
<String CONTENT="Oct." HEIGHT="39" WIDTH="100" VPOS="1265" HPOS="993"/>
<SP HEIGHT="38" WIDTH="28" VPOS="1264" HPOS="1094"/>
<String CS="1" CONTENT="12;" HEIGHT="38" WIDTH="54" VPOS="1264" HPOS="1123"/>
<SP HEIGHT="39" WIDTH="29" VPOS="1266" HPOS="1205"/>
<!-- cceid 48C80CF9-6CF9-1014-A6CF-A82867D68027 --><String CONTENT="A" HEIGHT="36" WIDTH="39" VPOS="1266" HPOS="1235"/>
<SP HEIGHT="39" WIDTH="25" VPOS="1265" HPOS="1275"/>
<String CS="1" CONTENT="65572:" HEIGHT="40" WIDTH="141" VPOS="1264" HPOS="1301"/>
<SP HEIGHT="40" WIDTH="28" VPOS="1265" HPOS="1472"/>
<String CONTENT="West" HEIGHT="39" WIDTH="132" VPOS="1265" HPOS="1501"/>
<SP HEIGHT="43" WIDTH="27" VPOS="1268" HPOS="1634"/>
<String CONTENT="pub." HEIGHT="46" WIDTH="109" VPOS="1265" HPOS="1662"/>
<SP HEIGHT="29" WIDTH="26" VPOS="1275" HPOS="1772"/>
<String CONTENT="co." HEIGHT="30" WIDTH="68" VPOS="1274" HPOS="1799"/>
</TextLine>
<TextLine HEIGHT="67" WIDTH="1385" VPOS="1367" HPOS="164" STYLEREFS="StyleId-E8E03499-B3BA-4BE6-AE29-69CBB15DE17B-">
<String CONTENT="Field" HEIGHT="53" WIDTH="160" VPOS="1368" HPOS="164"/>
<SP HEIGHT="52" WIDTH="25" VPOS="1369" HPOS="325"/>
<String CONTENT="museum" HEIGHT="37" WIDTH="270" VPOS="1384" HPOS="351"/>
<SP HEIGHT="36" WIDTH="24" VPOS="1385" HPOS="622"/>
<String CONTENT="of" HEIGHT="53" WIDTH="64" VPOS="1368" HPOS="647"/>
<SP HEIGHT="52" WIDTH="22" VPOS="1368" HPOS="712"/>
<String CONTENT="natural" HEIGHT="52" WIDTH="239" VPOS="1368" HPOS="735"/>
<SP HEIGHT="52" WIDTH="24" VPOS="1368" HPOS="975"/>
<String CONTENT="history," HEIGHT="64" WIDTH="254" VPOS="1368" HPOS="1000"/>
<SP HEIGHT="62" WIDTH="27" VPOS="1370" HPOS="1255"/>
<String CONTENT="Chicago." HEIGHT="67" WIDTH="266" VPOS="1367" HPOS="1283"/>
</TextLine>
<TextLine HEIGHT="70" WIDTH="1929" VPOS="1445" HPOS="232" STYLEREFS="StyleId-988EF459-49A5-4348-810A-AF82F80388B0-">
<String CONTENT="Prehistoric" HEIGHT="53" WIDTH="348" VPOS="1446" HPOS="232"/>
<SP HEIGHT="34" WIDTH="30" VPOS="1465" HPOS="581"/>
<String CONTENT="man," HEIGHT="48" WIDTH="149" VPOS="1465" HPOS="612"/>
<SP HEIGHT="67" WIDTH="29" VPOS="1446" HPOS="762"/>
<String CONTENT="Hall" HEIGHT="52" WIDTH="143" VPOS="1446" HPOS="792"/>
<SP HEIGHT="50" WIDTH="30" VPOS="1448" HPOS="936"/>
<String CONTENT="of" HEIGHT="52" WIDTH="65" VPOS="1446" HPOS="967"/>
<SP HEIGHT="52" WIDTH="27" VPOS="1446" HPOS="1033"/>
<String CONTENT="the" HEIGHT="53" WIDTH="95" VPOS="1446" HPOS="1061"/>
<SP HEIGHT="35" WIDTH="28" VPOS="1464" HPOS="1157"/>
<String CONTENT="stone" HEIGHT="40" WIDTH="156" VPOS="1458" HPOS="1186"/>
<SP HEIGHT="34" WIDTH="31" VPOS="1464" HPOS="1343"/>
<String CONTENT="age" HEIGHT="49" WIDTH="102" VPOS="1464" HPOS="1375"/>
<SP HEIGHT="34" WIDTH="31" VPOS="1465" HPOS="1478"/>
<String CONTENT="of" HEIGHT="53" WIDTH="64" VPOS="1445" HPOS="1510"/>
<SP HEIGHT="51" WIDTH="28" VPOS="1445" HPOS="1575"/>
<String CONTENT="the" HEIGHT="51" WIDTH="94" VPOS="1446" HPOS="1604"/>
<SP HEIGHT="35" WIDTH="31" VPOS="1464" HPOS="1699"/>
<String CONTENT="old" HEIGHT="53" WIDTH="94" VPOS="1446" HPOS="1731"/>
<SP HEIGHT="53" WIDTH="31" VPOS="1446" HPOS="1826"/>
<String CONTENT="world," HEIGHT="69" WIDTH="198" VPOS="1446" HPOS="1858"/>
<SP HEIGHT="69" WIDTH="29" VPOS="1446" HPOS="2057"/>
<String CONTENT="by" HEIGHT="69" WIDTH="74" VPOS="1446" HPOS="2087"/>
</TextLine>
<TextLine HEIGHT="71" WIDTH="1996" VPOS="1522" HPOS="167" STYLEREFS="StyleId-988EF459-49A5-4348-810A-AF82F80388B0-" CS="1">
<String LANG="en-US" CONTENT="Henry" HEIGHT="67" WIDTH="198" VPOS="1526" HPOS="167"/>
<SP HEIGHT="68" WIDTH="45" VPOS="1525" HPOS="366"/>
<String LANG="en-US" CONTENT="Field" HEIGHT="53" WIDTH="166" VPOS="1524" HPOS="412"/>
<SP HEIGHT="52" WIDTH="52" VPOS="1525" HPOS="579"/>
<String LANG="en-US" CS="1" CONTENT="&#8230;"/>
<SP HEIGHT="52" WIDTH="52" VPOS="1524" HPOS="688"/>
<String LANG="en-US" CONTENT="foreword" HEIGHT="53" WIDTH="284" VPOS="1524" HPOS="741"/>
<SP HEIGHT="52" WIDTH="46" VPOS="1525" HPOS="1026"/>
<String LANG="en-US" CONTENT="by" HEIGHT="68" WIDTH="75" VPOS="1525" HPOS="1073"/>
<SP HEIGHT="68" WIDTH="45" VPOS="1525" HPOS="1149"/>
<String LANG="fi" CONTENT="Berthold" HEIGHT="55" WIDTH="278" VPOS="1522" HPOS="1195"/>
<SP HEIGHT="53" WIDTH="46" VPOS="1524" HPOS="1474"/>
<String LANG="de" CS="1" CONTENT="Laufer" HEIGHT="55" WIDTH="218" VPOS="1523" HPOS="1521"/>
<SP HEIGHT="33" WIDTH="52" VPOS="1544" HPOS="1740"/>
<String LANG="en-US" CS="1" CONTENT="&#8230;"/>
<SP HEIGHT="49" WIDTH="52" VPOS="1529" HPOS="1849"/>
<String LANG="en-US" CONTENT="8" HEIGHT="49" WIDTH="29" VPOS="1529" HPOS="1902"/>
<SP HEIGHT="64" WIDTH="47" VPOS="1529" HPOS="1932"/>
<String LANG="en-US" CONTENT="plates" HEIGHT="69" WIDTH="183" VPOS="1524" HPOS="1980"/>
</TextLine>
<TextLine HEIGHT="71" WIDTH="1995" VPOS="1601" HPOS="167" STYLEREFS="StyleId-988EF459-49A5-4348-810A-AF82F80388B0-" CS="1">
<String CONTENT="in" HEIGHT="53" WIDTH="55" VPOS="1604" HPOS="167"/>
<SP HEIGHT="49" WIDTH="40" VPOS="1622" HPOS="223"/>
<String CONTENT="photogravure" HEIGHT="69" WIDTH="423" VPOS="1603" HPOS="264"/>
<SP HEIGHT="33" WIDTH="41" VPOS="1622" HPOS="688"/>
<String CONTENT="and" HEIGHT="51" WIDTH="112" VPOS="1604" HPOS="730"/>
<SP HEIGHT="51" WIDTH="46" VPOS="1604" HPOS="843"/>
<String CONTENT="1" HEIGHT="48" WIDTH="26" VPOS="1607" HPOS="890"/>
<SP HEIGHT="48" WIDTH="42" VPOS="1607" HPOS="917"/>
<String CONTENT="map" HEIGHT="49" WIDTH="134" VPOS="1621" HPOS="960"/>
<SP HEIGHT="49" WIDTH="48" VPOS="1621" HPOS="1095"/>
<String CS="1" CONTENT="&#8230;"/>
<SP HEIGHT="55" WIDTH="81" VPOS="1601" HPOS="1199"/>
<String CONTENT="Chicago," HEIGHT="69" WIDTH="269" VPOS="1601" HPOS="1281"/>
<SP HEIGHT="67" WIDTH="42" VPOS="1603" HPOS="1551"/>
<String CONTENT="Field" HEIGHT="54" WIDTH="165" VPOS="1602" HPOS="1594"/>
<SP HEIGHT="52" WIDTH="41" VPOS="1604" HPOS="1760"/>
<String CONTENT="museum" HEIGHT="36" WIDTH="254" VPOS="1620" HPOS="1802"/>
<SP HEIGHT="35" WIDTH="40" VPOS="1622" HPOS="2057"/>
<String CONTENT="of" HEIGHT="54" WIDTH="64" VPOS="1603" HPOS="2098"/>
</TextLine>
<TextLine HEIGHT="68" WIDTH="676" VPOS="1681" HPOS="166" STYLEREFS="StyleId-988EF459-49A5-4348-810A-AF82F80388B0-">
<String CONTENT="natural" HEIGHT="51" WIDTH="223" VPOS="1683" HPOS="166"/>
<SP HEIGHT="52" WIDTH="31" VPOS="1681" HPOS="390"/>
<String CONTENT="history," HEIGHT="68" WIDTH="237" VPOS="1681" HPOS="422"/>
<SP HEIGHT="63" WIDTH="32" VPOS="1686" HPOS="660"/>
<String CONTENT="1933." HEIGHT="48" WIDTH="149" VPOS="1685" HPOS="693"/>
</TextLine>
<TextLine HEIGHT="51" WIDTH="1924" VPOS="1753" HPOS="234" CS="1">
<String CONTENT="cover-title," HEIGHT="49" WIDTH="282" VPOS="1754" HPOS="234"/>
<SP HEIGHT="47" WIDTH="51" VPOS="1756" HPOS="517"/>
<String CONTENT="44" HEIGHT="38" WIDTH="57" VPOS="1756" HPOS="569"/>
<SP HEIGHT="46" WIDTH="51" VPOS="1756" HPOS="627"/>
<String CONTENT="p." HEIGHT="37" WIDTH="42" VPOS="1765" HPOS="679"/>
<SP HEIGHT="40" WIDTH="59" VPOS="1754" HPOS="722"/>
<String CONTENT="illus." HEIGHT="41" WIDTH="128" VPOS="1754" HPOS="782"/>
<SP HEIGHT="48" WIDTH="28" VPOS="1753" HPOS="911"/>
<String CONTENT="(map)" HEIGHT="48" WIDTH="159" VPOS="1753" HPOS="940"/>
<SP HEIGHT="48" WIDTH="62" VPOS="1753" HPOS="1100"/>
<String CS="1" CONTENT="VIII"/>
<SP HEIGHT="38" WIDTH="50" VPOS="1764" HPOS="1256"/>
<String CS="1" CONTENT="pl." HEIGHT="37" WIDTH="62" VPOS="1765" HPOS="1307"/>
<SP HEIGHT="41" WIDTH="57" VPOS="1754" HPOS="1370"/>
<String CS="1" CONTENT="21&#189;cm." HEIGHT="40" WIDTH="147" VPOS="1754" HPOS="1428"/>
<SP/>
<String CONTENT="(Its" HEIGHT="48" WIDTH="98" VPOS="1754" HPOS="1645"/>
<SP HEIGHT="39" WIDTH="50" VPOS="1755" HPOS="1744"/>
<String CONTENT="Anthropology" HEIGHT="49" WIDTH="363" VPOS="1755" HPOS="1795"/>
</TextLine>
<TextLine HEIGHT="48" WIDTH="269" VPOS="1813" HPOS="165">
<String CONTENT="leaflet" HEIGHT="39" WIDTH="160" VPOS="1814" HPOS="165"/>
<SP HEIGHT="40" WIDTH="26" VPOS="1813" HPOS="326"/>
<String CONTENT="31)" HEIGHT="48" WIDTH="81" VPOS="1813" HPOS="353"/>
</TextLine>
<TextLine HEIGHT="47" WIDTH="546" VPOS="1870" HPOS="233" CS="1">
<String CS="1" CONTENT="Bibliography:" HEIGHT="47" WIDTH="347" VPOS="1870" HPOS="233"/>
<SP HEIGHT="37" WIDTH="30" VPOS="1880" HPOS="608"/>
<String CONTENT="p." HEIGHT="37" WIDTH="42" VPOS="1880" HPOS="639"/>
<SP HEIGHT="39" WIDTH="26" VPOS="1870" HPOS="682"/>
<String CONTENT="44." HEIGHT="38" WIDTH="70" VPOS="1870" HPOS="709"/>
</TextLine>
<TextLine HEIGHT="52" WIDTH="1994" VPOS="1924" HPOS="167" CS="1">
<String CONTENT="&#169;" HEIGHT="52" WIDTH="50" VPOS="1924" HPOS="167"/>
<SP HEIGHT="52" WIDTH="27" VPOS="1924" HPOS="218"/>
<String CONTENT="July" HEIGHT="46" WIDTH="113" VPOS="1930" HPOS="246"/>
<SP HEIGHT="47" WIDTH="24" VPOS="1929" HPOS="360"/>
<String CONTENT="31," HEIGHT="45" WIDTH="69" VPOS="1929" HPOS="385"/>
<SP HEIGHT="45" WIDTH="26" VPOS="1929" HPOS="455"/>
<String CS="1" CONTENT="1933;" HEIGHT="39" WIDTH="111" VPOS="1928" HPOS="482"/>
<SP HEIGHT="45" WIDTH="28" VPOS="1928" HPOS="621"/>
<String CONTENT="2c." HEIGHT="38" WIDTH="65" VPOS="1928" HPOS="650"/>
<SP HEIGHT="29" WIDTH="27" VPOS="1937" HPOS="716"/>
<String CONTENT="and" HEIGHT="38" WIDTH="95" VPOS="1928" HPOS="744"/>
<SP HEIGHT="38" WIDTH="25" VPOS="1928" HPOS="840"/>
<String CONTENT="aff." HEIGHT="40" WIDTH="81" VPOS="1926" HPOS="866"/>
<SP HEIGHT="37" WIDTH="26" VPOS="1928" HPOS="948"/>
<String CONTENT="Aug." HEIGHT="46" WIDTH="119" VPOS="1928" HPOS="975"/>
<SP HEIGHT="38" WIDTH="27" VPOS="1927" HPOS="1095"/>
<String CS="1" CONTENT="1;" HEIGHT="38" WIDTH="24" VPOS="1927" HPOS="1123"/>
<SP HEIGHT="46" WIDTH="29" VPOS="1927" HPOS="1176"/>
<!-- cceid 48C85528-6CF9-1014-A6CF-A82867D68027 --><String CONTENT="A" HEIGHT="38" WIDTH="39" VPOS="1927" HPOS="1206"/>
<SP HEIGHT="39" WIDTH="27" VPOS="1926" HPOS="1246"/>
<String CS="1" CONTENT="63773:" HEIGHT="40" WIDTH="141" VPOS="1926" HPOS="1274"/>
<SP HEIGHT="40" WIDTH="30" VPOS="1927" HPOS="1444"/>
<String CONTENT="Field" HEIGHT="40" WIDTH="136" VPOS="1926" HPOS="1475"/>
<SP HEIGHT="37" WIDTH="26" VPOS="1929" HPOS="1612"/>
<String CONTENT="museum" HEIGHT="29" WIDTH="219" VPOS="1937" HPOS="1639"/>
<SP HEIGHT="29" WIDTH="26" VPOS="1937" HPOS="1859"/>
<String CONTENT="of" HEIGHT="40" WIDTH="53" VPOS="1926" HPOS="1886"/>
<SP HEIGHT="40" WIDTH="23" VPOS="1926" HPOS="1940"/>
<String CONTENT="natural" HEIGHT="39" WIDTH="197" VPOS="1928" HPOS="1964"/>
</TextLine>
<TextLine HEIGHT="49" WIDTH="551" VPOS="1984" HPOS="236">
<String CONTENT="history." HEIGHT="48" WIDTH="202" VPOS="1985" HPOS="236"/>
<SP HEIGHT="47" WIDTH="68" VPOS="1986" HPOS="439"/>
<String CONTENT="(33-24734)" HEIGHT="49" WIDTH="279" VPOS="1984" HPOS="508"/>
</TextLine>
<TextLine HEIGHT="65" WIDTH="930" VPOS="2089" HPOS="162" STYLEREFS="StyleId-E8E03499-B3BA-4BE6-AE29-69CBB15DE17B-">
<String CONTENT="Fiske," HEIGHT="65" WIDTH="192" VPOS="2089" HPOS="162"/>
<SP HEIGHT="65" WIDTH="29" VPOS="2089" HPOS="355"/>
<String CONTENT="Frank" HEIGHT="52" WIDTH="197" VPOS="2089" HPOS="385"/>
<SP HEIGHT="51" WIDTH="28" VPOS="2090" HPOS="583"/>
<String CONTENT="Bennett," HEIGHT="61" WIDTH="277" VPOS="2090" HPOS="612"/>
<SP HEIGHT="60" WIDTH="30" VPOS="2091" HPOS="890"/>
<String CONTENT="1883-" HEIGHT="49" WIDTH="171" VPOS="2091" HPOS="921"/>
</TextLine>
<TextLine HEIGHT="67" WIDTH="1923" VPOS="2166" HPOS="234" STYLEREFS="StyleId-988EF459-49A5-4348-810A-AF82F80388B0-">
<String CONTENT="Life" HEIGHT="52" WIDTH="131" VPOS="2167" HPOS="234"/>
<SP HEIGHT="34" WIDTH="36" VPOS="2185" HPOS="366"/>
<String CONTENT="and" HEIGHT="51" WIDTH="112" VPOS="2167" HPOS="403"/>
<SP HEIGHT="51" WIDTH="36" VPOS="2167" HPOS="516"/>
<String CONTENT="death" HEIGHT="51" WIDTH="170" VPOS="2167" HPOS="553"/>
<SP HEIGHT="51" WIDTH="36" VPOS="2167" HPOS="724"/>
<String CONTENT="of" HEIGHT="52" WIDTH="64" VPOS="2166" HPOS="761"/>
<SP HEIGHT="54" WIDTH="36" VPOS="2166" HPOS="826"/>
<String CONTENT="Sitting" HEIGHT="67" WIDTH="220" VPOS="2166" HPOS="863"/>
<SP HEIGHT="66" WIDTH="38" VPOS="2167" HPOS="1084"/>
<String CONTENT="Bull" HEIGHT="51" WIDTH="135" VPOS="2167" HPOS="1123"/>
<SP HEIGHT="66" WIDTH="42" VPOS="2167" HPOS="1259"/>
<String CONTENT="[by]" HEIGHT="67" WIDTH="109" VPOS="2166" HPOS="1302"/>
<SP HEIGHT="65" WIDTH="40" VPOS="2167" HPOS="1412"/>
<String CONTENT="Frank" HEIGHT="52" WIDTH="198" VPOS="2166" HPOS="1453"/>
<SP HEIGHT="52" WIDTH="35" VPOS="2166" HPOS="1652"/>
<String CONTENT="Bennett" HEIGHT="52" WIDTH="246" VPOS="2168" HPOS="1688"/>
<SP HEIGHT="52" WIDTH="33" VPOS="2168" HPOS="1935"/>
<String CONTENT="Fiske." HEIGHT="52" WIDTH="188" VPOS="2167" HPOS="1969"/>
</TextLine>
<TextLine HEIGHT="67" WIDTH="1465" VPOS="2244" HPOS="163" STYLEREFS="StyleId-988EF459-49A5-4348-810A-AF82F80388B0-">
<String CONTENT="Fort" HEIGHT="52" WIDTH="140" VPOS="2244" HPOS="163"/>
<SP HEIGHT="51" WIDTH="27" VPOS="2245" HPOS="304"/>
<String CONTENT="Yates," HEIGHT="65" WIDTH="193" VPOS="2245" HPOS="332"/>
<SP HEIGHT="66" WIDTH="25" VPOS="2244" HPOS="526"/>
<String LANG="fi" CONTENT="N." HEIGHT="51" WIDTH="70" VPOS="2244" HPOS="552"/>
<SP HEIGHT="51" WIDTH="23" VPOS="2244" HPOS="623"/>
<String CONTENT="D.," HEIGHT="66" WIDTH="92" VPOS="2244" HPOS="647"/>
<SP HEIGHT="65" WIDTH="24" VPOS="2245" HPOS="740"/>
<String CONTENT="Pioneer-arrow" HEIGHT="52" WIDTH="454" VPOS="2244" HPOS="765"/>
<SP HEIGHT="49" WIDTH="23" VPOS="2262" HPOS="1220"/>
<String CONTENT="print" HEIGHT="67" WIDTH="161" VPOS="2244" HPOS="1244"/>
<SP HEIGHT="60" WIDTH="29" VPOS="2250" HPOS="1406"/>
<String CONTENT="[c1933]" HEIGHT="61" WIDTH="192" VPOS="2249" HPOS="1436"/>
</TextLine>
<TextLine HEIGHT="50" WIDTH="1164" VPOS="2315" HPOS="235" CS="1">
<String CONTENT="3" HEIGHT="38" WIDTH="27" VPOS="2318" HPOS="235"/>
<SP HEIGHT="47" WIDTH="23" VPOS="2318" HPOS="263"/>
<String CONTENT="p." HEIGHT="37" WIDTH="42" VPOS="2328" HPOS="287"/>
<SP/>
<String CS="1" CONTENT="l.,"/>
<SP/>
<String CONTENT="72" HEIGHT="40" WIDTH="56" VPOS="2315" HPOS="423"/>
<SP HEIGHT="50" WIDTH="23" VPOS="2315" HPOS="480"/>
<String CONTENT="p." HEIGHT="37" WIDTH="42" VPOS="2328" HPOS="504"/>
<SP HEIGHT="40" WIDTH="25" VPOS="2317" HPOS="547"/>
<String CONTENT="incl." HEIGHT="39" WIDTH="108" VPOS="2317" HPOS="573"/>
<SP HEIGHT="39" WIDTH="25" VPOS="2317" HPOS="682"/>
<String CONTENT="illus.," HEIGHT="47" WIDTH="141" VPOS="2316" HPOS="708"/>
<SP HEIGHT="37" WIDTH="24" VPOS="2327" HPOS="850"/>
<String CONTENT="plates," HEIGHT="47" WIDTH="171" VPOS="2317" HPOS="875"/>
<SP HEIGHT="37" WIDTH="26" VPOS="2327" HPOS="1047"/>
<String CONTENT="ports." HEIGHT="45" WIDTH="148" VPOS="2319" HPOS="1074"/>
<SP HEIGHT="37" WIDTH="61" VPOS="2317" HPOS="1223"/>
<String CONTENT="19cm." HEIGHT="41" WIDTH="114" VPOS="2315" HPOS="1285"/>
</TextLine>
<TextLine HEIGHT="40" WIDTH="414" VPOS="2373" HPOS="237">
<String CONTENT="&#8220;First" HEIGHT="39" WIDTH="160" VPOS="2374" HPOS="237"/>
<SP HEIGHT="37" WIDTH="27" VPOS="2376" HPOS="398"/>
<String CONTENT="edition.&#8221;" HEIGHT="40" WIDTH="225" VPOS="2373" HPOS="426"/>
</TextLine>
<TextLine HEIGHT="54" WIDTH="1994" VPOS="2427" HPOS="167">
<String CONTENT="&#169;" HEIGHT="51" WIDTH="51" VPOS="2427" HPOS="167"/>
<SP HEIGHT="51" WIDTH="23" VPOS="2427" HPOS="219"/>
<String CONTENT="Aug." HEIGHT="44" WIDTH="118" VPOS="2433" HPOS="243"/>
<SP HEIGHT="39" WIDTH="24" VPOS="2431" HPOS="362"/>
<String CONTENT="29." HEIGHT="41" WIDTH="67" VPOS="2430" HPOS="387"/>
<SP HEIGHT="39" WIDTH="26" VPOS="2432" HPOS="455"/>
<String CONTENT="1933;" HEIGHT="43" WIDTH="139" VPOS="2431" HPOS="482"/>
<SP HEIGHT="44" WIDTH="27" VPOS="2430" HPOS="622"/>
<String CONTENT="2c." HEIGHT="39" WIDTH="63" VPOS="2430" HPOS="650"/>
<SP HEIGHT="28" WIDTH="28" VPOS="2440" HPOS="714"/>
<String CONTENT="and" HEIGHT="37" WIDTH="94" VPOS="2431" HPOS="743"/>
<SP HEIGHT="37" WIDTH="25" VPOS="2431" HPOS="838"/>
<String CONTENT="aff." HEIGHT="41" WIDTH="81" VPOS="2428" HPOS="864"/>
<SP HEIGHT="39" WIDTH="28" VPOS="2430" HPOS="946"/>
<String CONTENT="Sept." HEIGHT="46" WIDTH="127" VPOS="2430" HPOS="975"/>
<SP HEIGHT="40" WIDTH="27" VPOS="2429" HPOS="1103"/>
<String CONTENT="12:" HEIGHT="39" WIDTH="81" VPOS="2429" HPOS="1131"/>
<SP HEIGHT="38" WIDTH="26" VPOS="2430" HPOS="1213"/>
<!-- cceid 48C89E8C-6CF9-1014-A6CF-A82867D68027 --><String CONTENT="A" HEIGHT="37" WIDTH="40" VPOS="2430" HPOS="1240"/>
<SP HEIGHT="39" WIDTH="25" VPOS="2429" HPOS="1281"/>
<String CONTENT="65204:" HEIGHT="41" WIDTH="170" VPOS="2428" HPOS="1307"/>
<SP HEIGHT="39" WIDTH="29" VPOS="2430" HPOS="1478"/>
<String LANG="fr" CONTENT="F." HEIGHT="41" WIDTH="51" VPOS="2430" HPOS="1508"/>
<SP HEIGHT="40" WIDTH="26" VPOS="2431" HPOS="1560"/>
<String CONTENT="B." HEIGHT="38" WIDTH="51" VPOS="2431" HPOS="1587"/>
<SP HEIGHT="39" WIDTH="29" VPOS="2430" HPOS="1639"/>
<String CONTENT="Fiske," HEIGHT="47" WIDTH="157" VPOS="2429" HPOS="1669"/>
<SP HEIGHT="45" WIDTH="28" VPOS="2431" HPOS="1827"/>
<String CONTENT="Fort" HEIGHT="39" WIDTH="117" VPOS="2431" HPOS="1856"/>
<SP HEIGHT="38" WIDTH="24" VPOS="2432" HPOS="1974"/>
<String CONTENT="Yates," HEIGHT="49" WIDTH="162" VPOS="2432" HPOS="1999"/>
</TextLine>
<TextLine HEIGHT="48" WIDTH="451" VPOS="2486" HPOS="280" CS="1">
<String CS="1" CONTENT="N." HEIGHT="8" WIDTH="7" VPOS="2520" HPOS="280"/>
<SP HEIGHT="39" WIDTH="40" VPOS="2489" HPOS="288"/>
<String CS="1" CONTENT="D." HEIGHT="7" WIDTH="8" VPOS="2519" HPOS="373"/>
<SP HEIGHT="46" WIDTH="69" VPOS="2488" HPOS="382"/>
<String CONTENT="(33-24638)" HEIGHT="48" WIDTH="279" VPOS="2486" HPOS="452"/>
</TextLine>
<TextLine HEIGHT="68" WIDTH="768" VPOS="2589" HPOS="163" STYLEREFS="StyleId-E8E03499-B3BA-4BE6-AE29-69CBB15DE17B-">
<String CONTENT="Gall," HEIGHT="66" WIDTH="143" VPOS="2591" HPOS="163"/>
<SP HEIGHT="64" WIDTH="28" VPOS="2593" HPOS="307"/>
<String CONTENT="Mrs." HEIGHT="52" WIDTH="137" VPOS="2593" HPOS="336"/>
<SP HEIGHT="53" WIDTH="30" VPOS="2591" HPOS="474"/>
<String CONTENT="Alice" HEIGHT="54" WIDTH="160" VPOS="2590" HPOS="505"/>
<SP HEIGHT="65" WIDTH="37" VPOS="2592" HPOS="666"/>
<String CONTENT="(Crew)" HEIGHT="68" WIDTH="227" VPOS="2589" HPOS="704"/>
</TextLine>
<TextLine HEIGHT="69" WIDTH="1734" VPOS="2668" HPOS="230" STYLEREFS="StyleId-988EF459-49A5-4348-810A-AF82F80388B0-" CS="1">
<String CONTENT="Ringtail," HEIGHT="69" WIDTH="281" VPOS="2668" HPOS="230"/>
<SP HEIGHT="66" WIDTH="30" VPOS="2669" HPOS="512"/>
<String CONTENT="by" HEIGHT="67" WIDTH="74" VPOS="2669" HPOS="543"/>
<SP HEIGHT="66" WIDTH="31" VPOS="2670" HPOS="618"/>
<String CONTENT="Alice" HEIGHT="52" WIDTH="163" VPOS="2668" HPOS="650"/>
<SP HEIGHT="54" WIDTH="35" VPOS="2668" HPOS="814"/>
<String CONTENT="Crew" HEIGHT="54" WIDTH="161" VPOS="2668" HPOS="850"/>
<SP HEIGHT="54" WIDTH="33" VPOS="2668" HPOS="1012"/>
<String CONTENT="Gall" HEIGHT="54" WIDTH="134" VPOS="2668" HPOS="1046"/>
<SP HEIGHT="50" WIDTH="34" VPOS="2669" HPOS="1181"/>
<String CONTENT="and" HEIGHT="51" WIDTH="112" VPOS="2669" HPOS="1216"/>
<SP HEIGHT="51" WIDTH="32" VPOS="2669" HPOS="1329"/>
<String CONTENT="Fleming" HEIGHT="69" WIDTH="266" VPOS="2668" HPOS="1362"/>
<SP HEIGHT="67" WIDTH="29" VPOS="2670" HPOS="1629"/>
<String CONTENT="H." HEIGHT="51" WIDTH="76" VPOS="2670" HPOS="1659"/>
<SP HEIGHT="55" WIDTH="36" VPOS="2669" HPOS="1736"/>
<String CONTENT="Crew;" HEIGHT="68" WIDTH="191" VPOS="2669" HPOS="1773"/>
</TextLine>
<TextLine HEIGHT="145" WIDTH="1992" VPOS="2670" HPOS="165" STYLEREFS="StyleId-988EF459-49A5-4348-810A-AF82F80388B0-" CS="1">
<String CONTENT="illustrated" HEIGHT="130" WIDTH="1968" VPOS="2670" HPOS="165"/>
<SP HEIGHT="51" WIDTH="51" VPOS="2748" HPOS="349"/>
<String CONTENT="by" HEIGHT="65" WIDTH="71" VPOS="2748" HPOS="401"/>
<SP HEIGHT="65" WIDTH="52" VPOS="2748" HPOS="473"/>
<String CONTENT="James" HEIGHT="52" WIDTH="192" VPOS="2748" HPOS="526"/>
<SP HEIGHT="52" WIDTH="51" VPOS="2747" HPOS="719"/>
<String CONTENT="Reid." HEIGHT="52" WIDTH="163" VPOS="2747" HPOS="771"/>
<SP HEIGHT="50" WIDTH="73" VPOS="2748" HPOS="935"/>
<String CONTENT="London," HEIGHT="66" WIDTH="260" VPOS="2747" HPOS="1009"/>
<SP HEIGHT="65" WIDTH="48" VPOS="2748" HPOS="1270"/>
<String CONTENT="New" HEIGHT="52" WIDTH="138" VPOS="2748" HPOS="1319"/>
<SP HEIGHT="51" WIDTH="53" VPOS="2748" HPOS="1458"/>
<String CONTENT="York" HEIGHT="54" WIDTH="162" VPOS="2747" HPOS="1512"/>
<SP HEIGHT="68" WIDTH="54" VPOS="2747" HPOS="1675"/>
<String CS="1" CONTENT="[etc.]"/>
<SP HEIGHT="66" WIDTH="56" VPOS="2749" HPOS="1870"/>
<String CONTENT="Oxford" HEIGHT="56" WIDTH="230" VPOS="2748" HPOS="1927"/>
</TextLine>
<TextLine HEIGHT="69" WIDTH="734" VPOS="2825" HPOS="163" STYLEREFS="StyleId-988EF459-49A5-4348-810A-AF82F80388B0-" CS="1">
<String CONTENT="university" HEIGHT="67" WIDTH="312" VPOS="2825" HPOS="163"/>
<SP HEIGHT="51" WIDTH="32" VPOS="2843" HPOS="476"/>
<String CONTENT="press" HEIGHT="49" WIDTH="156" VPOS="2845" HPOS="509"/>
<SP HEIGHT="48" WIDTH="38" VPOS="2845" HPOS="666"/>
<String CS="1" CONTENT="[c1933]" HEIGHT="64" WIDTH="174" VPOS="2828" HPOS="723"/>
</TextLine>
<TextLine HEIGHT="52" WIDTH="949" VPOS="2897" HPOS="237" CS="1">
<String CONTENT="119," HEIGHT="49" WIDTH="95" VPOS="2898" HPOS="237"/>
<SP HEIGHT="30" WIDTH="32" VPOS="2919" HPOS="333"/>
<String CONTENT="[1]" HEIGHT="48" WIDTH="55" VPOS="2901" HPOS="366"/>
<SP HEIGHT="39" WIDTH="30" VPOS="2910" HPOS="422"/>
<String CONTENT="p." HEIGHT="37" WIDTH="40" VPOS="2910" HPOS="453"/>
<SP HEIGHT="40" WIDTH="30" VPOS="2900" HPOS="494"/>
<String CONTENT="incl." HEIGHT="40" WIDTH="108" VPOS="2900" HPOS="525"/>
<SP HEIGHT="41" WIDTH="25" VPOS="2899" HPOS="634"/>
<String CONTENT="front.," HEIGHT="48" WIDTH="163" VPOS="2899" HPOS="660"/>
<SP HEIGHT="48" WIDTH="28" VPOS="2899" HPOS="824"/>
<String CONTENT="illus." HEIGHT="40" WIDTH="127" VPOS="2899" HPOS="853"/>
<SP HEIGHT="42" WIDTH="58" VPOS="2897" HPOS="981"/>
<String CS="1" CONTENT="23&#189;cm." HEIGHT="41" WIDTH="146" VPOS="2897" HPOS="1040"/>
</TextLine>
<TextLine HEIGHT="46" WIDTH="674" VPOS="2957" HPOS="237" CS="1">
<String CONTENT="Illustrated" HEIGHT="39" WIDTH="285" VPOS="2958" HPOS="237"/>
<SP HEIGHT="37" WIDTH="29" VPOS="2958" HPOS="523"/>
<String CS="1" CONTENT="lining-papers." HEIGHT="46" WIDTH="358" VPOS="2957" HPOS="553"/>
</TextLine>
<TextLine HEIGHT="41" WIDTH="1151" VPOS="3013" HPOS="265">
<String CONTENT="Printed" HEIGHT="39" WIDTH="198" VPOS="3014" HPOS="265"/>
<SP HEIGHT="39" WIDTH="25" VPOS="3014" HPOS="464"/>
<String CONTENT="in" HEIGHT="40" WIDTH="47" VPOS="3014" HPOS="490"/>
<SP HEIGHT="36" WIDTH="28" VPOS="3018" HPOS="538"/>
<String CONTENT="the" HEIGHT="38" WIDTH="81" VPOS="3015" HPOS="567"/>
<SP HEIGHT="39" WIDTH="27" VPOS="3014" HPOS="649"/>
<String CONTENT="United" HEIGHT="39" WIDTH="175" VPOS="3014" HPOS="677"/>
<SP HEIGHT="39" WIDTH="31" VPOS="3014" HPOS="853"/>
<String CONTENT="States" HEIGHT="39" WIDTH="161" VPOS="3014" HPOS="885"/>
<SP HEIGHT="29" WIDTH="25" VPOS="3024" HPOS="1047"/>
<String CONTENT="of" HEIGHT="40" WIDTH="52" VPOS="3013" HPOS="1073"/>
<SP HEIGHT="38" WIDTH="26" VPOS="3013" HPOS="1126"/>
<String CONTENT="America.&#8221;" HEIGHT="40" WIDTH="263" VPOS="3013" HPOS="1153"/>
</TextLine>
<TextLine HEIGHT="52" WIDTH="1996" VPOS="3068" HPOS="167" CS="1">
<String CONTENT="&#169;" HEIGHT="51" WIDTH="50" VPOS="3068" HPOS="167"/>
<SP HEIGHT="51" WIDTH="26" VPOS="3068" HPOS="218"/>
<String CONTENT="Sept." HEIGHT="47" WIDTH="127" VPOS="3072" HPOS="245"/>
<SP HEIGHT="38" WIDTH="22" VPOS="3073" HPOS="373"/>
<String CONTENT="21," HEIGHT="44" WIDTH="68" VPOS="3073" HPOS="396"/>
<SP HEIGHT="43" WIDTH="24" VPOS="3074" HPOS="465"/>
<String CS="1" CONTENT="1933;" HEIGHT="40" WIDTH="111" VPOS="3071" HPOS="490"/>
<SP HEIGHT="41" WIDTH="25" VPOS="3072" HPOS="629"/>
<String CONTENT="2c." HEIGHT="37" WIDTH="65" VPOS="3072" HPOS="655"/>
<SP HEIGHT="29" WIDTH="25" VPOS="3082" HPOS="721"/>
<String CONTENT="and" HEIGHT="38" WIDTH="95" VPOS="3073" HPOS="747"/>
<SP HEIGHT="38" WIDTH="23" VPOS="3073" HPOS="843"/>
<String CONTENT="aff." HEIGHT="40" WIDTH="82" VPOS="3071" HPOS="867"/>
<SP HEIGHT="40" WIDTH="26" VPOS="3071" HPOS="950"/>
<String CONTENT="Sept." HEIGHT="47" WIDTH="126" VPOS="3071" HPOS="977"/>
<SP HEIGHT="38" WIDTH="25" VPOS="3071" HPOS="1104"/>
<String CS="1" CONTENT="23;" HEIGHT="38" WIDTH="54" VPOS="3071" HPOS="1130"/>
<SP HEIGHT="44" WIDTH="27" VPOS="3071" HPOS="1212"/>
<!-- cceid 48C8E893-6CF9-1014-A6CF-A82867D68027 --><String CONTENT="A" HEIGHT="38" WIDTH="38" VPOS="3071" HPOS="1240"/>
<SP HEIGHT="41" WIDTH="24" VPOS="3070" HPOS="1279"/>
<String CS="1" CONTENT="65338:" HEIGHT="41" WIDTH="143" VPOS="3070" HPOS="1304"/>
<SP HEIGHT="40" WIDTH="28" VPOS="3072" HPOS="1474"/>
<String CONTENT="Oxford" HEIGHT="40" WIDTH="187" VPOS="3072" HPOS="1503"/>
<SP HEIGHT="38" WIDTH="24" VPOS="3073" HPOS="1691"/>
<String CONTENT="univ." HEIGHT="40" WIDTH="129" VPOS="3072" HPOS="1716"/>
<SP HEIGHT="36" WIDTH="24" VPOS="3084" HPOS="1846"/>
<String CONTENT="press," HEIGHT="37" WIDTH="148" VPOS="3083" HPOS="1871"/>
<SP HEIGHT="45" WIDTH="24" VPOS="3073" HPOS="2020"/>
<String CONTENT="New" HEIGHT="39" WIDTH="118" VPOS="3073" HPOS="2045"/>
</TextLine>
<TextLine HEIGHT="48" WIDTH="610" VPOS="3127" HPOS="232">
<String CONTENT="York." HEIGHT="39" WIDTH="142" VPOS="3129" HPOS="232"/>
<SP HEIGHT="39" WIDTH="27" VPOS="3129" HPOS="375"/>
<String CONTENT="inc." HEIGHT="38" WIDTH="89" VPOS="3129" HPOS="403"/>
<SP HEIGHT="46" WIDTH="70" VPOS="3129" HPOS="493"/>
<String CONTENT="(33-24919)" HEIGHT="48" WIDTH="278" VPOS="3127" HPOS="564"/>
</TextLine>
<TextLine HEIGHT="64" WIDTH="542" VPOS="3232" HPOS="162" STYLEREFS="StyleId-E8E03499-B3BA-4BE6-AE29-69CBB15DE17B-">
<String CONTENT="Gessner," HEIGHT="64" WIDTH="272" VPOS="3232" HPOS="162"/>
<SP HEIGHT="62" WIDTH="29" VPOS="3234" HPOS="435"/>
<String CONTENT="Robert." HEIGHT="55" WIDTH="239" VPOS="3233" HPOS="465"/>
</TextLine>
<TextLine HEIGHT="69" WIDTH="1924" VPOS="3308" HPOS="232" STYLEREFS="StyleId-988EF459-49A5-4348-810A-AF82F80388B0-" CS="1">
<String CONTENT="Broken" HEIGHT="52" WIDTH="225" VPOS="3309" HPOS="232"/>
<SP HEIGHT="33" WIDTH="52" VPOS="3328" HPOS="458"/>
<String CONTENT="arrow" HEIGHT="33" WIDTH="182" VPOS="3328" HPOS="511"/>
<SP HEIGHT="48" WIDTH="57" VPOS="3328" HPOS="694"/>
<String CS="1" CONTENT="[by]" HEIGHT="68" WIDTH="91" VPOS="3309" HPOS="769"/>
<SP HEIGHT="65" WIDTH="56" VPOS="3310" HPOS="861"/>
<String CONTENT="Robert" HEIGHT="54" WIDTH="215" VPOS="3308" HPOS="918"/>
<SP HEIGHT="54" WIDTH="50" VPOS="3309" HPOS="1134"/>
<String CONTENT="Gessner." HEIGHT="54" WIDTH="258" VPOS="3309" HPOS="1185"/>
<SP HEIGHT="52" WIDTH="74" VPOS="3311" HPOS="1444"/>
<String CONTENT="New" HEIGHT="52" WIDTH="138" VPOS="3311" HPOS="1519"/>
<SP HEIGHT="51" WIDTH="53" VPOS="3311" HPOS="1658"/>
<String CONTENT="York," HEIGHT="66" WIDTH="178" VPOS="3311" HPOS="1712"/>
<SP HEIGHT="66" WIDTH="49" VPOS="3311" HPOS="1891"/>
<String CONTENT="Farrar" HEIGHT="52" WIDTH="215" VPOS="3311" HPOS="1941"/>
</TextLine>
<TextLine HEIGHT="68" WIDTH="1029" VPOS="3387" HPOS="160" STYLEREFS="StyleId-988EF459-49A5-4348-810A-AF82F80388B0-" CS="1">
<String CONTENT="&amp;" HEIGHT="49" WIDTH="44" VPOS="3392" HPOS="160"/>
<SP HEIGHT="51" WIDTH="28" VPOS="3390" HPOS="205"/>
<String CONTENT="Rinehart," HEIGHT="65" WIDTH="297" VPOS="3388" HPOS="234"/>
<SP HEIGHT="66" WIDTH="28" VPOS="3387" HPOS="532"/>
<String CONTENT="incorporated" HEIGHT="67" WIDTH="397" VPOS="3387" HPOS="561"/>
<SP HEIGHT="66" WIDTH="36" VPOS="3389" HPOS="959"/>
<String CS="1" CONTENT="[c1933]" HEIGHT="63" WIDTH="175" VPOS="3391" HPOS="1014"/>
</TextLine>
<TextLine HEIGHT="48" WIDTH="586" VPOS="3460" HPOS="243" CS="1">
<String CONTENT="1" HEIGHT="37" WIDTH="17" VPOS="3462" HPOS="243"/>
<SP HEIGHT="45" WIDTH="29" VPOS="3462" HPOS="261"/>
<String CONTENT="p." HEIGHT="36" WIDTH="42" VPOS="3471" HPOS="291"/>
<SP HEIGHT="40" WIDTH="28" VPOS="3461" HPOS="334"/>
<String CS="1" CONTENT="l." HEIGHT="8" WIDTH="7" VPOS="3493" HPOS="398"/>
<SP HEIGHT="40" WIDTH="28" VPOS="3461" HPOS="406"/>
<String CONTENT="3-280" HEIGHT="39" WIDTH="144" VPOS="3461" HPOS="435"/>
<SP HEIGHT="47" WIDTH="29" VPOS="3461" HPOS="580"/>
<String CONTENT="p." HEIGHT="36" WIDTH="42" VPOS="3472" HPOS="610"/>
<SP HEIGHT="39" WIDTH="61" VPOS="3462" HPOS="653"/>
<String CONTENT="20cm." HEIGHT="40" WIDTH="114" VPOS="3460" HPOS="715"/>
</TextLine>
<TextLine HEIGHT="51" WIDTH="1995" VPOS="3515" HPOS="168">
<String CONTENT="&#169;" HEIGHT="51" WIDTH="50" VPOS="3515" HPOS="168"/>
<SP HEIGHT="51" WIDTH="32" VPOS="3515" HPOS="219"/>
<String CONTENT="Sept." HEIGHT="46" WIDTH="125" VPOS="3520" HPOS="252"/>
<SP HEIGHT="37" WIDTH="27" VPOS="3519" HPOS="378"/>
<String CONTENT="21." HEIGHT="39" WIDTH="68" VPOS="3519" HPOS="406"/>
<SP HEIGHT="38" WIDTH="27" VPOS="3520" HPOS="475"/>
<String CONTENT="1933:" HEIGHT="40" WIDTH="139" VPOS="3518" HPOS="503"/>
<SP HEIGHT="39" WIDTH="30" VPOS="3519" HPOS="643"/>
<String CONTENT="2c." HEIGHT="38" WIDTH="65" VPOS="3519" HPOS="674"/>
<SP HEIGHT="37" WIDTH="33" VPOS="3519" HPOS="740"/>
<String CONTENT="Sept." HEIGHT="46" WIDTH="126" VPOS="3519" HPOS="774"/>
<SP HEIGHT="40" WIDTH="29" VPOS="3519" HPOS="901"/>
<String CONTENT="25:" HEIGHT="39" WIDTH="81" VPOS="3519" HPOS="931"/>
<SP HEIGHT="29" WIDTH="31" VPOS="3529" HPOS="1013"/>
<String CONTENT="aff." HEIGHT="40" WIDTH="81" VPOS="3518" HPOS="1045"/>
<SP HEIGHT="39" WIDTH="33" VPOS="3519" HPOS="1127"/>
<String CONTENT="Sept." HEIGHT="46" WIDTH="127" VPOS="3519" HPOS="1161"/>
<SP HEIGHT="39" WIDTH="28" VPOS="3519" HPOS="1289"/>
<String CONTENT="22:" HEIGHT="39" WIDTH="82" VPOS="3519" HPOS="1318"/>
<SP HEIGHT="39" WIDTH="31" VPOS="3519" HPOS="1401"/>
<!-- cceid 48C92CF9-6CF9-1014-A6CF-A82867D68027 --><String CONTENT="A" HEIGHT="37" WIDTH="39" VPOS="3519" HPOS="1433"/>
<SP HEIGHT="39" WIDTH="28" VPOS="3518" HPOS="1473"/>
<String CONTENT="66238:" HEIGHT="41" WIDTH="170" VPOS="3518" HPOS="1502"/>
<SP HEIGHT="40" WIDTH="31" VPOS="3519" HPOS="1673"/>
<String CONTENT="R." HEIGHT="39" WIDTH="55" VPOS="3519" HPOS="1705"/>
<SP HEIGHT="40" WIDTH="32" VPOS="3518" HPOS="1761"/>
<String CONTENT="Gessner," HEIGHT="47" WIDTH="219" VPOS="3518" HPOS="1794"/>
<SP HEIGHT="46" WIDTH="29" VPOS="3519" HPOS="2014"/>
<String CONTENT="New" HEIGHT="40" WIDTH="119" VPOS="3519" HPOS="2044"/>
</TextLine>
<TextLine HEIGHT="47" WIDTH="491" VPOS="3574" HPOS="235">
<String CONTENT="York." HEIGHT="40" WIDTH="142" VPOS="3574" HPOS="235"/>
<SP HEIGHT="46" WIDTH="69" VPOS="3575" HPOS="378"/>
<String CONTENT="(33-24920)" HEIGHT="47" WIDTH="278" VPOS="3574" HPOS="448"/>
</TextLine>
<TextLine HEIGHT="65" WIDTH="811" VPOS="3677" HPOS="163" STYLEREFS="StyleId-E8E03499-B3BA-4BE6-AE29-69CBB15DE17B-" CS="1">
<String CS="1" CONTENT="Gillete," HEIGHT="58" WIDTH="254" VPOS="3678" HPOS="163"/>
<SP HEIGHT="58" WIDTH="33" VPOS="3678" HPOS="418"/>
<String CONTENT="George" HEIGHT="64" WIDTH="225" VPOS="3678" HPOS="452"/>
<SP HEIGHT="51" WIDTH="34" VPOS="3679" HPOS="678"/>
<String CONTENT="Francis." HEIGHT="56" WIDTH="261" VPOS="3677" HPOS="713"/>
</TextLine>
<TextLine HEIGHT="71" WIDTH="1924" VPOS="3751" HPOS="232" STYLEREFS="StyleId-988EF459-49A5-4348-810A-AF82F80388B0-">
<String CONTENT="The" HEIGHT="55" WIDTH="118" VPOS="3754" HPOS="232"/>
<SP HEIGHT="33" WIDTH="34" VPOS="3776" HPOS="351"/>
<String CONTENT="rational" HEIGHT="55" WIDTH="241" VPOS="3753" HPOS="386"/>
<SP HEIGHT="50" WIDTH="35" VPOS="3758" HPOS="628"/>
<String CONTENT="non-mystical" HEIGHT="70" WIDTH="399" VPOS="3752" HPOS="664"/>
<SP HEIGHT="51" WIDTH="35" VPOS="3754" HPOS="1064"/>
<String CONTENT="cosmos;" HEIGHT="48" WIDTH="238" VPOS="3772" HPOS="1100"/>
<SP HEIGHT="60" WIDTH="35" VPOS="3760" HPOS="1339"/>
<String CONTENT="the" HEIGHT="56" WIDTH="93" VPOS="3752" HPOS="1375"/>
<SP HEIGHT="36" WIDTH="33" VPOS="3772" HPOS="1469"/>
<String CONTENT="mysticism" HEIGHT="71" WIDTH="309" VPOS="3751" HPOS="1503"/>
<SP HEIGHT="34" WIDTH="35" VPOS="3772" HPOS="1813"/>
<String CONTENT="of" HEIGHT="54" WIDTH="63" VPOS="3752" HPOS="1849"/>
<SP HEIGHT="55" WIDTH="32" VPOS="3752" HPOS="1913"/>
<String CONTENT="science" HEIGHT="54" WIDTH="210" VPOS="3754" HPOS="1946"/>
</TextLine>
<TextLine HEIGHT="70" WIDTH="1988" VPOS="3831" HPOS="166" STYLEREFS="StyleId-988EF459-49A5-4348-810A-AF82F80388B0-" CS="1">
<String CONTENT="exploded" HEIGHT="68" WIDTH="275" VPOS="3832" HPOS="166"/>
<SP HEIGHT="53" WIDTH="43" VPOS="3832" HPOS="442"/>
<String CS="1" CONTENT="&#8230;"/>
<SP HEIGHT="51" WIDTH="41" VPOS="3833" HPOS="542"/>
<String CONTENT="by" HEIGHT="67" WIDTH="73" VPOS="3833" HPOS="584"/>
<SP HEIGHT="69" WIDTH="37" VPOS="3831" HPOS="658"/>
<String CONTENT="George" HEIGHT="68" WIDTH="217" VPOS="3831" HPOS="696"/>
<SP HEIGHT="51" WIDTH="37" VPOS="3833" HPOS="914"/>
<String CONTENT="F." HEIGHT="53" WIDTH="62" VPOS="3833" HPOS="952"/>
<SP HEIGHT="55" WIDTH="41" VPOS="3831" HPOS="1015"/>
<String CONTENT="Gillette" HEIGHT="54" WIDTH="234" VPOS="3831" HPOS="1057"/>
<SP HEIGHT="34" WIDTH="40" VPOS="3851" HPOS="1292"/>
<String CS="1" CONTENT="&#8230;"/>
<SP HEIGHT="49" WIDTH="78" VPOS="3836" HPOS="1389"/>
<String CONTENT="3d" HEIGHT="51" WIDTH="72" VPOS="3832" HPOS="1468"/>
<SP HEIGHT="67" WIDTH="35" VPOS="3832" HPOS="1541"/>
<String CONTENT="private" HEIGHT="68" WIDTH="221" VPOS="3831" HPOS="1577"/>
<SP HEIGHT="35" WIDTH="37" VPOS="3851" HPOS="1799"/>
<String CONTENT="ed." HEIGHT="51" WIDTH="84" VPOS="3834" HPOS="1837"/>
<SP HEIGHT="35" WIDTH="77" VPOS="3866" HPOS="1922"/>
<String CONTENT="[New" HEIGHT="70" WIDTH="154" VPOS="3831" HPOS="2000"/>
</TextLine>
<TextLine HEIGHT="69" WIDTH="1387" VPOS="3908" HPOS="167" STYLEREFS="StyleId-988EF459-49A5-4348-810A-AF82F80388B0-">
<String CONTENT="York," HEIGHT="56" WIDTH="175" VPOS="3908" HPOS="167"/>
<SP HEIGHT="54" WIDTH="27" VPOS="3910" HPOS="343"/>
<String CONTENT="The" HEIGHT="53" WIDTH="121" VPOS="3909" HPOS="371"/>
<SP HEIGHT="52" WIDTH="28" VPOS="3910" HPOS="493"/>
<String CONTENT="Appeal" HEIGHT="66" WIDTH="223" VPOS="3910" HPOS="522"/>
<SP HEIGHT="66" WIDTH="31" VPOS="3910" HPOS="746"/>
<String CONTENT="printing" HEIGHT="69" WIDTH="262" VPOS="3908" HPOS="778"/>
<SP HEIGHT="50" WIDTH="28" VPOS="3927" HPOS="1041"/>
<String CONTENT="company]" HEIGHT="50" WIDTH="295" VPOS="3927" HPOS="1070"/>
<SP HEIGHT="63" WIDTH="37" VPOS="3913" HPOS="1366"/>
<String CONTENT="1933." HEIGHT="49" WIDTH="150" VPOS="3912" HPOS="1404"/>
</TextLine>
<TextLine HEIGHT="48" WIDTH="1086" VPOS="3983" HPOS="233" CS="1">
<String CONTENT="3" HEIGHT="39" WIDTH="25" VPOS="3983" HPOS="233"/>
<SP HEIGHT="48" WIDTH="25" VPOS="3983" HPOS="259"/>
<String LANG="fr" CONTENT="p." HEIGHT="37" WIDTH="39" VPOS="3994" HPOS="285"/>
<SP HEIGHT="37" WIDTH="29" VPOS="3984" HPOS="325"/>
<String LANG="fr" CS="1" CONTENT="l"/>
<String CONTENT=".," HEIGHT="15" WIDTH="23" VPOS="4014" HPOS="375"/>
<SP HEIGHT="34" WIDTH="26" VPOS="3995" HPOS="399"/>
<String CONTENT="xvi," HEIGHT="46" WIDTH="95" VPOS="3984" HPOS="426"/>
<SP HEIGHT="46" WIDTH="25" VPOS="3984" HPOS="522"/>
<String CONTENT="384" HEIGHT="40" WIDTH="86" VPOS="3984" HPOS="548"/>
<SP HEIGHT="40" WIDTH="25" VPOS="3985" HPOS="635"/>
<String CS="1" CONTENT="p." HEIGHT="7" WIDTH="8" VPOS="4015" HPOS="694"/>
<SP HEIGHT="39" WIDTH="59" VPOS="3984" HPOS="703"/>
<String CONTENT="illus" HEIGHT="39" WIDTH="114" VPOS="3984" HPOS="763"/>
<SP HEIGHT="35" WIDTH="18" VPOS="3995" HPOS="878"/>
<String CONTENT="," HEIGHT="16" WIDTH="9" VPOS="4014" HPOS="897"/>
<SP HEIGHT="45" WIDTH="27" VPOS="3985" HPOS="907"/>
<String CONTENT="diagrs." HEIGHT="47" WIDTH="179" VPOS="3984" HPOS="935"/>
<SP HEIGHT="40" WIDTH="58" VPOS="3984" HPOS="1115"/>
<String CS="1" CONTENT="23&#189;cm." HEIGHT="40" WIDTH="145" VPOS="3984" HPOS="1174"/>
</TextLine>
</TextBlock>
</PrintSpace>
</Page>
</Layout>
</alto>