2484 4405
1074 4084 100 54 557

100 444 152 65 Cole,
286 442 204 55 Elbert
525 441 262 64 Charles,
820 443 172 52 1891-

181 504 1917 81 An introduction to biology, by Elbert C. Cole … New
105 599 176 66 York,
316 597 55 54 J.
406 595 190 69 Wiley
631 598 45 50 &
710 613 146 49 sons,
892 594 136 68 inc.;
1065 591 257 68 London,
1360 588 301 69 Chapman
1696 588 47 51 &
1776 584 162 69 Hall,
103 582 1972 162 limited,
268 678 152 51 1933.

173 750 100 48 xiii,
310 749 87 41 518
427 758 43 38 p.
530 746 164 49 front.,
728 746 143 48 illus.,
905 745 177 47 diagrs.
1144 742 57 41 20½
1232 744 44 21 cm
1281 772 9 10 .
1406 739 131 50 $1.75

176 807 189 40 “Books
388 806 78 39 for
491 802 276 42 reference”
791 805 53 38 at
869 804 93 40 end
986 802 54 40 of
1062 802 127 39 most
1214 800 53 39 of
1291 799 83 41 the
1397 798 242 49 chapters.

109 874 52 52 ©
193 879 113 47 Apr.
339 877 69 47 17,
441 875 140 47 1933;
616 875 67 40 2c.
716 875 96 39 and
845 873 81 40 aff.
959 874 111 48 Apr.
1108 871 81 48 19;
1226 873 42 38 A
1300 870 169 47 62179;

1507 871 52 39 E.
1595 869 50 41 C.
1681 869 125 45 Cole,
177 864 1907 116 Williamstown,
353 934 145 40 Mass.
568 930 279 50 (33-30680)

105 1032 353 69 Craigmyle,
488 1035 261 53 Thomas
774 1031 194 67 Shaw,
1001 1033 193 67 baron,
1226 1033 172 51 1850-

107 1106 1971 156 John Marshall in diplomacy and in law, by the Lord Craigmyle …
393 1185 1647 73 with an introduction by Nicholas Murray Butler …
109 1272 136 53 New
272 1270 178 67 York,
477 1271 257 64 London,
762 1269 61 54 C.
855 1265 313 58 Scribner’s
1194 1284 144 48 sons,
1366 1268 150 52 1933.

179 1338 791 54 4 p. l., v-viii, 3-145 p. 22 cm .
116 1411 52 53 ©
196 1416 113 47 Apr.
339 1413 69 48 13,
438 1412 112 42 1933;
609 1412 67 42 2c.
706 1413 116 48 Apr.
850 1411 81 49 18;
964 1410 81 42 aff.
1076 1411 114 48 Apr.
1221 1411 82 46 17;
1335 1410 41 39 A
1405 1408 169 50 61387;
1609 1407 201 42 Charles
1844 1404 267 46 Scribner’s

182 1482 125 31 sons.
378 1470 278 52 (33-10418)
1900 1463 118 43 3765

109 1568 1996 139 The cyclopedia of medicine; George Morris Piersol … editor-in-chief
447 1647 1659 58 and Edward L. Bortz … assistant editor … Charles
182 1724 1901 139 E. de M. Sajous … founder and first editor. Amply illustrated
402 1809 139 54 with
572 1815 122 48 cuts
725 1809 113 52 and
868 1807 286 70 full-page
1182 1807 167 52 black
1378 1809 112 51 and
1520 1808 154 51 color
1703 1808 199 66 plates,
1977 1825 49 34 v.
2061 1809 50 67 6,

182 1884 1481 73 7. Philadelphia, F. A. Davis company [ c 1933]
187 1964 27 38 2
240 1975 43 29 v.
339 1961 141 49 illus.,
507 1963 87 39 col.
620 1961 171 48 plates,
820 1960 169 47 tables,
1018 1960 180 47 diagrs.
1255 1959 56 40 26½
1344 1962 43 21 cm
1394 1992 8 8 .

116 2046 41 29 v.
187 2035 39 47 6,
258 2030 52 52 ©
337 2033 117 41 Nov.
484 2033 68 48 14,
581 2030 141 49 1932;
751 2043 43 29 v.
822 2032 39 46 7,
894 2026 56 53 ©
975 2031 114 48 Apr.
1119 2030 69 48 25,
1219 2029 140 48 1933;
1391 2031 67 39 2c.
1489 2030 114 50 May
1631 2031 82 47 18;
1745 2030 109 42 affs.
1885 2032 113 47 May
2028 2031 81 49 13;

186 2091 40 39 A
255 2087 156 50 61840,
442 2089 170 47 61841;
646 2089 50 38 F.
726 2088 54 42 A.
811 2086 154 43 Davis
994 2098 67 30 co.

111 2193 363 53 Dartmouth
506 2191 234 65 college.
814 2191 365 55 Dartmouth
1209 2191 209 64 outing
1448 2190 149 59 club.

183 2271 343 67 Handbook,
555 2271 350 52 Dartmouth
933 2268 204 70 outing
1164 2269 146 67 club,
1338 2269 141 54 with
1506 2269 172 69 guide
1706 2276 57 48 to
1792 2272 96 51 the
1918 2269 192 57 cabins

116 2351 113 52 and
264 2347 181 70 trails,
482 2349 190 53 edited
705 2350 77 66 by
817 2347 150 54 Dick
1003 2347 360 56 Goldthwait
1403 2348 97 53 ’33.
1576 2348 381 68 Brattleboro,
1995 2350 115 68 Vt.,

116 2430 120 51 The
263 2427 277 55 Vermont
568 2425 266 69 printing
859 2443 297 51 company,
1186 2428 153 53 1932.

188 2501 84 40 136
306 2512 43 37 p.
409 2499 140 50 illus.,
584 2509 137 38 maps
748 2499 136 48 (part
915 2497 144 49 fold.)
1127 2497 55 41 17c
1203 2500 27 21 m
1234 2529 8 9 .

190 2557 225 41 Lettered
443 2567 59 30 on
531 2566 167 30 cover:
727 2556 103 40 The
855 2554 298 41 Dartmouth
1183 2553 170 50 outing
1378 2554 109 41 club
1514 2552 271 45 handbook.

190 2615 224 42 Includes
442 2612 409 51 bibliographies..

124 2682 52 52 ©
205 2686 126 40 June
357 2686 39 46 1,
426 2684 111 41 1932;
594 2684 68 41 2c.
692 2685 95 39 and
815 2681 81 43 aff.
927 2684 122 41 Mar.
1078 2683 70 48 20,
1178 2682 140 48 1933;
1351 2684 40 38 A
1420 2681 169 50 61392;
1623 2685 296 40 Dartmouth
1949 2685 167 51 outing

191 2743 120 48 club,
340 2742 243 49 Hanover,
612 2742 57 39 N.
695 2741 61 40 H.
827 2739 281 51 (33-10423)

118 2844 289 65 Delphian
436 2846 243 63 society,
711 2843 267 68 Chicago.

188 2920 291 68 Delphian
523 2927 138 61 text,
705 2920 283 69 prepared
1032 2921 76 69 by
1152 2922 95 53 the
1291 2920 291 70 Delphian
1626 2922 211 68 society
1882 2925 95 53 for
2020 2926 94 53 the

119 2999 283 55 exclusive
431 3018 98 34 use
562 3000 63 53 of
658 2999 75 53 its
764 2999 276 54 members
1072 3000 62 52 in
1165 3000 152 53 their
1348 3000 237 69 chapter
1618 3020 316 50 programs,
2004 3010 112 63 pts.

124 3081 115 49 1-3.
319 3075 365 73 [Hammond,
709 3078 148 68 Ind.,
881 3079 91 55 W.
998 3080 66 52 B.
1092 3078 233 69 Conkey
1351 3097 99 50 co.,
1473 3087 18 21 c
1496 3082 152 66 1933]

195 3154 26 40 3
250 3164 42 30 v.
349 3153 158 49 plates
534 3151 136 50 (part
697 3152 111 48 col.)
874 3150 147 44 23½cm.

198 3211 73 47 By
298 3211 37 39 I.
363 3210 52 40 E.
444 3209 153 48 Wing,
675 3241 8 8 M.
747 3241 22 18 A.,
800 3211 95 38 and
921 3207 333 52 contributing
1280 3210 272 43 educators.

131 3276 52 52 ©
212 3281 114 47 May
353 3280 38 49 5,
420 3279 139 48 1933;
590 3280 69 40 2c.
687 3280 117 40 each
834 3280 112 49 May
974 3278 53 50 9;
1059 3280 83 41 aff.
1172 3282 114 47 May
1315 3282 81 47 10;
1428 3282 41 38 A
1497 3281 170 51 62610;
1700 3284 241 50 Delphian
1972 3296 93 32 soc.

124 3379 395 68 Drinkwater,
548 3383 173 63 John,
754 3388 170 50 1882-

197 3458 142 54 This
381 3458 262 54 troubled
691 3460 179 52 world
938 3459 77 69 [by]
1082 3458 158 54 John
1286 3458 386 56 Drinkwater.
1753 3459 140 54 New
1941 3458 181 71 York,

131 3534 297 57 Columbia
454 3535 319 70 university
800 3553 176 52 press,
1005 3539 150 51 1933.

203 3610 624 51 5 p. l., [3]-105 p. 21 cm .
204 3667 128 40 “The
361 3677 175 38 papers
565 3666 48 40 in
643 3667 99 41 this
772 3667 191 41 volume
992 3678 126 30 were
1148 3669 255 47 presented
1434 3668 60 48 by
1527 3668 81 40 the
1638 3668 180 41 author
1846 3669 166 40 before
2043 3667 85 43 the

134 3722 234 42 Institute
417 3722 52 41 of
520 3725 104 39 arts
675 3725 95 40 and
822 3723 223 51 sciences,
1100 3723 251 43 Columbia
1404 3722 284 53 university,
1740 3725 50 41 in
1843 3723 282 50 November,

134 3778 369 44 1932.”—Verso
531 3780 52 41 of
609 3780 60 41 2d
696 3782 187 47 prelim,
912 3781 112 42 leaf.

574 3835 1554 54 CONTENTS. — Man and the machine. — Is it peace? — Speculation in
136 3891 353 50 Utopia.—The
522 3892 271 42 individual
829 3895 120 40 soul.

140 3957 52 52 ©
221 3962 112 47 Apr.
362 3963 40 47 1,
430 3961 140 49 1933;
600 3962 68 41 2c.
698 3964 113 47 Apr.
839 3964 52 47 3;
923 3963 82 42 aff.
1035 3965 116 48 Apr.
1179 3966 53 46 4;
1264 3965 43 42 A
1333 3964 170 48 60905;
1536 3964 251 42 Columbia
1818 3966 129 40 univ.
1978 3972 150 42 press.

217 4017 278 51 (33-10272)
