2582 4453
1374 4110 136 55 1426

495 499 351 48 Bibliography:
942 531 7 7 p.
984 499 69 41 63.

427 552 52 52 ©
512 556 127 49 Sept.
670 557 69 41 27,
769 556 115 40 1933:
941 556 67 41 2c.
1039 557 96 39 and
1164 556 83 41 aff.
1279 557 102 40 Oct.
1410 556 53 40 2:
1497 556 41 39 A
1567 556 171 45 66401;
1772 557 159 40 Johns.
1957 556 223 49 Hopkins
2211 565 150 40 press.

505 613 284 47 (33-29533)

423 705 252 66 Colwell,
707 707 221 53 Ernest
961 706 284 65 Cadman,
1275 707 84 52 ed.

559 782 1883 70 … Prolegomena to the study of the lectionary text of the
425 859 2017 71 Gospels, edited by Ernest Cadman Colwell … and Donald W.
426 938 2017 71 Riddle … Chicago, Ill., The University of Chicago press
429 1022 195 64 [1933]

499 1092 27 40 5
551 1102 43 38 p.
640 1123 24 16 l.,
692 1090 84 42 161
802 1103 43 38 p.
906 1088 56 42 23
967 1093 43 21 cm
1015 1123 8 8 .
1096 1091 224 47 (Studies
1346 1093 49 39 in
1423 1093 82 40 the
1531 1092 272 49 lectionary
1829 1094 106 39 text
1960 1092 52 41 of
2038 1093 82 41 the
2147 1092 158 43 Greek
2330 1094 116 41 New

428 1148 299 42 Testament,
785 1148 91 42 vol.
935 1151 14 46 I)

499 1206 126 41 Text
653 1206 381 51 planographed.

503 1263 227 42 Includes
758 1263 259 42 collations
1044 1264 51 42 of
1121 1264 114 41 four
1263 1264 310 42 lectionaries
1613 1266 67 48 (p.
1707 1264 200 48 85-156)

431 1319 52 53 ©
518 1323 129 49 Sept.
677 1324 40 46 5,
749 1323 140 40 1933:
923 1323 66 39 2c.
1023 1324 94 38 and
1150 1322 81 40 aff.
1267 1324 129 47 Sept.
1428 1323 55 38 22;
1545 1324 41 38 A
1616 1323 171 43 66215;
1823 1324 286 49 University
2140 1325 52 41 of
2225 1325 225 49 Chicago,

500 1380 211 48 Chicago
801 1379 283 48 (33-29667)

426 1469 212 68 Curry,
669 1471 212 54 Albert
911 1472 211 65 Bruce,
1154 1471 173 53 1887-

499 1550 122 54 The
666 1550 168 54 Bible
879 1551 113 53 and
1036 1550 98 53 the
1176 1555 164 63 quest
1383 1549 65 53 of
1489 1549 135 69 life;
1671 1549 278 70 fifty-two
1993 1549 217 56 studies
2252 1551 61 53 in
2354 1551 97 53 the

428 1628 392 54 contribution
855 1627 65 55 of
954 1628 96 54 the
1086 1627 168 55 Bible
1288 1632 59 49 to
1383 1629 371 68 present-day
1787 1629 250 68 thought
2073 1629 113 54 and
2221 1629 123 68 life,
2375 1629 75 69 by

430 1705 2021 71 Bruce Curry … New York, Oxford university press, 1933.
500 1781 50 39 xi
578 1792 42 37 p.,
663 1782 24 38 1
738 1813 22 16 l.,
787 1781 85 40 316
901 1792 42 37 p.
1007 1780 145 42 19½cm.

498 1837 381 49 Bibliography:
911 1849 29 37 p
982 1838 219 41 315-316.

433 1891 52 53 ©
525 1897 126 47 Sept.
689 1896 69 46 28,
795 1896 141 40 1933:
975 1895 66 40 2c.
1079 1896 100 40 and
1211 1894 80 41 aff.
1333 1896 127 47 Sept.
1497 1895 83 47 30;
1619 1897 44 39 A
1696 1896 171 41 65411:
1907 1895 190 41 Oxford
2134 1895 131 42 univ.
2301 1905 151 39 press,

500 1954 118 39 New
649 1953 147 48 York,
830 1954 105 45 inc.,
969 1953 118 39 New
1121 1953 144 39 York.
1339 1952 258 48 (33-29520)

428 2046 315 67 Cuthbert,
774 2045 245 58 Clifton.

502 2124 113 53 Art
649 2126 195 66 colony
907 2123 92 68 [by]
1040 2122 224 55 Clifton
1302 2121 296 56 Cuthbert.
1670 2121 138 54 New
1846 2121 180 69 York,
2058 2121 88 54 W.
2185 2120 263 70 Godwin,

431 2201 126 68 inc.,
590 2206 152 49 1933.

502 2278 28 41 6
555 2290 41 37 p.
649 2309 22 17 l.,
701 2278 178 40 15-250
904 2289 44 37 p.
1005 2278 146 40 19½cm.

435 2331 51 53 ©
514 2335 103 42 Oct.
644 2336 68 39 11.
739 2336 141 39 1933;
910 2336 66 39 2c.
1005 2335 102 40 Oct.
1135 2334 82 42 16:
1246 2334 82 40 aff.
1358 2334 101 40 Oct.
1488 2335 83 45 14;
1599 2335 41 38 A
1666 2334 144 41 65656;
1867 2334 219 41 William
2115 2334 217 48 Godwin,
2361 2335 91 39 inc.

512 2393 283 49 (33-29839)

428 2484 369 65 Defenbach,
829 2485 222 64 Byron,
1087 2483 173 54 1870-

503 2562 215 67 Idaho;
756 2563 96 53 the
885 2562 162 69 place
1081 2562 113 53 and
1227 2561 75 54 its
1335 2561 231 69 people;
1603 2585 30 33 a
1668 2561 224 68 history
1922 2560 65 55 of
2019 2562 96 53 the
2149 2580 127 51 gem
2309 2567 147 48 state

434 2640 1958 69 from prehistoric to present days, by Byron Defenbach …
434 2720 274 69 Chicago,
757 2720 139 53 New
946 2719 182 57 York,
1175 2719 122 55 The
1346 2718 307 54 American
1702 2718 298 54 historical
2047 2719 231 68 society,
2327 2719 127 67 inc.,

434 2802 151 51 1933.

500 2875 25 39 3
557 2883 41 29 v.
662 2872 164 48 front.,
856 2873 144 50 illus.,
1029 2874 151 49 ports.
1240 2873 148 41 26½cm.

506 2931 1012 49 Vols. II and in mainly biographical.
505 2988 184 41 “Idaho
714 2989 270 49 biography
1013 2988 356 50 (gratuitously
1394 2987 282 50 published)
1709 2987 60 50 by
1793 2986 180 50 special
2000 2986 120 42 staff
2139 2986 53 41 of
2214 2985 238 42 writers.”

503 3043 380 51 Bibliography:
917 3047 91 40 vol.
1062 3077 8 16 I,
1101 3057 41 37 p.
1173 3046 219 41 576-580.

437 3098 52 53 ©
525 3104 102 40 Oct.
661 3104 40 45 9,
735 3103 113 40 1933;
911 3104 67 40 2c.
1012 3105 118 39 each
1166 3104 103 40 Oct.
1302 3104 82 46 13;
1421 3103 81 41 aff.
1540 3104 100 40 Oct.
1677 3104 81 43 11:
1796 3103 40 38 A
1869 3101 171 47 66594;
2079 3102 164 47 Byron

507 3099 1928 101 Defenbach
660 3160 36 40 &
725 3171 128 37 sons,
884 3160 105 48 inc.,
1021 3160 158 49 Boise,
1213 3161 67 40 Id.
1354 3160 283 49 (33-29507)

431 3250 120 55 Des
581 3251 291 67 Granges,
899 3252 248 55 Charles
1174 3254 183 65 Marc,
1389 3255 173 51 1861-

505 3327 260 57 Histoire
794 3329 70 53 de
892 3331 56 52 la
977 3328 348 56 civilisation
1356 3330 288 66 franchise
1671 3330 97 53 des
1799 3329 249 68 origines
2080 3346 32 33 a
2140 3345 103 36 nos
2272 3325 177 68 jours,

435 3403 2014 74 par Ch.-M. des Granges … et Oliver Towles … New York,
431 3484 457 69 Prentice-Hall,
921 3486 128 67 inc.,
1085 3491 152 49 1933.

509 3555 99 48 xxi,
631 3557 87 41 473
747 3569 42 38 p.
817 3559 109 41 incl.
955 3560 165 48 front.,
1148 3560 129 42 illus.
1337 3559 57 42 21
1397 3562 46 23 cm
1445 3592 11 10 .

437 3610 52 53 ©
521 3615 129 49 Sept.
679 3617 70 41 25,
779 3617 113 40 1933;
952 3617 65 41 2c.
1050 3617 101 42 Oct.
1182 3618 52 45 5;
1266 3618 83 40 aff.
1380 3619 102 40 Oct.
1511 3620 55 45 4;
1598 3619 41 39 A
1667 3618 171 46 66460;
1872 3615 377 46 Prentice-Hall,
2280 3615 92 41 inc.

514 3672 284 50 (33-29670)

431 3743 86 53 De
544 3746 177 68 Vitis,
751 3748 252 57 Michael
1032 3751 248 66 Angelo,
1313 3751 401 55 1890-ed.

505 3824 166 55 Tales
698 3826 64 54 of
790 3826 252 70 Spanish
1070 3829 286 68 America,
1381 3831 140 53 with
1549 3831 292 65 exercises,
1864 3835 178 59 notes,
2070 3828 112 54 and
433 3825 1993 146 vocabulary
596 3905 75 67 by

705 3904 1743 72 M. A. De Vitis … and Dorothy Torreyson … New
432 3978 181 74 York,
638 3982 122 55 The
786 3983 338 57 Macmillan
1154 4005 300 51 company,
1486 3991 152 53 1933.
