2484 4405
1049 4089 134 53 1677

127 445 144 52 New
302 444 160 52 York
496 442 216 68 (State)
800 441 205 54 Courts
1038 444 62 66 of
1129 442 215 53 record.

259 519 1861 68 … The miscellaneous reports. Cases decided in the Courts
129 600 63 52 of
226 599 196 52 record
455 599 63 53 of
552 599 98 52 the
681 604 144 48 state
859 598 63 53 of
957 600 138 51 New
1130 598 179 55 York,
1342 599 161 51 other
1538 599 140 51 than
1711 598 96 52 the
1843 599 180 53 Court
2057 598 62 52 of

130 680 231 65 appeals
410 677 112 52 and
569 677 95 52 the
711 677 308 67 Appellate
1067 675 249 53 division
1364 676 63 52 of
1474 676 96 52 the
1620 675 274 69 Supreme
1942 681 178 47 court.

127 754 210 53 Austin
377 757 65 50 B.
480 750 219 69 Griffin,
736 758 256 63 reporter.
1083 772 51 34 v.
1177 753 114 68 147,
1332 757 150 49 1933.
1562 751 239 69 [Official
1837 754 104 66 ed.]
129 755 1965 147 Albany,
319 835 55 54 J.
401 836 65 50 B.
494 835 159 65 Lyon
681 850 297 50 company,
1006 834 150 51 1933.

264 937 8 15 xv,
297 905 85 41 959
406 915 45 37 p.
505 905 55 39 23½
593 907 43 21 cm
642 937 8 7 .

130 971 52 51 ©
214 975 112 41 Dec.
359 976 38 45 1,
430 974 140 47 1933;
605 976 66 38 2c.
704 975 112 39 Dec.
850 974 81 47 19;
969 973 80 41 aff.
1082 974 112 40 Dec.
1228 974 81 46 15;
1345 975 41 38 A
1418 974 169 47 67618;
1625 975 211 39 Edward
1871 976 43 39 J.
1951 975 170 46 Flynn,

195 1037 246 44 secretary
478 1033 51 40 of
564 1033 80 40 the
681 1036 130 37 state
843 1033 52 39 of
930 1033 116 39 New
1085 1032 144 41 York,
1265 1033 48 39 in
1350 1036 131 36 trust
1516 1033 78 39 for
1632 1033 80 40 the
1746 1033 176 41 benefit
1956 1033 52 41 of
2044 1035 80 39 the

194 1093 164 46 people
387 1091 51 38 of
466 1091 80 39 the
573 1092 141 44 state,
743 1089 201 47 Albany.

128 1209 182 64 Niles,
337 1212 138 50 Mrs.
505 1209 179 55 Blair.

258 1285 1767 68 … Light again, a novel. New York, Liveright, inc. [ c 1933]
197 1359 85 40 320
311 1369 40 38 p.
414 1358 55 41 19½
501 1362 15 20 cm
549 1391 9 8 .

199 1417 62 40 At
286 1417 123 40 head
436 1415 52 41 of
515 1415 107 41 title:
678 1416 73 47 By
777 1415 139 40 Blair
939 1414 147 42 Niles.

129 1481 52 51 ©
209 1486 121 40 Mar.
357 1486 38 48 9,
423 1485 114 41 1933;
594 1486 66 39 2c.
689 1485 111 40 Dec.
826 1487 28 37 4;
911 1484 82 42 aff.
1021 1485 112 40 Dec.
1164 1485 25 38 2;
1248 1484 41 38 A
1315 1483 143 41 68386;
1517 1484 54 40 B.
1599 1484 149 47 Niles,
1780 1486 116 38 New
1921 1484 145 41 York.

203 1544 278 49 (33-36077)

128 1662 174 64 Page,
333 1661 207 66 Kirby,
573 1664 171 50 1890-

197 1739 446 54 Individualism
674 1739 113 53 and
819 1738 311 67 socialism;
1166 1757 72 35 an
1271 1738 208 53 ethical
1510 1756 206 51 survey
1748 1738 65 55 of
1845 1739 282 54 economic

128 1816 2000 69 and political forces, by Kirby Page … New York, Farrar &
129 1895 294 68 Rinehart,
457 1895 401 68 incorporated
898 1928 13 35 [
915 1902 19 22 c
938 1897 152 65 1933]

193 1968 62 48 ix,
292 1969 84 40 367
413 1979 44 38 p.
516 1969 54 38 21
575 1970 44 22 cm
623 2000 9 9 .

197 2027 174 40 “Notes
403 2027 95 39 and
529 2025 302 41 references”:
893 2037 41 37 p.
967 2026 215 40 333-353.

129 2089 51 52 ©
207 2094 116 39 Nov.
350 2093 67 46 16,
444 2093 113 41 1933;
610 2093 66 41 2c.
702 2093 116 41 Nov.
846 2094 55 40 18;
955 2093 81 40 aff.
1063 2093 118 41 Nov.
1206 2093 55 40 17;
1316 2094 41 38 A
1382 2093 144 41 68287;
1582 2094 59 39 K.
1667 2095 139 47 Page,
1835 2095 117 40 New
1980 2094 141 40 York.

202 2151 279 49 (33-35686)

127 2269 207 65 Pardé,
361 2271 280 55 Maurice.

255 2346 1869 70 … Fleuves et rivières, par Maurice Pardé … 18 graphiques
123 2428 53 48 et
208 2430 195 47 cartes.
473 2424 184 68 Paris,
687 2425 72 54 A.
793 2423 185 68 Colin,
1014 2428 150 49 1933.

124 2497 1981 107 224 p. illus. (maps) diagrs. 17 ½ cm . (Collection Armand Colin (Section de géographie) n° 155)
197 2612 276 49 “Ouvrages
501 2613 27 39 à
555 2613 273 40 consulter”:
887 2624 41 37 p.
959 2612 247 50 [219]-221.

128 2676 1993 56 © Apr. 5, 1933; 1c. Oct. 24; A- Foreign 22538; Max Leclerc & cie.,
193 2741 154 39 Paris.
418 2740 279 49 (33-36352)

126 2855 239 68 Perroy,
393 2860 223 64 Henry,
646 2860 54 53 d.
734 2862 150 51 1925.

193 2935 55 51 A
271 2943 162 61 great
457 2935 112 55 and
591 2934 226 53 humble
841 2936 139 69 soul,
1005 2936 228 54 Mother
1256 2936 242 54 Thérèse
1524 2935 272 70 Couderc,
1822 2936 297 55 foundress

2 2999 2119 240 I of the Society of Our Lady of the retreat in the Cenacle (1805-1885) translated from the French of the Reverend Henry Perroy … by the Reverend John J. Burke … New York, The
126 3247 224 53 Paulist
385 3267 173 47 press,
594 3252 151 49 1933.

197 3317 1099 49 3 p. l. , v-viii, 241 p. front. (port.) 20 cm .
128 3369 51 52 ©
207 3374 118 41 Nov.
354 3374 41 48 6,
421 3374 113 41 1933;
593 3377 66 39 2c.
688 3377 119 41 Nov.
835 3377 27 40 9;
920 3377 82 40 aff.
1032 3376 118 42 Nov.
1182 3379 25 37 7;
1266 3378 41 38 A
1338 3377 144 42 66998;
1542 3379 204 41 Cenacle
1775 3381 53 39 of
1860 3379 66 42 St.
1959 3380 160 49 Regis,

191 3432 106 48 inc.,
327 3435 117 38 New
471 3435 143 40 York.
686 3434 279 49 (33-35469)

127 3547 197 65 Pfuhl,
358 3547 290 67 Wilhelm,
685 3554 171 49 1889-

255 3624 1865 74 … Entwicklung und Wachstum des menschen, von Wilhelm
125 3698 1995 78 Pfuhl … Mit 98 abbildungen. Leipzig. Quelle & Mever,
127 3780 147 52 1933.

197 3850 1624 58 108 p. illus. 18½ cm . (Wissenschaft und bildung … 289)
196 3907 274 42 “Hinweise
497 3910 89 39 auf
612 3912 88 39 das
728 3912 309 40 Schrifttum”:
1096 3923 44 37 p.
1174 3913 113 50 [105]

131 3958 1872 62 © Aug. 15, 1933; 1c. Sept. 26; A- Foreign 22273; Quelle & Meyer. (33-36363)
