2597 4403
1361 4058 100 50 154

451 469 115 48 Map
596 468 344 48 accompanied
971 468 60 48 by
1062 467 102 42 leaf
1192 467 122 41 with
1344 466 293 49 descriptive
1670 467 299 48 letterpress.

383 537 52 52 ©
470 541 109 40 Feb.
613 540 40 48 7,
686 538 142 49 1933;
863 539 67 42 2c.
963 542 96 40 and
1093 539 81 41 aff.
1210 540 111 40 Feb.
1354 538 55 48 9;
1444 539 43 39 A
1518 538 171 49 60218;
1725 540 52 39 E.
1812 539 52 40 P.
1897 538 193 41 Dutton
2120 538 37 40 &
2189 546 83 39 co.,
2305 537 92 41 inc.

461 597 254 47 (33-4044)

380 701 210 66 Miller,
621 702 262 54 Herbert
915 700 328 67 Adolphus,
1278 703 174 54 1875-

381 779 1990 150 The beginnings of to-morrow; an introduction to the sociology of the great society, by Herbert Adolphus Miller …
383 940 236 65 Boston,
646 940 140 53 New
816 938 165 55 York
1031 944 122 61 [etc.]
1186 941 73 52 D.
1290 939 64 56 C.
1381 939 196 53 Heath
1609 939 112 53 and
1750 957 285 51 company
2066 941 197 66 [c1933]

455 1014 104 47 xiii,
585 1012 88 43 310
699 1025 43 37 p.
797 1012 147 41 22½cm.
1011 1014 255 49 (Lettered
1292 1024 60 29 on
1381 1023 164 32 cover:
1575 1013 156 42 Social
1762 1013 236 42 relations
2027 1012 177 50 series)

455 1084 381 49 Bibliography:
869 1096 43 37 p.
942 1083 220 42 289-305.

387 1153 52 52 ©
471 1158 111 39 Jan.
615 1155 69 50 19,
718 1156 141 47 1933;
894 1155 67 41 2c.
996 1156 112 41 Feb.
1141 1155 53 49 2;
1231 1155 82 41 aff.
1348 1156 112 41 Feb.
1493 1157 53 47 1;
1582 1157 40 39 A
1654 1155 171 49 59228;
1862 1158 61 40 H.
1958 1157 52 40 A.
2048 1156 176 48 Miller,
453 1154 1933 108 Oberlin,
568 1214 53 41 O.
693 1213 253 50 (33-4022)

382 1320 344 64 Montague,
759 1318 232 66 Mosby.

453 1397 120 53 The
602 1397 217 69 agent’s
843 1395 302 56 insurance
1169 1403 123 47 text
1314 1397 149 53 book
1486 1418 73 33 on
1585 1398 345 54 automobile
1954 1397 255 70 liability
380 1399 1998 145 salesmanship,
717 1475 271 54 financial
1038 1475 435 70 responsibility
1524 1476 114 54 and
1688 1477 366 69 compulsory
2104 1476 301 55 insurance

383 1556 155 68 laws,
580 1554 329 69 combating
948 1557 223 51 mutual
1213 1556 114 52 and
1369 1554 313 69 reciprocal
1723 1556 319 68 insurance,
2081 1556 74 68 by
2197 1557 208 67 Mosby

383 1635 331 67 Montague.
790 1634 290 68 Roanoke,
1115 1635 127 66 Va.,
1276 1634 318 68 Montague
1626 1634 149 53 book
1810 1652 283 51 company
2150 1638 177 64 [c1933]

455 1709 86 40 383
579 1720 42 37 p.
683 1707 116 41 19cm.

392 1778 51 52 ©
469 1781 111 40 Feb.
606 1782 39 46 1,
670 1779 142 48 1933;
839 1780 69 41 2c.
933 1781 95 39 and
1054 1779 83 42 aff.
1163 1780 111 39 Feb.
1301 1780 55 48 2;
1384 1780 41 39 A
1450 1779 172 49 60132;
1651 1781 62 40 M.
1740 1781 279 48 Montague,
2047 1780 246 48 Roanoke,
2319 1781 85 40 Va.

468 1838 255 49 (33-4163)

386 1943 285 54 National
700 1942 320 55 industrial
1050 1943 351 54 conference
1431 1942 203 58 board.

457 2021 485 68 Unemployment
962 2022 301 52 insurance
1285 2021 113 53 and
1422 2019 169 56 relief
1612 2022 62 52 in
1697 2018 308 71 Germany.
2063 2019 138 54 New
2229 2019 179 72 York,

389 2098 273 56 National
696 2098 310 54 industrial
1042 2097 331 56 conference
1407 2097 198 67 board,
1641 2097 126 69 inc.,
1806 2101 151 50 1932.

459 2174 98 47 xvi,
587 2173 86 41 107
702 2185 44 37 p.
775 2173 108 40 incl.
916 2173 171 48 tables,
1118 2173 182 48 diagrs.
1360 2173 116 40 23cm.
1595 2171 131 50 $2.00

393 2243 53 51 ©
476 2247 110 39 Jan.
616 2246 70 47 24,
718 2244 142 48 1933;
892 2245 68 42 2c.
992 2247 95 39 and
1120 2245 82 41 aff.
1235 2246 112 40 Feb.
1377 2247 53 46 4;
1465 2246 40 39 A
1535 2245 171 48 60158;
1740 2246 234 41 National
2005 2246 265 42 industrial
461 2254 1930 90 conference
682 2304 165 46 board,
873 2302 93 41 inc.
1037 2301 253 50 (33-3917)

389 2405 314 67 Nehrling,
735 2408 225 65 Henry,
993 2411 329 53 1853-1929.

460 2486 123 52 The
606 2486 167 67 plant
797 2487 183 53 world
1005 2486 59 53 in
1092 2484 268 70 Florida;
1391 2487 155 53 from
1569 2487 98 53 the
1691 2487 305 68 published
2022 2488 387 68 manuscripts

390 2565 66 51 of
494 2566 104 51 Dr.
637 2565 206 67 Henry
879 2563 315 70 Nehrling;
1237 2565 270 55 collected
1547 2567 113 52 and
1698 2565 191 54 edited
1926 2567 78 67 by
2040 2567 213 52 Alfred
2294 2568 113 52 and

391 2642 304 54 Elizabeth
724 2643 162 68 Kay;
918 2644 312 67 sponsored
1258 2643 78 69 by
1362 2644 97 54 the
1488 2644 234 55 Garden
1751 2644 128 53 club
1909 2644 64 53 of
2001 2645 168 53 Palm
2201 2646 206 54 Beach.

390 2721 141 54 New
558 2721 181 69 York,
766 2723 124 53 The
914 2722 341 54 Macmillan
1281 2740 300 51 company,
1612 2727 151 50 1933.

462 2795 123 40 xviii
613 2807 58 37 p.,
698 2796 26 39 1
775 2827 23 17 l.,
826 2794 87 42 304
941 2805 30 38 p
1045 2794 150 42 front.
1225 2795 175 48 (port.)
1437 2797 173 46 plates.
1670 2797 118 40 24cm.

463 2860 141 49 Maps
632 2870 61 29 on
720 2859 368 49 lining-papers.

398 2927 52 52 ©
482 2932 110 39 Feb.
625 2933 70 45 14,
726 2930 142 48 1933;
900 2930 67 43 2c.
999 2933 96 39 and
1125 2932 83 41 aff.
1240 2932 110 41 Feb.
1382 2933 83 47 15;
1499 2933 41 39 A
1570 2932 170 49 59430;
1776 2932 283 42 Macmillan
2091 2944 68 32 co.

477 2988 253 49 (33-4034)

393 3093 313 66 Norwood,
738 3094 224 55 Robert
991 3093 395 67 Winkworth,
1422 3096 327 56 1874-1932.

396 3171 2016 149 Increasing Christhood, by Robert Norwood … with a tribute to the author by Walter Russell Bowie … Memorial ed.
398 3331 136 52 New
562 3330 180 63 York,
768 3330 261 68 London,
1057 3330 61 56 C.
1149 3329 314 56 Scribner’s
1491 3350 148 50 sons,
1666 3334 151 51 1932.

465 3410 167 47 xxxiv,
663 3410 86 41 332
779 3420 43 39 p.
882 3409 150 41 front.
1063 3409 174 50 (port.)
1305 3412 118 39 22cm.

399 3480 1997 103 “An extension of The steep ascent, and of His glorious body … noontide meditations at St. Bartholomew’s.”—Foreword.
403 3607 52 51 ©
480 3612 111 39 Dec.
616 3611 40 48 9,
680 3610 142 47 1932;
847 3611 68 40 2c.
939 3612 110 40 Jan.
1073 3613 40 41 5,
1137 3611 141 48 1933;
1304 3613 82 40 aff.
1411 3614 111 39 Jan.
1546 3613 83 48 19;
1655 3616 40 38 A
1719 3613 171 49 59045;
1918 3616 204 40 Charles
2149 3614 266 42 Scribner’s

471 3678 126 30 sons.
670 3668 252 48 (33-4367)

400 3771 264 65 Nyberg,
694 3772 222 64 Joseph
946 3773 320 56 Antonius.

470 3849 1943 74 Plane geometry, by Joseph A. Nyberg … Enl. New York,
401 3926 327 56 Cincinnati
816 3935 88 62 [etc.]
939 3931 309 53 American
1275 3932 149 54 book
1451 3951 283 51 company
1783 3937 157 50 [c1933]
