2582 4453
1418 4128 101 49 940

453 436 1998 149 New Jersey and Atlantic digest. June, 1933, cumulative pamphlet …
864 515 1179 70 St. Paul, West publishing co. [ c 1933]
527 592 90 40 352
643 603 41 37 p.
742 591 56 39 24
802 592 44 21 cm
851 621 9 9 .

459 658 51 52 ©
538 663 126 39 June
690 662 70 44 24,
786 660 142 48 1933;
956 662 67 40 2c.
1051 661 119 47 July
1194 661 84 47 24;
1307 659 83 42 aff.
1417 660 119 48 July
1562 660 83 48 22;
1674 660 43 39 A
1742 659 171 48 64469;
1943 661 137 40 West
2106 660 110 48 pub.
2243 670 68 30 co.

453 823 147 53 New
627 824 162 53 York
831 823 220 69 (State)
1136 821 186 71 Laws,
1350 829 259 62 statutes,
1638 830 102 47 etc.

588 902 1889 69 … Gilbert-Bliss civil practice of New York, annotated.
456 980 2022 70 Bks. 2-14, 16-18. Supplement, 1927-1933 … New York,
456 1061 208 69 Baker,
761 1061 192 54 Voorhis
992 1066 46 50 &
1074 1080 109 40 co.;
1226 1062 345 68 Northport,
1610 1064 69 51 N.
1719 1064 92 64 Y.,
1851 1062 256 53 Edward
2145 1062 334 68 Thompson

455 1159 311 51 company;
811 1142 141 52 New
994 1141 166 53 York
1199 1142 114 52 and
1356 1142 252 68 Albany,
1649 1142 281 52 Matthew
1973 1142 229 52 Bender
2243 1146 44 49 &
453 1161 2001 130 company,
656 1220 425 71 incorporated,
1115 1224 153 51 1933.

525 1298 60 40 16
620 1308 43 29 v.
730 1297 61 39 25
791 1299 44 20 cm
840 1329 8 7 .

532 1355 157 39 These
719 1354 277 48 pamphlets
1028 1364 85 30 are
1144 1356 49 38 to
1224 1354 60 39 be
1312 1353 142 40 fitted
1481 1353 106 40 into
1619 1354 84 40 the
1732 1354 199 47 pockets
1963 1355 52 38 at
2047 1354 82 39 the
2161 1353 123 40 back
2315 1354 52 40 of
2399 1354 82 40 the

455 1413 219 39 volumes
701 1411 54 40 of
781 1412 85 40 the
891 1414 74 38 set
993 1413 50 39 to
1071 1412 161 39 which
1260 1411 119 48 they
1405 1410 186 49 belong.

462 1479 52 51 ©
543 1483 116 47 July
684 1481 70 47 28,
782 1481 114 41 1933
915 1494 9 34 ;
954 1482 67 40 2c.
1049 1482 119 39 each
1195 1482 97 39 and
1319 1480 82 41 aff.
1431 1481 118 48 July
1575 1481 83 46 29;
1688 1481 41 39 A
1757 1481 171 48 63757;
1960 1482 238 39 Matthew
2227 1483 190 39 Bender
2447 1482 37 41 &

529 1551 83 37 co.,
640 1540 106 48 inc.,
774 1541 96 39 and
899 1540 176 48 Baker,
1104 1539 208 40 Voorhis
1341 1539 36 40 &
1404 1549 82 37 co.,
1515 1538 91 42 inc.

455 1645 263 64 Nichols,
746 1645 255 63 Osgood.

592 1719 1888 71 … Work camps for America; the German experience and
460 1799 1996 151 the American opportunity. New York, The John Day company [ c 1933]
527 1955 55 40 31
614 1965 43 37 p.
722 1954 57 40 19½
812 1955 44 22 cm
861 1985 9 9 .
942 1952 98 49 (On
1069 1963 165 31 cover:
1264 1952 102 40 The
1399 1951 128 41 John
1561 1951 110 47 Day
1702 1951 291 49 pamphlets,
2053 1963 76 31 no.
2162 1952 80 49 27)

528 2012 66 40 At
621 2012 126 40 head
778 2010 52 41 of
858 2011 138 40 title:
1030 2009 189 48 Osgood
1248 2008 199 41 Nichols
1480 2010 97 39 and
1607 2007 258 43 Comstock
1897 2009 187 41 Glaser.

463 2067 51 53 ©
551 2071 126 41 June
712 2070 69 48 15,
814 2069 142 45 1933;
993 2069 68 41 2c.
1096 2069 131 40 June
1257 2069 83 47 17;
1378 2067 81 42 aff.
1496 2069 129 40 June
1658 2068 82 48 16;
1777 2069 42 40 A
1852 2069 171 48 63282;
2106 2102 7 7 O.
2150 2069 200 41 Nichols
2385 2069 99 42 and

532 2130 258 41 Comstock
822 2128 187 47 Glaser,
1041 2128 117 39 New
1188 2127 146 40 York.
1407 2127 283 48 (33-16202)

454 2231 446 55 Northeastern
931 2234 291 62 reporter.

527 2312 189 53 North
750 2317 223 48 eastern
1006 2309 207 70 digest,
1246 2309 271 69 covering
1548 2311 254 52 volumes
1838 2311 239 52 171-183
2113 2312 188 52 North
457 2317 1998 128 eastern

596 2389 1883 71 reporter, and the corresponding state reports … Tables
457 2468 2021 71 of statutes construed and cases digested … By the publisher’s
457 2548 269 56 editorial
757 2545 153 58 staff.
989 2546 84 56 St.
1105 2550 167 66 Paul,
1301 2548 162 54 West
1492 2548 339 71 publishing
1859 2568 99 50 co.,
1992 2554 151 49 1933.

530 2628 23 37 l
589 2637 42 37 p.
701 2656 8 11 l.,
743 2624 115 40 1173
891 2633 43 39 p.
995 2623 60 40 26
1055 2624 45 21 cm
1106 2655 7 7 .

465 2679 51 52 ©
549 2684 131 39 June
706 2681 71 47 28,
810 2680 141 47 1933;
985 2680 67 41 2c.
1086 2680 118 48 July
1235 2680 82 46 24;
1353 2678 81 41 aff.
1468 2679 117 48 July
1617 2680 82 47 22;
1734 2680 43 39 A
1809 2680 171 48 64465;
2016 2682 136 40 West
2184 2682 109 49 pub.
2327 2694 69 31 co.

457 2840 244 67 Oakley,
731 2839 215 66 Violet,
975 2841 174 55 1874-

531 2924 139 53 Law
698 2920 367 69 triumphant
1094 2917 337 71 containing
1459 2920 122 53 The
1611 2919 251 71 opening
1892 2920 64 54 of
1986 2923 95 52 the
2111 2924 148 52 book
2291 2924 64 52 of
2384 2926 95 52 the

461 2998 1989 152 law and The miracle of Geneva, by Violet Oakley … [Philadelphia, c 1933]
534 3157 28 38 4
599 3167 42 37 p.
715 3187 9 16 l.,
761 3152 145 42 13-15
943 3163 57 38 p.,
1040 3152 28 39 2
1140 3183 9 17 l.,
1186 3151 189 48 19-107,
1416 3151 71 49 [1],
1526 3150 281 50 108a-108b,
1848 3152 204 41 109-114
2088 3163 44 38 p.
2193 3153 128 41 illus.
2383 3157 97 39 and

463 3208 1543 50 atlas of LXXI mounted pi. (part col.; incl. ports.) 41 cm .
536 3271 269 47 Colophon:
830 3269 101 39 The
960 3270 311 45 seventy-one
1300 3267 239 47 collotype
1567 3268 158 47 plates
1754 3267 257 41 contained
2039 3268 49 39 in
2119 3268 98 41 this
2246 3270 234 47 portfolio

465 3339 84 30 are
574 3329 61 47 by
661 3330 81 38 the
769 3328 168 39 House
962 3326 52 40 of
1039 3327 116 38 Max
1182 3324 104 41 Jaffé
1340 3325 53 39 of
1415 3323 203 42 Vienna.
1681 3326 56 38 In
1764 3326 82 39 the
1873 3327 305 47 typography
2208 3326 120 40 Miss
466 3327 1996 106 Oakley
583 3386 90 40 has
715 3385 117 40 been
877 3383 210 41 assisted
1130 3383 61 47 by
1235 3383 199 46 Harvey
1477 3382 224 48 Hopkins
1743 3383 173 46 Dunn;
1960 3384 82 39 the
2084 3385 105 39 text
2230 3385 88 39 has
2361 3384 115 41 been

466 3443 192 48 printed
685 3443 153 39 under
866 3441 129 40 their
1021 3440 238 40 direction
1283 3441 62 46 by
1371 3440 181 47 Joseph
1578 3441 70 39 W.
1675 3440 194 47 Tatum,
1894 3441 53 40 of
1973 3441 80 40 the
2080 3441 399 41 Biddle-Deemer

467 3500 216 48 printing
722 3509 249 37 company,
1013 3498 52 39 of
1105 3496 479 49 Philadelphia—set
1625 3497 49 39 in
1716 3497 278 41 Garamond
2037 3500 301 46 type—upon
2382 3499 95 41 San

468 3559 166 39 Marco
672 3567 176 38 paper:
891 3557 82 39 the
1011 3556 192 40 leather
1242 3565 168 30 covers
1449 3555 96 40 and
1583 3556 82 39 the
1703 3555 202 48 binding
1941 3556 54 40 of
2031 3557 82 39 the
2151 3557 106 39 text
2295 3567 85 29 are
2415 3556 61 49 by

467 3616 172 39 Alfred
669 3614 157 42 Smith
855 3615 95 38 and
977 3623 250 38 company,
1256 3613 53 40 of
1335 3611 370 49 Philadelphia;
1737 3615 83 38 the
1846 3613 149 40 metal
2023 3613 160 48 clasps
2211 3613 51 41 of
2288 3624 191 38 copper-

466 3672 102 47 gilt,
600 3672 60 48 by
691 3673 218 45 Douglas
941 3670 250 41 Gilchrist.

535 3729 204 41 Printed
771 3729 51 40 in
851 3729 84 40 red
968 3729 95 40 and
1095 3728 156 42 black.

567 3787 119 41 "This
728 3786 183 41 edition
955 3787 42 40 is
1037 3786 188 40 limited
1269 3788 49 38 to
1359 3788 137 39 three
1538 3787 220 39 hundred
1802 3787 161 47 copies
2005 3786 52 41 of
2097 3786 157 40 which
2295 3786 99 40 this
2435 3786 42 40 is

466 3844 203 40 number
704 3844 129 41 113.”
897 3843 205 49 Signed:
1141 3844 160 40 Violet
1338 3844 198 47 Oakley.

540 3903 168 38 Issued
739 3902 47 38 in
814 3902 259 48 portfolio;
1105 3902 203 39 lettered
1340 3912 58 28 on
1427 3911 168 30 cover:
1898 3934 8 8 MCMXXXII.

540 3958 1938 50 “Law triumphant is … a consequent to the former message of ‘The
467 4015 112 49 holy
611 4016 317 48 experiment’
963 4017 256 48 published
1256 4017 48 39 in
1338 4016 498 41 1922.”—Foreword.
