2597 4403
1269 4107 103 50 324

310 434 271 65 Dresser,
610 433 255 54 Horatio
890 433 209 65 Willis,
1130 439 172 51 1866-

378 512 297 69 Knowing
721 513 114 51 and
880 512 241 69 helping
1165 513 231 67 people;
1445 530 31 35 a
1522 512 173 68 study
1738 511 66 53 of
1848 512 266 67 personal

308 513 1995 147 problems and psychological techniques, by Horatio W. Dresser …
309 671 237 66 Boston,
576 670 121 54 The
728 670 227 53 Beacon
985 688 177 50 press,
1191 670 127 55 inc.,
1350 672 152 51 1933.

381 744 64 49 ix,
476 744 88 41 268
592 756 43 37 p.
695 743 56 40 21½
786 746 44 21 cm
835 776 8 8 .

315 799 52 52 ©
399 804 124 39 Mar.
553 804 39 46 1,
624 800 114 43 1933;
799 802 68 41 2c.
898 804 96 39 and
1025 802 81 40 aff.
1142 803 123 40 Mar.
1295 802 26 41 3;
1383 803 41 38 A
1455 802 143 41 60481;
1663 804 192 39 Beacon
1885 812 152 39 press,
2070 804 91 40 inc.

393 860 254 49 (33-6807)

310 938 277 66 Drossos,
618 937 157 55 John
806 938 73 56 A.

380 1014 1884 70 My lawyer in my own language, by John A. Drossos …
313 1094 240 68 [Dallas,
580 1101 22 22 c
606 1098 155 63 1933]

385 1168 625 50 6 p. l., 15-213 p. 23 cm .
316 1223 52 52 ©
402 1227 112 40 Feb.
546 1226 40 48 2,
621 1226 113 41 1933;
797 1226 68 41 2c.
899 1230 96 38 and
1029 1225 83 41 aff.
1147 1226 111 40 Feb.
1294 1224 28 41 6;
1382 1225 41 39 A
1456 1224 148 42 59310;
1665 1225 261 41 Catherine
1961 1226 211 41 Andrew
383 1229 1932 104 Margaritis,

607 1284 99 41 San
735 1284 226 39 Antonio.
1037 1282 252 49 (33-6698)

308 1362 265 65 Dubech,
604 1362 241 56 Lucien.

381 1439 262 55 Histoire
680 1440 263 69 générale
983 1440 257 52 illustrée
1279 1439 77 53 du
1394 1439 243 69 théâtre,
1672 1459 109 50 par
1819 1440 217 54 Lucien
2073 1441 258 70 Dubech,

311 1540 134 35 avec
473 1522 56 51 la
559 1520 416 54 collaboration
1003 1520 69 52 de
1101 1521 246 66 Jacques
1376 1520 70 51 de
1474 1520 321 52 Montbrial
1824 1525 56 48 et
1909 1521 67 52 de
2006 1521 324 54 Madeleine

309 1599 454 54 Horn-Monval.
829 1604 39 48 t.
904 1602 116 49 1-3.
1086 1597 187 68 Paris,
1301 1597 289 55 Librairie
1620 1599 68 52 de
1718 1601 221 51 France
1994 1603 332 66 [1931,1932]

384 1676 28 40 3
471 1708 8 8 v.
534 1675 130 39 illus.
693 1674 139 48 (incl.
855 1675 155 47 plans,
1037 1672 180 50 music)
1252 1673 159 48 plates
1439 1673 135 48 (part
1602 1674 111 46 col.)
1748 1675 166 47 ports.,
1942 1673 216 40 facsims.
2216 1676 58 40 29
2275 1679 45 21 cm
2325 1708 10 10 .

387 1733 186 40 “Toute
605 1743 94 30 une
732 1734 113 46 part
879 1732 65 39 du
979 1733 147 45 texte,
1162 1732 123 39 dans
1320 1731 187 39 chacun
1543 1732 83 39 des
1661 1730 109 49 cinq
1804 1731 230 49 volumes,
2070 1735 74 37 est
2180 1734 58 39 de
2272 1745 61 30 m.

314 1791 212 47 Jacques
554 1791 59 39 de
640 1787 281 49 Montbrial,
951 1791 47 38 et
1028 1791 162 37 toutes
1218 1789 70 39 les
1317 1787 333 41 illustrations
1676 1791 88 38 ont
1791 1787 76 42 été
1895 1787 321 44 rassemblées
2244 1801 91 39 par

311 1858 138 30 mme.
480 1846 182 41 Horn.”
665 1847 194 40 —Pref.

385 1902 1950 49 Vol. III “avec la collaboration de Jacques de Montbrial, de Claire
315 1961 170 42 Éliane
513 1963 150 46 Engel
693 1965 47 37 et
769 1963 57 38 de
855 1961 272 40 Madeleine
1156 1959 402 41 Horn-Monval”.

316 2014 2016 54 t. 1, © Oct. 7, 1931; t. 2, © Feb. 10, 1932; t. 3, © June 30; 1c. each Aug.
385 2076 82 48 29;
501 2078 102 38 A-
606 2076 210 49 Foreign
845 2075 172 48 17839;
1050 2075 244 41 Librairie
1325 2078 57 38 de
1414 2076 202 40 France.
1686 2075 283 50 (32-18695)

315 2151 301 68 Eldridge,
644 2152 166 66 Paul,
844 2158 174 50 1888-

448 2227 1687 71 … One man show. New York, Liveright, inc. [ c 1933]
383 2305 26 40 5
434 2314 44 39 p.
540 2335 10 17 l.,
578 2302 147 43 3-312
751 2314 44 38 p.
857 2303 119 41 21cm.

385 2361 64 41 At
472 2361 126 42 head
625 2361 52 41 of
704 2361 108 41 title:
870 2361 73 46 By
971 2359 123 42 Paul
1121 2359 247 49 Eldridge.

319 2417 52 52 ©
403 2421 112 40 Feb.
546 2421 68 46 14,
645 2420 114 41 1933;
819 2420 70 40 2c.
921 2421 122 39 Mar.
1074 2418 56 40 22;
1191 2419 83 41 aff.
1306 2420 122 39 Mar.
1461 2419 57 40 21;
1578 2420 42 38 A
1651 2419 144 41 60744;
1857 2420 51 41 P.
1941 2418 245 49 Eldridge,
2218 2420 118 39 New

386 2478 146 41 York.
603 2477 253 49 (33-6788)

315 2555 221 64 Ellard,
569 2555 235 55 Gerald.

386 2632 351 56 Ordination
765 2631 331 69 anointings
1122 2631 59 53 in
1207 2632 96 52 the
1328 2635 242 49 western
1594 2630 212 54 church
1829 2628 198 55 before
2055 2632 135 52 1000
2252 2674 10 10 A.
2322 2674 10 10 D.

314 2708 1997 152 [by] Gerald Ellard … Cambridge, Mass., The Mediaeval academy of America, 1933.
386 2863 1949 52 xii, 123 p. VI pl. (facsims.) on 3 1. 26 cm . (Half-title: Monographs
315 2925 52 42 of
391 2926 83 39 the
499 2923 275 41 Mediaeval
801 2923 235 48 academy
1062 2924 52 39 of
1139 2921 241 42 America,
1439 2933 76 31 no.
1544 2922 51 49 8)

387 2983 273 46 “Academy
691 2979 343 50 publications,
1094 2990 75 31 no.
1200 2978 100 43 16.”

389 3040 294 40 “Presented
726 3040 49 39 to
816 3038 82 41 the
937 3036 537 51 Ludwig-Maximilian
1515 3036 288 49 university,
1845 3036 213 50 Munich,

2099 3047 55 32 as
2195 3049 28 30 a
315 3049 2001 98 requirement
617 3096 80 40 for
725 3095 271 48 candidacy
1023 3096 81 40 for
1133 3097 82 39 the
1243 3097 174 47 degree
1445 3096 52 40 of
1525 3097 169 40 doctor
1721 3096 51 39 of
1800 3094 305 51 philosophy,
316 3096 2001 107 November,
441 3153 267 49 1930.”—p.
741 3153 76 50 [iv]

388 3211 178 46 “Early
601 3210 425 50 sacramentaries,
1060 3208 291 49 pontificals,
1385 3212 96 38 and
1513 3209 220 42 ordinals
1768 3209 51 41 in
1852 3210 161 41 which
2045 3221 63 30 no
317 3210 2000 101 ordination
449 3268 152 41 ritual
629 3267 43 41 is
699 3267 183 41 found”:
942 3279 44 38 p.
1015 3267 218 41 105-111.

389 3326 191 41 “Books
624 3328 126 38 most
795 3326 283 47 frequently
1123 3323 157 43 cited”:
1356 3336 44 38 p.
1445 3324 155 41 xi-xii;
1678 3325 183 42 “Index
1906 3326 54 41 of
2003 3325 332 50 manuscripts

316 3383 157 42 cited”:
534 3394 44 38 p.
608 3381 218 42 112-118.

321 3438 52 52 ©
406 3442 111 40 Feb.
545 3441 70 47 23,
646 3440 141 48 1933;
821 3442 67 40 2c.
921 3442 122 40 Mar.
1075 3442 53 45 2;
1163 3441 81 39 aff.
1278 3443 123 38 Mar.
1432 3443 53 46 1;
1518 3442 42 39 A
1591 3442 170 48 60474;
1797 3443 274 41 Mediaeval
2103 3447 231 46 academy

390 3498 52 41 of
468 3498 240 41 America.
779 3499 252 48 (33-6804)

315 3589 124 54 The
470 3589 451 64 Encyclopædia
949 3590 356 57 britannica.

450 3666 1884 69 … The theatre and motion pictures; a selection of articles
320 3743 154 54 from
511 3744 96 54 the
647 3762 124 35 new
814 3744 132 53 14th
989 3744 217 54 edition
1247 3744 66 54 of
1351 3745 97 53 the
1490 3745 442 69 Encyclopædia
1974 3746 356 68 britannica;

317 3840 73 34 an
427 3822 96 54 aid
561 3828 59 48 to
658 3823 95 53 the
793 3821 177 54 fuller
1007 3823 396 68 appreciation
1442 3822 65 54 of
1543 3823 95 53 the
1677 3824 240 67 theatre,
1955 3825 220 53 motion
317 3825 1991 129 pictures
500 3901 114 53 and
642 3900 248 54 kindred
919 3906 137 64 arts,
1086 3902 262 69 together
1378 3901 141 53 with
1549 3902 379 68 descriptions
1958 3902 65 53 of
2053 3904 95 52 the
317 3903 1990 144 techniques
549 3979 251 70 relating
834 3979 238 53 thereto.
1146 3980 92 69 By
1274 3979 94 54 the
1409 3979 303 70 following
1749 3980 368 55 authorities:
2156 3982 69 52 E.
2263 3982 67 54 F.
