2484 4405
1061 4055 100 50 629

114 410 143 52 New
286 410 162 51 York
478 412 159 51 state
667 408 305 54 historical
1002 406 378 55 association.

185 482 1925 70 History of the state of New York … New York, Columbia
114 563 316 69 university
457 582 174 49 press,
661 567 149 50 1933.

186 639 27 38 2
246 649 38 28 v.
345 637 190 47 fronts.,
567 637 144 48 illus.,
745 640 170 46 plates,
947 638 164 46 ports.,
1145 646 136 37 maps
1311 636 47 47 (1
1391 634 144 48 fold.)
1577 633 217 41 facsims.
1854 634 57 39 23½
1943 634 44 22 cm
1994 668 8 9 .

191 691 126 43 Title
368 691 215 49 vignette
645 692 170 47 (“New
867 694 129 39 York
1046 694 128 39 state
1226 691 256 41 historical
1534 690 325 41 association”
1912 691 204 42 lettered

118 751 186 39 around
331 751 81 40 the
438 750 104 39 seal
567 750 51 40 of
644 750 81 41 the
753 748 250 42 Columbia
1032 748 273 48 university
1330 749 160 48 press)

187 806 139 49 Maps
359 818 59 29 on
449 806 363 49 lining-papers.

191 858 1925 53 “Edited by Alexander C. Flick … Published under the auspices of
119 920 80 42 the
227 920 115 41 New
370 920 129 40 York
527 922 128 39 state
684 920 254 40 historical
967 917 339 43 association.”

190 975 186 42 “Select
405 975 365 49 bibliography”
800 978 54 38 at
881 977 93 39 end
1003 976 52 40 of
1081 977 125 38 most
1237 975 52 41 of
1318 976 82 40 the
1429 976 242 48 chapters.

118 1044 52 52 ©
198 1050 113 46 May
336 1049 41 45 4,
405 1047 113 41 1933;
574 1048 68 38 2c.
671 1047 118 39 each
817 1047 114 47 May
958 1046 53 47 5;
1042 1045 108 41 affs.
1180 1047 114 46 May
1322 1045 53 47 6;
1405 1045 42 39 A
1475 1046 158 47 61646,
1662 1046 170 47 61647;
1864 1045 253 42 Columbia

186 1105 128 41 univ.
346 1115 149 38 press.
567 1104 256 48 (33-11644
834 1105 14 47 )

111 1206 238 64 Newell,
382 1205 315 55 Frederick
729 1207 262 64 Haynes,
1027 1208 327 62 1862-1932,
1385 1206 84 52 ed.

183 1282 293 69 Planning
500 1283 113 53 and
637 1283 267 68 building
929 1284 94 53 the
1049 1283 118 68 city
1192 1284 62 53 of
1279 1283 402 67 Washington,
1709 1282 303 68 published
2036 1281 76 67 by

116 1360 97 53 the
260 1360 383 68 Washington
693 1360 212 67 society
954 1361 63 53 of
1066 1361 321 67 engineers;
1441 1361 190 52 edited
1680 1361 76 65 by
1804 1359 310 54 Frederick

116 1435 1926 71 Haynes Newell … [Washington, D. C.] Ransdell inc., 1932.
187 1509 136 48 xviii,
350 1510 99 48 258,
493 1513 41 49 [6]
561 1523 43 37 p.
629 1511 108 40 incl.
764 1512 143 44 illus.,
934 1513 77 48 pi.,
1036 1522 153 39 maps,
1214 1512 179 49 diagrs.
1454 1511 55 40 21
1513 1513 43 22 cm
1561 1543 10 9 .

190 1567 347 50 Bibliography:
595 1579 44 38 p.
675 1567 248 50 [255]-258.

119 1622 51 52 ©
198 1627 126 39 June
349 1626 69 46 22,
445 1625 114 41 1932;
613 1626 67 39 2c.
708 1626 95 39 and
830 1624 82 41 aff.
941 1626 113 47 May
1079 1626 42 47 3,
1149 1624 113 41 1933;
1318 1625 40 39 A
1385 1625 145 40 62492;
1587 1625 248 48 Ransdell,
1862 1626 92 40 inc.

196 1682 279 49 (33-11651)

114 1784 337 66 Nicholson,
482 1787 166 52 Edna
677 1787 68 55 E.

244 1862 1873 71 … Tuberculosis mortality among young women in New York
113 1941 134 68 city,
273 1940 75 69 by
377 1940 167 53 Edna
572 1941 65 52 E.
668 1940 326 55 Nicholson.
1070 1941 139 52 New
1238 1940 179 69 York,
1444 1941 274 54 National
1745 1941 372 56 tuberculosis

112 2019 338 55 association
488 2053 13 33 [
505 2026 18 21 c
530 2021 150 65 1933]

182 2095 60 39 42
277 2105 42 37 p.
386 2093 153 48 diagr.
604 2094 56 40 23
664 2095 43 21 cm
713 2125 8 9 .
799 2094 274 49 ([National
1112 2095 322 40 tuberculosis
1471 2093 310 49 association]
1852 2095 159 42 Social
115 2106 1984 86 research
316 2151 149 41 series.
538 2162 74 29 no.
643 2151 53 47 4)

185 2208 159 40 Based
371 2218 60 29 on
459 2207 85 40 678
571 2217 134 30 cases
732 2207 50 40 in
810 2208 129 41 1929.

186 2264 1930 50 “The field work for this study was carried on … by Miss Esther
115 2319 619 51 Goldberg.”—Foreword.

187 2377 348 42 “References”:
594 2389 42 38 p.
664 2379 70 41 42.

119 2431 51 52 ©
198 2436 113 48 Apr.
341 2436 69 46 10,
440 2436 113 40 1933;
611 2436 66 40 2c.
706 2437 96 39 and
832 2435 82 41 aff.
944 2436 113 48 Apr.
1087 2437 55 38 21;
1202 2437 41 38 A
1272 2437 143 40 62215;
1475 2438 118 40 Natl.
1636 2440 324 41 tuberculosis
1989 2451 128 30 assn.

197 2493 280 47 (33-11476)

114 2592 276 68 Noailles,
419 2594 167 55 Hélie
616 2594 328 56 Guillaume
971 2597 253 65 Hubert,
1251 2597 252 69 marquis
1531 2600 89 65 de,
1650 2602 170 54 1871-

248 2672 1867 69 … Le Bureau du roi, 1848-1873; le comte de Chambord et
116 2750 76 52 les
226 2750 423 53 monarchistes.
729 2752 203 67 [Paris]
972 2752 283 53 Hachette
1293 2786 14 34 [
1312 2760 17 20 c
1334 2756 153 64 1932]

188 2819 892 53 277, [1] p. front. (port.) 18 ½ cm .
190 2877 63 42 At
279 2878 125 41 head
432 2879 52 41 of
511 2880 108 40 title:
677 2880 219 49 Marquis
924 2883 57 39 de
1009 2882 230 41 Noailles.

120 2931 51 52 ©
202 2937 127 39 June
356 2937 70 47 29,
456 2937 140 46 1932;
686 2969 8 8 1c.
725 2938 119 40 Nov.
874 2938 52 47 9;
958 2938 313 48 A-Foreign
1302 2939 169 47 18509;
1506 2940 242 42 Librairie
1776 2943 256 41 Hachette.

197 2993 280 47 (33-11241)

116 3091 326 58 Oklahoma
484 3098 111 51 and
636 3095 211 57 Pacific
888 3098 204 69 digest,
1132 3099 268 69 covering
1440 3102 77 51 all
1558 3121 150 35 cases
1750 3103 264 69 reported
2053 3103 60 52 in

185 3172 321 57 Oklahoma
543 3182 239 62 reports,
823 3181 306 49 1890-1931;
1201 3176 212 58 Pacific
1449 3187 273 63 reporter,
1760 3184 251 53 volumes

186 3187 1887 133 1-300,
345 3255 110 51 and
495 3256 78 51 all
612 3255 62 52 of
711 3256 95 52 the
843 3255 211 57 Pacific
1092 3262 173 48 states
1304 3264 223 61 reports
1564 3259 154 54 from
1755 3262 95 51 the
1887 3261 228 55 earliest

184 3331 1931 74 times … Compiled and edited by the publisher’s editorial
185 3408 135 54 staff.
410 3428 51 37 v.
489 3414 186 50 38-40.
752 3412 84 55 St.
866 3415 166 65 Paul,
1058 3416 160 53 West
1247 3416 334 70 publishing
1611 3436 96 49 co.,
1738 3421 149 50 1933.

186 3486 26 39 3
244 3496 42 28 v.
347 3485 55 39 26
405 3488 44 20 cm
453 3516 9 8 .

456 3552 114 30 CONTENTS.—v.
608 3541 73 42 38.
715 3543 555 41 Venue-Wharves—v.
1308 3543 72 43 39.
1417 3546 324 42 Wills-Work
1776 3550 95 38 and

120 3550 1997 86 labor.—v.
191 3596 74 42 40.
291 3599 148 39 Table
468 3599 52 39 of
545 3609 136 31 cases
708 3599 232 49 digested.

121 3649 52 53 ©
202 3654 114 48 Apr.
346 3655 69 47 27,
446 3655 112 41 1933;
618 3657 67 40 2c.
712 3657 121 39 each
862 3658 96 39 and
989 3656 107 41 affs.
1129 3658 115 46 May
1274 3658 53 38 11;
1388 3659 41 38 A
1458 3659 323 42 61722-61724;
1840 3663 134 40 West
2007 3662 108 48 pub.

189 3721 66 30 co.

116 3814 265 65 Omessa,
410 3817 206 55 Henri.

252 3886 1864 75 … Le candidat Lauriston. Paris, Les Éditions de France
123 3969 173 66 [1932]
