2484 4405
1073 4105 133 48 1755

197 520 1923 54 “These notes … were published as a series of fifty weekly articles in
124 589 84 38 the
247 586 196 47 Sunday
480 585 209 40 editions
726 584 52 39 of
814 586 81 38 the
934 583 250 40 Honolulu
1222 581 285 47 advertiser,
1546 580 128 39 from
1714 579 152 48 April,
1905 579 127 48 1932,
2073 583 47 36 to

127 644 147 49 April,
305 641 351 42 1933.”—Pref.

194 700 348 48 Bibliography
569 702 51 37 at
646 699 90 39 end
765 698 52 39 of
841 698 117 39 each
987 697 185 39 article.

129 772 51 52 ©
209 777 120 46 Aug.
359 776 68 45 23,
458 774 140 45 1933;
630 775 66 38 2c.
727 773 96 39 and
853 771 81 40 aff.
965 771 117 39 Nov.
1116 771 51 45 8;
1200 770 41 37 A
1270 768 170 46 66967;
1476 769 50 38 E.
1560 768 60 39 H.
1653 769 178 45 Bryan,
1863 768 74 46 jr.,
194 767 1917 106 Honolulu.
382 831 278 50 (33-38184)

125 950 214 64 Burns,
369 949 153 55 Cecil
551 947 234 65 Delisle,
818 949 170 50 1879-

193 1028 120 51 The
345 1027 234 52 horizon
609 1026 64 52 of
703 1025 356 68 experience;
1095 1046 31 34 a
1158 1023 171 66 study
1360 1021 64 53 of
1455 1022 94 52 the
1581 1021 234 53 modern
1848 1020 177 67 mind,
2059 1020 69 67 by

127 1105 61 55 C.
220 1106 214 52 Delisle
465 1107 205 51 Burns.
746 1104 258 64 London,
1036 1101 69 55 G.
1136 1102 171 52 Allen
1337 1104 50 49 &
1421 1100 229 67 Unwin,
1680 1100 103 52 ltd.
1822 1103 171 63 [1933]

192 1190 816 51 3 p. l. , [9]-372 p., 1 l. 22½ cm .
128 1257 2000 55 © 1c. Nov. 7, 1983 ; A ad int. 18318; pubd. Sept. 10; W. W. Norton & co.,
195 1321 104 47 inc.,
327 1321 118 39 New
472 1320 143 39 York.
688 1319 220 48 (34-117)

126 1437 216 66 Busch,
371 1439 139 52 Mrs.
538 1433 224 55 Bonnie
794 1432 402 68 (Melbourne)
1237 1437 170 51 1884-

261 1513 1557 70 … Waiting. New York, The Acadia press, 1933.
201 1588 88 41 viii
311 1600 59 37 p.,
396 1591 23 37 1
485 1620 8 16 l.,
520 1586 186 50 11-255,
781 1608 11 30 [1]
818 1599 42 38 p.
924 1586 54 40 19½
1011 1588 43 21 cm
1059 1618 8 8 .

199 1661 64 41 At
287 1662 126 40 head
441 1661 53 40 of
516 1659 135 43 title:
681 1660 187 41 Bonnie
895 1659 175 41 Busch.

131 1730 51 51 ©
210 1735 111 39 Dec.
350 1736 38 44 1,
416 1733 140 47 1933;
585 1733 67 39 2c.
679 1732 118 40 Nov.
825 1731 82 47 29;
938 1730 82 41 aff.
1048 1732 113 38 Dec.
1191 1730 51 46 6;
1273 1730 41 38 A
1341 1729 170 41 68537;
1544 1728 188 40 Bonnie
1758 1729 175 39 Busch.
1964 1729 169 38 Miami

198 1791 174 47 Beach,
401 1791 101 38 Fla.
577 1788 279 49 (33-38220)

136 1909 187 66 Child,
348 1907 215 68 Philip.

201 1986 119 53 The
355 1985 208 69 village
599 1983 62 54 of
697 1984 167 70 souls,
897 1983 73 70 by
1007 1981 201 71 Philip
1246 1981 188 56 Child.
1506 1980 257 70 London,
1797 1981 65 53 T.
133 1980 1973 137 Butterworth
350 2067 172 66 [1933]

199 2134 740 51 4 p. l. , 11-315, [1] p. 19 cm .
135 2203 1983 109 © 1c. Dec. 15, 1933 ; A ad int. 18474; pubd. Oct. 17; P. A. G. Child, Cambridge, Mass. (34-182)
136 2375 276 69 Courths,
440 2381 159 51 Frau
622 2376 251 65 Hedwig
904 2377 291 65 (Mahler)
1232 2378 172 53 1867-

204 2458 79 53 Es
317 2459 110 51 irrt
462 2459 99 51 der
594 2459 246 63 mensch,
875 2475 198 34 roman
1109 2475 109 34 von
1254 2458 76 52 H.
1369 2457 517 54 Courths-Mahler.
133 2457 1972 148 Leipzig,
270 2537 64 53 F.
366 2536 328 52 Rothbarth
730 2570 12 33 [
747 2542 18 21 c
770 2540 151 63 1933]

208 2609 360 49 192 p. 18½c m .
136 2677 2002 51 © June 10, 1933; 1c. Oct. 17; A-Foreign 22450; Friedrich Rothbarth.
216 2737 279 49 (33-39300)

137 2855 346 63 Daughters
508 2855 63 52 of
600 2855 103 53 the
732 2854 317 54 American
1078 2854 352 53 revolution.
1504 2856 368 68 Mississippi.

211 2930 315 54 Historical
556 2932 286 67 directory
869 2932 64 53 of
958 2932 95 52 the
1080 2932 329 67 Daughters
1437 2932 63 53 of
1524 2933 96 52 the
1646 2932 309 52 American
137 2951 1978 111 revolution

361 3010 1772 69 in Mississippi … 1932/33. Macon, Ga., Press of the
140 3091 54 52 J.
221 3090 91 52 W.
342 3088 192 55 Burke
564 3105 298 52 company,
893 3092 149 49 1933.

207 3175 83 41 156
321 3187 43 37 p.
423 3175 54 41 23½
511 3178 44 20 cm
560 3207 8 8 .

216 3244 290 42 “Published
533 3246 63 48 by
623 3246 276 42 Horseshoe
928 3247 272 41 Robertson
1230 3249 215 48 chapter,
1475 3249 279 48 Daughters
1786 3247 51 42 of
1867 3249 80 41 the
145 3249 1978 92 American
282 3302 286 48 revolution,
601 3305 133 39 West
763 3303 156 49 Point,
949 3304 339 50 Mississippi.”

138 3361 266 47 Compiler:
436 3344 215 64 1932/33,
682 3361 129 41 Allie
838 3363 53 38 E.
923 3361 175 41 Miller.

145 3425 49 51 ©
226 3430 101 40 Oct.
355 3431 68 46 11,
452 3430 140 47 1933;
623 3432 67 38 2c.
717 3431 117 39 Nov.
864 3432 25 38 3
909 3441 7 35 ;
948 3430 82 41 aff.
1060 3432 118 38 Nov.
1208 3432 53 46 4;
1294 3432 41 38 A
1362 3431 170 47 68235;
1565 3433 276 39 Horseshoe
1872 3433 271 39 Robertson

209 3487 212 47 chapter,
448 3488 56 38 D.
531 3487 54 41 A.
612 3487 69 47 R.,
708 3487 135 40 West
869 3487 155 47 Point,
1054 3487 133 40 Miss.
1259 3488 279 48 (33-38692)

145 3601 84 53 De
255 3603 171 64 Jong,
455 3604 188 53 Ymen
672 3605 194 63 Peter,
900 3603 170 54 1876-

210 3681 121 52 The
360 3681 416 68 Compendium
806 3683 225 52 studied
1060 3682 62 53 in
1149 3683 94 52 the
1270 3682 152 69 light
1451 3683 63 53 of
1541 3685 98 52 the
1669 3684 325 68 Scriptures
2025 3686 112 52 and

142 3758 94 53 the
262 3759 310 54 Reformed
597 3762 320 51 standards.
994 3762 71 53 3d
1089 3762 107 53 enl.
1223 3763 84 51 ed.
1384 3765 90 65 By
1499 3765 137 51 Rev.
1664 3765 70 51 Y.
1762 3766 65 50 P.
1854 3765 86 51 De
1966 3765 173 66 Jong,

180 3879 9 9 D.
256 3878 9 9 D.
342 3836 199 55 Grand
571 3838 238 67 Rapids,
839 3839 192 64 Mich.,
1061 3845 18 21 c
1083 3844 151 49 1933.

217 3909 57 39 45
301 3919 43 37 p.
403 3909 57 40 20
463 3912 42 21 cm
512 3942 7 7 .

149 3974 50 51 ©
232 3980 125 47 Sept.
388 3981 67 40 18,
486 3980 140 48 1933;
658 3983 66 39 2c.
754 3984 95 38 and
879 3982 80 40 aff.
995 3983 128 48 Sept.
1153 3983 82 41 28:
1269 3984 41 38 A
1338 3984 143 40 65390:
1539 3985 54 39 Y.
1625 3986 51 39 P.
1707 3986 71 40 De
1809 3986 138 46 Jong,
1980 3986 166 40 Grand

218 4036 194 44 Rapids,
446 4037 140 40 Mich.
659 4039 279 41 (33-38207)
