2582 4453
1326 4110 136 51 1322

377 426 223 66 Auger,
638 426 142 65 Asa,
820 424 174 54 1871-

452 505 267 68 Heading
743 505 153 52 faces
923 504 112 52 and
1060 504 192 65 heads,
1276 521 30 34 a
1333 504 231 52 manual
1588 502 64 53 of
1677 503 149 53 rules
1853 502 92 53 for
1971 502 239 69 reading
383 504 1988 134 character
571 591 59 46 at
667 584 172 68 sight.
917 584 91 67 By
1043 583 118 52 Asa
1199 583 214 67 Auger.
1490 582 139 52 New
1666 582 281 67 Bedford,
1983 583 172 52 Mass.
2199 586 193 65 [c1933]

454 654 1027 53 45 p. incl. front., illus., ports. 19½cm.
457 715 281 42 Cover-title:
798 715 152 40 Faces
977 715 95 39 and
1100 714 166 47 heads,
1295 714 108 39 how
1430 715 48 38 to
1505 712 148 48 judge
1679 713 256 40 character
1961 716 51 37 at
2039 712 145 48 sight.

456 772 216 41 “Second
702 771 229 42 edition.”

387 827 2013 52 © Aug. 10, 1933; 1c. Aug. 19: 1c . Sept. 19; aff. Sept. 8: A 00147;
454 888 54 39 A.
543 888 176 45 Auger,
755 888 115 39 New
907 886 231 47 Bedford,
1175 887 147 38 Mass.
1405 882 51 51 [©
1493 887 210 46 changes
1739 887 96 38 and
1871 885 262 50 additions]

465 944 283 50 (33-25901)

384 1019 352 55 Bethlehem
770 1021 148 53 steel
950 1018 395 66 corporation.

458 1098 380 69 Supplement
866 1104 58 47 to
955 1099 97 52 the
1081 1098 237 54 Private
1349 1098 356 68 telegraphic
1735 1098 154 67 code,
1917 1104 59 47 to
2006 1099 66 51 be
2099 1098 137 53 used
2266 1100 135 67 only

387 1178 96 53 for
518 1179 136 52 land
692 1179 114 52 line
844 1178 306 68 telegrams
1186 1178 253 52 between
1476 1177 193 68 points
1707 1178 58 53 in
1803 1178 96 52 the
1937 1177 218 55 United
2193 1176 209 65 States,

387 1258 239 55 Canada
660 1257 112 54 and
806 1258 242 53 Mexico.
1131 1257 374 67 [Bethlehem,
1538 1258 100 52 Pa.]
1701 1257 343 68 Subsidiary
2077 1258 325 68 companies

387 1339 62 51 of
480 1337 336 53 Bethlehem
846 1338 137 52 steel
1015 1336 366 68 corporation
1419 1339 193 65 [c1933]

490 1444 8 15 v,
530 1412 86 39 224
648 1423 31 37 p.,
738 1413 24 38 1
816 1443 7 7 l.
884 1411 148 40 27½cm.

391 1466 52 52 ©
477 1470 128 48 Sept.
637 1469 68 46 19,
738 1468 141 47 1933;
913 1468 68 40 2c.
1014 1468 102 40 Oct.
1149 1468 51 46 5;
1236 1467 68 39 aff
1352 1467 102 40 Oct.
1485 1468 54 45 4;
1574 1468 40 38 A
1647 1467 170 46 00459;
1854 1468 288 39 Bethlehem
2172 1469 120 38 steel
2323 1479 83 36 co.,

461 1527 301 45 Bethlehem,
794 1526 80 39 Pa.

384 1600 308 66 Brigham,
723 1601 212 54 Albert
961 1603 207 64 Perry,
1201 1605 327 50 1855-1932.

386 1677 2015 148 … How the world lives and works [by] Albert Perry Brigham … and Charles T. McFarlane … New York, Cincinnati
533 1836 1058 69 [etc.] American book company [c1933]
387 1908 2004 110 X, 406 p. incl. col. front., illus., maps. 25½cm. (Our world and ourselves. [book 4])
393 2024 52 52 ©
477 2028 129 48 Sept.
668 2059 8 12 6,
709 2027 117 40 1933;
884 2028 65 39 2c.
983 2027 96 39 and
1110 2026 82 41 aff.
1227 2026 128 47 Sept.
1388 2027 53 37 11;
1505 2026 40 38 A
1576 2026 144 40 64905;
1783 2026 203 41 Charles
2018 2027 51 40 T.
2103 2026 306 49 McFarlane,

461 2085 162 40 Dobbs
658 2085 166 48 Ferry,
860 2085 54 38 N.
951 2084 68 47 Y.,
1054 2085 95 39 and
1185 2084 146 40 Flora
1366 2084 71 40 W.
1473 2083 248 49 Brigham,
1758 2085 260 42 Brewster,
2056 2085 146 41 Mass.

470 2142 282 49 (33-25174)

386 2218 229 66 Brinig,
647 2221 233 63 Myron.

460 2299 122 52 The
620 2297 198 54 flutter
855 2296 65 54 of
961 2316 72 35 an
1073 2297 204 68 eyelid,
1317 2295 74 70 by
1430 2296 213 68 Myron
1685 2297 240 69 Brinig;
1969 2298 327 53 illustrated
2334 2298 76 69 by

389 2376 170 69 Lynd
605 2375 199 55 Ward.
886 2376 140 52 New
1076 2376 179 62 York,
1303 2377 217 52 Farrar
1567 2379 45 50 &
1656 2376 302 67 Rinehart,
2003 2377 403 68 incorporated

392 2457 195 66 [c1933]

492 2560 9 16 x,
537 2529 86 41 310
659 2539 41 37 p.
766 2528 129 41 illus.
955 2528 105 41 19½cm.

393 2582 52 52 ©
479 2586 127 49 Sept.
636 2587 70 45 25,
737 2585 114 41 1933;
909 2586 68 40 2c.
1009 2586 127 48 Sept.
1167 2586 56 40 27;
1284 2585 80 41 aff.
1400 2587 127 47 Sept.
1558 2586 55 40 26;
1673 2587 42 38 A
1744 2587 147 40 66269;
1950 2589 61 38 M.
2042 2586 185 48 Brinig,
2262 2588 148 40 Sante

462 2643 79 48 Fe,
574 2644 55 39 N.
664 2645 61 38 M.
798 2642 281 49 (33-25193)

387 2720 184 64 Buzy,
601 2719 202 57 Denis.

523 2798 1882 71 … Les paraboles, traduit et commentées par le p. Denis
391 2877 1503 70 Buzy … Paris, G. Beauchesne et ses fils, 1932.
461 2954 1658 50 4 p. l., xviii, 701, [1] p. front. 18cm. (Verbum salutis, VI)
467 3011 423 48 “Bibliographie”:
953 3022 43 38 p.
1028 3011 98 40 696.

394 3064 2017 53 © Nov. 7, 1932; 1c. Dec. 29: A- Foreign 19102; Gabriel Beauchesne &
463 3135 77 30 ses
569 3125 90 41 fils.
731 3126 283 48 (33-24874)

390 3199 347 56 California.
812 3202 165 54 State
1007 3202 253 56 teachers
1288 3202 229 71 college,
1544 3205 120 52 San
1689 3205 152 54 José.
1916 3205 251 53 Natural
2192 3203 214 54 science

459 3281 157 55 dept.

463 3357 244 62 Insects;
745 3377 31 34 a
813 3358 143 54 book
993 3359 93 54 for
1123 3362 271 68 teachers,
1431 3361 275 69 students,
1743 3361 112 54 and
1893 3363 77 51 all
2008 3361 188 53 others

391 3357 2015 151 interested in the vast world of the six-footed … Gayle Pickwell,
391 3515 2015 73 ph. D., editor, Carl D. Duncan, PH . D ., Karl S. Hazeltine, PH. D.,
390 3591 114 56 and
542 3592 196 71 Emily
778 3593 208 71 Smith,
1066 3638 10 10 A.
1155 3639 28 22 B.,
1221 3596 270 56 associate
1529 3599 229 53 editors.
1833 3597 113 54 Los
1983 3596 265 68 Angeles,
2289 3594 115 55 San

389 3668 136 57 Jose
564 3676 139 64 [etc.]
746 3672 141 54 Pub.
928 3673 93 57 for
1056 3676 95 52 the
1189 3675 245 54 Natural
1473 3678 213 53 science
1726 3675 172 69 dept.,
1937 3674 117 55 San
2092 3674 132 56 Jose
2263 3680 144 48 state

391 3749 251 55 teachers
683 3750 228 70 college,
951 3752 72 69 by
1065 3751 404 72 Suttonhouse,
1513 3758 151 50 1933.

527 3856 9 12 xv,
573 3825 86 41 304
697 3837 42 38 p.
800 3828 85 40 col.
925 3828 164 47 front.,
1128 3829 128 40 illus.
1318 3831 147 40 23½cm.
1541 3832 248 47 (Western
1827 3834 177 37 nature
2043 3830 147 47 study
2227 3827 176 42 series)

461 3882 337 43 “References,
830 3885 59 46 by
921 3885 155 48 Gayle
1105 3886 260 41 Pickwell”:
1427 3900 41 37 p.
1501 3887 220 43 280-289.

392 3932 53 53 ©
474 3939 123 40 Mar.
627 3942 39 45 1,
697 3940 141 44 1933;
871 3943 65 39 2c.
968 3944 96 39 and
1095 3944 82 40 aff.
1208 3945 119 48 Aug.
1358 3946 83 46 31;
1474 3947 41 40 A
1546 3946 173 41 63885;
1756 3946 96 39 San
1884 3946 114 38 Jose
2030 3947 132 37 state
2190 3943 220 41 teachers

459 3996 193 51 college,
691 3997 97 41 San
822 3999 128 47 Jose,
987 4000 146 41 Calif.
1204 4002 284 49 (33-25036)
