2582 4453
1378 4145 136 51 1860

407 452 233 64 Contet,
670 448 298 67 Frédéric,
1000 447 175 54 1873-

477 528 320 55 Intérieurs
829 528 304 53 directoire
1167 532 52 47 et
1252 527 246 67 empire;
1531 524 211 54 recueil
1773 524 67 53 de
1874 523 218 54 dessins
2124 522 308 69 originaux

406 614 327 65 provenant
774 608 71 52 de
885 606 330 54 collections
1257 612 57 47 et
1354 605 291 68 composés
1687 622 108 50 par
1837 604 306 67 Belanger,
2186 600 248 69 Percier,

408 680 2027 75 Prieur, Santi et autres artistes de la fin du XVIII e siècle, publié
408 786 109 51 par
549 770 64 51 F.
651 766 225 56 Contet.
953 767 69 50 21
1052 765 289 68 planches.
1418 762 187 54 Paris.
1638 764 67 52 F.
1741 763 228 66 Contet,
2002 762 153 51 1932.

474 840 641 51 2 p. l., 24 col. pl. 45 cm .
479 900 172 41 Issued
683 898 51 41 in
764 898 250 49 portfolio.

477 958 106 41 List
611 958 52 39 of
691 958 160 47 plates
879 956 51 40 in
959 955 191 40 French
1179 954 96 40 and
1306 952 220 49 English.

408 1023 1828 55 © Dec. 10, 1932; 1c. Apr. 4. 1933; A- Foreign 20569; F. Contet.
485 1086 119 50 (AC
623 1085 201 47 33-302)

412 1189 223 66 Curtis,
665 1188 156 55 John
855 1188 207 55 Gould.

477 1268 252 69 History
763 1267 66 54 of
862 1268 98 53 the
996 1274 156 47 town
1190 1266 65 53 of
1291 1265 334 71 Brookline,
1662 1266 470 69 Massachusetts,
2167 1265 78 72 by
2282 1265 158 56 John

409 1346 194 57 Gould
650 1345 226 69 Curtis;
924 1365 32 35 a
997 1345 300 54 memorial
1341 1352 59 48 to
1445 1344 259 56 Edward
1746 1345 94 56 W.
1884 1344 222 70 Baker;
2154 1345 285 69 prepared

412 1427 181 53 under
625 1426 98 53 the
758 1425 284 54 direction
1075 1425 66 53 of
1173 1425 98 54 the
1307 1423 319 55 Brookline
1659 1423 300 55 historical
1996 1423 231 72 society.

411 1425 2006 133 Boston
542 1506 114 53 and
688 1505 142 54 New
863 1503 184 70 York,
1078 1503 325 71 Houghton
1435 1502 210 55 Mifflin
1676 1520 303 53 company,
2013 1504 154 57 1933.

485 1580 138 47 xxiii,
650 1579 86 41 349
762 1589 44 38 p.
867 1579 164 44 front.,
1058 1578 174 48 plates,
1259 1580 165 46 ports.,
1453 1577 119 41 fold.
1602 1586 125 39 map.
1789 1576 148 42 22½cm.

485 1636 114 49 Map
625 1648 62 29 on
714 1636 368 49 lining-papers.

416 1692 52 53 ©
509 1696 104 42 Oct.
713 1727 8 16 18,
762 1695 114 41 1933;
946 1696 66 40 2c.
1054 1695 97 40 and
1191 1694 82 41 aff.
1316 1695 101 40 Oct.
1459 1695 55 40 23;
1585 1695 41 38 A
1666 1694 144 40 65777;
1881 1694 267 41 Brookline
2187 1691 257 43 historical

482 1754 198 48 society,
717 1754 280 46 Brookline,
1033 1754 149 40 Mass.
1258 1752 284 49 (33-30716)

418 1857 290 65 Ditmars,
740 1858 313 64 Raymond
1085 1857 135 65 Lee,
1256 1861 173 52 1876-

486 1937 124 54 The
656 1937 180 55 forest
883 1937 66 54 of
991 1937 336 68 adventure,
1369 1935 78 71 by
1491 1937 307 69 Raymond
1843 1937 65 53 L.
1953 1938 280 53 Ditmars.
2309 1937 138 54 New

419 2015 179 69 York,
628 2016 123 54 The
779 2015 341 55 Macmillan
1153 2033 303 51 company,
1490 2019 152 51 1933.

489 2092 50 40 ix
566 2103 57 38 p.,
652 2093 22 38 1
727 2123 23 15 l.,
777 2092 101 46 258,
911 2092 39 49 [2]
995 2102 44 38 p.
1096 2093 172 47 plates.
1327 2091 56 40 22
1386 2093 45 22 cm
1436 2124 8 8 .

420 2146 52 53 ©
511 2151 103 40 Oct.
652 2150 70 41 24.
761 2149 113 42 1933;
943 2150 67 40 2c.
1051 2151 96 39 and
1185 2149 82 41 aff.
1308 2150 104 40 Oct.
1449 2150 58 39 25;
1573 2151 42 38 A
1652 2150 173 47 66755;
1865 2150 58 40 R.
1962 2150 51 39 L.
2053 2148 237 49 Ditmars,
2328 2150 120 39 New

487 2208 148 40 York.
707 2208 284 48 (33-30729)

422 2313 288 65 Gardner,
743 2312 202 54 Elmer
977 2312 342 56 Ellsworth.

495 2390 144 55 Case
688 2390 65 55 of
802 2392 97 52 the
948 2396 149 49 state
1145 2389 66 54 of
1262 2390 328 56 California
1643 2410 78 33 vs.
1773 2392 251 52 Thomas
2075 2393 54 53 J.
2182 2393 264 67 Mooney.

423 2470 252 53 Thomas
715 2473 56 54 J.
813 2472 250 66 Mooney
1102 2489 115 36 was
1257 2469 298 54 convicted
1596 2469 96 54 for
1731 2471 98 52 the
1868 2471 426 68 Preparedness
2335 2471 113 68 day

422 2550 171 52 bomb
638 2549 298 69 explosion
982 2550 145 68 July
1172 2552 84 59 22,
1304 2552 154 55 1916,
1501 2551 62 51 in
1612 2549 119 56 San
1775 2550 309 53 Francisco
2131 2550 188 53 which

2365 2569 59 34 re
425 2628 188 54 suited
646 2631 62 52 in
740 2630 97 52 the
869 2629 173 52 death
1074 2628 64 54 of
1170 2634 96 47 ten
1298 2646 235 51 persons
1568 2629 113 52 and
1712 2629 97 53 the
1841 2630 316 67 wounding
2188 2629 64 54 of
2286 2629 160 70 forty

424 2709 208 52 others.
709 2710 57 51 A
816 2706 377 70 compilation
1244 2706 64 53 of
1358 2707 266 54 evidence
1672 2708 76 68 by
1797 2708 318 53 Ellsworth
2165 2707 282 56 Gardner.

431 2785 353 70 [Columbus,
813 2787 89 56 O.,
930 2787 121 52 The
1086 2786 312 56 Stoneman
1430 2806 159 49 press
1621 2805 301 51 company,
1953 2790 135 49 1933]

495 2862 56 40 32
579 2873 43 38 p.
680 2861 55 41 23
739 2864 45 21 cm
789 2893 7 7 .

427 2916 51 53 ©
512 2921 114 48 Apr.
659 2920 70 48 28,
763 2918 115 42 1933;
942 2919 67 41 2c.
1044 2919 95 40 and
1174 2918 82 42 aff.
1292 2920 115 48 May
1439 2920 25 38 1;
1529 2919 41 40 A
1603 2919 147 42 62436;
1813 2920 52 40 E.
1901 2920 52 40 E.
1991 2919 235 48 Gardner,
496 2919 1939 106 Columbus,
629 2979 49 40 O.

425 3078 307 69 Garrison,
763 3081 188 54 Noble
983 3082 135 64 Lee,
1154 3085 146 49 1884-

498 3161 124 52 The
665 3159 303 69 technique
1012 3161 114 53 and
1171 3160 474 54 administration
1689 3160 66 54 of
1796 3161 270 69 teaching
2115 3161 110 69 [by]
2274 3160 182 55 Noble

427 3239 111 53 Lee
571 3237 283 56 Garrison
891 3281 57 11 …
1028 3239 142 53 New
1203 3237 183 69 York,
1417 3237 335 57 Cincinnati
1790 3244 140 64 [etc.]
1967 3240 312 54 American
2309 3239 150 55 book

427 3319 514 66 company [ c 1933]
499 3392 98 46 xiv,
638 3391 83 41 593
760 3401 43 38 p.
873 3391 181 47 diagrs.
1121 3391 59 39 20½
1211 3393 45 21 cm
1261 3421 7 7 .
1348 3391 302 49 (Half-title:
1689 3390 261 42 American
1990 3390 261 42 education
2291 3391 166 47 series,

428 3449 52 41 G.
510 3450 57 41 D.
600 3449 217 48 Strayer,
845 3449 198 48 general
1073 3448 184 50 editor)

504 3507 324 40 “References
861 3506 78 40 for
973 3506 288 48 purposeful
1294 3506 232 48 reading”
1561 3510 51 38 at
1644 3508 93 39 end
1772 3506 53 42 of
1855 3510 127 38 most
2014 3507 53 42 of
2099 3508 82 40 the
2214 3507 243 50 chapters.

433 3559 52 53 ©
517 3565 101 40 Oct.
649 3564 39 42 2,
719 3564 114 40 1933;
894 3565 65 38 2c.
992 3566 95 38 and
1119 3564 82 41 aff.
1233 3565 102 41 Oct.
1365 3565 29 38 4;
1452 3565 42 40 A
1524 3564 144 41 66437;
1728 3565 161 41 Amer.
1921 3566 125 40 book
2075 3577 68 29 co.

511 3622 283 48 (33-30735)

437 3724 262 68 Glaeser,
730 3727 205 66 Ernst,
968 3729 174 51 1902-

513 3849 56 8 …
618 3808 120 51 Der
778 3812 151 47 Staat
973 3807 144 51 ohne
1164 3805 358 57 arbeitslose;
1570 3807 120 53 drei
1736 3807 165 69 jahre
1945 3808 507 69 fünfjahresplan;

435 3885 102 50 265
589 3883 124 53 abbi
725 3884 270 69 ldungen.
1045 3884 105 54 mit
1200 3885 183 53 einem
1429 3886 300 53 nachwort
1774 3905 110 34 von
1935 3886 212 54 Alfred
2196 3888 259 52 Kurella.

442 3963 238 66 [Berlin]
717 3964 224 53 Gustav
972 3964 405 68 Kiepenheuer
1406 3964 199 68 verlag
1659 3968 153 64 [1931]

509 4037 101 41 viii.
640 4037 58 39 198
755 4049 41 36 p.
856 4039 127 39 illus.
1016 4037 133 48 (incl.
1181 4049 151 37 maps,
1363 4038 217 48 facsim.)
1648 4039 116 40 26cm.
