2484 4405
0 0 0 0 1465
138 449 369 65 Abernathy,
536 449 155 53 John
720 451 86 62 R.,
839 447 171 53 1876-

207 526 71 53 In
313 545 163 50 camp
509 526 138 53 with
682 524 295 54 Theodore
1009 526 332 64 Roosevelt;
1377 543 79 46 or,
1488 524 119 52 The
1639 523 104 52 life
1779 523 63 52 of
1874 522 155 54 John
2062 522 71 52 R.

147 602 201 70 (Jack)
417 602 354 69 Abernathy.
865 602 155 54 John
1079 603 71 52 R.
1221 601 202 68 (Jack)
1493 600 356 67 Abernathy,
1911 600 223 53 author.

137 681 320 54 Oklahoma
516 680 154 69 City,
730 680 186 67 Okla.,
973 680 120 53 The
1151 680 447 67 Times-journal
1658 678 337 69 publishing
2054 697 79 34 co.

208 844 86 42 279
319 856 44 39 p.
388 844 109 41 incl.
524 844 163 48 front.,
713 844 158 50 plates
899 844 49 49 (1
974 844 144 48 fold.)
1153 846 149 47 ports.
1362 843 57 41 20½
1422 845 44 22 cm
1471 877 7 7 .

138 913 52 53 ©
223 919 102 40 Oct.
355 918 69 47 16,
455 916 139 47 1933;
629 917 66 40 2c.
728 917 94 39 and
855 915 80 41 aff.
972 915 99 41 Oct.
1107 915 81 48 19;
1223 916 42 38 A
1295 915 169 47 65719;
1501 916 44 40 J.
1577 916 53 38 R.
1664 916 297 47 Abernathy,
200 916 1919 99 Oklahoma

377 974 123 48 City,
535 974 103 40 Okl.
714 973 278 49 (33-30550)

137 1077 315 53 American
493 1076 193 64 public
725 1076 205 52 health
972 1075 377 54 association.
1426 1075 336 54 Committee
1806 1095 69 34 on
205 1077 1905 133 administrative
504 1155 263 67 practice.
843 1154 468 53 Sub-committee
1351 1173 65 33 on
1459 1154 161 53 rural
1659 1154 193 53 health
1946 1157 117 51 work.

205 1234 56 51 A
298 1234 170 67 study
506 1233 63 52 of
608 1233 156 51 rural
804 1232 191 68 public
1034 1232 194 52 health
1268 1233 227 66 service,
1534 1231 94 54 for
1665 1232 97 52 the
1799 1231 337 55 Committee

135 1331 73 33 on
235 1311 456 53 administrative
722 1311 248 67 practice
997 1310 63 53 of
1088 1310 96 53 the
1210 1310 307 53 American
1547 1309 192 69 public
1767 1310 194 53 health
136 1329 1977 114 association

377 1389 75 70 by
484 1390 94 52 the
614 1389 463 54 Sub-committee
1110 1407 72 34 on
1217 1388 156 53 rural
1407 1389 193 52 health
1637 1388 174 70 work,
1844 1389 171 53 Allen
2048 1391 89 55 W.

137 1470 293 64 Freeman,
514 1512 9 9 M.
589 1512 28 22 D.,
645 1470 201 52 editor.
921 1469 137 52 New
1088 1467 179 68 York,
1293 1468 122 52 The
1443 1468 487 54 Commonwealth
1959 1470 176 66 fund;

136 1549 255 68 London,
423 1548 75 52 H.
531 1546 266 68 Milford,
830 1547 230 54 Oxford
1092 1546 318 69 university
1442 1565 174 50 press,
1650 1550 149 51 1933.

206 1638 165 48 xxxiv,
412 1638 84 40 236
537 1648 43 37 p.
622 1636 109 41 incl.
772 1636 147 41 front,
951 1636 159 48 (map)
1161 1635 192 48 diagrs.,
1396 1636 167 41 forms,
1626 1636 154 40 tables
1810 1636 135 49 (part
1986 1637 143 49 fold.)

136 1696 54 41 23½
224 1698 15 21 cm
273 1728 8 8 .

208 1768 54 39 E.
290 1767 51 40 L.
371 1766 196 48 Bishop,
597 1765 267 41 chairman.

140 1834 52 53 ©
219 1839 127 48 Sept.
369 1837 70 48 29,
462 1838 113 40 1933
594 1849 8 35 ;
628 1838 64 39 2c.
721 1837 101 40 Oct.
847 1838 53 39 16
919 1847 9 37 ;
956 1837 81 40 aff.
1065 1836 102 41 Oct.
1192 1838 82 45 14;
1301 1837 42 38 A
1367 1837 170 47 65662;
1566 1837 412 41 Commonwealth
2003 1837 139 41 fund.

217 1895 279 49 (33-30390)

138 1998 329 66 Anderson,
497 1999 87 55 W.
615 1999 92 64 H.,
737 2014 305 49 company,
1076 1998 345 55 Cincinnati.

209 2077 150 55 Ohio
399 2077 265 69 building
705 2078 112 52 and
857 2078 131 52 loan
1031 2077 338 53 association
1410 2080 155 65 laws,
1606 2078 327 67 annotated,
1975 2081 162 63 1933;

138 2157 291 67 reprinted
473 2156 151 52 from
667 2156 200 69 Page’s
911 2156 308 52 annotated
1262 2155 151 55 Ohio
1454 2155 230 69 general
1725 2157 136 52 code
1902 2158 112 51 and
139 2157 1976 146 including
416 2235 76 51 all
537 2236 387 52 amendments
969 2234 163 52 made
1177 2240 58 47 at
1278 2234 96 53 the
1416 2234 228 68 regular
1688 2232 209 56 session
1940 2236 63 52 of
2045 2235 97 54 the

136 2314 278 52 ninetieth
447 2313 244 54 General
723 2312 296 69 assembly,
1049 2311 140 53 with
1220 2318 306 48 comments
1556 2314 76 67 by
1660 2313 223 54 Walter
1915 2313 57 55 S.
2003 2312 139 54 Ruff

143 2435 56 10 …
253 2393 275 67 complete
575 2392 111 52 and
735 2391 242 53 indexed
1025 2391 75 69 by
1148 2391 94 52 the
1291 2391 338 67 publisher’s
1676 2392 266 53 editorial
1990 2393 151 53 staff.

141 2469 1602 63 Cincinnati, The W. H. Anderson company [ c 1933]
210 2545 57 41 36
301 2557 44 37 p.
403 2545 118 41 26“.

143 2616 51 51 ©
225 2620 100 40 Oct.
355 2619 69 46 14,
454 2618 113 40 1933
586 2628 8 36 ;
625 2618 68 39 2c.
724 2616 96 41 and
849 2616 81 41 aff.
963 2617 101 40 Oct.
1094 2617 83 46 16;
1209 2617 44 39 A
1281 2617 169 47 66615;
1484 2619 72 39 W.
1588 2619 58 38 H.
1678 2619 255 40 Anderson
1962 2630 69 30 co.

218 2674 279 50 (33-30297)

143 2776 211 65 Baerg,
389 2776 287 65 Gerhard,
714 2778 169 54 1887-

210 2853 300 54 Alternate
556 2853 249 55 German
851 2872 290 50 grammar
1188 2854 206 53 review
1439 2854 140 53 with
1626 2856 395 69 composition,
2066 2857 76 70 by

142 2930 263 56 Gerhard
435 2931 191 69 Baerg
659 2974 56 10 …
785 2931 138 53 New
954 2931 181 68 York,
1164 2932 65 52 F.
1263 2931 56 56 S.
1352 2931 199 55 Crofts
1581 2935 46 50 &
1655 2952 97 49 co.,
1787 2937 151 50 1933.

213 3004 99 47 viii,
347 3004 85 41 236
464 3014 44 39 p.
568 3004 56 41 19½
657 3006 44 22 cm
705 3037 8 8 .

214 3075 260 41 Published
511 3076 50 39 in
596 3074 114 41 1930
747 3076 153 39 under
937 3074 136 41 title:
1116 3074 210 41 German
1363 3085 246 37 grammar
1649 3076 175 41 review
1863 3078 119 40 with
144 3090 1981 90 composition
371 3143 9 36 ;
427 3132 82 40 the
553 3132 337 48 grammatical
936 3133 111 47 part
1093 3132 90 39 has
1228 3133 248 40 remained
1520 3134 288 47 practically
1855 3135 81 41 the
1983 3146 158 38 same;

145 3190 80 40 the
264 3189 209 40 German
515 3190 201 46 reading
754 3188 256 41 selections
1049 3189 124 40 have
1212 3188 66 41 all
1315 3189 119 41 been
1478 3190 264 52 rewritten,
1783 3192 122 40 with
1945 3194 82 39 the
145 3204 1982 89 exception
361 3246 51 40 of
440 3247 80 39 the
547 3247 98 39 last
671 3247 111 39 two.
842 3245 61 47 cf.
931 3245 128 40 Pref.

214 3302 112 47 Map
355 3313 59 29 on
441 3303 134 39 front
602 3301 334 48 lining-paper.

147 3370 51 51 ©
231 3374 127 47 Sept.
385 3373 69 47 25,
483 3373 139 47 1933;
652 3373 66 40 2c.
749 3373 95 39 and
873 3371 81 41 aff.
987 3372 129 48 Sept.
1143 3373 82 46 27;
1255 3372 43 40 A
1325 3373 170 47 66287;
1527 3374 53 40 F.
1611 3375 43 40 S.
1686 3376 165 41 Crofts
1881 3378 36 39 &
1944 3388 82 31 co.,
2057 3377 90 43 inc.

224 3429 278 49 (33-30429)

145 3531 222 63 Bailey,
400 3531 190 63 Ralph
623 3530 271 64 Edward,
930 3537 168 49 1888-

215 3609 93 52 An
353 3608 305 53 American
702 3608 273 67 colossus;
1022 3607 98 54 the
1164 3608 258 69 singular
1471 3628 188 36 career
1706 3611 65 54 of
1815 3612 331 57 Alexander

146 3685 1974 150 Hamilton, by Ralph Edward Bailey; illustrated from photographs … Boston, Lothrop, Lee & Shepard co. [ c 1933]
217 3839 85 40 318
329 3848 43 38 p.
427 3838 163 47 front.,
619 3839 170 46 plates,
818 3838 150 46 ports.
1026 3835 57 40 24½
1117 3838 44 23 cm
1164 3871 8 8 .

219 3908 373 47 Bibliography:
624 3916 43 38 p.
695 3904 217 43 299-305.

152 3976 51 52 ©
231 3981 102 40 Oct.
360 3980 67 47 16,
455 3978 117 41 1933
586 3990 9 35 ;
623 3978 66 40 2c.
719 3979 95 39 and
842 3977 80 40 aff.
952 3978 102 40 Oct.
1082 3979 82 46 17;
1195 3977 42 41 A
1263 3977 171 49 65696;
1465 3980 52 39 R.
1549 3982 52 39 E.
1631 3983 184 50 Bailey,
1847 3986 301 51 Cambridge,

215 4038 146 39 Mass.
431 4035 279 49 (33-30233)
