2597 4403
1254 4137 103 49 304

344 532 79 36 xy,
451 520 89 41 237
568 529 45 38 p.
671 519 174 47 plates,
876 519 153 46 ports.
1086 515 56 40 21½
1175 517 45 20 cm
1225 546 10 8 .

346 579 141 48 Maps
526 588 61 29 on
624 574 369 50 lining-papers.

281 650 52 53 ©
360 654 123 39 Mar.
507 653 40 44 8,
572 649 142 49 1933;
741 650 68 41 2c.
835 650 123 39 Mar.
983 648 52 46 8;
1063 645 83 43 aff.
1171 645 123 40 Mar.
1319 644 54 47 9;
1399 644 41 40 A
1465 641 172 49 60523;
1665 643 50 40 P.
1741 641 256 48 Waxman,
2025 640 115 47 Rye,
2166 640 57 41 N.
2249 640 53 39 Y.

359 709 284 51 (33-27073)

277 812 319 67 Whitlock,
624 812 224 66 Brand,
879 814 172 51 1869-

348 894 123 53 The
525 895 268 66 stranger
843 907 74 35 on
969 887 96 54 the
1119 884 208 69 island,
1377 883 76 71 by
1505 882 203 53 Brand
1760 877 314 58 Whitlock.
2162 880 132 53 New

280 973 179 68 York,
489 971 261 66 London,
779 969 72 53 D.
881 965 296 70 Appleton
1211 964 115 54 and
1354 979 302 54 company,
1687 964 153 50 1933.

349 1041 665 57 3 p. l., 267, [1] p. 19½ cm .
285 1109 2020 62 © Feb. 24, 1933; 2c. and aff. Feb. 27; A 60388; B. Whitlock, Cannes,
354 1181 202 38 France.
627 1175 255 50 (33-4812)

276 1282 329 66 Wieacker,
635 1282 65 55 F.

413 1349 1891 76 … Lex commissoria; erfüllungszwang und widerruf im
279 1441 320 55 römischen
673 1437 147 55 kauf
825 1437 177 68 recht,
1077 1454 111 35 von
1262 1435 86 53 dr.
1420 1435 68 53 F.
1559 1433 316 56 Wieacker.
1953 1432 220 69 Berlin,
2246 1434 56 55 J.

281 1522 302 70 Springer,
616 1520 154 54 1932.

282 1584 2009 119 2 p. l., 119, [1] p. 24 ½ cm . (Freiburger rechtsbeschichtliche abhandlungen. III)
356 1707 420 52 Bibliographical
805 1707 280 40 foot-notes.

287 1770 1878 61 © Jan. 1, 1932; 1c. Mar. 15; A -Foreign 16136; Julius Springer.
285 1941 388 65 Williamson,
704 1940 227 64 Henry,
965 1937 174 57 1897-

355 2009 1958 77 As the sun shines, by Henry Williamson … New York,
287 2096 958 70 E. P. Dutton & co., inc. [ c 1933]
353 2171 700 54 2 p. l., 7-491, [1] p. 21 cm .
358 2235 1954 58 “In this sequel volume to The village book, I … write … about one
285 2305 144 40 small
459 2301 315 49 community,
805 2301 132 39 Ham
968 2296 333 53 village.”—p.
1332 2297 43 43 9.

358 2360 168 41 “First
552 2357 230 44 edition.”

293 2428 52 53 ©
376 2432 111 39 Feb.
517 2431 69 47 21,
616 2428 142 44 1933:
789 2428 68 41 2c.
887 2429 97 39 and
1012 2426 84 44 aff.
1126 2426 113 42 Feb.
1267 2425 83 48 25;
1383 2426 41 39 A
1453 2424 143 42 60403;
1659 2425 52 39 E.
1741 2424 50 39 P.
1822 2422 191 43 Dutton
2043 2422 36 41 &
2107 2431 83 37 co.,
2221 2421 93 41 inc.

372 2488 253 50 (33-4943)

288 2591 276 64 Worden,
594 2591 258 53 Edward
883 2588 338 67 Chauncey,
1253 2590 174 54 1875-

362 2667 372 71 Technology
771 2668 64 54 of
872 2667 265 55 cellulose
1176 2668 216 65 ethers;
1436 2686 32 34 a
1504 2665 335 55 theoretical
1880 2663 113 54 and
2032 2660 279 71 practical

289 2747 234 53 treatise
560 2766 73 35 on
670 2747 97 54 the
805 2746 209 69 origin,
1051 2745 243 70 history,
1332 2744 328 69 chemistry,
1698 2741 422 67 manufacture,

290 2740 1996 138 technical
478 2824 359 70 application
873 2826 113 52 and
1024 2824 252 70 analysis
1311 2824 63 54 of
1409 2824 97 54 the
1539 2821 296 56 etherified
1870 2820 293 55 celluloses
2198 2818 114 55 and

294 2902 420 71 carbohydrate
763 2903 272 69 carboxyl
1043 2907 89 51 ate
1184 2903 187 53 ethers
1431 2901 312 69 (esterified
1794 2901 266 53 cellulose
2109 2899 205 66 ethers,

292 2976 2023 75 etherified organic cellulose esters) … by Edward Chauncey
290 3054 1997 153 Worden, first … Milburn, N. J., Worden laboratory and library, 1933.
366 3212 27 40 5
426 3222 43 30 v.
530 3212 145 49 illus.,
707 3212 182 50 diagrs.
950 3212 57 41 24
1011 3214 44 23 cm
1058 3246 10 9 .

368 3282 163 48 Paged
561 3281 358 52 continuously.

371 3333 1944 60 “In 1911 appeared ‘Nitrocellulose industry’ … being the first general
299 3406 177 39 survey
520 3396 52 41 of
613 3397 81 41 the
735 3398 244 40 technical
1023 3397 329 51 applications
1394 3398 52 42 of
1488 3400 82 41 the
1613 3398 227 42 cellulose
1883 3398 212 42 nitrates
2139 3398 49 39 in
2232 3398 82 41 the

300 3449 2015 57 peaceful arts, and was followed in 1915 by the … work on ‘Cellulose
299 3506 2017 57 acetate’, as vol. VIII of a contemplated exhaustive work on the entire
301 3568 217 41 technics
547 3568 52 40 of
624 3568 228 43 cellulose
879 3568 302 51 technology.
1235 3570 102 41 The
1364 3568 296 44 foundation
1685 3570 81 41 for
1792 3570 101 41 this
1922 3570 135 42 work
2085 3579 102 32 was
2216 3569 100 42 laid

301 3620 2014 60 in 1921 by … ‘Technology of cellulose esters’ … of which the present
300 3677 2000 103 five volumes are a companion series … Meanwhile there has been published two
609 3735 1709 54 volumes … of a projected five-volume work … of an index of
304 3795 181 42 United
525 3794 164 42 States
725 3795 233 41 chemical
997 3797 198 48 patents
1231 3796 81 41 for
1347 3798 83 40 the
1468 3797 167 49 period
1676 3796 263 42 1915-1924
1975 3798 345 42 inclusive.”—

301 3853 264 49 Prefatory
596 3854 280 42 statement.

374 3908 420 52 Bibliographical
820 3910 279 42 foot-notes.

305 3963 52 53 ©
394 3969 120 40 Mar.
551 3969 39 43 1,
625 3967 142 47 1933;
804 3968 67 41 2c.
907 3968 119 40 each
1061 3968 93 40 and
1192 3968 82 40 aff.
1312 3969 121 41 Mar.
1470 3968 52 44 8;
1560 3970 39 38 A
1635 3968 170 45 59816;
1845 3972 53 40 E.
1934 3970 50 41 C.
2020 3971 223 43 Worden,
2309 4002 8 11 I,

373 4025 269 49 Wyoming,
675 4024 248 50 Millburn,
954 4026 55 40 N.
1039 4026 42 39 J.
1155 4024 253 50 (33-5917)
