<alto xmlns="http://www.loc.gov/standards/alto/ns-v3#" xmlns:xsi="http://www.w3.org/2001/XMLSchema-instance" xsi:schemaLocation="http://www.loc.gov/standards/alto/ns-v3# http://www.loc.gov/alto/v3/alto-3-0.xsd"><Description>
<MeasurementUnit>pixel</MeasurementUnit>
<sourceImageInformation>
<fileName>1933_v1_Part1.pdf</fileName>
</sourceImageInformation>
<OCRProcessing ID="IdOcr">
<ocrProcessingStep>
<processingDateTime>2019-01-03</processingDateTime>
<processingSoftware>
<softwareCreator>ABBYY</softwareCreator>
<softwareName>ABBYY Recognition Server</softwareName>
<softwareVersion>4.0</softwareVersion>
</processingSoftware>
</ocrProcessingStep>
</OCRProcessing>
</Description>
<Styles>
<ParagraphStyle ALIGN="Left" FIRSTLINE="0." ID="StyleId-FFFFFFFF-FFFF-FFFF-FFFF-FFFFFFFFFFFF-" LEFT="0." RIGHT="0." />
<ParagraphStyle ALIGN="Left" FIRSTLINE="0." ID="StyleId-6EF5737A-DCEB-4126-A0CF-C5930BF7166A-" LEFT="0." LINESPACE="8.300000191" RIGHT="0." />
<ParagraphStyle ALIGN="Left" FIRSTLINE="0." ID="StyleId-2DE44258-FD0B-41E1-B542-087C989B01A3-" LEFT="0." LINESPACE="12.19999981" RIGHT="0." />
<ParagraphStyle ALIGN="Left" FIRSTLINE="-14." ID="StyleId-CE3D254A-29D7-4DD7-B5F1-E0FC0EF29B05-" LEFT="0." LINESPACE="8.619999886" RIGHT="0." />
<ParagraphStyle ALIGN="Left" FIRSTLINE="-14." ID="StyleId-C0E3A137-CE4F-4287-8A90-B599106709D0-" LEFT="0." LINESPACE="12.19999981" RIGHT="0." />
<ParagraphStyle ALIGN="Left" FIRSTLINE="-14." ID="StyleId-50F26F0C-05DA-4C19-BA58-7A6AC4499BEE-" LEFT="0." LINESPACE="11.06999969" RIGHT="0." />
<ParagraphStyle ALIGN="Center" FIRSTLINE="0." ID="StyleId-5DDE65AF-512C-41E2-9B8E-095D6D99EF68-" LEFT="0." LINESPACE="11.89999962" RIGHT="0." />
<ParagraphStyle ALIGN="Left" FIRSTLINE="0." ID="StyleId-0A81D7A5-6A62-4C52-915E-7768974C704D-" LEFT="0." LINESPACE="9.399999619" RIGHT="0." />
<ParagraphStyle ALIGN="Block" FIRSTLINE="-13." ID="StyleId-F7A0127F-6B48-4157-BB81-FE33E1E1A05B-" LEFT="0." LINESPACE="10.63000011" RIGHT="0." />
<ParagraphStyle ALIGN="Left" FIRSTLINE="0." ID="StyleId-E18C69F7-DBD7-48B1-805C-FCD96D0DA019-" LEFT="0." LINESPACE="11.64000034" RIGHT="0." />
<ParagraphStyle ALIGN="Left" FIRSTLINE="-14." ID="StyleId-98F15501-B611-4E83-8BB3-807E891F11F5-" LEFT="0." LINESPACE="12.19999981" RIGHT="0." />
<ParagraphStyle ALIGN="Left" FIRSTLINE="0." ID="StyleId-F4A78626-0BBC-4D12-94D9-A1AE75A9855F-" LEFT="0." LINESPACE="9.399999619" RIGHT="0." />
<ParagraphStyle ALIGN="Left" FIRSTLINE="0." ID="StyleId-6A3F6F4C-D21B-4ADE-902F-7683F18ECEF3-" LEFT="0." LINESPACE="11.10000038" RIGHT="0." />
</Styles>
<Layout>
<Page HEIGHT="4453" ID="Page936" PHYSICAL_IMG_NR="936" WIDTH="2582">
<TopMargin HEIGHT="410" HPOS="0" VPOS="0" WIDTH="2582">
</TopMargin>
<LeftMargin HEIGHT="3650" HPOS="0" VPOS="410" WIDTH="368">
</LeftMargin>
<RightMargin HEIGHT="3650" HPOS="2420" VPOS="410" WIDTH="162">
</RightMargin>
<BottomMargin HEIGHT="393" HPOS="0" VPOS="4060" WIDTH="2582">
<TextBlock HEIGHT="70" HPOS="1334" ID="Page936_Block1" LANG="en-US" STYLEREFS="StyleId-71F172E9-9543-4012-804B-6C90DB196D01-" VPOS="4098" WIDTH="122">
<TextLine HEIGHT="49" HPOS="1345" VPOS="4108" WIDTH="101">
<String CONTENT="936" HEIGHT="49" HPOS="1345" VPOS="4108" WIDTH="101" />
</TextLine>
</TextBlock>
</BottomMargin>
<PrintSpace HEIGHT="3650" HPOS="368" VPOS="410" WIDTH="2052">
<TextBlock CS="1" HEIGHT="3650" HPOS="368" ID="Page936_Block2" LANG="en-US" STYLEREFS="StyleId-653DCF11-1B52-422D-BD59-810C9B39555B-" VPOS="410" WIDTH="2052">
<TextLine HEIGHT="68" HPOS="383" STYLEREFS="StyleId-A7C27F1A-5222-4439-AF03-12D71FC28FAA-" VPOS="499" WIDTH="2017">
<String CONTENT="die" HEIGHT="52" HPOS="383" VPOS="500" WIDTH="93" />
<SP HEIGHT="51" HPOS="477" VPOS="501" WIDTH="30" />
<String CONTENT="Deutsche" HEIGHT="54" HPOS="508" VPOS="499" WIDTH="288" />
<SP HEIGHT="49" HPOS="797" VPOS="518" WIDTH="30" />
<String CONTENT="gesellschaft" HEIGHT="68" HPOS="828" VPOS="499" WIDTH="372" />
<SP HEIGHT="54" HPOS="1201" VPOS="499" WIDTH="31" />
<String CONTENT="f&#252;r" HEIGHT="53" HPOS="1233" LANG="de" VPOS="499" WIDTH="101" />
<SP HEIGHT="34" HPOS="1335" VPOS="518" WIDTH="30" />
<String CONTENT="rassenhygiene," HEIGHT="67" HPOS="1366" VPOS="500" WIDTH="460" />
<SP HEIGHT="48" HPOS="1827" VPOS="518" WIDTH="30" />
<String CONTENT="von" HEIGHT="35" HPOS="1858" VPOS="518" WIDTH="111" />
<SP HEIGHT="52" HPOS="1970" VPOS="500" WIDTH="35" />
<String CONTENT="dr." HEIGHT="53" HPOS="2006" VPOS="500" WIDTH="86" />
<SP HEIGHT="55" HPOS="2093" VPOS="500" WIDTH="29" />
<String CONTENT="Wilhelm" HEIGHT="56" HPOS="2123" VPOS="499" WIDTH="277" />
</TextLine>
<TextLine CS="1" HEIGHT="68" HPOS="384" STYLEREFS="StyleId-A7C27F1A-5222-4439-AF03-12D71FC28FAA-" VPOS="577" WIDTH="1539">
<String CONTENT="Hartnacke" HEIGHT="54" HPOS="384" LANG="en-US" VPOS="577" WIDTH="334" />
<SP HEIGHT="35" HPOS="719" VPOS="596" WIDTH="38" />
<String CONTENT="&#8230;" CS="1" LANG="en-US" />
<SP HEIGHT="52" HPOS="815" VPOS="577" WIDTH="71" />
<String CONTENT="M&#252;nchen," HEIGHT="68" HPOS="887" LANG="de" VPOS="577" WIDTH="309" />
<SP HEIGHT="67" HPOS="1197" VPOS="578" WIDTH="32" />
<String CONTENT="J." HEIGHT="54" HPOS="1230" LANG="en-US" VPOS="578" WIDTH="58" />
<SP HEIGHT="52" HPOS="1289" VPOS="579" WIDTH="30" />
<String CONTENT="F." HEIGHT="52" HPOS="1320" LANG="en-US" VPOS="579" WIDTH="66" />
<SP HEIGHT="53" HPOS="1387" VPOS="578" WIDTH="30" />
<String CONTENT="Lehmann," HEIGHT="65" HPOS="1418" LANG="en-US" VPOS="578" WIDTH="317" />
<SP HEIGHT="62" HPOS="1736" VPOS="581" WIDTH="33" />
<String CONTENT="1932." HEIGHT="50" HPOS="1770" LANG="en-US" VPOS="581" WIDTH="153" />
</TextLine>
<TextLine CS="1" HEIGHT="52" HPOS="457" VPOS="650" WIDTH="366">
<String CONTENT="104" HEIGHT="41" HPOS="457" VPOS="652" WIDTH="86" />
<SP HEIGHT="50" HPOS="544" VPOS="652" WIDTH="25" />
<String CONTENT="p." HEIGHT="38" HPOS="570" VPOS="664" WIDTH="44" />
<SP HEIGHT="43" HPOS="615" VPOS="650" WIDTH="58" />
<String CONTENT="20&#189;" CS="1" HEIGHT="43" HPOS="674" VPOS="650" WIDTH="58" />
<String CONTENT="cm" HEIGHT="21" HPOS="765" STYLE="superscript" VPOS="654" WIDTH="44" />
<String CONTENT="." HEIGHT="10" HPOS="813" VPOS="683" WIDTH="10" />
</TextLine>
<TextLine CS="1" HEIGHT="53" HPOS="386" VPOS="706" WIDTH="2017">
<String CONTENT="&#169;" HEIGHT="53" HPOS="386" VPOS="706" WIDTH="52" />
<SP HEIGHT="53" HPOS="439" VPOS="706" WIDTH="25" />
<String CONTENT="July" HEIGHT="48" HPOS="465" VPOS="711" WIDTH="117" />
<SP HEIGHT="48" HPOS="583" VPOS="711" WIDTH="21" />
<String CONTENT="23," HEIGHT="47" HPOS="605" VPOS="711" WIDTH="70" />
<SP HEIGHT="46" HPOS="676" VPOS="712" WIDTH="25" />
<String CONTENT="1932;" HEIGHT="47" HPOS="702" VPOS="710" WIDTH="142" />
<SP />
<String CONTENT="1c." CS="1" />
<SP HEIGHT="40" HPOS="941" VPOS="710" WIDTH="24" />
<String CONTENT="Aug." HEIGHT="47" HPOS="966" VPOS="710" WIDTH="122" />
<SP HEIGHT="42" HPOS="1089" VPOS="709" WIDTH="23" />
<String CONTENT="20;" HEIGHT="48" HPOS="1113" VPOS="708" WIDTH="83" />
<SP HEIGHT="47" HPOS="1197" VPOS="709" WIDTH="27" />
<String CONTENT="A-Foreign" HEIGHT="48" HPOS="1225" VPOS="709" WIDTH="315" />
<SP HEIGHT="40" HPOS="1541" VPOS="710" WIDTH="23" />
<String CONTENT="17773;" HEIGHT="46" HPOS="1565" VPOS="710" WIDTH="171" />
<SP HEIGHT="46" HPOS="1737" VPOS="710" WIDTH="28" />
<String CONTENT="J." HEIGHT="41" HPOS="1766" VPOS="710" WIDTH="44" />
<SP HEIGHT="41" HPOS="1811" VPOS="710" WIDTH="26" />
<String CONTENT="F." HEIGHT="41" HPOS="1838" VPOS="710" WIDTH="52" />
<SP HEIGHT="41" HPOS="1891" VPOS="710" WIDTH="26" />
<String CONTENT="Lehmanns" HEIGHT="41" HPOS="1918" VPOS="710" WIDTH="278" />
<SP HEIGHT="30" HPOS="2197" VPOS="721" WIDTH="25" />
<String CONTENT="verlag." HEIGHT="46" HPOS="2223" VPOS="711" WIDTH="180" />
</TextLine>
<TextLine HEIGHT="49" HPOS="464" VPOS="768" WIDTH="282">
<String CONTENT="(33-15950)" HEIGHT="49" HPOS="464" VPOS="768" WIDTH="282" />
</TextLine>
<TextLine HEIGHT="68" HPOS="378" STYLEREFS="StyleId-3CD438E5-A2C3-428E-A280-2C3185A73A96-" VPOS="855" WIDTH="1002">
<String CONTENT="Heidel," HEIGHT="67" HPOS="378" VPOS="856" WIDTH="227" />
<SP HEIGHT="63" HPOS="606" VPOS="860" WIDTH="27" />
<String CONTENT="William" HEIGHT="58" HPOS="634" VPOS="855" WIDTH="257" />
<SP HEIGHT="52" HPOS="892" VPOS="859" WIDTH="29" />
<String CONTENT="Arthur," HEIGHT="64" HPOS="922" VPOS="857" WIDTH="253" />
<SP HEIGHT="60" HPOS="1176" VPOS="861" WIDTH="30" />
<String CONTENT="1868-" HEIGHT="51" HPOS="1207" VPOS="860" WIDTH="173" />
</TextLine>
<TextLine CS="1" HEIGHT="150" HPOS="380" STYLEREFS="StyleId-A7C27F1A-5222-4439-AF03-12D71FC28FAA-" VPOS="936" WIDTH="2023">
<String CONTENT="The" HEIGHT="53" HPOS="451" VPOS="936" WIDTH="123" />
<SP HEIGHT="51" HPOS="575" VPOS="938" WIDTH="28" />
<String CONTENT="heroic" HEIGHT="54" HPOS="604" VPOS="936" WIDTH="193" />
<SP HEIGHT="34" HPOS="798" VPOS="956" WIDTH="30" />
<String CONTENT="age" HEIGHT="50" HPOS="829" VPOS="956" WIDTH="102" />
<SP HEIGHT="34" HPOS="932" VPOS="956" WIDTH="30" />
<String CONTENT="of" HEIGHT="53" HPOS="963" VPOS="936" WIDTH="65" />
<SP HEIGHT="54" HPOS="1029" VPOS="936" WIDTH="29" />
<String CONTENT="science;" HEIGHT="67" HPOS="1059" VPOS="936" WIDTH="242" />
<SP HEIGHT="61" HPOS="1302" VPOS="942" WIDTH="31" />
<String CONTENT="the" HEIGHT="52" HPOS="1334" VPOS="938" WIDTH="97" />
<SP HEIGHT="35" HPOS="1432" VPOS="957" WIDTH="31" />
<String CONTENT="conception," HEIGHT="69" HPOS="1464" VPOS="937" WIDTH="352" />
<SP HEIGHT="68" HPOS="1817" VPOS="938" WIDTH="28" />
<String CONTENT="ideals," HEIGHT="67" HPOS="1846" VPOS="938" WIDTH="199" />
<SP HEIGHT="49" HPOS="2046" VPOS="956" WIDTH="30" />
<String CONTENT="and" HEIGHT="52" HPOS="2077" VPOS="938" WIDTH="109" />
<SP HEIGHT="52" HPOS="2187" VPOS="938" WIDTH="34" />
<String CONTENT="methods" HEIGHT="131" HPOS="380" VPOS="939" WIDTH="1997" />
<SP HEIGHT="34" HPOS="482" VPOS="1036" WIDTH="34" />
<String CONTENT="of" HEIGHT="53" HPOS="517" VPOS="1017" WIDTH="65" />
<SP HEIGHT="53" HPOS="583" VPOS="1017" WIDTH="31" />
<String CONTENT="science" HEIGHT="53" HPOS="615" VPOS="1017" WIDTH="215" />
<SP HEIGHT="34" HPOS="831" VPOS="1036" WIDTH="33" />
<String CONTENT="among" HEIGHT="51" HPOS="865" VPOS="1034" WIDTH="210" />
<SP HEIGHT="62" HPOS="1076" VPOS="1023" WIDTH="32" />
<String CONTENT="the" HEIGHT="54" HPOS="1109" VPOS="1017" WIDTH="98" />
<SP HEIGHT="35" HPOS="1208" VPOS="1036" WIDTH="34" />
<String CONTENT="ancient" HEIGHT="54" HPOS="1243" VPOS="1016" WIDTH="227" />
<SP HEIGHT="55" HPOS="1471" VPOS="1018" WIDTH="31" />
<String CONTENT="Greeks," HEIGHT="68" HPOS="1503" VPOS="1018" WIDTH="234" />
<SP HEIGHT="68" HPOS="1738" VPOS="1018" WIDTH="32" />
<String CONTENT="by" HEIGHT="68" HPOS="1771" VPOS="1018" WIDTH="76" />
<SP HEIGHT="67" HPOS="1848" VPOS="1019" WIDTH="28" />
<String CONTENT="William" HEIGHT="55" HPOS="1877" VPOS="1017" WIDTH="264" />
<SP HEIGHT="53" HPOS="2142" VPOS="1018" WIDTH="34" />
<String CONTENT="Arthur" HEIGHT="53" HPOS="2177" VPOS="1018" WIDTH="226" />
</TextLine>
<TextLine CS="1" HEIGHT="151" HPOS="379" STYLEREFS="StyleId-A7C27F1A-5222-4439-AF03-12D71FC28FAA-" VPOS="1095" WIDTH="1997">
<String CONTENT="Heidel" HEIGHT="55" HPOS="379" VPOS="1095" WIDTH="212" />
<SP HEIGHT="51" HPOS="592" VPOS="1099" WIDTH="34" />
<String CONTENT="&#8230;" CS="1" />
<SP HEIGHT="52" HPOS="684" VPOS="1097" WIDTH="78" />
<String CONTENT="Baltimore," HEIGHT="68" HPOS="763" VPOS="1097" WIDTH="338" />
<SP HEIGHT="65" HPOS="1102" VPOS="1100" WIDTH="27" />
<String CONTENT="Pub." HEIGHT="54" HPOS="1130" VPOS="1097" WIDTH="145" />
<SP HEIGHT="54" HPOS="1276" VPOS="1096" WIDTH="31" />
<String CONTENT="for" HEIGHT="54" HPOS="1308" VPOS="1096" WIDTH="94" />
<SP HEIGHT="55" HPOS="1403" VPOS="1098" WIDTH="29" />
<String CONTENT="Carnegie" HEIGHT="68" HPOS="1433" VPOS="1098" WIDTH="283" />
<SP HEIGHT="54" HPOS="1717" VPOS="1096" WIDTH="26" />
<String CONTENT="institution" HEIGHT="54" HPOS="1744" VPOS="1096" WIDTH="329" />
<SP HEIGHT="34" HPOS="2074" VPOS="1116" WIDTH="33" />
<String CONTENT="of" HEIGHT="53" HPOS="2108" VPOS="1097" WIDTH="63" />
<SP HEIGHT="55" HPOS="2172" VPOS="1097" WIDTH="25" />
<String CONTENT="Washington" HEIGHT="147" HPOS="381" VPOS="1098" WIDTH="1995" />
<SP HEIGHT="52" HPOS="585" VPOS="1177" WIDTH="30" />
<String CONTENT="by" HEIGHT="66" HPOS="616" VPOS="1177" WIDTH="76" />
<SP HEIGHT="60" HPOS="693" VPOS="1183" WIDTH="31" />
<String CONTENT="the" HEIGHT="53" HPOS="725" VPOS="1177" WIDTH="94" />
<SP HEIGHT="53" HPOS="820" VPOS="1178" WIDTH="30" />
<String CONTENT="Williams" HEIGHT="55" HPOS="851" VPOS="1176" WIDTH="291" />
<SP HEIGHT="50" HPOS="1143" VPOS="1181" WIDTH="33" />
<String CONTENT="&amp;" HEIGHT="50" HPOS="1177" VPOS="1181" WIDTH="45" />
<SP HEIGHT="54" HPOS="1223" VPOS="1178" WIDTH="26" />
<String CONTENT="Wilkins" HEIGHT="56" HPOS="1250" VPOS="1176" WIDTH="255" />
<SP HEIGHT="34" HPOS="1506" VPOS="1197" WIDTH="31" />
<String CONTENT="company," HEIGHT="50" HPOS="1538" VPOS="1196" WIDTH="300" />
<SP HEIGHT="64" HPOS="1839" VPOS="1181" WIDTH="35" />
<String CONTENT="1933." HEIGHT="51" HPOS="1875" VPOS="1180" WIDTH="152" />
</TextLine>
<TextLine CS="1" HEIGHT="109" HPOS="385" VPOS="1250" WIDTH="2008">
<String CONTENT="vii," HEIGHT="47" HPOS="455" VPOS="1253" WIDTH="81" />
<SP HEIGHT="47" HPOS="537" VPOS="1253" WIDTH="28" />
<String CONTENT="203" HEIGHT="40" HPOS="566" VPOS="1253" WIDTH="85" />
<SP HEIGHT="46" HPOS="652" VPOS="1254" WIDTH="26" />
<String CONTENT="p." HEIGHT="37" HPOS="679" VPOS="1263" WIDTH="43" />
<SP HEIGHT="43" HPOS="723" VPOS="1251" WIDTH="54" />
<String CONTENT="23" HEIGHT="41" HPOS="778" VPOS="1251" WIDTH="56" />
<String CONTENT="cm" HEIGHT="21" HPOS="838" STYLE="superscript" VPOS="1254" WIDTH="44" />
<String CONTENT="." HEIGHT="8" HPOS="889" VPOS="1283" WIDTH="7" />
<SP HEIGHT="48" HPOS="897" VPOS="1253" WIDTH="66" />
<String CONTENT="(On" HEIGHT="48" HPOS="964" VPOS="1253" WIDTH="100" />
<SP HEIGHT="29" HPOS="1065" VPOS="1264" WIDTH="23" />
<String CONTENT="verso" HEIGHT="32" HPOS="1089" VPOS="1261" WIDTH="141" />
<SP HEIGHT="29" HPOS="1231" VPOS="1263" WIDTH="28" />
<String CONTENT="of" HEIGHT="48" HPOS="1260" VPOS="1253" WIDTH="51" />
<SP HEIGHT="48" HPOS="1312" VPOS="1253" WIDTH="28" />
<String CONTENT="t.-p.:" HEIGHT="47" HPOS="1341" VPOS="1254" WIDTH="121" />
<SP HEIGHT="43" HPOS="1463" VPOS="1251" WIDTH="27" />
<String CONTENT="Carnegie" HEIGHT="50" HPOS="1491" VPOS="1251" WIDTH="240" />
<SP HEIGHT="41" HPOS="1732" VPOS="1253" WIDTH="21" />
<String CONTENT="institution" HEIGHT="42" HPOS="1754" VPOS="1251" WIDTH="287" />
<SP HEIGHT="29" HPOS="2042" VPOS="1263" WIDTH="29" />
<String CONTENT="of" HEIGHT="41" HPOS="2072" VPOS="1251" WIDTH="52" />
<SP HEIGHT="42" HPOS="2125" VPOS="1251" WIDTH="27" />
<String CONTENT="Washington." HEIGHT="100" HPOS="385" VPOS="1250" WIDTH="2008" />
<SP HEIGHT="38" HPOS="482" VPOS="1311" WIDTH="58" />
<String CONTENT="Publication" HEIGHT="41" HPOS="541" VPOS="1309" WIDTH="309" />
<SP HEIGHT="30" HPOS="851" VPOS="1320" WIDTH="27" />
<String CONTENT="no." HEIGHT="30" HPOS="879" VPOS="1320" WIDTH="75" />
<SP HEIGHT="39" HPOS="955" VPOS="1310" WIDTH="27" />
<String CONTENT="442)" HEIGHT="49" HPOS="983" VPOS="1310" WIDTH="113" />
</TextLine>
<TextLine HEIGHT="53" HPOS="388" VPOS="1363" WIDTH="2019">
<String CONTENT="&#169;" HEIGHT="53" HPOS="388" VPOS="1363" WIDTH="52" />
<SP HEIGHT="53" HPOS="441" VPOS="1363" WIDTH="29" />
<String CONTENT="May" HEIGHT="47" HPOS="471" VPOS="1368" WIDTH="117" />
<SP HEIGHT="47" HPOS="589" VPOS="1368" WIDTH="24" />
<String CONTENT="23," HEIGHT="47" HPOS="614" VPOS="1368" WIDTH="71" />
<SP HEIGHT="46" HPOS="686" VPOS="1369" WIDTH="29" />
<String CONTENT="1933" HEIGHT="41" HPOS="716" VPOS="1367" WIDTH="115" />
<SP HEIGHT="46" HPOS="832" VPOS="1368" WIDTH="16" />
<String CONTENT=";" HEIGHT="36" HPOS="849" VPOS="1378" WIDTH="9" />
<SP HEIGHT="46" HPOS="859" VPOS="1368" WIDTH="30" />
<String CONTENT="2c." HEIGHT="40" HPOS="890" VPOS="1368" WIDTH="67" />
<SP HEIGHT="30" HPOS="958" VPOS="1378" WIDTH="30" />
<String CONTENT="and" HEIGHT="41" HPOS="989" VPOS="1367" WIDTH="97" />
<SP HEIGHT="41" HPOS="1087" VPOS="1367" WIDTH="28" />
<String CONTENT="aff." HEIGHT="41" HPOS="1116" VPOS="1367" WIDTH="83" />
<SP HEIGHT="39" HPOS="1200" VPOS="1369" WIDTH="30" />
<String CONTENT="May" HEIGHT="47" HPOS="1231" VPOS="1369" WIDTH="114" />
<SP HEIGHT="48" HPOS="1346" VPOS="1368" WIDTH="28" />
<String CONTENT="29;" HEIGHT="48" HPOS="1375" VPOS="1367" WIDTH="83" />
<SP HEIGHT="47" HPOS="1459" VPOS="1368" WIDTH="32" />
<String CONTENT="A" HEIGHT="39" HPOS="1492" VPOS="1368" WIDTH="41" />
<SP HEIGHT="41" HPOS="1534" VPOS="1367" WIDTH="28" />
<String CONTENT="62806;" HEIGHT="49" HPOS="1563" VPOS="1367" WIDTH="172" />
<SP HEIGHT="49" HPOS="1736" VPOS="1367" WIDTH="34" />
<String CONTENT="Carnegie" HEIGHT="49" HPOS="1771" VPOS="1367" WIDTH="237" />
<SP HEIGHT="41" HPOS="2009" VPOS="1367" WIDTH="28" />
<String CONTENT="institution" HEIGHT="41" HPOS="2038" VPOS="1367" WIDTH="284" />
<SP HEIGHT="29" HPOS="2323" VPOS="1379" WIDTH="30" />
<String CONTENT="of" HEIGHT="40" HPOS="2354" VPOS="1368" WIDTH="53" />
</TextLine>
<TextLine HEIGHT="48" HPOS="456" VPOS="1425" WIDTH="693">
<String CONTENT="Washington." HEIGHT="48" HPOS="456" VPOS="1425" WIDTH="338" />
<SP HEIGHT="48" HPOS="795" VPOS="1425" WIDTH="70" />
<String CONTENT="(33-16188)" HEIGHT="48" HPOS="866" VPOS="1425" WIDTH="283" />
</TextLine>
<TextLine HEIGHT="68" HPOS="381" STYLEREFS="StyleId-3CD438E5-A2C3-428E-A280-2C3185A73A96-" VPOS="1498" WIDTH="656">
<String CONTENT="His," HEIGHT="64" HPOS="381" VPOS="1500" WIDTH="128" />
<SP HEIGHT="63" HPOS="510" VPOS="1501" WIDTH="28" />
<String CONTENT="Wilhelm," HEIGHT="68" HPOS="539" VPOS="1498" WIDTH="294" />
<SP HEIGHT="60" HPOS="834" VPOS="1506" WIDTH="30" />
<String CONTENT="1863-" HEIGHT="50" HPOS="865" VPOS="1506" WIDTH="172" />
</TextLine>
<TextLine HEIGHT="72" HPOS="453" STYLEREFS="StyleId-A7C27F1A-5222-4439-AF03-12D71FC28FAA-" VPOS="1578" WIDTH="1954">
<String CONTENT="A" HEIGHT="53" HPOS="453" VPOS="1580" WIDTH="57" />
<SP HEIGHT="56" HPOS="511" VPOS="1578" WIDTH="42" />
<String CONTENT="German" HEIGHT="56" HPOS="554" VPOS="1578" WIDTH="253" />
<SP HEIGHT="52" HPOS="808" VPOS="1581" WIDTH="44" />
<String CONTENT="doctor" HEIGHT="52" HPOS="853" VPOS="1581" WIDTH="197" />
<SP HEIGHT="34" HPOS="1051" VPOS="1599" WIDTH="43" />
<String CONTENT="at" HEIGHT="46" HPOS="1095" VPOS="1587" WIDTH="59" />
<SP HEIGHT="50" HPOS="1155" VPOS="1583" WIDTH="42" />
<String CONTENT="the" HEIGHT="53" HPOS="1198" VPOS="1580" WIDTH="96" />
<SP HEIGHT="53" HPOS="1295" VPOS="1580" WIDTH="45" />
<String CONTENT="front" HEIGHT="53" HPOS="1341" VPOS="1580" WIDTH="161" />
<SP HEIGHT="70" HPOS="1503" VPOS="1580" WIDTH="53" />
<String CONTENT="(Die" HEIGHT="71" HPOS="1557" VPOS="1579" WIDTH="138" />
<SP HEIGHT="54" HPOS="1696" VPOS="1580" WIDTH="45" />
<String CONTENT="front" HEIGHT="52" HPOS="1742" VPOS="1580" WIDTH="161" />
<SP HEIGHT="53" HPOS="1904" VPOS="1579" WIDTH="43" />
<String CONTENT="der" HEIGHT="54" HPOS="1948" LANG="de" VPOS="1579" WIDTH="100" />
<SP HEIGHT="35" HPOS="2049" VPOS="1597" WIDTH="43" />
<String CONTENT="arzte)" HEIGHT="70" HPOS="2093" VPOS="1579" WIDTH="182" />
<SP HEIGHT="70" HPOS="2276" VPOS="1579" WIDTH="53" />
<String CONTENT="by" HEIGHT="70" HPOS="2330" VPOS="1579" WIDTH="77" />
</TextLine>
<TextLine CS="1" HEIGHT="133" HPOS="382" STYLEREFS="StyleId-A7C27F1A-5222-4439-AF03-12D71FC28FAA-" VPOS="1658" WIDTH="1999">
<String CONTENT="Professor" HEIGHT="54" HPOS="382" VPOS="1658" WIDTH="304" />
<SP HEIGHT="51" HPOS="687" VPOS="1660" WIDTH="29" />
<String CONTENT="Dr." HEIGHT="52" HPOS="717" VPOS="1660" WIDTH="103" />
<SP HEIGHT="53" HPOS="821" VPOS="1660" WIDTH="28" />
<String CONTENT="Wilhelm" HEIGHT="54" HPOS="850" VPOS="1659" WIDTH="276" />
<SP HEIGHT="52" HPOS="1127" VPOS="1660" WIDTH="28" />
<String CONTENT="His;" HEIGHT="68" HPOS="1156" VPOS="1659" WIDTH="142" />
<SP HEIGHT="63" HPOS="1299" VPOS="1664" WIDTH="29" />
<String CONTENT="translated" HEIGHT="54" HPOS="1329" VPOS="1659" WIDTH="318" />
<SP HEIGHT="54" HPOS="1648" VPOS="1659" WIDTH="30" />
<String CONTENT="from" HEIGHT="53" HPOS="1679" VPOS="1659" WIDTH="154" />
<SP HEIGHT="47" HPOS="1834" VPOS="1667" WIDTH="25" />
<String CONTENT="the" HEIGHT="55" HPOS="1860" VPOS="1659" WIDTH="98" />
<SP HEIGHT="34" HPOS="1959" VPOS="1679" WIDTH="26" />
<String CONTENT="original" HEIGHT="70" HPOS="1986" VPOS="1658" WIDTH="251" />
<SP HEIGHT="55" HPOS="2238" VPOS="1659" WIDTH="28" />
<String CONTENT="German" HEIGHT="132" HPOS="382" VPOS="1659" WIDTH="1999" />
</TextLine>
<TextLine CS="1" HEIGHT="71" HPOS="547" STYLEREFS="StyleId-A7C27F1A-5222-4439-AF03-12D71FC28FAA-" VPOS="1737" WIDTH="1860">
<String CONTENT="by" HEIGHT="68" HPOS="547" VPOS="1739" WIDTH="76" />
<SP HEIGHT="69" HPOS="624" VPOS="1738" WIDTH="31" />
<String CONTENT="Colonel" HEIGHT="55" HPOS="656" VPOS="1738" WIDTH="236" />
<SP HEIGHT="56" HPOS="893" VPOS="1737" WIDTH="30" />
<String CONTENT="Gustavus" HEIGHT="56" HPOS="924" VPOS="1737" WIDTH="292" />
<SP HEIGHT="54" HPOS="1217" VPOS="1739" WIDTH="29" />
<String CONTENT="M." HEIGHT="53" HPOS="1247" VPOS="1739" WIDTH="82" />
<SP HEIGHT="52" HPOS="1330" VPOS="1740" WIDTH="31" />
<String CONTENT="Blech" HEIGHT="53" HPOS="1362" VPOS="1739" WIDTH="177" />
<SP HEIGHT="52" HPOS="1540" VPOS="1739" WIDTH="35" />
<String CONTENT="&#8230;" CS="1" />
<SP HEIGHT="34" HPOS="1635" VPOS="1758" WIDTH="36" />
<String CONTENT="and" HEIGHT="52" HPOS="1672" VPOS="1740" WIDTH="114" />
<SP HEIGHT="52" HPOS="1787" VPOS="1740" WIDTH="30" />
<String CONTENT="Brigadier" HEIGHT="71" HPOS="1818" VPOS="1737" WIDTH="311" />
<SP HEIGHT="56" HPOS="2130" VPOS="1738" WIDTH="29" />
<String CONTENT="General" HEIGHT="56" HPOS="2160" VPOS="1738" WIDTH="247" />
</TextLine>
<TextLine CS="1" HEIGHT="71" HPOS="383" STYLEREFS="StyleId-A7C27F1A-5222-4439-AF03-12D71FC28FAA-" VPOS="1817" WIDTH="2024">
<String CONTENT="Jefferson" HEIGHT="55" HPOS="383" VPOS="1817" WIDTH="286" />
<SP HEIGHT="52" HPOS="670" VPOS="1818" WIDTH="29" />
<String CONTENT="B." HEIGHT="53" HPOS="700" VPOS="1818" WIDTH="68" />
<SP HEIGHT="53" HPOS="769" VPOS="1818" WIDTH="31" />
<String CONTENT="Kean" HEIGHT="52" HPOS="801" VPOS="1818" WIDTH="166" />
<SP HEIGHT="33" HPOS="968" VPOS="1837" WIDTH="34" />
<String CONTENT="&#8230;" CS="1" />
<SP HEIGHT="52" HPOS="1059" VPOS="1818" WIDTH="71" />
<String CONTENT="American" HEIGHT="54" HPOS="1131" VPOS="1817" WIDTH="308" />
<SP HEIGHT="33" HPOS="1440" VPOS="1838" WIDTH="31" />
<String CONTENT="ed." HEIGHT="52" HPOS="1472" VPOS="1819" WIDTH="85" />
<SP HEIGHT="54" HPOS="1558" VPOS="1819" WIDTH="72" />
<String CONTENT="Washington," HEIGHT="70" HPOS="1631" VPOS="1818" WIDTH="406" />
<SP HEIGHT="69" HPOS="2038" VPOS="1819" WIDTH="28" />
<String CONTENT="D." HEIGHT="53" HPOS="2067" VPOS="1819" WIDTH="73" />
<SP HEIGHT="55" HPOS="2141" VPOS="1819" WIDTH="30" />
<String CONTENT="C.," HEIGHT="67" HPOS="2172" VPOS="1819" WIDTH="82" />
<SP HEIGHT="66" HPOS="2255" VPOS="1820" WIDTH="30" />
<String CONTENT="The" HEIGHT="53" HPOS="2286" VPOS="1819" WIDTH="121" />
</TextLine>
<TextLine CS="1" HEIGHT="70" HPOS="385" STYLEREFS="StyleId-A7C27F1A-5222-4439-AF03-12D71FC28FAA-" VPOS="1896" WIDTH="1417">
<String CONTENT="National" HEIGHT="54" HPOS="385" VPOS="1897" WIDTH="275" />
<SP HEIGHT="54" HPOS="661" VPOS="1897" WIDTH="25" />
<String CONTENT="service" HEIGHT="55" HPOS="687" VPOS="1896" WIDTH="214" />
<SP HEIGHT="51" HPOS="902" VPOS="1915" WIDTH="25" />
<String CONTENT="publishing" HEIGHT="70" HPOS="928" VPOS="1896" WIDTH="338" />
<SP HEIGHT="50" HPOS="1267" VPOS="1916" WIDTH="24" />
<String CONTENT="company" HEIGHT="51" HPOS="1292" VPOS="1915" WIDTH="283" />
<SP HEIGHT="63" HPOS="1576" VPOS="1903" WIDTH="31" />
<String CONTENT="[c1933]" CS="1" HEIGHT="66" HPOS="1650" VPOS="1900" WIDTH="152" />
</TextLine>
<TextLine CS="1" HEIGHT="50" HPOS="456" VPOS="1971" WIDTH="1344">
<String CONTENT="7" HEIGHT="40" HPOS="456" VPOS="1973" WIDTH="28" />
<SP HEIGHT="48" HPOS="485" VPOS="1973" WIDTH="31" />
<String CONTENT="p." HEIGHT="38" HPOS="517" VPOS="1983" WIDTH="43" />
<SP />
<String CONTENT="l.," CS="1" HEIGHT="17" HPOS="630" VPOS="2004" WIDTH="9" />
<SP HEIGHT="49" HPOS="640" VPOS="1972" WIDTH="31" />
<String CONTENT="230" HEIGHT="41" HPOS="672" VPOS="1972" WIDTH="89" />
<SP HEIGHT="48" HPOS="762" VPOS="1972" WIDTH="29" />
<String CONTENT="p." HEIGHT="38" HPOS="792" VPOS="1982" WIDTH="44" />
<SP HEIGHT="42" HPOS="837" VPOS="1971" WIDTH="32" />
<String CONTENT="incl." HEIGHT="42" HPOS="870" VPOS="1971" WIDTH="111" />
<SP HEIGHT="30" HPOS="982" VPOS="1983" WIDTH="32" />
<String CONTENT="maps," HEIGHT="39" HPOS="1015" VPOS="1982" WIDTH="153" />
<SP HEIGHT="40" HPOS="1169" VPOS="1972" WIDTH="59" />
<String CONTENT="front." HEIGHT="40" HPOS="1229" VPOS="1972" WIDTH="150" />
<SP HEIGHT="48" HPOS="1380" VPOS="1972" WIDTH="28" />
<String CONTENT="(port.)" HEIGHT="48" HPOS="1409" VPOS="1972" WIDTH="174" />
<SP HEIGHT="47" HPOS="1584" VPOS="1972" WIDTH="67" />
<String CONTENT="23&#189;" CS="1" HEIGHT="41" HPOS="1652" VPOS="1972" WIDTH="57" />
<String CONTENT="cm" CS="1" HEIGHT="21" HPOS="1741" STYLE="superscript" VPOS="1975" WIDTH="17" />
<String CONTENT="." HEIGHT="8" HPOS="1793" VPOS="2005" WIDTH="7" />
</TextLine>
<TextLine CS="1" HEIGHT="53" HPOS="390" VPOS="2027" WIDTH="2016">
<String CONTENT="&#169;" HEIGHT="53" HPOS="390" VPOS="2027" WIDTH="52" />
<SP HEIGHT="53" HPOS="443" VPOS="2027" WIDTH="26" />
<String CONTENT="June" HEIGHT="39" HPOS="470" VPOS="2033" WIDTH="128" />
<SP HEIGHT="39" HPOS="599" VPOS="2032" WIDTH="25" />
<String CONTENT="16," HEIGHT="48" HPOS="625" VPOS="2031" WIDTH="70" />
<SP HEIGHT="47" HPOS="696" VPOS="2032" WIDTH="27" />
<String CONTENT="1933" HEIGHT="40" HPOS="724" VPOS="2031" WIDTH="114" />
<SP HEIGHT="47" HPOS="839" VPOS="2031" WIDTH="17" />
<String CONTENT=";" HEIGHT="36" HPOS="857" VPOS="2042" WIDTH="9" />
<SP HEIGHT="47" HPOS="867" VPOS="2031" WIDTH="29" />
<String CONTENT="2c." HEIGHT="41" HPOS="897" VPOS="2031" WIDTH="67" />
<SP HEIGHT="41" HPOS="965" VPOS="2031" WIDTH="28" />
<String CONTENT="June" HEIGHT="40" HPOS="994" VPOS="2031" WIDTH="128" />
<SP HEIGHT="39" HPOS="1123" VPOS="2031" WIDTH="25" />
<String CONTENT="20;" HEIGHT="48" HPOS="1149" VPOS="2030" WIDTH="84" />
<SP />
<String CONTENT="aff." CS="1" />
<SP HEIGHT="41" HPOS="1349" VPOS="2031" WIDTH="28" />
<String CONTENT="June" HEIGHT="40" HPOS="1378" VPOS="2031" WIDTH="128" />
<SP HEIGHT="40" HPOS="1507" VPOS="2031" WIDTH="26" />
<String CONTENT="19;" HEIGHT="47" HPOS="1534" VPOS="2031" WIDTH="83" />
<SP HEIGHT="46" HPOS="1618" VPOS="2032" WIDTH="30" />
<String CONTENT="A" HEIGHT="39" HPOS="1649" VPOS="2032" WIDTH="41" />
<SP HEIGHT="40" HPOS="1691" VPOS="2031" WIDTH="26" />
<String CONTENT="64113;" HEIGHT="48" HPOS="1718" VPOS="2031" WIDTH="172" />
<SP HEIGHT="47" HPOS="1891" VPOS="2032" WIDTH="30" />
<String CONTENT="Natl." CS="1" HEIGHT="40" HPOS="1922" VPOS="2032" WIDTH="117" />
<SP HEIGHT="29" HPOS="2054" VPOS="2043" WIDTH="28" />
<String CONTENT="service" HEIGHT="42" HPOS="2083" VPOS="2030" WIDTH="188" />
<SP HEIGHT="38" HPOS="2272" VPOS="2042" WIDTH="24" />
<String CONTENT="pub." HEIGHT="50" HPOS="2297" VPOS="2030" WIDTH="109" />
</TextLine>
<TextLine HEIGHT="49" HPOS="457" VPOS="2089" WIDTH="422">
<String CONTENT="co." HEIGHT="29" HPOS="457" VPOS="2101" WIDTH="67" />
<SP HEIGHT="48" HPOS="525" VPOS="2090" WIDTH="71" />
<String CONTENT="(33-16553)" HEIGHT="49" HPOS="597" VPOS="2089" WIDTH="282" />
</TextLine>
<TextLine HEIGHT="66" HPOS="385" STYLEREFS="StyleId-3CD438E5-A2C3-428E-A280-2C3185A73A96-" VPOS="2165" WIDTH="833">
<String CONTENT="Hoffman," HEIGHT="66" HPOS="385" VPOS="2165" WIDTH="301" />
<SP HEIGHT="64" HPOS="687" VPOS="2167" WIDTH="26" />
<String CONTENT="Thurlow" HEIGHT="55" HPOS="714" VPOS="2165" WIDTH="278" />
<SP HEIGHT="54" HPOS="993" VPOS="2167" WIDTH="25" />
<String CONTENT="Weed." HEIGHT="55" HPOS="1019" VPOS="2166" WIDTH="199" />
</TextLine>
<TextLine HEIGHT="71" HPOS="456" STYLEREFS="StyleId-A7C27F1A-5222-4439-AF03-12D71FC28FAA-" VPOS="2242" WIDTH="1950">
<String CONTENT="Fore-hitchin&#8217;," HEIGHT="69" HPOS="456" VPOS="2243" WIDTH="436" />
<SP HEIGHT="69" HPOS="893" VPOS="2243" WIDTH="49" />
<String CONTENT="by" HEIGHT="70" HPOS="943" VPOS="2243" WIDTH="75" />
<SP HEIGHT="67" HPOS="1019" VPOS="2246" WIDTH="49" />
<String CONTENT="Thurlow" HEIGHT="53" HPOS="1069" VPOS="2244" WIDTH="276" />
<SP HEIGHT="54" HPOS="1346" VPOS="2245" WIDTH="48" />
<String CONTENT="Weed" HEIGHT="54" HPOS="1395" VPOS="2245" WIDTH="179" />
<SP HEIGHT="52" HPOS="1575" VPOS="2245" WIDTH="48" />
<String CONTENT="Hoffman." HEIGHT="55" HPOS="1624" VPOS="2242" WIDTH="298" />
<SP HEIGHT="51" HPOS="1923" VPOS="2245" WIDTH="74" />
<String CONTENT="Boston," HEIGHT="66" HPOS="1998" VPOS="2245" WIDTH="236" />
<SP HEIGHT="67" HPOS="2235" VPOS="2244" WIDTH="49" />
<String CONTENT="The" HEIGHT="54" HPOS="2285" VPOS="2243" WIDTH="121" />
</TextLine>
<TextLine HEIGHT="71" HPOS="387" STYLEREFS="StyleId-A7C27F1A-5222-4439-AF03-12D71FC28FAA-" VPOS="2321" WIDTH="1183">
<String CONTENT="Christopher" HEIGHT="69" HPOS="387" VPOS="2322" WIDTH="380" />
<SP HEIGHT="50" HPOS="768" VPOS="2341" WIDTH="29" />
<String CONTENT="publishing" HEIGHT="71" HPOS="798" VPOS="2321" WIDTH="338" />
<SP HEIGHT="69" HPOS="1137" VPOS="2323" WIDTH="28" />
<String CONTENT="house" HEIGHT="54" HPOS="1166" VPOS="2323" WIDTH="173" />
<SP HEIGHT="49" HPOS="1340" VPOS="2342" WIDTH="35" />
<String CONTENT="[" HEIGHT="34" HPOS="1376" VPOS="2357" WIDTH="13" />
<String CONTENT="c" HEIGHT="22" HPOS="1394" STYLE="superscript" VPOS="2329" WIDTH="17" />
<String CONTENT="1933]" HEIGHT="66" HPOS="1418" VPOS="2325" WIDTH="152" />
</TextLine>
<TextLine HEIGHT="49" HPOS="455" VPOS="2398" WIDTH="338">
<String CONTENT="358" HEIGHT="41" HPOS="455" VPOS="2398" WIDTH="90" />
<SP HEIGHT="49" HPOS="546" VPOS="2398" WIDTH="24" />
<String CONTENT="p." HEIGHT="38" HPOS="571" VPOS="2409" WIDTH="44" />
<SP HEIGHT="41" HPOS="616" VPOS="2398" WIDTH="57" />
<String CONTENT="21" HEIGHT="40" HPOS="674" VPOS="2398" WIDTH="56" />
<String CONTENT="cm" HEIGHT="22" HPOS="734" STYLE="superscript" VPOS="2400" WIDTH="45" />
<String CONTENT="." HEIGHT="10" HPOS="784" VPOS="2429" WIDTH="9" />
</TextLine>
<TextLine HEIGHT="53" HPOS="391" VPOS="2452" WIDTH="2015">
<String CONTENT="&#169;" HEIGHT="53" HPOS="391" VPOS="2452" WIDTH="55" />
<SP HEIGHT="53" HPOS="447" VPOS="2452" WIDTH="26" />
<String CONTENT="June" HEIGHT="39" HPOS="474" VPOS="2458" WIDTH="127" />
<SP HEIGHT="39" HPOS="602" VPOS="2457" WIDTH="27" />
<String CONTENT="14," HEIGHT="46" HPOS="630" VPOS="2457" WIDTH="69" />
<SP HEIGHT="46" HPOS="700" VPOS="2457" WIDTH="28" />
<String CONTENT="1933" HEIGHT="41" HPOS="729" VPOS="2456" WIDTH="114" />
<SP HEIGHT="46" HPOS="844" VPOS="2457" WIDTH="17" />
<String CONTENT=";" HEIGHT="37" HPOS="862" VPOS="2466" WIDTH="8" />
<SP HEIGHT="47" HPOS="871" VPOS="2456" WIDTH="30" />
<String CONTENT="2c." HEIGHT="41" HPOS="902" VPOS="2456" WIDTH="68" />
<SP HEIGHT="31" HPOS="971" VPOS="2466" WIDTH="28" />
<String CONTENT="and" HEIGHT="38" HPOS="1000" VPOS="2457" WIDTH="96" />
<SP HEIGHT="39" HPOS="1097" VPOS="2457" WIDTH="29" />
<String CONTENT="aff." HEIGHT="41" HPOS="1127" VPOS="2455" WIDTH="83" />
<SP HEIGHT="41" HPOS="1211" VPOS="2455" WIDTH="28" />
<String CONTENT="July" HEIGHT="48" HPOS="1240" VPOS="2455" WIDTH="118" />
<SP HEIGHT="47" HPOS="1359" VPOS="2456" WIDTH="27" />
<String CONTENT="1;" HEIGHT="47" HPOS="1387" VPOS="2456" WIDTH="53" />
<SP HEIGHT="47" HPOS="1441" VPOS="2456" WIDTH="31" />
<String CONTENT="A" HEIGHT="39" HPOS="1473" VPOS="2456" WIDTH="41" />
<SP HEIGHT="40" HPOS="1515" VPOS="2456" WIDTH="27" />
<String CONTENT="63463;" HEIGHT="43" HPOS="1543" VPOS="2455" WIDTH="172" />
<SP HEIGHT="42" HPOS="1716" VPOS="2456" WIDTH="33" />
<String CONTENT="Christopher" HEIGHT="48" HPOS="1750" VPOS="2456" WIDTH="319" />
<SP HEIGHT="37" HPOS="2070" VPOS="2467" WIDTH="29" />
<String CONTENT="pub." HEIGHT="49" HPOS="2100" VPOS="2455" WIDTH="110" />
<SP HEIGHT="40" HPOS="2211" VPOS="2457" WIDTH="30" />
<String CONTENT="house." HEIGHT="38" HPOS="2242" VPOS="2457" WIDTH="164" />
</TextLine>
<TextLine HEIGHT="49" HPOS="473" VPOS="2514" WIDTH="282">
<String CONTENT="(33-16733)" HEIGHT="49" HPOS="473" VPOS="2514" WIDTH="282" />
</TextLine>
<TextLine HEIGHT="65" HPOS="385" STYLEREFS="StyleId-3CD438E5-A2C3-428E-A280-2C3185A73A96-" VPOS="2589" WIDTH="1004">
<String CONTENT="Holy," HEIGHT="65" HPOS="385" VPOS="2589" WIDTH="172" />
<SP HEIGHT="64" HPOS="558" VPOS="2590" WIDTH="25" />
<String CONTENT="Thomas" HEIGHT="54" HPOS="584" VPOS="2590" WIDTH="260" />
<SP HEIGHT="54" HPOS="845" VPOS="2591" WIDTH="26" />
<String CONTENT="Celestine," HEIGHT="65" HPOS="872" VPOS="2589" WIDTH="314" />
<SP HEIGHT="58" HPOS="1187" VPOS="2596" WIDTH="29" />
<String CONTENT="1887-" HEIGHT="54" HPOS="1217" VPOS="2591" WIDTH="172" />
</TextLine>
<TextLine HEIGHT="69" HPOS="460" STYLEREFS="StyleId-A7C27F1A-5222-4439-AF03-12D71FC28FAA-" VPOS="2667" WIDTH="1943">
<String CONTENT="Financial" HEIGHT="53" HPOS="460" VPOS="2667" WIDTH="305" />
<SP HEIGHT="51" HPOS="766" VPOS="2669" WIDTH="36" />
<String CONTENT="status" HEIGHT="48" HPOS="803" VPOS="2672" WIDTH="184" />
<SP HEIGHT="34" HPOS="988" VPOS="2687" WIDTH="36" />
<String CONTENT="of" HEIGHT="53" HPOS="1025" VPOS="2668" WIDTH="64" />
<SP HEIGHT="55" HPOS="1090" VPOS="2667" WIDTH="39" />
<String CONTENT="Ohio" HEIGHT="55" HPOS="1130" VPOS="2667" WIDTH="152" />
<SP HEIGHT="34" HPOS="1283" VPOS="2687" WIDTH="36" />
<String CONTENT="city" HEIGHT="68" HPOS="1320" VPOS="2667" WIDTH="118" />
<SP HEIGHT="48" HPOS="1439" VPOS="2687" WIDTH="38" />
<String CONTENT="and" HEIGHT="53" HPOS="1478" VPOS="2668" WIDTH="113" />
<SP HEIGHT="53" HPOS="1592" VPOS="2668" WIDTH="38" />
<String CONTENT="exempted-village" HEIGHT="68" HPOS="1631" VPOS="2668" WIDTH="541" />
<SP HEIGHT="35" HPOS="2173" VPOS="2686" WIDTH="38" />
<String CONTENT="school" HEIGHT="53" HPOS="2212" VPOS="2668" WIDTH="191" />
</TextLine>
<TextLine CS="1" HEIGHT="70" HPOS="389" STYLEREFS="StyleId-A7C27F1A-5222-4439-AF03-12D71FC28FAA-" VPOS="2745" WIDTH="2014">
<String CONTENT="districts," HEIGHT="68" HPOS="389" VPOS="2746" WIDTH="274" />
<SP HEIGHT="68" HPOS="664" VPOS="2746" WIDTH="34" />
<String CONTENT="by" HEIGHT="69" HPOS="699" VPOS="2746" WIDTH="77" />
<SP HEIGHT="68" HPOS="777" VPOS="2747" WIDTH="31" />
<String CONTENT="T." HEIGHT="52" HPOS="809" VPOS="2747" WIDTH="68" />
<SP HEIGHT="56" HPOS="878" VPOS="2745" WIDTH="33" />
<String CONTENT="C." HEIGHT="56" HPOS="912" VPOS="2745" WIDTH="65" />
<SP HEIGHT="52" HPOS="978" VPOS="2747" WIDTH="36" />
<String CONTENT="Holy" HEIGHT="66" HPOS="1015" VPOS="2747" WIDTH="160" />
<SP HEIGHT="48" HPOS="1176" VPOS="2765" WIDTH="39" />
<String CONTENT="&#8230;" CS="1" />
<SP HEIGHT="34" HPOS="1273" VPOS="2765" WIDTH="39" />
<String CONTENT="and" HEIGHT="51" HPOS="1313" VPOS="2748" WIDTH="113" />
<SP HEIGHT="52" HPOS="1427" VPOS="2747" WIDTH="34" />
<String CONTENT="D." HEIGHT="52" HPOS="1462" VPOS="2747" WIDTH="73" />
<SP HEIGHT="52" HPOS="1536" VPOS="2747" WIDTH="32" />
<String CONTENT="H." HEIGHT="52" HPOS="1569" VPOS="2747" WIDTH="78" />
<SP HEIGHT="55" HPOS="1648" VPOS="2746" WIDTH="38" />
<String CONTENT="Sutton" HEIGHT="55" HPOS="1687" VPOS="2746" WIDTH="211" />
<SP HEIGHT="35" HPOS="1899" VPOS="2764" WIDTH="39" />
<String CONTENT="&#8230;" CS="1" />
<SP HEIGHT="56" HPOS="1996" VPOS="2746" WIDTH="76" />
<String CONTENT="Columbus," HEIGHT="65" HPOS="2073" VPOS="2746" WIDTH="330" />
</TextLine>
<TextLine HEIGHT="71" HPOS="391" STYLEREFS="StyleId-A7C27F1A-5222-4439-AF03-12D71FC28FAA-" VPOS="2822" WIDTH="1164">
<String CONTENT="O.," HEIGHT="69" HPOS="391" VPOS="2822" WIDTH="87" />
<SP HEIGHT="66" HPOS="479" VPOS="2825" WIDTH="24" />
<String CONTENT="The" HEIGHT="52" HPOS="504" VPOS="2825" WIDTH="121" />
<SP HEIGHT="55" HPOS="626" VPOS="2824" WIDTH="28" />
<String CONTENT="Ohio" HEIGHT="55" HPOS="655" VPOS="2824" WIDTH="151" />
<SP HEIGHT="35" HPOS="807" VPOS="2843" WIDTH="24" />
<String CONTENT="state" HEIGHT="48" HPOS="832" VPOS="2830" WIDTH="147" />
<SP HEIGHT="35" HPOS="980" VPOS="2842" WIDTH="25" />
<String CONTENT="university" HEIGHT="69" HPOS="1006" VPOS="2824" WIDTH="322" />
<SP HEIGHT="50" HPOS="1329" VPOS="2843" WIDTH="30" />
<String CONTENT="[" HEIGHT="34" HPOS="1360" STYLE="subscript" VPOS="2858" WIDTH="13" />
<String CONTENT="c" HEIGHT="22" HPOS="1379" STYLE="superscript" VPOS="2830" WIDTH="17" />
<String CONTENT="1932" HEIGHT="50" HPOS="1402" VPOS="2828" WIDTH="136" />
<String CONTENT="]" HEIGHT="32" HPOS="1543" STYLE="subscript" VPOS="2859" WIDTH="12" />
</TextLine>
<TextLine CS="1" HEIGHT="100" HPOS="392" VPOS="2896" WIDTH="1998">
<String CONTENT="viii," HEIGHT="50" HPOS="462" VPOS="2896" WIDTH="103" />
<SP HEIGHT="48" HPOS="566" VPOS="2898" WIDTH="26" />
<String CONTENT="75" HEIGHT="41" HPOS="593" VPOS="2898" WIDTH="55" />
<SP HEIGHT="49" HPOS="649" VPOS="2898" WIDTH="24" />
<String CONTENT="p." HEIGHT="39" HPOS="674" VPOS="2908" WIDTH="44" />
<SP HEIGHT="43" HPOS="719" VPOS="2896" WIDTH="58" />
<String CONTENT="23&#189;" CS="1" HEIGHT="41" HPOS="778" VPOS="2896" WIDTH="55" />
<String CONTENT="cm" CS="1" HEIGHT="21" HPOS="868" STYLE="superscript" VPOS="2899" WIDTH="15" />
<String CONTENT="." HEIGHT="8" HPOS="916" VPOS="2931" WIDTH="9" />
<SP HEIGHT="49" HPOS="926" VPOS="2898" WIDTH="66" />
<String CONTENT="(Half-title:" HEIGHT="49" HPOS="993" VPOS="2898" WIDTH="298" />
<SP HEIGHT="40" HPOS="1292" VPOS="2909" WIDTH="27" />
<String CONTENT="[Ohio" HEIGHT="52" HPOS="1320" VPOS="2897" WIDTH="138" />
<SP HEIGHT="31" HPOS="1459" VPOS="2909" WIDTH="27" />
<String CONTENT="state" HEIGHT="40" HPOS="1487" VPOS="2900" WIDTH="130" />
<SP HEIGHT="30" HPOS="1618" VPOS="2910" WIDTH="24" />
<String CONTENT="university]" HEIGHT="50" HPOS="1643" VPOS="2898" WIDTH="291" />
<SP HEIGHT="50" HPOS="1935" VPOS="2898" WIDTH="59" />
<String CONTENT="Bureau" HEIGHT="42" HPOS="1995" VPOS="2898" WIDTH="197" />
<SP HEIGHT="31" HPOS="2193" VPOS="2910" WIDTH="25" />
<String CONTENT="of" HEIGHT="43" HPOS="2219" VPOS="2898" WIDTH="52" />
<SP HEIGHT="44" HPOS="2272" VPOS="2898" WIDTH="24" />
<String CONTENT="educational" HEIGHT="95" HPOS="392" VPOS="2901" WIDTH="1998" />
</TextLine>
<TextLine HEIGHT="51" HPOS="639" VPOS="2954" WIDTH="886">
<String CONTENT="research." HEIGHT="40" HPOS="639" VPOS="2957" WIDTH="241" />
<SP HEIGHT="42" HPOS="881" VPOS="2954" WIDTH="58" />
<String CONTENT="Monographs," HEIGHT="51" HPOS="940" VPOS="2954" WIDTH="342" />
<SP HEIGHT="30" HPOS="1283" VPOS="2967" WIDTH="57" />
<String CONTENT="no." HEIGHT="31" HPOS="1341" VPOS="2967" WIDTH="75" />
<SP HEIGHT="39" HPOS="1417" VPOS="2958" WIDTH="28" />
<String CONTENT="13)" HEIGHT="48" HPOS="1446" VPOS="2955" WIDTH="79" />
</TextLine>
<TextLine HEIGHT="49" HPOS="465" VPOS="3012" WIDTH="1111">
<String CONTENT="On" HEIGHT="41" HPOS="465" VPOS="3013" WIDTH="74" />
<SP HEIGHT="30" HPOS="540" VPOS="3024" WIDTH="25" />
<String CONTENT="cover;" HEIGHT="31" HPOS="566" VPOS="3024" WIDTH="169" />
<SP HEIGHT="42" HPOS="736" VPOS="3012" WIDTH="29" />
<String CONTENT="Ohio" HEIGHT="43" HPOS="766" VPOS="3012" WIDTH="124" />
<SP HEIGHT="31" HPOS="891" VPOS="3024" WIDTH="25" />
<String CONTENT="state" HEIGHT="40" HPOS="917" VPOS="3015" WIDTH="130" />
<SP HEIGHT="30" HPOS="1048" VPOS="3025" WIDTH="23" />
<String CONTENT="university" HEIGHT="49" HPOS="1072" VPOS="3012" WIDTH="276" />
<SP HEIGHT="37" HPOS="1349" VPOS="3024" WIDTH="24" />
<String CONTENT="studies." HEIGHT="42" HPOS="1374" VPOS="3013" WIDTH="202" />
</TextLine>
<TextLine CS="1" HEIGHT="53" HPOS="394" VPOS="3068" WIDTH="2014">
<String CONTENT="&#169;" HEIGHT="53" HPOS="394" VPOS="3068" WIDTH="52" />
<SP HEIGHT="53" HPOS="447" VPOS="3068" WIDTH="30" />
<String CONTENT="Mar." HEIGHT="38" HPOS="478" VPOS="3074" WIDTH="122" />
<SP HEIGHT="38" HPOS="601" VPOS="3074" WIDTH="28" />
<String CONTENT="13," HEIGHT="46" HPOS="630" VPOS="3073" WIDTH="69" />
<SP HEIGHT="47" HPOS="700" VPOS="3072" WIDTH="28" />
<String CONTENT="1933;" HEIGHT="47" HPOS="729" VPOS="3071" WIDTH="142" />
<SP HEIGHT="46" HPOS="872" VPOS="3072" WIDTH="30" />
<String CONTENT="2c." HEIGHT="39" HPOS="903" VPOS="3072" WIDTH="67" />
<SP HEIGHT="29" HPOS="971" VPOS="3082" WIDTH="29" />
<String CONTENT="and" HEIGHT="39" HPOS="1001" VPOS="3072" WIDTH="96" />
<SP />
<String CONTENT="aff." CS="1" />
<SP HEIGHT="40" HPOS="1211" VPOS="3071" WIDTH="29" />
<String CONTENT="June" HEIGHT="40" HPOS="1241" VPOS="3071" WIDTH="129" />
<SP HEIGHT="40" HPOS="1371" VPOS="3071" WIDTH="25" />
<String CONTENT="12;" HEIGHT="46" HPOS="1397" VPOS="3071" WIDTH="82" />
<SP HEIGHT="46" HPOS="1480" VPOS="3071" WIDTH="32" />
<String CONTENT="A" HEIGHT="39" HPOS="1513" VPOS="3071" WIDTH="41" />
<SP HEIGHT="40" HPOS="1555" VPOS="3070" WIDTH="27" />
<String CONTENT="63181;" HEIGHT="47" HPOS="1583" VPOS="3070" WIDTH="171" />
<SP HEIGHT="46" HPOS="1755" VPOS="3071" WIDTH="31" />
<String CONTENT="Bureau" HEIGHT="40" HPOS="1787" VPOS="3071" WIDTH="197" />
<SP HEIGHT="29" HPOS="1985" VPOS="3083" WIDTH="29" />
<String CONTENT="of" HEIGHT="40" HPOS="2015" VPOS="3072" WIDTH="53" />
<SP HEIGHT="40" HPOS="2069" VPOS="3072" WIDTH="27" />
<String CONTENT="educational" HEIGHT="41" HPOS="2097" VPOS="3071" WIDTH="311" />
</TextLine>
<TextLine HEIGHT="49" HPOS="462" VPOS="3127" WIDTH="1388">
<String CONTENT="research," HEIGHT="46" HPOS="462" VPOS="3130" WIDTH="240" />
<SP HEIGHT="47" HPOS="703" VPOS="3129" WIDTH="30" />
<String CONTENT="Ohio" HEIGHT="41" HPOS="734" VPOS="3129" WIDTH="121" />
<SP HEIGHT="29" HPOS="856" VPOS="3140" WIDTH="28" />
<String CONTENT="state" HEIGHT="39" HPOS="885" VPOS="3130" WIDTH="130" />
<SP HEIGHT="29" HPOS="1016" VPOS="3139" WIDTH="26" />
<String CONTENT="univ.," HEIGHT="47" HPOS="1043" VPOS="3128" WIDTH="145" />
<SP HEIGHT="47" HPOS="1189" VPOS="3128" WIDTH="29" />
<String CONTENT="Columbus." HEIGHT="40" HPOS="1219" VPOS="3128" WIDTH="276" />
<SP HEIGHT="49" HPOS="1496" VPOS="3127" WIDTH="71" />
<String CONTENT="(33-27832)" HEIGHT="49" HPOS="1568" VPOS="3127" WIDTH="282" />
</TextLine>
<TextLine HEIGHT="68" HPOS="386" STYLEREFS="StyleId-3CD438E5-A2C3-428E-A280-2C3185A73A96-" VPOS="3203" WIDTH="816">
<String CONTENT="Hooper," HEIGHT="66" HPOS="386" VPOS="3205" WIDTH="254" />
<SP HEIGHT="63" HPOS="641" VPOS="3208" WIDTH="28" />
<String CONTENT="Wallace" HEIGHT="55" HPOS="670" VPOS="3205" WIDTH="254" />
<SP HEIGHT="53" HPOS="925" VPOS="3206" WIDTH="27" />
<String CONTENT="Dudley." HEIGHT="66" HPOS="953" VPOS="3203" WIDTH="249" />
</TextLine>
<TextLine CS="1" HEIGHT="70" HPOS="460" STYLEREFS="StyleId-A7C27F1A-5222-4439-AF03-12D71FC28FAA-" VPOS="3283" WIDTH="1944">
<String CONTENT="Operating" HEIGHT="70" HPOS="460" VPOS="3283" WIDTH="326" />
<SP HEIGHT="50" HPOS="787" VPOS="3303" WIDTH="41" />
<String CONTENT="costs" HEIGHT="48" HPOS="829" VPOS="3290" WIDTH="146" />
<SP HEIGHT="34" HPOS="976" VPOS="3303" WIDTH="41" />
<String CONTENT="of" HEIGHT="53" HPOS="1018" VPOS="3284" WIDTH="62" />
<SP HEIGHT="52" HPOS="1081" VPOS="3284" WIDTH="43" />
<String CONTENT="retailing" HEIGHT="70" HPOS="1125" VPOS="3283" WIDTH="273" />
<SP HEIGHT="50" HPOS="1399" VPOS="3303" WIDTH="39" />
<String CONTENT="coal" HEIGHT="51" HPOS="1439" VPOS="3285" WIDTH="121" />
<SP HEIGHT="52" HPOS="1561" VPOS="3283" WIDTH="44" />
<String CONTENT="in" HEIGHT="53" HPOS="1606" VPOS="3283" WIDTH="59" />
<SP HEIGHT="55" HPOS="1666" VPOS="3284" WIDTH="44" />
<String CONTENT="Columbus," HEIGHT="69" HPOS="1711" VPOS="3284" WIDTH="329" />
<SP HEIGHT="67" HPOS="2041" VPOS="3286" WIDTH="41" />
<String CONTENT="by" CS="1" HEIGHT="51" HPOS="2083" VPOS="3286" WIDTH="34" />
<SP HEIGHT="53" HPOS="2158" VPOS="3288" WIDTH="40" />
<String CONTENT="W." HEIGHT="53" HPOS="2199" VPOS="3288" WIDTH="88" />
<SP HEIGHT="51" HPOS="2288" VPOS="3288" WIDTH="44" />
<String CONTENT="D." HEIGHT="51" HPOS="2333" VPOS="3288" WIDTH="71" />
</TextLine>
<TextLine HEIGHT="70" HPOS="388" STYLEREFS="StyleId-A7C27F1A-5222-4439-AF03-12D71FC28FAA-" VPOS="3362" WIDTH="1915">
<String CONTENT="Hooper." HEIGHT="68" HPOS="388" VPOS="3364" WIDTH="254" />
<SP HEIGHT="55" HPOS="643" VPOS="3362" WIDTH="76" />
<String CONTENT="Columbus," HEIGHT="67" HPOS="720" VPOS="3362" WIDTH="330" />
<SP HEIGHT="64" HPOS="1051" VPOS="3365" WIDTH="30" />
<String CONTENT="The" HEIGHT="50" HPOS="1082" VPOS="3365" WIDTH="121" />
<SP HEIGHT="55" HPOS="1204" VPOS="3363" WIDTH="30" />
<String CONTENT="Ohio" HEIGHT="55" HPOS="1235" VPOS="3363" WIDTH="151" />
<SP HEIGHT="34" HPOS="1387" VPOS="3382" WIDTH="30" />
<String CONTENT="state" HEIGHT="49" HPOS="1418" VPOS="3367" WIDTH="146" />
<SP HEIGHT="34" HPOS="1565" VPOS="3381" WIDTH="29" />
<String CONTENT="university" HEIGHT="68" HPOS="1595" VPOS="3364" WIDTH="321" />
<SP HEIGHT="49" HPOS="1917" VPOS="3383" WIDTH="29" />
<String CONTENT="press," HEIGHT="49" HPOS="1947" VPOS="3382" WIDTH="175" />
<SP HEIGHT="63" HPOS="2123" VPOS="3368" WIDTH="30" />
<String CONTENT="1932." HEIGHT="49" HPOS="2154" VPOS="3367" WIDTH="149" />
</TextLine>
<TextLine HEIGHT="52" HPOS="466" VPOS="3435" WIDTH="1944">
<String CONTENT="iv," HEIGHT="45" HPOS="466" VPOS="3441" WIDTH="59" />
<SP HEIGHT="45" HPOS="526" VPOS="3441" WIDTH="23" />
<String CONTENT="43" HEIGHT="39" HPOS="550" VPOS="3440" WIDTH="58" />
<SP HEIGHT="47" HPOS="609" VPOS="3440" WIDTH="24" />
<String CONTENT="p." HEIGHT="37" HPOS="634" VPOS="3450" WIDTH="41" />
<SP HEIGHT="38" HPOS="676" VPOS="3440" WIDTH="54" />
<String CONTENT="diagrs." HEIGHT="47" HPOS="731" VPOS="3438" WIDTH="180" />
<SP HEIGHT="39" HPOS="912" VPOS="3438" WIDTH="52" />
<String CONTENT="25" HEIGHT="38" HPOS="965" VPOS="3438" WIDTH="55" />
<String CONTENT="cm" HEIGHT="20" HPOS="1025" STYLE="superscript" VPOS="3441" WIDTH="43" />
<String CONTENT="." HEIGHT="8" HPOS="1073" VPOS="3469" WIDTH="8" />
<SP HEIGHT="48" HPOS="1082" VPOS="3438" WIDTH="65" />
<String CONTENT="(On" HEIGHT="48" HPOS="1148" VPOS="3438" WIDTH="100" />
<SP HEIGHT="29" HPOS="1249" VPOS="3448" WIDTH="21" />
<String CONTENT="cover:" HEIGHT="30" HPOS="1271" VPOS="3448" WIDTH="164" />
<SP HEIGHT="37" HPOS="1436" VPOS="3449" WIDTH="27" />
<String CONTENT="[Ohio" HEIGHT="49" HPOS="1464" VPOS="3437" WIDTH="138" />
<SP HEIGHT="30" HPOS="1603" VPOS="3448" WIDTH="25" />
<String CONTENT="state" HEIGHT="38" HPOS="1629" VPOS="3440" WIDTH="130" />
<SP HEIGHT="29" HPOS="1760" VPOS="3449" WIDTH="25" />
<String CONTENT="university]" HEIGHT="51" HPOS="1786" VPOS="3435" WIDTH="287" />
<SP HEIGHT="48" HPOS="2074" VPOS="3438" WIDTH="57" />
<String CONTENT="Bureau" HEIGHT="40" HPOS="2132" VPOS="3438" WIDTH="196" />
<SP HEIGHT="30" HPOS="2329" VPOS="3450" WIDTH="28" />
<String CONTENT="of" HEIGHT="41" HPOS="2358" VPOS="3439" WIDTH="52" />
</TextLine>
<TextLine HEIGHT="49" HPOS="392" VPOS="3495" WIDTH="1093">
<String CONTENT="business" HEIGHT="40" HPOS="392" VPOS="3497" WIDTH="223" />
<SP HEIGHT="29" HPOS="616" VPOS="3507" WIDTH="28" />
<String CONTENT="research" HEIGHT="40" HPOS="645" VPOS="3496" WIDTH="225" />
<SP HEIGHT="38" HPOS="871" VPOS="3496" WIDTH="27" />
<String CONTENT="monographs," HEIGHT="48" HPOS="899" VPOS="3495" WIDTH="341" />
<SP HEIGHT="30" HPOS="1241" VPOS="3505" WIDTH="56" />
<String CONTENT="no." HEIGHT="30" HPOS="1298" VPOS="3505" WIDTH="75" />
<SP HEIGHT="39" HPOS="1374" VPOS="3496" WIDTH="28" />
<String CONTENT="20)" HEIGHT="49" HPOS="1403" VPOS="3495" WIDTH="82" />
</TextLine>
<TextLine HEIGHT="48" HPOS="465" VPOS="3552" WIDTH="875">
<String CONTENT="&#8220;Ohio" HEIGHT="40" HPOS="465" VPOS="3554" WIDTH="151" />
<SP HEIGHT="29" HPOS="617" VPOS="3565" WIDTH="29" />
<String CONTENT="state" HEIGHT="38" HPOS="647" VPOS="3556" WIDTH="129" />
<SP HEIGHT="28" HPOS="777" VPOS="3564" WIDTH="28" />
<String CONTENT="university" HEIGHT="47" HPOS="806" VPOS="3553" WIDTH="273" />
<SP HEIGHT="36" HPOS="1080" VPOS="3564" WIDTH="27" />
<String CONTENT="studies.&#8221;" HEIGHT="41" HPOS="1108" VPOS="3552" WIDTH="232" />
</TextLine>
<TextLine CS="1" HEIGHT="53" HPOS="397" VPOS="3606" WIDTH="2012">
<String CONTENT="&#169;" HEIGHT="53" HPOS="397" VPOS="3606" WIDTH="52" />
<SP HEIGHT="53" HPOS="450" VPOS="3606" WIDTH="36" />
<String CONTENT="Apr." HEIGHT="47" HPOS="487" VPOS="3612" WIDTH="114" />
<SP />
<String CONTENT="l." CS="1" />
<SP HEIGHT="41" HPOS="679" VPOS="3612" WIDTH="37" />
<String CONTENT="1932" HEIGHT="39" HPOS="717" VPOS="3611" WIDTH="117" />
<SP HEIGHT="46" HPOS="835" VPOS="3611" WIDTH="14" />
<String CONTENT=";" HEIGHT="36" HPOS="850" VPOS="3621" WIDTH="8" />
<SP HEIGHT="47" HPOS="859" VPOS="3610" WIDTH="38" />
<String CONTENT="2c." HEIGHT="40" HPOS="898" VPOS="3610" WIDTH="67" />
<SP HEIGHT="39" HPOS="966" VPOS="3611" WIDTH="38" />
<String CONTENT="May" HEIGHT="46" HPOS="1005" VPOS="3611" WIDTH="114" />
<SP HEIGHT="47" HPOS="1120" VPOS="3610" WIDTH="35" />
<String CONTENT="15," HEIGHT="46" HPOS="1156" VPOS="3610" WIDTH="69" />
<SP HEIGHT="45" HPOS="1226" VPOS="3611" WIDTH="38" />
<String CONTENT="1933;" HEIGHT="47" HPOS="1265" VPOS="3609" WIDTH="140" />
<SP />
<String CONTENT="aff." CS="1" />
<SP HEIGHT="40" HPOS="1528" VPOS="3610" WIDTH="39" />
<String CONTENT="June" HEIGHT="40" HPOS="1568" VPOS="3610" WIDTH="127" />
<SP HEIGHT="39" HPOS="1696" VPOS="3610" WIDTH="36" />
<String CONTENT="5;" HEIGHT="46" HPOS="1733" VPOS="3610" WIDTH="52" />
<SP HEIGHT="46" HPOS="1786" VPOS="3610" WIDTH="39" />
<String CONTENT="A" HEIGHT="39" HPOS="1826" VPOS="3610" WIDTH="41" />
<SP HEIGHT="40" HPOS="1868" VPOS="3609" WIDTH="36" />
<String CONTENT="63052;" HEIGHT="49" HPOS="1905" VPOS="3609" WIDTH="171" />
<SP HEIGHT="47" HPOS="2077" VPOS="3611" WIDTH="40" />
<String CONTENT="Ohio" HEIGHT="42" HPOS="2118" VPOS="3610" WIDTH="122" />
<SP HEIGHT="29" HPOS="2241" VPOS="3622" WIDTH="38" />
<String CONTENT="state" HEIGHT="40" HPOS="2280" VPOS="3611" WIDTH="129" />
</TextLine>
<TextLine HEIGHT="50" HPOS="466" VPOS="3666" WIDTH="808">
<String CONTENT="univ.," HEIGHT="45" HPOS="466" VPOS="3669" WIDTH="143" />
<SP HEIGHT="46" HPOS="610" VPOS="3668" WIDTH="33" />
<String CONTENT="Columbus." HEIGHT="41" HPOS="644" VPOS="3668" WIDTH="275" />
<SP HEIGHT="48" HPOS="920" VPOS="3666" WIDTH="70" />
<String CONTENT="(32-27763)" HEIGHT="50" HPOS="991" VPOS="3666" WIDTH="283" />
</TextLine>
<TextLine HEIGHT="71" HPOS="391" STYLEREFS="StyleId-A7C27F1A-5222-4439-AF03-12D71FC28FAA-" VPOS="3741" WIDTH="2009">
<String CONTENT="Iowa" HEIGHT="55" HPOS="391" VPOS="3741" WIDTH="156" />
<SP HEIGHT="36" HPOS="548" VPOS="3760" WIDTH="29" />
<String CONTENT="and" HEIGHT="52" HPOS="578" VPOS="3744" WIDTH="111" />
<SP HEIGHT="52" HPOS="690" VPOS="3744" WIDTH="32" />
<String CONTENT="North" HEIGHT="52" HPOS="723" VPOS="3744" WIDTH="187" />
<SP HEIGHT="52" HPOS="911" VPOS="3744" WIDTH="30" />
<String CONTENT="western" HEIGHT="48" HPOS="942" VPOS="3748" WIDTH="240" />
<SP HEIGHT="54" HPOS="1183" VPOS="3742" WIDTH="31" />
<String CONTENT="digest," HEIGHT="69" HPOS="1215" VPOS="3742" WIDTH="204" />
<SP HEIGHT="49" HPOS="1420" VPOS="3762" WIDTH="30" />
<String CONTENT="covering" HEIGHT="69" HPOS="1451" VPOS="3743" WIDTH="269" />
<SP HEIGHT="50" HPOS="1721" VPOS="3762" WIDTH="30" />
<String CONTENT="all" HEIGHT="52" HPOS="1752" VPOS="3744" WIDTH="79" />
<SP HEIGHT="54" HPOS="1832" VPOS="3744" WIDTH="30" />
<String CONTENT="cases" HEIGHT="35" HPOS="1863" VPOS="3763" WIDTH="149" />
<SP HEIGHT="33" HPOS="2013" VPOS="3763" WIDTH="32" />
<String CONTENT="reported" HEIGHT="70" HPOS="2046" VPOS="3742" WIDTH="265" />
<SP HEIGHT="53" HPOS="2312" VPOS="3742" WIDTH="30" />
<String CONTENT="in" HEIGHT="53" HPOS="2343" VPOS="3742" WIDTH="57" />
</TextLine>
<TextLine HEIGHT="69" HPOS="462" STYLEREFS="StyleId-A7C27F1A-5222-4439-AF03-12D71FC28FAA-" VPOS="3822" WIDTH="1942">
<String CONTENT="Iowa" HEIGHT="53" HPOS="462" VPOS="3822" WIDTH="158" />
<SP HEIGHT="34" HPOS="621" VPOS="3841" WIDTH="36" />
<String CONTENT="reports." HEIGHT="63" HPOS="658" VPOS="3828" WIDTH="240" />
<SP HEIGHT="56" HPOS="899" VPOS="3825" WIDTH="36" />
<String CONTENT="North" HEIGHT="53" HPOS="936" VPOS="3823" WIDTH="186" />
<SP HEIGHT="52" HPOS="1123" VPOS="3823" WIDTH="38" />
<String CONTENT="western" HEIGHT="47" HPOS="1162" VPOS="3828" WIDTH="238" />
<SP HEIGHT="32" HPOS="1401" VPOS="3842" WIDTH="38" />
<String CONTENT="reporter" HEIGHT="62" HPOS="1440" VPOS="3828" WIDTH="258" />
<SP HEIGHT="33" HPOS="1699" VPOS="3842" WIDTH="35" />
<String CONTENT="and" HEIGHT="52" HPOS="1735" VPOS="3823" WIDTH="111" />
<SP HEIGHT="52" HPOS="1847" VPOS="3823" WIDTH="39" />
<String CONTENT="all" HEIGHT="51" HPOS="1887" VPOS="3824" WIDTH="75" />
<SP HEIGHT="50" HPOS="1963" VPOS="3825" WIDTH="38" />
<String CONTENT="of" HEIGHT="52" HPOS="2002" VPOS="3823" WIDTH="62" />
<SP HEIGHT="52" HPOS="2065" VPOS="3823" WIDTH="34" />
<String CONTENT="the" HEIGHT="52" HPOS="2100" VPOS="3823" WIDTH="97" />
<SP HEIGHT="33" HPOS="2198" VPOS="3842" WIDTH="33" />
<String CONTENT="north" HEIGHT="52" HPOS="2232" VPOS="3822" WIDTH="172" />
</TextLine>
<TextLine HEIGHT="67" HPOS="463" STYLEREFS="StyleId-A7C27F1A-5222-4439-AF03-12D71FC28FAA-" VPOS="3902" WIDTH="1943">
<String CONTENT="western" HEIGHT="49" HPOS="463" VPOS="3905" WIDTH="237" />
<SP HEIGHT="34" HPOS="701" VPOS="3920" WIDTH="35" />
<String CONTENT="states" HEIGHT="48" HPOS="737" VPOS="3907" WIDTH="173" />
<SP HEIGHT="33" HPOS="911" VPOS="3922" WIDTH="35" />
<String CONTENT="reports" HEIGHT="62" HPOS="947" VPOS="3907" WIDTH="221" />
<SP HEIGHT="52" HPOS="1169" VPOS="3902" WIDTH="33" />
<String CONTENT="from" HEIGHT="53" HPOS="1203" VPOS="3902" WIDTH="151" />
<SP HEIGHT="47" HPOS="1355" VPOS="3908" WIDTH="37" />
<String CONTENT="the" HEIGHT="52" HPOS="1393" VPOS="3903" WIDTH="94" />
<SP HEIGHT="34" HPOS="1488" VPOS="3920" WIDTH="32" />
<String CONTENT="earliest" HEIGHT="52" HPOS="1521" VPOS="3902" WIDTH="229" />
<SP HEIGHT="47" HPOS="1751" VPOS="3907" WIDTH="31" />
<String CONTENT="times," HEIGHT="67" HPOS="1783" VPOS="3902" WIDTH="183" />
<SP HEIGHT="47" HPOS="1967" VPOS="3922" WIDTH="32" />
<String CONTENT="with" HEIGHT="53" HPOS="2000" VPOS="3902" WIDTH="139" />
<SP HEIGHT="52" HPOS="2140" VPOS="3903" WIDTH="36" />
<String CONTENT="current" HEIGHT="48" HPOS="2177" VPOS="3907" WIDTH="229" />
</TextLine>
<TextLine HEIGHT="70" HPOS="462" STYLEREFS="StyleId-A7C27F1A-5222-4439-AF03-12D71FC28FAA-" VPOS="3980" WIDTH="1942">
<String CONTENT="cumulative" HEIGHT="52" HPOS="462" VPOS="3980" WIDTH="345" />
<SP HEIGHT="48" HPOS="808" VPOS="4001" WIDTH="29" />
<String CONTENT="pocket" HEIGHT="67" HPOS="838" VPOS="3982" WIDTH="204" />
<SP HEIGHT="46" HPOS="1043" VPOS="3988" WIDTH="26" />
<String CONTENT="service" HEIGHT="53" HPOS="1070" VPOS="3981" WIDTH="211" />
<SP HEIGHT="52" HPOS="1282" VPOS="3982" WIDTH="28" />
<String CONTENT="keeping" HEIGHT="68" HPOS="1311" VPOS="3982" WIDTH="247" />
<SP HEIGHT="60" HPOS="1559" VPOS="3990" WIDTH="27" />
<String CONTENT="this" HEIGHT="54" HPOS="1587" VPOS="3982" WIDTH="114" />
<SP HEIGHT="52" HPOS="1702" VPOS="3982" WIDTH="28" />
<String CONTENT="digest" HEIGHT="67" HPOS="1731" VPOS="3982" WIDTH="188" />
<SP HEIGHT="47" HPOS="1920" VPOS="3986" WIDTH="25" />
<String CONTENT="always" HEIGHT="67" HPOS="1946" VPOS="3982" WIDTH="211" />
<SP HEIGHT="49" HPOS="2158" VPOS="3985" WIDTH="29" />
<String CONTENT="to" HEIGHT="47" HPOS="2188" VPOS="3985" WIDTH="58" />
<SP HEIGHT="51" HPOS="2247" VPOS="3981" WIDTH="25" />
<String CONTENT="date" HEIGHT="53" HPOS="2273" VPOS="3981" WIDTH="131" />
</TextLine>
</TextBlock>
</PrintSpace>
</Page>
</Layout>
</alto>