2582 4453
1363 4217 132 54 1782

425 522 138 67 Fry,
593 525 177 53 Anna
799 525 185 65 Ruth,
1018 525 164 53 1878-

490 600 233 64 Quaker
746 621 183 50 ways;
957 621 71 35 an
1052 609 246 63 attempt
1319 610 59 48 to
1403 605 233 68 explain
1662 605 234 64 Quaker
1921 607 203 54 beliefs
2147 608 112 54 and
425 627 1999 107 practices

610 683 112 52 and
770 688 58 47 to
879 682 290 53 illustrate
1218 684 156 52 them
1423 684 76 67 by
1547 685 96 52 the
1691 686 141 53 lives
1883 687 112 52 and
2046 688 284 53 activities
2382 688 64 53 of

425 760 2015 75 Friends of former days. By A. Ruth Fry … London [etc.]
423 838 216 56 Cassell
672 840 112 53 and
815 858 302 50 company,
1144 840 225 54 limited
1405 844 174 65 [1933]

494 912 561 51 4 p. l., 280 p. 22½ cm .
498 971 378 50 Bibliography:
909 982 43 38 p.
985 971 219 42 261-267.

423 1040 1699 55 © 1c. Nov. 18, 1933; A ad int. 18361; pubd. Sept. 21; A. R.
2156 1050 110 47 Fry,
494 1050 1936 100 Thorpeness.
715 1102 203 43 Suffolk,
950 1103 238 47 England.
1262 1103 223 48 (34-232)

424 1220 289 68 Gardner,
745 1222 321 65 Benjamin
1100 1220 305 69 Franklin,
491 1227 1086 128 1900-Black
708 1301 110 69 [by]
854 1299 310 69 Benjamin

1193 1301 284 54 Franklin
1509 1300 279 55 Gardner.
1859 1302 296 70 Caldwell,
2186 1303 108 69 Id.,
2322 1304 121 53 The

425 1380 223 56 Caxton
680 1380 269 70 printers,
979 1380 124 69 ltd.,
1134 1382 153 54 1933.

495 1453 56 41 79
580 1464 42 38 p.
715 1453 117 41 19½cm.

493 1513 186 39 Poems.

423 1584 52 52 ©
505 1590 114 39 Dec.
649 1589 39 46 5,
718 1588 114 40 1933;
892 1588 66 39 2c.
991 1589 96 39 and
1117 1588 83 40 aff.
1233 1589 109 38 Dec.
1375 1588 81 47 18;
1489 1589 41 38 A
1561 1589 144 40 67556;
1767 1589 192 42 Caxton
1989 1591 229 48 printers,
2249 1591 87 41 ltd.

500 1646 194 49 (34-29)

426 1765 152 67 Gist,
607 1767 148 53 Noel
783 1765 180 67 Pitts,
995 1768 173 50 1899-

497 1845 1882 67 Urban society, by Noel P. Gist … and L. A. Halbert …
426 1925 137 52 New
596 1925 179 62 York,
806 1925 249 51 Thomas
1090 1927 68 51 Y.
1191 1925 248 55 Crowell
1467 1942 284 50 company
1787 1928 194 65 [c1933]

497 2009 76 37 xv,
615 1998 84 40 724
739 2009 41 37 p.
843 1997 129 40 illus.
1002 1997 135 49 (incl.
1181 2002 162 43 maps)
1393 1997 181 49 diagrs.
1635 1998 147 40 20½cm.
1856 1996 272 50 (Crowell’s
2168 1998 149 40 social
426 1999 2001 98 science

565 2055 166 49 series,
757 2057 73 40 ed.
856 2055 59 49 by
945 2055 121 42 Seba
1095 2055 256 49 Eldridge)

530 2114 218 40 "Selected
778 2114 368 48 bibliography”
1176 2120 50 35 at
1257 2116 90 37 end
1378 2114 51 40 of
1458 2114 118 40 each
1605 2116 217 47 chapter.

424 2182 2025 53 © Dec. 11, 1933; 2c Dec. 14; aff. Dec. 13; A 67534; Thomas Y. Crowell
492 2257 67 28 co.
635 2244 193 49 (34-42)

425 2362 246 67 Graves,
705 2365 138 53 Mrs.
878 2364 259 52 Frances
1170 2362 255 68 (Miner)
1469 2365 329 53 1863-1932.

490 2442 122 51 The
634 2459 151 36 roses
807 2440 63 54 of
891 2441 456 68 grandmother’s
1370 2441 153 69 time,
1547 2442 113 53 and
1683 2440 162 54 other
1866 2459 210 50 poems,
2098 2440 74 69 by
2199 2440 246 53 Frances

424 2518 2019 71 Miner Graves … New London, Conn., The Bingham press,
428 2602 152 55 1933.

492 2673 57 40 48
587 2684 43 37 p.
722 2674 25 39 17
751 2675 44 20 cm
801 2704 8 8 .

495 2731 147 41 “This
671 2730 184 41 edition
885 2730 190 41 limited
1105 2734 48 37 to
1183 2730 314 47 seventy-five
1524 2732 265 39 numbered
1817 2731 160 49 copies
2006 2733 51 39 of
2086 2733 158 40 which
2273 2731 99 43 this
2399 2732 42 40 is

422 2799 75 31 no.
530 2788 99 42 74.”

425 2848 2024 52 © Dec. 12, 1933; 2c. and aff. Dec. 18; A 67555; Charles B. Graves, New
492 2909 212 47 London,
736 2908 148 42 Conn.
957 2907 168 49 (34-30)

426 3030 211 65 Green,
666 3030 224 53 Robert
915 3030 65 55 T.

490 3107 135 53 Life
664 3107 302 53 insurance
1005 3106 310 66 blindness,
1353 3125 71 33 an
1465 3124 205 50 expose
1710 3105 64 54 of
1812 3105 151 54 trick
1999 3105 105 54 life
2145 3105 297 57 insurance

422 3186 251 69 policies,
726 3185 136 54 such
917 3204 60 35 as
1029 3190 215 62 twenty
1299 3190 272 63 payment
1625 3183 104 55 life
1783 3184 251 70 policies,
2087 3185 358 53 endowment

421 3266 253 68 policies,
721 3265 242 68 annuity
1012 3264 233 68 policies
1289 3264 113 52 and
1448 3281 173 51 many
1666 3264 164 53 other
1875 3263 180 55 forms
2101 3263 64 54 of

2207 3264 106 54 life
419 3264 1999 134 insurance
685 3343 262 69 policies;
979 3343 181 53 sound
1192 3341 197 54 advice
1417 3346 57 49 to
1505 3343 96 52 the
1630 3341 372 55 uninformed
2033 3341 222 70 public;

418 3342 2002 151 analysis
571 3425 64 51 of
671 3424 94 52 the
802 3441 154 34 more
993 3440 257 35 common
1289 3421 181 54 forms
1507 3421 63 53 of
1606 3420 103 55 life
1746 3422 299 53 insurance
2082 3422 252 68 policies,
2368 3423 74 68 by

421 3499 1557 69 Robert T. Green … Minneapolis, Minn. [ c 1929]
491 3573 1189 53 3 p. l., [9]-211 p., 2 l. port. 20 cm . $5.00
423 3616 2022 76 © Dec. 2, 1933; 2c. and aff. Dec. 11; A 68454; It. T. Green, Minneapolis]
501 3694 194 49 (34-86)

427 3813 361 63 Grellmann,
819 3812 223 53 Robert
1073 3813 78 53 M.

491 3891 55 52 A
583 3890 239 66 disciple
860 3888 64 53 of
962 3888 191 68 Ralph
1194 3887 208 53 Waldo
1442 3887 295 66 Emerson,
1772 3887 75 67 by
1885 3886 215 54 Robert
2137 3886 79 54 M.
423 3886 1992 136 Grellmann.

689 3969 233 65 Boston,
963 3967 120 52 The
1125 3965 379 68 Christopher
1546 3965 336 69 publishing
1921 3966 170 53 house
2137 3967 193 65 [c1933]

497 4043 81 40 158
617 4053 43 38 p.
720 4043 54 39 21
779 4044 43 22 cm
829 4074 9 9 .

424 4094 2017 55 © Dec. 8, 1933; 2c. Dec. 21; aff. Dec. 22; A 67639; Christopher pub.
494 4160 163 38 house.
730 4159 191 48 (34-73)
