2575 4405
1099 4056 64 50 89

118 461 55 10 …
211 419 121 51 The
363 415 243 55 Alishar
637 413 216 70 hüyük.
932 412 238 55 Seasons
1202 411 63 54 of
1299 414 134 49 1928
1466 410 112 53 and
1614 412 151 51 1929.
1838 410 92 53 Pt.
1992 451 12 26 I,
2034 409 78 69 by

182 497 177 52 Erich
411 498 64 51 F.
534 493 265 57 Schmidt
856 535 55 10 …
993 490 271 69 Chicago,
1316 491 113 68 Ill.,
1482 490 122 54 The
1656 488 340 70 University
2046 488 64 53 of

183 575 669 68 Chicago press [ c 1932]
183 640 1923 58 xxi, [1], 293 p. col. front., illus. (incl. map) XLIV pl. (part col.)
113 708 154 47 plans,
309 705 179 48 diagrs.
556 704 56 40 30½
645 706 44 21 cm
694 735 7 7 .
784 703 125 49 (The
951 700 284 49 University
1277 701 52 40 of
1373 700 207 49 Chicago
1625 699 221 42 Oriental
1888 698 229 42 institute

113 762 337 51 publications,
479 761 91 40 vol.
699 762 14 49 XIX)

188 819 324 41 “Researches
544 818 49 39 in
623 816 385 42 Anatolia—vol.
1095 814 37 42 IV.”

118 887 52 52 ©
199 890 103 41 Oct.
330 890 70 46 25,
429 888 140 47 1932;
600 889 68 40 2c.
698 888 109 40 Jan.
838 887 70 48 18,
937 886 141 48 1933;
1111 885 82 41 aff.
1222 885 111 41 Jan.
1364 885 81 47 16;
1478 886 41 39 A
1547 885 170 47 59004;
1752 883 283 50 University
2066 885 52 39 of

186 947 223 48 Chicago,
439 945 223 48 Chicago.

112 1049 316 57 American
466 1050 364 67 bankruptcy
868 1052 239 65 reports.
1183 1048 139 53 New
1359 1047 187 70 series,
1584 1047 148 55 cited
1769 1048 131 53 Am.
1939 1051 67 51 B.
2044 1049 68 53 R.

194 1130 97 68 (N.
326 1129 85 69 S.)
451 1128 299 70 reporting
780 1128 96 53 the
906 1126 363 70 bankruptcy
1302 1127 277 53 decisions
1612 1128 111 52 and
1756 1127 265 69 opinions
2053 1127 62 53 in

183 1210 95 51 the
320 1207 217 55 United
584 1208 189 54 States
818 1206 64 54 of
924 1207 95 52 the
1064 1206 222 52 federal
1329 1211 206 63 courts,
1578 1211 148 49 state
1767 1212 189 49 courts
2002 1207 112 52 and

183 1288 243 53 referees
482 1288 62 51 in
601 1285 379 69 bankruptcy.
1057 1285 214 53 Edited
1329 1286 76 68 by
1462 1285 152 53 Fred
1674 1287 64 52 E.
1802 1286 310 54 Rosbrook.

180 1384 51 36 v.
267 1369 83 49 21.
425 1365 250 69 Albany,
710 1366 70 54 N.
819 1367 90 65 Y.,
943 1365 280 53 Matthew
1258 1365 227 53 Bender
1519 1369 46 50 &
1599 1384 299 51 company,
179 1365 1911 149 incorporated,
469 1447 151 51 1933.

184 1544 77 36 XV,
293 1532 87 42 808
405 1544 43 37 p.
504 1532 57 39 24
564 1534 44 21 cm
613 1564 8 9 .

120 1600 1999 54 © Jan. 23, 1933; 2c. and aff. Jan. 24; A 60016; Matthew Bender & co.,
187 1660 90 43 inc.

115 1766 239 64 Arnett,
387 1767 174 52 Anna
591 1765 310 56 Williams.

185 1843 314 53 Takamere
550 1844 114 52 and
715 1844 261 66 Tonhon,
1030 1849 112 47 two
1194 1842 150 55 little
1395 1846 100 52 red
1545 1846 259 53 children
1858 1847 59 52 in
1970 1846 150 54 their

115 1920 215 70 prairie
378 1923 181 66 home,
607 1922 75 68 by
730 1923 173 52 Anna
952 1921 290 56 Williams
1290 1924 212 52 Arnett
1557 1968 55 9 …
1668 1923 325 55 illustrated
2044 1926 74 68 by

114 1999 264 69 Dorothy
413 2000 303 55 Saunders.
794 1999 271 70 Chicago,
1099 2000 471 70 Becklev-Cardy
1603 2020 281 52 company
1922 2038 12 34 [
1939 2010 17 21 c
1963 2008 133 50 1932
2103 2041 11 32 ]

187 2073 85 41 136
299 2085 43 37 p.
402 2075 85 39 col.
517 2073 163 48 front.,
710 2074 130 40 illus.
868 2058 140 64 (pari
1031 2072 113 48 col.)
1212 2073 146 42 19½cm.

122 2142 2001 56 © Nov. 4, 1932; 2c. Jan. 23, 1933; aff. Jan. 20; A 60004; Beckley-Cardy
190 2212 66 30 co.
328 2202 250 49 (33-2617)

117 2304 324 55 Baltimore
472 2304 360 57 association
864 2306 65 54 of
961 2322 344 40 commerce.
1379 2308 313 69 Maryland
1722 2310 399 70 development

190 2385 227 56 bureau.

188 2464 121 52 The
343 2461 476 71 manufacturing
854 2462 267 70 industry
1157 2463 64 53 of
1256 2464 329 70 Maryland,
1619 2465 77 69 by
1729 2468 90 54 W.
1856 2467 65 55 L.
117 2467 1983 141 Fairbanks,
350 2540 262 68 director,

649 2542 112 52 and
797 2542 90 54 W.
927 2541 54 55 S.
1019 2541 243 69 Hamill,
1297 2542 269 55 assistant
1604 2543 262 56 director.
117 2545 1982 141 Baltimore,
331 2619 140 66 Md.,
513 2618 312 68 Maryland
868 2620 396 67 development

1305 2620 213 54 bureau
1562 2623 65 52 of
1668 2624 97 52 the
1806 2624 318 56 Baltimore

119 2696 339 55 association
485 2695 65 54 of
578 2715 307 35 commerce
920 2731 12 33 [
938 2704 17 21 c
961 2699 132 50 1932
1099 2731 12 33 ]

189 2769 1927 53 1 p. l., [1], iii, 210 (i. e. 220) p. incl. maps (1 fold.) tables (part fold.)
119 2826 177 50 diagrs.
358 2826 56 41 26
417 2828 45 22 cm
465 2859 8 9 .

190 2897 511 49 Photolithographed.

191 2953 181 42 Folded
400 2964 112 39 map
539 2955 95 39 and
661 2954 167 41 folded
855 2954 157 41 tables
1040 2954 263 42 numbered
1332 2966 56 31 as
1414 2966 160 40 pages.

193 3011 146 40 “This
376 3013 163 46 report
575 3021 167 30 covers
779 3012 83 40 the
898 3011 171 40 fourth
1105 3013 146 48 study
1289 3015 47 39 to
1372 3014 57 40 be
1465 3014 268 47 completed
1769 3016 50 39 in
1856 3017 83 41 the
1975 3018 149 41 series

122 3068 108 41 that
258 3067 102 40 will
385 3067 238 48 comprise
650 3068 82 40 the
758 3069 196 47 general
984 3068 242 41 economic
1253 3080 177 38 survey
1458 3071 51 39 of
1537 3072 81 39 the
1646 3072 366 43 state.”—Pref.

128 3135 52 52 ©
209 3139 112 41 Dec.
349 3139 69 48 31,
448 3138 141 47 1932;
620 3138 68 42 2c.
717 3140 99 38 and
844 3138 81 40 aff.
956 3139 108 39 Jan.
1096 3138 40 46 9,
1168 3140 112 40 1933;
1341 3141 42 39 A
1412 3141 171 48 57859;
1616 3142 272 42 Baltimore
1916 3156 115 30 assn.
2076 3147 51 40 of

194 3205 277 38 commerce,
503 3194 281 42 Baltimore.
858 3195 225 49 (33-2838
1095 3196 14 49 )

124 3298 263 66 Barrett,
416 3300 221 55 Monte.

193 3376 122 52 The
345 3375 268 69 wedding
642 3377 198 52 march
870 3378 250 67 murder,
1151 3378 75 68 by
1258 3378 199 54 Monte
1488 3380 234 54 Barrett
1760 3424 57 11 …
124 3383 1980 133 Indianapolis,

355 3453 1116 63 The Bobbs-Merrill company [ c 1933]
195 3527 86 40 314
313 3538 42 37 p.
415 3526 59 41 19½
503 3529 44 22 cm
551 3558 9 9 .

197 3583 160 40 “First
385 3582 227 42 edition.”

131 3649 1984 57 © Jan. 27, 1933; 2c. Feb. 1; aff. Feb. 2; A 60137; Bobbs-Merrill co
210 3711 250 48 (33-2848)

134 3814 192 67 [Beck,
355 3814 134 65 Lily
513 3816 279 64 Moresby
820 3816 245 68 Adams]

197 3891 185 54 Three
409 3892 364 68 Katherines,
801 3898 115 48 two
944 3894 195 53 Annes
1169 3895 113 51 and
1312 3913 31 33 a
1370 3897 166 67 Jane,
1565 3898 76 68 by
1670 3899 66 53 E.
1768 3900 358 71 Barrington

152 3972 214 67 [pseud.]
