2575 4405
1099 4075 105 57 117

117 442 266 65 Schwab,
414 441 224 63 Henry.

184 507 1870 84 Hygiene et di é t é tique du diab é tique, par Henry Schwab …
117 597 182 68 Paris,
327 596 68 57 G.
424 596 153 53 Doin
606 599 46 50 &
679 613 28 34 c
711 594 33 28 ie
749 637 12 24 ,
790 597 152 50 1932.

187 663 1931 62 2 p. l., iii, 126 p. incl. tables. 19 ½ cm . ( Half-title : Collection “Hygi è ne
119 729 400 52 et di é t é tique”)
122 800 51 51 ©
202 803 125 40 June
354 802 70 48 29,
452 800 141 49 1932;
682 833 9 9 1c.
719 800 114 40 Dec.
860 797 83 50 29;
973 798 43 41 A
1016 798 268 49 -Foreign
1312 796 171 50 19063;
1516 796 186 43 Gaston
1731 796 129 41 Doin
1887 796 36 40 &
1952 795 86 42 cie.

199 857 251 52 (33-3685)

119 962 185 63 Scott,
333 960 275 58 Howard.

190 1037 404 55 Introduction
625 1044 60 48 to
715 1038 393 67 technocracy,
1139 1037 76 68 by
1246 1036 259 54 Howard
1541 1035 179 67 Scott,
1752 1035 114 54 and
1899 1036 219 65 others;

123 1115 140 53 with
294 1134 73 36 an
396 1115 401 69 introductory
827 1119 305 51 statement
1162 1115 76 67 by
1270 1115 97 53 the
1398 1114 371 57 Continental
1802 1113 319 54 committee

122 1210 72 36 on
217 1194 390 67 technocracy,
631 1193 112 54 and
767 1212 32 35 a
822 1192 241 55 selected
1087 1192 242 68 reading
1352 1193 99 53 list
1475 1191 96 54 for
1594 1192 228 67 laymen
1846 1191 156 54 from
2025 1192 98 54 the

123 1269 297 56 literature
465 1271 65 53 of
572 1270 230 54 science.
885 1269 141 55 New
1070 1269 181 68 York,
1296 1270 121 53 The
1461 1269 160 56 John
1664 1269 134 68 Day
1842 1287 281 51 company

141 1351 179 65 [ c 1933]
196 1427 57 43 61
281 1439 45 39 p.
383 1428 118 43 21cm.

199 1495 72 41 On
297 1506 168 32 cover:
495 1497 101 42 The
624 1498 112 48 only
763 1495 289 45 authorized
1078 1497 350 50 presentation.

199 1550 263 44 “Material
485 1554 80 40 for
593 1554 99 40 this
721 1554 123 41 book
873 1553 272 43 assembled
1171 1555 99 40 and
1297 1554 163 42 edited
1488 1554 61 47 by
1580 1553 264 42 Frederick
1872 1554 51 41 L.
129 1552 1982 109 Ackerman,
284 1610 188 41 Harold
502 1611 165 47 Ward,
697 1611 63 41 M.
789 1611 134 49 King
949 1610 225 42 Hubbert
1202 1611 97 41 and
1326 1611 96 41 Dal
1450 1609 419 52 Hitchcock.”—p.
1904 1611 56 52 [4]

201 1667 69 39 “A
302 1667 207 42 selected
543 1668 204 50 reading
777 1668 87 41 list
894 1668 80 42 for
1005 1670 193 46 laymen
1230 1668 130 42 from
1391 1671 83 39 the
1506 1667 259 44 literature
1797 1670 52 41 of
1882 1669 245 42 science”:

127 1737 44 38 p.
202 1726 158 42 50-58.

131 1792 52 52 ©
211 1796 110 41 Jan.
345 1796 69 49 20,
441 1795 141 49 1933;
609 1796 70 41 2c.
705 1796 111 40 Jan.
842 1794 82 49 19;
953 1794 82 42 aff.
1062 1796 109 40 Jan.
1198 1795 83 48 21;
1310 1796 43 39 A
1379 1795 170 49 59058;
1580 1796 94 41 Dal
1702 1796 284 48 Hitchcock,
2013 1797 117 39 New

198 1852 145 42 York.
413 1852 251 50 (33-3398)

126 1955 189 66 Seely,
346 1955 155 54 John
533 1956 255 54 Edward
819 1955 288 67 Bernard,
1138 1961 173 51 1868-

199 2033 116 53 For
340 2049 128 36 ever
494 2031 289 70 England,
809 2033 76 68 by
909 2029 464 70 Major-General
1398 2033 96 53 the
1520 2033 94 54 Rt.
1643 2033 137 53 Hon
1781 2032 59 29 ble.
1883 2033 55 54 J.
1965 2033 69 54 E.
2062 2033 68 54 B.

131 2106 1737 74 Seely … London, Hodder & Stoughton, limited [1932]
197 2185 708 51 3 p. l., 9-265, [1] p. 23 cm .
135 2254 52 52 ©
282 2290 9 9 1c.
329 2258 111 41 Jan.
474 2258 72 49 25,
582 2257 142 49 1933;
762 2259 42 39 A
841 2260 61 39 ad
938 2258 87 43 int.
1063 2259 171 48 17412;
1272 2261 143 47 pubd.
1454 2261 119 41 Nov.
1609 2260 72 52 29,
1719 2260 142 50 1932;
1901 2263 44 40 J.
1984 2263 55 39 E.
2077 2263 55 40 B.

205 2315 152 50 Seely,
392 2316 96 41 Isle
523 2316 52 41 of
607 2315 179 50 Wight,
822 2317 176 50 Hants,
1033 2317 236 48 England.
1341 2317 252 51 (33-3822)

132 2419 215 67 Shane,
376 2422 224 64 Peggy.

265 2495 1558 74 … Tangled wives. [New York, C. Kendall, c 1932]
201 2570 85 41 331
314 2580 44 40 p.
387 2570 110 42 incl.
527 2572 172 48 plates.
757 2571 58 40 21
818 2573 45 22 cm
867 2604 10 10 .

205 2638 164 42 “First
393 2639 227 42 edition.”

140 2705 52 52 ©
229 2710 118 41 Nov.
384 2711 70 47 14,
490 2709 142 49 1932;
671 2711 65 41 2c.
774 2712 121 41 Nov.
931 2711 81 49 15;
1053 2713 83 41 aff.
1174 2713 111 41 Feb.
1322 2715 42 48 7,
1399 2714 142 49 1933;
1580 2715 42 41 A
1659 2717 172 48 60175;
1870 2718 51 42 P.
1963 2717 173 49 Shane,

208 2766 282 49 Ridgefield,
526 2767 147 41 Conn.
743 2768 253 52 (33-3224)

136 2869 210 67 Sharp,
379 2872 302 64 Margery.

207 2948 122 52 The
369 2951 220 66 nymph
631 2951 112 53 and
785 2952 98 52 the
922 2951 321 71 nobleman,
1282 2953 77 70 by
1398 2955 275 70 Margery
1717 2956 219 70 Sharp;
138 2954 1976 129 illustrated
357 3027 77 68 by
463 3029 172 52 Anna
667 3029 316 55 Zinkeisen.
1050 3032 258 68 London,
1340 3034 71 53 A.
1446 3034 239 69 Barker,
1716 3036 104 53 ltd.
1880 3041 153 64 [1932]

212 3098 72 51 77,
315 3099 55 53 [1]
399 3111 44 38 p.
469 3099 112 43 incl.
608 3100 144 50 illus.,
778 3104 174 47 plates.
1005 3103 58 40 24
1064 3106 45 22 cm
1114 3136 9 9 .

147 3166 51 52 ©
295 3203 9 9 1c.
341 3172 112 41 Feb.
489 3171 41 49 2,
567 3172 142 48 1933;
748 3175 42 39 A
827 3176 62 39 ad
926 3175 88 42 int.
1051 3177 172 48 17428;
1263 3179 144 46 pubd.
1446 3178 114 43 Dec.
1599 3180 40 48 5,
1679 3180 142 49 1932;
1863 3183 64 41 M.
1969 3183 172 50 Sharp,

212 3228 212 41 London.
495 3228 250 50 (33-3925)

142 3325 215 68 Sibley,
387 3331 241 66 Robert,
664 3335 172 50 1881-
1047 3336 87 54 ed.

214 3406 122 53 The
379 3426 262 36 romance
687 3408 65 55 of
795 3410 99 54 the
939 3410 339 73 University
1324 3413 66 55 of
1438 3414 345 73 California,
1830 3419 191 55 edited
2068 3421 75 70 by

145 3481 2000 79 Robert Sibley … [Berkeley, Calif.] The California alumni
143 3561 356 69 association,
530 3566 152 52 1932.

214 3639 69 47 62,
317 3638 55 55 [2]
402 3650 44 39 p.
474 3641 109 41 incl.
611 3642 163 50 front.,
804 3643 144 53 illus.,
977 3646 151 49 ports.
1190 3645 147 45 27½cm.

222 3709 229 42 “Printed
477 3713 94 38 and
597 3710 160 43 bound
783 3713 81 41 for
890 3716 83 41 the
997 3714 274 44 California
1299 3718 185 41 alumni
1512 3721 298 43 association
1836 3723 63 48 by
1923 3724 224 50 Lederer,

150 3762 161 44 Street
351 3765 36 41 &
428 3767 123 41 Zeus
594 3779 248 39 company,
886 3772 106 48 inc.,
1035 3772 52 41 in
1129 3785 28 29 a
1203 3773 188 43 limited
1435 3776 186 43 edition
1664 3779 54 41 of
1759 3781 95 40 two
1901 3781 246 43 thousand

148 3820 157 48 copies
330 3821 52 40 of
403 3823 159 41 which
587 3824 100 42 this
711 3826 43 41 is
776 3837 78 32 no.
880 3826 129 42 171.”

223 3875 212 44 “Second
463 3880 226 41 edition.”

156 3941 51 52 ©
246 3947 110 43 Dec.
395 3949 40 49 1,
472 3949 117 42 1932;
651 3951 69 41 2c.
757 3953 114 41 Dec.
906 3952 85 51 21;
1029 3955 84 42 aff.
1150 3956 109 41 Jan.
1298 3958 70 49 23,
1406 3959 140 50 1933;
1585 3962 42 41 A
1664 3963 170 49 60071;
1876 3964 273 43 California

223 4004 185 41 alumni
439 4017 127 30 assn.
636 4009 231 38 (33-3172)
