<alto xmlns="http://www.loc.gov/standards/alto/ns-v3#" xmlns:xsi="http://www.w3.org/2001/XMLSchema-instance" xsi:schemaLocation="http://www.loc.gov/standards/alto/ns-v3# http://www.loc.gov/alto/v3/alto-3-0.xsd"><Description>
<MeasurementUnit>pixel</MeasurementUnit>
<sourceImageInformation>
<fileName>1933_v1_Part1.pdf</fileName>
</sourceImageInformation>
<OCRProcessing ID="IdOcr">
<ocrProcessingStep>
<processingDateTime>2019-01-03</processingDateTime>
<processingSoftware>
<softwareCreator>ABBYY</softwareCreator>
<softwareName>ABBYY Recognition Server</softwareName>
<softwareVersion>4.0</softwareVersion>
</processingSoftware>
</ocrProcessingStep>
</OCRProcessing>
</Description>
<Styles>
<ParagraphStyle ALIGN="Left" FIRSTLINE="0." ID="StyleId-FFFFFFFF-FFFF-FFFF-FFFF-FFFFFFFFFFFF-" LEFT="0." RIGHT="0." />
<ParagraphStyle ALIGN="Left" FIRSTLINE="0." ID="StyleId-6EF5737A-DCEB-4126-A0CF-C5930BF7166A-" LEFT="0." LINESPACE="8.300000191" RIGHT="0." />
<ParagraphStyle ALIGN="Left" FIRSTLINE="0." ID="StyleId-2DE44258-FD0B-41E1-B542-087C989B01A3-" LEFT="0." LINESPACE="12.19999981" RIGHT="0." />
<ParagraphStyle ALIGN="Left" FIRSTLINE="-14." ID="StyleId-CE3D254A-29D7-4DD7-B5F1-E0FC0EF29B05-" LEFT="0." LINESPACE="8.619999886" RIGHT="0." />
<ParagraphStyle ALIGN="Left" FIRSTLINE="-14." ID="StyleId-C0E3A137-CE4F-4287-8A90-B599106709D0-" LEFT="0." LINESPACE="12.19999981" RIGHT="0." />
<ParagraphStyle ALIGN="Left" FIRSTLINE="-14." ID="StyleId-50F26F0C-05DA-4C19-BA58-7A6AC4499BEE-" LEFT="0." LINESPACE="11.06999969" RIGHT="0." />
<ParagraphStyle ALIGN="Center" FIRSTLINE="0." ID="StyleId-5DDE65AF-512C-41E2-9B8E-095D6D99EF68-" LEFT="0." LINESPACE="11.89999962" RIGHT="0." />
<ParagraphStyle ALIGN="Left" FIRSTLINE="0." ID="StyleId-0A81D7A5-6A62-4C52-915E-7768974C704D-" LEFT="0." LINESPACE="9.399999619" RIGHT="0." />
<ParagraphStyle ALIGN="Block" FIRSTLINE="-13." ID="StyleId-F7A0127F-6B48-4157-BB81-FE33E1E1A05B-" LEFT="0." LINESPACE="10.63000011" RIGHT="0." />
<ParagraphStyle ALIGN="Left" FIRSTLINE="0." ID="StyleId-E18C69F7-DBD7-48B1-805C-FCD96D0DA019-" LEFT="0." LINESPACE="11.64000034" RIGHT="0." />
<ParagraphStyle ALIGN="Left" FIRSTLINE="-14." ID="StyleId-98F15501-B611-4E83-8BB3-807E891F11F5-" LEFT="0." LINESPACE="12.19999981" RIGHT="0." />
<ParagraphStyle ALIGN="Left" FIRSTLINE="0." ID="StyleId-F4A78626-0BBC-4D12-94D9-A1AE75A9855F-" LEFT="0." LINESPACE="9.399999619" RIGHT="0." />
<ParagraphStyle ALIGN="Left" FIRSTLINE="0." ID="StyleId-6A3F6F4C-D21B-4ADE-902F-7683F18ECEF3-" LEFT="0." LINESPACE="11.10000038" RIGHT="0." />
</Styles>
<Layout>
<Page HEIGHT="4453" ID="Page287" PHYSICAL_IMG_NR="287" WIDTH="2540">
<TopMargin HEIGHT="392" HPOS="0" VPOS="0" WIDTH="2540">
</TopMargin>
<LeftMargin HEIGHT="3628" HPOS="0" VPOS="392" WIDTH="44">
</LeftMargin>
<RightMargin HEIGHT="3628" HPOS="2072" VPOS="392" WIDTH="468">
</RightMargin>
<BottomMargin HEIGHT="433" HPOS="0" VPOS="4020" WIDTH="2540">
<TextBlock HEIGHT="72" HPOS="992" ID="Page287_Block1" LANG="en-US" STYLEREFS="StyleId-081E7653-B7DD-46F2-8ED2-16D5ECC5554D-" VPOS="4056" WIDTH="124">
<TextLine HEIGHT="51" HPOS="1003" VPOS="4067" WIDTH="103">
<String CONTENT="287" HEIGHT="51" HPOS="1003" VPOS="4067" WIDTH="103" />
</TextLine>
</TextBlock>
<GraphicalElement HEIGHT="15" HPOS="0" ID="Page287_Block2" VPOS="4438" WIDTH="2540" />
</BottomMargin>
<PrintSpace HEIGHT="3628" HPOS="44" VPOS="392" WIDTH="2028">
<TextBlock CS="1" HEIGHT="3628" HPOS="44" ID="Page287_Block3" LANG="en-US" STYLEREFS="StyleId-6288F206-ED54-4986-B46B-DF1FC5AF6767-" VPOS="392" WIDTH="2028">
<TextLine HEIGHT="69" HPOS="59" STYLEREFS="StyleId-06B207A2-272C-45CD-A4D7-BBF3FC791B00-" VPOS="402" WIDTH="567">
<String CONTENT="Sproul," HEIGHT="66" HPOS="59" VPOS="405" WIDTH="225" />
<SP HEIGHT="65" HPOS="285" VPOS="404" WIDTH="27" />
<String CONTENT="Kathleen." HEIGHT="57" HPOS="313" VPOS="402" WIDTH="313" />
</TextLine>
<TextLine CS="1" HEIGHT="71" HPOS="127" STYLEREFS="StyleId-0D765774-A6A5-43CA-AD2F-0C331F5C366D-" VPOS="476" WIDTH="1923">
<String CONTENT="Death" HEIGHT="53" HPOS="127" VPOS="480" WIDTH="185" />
<SP HEIGHT="53" HPOS="313" VPOS="480" WIDTH="46" />
<String CONTENT="and" HEIGHT="55" HPOS="360" VPOS="478" WIDTH="112" />
<SP HEIGHT="53" HPOS="473" VPOS="478" WIDTH="43" />
<String CONTENT="the" HEIGHT="53" HPOS="517" VPOS="479" WIDTH="96" />
<SP HEIGHT="50" HPOS="614" VPOS="496" WIDTH="46" />
<String CONTENT="professors," HEIGHT="70" HPOS="661" VPOS="477" WIDTH="334" />
<SP HEIGHT="70" HPOS="996" VPOS="477" WIDTH="47" />
<String CONTENT="by" HEIGHT="69" HPOS="1044" VPOS="477" WIDTH="74" />
<SP HEIGHT="69" HPOS="1119" VPOS="477" WIDTH="46" />
<String CONTENT="Kathleen" HEIGHT="54" HPOS="1166" VPOS="477" WIDTH="286" />
<SP HEIGHT="55" HPOS="1453" VPOS="476" WIDTH="51" />
<String CONTENT="Sproul" HEIGHT="69" HPOS="1505" VPOS="476" WIDTH="211" />
<SP HEIGHT="54" HPOS="1717" VPOS="477" WIDTH="53" />
<String CONTENT="&#8230;" CS="1" />
<SP HEIGHT="55" HPOS="1828" VPOS="476" WIDTH="87" />
<String CONTENT="New" HEIGHT="53" HPOS="1916" VPOS="476" WIDTH="134" />
</TextLine>
<TextLine CS="1" HEIGHT="71" HPOS="62" STYLEREFS="StyleId-0D765774-A6A5-43CA-AD2F-0C331F5C366D-" VPOS="554" WIDTH="1198">
<String CONTENT="York," HEIGHT="68" HPOS="62" VPOS="557" WIDTH="175" />
<SP HEIGHT="68" HPOS="238" VPOS="557" WIDTH="28" />
<String CONTENT="E." HEIGHT="54" HPOS="267" VPOS="557" WIDTH="68" />
<SP HEIGHT="55" HPOS="336" VPOS="556" WIDTH="31" />
<String CONTENT="P." HEIGHT="52" HPOS="368" VPOS="556" WIDTH="63" />
<SP HEIGHT="51" HPOS="432" VPOS="556" WIDTH="32" />
<String CONTENT="Dutton" HEIGHT="53" HPOS="465" VPOS="556" WIDTH="222" />
<SP HEIGHT="51" HPOS="688" VPOS="556" WIDTH="29" />
<String CONTENT="&amp;" HEIGHT="51" HPOS="718" VPOS="556" WIDTH="46" />
<SP HEIGHT="52" HPOS="765" VPOS="556" WIDTH="28" />
<String CONTENT="co.," HEIGHT="49" HPOS="794" VPOS="574" WIDTH="97" />
<SP HEIGHT="69" HPOS="892" VPOS="554" WIDTH="28" />
<String CONTENT="inc." HEIGHT="54" HPOS="921" VPOS="554" WIDTH="105" />
<SP HEIGHT="35" HPOS="1027" VPOS="588" WIDTH="39" />
<String CONTENT="[c1933]" CS="1" HEIGHT="66" HPOS="1067" VPOS="557" WIDTH="193" />
</TextLine>
<TextLine CS="1" HEIGHT="51" HPOS="127" VPOS="626" WIDTH="369">
<String CONTENT="252" HEIGHT="40" HPOS="127" VPOS="628" WIDTH="87" />
<SP HEIGHT="49" HPOS="215" VPOS="628" WIDTH="29" />
<String CONTENT="p." HEIGHT="39" HPOS="245" VPOS="638" WIDTH="43" />
<SP HEIGHT="42" HPOS="289" VPOS="626" WIDTH="61" />
<String CONTENT="19&#189;" CS="1" HEIGHT="41" HPOS="380" VPOS="626" WIDTH="27" />
<String CONTENT="cm" HEIGHT="22" HPOS="438" STYLE="superscript" VPOS="628" WIDTH="45" />
<String CONTENT="." HEIGHT="9" HPOS="487" VPOS="659" WIDTH="9" />
</TextLine>
<TextLine HEIGHT="49" HPOS="128" VPOS="683" WIDTH="846">
<String CONTENT="On" HEIGHT="41" HPOS="128" VPOS="685" WIDTH="72" />
<SP HEIGHT="39" HPOS="201" VPOS="686" WIDTH="29" />
<String CONTENT="t.-p.:" HEIGHT="46" HPOS="231" VPOS="686" WIDTH="125" />
<SP HEIGHT="39" HPOS="357" VPOS="684" WIDTH="33" />
<String CONTENT="Dutton" HEIGHT="39" HPOS="391" VPOS="684" WIDTH="187" />
<SP HEIGHT="29" HPOS="579" VPOS="694" WIDTH="30" />
<String CONTENT="clue" HEIGHT="40" HPOS="610" VPOS="683" WIDTH="106" />
<SP HEIGHT="29" HPOS="717" VPOS="694" WIDTH="28" />
<String CONTENT="mystery." HEIGHT="47" HPOS="746" VPOS="683" WIDTH="228" />
</TextLine>
<TextLine HEIGHT="43" HPOS="127" VPOS="738" WIDTH="420">
<String CONTENT="&#8220;First" HEIGHT="41" HPOS="127" VPOS="740" WIDTH="161" />
<SP HEIGHT="38" HPOS="289" VPOS="743" WIDTH="30" />
<String CONTENT="edition.&#8221;" HEIGHT="43" HPOS="320" VPOS="738" WIDTH="227" />
</TextLine>
<TextLine HEIGHT="53" HPOS="61" VPOS="796" WIDTH="1993">
<String CONTENT="&#169;" HEIGHT="52" HPOS="61" VPOS="797" WIDTH="52" />
<SP HEIGHT="52" HPOS="114" VPOS="797" WIDTH="29" />
<String CONTENT="Mar." HEIGHT="39" HPOS="144" VPOS="802" WIDTH="120" />
<SP HEIGHT="40" HPOS="265" VPOS="801" WIDTH="30" />
<String CONTENT="1," HEIGHT="45" HPOS="296" VPOS="801" WIDTH="38" />
<SP HEIGHT="44" HPOS="335" VPOS="802" WIDTH="31" />
<String CONTENT="1933;" HEIGHT="49" HPOS="367" VPOS="798" WIDTH="141" />
<SP HEIGHT="48" HPOS="509" VPOS="799" WIDTH="28" />
<String CONTENT="2c." HEIGHT="40" HPOS="538" VPOS="799" WIDTH="67" />
<SP HEIGHT="38" HPOS="606" VPOS="800" WIDTH="31" />
<String CONTENT="Mar." HEIGHT="39" HPOS="638" VPOS="800" WIDTH="122" />
<SP HEIGHT="41" HPOS="761" VPOS="798" WIDTH="29" />
<String CONTENT="2;" HEIGHT="49" HPOS="791" VPOS="798" WIDTH="53" />
<SP HEIGHT="37" HPOS="845" VPOS="810" WIDTH="33" />
<String CONTENT="aff." HEIGHT="42" HPOS="879" LANG="de" VPOS="798" WIDTH="82" />
<SP HEIGHT="41" HPOS="962" VPOS="799" WIDTH="30" />
<String CONTENT="Mar." HEIGHT="39" HPOS="993" VPOS="799" WIDTH="122" />
<SP HEIGHT="40" HPOS="1116" VPOS="798" WIDTH="30" />
<String CONTENT="3;" HEIGHT="47" HPOS="1147" VPOS="798" WIDTH="54" />
<SP HEIGHT="46" HPOS="1202" VPOS="799" WIDTH="32" />
<String CONTENT="A" HEIGHT="42" HPOS="1235" VPOS="799" WIDTH="45" />
<SP HEIGHT="43" HPOS="1281" VPOS="798" WIDTH="26" />
<String CONTENT="59900;" HEIGHT="50" HPOS="1308" VPOS="796" WIDTH="170" />
<SP HEIGHT="46" HPOS="1479" VPOS="800" WIDTH="34" />
<String CONTENT="E." HEIGHT="39" HPOS="1514" VPOS="800" WIDTH="53" />
<SP HEIGHT="39" HPOS="1568" VPOS="800" WIDTH="30" />
<String CONTENT="P." HEIGHT="40" HPOS="1599" VPOS="800" WIDTH="51" />
<SP HEIGHT="42" HPOS="1651" VPOS="798" WIDTH="32" />
<String CONTENT="Dutton" HEIGHT="41" HPOS="1684" VPOS="798" WIDTH="188" />
<SP HEIGHT="40" HPOS="1873" VPOS="799" WIDTH="31" />
<String CONTENT="&amp;" HEIGHT="40" HPOS="1905" VPOS="799" WIDTH="35" />
<SP HEIGHT="40" HPOS="1941" VPOS="799" WIDTH="30" />
<String CONTENT="co.," HEIGHT="38" HPOS="1972" VPOS="808" WIDTH="82" />
</TextLine>
<TextLine HEIGHT="49" HPOS="127" VPOS="856" WIDTH="404">
<String CONTENT="inc." HEIGHT="40" HPOS="127" VPOS="857" WIDTH="90" />
<SP HEIGHT="48" HPOS="218" VPOS="857" WIDTH="63" />
<String CONTENT="(33-6255)" HEIGHT="49" HPOS="282" VPOS="856" WIDTH="249" />
</TextLine>
<TextLine HEIGHT="67" HPOS="56" STYLEREFS="StyleId-06B207A2-272C-45CD-A4D7-BBF3FC791B00-" VPOS="929" WIDTH="739">
<String CONTENT="Thayer," HEIGHT="65" HPOS="56" VPOS="931" WIDTH="251" />
<SP HEIGHT="64" HPOS="308" VPOS="932" WIDTH="25" />
<String CONTENT="Tiffany," HEIGHT="67" HPOS="334" VPOS="929" WIDTH="257" />
<SP HEIGHT="59" HPOS="592" VPOS="937" WIDTH="30" />
<String CONTENT="1902-" HEIGHT="50" HPOS="623" VPOS="936" WIDTH="172" />
</TextLine>
<TextLine HEIGHT="72" HPOS="123" STYLEREFS="StyleId-0D765774-A6A5-43CA-AD2F-0C331F5C366D-" VPOS="1004" WIDTH="1934">
<String CONTENT="An" HEIGHT="53" HPOS="123" VPOS="1008" WIDTH="96" />
<SP HEIGHT="53" HPOS="220" VPOS="1008" WIDTH="27" />
<String CONTENT="American" HEIGHT="54" HPOS="248" VPOS="1008" WIDTH="304" />
<SP HEIGHT="51" HPOS="553" VPOS="1025" WIDTH="30" />
<String CONTENT="girl," HEIGHT="70" HPOS="584" VPOS="1006" WIDTH="131" />
<SP HEIGHT="70" HPOS="716" VPOS="1006" WIDTH="30" />
<String CONTENT="by" HEIGHT="70" HPOS="747" VPOS="1006" WIDTH="73" />
<SP HEIGHT="70" HPOS="821" VPOS="1006" WIDTH="31" />
<String CONTENT="Tiffany" HEIGHT="71" HPOS="853" VPOS="1004" WIDTH="234" />
<SP HEIGHT="69" HPOS="1088" VPOS="1006" WIDTH="29" />
<String CONTENT="Thayer;" HEIGHT="70" HPOS="1118" VPOS="1006" WIDTH="255" />
<SP HEIGHT="66" HPOS="1374" VPOS="1008" WIDTH="35" />
<String CONTENT="illustrated" HEIGHT="55" HPOS="1410" VPOS="1005" WIDTH="325" />
<SP HEIGHT="55" HPOS="1736" VPOS="1005" WIDTH="30" />
<String CONTENT="by" HEIGHT="69" HPOS="1767" VPOS="1005" WIDTH="73" />
<SP HEIGHT="70" HPOS="1841" VPOS="1004" WIDTH="32" />
<String CONTENT="Steele" HEIGHT="57" HPOS="1874" VPOS="1004" WIDTH="183" />
</TextLine>
<TextLine HEIGHT="70" HPOS="58" STYLEREFS="StyleId-0D765774-A6A5-43CA-AD2F-0C331F5C366D-" VPOS="1084" WIDTH="1296">
<String CONTENT="Savage." HEIGHT="69" HPOS="58" VPOS="1085" WIDTH="234" />
<SP HEIGHT="34" HPOS="293" VPOS="1120" WIDTH="76" />
<String CONTENT="[New" HEIGHT="69" HPOS="370" VPOS="1085" WIDTH="155" />
<SP HEIGHT="53" HPOS="526" VPOS="1085" WIDTH="36" />
<String CONTENT="York," HEIGHT="68" HPOS="563" VPOS="1084" WIDTH="176" />
<SP HEIGHT="68" HPOS="740" VPOS="1084" WIDTH="36" />
<String CONTENT="C." HEIGHT="55" HPOS="777" VPOS="1084" WIDTH="59" />
<SP HEIGHT="53" HPOS="837" VPOS="1085" WIDTH="36" />
<String CONTENT="Kendall," HEIGHT="67" HPOS="874" VPOS="1084" WIDTH="269" />
<SP HEIGHT="60" HPOS="1144" VPOS="1091" WIDTH="34" />
<String CONTENT="c" HEIGHT="21" HPOS="1179" STYLE="superscript" VPOS="1091" WIDTH="18" />
<String CONTENT="1933]" HEIGHT="65" HPOS="1202" VPOS="1087" WIDTH="152" />
</TextLine>
<TextLine CS="1" HEIGHT="49" HPOS="125" VPOS="1156" WIDTH="1040">
<String CONTENT="5" HEIGHT="40" HPOS="125" VPOS="1156" WIDTH="26" />
<SP />
<String CONTENT="p." CS="1" />
<SP />
<String CONTENT="l.," CS="1" HEIGHT="16" HPOS="292" VPOS="1188" WIDTH="9" />
<SP HEIGHT="46" HPOS="302" VPOS="1158" WIDTH="30" />
<String CONTENT="13-274" HEIGHT="41" HPOS="333" VPOS="1156" WIDTH="173" />
<SP HEIGHT="47" HPOS="507" VPOS="1157" WIDTH="29" />
<String CONTENT="p." HEIGHT="37" HPOS="537" VPOS="1167" WIDTH="43" />
<SP HEIGHT="42" HPOS="581" VPOS="1156" WIDTH="60" />
<String CONTENT="illus.," HEIGHT="49" HPOS="642" VPOS="1156" WIDTH="143" />
<SP HEIGHT="37" HPOS="786" VPOS="1168" WIDTH="29" />
<String CONTENT="plates." HEIGHT="48" HPOS="816" VPOS="1157" WIDTH="172" />
<SP HEIGHT="40" HPOS="989" VPOS="1157" WIDTH="58" />
<String CONTENT="21" HEIGHT="38" HPOS="1048" VPOS="1157" WIDTH="54" />
<String CONTENT="cm" HEIGHT="20" HPOS="1107" STYLE="superscript" VPOS="1159" WIDTH="44" />
<String CONTENT="." HEIGHT="9" HPOS="1155" VPOS="1188" WIDTH="10" />
</TextLine>
<TextLine HEIGHT="49" HPOS="125" VPOS="1212" WIDTH="687">
<String CONTENT="Illustrated" HEIGHT="40" HPOS="125" VPOS="1214" WIDTH="287" />
<SP HEIGHT="38" HPOS="413" VPOS="1215" WIDTH="35" />
<String CONTENT="lining-papers." HEIGHT="49" HPOS="449" VPOS="1212" WIDTH="363" />
</TextLine>
<TextLine HEIGHT="42" HPOS="126" VPOS="1269" WIDTH="419">
<String CONTENT="&#8220;First" HEIGHT="41" HPOS="126" VPOS="1270" WIDTH="161" />
<SP HEIGHT="38" HPOS="288" VPOS="1273" WIDTH="29" />
<String CONTENT="edition.&#8221;" HEIGHT="41" HPOS="318" VPOS="1269" WIDTH="227" />
</TextLine>
<TextLine HEIGHT="52" HPOS="61" VPOS="1326" WIDTH="1995">
<String CONTENT="&#169;" HEIGHT="52" HPOS="61" VPOS="1326" WIDTH="52" />
<SP HEIGHT="52" HPOS="114" VPOS="1326" WIDTH="30" />
<String CONTENT="Mar." HEIGHT="40" HPOS="145" VPOS="1332" WIDTH="123" />
<SP HEIGHT="40" HPOS="269" VPOS="1332" WIDTH="31" />
<String CONTENT="13," HEIGHT="45" HPOS="301" VPOS="1332" WIDTH="68" />
<SP HEIGHT="46" HPOS="370" VPOS="1331" WIDTH="30" />
<String CONTENT="1933;" HEIGHT="46" HPOS="401" VPOS="1329" WIDTH="140" />
<SP HEIGHT="45" HPOS="542" VPOS="1330" WIDTH="33" />
<String CONTENT="2c." HEIGHT="40" HPOS="576" VPOS="1330" WIDTH="68" />
<SP HEIGHT="39" HPOS="645" VPOS="1331" WIDTH="32" />
<String CONTENT="Mar." HEIGHT="38" HPOS="678" VPOS="1331" WIDTH="122" />
<SP HEIGHT="38" HPOS="801" VPOS="1331" WIDTH="31" />
<String CONTENT="10;" HEIGHT="47" HPOS="833" VPOS="1329" WIDTH="81" />
<SP HEIGHT="36" HPOS="915" VPOS="1340" WIDTH="35" />
<String CONTENT="aff." HEIGHT="41" HPOS="951" VPOS="1328" WIDTH="80" />
<SP HEIGHT="38" HPOS="1032" VPOS="1330" WIDTH="35" />
<String CONTENT="Mar." HEIGHT="38" HPOS="1068" VPOS="1330" WIDTH="119" />
<SP HEIGHT="38" HPOS="1188" VPOS="1330" WIDTH="34" />
<String CONTENT="14;" HEIGHT="45" HPOS="1223" VPOS="1330" WIDTH="81" />
<SP HEIGHT="46" HPOS="1305" VPOS="1329" WIDTH="35" />
<String CONTENT="A" HEIGHT="38" HPOS="1341" VPOS="1329" WIDTH="41" />
<SP HEIGHT="39" HPOS="1383" VPOS="1329" WIDTH="29" />
<String CONTENT="60592;" HEIGHT="49" HPOS="1413" VPOS="1327" WIDTH="170" />
<SP HEIGHT="47" HPOS="1584" VPOS="1329" WIDTH="34" />
<String CONTENT="Tiffany" HEIGHT="50" HPOS="1619" VPOS="1327" WIDTH="197" />
<SP HEIGHT="48" HPOS="1817" VPOS="1329" WIDTH="32" />
<String CONTENT="Thayer," HEIGHT="48" HPOS="1850" VPOS="1329" WIDTH="206" />
</TextLine>
<TextLine CS="1" HEIGHT="50" HPOS="130" VPOS="1386" WIDTH="785">
<String CONTENT="Hollywood," HEIGHT="47" HPOS="130" VPOS="1388" WIDTH="299" />
<SP HEIGHT="48" HPOS="430" VPOS="1387" WIDTH="26" />
<String CONTENT="Calif." HEIGHT="41" HPOS="457" VPOS="1386" WIDTH="144" />
<SP HEIGHT="48" HPOS="602" VPOS="1387" WIDTH="61" />
<String CONTENT="(33-6258)" HEIGHT="50" HPOS="664" VPOS="1386" WIDTH="251" />
<SP />
</TextLine>
<TextLine HEIGHT="65" HPOS="55" STYLEREFS="StyleId-06B207A2-272C-45CD-A4D7-BBF3FC791B00-" VPOS="1462" WIDTH="726">
<String CONTENT="Townsend," HEIGHT="64" HPOS="55" VPOS="1463" WIDTH="343" />
<SP HEIGHT="65" HPOS="399" VPOS="1462" WIDTH="33" />
<String CONTENT="Genevieve." HEIGHT="55" HPOS="433" VPOS="1462" WIDTH="348" />
</TextLine>
<TextLine HEIGHT="71" HPOS="129" STYLEREFS="StyleId-0D765774-A6A5-43CA-AD2F-0C331F5C366D-" VPOS="1536" WIDTH="1930">
<String CONTENT="Consumer" HEIGHT="55" HPOS="129" VPOS="1539" WIDTH="311" />
<SP HEIGHT="51" HPOS="441" VPOS="1540" WIDTH="53" />
<String CONTENT="loans" HEIGHT="52" HPOS="495" VPOS="1540" WIDTH="159" />
<SP HEIGHT="53" HPOS="655" VPOS="1539" WIDTH="54" />
<String CONTENT="in" HEIGHT="52" HPOS="710" VPOS="1539" WIDTH="59" />
<SP HEIGHT="53" HPOS="770" VPOS="1539" WIDTH="51" />
<String CONTENT="Wisconsin," HEIGHT="70" HPOS="822" VPOS="1536" WIDTH="341" />
<SP HEIGHT="67" HPOS="1164" VPOS="1539" WIDTH="52" />
<String CONTENT="by" HEIGHT="68" HPOS="1217" VPOS="1539" WIDTH="75" />
<SP HEIGHT="71" HPOS="1293" VPOS="1536" WIDTH="54" />
<String CONTENT="Genevieve" HEIGHT="55" HPOS="1348" VPOS="1536" WIDTH="317" />
<SP HEIGHT="52" HPOS="1666" VPOS="1539" WIDTH="54" />
<String CONTENT="Townsend," HEIGHT="67" HPOS="1721" VPOS="1539" WIDTH="338" />
</TextLine>
<TextLine HEIGHT="71" HPOS="57" STYLEREFS="StyleId-0D765774-A6A5-43CA-AD2F-0C331F5C366D-" VPOS="1615" WIDTH="1929">
<String CONTENT="with" HEIGHT="53" HPOS="57" VPOS="1618" WIDTH="141" />
<SP HEIGHT="68" HPOS="199" VPOS="1618" WIDTH="36" />
<String CONTENT="preface" HEIGHT="69" HPOS="236" VPOS="1617" WIDTH="231" />
<SP HEIGHT="53" HPOS="468" VPOS="1617" WIDTH="33" />
<String CONTENT="by" HEIGHT="68" HPOS="502" VPOS="1617" WIDTH="75" />
<SP HEIGHT="67" HPOS="578" VPOS="1618" WIDTH="36" />
<String CONTENT="John" HEIGHT="54" HPOS="615" VPOS="1618" WIDTH="157" />
<SP HEIGHT="51" HPOS="773" VPOS="1618" WIDTH="36" />
<String CONTENT="R." HEIGHT="51" HPOS="810" VPOS="1618" WIDTH="67" />
<SP HEIGHT="55" HPOS="878" VPOS="1615" WIDTH="40" />
<String CONTENT="Commons." HEIGHT="55" HPOS="919" VPOS="1615" WIDTH="320" />
<SP HEIGHT="52" HPOS="1240" VPOS="1616" WIDTH="72" />
<String CONTENT="Madison," HEIGHT="68" HPOS="1313" VPOS="1616" WIDTH="285" />
<SP HEIGHT="68" HPOS="1599" VPOS="1616" WIDTH="35" />
<String CONTENT="Wis.," HEIGHT="70" HPOS="1635" VPOS="1615" WIDTH="161" />
<SP HEIGHT="65" HPOS="1797" VPOS="1620" WIDTH="38" />
<String CONTENT="1932." HEIGHT="50" HPOS="1836" VPOS="1619" WIDTH="150" />
</TextLine>
<TextLine CS="1" HEIGHT="51" HPOS="127" VPOS="1689" WIDTH="802">
<String CONTENT="6" HEIGHT="40" HPOS="127" VPOS="1692" WIDTH="28" />
<SP />
<String CONTENT="p." CS="1" />
<SP />
<String CONTENT="l.," CS="1" HEIGHT="16" HPOS="285" VPOS="1724" WIDTH="8" />
<SP HEIGHT="47" HPOS="294" VPOS="1693" WIDTH="27" />
<String CONTENT="153" HEIGHT="40" HPOS="322" VPOS="1692" WIDTH="84" />
<SP HEIGHT="47" HPOS="407" VPOS="1692" WIDTH="26" />
<String CONTENT="p." HEIGHT="37" HPOS="434" VPOS="1702" WIDTH="42" />
<SP HEIGHT="39" HPOS="477" VPOS="1692" WIDTH="58" />
<String CONTENT="23&#189;" CS="1" HEIGHT="39" HPOS="536" VPOS="1692" WIDTH="55" />
<String CONTENT="cm" HEIGHT="21" HPOS="625" STYLE="superscript" VPOS="1693" WIDTH="44" />
<String CONTENT="." HEIGHT="8" HPOS="674" VPOS="1723" WIDTH="8" />
<SP HEIGHT="50" HPOS="683" VPOS="1689" WIDTH="115" />
<String CONTENT="$1.00" HEIGHT="50" HPOS="799" VPOS="1689" WIDTH="130" />
</TextLine>
<TextLine HEIGHT="50" HPOS="127" VPOS="1748" WIDTH="697">
<String CONTENT="Bibliography:" HEIGHT="50" HPOS="127" VPOS="1748" WIDTH="376" />
<SP HEIGHT="38" HPOS="504" VPOS="1760" WIDTH="30" />
<String CONTENT="p." HEIGHT="37" HPOS="535" VPOS="1761" WIDTH="43" />
<SP HEIGHT="40" HPOS="579" VPOS="1750" WIDTH="28" />
<String CONTENT="137-138." HEIGHT="41" HPOS="608" VPOS="1748" WIDTH="216" />
</TextLine>
<TextLine CS="1" HEIGHT="110" HPOS="61" VPOS="1803" WIDTH="1980">
<String CONTENT="&#169;" HEIGHT="52" HPOS="61" VPOS="1803" WIDTH="52" />
<SP HEIGHT="52" HPOS="114" VPOS="1803" WIDTH="24" />
<String CONTENT="Jan." HEIGHT="40" HPOS="139" VPOS="1808" WIDTH="109" />
<SP HEIGHT="39" HPOS="249" VPOS="1809" WIDTH="22" />
<String CONTENT="14," HEIGHT="45" HPOS="272" VPOS="1809" WIDTH="69" />
<SP HEIGHT="45" HPOS="342" VPOS="1809" WIDTH="23" />
<String CONTENT="1933;" CS="1" HEIGHT="41" HPOS="366" VPOS="1806" WIDTH="117" />
<SP HEIGHT="47" HPOS="507" VPOS="1807" WIDTH="26" />
<String CONTENT="2c." HEIGHT="40" HPOS="534" VPOS="1807" WIDTH="68" />
<SP HEIGHT="29" HPOS="603" VPOS="1817" WIDTH="23" />
<String CONTENT="and" HEIGHT="38" HPOS="627" VPOS="1808" WIDTH="96" />
<SP HEIGHT="38" HPOS="724" VPOS="1808" WIDTH="22" />
<String CONTENT="aff." HEIGHT="41" HPOS="747" VPOS="1806" WIDTH="82" />
<SP HEIGHT="40" HPOS="830" VPOS="1807" WIDTH="25" />
<String CONTENT="Jan." HEIGHT="39" HPOS="856" VPOS="1807" WIDTH="110" />
<SP HEIGHT="41" HPOS="967" VPOS="1805" WIDTH="23" />
<String CONTENT="23;" CS="1" HEIGHT="41" HPOS="991" VPOS="1805" WIDTH="54" />
<SP HEIGHT="47" HPOS="1074" VPOS="1806" WIDTH="26" />
<String CONTENT="A" HEIGHT="39" HPOS="1101" VPOS="1806" WIDTH="41" />
<SP HEIGHT="40" HPOS="1143" VPOS="1806" WIDTH="23" />
<String CONTENT="59789;" HEIGHT="48" HPOS="1167" VPOS="1805" WIDTH="170" />
<SP HEIGHT="46" HPOS="1338" VPOS="1807" WIDTH="28" />
<String CONTENT="Herman" HEIGHT="39" HPOS="1367" VPOS="1807" WIDTH="217" />
<SP HEIGHT="40" HPOS="1585" VPOS="1807" WIDTH="26" />
<String CONTENT="C." HEIGHT="40" HPOS="1612" VPOS="1807" WIDTH="47" />
<SP HEIGHT="40" HPOS="1660" VPOS="1807" WIDTH="29" />
<String CONTENT="Straus," HEIGHT="47" HPOS="1690" VPOS="1807" WIDTH="188" />
<SP HEIGHT="45" HPOS="1879" VPOS="1809" WIDTH="27" />
<String CONTENT="Madison," HEIGHT="107" HPOS="129" VPOS="1805" WIDTH="1912" />
<SP HEIGHT="46" HPOS="228" VPOS="1866" WIDTH="25" />
<String CONTENT="Wis." HEIGHT="40" HPOS="254" VPOS="1864" WIDTH="115" />
<SP HEIGHT="48" HPOS="370" VPOS="1865" WIDTH="63" />
<String CONTENT="(33-6312)" HEIGHT="49" HPOS="434" VPOS="1864" WIDTH="250" />
</TextLine>
<TextLine HEIGHT="71" HPOS="55" STYLEREFS="StyleId-0D765774-A6A5-43CA-AD2F-0C331F5C366D-" VPOS="1938" WIDTH="2002">
<String CONTENT="The" HEIGHT="53" HPOS="55" VPOS="1939" WIDTH="121" />
<SP HEIGHT="53" HPOS="177" VPOS="1941" WIDTH="25" />
<String CONTENT="United" HEIGHT="55" HPOS="203" VPOS="1939" WIDTH="219" />
<SP HEIGHT="54" HPOS="423" VPOS="1941" WIDTH="26" />
<String CONTENT="States" HEIGHT="53" HPOS="450" VPOS="1942" WIDTH="204" />
<SP HEIGHT="50" HPOS="655" VPOS="1957" WIDTH="24" />
<String CONTENT="patents" HEIGHT="63" HPOS="680" VPOS="1944" WIDTH="228" />
<SP HEIGHT="50" HPOS="909" VPOS="1957" WIDTH="23" />
<String CONTENT="quarterly;" HEIGHT="67" HPOS="933" VPOS="1940" WIDTH="322" />
<SP HEIGHT="49" HPOS="1256" VPOS="1957" WIDTH="28" />
<String CONTENT="reports" HEIGHT="63" HPOS="1285" VPOS="1944" WIDTH="223" />
<SP HEIGHT="34" HPOS="1509" VPOS="1959" WIDTH="26" />
<String CONTENT="of" HEIGHT="53" HPOS="1536" VPOS="1940" WIDTH="65" />
<SP HEIGHT="53" HPOS="1602" VPOS="1940" WIDTH="25" />
<String CONTENT="cases" HEIGHT="35" HPOS="1628" VPOS="1959" WIDTH="151" />
<SP HEIGHT="35" HPOS="1780" VPOS="1959" WIDTH="25" />
<String CONTENT="relating" HEIGHT="71" HPOS="1806" VPOS="1938" WIDTH="251" />
</TextLine>
<TextLine CS="1" HEIGHT="146" HPOS="125" STYLEREFS="StyleId-0D765774-A6A5-43CA-AD2F-0C331F5C366D-" VPOS="2018" WIDTH="1906">
<String CONTENT="to" HEIGHT="48" HPOS="125" VPOS="2022" WIDTH="58" />
<SP HEIGHT="50" HPOS="184" VPOS="2036" WIDTH="27" />
<String CONTENT="patents," HEIGHT="63" HPOS="212" VPOS="2023" WIDTH="244" />
<SP HEIGHT="60" HPOS="457" VPOS="2025" WIDTH="27" />
<String CONTENT="trade" HEIGHT="52" HPOS="485" VPOS="2018" WIDTH="164" />
<SP HEIGHT="34" HPOS="650" VPOS="2036" WIDTH="25" />
<String CONTENT="marks" HEIGHT="54" HPOS="676" VPOS="2018" WIDTH="191" />
<SP HEIGHT="35" HPOS="868" VPOS="2037" WIDTH="29" />
<String CONTENT="and" HEIGHT="52" HPOS="898" VPOS="2019" WIDTH="111" />
<SP HEIGHT="51" HPOS="1010" VPOS="2019" WIDTH="29" />
<String CONTENT="copyrights" HEIGHT="68" HPOS="1040" VPOS="2018" WIDTH="335" />
<SP HEIGHT="33" HPOS="1376" VPOS="2038" WIDTH="34" />
<String CONTENT="&#8230;" CS="1" />
<SP HEIGHT="33" HPOS="1468" VPOS="2037" WIDTH="76" />
<String CONTENT="v." HEIGHT="33" HPOS="1545" VPOS="2037" WIDTH="52" />
<SP HEIGHT="49" HPOS="1598" VPOS="2022" WIDTH="31" />
<String CONTENT="15" HEIGHT="49" HPOS="1630" VPOS="2022" WIDTH="63" />
<SP HEIGHT="48" HPOS="1694" VPOS="2022" WIDTH="35" />
<String CONTENT="&#8230;" CS="1" />
<SP HEIGHT="55" HPOS="1786" VPOS="2020" WIDTH="66" />
<String CONTENT="Washington," HEIGHT="144" HPOS="126" VPOS="2020" WIDTH="1905" />
<SP HEIGHT="66" HPOS="347" VPOS="2097" WIDTH="25" />
<String CONTENT="The" HEIGHT="52" HPOS="373" VPOS="2097" WIDTH="121" />
<SP HEIGHT="51" HPOS="495" VPOS="2098" WIDTH="27" />
<String CONTENT="Bureau" HEIGHT="51" HPOS="523" VPOS="2098" WIDTH="228" />
<SP HEIGHT="34" HPOS="752" VPOS="2114" WIDTH="27" />
<String CONTENT="of" HEIGHT="52" HPOS="780" VPOS="2096" WIDTH="62" />
<SP HEIGHT="52" HPOS="843" VPOS="2096" WIDTH="25" />
<String CONTENT="national" HEIGHT="54" HPOS="869" VPOS="2095" WIDTH="258" />
<SP HEIGHT="51" HPOS="1128" VPOS="2098" WIDTH="28" />
<String CONTENT="affairs," HEIGHT="71" HPOS="1157" VPOS="2093" WIDTH="213" />
<SP HEIGHT="64" HPOS="1371" VPOS="2100" WIDTH="30" />
<String CONTENT="1933." HEIGHT="50" HPOS="1402" VPOS="2099" WIDTH="150" />
</TextLine>
<TextLine CS="1" HEIGHT="50" HPOS="129" STYLEREFS="StyleId-0D765774-A6A5-43CA-AD2F-0C331F5C366D-" VPOS="2169" WIDTH="836">
<String CONTENT="x," HEIGHT="37" HPOS="129" VPOS="2182" WIDTH="45" />
<SP HEIGHT="48" HPOS="175" VPOS="2171" WIDTH="25" />
<String CONTENT="345" HEIGHT="40" HPOS="201" VPOS="2171" WIDTH="85" />
<SP HEIGHT="47" HPOS="287" VPOS="2171" WIDTH="24" />
<String CONTENT="p." HEIGHT="37" HPOS="312" VPOS="2181" WIDTH="44" />
<SP HEIGHT="40" HPOS="357" VPOS="2170" WIDTH="53" />
<String CONTENT="illus.," HEIGHT="48" HPOS="411" VPOS="2170" WIDTH="144" />
<SP HEIGHT="47" HPOS="556" VPOS="2171" WIDTH="26" />
<String CONTENT="diagrs." HEIGHT="47" HPOS="583" VPOS="2170" WIDTH="177" />
<SP HEIGHT="39" HPOS="761" VPOS="2169" WIDTH="56" />
<String CONTENT="23&#189;" CS="1" HEIGHT="41" HPOS="818" VPOS="2169" WIDTH="55" />
<String CONTENT="cm" HEIGHT="20" HPOS="907" STYLE="superscript" VPOS="2172" WIDTH="43" />
<String CONTENT="." HEIGHT="8" HPOS="957" VPOS="2201" WIDTH="8" />
</TextLine>
<TextLine HEIGHT="52" HPOS="63" VPOS="2223" WIDTH="1993">
<String CONTENT="&#169;" HEIGHT="52" HPOS="63" VPOS="2223" WIDTH="52" />
<SP HEIGHT="52" HPOS="116" VPOS="2223" WIDTH="28" />
<String CONTENT="Feb." HEIGHT="41" HPOS="145" VPOS="2227" WIDTH="111" />
<SP HEIGHT="39" HPOS="257" VPOS="2229" WIDTH="25" />
<String CONTENT="16," HEIGHT="48" HPOS="283" VPOS="2227" WIDTH="69" />
<SP HEIGHT="47" HPOS="353" VPOS="2228" WIDTH="26" />
<String CONTENT="1933;" HEIGHT="46" HPOS="380" VPOS="2227" WIDTH="141" />
<SP HEIGHT="47" HPOS="522" VPOS="2226" WIDTH="29" />
<String CONTENT="2c." HEIGHT="42" HPOS="552" VPOS="2226" WIDTH="67" />
<SP HEIGHT="29" HPOS="620" VPOS="2239" WIDTH="28" />
<String CONTENT="and" HEIGHT="38" HPOS="649" VPOS="2228" WIDTH="96" />
<SP HEIGHT="38" HPOS="746" VPOS="2228" WIDTH="26" />
<String CONTENT="aff." HEIGHT="41" HPOS="773" VPOS="2226" WIDTH="82" />
<SP HEIGHT="40" HPOS="856" VPOS="2227" WIDTH="29" />
<String CONTENT="Feb." HEIGHT="39" HPOS="886" VPOS="2226" WIDTH="108" />
<SP HEIGHT="39" HPOS="995" VPOS="2226" WIDTH="30" />
<String CONTENT="24;" HEIGHT="46" HPOS="1026" VPOS="2226" WIDTH="82" />
<SP HEIGHT="46" HPOS="1109" VPOS="2226" WIDTH="29" />
<String CONTENT="A" HEIGHT="39" HPOS="1139" VPOS="2226" WIDTH="42" />
<SP HEIGHT="40" HPOS="1182" VPOS="2226" WIDTH="28" />
<String CONTENT="59681;" HEIGHT="48" HPOS="1211" VPOS="2226" WIDTH="169" />
<SP HEIGHT="46" HPOS="1381" VPOS="2228" WIDTH="32" />
<String CONTENT="Bureau" HEIGHT="38" HPOS="1414" VPOS="2228" WIDTH="195" />
<SP HEIGHT="29" HPOS="1610" VPOS="2237" WIDTH="30" />
<String CONTENT="of" HEIGHT="39" HPOS="1641" VPOS="2227" WIDTH="51" />
<SP HEIGHT="39" HPOS="1693" VPOS="2227" WIDTH="27" />
<String CONTENT="natl." HEIGHT="40" HPOS="1721" VPOS="2227" WIDTH="120" />
<SP HEIGHT="29" HPOS="1842" VPOS="2238" WIDTH="29" />
<String CONTENT="affairs," HEIGHT="43" HPOS="1872" VPOS="2226" WIDTH="184" />
</TextLine>
<TextLine HEIGHT="41" HPOS="130" VPOS="2284" WIDTH="91">
<String CONTENT="inc." HEIGHT="41" HPOS="130" VPOS="2284" WIDTH="91" />
</TextLine>
<TextLine HEIGHT="69" HPOS="57" STYLEREFS="StyleId-0D765774-A6A5-43CA-AD2F-0C331F5C366D-" VPOS="2357" WIDTH="1661">
<String CONTENT="The" HEIGHT="53" HPOS="57" VPOS="2358" WIDTH="121" />
<SP HEIGHT="36" HPOS="179" VPOS="2376" WIDTH="25" />
<String CONTENT="war" HEIGHT="36" HPOS="205" VPOS="2376" WIDTH="124" />
<SP HEIGHT="53" HPOS="330" VPOS="2358" WIDTH="27" />
<String CONTENT="diary" HEIGHT="69" HPOS="358" VPOS="2357" WIDTH="166" />
<SP HEIGHT="49" HPOS="525" VPOS="2377" WIDTH="26" />
<String CONTENT="of" HEIGHT="52" HPOS="552" VPOS="2358" WIDTH="63" />
<SP HEIGHT="52" HPOS="616" VPOS="2358" WIDTH="27" />
<String CONTENT="a" HEIGHT="34" HPOS="644" VPOS="2376" WIDTH="30" />
<SP HEIGHT="50" HPOS="675" VPOS="2360" WIDTH="28" />
<String CONTENT="British" HEIGHT="53" HPOS="704" VPOS="2357" WIDTH="222" />
<SP HEIGHT="52" HPOS="927" VPOS="2358" WIDTH="31" />
<String CONTENT="airman." HEIGHT="53" HPOS="959" VPOS="2358" WIDTH="237" />
<SP HEIGHT="33" HPOS="1197" VPOS="2391" WIDTH="79" />
<String CONTENT="[Instalment" HEIGHT="66" HPOS="1277" VPOS="2358" WIDTH="364" />
<SP HEIGHT="49" HPOS="1642" VPOS="2362" WIDTH="26" />
<String CONTENT="3]" HEIGHT="64" HPOS="1669" VPOS="2362" WIDTH="49" />
</TextLine>
<TextLine HEIGHT="54" HPOS="143" VPOS="2428" WIDTH="1262">
<String CONTENT="(In" HEIGHT="49" HPOS="143" VPOS="2433" WIDTH="83" />
<SP HEIGHT="45" HPOS="227" VPOS="2429" WIDTH="27" />
<String CONTENT="London" HEIGHT="44" HPOS="255" VPOS="2429" WIDTH="203" />
<SP HEIGHT="43" HPOS="459" VPOS="2430" WIDTH="28" />
<String CONTENT="Sunday" HEIGHT="53" HPOS="488" VPOS="2429" WIDTH="201" />
<SP HEIGHT="39" HPOS="690" VPOS="2443" WIDTH="31" />
<String CONTENT="pictorial," HEIGHT="54" HPOS="722" VPOS="2428" WIDTH="244" />
<SP HEIGHT="52" HPOS="967" VPOS="2428" WIDTH="30" />
<String CONTENT="Nov." HEIGHT="44" HPOS="998" VPOS="2428" WIDTH="128" />
<SP HEIGHT="42" HPOS="1127" VPOS="2430" WIDTH="28" />
<String CONTENT="27," HEIGHT="51" HPOS="1156" VPOS="2430" WIDTH="72" />
<SP HEIGHT="50" HPOS="1229" VPOS="2431" WIDTH="31" />
<String CONTENT="1932)" HEIGHT="51" HPOS="1261" VPOS="2429" WIDTH="144" />
</TextLine>
<TextLine CS="1" HEIGHT="52" HPOS="64" VPOS="2487" WIDTH="1995">
<String CONTENT="&#169;" HEIGHT="52" HPOS="64" VPOS="2487" WIDTH="52" />
<SP />
<String CONTENT="1c." CS="1" HEIGHT="7" HPOS="201" VPOS="2523" WIDTH="8" />
<SP HEIGHT="39" HPOS="210" VPOS="2491" WIDTH="26" />
<String CONTENT="Jan." HEIGHT="40" HPOS="237" VPOS="2491" WIDTH="110" />
<SP HEIGHT="39" HPOS="348" VPOS="2492" WIDTH="24" />
<String CONTENT="25," HEIGHT="46" HPOS="373" VPOS="2491" WIDTH="68" />
<SP HEIGHT="45" HPOS="442" VPOS="2492" WIDTH="26" />
<String CONTENT="1933:" HEIGHT="42" HPOS="469" VPOS="2489" WIDTH="139" />
<SP HEIGHT="40" HPOS="609" VPOS="2491" WIDTH="29" />
<String CONTENT="A" HEIGHT="38" HPOS="639" VPOS="2491" WIDTH="40" />
<SP HEIGHT="38" HPOS="680" VPOS="2491" WIDTH="26" />
<String CONTENT="ad" HEIGHT="37" HPOS="707" VPOS="2492" WIDTH="60" />
<SP HEIGHT="38" HPOS="768" VPOS="2491" WIDTH="27" />
<String CONTENT="int." HEIGHT="39" HPOS="796" VPOS="2491" WIDTH="85" />
<SP HEIGHT="40" HPOS="882" VPOS="2490" WIDTH="26" />
<String CONTENT="17528;" HEIGHT="47" HPOS="909" VPOS="2489" WIDTH="170" />
<SP HEIGHT="37" HPOS="1080" VPOS="2500" WIDTH="29" />
<String CONTENT="pubd." HEIGHT="48" HPOS="1110" VPOS="2489" WIDTH="142" />
<SP HEIGHT="38" HPOS="1253" VPOS="2491" WIDTH="27" />
<String CONTENT="Nov." HEIGHT="38" HPOS="1281" VPOS="2491" WIDTH="116" />
<SP HEIGHT="39" HPOS="1398" VPOS="2490" WIDTH="30" />
<String CONTENT="27," HEIGHT="46" HPOS="1429" VPOS="2490" WIDTH="67" />
<SP HEIGHT="46" HPOS="1497" VPOS="2490" WIDTH="28" />
<String CONTENT="1932;" HEIGHT="46" HPOS="1526" VPOS="2490" WIDTH="140" />
<SP HEIGHT="47" HPOS="1667" VPOS="2489" WIDTH="32" />
<String CONTENT="Gladys" HEIGHT="47" HPOS="1700" VPOS="2489" WIDTH="182" />
<SP HEIGHT="38" HPOS="1883" VPOS="2491" WIDTH="28" />
<String CONTENT="Maud" HEIGHT="39" HPOS="1912" VPOS="2491" WIDTH="147" />
</TextLine>
<TextLine CS="1" HEIGHT="49" HPOS="132" VPOS="2546" WIDTH="1065">
<String CONTENT="Cockburn" HEIGHT="40" HPOS="132" VPOS="2547" WIDTH="253" />
<SP HEIGHT="38" HPOS="386" VPOS="2548" WIDTH="23" />
<String CONTENT="Lange," HEIGHT="47" HPOS="410" VPOS="2548" WIDTH="175" />
<SP HEIGHT="47" HPOS="586" VPOS="2547" WIDTH="26" />
<String CONTENT="Manchester," HEIGHT="47" HPOS="613" VPOS="2547" WIDTH="322" />
<SP HEIGHT="46" HPOS="936" VPOS="2548" WIDTH="24" />
<String CONTENT="England." HEIGHT="48" HPOS="961" VPOS="2546" WIDTH="236" />
<SP />
</TextLine>
<TextLine HEIGHT="70" HPOS="59" STYLEREFS="StyleId-06B207A2-272C-45CD-A4D7-BBF3FC791B00-" VPOS="2622" WIDTH="1033">
<String CONTENT="Whelan," HEIGHT="65" HPOS="59" VPOS="2623" WIDTH="265" />
<SP HEIGHT="63" HPOS="325" VPOS="2625" WIDTH="27" />
<String CONTENT="Thomas" HEIGHT="54" HPOS="353" VPOS="2623" WIDTH="261" />
<SP HEIGHT="54" HPOS="615" VPOS="2623" WIDTH="25" />
<String CONTENT="Joseph," HEIGHT="66" HPOS="641" VPOS="2622" WIDTH="240" />
<SP HEIGHT="48" HPOS="882" VPOS="2640" WIDTH="30" />
<String CONTENT="comp." HEIGHT="52" HPOS="913" VPOS="2640" WIDTH="179" />
</TextLine>
<TextLine HEIGHT="70" HPOS="129" STYLEREFS="StyleId-0D765774-A6A5-43CA-AD2F-0C331F5C366D-" VPOS="2699" WIDTH="1930">
<String CONTENT="Byways" HEIGHT="67" HPOS="129" VPOS="2701" WIDTH="248" />
<SP HEIGHT="34" HPOS="378" VPOS="2720" WIDTH="23" />
<String CONTENT="of" HEIGHT="54" HPOS="402" VPOS="2699" WIDTH="64" />
<SP HEIGHT="53" HPOS="467" VPOS="2699" WIDTH="19" />
<String CONTENT="humor," HEIGHT="68" HPOS="487" VPOS="2701" WIDTH="221" />
<SP HEIGHT="68" HPOS="709" VPOS="2701" WIDTH="21" />
<String CONTENT="by" HEIGHT="68" HPOS="731" VPOS="2701" WIDTH="74" />
<SP HEIGHT="66" HPOS="806" VPOS="2703" WIDTH="24" />
<String CONTENT="Thomas" HEIGHT="52" HPOS="831" VPOS="2702" WIDTH="248" />
<SP HEIGHT="53" HPOS="1080" VPOS="2702" WIDTH="21" />
<String CONTENT="Joseph" HEIGHT="66" HPOS="1102" VPOS="2702" WIDTH="216" />
<SP HEIGHT="54" HPOS="1319" VPOS="2701" WIDTH="22" />
<String CONTENT="Whelan." HEIGHT="54" HPOS="1342" VPOS="2701" WIDTH="261" />
<SP HEIGHT="50" HPOS="1604" VPOS="2703" WIDTH="75" />
<String CONTENT="Boston," HEIGHT="64" HPOS="1680" VPOS="2703" WIDTH="233" />
<SP HEIGHT="63" HPOS="1914" VPOS="2704" WIDTH="24" />
<String CONTENT="The" HEIGHT="51" HPOS="1939" VPOS="2703" WIDTH="120" />
</TextLine>
<TextLine HEIGHT="69" HPOS="60" STYLEREFS="StyleId-0D765774-A6A5-43CA-AD2F-0C331F5C366D-" VPOS="2778" WIDTH="1174">
<String CONTENT="Christopher" HEIGHT="69" HPOS="60" VPOS="2778" WIDTH="377" />
<SP HEIGHT="49" HPOS="438" VPOS="2797" WIDTH="28" />
<String CONTENT="publishing" HEIGHT="68" HPOS="467" VPOS="2779" WIDTH="335" />
<SP HEIGHT="66" HPOS="803" VPOS="2781" WIDTH="28" />
<String CONTENT="house" HEIGHT="51" HPOS="832" VPOS="2781" WIDTH="173" />
<SP HEIGHT="49" HPOS="1006" VPOS="2797" WIDTH="35" />
<String CONTENT="[" HEIGHT="33" HPOS="1042" VPOS="2813" WIDTH="12" />
<String CONTENT="c" HEIGHT="21" HPOS="1059" STYLE="superscript" VPOS="2785" WIDTH="18" />
<String CONTENT="1933]" HEIGHT="64" HPOS="1083" VPOS="2782" WIDTH="151" />
</TextLine>
<TextLine HEIGHT="49" HPOS="130" VPOS="2851" WIDTH="334">
<String CONTENT="133" HEIGHT="40" HPOS="130" VPOS="2852" WIDTH="85" />
<SP HEIGHT="48" HPOS="216" VPOS="2852" WIDTH="26" />
<String CONTENT="p." HEIGHT="38" HPOS="243" VPOS="2862" WIDTH="46" />
<SP HEIGHT="43" HPOS="290" VPOS="2851" WIDTH="55" />
<String CONTENT="21" HEIGHT="40" HPOS="346" VPOS="2851" WIDTH="56" />
<String CONTENT="cm" HEIGHT="23" HPOS="404" STYLE="superscript" VPOS="2853" WIDTH="45" />
<String CONTENT="." HEIGHT="11" HPOS="454" VPOS="2883" WIDTH="10" />
</TextLine>
<TextLine HEIGHT="53" HPOS="66" VPOS="2905" WIDTH="1994">
<String CONTENT="&#169;" HEIGHT="53" HPOS="66" VPOS="2905" WIDTH="52" />
<SP HEIGHT="53" HPOS="119" VPOS="2905" WIDTH="35" />
<String CONTENT="Jan." HEIGHT="39" HPOS="155" VPOS="2911" WIDTH="109" />
<SP HEIGHT="40" HPOS="265" VPOS="2910" WIDTH="35" />
<String CONTENT="31," HEIGHT="46" HPOS="301" VPOS="2910" WIDTH="69" />
<SP HEIGHT="45" HPOS="371" VPOS="2911" WIDTH="35" />
<String CONTENT="1933;" HEIGHT="47" HPOS="407" VPOS="2909" WIDTH="140" />
<SP HEIGHT="47" HPOS="548" VPOS="2909" WIDTH="38" />
<String CONTENT="2c." HEIGHT="41" HPOS="587" VPOS="2909" WIDTH="67" />
<SP HEIGHT="40" HPOS="655" VPOS="2910" WIDTH="36" />
<String CONTENT="Feb." HEIGHT="39" HPOS="692" VPOS="2910" WIDTH="109" />
<SP HEIGHT="39" HPOS="802" VPOS="2910" WIDTH="37" />
<String CONTENT="6;" HEIGHT="46" HPOS="840" VPOS="2910" WIDTH="52" />
<SP HEIGHT="36" HPOS="893" VPOS="2920" WIDTH="39" />
<String CONTENT="aff." HEIGHT="41" HPOS="933" VPOS="2909" WIDTH="82" />
<SP HEIGHT="40" HPOS="1016" VPOS="2910" WIDTH="37" />
<String CONTENT="Mar." HEIGHT="40" HPOS="1054" VPOS="2910" WIDTH="121" />
<SP HEIGHT="41" HPOS="1176" VPOS="2909" WIDTH="37" />
<String CONTENT="6;" HEIGHT="46" HPOS="1214" VPOS="2909" WIDTH="52" />
<SP HEIGHT="46" HPOS="1267" VPOS="2909" WIDTH="39" />
<String CONTENT="A" HEIGHT="39" HPOS="1307" VPOS="2909" WIDTH="41" />
<SP HEIGHT="39" HPOS="1349" VPOS="2909" WIDTH="34" />
<String CONTENT="59753;" HEIGHT="47" HPOS="1384" VPOS="2908" WIDTH="170" />
<SP HEIGHT="47" HPOS="1555" VPOS="2908" WIDTH="41" />
<String CONTENT="Christopher" HEIGHT="48" HPOS="1597" VPOS="2908" WIDTH="317" />
<SP HEIGHT="37" HPOS="1915" VPOS="2920" WIDTH="34" />
<String CONTENT="pub." HEIGHT="47" HPOS="1950" VPOS="2910" WIDTH="110" />
</TextLine>
<TextLine CS="1" HEIGHT="49" HPOS="132" VPOS="2966" WIDTH="476">
<String CONTENT="house." HEIGHT="40" HPOS="132" VPOS="2967" WIDTH="163" />
<SP HEIGHT="48" HPOS="296" VPOS="2967" WIDTH="61" />
<String CONTENT="(33-5601)" HEIGHT="49" HPOS="358" VPOS="2966" WIDTH="250" />
<SP />
</TextLine>
<TextLine HEIGHT="68" HPOS="62" STYLEREFS="StyleId-0D765774-A6A5-43CA-AD2F-0C331F5C366D-" VPOS="3031" WIDTH="1064">
<String CONTENT="Whitehead," HEIGHT="67" HPOS="62" VPOS="3031" WIDTH="371" />
<SP HEIGHT="63" HPOS="434" VPOS="3035" WIDTH="29" />
<String CONTENT="Alfred" HEIGHT="54" HPOS="464" VPOS="3033" WIDTH="212" />
<SP HEIGHT="53" HPOS="677" VPOS="3034" WIDTH="29" />
<String CONTENT="North," HEIGHT="65" HPOS="707" VPOS="3034" WIDTH="215" />
<SP HEIGHT="59" HPOS="923" VPOS="3040" WIDTH="31" />
<String CONTENT="1861-" HEIGHT="49" HPOS="955" VPOS="3039" WIDTH="171" />
</TextLine>
<TextLine CS="1" HEIGHT="70" HPOS="129" STYLEREFS="StyleId-0D765774-A6A5-43CA-AD2F-0C331F5C366D-" VPOS="3110" WIDTH="1929">
<String CONTENT="Adventures" HEIGHT="55" HPOS="129" VPOS="3110" WIDTH="363" />
<SP HEIGHT="35" HPOS="493" VPOS="3130" WIDTH="31" />
<String CONTENT="of" HEIGHT="55" HPOS="525" VPOS="3110" WIDTH="63" />
<SP HEIGHT="52" HPOS="589" VPOS="3110" WIDTH="30" />
<String CONTENT="ideas," HEIGHT="70" HPOS="620" VPOS="3110" WIDTH="172" />
<SP HEIGHT="67" HPOS="793" VPOS="3113" WIDTH="32" />
<String CONTENT="by" HEIGHT="67" HPOS="826" VPOS="3113" WIDTH="77" />
<SP HEIGHT="67" HPOS="904" VPOS="3113" WIDTH="30" />
<String CONTENT="Alfred" HEIGHT="55" HPOS="935" VPOS="3111" WIDTH="211" />
<SP HEIGHT="52" HPOS="1147" VPOS="3113" WIDTH="34" />
<String CONTENT="North" HEIGHT="53" HPOS="1182" VPOS="3112" WIDTH="186" />
<SP HEIGHT="55" HPOS="1369" VPOS="3112" WIDTH="32" />
<String CONTENT="Whitehead" HEIGHT="56" HPOS="1402" VPOS="3111" WIDTH="343" />
<SP HEIGHT="53" HPOS="1746" VPOS="3113" WIDTH="39" />
<String CONTENT="&#8230;" CS="1" />
<SP HEIGHT="54" HPOS="1842" VPOS="3113" WIDTH="78" />
<String CONTENT="New" HEIGHT="54" HPOS="1921" VPOS="3113" WIDTH="137" />
</TextLine>
<TextLine HEIGHT="69" HPOS="61" STYLEREFS="StyleId-0D765774-A6A5-43CA-AD2F-0C331F5C366D-" VPOS="3190" WIDTH="1199">
<String CONTENT="York," HEIGHT="67" HPOS="61" VPOS="3190" WIDTH="178" />
<SP HEIGHT="65" HPOS="240" VPOS="3192" WIDTH="27" />
<String CONTENT="The" HEIGHT="52" HPOS="268" VPOS="3191" WIDTH="122" />
<SP HEIGHT="53" HPOS="391" VPOS="3190" WIDTH="26" />
<String CONTENT="Macmillan" HEIGHT="53" HPOS="418" VPOS="3190" WIDTH="334" />
<SP HEIGHT="34" HPOS="753" VPOS="3209" WIDTH="28" />
<String CONTENT="company," HEIGHT="50" HPOS="782" VPOS="3209" WIDTH="296" />
<SP HEIGHT="62" HPOS="1079" VPOS="3195" WIDTH="30" />
<String CONTENT="1933." HEIGHT="49" HPOS="1110" VPOS="3194" WIDTH="150" />
</TextLine>
<TextLine HEIGHT="49" HPOS="132" VPOS="3262" WIDTH="455">
<String CONTENT="xii," HEIGHT="47" HPOS="132" VPOS="3262" WIDTH="84" />
<SP HEIGHT="46" HPOS="217" VPOS="3263" WIDTH="30" />
<String CONTENT="392" HEIGHT="41" HPOS="248" VPOS="3262" WIDTH="85" />
<SP HEIGHT="47" HPOS="334" VPOS="3264" WIDTH="30" />
<String CONTENT="p." HEIGHT="37" HPOS="365" VPOS="3274" WIDTH="43" />
<SP HEIGHT="38" HPOS="409" VPOS="3263" WIDTH="61" />
<String CONTENT="22" HEIGHT="39" HPOS="471" VPOS="3263" WIDTH="55" />
<String CONTENT="cm" HEIGHT="20" HPOS="527" STYLE="superscript" VPOS="3266" WIDTH="45" />
<String CONTENT="." HEIGHT="8" HPOS="579" VPOS="3295" WIDTH="8" />
</TextLine>
<TextLine HEIGHT="50" HPOS="135" VPOS="3319" WIDTH="1924">
<String CONTENT="&#8220;The" HEIGHT="40" HPOS="135" VPOS="3319" WIDTH="129" />
<SP HEIGHT="37" HPOS="265" VPOS="3322" WIDTH="21" />
<String CONTENT="three" HEIGHT="40" HPOS="287" VPOS="3320" WIDTH="137" />
<SP HEIGHT="40" HPOS="425" VPOS="3319" WIDTH="20" />
<String CONTENT="books&#8212;Science" HEIGHT="42" HPOS="446" VPOS="3319" WIDTH="408" />
<SP HEIGHT="30" HPOS="855" VPOS="3330" WIDTH="22" />
<String CONTENT="and" HEIGHT="38" HPOS="878" VPOS="3322" WIDTH="95" />
<SP HEIGHT="38" HPOS="974" VPOS="3322" WIDTH="24" />
<String CONTENT="the" HEIGHT="40" HPOS="999" VPOS="3321" WIDTH="81" />
<SP HEIGHT="30" HPOS="1081" VPOS="3331" WIDTH="23" />
<String CONTENT="modern" HEIGHT="40" HPOS="1105" VPOS="3320" WIDTH="198" />
<SP HEIGHT="30" HPOS="1304" VPOS="3330" WIDTH="24" />
<String CONTENT="world," HEIGHT="47" HPOS="1329" VPOS="3320" WIDTH="166" />
<SP HEIGHT="47" HPOS="1496" VPOS="3320" WIDTH="23" />
<String CONTENT="Process" HEIGHT="39" HPOS="1520" VPOS="3320" WIDTH="201" />
<SP HEIGHT="30" HPOS="1722" VPOS="3329" WIDTH="25" />
<String CONTENT="and" HEIGHT="38" HPOS="1748" VPOS="3321" WIDTH="94" />
<SP HEIGHT="38" HPOS="1843" VPOS="3321" WIDTH="25" />
<String CONTENT="reality," HEIGHT="48" HPOS="1869" VPOS="3321" WIDTH="190" />
</TextLine>
<TextLine CS="1" HEIGHT="105" HPOS="62" VPOS="3376" WIDTH="1979">
<String CONTENT="Adventures" HEIGHT="40" HPOS="65" VPOS="3376" WIDTH="303" />
<SP HEIGHT="29" HPOS="369" VPOS="3387" WIDTH="38" />
<String CONTENT="of" HEIGHT="40" HPOS="408" VPOS="3376" WIDTH="51" />
<SP HEIGHT="39" HPOS="460" VPOS="3376" WIDTH="38" />
<String CONTENT="ideas&#8212;" HEIGHT="40" HPOS="499" VPOS="3377" WIDTH="196" />
<SP HEIGHT="17" HPOS="696" VPOS="3400" WIDTH="39" />
<String CONTENT="&#8230;" CS="1" />
<SP HEIGHT="28" HPOS="782" VPOS="3389" WIDTH="43" />
<String CONTENT="supplement" HEIGHT="48" HPOS="826" VPOS="3377" WIDTH="303" />
<SP HEIGHT="37" HPOS="1130" VPOS="3379" WIDTH="39" />
<String CONTENT="each" HEIGHT="39" HPOS="1170" VPOS="3377" WIDTH="118" />
<SP HEIGHT="39" HPOS="1289" VPOS="3377" WIDTH="40" />
<String CONTENT="other&#8217;s" HEIGHT="40" HPOS="1330" VPOS="3376" WIDTH="178" />
<SP HEIGHT="30" HPOS="1509" VPOS="3386" WIDTH="39" />
<String CONTENT="omissions" HEIGHT="41" HPOS="1549" VPOS="3376" WIDTH="257" />
<SP HEIGHT="30" HPOS="1807" VPOS="3387" WIDTH="37" />
<String CONTENT="or" HEIGHT="29" HPOS="1845" VPOS="3388" WIDTH="54" />
<SP HEIGHT="30" HPOS="1900" VPOS="3388" WIDTH="38" />
<String CONTENT="compressions.&#8221;&#8212;Pref." HEIGHT="92" HPOS="62" VPOS="3389" WIDTH="1979" />
</TextLine>
<TextLine HEIGHT="50" HPOS="133" VPOS="3489" WIDTH="1025">
<String CONTENT="Bibliography" HEIGHT="49" HPOS="133" VPOS="3489" WIDTH="349" />
<SP HEIGHT="48" HPOS="483" VPOS="3490" WIDTH="24" />
<String CONTENT="included" HEIGHT="41" HPOS="508" VPOS="3490" WIDTH="226" />
<SP HEIGHT="40" HPOS="735" VPOS="3491" WIDTH="25" />
<String CONTENT="in" HEIGHT="39" HPOS="761" VPOS="3491" WIDTH="50" />
<SP HEIGHT="37" HPOS="812" VPOS="3494" WIDTH="27" />
<String CONTENT="the" HEIGHT="39" HPOS="840" VPOS="3492" WIDTH="83" />
<SP HEIGHT="37" HPOS="924" VPOS="3502" WIDTH="24" />
<String CONTENT="preface." HEIGHT="48" HPOS="949" VPOS="3491" WIDTH="209" />
</TextLine>
<TextLine CS="1" HEIGHT="104" HPOS="65" VPOS="3548" WIDTH="1979">
<String CONTENT="CONTENTS.&#8212;pt." CS="1" HEIGHT="48" HPOS="400" VPOS="3548" WIDTH="142" />
<SP HEIGHT="33" HPOS="543" VPOS="3555" WIDTH="38" />
<String CONTENT="I." HEIGHT="33" HPOS="582" VPOS="3555" WIDTH="35" />
<SP HEIGHT="41" HPOS="618" VPOS="3548" WIDTH="38" />
<String CONTENT="Sociological.&#8212;pt." HEIGHT="49" HPOS="657" VPOS="3548" WIDTH="462" />
<SP HEIGHT="33" HPOS="1120" VPOS="3555" WIDTH="38" />
<String CONTENT="II." HEIGHT="33" HPOS="1159" VPOS="3555" WIDTH="53" />
<SP HEIGHT="40" HPOS="1213" VPOS="3549" WIDTH="41" />
<String CONTENT="Cosmological.&#8212;pt." HEIGHT="50" HPOS="1255" VPOS="3548" WIDTH="495" />
<SP HEIGHT="32" HPOS="1751" VPOS="3557" WIDTH="38" />
<String CONTENT="III." HEIGHT="33" HPOS="1790" VPOS="3556" WIDTH="72" />
<SP HEIGHT="38" HPOS="1863" VPOS="3551" WIDTH="41" />
<String CONTENT="Philosophical.&#8212;pt." HEIGHT="104" HPOS="65" VPOS="3548" WIDTH="1979" />
<SP HEIGHT="32" HPOS="431" VPOS="3611" WIDTH="25" />
<String CONTENT="IV." CS="1" HEIGHT="34" HPOS="457" VPOS="3611" WIDTH="67" />
<SP HEIGHT="40" HPOS="525" VPOS="3605" WIDTH="28" />
<String CONTENT="Civilization." HEIGHT="40" HPOS="554" VPOS="3605" WIDTH="324" />
</TextLine>
<TextLine CS="1" HEIGHT="109" HPOS="69" VPOS="3655" WIDTH="1664">
<String CONTENT="&#169;" HEIGHT="52" HPOS="69" VPOS="3655" WIDTH="52" />
<SP HEIGHT="52" HPOS="122" VPOS="3655" WIDTH="26" />
<String CONTENT="Mar" HEIGHT="39" HPOS="149" VPOS="3661" WIDTH="107" />
<SP HEIGHT="39" HPOS="257" VPOS="3661" WIDTH="39" />
<String CONTENT="7," HEIGHT="47" HPOS="297" VPOS="3661" WIDTH="39" />
<SP HEIGHT="45" HPOS="337" VPOS="3663" WIDTH="24" />
<String CONTENT="1933;" HEIGHT="47" HPOS="362" VPOS="3661" WIDTH="139" />
<SP HEIGHT="48" HPOS="502" VPOS="3660" WIDTH="27" />
<String CONTENT="2c." HEIGHT="41" HPOS="530" VPOS="3660" WIDTH="68" />
<SP HEIGHT="29" HPOS="599" VPOS="3674" WIDTH="25" />
<String CONTENT="and" HEIGHT="38" HPOS="625" VPOS="3666" WIDTH="95" />
<SP HEIGHT="38" HPOS="721" VPOS="3666" WIDTH="25" />
<String CONTENT="aff." HEIGHT="41" HPOS="747" VPOS="3662" WIDTH="82" />
<SP HEIGHT="39" HPOS="830" VPOS="3664" WIDTH="26" />
<String CONTENT="Mar." HEIGHT="39" HPOS="857" VPOS="3664" WIDTH="121" />
<SP HEIGHT="41" HPOS="979" VPOS="3662" WIDTH="27" />
<String CONTENT="8:" HEIGHT="41" HPOS="1007" VPOS="3662" WIDTH="51" />
<SP HEIGHT="40" HPOS="1059" VPOS="3663" WIDTH="28" />
<String CONTENT="A" HEIGHT="38" HPOS="1088" VPOS="3663" WIDTH="40" />
<SP HEIGHT="38" HPOS="1129" VPOS="3663" WIDTH="25" />
<String CONTENT="59795;" HEIGHT="48" HPOS="1155" VPOS="3660" WIDTH="170" />
<SP HEIGHT="45" HPOS="1326" VPOS="3663" WIDTH="29" />
<String CONTENT="Macmillan" HEIGHT="40" HPOS="1356" VPOS="3662" WIDTH="280" />
<SP HEIGHT="30" HPOS="1637" VPOS="3673" WIDTH="28" />
<String CONTENT="co." HEIGHT="30" HPOS="1666" VPOS="3673" WIDTH="67" />
<SP />
<String CONTENT="(33-5611)" HEIGHT="47" HPOS="146" VPOS="3717" WIDTH="248" />
</TextLine>
<TextLine HEIGHT="69" HPOS="64" STYLEREFS="StyleId-0D765774-A6A5-43CA-AD2F-0C331F5C366D-" VPOS="3781" WIDTH="990">
<String CONTENT="Wieman," HEIGHT="68" HPOS="64" VPOS="3781" WIDTH="285" />
<SP HEIGHT="64" HPOS="350" VPOS="3785" WIDTH="27" />
<String CONTENT="Henry" HEIGHT="64" HPOS="378" VPOS="3785" WIDTH="206" />
<SP HEIGHT="63" HPOS="585" VPOS="3786" WIDTH="25" />
<String CONTENT="Nelson," HEIGHT="67" HPOS="611" VPOS="3783" WIDTH="239" />
<SP HEIGHT="58" HPOS="851" VPOS="3792" WIDTH="31" />
<String CONTENT="1884-" HEIGHT="49" HPOS="883" VPOS="3792" WIDTH="171" />
</TextLine>
<TextLine CS="1" HEIGHT="71" HPOS="133" STYLEREFS="StyleId-0D765774-A6A5-43CA-AD2F-0C331F5C366D-" VPOS="3861" WIDTH="1927">
<String CONTENT="Is" HEIGHT="53" HPOS="133" VPOS="3861" WIDTH="61" />
<SP HEIGHT="48" HPOS="195" VPOS="3866" WIDTH="27" />
<String CONTENT="there" HEIGHT="52" HPOS="223" VPOS="3862" WIDTH="157" />
<SP HEIGHT="33" HPOS="381" VPOS="3881" WIDTH="29" />
<String CONTENT="a" HEIGHT="32" HPOS="411" VPOS="3882" WIDTH="31" />
<SP HEIGHT="55" HPOS="443" VPOS="3862" WIDTH="31" />
<String CONTENT="God?" HEIGHT="55" HPOS="475" VPOS="3862" WIDTH="161" />
<SP HEIGHT="53" HPOS="637" VPOS="3863" WIDTH="68" />
<String CONTENT="A" HEIGHT="53" HPOS="706" VPOS="3863" WIDTH="56" />
<SP HEIGHT="54" HPOS="763" VPOS="3863" WIDTH="28" />
<String CONTENT="conversation" HEIGHT="56" HPOS="792" VPOS="3862" WIDTH="393" />
<SP HEIGHT="54" HPOS="1186" VPOS="3864" WIDTH="28" />
<String CONTENT="by" HEIGHT="68" HPOS="1215" VPOS="3864" WIDTH="75" />
<SP HEIGHT="69" HPOS="1291" VPOS="3863" WIDTH="30" />
<String CONTENT="Henry" HEIGHT="69" HPOS="1322" VPOS="3863" WIDTH="203" />
<SP HEIGHT="68" HPOS="1526" VPOS="3864" WIDTH="29" />
<String CONTENT="Nelson" HEIGHT="55" HPOS="1556" VPOS="3864" WIDTH="211" />
<SP HEIGHT="54" HPOS="1768" VPOS="3866" WIDTH="28" />
<String CONTENT="Wieman" CS="1" HEIGHT="55" HPOS="1873" VPOS="3864" WIDTH="187" />
</TextLine>
<TextLine CS="1" HEIGHT="70" HPOS="125" STYLEREFS="StyleId-0D765774-A6A5-43CA-AD2F-0C331F5C366D-" VPOS="3939" WIDTH="1934">
<String CONTENT="&#8230;" CS="1" />
<SP HEIGHT="51" HPOS="125" VPOS="3939" WIDTH="35" />
<String CONTENT="Douglas" HEIGHT="69" HPOS="161" VPOS="3939" WIDTH="256" />
<SP HEIGHT="54" HPOS="418" VPOS="3940" WIDTH="31" />
<String CONTENT="Clyde" HEIGHT="68" HPOS="450" VPOS="3940" WIDTH="181" />
<SP HEIGHT="52" HPOS="632" VPOS="3942" WIDTH="29" />
<String CONTENT="Macintosh" HEIGHT="54" HPOS="662" VPOS="3941" WIDTH="322" />
<SP HEIGHT="51" HPOS="985" VPOS="3943" WIDTH="37" />
<String CONTENT="&#8230;" CS="1" />
<SP HEIGHT="32" HPOS="1079" VPOS="3977" WIDTH="42" />
<String CONTENT="[and]" CS="1" HEIGHT="67" HPOS="1141" VPOS="3942" WIDTH="129" />
<SP HEIGHT="66" HPOS="1271" VPOS="3943" WIDTH="35" />
<String CONTENT="Max" HEIGHT="53" HPOS="1307" VPOS="3943" WIDTH="139" />
<SP HEIGHT="55" HPOS="1447" VPOS="3943" WIDTH="32" />
<String CONTENT="Carl" HEIGHT="55" HPOS="1480" VPOS="3943" WIDTH="136" />
<SP HEIGHT="56" HPOS="1617" VPOS="3942" WIDTH="32" />
<String CONTENT="Otto" HEIGHT="56" HPOS="1650" VPOS="3942" WIDTH="139" />
<SP HEIGHT="35" HPOS="1790" VPOS="3962" WIDTH="35" />
<String CONTENT="&#8230;" CS="1" />
<SP HEIGHT="33" HPOS="1882" VPOS="3963" WIDTH="37" />
<String CONTENT="with" HEIGHT="52" HPOS="1920" VPOS="3945" WIDTH="139" />
</TextLine>
</TextBlock>
</PrintSpace>
</Page>
</Layout>
</alto>