2484 4446
1085 4099 99 49 945

117 446 370 66 Ambrosius,
514 446 187 67 Saint,
733 445 90 67 bp.
850 445 69 66 of
945 443 203 55 Milan.

123 516 1978 139 … S. Ambrosii De Tobia; a commentary, with an introduction
273 595 1852 71 and translation … by Lois Miles Zucker … Washington,
123 680 70 51 D.
225 678 80 67 C.,
332 679 120 52 The
482 676 261 55 Catholic
769 675 318 67 university
1114 674 66 54 of
1206 674 285 67 America,
1522 676 151 51 1933.

194 765 83 48 xii,
316 765 88 41 210
441 776 43 38 p.
552 764 56 41 23
611 766 45 21 cm
660 793 8 9 .
748 763 125 50 (The
913 761 222 43 Catholic
1176 761 271 49 university
1489 760 52 42 of
1581 759 238 42 America.
1890 759 233 42 Patristic

122 823 199 41 studies,
378 825 93 41 vol.
642 823 13 47 XXXV)

193 893 145 40 Latin
366 894 97 39 and
492 891 215 49 English.

194 949 170 41 Thesis
407 950 13 47 (PH.
599 947 306 49 D.)—Catholic
937 944 272 50 university
1243 947 51 39 of
1326 945 237 47 America,
1597 944 128 42 1933.

195 1008 40 38 A
266 1007 202 39 treatise
500 1017 59 29 on
593 1006 81 40 the
707 1005 120 40 evils
860 1005 51 40 of
944 1013 178 38 usury;
1158 1005 83 39 the
1274 1004 135 40 Book
1441 1003 51 40 of
1524 1002 143 40 Tobit
1701 1001 41 41 is
1778 1003 116 40 used
1928 1002 112 48 only
2076 1004 47 38 to

124 1064 253 40 introduce
404 1064 95 39 and
527 1065 48 38 to
604 1064 125 38 close
758 1063 81 39 the
865 1060 287 42 discussion.

196 1121 185 40 “Select
412 1118 393 49 bibliography”:
839 1130 41 37 p.
914 1117 145 41 vii-x.

128 1187 51 51 ©
211 1192 126 39 June
366 1191 39 46 8,
437 1190 111 40 1933
568 1201 8 34 ;
609 1191 65 38 2c.
707 1190 95 38 and
833 1188 81 41 aff.
947 1189 125 39 June
1103 1189 53 44 8;
1191 1188 41 38 A
1262 1186 171 47 62925;
1468 1187 220 41 Catholic
1721 1186 127 41 univ.
1881 1187 51 40 of
199 1187 1909 101 America.
358 1247 278 48 (33-17371)

121 1350 315 56 American
475 1351 361 67 bankruptcy
874 1356 239 61 reports.
1189 1350 137 53 New
1366 1348 184 61 series,
1588 1349 149 53 cited
1776 1350 129 51 Am.
1948 1353 65 49 B.
2055 1352 67 51 R.

203 1431 96 67 (N.
336 1431 83 68 S.)
463 1430 298 68 reporting
792 1430 94 52 the
920 1430 362 67 bankruptcy
1313 1428 276 53 decisions
1624 1429 112 52 and
1767 1428 265 69 opinions
2064 1428 58 53 in

193 1510 93 52 the
332 1509 216 53 United
597 1509 188 55 States
829 1509 63 52 of
934 1510 93 50 the
1072 1508 223 52 federal
1338 1514 206 57 courts,
1588 1514 143 47 state
1778 1513 188 48 courts
2012 1509 112 52 and

192 1588 241 54 referees
464 1590 59 50 in
550 1589 378 66 bankruptcy.
995 1587 214 53 Edited
1237 1588 75 67 by
1341 1587 151 53 Fred
1523 1589 66 51 E.
1621 1588 311 54 Rosbrook.
1995 1589 128 52 Vol.

193 1685 140 34 xxii.
409 1667 248 68 Albany,
696 1669 69 52 N.
808 1670 90 63 Y.,
937 1667 279 52 Matthew
1257 1667 225 52 Bender
1521 1671 45 50 &
1606 1686 297 50 company,
193 1669 1906 145 incorporated,
483 1749 149 50 1933.

198 1835 97 47 xvi,
330 1834 85 41 802
449 1845 42 38 p.
554 1834 56 40 24
613 1836 43 21 cm
662 1868 8 8 .

133 1903 50 53 ©
213 1908 116 46 July
357 1907 68 47 22,
456 1906 113 40 1933
587 1916 8 36 ;
627 1907 65 39 2c.
723 1907 95 39 and
848 1905 81 41 aff.
961 1907 117 46 July
1106 1906 82 46 24;
1220 1905 41 39 A
1290 1906 170 46 64496;
1494 1907 236 39 Matthew
1761 1907 189 39 Bender
1980 1908 36 40 &
2046 1920 82 29 co.,

197 1964 90 41 inc.

126 2067 315 54 American
479 2067 224 54 council
741 2084 73 35 on
853 2066 330 54 education.
1261 2069 235 52 Central
1535 2069 318 53 committee
1892 2088 70 34 on
195 2089 1910 111 personnel
418 2147 274 52 methods.

197 2225 417 52 Measurement
647 2225 112 52 and
794 2223 277 70 guidance
1108 2225 63 52 of
1205 2226 209 66 college
1450 2226 286 66 students;
1775 2225 123 54 first
1934 2234 195 61 report

129 2304 62 52 of
218 2304 95 52 the
341 2304 337 53 Committee
706 2324 71 33 on
804 2306 297 65 personnel
1128 2305 260 51 methods
1415 2304 64 51 of
1505 2305 94 52 the
1625 2306 307 52 American
129 2326 1975 109 council
244 2403 71 32 on
357 2381 318 69 education,
715 2381 140 54 with
898 2403 71 32 an
1012 2382 391 54 introduction
1443 2384 75 68 by
1560 2386 163 52 Dean
1767 2387 249 53 Herbert
2061 2390 66 52 E.

129 2461 2000 71 Hawkes … chairman of the committee. [Baltimore] Pub. for
130 2542 93 52 the
252 2540 306 53 American
587 2541 218 53 council
835 2560 71 33 on
935 2542 301 52 education
1264 2542 74 67 by
1366 2544 95 51 the
1489 2543 288 55 Williams
1807 2549 44 50 &
1878 2546 251 55 Wilkins

129 2637 297 50 company,
455 2623 148 49 1933.

203 2709 64 45 xi,
296 2708 87 40 199
409 2719 42 36 p.
479 2708 108 39 incl.
617 2708 195 48 diagrs.,
840 2709 167 40 forms.
1065 2708 86 48 231
1154 2711 45 21 cm
1203 2742 8 8 .

204 2780 226 39 Includes
461 2778 392 48 bibliographies.

139 2846 51 51 ©
222 2852 121 39 Mar.
373 2850 68 46 10,
472 2849 140 46 1933;
643 2850 68 39 2c.
742 2850 120 39 Mar.
893 2849 81 41 16;
1007 2849 82 41 aff.
1122 2852 120 38 Mar.
1275 2851 82 46 15;
1391 2852 39 37 A
1461 2852 170 48 59969;
1664 2854 159 40 Amer.
1855 2855 187 40 council
2074 2868 59 29 on

206 2906 271 49 education,
511 2906 334 48 Washington.
919 2907 252 48 (33-5589)

131 3009 685 65 Arbeitsgemeinschaft
861 3011 102 52 der
1008 3010 280 54 Sammler
1332 3011 317 56 deutscher
1692 3015 437 67 kolonial-post-

201 3088 407 55 Wertzeichen.

211 3164 107 54 Die
365 3165 302 53 deutschen
712 3163 571 55 kolonial-vorläufer
1331 3169 114 51 und
1493 3168 482 70 diesbezüglichen

141 3194 1938 117 secpoststempel
531 3241 107 54 mit
665 3242 482 69 preisbewertung
1174 3243 139 53 aller
1343 3249 233 64 Stempel
1606 3247 104 53 auf
1736 3247 158 68 jeder
1924 3251 207 54 marke.

143 3320 275 67 Anhang:
453 3318 508 69 Kolonialstempel
998 3319 59 54 in
1095 3318 214 56 Afrika
1346 3323 270 54 während
1652 3325 96 54 des
1783 3327 352 70 Weltkrieges

143 3397 114 52 und
280 3397 270 53 während
576 3397 95 52 des
694 3396 278 54 boxerauf
975 3399 226 54 Standes
1238 3398 242 71 (China)
1552 3403 322 56 Bearbeitet
1899 3425 105 35 von
2034 3409 101 54 der

141 3475 641 68 Arbeitsgemeinschaft
814 3476 97 53 der
943 3477 262 52 Sammler
1237 3479 293 53 deutscher
141 3480 1970 126 kolonial-postwertzeichen.

450 3553 216 66 Berlin,
699 3553 76 52 H.
811 3553 219 53 Köhler
1067 3587 14 35 [
1085 3561 18 21 c
1110 3557 151 65 1933]

211 3624 524 48 23 p. illus. 21 ½ cm .
145 3696 1867 54 © Jan. 23, 1933; 1c. Mar. 30; A -Foreign 20402; Heinrich Köhler
223 3755 279 48 (33-17683)

144 3856 1829 80 [Ardenne de Tizac, Andr é e Fran ç oise Caroline d’] 1878-
271 3936 1826 82 … Le Japon et son empire, par Andr é e Viollis [pseud.]
140 4015 184 69 Paris,
351 4019 66 50 B.
443 4016 236 54 Grasset
708 4047 14 35 [
725 4021 19 21 c
749 4017 152 65 1933]
