2484 4405
1105 4100 132 50 1791

143 443 397 63 Swearingen,
568 442 226 53 Tilford
820 440 258 63 Tippett.

212 518 293 69 Planning
546 516 94 54 for
678 534 192 51 young
910 514 200 69 people
1153 514 59 51 in
1253 513 94 53 the
1388 511 145 54 local
1575 509 229 68 church,
1845 508 74 69 by
1962 508 65 52 T.
2072 507 64 52 T.

146 588 1743 75 Swearingen … St. Louis, The Bethany press [ c 1933 ]
211 668 55 41 96
296 680 43 37 p.
400 666 144 42 26½cm.

215 724 280 47 “Approved
532 733 55 30 as
622 733 27 29 a
686 721 230 41 textbook
952 722 50 38 in
1039 717 276 48 leadership
1352 717 218 47 training
1604 716 60 47 by
1702 716 82 40 the
1823 715 316 47 Department

144 781 52 38 of
224 780 228 47 religious
479 778 270 47 education,
780 776 240 49 Disciples
1046 776 53 40 of
1128 773 208 43 Christ.”

217 835 125 41 “For
367 845 122 40 your
517 833 240 48 library”:
790 844 41 38 p.
861 832 158 42 95-96.

148 903 50 52 ©
227 907 102 41 Oct.
357 907 67 46 10,
453 906 111 40 1933;
621 907 66 38 2c.
716 906 117 39 Nov.
860 905 25 39 3;
944 904 80 40 aff.
1053 905 119 39 Nov.
1198 905 53 45 4;
1282 904 40 38 A
1349 901 170 48 65948;
1552 903 224 46 Bethany
1803 910 148 39 press.

226 964 160 48 (34-5)

147 1063 201 65 Tobin,
375 1065 154 52 John
555 1062 298 65 Aloysius,
885 1066 170 49 1894-

221 1142 355 65 Laboratory
613 1141 378 67 experiments
1028 1140 57 51 in
1125 1139 255 69 physics;
1422 1159 29 32 a
1488 1140 231 50 manual
1756 1138 94 51 for
1884 1138 257 52 students

151 1219 59 52 in
241 1219 94 53 the
366 1224 116 46 arts
514 1237 209 48 course,
754 1220 73 66 by
857 1221 55 53 J.
945 1220 69 50 A.
1046 1218 203 65 Tobin,
1311 1262 8 8 S.
1390 1262 9 9 J.
1467 1217 283 54 Chestnut
1776 1215 147 66 Hill,
1953 1216 190 67 Mass.,

150 1299 155 65 Dept.
349 1296 63 52 of
438 1295 245 69 physics,
713 1299 214 50 Boston
953 1296 211 67 college
1199 1329 11 32 [
1216 1302 17 21 c
1241 1298 132 49 1932
1379 1328 11 33 ]

220 1369 738 49 2 p. l., 104 p. illus. 23½ cm .
218 1427 374 48 Lithographed.

153 1495 51 51 ©
233 1499 125 47 Sept.
383 1500 38 43 1,
446 1498 139 46 1932;
611 1498 67 39 2c.
703 1499 95 38 and
823 1498 81 39 aff.
930 1498 116 39 Nov.
1072 1498 40 45 9,
1139 1498 112 39 1933;
1307 1498 38 37 A
1371 1497 169 41 67030;
1569 1497 43 40 J.
1638 1497 54 40 A.
1718 1496 166 45 Tobin,
1910 1496 239 41 Chestnut

224 1555 116 40 Hill.
376 1557 143 37 Mass,
592 1555 13 47 (CA
691 1554 202 39 33-1008
914 1555 234 40 Unrev'd)

157 1656 69 54 U.
266 1656 56 54 S.
396 1657 189 52 Naval
623 1657 287 66 academy,
947 1656 341 68 Annapolis.
1361 1658 154 65 Dept.
1572 1658 63 64 of
1673 1655 282 54 electrical
225 1655 1900 145 engineering
485 1734 114 53 and
625 1734 243 66 physics.

224 1810 187 53 Radio
445 1810 229 53 manual
711 1810 93 53 for
835 1811 94 52 the
964 1811 343 53 instruction
1340 1811 63 53 of
1436 1810 401 69 midshipmen,
1872 1811 275 68 prepared

158 1886 92 54 for
291 1888 97 53 the
430 1888 73 53 U.
545 1888 59 54 S.
646 1888 186 52 Naval
876 1888 288 68 academy,
1205 1889 378 68 Department
1629 1889 63 52 of
1735 1890 280 52 electrical
157 1908 1967 125 engineering
487 1965 111 53 and

632 1965 246 69 physics.
946 1970 136 49 1934
1114 1966 85 53 ed.
1272 1967 311 67 [Menasha,
1616 1969 157 54 Wis.,
1806 1969 237 52 Printed
2081 1969 33 52 by

158 2041 219 70 George
421 2045 189 51 Banta
653 2043 335 70 publishing
1028 2062 297 51 company,
1368 2051 17 21 c
1390 2049 152 63 1933]

228 2116 1061 50 4 p. l., 152, 57 p. illus., diagrs. 27½ cm .
162 2181 50 51 ©
248 2187 110 38 Dec.
393 2186 39 46 2,
469 2186 138 46 1933;
645 2187 67 40 2c.
749 2189 95 38 and
879 2187 79 41 aff.
995 2189 113 40 Dec.
1145 2189 80 46 11;
1263 2190 40 38 A
1340 2190 169 47 67503;
1550 2191 53 40 U.
1644 2191 44 40 S.
1724 2193 156 38 Naval
1918 2193 241 42 institute.

227 2242 279 48 Annapolis.
578 2243 279 49 (33-39316)

162 2337 576 73 Visconti-Venosta,
767 2345 231 67 Enrico,
1027 2348 306 68 marchese,
1364 2354 132 48 1883-

225 2422 377 67 Impressions
633 2422 65 53 of
726 2422 284 67 America,
1041 2424 73 68 by
1147 2425 210 55 Enrico
1388 2427 258 53 Visconti
1680 2429 265 54 Venosta.
161 2431 1968 137 Chicago,
347 2499 72 53 A.
454 2499 213 68 Kroch,
703 2504 150 50 1933.

231 2573 54 41 61
314 2584 44 38 p.
417 2573 56 40 22
476 2575 44 21 cm
525 2606 8 8 .

165 2636 50 53 ©
242 2642 110 41 Dec.
378 2644 40 45 4,
445 2644 140 47 1933;
613 2646 65 39 2c.
707 2646 94 39 and
828 2646 81 40 aff.
937 2648 111 39 Dec.
1075 2649 82 41 26;
1187 2650 40 37 A
1255 2649 169 48 68589;
1453 2652 52 37 A.
1535 2652 175 40 Kroch.

244 2699 190 48 (34-84)

166 2800 205 66 Waitt,
400 2806 138 53 Mrs.
568 2805 171 54 Clara
767 2808 264 56 Farmer.

239 2876 1920 85 Clara Waitt’s cook book … [Sioux City, Ia., Verstegen
169 2956 260 67 printing
462 2976 97 47 co.,
591 2965 17 22 c
613 2962 151 65 1933]

239 3027 84 42 108
355 3040 43 37 p.
458 3028 54 40 23
517 3032 43 21 cm
565 3066 8 8 .

243 3085 38 37 A
315 3085 250 41 collection
597 3088 51 40 of
679 3090 207 41 selected
920 3091 197 50 recipes,
1150 3095 234 48 compiled
1418 3097 128 41 from
1579 3109 144 38 many
1757 3111 206 38 sources,
1998 3104 165 46 signed

171 3139 146 43 Clara
350 3142 201 43 Farmer
584 3145 168 45 Waitt.

244 3198 162 42 “First
434 3201 561 52 printing—November,
1032 3207 158 41 1933.”

244 3254 178 43 Errata
453 3257 92 50 slip
574 3259 100 41 laid
704 3261 64 41 in.

243 3311 314 53 Advertising
585 3318 207 40 matter;
825 3329 42 38 p.
900 3319 216 43 101-108.

172 3376 52 52 ©
256 3382 118 42 Nov.
406 3384 69 47 20,
507 3386 141 47 1933;
681 3388 67 41 2c.
783 3390 111 39 Dec.
925 3391 54 45 4;
1015 3391 80 41 aff.
1131 3394 111 41 Dec.
1276 3395 52 46 1;
1364 3396 40 38 A
1437 3396 169 49 68496;
1644 3400 49 40 C.
1728 3401 37 37 F
1814 3402 154 41 Waitt
2019 3403 149 41 Sioux

243 3438 122 49 City,
423 3451 40 29 Ia.
536 3443 279 51 (33-39315)

174 3538 289 68 Watkins,
491 3543 201 56 James
719 3547 273 67 Andrew,
245 3554 912 116 1869-The
401 3620 226 69 coming
662 3625 337 70 revolution,
1035 3629 140 53 with
1211 3631 206 54 ballots
1454 3653 63 33 or
1551 3636 222 54 bullets,
1810 3639 218 55 which?
2107 3645 60 50 Is

174 3692 265 57 America
470 3698 272 54 doomed?
821 3703 371 74 Answering:
1225 3709 151 54 “The
1410 3712 152 55 voice
1594 3714 63 52 of
1686 3716 250 55 millions
1968 3721 203 70 crying

179 3774 1900 129 in the wilderness." Organizing: “Ten million fighting wild-cats"
365 3852 95 53 for
493 3855 229 54 defense
757 3860 63 51 of
852 3860 213 54 human
1099 3865 203 68 rights,
1334 3884 142 49 your
1510 3871 270 67 patriotic
1815 3875 157 69 duty.
2050 3878 118 53 The

181 3942 159 39 cause
378 3932 111 51 and
526 3952 132 35 cure
691 3936 63 52 of
792 3956 102 34 our
930 3941 267 56 troubles,
1233 3944 75 55 by
1344 3948 55 51 J.
1438 3948 68 51 A.
1545 3950 282 55 Watkins.
1903 3956 110 50 Los
180 3957 1964 117 Angeles,
374 4008 193 69 Calif.,
595 4018 17 22 c
617 4015 151 51 1933.
