2575 4405
1112 4100 66 50 43

161 461 264 65 Ericson,
458 460 306 55 Francella
791 460 292 55 Maurine.

229 537 328 56 Childhood
595 536 296 70 fantasies,
928 535 77 72 by
1043 537 303 53 Francella
1386 536 268 54 Maurine
1692 536 260 55 Ericson.
156 539 1988 146 Boston,
302 616 122 54 The

454 614 1176 70 Christopher publishing house [ c 1933]
226 690 57 40 57
309 700 43 38 p.
410 690 129 40 illus.
598 688 117 42 21cm.

227 761 175 41 Verses
425 760 198 41 written
644 759 63 48 by
730 760 84 40 the
838 760 179 40 author
1039 758 167 42 before
1231 759 85 42 she
1338 770 103 30 was
1466 760 174 41 twelve
1663 770 144 38 years
1830 758 55 42 of
1908 770 101 39 age,
2038 768 128 33 some

155 829 55 32 as
236 819 135 47 early
398 828 54 30 as
477 818 82 40 the
584 828 88 37 age
698 817 52 40 of
774 817 140 40 three.
990 816 62 48 cf.
1079 814 300 43 Publisher’s
1404 815 124 50 pref.

162 886 52 52 ©
251 891 108 40 Jan.
395 891 40 45 3,
472 888 114 42 1933;
650 889 67 40 2c.
756 890 111 39 Jan.
903 889 83 47 12;
1025 888 83 41 aff.
1144 889 109 40 Jan.
1291 890 84 46 11;
1413 889 42 40 A
1491 890 171 47 57888;
1702 889 318 49 Christopher
2057 888 112 49 pub.

229 948 162 40 house.
464 947 251 49 (33-2318)

155 1053 123 53 The
314 1053 235 54 Ethical
586 1053 286 59 problems
910 1052 64 53 of
1008 1053 238 52 modern
1285 1058 401 62 accountancy.
1761 1053 270 54 Lectures
226 1052 1912 133 delivered

482 1131 61 53 in
586 1134 135 50 1932
761 1149 73 35 on
876 1131 96 52 the
1010 1131 263 53 William
1314 1131 72 53 A.
1427 1131 237 54 Vawter
1706 1129 347 55 foundation
2095 1149 70 35 on

225 1211 255 53 business
530 1210 195 65 ethics,
773 1210 434 53 Northwestern
1257 1210 338 65 university,
1648 1208 206 56 School
1906 1209 64 53 of
225 1227 1919 118 commerce.

494 1290 140 53 New
669 1289 182 69 York,
886 1290 124 52 The
1043 1289 229 53 Ronald
1309 1308 158 50 press
1503 1307 283 51 company
1827 1323 13 33 [
1844 1296 19 22 c
1869 1292 133 50 1933
2009 1323 12 32 ]

224 1377 42 36 v,
295 1366 86 39 152
408 1376 44 38 p.
509 1364 117 40 22cm.

565 1436 345 47 CONTENTS.—Accountancy
938 1445 55 31 as
1020 1446 29 30 a
1076 1435 289 49 profession,
1394 1436 61 48 by
1482 1436 311 40 Vanderveer
1823 1435 346 41 Custis.—The

155 1496 296 39 accountant
485 1495 97 39 and
619 1493 81 41 the
736 1493 231 48 investor,
1004 1493 60 49 by
1104 1493 53 41 G.
1196 1492 52 41 O.
1287 1493 294 47 May.—The
1618 1495 296 39 accountant
1950 1494 97 40 and
2086 1493 80 41 the

154 1552 137 40 stock
315 1551 258 48 exchange,
600 1551 61 48 by
687 1551 43 41 J.
757 1552 63 39 M.
847 1551 56 41 B.
928 1550 379 48 Hoxsey.—The
1324 1552 298 40 accountant
1639 1551 98 40 and
1753 1550 77 41 his
1849 1549 237 51 clientele,
2103 1550 62 49 by

152 1608 222 42 business
402 1609 170 41 ethics.

157 1676 52 53 ©
238 1682 110 39 Jan.
375 1682 38 46 7,
442 1679 140 49 1933;
612 1680 68 41 2c.
709 1680 110 41 Jan.
849 1680 83 47 11;
962 1679 84 42 aff.
1074 1680 111 41 Jan.
1213 1679 55 41 10;
1327 1680 43 39 A
1396 1679 173 49 57870;
1599 1680 193 41 Ronald
1819 1691 137 38 press
1986 1690 68 31 co.

235 1737 250 49 (33-2001)

153 1845 219 63 Evans,
401 1843 180 56 Lena.

224 1920 121 53 The
373 1920 151 54 little
554 1920 249 69 pioneer,
833 1922 77 67 by
938 1921 157 53 Lena
1126 1922 213 52 Evans.
1412 1921 293 68 [Chicago]
1740 1922 73 52 D.
1847 1921 65 56 C.
1942 1922 217 66 Doran,

152 2001 152 51 1932.

227 2085 1535 52 2 p. l., [3]-68, [2] p. 19½cm. [The junior classic series]
156 2155 2006 53 © Dec. 28, 1932; 2c. and aff. Jan. 23, 1933; A 59067; L. Evans, Chicago.
233 2216 250 49 (33-2072)

152 2322 322 65 Farkasch,
508 2322 203 56 Oscar.

218 2399 317 54 Dilemmas
570 2400 64 52 of
668 2399 305 70 dentistry,
1006 2401 77 68 by
1119 2400 180 56 Oscar
1332 2400 294 54 Farkasch
1669 2443 57 11 …
1804 2420 53 35 v.
1894 2406 46 50 1.
2015 2403 141 53 New

150 2478 181 70 York,
358 2480 173 54 Dodd
559 2479 280 69 brothers,
870 2482 152 51 1931.

222 2567 785 52 5 p. l., [15]-233, [1] p. 23½cm.
155 2636 2004 52 © Nov. 30, 1931; 2c. Dec. 22, 1932; aff. Jan. 21, 1933; A 58997; O.
222 2697 266 47 Farkasch,
517 2697 117 39 New
662 2697 145 39 York.
879 2695 251 49 (33-2393)

150 2801 261 65 Forster,
441 2802 220 55 Simon.

222 2877 273 69 Hospital
534 2877 445 69 reminiscences,
1015 2880 77 67 by
1127 2881 140 52 Rev.
1309 2880 199 55 Simon
1548 2882 251 52 Forster.
1876 2881 118 55 San
150 2881 1979 143 Antonio,
353 2957 155 67 Tex.,

541 2956 294 56 Standard
863 2956 264 70 printing
1157 2977 298 49 company,
1487 2962 152 51 1932.

221 3042 622 51 3 p. l., [9]-110 p. 20cm.
152 3110 1984 110 © Dec. 20. 1932; 2c. and aff. Jan. 9, 1933; A 57851; S. Forster, San Antonio. (33-2392)
148 3273 121 54 The
299 3275 385 66 Fortnightly
714 3276 223 53 review,
1011 3295 90 36 no.
1132 3276 120 69 794,
1280 3297 54 34 n.
1364 3296 61 50 s.,
1452 3279 137 54 Feb.
1621 3281 48 67 1,
1699 3282 151 50 1933.

151 3359 2002 56 © 1c. Feb. 10, 1933; A ad int. 17446; pubd. Feb. 1; Fortnightly review,
218 3421 100 46 ltd.,
348 3421 212 40 London.

148 3521 169 67 Gore,
345 3525 143 53 Effie
522 3523 256 67 (Kibby)
811 3526 172 55 “Mrs.
1010 3528 217 63 Moody
1249 3528 64 55 P.
1342 3527 207 62 Gore,”
1580 3529 172 54 1876-
1965 3547 181 50 comp.

217 3599 141 53 New
380 3602 352 69 Hampshire
757 3604 129 54 folk
906 3606 162 67 tales,
1093 3606 282 68 compiled
1398 3606 77 68 by
1497 3606 140 54 Mrs.
1662 3606 216 68 Moody
1903 3607 67 53 P.
1996 3607 150 56 Gore

148 3679 113 52 and
285 3679 139 53 Mrs.
449 3681 133 67 Guy
605 3682 69 52 E.
701 3681 231 69 Speare.
999 3683 350 69 [Plymouth]
1378 3685 141 53 New
1543 3685 353 67 Hampshire
146 3685 1977 123 federation
299 3757 63 54 of
392 3758 260 54 women’s
684 3760 175 66 clubs,
892 3764 152 50 1932.

219 3843 97 47 xvi,
341 3842 100 50 265,
471 3846 55 49 [1]
552 3857 45 37 p.
648 3845 166 49 front.,
838 3846 172 50 plates.
1070 3848 147 41 19½cm.

150 3910 52 52 ©
238 3916 126 48 Sept.
398 3917 68 43 20,
499 3916 141 48 1932;
674 3918 69 39 2c.
775 3919 113 39 Dec.
921 3918 83 47 19;
1040 3919 82 39 aff.
1156 3920 113 40 Dec.
1301 3919 56 41 28;
1420 3921 41 38 A
1494 3921 171 48 57913;
1702 3922 119 40 New
1852 3922 297 48 Hampshire

216 3971 276 42 federation
519 3974 51 39 of
595 3975 229 40 women's
850 3976 148 47 clubs,
1026 3976 275 48 Plymouth,
1329 3978 57 39 N.
1413 3978 60 39 H.
228 4027 249 49 (33-2385)
