2540 4453
1128 4086 103 50 333

213 522 123 41 xviii
365 532 56 38 p,
453 521 25 38 1
530 550 22 15 l,
583 516 99 49 211,
718 536 54 29 [1]
806 526 40 37 p.
909 513 116 39 23cm.
1094 507 204 51 (United
1334 507 162 42 States
1530 504 220 43 Catholic
1781 500 254 44 historical
142 511 1980 117 society.
339 574 300 51 Monograph
666 572 165 45 series,
964 571 16 47 XIII)

214 633 277 43 Half-title:
522 629 267 42 Historical
820 627 192 40 records
1042 625 95 39 and
1166 622 198 41 studies.

218 692 173 49 “[Two]
421 685 373 50 dissertation[s]
824 682 263 42 submitted
1115 683 47 37 to
1192 680 83 39 the
1298 679 190 46 faculty
1515 678 53 39 of
1594 675 79 40 the
1703 673 249 42 Graduate
1980 671 160 41 school

146 749 51 41 of
232 752 105 37 arts
373 748 95 40 and
505 743 210 42 sciences
752 742 52 40 of
841 740 81 41 the
960 735 219 43 Catholic
1217 733 270 50 university
1525 734 51 40 of
1613 732 221 41 America
1874 730 50 40 in
1959 728 184 49 partial

145 805 283 41 fulfillment
468 803 52 38 of
560 800 82 41 the
681 797 351 49 requirements
1073 792 77 41 for
1193 793 80 40 the
1313 793 172 47 degree
1527 791 51 39 of
1619 792 185 39 master
1844 788 53 40 of
1935 786 210 41 arts.”—

147 874 42 37 p.
225 861 114 51 [Viii]

218 915 374 50 Bibliography:
625 923 43 38 p.
700 910 228 47 104-110;
963 906 201 42 “Works
1198 903 307 43 consulted”:
1540 915 43 37 p.
1613 902 218 42 200-207.

152 984 51 52 ©
229 989 121 39 Mar.
376 987 39 48 5,
441 985 139 46 1933;
607 982 67 43 2c.
699 983 122 40 Mar.
846 979 52 48 9;
927 979 81 40 aff.
1034 979 120 39 Mar.
1183 977 51 46 8;
1263 976 42 39 A
1329 974 169 48 59819;
1528 973 178 42 United
1736 971 162 42 States
1926 971 220 41 Catholic

219 1042 253 43 historical
503 1052 93 31 soc.
667 1036 249 52 (33-6803)

147 1146 236 66 Schütz,
415 1144 303 66 Heinrich,
751 1141 325 56 1585-1672.

280 1212 1867 77 … Gesammelte briefe u. Schriften, herausgegeben im auftrag
151 1306 100 52 der
290 1300 525 58 Heinrich-Schütz
853 1297 369 71 gesellschaft
1260 1316 43 33 e.
1341 1313 53 35 v.
1434 1312 111 36 von
1585 1293 177 54 Erich
1800 1294 80 53 H.
1917 1292 232 54 Müller.

151 1383 388 70 Regensburg,
568 1381 69 55 G.
667 1383 174 50 Bosse
876 1381 172 65 [1931]

224 1456 87 42 402
342 1468 42 36 p.
447 1455 26 40 5
505 1465 78 37 pl.,
616 1455 27 39 4
677 1457 136 44 port.,
847 1451 189 42 facsim.
1067 1449 200 48 (music)
1340 1446 116 43 19cm.
1530 1448 13 48 (
1553 1447 167 41 Added
1757 1449 120 44 t.-p.:
1912 1444 242 41 Deutsche

156 1510 716 49 musikbücherei … bd. 45)
228 1568 336 43 “Verzeichnis
594 1568 87 40 der
707 1567 161 39 werke
894 1575 94 30 von
1018 1561 236 43 Heinrich
1284 1560 234 43 Schütz”:
1551 1573 42 36 p.
1623 1561 172 47 25-35;
1826 1560 220 41 385-388.

162 1630 1994 60 © Nov. 1 , 1931; 1c. May 20, 1932; A -Foreign 16896; Gustav Bosse
260 1698 135 49 verlag.
478 1695 249 50 (32-7563)

159 1800 367 67 Selivanova,
558 1799 158 54 Nina
747 1797 387 56 Nikolaevna.

229 1877 225 70 Dining
509 1879 51 50 &
619 1874 218 70 wining
897 1874 60 52 in
1015 1874 95 52 old
1170 1872 224 66 Russia,
1454 1872 74 67 by
1586 1870 153 54 Nina
1800 1868 356 57 Nikolaevna

163 1947 1861 76 Selivanova … New York, E. P. Dutton & co., inc., 1933.
231 2028 87 41 154
343 2037 45 40 p.
447 2026 146 43 19½cm.

168 2096 53 51 ©
252 2101 122 39 Mar.
404 2098 41 48 2,
475 2097 142 47 1933;
649 2096 68 42 2c.
748 2099 123 39 Mar.
901 2096 52 47 6;
988 2095 84 41 aff.
1103 2095 122 41 Mar.
1257 2097 54 45 7;
1343 2096 43 39 A
1416 2094 172 48 59898;
1623 2095 53 41 E.
1709 2096 50 37 P.
1793 2094 184 41 Dutton
2012 2094 37 40 &
2080 2100 81 39 co,

235 2156 90 41 inc.
395 2154 249 50 (33-6779)

163 2259 210 65 Sharp,
402 2257 254 57 William
684 2258 290 63 Barnard,
1006 2261 170 51 1889-

236 2335 249 55 Medical
516 2335 261 70 biology;
813 2355 31 33 a
878 2334 330 69 laboratory
1240 2337 232 51 manual
1506 2334 67 53 of
1602 2332 406 73 bacteriology,
169 2352 1968 133 mycology,
428 2415 391 70 immunology
862 2414 113 55 and
1017 2413 421 72 parasitology;
1484 2412 313 72 consisting
1838 2413 63 54 of
168 2413 1967 135 experimental
413 2492 189 71 guide,
635 2493 372 70 interpretive
1038 2497 138 65 text,
1212 2495 145 51 atlas
1391 2494 112 53 and
1537 2495 255 66 protocol
1827 2491 171 55 form.
2073 2494 90 66 By

167 2564 1995 83 William Barnard Sharp … Illustrated with 400 original
171 2649 591 72 photomicrographs,
801 2650 394 70 photographs
1235 2651 113 53 and
1389 2649 305 71 drawings.
1769 2650 249 54 Medical
172 2653 1968 144 college
321 2728 85 54 ed.
481 2728 311 55 Galveston
845 2728 68 56 [O.
945 2728 297 69 Springer,
1272 2728 194 69 print.]
1504 2731 151 52 1933.

243 2805 28 38 4
297 2814 41 38 p.
388 2833 23 18 l.,
436 2803 86 40 443
548 2812 42 39 p.
647 2802 143 49 illus.,
817 2802 181 51 diagrs.
1054 2802 116 43 23cm.

246 2874 160 41 Blank
430 2884 145 38 pages
601 2873 80 42 for
704 2878 137 36 notes
867 2877 49 39 at
944 2875 91 39 end
1063 2875 52 40 of
1139 2875 82 40 the
1247 2873 209 43 sections
1482 2874 49 39 in
1559 2876 111 46 part
1773 2906 9 9 VII.

179 2940 51 52 ©
259 2945 122 39 Mar.
409 2945 38 46 8,
476 2944 139 45 1933;
645 2943 66 41 2c.
741 2946 95 38 and
864 2944 82 42 aff.
976 2946 121 40 Mar.
1125 2944 82 49 13;
1238 2945 40 39 A
1305 2943 170 49 59868;
1507 2946 71 40 W.
1607 2946 38 39 B
1694 2946 169 48 Sharp,
1896 2944 276 49 Galveston,

246 3001 112 40 Tex.
430 2999 250 51 (33-6975)

174 3099 228 69 Singer,
436 3102 264 68 Godfrey
729 3104 217 66 Frank,
981 3109 171 50 1905-

246 3180 121 53 The
404 3180 312 71 epistolary
752 3183 184 67 novel,
974 3182 74 53 its
1086 3181 207 70 origin,
1333 3181 412 70 development,
1786 3181 233 69 decline,
2060 3184 109 54 and

179 3251 1969 159 residuary influence, by Godfrey Frank Singer … Philadelphia, University of Pennsylvania press, 1933.
251 3409 63 48 ix,
344 3409 88 43 266
459 3421 44 38 p.
561 3409 146 43 23½cm.

253 3479 170 42 Issued
451 3482 102 39 also
582 3492 54 29 as
664 3480 152 42 thesis
854 3482 106 48 (PH.
1020 3482 34 47 D.)
1091 3480 281 51 University
1401 3482 51 42 of
1480 3482 374 49 Pennsylvania.

254 3535 375 51 Bibliography:
657 3549 44 37 p.
728 3537 215 43 217-255.

187 3601 53 52 ©
269 3608 123 40 Mar.
420 3607 69 49 10,
517 3607 141 43 1933;
687 3607 68 42 2c.
785 3610 95 39 and
909 3609 82 40 aff.
1021 3611 123 40 Mar.
1172 3610 82 46 14;
1285 3609 43 39 A
1354 3609 172 49 60583;
1558 3609 283 52 University
1871 3613 53 40 of
256 3612 1906 92 Pennsylvania

426 3675 149 37 press.
646 3666 250 47 (33-6649)

186 3761 232 69 Smyth,
448 3764 255 58 William
732 3768 222 65 Henry,
985 3772 169 51 1855-

255 3839 397 74 Technocracy
679 3845 302 69 explained
1012 3847 75 67 by
1112 3846 75 55 its
1214 3845 336 71 originator,
1575 3848 261 56 William
1864 3850 77 54 H.

321 3849 1857 148 Smyth … [Berkeley, Calif., Print. by California advertising service]
187 3999 152 52 1933.
