2582 4453
1320 4115 103 51 984

437 518 155 39 These
624 516 274 47 pamphlets
930 525 85 29 are
1044 516 49 38 to
1123 514 59 38 be
1211 512 139 40 fitted
1383 511 101 41 into
1518 512 84 39 the
1630 511 197 48 pockets
1861 513 51 37 at
1945 510 82 39 the
2057 509 123 40 back
2212 508 52 41 of
2295 510 82 40 the

367 576 217 38 volumes
611 574 53 39 of
692 574 80 39 the
800 575 73 37 set
903 573 48 38 to
980 570 158 40 which
1168 570 116 47 they
1311 570 186 46 belong.

371 627 51 52 ©
447 632 117 46 July
587 630 69 47 26,
682 629 113 40 1933;
849 629 65 39 2c.
938 628 120 39 each
1083 628 95 39 and
1204 626 81 41 aff.
1311 626 119 47 Aug.
1457 627 24 38 1;
1536 625 40 39 A
1602 624 144 41 63780;
1800 624 175 47 Baker,
2002 623 207 41 Yoorhis
2235 623 36 40 &
2295 632 82 39 co.,

436 688 89 41 inc.

362 793 283 66 Johnsen,
675 792 157 54 Julia
863 789 215 66 Emily,
1109 808 180 50 comp.

503 864 1878 72 … Chinese-Japanese war, compiled by Julia E. Johnsen.
368 950 139 53 New
537 947 181 68 York,
747 948 120 51 The
897 947 77 52 H.
1003 945 91 55 W.
1123 944 225 54 Wilson
1377 962 300 49 company,
1709 945 151 50 1988.

441 1023 86 40 196
553 1034 42 37 p.
650 1021 56 41 20
708 1024 15 20 cm
759 1054 8 8 .
834 1021 125 47 (The
987 1020 248 39 reference
1263 1017 142 48 shelf,
1435 1019 92 41 vol.
1653 1049 8 16 VIII,
1690 1029 74 29 no.
1832 1019 14 46 8)

439 1080 351 48 Bibliography:
852 1089 44 38 p.
947 1077 175 49 [21]-40.

373 1134 51 52 ©
455 1138 126 39 June
612 1137 70 45 22,
714 1136 140 45 1933;
888 1136 67 42 2c.
987 1135 97 39 and
1115 1133 83 42 aff.
1231 1134 126 39 June
1388 1132 83 47 29;
1506 1132 40 39 A
1578 1131 170 48 64167;
1784 1132 60 39 H.
1877 1132 72 40 W.
1982 1130 186 42 Wilson
2201 1141 65 30 co.

450 1194 281 49 (33-17550)

365 1284 311 66 Keniston,
708 1284 320 64 Hayward,
1063 1287 172 51 1883-

441 1365 54 52 A
540 1365 154 52 basic
741 1364 98 52 list
885 1362 63 53 of
997 1360 252 70 Spanish
1295 1361 187 53 words
1531 1361 113 52 and
1691 1359 225 68 idioms,
1962 1360 77 67 by
2085 1360 299 67 Hayward

371 1437 2014 70 Keniston … Chicago, Ill., The University of Chicago press
392 1524 176 63 [ c 1988]
440 1593 100 48 xxi,
575 1593 71 49 [1],
677 1593 68 46 67,
779 1593 55 49 [1]
867 1602 43 38 p.
969 1592 145 39 14½cm.
1185 1589 300 49 (Half-title:
1516 1588 211 48 Chicago
1760 1588 210 49 Spanish
2003 1587 175 47 series)

373 1647 51 52 ©
459 1653 116 45 May
605 1650 39 47 9,
679 1649 114 41 1933;
856 1650 65 39 2c.
957 1650 96 38 and
1087 1647 82 42 aff.
1204 1649 114 46 May
1351 1647 55 40 13;
1470 1646 40 39 A
1544 1646 148 40 61800;
1754 1646 284 48 University
2072 1647 52 39 of
2157 1645 225 48 Chicago.

442 1708 223 47 Chicago.
737 1706 282 49 (33-17378)

366 1795 368 68 Kingsbury,
761 1796 259 53 Howard
1047 1795 215 65 Baker,
1292 1796 172 54 1879-

440 1871 1942 71 First-year algebra, by Howard B. Kingsbury … and R. R.
369 1950 1990 154 Wallace … New York, Milwaukee [etc.] The Bruce publishing company [ c 1988]
440 2121 45 36 x,
512 2109 87 40 440
624 2120 43 37 p.
694 2108 110 40 incl.
831 2107 164 47 front.,
1023 2106 143 47 illus.,
1196 2105 179 48 diagrs.
1431 2103 59 41 19½
1519 2106 44 21 cm
1569 2136 8 9 .

375 2163 51 52 ©
459 2169 126 39 June
616 2168 40 46 3,
687 2166 142 46 1933;
864 2166 66 39 2c.
964 2166 96 38 and
1093 2163 80 41 aff.
1208 2164 125 39 June
1366 2163 83 47 30;
1484 2164 41 38 A
1557 2163 144 41 63438;
1765 2165 61 40 H.
1861 2165 53 39 B.
1949 2163 296 48 Kingsbury,
442 2163 1925 109 Milwaukee,
687 2225 97 39 and
813 2224 55 39 R.
900 2223 55 40 R.
984 2222 231 47 Wallace,
1247 2220 224 49 Chicago.
1543 2221 283 50 (33-17430)

369 2314 374 64 Kluckhohn,
774 2313 198 64 Clyde.

440 2390 1941 71 Beyond the rainbow, by Clyde Kluckhohn … Boston, The
370 2471 379 68 Christopher
776 2469 339 70 publishing
1141 2469 172 54 house
1346 2503 14 34 [
1364 2475 18 22 c
1387 2472 153 65 1933]

441 2544 84 40 271
563 2554 43 37 p.
668 2542 164 47 front.,
867 2542 171 48 plates.
1103 2542 54 39 21
1162 2544 43 21 cm
1212 2573 8 7 .

443 2602 139 46 Maps
617 2610 59 29 on
711 2599 364 48 lining-papers.

375 2658 52 53 ©
457 2662 131 40 June
611 2661 70 47 29,
711 2660 113 40 1933;
884 2660 66 39 2c.
982 2660 95 39 and
1108 2658 83 41 aff.
1221 2659 117 47 July
1368 2659 24 38 1;
1453 2659 41 38 A
1523 2659 145 40 63462;
1729 2660 320 48 Christopher
2078 2661 109 48 pub.
2220 2662 150 39 house

455 2718 280 50 (33-17133)

368 2809 253 65 Kiinkel,
651 2810 167 52 Hans.

508 2883 1873 71 … Das gesetz deines lebens; urformen im menschenleben.
375 2967 164 66 Jena,
570 2965 68 53 E.
669 2964 336 55 Diederichs
1039 2999 14 34 [
1057 2971 19 21 c
1081 2967 153 65 1933]

442 3035 1053 49 3 p. l , 5-200 p. illus. (music) 22½ cm .
446 3094 198 40 “Erstes
686 3093 74 41 bis
804 3093 176 41 drittes
1023 3093 251 41 tausend.”

375 3151 1992 109 © Jan. 1, 1933; 1c. Feb. 23; A-Foreign 20006; Eugen Diederichs verlag. (33-17819)
368 3302 201 66 Laloy,
598 3302 198 67 Louis,
827 3305 172 54 1874-

504 3381 1881 70 … Miroir de la Chine; présages, images, mirages. Parts.
372 3459 249 67 Desclée,
651 3460 68 52 de
750 3460 277 52 Brouwer
1054 3461 46 50 &
1130 3478 26 34 cie
1231 3493 12 33 [
1247 3466 19 21 c
1274 3463 150 63 1933]

442 3533 87 40 340
557 3544 43 37 p.
657 3533 85 40 204
746 3535 43 21 cm
795 3564 8 8 .
872 3533 114 47 (Les
1017 3533 113 44 îles)

374 3585 2009 53 © Mar. 27, 1933; 1c. May 10; A-Foreign 20885; Desclée, de Brouwer &
442 3647 82 39 cie.
597 3647 282 48 (33-17800)

368 3736 260 67 London,
659 3738 287 56 Bernard.

441 3814 122 52 The
596 3833 122 34 new
752 3816 356 68 prosperity;
1146 3823 335 62 permanent
1514 3818 404 69 employment,
1953 3817 132 55 wise
2120 3818 260 53 taxation

371 3892 109 53 and
533 3893 281 67 equitable
865 3894 371 53 distribution
1290 3895 63 52 of
1403 3896 227 67 wealth,
1680 3897 75 69 by
1808 3897 259 53 Bernard
2122 3897 255 54 London.

370 3969 763 71 New York, N. Y. [ c 1933]
445 4042 56 41 67
530 4054 43 37 p.
633 4043 56 40 24
693 4046 44 22 cm
742 4078 8 8 .
