2582 4453
1303 4129 103 51 362

338 445 211 65 Aymé,
582 445 240 56 Marcel.

413 522 123 53 The
557 521 207 53 hollow
788 520 150 69 field,
962 521 36 52 by
1059 520 216 54 Marcel
1300 520 213 70 Aymé;
1539 520 317 57 translated
1881 520 73 69 by
1979 520 188 56 Helen
341 520 1995 133 Waddell.

549 602 261 68 London,
841 602 308 55 Constable
1178 606 45 50 &
1252 622 98 49 co.,
1379 602 123 68 ltd.,
1534 605 152 52 1933.

415 674 715 51 3 p. l., 9-254 p., 1 l. 19 cm .
348 729 2018 53 © 1c. Mar. 20, 1933; A ad int. 17579; pubd. Jan. 29; Dodd, Mead & co.,
415 791 107 48 inc.,
549 792 118 39 New
692 790 146 41 York.
910 790 254 49 (33-8549)

343 867 215 65 Baker,
589 867 230 54 Rannie
849 868 67 55 B.

414 943 1953 72 English fundamentals, by Rannie B. Baker … and Mabel
343 1023 2024 70 Goddard … decorations by Roberta and Chelsea Stewart.
345 1102 1821 71 Chicago, Philadelphia, J. B. Lippincott company [ c 1933]
414 1178 28 40 2
471 1190 45 37 p.
567 1210 23 17 l.,
621 1178 166 49 iii-xv,
819 1178 85 41 366
934 1190 43 37 p.
1038 1178 145 49 illus.,
1215 1179 183 48 diagrs.
1457 1178 118 40 20cm.
1647 1178 304 50 (Half-title:
1980 1179 153 39 Basal
2162 1176 205 49 English

344 1236 166 42 series,
573 1236 124 42 book
727 1236 114 50 one)

419 1295 251 49 “Reading
695 1294 115 42 list”
838 1298 52 38 at
917 1297 92 39 end
1036 1295 53 41 of
1114 1295 120 41 each
1260 1295 218 48 chapter.

351 1349 2017 54 © Feb. 23, 1933; 2c. and aff. Mar. 11; A 60535; J. B. Lippincott co.
423 1407 68 54 [©
519 1411 311 50 corrections]
905 1411 254 49 (33-7114)

347 1485 175 66 Beck,
551 1489 139 52 Mrs.
720 1486 133 66 Lily
890 1485 341 68 (Moresby)
1267 1487 247 66 Adams,
1542 1487 55 53 d.
1629 1488 151 52 1931.

413 1565 122 54 The
573 1572 167 63 great
778 1566 313 53 romantic:
1131 1565 173 70 being
1344 1586 71 33 an
1453 1565 446 70 interpretation
1940 1567 63 54 of
2041 1568 113 52 Mr.
2195 1566 139 56 Sam
2337 1565 11 29 1
2355 1607 11 11 .

341 1643 192 71 Pepys
573 1646 114 52 and
725 1645 306 54 Elizabeth
1068 1645 91 54 his
1195 1645 154 69 wife,
1387 1645 76 67 by
1500 1648 67 52 E.
1607 1645 359 71 Barrington
2014 1647 93 69 (L.
2144 1646 222 54 Adams

342 1724 183 69 Beck)
611 1723 235 55 Garden
891 1724 153 70 City,
1087 1727 71 53 N.
1202 1727 91 67 Y.,
1334 1725 362 69 Doubleday,
1738 1727 202 53 Doran
1980 1729 46 52 &
2066 1744 300 52 company,

341 1804 129 69 inc.,
502 1807 153 53 1933.

419 1880 27 40 5
470 1890 45 38 p.
565 1910 23 17 l.,
616 1878 146 42 3-339
789 1890 43 38 p.
890 1879 59 41 20
948 1881 46 22 cm
1000 1913 8 8 .

419 1936 164 42 “First
610 1936 230 41 edition.”

351 1990 2002 110 © Mar. 22, 1933; 2c. and aff. Mar. 24: A 60788; Harry Drake Hodgkinson,
551 2052 157 42 Paris.
779 2052 253 50 (33-7090)

346 2143 187 54 Bible.
607 2146 73 52 N.
714 2147 65 51 T.
854 2143 273 69 Epistles.
1202 2143 266 69 English.
1544 2146 156 52 1933.

418 2224 56 53 A
515 2229 391 62 commentary
945 2243 72 34 on
1058 2224 97 52 the
1195 2223 141 53 New
1375 2224 331 52 Testament
1746 2222 273 69 Epistles,
2057 2222 77 68 by
2173 2222 193 54 David

347 2300 335 70 Lipscomb;
723 2301 210 59 edited,
970 2301 142 53 with
1149 2301 325 54 additional
1508 2308 177 61 notes,
1718 2302 76 69 by
1827 2304 56 54 J.
1918 2303 90 54 W.
2047 2301 320 69 Shepherd,

345 2401 52 34 v.
447 2386 45 48 1.
533 2383 271 52 Romans.
880 2382 318 68 Nashville,
1245 2384 197 66 Tenn.,
1489 2382 214 68 Gospel
1748 2381 274 56 advocate
2067 2399 301 53 company,

349 2465 151 50 1933.

420 2536 97 47 xiv,
549 2536 174 41 35-285
752 2547 42 38 p.
854 2536 56 41 23½
944 2538 44 21 cm
994 2569 8 8 .

353 2589 2017 53 © Feb. 20, 1933; 2c. Feb. 24; aff. Feb. 23; A 59671; Gospel advocate co.
433 2650 253 49 (33-7109)

349 2739 249 68 Brooks,
631 2742 224 54 Robert
891 2741 308 66 Clarkson,
1234 2743 173 54 1874-

484 2818 1883 70 … Russia, the soviet way, by Robert C. Brooks. Chicago,
349 2896 309 56 American
694 2897 223 70 library
953 2898 359 67 association,
1350 2900 152 52 1933.

422 2972 59 39 44
509 2982 45 38 p.
616 2971 55 41 18
675 2973 44 21 cm
723 3003 10 9 .
804 2971 249 52 (Reading
1081 2973 121 40 with
1235 2983 28 30 a
1295 2983 223 38 purpose,
1578 2985 75 29 no.
1686 2973 81 48 67)

425 3029 191 42 “Books
647 3030 367 41 recommended
1046 3031 47 39 in
1126 3030 100 40 this
1255 3029 228 42 course”:
1517 3041 42 38 p.
1591 3029 71 42 39.

355 3085 52 53 ©
445 3090 110 40 Feb.
591 3088 69 47 27,
698 3088 141 47 1933;
877 3088 68 42 2c.
981 3090 123 39 Mar.
1140 3088 52 42 6;
1231 3087 83 41 aff.
1352 3088 122 40 Mar.
1511 3089 52 46 1;
1602 3089 41 39 A
1679 3086 170 48 60491;
1888 3087 260 41 American
2185 3088 185 49 library

423 3158 130 30 assn.
625 3145 253 50 (33-6919)

347 3235 342 67 Buonaiuti,
720 3238 276 64 Ernesto,
1030 3241 173 50 1881-

482 3312 1725 69 … La chiesa romana. Milano, Gilardi e Noto, 1933. '
420 3389 99 48 191,
552 3389 54 50 [2]
638 3400 43 37 p.
743 3388 56 41 19
802 3391 43 20 cm
851 3420 8 8 .
959 3388 73 40 (On
1058 3398 165 30 cover:
1249 3387 204 42 Collana
1479 3388 126 40 delle
1632 3387 121 49 idee,
1781 3387 51 49 1)

357 3443 1812 53 © Jan. 5, 1933; 1c. Jan. 21; A-Foreign 19407; Gilardi & Noto.
433 3504 253 49 (33-7542)

347 3590 382 66 Callaghan’s
757 3593 252 54 Indiana
1038 3594 204 68 digest,
1271 3594 280 68 complete
1579 3592 154 54 from
1765 3596 27 49 1
1825 3593 322 55 Blackford
2176 3599 60 49 to
2263 3594 103 50 202

422 3671 252 54 Indiana
711 3672 112 53 and
864 3671 152 54 from
1058 3676 27 48 1
1125 3677 60 48 to
1224 3673 66 51 92
1329 3671 251 54 Indiana
1620 3670 331 69 Appellate,
1989 3671 121 53 also
423 3670 1920 150 including
553 3750 253 54 Indiana
836 3750 110 54 law
979 3750 202 70 passed
1216 3769 155 50 upon
1406 3749 74 71 by
1513 3751 97 52 the
1645 3748 221 55 federal
1900 3753 191 50 courts
2125 3749 112 54 and
2271 3748 98 55 the

424 3827 278 71 Supreme
744 3835 161 48 court
946 3828 65 55 of
1052 3829 96 54 the
1188 3829 217 55 United
1450 3827 208 70 States,
1698 3827 77 70 by
1816 3827 161 54 Jesse
2020 3826 62 57 C.
2124 3827 246 55 Weaver

419 3906 1947 71 under the supervision of Basil Jones … v. 1-5. Chicago,
420 3986 321 68 Callaghan
778 3988 108 52 and
923 4007 299 50 company,
1259 3991 151 51 1933.

422 4063 27 38 5
478 4073 41 31 v.
578 4062 59 40 26
637 4065 44 20 cm
687 4094 8 8 .
