2575 4405
1031 4082 98 54 107

67 448 235 63 Buesst,
334 444 262 66 Aylmer,
629 449 169 50 1886-

135 524 253 53 Bichard
421 523 270 68 Wagner,
725 521 121 53 The
881 518 332 68 Nibelung’s
1249 518 149 68 ring,
1432 535 72 34 an
1537 519 91 50 act
1660 514 74 70 by
1768 519 90 49 act
1892 513 172 69 guide

64 609 58 46 to
151 603 95 52 the
275 602 124 67 plot
430 604 49 49 &
511 599 194 69 music,
734 598 75 69 by
840 598 239 68 Aylmer
1112 598 219 52 Buesst.
1399 594 259 69 London,
1688 592 70 56 G.
1790 594 130 53 Bell
1951 592 110 54 and

64 699 127 35 sons
221 680 121 67 ltd.,
375 682 149 49 1932.

135 765 80 36 xx,
252 754 84 40 217
372 764 42 37 p.
477 752 129 39 illus.
635 750 203 48 (music)
910 749 55 40 19
966 752 45 20 cm
1016 780 9 9 .
1098 748 301 47 (Half-title:
1433 746 146 42 Bell’s
1613 744 205 42 musical
68 744 1977 113 publications)

72 863 51 52 ©
220 898 8 8 1c.
269 868 109 39 Jan.
418 867 67 48 11,
526 865 140 47 1933;
708 866 41 38 A
788 875 26 28 ad
890 864 73 40 int
1018 863 171 47 17410;
1231 863 143 48 pubd.
1415 864 117 39 Nov.
1575 862 69 49 15,
1685 861 141 48 1932;
1870 862 195 47 Aylmer

138 925 191 46 Buesst,
364 924 211 39 London.
646 922 250 49 (33-3788)

69 1013 247 66 Burton,
346 1015 256 52 Andrew
630 1012 212 66 Mizell,
874 1015 167 53 1879-

139 1090 314 69 Gleanings
492 1089 64 53 of
594 1108 173 51 many
806 1107 165 51 years
1012 1088 63 54 of
1117 1087 389 54 discriminate
1551 1087 241 70 reading
1836 1088 94 52 for
1971 1105 97 51 my

67 1187 126 34 own
221 1187 114 49 use,
365 1168 259 68 together
656 1167 141 52 with
830 1165 354 69 expressions
1216 1165 63 53 of
1310 1184 97 50 my
1439 1166 275 68 thoughts
1747 1166 114 52 and
1894 1166 174 66 ideas,

67 1246 194 52 herein
295 1263 196 35 woven
525 1245 259 69 together
821 1244 94 52 for
949 1244 285 52 whatever
1270 1243 206 53 benefit
1511 1244 135 68 they
1682 1243 190 69 might
1905 1243 66 53 be
2008 1248 59 48 to

69 1320 2000 72 others. By A. M. Burton … [Nashville, Williams printing
68 1419 298 51 company,
395 1407 17 21 c
418 1403 151 63 1932]

141 1477 24 37 1
193 1486 43 37 p.
299 1506 8 16 l,
337 1475 146 39 5-142
508 1486 42 36 p.
606 1475 142 47 illus.,
777 1475 171 47 plates,
978 1473 123 48 port.
1157 1473 54 40 23
1216 1476 44 20 cm
1265 1506 8 7 .

75 1527 51 52 ©
164 1532 109 40 Dec.
311 1533 68 44 17,
417 1531 140 47 1932;
595 1530 67 42 2c.
700 1533 95 38 and
832 1530 82 41 aff.
952 1531 110 39 Jan.
1099 1530 69 48 16,
1206 1529 112 41 1933;
1386 1530 42 39 A
1464 1529 170 47 57932;
1673 1530 55 40 A.
1766 1531 63 39 M.
1867 1530 202 48 Burton,

141 1589 265 40 Nashville.
477 1588 250 49 (33-3108)

72 1675 290 68 Caldwell,
391 1676 273 66 Erskine,
696 1682 172 50 1903-

204 1754 1768 69 … God’s little acre. New York, The Viking press, 1933.
143 1827 609 49 4 p. l., 3-303 p. 19½ cm .
142 1885 63 39 At
231 1886 123 39 head
381 1885 51 40 of
460 1884 106 41 title:
624 1886 73 46 By
725 1884 207 41 Erskine
961 1884 245 41 Caldwell.

77 1938 51 52 ©
163 1943 111 40 Feb.
308 1943 37 47 6,
381 1941 140 49 1933;
556 1942 66 41 2c.
658 1943 110 39 Feb.
803 1942 52 48 8;
893 1942 81 41 aff.
1010 1942 113 41 Feb.
1158 1943 52 46 7;
1246 1942 42 39 A
1322 1941 169 48 60224;
1529 1943 52 38 E.
1619 1942 246 47 Caldwell,
1902 1943 171 39 Mount

143 2000 204 46 Vernon,
383 2000 90 39 Me.
544 1999 250 48 (33-3291)

72 2088 360 65 Chambrun,
465 2089 172 54 Clara
676 2090 423 65 (Longworth)
1138 2096 266 49 comtesse
1434 2090 89 55 de.

140 2165 120 54 The
287 2164 236 69 making
549 2165 63 53 of
639 2165 269 55 Nicholas
936 2165 377 68 Longworth;
1347 2166 198 52 annals
1574 2164 63 52 of
1666 2183 71 35 an
1767 2163 301 54 American

73 2241 222 69 family,
336 2242 73 68 by
453 2242 171 57 Clara
666 2242 351 69 Longworth
1061 2243 68 52 de
1174 2242 344 55 Chambrun.
1598 2242 136 52 New
1780 2242 177 68 York,
2058 2284 9 9 R.

70 2317 163 70 Long
262 2320 45 51 &
397 2362 9 9 R.
499 2364 11 10 R.
545 2319 209 70 Smith,
785 2319 126 67 inc.,
946 2323 148 49 1933.

140 2391 1181 49 6 p. l., 3-322 p. front., plates, ports. 22 cm .
76 2446 51 52 ©
161 2451 110 40 Feb.
303 2451 40 48 3,
376 2450 140 48 1933;
551 2450 67 42 2c.
652 2451 110 41 Feb.
793 2453 55 46 4;
885 2451 82 42 aff.
1002 2452 111 41 Feb.
1146 2453 52 46 7;
1235 2453 40 38 A
1308 2451 170 49 60178;
1515 2452 49 41 C.
1598 2456 52 38 L.
1684 2455 57 39 de
1778 2452 292 48 Chambrun,

143 2507 152 41 Paris.
367 2509 250 47 (33-3183)

73 2586 243 67 Claudy,
345 2590 135 53 Carl
507 2590 220 64 Harry,
757 2590 172 55 1879-

203 2667 1869 70 … The land of no shadow, by Carl H. Claudy … illustrated
75 2743 1891 73 by A. C. Valentine. New York, Grosset & Dunlap [ c 1933]
144 2815 81 49 vii,
258 2817 85 39 214
376 2827 43 37 p.
478 2818 150 40 front.
691 2818 56 40 19½
779 2821 44 21 cm
829 2851 9 9 .
908 2819 115 47 (His
1057 2819 305 40 Adventures
1395 2819 50 41 in
1478 2821 82 39 the
1594 2818 269 49 unknown)

78 2869 51 52 ©
158 2874 110 41 Feb.
294 2876 39 46 7,
360 2874 111 41 1933;
528 2875 54 40 2c
623 2877 95 39 and
745 2876 82 40 aff.
856 2877 109 40 Feb.
993 2875 53 49 9;
1076 2877 41 39 A
1144 2877 170 48 60207;
1346 2877 198 41 Grosset
1572 2878 37 40 &
1636 2878 210 49 Dunlap,
1874 2878 91 42 inc.

156 2930 249 49 (33-3284)

75 3014 1998 149 … A thousand years a minute, by Carl H. Claudy … illustrated by A. C. Valentine. New York, Grosset & Dunlap
81 3173 191 64 [c1933]

148 3240 78 44 vii.
262 3242 86 40 216
379 3252 42 37 p.
482 3242 148 40 front.
692 3242 55 41 19½
779 3246 45 21 cm
829 3275 7 7 .
909 3244 115 47 (His
1058 3244 305 41 Adventures
1395 3244 51 39 in
1479 3245 82 40 the
1595 3244 268 49 unknown)

82 3294 51 53 ©
170 3300 109 41 Feb.
315 3302 37 45 7,
386 3300 141 47 1933;
563 3301 67 40 2c.
666 3303 95 38 and
796 3301 82 40 aff.
915 3302 110 40 Feb.
1059 3300 53 49 9;
1149 3302 41 39 A
1224 3302 170 48 60206;
1433 3302 202 41 Grosset
1667 3303 37 40 &
1737 3303 210 48 Dunlap,
1984 3304 91 42 inc.

159 3356 250 50 (33-3283)

79 3438 287 66 Clemens,
398 3440 178 63 Cyril.

147 3514 157 53 John
330 3514 268 70 Billings,
626 3516 234 54 Yankee
888 3517 299 70 humorist,
1214 3518 75 69 by
1319 3517 163 70 Cyril
1513 3518 287 67 Clemens;
1832 3518 141 54 with
2004 3537 70 35 an

79 3591 1998 75 introduction by Rupert Hughes … Webster Groves, Mo.,
78 3669 422 54 International
525 3672 171 52 Mark
724 3672 203 53 Twain
954 3673 228 69 society,
1212 3676 150 51 1932.

151 3741 1332 53 6 p. l., v p., 1 l., 197 p. front. (port.) illus. 20 cm .
153 3797 106 40 Seal
289 3797 52 41 of
365 3799 141 40 Mark
531 3800 170 40 Twain
728 3801 183 48 society
936 3813 60 28 on
1022 3803 97 46 t.-p.

155 3853 63 38 “A
251 3854 391 48 bibliography”:
671 3866 44 38 p.
743 3856 216 42 184-188.

86 3911 51 52 ©
166 3917 112 41 Dec.
306 3919 67 47 17,
403 3917 140 49 1932;
572 3919 68 41 2c.
669 3920 112 40 Dec.
809 3920 83 47 20;
924 3920 80 40 aff.
1036 3922 111 40 Jan.
1176 3921 70 47 19,
1276 3921 140 48 1933;
1448 3923 40 39 A
1518 3922 170 49 60001;
1721 3921 360 44 International

154 3974 141 39 Mark
325 3975 166 39 Twain
526 3975 194 49 society.
791 3977 252 49 (33-3109)
