2484 4405
989 4059 102 54 745

64 421 185 64 Aldis,
278 424 138 51 Mrs.
448 420 289 63 Dorothy.

134 498 121 52 The
278 497 188 69 magic
491 497 133 67 city,
649 498 155 54 John
829 500 51 49 &
905 499 147 53 Jane
1079 502 59 46 at
1161 497 95 51 the
1283 494 225 55 world’s
1535 494 135 68 fair,
1695 495 75 66 by
1795 495 264 69 Dorothy

61 575 187 68 Aldis,
284 576 379 54 illustrations
699 575 75 68 by
811 577 297 66 Margaret
1145 576 292 51 Freeman.
1513 575 138 52 New
1690 575 180 66 York,
63 575 1971 147 Minton,
209 655 180 53 Balch
419 658 45 50 &

492 672 298 49 company,
821 656 151 52 1933.

135 728 55 41 95
220 739 43 38 p.
293 728 109 41 inch
431 728 164 48 front.,
627 728 126 39 illus.
813 727 54 39 21
872 730 43 21 cm
922 758 6 7 .

136 785 286 40 Illustrated
455 783 350 49 lining-papers
838 784 49 40 in
921 784 143 39 color.

67 837 52 53 ©
152 843 113 47 May
297 842 38 45 5,
369 841 112 41 1933;
541 842 67 41 2c.
642 842 112 47 May
786 841 81 47 13;
903 840 81 41 aff.
1018 842 114 47 May
1164 841 82 47 16;
1280 841 40 39 A
1354 840 143 41 61820;
1561 841 54 38 D.
1650 840 151 48 Aldis,
1836 839 223 49 Chicago.

145 900 278 47 (33-13009)

60 973 315 55 American
406 972 416 67 geographical
850 973 226 62 society
1105 974 65 53 of
1199 975 144 51 New
1374 974 180 55 York.

194 1050 1863 69 … A catalogue of maps of Hispanic America, including
61 1145 161 50 maps
260 1129 60 52 in
355 1128 273 53 scientific
664 1128 340 68 periodicals
1043 1129 111 52 and
1192 1129 190 65 books,
1418 1129 112 52 and
1568 1129 155 53 sheet
1760 1129 111 53 and
1911 1130 143 52 atlas

61 1222 180 52 maps,
280 1206 139 52 with
461 1205 224 53 articles
725 1225 70 35 on
837 1207 95 51 the
971 1207 385 66 cartography
1397 1206 62 53 of
1498 1207 96 51 the
1633 1209 214 50 several
61 1225 1966 125 countries,
250 1283 110 52 and

394 1302 162 48 maps
590 1284 259 66 showing
881 1283 95 53 the
1011 1288 193 48 extent
1239 1284 111 52 and
1386 1284 291 53 character
1710 1284 62 53 of
1807 1285 248 67 existing

62 1361 1989 68 surveys … New York, American geographical society [1933]
131 1436 27 39 4
187 1447 41 28 v.
285 1446 137 37 maps
451 1435 133 48 (part
614 1434 142 47 fold.)
824 1434 54 40 26
882 1435 42 22 cm
931 1468 8 7 .
1008 1433 280 49 (American
1319 1434 336 49 geographical
1690 1433 194 50 society.
1947 1437 112 48 Map

62 1492 51 39 of
142 1491 236 49 Hispanic
406 1491 236 47 America,
673 1490 298 49 publication
1002 1502 73 29 no.
1107 1493 51 46 3)

131 1549 99 39 The
267 1549 133 39 work
435 1549 50 38 of
521 1548 259 48 compiling
815 1549 79 38 the
930 1549 253 47 catalogue
1222 1559 100 30 was
1360 1549 151 47 begun
1552 1547 49 41 in
1638 1547 114 42 1920
1790 1550 152 41 under
1980 1551 79 40 the

62 1605 234 40 direction
330 1605 51 39 of
414 1606 49 39 F.
497 1606 43 39 J.
572 1606 236 47 Teggart;
844 1606 80 39 the
957 1604 332 41 examination
1323 1605 51 39 of
1407 1606 78 39 the
1520 1605 278 41 collections
1832 1607 48 40 in
1916 1614 139 32 seven

62 1662 238 47 libraries,
336 1663 93 38 and
465 1662 80 39 the
578 1661 228 40 selection
843 1662 94 40 and
973 1661 316 49 preparation
1325 1662 51 39 of
1411 1672 110 38 map
1561 1662 105 41 lists
1705 1672 98 31 was
1841 1664 120 39 done
2000 1663 56 48 by

61 1717 195 41 Nicolas
284 1718 196 48 George,
535 1719 61 46 cf.
627 1719 184 40 Introd.
840 1719 58 46 by
927 1718 134 47 Raye
1090 1718 56 40 R.
1175 1719 148 40 Platt.

471 1782 31 33 CONTENTS.—I.
543 1777 138 46 Maps
721 1776 51 40 of
811 1776 200 46 Mexico,
1052 1776 198 39 Central
1290 1776 224 40 America
1554 1777 94 39 and
1689 1778 80 38 the

1809 1778 134 39 West
61 1778 1980 94 Indies.—II.
334 1834 138 46 Maps
513 1832 50 40 of
605 1834 150 39 South
795 1832 236 46 America,
1073 1833 262 46 Colombia,
1378 1834 234 45 Ecuador,
1655 1833 139 47 Peru,

1835 1834 96 40 and
57 1834 1984 95 Bolivia.—III.
371 1891 138 46 Maps
550 1890 51 39 of
642 1890 283 46 Venezuela,
968 1890 80 39 the
1091 1889 231 43 Guianas,
1367 1890 177 46 Brazil,
1588 1892 95 38 and
61 1892 2000 93 Paraguay.—IV.
159 1947 137 46 Maps
324 1946 52 40 of

402 1947 79 39 the
510 1946 264 47 Argentine
803 1946 228 47 republic,
1061 1946 149 45 Chile,
1241 1949 94 37 and
1368 1948 244 46 Uruguay.

63 1998 53 53 ©
143 2003 112 49 Apr.
284 2004 69 43 22,
383 2003 139 47 1933;
553 2004 67 40 2c.
646 2004 118 40 each
795 2005 94 39 and
919 2003 107 41 affs.
1059 2004 114 46 May
1202 2005 81 45 17;
1316 2004 40 39 A
1386 2004 346 47 62693-62696;
1766 2004 156 40 Amer.
115 2014 1924 94 geographical

391 2072 91 29 soc.
509 2061 50 39 of
585 2062 117 38 New
727 2062 143 46 York,
898 2062 114 38 New
1039 2062 145 39 York.
1259 2061 293 47 (33-13368)

55 2136 315 55 American
401 2137 316 65 urological
746 2138 377 55 association.

125 2214 243 69 History
417 2215 64 52 of
529 2216 258 68 urology,
837 2216 281 67 prepared
1169 2215 181 51 under
1399 2215 94 51 the
1544 2213 254 69 auspices
1847 2215 63 52 of
1960 2215 96 53 the

55 2292 305 54 American
391 2293 311 68 urological
736 2293 353 54 association.
1159 2293 289 53 Editorial
1478 2293 347 53 committee:
1857 2294 199 69 Edgar

57 2371 68 55 G.
158 2373 322 68 Ballenger,
510 2372 259 53 William
799 2372 70 53 A.
903 2373 232 56 Frontz,
1153 2373 217 51 Homer
1389 2371 68 55 G.
1476 2373 235 66 Hamer,
1730 2373 325 53 Bransford

56 2450 1974 148 Lewis, chairman … Baltimore, The Williams & Wilkins company, 1933.
124 2606 31 38 2
178 2617 44 28 v.
281 2604 142 47 illus.,
453 2606 170 46 plates,
652 2606 147 46 ports.
861 2605 55 38 24
919 2606 44 21 cm
969 2636 8 8 .

127 2662 364 42 Contributions
520 2663 60 46 by
607 2661 195 49 leading
827 2660 308 41 authorities.

125 2721 226 40 Lettered
378 2731 60 29 on
464 2730 165 30 cover:
659 2719 271 40 Bransford
960 2718 170 49 Lewis,
1158 2718 171 42 editor.

127 2776 346 42 “References”
501 2779 51 38 at
575 2777 92 39 end
693 2776 51 40 of
767 2778 125 38 most
919 2776 51 40 of
995 2777 80 39 the
1103 2776 211 40 articles.

59 2832 52 51 ©
139 2836 111 47 Apr.
279 2836 68 45 29,
375 2835 139 46 1933;
544 2834 67 39 2c.
639 2835 117 38 each
783 2835 95 38 and
906 2833 80 40 aff.
1018 2835 115 46 May
1158 2835 52 45 8;
1241 2835 41 38 A
1309 2835 169 45 62572;
1511 2836 241 41 Williams
1780 2838 37 39 &
1845 2837 208 42 Wilkins

129 2903 67 30 co.
267 2892 278 48 (33-13031)

54 2966 209 66 Barry,
294 2966 254 55 William
581 2967 271 63 Edward,
887 2971 325 52 1846-1932.

127 3045 55 52 A
205 3046 161 52 stroll
392 3044 147 52 thro’
564 3045 94 51 the
683 3049 145 62 past,
854 3043 399 66 accompanied
1279 3044 74 67 by
1379 3062 72 34 an
1476 3044 264 53 invisible
1765 3048 288 67 associate,

59 3123 112 52 and
211 3122 168 70 using
420 3140 71 34 an
535 3122 129 51 18th
708 3126 235 64 century
986 3125 347 64 stage-route
1378 3122 110 52 and
1535 3122 151 52 river
1732 3122 151 70 ford,
57 3143 1968 111 preceded
261 3201 75 68 by
374 3219 31 33 a
442 3218 288 50 summary
768 3198 62 53 of
866 3199 95 53 the
999 3200 157 67 early
1192 3199 350 69 ownerships
1580 3202 112 52 and
1731 3204 318 66 provincial

56 3284 396 63 governments
480 3277 63 54 of
572 3277 211 67 Maine,
812 3277 258 67 together
1102 3277 140 52 with
1275 3295 29 34 a
1337 3277 295 53 collection
1661 3279 63 53 of
1755 3281 292 55 historical

57 3357 133 53 data
220 3356 272 69 gathered
524 3355 59 52 in
616 3355 113 53 and
762 3354 218 52 around
1014 3353 361 53 Kennebunk
1406 3354 212 70 village
1651 3358 111 52 and
1797 3358 253 56 sketches

58 3434 63 52 of
153 3434 292 67 buildings
481 3433 183 52 which
702 3433 144 51 have
881 3434 135 66 long
1054 3431 150 53 since
1243 3431 395 71 disappeared,
1677 3435 75 68 by
1790 3437 260 55 William

58 3512 66 52 E.
154 3513 204 66 Barry.
422 3510 299 66 Portland,
750 3509 129 67 Me.,
908 3509 122 52 The
1062 3507 370 55 Southworth
1463 3529 174 50 press,
1671 3515 149 51 1933.

127 3579 1178 52 vi, 93 p. front. (port.) plates, map. 26½ cm .
62 3639 51 51 ©
149 3644 110 46 Apr.
295 3643 67 41 26,
398 3641 113 40 1933;
576 3642 66 38 2c.
678 3642 94 37 and
808 3640 81 39 aff.
927 3641 114 45 May
1075 3640 52 39 1:
1166 3639 40 38 A
1242 3639 169 47 62472;
1451 3641 49 42 C.
1538 3643 50 37 E.
1627 3644 156 48 Barry
1819 3646 39 39 &
1888 3647 61 38 H.
1987 3648 61 41 H.
128 3701 203 44 Bourne,
364 3698 313 45 Kennebunk,
712 3698 88 37 Me.
871 3696 280 47 (33-13072)

75 3777 260 62 [Bassett,
366 3774 254 55 William
650 3774 228 52 Burnet
910 3771 253 68 Kinney]
1204 3776 170 50 1908-

126 3852 148 53 Dust
305 3853 153 52 from
487 3871 31 33 a
547 3852 350 67 grindstone,
927 3850 75 65 by
1031 3850 169 51 Peter
1231 3849 216 52 Darien
1497 3853 214 67 [pseud.]
1782 3857 263 68 Tacoma,

57 3929 297 58 Portland,
391 3930 121 52 The
549 3927 211 54 Pacific
796 3927 146 52 book
982 3926 337 52 association
1362 3960 12 33 [
1380 3933 17 20 c
1402 3930 151 64 1932]

127 4005 53 40 61
210 4015 44 38 p.
312 4005 149 39 front.
519 4003 55 40 23½
607 4004 45 21 cm
657 4034 9 8 .
