2484 4405
1048 4088 138 57 1507

183 535 169 40 Issued
381 535 103 39 also
512 543 54 30 as
597 532 151 40 thesis
789 531 106 48 (PH.
959 531 34 46 D.)
1031 528 251 42 Columbia
1315 526 284 47 university.

182 591 234 40 “General
453 588 362 48 bibliography”:
883 598 40 37 p.
961 586 203 40 161-170;
1231 584 377 47 “Bibliography
1644 582 78 40 for
1759 582 200 47 chapter
2052 578 23 17 IX”:

140 679 7 7 p.
180 648 213 40 155-158.

115 700 51 52 ©
195 705 119 46 Aug.
343 704 68 46 23,
441 703 113 40 1933;
612 704 66 39 2c.
711 702 127 48 Sept.
868 701 55 39 15;
983 700 81 40 aff.
1099 701 127 46 Sept.
1257 699 58 40 19;
1371 699 41 38 A
1442 698 144 41 65282;
1645 698 240 39 Teachers
1915 697 192 45 college,

183 760 248 40 Columbia
463 759 126 40 univ.
665 758 279 49 (33-30736)

110 846 378 67 Longfellow,
521 849 205 63 Henry
756 846 396 65 Wadsworth,
1186 844 325 54 1807-1882.

111 923 1855 106 … פינף און צוו אַ נציק לידער. איבערועצט פון דר. א.
625 1033 1486 106 אייסען. ניו־י אׇ רק, פ אַ רלאג ״ אַ ויפקום״, 1933 .
183 1162 69 46 47,
285 1162 55 49 [1]
369 1172 44 38 p.
474 1159 56 42 20½
563 1163 14 20 cm
611 1193 8 7 .

186 1249 1232 52 Author’s name ה. וו. ל אׇ נגפעל אׇ at head of title.
185 1329 125 42 Title
350 1329 418 48 (transliterated):
836 1328 115 39 Fins
976 1340 65 29 un
1067 1328 219 39 zwanzik
1312 1327 136 40 lider.

118 1385 51 51 ©
203 1390 125 39 June
360 1390 67 45 10,
461 1387 111 40 1933;
635 1387 65 39 2c.
736 1388 93 38 and
863 1386 80 40 aff.
983 1387 126 46 Sept.
1144 1386 81 45 27;
1261 1385 41 38 A
1334 1384 170 47 66286;
1541 1384 246 39 Abraham
1822 1383 141 46 Asen,
1997 1382 116 39 New

184 1447 141 39 York.
397 1443 279 50 (33-31292)

113 1536 335 53 Louisiana.
523 1537 183 63 Laws,
734 1540 256 60 statutes,
1023 1540 101 47 etc.

186 1611 153 55 Code
370 1610 62 53 of
465 1610 242 68 practice
743 1610 62 53 of
837 1608 324 67 Louisiana,
1195 1607 139 53 with
1369 1606 77 54 all
1479 1605 385 54 amendments
1894 1604 217 53 thereto

118 1689 110 52 and
273 1689 75 51 all
393 1688 317 68 provisions
753 1687 62 52 of
857 1686 367 54 constitution
1269 1685 111 52 and
1424 1689 256 62 statutes,
1723 1682 251 68 through
2018 1682 93 52 the

117 1765 314 69 legislative
468 1765 203 52 session
709 1764 62 52 of
807 1767 150 64 1926,
993 1762 326 69 regulating
1354 1761 308 54 Louisiana
1698 1760 134 55 civil
1866 1761 247 68 practice

117 1845 111 52 and
259 1842 335 69 procedure;
627 1842 140 52 with
801 1841 384 56 amendments
1220 1841 332 66 subsequent
1586 1844 57 47 to
1679 1841 151 66 1926,
1863 1837 246 69 through

118 1921 93 54 the
243 1920 354 68 Legislature
631 1920 62 51 of
728 1921 151 66 1932,
911 1926 81 47 set
1026 1918 159 54 forth
1218 1920 59 51 in
1310 1918 95 51 the
1439 1918 304 68 appendix.
1815 1915 293 69 Compiled

119 1998 110 52 and
277 1998 305 54 annotated
630 1998 72 69 by
751 1997 210 54 Robert
1009 1997 75 53 H.
1134 1996 189 67 Marr;
1376 1995 288 69 appendix
1712 1994 279 70 prepared
2039 1994 71 70 by

117 2076 288 52 Theodore
437 2076 195 54 Roehl.
698 2075 135 52 New
866 2073 257 71 Orleans,
1152 2075 117 67 La.,
1299 2075 62 50 F.
1391 2075 64 51 F.
1486 2073 239 55 Hansell
1755 2075 45 51 &
1828 2073 135 69 bro.,
1991 2073 123 70 ltd.,

120 2157 147 48 1933.

187 2223 743 51 1 p. l. , 3, [10], 899 p. 26 ½ cm .
186 2281 227 41 Lettered
444 2292 59 28 on
536 2292 140 28 cover:
736 2280 138 41 Fifth
907 2281 198 40 edition.

123 2338 51 51 ©
211 2342 128 47 Sept.
372 2342 68 46 27,
475 2341 117 40 1933;
651 2341 67 41 2c.
754 2341 102 41 Oct.
891 2341 81 46 12;
1010 2340 82 41 aff.
1130 2341 99 40 Oct.
1266 2342 81 45 11;
1385 2341 43 39 A
1460 2341 171 47 66591;
1668 2342 51 40 F.
1756 2342 51 39 F.
1843 2342 205 39 Hansell
2084 2341 36 41 &

188 2399 112 46 bro.,
332 2399 84 39 ltd.
481 2394 68 53 [©
581 2398 256 48 appendix]
910 2397 279 48 (33-31308)

117 2474 245 63 McKay,
392 2473 225 52 Donald
651 2474 172 62 Cope.

189 2551 118 54 The
343 2550 272 53 National
651 2549 359 69 workshops;
1049 2569 30 34 a
1114 2551 171 66 study
1319 2551 60 52 in
1411 2550 94 54 the
1539 2550 224 55 French
1797 2550 321 55 revolution

120 2627 1997 70 of 1848, by Donald Cope McKay … Cambridge, Harvard
119 2705 317 67 university
460 2724 156 49 press;
673 2706 258 66 London,
954 2706 76 51 H.
1055 2705 269 68 Milford,
1349 2705 231 55 Oxford
1602 2707 320 67 university
1946 2725 174 50 press,

122 2786 149 50 1933.

191 2854 1925 49 xxvi, 191 p. 22½ cm . ( Half-title : Harvard historical studies … vol.
261 2912 13 47 XXXV)

190 2967 347 49 Bibliography:
596 2979 43 37 p.
675 2967 247 51 [171]-186.

126 3021 54 51 ©
210 3025 100 40 Oct.
341 3025 39 43 2,
411 3025 112 40 1933;
585 3025 64 39 2c.
684 3024 100 41 Oct.
817 3026 28 38 7;
904 3024 79 40 aff.
1019 3025 100 40 Oct.
1153 3025 51 45 6;
1238 3025 46 45 A
1312 3023 169 48 66491;
1516 3025 256 40 President
1804 3026 95 40 and
1930 3025 190 41 fellows

192 3082 52 39 of
269 3082 228 39 Harvard
526 3082 190 46 college,
746 3081 300 47 Cambridge,
1076 3082 145 38 Mass.
1294 3081 279 48 (33-31460)

120 3151 367 67 Mandeville,
516 3152 163 65 Paul,
711 3152 84 56 ed.

193 3229 173 67 Eggs.
455 3228 243 54 General
752 3228 212 53 editor:
1017 3228 149 52 Paul
1219 3229 366 53 Mandeville.
1676 3229 119 53 The
1852 3229 264 53 authors:

125 3306 1992 68 Mary Engle Pennington … Frank L. Platt … Clara Gebhard
125 3382 1990 71 Snyder … Chapters and paragraphs by the editor and an
123 3461 266 68 assisting
415 3461 149 52 staff.
628 3460 111 53 Art
768 3462 182 52 editor
978 3463 111 51 and
1117 3461 148 53 book
1293 3461 262 69 designer:
1614 3463 304 68 Raymond
1946 3463 170 53 Heer.

125 3537 319 67 Sponsored
488 3538 75 68 by
604 3539 92 53 the
739 3538 271 54 Institute
1056 3538 64 53 of
1163 3539 305 53 American
1514 3539 234 69 poultry
1792 3540 323 54 industries.

124 3614 1211 70 Chicago, Progress publications [ c 1933]
191 3688 26 38 2
241 3699 40 29 V.
343 3689 139 47 illus.,
510 3689 151 47 diagr.
722 3688 55 40 19½
810 3691 44 21 cm
857 3720 9 8 .

193 3743 158 50 Paged
380 3745 350 46 continuously.

193 3800 158 41 Blank
382 3811 144 38 pages
556 3802 78 39 for
667 3802 109 46 “My
806 3813 104 29 own
946 3801 211 48 recipes”
1201 3801 284 51 ([607-608])

458 3856 1659 51 CONTENTS .—book I. Whence came our eggs and poultry?—book II.
125 3912 98 40 The
245 3913 103 40 best
373 3913 52 39 of
445 3913 140 40 foods:
638 3924 112 37 eggs
776 3915 94 39 and
893 3915 208 46 poultry.

128 3966 50 51 ©
209 3971 99 39 Oct.
338 3971 67 40 21,
436 3971 111 40 1933;
605 3973 67 38 2c.
702 3973 116 38 each
849 3973 100 40 Oct.
979 3974 82 45 23;
1094 3973 83 40 aff.
1208 3973 101 40 Oct.
1340 3973 82 46 25;
1455 3974 42 39 A
1525 3974 169 47 66775;
1728 3975 50 41 P.
1810 3974 306 48 Mandeville,

193 4028 235 47 Madison,
456 4027 116 41 Wis.
643 4028 278 50 (33-31254)
