2484 4405
1089 4091 134 50 1309

241 522 160 40 “First
433 522 283 46 impression;
778 523 172 39 second
982 520 332 49 impression.”

171 582 50 51 ©
249 586 128 47 Sept.
401 587 38 39 1,
465 585 137 40 1933:
630 585 65 40 2c.
724 586 127 46 Sept.
880 586 78 40 15:
987 585 81 39 aff.
1098 586 127 46 Sept.
1251 585 81 40 19:
1360 586 41 37 A
1425 583 169 47 65293;
1625 585 142 38 Ethel
1795 585 139 46 Mary
1964 584 198 47 Savage,

239 643 217 46 Sleepers
492 642 147 45 Land,
675 642 316 46 Winchester,
1031 642 234 46 England.
1337 641 279 47 (33-24663)

166 739 243 54 Federal
470 748 270 63 reporter.
837 742 218 54 Second
1116 743 183 52 series.
1395 742 169 54 Cases
1625 744 213 67 argued
1899 744 112 51 and
235 742 1902 132 determined

562 821 58 53 in
669 822 93 53 the
812 821 215 55 United
1079 822 189 55 States
1316 821 200 54 circuit
1564 827 188 47 courts
1800 821 62 52 of
1911 821 250 69 appeals,

238 899 180 54 Court
442 899 64 53 of
532 902 232 66 appeals
790 900 63 53 of
876 901 96 51 the
998 901 243 52 District
1268 901 63 51 of
1359 899 299 55 Columbia
1685 901 112 51 and
1822 900 95 52 the
1942 899 218 55 United

238 977 187 54 States
456 985 159 46 court
650 978 64 52 of
747 984 242 46 customs
1025 979 113 51 and
1173 984 199 62 patent
1405 979 250 67 appeals,
1687 978 139 52 with
1859 978 107 68 key

234 996 1902 112 number
378 1057 378 52 annotations,
832 1074 50 34 v.
932 1060 66 48 64
1030 1057 127 67 (2d)
1251 1058 335 66 May-July,
1636 1059 150 48 1933.
1864 1056 83 53 St.
1995 1056 166 67 Paul,

233 1135 157 53 West
416 1134 335 68 publishing
777 1153 96 49 co.,
904 1138 148 50 1933.

235 1208 135 42 xxiii,
401 1210 112 36 1102
543 1219 43 36 p.
616 1208 107 40 incl.
753 1208 164 41 front.,
948 1218 149 36 maps,
1129 1208 203 46 facsim.,
1362 1207 180 47 diagrs.
1600 1208 115 38 26cm.

167 1259 54 52 ©
249 1267 126 45 Sept.
430 1265 39 41 12,
498 1265 111 39 1933;
665 1265 65 39 2c.
759 1267 95 37 and
881 1264 82 40 aff.
993 1265 100 39 Oct.
1123 1264 54 38 12;
1235 1266 39 36 A
1301 1264 141 40 65572:
1501 1265 132 39 West
1662 1265 109 46 pub.
1799 1274 68 30 co.

164 1368 160 53 Field
351 1384 270 37 museum
647 1368 64 53 of
735 1368 239 52 natural
1000 1368 254 64 history,
1283 1367 266 67 Chicago.

232 1446 348 53 Prehistoric
612 1465 149 48 man,
792 1446 143 52 Hall
967 1446 65 52 of
1061 1446 95 53 the
1186 1458 156 40 stone
1375 1464 102 49 age
1510 1445 64 53 of
1604 1446 94 51 the
1731 1446 94 53 old
1858 1446 198 69 world,
2087 1446 74 69 by

167 1522 1996 71 Henry Field … foreword by Berthold Laufer … 8 plates
167 1601 1995 71 in photogravure and 1 map … Chicago, Field museum of
166 1683 223 51 natural
422 1681 237 68 history,
693 1685 149 48 1933.

234 1753 1924 51 cover-title, 44 p. illus. (map) VIII pl. 21½cm. (Its Anthropology
165 1814 160 39 leaflet
353 1813 81 48 31)

233 1870 347 47 Bibliography:
639 1880 42 37 p.
709 1870 70 38 44.

167 1924 50 52 ©
246 1930 113 46 July
385 1929 69 45 31,
482 1928 111 39 1933;
650 1928 65 38 2c.
744 1928 95 38 and
866 1926 81 40 aff.
975 1928 119 46 Aug.
1123 1927 24 38 1;
1206 1927 39 38 A
1274 1926 141 40 63773:
1475 1926 136 40 Field
1639 1937 219 29 museum
1886 1926 53 40 of
1964 1928 197 39 natural

236 1985 202 48 history.
508 1984 279 49 (33-24734)

162 2089 192 65 Fiske,
385 2089 197 52 Frank
612 2090 277 61 Bennett,
921 2091 171 49 1883-

234 2167 131 52 Life
403 2167 112 51 and
553 2167 170 51 death
761 2166 64 52 of
863 2166 220 67 Sitting
1123 2167 135 51 Bull
1302 2166 109 67 [by]
1453 2166 198 52 Frank
1688 2168 246 52 Bennett
1969 2167 188 52 Fiske.

163 2244 140 52 Fort
332 2245 193 65 Yates,
552 2244 70 51 N.
647 2244 92 66 D.,
765 2244 454 52 Pioneer-arrow
1244 2244 161 67 print
1436 2249 192 61 [c1933]

235 2315 1164 50 3 p. l., 72 p. incl. illus., plates, ports. 19cm.
237 2374 160 39 “First
426 2373 225 40 edition.”

167 2427 51 51 ©
243 2433 118 44 Aug.
387 2430 67 41 29.
482 2431 139 43 1933;
650 2430 63 39 2c.
743 2431 94 37 and
864 2428 81 41 aff.
975 2430 127 46 Sept.
1131 2429 81 39 12:
1240 2430 40 37 A
1307 2428 170 41 65204:
1508 2430 51 41 F.
1587 2431 51 38 B.
1669 2429 157 47 Fiske,
1856 2431 117 39 Fort
1999 2432 162 49 Yates,

280 2520 7 8 N.
373 2519 8 7 D.
452 2486 279 48 (33-24638)

163 2591 143 66 Gall,
336 2593 137 52 Mrs.
505 2590 160 54 Alice
704 2589 227 68 (Crew)

230 2668 281 69 Ringtail,
543 2669 74 67 by
650 2668 163 52 Alice
850 2668 161 54 Crew
1046 2668 134 54 Gall
1216 2669 112 51 and
1362 2668 266 69 Fleming
1659 2670 76 51 H.
1773 2669 191 68 Crew;

165 2670 1992 145 illustrated by James Reid. London, New York [etc.] Oxford
163 2825 312 67 university
509 2845 156 49 press
723 2828 174 64 [c1933]

237 2898 95 49 119,
366 2901 55 48 [1]
453 2910 40 37 p.
525 2900 108 40 incl.
660 2899 163 48 front.,
853 2899 127 40 illus.
1040 2897 146 41 23½cm.

237 2958 285 39 Illustrated
553 2957 358 46 lining-papers.

265 3014 198 39 Printed
490 3014 47 40 in
567 3015 81 38 the
677 3014 175 39 United
885 3014 161 39 States
1073 3013 52 40 of
1153 3013 263 40 America.”

167 3068 50 51 ©
245 3072 127 47 Sept.
396 3073 68 44 21,
490 3071 111 40 1933;
655 3072 65 37 2c.
747 3073 95 38 and
867 3071 82 40 aff.
977 3071 126 47 Sept.
1130 3071 54 38 23;
1240 3071 38 38 A
1304 3070 143 41 65338:
1503 3072 187 40 Oxford
1716 3072 129 40 univ.
1871 3083 148 37 press,
2045 3073 118 39 New

232 3129 142 39 York.
403 3129 89 38 inc.
564 3127 278 48 (33-24919)

162 3232 272 64 Gessner,
465 3233 239 55 Robert.

232 3309 225 52 Broken
511 3328 182 33 arrow
769 3309 91 68 [by]
918 3308 215 54 Robert
1185 3309 258 54 Gessner.
1519 3311 138 52 New
1712 3311 178 66 York,
1941 3311 215 52 Farrar

160 3392 44 49 &
234 3388 297 65 Rinehart,
561 3387 397 67 incorporated
1014 3391 175 63 [c1933]

243 3462 17 37 1
291 3471 42 36 p.
398 3493 7 8 l.
435 3461 144 39 3-280
610 3472 42 36 p.
715 3460 114 40 20cm.

168 3515 50 51 ©
252 3520 125 46 Sept.
406 3519 68 39 21.
503 3518 139 40 1933:
674 3519 65 38 2c.
774 3519 126 46 Sept.
931 3519 81 39 25:
1045 3518 81 40 aff.
1161 3519 127 46 Sept.
1318 3519 82 39 22:
1433 3519 39 37 A
1502 3518 170 41 66238:
1705 3519 55 39 R.
1794 3518 219 47 Gessner,
2044 3519 119 40 New

235 3574 142 40 York.
448 3574 278 47 (33-24920)

163 3678 254 58 Gillete,
452 3678 225 64 George
713 3677 261 56 Francis.

232 3754 118 55 The
386 3753 241 55 rational
664 3752 399 70 non-mystical
1100 3772 238 48 cosmos;
1375 3752 93 56 the
1503 3751 309 71 mysticism
1849 3752 63 54 of
1946 3754 210 54 science

166 3831 1988 70 exploded … by George F. Gillette … 3d private ed. [New
167 3908 175 56 York,
371 3909 121 53 The
522 3910 223 66 Appeal
778 3908 262 69 printing
1070 3927 295 50 company]
1404 3912 150 49 1933.

233 3983 1086 48 3 p. l ., xvi, 384 p. illus , diagrs. 23½cm.
