2484 4405
1023 4093 134 50 1453

98 448 212 63 Keyes,
339 449 136 52 Mrs.
506 448 255 51 Frances
789 442 330 55 Parkinson
1151 442 328 67 (Wheeler)
1517 446 171 50 1885-

170 522 240 55 Senator
443 522 318 53 Marlowe’s
799 523 300 67 daughter,
1133 521 74 58 by
1244 523 245 50 Frances
1526 520 323 54 Parkinson
1884 521 205 64 Keyes.

99 604 135 50 New
262 602 178 66 York,
467 604 56 53 J.
550 603 268 65 Messner,
846 600 106 52 inc.
987 603 172 63 [1933]

165 676 27 39 6
219 687 41 36 p.
324 706 8 15 l.,
361 675 88 40 465
475 686 41 36 p.
574 675 52 40 21½
662 676 44 21 cm
711 706 8 7 .

99 742 51 51 ©
184 745 100 40 Oct.
317 746 68 45 27,
419 745 112 39 1933
549 755 9 35 ;
592 745 67 40 2c.
692 744 117 40 Nov.
841 744 25 39 3
885 754 8 36 ;
929 743 80 40 aff.
1044 744 116 38 Nov.
1194 743 52 46 2;
1282 743 41 38 A
1355 742 170 47 65937;
1562 742 51 41 F.
1647 742 50 39 P.
1730 741 172 47 Keyes,
1936 741 157 39 North

167 801 269 47 Haverhill,
466 802 56 39 N.
551 802 59 39 H.

96 904 190 65 Klein,
315 905 283 55 Norman.

166 976 1927 72 The destroying angel, by Norman Klein … New York,
97 1060 213 51 Farrar
338 1061 46 49 &
414 1058 297 67 Rinehart,
744 1058 398 67 incorporated
1179 1090 12 33 [
1197 1063 17 21 c
1220 1060 151 64 1933]

168 1132 25 39 6
221 1143 41 36 p.
325 1163 8 13 l.,
360 1132 143 40 3-307
533 1143 39 36 p.
636 1130 142 41 19½cm.

100 1199 51 51 ©
180 1203 100 40 Oct.
308 1203 68 46 16,
404 1203 112 39 1933
534 1213 9 36 ;
573 1203 66 39 2c.
669 1202 101 40 Oct.
799 1202 80 46 19;
910 1202 81 40 aff.
1022 1202 100 40 Oct.
1152 1202 81 40 17;
1265 1201 41 38 A
1332 1201 171 47 65708;
1533 1201 55 40 N.
1618 1201 159 47 Klein,
1804 1201 117 38 New
1949 1199 145 41 York.

177 1259 278 49 (33-30000)

98 1359 280 67 Lathrop,
410 1362 271 62 Dorothy
712 1360 181 64 Pulis,
929 1363 171 49 1891-

166 1439 120 52 The
319 1437 149 54 little
501 1438 172 53 white
704 1445 152 62 goat,
891 1437 71 69 by
994 1437 264 69 Dorothy
1291 1437 66 53 P.
1391 1437 276 68 Lathrop.
1741 1437 138 53 New
1915 1435 179 69 York,

97 1517 121 52 The
245 1516 336 53 Macmillan
609 1534 295 49 company,
938 1518 149 51 1933.

167 1588 1492 50 3 p. l., 58 p., 1 l. incl. plates, col. front. 21 × 24½ cm .
102 1644 51 51 ©
184 1648 101 40 Oct.
314 1649 68 46 17,
412 1648 140 46 1933;
583 1648 66 39 2c.
680 1649 95 38 and
805 1647 80 40 aff.
918 1647 101 40 Oct.
1049 1647 83 47 18;
1164 1647 43 42 A
1233 1646 171 48 66654;
1437 1647 283 39 Macmillan
1747 1657 69 30 co.

176 1704 279 49 (38-30004)

97 1808 277 65 Lindsay,
410 1808 285 65 Norman,
735 1809 171 51 1879-

166 1887 128 50 Pan
324 1885 59 50 in
414 1884 95 52 the
541 1883 251 68 parlour,
824 1884 72 68 by
929 1884 256 52 Norman
1217 1884 284 68 Lindsay;
1538 1882 325 54 illustrated
1894 1883 74 68 by
2000 1883 96 54 the

97 1963 220 52 author.
392 1962 138 52 New
560 1962 177 68 York,
764 1962 214 52 Farrar
1005 1964 46 49 &
1077 1960 299 71 Rinehart,
1404 1962 400 69 incorporated
1836 1995 15 35 [
1854 1968 18 22 c
1877 1964 134 50 1933
2016 1995 13 35 ]

166 2039 28 37 4
221 2047 44 38 p.
329 2069 9 17 l.,
365 2037 148 40 3-346
539 2048 43 37 p.
642 2036 128 40 illus.
831 2035 145 41 19½cm.

101 2091 51 51 ©
183 2095 87 40 Oct.
314 2095 67 47 16,
412 2095 139 44 1933;
582 2094 67 40 2c.
680 2094 100 40 Oct.
811 2094 82 46 19;
926 2093 80 40 aff.
1038 2094 102 40 Oct.
1170 2095 82 45 17;
1284 2094 41 38 A
1354 2093 170 48 65709;
1556 2094 56 40 N.
1643 2094 227 47 Lindsay,
166 2093 1914 104 Springwood,

349 2152 117 40 New
503 2152 151 39 South
689 2151 175 47 Wales,
899 2150 268 40 Australia.
1235 2151 283 49 (33-30001)

99 2253 347 65 McKinney,
473 2252 254 55 William
757 2254 190 64 Mark,
977 2255 84 53 ed.

170 2331 139 53 New
345 2331 325 54 California
703 2331 203 68 digest,
940 2330 283 68 compiled
1256 2332 181 52 under
1471 2332 97 52 the
1600 2332 268 53 editorial
102 2351 1966 111 supervision

320 2409 63 53 of
414 2409 259 55 William
707 2412 78 51 M.
822 2409 358 67 McKinney;
1217 2409 313 69 managing
1564 2410 202 68 editor,
1801 2412 56 53 J.
1895 2410 199 55 Oliver

100 2487 235 52 Tucker.
412 2488 240 52 Volume
843 2531 9 9 XXIV.
927 2489 204 51 Trusts
1172 2494 57 47 to
1270 2490 215 66 Water,
1527 2491 150 63 §193.
1754 2487 118 55 San
101 2490 1970 143 Francisco,

296 2565 583 70 Bancroft-Whitney
912 2583 297 52 company,
1245 2570 150 50 1933.

166 2652 42 33 v,
251 2640 82 40 871
376 2651 42 36 p.
488 2641 59 38 26cm

102 2692 50 52 ©
185 2697 126 47 Sept.
339 2696 70 47 29,
438 2696 140 47 1933;
609 2697 67 40 2c.
705 2697 95 39 and
829 2696 82 41 aff.
942 2697 100 40 Oct.
1073 2696 53 41 6;
1157 2696 42 39 A
1227 2696 170 43 66494;
1430 2696 488 47 Bancroft-Whitney
1947 2708 66 29 co.

100 2854 252 65 Morton,
382 2854 154 53 John
567 2854 314 65 Bingham,
916 2861 169 49 1893-

167 2931 183 69 Hag’s
381 2932 226 53 harvest
663 2932 91 69 [by]
793 2932 56 53 J.
883 2934 67 51 B.
984 2932 250 53 Morton.
1301 2933 258 67 London,
1592 2933 89 54 W.
1715 2932 380 68 Heinemann,

100 3009 102 53 ltd.
239 3012 170 64 [1933]

165 3084 28 39 4
219 3093 43 38 p.
323 3114 8 16 l.,
359 3082 85 41 501
470 3094 46 38 p.
574 3084 148 42 20½cm.

102 3135 1992 55 © 1c. Sept 21, 1933; A ad int. 18230; pubd. July 31; J. B. Morton,
170 3198 209 40 London.
451 3198 278 48 (33-30570)

102 3299 278 54 National
421 3301 221 53 council
683 3301 63 53 of
785 3318 225 36 women
1051 3302 64 52 of
1154 3303 102 51 the
1296 3301 220 55 United
1556 3303 221 54 States.

166 3375 120 53 The
328 3395 103 35 one
471 3377 263 53 hundred
776 3378 120 53 best
938 3378 174 53 books
1152 3379 76 67 by
1270 3376 306 55 American
1617 3397 216 35 women
1877 3377 212 68 during

98 3451 93 54 the
223 3459 129 61 past
379 3453 262 54 hundred
670 3473 180 49 years,
883 3459 327 63 1833-1933,
1242 3475 59 34 as
1333 3457 202 52 chosen
1566 3456 95 53 for
1690 3456 96 52 the
1814 3455 275 54 National

99 3529 217 53 council
351 3531 62 53 of
448 3550 244 49 women;
731 3533 190 53 edited
957 3534 74 66 by
1063 3533 182 53 Anita
1279 3536 260 64 Browne,
1576 3534 310 66 chairman,

103 3533 1961 127 Committee
352 3609 62 53 of
474 3610 283 53 selection.
855 3610 271 68 Chicago,
1189 3611 333 53 Associated
1585 3612 233 53 authors
1880 3609 212 55 service

103 3717 12 34 [
121 3692 15 20 c
142 3689 151 63 1933]

170 3759 25 39 3
222 3770 43 37 p.
329 3790 8 16 l.,
366 3759 144 41 9-128
537 3771 43 37 p.
640 3760 57 41 19
700 3762 43 22 cm
747 3794 9 8 .

172 3812 72 42 On
270 3824 168 32 cover:
468 3816 135 40 With
628 3816 203 41 reviews
857 3818 51 40 of
935 3818 82 41 the
1045 3818 149 41 books
1223 3819 95 39 and
1346 3818 307 49 biographies
1683 3819 51 41 of
1761 3820 82 41 the
1872 3821 217 40 authors.

172 3871 66 39 “A
268 3871 212 49 Century
510 3873 49 40 of
585 3873 253 49 progress”
864 3874 198 41 edition.

101 3925 50 52 ©
184 3930 124 47 Sept.
338 3931 67 45 22,
435 3930 112 39 1933
566 3941 8 29 :
605 3930 67 40 2c.
701 3933 94 37 and
825 3930 80 40 aff.
937 3931 99 40 Oct.
1067 3932 82 45 13;
1181 3932 42 39 A
1250 3932 142 39 66595
1410 3942 9 36 ;
1451 3933 128 39 Natl.
1610 3932 187 41 council
1828 3934 51 39 of
1907 3943 185 30 women

167 3986 50 39 of
245 3988 82 38 the
356 3987 55 40 U.
443 3987 58 46 S.,
532 3987 105 47 inc.,
668 3988 116 38 New
814 3988 143 39 York.
1032 3988 279 47 (33-30125)
