2484 4405
1065 4058 132 49 1321

157 424 305 55 Alabama.
539 426 273 65 Supreme
845 430 173 46 oourt.

228 501 1718 70 Report of cases argued and determined … during the
157 504 1965 128 October
286 585 161 53 term,
483 582 325 64 1932-1933,
840 580 72 65 by
946 580 181 52 Noble
1159 581 75 51 H.
1271 580 162 67 Seay,
1467 585 257 62 reporter
1757 581 63 51 of
1854 581 291 53 decisions.

198 701 8 9 v.
233 660 115 48 226.
428 656 80 54 St.
535 658 164 66 Paul,
724 658 159 52 West
909 657 334 68 publishing
1270 676 96 40 co.,
1397 661 148 48 1933.

223 731 101 47 xiii,
355 731 84 40 768
467 742 42 36 p.
568 731 102 39 26cm.

158 798 51 51 ©
243 802 126 47 Sept.
403 801 37 46 8,
474 801 112 40 1933;
647 801 66 39 2c.
747 802 94 38 and
875 800 80 40 aff.
991 801 101 40 Oct.
1127 801 80 45 12;
1243 803 37 36 A
1316 801 168 45 65601;
1522 802 53 40 B.
1610 803 61 38 M.
1708 802 173 40 Miller,
1947 813 85 28 governor

229 858 52 40 of
310 859 248 46 Alabama,
591 857 78 40 for
700 867 84 31 use
817 858 53 40 of
901 857 106 41 said
1039 860 142 40 state,
1218 859 344 47 Montgomery,
1599 859 102 40 Ala.

151 962 273 64 Alciette,
454 963 219 53 Pierre.

283 1037 1862 70 … Ce démon de Jacotte, roman. Paris, Gautier-Languereau,
153 1118 147 48 1933.

219 1185 1537 51 286 p., 1 l. 19cm. (On cover: Bibliothèque de ma fille)
152 1264 52 52 ©
249 1269 117 38 Mar.
412 1268 68 47 15,
525 1267 138 46 1933;
769 1299 7 7 1c.
821 1267 119 47 Aug.
984 1267 51 39 2:
1083 1268 102 37 A-
1188 1267 206 48 Foreign
1438 1268 171 48 21759;
1657 1258 222 52 Éditions
221 1270 1925 101 Gautier-Languereau.
621 1323 278 48 (33-25054)

148 1424 187 66 Allen,
361 1428 136 53 Mrs.
526 1428 103 52 Ida
659 1426 283 63 Cogswell
979 1424 265 67 (Bailey)
1283 1430 169 49 1885-

222 1506 120 52 The
370 1506 209 52 service
607 1506 139 52 cook
773 1504 162 68 book,
963 1505 75 67 by
1066 1506 138 53 Mrs.
1237 1505 108 52 Ida
1376 1506 202 67 Bailey
1606 1507 186 52 Allen.
1860 1507 282 54 Colorado

155 1584 261 68 Springs,
447 1585 138 66 Col.,
613 1584 142 52 Pub.
787 1583 344 67 exclusively
1164 1583 92 51 for
1286 1586 63 52 F.
1379 1586 88 53 W.
1498 1585 166 54 Wool
1670 1587 183 51 worth
1884 1589 45 49 &
1958 1605 78 35 co.
2068 1587 74 66 by

153 1661 241 66 Service,
422 1663 124 66 inc.,
571 1666 173 49 c1933.

218 1735 25 38 1
309 1765 7 8 v.
378 1735 127 41 ilius.
565 1735 146 40 22½cm.

217 1792 270 40 Loose-leaf;
547 1792 157 39 tables
736 1803 59 28 on
825 1790 363 49 lining-papers.

217 1848 223 41 Includes
471 1848 301 48 advertising
799 1850 192 40 matter.

152 1916 50 52 ©
237 1922 123 47 Sept.
392 1921 68 46 22,
491 1921 113 39 1933;
663 1921 65 40 2c.
765 1921 126 47 Sept.
921 1921 56 40 27;
1036 1921 82 40 aff.
1152 1923 127 46 Sept.
1310 1922 58 39 26;
1427 1923 39 37 A
1498 1922 143 40 65365;
1705 1922 204 42 Service,
1941 1923 90 41 inc.

229 1977 278 50 (33-25717)

145 2080 341 54 Aluminum
516 2099 287 47 company
830 2082 63 53 of
921 2082 294 55 America.

216 2157 174 53 Alcoa
423 2158 311 52 aluminum
765 2160 112 51 and
908 2159 72 52 its
1010 2160 195 65 alloys.
1271 2157 357 71 Pittsburgh,
1657 2161 120 66 Pa.,
1806 2159 336 53 Aluminum

146 2252 276 51 company
459 2235 63 52 of
557 2235 260 55 America
859 2239 192 64 [c1933]

215 2309 911 49 73, [1] p. incl. ilius., tables. 21cm.
149 2376 53 52 ©
245 2381 126 47 Sept.
412 2381 67 46 11,
521 2380 112 40 1933;
703 2380 67 41 2c.
811 2383 95 37 and
947 2380 81 41 aff.
1074 2381 126 48 Sept.
1243 2382 55 39 19;
1368 2382 40 38 A
1448 2382 143 40 65298;
1662 2384 280 40 Aluminum
1984 2396 67 29 co.
2094 2387 51 38 of

213 2437 235 40 America.
514 2433 68 53 [©
612 2437 249 48 revisions]
935 2437 280 49 (33-25027)

142 2540 315 53 American
485 2540 351 53 foundation
863 2541 96 51 for
987 2541 101 53 the
1116 2541 178 55 blind.

213 2617 303 68 Directory
554 2617 64 52 of
652 2617 341 68 periodicals
1030 2616 64 53 of
1131 2619 209 66 special
1379 2618 235 55 interest
1649 2625 59 48 to
1743 2621 96 54 the
1877 2622 162 54 blind
2080 2624 59 52 in

144 2695 216 52 Braille
394 2696 112 51 and
540 2694 280 69 inkprint,
855 2695 281 68 compiled
1169 2695 75 69 by
1280 2696 189 69 Helga
1504 2698 207 53 Lende.
1784 2700 138 52 New
1960 2701 180 68 York,

142 2772 304 53 American
481 2772 342 53 foundation
858 2772 93 52 for
981 2773 96 52 the
1108 2772 181 69 blind,
1320 2774 127 68 inc.,
1484 2777 149 52 1933.

213 2845 63 48 vi,
303 2846 54 40 58
383 2857 44 36 p.
487 2846 144 41 23½cm.

214 2903 250 46 Arranged
492 2902 390 47 geographically
911 2902 153 40 under
1093 2902 258 49 countries,
1381 2903 120 40 with
1531 2904 109 41 title
1671 2905 158 42 index.

217 2959 67 38 “A
319 2968 106 30 new
464 2959 182 39 edition
686 2958 51 40 of
773 2960 82 38 the
893 2957 326 48 Compilation
1258 2959 52 40 of
1348 2959 183 42 Braille
1571 2962 290 46 periodicals
1904 2966 93 39 and
2040 2965 101 40 ink-

145 3015 130 46 print
303 3015 275 47 magazines
609 3014 210 48 relating
848 3016 48 38 to
927 3016 82 38 the
1039 3015 133 40 blind
1205 3015 48 39 in
1288 3017 83 38 the
1404 3016 176 41 United
1617 3017 163 42 States
1813 3021 94 38 and
1942 3021 195 47 abroad,

146 3071 161 40 issued
339 3072 48 39 in
420 3070 113 41 1929
565 3071 61 48 by
659 3071 86 40 Ida
779 3070 354 41 Hirst-Gifford
1166 3073 95 39 and
1293 3072 133 40 Ruth
1459 3072 54 40 E.
1546 3073 423 45 Wilcox.”—Pref.

146 3141 51 52 ©
234 3146 118 39 Mar.
389 3144 67 43 25,
492 3143 139 41 1933:
669 3144 67 40 2c.
771 3145 95 38 and
902 3142 82 42 aff.
1019 3144 112 47 Apr.
1168 3144 51 46 6;
1258 3145 39 38 A
1333 3144 170 49 60920;
1541 3147 159 41 Amer.
1735 3148 293 42 foundation
2063 3151 78 41 for

213 3204 80 37 the
323 3202 146 41 blind,
501 3202 89 39 inc.
662 3200 279 47 (33-25986)

142 3306 312 53 American
483 3304 226 63 society
736 3304 96 52 for
860 3303 227 64 testing
1115 3305 324 55 materials.

213 3382 364 69 Symposium
612 3400 71 34 on
719 3386 183 47 motor
938 3379 331 70 lubricants,
1305 3381 139 53 New
1481 3382 164 53 York
1678 3384 255 69 regional

141 3398 1972 133 meeting,
291 3460 303 53 American
629 3460 210 66 society
875 3458 92 52 for
1001 3458 213 69 testing
1246 3460 308 68 materials,
1587 3461 131 55 held
1753 3464 211 72 jointly
1999 3470 137 55 with

141 3542 95 51 the
287 3537 411 69 Metropolitan
750 3536 229 66 section,
1034 3535 226 69 Society
1313 3537 64 51 of
1429 3539 345 56 automotive
1827 3548 309 71 engineers,

141 3620 135 52 New
313 3618 161 52 York
507 3616 131 67 city,
671 3615 202 51 March
909 3618 48 64 8,
991 3617 150 49 1933.
1217 3613 426 73 Philadelphia,
1676 3620 120 69 Pa.,
1829 3623 306 58 American

140 3699 209 67 society
379 3695 93 53 for
500 3694 212 67 testing
739 3692 291 53 materials
1064 3693 172 66 [1933]

211 3773 83 39 121
325 3783 43 36 p.
426 3769 177 47 diagrs.
664 3768 116 39 23cm.

212 3824 347 46 “References”:
621 3837 42 36 p.
695 3823 158 41 75-76.

145 3899 50 52 ©
233 3903 116 46 Aug.
384 3900 69 46 30,
490 3898 112 39 1933:
668 3896 66 39 2c.
769 3895 119 46 Aug.
923 3894 81 45 31;
1044 3893 81 40 aff.
1166 3894 125 47 Sept.
1330 3896 81 45 13;
1450 3897 39 38 A
1526 3898 169 50 66016;
1735 3904 157 43 Amer.
1930 3919 91 30 soc.
2060 3911 78 41 for

212 3958 179 46 testing
429 3953 265 42 materials.
765 3950 279 48 (33-24376)
