2484 4405
1094 4081 29 42 931

228 500 84 47 xii,
341 499 82 40 153
454 510 41 37 p.
556 498 55 39 22½
643 500 43 21 cm
692 529 9 8 .

233 556 131 40 Each
399 557 110 46 poet
544 556 88 38 has
666 554 206 40 selected
907 553 77 40 his
1018 562 108 31 own
1159 562 134 38 poem
1329 552 94 39 and
1459 551 111 40 tells
1603 550 51 40 of
1688 550 81 39 the
1803 549 138 40 mood
1978 559 53 29 or
158 548 1975 104 circumstance
464 612 157 39 which
648 612 76 39 led
754 614 48 37 to
833 610 64 40 its
927 609 232 42 creation,
1219 610 62 47 cf.
1310 609 184 39 Introd.

163 680 51 51 ©
245 684 124 39 June
397 682 68 48 19,
494 682 140 47 1933;
664 683 67 40 2c.
761 683 126 39 June
915 682 82 46 24;
1028 680 83 41 aff.
1142 681 129 40 June
1296 680 82 47 21;
1410 680 40 38 A
1479 679 170 46 64133;
1683 678 205 40 Duffield
1919 677 36 40 &
1986 676 169 40 Green.

239 740 278 48 (33-16821)

155 841 230 67 Brown,
414 843 206 54 Edwin
646 842 173 66 John,
849 847 170 50 1891-

227 921 309 67 Everyday
575 921 283 67 problems
897 920 59 52 in
995 921 304 52 classroom
1339 923 424 62 management;
1807 936 31 34 a
1877 935 121 34 case
2039 916 111 53 and

159 994 1992 71 problem book, by Edwin J. Brown … Boston, New York
181 1074 1240 69 [etc.] Houghton Mifflin company [ c 1933]
230 1157 77 36 xv,
333 1147 85 41 306
443 1159 42 37 p.
513 1149 109 39 incl.
648 1149 128 48 plan,
805 1149 194 48 diagrs.,
1025 1149 168 39 forms.
1249 1146 53 41 21
1308 1150 41 21 cm
1356 1179 9 9 .
1431 1146 293 50 (Half-title:
1752 1145 253 41 Riverside
161 1148 1976 96 textbooks

335 1205 49 38 in
410 1204 272 48 education,
709 1206 72 40 ed.
808 1206 61 47 by
897 1205 51 41 E.
977 1205 49 41 P.
1055 1203 267 49 Cubberley)

232 1260 244 41 “Selected
504 1261 301 41 references”
830 1263 53 39 at
907 1262 92 40 end
1025 1261 51 41 of
1101 1262 120 39 each
1246 1262 227 48 chapter;
1503 1260 133 40 “List
1662 1260 51 40 of
1737 1260 149 41 books
1912 1259 52 41 of
1988 1259 163 41 fiction

161 1317 1990 48 which … deal with … some … of the numerous phases of educational
159 1375 320 48 procedure”:
510 1388 43 37 p.
582 1375 216 41 268-271.

162 1443 51 52 ©
246 1449 127 38 June
402 1450 39 44 1,
474 1448 140 46 1933;
647 1448 66 39 2c.
747 1447 126 39 June
904 1446 82 46 10;
1021 1446 82 42 aff.
1138 1447 126 39 June
1296 1446 52 46 9;
1382 1446 41 39 A
1454 1445 171 47 63106;
1660 1447 52 38 E.
1746 1446 44 41 J.
1824 1447 191 45 Brown,
231 1447 1907 105 Emporia,

410 1505 123 40 Kan.
605 1503 279 49 (33-15947)

153 1605 396 67 Butterweck,
578 1608 221 63 Joseph
828 1606 250 67 Seibert,
1112 1612 171 50 1891-

227 1683 95 53 An
361 1683 343 55 orientation
742 1703 194 35 course
970 1685 60 52 in
1069 1684 301 54 education
1430 1685 93 67 [by]
1568 1685 215 66 Joseph
1824 1683 58 56 S.
1920 1686 229 51 Butter-

158 1762 1986 68 week and J. Conrad Seegers … Boston, New York [etc.]
155 1838 317 69 Houghton
498 1839 205 53 Mifflin
731 1858 280 49 company
1045 1874 12 33 [
1062 1847 18 22 c
1085 1843 133 50 1933
1226 1873 13 34 ]

229 1910 63 49 vi,
327 1912 55 49 [1]
414 1922 59 37 p.,
503 1911 28 41 3
597 1944 9 16 l.,
639 1912 159 49 3-391,
835 1915 55 48 [1]
922 1924 45 37 p.
1027 1913 128 41 illus.
1186 1912 133 49 (incl.
1351 1914 174 48 ports.)
1569 1913 180 49 diagrs.
1808 1912 145 42 24½cm.

230 1968 223 42 Includes
485 1968 391 50 bibliographies.

161 2037 51 51 ©
245 2043 113 45 May
388 2041 70 47 26,
491 2041 140 47 1933;
665 2042 67 40 2c.
765 2041 128 39 June
924 2041 81 46 10;
1041 2040 82 40 aff.
1158 2041 129 40 June
1317 2041 52 47 9;
1405 2041 41 39 A
1479 2041 169 47 63111;
1685 2042 43 40 J.
1765 2041 44 41 S.
1844 2041 311 40 Butterweck

227 2100 95 38 and
352 2099 41 39 J.
426 2098 190 40 Conrad
649 2098 212 47 Seegers,
891 2097 354 48 Philadelphia.
1317 2098 280 48 (33-15949)

154 2199 302 65 Charters,
482 2203 262 53 Werrett
772 2201 271 64 Wallace,
1075 2203 171 54 1875-

225 2279 121 53 The
382 2277 184 53 duties
599 2278 63 52 of
697 2277 149 54 Ohio
880 2276 413 70 public-health
1328 2277 462 69 commissioners,
1827 2278 72 69 by
1936 2278 86 52 W.
2060 2279 87 52 W.

159 2354 1991 70 Charters … and Darwin A. Hindman … Columbus, O., The
157 2431 150 53 Ohio
343 2438 141 48 state
520 2432 313 69 university
917 2435 151 66 [c1933]

223 2503 64 48 xi,
312 2503 58 40 70
390 2515 43 37 p.
486 2504 27 39 28½
574 2507 43 21 cm
624 2539 8 7 .
695 2504 298 50 (Half-title:
1023 2505 136 50 [Ohio
1186 2507 128 39 state
1341 2506 286 50 university]
1683 2509 194 39 Bureau
1902 2509 51 39 of
158 2511 1970 90 educational
346 2562 238 40 research.
650 2562 338 48 Monographs,
1054 2573 76 32 no.
1167 2563 79 48 17)

227 2618 72 41 On
334 2629 167 30 cover:
540 2618 122 41 Ohio
700 2622 127 38 state
866 2619 270 48 university
1173 2620 199 40 studies.

226 2675 290 41 “Published
545 2676 59 47 by
633 2677 81 39 the
743 2674 121 42 Ohio
891 2676 160 49 public
1077 2677 168 40 health
1274 2677 294 41 association
1597 2678 48 40 in
1676 2680 324 46 co-operation
2032 2680 115 41 with

157 2733 80 39 the
263 2733 193 39 Bureau
484 2733 50 39 of
558 2733 306 40 educational
893 2734 238 47 research,
1162 2732 120 42 Ohio
1308 2736 127 38 state
1462 2734 421 50 university.”—p.
1928 2738 42 39 [iv]

160 2803 51 51 ©
242 2808 114 46 May
385 2807 67 47 16,
483 2807 140 46 1933;
655 2808 66 39 2c.
752 2808 94 39 and
877 2806 81 41 aff.
990 2808 126 39 June
1148 2808 80 46 12;
1262 2808 40 38 A
1332 2808 169 47 63154;
1536 2809 195 42 Bureau
1763 2812 51 40 of
1842 2811 310 41 educational

227 2865 237 46 research,
496 2864 122 41 Ohio
645 2868 128 37 state
803 2864 143 47 univ.,
977 2864 275 48 Columbus,
1284 2864 51 41 O.
1403 2866 279 48 (33-27908)

154 2967 236 64 Clague,
419 2968 200 55 Ewan.

224 3043 1925 72 Ten thousand out of work, by Ewan Clague … and Webster
155 3122 1995 75 Powell … Philadelphia, University of Pennsylvania press,
157 3203 149 50 1933.

225 3273 115 46 xvii,
374 3273 85 41 188
493 3283 43 37 p.
596 3273 179 47 diagrs.
837 3273 55 41 23½
926 3276 45 22 cm
975 3307 9 8 .
1059 3274 298 48 (Half-title:
1393 3275 271 42 Industrial
1701 3279 225 39 research
154 3281 1981 94 department,

325 3329 238 41 Wharton
595 3331 157 39 school
787 3330 52 40 of
868 3330 186 40 finance
1086 3332 96 39 and
1215 3341 274 39 commerce,
1523 3333 284 49 University
1837 3335 53 40 of
155 3336 1973 95 Pennsylvania,
344 3385 352 48 Philadelphia.
754 3386 242 41 Research
1024 3386 201 42 studies,
1403 3389 14 48 XXII)

491 3442 112 41 CONTENTS.—A
643 3443 143 47 study
827 3443 51 40 of
919 3444 129 46 8,722
1089 3443 300 43 individuals
1430 3446 169 47 placed
1644 3449 51 39 at
1738 3449 308 47 made-work,
2090 3449 59 47 by

156 3498 151 40 Ewan
340 3497 296 49 Clague.—A
671 3501 144 45 study
849 3499 53 41 of
934 3499 227 41 financial
1197 3510 249 32 resources
1482 3503 50 39 in
1568 3504 81 40 the
1685 3504 215 42 families
1935 3506 52 40 of
2022 3505 130 44 1,439

186 3555 240 46 applicants
452 3555 78 39 for
556 3556 306 49 made-work,
890 3556 61 46 by
976 3557 222 40 Webster
1225 3556 191 43 Powell.

159 3609 51 51 ©
241 3614 127 39 June
395 3615 39 44 7,
466 3613 140 46 1933;
639 3614 67 40 2c.
737 3614 95 40 and
863 3614 80 40 aff.
977 3616 128 39 June
1134 3616 81 46 16;
1250 3616 40 39 A
1322 3617 169 48 63267;
1528 3619 281 49 University
1840 3620 53 42 of
225 3621 1910 89 Pennsylvania
403 3681 149 37 press.
623 3670 278 48 (33-16203)

151 3772 193 62 Clark,
371 3775 211 63 Nancy
608 3773 325 55 Elizabeth.

222 3851 81 52 Be
339 3852 119 51 still
500 3853 109 67 [by]
653 3854 200 67 Nancy
892 3854 301 52 Elizabeth
1234 3856 193 55 Clark.
1503 3859 111 53 Los
1650 3860 264 70 Angeles,
1956 3862 194 69 Calif.,

150 3930 1110 70 Nancy Clark publishing co. [ c 1932]
225 4004 55 39 46
309 4014 43 37 p.
410 4005 145 38 21½cm.
