2575 4405
1116 4046 64 49 55

190 474 378 49 Bibliography:
597 483 44 38 p.
668 470 218 43 111-119.

127 528 51 52 ©
203 532 109 40 Jan.
337 532 40 46 3,
403 530 112 41 1933;
570 528 66 42 2c.
664 529 111 40 Jan.
799 528 84 47 16;
912 527 80 41 aff.
1019 527 111 40 Jan.
1155 527 82 47 11;
1266 527 40 39 A
1332 525 170 48 58934;
1531 523 257 42 President
1815 525 95 39 and
1937 522 190 41 fellows

194 589 51 39 of
271 588 231 40 Harvard
529 588 191 46 college,
750 584 302 49 Cambridge,
1082 585 145 40 Mass.
1300 582 251 49 (33-2670)

123 680 262 63 Seymer,
414 680 136 52 Mrs.
581 679 164 63 Lucy
774 676 253 65 Ridgely
1063 674 313 69 (Buckler)

193 755 55 52 A
284 754 228 69 general
547 753 221 70 history
805 753 64 53 of
903 752 257 68 nursing,
1195 751 76 70 by
1306 751 158 70 Lucy
1503 748 249 70 Ridgely
1790 747 234 70 Seymer
2066 791 56 10 …

124 833 137 53 New
292 832 176 68 York,
497 832 123 53 The
648 830 334 53 Macmillan
1011 848 297 50 company,
1339 831 149 50 1933.

191 902 1212 50 x p., 1 l., 317 p. front., plates, ports. 22 cm .
195 961 130 41 “The
346 962 195 48 present
563 960 185 42 edition
771 960 53 42 of
847 958 99 44 this
969 959 136 42 work
1127 960 91 40 has
1239 959 119 41 been
1381 956 190 44 revised
1593 958 81 40 for
1693 956 259 42 American
122 954 1990 106 publication

311 1019 62 47 by
401 1017 129 41 Nina
559 1019 58 39 D.
647 1016 538 49 Gage.”—Publisher’s
1213 1019 127 38 note.

196 1075 245 48 “Nursing
476 1073 278 49 magazines
793 1074 53 40 of
885 1085 29 29 a
952 1072 222 42 national
1213 1071 313 43 character”:
1566 1083 43 37 p.
1648 1071 231 49 275-278;
125 1069 1990 112 Bibliography:
335 1143 43 38 p.
410 1130 218 42 288-299.

129 1187 1636 55 © Jan. 3, 1933; 2c. and aff. Jan. 4; A 57738; Macmillan co.
207 1249 251 50 (33-2535)

127 1338 293 66 Sigüenza
449 1358 39 47 y
519 1340 293 65 Góngora,
846 1338 206 56 Carlos
1078 1339 89 65 de,
1201 1338 327 55 1645-1700.

197 1416 123 53 The
339 1416 289 55 Mercurio
651 1418 230 53 volante
904 1417 63 54 of
989 1418 132 52 Don
1144 1417 201 55 Carlos
1369 1416 69 52 de
1462 1414 287 69 Sigüenza
1768 1433 38 48 y
1829 1413 302 67 Góngora;

130 1513 72 34 an
244 1501 238 47 account
521 1495 64 54 of
622 1496 97 53 the
758 1495 127 54 first
926 1494 331 69 expedition
1298 1493 64 55 of
1400 1494 132 53 Don
1572 1492 186 68 Diego
1799 1492 69 52 de
1907 1492 225 67 Vargas

129 1571 123 55 into
290 1573 140 53 New
467 1573 224 53 Mexico
728 1573 61 53 in
831 1576 163 64 1692;
1034 1572 337 66 translated,
1408 1571 141 54 with
1587 1569 393 55 introduction
2021 1570 114 53 and

128 1655 177 63 notes,
329 1651 77 69 by
428 1650 208 70 Irving
659 1651 207 54 Albert
890 1651 265 54 Leonard
1186 1694 56 11 …
1307 1650 111 54 Los
1444 1649 269 68 Angeles,
1738 1648 122 54 The
1888 1647 245 65 Quivira

124 1729 230 68 society,
398 1733 152 50 1932.

204 1800 1933 51 89 p., facsim.: ([91]-128 p.), 129-136 p. illus. (coat of arms) XII pl.
144 1857 133 49 (incl.
317 1858 136 41 front.
497 1858 171 50 (port.)
719 1859 105 40 fold.
881 1861 135 47 map)
1097 1858 57 41 26
1157 1860 43 22 cm
1205 1891 9 9 .
1296 1859 193 48 (Added
1532 1860 121 46 t.-p.:
1696 1857 204 47 Quivira
1940 1858 198 48 society.

135 1916 346 42 Publications,
538 1917 92 41 vol.
728 1918 13 47 III)

208 1971 315 50 “Thirty-five
556 1973 161 49 copies
749 1973 197 50 printed
979 1984 60 31 on
1075 1972 147 42 Rives
1255 1982 151 40 paper
1438 1972 80 41 for
1553 1973 83 41 the
1672 1970 204 48 Quivira
1912 1972 226 49 society.”

137 2028 203 49 Signed:
371 2029 170 50 Irving
566 2030 54 41 A.
649 2030 237 41 Leonard.
942 2030 120 41 This
1090 2040 120 39 copy
1236 2031 84 40 not
1348 2030 278 41 numbered.

207 2086 128 43 “The
365 2086 243 42 Mercurio
636 2086 197 43 volante
864 2118 46 10 …
942 2088 42 40 is
1013 2088 114 40 here
1157 2087 299 49 reproduced
1483 2086 51 40 in
1563 2086 243 42 facsimile
1838 2118 46 9 …
1916 2087 129 40 from
2076 2097 64 31 an

138 2143 209 50 original
379 2144 50 39 in
463 2144 82 41 the
577 2144 275 49 possession
887 2145 52 40 of
971 2145 83 40 the
1088 2143 127 41 John
1251 2142 176 43 Carter
1461 2143 177 42 Brown
1672 2143 187 49 library
1892 2144 52 41 of
136 2144 1988 105 Providence,

327 2200 169 43 Rhode
525 2200 478 49 Island.”—Introd.,
1032 2212 43 38 p.
1104 2201 72 41 46.

210 2258 259 41 Facsimile
505 2259 91 40 has
635 2258 135 41 title:
812 2257 244 42 Mercurio
1094 2257 196 42 volante
1328 2268 88 30 con
1457 2257 48 41 la
1543 2257 182 41 noticia
1765 2259 58 40 de
1862 2258 48 40 la
1951 2268 191 39 recupe-

138 2316 166 40 racion
337 2316 58 42 de
427 2316 74 41 las
533 2314 278 51 provincias
844 2315 78 42 del
954 2314 166 42 Nvevo
1151 2314 189 42 Mexico
1373 2314 290 51 consegvida
1696 2326 88 39 por
1817 2316 44 41 d.
1896 2315 151 51 Diego
2082 2317 59 41 de

137 2373 203 49 Vargas,
372 2373 201 48 Zapata,
603 2385 31 37 y
665 2374 172 40 Luxan
868 2373 157 41 Ponze
1054 2374 59 40 de
1144 2373 143 47 Leon,
1318 2373 303 48 governador
1652 2384 30 37 y
1713 2373 199 49 capitan
1944 2374 198 48 general

139 2431 58 40 de
239 2431 143 48 aquel
427 2441 162 37 reyno.
662 2429 273 41 Escriviola
979 2441 88 38 por
1111 2429 211 49 especial
1367 2431 148 39 orden
1561 2430 58 41 de
1663 2430 45 41 el
1752 2430 390 42 excelentissimo

139 2498 141 31 senor
305 2489 149 41 conde
479 2489 59 40 de
565 2487 150 41 Galve
741 2487 179 48 virrey,
946 2487 319 49 governador,
1290 2497 30 38 y
1346 2486 198 49 capitan
1572 2488 199 48 general
1796 2489 59 40 de
1880 2488 48 40 la
1955 2488 188 41 Nueva-

140 2545 211 48 España,
390 2545 77 40 &c.
506 2545 96 41 don
643 2543 171 42 Carlos
852 2545 59 40 de
953 2543 250 49 Sigvenza,
1243 2555 30 37 y
1313 2543 224 50 Gongora
1582 2574 46 10 …
1701 2543 100 42 Con
1841 2545 204 41 licencia
2083 2556 59 30 en

141 2601 214 41 Mexico:
390 2601 72 40 En
492 2601 48 41 la
573 2600 251 50 Imprenta
854 2601 58 41 de
943 2600 271 49 Antuerpia
1248 2602 59 40 de
1338 2602 72 40 los
1440 2601 260 41 herederos
1732 2603 59 40 de
1823 2601 47 42 la
1902 2602 150 43 viuda
2084 2603 59 40 de

141 2659 251 41 Bernardo
420 2658 255 48 Calderon,
703 2667 93 32 ano
828 2658 59 41 de
916 2656 128 42 1693.

210 2715 101 42 The
338 2715 202 50 English
567 2714 298 42 translation
904 2713 67 49 (p.
1003 2713 199 51 [49]-88)
1240 2714 90 41 has
1359 2714 182 49 special
1567 2717 113 47 t.-p.,
1709 2725 28 31 a
1766 2715 297 42 translation
2093 2715 51 43 of

140 2775 82 41 the
252 2774 209 49 original
488 2775 99 47 t.-p.

141 2827 2002 53 © Dec. 23, 1932; 2c. Jan. 21, 1933; aff. Jan. 23; A 59093; Quivira society.
220 2887 248 50 (33-2380)

137 2974 237 66 Society
402 2975 64 54 of
493 2975 103 54 the
628 2974 355 56 Cincinnati.

208 3052 382 69 Proceedings
622 3053 63 52 of
715 3054 99 51 the
843 3051 273 54 triennial
1146 3052 252 69 meeting
1428 3052 63 53 of
1521 3054 96 51 the
1648 3055 230 67 general
1914 3052 228 70 Society

141 3131 64 54 of
231 3132 97 53 the
356 3130 328 55 Cincinnati
719 3174 56 9 …
806 3132 134 52 held
968 3132 59 51 in
1055 3132 96 52 the
1175 3132 118 68 city
1320 3131 64 52 of
1411 3131 429 69 Philadelphia,
140 3132 1979 146 Pennsylvania,
368 3211 141 67 May
547 3213 28 48 5
619 3211 113 52 and
772 3210 51 68 7,
865 3213 150 49 1932.
1115 3210 140 53 [New
1296 3211 281 67 Bedford,
1617 3212 191 68 Mass.,
1850 3211 290 69 Reynolds

140 3288 264 69 printing
433 3308 97 48 co.,
563 3292 152 63 1933]

210 3363 57 40 35
295 3374 43 37 p.
397 3362 55 40 25½
486 3364 44 22 cm
535 3392 7 9 .

146 3414 50 53 ©
226 3418 110 42 Jan.
364 3420 40 45 3,
433 3418 141 48 1933;
603 3418 67 42 2c.
700 3422 95 38 and
827 3419 81 40 aff.
939 3420 110 41 Jan.
1079 3420 52 47 6;
1163 3420 40 39 A
1233 3420 171 47 57763;
1439 3420 192 49 Society
1659 3421 52 39 of
1740 3420 82 41 the
1853 3419 292 49 Cincinnati,

214 3475 244 49 Vineyard
487 3477 185 46 Haven,
701 3477 148 39 Mass.

142 3556 287 66 Southall,
458 3558 202 54 James
689 3559 214 52 Powell
932 3558 206 66 Cocke,
1171 3560 170 54 1871-

210 3634 261 69 Mirrors,
496 3635 207 69 prisms
728 3637 113 53 and
864 3638 207 66 lenses;
1099 3656 31 35 a
1154 3636 296 55 text-book
1472 3635 66 55 of
1559 3634 364 72 geometrical
1947 3635 201 71 optics,

141 3712 76 68 by
247 3713 193 54 James
471 3714 64 52 P.
570 3713 62 55 C.
667 3712 265 56 Southall
968 3758 55 9 …
1097 3716 73 52 3d
1201 3715 83 52 ed.
1353 3715 140 54 New
1525 3715 180 69 York,
1736 3715 122 54 The
143 3714 1978 129 Macmillan
269 3809 297 49 company,
600 3794 150 49 1933.

214 3863 1312 51 xxiv p., 1 l., 806 p. illus., plates, diagrs. 20½ cm .
150 3915 1724 110 © Jan. 17, 1933; 2c. and aff. Jan. 18; A 59015; Macmillan co. (33-2665)
