2484 4405
1071 4085 133 50 1899

159 439 247 69 Bucher,
438 440 224 55 Walter
693 441 280 62 Herman,
1009 441 172 50 1888-

224 519 120 51 The
373 516 384 54 deformation
786 515 64 53 of
876 515 94 52 the
999 514 208 53 earth’s
1234 518 180 63 crust;
1446 532 69 33 an
1546 511 288 54 inductive
1862 512 289 67 approach

154 589 1936 74 to the problems of diastrophism, by Walter H. Bucher …
152 674 324 65 Princeton,
506 671 307 53 Princeton
842 670 317 67 university
1189 687 173 50 press,
1393 671 151 50 1933.

223 747 103 40 xiii.
366 746 84 40 518
489 757 43 36 p.
594 745 140 46 illus.,
774 754 137 37 maps
939 744 48 47 (1
1027 742 142 47 fold.)
1219 743 156 39 tables
1403 742 49 47 (1
1490 740 144 47 fold.)
1682 739 178 49 diagrs.
1920 740 145 40 23½cm.

225 802 408 47 Bibliographical
671 801 275 40 foot-notes.

149 854 1998 56 © Dec. 18, 1933; 2c. Dec. 22; aff. Dec. 20; A 67648; Princeton univ. press.
233 918 219 48 (34-631)

154 1006 429 65 Buckingham,
614 1007 133 63 Guy
773 1007 305 53 Emerson.

225 1082 334 68 Diagnostic
597 1081 113 54 and
749 1081 267 53 remedial
1055 1080 266 67 teaching
1360 1079 58 53 in
1456 1078 124 55 first
1616 1097 135 49 year
1790 1077 246 68 algebra,
2074 1076 71 69 by

153 1155 1989 74 Guy E. Buckingham … with the cooperation of Gladys M. [!]
155 1234 1931 72 Gilliland, Estella B. [!] Hottenstein [and] Guy E. Tucker …
157 1317 328 67 [Evanston,
523 1316 111 67 Ill.,
669 1323 16 21 c
692 1319 151 64 1933]

151 1386 1978 100 1 p. l., xi, 136 p. diagrs. 23½ cm . (Northwestern university, Contributions to
392 1446 270 44 education,
699 1446 167 41 School
903 1446 51 39 of
986 1443 259 42 education
1278 1445 163 42 series,
1475 1456 73 29 no.
1583 1447 80 44 11)

155 1503 51 52 ©
243 1505 116 50 July
396 1509 38 46 1,
473 1507 140 46 1933;
653 1507 66 39 2c.
758 1507 97 39 and
892 1505 80 40 aff.
1011 1507 113 38 Dec.
1163 1505 82 47 26;
1286 1506 40 37 A
1364 1505 169 47 68586;
1578 1505 169 40 School
1788 1506 50 39 of
1877 1506 271 46 education,

220 1565 366 40 Northwestern
623 1563 144 48 univ.,
806 1564 262 45 Evanston,
1109 1564 74 37 Ill.
1255 1562 250 47 (34-1143)

153 1653 277 66 Building
459 1657 114 51 and
602 1656 131 52 loan
764 1656 215 65 annals,
1011 1658 150 47 1933.
1238 1653 348 67 Cincinnati,
1618 1654 87 66 O.,
1737 1654 270 68 Chicago,
2036 1653 75 52 Ill.,

221 1732 216 53 United
467 1734 187 54 States
682 1732 266 69 building
974 1736 44 49 &
1045 1734 131 49 loan
1204 1734 196 65 league
1434 1766 13 33 [
1452 1738 17 20 c
1476 1735 131 49 1933
1615 1764 11 33 ]

222 1805 1679 50 1 p. l., v-xi, 864 p. front., fold, plates, ports., diagrs. 23½ cm .
153 1860 51 52 ©
239 1865 116 38 Nov.
391 1864 68 46 13,
494 1864 140 46 1933;
671 1864 67 39 2c.
773 1865 111 39 Dec.
919 1864 52 46 1;
1010 1863 81 40 aff.
1127 1864 118 39 Nov.
1281 1863 82 45 20;
1400 1863 42 38 A
1476 1863 169 45 67334;
1689 1862 49 40 U.
1779 1862 42 40 S.
1859 1862 217 47 building
2114 1862 35 40 &

220 1922 110 40 loan
358 1922 183 46 league.

152 1993 316 68 Campbell,
497 1996 166 53 Doak
692 1994 308 67 Sheridan,
1035 2000 171 50 1888-

217 2073 293 53 Problems
556 2074 59 51 in
659 2074 96 52 the
798 2075 298 51 education
1143 2073 64 53 of
1249 2074 209 68 college
1506 2091 243 49 women;
1796 2092 32 33 a
1872 2073 171 68 study
2086 2073 64 53 of

148 2151 1940 69 women graduates of southern colleges, by Doak S. Campbell …
148 2229 313 67 Nashville,
491 2231 195 66 Tenn.,
714 2230 266 53 Division
1011 2230 63 52 of
1102 2249 235 49 surveys
1367 2231 110 52 and
1508 2230 131 53 field
1668 2229 231 69 studies,
1929 2229 218 69 George

147 2309 269 67 Peabody
445 2308 210 68 college
687 2308 94 52 for
809 2309 269 65 teachers,
1113 2311 150 50 1933.

217 2382 80 47 vii,
327 2382 57 40 80
410 2393 41 37 p.
513 2381 151 48 diagr.
726 2382 54 40 23
784 2384 43 20 cm
833 2414 9 7 .
912 2382 227 48 ([George
1167 2382 224 48 Peabody
1419 2383 178 46 college
1625 2383 77 38 for
1733 2383 233 41 teachers.
147 2382 1984 97 Nashville.

336 2439 221 39 Division
588 2439 52 39 of
671 2450 201 36 surveys
904 2441 94 38 and
1031 2439 112 40 field
1175 2439 201 48 studies]
1441 2439 135 40 Field
1608 2440 144 46 study
1786 2450 74 30 no.
1892 2440 50 46 6)

219 2496 277 48 Magazines
523 2497 96 38 and
645 2496 148 40 books
820 2497 115 38 read
963 2496 58 47 by
1047 2506 212 29 women:
1288 2507 43 36 p.
1358 2495 157 41 68-73.

154 2550 50 52 ©
239 2555 116 38 Nov.
390 2553 69 50 29,
495 2554 111 40 1933;
671 2554 66 39 2c.
774 2555 110 38 Dec.
993 2565 8 36 18;
1040 2553 82 40 aff.
1157 2554 111 39 Dec.
1304 2553 83 47 15;
1424 2553 43 39 A
1500 2552 169 49 68518;
1709 2554 56 39 D.
1805 2554 44 39 S.
1886 2552 262 50 Campbell,

219 2612 263 40 Nashville.
555 2611 221 49 (34-909)

151 2698 315 67 Campbell,
495 2699 257 56 Thomas
778 2701 271 66 Beverly,
1081 2704 171 51 1892-

218 2777 269 69 Yirginia
534 2778 262 67 oddities,
842 2797 31 34 a
919 2777 333 69 scrapbook,
1299 2778 74 69 by
1421 2779 65 52 T.
1536 2779 246 69 Beverly
1831 2777 312 70 Campbell.

147 2852 340 71 Richmond,
518 2856 124 67 Va.,
674 2856 168 53 Press
874 2854 64 54 of
966 2856 96 52 the
1094 2856 169 52 Dietz
1296 2855 264 70 printing
1593 2874 97 50 co.,
1727 2859 150 50 1933.

218 2926 750 53 3 p. l., iii-xvii, 111 p. 19 cm .
149 2982 51 51 ©
233 2987 112 40 Dec.
375 2986 69 47 20,
477 2986 140 47 1933;
651 2987 66 40 2c.
752 2988 95 38 and
879 2987 80 39 aff.
994 2988 111 39 Dec.
1138 2988 83 45 22;
1256 2987 41 39 A
1328 2987 171 46 67650;
1534 2987 52 40 T.
1619 2988 55 39 B.
1709 2988 260 46 Campbell,
218 2987 1907 96 Richmond.
445 3044 220 47 (34-637)

150 3117 260 65 Castillo,
445 3118 219 66 Carlos,
700 3123 170 48 1890-

217 3195 230 67 España
486 3215 68 33 en
590 3197 284 67 América,
911 3198 280 68 segunclas
1228 3199 260 65 lecturas,
1524 3215 105 50 por
1668 3197 200 54 Carlos
1906 3197 240 55 Castillo

208 3273 1938 71 … y Colley F. Sparkman … Chicago, Ill., The University of
148 3350 250 68 Chicago
426 3368 156 51 press
616 3385 11 33 [
633 3358 17 20 c
657 3355 150 63 1933]

215 3425 63 40 xi.
307 3426 82 40 103
417 3436 42 36 p.
520 3425 128 39 illus.
708 3426 55 39 20
767 3429 42 20 cm
815 3458 8 7 .
895 3426 300 46 (Half-title:
1221 3427 100 39 The
1350 3426 209 47 Chicago
1590 3426 208 47 Spanish
1826 3425 174 47 series)

149 3477 1976 110 © Dec. 12, 1933; 2c. Dec. 16; aff. Dec. 15; A 68515; University of Chicago, Chicago. (34-914)
150 3613 431 66 Chamberlain,
612 3616 153 53 John
799 3616 262 56 Aldrich.

217 3686 373 56 Commercial
632 3692 138 66 law;
815 3709 32 35 a
890 3691 277 70 practical
1209 3691 232 55 treatise
1484 3691 267 72 covering
1794 3693 96 53 the
146 3691 1972 128 fundamental
382 3768 311 68 principles

717 3770 63 53 of
804 3771 108 52 law
938 3789 60 34 as
1023 3770 235 68 applied
1281 3777 57 46 to
1364 3769 255 55 business
1642 3771 60 52 in
1729 3770 247 71 general,
2003 3768 139 55 with

147 3845 208 65 special
407 3844 284 56 reference
742 3853 58 47 to
850 3848 94 52 the
996 3866 257 34 common
1304 3848 109 52 law
1466 3847 273 72 affecting
1787 3848 350 53 commercial

147 3923 1992 72 transactions, by John A. Chamberlain … Chicago, American
147 3999 277 54 technical
457 4001 228 68 society,
719 4005 150 50 1934.
