2484 4405
1078 4087 133 51 1743

139 435 183 67 Gillis,
355 439 201 52 James
588 436 241 64 Martin,
866 436 167 53 1876-

205 514 157 67 This,
405 531 103 34 our
548 513 130 68 day,
722 512 308 68 approvals
1075 512 114 52 and
1234 510 419 70 disapprovals,
1695 510 75 68 by
1816 508 193 55 James
2053 508 79 52 M.

135 588 188 56 Gillis.
387 591 139 53 New
555 589 179 69 York,
763 590 69 53 N.
865 589 89 68 Y.,
982 590 123 51 The
1131 588 226 53 Paulist
1386 607 157 50 press
1595 589 175 65 [c1933]

206 663 103 48 xiii,
340 663 85 40 405
455 673 41 37 p.
558 663 145 39 22½cm.

209 718 167 42 “Some
409 719 53 40 of
494 720 81 39 the
608 718 253 41 editorials
896 718 155 39 which
1086 718 124 39 have
1246 718 240 46 appeared
1523 717 49 38 in
1608 717 82 40 the
1725 714 223 42 Catholic
1982 714 151 41 world

137 771 1998 52 during the past ten or eleven years … Most of the work of selection
136 828 1950 99 and preparation for the press has been done by Dr. Joseph J. Reilly … and
259 888 120 40 Miss
406 888 270 40 Katherine
706 886 540 42 Crofton.”—Author’s
1276 885 122 49 pref.

140 943 52 51 ©
221 948 111 38 Dec.
363 947 39 47 5,
433 946 139 47 1933;
603 947 67 39 2c.
702 947 94 38 and
827 945 81 40 aff.
941 947 109 38 Dec.
1083 945 53 46 8;
1169 946 40 38 A
1239 945 170 46 67410;
1444 944 296 47 Missionary
1772 944 181 47 society
1984 944 52 40 of
2070 944 67 40 St.

207 1003 122 39 Paul
356 1004 81 38 the
464 1004 198 46 Apostle
689 1003 49 38 in
766 1003 81 39 the
874 1005 128 37 state
1031 1002 49 40 of
1110 1003 117 39 New
1254 1002 145 47 York,
1428 1002 115 40 New
1573 1001 143 40 York.

216 1060 279 48 (33-37664)

140 1149 228 64 Glover,
401 1150 258 55 Halcott.

208 1224 274 69 Morning
513 1225 181 68 pride,
727 1225 72 69 by
835 1225 238 52 Halcott
1108 1224 223 53 Glover.
1401 1224 257 66 London,
1690 1223 54 53 J.
1782 1222 78 52 M.
1899 1221 151 54 Dent
2084 1225 51 50 &

139 1321 142 50 sons,
311 1302 102 57 ltd.
449 1305 171 66 [1933]

208 1373 668 49 3 p. l., 365 p., 1 l. 19cm.
141 1431 1981 109 © 1c. Nov. 23, 1933; A ad int. 18375; pubd. Sept. 28; H. Glover, Boulogne-sur-Mer,
619 1493 198 39 France.
891 1492 282 49 (33-37450)

142 1574 270 65 Gobillot,
439 1574 178 54 René.

304 1649 1422 70 … Architecture moderne et contemporaine, par
1756 1650 156 53 René
140 1649 1974 131 Gobillot.
306 1728 202 67 [Paris]
541 1730 190 52 Bloud
758 1733 46 49 &
833 1729 128 68 Gay
1010 1733 175 62 [c1933]

212 1799 1927 52 2 p. l., [7]-210 p., 1 l. plates. 19cm. (Bibliothèque catholique des
141 1857 209 42 sciences
383 1858 295 49 religieuses.
742 1860 111 49 [55])

215 1913 391 50 “Bibliographie
634 1915 287 41 sommaire”
940 1926 8 30 :
979 1927 42 37 p.
1055 1915 248 50 [209]-210.

144 1970 1743 53 © July 15, 1933; 1c. Nov. 4; A- Foreign 22612; Bloud & Gay.
220 2031 278 48 (33-37457)

143 2113 296 65 Gouchon,
471 2114 207 64 Henry
704 2113 55 57 J.

315 2187 1816 70 … Les secrets du zodiaque (cours d’astrologie scientifique)
143 2265 238 55 Préface
416 2266 68 52 de
517 2265 434 55 Paul-Clément
980 2267 193 67 Jagot.
1245 2265 182 69 Paris,
1462 2267 160 55 H.-J.
1662 2265 292 71 Gouchon,
1989 2268 151 51 1933.

211 2337 98 48 198,
342 2339 102 39 lxiv
478 2349 42 37 p.
553 2338 107 42 incl.
697 2339 168 49 tables,
899 2339 179 49 diagrs.
1140 2340 116 40 28cm.

212 2397 63 38 At
302 2396 123 40 head
456 2396 50 40 of
536 2395 107 41 title
661 2407 8 29 :
702 2396 232 48 Henry-J.
966 2397 229 40 Gouchon
1226 2402 45 36 et
1302 2398 181 40 Robert
1512 2399 123 40 Dax.

146 2452 1997 53 © Aug. 22, 1933; 1c. Oct. 24; A-Foreign 22488; H. J. Gouchon, Paris.
221 2513 280 48 (33-37441)

145 2585 177 67 Gray,
350 2586 254 56 William
633 2587 184 66 Scott,
846 2591 172 50 1885-

305 2665 1839 71 … Improving instruction in reading; an experimental study,
147 2742 1970 150 by William S. Gray … with the assistance of Gertrude Whipple. Chicago, Ill., The University of Chicago [1933]
219 2892 104 49 xiii,
370 2892 86 41 226
503 2904 43 37 p.
654 2897 25 37 1
727 2895 127 40 illus.
915 2895 145 41 23½cm.
1151 2898 429 47 (Supplementary
1630 2898 310 39 educational
148 2910 1979 87 monographs,
370 2950 108 48 pub.
507 2952 49 37 in
585 2950 311 47 conjunction
927 2953 116 39 with
1074 2954 82 39 the
1187 2955 171 39 School
1389 2955 175 39 review
1594 2955 96 39 and
1723 2956 80 39 the
1833 2955 308 49 Elementary

148 3008 161 39 school
335 3006 211 49 journal,
572 3020 73 29 no.
674 3008 81 49 40)

222 3063 222 42 Includes
473 3065 387 49 bibliographies.

150 3118 50 51 ©
231 3122 127 48 Sept.
384 3122 69 47 22,
481 3123 113 40 1933;
650 3123 66 41 2c.
743 3124 117 38 Nov.
888 3123 56 40 28;
1001 3123 80 41 aff.
1112 3124 108 39 Jan.
1249 3124 69 48 12,
1346 3124 114 41 1934;
1517 3126 40 38 A
1585 3126 147 41 67292;
1788 3125 281 50 University
2097 3127 52 39 of

217 3180 222 48 Chicago.
510 3181 280 48 (33-37462)

150 3253 282 67 Grenard,
467 3255 291 66 Fernand,
793 3259 171 49 1866-

320 3331 1826 72 … La révolution russe; avec trois cartes. Paris, A. Colin,
151 3412 148 50 1933.

218 3479 84 40 392
338 3492 43 37 p.
442 3481 127 41 illus.
599 3483 183 49 (maps)
851 3484 116 41 23cm.

223 3537 447 50 “Bibliographie”:
704 3552 42 37 p.
793 3540 235 49 [387]-388.

153 3591 1881 58 © June 17, 1933; 1c. Oct. 24; A- Foreign 22548; F. Grenard, Paris.
228 3651 279 50 (33-37242)

155 3727 237 64 Guptill,
420 3729 234 54 Arthur
682 3731 64 56 L.

155 3805 1991 154 Freehand drawing self-taught, with emphasis on the techniques of different media, by Arthur L. Guptill … New
158 3956 159 54 York
345 3962 113 51 and
483 3962 257 65 London,
768 3963 230 68 Harper
1025 3968 47 50 &
1099 3966 276 67 brothers,
1406 3971 151 49 1933.
