2484 4405
1089 4070 100 49 845

190 482 85 47 xii,
305 482 86 40 236
420 492 42 37 p.
523 480 54 40 23½cm.
739 479 15 48 (
761 478 230 39 Lettered
1021 487 63 30 on
1112 485 163 32 cover:
1303 475 119 41 Yale
1453 473 185 42 studies
1670 473 49 40 in
1752 471 229 50 religious
123 472 1981 108 education.
361 537 147 51 [VIII])

194 595 126 39 “The
351 595 178 38 results
561 592 51 41 of
643 591 98 41 this
774 592 144 45 study
948 598 126 30 were
1106 589 256 48 presented
1393 591 48 37 to
1472 586 82 40 the
1584 586 189 47 faculty
1807 585 51 41 of
1892 585 81 40 the
2004 585 118 40 Yale

124 652 247 40 Graduate
400 650 162 39 school
588 648 50 39 in
667 646 181 50 partial
875 645 268 40 fulfilment
1168 644 52 41 of
1246 644 82 41 the
1356 642 350 49 requirements
1732 641 79 40 for
1841 641 84 40 the
1949 640 171 48 degree

123 708 51 40 of
203 708 168 39 doctor
397 705 51 41 of
476 704 286 49 philosophy
796 701 710 51 [1929]”—Acknowledgment.

194 764 128 39 “The
351 764 192 46 present
573 762 189 39 volume
792 759 41 40 is
863 759 82 40 the
973 756 135 42 sixth
1138 758 132 39 work
1299 755 257 50 published
1584 755 61 48 by
1675 754 82 40 the
1786 753 118 40 Yale
124 752 1981 116 university
250 829 135 39 press

415 830 61 28 on
505 819 81 38 the
620 817 193 40 Samuel
845 816 52 38 B.
932 814 183 41 Sneath
1144 812 251 41 memorial
1425 808 300 52 publication
1755 808 275 49 fund.”—p.
2062 827 59 32 [v]

194 875 376 49 Bibliography:
599 885 42 37 p.
673 872 249 50 [209]-220.

131 923 1909 58 © May 29. 1933; 2c. June 3; aff. June 1; A 63038; Yale univ. press.
205 989 279 49 (33-14951)

125 1089 234 67 Fleury,
386 1092 201 63 Serge,
618 1095 196 61 comte,
842 1091 173 49 1885-

259 1165 1182 69 … Le mur mitoyen. Paris, Plon [1932]
201 1237 697 51 5 p. l., 3-260 p., 1 l. 19 cm .
478 1295 279 48 CONTENTS.—Regards
790 1305 84 30 sur
907 1291 703 49 l’Angleterre.—Explication
1645 1291 57 40 de
1734 1290 48 40 la
1816 1290 200 40 France.

133 1348 1941 56 © Nov. 10, 1932; 1c. Apr. 4, 1933; A-Foreign 20532; Librairie Plon.
209 1412 279 49 (33-14673)

128 1519 260 63 Forrest,
416 1517 170 54 Fred.

200 1596 93 55 On
324 1612 97 50 my
456 1613 83 34 way,
632 1594 75 67 by
742 1594 153 52 Fred
931 1594 252 65 Forrest,
1216 1593 96 52 the
1346 1591 359 67 stove-poker
1741 1588 385 70 philosopher.

130 1676 111 53 Los
268 1674 265 67 Angeles,
562 1672 194 67 Calif.,
783 1670 425 54 Times-mirror
1237 1689 156 49 press
1426 1704 13 33 [
1444 1676 17 21 c
1466 1674 132 49 1933
1604 1703 13 33 ]

197 1744 614 51 2 p. l., [7]-146 p. 17 cm .
140 1800 51 52 ©
218 1806 114 45 May
358 1803 68 46 15,
454 1803 112 39 1933;
624 1803 65 39 2c.
717 1803 97 38 and
840 1801 81 40 aff.
950 1801 114 47 May
1090 1801 83 46 24;
1204 1800 41 38 A
1273 1799 169 47 62748;
1474 1800 51 39 F.
1554 1799 212 46 Forrest,
1795 1798 93 40 Los
1915 1798 220 47 Angeles.

212 1861 279 48 (33-14963)

129 1964 301 66 Franklin,
459 1962 212 66 Philip,
704 1968 170 49 1898-

201 2042 368 54 Differential
618 2041 293 69 equations
965 2040 93 53 for
1110 2039 284 54 electrical
1444 2037 313 71 engineers,
1805 2038 76 70 by
1930 2037 202 69 Philip

132 2116 1975 149 Franklin … New York, J. Wiley & sons, inc.; London, Chapman & Hall, limited, 1933.
200 2267 1209 52 2 p. l., iii-vii, 299 p. diagrs. 22 cm . $2.75
201 2327 375 48 Bibliography:
607 2338 43 37 p.
678 2327 219 40 281-282.

137 2381 51 51 ©
217 2386 114 46 May
357 2385 69 45 31,
456 2384 139 46 1933;
625 2384 66 39 2c.
722 2385 95 38 and
846 2383 82 42 aff.
958 2384 126 39 June
1113 2383 52 45 2;
1197 2383 42 38 A
1266 2381 168 48 61989;
1467 2383 49 37 P.
1548 2381 250 48 Franklin,
1830 2379 303 49 Cambridge,

202 2443 145 39 Mass.
420 2440 278 49 (33-15006)

132 2544 253 65 Funcke,
414 2545 159 65 Otto,
605 2549 322 49 1836-1910.

204 2624 116 52 Der
358 2642 122 49 weg
515 2623 144 52 nach
694 2623 202 66 hause;
934 2622 108 52 mit
1078 2621 141 56 Otto
1256 2622 231 53 Funcke
1523 2623 61 52 in
1620 2622 172 53 freud
1828 2622 119 53 und
1983 2620 143 70 leid;

133 2701 359 69 geschichten
530 2701 119 52 und
686 2701 298 68 gedanken
1023 2719 111 35 von
1175 2701 140 56 Otto
1354 2701 250 68 Funcke,
1642 2702 332 68 gesammelt
2012 2701 119 53 und

133 2779 454 69 herausgegeben
618 2797 111 36 von
761 2782 164 51 Hans
959 2780 274 53 Berneck.
1306 2780 293 68 Potsdam,
1634 2780 499 69 Stiftungsverlag

156 2862 175 63 [ c 1933]
206 2934 83 39 173
321 2944 42 37 p.
422 2932 59 40 19
481 2935 44 21 cm
531 2965 8 8 .

207 2991 66 40 “6.
307 2990 248 40 tausend.”

211 3047 126 39 “Der
372 3046 159 40 inhalt
568 3047 156 40 dieses
761 3047 177 40 buches
976 3046 63 41 ist
1078 3046 88 41 mit
1204 3046 353 50 genehmigung
1594 3048 82 40 des
1718 3048 215 48 Stephan
1972 3046 165 41 Geibel

139 3103 232 47 Verlages,
409 3104 267 47 Altenburg
721 3104 197 49 (Thür.)
961 3106 97 38 und
1097 3105 84 39 der
1218 3103 144 41 erben
1398 3105 83 40 des
1518 3104 271 41 Verfassers
1828 3106 89 39 den

141 3114 1977 86 gesammelten
347 3164 96 38 und
473 3163 306 38 verstreuten
808 3161 238 41 Schriften
1077 3172 92 30 von
1201 3160 115 42 Otto
1347 3162 193 40 Funcke
1570 3162 320 48 entnommen,
1922 3161 77 42 die
2029 3170 108 31 zum

139 3226 196 38 grossen
366 3218 110 40 teile
507 3218 261 48 vergriffen
797 3218 151 40 sind.”

144 3270 51 51 ©
229 3275 107 39 Jan.
370 3275 38 46 1,
442 3274 111 40 1933;
616 3276 65 38 1c.
715 3276 121 39 Mar.
868 3275 82 46 22;
985 3276 42 38 A
1027 3275 272 47 -Foreign
1329 3275 169 48 20317;
1539 3276 428 48 Stiftungsverlag.

220 3331 278 48 (33-14659)

141 3437 283 61 Gardner,
450 3437 252 53 Edward
729 3436 151 65 Hall,
910 3443 169 49 1883-

213 3513 275 53 Effective
522 3515 293 52 collection
847 3515 287 53 methods:
1171 3534 31 33 a
1236 3515 324 68 systematic
1592 3521 306 48 treatment
1931 3516 64 52 of

142 3517 1973 127 collections
409 3591 59 52 in
501 3590 341 71 marketing,
875 3593 299 69 including
1208 3598 378 49 constructive
1620 3593 225 71 credits,
143 3594 1971 143 psychology
283 3669 64 52 of

376 3670 316 68 collecting,
722 3673 307 65 procedure
1062 3673 112 51 and
1206 3676 224 63 system,
1462 3672 330 55 instalment
1821 3673 318 70 collecting,

145 3747 147 69 legal
327 3754 216 62 aspects
577 3749 112 53 and
723 3749 96 54 the
852 3749 284 69 principle
1169 3749 64 53 of
1266 3751 204 68 resale;
1508 3773 32 34 a
1574 3751 219 55 revised
1827 3751 217 56 edition
2075 3751 65 55 of

146 3826 1970 132 “New collection methods” by Edward Hall Gardner … revision
371 3905 1770 74 by Frank A. Fall … New York, The Ronald press
147 4000 278 51 company
463 3986 192 64 [c1933]
