2484 4405
1056 4096 132 49 1015

477 519 132 48 CONTENTS.—pt.
640 517 40 41 1.
708 520 100 40 The
839 519 148 40 Santa
1020 519 64 40 Fe
1113 519 143 39 trail:
1288 518 100 41 The
1416 517 253 48 vanguard
1697 516 51 40 of
1775 517 81 40 the
1886 516 234 49 pioneers,

130 575 120 40 with
285 575 401 48 bibliographical
720 585 201 38 resumé,
956 574 275 41 1810-1825.
1295 574 111 40 Vial
1438 574 96 40 and
1571 574 240 46 Becknell,
1846 573 275 49 pathfinder

129 632 96 39 and
252 632 117 40 road
397 632 216 40 breaker.
667 631 39 38 A
732 633 118 39 trail
877 631 117 40 born
1023 632 50 39 of
1098 642 29 29 a
1154 632 154 39 trade.
1364 631 100 40 The
1490 641 176 36 survey
1692 629 51 40 of
1766 632 82 38 the
1877 631 150 39 Santa
2058 631 35 37 Fé

130 688 130 41 trail.
323 690 207 39 General
565 688 201 47 Sibley’s
800 687 153 41 Santa
987 688 36 38 Fé
1084 687 157 48 diary.
1302 687 244 48 Alphonso
1580 686 282 41 Wetmore's
1894 687 140 47 diary
2073 688 48 39 of

131 744 260 51 1828.—pt.
434 745 41 40 2.
518 744 291 41 Extensions
851 744 51 40 of
943 745 82 40 the
1069 743 152 41 Santa
1263 744 64 41 Fe
1369 743 144 40 trail:
1559 743 158 41 Pike’s
1758 746 111 38 tour
1912 744 51 39 of
2004 744 112 40 New

133 801 160 48 Spain.
359 801 228 47 Armijo’s
624 800 117 41 New
778 798 484 43 Mexico-California
1302 800 154 47 diary,
1495 799 275 42 1829-1830.

129 872 51 51 ©
219 877 115 45 May
366 875 69 46 24,
473 873 114 40 1933;
652 873 66 39 2c.
757 872 117 47 July
908 871 81 47 15;
1030 871 82 41 aff.
1151 871 116 47 July
1303 871 82 47 14;
1425 871 41 38 A
1503 871 170 46 04362;
1713 872 54 38 A.
1807 872 52 38 B.
1899 871 223 44 Hulbert,

200 932 236 40 Colorado
472 929 212 49 Springs,
719 929 97 40 Col.
888 928 280 48 (33-18378)

123 1035 318 52 Insurance
469 1049 287 47 company
783 1031 65 53 of
875 1031 196 53 North
1101 1030 295 56 America.

194 1109 306 53 American
551 1108 102 53 fire
703 1107 210 69 marks,
965 1107 97 53 the
1118 1107 312 53 Insurance
1481 1124 280 52 company
1817 1107 63 52 of
1935 1107 188 53 North

124 1184 1999 70 America collection … Philadelphia, Insurance company of
123 1266 187 53 North
337 1264 285 68 America,
653 1266 151 51 1933.

195 1334 1026 54 133, [1] p., 1 l. incl. front., illus. 23 cm .
129 1393 51 52 ©
212 1397 128 39 June
367 1397 68 46 30,
467 1395 140 47 1933;
640 1396 67 38 2c.
738 1396 95 38 and
865 1394 80 40 aff.
979 1395 116 46 July
1126 1394 52 47 6;
1213 1394 40 38 A
1284 1393 169 47 63492;
1490 1395 265 39 Insurance
1786 1404 65 29 co.
1885 1394 53 40 of
1968 1394 156 38 North

194 1454 236 40 America.
501 1453 280 48 (33-18251)

145 1558 166 64 [Jean,
340 1557 197 53 Frank
567 1559 233 64 Covert]

255 1633 1866 69 … Introduction to science [by Frank Covert Jean, PH. D.,
125 1714 149 51 Ezra
322 1713 270 55 Clarence
635 1713 254 67 Ilarrah,
1023 1756 10 9 PH.
1116 1756 28 21 D.,
1192 1713 151 51 Fred
1390 1711 174 55 Louis
1609 1713 276 66 Herman,
1972 1757 9 9 A.
2087 1754 8 10 M.]

125 1792 106 53 Bk.
354 1834 11 25 III,
409 1796 108 63 pts.
565 1797 45 62 1,
654 1794 48 50 2.
783 1793 55 52 A
881 1790 171 69 study
1099 1790 64 54 of
1206 1791 212 51 human
1464 1790 289 67 behavior,
1798 1791 35 52 by
1919 1794 89 52 W.
2055 1794 64 51 T.

123 1870 176 68 Wait,
419 1915 9 9 PH.
501 1910 9 9 D.
592 1869 274 69 [Greeley,
902 1871 139 66 Col.,
1075 1869 241 54 Printed
1350 1870 75 68 by
1459 1871 120 52 The
123 1869 1974 132 Tribune-Republican
299 1948 334 69 publishing
662 1967 296 50 company,
989 1951 152 64 1933]

196 2025 26 38 2
253 2036 41 28 v.
355 2023 176 48 diagrs.
592 2024 56 39 23
652 2026 43 20 cm
701 2056 8 8 .

196 2080 294 41 Cover-title.

127 2139 64 47 pt.
225 2138 38 46 1,
298 2134 51 51 ©
383 2139 120 37 Mar.
536 2137 69 46 27,
638 2136 139 47 1933;
811 2137 67 39 2c.
911 2137 112 47 Apr.
1057 2137 53 45 1;
1144 2136 81 40 aff.
1259 2138 120 38 Mar.
1413 2137 82 45 31;
1532 2138 64 46 pt.
1631 2137 39 46 2,
1707 2132 51 51 ©
1794 2138 113 45 May
1939 2137 81 45 15;
2057 2136 66 39 2c.

198 2195 95 39 and
330 2194 82 40 aff.
451 2195 115 46 May
602 2194 81 46 22;
725 2194 40 38 A
803 2193 157 47 61172,
1000 2192 171 47 62739;
1213 2194 70 40 W.
1323 2193 52 40 T.
1414 2193 146 47 Wait,
1602 2193 214 46 Greeley,
1857 2194 97 40 Col.

123 2352 307 66 Jennings,
461 2355 226 64 George
718 2353 274 66 Penfield,
1027 2360 324 49 1855-1933.

127 2430 1968 132 Greens Farms, Connecticut, the old West parish of Fairfield … historical
711 2509 253 53 sketches
997 2510 113 52 and
1143 2510 442 66 reminiscences,
1616 2511 74 65 by
1722 2510 221 66 George
126 2511 1970 127 Penfield

288 2586 1832 69 Jennings … [Greens Farms, Conn.] The Congregational
127 2663 211 68 society
367 2664 64 53 of
458 2665 214 54 Greens
701 2666 221 65 Farms,
951 2669 152 49 1933.

201 2736 1376 50 5 p. l., 152 p. front., plates, ports., facsims. 24 cm .
203 2791 138 51 Maps
373 2805 59 29 on
465 2794 360 49 lining-papers.

133 2847 51 51 ©
221 2851 115 47 July
373 2851 68 45 14,
479 2850 138 46 1933;
657 2852 66 38 2c.
761 2852 115 45 July
914 2852 81 45 17;
1035 2850 82 41 aff.
1157 2852 117 46 July
1310 2852 82 45 15;
1432 2852 40 38 A
1509 2851 170 47 63615;
1721 2851 406 48 Congregational

200 2918 92 30 soc.
327 2908 51 39 of
412 2907 180 40 Greens
627 2907 184 47 Farms,
848 2909 260 46 Westport,
1145 2908 144 40 Conn.
1362 2908 279 48 (33-18283)

125 3008 281 65 Johnson,
435 3008 222 66 Irving.

201 3085 312 54 Shamrock
553 3087 81 52 v’s
675 3086 137 53 wild
851 3106 217 48 voyage
1107 3088 181 66 home,
1329 3089 111 52 and
1484 3088 161 53 other
1685 3089 295 66 sea-going
131 3088 1964 144 adventures,

447 3164 75 68 by
562 3164 250 68 Captain
853 3164 204 69 Irving
1098 3165 290 68 Johnson;
1431 3166 140 53 with
1612 3166 393 68 photographs
2050 3171 69 63 by

128 3241 97 52 the
261 3241 204 53 author
502 3243 111 51 and
652 3242 288 68 drawings
976 3244 74 66 by
1087 3243 238 55 Charles
1362 3243 56 55 J.
1455 3243 70 53 A.
1564 3244 240 53 Wilson.
129 3244 1968 141 Springfield,

307 3318 189 66 Mass.,
524 3319 210 53 Milton
765 3320 252 67 Bradley
1049 3339 280 48 company
1363 3354 12 33 [
1381 3328 17 21 c
1404 3324 152 62 1933]

205 3390 1717 52 5 p. l., 280 p. front., illus. (incl. plans) plates, ports. 20½ cm .
205 3447 285 41 Illustrated
530 3448 358 48 lining-papers.

135 3501 51 51 ©
220 3506 128 39 June
379 3505 68 47 16,
483 3505 140 46 1933;
659 3505 67 40 2c.
763 3506 115 46 July
912 3505 82 47 10;
1032 3505 82 40 aff.
1150 3506 117 47 July
1300 3506 83 48 12;
1420 3507 41 38 A
1496 3506 169 47 64295;
1705 3506 173 42 Milton
1913 3509 214 47 Bradley

205 3573 66 31 co.
343 3562 278 48 (33-18276)

128 3663 288 66 Julienne,
442 3666 182 53 Marc.

263 3741 1330 71 … En dissidence. Paris E. Figuière [ c 1933]
204 3814 717 51 3 p. l., [9]—253, [1] p. 19 cm .
205 3872 40 39 A
270 3874 152 38 novel.

137 3926 1971 109 © Feb. 9, 1933; 1c. Apr. 4; A-Foreign 20523; M. Julienne, Dannemarieen-Montois (S. & M.) France. (33-17910)
