2484 4405
1075 4088 99 49 989

105 495 1992 161 orators of the world). (Best models of mass oratory for addressing crowds). By John N. Ruffin … London, New York
128 673 119 60 [etc.]
281 668 94 54 Sir
401 668 47 51 I.
477 665 231 52 Pitman
736 665 45 49 &
807 680 145 48 sons,
978 661 122 66 ltd.,
1131 662 148 51 1932.

179 742 27 38 2
234 753 42 27 v.
333 740 126 39 illns.
489 738 131 48 (incl.
650 736 177 47 music)
865 737 171 46 plates,
1066 736 149 45 ports.
1272 733 56 38 22
1330 734 45 21 cm
1380 762 8 8 .

178 798 161 47 Paged
373 794 365 47 continuously;
778 804 57 38 [V.
869 794 40 47 1]
946 791 194 48 printed
1173 802 60 28 on
1268 800 88 29 one
1389 787 102 41 side
1527 786 52 41 of
1611 785 102 40 leaf
1746 785 125 47 only,
1908 782 192 49 printed

107 863 147 40 pages
278 852 167 48 facing
471 852 117 40 each
617 851 149 40 other.

178 910 199 40 Printed
405 909 49 39 in
482 910 83 38 the
593 909 55 39 U.
680 908 44 42 S.

113 976 51 52 ©
198 980 100 40 Oct.
330 979 67 47 15,
429 979 139 39 1932:
601 978 66 39 2c.
700 977 118 39 each
847 975 95 40 and
974 974 82 41 aff.
1088 974 103 40 Oct.
1222 975 83 45 21;
1339 972 41 39 A
1411 971 170 47 56633;
1617 971 42 40 J.
1692 970 55 40 N.
1782 968 173 47 Ruffin,
1987 969 116 39 New

179 1037 143 40 York.

107 1140 208 65 Sasha,
345 1138 225 54 Adrian
597 1138 222 54 Waldo.

178 1216 120 53 The
326 1218 138 51 laws
493 1216 63 52 of
584 1215 133 66 life;
751 1215 94 52 the
873 1231 252 49 message
1155 1213 63 53 of
1249 1232 32 33 a
1308 1231 123 33 new
1460 1211 274 68 prophet;
1766 1210 95 52 the
109 1209 1967 153 practical,
263 1314 122 33 new
438 1300 233 62 concept
722 1294 63 52 of
838 1294 292 51 character
1182 1309 281 51 progress,
1515 1289 212 68 health,
1777 1286 327 70 happiness,

111 1372 357 69 mastership,
503 1378 126 48 true
664 1389 231 51 success,
929 1372 73 66 by
1035 1369 227 55 Adrian
1298 1369 208 56 Waldo
1545 1369 196 55 Sasha.
1818 1367 287 60 Oakland,

112 1451 192 70 Calif.,
334 1452 180 55 Sasha
542 1451 104 53 life
672 1452 382 68 publications
1087 1484 13 33 [
1106 1457 18 21 c
1130 1453 150 64 1933]

183 1524 84 39 144
299 1534 42 37 p.
376 1523 108 40 incl.
516 1522 135 40 front.
694 1522 172 48 (port.)
934 1523 55 39 23
993 1525 43 20 cm
1043 1555 8 7 .

120 1593 1974 109 © May 5, 1933; 2c. May 13; aff. May 12: A 62638; A. W. Sasha, Oakland, Calif. (33-17137)
113 1756 173 67 Sims,
312 1757 154 56 John
495 1759 209 64 Green,
733 1758 171 55 1879-

185 1834 175 54 After
396 1836 94 51 the
525 1835 325 68 depression
890 1835 112 52 and
1041 1833 374 69 prohibition,
1453 1832 186 54 what?
1717 1835 90 66 By
1845 1833 155 54 John
2041 1832 69 56 G.

118 1912 1627 69 Sims, jr. … Fort Worth, Tex., The author [ c 1933]
187 1986 56 40 46
275 1996 42 38 p.
379 1985 54 41 19½
466 1988 44 21 cm
515 2018 9 9 .

123 2054 51 52 ©
206 2059 107 39 Jan.
347 2060 40 46 1,
418 2059 140 45 1933;
592 2059 67 42 2c.
692 2059 110 39 Jan.
834 2059 52 46 7;
922 2058 81 40 aff.
1037 2059 110 40 Jan.
1181 2058 52 46 9;
1269 2059 41 38 A
1341 2059 170 45 58767;
1547 2059 43 35 J.
1626 2058 52 40 G.
1714 2058 139 48 Sims,
1886 2057 76 48 jr.,
1997 2057 121 39 Fort

191 2116 183 46 Worth,
403 2116 114 39 Tex.
588 2115 278 48 (33-17105)

115 2220 304 64 Snowden,
449 2221 201 52 James
681 2220 223 64 Henry.

189 2295 327 55 Snowden’s
575 2297 236 68 Sunday
869 2298 191 53 school
1117 2299 236 64 lessons;
1415 2298 275 68 practical
1748 2297 365 68 expositions,

119 2374 346 69 evangelical
522 2377 111 51 and
691 2377 377 66 unsectarian,
1126 2377 63 52 of
1245 2378 95 51 the
1396 2377 421 52 International
1878 2377 235 68 Sunday

119 2454 188 52 school
340 2455 226 66 lessons,
598 2455 296 67 improved
928 2455 257 53 uniform
1218 2456 197 53 series:
1450 2475 191 35 course
1676 2456 94 51 for
1804 2460 149 48 1931.
2024 2459 91 66 By

120 2533 192 53 James
353 2533 74 51 H.
475 2533 297 54 Snowden.
853 2535 130 51 13th
1026 2537 211 50 annual
1278 2536 238 52 volume.
1594 2536 138 52 New
1774 2535 178 68 York,
1995 2536 120 51 The

118 2612 332 52 Macmillan
480 2630 295 51 company,
810 2617 149 50 1933.

191 2686 135 46 xviii,
355 2687 83 38 373
467 2696 43 37 p.
566 2687 56 39 18
625 2688 44 21 cm
674 2718 8 9 .

128 2751 51 52 ©
207 2757 118 47 Aug.
355 2756 39 46 8,
422 2756 140 45 1933;
592 2757 66 39 2c.
687 2758 96 39 and
810 2757 82 40 aff.
919 2759 121 47 Aug.
1067 2760 53 44 9;
1153 2760 39 38 A
1220 2760 169 45 63845;
1422 2760 280 40 Macmillan
1732 2772 65 28 co.

127 2860 375 66 [Southwold,
530 2859 262 64 Stephen]
849 2864 169 54 1887-

196 2937 119 50 The
338 2936 123 52 lord
484 2936 63 51 of
568 2936 120 67 life,
710 2938 74 69 by
806 2939 129 52 Neil
959 2938 125 53 Bell
1134 2940 209 67 [pseud.]
1421 2942 232 66 Boston,
1674 2940 194 67 Little,
1891 2943 228 65 Brown,

125 3015 111 52 and
269 3032 294 50 company,
599 3019 147 50 1933.

197 3087 608 51 5 p. l., [3]-295 p. 20 cm .
133 3155 51 52 ©
215 3161 116 48 July
362 3163 38 46 7,
432 3161 139 48 1933;
604 3163 67 41 2c.
704 3164 95 40 and
831 3164 80 40 aff.
944 3165 116 48 July
1091 3165 53 47 8;
1178 3166 40 39 A
1249 3166 170 48 63534;
1454 3166 162 49 Little,
1650 3169 190 48 Brown,
1872 3170 97 40 and
201 3182 1901 83 company.
416 3219 278 50 (33-17277)

126 3319 325 68 Steenweg,
479 3324 283 57 Herman.

200 3398 387 69 Vindication,
658 3402 73 66 by
803 3404 255 52 Herman
1136 3404 310 69 Steenweg.
1554 3407 358 69 Milwaukee,
1987 3409 137 57 Wis.

138 3475 255 64 [Printed
424 3477 73 53 by
525 3478 333 54 Morehouse
887 3481 335 68 publishing
1250 3502 97 47 co.]
1386 3488 147 48 1933.

199 3547 453 48 60 p., 1 l. 16½ cm .
137 3598 51 51 ©
226 3604 125 38 June
388 3605 68 46 20,
496 3606 139 46 1933;
674 3607 66 40 2c.
779 3609 124 39 June
940 3610 82 46 24;
1063 3611 82 41 aff.
1185 3612 124 40 June
1346 3613 83 46 23;
1469 3614 41 38 A
1549 3614 168 48 63387;
1759 3617 60 39 H.
1862 3617 261 49 Steenweg,

202 3660 302 42 Milwaukee.
576 3663 276 49 (33-17374)

130 3761 274 67 Stewart,
435 3767 137 54 Mrs.
607 3768 201 53 Elinor
847 3771 329 66 (Cochran)
1218 3774 323 57 1871-1933.

211 3842 219 52 Prières
461 3844 352 67 d’espérance
845 3856 53 44 et
928 3850 67 51 de
1025 3850 131 67 joie,
1188 3870 104 47 par
1324 3852 203 53 Elinor
1561 3854 258 55 Cochran
1854 3856 272 67 Stewart;

139 3918 320 53 traduction
503 3921 68 52 de
614 3921 286 56 Gabrielle
943 3926 210 53 Meyer.
1235 3929 136 51 New
1417 3930 178 66 York,
1638 3933 248 54 Pevensey
1976 3954 151 42 press

21 3996 310 66 [ c1931]
