2582 4453
1365 4115 134 50 1420

409 445 249 66 Moodie,
690 446 131 64 Roy
852 445 136 65 Lee,
1023 447 175 50 1880-

544 521 1882 70 … A popular guide to the nature and the environment of
411 598 1952 70 the fossil vertebrates of New York, by Roy L. Moodie …
415 679 250 68 Albany,
698 679 122 52 The
852 676 339 69 University
1224 678 63 53 of
1320 678 96 53 the
1448 682 147 49 state
1624 679 64 53 of
1720 678 140 53 New
1896 679 178 66 York,
2110 683 151 50 1933.

485 754 86 39 122
611 764 43 37 p.
696 752 108 41 incl.
846 752 145 47 illus.,
1032 752 173 48 plates,
1273 761 139 38 maps
1441 751 48 49 (1
1530 751 145 48 fold.)
1752 752 56 41 19
1810 753 44 22 cm
1859 783 9 9 .
1951 753 138 48 (New
2133 753 130 40 York
2304 756 129 39 state

413 820 234 31 museum.
704 808 277 41 Handbook
1009 808 82 48 12)

484 867 381 48 Bibliography:
897 876 43 39 p.
971 865 220 40 106-114.

417 920 52 52 ©
501 926 120 45 Aug.
653 925 39 46 1,
725 923 140 41 1933;
899 923 67 40 2c.
1001 923 126 47 Sept.
1160 922 82 41 27;
1276 921 83 41 aff.
1394 922 129 47 Sept.
1553 922 84 46 28;
1673 923 40 38 A
1745 922 171 48 65391;
1954 923 282 49 University
2269 925 50 40 of
2352 926 82 39 the

484 984 130 37 state
645 981 52 39 of
728 981 118 38 New
878 980 145 39 York.
1095 978 283 49 (33-28057)

410 1071 181 64 Moss,
626 1069 270 64 Warner,
938 1070 173 52 1902-

483 1146 1886 69 Political parties in the Irish free state, by Warner Moss …
413 1227 138 53 New
594 1225 181 69 York,
820 1224 304 57 Columbia
1164 1224 323 69 university
1528 1244 187 51 press;
1758 1227 260 68 London,
2060 1229 66 53 P.
2170 1228 56 56 S.
2269 1227 161 70 King

411 1311 45 50 &
482 1325 119 49 son,
628 1306 123 67 ltd.,
781 1309 152 50 1933.

488 1380 87 40 233
618 1391 42 37 p.
721 1379 151 41 front,
902 1378 162 49 (map)
1117 1379 181 47 diagrs.
1359 1377 55 41 23
1418 1379 44 22 cm
1468 1410 9 9 .
1547 1377 303 51 (Half-title:
1897 1378 196 42 Studies
2135 1379 50 39 in
2228 1379 203 50 history,

419 1437 272 40 economics
732 1437 96 39 and
869 1435 162 50 public
1070 1436 110 48 law,
1220 1437 74 39 ed.
1333 1435 61 48 by
1433 1435 83 41 the
1555 1435 208 49 Faculty
1803 1436 52 40 of
1893 1435 220 49 political
2153 1435 186 43 science
2378 1437 51 41 of

418 1493 254 42 Columbia
700 1493 290 49 university,
1049 1503 77 31 no.
1155 1491 112 50 382)

490 1553 174 39 Issued
688 1552 104 39 also
820 1561 55 30 as
902 1549 153 42 thesis
1089 1550 14 49 (PH.
1277 1549 15 48 D.)
1327 1549 254 42 Columbia
1608 1549 287 49 university.

418 1606 52 52 ©
504 1611 119 47 Aug.
656 1611 69 45 11,
758 1609 141 42 1933;
935 1609 67 40 2c.
1035 1609 96 40 and
1165 1608 82 41 aff.
1280 1609 120 47 Aug.
1434 1608 82 46 25;
1551 1608 42 38 A
1624 1607 171 43 65028;
1833 1607 251 41 Columbia
2121 1606 130 42 univ.
2286 1614 149 41 press.

498 1666 282 48 (33-29150)

412 1757 283 53 National
728 1756 308 66 collegiate
1069 1755 251 56 athletic
1347 1756 380 55 association.

484 1833 277 56 National
812 1834 299 69 collegiate
1161 1834 234 53 athletic
1447 1832 341 56 association
1838 1832 242 55 medical
2131 1833 306 54 handbook

420 1915 93 52 for
565 1913 220 54 schools
841 1913 113 53 and
1008 1913 270 68 colleges;
1335 1912 339 68 prevention
1729 1913 115 52 and
1897 1930 127 35 care
2077 1911 65 53 of
2195 1910 236 55 athletic

416 1993 255 69 injuries,
695 1993 549 53 recommendations
1269 1991 123 54 for:
1414 1991 243 55 medical
1680 1990 408 70 examination,
2111 2009 325 51 pre-season

414 2073 417 69 conditioning,
861 2071 263 55 methods
1156 2072 65 54 of
1252 2070 276 72 training,
1562 2071 293 70 diagnosis
1887 2073 112 53 and
2034 2077 306 49 treatment
2372 2071 64 56 of

417 2152 254 70 injuries.
750 2152 346 68 [Princeton,
1131 2152 70 53 N.
1236 2152 76 68 J.,
1347 2149 310 56 Princeton
1690 2151 320 70 university
2046 2171 174 50 press,
2254 2158 18 22 c
2278 2154 153 65 1933]

485 2228 69 47 34,
591 2229 54 48 [1]
678 2239 43 37 p.
783 2226 130 41 illus.
974 2228 55 39 17½
1062 2229 16 20 cm
1111 2260 8 7 .

487 2285 311 42 Cover-title:
828 2284 276 40 Handbook
1130 2295 60 30 on
1219 2285 81 39 the
1328 2283 284 49 prevention
1641 2285 97 39 and
1765 2294 112 30 care
1903 2284 51 40 of
1981 2282 205 42 athletic
2211 2283 223 47 injuries.

423 2339 50 52 ©
506 2344 129 47 Sept.
664 2345 39 44 7,
733 2343 113 40 1933
866 2354 8 32 ;
906 2343 66 40 2c.
1005 2342 128 48 Sept.
1164 2343 52 41 8;
1249 2342 81 40 aff.
1365 2342 129 47 Sept.
1525 2341 52 46 9;
1610 2342 41 39 A
1681 2342 171 47 65172;
1885 2343 131 40 Natl.
2047 2341 259 48 collegiate
488 2342 1932 99 athletic
635 2411 143 35 assn.,
812 2400 274 45 Princeton,
1120 2400 55 40 N.
1211 2400 42 39 J.
1326 2399 282 47 (33-24733)

413 2487 267 68 Nicolay,
712 2489 208 65 Helen,
955 2492 172 49 1866-

486 2565 123 54 The
635 2566 156 68 boys’
818 2566 108 54 life
952 2566 64 54 of
1042 2567 251 53 Thomas
1321 2565 304 68 Jefferson,
1653 2567 75 68 by
1756 2567 186 52 Helen
1972 2567 272 67 Nicolay;
417 2567 1991 130 illustrated
644 2645 76 68 by
755 2644 92 55 W.
882 2644 81 53 M.
1000 2646 235 67 Berger.
1309 2644 140 54 New
1488 2644 180 68 York,
1705 2644 259 68 London,
2002 2645 72 52 D.
2113 2646 318 67 Appleton-

417 2720 261 71 Century
705 2740 284 51 company
1013 2722 423 69 incorporated,
1467 2726 152 50 1933.

492 2796 63 45 xi,
581 2795 87 41 360
692 2807 43 38 p.
763 2796 111 41 incl.
899 2795 166 49 front.,
1094 2796 130 41 illus.
1283 2793 57 42 21½
1374 2797 45 23 cm
1421 2826 12 11 .

491 2853 164 41 “First
688 2852 264 51 printing.”

422 2906 54 53 ©
509 2910 103 42 Oct.
645 2910 40 48 6,
719 2910 140 46 1933;
894 2910 67 40 2c.
995 2909 97 42 and
1126 2909 83 43 aff.
1244 2910 102 41 Oct.
1381 2910 52 43 7;
1469 2910 43 40 A
1541 2909 172 49 65490;
1751 2911 56 41 D.
1842 2910 479 50 Appleton-Century
2355 2921 82 41 co.,

490 2968 90 40 inc.
653 2968 282 48 (33-29186)

420 3058 253 64 Oregon.
749 3060 281 66 Supreme
1064 3064 176 49 court.

491 3135 1942 72 Reports of cases decided … Bryan Goodenough, reporter,
422 3233 50 37 v.
511 3217 117 65 142,
662 3215 154 52 from
852 3214 298 68 February
1181 3214 51 56 7,
1268 3218 152 64 1933,
1454 3222 58 46 to
1542 3215 177 69 April
1751 3219 84 57 25,
1872 3219 150 49 1933.
2102 3216 117 54 San
421 3217 1987 142 Francisco,
619 3292 195 68 Calif.,
849 3292 548 55 Bancroft-Whitney

1472 3312 281 50 company
1793 3328 11 34 [
1811 3301 16 21 c
1834 3297 152 63 1933]

489 3368 104 47 xiii,
638 3367 84 41 768
765 3379 43 36 p.
878 3368 116 39 23cm.

425 3421 52 52 ©
515 3426 127 46 Sept.
676 3425 70 46 22,
781 3424 140 45 1933;
958 3424 67 40 2c.
1060 3423 101 41 Oct.
1197 3424 82 47 23;
1317 3423 82 41 aff.
1435 3424 102 40 Oct.
1572 3425 82 45 21;
1691 3426 40 37 A
1766 3425 171 46 65752;
1978 3425 139 40 State
2150 3426 50 38 of
2236 3425 202 46 Oregon,

496 3482 173 47 Salem,
701 3481 79 41 Or.

419 3571 208 65 Orton,
655 3570 185 57 Ruth.

492 3647 226 69 Pepito,
764 3647 97 53 the
905 3649 130 65 colt,
1082 3649 96 52 the
1224 3647 308 55 childhood
1579 3648 64 53 of
1688 3668 31 33 a
1764 3647 132 69 polo
1944 3667 170 50 pony,
2160 3650 74 66 by
2279 3649 157 52 Ruth

423 3726 186 56 Orton
644 3727 113 52 and
790 3726 191 53 Diana
1016 3727 245 53 Thorne.
1334 3727 217 53 Boston
1584 3728 113 53 and
1731 3727 139 53 New
1905 3727 179 70 York,
2117 3729 321 68 Houghton

422 3806 205 53 Mifflin
658 3822 98 51 co.,
788 3808 150 49 1933.

496 3858 1108 71 1 p. l. , 36, [1] p. front., illus. 21 × 28 cm .
496 3937 290 40 Illustrated
820 3936 366 49 lining-papers.

429 3989 53 54 ©
514 3994 101 41 Oct.
646 3995 41 46 4,
718 3994 142 47 1933;
893 3994 68 41 2c.
994 3994 102 41 Oct.
1128 3994 82 42 13:
1245 3994 82 41 aff.
1361 3994 102 41 Oct.
1496 3995 81 41 12;
1612 3995 42 39 A
1684 3994 171 47 65642;
1891 3995 159 40 Diana
2085 3996 205 40 Thorne.
2324 3994 117 39 New

500 4051 144 39 York.
739 4050 260 40 (33-29343)
