2582 4453
1316 4148 100 50 988

363 468 242 65 Quindt,
633 467 277 58 William.

441 545 117 52 Der
580 546 149 67 tiger
753 544 218 68 Akbar,
992 562 199 34 roman
1214 563 108 34 von
1345 542 260 55 William
1633 542 238 63 Quindt.
1932 542 217 69 Berlin,
372 542 1982 135 Volks-verband
675 623 100 52 der
831 623 473 68 bücherfreunde,
1356 622 364 69 Wegweiser-
1726 623 197 67 verlag
1976 640 52 51 g.
2086 640 71 35 m.
2216 622 50 51 b.
2323 622 53 51 h.

375 704 195 67 [c1933]

436 773 101 48 380,
569 775 55 48 [1]
656 784 56 37 p.,
740 774 23 38 1
813 807 8 8 l.
880 773 85 41 184
968 775 44 21 cm
1018 804 9 9 .

436 830 199 41 “Dieses
660 832 131 38 werk
816 832 65 39 ist
902 832 74 39 als
1001 830 178 41 dritter
1203 831 126 39 baud
1348 832 85 39 der
1452 828 312 43 vierzehnten
1794 830 369 49 (allgemeinen)

368 832 1990 97 jahresreihe
536 888 84 40 für
658 889 77 39 die
770 888 278 47 mitglieder
1083 890 84 39 des
1204 888 423 40 Volksverbandes
1665 890 84 39 der
1787 889 390 42 bücherfreunde

364 899 1994 87 hergestellt
537 947 194 39 worden
767 947 96 38 und
902 946 122 40 wird
1058 956 94 29 nur
1187 945 131 40 diese
1354 946 286 47 abgegeben."

370 1003 51 52 ©
470 1008 110 40 Feb.
625 1008 39 46 1,
709 1007 142 46 1933;
958 1039 8 8 1c.
1012 1007 113 47 Apr.
1171 1006 83 46 29;
1303 1005 40 39 A
1345 1005 270 48 -Foreign
1661 1005 171 47 20752;
1881 1007 368 40 Volksverband
2296 1008 85 38 der

436 1064 405 46 bücherfreunde,
873 1063 496 49 Wegweiser-verlag,
1401 1074 41 36 g.
1476 1074 60 29 m.
1569 1063 42 40 b.
1643 1064 46 38 h.
1761 1063 281 50 (33-17830)

361 1156 234 64 Rector,
626 1156 248 64 George.

435 1234 56 53 A
519 1235 55 53 la
603 1233 228 69 Rector,
862 1250 31 35 a
920 1232 334 69 miscellany
1285 1232 65 54 of
1379 1231 244 71 cooking
1652 1232 216 70 recipes
1898 1233 309 55 assembled
2241 1233 140 53 with

365 1319 164 62 great
578 1312 284 69 diligence
910 1313 114 52 and
1077 1311 313 69 faithfully
1443 1312 293 53 described
1786 1312 197 53 herein
2033 1314 74 66 by
2160 1311 224 70 George

365 1390 2018 69 Rector … illuminated with many merry tales, pictures, etc.,
364 1470 114 52 and
503 1468 439 69 painstakingly
966 1469 190 53 edited
1181 1469 74 67 by
1281 1488 72 34 an
1380 1469 296 68 authority
1702 1467 64 55 of
1790 1475 148 48 note.
2038 1470 139 53 [New
2202 1469 181 67 York,

362 1555 18 21 c
386 1550 152 65 1933]

523 1653 8 11 110,
563 1621 55 50 [1]
649 1631 42 38 p.
752 1620 130 41 illus.
943 1620 55 41 23½
1032 1623 44 21 cm
1081 1651 10 11 .

435 1677 267 49 Copyright
731 1677 59 48 by
820 1678 83 39 the
933 1678 150 40 Great
1111 1676 221 41 Atlantic
1359 1681 94 38 and
1485 1677 179 41 Pacific
1692 1680 78 38 tea
1799 1687 250 39 company.

435 1733 235 43 Contains
698 1733 305 49 advertising
1029 1736 195 38 matter.

368 1788 2014 52 © June 9, 1933; 2c. and aff. June 14; A 63163; Great Atlantic & Pacific
433 1852 79 37 tea
546 1860 82 36 co.,
662 1850 117 39 New
813 1849 146 39 York.
1030 1848 283 49 (33-17405)

360 1939 233 66 Ricker,
620 1941 139 52 Mrs.
789 1938 309 54 Elizabeth
1134 1939 349 66 (Kerrison)

431 2020 243 51 Dreams
707 2019 112 51 and
851 2019 208 67 purple
1090 2017 282 69 horizons,
1401 2019 74 67 by
1508 2017 301 53 Elizabeth
1843 2016 280 55 Kerrison
2154 2018 225 52 Ricker.

364 2098 320 67 Columbia,
713 2096 57 56 S.
799 2096 81 69 C.,
905 2097 122 54 The
1054 2099 67 51 R.
1148 2098 65 52 L.
1242 2098 199 67 Bryan
1469 2116 281 50 company
1781 2131 13 34 [
1799 2104 18 21 c
1822 2100 153 65 1933]

433 2174 87 39 145
546 2184 42 38 p.
650 2173 136 39 front.
829 2170 175 50 (port.)
1072 2172 57 40 20
1132 2174 44 21 cm
1182 2204 9 8 .

432 2232 187 40 Poems.

367 2286 2012 52 © June 23, 1933; 2c. June 29; aff. June 28; A 64166; E. K. Ricker,
437 2348 209 46 Sumter,
678 2347 43 40 S.
751 2346 51 41 C.
873 2345 282 49 (33-17643)

358 2436 275 67 Roberts,
661 2437 186 54 Helen
877 2436 270 67 Heffron,
1178 2442 174 50 1888-

433 2518 177 51 Form
654 2517 61 52 in
759 2515 298 70 primitive
1100 2515 209 68 music;
1356 2534 73 35 an
1476 2516 312 67 analytical
1835 2517 114 52 and
1993 2515 388 70 comparative

363 2596 171 66 study
561 2594 65 54 of
652 2595 96 53 the
774 2595 242 53 melodic
1046 2593 153 54 form
1227 2593 65 55 of
1318 2612 152 36 some
1498 2595 226 52 ancient
1751 2596 273 52 southern
2054 2594 326 57 California

365 2673 212 54 Indian
621 2691 189 50 songs,
850 2672 76 69 by
971 2673 188 52 Helen
1203 2672 77 53 H.
1325 2672 259 53 Roberts.
1662 2674 140 52 New
1847 2673 182 59 York,
2072 2673 307 53 American

363 2750 220 69 library
619 2750 65 54 of
718 2749 372 70 musicology,
1125 2752 91 54 W.
1253 2752 91 54 W.
1382 2752 225 52 Norton
1644 2754 46 50 &
1725 2770 300 51 company,
2062 2752 127 67 inc.,
2230 2754 149 50 1933.

363 2823 1999 108 x, 180 p. 25½ cm . (Half-title: American library of musicology. Contemporary series … v. 2)
435 2939 1943 48 “The songs … are derived from three sources: Luiseño, Gabrielino
373 2997 335 47 (presumably
750 2996 252 40 mainland
1043 2997 234 47 although
1319 2999 84 37 not
1443 2996 182 47 clearly
1666 2997 77 47 so)
1792 2998 94 38 and
1928 3009 26 28 a
1996 2997 140 39 small
2178 2996 200 39 number

363 3051 186 51 plainly
577 3055 162 39 stated
767 3056 48 38 to
842 3053 173 49 belong
1041 3056 49 38 to
1119 3052 539 49 Catalina.”—Introd.,
1687 3065 44 37 p.
1759 3053 42 41 2.

434 3110 226 41 Includes
690 3110 167 41 music.

434 3166 378 49 Bibliography;
842 3178 44 37 p.
916 3165 217 43 179-180.

368 3219 2012 53 © June 9, 1933; 2c. June 13; aff. June 14; A 63172; H. H. Roberts, New
435 3282 187 40 Haven.
694 3281 282 49 (33-17404)

359 3371 140 65 Roe,
528 3370 214 66 Yingie
772 3373 142 64 Eve,
945 3372 173 54 1879-

436 3450 198 52 Flame
684 3449 63 53 of
794 3450 96 52 the
939 3451 225 66 border,
1211 3451 76 66 by
1338 3450 210 67 Yingie
1596 3451 68 52 E.
1713 3451 137 52 Roe.
1936 3450 233 55 Garden
2220 3449 154 68 City,

366 3526 69 52 N.
470 3525 89 69 Y.,
592 3526 360 68 Doubleday,
984 3528 200 53 Doran
1218 3528 111 52 and
1365 3546 298 50 company,
1698 3528 420 67 incorporated,
2153 3532 152 49 1933.

437 3600 757 50 6 p. l., 296 p. illus. 19½ cm .
439 3658 162 40 “First
629 3657 231 42 edition.”

370 3710 51 53 ©
452 3715 81 39 July
597 3716 38 42 5,
666 3715 140 41 1933:
838 3716 66 39 2c.
937 3716 93 39 and
1062 3715 82 40 aff.
1175 3715 116 41 July
1320 3715 52 41 6:
1405 3715 40 39 A
1474 3715 171 43 63544;
1678 3715 52 41 V.
1763 3717 52 39 E.
1848 3716 112 43 Roe,
1992 3716 153 48 Napa,
2175 3716 146 42 Calif.

449 3773 281 46 (33-17390)

362 3864 212 60 Ruffin,
603 3864 155 54 John
789 3865 437 53 Demosthenes
1254 3866 73 53 N.

434 3942 120 52 The
596 3943 315 52 celebrated
955 3943 207 54 Crown
1202 3943 136 53 trial
1391 3944 160 67 (over
1592 3962 26 33 a
1661 3944 286 52 thousand
1988 3945 275 52 members
2303 3961 69 35 on

363 4021 95 53 the
486 4020 190 69 jury).
741 4022 273 55 Orations
1045 4023 110 52 and
1187 4022 224 70 mighty
1441 4023 355 54 combatants
1835 4023 120 67 (the
1986 4028 112 47 two
2127 4028 249 64 greatest
