2484 4405
1032 4063 132 49 1569

123 407 889 65 Addressograph-multigraph
1050 407 393 64 corporation,
1484 409 325 54 Cleveland.

194 483 220 70 Selling
449 485 199 53 tactics
683 485 125 53 that
847 485 113 52 win
994 485 283 67 business;
1317 486 277 67 practical
1630 486 359 69 suggestions
2025 486 94 53 for

120 560 1974 149 conducting effective sales promotion … [Cleveland, O., Addressograph-multigraph corporation, c1933]
186 715 60 46 iv,
281 715 57 40 60
369 726 41 37 p.
473 715 128 40 illus.
773 748 8 7 19cm.

121 768 51 51 ©
210 773 126 46 Sept.
370 772 40 47 1,
445 770 139 47 1933;
620 772 68 39 2c.
723 772 96 39 and
852 771 82 40 aff.
973 771 128 48 Sept.
1136 772 82 46 20;
1256 772 41 38 A
1331 771 171 47 66156;
187 772 1918 105 Addressograph-multigraph
369 839 126 38 corp.
563 829 13 47 (CA
663 827 175 42 33-867
856 828 235 48 Unrev’d)

118 912 289 56 Alabama
460 918 113 51 and
629 916 286 55 Southern
968 917 202 69 digest.
1247 918 262 70 October,
1566 924 152 63 1933,
1771 921 346 53 cumulative

187 995 1665 71 pamphlet … St. Paul, West publishing co. [c1933]
183 1070 87 39 342
298 1080 43 38 p.
399 1070 117 41 24cm.

119 1123 51 51 ©
198 1127 117 39 Nov.
344 1127 38 46 1,
412 1126 112 40 1933;
582 1127 66 39 2c.
679 1126 116 39 Nov.
825 1125 81 47 16;
939 1125 81 40 aff.
1050 1125 119 40 Nov.
1198 1126 58 40 18;
1311 1128 39 37 A
1381 1128 169 47 68186;
1643 1132 74 37 West
1746 1129 109 47 pub.
1885 1139 66 29 co.

115 1214 308 66 Althouse,
453 1216 256 52 Andrew
737 1216 71 54 D.

182 1281 1839 79 Modern electric and gas refrigeration, by A. D. Althouse …
113 1358 2002 79 and Carl H. Turnquist … Chicago, The Goodheart-Willcox
112 1463 296 54 company,
437 1448 126 66 inc.,
596 1450 152 51 1933.

181 1518 157 42 Blank
362 1530 149 38 pages
535 1520 81 40 for
641 1518 425 44 “Memorandum”
1106 1517 81 51 ([6]
1216 1520 51 37 at
1293 1517 117 44 end)

116 1575 51 51 ©
192 1580 117 38 Nov.
334 1580 41 46 4,
401 1579 113 40 1933;
568 1579 67 40 2c.
661 1579 95 39 and
783 1578 80 41 aff.
888 1579 121 39 Nov.
1035 1578 52 44 6;
1117 1577 40 38 A
1183 1576 170 45 66945;
1384 1572 506 43 Goodheart-Willcox
1916 1581 84 35 co.,
2026 1569 91 40 inc.

192 1636 280 48 (33-33250)

112 1724 305 67 Andrews,
452 1725 245 55 Charles
729 1725 198 65 Freer,
964 1723 173 54 1871-

180 1801 199 55 Christ
409 1803 62 52 in
501 1803 97 53 the
629 1803 206 53 silence
872 1803 110 68 [by]
1022 1802 64 55 C.
1119 1802 67 52 F.
1219 1800 300 52 Andrews.
1587 1798 139 52 New
1763 1796 180 65 York,
109 1794 1973 138 Cincinnati
357 1885 138 62 [etc.]
529 1881 121 53 The
679 1880 314 69 Abingdon
1024 1898 157 50 press
1234 1882 176 62 [c1933]

179 1952 88 42 299
300 1965 43 38 p.
405 1953 146 41 19½cm.

183 2009 189 43 “Books
398 2011 110 41 that
533 2021 112 38 may
671 2010 112 51 help
810 2012 81 40 the
918 2008 230 44 reader”:
1179 2020 44 38 p.
1253 2007 216 42 298-299.

113 2066 51 51 ©
197 2070 101 40 Oct.
327 2070 70 46 23,
427 2069 139 47 1933;
598 2069 67 41 2c.
695 2069 97 39 and
821 2067 80 41 aff.
934 2068 102 40 Oct.
1066 2068 83 46 25;
1183 2068 41 38 A
1253 2066 170 46 66772;
1458 2065 48 41 C.
1539 2065 50 38 F.
1620 2065 249 39 Andrews.
1902 2063 210 39 London.

191 2126 278 48 (33-33093)

107 2213 213 66 Bacon,
351 2213 318 65 Benjamin
698 2211 252 66 Wisner,
985 2215 327 50 1860-1932.

177 2288 1821 72 The gospel of the Hellenists, by Benjamin W. Bacon …
104 2365 1979 150 edited by Carl H. Kraeling … New York, H. Holt and company [c1933]
177 2505 700 64 xii p., 2 l., 3-432 p. 22cm.
177 2576 102 43 The
302 2576 173 50 Gospel
498 2577 259 50 according
779 2578 49 40 to
855 2577 70 42 St.
947 2576 144 49 John,
1115 2576 274 42 translated
1415 2577 60 48 by
1502 2576 52 40 B.
1579 2577 71 40 W.
1676 2575 190 41 Bacon:
1892 2586 43 39 p.
104 2575 2005 102 [241]-302.

178 2690 362 42 “Publications
568 2691 52 41 of
650 2690 260 46 Benjamin
944 2691 192 41 Wisner
1168 2691 178 47 Bacon,
1378 2690 289 41 1927-1932”
1688 2702 8 29 :
1731 2702 43 38 p.
1805 2689 218 42 431-432.

179 2748 458 42 “Abbreviations”:
668 2749 25 39 1
719 2748 101 41 leaf
847 2748 252 48 following
1127 2759 43 38 p.
1198 2748 84 40 xii.

109 2804 51 51 ©
194 2808 100 40 Oct.
327 2807 69 47 26,
428 2806 117 40 1933;
603 2806 67 40 2c.
705 2805 101 40 Oct.
837 2805 83 47 26;
955 2804 82 41 aff.
1072 2805 103 40 Oct.
1207 2805 82 46 27;
1324 2805 42 38 A
1398 2805 170 46 66789;
1604 2806 169 47 Henry
1806 2806 121 39 Holt
1957 2806 36 38 &
2026 2815 83 37 co.,

178 2864 90 40 inc.
339 2863 279 49 (33-33081)

105 2952 222 66 Baillie,
359 2953 174 65 John,
569 2954 171 50 1886-

175 3028 1931 68 And the life everlasting, by John Baillie … New York,
104 3108 64 55 C.
199 3106 313 57 Scribner’s
541 3124 146 49 sons,
723 3110 152 49 1933.

175 3179 1930 51 xvi p., 1 l., 350 p. 21cm. [The Ayer lectures of the Colgate-Rochester
106 3236 208 50 divinity
342 3237 176 47 school,
546 3237 280 47 Rochester,
854 3236 56 41 N.
941 3236 66 44 Y.,
1037 3235 131 51 1932]

176 3292 566 50 “Acknowledgments”:
773 3304 43 37 p.
844 3304 45 28 x.

107 3349 50 52 ©
189 3354 99 39 Oct.
319 3354 69 44 13,
418 3351 141 46 1933;
590 3351 65 39 2c.
687 3351 95 39 and
812 3349 81 40 aff.
925 3349 101 40 Oct.
1058 3350 83 46 16;
1174 3350 41 38 A
1244 3350 171 47 66608;
1449 3351 202 41 Charles
1685 3352 264 40 Scribner's
1980 3363 126 29 sons.

183 3408 279 49 (33-33095)

103 3483 208 65 Belloc,
341 3481 244 65 Hilaire,
619 3482 171 51 1870-

175 3561 237 55 Charles
436 3560 96 52 the
557 3558 174 67 First,
754 3557 142 68 king
922 3556 65 55 of
1010 3558 273 67 England
1330 3559 93 67 [by]
1455 3560 229 53 Hilaire
1710 3562 221 67 Belloc;
1962 3563 136 53 with

106 3638 367 68 frontispiece
506 3637 61 53 in
599 3637 210 66 colour,
846 3636 64 53 17
944 3635 340 54 doubletone
1318 3637 382 55 illustrations
1736 3642 113 51 and
1885 3659 31 33 a
1950 3660 150 49 map.

104 3715 405 70 Philadelphia
539 3719 46 50 &
612 3715 258 66 London,
898 3713 57 56 J.
985 3715 68 52 B.
1083 3713 340 70 Lippincott
1453 3734 297 51 company,
1783 3722 150 50 1933.

174 3790 98 47 375,
308 3790 55 50 [1]
398 3800 42 37 p.
500 3789 86 40 col.
619 3788 164 47 front.,
815 3788 127 38 illus.
972 3786 161 48 (map)
1174 3797 76 38 pl.,
1283 3790 163 45 ports.,
1478 3788 191 41 facsim.
1729 3791 147 42 24½cm.

173 3846 162 42 “First
364 3844 226 44 edition.”

107 3902 51 51 ©
199 3906 101 39 Oct.
343 3905 69 45 27,
453 3903 116 40 1933;
637 3902 67 40 2c.
747 3902 99 38 and
883 3900 83 41 aff.
1008 3901 118 39 Nov.
1169 3902 52 44 3;
1267 3901 41 38 A
1348 3902 171 47 66886;
1565 3905 61 40 H.
1669 3906 178 52 Belloc,
1894 3907 212 47 Shipley,

172 3962 257 44 Horsham,
460 3958 235 49 England.
766 3956 280 49 (33-33048)
