2484 4405
1066 4093 100 51 921

64 460 248 64 Husum,
339 457 81 64 F.,
447 450 341 69 publishing
813 463 306 51 company,
1148 446 129 63 inc.,
1306 440 268 70 Chicago.

134 534 250 69 Chicago
430 532 113 52 and
585 530 97 53 the
725 526 225 55 world’s
995 524 137 69 fair,
1179 525 151 50 1933.
1406 519 271 69 Chicago,
1721 518 66 51 F.
1833 516 226 52 Husum

64 606 1000 76 publishing company inc. [ c 1933]
141 671 1370 65 [3]-157 p., 1 l. incl. illus., ports., map. 28½ × 22½ cm .
140 743 223 40 Inclufles
395 740 147 39 blank
574 748 145 40 pages
751 737 78 39 for
862 731 366 51 “Autographs”
1262 731 95 40 and
1392 724 386 44 “Memoranda”.

137 800 224 39 Includes
391 794 302 50 advertising
721 793 194 41 matter.

73 856 53 53 ©
159 858 127 41 June
319 856 70 49 12,
422 854 143 47 1933;
601 853 68 42 2c.
702 852 97 40 and
834 848 84 44 aff.
953 849 127 40 June
1115 846 83 48 15;
1236 847 41 39 A
1311 843 172 49 64008;
1521 842 53 43 F.
1612 842 190 39 Husum
1839 838 110 51 pub.
1983 848 84 37 co.,

141 915 89 40 inc.
301 911 279 51 (33-16826)

69 997 389 67 Ingebritsen,
489 998 131 55 Otis
650 994 295 67 Clarence,
978 999 171 50 1893-

209 1061 1863 83 … Coordinating mechanisms of the spinal cord; from the
83 1152 413 73 psychological
541 1148 367 58 laboratories
954 1148 62 54 of
1061 1147 95 52 the
1203 1144 333 68 University
1581 1142 61 52 of
1687 1138 267 71 Chicago,
1997 1138 73 68 by

78 1215 1972 165 Otis Clarence Ingebritsen … Worcester, Mass., Clark university, c 1933.
149 1369 1877 61 p. 483-555. illus., diagrs. 24½c m . (Genetic psychology monographs …
84 1440 88 42 vol.
201 1448 109 39 xiii,
339 1448 74 31 no.
446 1436 50 48 6)

152 1494 376 42 “References”:
563 1504 42 38 p.
638 1491 216 41 552-553.

84 1554 53 52 ©
166 1557 127 39 June
321 1556 40 46 8,
390 1555 113 40 1933;
563 1554 66 40 2c.
662 1554 126 39 June
818 1551 82 46 12;
934 1549 82 40 aff.
1049 1549 127 40 June
1206 1549 84 45 21;
1323 1547 43 40 A
1395 1547 171 45 63328;
1598 1545 150 42 Clark
1780 1541 130 44 univ.

163 1611 280 52 (33-16607)

80 1701 268 66 Ingham,
378 1704 137 52 Mrs.
549 1699 172 55 Clara
751 1697 303 64 Cogswell.

150 1779 122 52 The
307 1784 214 47 mascot
558 1777 179 67 bears,
778 1776 73 67 by
890 1775 170 54 Clara
1105 1771 280 72 Cogswell
1425 1770 277 69 Ingham;
1742 1768 340 70 illustrator,

85 1855 216 56 Colista
327 1856 286 69 Dowling.
689 1854 300 68 Portland,
1015 1852 120 69 Or.,
1160 1852 185 53 Print,
1372 1852 75 68 by
1469 1847 416 71 Metropolitan
1910 1866 174 50 press.

86 1939 151 52 1933.

158 2004 872 54 4 p. l., 49 p. illus., 2 pl. 20½c m .
92 2064 53 53 ©
169 2069 114 47 Apr.
308 2068 71 46 22,
404 2067 141 46 1933;
572 2065 66 41 2c.
665 2065 115 48 Apr.
805 2064 83 46 26;
918 2063 82 41 aff.
1028 2064 117 47 May
1171 2063 81 45 11;
1281 2062 42 39 A
1349 2061 171 48 64125;
1549 2061 49 41 C.

1627 2060 51 40 C.
1706 2059 219 48 Ingham,
164 2060 1907 110 Portland,
327 2123 78 42 Or.
476 2122 279 49 (33-16814)

90 2211 283 55 Institute
401 2212 64 52 of
490 2210 191 66 public
708 2207 504 65 administration,
1240 2209 139 52 New
1409 2208 178 54 York.

159 2291 56 52 A
242 2287 408 72 bibliography
678 2288 65 54 of
773 2286 195 71 public
1000 2284 484 58 administration,
1579 2330 9 9 I.
1619 2284 246 56 General
92 2284 1974 137 literature.

312 2368 89 68 By
446 2367 184 55 Sarah
673 2367 193 66 Greer,
910 2364 279 54 librarian
1231 2364 63 52 of
1336 2364 96 54 the
1473 2362 276 56 Institute
1791 2363 63 53 of
1896 2364 195 68 public

95 2443 478 56 administration.
646 2445 138 52 New
819 2444 162 54 York
1015 2443 134 70 city,
1185 2442 275 55 Institute
1494 2443 64 51 of
1593 2443 194 69 public
93 2442 1977 149 administration,

357 2522 301 57 Columbia
688 2521 334 71 university,
1055 2524 151 52 1933.

167 2598 64 48 xi,
267 2597 58 41 90
357 2608 43 38 p.
462 2597 56 41 23½
551 2600 44 21 cm
599 2629 8 8 .

174 2645 1872 62 “A much more comprehensive bibliography [than the 1926 edition, …
106 2709 116 41 with
254 2710 81 40 the
368 2707 238 42 inclusion
638 2707 52 40 of
721 2705 267 50 important
1020 2705 191 51 foreign
1244 2705 514 44 titles.”—Foreword.

175 2763 392 50 “Bibliographic
596 2765 97 40 and
726 2762 247 43 reference
1005 2763 254 43 sources”:
1295 2766 65 45 pt.
1415 2795 9 15 I,
1460 2774 42 37 p.
1534 2762 99 42 1-7.

107 2821 52 53 ©
188 2827 125 38 June
341 2827 39 44 1,
409 2825 140 46 1933;
579 2823 67 42 2c.
676 2824 128 39 June
829 2823 82 47 21;
942 2822 82 42 aff.
1054 2822 130 42 June
1209 2823 82 47 20;
1323 2824 43 40 A
1392 2823 169 47 64107;
1597 2823 233 41 Institute
1860 2824 52 39 of
1940 2821 161 50 public

174 2881 410 42 administration.
655 2879 279 49 (33-16617)

103 2972 172 55 Iowa.
339 2971 162 54 State
569 2971 140 53 board
738 2971 63 66 of
828 2968 361 57 educational
1216 2968 330 57 examiners.

235 3042 1866 80 … A census of the public school teaching personnel of Iowa
107 3126 93 54 for
245 3127 95 53 the
385 3126 188 54 school
618 3144 134 51 year
799 3127 254 54 1928-29.
1135 3127 292 68 Prepared
1470 3127 75 70 by
1589 3128 68 54 E.
1702 3130 66 52 T.
1811 3128 291 72 Peterson,

109 3222 96 37 th.
237 3224 67 48 d.,
338 3207 66 52 E.
438 3207 66 52 F.
536 3204 281 69 Linquist,
849 3222 97 36 ph.
977 3224 67 48 d.,
1073 3206 83 53 M.
1188 3208 66 51 P.
1286 3206 182 70 Price,
1499 3225 99 35 ph.
1631 3226 67 48 d.,
1728 3209 77 51 H.
1837 3208 70 53 A.
1941 3209 161 68 Jeep,

110 3299 95 38 pii.
236 3301 51 35 n.
356 3282 201 54 Issued
588 3282 76 68 by
695 3283 97 52 the
824 3283 195 53 Board
1052 3284 65 53 of
1149 3283 359 56 educational
1543 3284 334 73 examiners,
1910 3286 196 70 Agnes

115 3357 347 66 Samuelson,
493 3359 305 69 president.
864 3362 114 52 Des
1007 3359 239 71 Moines,
1278 3363 121 55 The
1431 3365 162 56 State
1622 3365 64 51 of
1714 3366 158 52 Iowa
1908 3399 12 33 [
1926 3371 18 21 c
1949 3369 133 49 1932
2089 3399 12 33 ]

183 3435 130 46 xxiv,
341 3433 86 41 256
453 3445 42 36 p.
524 3434 109 40 incl.
663 3435 167 39 tables.
888 3433 60 39 22½
976 3436 45 20 cm
1026 3465 8 8 .

118 3486 52 53 ©
205 3492 127 47 Sept.
365 3489 68 48 29,
467 3490 140 46 1932;
642 3490 67 40 2c.
743 3490 99 40 Oct.
876 3490 54 46 3;
966 3489 80 40 aff.
1085 3489 100 42 Oct.
1221 3493 52 45 1;
1309 3492 42 41 A
1382 3493 170 49 55355;
1591 3494 140 42 State
1763 3495 52 40 of
1850 3496 144 41 Iowa.

118 3563 216 67 Irving,
364 3562 410 68 Washington,
805 3563 326 58 1783-1859.

184 3640 382 71 Washington
593 3641 206 70 Irving
826 3642 111 53 and
966 3642 96 52 the
1091 3639 310 70 Storrows;
1433 3642 193 52 letters
1658 3640 151 54 from
1839 3641 271 70 England

110 3721 119 53 and
265 3720 95 53 the
394 3720 309 69 continent,
737 3722 327 67 1821-1828,
1099 3719 190 55 edited
1323 3719 75 71 by
1435 3718 236 72 Stanley
1705 3722 64 52 T.
1806 3718 302 59 Williams.

122 3796 359 73 Cambridge,
506 3799 190 69 Mass.,
722 3799 273 53 Harvard
1021 3797 319 71 university
1366 3817 172 50 press,
1569 3802 148 51 1933.

194 3872 62 45 ix,
283 3872 86 40 136
395 3883 42 36 p.
497 3872 25 39 2
551 3873 122 46 port.
702 3872 130 45 (incl.
862 3871 174 47 front.)
1071 3870 190 42 facsim.
1322 3872 50 40 21
1379 3875 44 21 cm
1429 3905 8 7 .

129 3924 51 53 ©
206 3930 124 39 June
357 3929 37 47 8,
450 3929 83 40 1933;
589 3930 65 40 2c.
683 3929 125 39 June
834 3928 81 48 19;
945 3929 79 40 aff.
1053 3928 127 41 June
1206 3928 56 40 20;
1318 3929 41 40 A
1385 3929 169 46 64080;
1585 3929 253 41 President
1866 3930 36 39 &
1928 3929 188 42 fellows

196 3986 52 39 of
284 3986 228 41 Harvard
549 3986 192 48 college,
780 3985 300 49 Cambridge,
1122 3985 144 41 Mass.
1338 3982 279 53 (33-16815)
