2484 4405
1055 4081 102 54 785

177 492 1274 54 2 p. l ., 662, v-xiii p. front., plates, port. 19cm.
113 552 51 51 ©
195 556 112 47 Apr.
340 555 68 46 10,
441 554 139 40 1933:
613 554 67 38 2c.
714 554 114 46 May
859 553 23 37 1;
945 551 83 41 aff.
1062 553 113 46 May
1207 551 55 39 27;
1323 551 41 38 A
1396 550 144 39 62537;
1602 548 234 47 Benziger
1870 548 125 39 bros.

190 610 279 49 (33-13890)

105 714 544 65 Lettow-Vorbeck,
678 714 146 52 Paul
856 713 153 52 Emil
1039 729 131 48 von,
1205 711 171 55 1870-

240 787 1612 71 … Was mir die Engländer über Ostafrika erzählten;
108 803 1975 119 zwanglose
264 869 479 66 Unterhaltungen
788 867 107 52 mit
935 864 350 70 ehemaligen
1331 882 277 51 gegnern;

1657 864 104 52 mit
1807 865 28 48 5
108 861 1997 138 karten-skizzen.
419 947 257 68 Leipzig,
711 947 75 52 K.
824 947 66 52 F.
928 946 252 53 Koehler
1221 948 193 64 [c1932]

180 1024 53 37 64
268 1033 40 35 p.
370 1021 127 39 illus.
527 1022 185 46 (maps)
782 1020 114 38 22cm.

181 1081 63 37 At
272 1079 122 38 bead
423 1078 51 39 of
504 1077 105 40 title:
670 1077 205 39 General
903 1088 41 28 v.
975 1075 441 41 Lettow-Vorbeck.

116 1143 1997 53 © Oct. 27, 1932; 1c. Feb. 23, 1933; A-Foreign 20033; K. F. Koehler,
182 1216 40 37 g.
251 1217 59 28 m.
338 1205 41 39 b.
406 1206 44 38 h.
522 1204 280 48 (33-13478)

107 1307 335 53 Louisiana.
517 1309 182 65 Laws,
727 1313 258 61 statutes,
1011 1313 101 46 etc.

238 1381 1873 71 … Civil code of the state of Louisiana, revision of 1870,
108 1462 2002 71 edited and annotated by Benjamin Wall Dart … assisted by
107 1544 96 51 the
230 1543 338 68 publishers’
597 1544 268 51 editorial
891 1540 149 55 staff.
1166 1546 99 48 [1933
1294 1542 345 53 cumulative
1669 1543 210 53 annual
1907 1541 207 69 pocket

107 1622 373 67 supplement.
544 1621 418 68 Indianapolis]
994 1623 122 51 The
1143 1621 443 54 Bobbs-Merrill
1613 1638 297 51 company,
1937 1624 174 50 c1933.

181 1696 282 46 cover-title,
498 1696 52 40 82
582 1706 43 37 p.
685 1696 146 41 25½cm.

183 1754 117 39 This
325 1754 246 46 pamphlet
598 1754 40 39 is
664 1755 47 38 to
737 1753 54 39 be
817 1753 137 39 fitted
978 1752 102 40 into
1108 1754 81 39 the
1215 1754 168 46 pocket
1410 1756 50 37 at
1488 1754 83 39 the
1595 1753 121 39 back
1740 1752 52 40 of
1817 1753 82 39 the
1923 1752 193 39 volume

113 1812 46 37 to
189 1810 156 39 which
374 1810 37 40 it
441 1811 207 46 belongs.

117 1862 2000 101 © May 24, 1933; 1c. June 16; 1c. and aff. July 1; A 64214; Bobbs-Merrill co.
110 2027 182 65 Lyon,
323 2029 243 64 Gaston,
599 2033 170 50 1864-

183 2105 73 51 El
287 2105 144 53 libro
463 2107 69 51 de
559 2107 83 51 las
671 2108 251 64 madres;
956 2105 227 68 higiene
1211 2126 35 49 y
1276 2105 282 54 medicina
1589 2106 70 53 de
1686 2106 83 54 los
1798 2104 183 70 niños,
2010 2121 106 53 por

112 2183 2003 70 el doctor Gast ó n Lyon … versi ó n del franees por E. Martínez
112 2263 271 52 Amador.
460 2263 332 69 Barcelona,
821 2263 69 55 G.
920 2263 139 68 Gili,
1090 2266 151 50 1932.

182 2336 548 49 2 p. l ., 440 p. 19½cm.
119 2390 1910 53 © Feb. 15, 1932; 1c. Mar. 2, 1933; A-Foreign 20152; Gustavo Gili.
196 2451 279 48 (33-13765)

111 2556 285 65 Maseras,
426 2555 269 67 Alfonso,
728 2561 171 50 1884-

251 2633 1863 70 … Fortuny, la mitad de una vida, por Alfonso Maseras y
122 2708 59 55 C.
213 2710 180 67 Fages
420 2712 67 51 de
515 2709 262 54 Climent.
844 2715 42 46 1.
918 2711 83 53 ed.
1063 2711 235 53 Madrid
1332 2717 138 62 [etc.]
1504 2710 445 69 Espasa-Calpe,
1978 2731 39 33 s.
2049 2731 66 49 a.,

122 2790 147 49 1932.

187 2858 85 39 312
305 2869 42 36 p.
406 2858 26 38 2
464 2869 60 37 pl.
559 2869 59 28 on
649 2860 24 37 1
725 2890 24 17 l.,
782 2860 25 38 2
838 2862 123 46 port.
989 2859 136 47 (incl.
1158 2861 174 47 front.)
1402 2861 116 41 19cm.
1591 2862 173 46 (Vidas
1799 2863 257 46 españolas
2088 2874 24 29 e

111 2913 511 48 hispanoamericanas
660 2916 76 39 del
771 2916 120 47 siglo
1019 2948 8 9 XIX.
1088 2916 81 47 19)

189 2971 776 50 “Bibliograf í a”: p. [310]-312.
122 3028 1913 54 © Mar. 15, 1932; 1c. Nov. 10; A-Foreign 19213; Espasa-Calpe, s. a.
199 3089 278 47 (33-13650)

114 3174 282 66 Metzsch,
426 3176 185 54 Horst
641 3176 144 52 Karl
815 3175 211 55 Alfred
1055 3192 132 49 von,
1220 3180 171 53 1874-

248 3253 1865 72 … Krieg ohne feldherrn? Oldenburg i. O., G. Stalling
139 3333 174 63 [c1932]

189 3404 68 46 94,
288 3405 54 48 [2]
370 3415 42 36 p.
465 3404 115 40 20cm.
646 3405 298 48 (Half-title:
972 3405 210 50 Stalling
1207 3406 225 41 bücherei
1462 3406 248 41 Schriften
1738 3417 62 30 an
1829 3407 76 41 die
1933 3406 184 44 nation.

119 3460 110 50 [12])

188 3518 62 38 At
279 3517 122 40 head
431 3519 51 37 of
511 3517 106 40 title:
676 3519 152 39 Horst
857 3529 90 29 von
981 3520 227 40 Metzsch.

123 3569 1994 56 © Dec. 5, 1932; 1c. Feb. 23, 1933; A-Foreign 19907; Gerhard Stalling
189 3639 104 38 a.-g.
364 3630 278 47 (33-13476)

114 3719 172 66 Mills,
315 3721 169 54 Philo
511 3722 170 55 Laos.

185 3799 325 51 Adamanta
553 3817 62 34 or
657 3799 156 54 “The
853 3802 270 52 diamond
1166 3803 155 68 age”,
1361 3801 247 71 proving
1646 3804 97 53 the
1782 3805 228 52 descent
2047 3805 65 53 of

117 3894 129 33 man
281 3876 150 52 from
466 3896 30 32 a
530 3878 360 69 remarkably
922 3880 140 67 high
1099 3886 271 61 ancestor,
1403 3880 89 54 his
1528 3881 107 52 fall
1670 3882 152 53 from
1856 3901 70 34 an
1960 3882 149 55 ideal

116 3954 245 52 cultural
393 3960 159 61 state,
585 3957 112 52 and
729 3956 89 54 his
849 3964 328 61 reconquest
1209 3958 64 53 of
1304 3959 263 67 paradise
1598 3961 58 52 in
1689 3962 95 52 the
1815 3967 294 62 supernat-
