2484 4405
1062 4089 135 55 1607

188 539 86 40 342
307 549 42 38 p.
411 538 144 43 18½cm.

192 608 140 42 “1.-5.
361 608 249 41 tausend.”

120 676 1763 51 © Nov. 17, 1931: 1c. Feb. 23, 1933; A-Foreign 22032; Gustav
186 676 1916 99 Kiepen-heuer
363 737 177 46 verlag,
573 746 104 37 a.-g.
752 735 280 48 (33-33901)

118 838 347 66 Flemming,
495 839 211 54 Alfred
734 839 241 66 Howell,
1004 858 178 49 comp.

184 917 56 52 A
274 915 320 68 formulary
629 916 63 53 of
726 917 135 52 civil
894 917 310 67 procedure
1238 917 112 52 and
1384 916 149 52 rules
1566 914 63 54 of
1662 914 215 54 certain
1912 918 205 63 courts,

114 994 333 68 containing
479 994 95 52 the
608 994 180 54 forms
822 996 135 51 used
990 993 59 53 in
1083 994 136 54 civil
1251 993 370 69 proceedings
1652 992 196 54 before
1880 992 100 53 the
115 991 1979 149 Supreme
342 1077 177 62 court,

554 1073 96 51 the
686 1072 207 54 Courts
929 1072 64 52 of
1029 1073 223 66 appeal,
1289 1073 113 51 and
1437 1072 95 53 the
1569 1070 228 54 district
1830 1076 189 48 courts
2054 1070 63 54 of

115 1151 95 51 the
242 1155 144 48 state
420 1149 63 53 of
517 1150 324 54 Louisiana.
920 1149 352 69 Containing
1306 1151 136 66 also,
1475 1150 95 52 the
1604 1150 150 53 rules
1786 1148 64 55 of
1881 1149 97 53 the
116 1148 1978 148 Supreme
339 1233 177 62 court,

550 1228 94 54 the
679 1228 157 52 three
871 1227 221 55 Circuit
1126 1234 189 47 courts
1347 1227 64 53 of
1445 1227 224 68 appeal,
1704 1226 154 55 Civil
1892 1227 226 53 district

117 1313 159 46 court
319 1306 92 52 for
451 1307 95 51 the
585 1306 206 52 Parish
831 1305 64 53 of
935 1305 260 67 Orleans,
1234 1307 113 51 and
1385 1305 124 53 first
1549 1305 135 68 City
1723 1309 160 49 court
1922 1305 65 55 of
2023 1305 95 53 the

115 1384 116 69 city
259 1383 63 53 of
350 1384 138 53 New
517 1383 256 55 Orleans.
851 1383 301 69 Compiled
1180 1384 72 68 by
1281 1383 212 53 Alfred
1521 1383 229 53 Howell
1776 1383 341 69 Flemming.

116 1462 2003 68 3d ed., rev. and ed. by Harry McEnerny, jr. … New Orleans,
117 1542 65 53 F.
209 1542 64 52 F.
301 1542 241 52 Hansell
568 1543 45 49 &
636 1540 136 68 bro.,
798 1541 103 52 ltd.
976 1543 133 50 [c1933
1115 1573 13 34 ]

188 1616 25 39 3
242 1626 43 37 p.
349 1646 8 16 l.,
387 1615 114 40 1030
531 1626 40 36 p.
632 1615 56 38 24
691 1616 43 21 cm
741 1646 7 8 .

121 1682 2002 51 © Nov. 13, 1933; 2c. Nov. 20; aff. Nov. 18; A 67192; F. F. Hansell &
189 1743 113 47 bro.,
331 1743 83 40 ltd.
488 1743 279 47 (33-34553)

122 1846 253 65 Garlick,
403 1848 259 52 Richard
691 1846 171 65 Cecil,
887 1847 73 66 jr.

253 1922 1870 70 … Philip Mazzei, friend of Jefferson: his life and letters,
121 2002 74 68 by
241 2002 255 54 Richard
542 2001 155 56 Cecil
743 2000 254 70 Garlick,
1042 2000 73 70 jr.
1209 2001 334 69 Baltimore,
1588 2002 141 69 Md.,
1774 2003 121 54 The
1940 2002 185 56 Johns

121 2080 271 64 Hopkins
420 2099 184 45 press;
637 2081 259 63 London,
925 2080 76 52 H.
1031 2078 268 66 Milford,
1329 2080 231 55 Oxford
1588 2080 320 64 university
1937 2099 185 45 press;

145 2165 120 61 [etc.,
296 2165 120 61 etc.]
455 2162 152 50 1933.

192 2231 85 42 179
304 2243 43 37 p.
405 2232 150 40 front,
585 2231 171 49 (port.)
824 2231 56 41 25
883 2233 44 22 cm
933 2263 8 9 .
1011 2230 126 49 (The
1163 2231 153 40 Johns
1343 2230 223 50 Hopkins
1593 2230 186 42 studies
1805 2231 50 40 in
1882 2233 242 41 Romance

125 2287 278 42 literatures
437 2289 95 39 and
570 2288 277 48 languages.
909 2289 155 39 Extra
1099 2287 93 41 vol.
1310 2289 14 48 VII)

195 2345 251 40 “Mazzei’s
476 2343 255 49 published
762 2343 278 49 writings”:
1069 2353 43 39 p.
1144 2344 111 46 167;
1289 2344 376 49 Bibliography:
1695 2355 43 37 p.
1770 2344 213 42 169-171.

125 2411 1914 53 © Oct. 31, 1933; 2c. and aff. Nov. 4; A 65962; Johns Hopkins press.
206 2472 278 48 (33-34589)

127 2576 281 65 Gaubert,
435 2576 136 55 Léo.

257 2654 925 67 … Péché … Paris, Plon [1933]
198 2726 640 42 5 p. l., 242 p., 1 l. 19 cm .
201 2784 40 40 A
270 2786 153 39 novel.

127 2850 1806 51 © Apr. 28, 1933; 1c. Sept. 13; A-Foreign 22074; Librairie Plon.
205 2910 278 48 (33-33900)

128 3009 257 67 Gillette,
413 3012 155 53 John
597 3012 235 65 Morris,
865 3015 171 49 1866-

258 3087 1863 68 … Current social problems, by John M. Gillette … and
126 3164 1993 72 James M. Reinhardt … New York, Cincinnati [etc.] American
127 3243 141 53 book
299 3261 275 51 company
609 3278 13 33 [
627 3251 17 21 c
650 3246 131 48 1933]

196 3326 45 35 x,
267 3314 84 41 819
376 3326 41 37 p.
479 3315 179 47 diagrs.
718 3314 54 40 23
776 3317 43 21 cm
825 3346 8 7 .
905 3314 280 48 (American
1214 3316 241 49 sociology
1482 3318 175 46 series)

197 3372 347 48 Bibliography
572 3375 51 37 at
650 3373 91 38 end
768 3372 51 39 of
844 3375 124 37 most
997 3373 51 39 of
1077 3373 83 39 the
1186 3373 242 47 chapters.

131 3443 1721 51 © Nov. 7, 1933: 2c. and aff. Nov. 10; A 66984; Amer book co.
212 3504 278 47 (33-34473)

133 3605 202 66 Glenn,
364 3607 145 52 Paul
539 3605 238 64 Joseph,
810 3607 171 50 1893-

202 3683 411 67 Criteriology;
639 3701 31 33 a
695 3683 141 52 class
858 3682 231 53 manual
1112 3683 59 52 in
1193 3682 185 68 major
1400 3684 166 67 logic,
1587 3685 75 67 by
1685 3687 148 53 Paul
1854 3690 56 53 J.
1936 3691 183 55 Glenn

193 3762 1795 70 … St. Louis, Mo. and London, B. Herder book co., 1933.
204 3835 64 49 xi,
295 3834 83 41 261
408 3846 43 37 p.
511 3833 55 40 19½
599 3836 43 21 cm
647 3866 8 7 .

538 3901 126 43 CONTENTS.—book
700 3902 40 41 1.
777 3899 499 51 Knowledge.—book
1313 3902 38 42 2.
1389 3902 361 45 Truth.—book
1787 3907 41 42 3.
1865 3910 264 42 Certitude.

136 3974 50 52 ©
213 3979 118 38 Nov.
358 3977 39 46 6,
425 3974 139 47 1933;
593 3975 66 38 2c.
689 3974 97 39 and
811 3972 81 40 aff.
921 3973 117 40 Nov.
1066 3973 53 46 9;
1150 3973 41 38 A
1218 3973 142 40 67043;
1419 3975 52 38 B.
1501 3976 193 41 Herder
1720 3980 121 39 book
1868 3992 67 29 co.

212 4033 278 50 (33-34452)
