2484 4405
1064 4050 101 51 657

202 468 623 50 4 p. l., 11-160 p. 28 cm .
133 536 51 51 ©
214 539 111 47 Apr.
356 539 40 46 3,
426 538 140 46 1933;
597 537 67 40 2c.
694 537 114 47 Apr.
837 537 81 46 19;
952 535 82 41 aff.
1064 537 113 46 May
1207 536 82 45 22;
1322 536 41 38 A
1392 535 169 47 61399;
1596 535 49 41 C.
1677 536 44 40 J.
1752 536 140 47 Love,
1927 535 198 43 Seattle.

210 595 278 48 (33-11844)

127 697 235 65 Lovely,
392 697 258 53 Thomas
679 697 53 55 J.

199 773 1926 70 Digest of economics, by Thomas J. Lovely … New York,
131 854 67 53 N.
227 854 90 66 Y.,
344 852 179 56 Globe
549 852 146 53 book
720 871 280 50 company
1031 887 13 33 [
1048 858 18 22 c
1071 854 133 51 1933
1210 885 13 34 ]

201 927 79 44 vii,
306 926 99 48 366,
431 926 40 46 3,
498 926 39 43 2,
566 926 26 39 3
619 936 42 36 p.
722 925 142 48 illus.,
892 925 178 47 diagrs.
1131 925 84 47 181
1218 927 43 21 cm
1266 955 9 8 .

202 985 223 39 Includes
446 983 391 47 bibliographies.

133 1050 51 51 ©
221 1055 112 46 Apr.
368 1053 69 47 22,
475 1053 139 45 1933;
654 1053 65 39 2c.
758 1054 96 38 and
891 1052 80 40 aff.
1009 1053 114 47 Apr.
1160 1053 82 45 27;
1282 1052 41 38 A
1360 1051 170 47 61488;
1572 1052 148 40 Globe
1756 1052 123 40 book
1916 1061 82 35 co.,
2037 1050 91 41 inc.

210 1110 278 47 (33-11821)

129 1210 282 66 Lucking,
439 1211 254 55 William
722 1211 229 66 Alfred,
983 1217 170 50 1882-

197 1292 55 51 A
275 1290 152 54 brief
448 1289 313 55 discussion
784 1291 112 51 and
919 1290 369 68 explanation
1310 1290 63 52 of
1394 1291 98 52 the
1511 1296 296 62 monetary
1831 1296 208 62 system
2063 1289 64 53 of

130 1371 92 50 the
256 1369 214 54 United
503 1368 188 55 States
722 1369 112 52 and
866 1370 95 50 the
991 1373 228 63 present
1248 1368 283 54 economic
1561 1369 112 52 and
1705 1369 164 54 trade
129 1369 1970 146 depression,

294 1449 202 54 caused
519 1447 220 68 largely
762 1448 74 67 by
862 1447 473 68 over-expansion
1360 1446 63 53 of
1448 1447 153 53 bank
1625 1448 158 52 loans
1809 1448 112 52 and
1947 1447 179 54 credit

129 1524 1935 70 in the years of 1923-1929 … By William Alfred Lucking …
135 1605 262 66 [Detroit,
431 1605 236 51 Printed
703 1605 73 66 by
810 1606 309 50 Interstate
1152 1603 152 53 brief
1336 1605 112 51 and
1483 1604 196 52 record
1714 1621 97 48 co.,
1843 1609 18 21 c
1867 1607 133 49 1933]

200 1676 766 49 cover-title, 3 p. l., 160 p. 26½cm.
135 1745 51 51 ©
215 1749 111 46 Apr.
354 1749 69 45 26,
453 1747 138 47 1933;
622 1748 66 39 2c.
717 1749 96 38 and
841 1747 81 41 aff.
952 1749 113 46 Apr.
1094 1748 83 45 28;
1208 1748 41 38 A
1277 1747 170 47 62408;
1478 1748 71 40 W.
1578 1748 54 39 A.
1662 1746 230 48 Lucking,
1922 1746 208 42 Detroit.

209 1805 278 48 (33-11813)

127 1906 263 66 Lumley,
422 1908 315 54 Frederick
768 1907 252 66 Elmore,
1053 1914 171 49 1880-

262 1985 1804 70 … The propaganda menace, by Frederick E. Lumley …
133 2064 289 56 Student’s
468 2066 84 53 ed.
628 2066 138 53 New
811 2065 180 68 York,
1033 2065 260 68 London,
1336 2065 123 53 The
1503 2063 257 71 Century
1800 2081 82 37 co.
1931 2097 15 35 [
1949 2070 19 22 c
1973 2067 152 64 1933]

198 2138 64 46 ix,
291 2139 87 39 454
409 2150 43 36 p.
511 2139 55 40 23
569 2141 44 21 cm
617 2169 10 9 .
697 2139 128 48 (The
854 2139 215 48 Century
1099 2138 152 41 social
1283 2139 186 40 science
1498 2138 177 46 series)
1800 2136 132 51 $3.00

198 2194 376 49 Bibliography:
607 2206 43 38 p.
677 2195 218 42 433-445.

133 2261 51 51 ©
215 2266 113 47 Apr.
357 2266 39 45 3,
427 2265 140 47 1933;
600 2266 67 39 2c.
699 2267 94 38 and
825 2265 81 40 aff.
939 2266 114 48 May
1084 2266 53 46 5;
1170 2265 42 39 A
1243 2265 170 47 62525;
1448 2265 215 49 Century
1693 2277 68 29 co.

208 2322 278 48 (33-11978)

133 2425 297 67 [McNeile,
458 2427 264 51 Herman
751 2426 179 68 Cyril]

197 2502 120 53 The
339 2521 133 33 man
497 2503 140 52 with
660 2505 263 67 samples,
947 2503 75 69 by
1050 2503 223 69 Sapper
1325 2504 211 68 [pseud.]

207 2578 83 48 (In
317 2573 184 45 Strand
529 2574 276 52 magazine,
834 2576 133 51 May,
999 2576 144 50 1933)

133 2644 1995 53 © 1c. June 21, 1933; A ad int. 17914; pubd. Apr. 25; H. C. McNeile,
202 2703 321 45 Fittleworth,
558 2705 192 47 Sussex,
782 2706 235 47 England.

126 2806 172 65 Malo,
329 2808 203 65 Henri,
565 2813 170 50 1868-

260 2886 1864 69 … Corsaires et flibustiers; avec quatre planches hors-texte
128 2963 166 56 tirées
321 2983 67 34 en
416 2964 410 68 héliogravure.
925 2964 186 69 [Paris]
1143 2965 391 53 Flammarion
1586 2969 150 63 [1932]

200 3036 1809 52 126 p., 1 l. front. (ports.) plates. 18 cm . [“Hier et aujourd’hui”]
131 3103 1938 54 © Oct. 20, 1932; 1c. Nov. 4; A-Foreign 18526; Ernest Flammarion.
207 3163 279 50 (33-11658)

125 3265 252 66 Marvin,
406 3268 243 64 Dwight
679 3270 304 65 Edwards,
1017 3276 172 49 1851-

197 3344 120 51 The
364 3343 180 69 wings
590 3344 64 53 of
701 3345 153 68 time,
900 3345 76 69 by
1022 3346 242 69 Dwight
1314 3346 280 53 Edwards
1642 3346 249 53 Marvin.
130 3347 1967 137 Norwell,
298 3421 190 66 Mass.,
512 3422 121 52 The
660 3423 142 53 Ross
830 3422 389 69 bookmakers,
1247 3426 150 50 1933.

196 3493 56 39 64
278 3503 43 37 p.
381 3493 56 41 19
441 3496 43 21 cm
488 3528 8 8 .

195 3548 182 41 Poems.

131 3603 51 51 ©
216 3608 113 47 Apr.
363 3609 38 45 7,
437 3609 140 46 1933;
613 3610 65 39 2c.
714 3611 95 38 and
843 3609 82 41 aff.
961 3612 113 46 May
1107 3611 52 45 1;
1196 3611 41 38 A
1270 3611 170 46 62418;
1476 3612 56 38 D.
1569 3613 53 38 E.
1657 3611 206 48 Marvin,
1902 3611 220 44 Summit,

196 3664 54 38 N.
289 3663 43 40 J.
402 3665 279 47 (33-11942)

124 3766 492 55 Massachusetts.
690 3770 183 66 Laws,
899 3776 258 61 statutes,
1185 3776 100 47 etc.

191 3842 330 56 Annotated
553 3848 136 51 laws
721 3848 62 52 of
814 3848 460 66 Massachusetts,
1305 3848 140 53 with
1477 3850 202 67 pocket
1711 3850 222 69 upkeep
123 3868 1970 118 service;
266 3922 331 70 containing

627 3926 76 50 all
733 3926 94 51 the
858 3927 135 52 laws
1021 3926 68 52 of
1118 3928 442 54 Massachusetts
1588 3928 64 52 of
1682 3950 31 33 a
1744 3931 222 67 general
2003 3930 112 52 and
