2582 4453
1319 4162 101 52 628

424 540 28 39 4
481 550 44 37 p.
590 569 9 18 l,
628 536 85 41 125
742 548 42 37 p.
845 535 139 42 front.
1026 536 176 49 (port.)
1228 536 173 47 plates.
1461 535 57 40 24½
1551 536 44 23 cm
1600 568 10 9 .

429 595 147 41 “This
603 594 186 41 edition
816 594 43 40 is
886 593 191 42 limited
1105 596 49 39 to
1183 593 132 48 sixty
1343 591 175 49 copies.
1574 592 121 41 This
1721 592 42 40 is
1791 602 75 31 no.
1894 589 99 43 60.”

359 663 2018 52 © Apr. 4, 1933; 2c. Apr. 8; aff. Apr. 15; A 61369; Anne Valleau Morel,
430 724 278 48 Savannah,
741 724 86 40 Ga.
898 723 285 50 (33-11466)

353 830 216 62 Morse,
600 827 197 55 Lewis
821 827 249 56 Wilbur.

426 905 274 53 Abstract
724 904 64 53 of
809 904 111 54 law
944 923 70 34 on
1041 903 306 69 consigned
1372 905 179 67 goods
1574 907 283 51 contracts
1879 906 60 51 in
1967 903 76 52 all
2068 903 95 53 the
2189 908 189 64 states,

356 982 280 70 prepared
675 982 93 53 for
804 982 95 55 the
936 982 180 69 Legal
1155 982 365 68 department
1554 982 63 52 of
1654 982 95 53 the
1789 981 396 68 Youngstown
2222 981 155 54 sheet

356 1063 112 54 and
496 1062 132 54 tube
654 1079 297 51 company,
983 1060 411 69 Youngstown,
1421 1058 170 71 Ohio,
1616 1060 75 69 by
1716 1059 187 55 Lewis
1935 1060 83 55 W.
2045 1060 190 53 Morse
2265 1061 111 52 and

357 1136 2020 73 L. W. Argetsinger, jr. … [Youngstown, O.] The Youngstown
357 1219 155 54 sheet
541 1218 113 54 and
684 1218 135 56 tube
847 1236 299 52 company,
1178 1225 18 20 c
1202 1221 149 49 1933.

427 1289 83 41 131
541 1303 44 37 p.
641 1291 57 40 26½
730 1292 45 23 cm
781 1325 8 8 .

427 1349 120 41 Part
576 1349 54 41 of
658 1350 83 39 the
765 1350 249 40 alternate
1043 1358 148 40 pages
1222 1349 162 40 blank.

360 1420 52 52 ©
448 1425 116 47 Apr.
599 1424 70 48 18,
706 1423 113 41 1933;
884 1423 68 40 2c.
989 1423 96 39 and
1121 1421 82 42 aff.
1241 1423 115 47 Apr.
1392 1422 53 39 21;
1513 1422 42 39 A
1591 1421 145 41 62238;
1805 1422 329 48 Youngstown
2172 1422 135 40 sheet
2346 1422 38 41 &

429 1483 115 39 tube
577 1493 68 29 co.
716 1480 284 51 (33-11564)

359 1583 288 69 [Mortier,
673 1585 173 53 Mme.
874 1581 242 57 Aurélie
1150 1584 101 65 (de
1280 1583 502 68 Faucamberge)]
1817 1589 173 50 1882-

424 1663 271 53 L’amour
722 1682 108 50 par
857 1665 214 51 lettres.
1147 1662 187 69 Paris,
1361 1664 72 52 A.
1462 1662 270 56 Meissein
1810 1707 9 9 [i.
1849 1682 42 34 e.
1922 1663 265 67 Messein]
2225 1665 151 52 1932.

426 1739 90 40 216
541 1750 58 37 p.,
629 1740 24 38 1
706 1769 8 8 l.
772 1737 117 42 19cm.

427 1795 233 42 Author’s
689 1797 181 47 pseud.,
900 1796 164 46 Aurel,
1095 1797 55 39 at
1173 1795 128 40 head
1329 1794 55 42 of
1413 1794 123 42 title.

426 1855 41 38 A
498 1855 154 39 novel.

361 1907 52 52 ©
450 1913 114 47 May
598 1911 70 48 10,
703 1910 142 48 1932;
883 1911 67 40 1c.
987 1911 117 48 July
1138 1909 83 48 14;
1259 1909 314 49 A-Foreign
1609 1909 171 48 17329;
1820 1908 198 42 Aurélie
2054 1909 58 41 de
428 1910 1936 107 Faucamberge
603 1968 218 48 Mortier,
854 1967 155 41 Paris.

354 2072 214 67 Motta,
597 2072 196 67 Luigi,
823 2076 173 53 1881-

490 2148 1887 69 … Il leone di San Marco; romanzo storico d’avventure. Con
357 2228 382 55 illustrazioni
771 2229 59 53 di
865 2228 69 58 R.
966 2227 249 54 Paoletti
1247 2247 27 33 e
1308 2232 228 64 coperta
1571 2248 31 33 a
1635 2228 174 53 colori
1843 2228 60 52 di
1935 2228 69 52 D.
2037 2228 175 54 Betti.
357 2228 1995 147 Firenze,
565 2306 67 53 R.
663 2306 328 69 Bemporad
1019 2308 46 50 &
1094 2304 161 70 figlio
1310 2309 153 65 [1931]

428 2378 87 42 182
543 2389 58 39 p.,
632 2380 24 38 1
708 2410 7 8 l.
772 2378 144 49 illus.,
946 2379 174 48 plates.
1179 2378 56 41 24½
1267 2381 45 22 cm
1318 2411 9 9 .

362 2449 52 52 ©
439 2453 119 41 Nov.
583 2452 69 49 10,
679 2453 113 41 1931;
907 2486 8 8 1c.
942 2454 112 40 Feb.
1079 2454 70 47 13,
1176 2452 142 48 1932;
1345 2453 313 49 A-Foreign
1686 2454 170 46 15775;
1886 2454 56 41 R.
1969 2454 276 48 Bemporad
2268 2465 27 30 e
2320 2454 60 41 f°.

440 2510 284 49 (33-11266)

355 2614 284 55 National
672 2614 321 66 municipal
1023 2616 229 64 league.
1331 2616 340 54 Committee
1706 2633 74 36 on
1809 2623 146 48 state
1986 2621 389 65 government.

428 2692 56 52 A
520 2692 188 55 model
747 2698 145 48 state
931 2692 391 68 constitution,
1359 2694 282 67 prepared
1678 2693 75 68 by
1793 2693 95 52 the
1930 2692 338 55 Committee
2306 2711 70 34 on

357 2776 148 49 state
535 2778 373 61 government
939 2771 64 52 of
1035 2771 96 52 the
1163 2770 275 54 National
1472 2770 314 70 municipal
1818 2770 213 69 league.
2101 2770 138 55 Rev.
2274 2770 104 71 ed.,

360 2848 1993 149 March, 1933, with explanatory articles. New York city, National municipal league [ c 1933]
426 2999 57 40 43
509 3011 44 37 p.
607 2997 57 41 25½
696 3000 16 22 cm
746 3032 9 8 .

701 3066 105 33 CONTENTS.—I.
833 3057 103 40 The
960 3057 158 40 model
1145 3060 130 38 state
1301 3057 454 43 constitution.—II.
1784 3059 338 48 Explanatory
2151 3059 226 41 articles:

359 3114 103 40 The
487 3113 301 49 legislature,
818 3114 60 48 by
908 3114 59 41 H.
1001 3115 70 40 W.
1102 3115 181 40 Dodds.
1343 3115 101 39 The
1473 3115 266 48 executive,
1770 3117 60 47 by
1860 3117 44 40 J.
1935 3117 55 41 A.
2022 3116 198 42 Fairlie.
2277 3116 103 41 The

360 3172 193 47 budget,
592 3172 61 47 by
689 3172 55 39 A.
784 3172 54 40 E.
874 3171 152 41 Buck.
1091 3171 103 40 The
1229 3169 248 50 judiciary
1513 3172 61 48 by
1613 3173 71 41 W.
1723 3173 53 42 F.
1813 3173 155 41 Dodd.
2035 3172 244 49 Counties,
2316 3174 62 48 by

361 3228 56 41 R.
444 3228 45 42 S.
515 3227 185 44 Childs.

365 3298 52 52 ©
454 3303 122 40 Mar.
610 3304 70 45 31,
717 3301 141 48 1933;
895 3302 67 40 2c.
998 3302 114 48 Apr.
1149 3301 83 47 12;
1269 3300 83 41 aff.
1389 3301 114 48 Apr.
1540 3301 82 47 13;
1660 3302 41 38 A
1737 3301 171 48 61343;
1947 3303 116 40 Natl.
2115 3301 266 47 municipal

432 3361 186 47 league.
699 3356 52 52 [©
781 3359 211 41 sections
1020 3359 171 47 78-86;
1223 3368 147 39 pages
1398 3358 159 48 29-31,
1585 3359 161 50 38-43]
1820 3359 283 50 (33-11571)

358 3461 148 54 New
536 3461 229 55 Mexico
798 3463 114 52 and
944 3459 214 57 Pacific
1190 3462 205 69 digest,
1425 3461 270 70 covering
1727 3463 76 51 all
1836 3483 150 35 cases
2018 3463 268 69 reported
2318 3462 59 52 in

430 3540 139 55 New
612 3540 225 54 Mexico
879 3547 241 62 reports,
1166 3544 339 64 1852-1931;
1551 3539 213 58 Pacific
1807 3546 277 65 reporter,
2126 3544 253 51 volumes

435 3622 188 66 1-300,
657 3621 111 51 and
803 3621 76 51 all
912 3621 63 52 of
1005 3622 95 52 the
1133 3618 213 58 Pacific
1377 3626 174 49 states
1583 3627 223 62 reports
1838 3621 153 52 from
2023 3622 96 52 the
2150 3622 229 53 earliest

431 3698 1947 72 times … Compiled and edited by the publisher’s editorial
432 3776 152 55 staff,
660 3797 50 34 v.
741 3782 190 51 38-40.
1009 3778 83 56 St.
1122 3782 168 66 Paul,
1317 3783 161 53 West
1507 3780 339 71 publishing
1871 3799 97 48 co.,
2000 3784 151 51 1933.

434 3856 26 38 3
492 3864 42 31 v.
596 3854 59 39 26
655 3856 43 21 cm
704 3886 7 9 .

707 3922 116 29 CONTENTS.—v.
861 3910 74 42 38.
969 3911 559 41 Venue-Wharves.—v.
1567 3910 73 42 39.
1677 3912 325 41 Wills-Work
2038 3913 96 39 and

369 3914 2013 93 labor.—v.
439 3966 76 42 40.
541 3968 149 40 Table
720 3968 52 38 of
799 3978 137 31 cases
963 3969 234 47 digested.

369 4033 52 52 ©
446 4039 113 47 Apr.
583 4038 69 46 27,
679 4038 140 45 1933;
847 4039 66 40 2c.
939 4039 118 40 each
1083 4040 94 38 and
1205 4038 107 41 affs.
1340 4039 114 48 May
1478 4039 52 39 11;
1588 4039 40 39 A
1653 4039 349 47 61737-61739;
2031 4040 135 40 West
2184 4038 110 49 pub.
2311 4049 69 32 co.
