<alto xmlns="http://www.loc.gov/standards/alto/ns-v3#" xmlns:xlink="http://www.w3.org/1999/xlink" xmlns:xsi="http://www.w3.org/2001/XMLSchema-instance" xsi:schemaLocation="http://www.loc.gov/standards/alto/ns-v3# http://www.loc.gov/alto/v3/alto-3-0.xsd"><Description>
<MeasurementUnit>pixel</MeasurementUnit>
<sourceImageInformation>
<fileName>1933_v1_Part1.pdf</fileName>
</sourceImageInformation>
<OCRProcessing ID="IdOcr">
<ocrProcessingStep>
<processingDateTime>2019-01-03</processingDateTime>
<processingSoftware>
<softwareCreator>ABBYY</softwareCreator>
<softwareName>ABBYY Recognition Server</softwareName>
<softwareVersion>4.0</softwareVersion>
</processingSoftware>
</ocrProcessingStep>
</OCRProcessing>
</Description>
<Styles>
<ParagraphStyle ID="StyleId-FFFFFFFF-FFFF-FFFF-FFFF-FFFFFFFFFFFF-" ALIGN="Left" LEFT="0." RIGHT="0." FIRSTLINE="0."/>
<ParagraphStyle ID="StyleId-6EF5737A-DCEB-4126-A0CF-C5930BF7166A-" ALIGN="Left" LEFT="0." RIGHT="0." FIRSTLINE="0." LINESPACE="8.300000191"/>
<ParagraphStyle ID="StyleId-2DE44258-FD0B-41E1-B542-087C989B01A3-" ALIGN="Left" LEFT="0." RIGHT="0." FIRSTLINE="0." LINESPACE="12.19999981"/>
<ParagraphStyle ID="StyleId-CE3D254A-29D7-4DD7-B5F1-E0FC0EF29B05-" ALIGN="Left" LEFT="0." RIGHT="0." FIRSTLINE="-14." LINESPACE="8.619999886"/>
<ParagraphStyle ID="StyleId-C0E3A137-CE4F-4287-8A90-B599106709D0-" ALIGN="Left" LEFT="0." RIGHT="0." FIRSTLINE="-14." LINESPACE="12.19999981"/>
<ParagraphStyle ID="StyleId-50F26F0C-05DA-4C19-BA58-7A6AC4499BEE-" ALIGN="Left" LEFT="0." RIGHT="0." FIRSTLINE="-14." LINESPACE="11.06999969"/>
<ParagraphStyle ID="StyleId-5DDE65AF-512C-41E2-9B8E-095D6D99EF68-" ALIGN="Center" LEFT="0." RIGHT="0." FIRSTLINE="0." LINESPACE="11.89999962"/>
<ParagraphStyle ID="StyleId-0A81D7A5-6A62-4C52-915E-7768974C704D-" ALIGN="Left" LEFT="0." RIGHT="0." FIRSTLINE="0." LINESPACE="9.399999619"/>
<ParagraphStyle ID="StyleId-F7A0127F-6B48-4157-BB81-FE33E1E1A05B-" ALIGN="Block" LEFT="0." RIGHT="0." FIRSTLINE="-13." LINESPACE="10.63000011"/>
<ParagraphStyle ID="StyleId-E18C69F7-DBD7-48B1-805C-FCD96D0DA019-" ALIGN="Left" LEFT="0." RIGHT="0." FIRSTLINE="0." LINESPACE="11.64000034"/>
<ParagraphStyle ID="StyleId-98F15501-B611-4E83-8BB3-807E891F11F5-" ALIGN="Left" LEFT="0." RIGHT="0." FIRSTLINE="-14." LINESPACE="12.19999981"/>
<ParagraphStyle ID="StyleId-F4A78626-0BBC-4D12-94D9-A1AE75A9855F-" ALIGN="Left" LEFT="0." RIGHT="0." FIRSTLINE="0." LINESPACE="9.399999619"/>
<ParagraphStyle ID="StyleId-6A3F6F4C-D21B-4ADE-902F-7683F18ECEF3-" ALIGN="Left" LEFT="0." RIGHT="0." FIRSTLINE="0." LINESPACE="11.10000038"/>
</Styles>
<Layout>
<Page ID="Page1453" PHYSICAL_IMG_NR="1453" HEIGHT="4405" WIDTH="2484">
<TopMargin HEIGHT="424" WIDTH="2484" VPOS="0" HPOS="0">
</TopMargin>
<LeftMargin HEIGHT="3622" WIDTH="86" VPOS="424" HPOS="0">
</LeftMargin>
<RightMargin HEIGHT="3622" WIDTH="376" VPOS="424" HPOS="2108">
</RightMargin>
<BottomMargin HEIGHT="359" WIDTH="2484" VPOS="4046" HPOS="0">
<TextBlock ID="Page1453_Block1" HEIGHT="70" WIDTH="154" VPOS="4082" HPOS="1014" LANG="en-US" STYLEREFS="StyleId-3B2D08B9-4745-4A70-9A89-AD49FBD9CF7C-">
<TextLine HEIGHT="50" WIDTH="134" VPOS="4093" HPOS="1023">
<String CONTENT="1453" HEIGHT="50" WIDTH="134" VPOS="4093" HPOS="1023"/>
</TextLine>
</TextBlock>
</BottomMargin>
<PrintSpace HEIGHT="3622" WIDTH="2022" VPOS="424" HPOS="86">
<TextBlock ID="Page1453_Block2" HEIGHT="3622" WIDTH="2022" VPOS="424" HPOS="86" LANG="en-US" CS="1" STYLEREFS="StyleId-97A10998-DBAF-4A03-92B2-6A513211A3C8-">
<TextLine HEIGHT="69" WIDTH="1590" VPOS="442" HPOS="98" STYLEREFS="StyleId-31E890AF-7E0A-4979-A833-F6FF22302A6B-">
<String CONTENT="Keyes," HEIGHT="63" WIDTH="212" VPOS="448" HPOS="98"/>
<SP HEIGHT="62" WIDTH="27" VPOS="449" HPOS="311"/>
<String CONTENT="Mrs." HEIGHT="52" WIDTH="136" VPOS="449" HPOS="339"/>
<SP HEIGHT="53" WIDTH="29" VPOS="448" HPOS="476"/>
<String CONTENT="Frances" HEIGHT="51" WIDTH="255" VPOS="448" HPOS="506"/>
<SP HEIGHT="52" WIDTH="26" VPOS="446" HPOS="762"/>
<String CONTENT="Parkinson" HEIGHT="55" WIDTH="330" VPOS="442" HPOS="789"/>
<SP HEIGHT="62" WIDTH="30" VPOS="447" HPOS="1120"/>
<String CONTENT="(Wheeler)" HEIGHT="67" WIDTH="328" VPOS="442" HPOS="1151"/>
<SP HEIGHT="63" WIDTH="36" VPOS="443" HPOS="1480"/>
<String CONTENT="1885-" HEIGHT="50" WIDTH="171" VPOS="446" HPOS="1517"/>
</TextLine>
<TextLine HEIGHT="70" WIDTH="1919" VPOS="520" HPOS="170" STYLEREFS="StyleId-54D5B2DD-C436-4B0B-AE53-51981CD05C8E-">
<String CONTENT="Senator" HEIGHT="55" WIDTH="240" VPOS="522" HPOS="170"/>
<SP HEIGHT="50" WIDTH="31" VPOS="525" HPOS="411"/>
<String CONTENT="Marlowe&#8217;s" HEIGHT="53" WIDTH="318" VPOS="522" HPOS="443"/>
<SP HEIGHT="52" WIDTH="36" VPOS="523" HPOS="762"/>
<String CONTENT="daughter," HEIGHT="67" WIDTH="300" VPOS="523" HPOS="799"/>
<SP HEIGHT="67" WIDTH="32" VPOS="521" HPOS="1100"/>
<String CONTENT="by" HEIGHT="58" WIDTH="74" VPOS="521" HPOS="1133"/>
<SP HEIGHT="56" WIDTH="35" VPOS="523" HPOS="1208"/>
<String CONTENT="Frances" HEIGHT="50" WIDTH="245" VPOS="523" HPOS="1244"/>
<SP HEIGHT="50" WIDTH="35" VPOS="524" HPOS="1490"/>
<String CONTENT="Parkinson" HEIGHT="54" WIDTH="323" VPOS="520" HPOS="1526"/>
<SP HEIGHT="52" WIDTH="33" VPOS="521" HPOS="1850"/>
<String CONTENT="Keyes." HEIGHT="64" WIDTH="205" VPOS="521" HPOS="1884"/>
</TextLine>
<TextLine HEIGHT="68" WIDTH="1060" VPOS="600" HPOS="99" STYLEREFS="StyleId-54D5B2DD-C436-4B0B-AE53-51981CD05C8E-">
<String LANG="en-US" CONTENT="New" HEIGHT="50" WIDTH="135" VPOS="604" HPOS="99"/>
<SP HEIGHT="50" WIDTH="26" VPOS="605" HPOS="235"/>
<String LANG="en-US" CONTENT="York," HEIGHT="66" WIDTH="178" VPOS="602" HPOS="262"/>
<SP HEIGHT="64" WIDTH="25" VPOS="604" HPOS="441"/>
<String LANG="en-US" CONTENT="J." HEIGHT="53" WIDTH="56" VPOS="604" HPOS="467"/>
<SP HEIGHT="51" WIDTH="25" VPOS="603" HPOS="524"/>
<String LANG="de" CONTENT="Messner," HEIGHT="65" WIDTH="268" VPOS="603" HPOS="550"/>
<SP HEIGHT="68" WIDTH="26" VPOS="600" HPOS="819"/>
<String LANG="en-US" CONTENT="inc." HEIGHT="52" WIDTH="106" VPOS="600" HPOS="846"/>
<SP HEIGHT="33" WIDTH="33" VPOS="633" HPOS="953"/>
<String LANG="en-US" CONTENT="[1933]" HEIGHT="63" WIDTH="172" VPOS="603" HPOS="987"/>
</TextLine>
<TextLine HEIGHT="48" WIDTH="554" VPOS="675" HPOS="165" CS="1">
<String CONTENT="6" HEIGHT="39" WIDTH="27" VPOS="676" HPOS="165"/>
<SP/>
<String CONTENT="p." HEIGHT="36" WIDTH="41" VPOS="687" HPOS="219"/>
<SP/>
<String CS="1" CONTENT="l.," HEIGHT="15" WIDTH="8" VPOS="706" HPOS="324"/>
<SP HEIGHT="45" WIDTH="27" VPOS="676" HPOS="333"/>
<String CONTENT="465" HEIGHT="40" WIDTH="88" VPOS="675" HPOS="361"/>
<SP HEIGHT="46" WIDTH="24" VPOS="676" HPOS="450"/>
<String CONTENT="p." HEIGHT="36" WIDTH="41" VPOS="686" HPOS="475"/>
<SP HEIGHT="40" WIDTH="56" VPOS="675" HPOS="517"/>
<String CS="1" CONTENT="21&#189;" HEIGHT="40" WIDTH="52" VPOS="675" HPOS="574"/>
<String STYLE="superscript" CONTENT="cm" HEIGHT="21" WIDTH="44" VPOS="676" HPOS="662"/>
<String CONTENT="." HEIGHT="7" WIDTH="8" VPOS="706" HPOS="711"/>
</TextLine>
<TextLine HEIGHT="52" WIDTH="1994" VPOS="741" HPOS="99">
<String CONTENT="&#169;" HEIGHT="51" WIDTH="51" VPOS="742" HPOS="99"/>
<SP HEIGHT="51" WIDTH="32" VPOS="742" HPOS="151"/>
<String CONTENT="Oct." HEIGHT="40" WIDTH="100" VPOS="745" HPOS="184"/>
<SP HEIGHT="38" WIDTH="31" VPOS="746" HPOS="285"/>
<String CONTENT="27," HEIGHT="45" WIDTH="68" VPOS="746" HPOS="317"/>
<SP HEIGHT="45" WIDTH="32" VPOS="746" HPOS="386"/>
<String CONTENT="1933" HEIGHT="39" WIDTH="112" VPOS="745" HPOS="419"/>
<SP HEIGHT="45" WIDTH="16" VPOS="745" HPOS="532"/>
<String CONTENT=";" HEIGHT="35" WIDTH="9" VPOS="755" HPOS="549"/>
<SP HEIGHT="45" WIDTH="32" VPOS="745" HPOS="559"/>
<String CONTENT="2c." HEIGHT="40" WIDTH="67" VPOS="745" HPOS="592"/>
<SP HEIGHT="41" WIDTH="31" VPOS="744" HPOS="660"/>
<String CONTENT="Nov." HEIGHT="40" WIDTH="117" VPOS="744" HPOS="692"/>
<SP HEIGHT="40" WIDTH="30" VPOS="744" HPOS="810"/>
<String CONTENT="3" HEIGHT="39" WIDTH="25" VPOS="744" HPOS="841"/>
<SP HEIGHT="46" WIDTH="17" VPOS="744" HPOS="867"/>
<String CONTENT=";" HEIGHT="36" WIDTH="8" VPOS="754" HPOS="885"/>
<SP HEIGHT="36" WIDTH="34" VPOS="754" HPOS="894"/>
<String CONTENT="aff." HEIGHT="40" WIDTH="80" VPOS="743" HPOS="929"/>
<SP HEIGHT="37" WIDTH="33" VPOS="744" HPOS="1010"/>
<String CONTENT="Nov." HEIGHT="38" WIDTH="116" VPOS="744" HPOS="1044"/>
<SP HEIGHT="38" WIDTH="32" VPOS="743" HPOS="1161"/>
<String CONTENT="2;" HEIGHT="46" WIDTH="52" VPOS="743" HPOS="1194"/>
<SP HEIGHT="46" WIDTH="34" VPOS="743" HPOS="1247"/>
<!-- cceid 49ABD9F4-6CF9-1014-A6CF-A82867D68027 --><String CONTENT="A" HEIGHT="38" WIDTH="41" VPOS="743" HPOS="1282"/>
<SP HEIGHT="39" WIDTH="30" VPOS="742" HPOS="1324"/>
<String CONTENT="65937;" HEIGHT="47" WIDTH="170" VPOS="742" HPOS="1355"/>
<SP HEIGHT="47" WIDTH="35" VPOS="742" HPOS="1526"/>
<String CONTENT="F." HEIGHT="41" WIDTH="51" VPOS="742" HPOS="1562"/>
<SP HEIGHT="41" WIDTH="32" VPOS="742" HPOS="1614"/>
<String CONTENT="P." HEIGHT="39" WIDTH="50" VPOS="742" HPOS="1647"/>
<SP HEIGHT="40" WIDTH="31" VPOS="741" HPOS="1698"/>
<String CONTENT="Keyes," HEIGHT="47" WIDTH="172" VPOS="741" HPOS="1730"/>
<SP HEIGHT="47" WIDTH="32" VPOS="741" HPOS="1903"/>
<String CONTENT="North" HEIGHT="39" WIDTH="157" VPOS="741" HPOS="1936"/>
</TextLine>
<TextLine HEIGHT="47" WIDTH="443" VPOS="801" HPOS="167">
<String CONTENT="Haverhill," HEIGHT="47" WIDTH="269" VPOS="801" HPOS="167"/>
<SP HEIGHT="46" WIDTH="28" VPOS="802" HPOS="437"/>
<String CONTENT="N." HEIGHT="39" WIDTH="56" VPOS="802" HPOS="466"/>
<SP HEIGHT="39" WIDTH="27" VPOS="802" HPOS="523"/>
<String CONTENT="H." HEIGHT="39" WIDTH="59" VPOS="802" HPOS="551"/>
</TextLine>
<TextLine HEIGHT="65" WIDTH="502" VPOS="904" HPOS="96" STYLEREFS="StyleId-31E890AF-7E0A-4979-A833-F6FF22302A6B-">
<String CONTENT="Klein," HEIGHT="65" WIDTH="190" VPOS="904" HPOS="96"/>
<SP HEIGHT="64" WIDTH="27" VPOS="905" HPOS="287"/>
<String CONTENT="Norman." HEIGHT="55" WIDTH="283" VPOS="905" HPOS="315"/>
</TextLine>
<TextLine HEIGHT="72" WIDTH="1927" VPOS="976" HPOS="166" STYLEREFS="StyleId-54D5B2DD-C436-4B0B-AE53-51981CD05C8E-" CS="1">
<String CONTENT="The" HEIGHT="51" WIDTH="119" VPOS="981" HPOS="166"/>
<SP HEIGHT="51" WIDTH="45" VPOS="981" HPOS="286"/>
<String CONTENT="destroying" HEIGHT="69" WIDTH="331" VPOS="979" HPOS="332"/>
<SP HEIGHT="49" WIDTH="46" VPOS="999" HPOS="664"/>
<String CONTENT="angel," HEIGHT="68" WIDTH="183" VPOS="980" HPOS="711"/>
<SP HEIGHT="66" WIDTH="45" VPOS="980" HPOS="895"/>
<String CONTENT="by" HEIGHT="67" WIDTH="74" VPOS="980" HPOS="941"/>
<SP HEIGHT="67" WIDTH="45" VPOS="980" HPOS="1016"/>
<String CONTENT="Norman" HEIGHT="51" WIDTH="258" VPOS="980" HPOS="1062"/>
<SP HEIGHT="52" WIDTH="42" VPOS="979" HPOS="1321"/>
<String CONTENT="Klein" HEIGHT="55" WIDTH="176" VPOS="977" HPOS="1364"/>
<SP HEIGHT="33" WIDTH="49" VPOS="997" HPOS="1541"/>
<String CS="1" CONTENT="&#8230;"/>
<SP HEIGHT="53" WIDTH="76" VPOS="977" HPOS="1649"/>
<String CONTENT="New" HEIGHT="53" WIDTH="138" VPOS="977" HPOS="1726"/>
<SP HEIGHT="52" WIDTH="47" VPOS="978" HPOS="1865"/>
<String CONTENT="York," HEIGHT="69" WIDTH="180" VPOS="976" HPOS="1913"/>
</TextLine>
<TextLine HEIGHT="67" WIDTH="1274" VPOS="1058" HPOS="97" STYLEREFS="StyleId-54D5B2DD-C436-4B0B-AE53-51981CD05C8E-">
<String CONTENT="Farrar" HEIGHT="51" WIDTH="213" VPOS="1060" HPOS="97"/>
<SP HEIGHT="49" WIDTH="26" VPOS="1061" HPOS="311"/>
<String CONTENT="&amp;" HEIGHT="49" WIDTH="46" VPOS="1061" HPOS="338"/>
<SP HEIGHT="52" WIDTH="28" VPOS="1058" HPOS="385"/>
<String CONTENT="Rinehart," HEIGHT="67" WIDTH="297" VPOS="1058" HPOS="414"/>
<SP HEIGHT="66" WIDTH="31" VPOS="1059" HPOS="712"/>
<String CONTENT="incorporated" HEIGHT="67" WIDTH="398" VPOS="1058" HPOS="744"/>
<SP HEIGHT="65" WIDTH="35" VPOS="1058" HPOS="1143"/>
<String CONTENT="[" HEIGHT="33" WIDTH="12" VPOS="1090" HPOS="1179"/>
<String STYLE="superscript" CONTENT="c" HEIGHT="21" WIDTH="17" VPOS="1063" HPOS="1197"/>
<String CONTENT="1933]" HEIGHT="64" WIDTH="151" VPOS="1060" HPOS="1220"/>
</TextLine>
<TextLine HEIGHT="49" WIDTH="610" VPOS="1130" HPOS="168" CS="1">
<String CONTENT="6" HEIGHT="39" WIDTH="25" VPOS="1132" HPOS="168"/>
<SP HEIGHT="47" WIDTH="26" VPOS="1132" HPOS="194"/>
<String CONTENT="p." HEIGHT="36" WIDTH="41" VPOS="1143" HPOS="221"/>
<SP/>
<String CS="1" CONTENT="l.," HEIGHT="13" WIDTH="8" VPOS="1163" HPOS="325"/>
<SP HEIGHT="43" WIDTH="25" VPOS="1133" HPOS="334"/>
<String CONTENT="3-307" HEIGHT="40" WIDTH="143" VPOS="1132" HPOS="360"/>
<SP HEIGHT="46" WIDTH="28" VPOS="1133" HPOS="504"/>
<String CONTENT="p." HEIGHT="36" WIDTH="39" VPOS="1143" HPOS="533"/>
<SP HEIGHT="38" WIDTH="62" VPOS="1133" HPOS="573"/>
<String CS="1" CONTENT="19&#189;cm." HEIGHT="41" WIDTH="142" VPOS="1130" HPOS="636"/>
</TextLine>
<TextLine HEIGHT="51" WIDTH="1994" VPOS="1199" HPOS="100">
<String CONTENT="&#169;" HEIGHT="51" WIDTH="51" VPOS="1199" HPOS="100"/>
<SP HEIGHT="51" WIDTH="27" VPOS="1199" HPOS="152"/>
<String CONTENT="Oct." HEIGHT="40" WIDTH="100" VPOS="1203" HPOS="180"/>
<SP HEIGHT="38" WIDTH="26" VPOS="1204" HPOS="281"/>
<String CONTENT="16," HEIGHT="46" WIDTH="68" VPOS="1203" HPOS="308"/>
<SP HEIGHT="45" WIDTH="26" VPOS="1204" HPOS="377"/>
<String CONTENT="1933" HEIGHT="39" WIDTH="112" VPOS="1203" HPOS="404"/>
<SP HEIGHT="46" WIDTH="16" VPOS="1203" HPOS="517"/>
<String CONTENT=";" HEIGHT="36" WIDTH="9" VPOS="1213" HPOS="534"/>
<SP HEIGHT="46" WIDTH="28" VPOS="1203" HPOS="544"/>
<String CONTENT="2c." HEIGHT="39" WIDTH="66" VPOS="1203" HPOS="573"/>
<SP HEIGHT="40" WIDTH="28" VPOS="1202" HPOS="640"/>
<String CONTENT="Oct." HEIGHT="40" WIDTH="101" VPOS="1202" HPOS="669"/>
<SP HEIGHT="38" WIDTH="27" VPOS="1203" HPOS="771"/>
<String CONTENT="19;" HEIGHT="46" WIDTH="80" VPOS="1202" HPOS="799"/>
<SP HEIGHT="35" WIDTH="29" VPOS="1213" HPOS="880"/>
<String CONTENT="aff." HEIGHT="40" WIDTH="81" VPOS="1202" HPOS="910"/>
<SP HEIGHT="40" WIDTH="29" VPOS="1202" HPOS="992"/>
<String CONTENT="Oct." HEIGHT="40" WIDTH="100" VPOS="1202" HPOS="1022"/>
<SP HEIGHT="37" WIDTH="28" VPOS="1203" HPOS="1123"/>
<String CONTENT="17;" HEIGHT="40" WIDTH="81" VPOS="1202" HPOS="1152"/>
<SP HEIGHT="41" WIDTH="30" VPOS="1201" HPOS="1234"/>
<!-- cceid 49AC14EE-6CF9-1014-A6CF-A82867D68027 --><String CONTENT="A" HEIGHT="38" WIDTH="41" VPOS="1201" HPOS="1265"/>
<SP HEIGHT="40" WIDTH="24" VPOS="1201" HPOS="1307"/>
<String CONTENT="65708;" HEIGHT="47" WIDTH="171" VPOS="1201" HPOS="1332"/>
<SP HEIGHT="47" WIDTH="28" VPOS="1201" HPOS="1504"/>
<String CONTENT="N." HEIGHT="40" WIDTH="55" VPOS="1201" HPOS="1533"/>
<SP HEIGHT="40" WIDTH="28" VPOS="1201" HPOS="1589"/>
<String CONTENT="Klein," HEIGHT="47" WIDTH="159" VPOS="1201" HPOS="1618"/>
<SP HEIGHT="47" WIDTH="25" VPOS="1201" HPOS="1778"/>
<String CONTENT="New" HEIGHT="38" WIDTH="117" VPOS="1201" HPOS="1804"/>
<SP HEIGHT="38" WIDTH="26" VPOS="1201" HPOS="1922"/>
<String CONTENT="York." HEIGHT="41" WIDTH="145" VPOS="1199" HPOS="1949"/>
</TextLine>
<TextLine HEIGHT="49" WIDTH="278" VPOS="1259" HPOS="177">
<String CONTENT="(33-30000)" HEIGHT="49" WIDTH="278" VPOS="1259" HPOS="177"/>
</TextLine>
<TextLine HEIGHT="67" WIDTH="1002" VPOS="1359" HPOS="98" STYLEREFS="StyleId-54D5B2DD-C436-4B0B-AE53-51981CD05C8E-">
<String CONTENT="Lathrop," HEIGHT="67" WIDTH="280" VPOS="1359" HPOS="98"/>
<SP HEIGHT="64" WIDTH="30" VPOS="1362" HPOS="379"/>
<String CONTENT="Dorothy" HEIGHT="62" WIDTH="271" VPOS="1362" HPOS="410"/>
<SP HEIGHT="63" WIDTH="29" VPOS="1361" HPOS="682"/>
<String CONTENT="Pulis," HEIGHT="64" WIDTH="181" VPOS="1360" HPOS="712"/>
<SP HEIGHT="59" WIDTH="34" VPOS="1365" HPOS="894"/>
<String CONTENT="1891-" HEIGHT="49" WIDTH="171" VPOS="1363" HPOS="929"/>
</TextLine>
<TextLine HEIGHT="72" WIDTH="1928" VPOS="1435" HPOS="166" STYLEREFS="StyleId-54D5B2DD-C436-4B0B-AE53-51981CD05C8E-">
<String CONTENT="The" HEIGHT="52" WIDTH="120" VPOS="1439" HPOS="166"/>
<SP HEIGHT="52" WIDTH="31" VPOS="1438" HPOS="287"/>
<String CONTENT="little" HEIGHT="54" WIDTH="149" VPOS="1437" HPOS="319"/>
<SP HEIGHT="35" WIDTH="31" VPOS="1456" HPOS="469"/>
<String CONTENT="white" HEIGHT="53" WIDTH="172" VPOS="1438" HPOS="501"/>
<SP HEIGHT="50" WIDTH="29" VPOS="1457" HPOS="674"/>
<String CONTENT="goat," HEIGHT="62" WIDTH="152" VPOS="1445" HPOS="704"/>
<SP HEIGHT="68" WIDTH="33" VPOS="1437" HPOS="857"/>
<String CONTENT="by" HEIGHT="69" WIDTH="71" VPOS="1437" HPOS="891"/>
<SP HEIGHT="69" WIDTH="30" VPOS="1437" HPOS="963"/>
<String CONTENT="Dorothy" HEIGHT="69" WIDTH="264" VPOS="1437" HPOS="994"/>
<SP HEIGHT="69" WIDTH="31" VPOS="1437" HPOS="1259"/>
<String CONTENT="P." HEIGHT="53" WIDTH="66" VPOS="1437" HPOS="1291"/>
<SP HEIGHT="53" WIDTH="32" VPOS="1437" HPOS="1358"/>
<String CONTENT="Lathrop." HEIGHT="68" WIDTH="276" VPOS="1437" HPOS="1391"/>
<SP HEIGHT="53" WIDTH="72" VPOS="1437" HPOS="1668"/>
<String CONTENT="New" HEIGHT="53" WIDTH="138" VPOS="1437" HPOS="1741"/>
<SP HEIGHT="53" WIDTH="34" VPOS="1438" HPOS="1880"/>
<String CONTENT="York," HEIGHT="69" WIDTH="179" VPOS="1435" HPOS="1915"/>
</TextLine>
<TextLine HEIGHT="67" WIDTH="990" VPOS="1516" HPOS="97" STYLEREFS="StyleId-54D5B2DD-C436-4B0B-AE53-51981CD05C8E-">
<String CONTENT="The" HEIGHT="52" WIDTH="121" VPOS="1517" HPOS="97"/>
<SP HEIGHT="52" WIDTH="25" VPOS="1517" HPOS="219"/>
<String CONTENT="Macmillan" HEIGHT="53" WIDTH="336" VPOS="1516" HPOS="245"/>
<SP HEIGHT="33" WIDTH="26" VPOS="1535" HPOS="582"/>
<String CONTENT="company," HEIGHT="49" WIDTH="295" VPOS="1534" HPOS="609"/>
<SP HEIGHT="62" WIDTH="32" VPOS="1521" HPOS="905"/>
<String CONTENT="1933." HEIGHT="51" WIDTH="149" VPOS="1518" HPOS="938"/>
</TextLine>
<TextLine HEIGHT="50" WIDTH="1492" VPOS="1588" HPOS="167" CS="1">
<String CONTENT="3" HEIGHT="39" WIDTH="27" VPOS="1591" HPOS="167"/>
<SP HEIGHT="47" WIDTH="31" VPOS="1591" HPOS="195"/>
<String CONTENT="p." HEIGHT="37" WIDTH="43" VPOS="1601" HPOS="227"/>
<SP/>
<String CS="1" CONTENT="l.," HEIGHT="18" WIDTH="9" VPOS="1620" HPOS="339"/>
<SP HEIGHT="47" WIDTH="33" VPOS="1591" HPOS="349"/>
<String CONTENT="58" HEIGHT="40" WIDTH="55" VPOS="1590" HPOS="383"/>
<SP HEIGHT="47" WIDTH="30" VPOS="1590" HPOS="439"/>
<String CONTENT="p.," HEIGHT="37" WIDTH="57" VPOS="1600" HPOS="470"/>
<SP HEIGHT="46" WIDTH="35" VPOS="1591" HPOS="528"/>
<String CONTENT="1" HEIGHT="38" WIDTH="20" VPOS="1591" HPOS="564"/>
<SP/>
<String CS="1" CONTENT="l."/>
<SP HEIGHT="41" WIDTH="33" VPOS="1590" HPOS="652"/>
<String CONTENT="incl." HEIGHT="40" WIDTH="108" VPOS="1590" HPOS="686"/>
<SP HEIGHT="36" WIDTH="34" VPOS="1601" HPOS="795"/>
<String CONTENT="plates," HEIGHT="45" WIDTH="169" VPOS="1592" HPOS="830"/>
<SP HEIGHT="30" WIDTH="59" VPOS="1599" HPOS="1000"/>
<String CONTENT="col." HEIGHT="39" WIDTH="86" VPOS="1590" HPOS="1060"/>
<SP HEIGHT="41" WIDTH="33" VPOS="1588" HPOS="1147"/>
<String CONTENT="front." HEIGHT="41" WIDTH="149" VPOS="1588" HPOS="1181"/>
<SP HEIGHT="40" WIDTH="58" VPOS="1589" HPOS="1331"/>
<String CONTENT="21" HEIGHT="39" WIDTH="54" VPOS="1589" HPOS="1390"/>
<SP HEIGHT="38" WIDTH="18" VPOS="1590" HPOS="1445"/>
<String CS="1" CONTENT="&#215;"/>
<SP HEIGHT="39" WIDTH="16" VPOS="1589" HPOS="1496"/>
<String CS="1" CONTENT="24&#189;" HEIGHT="38" WIDTH="56" VPOS="1589" HPOS="1513"/>
<String STYLE="superscript" CONTENT="cm" HEIGHT="21" WIDTH="43" VPOS="1591" HPOS="1602"/>
<String CONTENT="." HEIGHT="8" WIDTH="9" VPOS="1620" HPOS="1650"/>
</TextLine>
<TextLine HEIGHT="51" WIDTH="1714" VPOS="1644" HPOS="102">
<String CONTENT="&#169;" HEIGHT="51" WIDTH="51" VPOS="1644" HPOS="102"/>
<SP HEIGHT="51" WIDTH="29" VPOS="1644" HPOS="154"/>
<String CONTENT="Oct." HEIGHT="40" WIDTH="101" VPOS="1648" HPOS="184"/>
<SP HEIGHT="39" WIDTH="27" VPOS="1649" HPOS="286"/>
<String CONTENT="17," HEIGHT="46" WIDTH="68" VPOS="1649" HPOS="314"/>
<SP HEIGHT="45" WIDTH="28" VPOS="1650" HPOS="383"/>
<String CONTENT="1933;" HEIGHT="46" WIDTH="140" VPOS="1648" HPOS="412"/>
<SP HEIGHT="46" WIDTH="29" VPOS="1648" HPOS="553"/>
<String CONTENT="2c." HEIGHT="39" WIDTH="66" VPOS="1648" HPOS="583"/>
<SP HEIGHT="28" WIDTH="29" VPOS="1659" HPOS="650"/>
<String CONTENT="and" HEIGHT="38" WIDTH="95" VPOS="1649" HPOS="680"/>
<SP HEIGHT="38" WIDTH="28" VPOS="1649" HPOS="776"/>
<String CONTENT="aff." HEIGHT="40" WIDTH="80" VPOS="1647" HPOS="805"/>
<SP HEIGHT="40" WIDTH="31" VPOS="1647" HPOS="886"/>
<String CONTENT="Oct." HEIGHT="40" WIDTH="101" VPOS="1647" HPOS="918"/>
<SP HEIGHT="39" WIDTH="28" VPOS="1648" HPOS="1020"/>
<String CONTENT="18;" HEIGHT="47" WIDTH="83" VPOS="1647" HPOS="1049"/>
<SP HEIGHT="47" WIDTH="30" VPOS="1647" HPOS="1133"/>
<!-- cceid 49AC4C8E-6CF9-1014-A6CF-A82867D68027 --><String CONTENT="A" HEIGHT="42" WIDTH="43" VPOS="1647" HPOS="1164"/>
<SP HEIGHT="42" WIDTH="24" VPOS="1647" HPOS="1208"/>
<String CONTENT="66654;" HEIGHT="48" WIDTH="171" VPOS="1646" HPOS="1233"/>
<SP HEIGHT="46" WIDTH="31" VPOS="1648" HPOS="1405"/>
<String CONTENT="Macmillan" HEIGHT="39" WIDTH="283" VPOS="1647" HPOS="1437"/>
<SP HEIGHT="29" WIDTH="25" VPOS="1658" HPOS="1721"/>
<String CONTENT="co." HEIGHT="30" WIDTH="69" VPOS="1657" HPOS="1747"/>
</TextLine>
<TextLine HEIGHT="49" WIDTH="279" VPOS="1704" HPOS="176">
<String CONTENT="(38-30004)" HEIGHT="49" WIDTH="279" VPOS="1704" HPOS="176"/>
</TextLine>
<TextLine HEIGHT="65" WIDTH="809" VPOS="1808" HPOS="97" STYLEREFS="StyleId-31E890AF-7E0A-4979-A833-F6FF22302A6B-">
<String CONTENT="Lindsay," HEIGHT="65" WIDTH="277" VPOS="1808" HPOS="97"/>
<SP HEIGHT="65" WIDTH="34" VPOS="1808" HPOS="375"/>
<String CONTENT="Norman," HEIGHT="65" WIDTH="285" VPOS="1808" HPOS="410"/>
<SP HEIGHT="61" WIDTH="38" VPOS="1812" HPOS="696"/>
<String CONTENT="1879-" HEIGHT="51" WIDTH="171" VPOS="1809" HPOS="735"/>
</TextLine>
<TextLine HEIGHT="70" WIDTH="1930" VPOS="1882" HPOS="166" STYLEREFS="StyleId-54D5B2DD-C436-4B0B-AE53-51981CD05C8E-">
<String CONTENT="Pan" HEIGHT="50" WIDTH="128" VPOS="1887" HPOS="166"/>
<SP HEIGHT="52" WIDTH="28" VPOS="1885" HPOS="295"/>
<String CONTENT="in" HEIGHT="50" WIDTH="59" VPOS="1885" HPOS="324"/>
<SP HEIGHT="46" WIDTH="29" VPOS="1889" HPOS="384"/>
<String CONTENT="the" HEIGHT="52" WIDTH="95" VPOS="1884" HPOS="414"/>
<SP HEIGHT="50" WIDTH="30" VPOS="1901" HPOS="510"/>
<String CONTENT="parlour," HEIGHT="68" WIDTH="251" VPOS="1883" HPOS="541"/>
<SP HEIGHT="67" WIDTH="30" VPOS="1884" HPOS="793"/>
<String CONTENT="by" HEIGHT="68" WIDTH="72" VPOS="1884" HPOS="824"/>
<SP HEIGHT="68" WIDTH="31" VPOS="1884" HPOS="897"/>
<String CONTENT="Norman" HEIGHT="52" WIDTH="256" VPOS="1884" HPOS="929"/>
<SP HEIGHT="51" WIDTH="30" VPOS="1885" HPOS="1186"/>
<String CONTENT="Lindsay;" HEIGHT="68" WIDTH="284" VPOS="1884" HPOS="1217"/>
<SP HEIGHT="69" WIDTH="35" VPOS="1882" HPOS="1502"/>
<String CONTENT="illustrated" HEIGHT="54" WIDTH="325" VPOS="1882" HPOS="1538"/>
<SP HEIGHT="53" WIDTH="29" VPOS="1883" HPOS="1864"/>
<String CONTENT="by" HEIGHT="68" WIDTH="74" VPOS="1883" HPOS="1894"/>
<SP HEIGHT="61" WIDTH="30" VPOS="1890" HPOS="1969"/>
<String CONTENT="the" HEIGHT="54" WIDTH="96" VPOS="1883" HPOS="2000"/>
</TextLine>
<TextLine HEIGHT="71" WIDTH="1932" VPOS="1960" HPOS="97" STYLEREFS="StyleId-54D5B2DD-C436-4B0B-AE53-51981CD05C8E-">
<String CONTENT="author." HEIGHT="52" WIDTH="220" VPOS="1963" HPOS="97"/>
<SP HEIGHT="52" WIDTH="73" VPOS="1962" HPOS="318"/>
<String CONTENT="New" HEIGHT="52" WIDTH="138" VPOS="1962" HPOS="392"/>
<SP HEIGHT="50" WIDTH="28" VPOS="1963" HPOS="531"/>
<String CONTENT="York," HEIGHT="68" WIDTH="177" VPOS="1962" HPOS="560"/>
<SP HEIGHT="68" WIDTH="25" VPOS="1962" HPOS="738"/>
<String CONTENT="Farrar" HEIGHT="52" WIDTH="214" VPOS="1962" HPOS="764"/>
<SP HEIGHT="50" WIDTH="25" VPOS="1964" HPOS="979"/>
<String CONTENT="&amp;" HEIGHT="49" WIDTH="46" VPOS="1964" HPOS="1005"/>
<SP HEIGHT="51" WIDTH="24" VPOS="1962" HPOS="1052"/>
<String CONTENT="Rinehart," HEIGHT="71" WIDTH="299" VPOS="1960" HPOS="1077"/>
<SP HEIGHT="69" WIDTH="26" VPOS="1962" HPOS="1377"/>
<String CONTENT="incorporated" HEIGHT="69" WIDTH="400" VPOS="1962" HPOS="1404"/>
<SP HEIGHT="67" WIDTH="30" VPOS="1963" HPOS="1805"/>
<String STYLE="subscript" CONTENT="[" HEIGHT="35" WIDTH="15" VPOS="1995" HPOS="1836"/>
<String STYLE="superscript" CONTENT="c" HEIGHT="22" WIDTH="18" VPOS="1968" HPOS="1854"/>
<String CONTENT="1933" HEIGHT="50" WIDTH="134" VPOS="1964" HPOS="1877"/>
<String STYLE="subscript" CONTENT="]" HEIGHT="35" WIDTH="13" VPOS="1995" HPOS="2016"/>
</TextLine>
<TextLine HEIGHT="51" WIDTH="810" VPOS="2035" HPOS="166" CS="1">
<String CONTENT="4" HEIGHT="37" WIDTH="28" VPOS="2039" HPOS="166"/>
<SP HEIGHT="46" WIDTH="25" VPOS="2039" HPOS="195"/>
<String CONTENT="p." HEIGHT="38" WIDTH="44" VPOS="2047" HPOS="221"/>
<SP/>
<String CS="1" CONTENT="l.," HEIGHT="17" WIDTH="9" VPOS="2069" HPOS="329"/>
<SP HEIGHT="49" WIDTH="25" VPOS="2037" HPOS="339"/>
<String CONTENT="3-346" HEIGHT="40" WIDTH="148" VPOS="2037" HPOS="365"/>
<SP HEIGHT="48" WIDTH="24" VPOS="2037" HPOS="514"/>
<String CONTENT="p." HEIGHT="37" WIDTH="43" VPOS="2048" HPOS="539"/>
<SP HEIGHT="40" WIDTH="58" VPOS="2036" HPOS="583"/>
<String CONTENT="illus." HEIGHT="40" WIDTH="128" VPOS="2036" HPOS="642"/>
<SP HEIGHT="38" WIDTH="59" VPOS="2038" HPOS="771"/>
<String CS="1" CONTENT="19&#189;cm." HEIGHT="41" WIDTH="145" VPOS="2035" HPOS="831"/>
</TextLine>
<TextLine HEIGHT="106" WIDTH="1979" VPOS="2091" HPOS="101" CS="1">
<String CONTENT="&#169;" HEIGHT="51" WIDTH="51" VPOS="2091" HPOS="101"/>
<SP HEIGHT="51" WIDTH="29" VPOS="2091" HPOS="153"/>
<String CS="1" CONTENT="Oct." HEIGHT="40" WIDTH="87" VPOS="2095" HPOS="183"/>
<SP HEIGHT="37" WIDTH="25" VPOS="2096" HPOS="288"/>
<String CONTENT="16," HEIGHT="47" WIDTH="67" VPOS="2095" HPOS="314"/>
<SP HEIGHT="46" WIDTH="29" VPOS="2096" HPOS="382"/>
<String CONTENT="1933;" HEIGHT="44" WIDTH="139" VPOS="2095" HPOS="412"/>
<SP HEIGHT="45" WIDTH="29" VPOS="2094" HPOS="552"/>
<String CONTENT="2c." HEIGHT="40" WIDTH="67" VPOS="2094" HPOS="582"/>
<SP HEIGHT="40" WIDTH="29" VPOS="2094" HPOS="650"/>
<String CONTENT="Oct." HEIGHT="40" WIDTH="100" VPOS="2094" HPOS="680"/>
<SP HEIGHT="39" WIDTH="29" VPOS="2095" HPOS="781"/>
<String CONTENT="19;" HEIGHT="46" WIDTH="82" VPOS="2094" HPOS="811"/>
<SP HEIGHT="36" WIDTH="31" VPOS="2104" HPOS="894"/>
<String CONTENT="aff." HEIGHT="40" WIDTH="80" VPOS="2093" HPOS="926"/>
<SP HEIGHT="40" WIDTH="30" VPOS="2094" HPOS="1007"/>
<String CONTENT="Oct." HEIGHT="40" WIDTH="102" VPOS="2094" HPOS="1038"/>
<SP HEIGHT="39" WIDTH="28" VPOS="2095" HPOS="1141"/>
<String CONTENT="17;" HEIGHT="45" WIDTH="82" VPOS="2095" HPOS="1170"/>
<SP HEIGHT="46" WIDTH="30" VPOS="2094" HPOS="1253"/>
<!-- cceid 49AC86D8-6CF9-1014-A6CF-A82867D68027 --><String CONTENT="A" HEIGHT="38" WIDTH="41" VPOS="2094" HPOS="1284"/>
<SP HEIGHT="39" WIDTH="27" VPOS="2094" HPOS="1326"/>
<String CONTENT="65709;" HEIGHT="48" WIDTH="170" VPOS="2093" HPOS="1354"/>
<SP HEIGHT="47" WIDTH="30" VPOS="2094" HPOS="1525"/>
<String CONTENT="N." HEIGHT="40" WIDTH="56" VPOS="2094" HPOS="1556"/>
<SP HEIGHT="39" WIDTH="29" VPOS="2095" HPOS="1613"/>
<String CONTENT="Lindsay," HEIGHT="47" WIDTH="227" VPOS="2094" HPOS="1643"/>
<SP HEIGHT="47" WIDTH="33" VPOS="2094" HPOS="1871"/>
<String CONTENT="Springwood," HEIGHT="104" WIDTH="1914" VPOS="2093" HPOS="166"/>
</TextLine>
<TextLine HEIGHT="50" WIDTH="1169" VPOS="2150" HPOS="349" CS="1">
<String CONTENT="New" HEIGHT="40" WIDTH="117" VPOS="2152" HPOS="349"/>
<SP HEIGHT="39" WIDTH="35" VPOS="2152" HPOS="467"/>
<String CONTENT="South" HEIGHT="39" WIDTH="151" VPOS="2152" HPOS="503"/>
<SP HEIGHT="39" WIDTH="33" VPOS="2151" HPOS="655"/>
<String CONTENT="Wales," HEIGHT="47" WIDTH="175" VPOS="2151" HPOS="689"/>
<SP HEIGHT="47" WIDTH="33" VPOS="2151" HPOS="865"/>
<String CONTENT="Australia." HEIGHT="40" WIDTH="268" VPOS="2150" HPOS="899"/>
<SP HEIGHT="44" WIDTH="66" VPOS="2154" HPOS="1168"/>
<String CS="1" CONTENT="(33-30001)" HEIGHT="49" WIDTH="283" VPOS="2151" HPOS="1235"/>
</TextLine>
<TextLine HEIGHT="66" WIDTH="962" VPOS="2252" HPOS="99" STYLEREFS="StyleId-31E890AF-7E0A-4979-A833-F6FF22302A6B-">
<String CONTENT="McKinney," HEIGHT="65" WIDTH="347" VPOS="2253" HPOS="99"/>
<SP HEIGHT="63" WIDTH="25" VPOS="2255" HPOS="447"/>
<String CONTENT="William" HEIGHT="55" WIDTH="254" VPOS="2252" HPOS="473"/>
<SP HEIGHT="51" WIDTH="28" VPOS="2255" HPOS="728"/>
<String CONTENT="Mark," HEIGHT="64" WIDTH="190" VPOS="2254" HPOS="757"/>
<SP HEIGHT="44" WIDTH="28" VPOS="2274" HPOS="948"/>
<String CONTENT="ed." HEIGHT="53" WIDTH="84" VPOS="2255" HPOS="977"/>
</TextLine>
<TextLine HEIGHT="132" WIDTH="1966" VPOS="2330" HPOS="102" STYLEREFS="StyleId-54D5B2DD-C436-4B0B-AE53-51981CD05C8E-" CS="1">
<String CONTENT="New" HEIGHT="53" WIDTH="139" VPOS="2331" HPOS="170"/>
<SP HEIGHT="54" WIDTH="34" VPOS="2331" HPOS="310"/>
<String CONTENT="California" HEIGHT="54" WIDTH="325" VPOS="2331" HPOS="345"/>
<SP HEIGHT="52" WIDTH="31" VPOS="2332" HPOS="671"/>
<String CONTENT="digest," HEIGHT="68" WIDTH="203" VPOS="2331" HPOS="703"/>
<SP HEIGHT="46" WIDTH="32" VPOS="2352" HPOS="907"/>
<String CONTENT="compiled" HEIGHT="68" WIDTH="283" VPOS="2330" HPOS="940"/>
<SP HEIGHT="52" WIDTH="31" VPOS="2332" HPOS="1224"/>
<String CONTENT="under" HEIGHT="52" WIDTH="181" VPOS="2332" HPOS="1256"/>
<SP HEIGHT="47" WIDTH="32" VPOS="2337" HPOS="1438"/>
<String CONTENT="the" HEIGHT="52" WIDTH="97" VPOS="2332" HPOS="1471"/>
<SP HEIGHT="34" WIDTH="30" VPOS="2351" HPOS="1569"/>
<String CONTENT="editorial" HEIGHT="53" WIDTH="268" VPOS="2332" HPOS="1600"/>
<SP HEIGHT="53" WIDTH="30" VPOS="2333" HPOS="1869"/>
<String CONTENT="supervision" HEIGHT="111" WIDTH="1966" VPOS="2351" HPOS="102"/>
</TextLine>
<TextLine HEIGHT="69" WIDTH="1774" VPOS="2409" HPOS="320" STYLEREFS="StyleId-54D5B2DD-C436-4B0B-AE53-51981CD05C8E-">
<String CONTENT="of" HEIGHT="53" WIDTH="63" VPOS="2409" HPOS="320"/>
<SP HEIGHT="55" WIDTH="29" VPOS="2409" HPOS="384"/>
<String CONTENT="William" HEIGHT="55" WIDTH="259" VPOS="2409" HPOS="414"/>
<SP HEIGHT="51" WIDTH="32" VPOS="2412" HPOS="674"/>
<String CONTENT="M." HEIGHT="51" WIDTH="78" VPOS="2412" HPOS="707"/>
<SP HEIGHT="52" WIDTH="35" VPOS="2411" HPOS="786"/>
<String CONTENT="McKinney;" HEIGHT="67" WIDTH="358" VPOS="2409" HPOS="822"/>
<SP HEIGHT="48" WIDTH="35" VPOS="2428" HPOS="1181"/>
<String CONTENT="managing" HEIGHT="69" WIDTH="313" VPOS="2409" HPOS="1217"/>
<SP HEIGHT="49" WIDTH="32" VPOS="2429" HPOS="1531"/>
<String CONTENT="editor," HEIGHT="68" WIDTH="202" VPOS="2410" HPOS="1564"/>
<SP HEIGHT="66" WIDTH="33" VPOS="2412" HPOS="1767"/>
<String CONTENT="J." HEIGHT="53" WIDTH="56" VPOS="2412" HPOS="1801"/>
<SP HEIGHT="55" WIDTH="36" VPOS="2410" HPOS="1858"/>
<String CONTENT="Oliver" HEIGHT="55" WIDTH="199" VPOS="2410" HPOS="1895"/>
</TextLine>
<TextLine HEIGHT="146" WIDTH="1971" VPOS="2487" HPOS="100" STYLEREFS="StyleId-54D5B2DD-C436-4B0B-AE53-51981CD05C8E-" CS="1">
<String CONTENT="Tucker." HEIGHT="52" WIDTH="235" VPOS="2487" HPOS="100"/>
<SP HEIGHT="52" WIDTH="75" VPOS="2488" HPOS="336"/>
<String CONTENT="Volume" HEIGHT="52" WIDTH="240" VPOS="2488" HPOS="412"/>
<SP HEIGHT="33" WIDTH="39" VPOS="2506" HPOS="653"/>
<String CS="1" CONTENT="XXIV." HEIGHT="9" WIDTH="9" VPOS="2531" HPOS="843"/>
<SP HEIGHT="51" WIDTH="73" VPOS="2489" HPOS="853"/>
<String CONTENT="Trusts" HEIGHT="51" WIDTH="204" VPOS="2489" HPOS="927"/>
<SP HEIGHT="46" WIDTH="39" VPOS="2494" HPOS="1132"/>
<String CONTENT="to" HEIGHT="47" WIDTH="57" VPOS="2494" HPOS="1172"/>
<SP HEIGHT="53" WIDTH="39" VPOS="2490" HPOS="1230"/>
<String CONTENT="Water," HEIGHT="66" WIDTH="215" VPOS="2490" HPOS="1270"/>
<SP HEIGHT="65" WIDTH="40" VPOS="2491" HPOS="1486"/>
<String CONTENT="&#167;193." HEIGHT="63" WIDTH="150" VPOS="2491" HPOS="1527"/>
<SP HEIGHT="55" WIDTH="75" VPOS="2487" HPOS="1678"/>
<String CONTENT="San" HEIGHT="55" WIDTH="118" VPOS="2487" HPOS="1754"/>
<SP HEIGHT="51" WIDTH="38" VPOS="2490" HPOS="1873"/>
<String CONTENT="Francisco," HEIGHT="143" WIDTH="1970" VPOS="2490" HPOS="101"/>
</TextLine>
<TextLine HEIGHT="70" WIDTH="1099" VPOS="2565" HPOS="296" STYLEREFS="StyleId-54D5B2DD-C436-4B0B-AE53-51981CD05C8E-">
<String CONTENT="Bancroft-Whitney" HEIGHT="70" WIDTH="583" VPOS="2565" HPOS="296"/>
<SP HEIGHT="52" WIDTH="31" VPOS="2583" HPOS="880"/>
<String CONTENT="company," HEIGHT="52" WIDTH="297" VPOS="2583" HPOS="912"/>
<SP HEIGHT="65" WIDTH="34" VPOS="2570" HPOS="1210"/>
<String CONTENT="1933." HEIGHT="50" WIDTH="150" VPOS="2570" HPOS="1245"/>
</TextLine>
<TextLine HEIGHT="47" WIDTH="381" VPOS="2640" HPOS="166" STYLEREFS="StyleId-54D5B2DD-C436-4B0B-AE53-51981CD05C8E-" CS="1">
<String CONTENT="v," HEIGHT="33" WIDTH="42" VPOS="2652" HPOS="166"/>
<SP HEIGHT="45" WIDTH="41" VPOS="2640" HPOS="209"/>
<String CONTENT="871" HEIGHT="40" WIDTH="82" VPOS="2640" HPOS="251"/>
<SP HEIGHT="46" WIDTH="41" VPOS="2641" HPOS="334"/>
<String CONTENT="p." HEIGHT="36" WIDTH="42" VPOS="2651" HPOS="376"/>
<SP HEIGHT="38" WIDTH="68" VPOS="2641" HPOS="419"/>
<String CS="1" CONTENT="26cm" HEIGHT="38" WIDTH="59" VPOS="2641" HPOS="488"/>
</TextLine>
<TextLine HEIGHT="52" WIDTH="1911" VPOS="2692" HPOS="102">
<String CONTENT="&#169;" HEIGHT="52" WIDTH="50" VPOS="2692" HPOS="102"/>
<SP HEIGHT="52" WIDTH="31" VPOS="2692" HPOS="153"/>
<String CONTENT="Sept." HEIGHT="47" WIDTH="126" VPOS="2697" HPOS="185"/>
<SP HEIGHT="39" WIDTH="26" VPOS="2697" HPOS="312"/>
<String CONTENT="29," HEIGHT="47" WIDTH="70" VPOS="2696" HPOS="339"/>
<SP HEIGHT="45" WIDTH="27" VPOS="2698" HPOS="410"/>
<String CONTENT="1933;" HEIGHT="47" WIDTH="140" VPOS="2696" HPOS="438"/>
<SP HEIGHT="46" WIDTH="29" VPOS="2697" HPOS="579"/>
<String CONTENT="2c." HEIGHT="40" WIDTH="67" VPOS="2697" HPOS="609"/>
<SP HEIGHT="30" WIDTH="27" VPOS="2707" HPOS="677"/>
<String CONTENT="and" HEIGHT="39" WIDTH="95" VPOS="2697" HPOS="705"/>
<SP HEIGHT="40" WIDTH="27" VPOS="2697" HPOS="801"/>
<String CONTENT="aff." HEIGHT="41" WIDTH="82" VPOS="2696" HPOS="829"/>
<SP HEIGHT="40" WIDTH="29" VPOS="2697" HPOS="912"/>
<String CONTENT="Oct." HEIGHT="40" WIDTH="100" VPOS="2697" HPOS="942"/>
<SP HEIGHT="40" WIDTH="29" VPOS="2696" HPOS="1043"/>
<String CONTENT="6;" HEIGHT="41" WIDTH="53" VPOS="2696" HPOS="1073"/>
<SP HEIGHT="41" WIDTH="29" VPOS="2696" HPOS="1127"/>
<!-- cceid 49ACBCFF-6CF9-1014-A6CF-A82867D68027 --><String CONTENT="A" HEIGHT="39" WIDTH="42" VPOS="2696" HPOS="1157"/>
<SP HEIGHT="40" WIDTH="26" VPOS="2696" HPOS="1200"/>
<String CONTENT="66494;" HEIGHT="43" WIDTH="170" VPOS="2696" HPOS="1227"/>
<SP HEIGHT="41" WIDTH="31" VPOS="2698" HPOS="1398"/>
<String CONTENT="Bancroft-Whitney" HEIGHT="47" WIDTH="488" VPOS="2696" HPOS="1430"/>
<SP HEIGHT="36" WIDTH="27" VPOS="2707" HPOS="1919"/>
<String CONTENT="co." HEIGHT="29" WIDTH="66" VPOS="2708" HPOS="1947"/>
</TextLine>
<TextLine HEIGHT="65" WIDTH="985" VPOS="2854" HPOS="100" STYLEREFS="StyleId-54D5B2DD-C436-4B0B-AE53-51981CD05C8E-">
<String CONTENT="Morton," HEIGHT="65" WIDTH="252" VPOS="2854" HPOS="100"/>
<SP HEIGHT="65" WIDTH="28" VPOS="2854" HPOS="353"/>
<String CONTENT="John" HEIGHT="53" WIDTH="154" VPOS="2854" HPOS="382"/>
<SP HEIGHT="51" WIDTH="29" VPOS="2855" HPOS="537"/>
<String CONTENT="Bingham," HEIGHT="65" WIDTH="314" VPOS="2854" HPOS="567"/>
<SP HEIGHT="57" WIDTH="33" VPOS="2862" HPOS="882"/>
<String CONTENT="1893-" HEIGHT="49" WIDTH="169" VPOS="2861" HPOS="916"/>
</TextLine>
<TextLine HEIGHT="70" WIDTH="1928" VPOS="2931" HPOS="167" STYLEREFS="StyleId-54D5B2DD-C436-4B0B-AE53-51981CD05C8E-" CS="1">
<String LANG="en-US" CONTENT="Hag&#8217;s" HEIGHT="69" WIDTH="183" VPOS="2931" HPOS="167"/>
<SP HEIGHT="52" WIDTH="29" VPOS="2932" HPOS="351"/>
<String LANG="en-US" CONTENT="harvest" HEIGHT="53" WIDTH="226" VPOS="2932" HPOS="381"/>
<SP HEIGHT="61" WIDTH="37" VPOS="2938" HPOS="608"/>
<String LANG="en-US" CS="1" CONTENT="[by]" HEIGHT="69" WIDTH="91" VPOS="2932" HPOS="663"/>
<SP HEIGHT="67" WIDTH="37" VPOS="2932" HPOS="755"/>
<String LANG="en-US" CONTENT="J." HEIGHT="53" WIDTH="56" VPOS="2932" HPOS="793"/>
<SP HEIGHT="51" WIDTH="32" VPOS="2934" HPOS="850"/>
<String LANG="en-US" CONTENT="B." HEIGHT="51" WIDTH="67" VPOS="2934" HPOS="883"/>
<SP HEIGHT="53" WIDTH="32" VPOS="2932" HPOS="951"/>
<String LANG="en-US" CONTENT="Morton." HEIGHT="53" WIDTH="250" VPOS="2932" HPOS="984"/>
<SP HEIGHT="51" WIDTH="65" VPOS="2933" HPOS="1235"/>
<String LANG="en-US" CONTENT="London," HEIGHT="67" WIDTH="258" VPOS="2933" HPOS="1301"/>
<SP HEIGHT="67" WIDTH="31" VPOS="2933" HPOS="1560"/>
<String LANG="en-US" CONTENT="W." HEIGHT="54" WIDTH="89" VPOS="2933" HPOS="1592"/>
<SP HEIGHT="53" WIDTH="32" VPOS="2932" HPOS="1682"/>
<String LANG="de" CONTENT="Heinemann," HEIGHT="68" WIDTH="380" VPOS="2932" HPOS="1715"/>
</TextLine>
<TextLine HEIGHT="67" WIDTH="309" VPOS="3009" HPOS="100" STYLEREFS="StyleId-54D5B2DD-C436-4B0B-AE53-51981CD05C8E-">
<String CONTENT="ltd." HEIGHT="53" WIDTH="102" VPOS="3009" HPOS="100"/>
<SP HEIGHT="34" WIDTH="35" VPOS="3042" HPOS="203"/>
<String CONTENT="[1933]" HEIGHT="64" WIDTH="170" VPOS="3012" HPOS="239"/>
</TextLine>
<TextLine HEIGHT="50" WIDTH="557" VPOS="3082" HPOS="165" CS="1">
<String CONTENT="4" HEIGHT="39" WIDTH="28" VPOS="3084" HPOS="165"/>
<SP HEIGHT="47" WIDTH="24" VPOS="3084" HPOS="194"/>
<String CONTENT="p." HEIGHT="38" WIDTH="43" VPOS="3093" HPOS="219"/>
<SP/>
<String CS="1" CONTENT="l.," HEIGHT="16" WIDTH="8" VPOS="3114" HPOS="323"/>
<SP HEIGHT="46" WIDTH="26" VPOS="3084" HPOS="332"/>
<String CONTENT="501" HEIGHT="41" WIDTH="85" VPOS="3082" HPOS="359"/>
<SP HEIGHT="48" WIDTH="24" VPOS="3084" HPOS="445"/>
<String CONTENT="p." HEIGHT="38" WIDTH="46" VPOS="3094" HPOS="470"/>
<SP HEIGHT="41" WIDTH="56" VPOS="3084" HPOS="517"/>
<String CS="1" CONTENT="20&#189;cm." HEIGHT="42" WIDTH="148" VPOS="3084" HPOS="574"/>
</TextLine>
<TextLine HEIGHT="55" WIDTH="1992" VPOS="3135" HPOS="102" CS="1">
<String CONTENT="&#169;" HEIGHT="53" WIDTH="50" VPOS="3135" HPOS="102"/>
<SP/>
<String CS="1" CONTENT="1c."/>
<SP HEIGHT="41" WIDTH="39" VPOS="3141" HPOS="257"/>
<String CONTENT="Sept" HEIGHT="48" WIDTH="125" VPOS="3141" HPOS="297"/>
<SP HEIGHT="41" WIDTH="34" VPOS="3141" HPOS="423"/>
<String CONTENT="21," HEIGHT="47" WIDTH="70" VPOS="3141" HPOS="458"/>
<SP HEIGHT="46" WIDTH="36" VPOS="3142" HPOS="529"/>
<String CONTENT="1933;" HEIGHT="47" WIDTH="140" VPOS="3140" HPOS="566"/>
<SP HEIGHT="46" WIDTH="37" VPOS="3141" HPOS="707"/>
<!-- cceid 49ACF5F0-6CF9-1014-A6CF-A82867D68027 --><String CONTENT="A" HEIGHT="39" WIDTH="41" VPOS="3141" HPOS="745"/>
<SP HEIGHT="41" WIDTH="35" VPOS="3141" HPOS="787"/>
<String CONTENT="ad" HEIGHT="40" WIDTH="60" VPOS="3142" HPOS="823"/>
<SP HEIGHT="41" WIDTH="37" VPOS="3141" HPOS="884"/>
<String CONTENT="int." HEIGHT="41" WIDTH="85" VPOS="3141" HPOS="922"/>
<SP HEIGHT="39" WIDTH="36" VPOS="3143" HPOS="1008"/>
<String CONTENT="18230;" HEIGHT="48" WIDTH="171" VPOS="3141" HPOS="1045"/>
<SP HEIGHT="39" WIDTH="38" VPOS="3151" HPOS="1217"/>
<String CONTENT="pubd." HEIGHT="48" WIDTH="142" VPOS="3142" HPOS="1256"/>
<SP HEIGHT="41" WIDTH="37" VPOS="3142" HPOS="1399"/>
<String CONTENT="July" HEIGHT="48" WIDTH="116" VPOS="3142" HPOS="1437"/>
<SP HEIGHT="48" WIDTH="35" VPOS="3142" HPOS="1554"/>
<String CONTENT="31;" HEIGHT="47" WIDTH="82" VPOS="3142" HPOS="1590"/>
<SP HEIGHT="47" WIDTH="40" VPOS="3142" HPOS="1673"/>
<String CONTENT="J." HEIGHT="40" WIDTH="43" VPOS="3142" HPOS="1714"/>
<SP HEIGHT="40" WIDTH="36" VPOS="3142" HPOS="1758"/>
<String CONTENT="B." HEIGHT="40" WIDTH="54" VPOS="3142" HPOS="1795"/>
<SP HEIGHT="40" WIDTH="38" VPOS="3142" HPOS="1850"/>
<String CONTENT="Morton," HEIGHT="47" WIDTH="205" VPOS="3142" HPOS="1889"/>
</TextLine>
<TextLine HEIGHT="48" WIDTH="559" VPOS="3198" HPOS="170">
<String CONTENT="London." HEIGHT="40" WIDTH="209" VPOS="3198" HPOS="170"/>
<SP HEIGHT="47" WIDTH="70" VPOS="3199" HPOS="380"/>
<String CONTENT="(33-30570)" HEIGHT="48" WIDTH="278" VPOS="3198" HPOS="451"/>
</TextLine>
<TextLine HEIGHT="58" WIDTH="1675" VPOS="3299" HPOS="102" STYLEREFS="StyleId-31E890AF-7E0A-4979-A833-F6FF22302A6B-">
<String CONTENT="National" HEIGHT="54" WIDTH="278" VPOS="3299" HPOS="102"/>
<SP HEIGHT="54" WIDTH="39" VPOS="3300" HPOS="381"/>
<String CONTENT="council" HEIGHT="53" WIDTH="221" VPOS="3301" HPOS="421"/>
<SP HEIGHT="52" WIDTH="39" VPOS="3302" HPOS="643"/>
<String CONTENT="of" HEIGHT="53" WIDTH="63" VPOS="3301" HPOS="683"/>
<SP HEIGHT="53" WIDTH="37" VPOS="3301" HPOS="747"/>
<String CONTENT="women" HEIGHT="36" WIDTH="225" VPOS="3318" HPOS="785"/>
<SP HEIGHT="36" WIDTH="39" VPOS="3318" HPOS="1011"/>
<String CONTENT="of" HEIGHT="52" WIDTH="64" VPOS="3302" HPOS="1051"/>
<SP HEIGHT="52" WIDTH="37" VPOS="3302" HPOS="1116"/>
<String CONTENT="the" HEIGHT="51" WIDTH="102" VPOS="3303" HPOS="1154"/>
<SP HEIGHT="54" WIDTH="38" VPOS="3302" HPOS="1257"/>
<String CONTENT="United" HEIGHT="55" WIDTH="220" VPOS="3301" HPOS="1296"/>
<SP HEIGHT="54" WIDTH="38" VPOS="3302" HPOS="1517"/>
<String CONTENT="States." HEIGHT="54" WIDTH="221" VPOS="3303" HPOS="1556"/>
</TextLine>
<TextLine HEIGHT="71" WIDTH="1923" VPOS="3375" HPOS="166" STYLEREFS="StyleId-54D5B2DD-C436-4B0B-AE53-51981CD05C8E-">
<String CONTENT="The" HEIGHT="53" WIDTH="120" VPOS="3375" HPOS="166"/>
<SP HEIGHT="33" WIDTH="40" VPOS="3395" HPOS="287"/>
<String CONTENT="one" HEIGHT="35" WIDTH="103" VPOS="3395" HPOS="328"/>
<SP HEIGHT="53" WIDTH="38" VPOS="3377" HPOS="432"/>
<String CONTENT="hundred" HEIGHT="53" WIDTH="263" VPOS="3377" HPOS="471"/>
<SP HEIGHT="52" WIDTH="40" VPOS="3378" HPOS="735"/>
<String CONTENT="best" HEIGHT="53" WIDTH="120" VPOS="3378" HPOS="776"/>
<SP HEIGHT="53" WIDTH="40" VPOS="3378" HPOS="897"/>
<String CONTENT="books" HEIGHT="53" WIDTH="174" VPOS="3378" HPOS="938"/>
<SP HEIGHT="52" WIDTH="38" VPOS="3379" HPOS="1113"/>
<String CONTENT="by" HEIGHT="67" WIDTH="76" VPOS="3379" HPOS="1152"/>
<SP HEIGHT="67" WIDTH="40" VPOS="3379" HPOS="1229"/>
<String CONTENT="American" HEIGHT="55" WIDTH="306" VPOS="3376" HPOS="1270"/>
<SP HEIGHT="34" WIDTH="39" VPOS="3397" HPOS="1577"/>
<String CONTENT="women" HEIGHT="35" WIDTH="216" VPOS="3397" HPOS="1617"/>
<SP HEIGHT="52" WIDTH="42" VPOS="3378" HPOS="1834"/>
<String CONTENT="during" HEIGHT="68" WIDTH="212" VPOS="3377" HPOS="1877"/>
</TextLine>
<TextLine HEIGHT="71" WIDTH="1991" VPOS="3451" HPOS="98" STYLEREFS="StyleId-54D5B2DD-C436-4B0B-AE53-51981CD05C8E-">
<String CONTENT="the" HEIGHT="54" WIDTH="93" VPOS="3451" HPOS="98"/>
<SP HEIGHT="49" WIDTH="30" VPOS="3471" HPOS="192"/>
<String CONTENT="past" HEIGHT="61" WIDTH="129" VPOS="3459" HPOS="223"/>
<SP HEIGHT="54" WIDTH="25" VPOS="3453" HPOS="353"/>
<String CONTENT="hundred" HEIGHT="54" WIDTH="262" VPOS="3453" HPOS="379"/>
<SP HEIGHT="66" WIDTH="27" VPOS="3456" HPOS="642"/>
<String CONTENT="years," HEIGHT="49" WIDTH="180" VPOS="3473" HPOS="670"/>
<SP HEIGHT="58" WIDTH="31" VPOS="3459" HPOS="851"/>
<String CONTENT="1833-1933," HEIGHT="63" WIDTH="327" VPOS="3459" HPOS="883"/>
<SP HEIGHT="46" WIDTH="30" VPOS="3476" HPOS="1211"/>
<String CONTENT="as" HEIGHT="34" WIDTH="59" VPOS="3475" HPOS="1242"/>
<SP HEIGHT="34" WIDTH="30" VPOS="3475" HPOS="1302"/>
<String CONTENT="chosen" HEIGHT="52" WIDTH="202" VPOS="3457" HPOS="1333"/>
<SP HEIGHT="52" WIDTH="29" VPOS="3456" HPOS="1536"/>
<String CONTENT="for" HEIGHT="53" WIDTH="95" VPOS="3456" HPOS="1566"/>
<SP HEIGHT="47" WIDTH="27" VPOS="3461" HPOS="1662"/>
<String CONTENT="the" HEIGHT="52" WIDTH="96" VPOS="3456" HPOS="1690"/>
<SP HEIGHT="53" WIDTH="26" VPOS="3455" HPOS="1787"/>
<String CONTENT="National" HEIGHT="54" WIDTH="275" VPOS="3455" HPOS="1814"/>
</TextLine>
<TextLine HEIGHT="71" WIDTH="1787" VPOS="3529" HPOS="99" STYLEREFS="StyleId-54D5B2DD-C436-4B0B-AE53-51981CD05C8E-" CS="1">
<String CONTENT="council" HEIGHT="53" WIDTH="217" VPOS="3529" HPOS="99"/>
<SP HEIGHT="53" WIDTH="33" VPOS="3531" HPOS="317"/>
<String CONTENT="of" HEIGHT="53" WIDTH="62" VPOS="3531" HPOS="351"/>
<SP HEIGHT="52" WIDTH="33" VPOS="3531" HPOS="414"/>
<String CONTENT="women;" HEIGHT="49" WIDTH="244" VPOS="3550" HPOS="448"/>
<SP HEIGHT="48" WIDTH="37" VPOS="3551" HPOS="693"/>
<String CONTENT="edited" HEIGHT="53" WIDTH="190" VPOS="3533" HPOS="731"/>
<SP HEIGHT="52" WIDTH="34" VPOS="3534" HPOS="922"/>
<String CONTENT="by" HEIGHT="66" WIDTH="74" VPOS="3534" HPOS="957"/>
<SP HEIGHT="67" WIDTH="30" VPOS="3533" HPOS="1032"/>
<String CONTENT="Anita" HEIGHT="53" WIDTH="182" VPOS="3533" HPOS="1063"/>
<SP HEIGHT="50" WIDTH="32" VPOS="3536" HPOS="1246"/>
<String CONTENT="Browne," HEIGHT="64" WIDTH="260" VPOS="3536" HPOS="1279"/>
<SP HEIGHT="47" WIDTH="35" VPOS="3553" HPOS="1540"/>
<String CONTENT="chairman," HEIGHT="66" WIDTH="310" VPOS="3534" HPOS="1576"/>
</TextLine>
<TextLine HEIGHT="145" WIDTH="1989" VPOS="3533" HPOS="103" STYLEREFS="StyleId-54D5B2DD-C436-4B0B-AE53-51981CD05C8E-" CS="1">
<String CONTENT="Committee" HEIGHT="127" WIDTH="1961" VPOS="3533" HPOS="103"/>
<SP HEIGHT="35" WIDTH="57" VPOS="3627" HPOS="294"/>
<String CONTENT="of" HEIGHT="53" WIDTH="62" VPOS="3609" HPOS="352"/>
<SP HEIGHT="52" WIDTH="58" VPOS="3609" HPOS="415"/>
<String CONTENT="selection." HEIGHT="53" WIDTH="283" VPOS="3610" HPOS="474"/>
<SP HEIGHT="55" WIDTH="96" VPOS="3610" HPOS="758"/>
<String CONTENT="Chicago," HEIGHT="68" WIDTH="271" VPOS="3610" HPOS="855"/>
<SP HEIGHT="67" WIDTH="61" VPOS="3611" HPOS="1127"/>
<String CONTENT="Associated" HEIGHT="53" WIDTH="333" VPOS="3611" HPOS="1189"/>
<SP HEIGHT="52" WIDTH="61" VPOS="3612" HPOS="1523"/>
<String CONTENT="authors" HEIGHT="53" WIDTH="233" VPOS="3612" HPOS="1585"/>
<SP HEIGHT="34" WIDTH="60" VPOS="3630" HPOS="1819"/>
<String CONTENT="service" HEIGHT="55" WIDTH="212" VPOS="3609" HPOS="1880"/>
</TextLine>
<TextLine HEIGHT="63" WIDTH="190" VPOS="3689" HPOS="103" STYLEREFS="StyleId-54D5B2DD-C436-4B0B-AE53-51981CD05C8E-">
<String CONTENT="[" HEIGHT="34" WIDTH="12" VPOS="3717" HPOS="103"/>
<String STYLE="superscript" CONTENT="c" HEIGHT="20" WIDTH="15" VPOS="3692" HPOS="121"/>
<String CONTENT="1933]" HEIGHT="63" WIDTH="151" VPOS="3689" HPOS="142"/>
</TextLine>
<TextLine HEIGHT="49" WIDTH="586" VPOS="3759" HPOS="170" CS="1">
<String CONTENT="3" HEIGHT="39" WIDTH="25" VPOS="3759" HPOS="170"/>
<SP HEIGHT="48" WIDTH="25" VPOS="3759" HPOS="196"/>
<String CONTENT="p." HEIGHT="37" WIDTH="43" VPOS="3770" HPOS="222"/>
<SP/>
<String CS="1" CONTENT="l.," HEIGHT="16" WIDTH="8" VPOS="3790" HPOS="329"/>
<SP HEIGHT="47" WIDTH="27" VPOS="3759" HPOS="338"/>
<String CONTENT="9-128" HEIGHT="41" WIDTH="144" VPOS="3759" HPOS="366"/>
<SP HEIGHT="49" WIDTH="25" VPOS="3759" HPOS="511"/>
<String CONTENT="p." HEIGHT="37" WIDTH="43" VPOS="3771" HPOS="537"/>
<SP HEIGHT="39" WIDTH="58" VPOS="3761" HPOS="581"/>
<String CONTENT="19" HEIGHT="41" WIDTH="57" VPOS="3760" HPOS="640"/>
<String STYLE="superscript" CONTENT="cm" HEIGHT="22" WIDTH="43" VPOS="3762" HPOS="700"/>
<String CONTENT="." HEIGHT="8" WIDTH="9" VPOS="3794" HPOS="747"/>
</TextLine>
<TextLine HEIGHT="55" WIDTH="1917" VPOS="3812" HPOS="172">
<String CONTENT="On" HEIGHT="42" WIDTH="72" VPOS="3812" HPOS="172"/>
<SP HEIGHT="30" WIDTH="24" VPOS="3824" HPOS="245"/>
<String CONTENT="cover:" HEIGHT="32" WIDTH="168" VPOS="3824" HPOS="270"/>
<SP HEIGHT="39" WIDTH="28" VPOS="3817" HPOS="439"/>
<String CONTENT="With" HEIGHT="40" WIDTH="135" VPOS="3816" HPOS="468"/>
<SP HEIGHT="38" WIDTH="23" VPOS="3817" HPOS="604"/>
<String CONTENT="reviews" HEIGHT="41" WIDTH="203" VPOS="3816" HPOS="628"/>
<SP HEIGHT="30" WIDTH="24" VPOS="3828" HPOS="832"/>
<String CONTENT="of" HEIGHT="40" WIDTH="51" VPOS="3818" HPOS="857"/>
<SP HEIGHT="39" WIDTH="25" VPOS="3818" HPOS="909"/>
<String CONTENT="the" HEIGHT="41" WIDTH="82" VPOS="3818" HPOS="935"/>
<SP HEIGHT="41" WIDTH="26" VPOS="3818" HPOS="1018"/>
<String CONTENT="books" HEIGHT="41" WIDTH="149" VPOS="3818" HPOS="1045"/>
<SP HEIGHT="31" WIDTH="27" VPOS="3828" HPOS="1195"/>
<String CONTENT="and" HEIGHT="39" WIDTH="95" VPOS="3819" HPOS="1223"/>
<SP HEIGHT="41" WIDTH="26" VPOS="3818" HPOS="1319"/>
<String CONTENT="biographies" HEIGHT="49" WIDTH="307" VPOS="3818" HPOS="1346"/>
<SP HEIGHT="30" WIDTH="28" VPOS="3830" HPOS="1654"/>
<String CONTENT="of" HEIGHT="41" WIDTH="51" VPOS="3819" HPOS="1683"/>
<SP HEIGHT="41" WIDTH="25" VPOS="3819" HPOS="1735"/>
<String CONTENT="the" HEIGHT="41" WIDTH="82" VPOS="3820" HPOS="1761"/>
<SP HEIGHT="31" WIDTH="27" VPOS="3830" HPOS="1844"/>
<String CONTENT="authors." HEIGHT="40" WIDTH="217" VPOS="3821" HPOS="1872"/>
</TextLine>
<TextLine HEIGHT="51" WIDTH="890" VPOS="3871" HPOS="172">
<String CONTENT="&#8220;A" HEIGHT="39" WIDTH="66" VPOS="3871" HPOS="172"/>
<SP HEIGHT="41" WIDTH="28" VPOS="3871" HPOS="239"/>
<String CONTENT="Century" HEIGHT="49" WIDTH="212" VPOS="3871" HPOS="268"/>
<SP HEIGHT="36" WIDTH="28" VPOS="3884" HPOS="481"/>
<String CONTENT="of" HEIGHT="40" WIDTH="49" VPOS="3873" HPOS="510"/>
<SP HEIGHT="49" WIDTH="24" VPOS="3873" HPOS="560"/>
<String CONTENT="progress&#8221;" HEIGHT="49" WIDTH="253" VPOS="3873" HPOS="585"/>
<SP HEIGHT="42" WIDTH="24" VPOS="3873" HPOS="839"/>
<String CONTENT="edition." HEIGHT="41" WIDTH="198" VPOS="3874" HPOS="864"/>
</TextLine>
<TextLine HEIGHT="53" WIDTH="1991" VPOS="3925" HPOS="101">
<String CONTENT="&#169;" HEIGHT="52" WIDTH="50" VPOS="3925" HPOS="101"/>
<SP HEIGHT="52" WIDTH="31" VPOS="3925" HPOS="152"/>
<String CONTENT="Sept." HEIGHT="47" WIDTH="124" VPOS="3930" HPOS="184"/>
<SP HEIGHT="37" WIDTH="28" VPOS="3931" HPOS="309"/>
<String CONTENT="22," HEIGHT="45" WIDTH="67" VPOS="3931" HPOS="338"/>
<SP HEIGHT="45" WIDTH="28" VPOS="3931" HPOS="406"/>
<String CONTENT="1933" HEIGHT="39" WIDTH="112" VPOS="3930" HPOS="435"/>
<SP HEIGHT="39" WIDTH="17" VPOS="3931" HPOS="548"/>
<String CONTENT=":" HEIGHT="29" WIDTH="8" VPOS="3941" HPOS="566"/>
<SP HEIGHT="40" WIDTH="29" VPOS="3930" HPOS="575"/>
<String CONTENT="2c." HEIGHT="40" WIDTH="67" VPOS="3930" HPOS="605"/>
<SP HEIGHT="29" WIDTH="27" VPOS="3941" HPOS="673"/>
<String CONTENT="and" HEIGHT="37" WIDTH="94" VPOS="3933" HPOS="701"/>
<SP HEIGHT="37" WIDTH="28" VPOS="3933" HPOS="796"/>
<String CONTENT="aff." HEIGHT="40" WIDTH="80" VPOS="3930" HPOS="825"/>
<SP HEIGHT="40" WIDTH="30" VPOS="3931" HPOS="906"/>
<String CONTENT="Oct." HEIGHT="40" WIDTH="99" VPOS="3931" HPOS="937"/>
<SP HEIGHT="37" WIDTH="29" VPOS="3933" HPOS="1037"/>
<String CONTENT="13;" HEIGHT="45" WIDTH="82" VPOS="3932" HPOS="1067"/>
<SP HEIGHT="45" WIDTH="30" VPOS="3932" HPOS="1150"/>
<!-- cceid 49AD30F6-6CF9-1014-A6CF-A82867D68027 --><String CONTENT="A" HEIGHT="39" WIDTH="42" VPOS="3932" HPOS="1181"/>
<SP HEIGHT="39" WIDTH="25" VPOS="3932" HPOS="1224"/>
<String CONTENT="66595" HEIGHT="39" WIDTH="142" VPOS="3932" HPOS="1250"/>
<SP HEIGHT="46" WIDTH="16" VPOS="3932" HPOS="1393"/>
<String CONTENT=";" HEIGHT="36" WIDTH="9" VPOS="3942" HPOS="1410"/>
<SP HEIGHT="45" WIDTH="30" VPOS="3933" HPOS="1420"/>
<String CONTENT="Natl." HEIGHT="39" WIDTH="128" VPOS="3933" HPOS="1451"/>
<SP HEIGHT="28" WIDTH="29" VPOS="3944" HPOS="1580"/>
<String CONTENT="council" HEIGHT="41" WIDTH="187" VPOS="3932" HPOS="1610"/>
<SP HEIGHT="39" WIDTH="29" VPOS="3934" HPOS="1798"/>
<String CONTENT="of" HEIGHT="39" WIDTH="51" VPOS="3934" HPOS="1828"/>
<SP HEIGHT="39" WIDTH="26" VPOS="3934" HPOS="1880"/>
<String CONTENT="women" HEIGHT="30" WIDTH="185" VPOS="3943" HPOS="1907"/>
</TextLine>
<TextLine HEIGHT="49" WIDTH="1144" VPOS="3986" HPOS="167">
<String CONTENT="of" HEIGHT="39" WIDTH="50" VPOS="3986" HPOS="167"/>
<SP HEIGHT="40" WIDTH="26" VPOS="3986" HPOS="218"/>
<String CONTENT="the" HEIGHT="38" WIDTH="82" VPOS="3988" HPOS="245"/>
<SP HEIGHT="39" WIDTH="27" VPOS="3987" HPOS="328"/>
<String CONTENT="U." HEIGHT="40" WIDTH="55" VPOS="3987" HPOS="356"/>
<SP HEIGHT="40" WIDTH="30" VPOS="3987" HPOS="412"/>
<String CONTENT="S.," HEIGHT="46" WIDTH="58" VPOS="3987" HPOS="443"/>
<SP HEIGHT="46" WIDTH="29" VPOS="3987" HPOS="502"/>
<String CONTENT="inc.," HEIGHT="47" WIDTH="105" VPOS="3987" HPOS="532"/>
<SP HEIGHT="46" WIDTH="29" VPOS="3988" HPOS="638"/>
<String CONTENT="New" HEIGHT="38" WIDTH="116" VPOS="3988" HPOS="668"/>
<SP HEIGHT="38" WIDTH="28" VPOS="3988" HPOS="785"/>
<String CONTENT="York." HEIGHT="39" WIDTH="143" VPOS="3988" HPOS="814"/>
<SP HEIGHT="47" WIDTH="73" VPOS="3988" HPOS="958"/>
<String CONTENT="(33-30125)" HEIGHT="47" WIDTH="279" VPOS="3988" HPOS="1032"/>
</TextLine>
</TextBlock>
</PrintSpace>
</Page>
</Layout>
</alto>