2582 4453
1433 4101 68 54 706

534 504 65 48 xi,
629 503 100 48 230,
763 505 55 48 [1]
851 514 43 37 p.
955 502 145 49 illus.,
1131 504 180 47 diagrs.
1373 502 55 41 19½
1461 505 14 20 cm
1511 534 9 9 .
1591 502 302 49 (Half-title:
1922 503 241 48 Appleton
2193 514 105 29 new
2329 504 151 41 world

464 562 52 40 of
540 561 187 41 science
753 560 166 48 series,
945 562 57 39 ed.
1042 561 62 48 by
1130 562 71 40 W.
1229 560 178 49 Davis)

470 621 51 53 ©
551 626 115 48 Apr.
696 625 70 46 28,
797 624 114 41 1933;
971 626 69 39 2c.
1071 626 95 39 and
1198 624 82 40 aff.
1312 626 114 47 May
1458 625 23 38 1;
1543 625 40 38 A
1615 624 142 40 62441;
1820 626 56 38 D.
1909 625 242 48 Appleton
2182 625 37 40 &
2248 636 69 30 co.

549 682 282 49 (33-12362)

462 784 315 54 Nebraska
803 787 112 52 and
938 786 189 52 North
1152 791 240 47 western
1416 785 206 70 digest,
1644 784 270 71 covering
1938 786 77 53 all
2038 806 151 36 cases
2213 787 269 69 reported

534 864 60 53 in
626 864 298 55 Nebraska
959 871 241 62 reports,
1234 864 189 54 North
1459 869 241 48 western
1732 870 260 63 reporter
2027 866 112 52 and
2176 866 78 52 all
2290 865 62 53 of
2387 866 97 53 the

533 944 172 52 north
747 949 242 48 western
1030 950 173 47 states
1246 947 225 64 reports
1514 943 154 54 from
1708 944 97 53 the
1848 944 228 53 earliest
2119 945 182 67 times,
2340 944 142 53 with

533 1028 233 47 current
792 1022 347 54 cumulative
1166 1023 206 68 pocket
1397 1023 213 55 service
1637 1023 247 70 keeping
1910 1024 116 53 this
2055 1024 188 69 digest
2270 1026 212 64 always

534 1101 1949 70 to date … Compiled and edited by the publisher’s editorial
534 1178 135 56 staff.
762 1199 50 33 v.
840 1184 189 49 33-35.
1109 1180 83 57 St.
1221 1183 168 66 Paul,
1416 1183 160 54 West
1604 1182 339 71 publishing
1970 1201 79 35 co.
2084 1216 13 34 [
2102 1188 18 22 c
2126 1186 153 64 1933]

536 1259 27 40 3
594 1269 43 29 v.
697 1257 59 40 26
757 1259 45 21 cm
807 1289 8 8 .

817 1325 106 29 CONTENTS.—v.
974 1313 73 43 33.
1099 1313 344 42 Sales-Set-off
1490 1315 96 39 and
1634 1314 472 41 counterclaim.—v.
2156 1313 73 42 34.
2282 1314 205 42 Sheriffs

468 1374 95 39 and
599 1372 764 48 constables-Supersedeas.—v.
1401 1370 72 42 35.
1509 1372 509 48 Taxation-Tenancy
2053 1373 50 39 in
2138 1382 231 32 common.

473 1427 51 53 ©
555 1432 117 47 May
698 1431 70 47 22,
798 1430 141 47 1933;
971 1431 68 40 2c.
1068 1431 120 39 each
1218 1430 129 40 June
1374 1430 82 46 13;
1488 1429 109 41 affs.
1629 1430 126 40 June
1785 1431 82 46 14;
1901 1431 41 39 A
1970 1431 351 47 63243-63245;
2354 1432 135 41 West

540 1489 108 48 pub.
681 1500 67 30 co.

463 1592 148 53 New
644 1593 163 52 York
841 1593 379 67 supplement.
1300 1591 169 55 Cases
1507 1593 217 69 argued
1758 1593 114 52 and
1906 1592 354 55 determined
2295 1593 60 53 in
2389 1594 96 52 the

539 1669 182 55 Court
762 1671 63 52 of
866 1672 254 68 appeals,
1163 1670 280 70 Supreme
1482 1672 113 52 and
1636 1673 173 52 lower
1847 1677 191 49 courts
2078 1672 63 53 of
2181 1674 199 52 record
2422 1673 64 54 of

537 1750 140 52 New
729 1750 164 52 York
943 1756 164 62 state,
1158 1750 141 53 with
1351 1750 110 70 key
1511 1752 240 53 number
1805 1752 367 54 annotations.
2265 1772 51 36 v.
2365 1755 121 51 261.

536 1830 623 69 January-February,
1212 1833 152 49 1933.
1443 1831 84 55 St.
1578 1831 167 68 Paul,
1791 1832 162 54 West
2001 1831 339 71 publishing
2389 1849 98 53 co.,

539 1913 152 51 1933.

542 1984 213 43 Various
783 1983 219 49 pagings.
1060 1984 55 40 23½
1150 1987 44 20 cm
1200 2017 8 7 .

475 2038 51 54 ©
560 2045 115 46 May
704 2043 69 48 27,
805 2041 113 41 1933;
980 2042 67 40 2c.
1080 2042 131 40 June
1239 2042 54 40 13;
1356 2041 82 41 aff.
1472 2042 130 40 June
1631 2043 55 38 14;
1748 2044 40 38 A
1820 2041 145 43 63200;
2026 2043 136 41 West
2194 2043 109 50 pub.
2335 2055 68 29 co.

467 2145 337 66 Newcomb,
835 2146 288 65 Rexford,
1158 2152 172 50 1886-

541 2226 125 53 The
700 2225 246 53 colonial
984 2227 115 52 and
1136 2224 222 55 federal
1391 2225 204 68 house;
1631 2225 130 53 how
1797 2232 58 47 to
1891 2226 163 53 build
2091 2243 72 36 an
2200 2225 293 56 authentic

471 2303 245 55 colonial
746 2304 193 68 house,
970 2305 77 68 by
1078 2303 265 55 Rexford
1372 2304 325 67 Newcomb,
1768 2347 10 9 A.
1840 2347 10 10 I.
1925 2323 40 48 A.;
1999 2305 143 53 with
2176 2307 101 52 100
2308 2305 185 69 plates

471 2383 65 54 of
565 2384 246 54 colonial
840 2384 222 67 houses,
1091 2383 234 69 antique
1353 2385 115 52 and
1496 2385 255 52 modern.
1827 2383 411 69 Philadelphia
2268 2385 47 52 &
472 2383 1997 148 London,

632 2464 56 54 J.
718 2464 68 52 B.
813 2462 345 69 Lippincott
1185 2480 302 51 company,
1519 2464 153 51 1933.

543 2538 86 40 174
652 2548 42 38 p.
719 2537 111 41 incl.
852 2537 166 48 front.,
1043 2536 145 51 illus.,
1214 2538 173 47 plates,
1411 2546 127 39 map,
1562 2537 157 48 plans.
1771 2535 58 42 26½c
1878 2538 27 21 m
1911 2569 8 8 .
1976 2536 335 49 [Lippincott’s
469 2536 2006 99 homemaker
657 2593 168 52 series]

545 2651 189 40 “Books
763 2662 61 30 on
851 2650 209 41 colonial
1087 2651 97 40 and
1208 2650 195 41 federal
1427 2651 191 46 houses,
1646 2649 215 42 exterior
1890 2650 96 40 and
2013 2648 235 42 interior”
2267 2660 9 29 :
2306 2660 43 38 p.
2379 2650 115 41 173-

468 2708 99 43 174.

478 2762 53 52 ©
562 2766 114 47 Apr.
708 2766 38 45 7,
777 2764 141 42 1933;
953 2765 67 40 2c.
1052 2765 96 40 and
1179 2764 81 40 aff.
1293 2765 115 48 Apr.
1439 2764 84 47 28;
1556 2763 41 39 A
1629 2763 171 47 62379;
1835 2764 43 39 J.
1912 2764 54 40 B.
1999 2764 279 48 Lippincott
2311 2773 67 31 co.

556 2823 282 49 (33-12552)

470 2928 211 65 Nizan,
709 2928 166 54 Paul.

608 3002 1380 70 … Les chiens de garde. Paris, Rieder, 1932.
546 3076 99 48 285,
681 3078 56 48 [1]
770 3087 42 37 p.
875 3075 55 41 19
934 3079 14 20 cm
983 3109 9 9 .
1055 3075 281 51 [“Europe.”
1398 3077 70 48 14]

548 3135 155 39 “Tout
729 3135 45 39 le
803 3133 141 41 choix
972 3133 83 48 qui
1083 3144 49 30 se
1162 3143 204 39 propose
1394 3136 74 38 est
1497 3135 136 38 entre
1663 3135 127 39 deux
1817 3131 300 49 complicités
2135 3144 9 28 :
2174 3132 231 48 complice
2431 3134 59 40 de

471 3193 48 39 la
542 3191 318 48 bourgeoisie,
881 3191 230 48 complice
1134 3191 64 40 du
1220 3189 306 49 prolétariat,
1550 3191 43 39 le
1616 3190 284 48 philosophe
1924 3191 210 48 prendra
2157 3192 335 39 ouvertement

478 3245 2012 53 parti … La seconde complicité comporte la seule fidélité qui compte
476 3304 322 50 encore.”—p.
831 3304 99 42 240.

482 3360 1896 63 © Apr. 20, 1932; 1c. July 23; A- Foreign 17525; Éditions Rieder.
560 3431 284 48 (33-12227)

475 3531 196 51 North
702 3541 240 45 western
974 3537 275 64 reporter.
1327 3531 170 55 Cases
1528 3530 217 69 argued
1777 3530 112 52 and
1920 3529 354 53 determined
2307 3528 58 52 in
2394 3527 96 53 the

549 3611 277 69 Supreme
866 3618 189 48 courts
1094 3611 65 54 of
1197 3611 343 56 Minnesota,
1580 3609 316 69 Michigan,
1937 3610 175 67 Iowa,
2148 3605 343 66 Wisconsin,

547 3691 313 59 Nebraska,
891 3692 187 52 North
1107 3690 249 57 Dakota,
1387 3690 109 52 and
1531 3689 183 55 South
1745 3689 248 57 Dakota,
2023 3688 139 52 with
2191 3687 108 69 key
546 3704 1919 119 number

682 3771 365 53 annotations.
1141 3788 49 36 v.
1227 3773 117 50 246.
1423 3768 513 70 January-March,
1975 3771 149 49 1933.
2203 3767 82 55 St.
2324 3767 167 67 Paul,

546 3850 158 53 West
734 3849 336 70 publishing
1099 3868 97 50 co.,
1231 3853 139 49 1933.

550 3925 97 45 xvi,
678 3924 86 41 994
793 3934 44 38 p.
896 3926 26 38 26
956 3927 43 20 cm
1005 3956 8 7 .

487 3978 51 53 ©
571 3983 76 38 May
714 3982 67 46 16,
813 3982 139 42 1933;
984 3982 68 39 2c.
1082 3982 127 38 June
1238 3981 82 46 13;
1353 3979 83 42 aff.
1466 3980 127 39 June
1623 3980 81 45 14;
1738 3979 38 39 A
1808 3978 170 41 63203:
2011 3978 133 40 West
2175 3976 108 50 pub.
2314 3987 68 30 co.
