2575 4405
1109 4095 98 49 143

116 453 437 66 Weissenbach,
582 451 309 64 Raymond
920 449 222 63 Joseph
1171 435 209 77 Émile,
1412 450 171 50 1885-

181 532 267 70 Hygiene
481 533 97 52 des
612 534 276 64 goutteux
924 533 53 46 et
1012 528 97 52 des
1144 523 430 68 rhumatisants,
1608 541 107 49 par
1749 522 152 55 R.-J.
113 520 1980 146 Weissenbach

441 598 1676 74 … et François Françon … Paris, G. Doin & c ie , 1932.
117 670 1987 120 2 p. l., iv, 118 p. 19 ½ cm . ( Half-title : Collection “Hygiène et diététique”)
120 786 1918 62 © May 31, 1932; 1c Dec. 29; A- Foreign 19061; Gaston Doin & cie.
197 854 249 51 (33-3684)

117 928 329 66 Welchons,
476 927 178 54 Alvin
683 928 79 55 M.

187 1006 180 54 Plane
406 1012 309 62 geometry,
752 1004 79 69 by
868 1005 70 52 A.
980 1004 80 52 M.
1102 1003 305 54 Welchons
1449 1001 113 52 and
1602 1001 90 54 W.
1734 999 67 53 R.
116 998 1979 156 Krickenberger

404 1078 1712 72 … Boston, New York [etc.] Ginn and company [ c 1033 ]
188 1151 1315 58 xiii, [1], 370 p. incl. front., illus., diagrs. 20 ½ cm .
122 1213 55 52 ©
204 1216 111 42 Jan.
342 1215 70 47 19,
438 1214 115 41 1933;
609 1215 66 39 2c.
705 1213 115 41 Feb.
845 1212 28 40 2;
929 1212 83 40 aff.
1041 1212 113 40 Jan.
1180 1211 57 40 31;
1295 1210 42 39 A
1365 1209 144 41 60144;
1567 1209 56 40 A.
1652 1209 64 40 M.
1744 1207 259 42 Welchons
2031 1208 98 39 and

192 1274 70 41 W.
299 1272 54 42 R.
388 1271 400 48 Krickenberger,
827 1267 349 49 Indianapolis.
1247 1266 252 50 (33-3690)

120 1341 1982 153 Solid geometry, by A. M. Welchons and W. R. Krickenberger …
488 1419 1634 73 Boston, New York [etc.] Ginn and company [ c 1933]
195 1498 66 49 xi,
293 1499 71 49 [1],
393 1497 83 40 251
506 1509 43 37 p.
577 1497 110 40 incl.
714 1496 166 48 front.,
908 1495 143 47 illus.,
1081 1494 179 48 diagrs.
1321 1493 57 41 20½
1410 1495 44 22 cm
1460 1525 8 9 .

129 1552 51 52 ©
208 1556 110 40 Jan.
345 1556 69 46 16,
443 1554 113 41 1933;
613 1556 68 40 2c.
711 1554 96 40 Feb
850 1554 26 38 2;
935 1553 82 41 aff.
1047 1554 111 39 Jan.
1185 1552 56 40 31;
1300 1550 42 40 A
1370 1550 143 41 60142;
1572 1550 54 40 A.
1656 1551 64 39 M.
1748 1548 257 42 Welchons
2035 1551 97 39 and

195 1613 71 42 W.
297 1613 53 40 R.
383 1611 400 48 Krickenberger,
817 1608 351 50 Indianapolis.
1239 1607 251 50 (33-3691)

121 1687 199 57 White
371 1690 199 52 House
623 1688 348 54 conference
1024 1704 74 36 on
1148 1685 154 55 child
1354 1686 205 52 health
1611 1687 116 51 and
1778 1684 351 64 protection.

192 1768 148 54 Sect,
400 1787 17 33 I:
439 1768 251 52 Medical
711 1766 229 55 service.
1018 1764 338 55 Committee
1382 1782 73 36 on
1476 1764 227 69 growth
1726 1763 119 54 and
193 1762 1912 139 development.

195 1923 240 55 Growth
465 1924 112 52 and
607 1923 397 54 development
1031 1921 64 54 of
1123 1922 98 53 the
1246 1921 171 56 child,
1493 1927 82 64 pt.
1605 1924 47 49 2.
1693 1921 294 70 Anatomy
2017 1921 115 53 and

125 2002 359 70 physiology.
560 2002 220 68 Report
803 2002 64 52 of
891 2002 97 53 the
1015 2000 339 58 Committee
1380 2021 71 34 on
1477 2000 226 69 growth
1730 2000 113 54 and
126 2000 1980 149 development,

338 2081 269 52 Kenneth
646 2082 71 51 D.
759 2080 309 69 Blackfan,
1161 2124 10 10 M.
1250 2122 29 25 D.,
1317 2080 312 54 chairman.
1702 2078 198 57 White
1938 2080 197 53 House

127 2159 332 54 conference
494 2179 73 33 on
602 2160 156 53 child
794 2160 198 53 health
1031 2159 113 53 and
1178 2159 337 68 protection.
1590 2162 141 53 New
1768 2159 182 71 York,
128 2161 1983 144 London,
290 2239 121 53 The
443 2238 256 68 Century
726 2256 79 36 co.
844 2271 13 34 [
862 2245 19 21 c
885 2242 132 49 1933]

203 2313 99 46 xxi,
333 2311 85 42 629
447 2323 41 38 p.
547 2312 144 49 illus.,
722 2311 171 50 tables,
923 2312 179 49 diagrs.
1162 2311 55 42 23½
1250 2313 44 24 cm
1300 2345 8 9 .

137 2365 52 53 ©
218 2370 109 42 Jan.
353 2369 71 47 27,
451 2369 113 40 1933;
621 2369 67 40 2c.
716 2369 95 40 and
840 2369 82 41 aff.
952 2370 109 40 Jan.
1089 2370 55 39 31;
1202 2370 42 39 A
1271 2370 145 42 60087;
1473 2370 164 40 White
1663 2369 169 42 House
1858 2368 284 42 conference

209 2437 60 30 on
299 2426 130 41 child
459 2426 167 41 health
658 2427 94 39 and
785 2426 287 50 protection,
1104 2427 106 47 Ray
1242 2425 185 50 Lyman
1460 2426 204 49 Wilbur,
1744 2458 8 8 M.
1818 2458 21 16 D.,
1873 2425 268 47 chairman,

206 2482 335 50 Washington.

135 2551 325 72 Wielandy,
491 2559 147 52 Paul
668 2558 241 67 Joseph,
943 2563 171 50 1864-

205 2634 122 55 The
361 2653 261 35 romance
657 2635 65 54 of
756 2654 73 35 an
864 2635 295 69 industry;
1199 2655 31 34 a
1265 2635 406 70 retrospective
1705 2636 206 56 review
1948 2637 64 53 of
2045 2638 97 52 the

137 2712 146 54 book
311 2713 113 52 and
455 2713 317 68 stationery
800 2712 272 69 business,
1105 2713 142 55 with
1277 2713 154 55 brief
1460 2712 398 71 biographical
1890 2715 253 54 sketches

136 2789 65 53 of
231 2789 158 56 those
417 2808 155 34 more
602 2790 389 70 prominently
1021 2790 295 56 identified
1347 2792 139 53 with
1518 2793 74 53 its
1621 2791 240 72 history,
1890 2795 74 67 by
1995 2793 148 53 Paul

138 2863 1981 152 J. Wielandy. Saint Louis, Press of Blackwell Wielandy company [ c 1933]
210 3019 132 50 xxiv,
373 3020 85 41 311
489 3030 43 39 p.
591 3020 57 41 23
651 3022 44 22 cm
699 3051 9 10 .

147 3071 52 53 ©
223 3075 110 43 Jan.
357 3076 69 48 12,
450 3076 113 41 1933;
617 3078 68 39 2c.
710 3076 95 41 and
830 3075 83 42 aff.
938 3079 110 40 Jan.
1073 3078 54 40 16;
1181 3078 42 40 A
1247 3077 170 50 57969;
1445 3080 49 39 P.
1522 3081 44 40 J.
1592 3078 271 51 Wielandy,
1892 3082 67 41 St.
1986 3081 161 44 Louis.

224 3132 251 51 (33-2402)

145 3207 236 68 Wilder,
409 3210 210 56 Isabel.

214 3285 230 56 Mother
478 3288 114 53 and
629 3287 133 54 four
803 3323 13 33 [
821 3287 92 70 by]
953 3289 188 53 Isabel
1175 3289 238 56 Wilder.
1489 3292 139 52 New
1664 3292 181 69 York,
1880 3294 267 55 Coward-

146 3364 280 69 McCann,
455 3365 105 55 inc.
599 3401 12 33 [
616 3372 18 22 c
639 3370 133 49 1933]

219 3435 619 53 5 p. l., 3-308 p. 19½ cm .
221 3493 161 43 “First
411 3495 228 41 edition.”

155 3547 51 52 ©
232 3552 108 41 Jan.
366 3552 69 48 27,
461 3552 111 41 1933;
628 3554 67 41 2c.
720 3553 113 43 Feb.
857 3556 27 38 4;
939 3554 82 41 aff.
1049 3555 111 41 Feb.
1186 3556 25 39 6;
1267 3555 42 41 A
1333 3556 144 40 59304;
1534 3558 35 38 I.
1598 3557 198 50 Wilder,
1822 3559 118 40 New
1966 3560 172 40 Haven

233 3607 250 54 (33-3280)

157 3681 258 68 [Wilson,
447 3685 220 54 Robert
697 3685 264 70 McNair]
1001 3693 169 49 1882-

155 3755 1973 153 The Cotswold case [by] Anthony Wynne [ pseud.] Philadelphia, J. B. Lippincott company [ c 1933]
227 3906 86 45 320
346 3922 44 37 p.
452 3912 54 40 19½
539 3914 44 21 cm
587 3943 8 9 .

161 3961 51 52 ©
241 3966 109 42 Jan.
380 3967 68 48 16,
478 3967 140 48 1933;
649 3969 68 41 2c.
747 3970 95 41 and
872 3970 80 41 aff.
984 3971 112 40 Feb.
1125 3972 81 46 16;
1239 3973 39 39 A
1308 3972 143 42 60275;
1512 3975 43 40 J.
1586 3976 54 40 B.
1670 3974 279 49 Lippincott
1978 3988 53 29 co

239 4021 249 51 (33-3858)
