<alto xmlns="http://www.loc.gov/standards/alto/ns-v3#" xmlns:xlink="http://www.w3.org/1999/xlink" xmlns:xsi="http://www.w3.org/2001/XMLSchema-instance" xsi:schemaLocation="http://www.loc.gov/standards/alto/ns-v3# http://www.loc.gov/alto/v3/alto-3-0.xsd"><Description>
<MeasurementUnit>pixel</MeasurementUnit>
<sourceImageInformation>
<fileName>1933_v1_Part1.pdf</fileName>
</sourceImageInformation>
<OCRProcessing ID="IdOcr">
<ocrProcessingStep>
<processingDateTime>2019-01-03</processingDateTime>
<processingSoftware>
<softwareCreator>ABBYY</softwareCreator>
<softwareName>ABBYY Recognition Server</softwareName>
<softwareVersion>4.0</softwareVersion>
</processingSoftware>
</ocrProcessingStep>
</OCRProcessing>
</Description>
<Styles>
<ParagraphStyle ID="StyleId-FFFFFFFF-FFFF-FFFF-FFFF-FFFFFFFFFFFF-" ALIGN="Left" LEFT="0." RIGHT="0." FIRSTLINE="0."/>
<ParagraphStyle ID="StyleId-6EF5737A-DCEB-4126-A0CF-C5930BF7166A-" ALIGN="Left" LEFT="0." RIGHT="0." FIRSTLINE="0." LINESPACE="8.300000191"/>
<ParagraphStyle ID="StyleId-2DE44258-FD0B-41E1-B542-087C989B01A3-" ALIGN="Left" LEFT="0." RIGHT="0." FIRSTLINE="0." LINESPACE="12.19999981"/>
<ParagraphStyle ID="StyleId-CE3D254A-29D7-4DD7-B5F1-E0FC0EF29B05-" ALIGN="Left" LEFT="0." RIGHT="0." FIRSTLINE="-14." LINESPACE="8.619999886"/>
<ParagraphStyle ID="StyleId-C0E3A137-CE4F-4287-8A90-B599106709D0-" ALIGN="Left" LEFT="0." RIGHT="0." FIRSTLINE="-14." LINESPACE="12.19999981"/>
<ParagraphStyle ID="StyleId-50F26F0C-05DA-4C19-BA58-7A6AC4499BEE-" ALIGN="Left" LEFT="0." RIGHT="0." FIRSTLINE="-14." LINESPACE="11.06999969"/>
<ParagraphStyle ID="StyleId-5DDE65AF-512C-41E2-9B8E-095D6D99EF68-" ALIGN="Center" LEFT="0." RIGHT="0." FIRSTLINE="0." LINESPACE="11.89999962"/>
<ParagraphStyle ID="StyleId-0A81D7A5-6A62-4C52-915E-7768974C704D-" ALIGN="Left" LEFT="0." RIGHT="0." FIRSTLINE="0." LINESPACE="9.399999619"/>
<ParagraphStyle ID="StyleId-F7A0127F-6B48-4157-BB81-FE33E1E1A05B-" ALIGN="Block" LEFT="0." RIGHT="0." FIRSTLINE="-13." LINESPACE="10.63000011"/>
<ParagraphStyle ID="StyleId-E18C69F7-DBD7-48B1-805C-FCD96D0DA019-" ALIGN="Left" LEFT="0." RIGHT="0." FIRSTLINE="0." LINESPACE="11.64000034"/>
<ParagraphStyle ID="StyleId-98F15501-B611-4E83-8BB3-807E891F11F5-" ALIGN="Left" LEFT="0." RIGHT="0." FIRSTLINE="-14." LINESPACE="12.19999981"/>
<ParagraphStyle ID="StyleId-F4A78626-0BBC-4D12-94D9-A1AE75A9855F-" ALIGN="Left" LEFT="0." RIGHT="0." FIRSTLINE="0." LINESPACE="9.399999619"/>
<ParagraphStyle ID="StyleId-6A3F6F4C-D21B-4ADE-902F-7683F18ECEF3-" ALIGN="Left" LEFT="0." RIGHT="0." FIRSTLINE="0." LINESPACE="11.10000038"/>
</Styles>
<Layout>
<Page ID="Page1891" PHYSICAL_IMG_NR="1891" HEIGHT="4405" WIDTH="2484">
<TopMargin HEIGHT="434" WIDTH="2484" VPOS="0" HPOS="0">
</TopMargin>
<LeftMargin HEIGHT="3718" WIDTH="166" VPOS="434" HPOS="0">
</LeftMargin>
<RightMargin HEIGHT="3718" WIDTH="278" VPOS="434" HPOS="2206">
</RightMargin>
<BottomMargin HEIGHT="253" WIDTH="2484" VPOS="4152" HPOS="0">
</BottomMargin>
<PrintSpace HEIGHT="3718" WIDTH="2040" VPOS="434" HPOS="166">
<TextBlock ID="Page1891_Block1" HEIGHT="72" WIDTH="152" VPOS="4080" HPOS="1116" LANG="en-US" STYLEREFS="StyleId-DE4F29FC-3F2F-4EF1-82A2-5743AF7E3A26-">
<TextLine HEIGHT="50" WIDTH="132" VPOS="4091" HPOS="1126">
<String CONTENT="1891" HEIGHT="50" WIDTH="132" VPOS="4091" HPOS="1126"/>
</TextLine>
</TextBlock>
<TextBlock ID="Page1891_Block2" HEIGHT="3612" WIDTH="2040" VPOS="434" HPOS="166" LANG="en-US" CS="1" STYLEREFS="StyleId-23117066-BE4C-43BE-9354-456E8B8E6288-">
<TextLine HEIGHT="50" WIDTH="1499" VPOS="522" HPOS="254">
<String CONTENT="Lettered" HEIGHT="39" WIDTH="221" VPOS="526" HPOS="254"/>
<SP HEIGHT="39" WIDTH="30" VPOS="526" HPOS="476"/>
<String CONTENT="on" HEIGHT="30" WIDTH="60" VPOS="535" HPOS="507"/>
<SP HEIGHT="29" WIDTH="27" VPOS="535" HPOS="568"/>
<String CONTENT="cover:" HEIGHT="29" WIDTH="166" VPOS="535" HPOS="596"/>
<SP HEIGHT="40" WIDTH="35" VPOS="524" HPOS="763"/>
<String CONTENT="Grand" HEIGHT="39" WIDTH="163" VPOS="524" HPOS="799"/>
<SP HEIGHT="47" WIDTH="31" VPOS="525" HPOS="963"/>
<String CONTENT="prix" HEIGHT="49" WIDTH="107" VPOS="523" HPOS="995"/>
<SP HEIGHT="38" WIDTH="32" VPOS="524" HPOS="1103"/>
<String LANG="de" CONTENT="du" HEIGHT="39" WIDTH="64" VPOS="524" HPOS="1136"/>
<SP HEIGHT="29" WIDTH="29" VPOS="534" HPOS="1201"/>
<String CONTENT="roman" HEIGHT="31" WIDTH="168" VPOS="532" HPOS="1231"/>
<SP HEIGHT="38" WIDTH="30" VPOS="523" HPOS="1400"/>
<String CONTENT="d'aventures." HEIGHT="40" WIDTH="322" VPOS="522" HPOS="1431"/>
</TextLine>
<TextLine HEIGHT="119" WIDTH="1996" VPOS="578" HPOS="180" CS="1">
<String LANG="en-US" CONTENT="&#169;" HEIGHT="52" WIDTH="51" VPOS="581" HPOS="180"/>
<SP HEIGHT="52" WIDTH="27" VPOS="581" HPOS="232"/>
<String LANG="en-US" CONTENT="June" HEIGHT="39" WIDTH="125" VPOS="586" HPOS="260"/>
<SP HEIGHT="38" WIDTH="24" VPOS="587" HPOS="386"/>
<String LANG="en-US" CONTENT="10," HEIGHT="47" WIDTH="68" VPOS="584" HPOS="411"/>
<SP HEIGHT="47" WIDTH="27" VPOS="584" HPOS="480"/>
<String LANG="en-US" CONTENT="1933;" HEIGHT="46" WIDTH="138" VPOS="583" HPOS="508"/>
<SP/>
<String LANG="en-US" CS="1" CONTENT="1c."/>
<SP/>
<String LANG="en-US" CONTENT="Nov." HEIGHT="39" WIDTH="118" VPOS="582" HPOS="769"/>
<SP HEIGHT="39" WIDTH="27" VPOS="582" HPOS="888"/>
<String LANG="en-US" CONTENT="17;" HEIGHT="45" WIDTH="81" VPOS="582" HPOS="916"/>
<SP HEIGHT="46" WIDTH="27" VPOS="581" HPOS="998"/>
<!-- cceid 4AEF19FC-6CF9-1014-A6CF-A82867D68027 --><String LANG="en-US" CONTENT="A-Foreign" HEIGHT="47" WIDTH="311" VPOS="581" HPOS="1026"/>
<SP HEIGHT="38" WIDTH="27" VPOS="581" HPOS="1338"/>
<String LANG="en-US" CONTENT="22713;" HEIGHT="45" WIDTH="169" VPOS="581" HPOS="1366"/>
<SP HEIGHT="46" WIDTH="30" VPOS="580" HPOS="1536"/>
<String LANG="en-US" CONTENT="Librairie" HEIGHT="40" WIDTH="240" VPOS="579" HPOS="1567"/>
<SP HEIGHT="37" WIDTH="27" VPOS="581" HPOS="1808"/>
<String LANG="de" CONTENT="des" HEIGHT="38" WIDTH="83" VPOS="581" HPOS="1836"/>
<SP HEIGHT="41" WIDTH="27" VPOS="578" HPOS="1920"/>
<String LANG="de" CONTENT="Champs-" HEIGHT="46" WIDTH="228" VPOS="578" HPOS="1948"/>
<String LANG="en-US" CS="1" CONTENT="&#201;"/>
<String LANG="de" CONTENT="lys" HEIGHT="47" WIDTH="73" VPOS="650" HPOS="288"/>
<String LANG="en-US" CS="1" CONTENT="&#233;"/>
<String LANG="de" CONTENT="es." HEIGHT="30" WIDTH="66" VPOS="658" HPOS="391"/>
<SP HEIGHT="49" WIDTH="69" VPOS="647" HPOS="458"/>
<String LANG="en-US" CONTENT="(34-1188)" HEIGHT="49" WIDTH="249" VPOS="647" HPOS="528"/>
</TextLine>
<TextLine HEIGHT="63" WIDTH="967" VPOS="737" HPOS="180" STYLEREFS="StyleId-DE4F29FC-3F2F-4EF1-82A2-5743AF7E3A26-">
<String CONTENT="Fabricius," HEIGHT="62" WIDTH="323" VPOS="737" HPOS="180"/>
<SP HEIGHT="61" WIDTH="29" VPOS="738" HPOS="504"/>
<String CONTENT="Alma" HEIGHT="53" WIDTH="173" VPOS="737" HPOS="534"/>
<SP HEIGHT="52" WIDTH="28" VPOS="738" HPOS="708"/>
<String CONTENT="Marie," HEIGHT="62" WIDTH="205" VPOS="738" HPOS="737"/>
<SP HEIGHT="56" WIDTH="32" VPOS="744" HPOS="943"/>
<String CONTENT="1897-" HEIGHT="52" WIDTH="171" VPOS="739" HPOS="976"/>
</TextLine>
<TextLine HEIGHT="135" WIDTH="1979" VPOS="812" HPOS="178" STYLEREFS="StyleId-DE4F29FC-3F2F-4EF1-82A2-5743AF7E3A26-" CS="1">
<String CONTENT="Intermediate" HEIGHT="54" WIDTH="407" VPOS="816" HPOS="247"/>
<SP HEIGHT="35" WIDTH="31" VPOS="835" HPOS="655"/>
<String CONTENT="algebra" HEIGHT="68" WIDTH="230" VPOS="816" HPOS="687"/>
<SP HEIGHT="49" WIDTH="31" VPOS="834" HPOS="918"/>
<String CONTENT="problems" HEIGHT="69" WIDTH="284" VPOS="814" HPOS="950"/>
<SP HEIGHT="34" WIDTH="28" VPOS="834" HPOS="1235"/>
<String CONTENT="made" HEIGHT="53" WIDTH="164" VPOS="815" HPOS="1264"/>
<SP HEIGHT="34" WIDTH="30" VPOS="834" HPOS="1429"/>
<String CONTENT="easy." HEIGHT="50" WIDTH="146" VPOS="832" HPOS="1460"/>
<SP HEIGHT="53" WIDTH="75" VPOS="814" HPOS="1607"/>
<String CONTENT="Rev." HEIGHT="53" WIDTH="137" VPOS="814" HPOS="1683"/>
<SP HEIGHT="34" WIDTH="32" VPOS="833" HPOS="1821"/>
<String CONTENT="ed." HEIGHT="54" WIDTH="84" VPOS="813" HPOS="1854"/>
<SP HEIGHT="56" WIDTH="77" VPOS="812" HPOS="1939"/>
<String CONTENT="Combined" HEIGHT="135" WIDTH="1979" VPOS="812" HPOS="178"/>
</TextLine>
<TextLine HEIGHT="71" WIDTH="1793" VPOS="890" HPOS="386" STYLEREFS="StyleId-DE4F29FC-3F2F-4EF1-82A2-5743AF7E3A26-">
<String CONTENT="with" HEIGHT="52" WIDTH="138" VPOS="895" HPOS="386"/>
<SP HEIGHT="52" WIDTH="37" VPOS="895" HPOS="525"/>
<String CONTENT="complete" HEIGHT="66" WIDTH="275" VPOS="895" HPOS="563"/>
<SP HEIGHT="52" WIDTH="36" VPOS="894" HPOS="839"/>
<String CONTENT="drill" HEIGHT="53" WIDTH="136" VPOS="893" HPOS="876"/>
<SP HEIGHT="52" WIDTH="37" VPOS="894" HPOS="1013"/>
<String CONTENT="and" HEIGHT="53" WIDTH="114" VPOS="893" HPOS="1051"/>
<SP HEIGHT="53" WIDTH="36" VPOS="893" HPOS="1166"/>
<String CONTENT="regents" HEIGHT="62" WIDTH="225" VPOS="898" HPOS="1203"/>
<SP HEIGHT="34" WIDTH="37" VPOS="911" HPOS="1429"/>
<String CONTENT="review" HEIGHT="53" WIDTH="204" VPOS="891" HPOS="1467"/>
<SP HEIGHT="33" WIDTH="37" VPOS="910" HPOS="1672"/>
<String CONTENT="material" HEIGHT="53" WIDTH="265" VPOS="891" HPOS="1710"/>
<SP HEIGHT="69" WIDTH="36" VPOS="890" HPOS="1976"/>
<String CONTENT="(Rev." HEIGHT="69" WIDTH="166" VPOS="890" HPOS="2013"/>
</TextLine>
<TextLine HEIGHT="71" WIDTH="2002" VPOS="968" HPOS="177" STYLEREFS="StyleId-DE4F29FC-3F2F-4EF1-82A2-5743AF7E3A26-" CS="1">
<String CONTENT="ed.)" HEIGHT="67" WIDTH="113" VPOS="971" HPOS="177"/>
<SP HEIGHT="67" WIDTH="84" VPOS="971" HPOS="291"/>
<String CONTENT="By" HEIGHT="66" WIDTH="89" VPOS="973" HPOS="376"/>
<SP HEIGHT="67" WIDTH="24" VPOS="972" HPOS="466"/>
<String CONTENT="Alma" HEIGHT="52" WIDTH="173" VPOS="972" HPOS="491"/>
<SP HEIGHT="53" WIDTH="25" VPOS="971" HPOS="665"/>
<String CONTENT="M." HEIGHT="52" WIDTH="80" VPOS="971" HPOS="691"/>
<SP HEIGHT="52" WIDTH="27" VPOS="971" HPOS="772"/>
<String CONTENT="Fabricius" HEIGHT="52" WIDTH="299" VPOS="971" HPOS="800"/>
<SP HEIGHT="32" WIDTH="33" VPOS="991" HPOS="1100"/>
<String CS="1" CONTENT="&#8230;"/>
<SP HEIGHT="33" WIDTH="33" VPOS="989" HPOS="1189"/>
<String CONTENT="and" HEIGHT="51" WIDTH="112" VPOS="971" HPOS="1223"/>
<SP HEIGHT="53" WIDTH="26" VPOS="970" HPOS="1336"/>
<String CONTENT="William" HEIGHT="53" WIDTH="261" VPOS="970" HPOS="1363"/>
<SP HEIGHT="51" WIDTH="26" VPOS="970" HPOS="1625"/>
<String CONTENT="Hance" HEIGHT="51" WIDTH="200" VPOS="970" HPOS="1652"/>
<SP HEIGHT="33" WIDTH="30" VPOS="988" HPOS="1853"/>
<String CS="1" CONTENT="&#8230;"/>
<SP HEIGHT="33" WIDTH="85" VPOS="1002" HPOS="1939"/>
<String CS="1" CONTENT="[New" HEIGHT="53" WIDTH="136" VPOS="968" HPOS="2043"/>
</TextLine>
<TextLine HEIGHT="69" WIDTH="1514" VPOS="1047" HPOS="182" STYLEREFS="StyleId-DE4F29FC-3F2F-4EF1-82A2-5743AF7E3A26-">
<String CONTENT="York," HEIGHT="67" WIDTH="176" VPOS="1049" HPOS="182"/>
<SP HEIGHT="66" WIDTH="27" VPOS="1050" HPOS="359"/>
<String CONTENT="Progressive" HEIGHT="67" WIDTH="367" VPOS="1049" HPOS="387"/>
<SP HEIGHT="33" WIDTH="29" VPOS="1068" HPOS="755"/>
<String CONTENT="review" HEIGHT="54" WIDTH="204" VPOS="1048" HPOS="785"/>
<SP HEIGHT="53" WIDTH="28" VPOS="1047" HPOS="990"/>
<String CONTENT="book" HEIGHT="53" WIDTH="148" VPOS="1047" HPOS="1019"/>
<SP HEIGHT="53" WIDTH="26" VPOS="1047" HPOS="1168"/>
<String CONTENT="company," HEIGHT="50" WIDTH="298" VPOS="1065" HPOS="1195"/>
<SP HEIGHT="61" WIDTH="27" VPOS="1053" HPOS="1494"/>
<String STYLE="superscript" CONTENT="c" HEIGHT="22" WIDTH="18" VPOS="1053" HPOS="1522"/>
<String CONTENT="1933]" HEIGHT="63" WIDTH="151" VPOS="1050" HPOS="1545"/>
</TextLine>
<TextLine HEIGHT="49" WIDTH="736" VPOS="1121" HPOS="250" CS="1">
<String CONTENT="2" HEIGHT="38" WIDTH="25" VPOS="1122" HPOS="250"/>
<SP HEIGHT="48" WIDTH="28" VPOS="1122" HPOS="276"/>
<String CONTENT="p." HEIGHT="37" WIDTH="42" VPOS="1133" HPOS="305"/>
<SP HEIGHT="40" WIDTH="24" VPOS="1124" HPOS="348"/>
<String CS="1" CONTENT="l.,"/>
<SP HEIGHT="47" WIDTH="24" VPOS="1122" HPOS="418"/>
<String CONTENT="3-94" HEIGHT="41" WIDTH="115" VPOS="1121" HPOS="443"/>
<SP HEIGHT="47" WIDTH="26" VPOS="1122" HPOS="559"/>
<String CONTENT="p." HEIGHT="38" WIDTH="43" VPOS="1131" HPOS="586"/>
<SP HEIGHT="40" WIDTH="58" VPOS="1122" HPOS="630"/>
<String CONTENT="diagrs." HEIGHT="47" WIDTH="177" VPOS="1122" HPOS="689"/>
<SP HEIGHT="39" WIDTH="62" VPOS="1121" HPOS="867"/>
<String CS="1" CONTENT="20&#189;cm." HEIGHT="39" WIDTH="56" VPOS="1121" HPOS="930"/>
</TextLine>
<TextLine HEIGHT="50" WIDTH="883" VPOS="1177" HPOS="247" CS="1">
<String CONTENT="Tables" HEIGHT="41" WIDTH="175" VPOS="1177" HPOS="247"/>
<SP HEIGHT="31" WIDTH="21" VPOS="1187" HPOS="423"/>
<String CONTENT="on" HEIGHT="29" WIDTH="57" VPOS="1187" HPOS="445"/>
<SP HEIGHT="38" WIDTH="27" VPOS="1188" HPOS="503"/>
<String CONTENT="p." HEIGHT="38" WIDTH="43" VPOS="1188" HPOS="531"/>
<SP HEIGHT="29" WIDTH="29" VPOS="1198" HPOS="575"/>
<String CS="1" CONTENT="[2]" HEIGHT="49" WIDTH="40" VPOS="1177" HPOS="617"/>
<SP HEIGHT="38" WIDTH="29" VPOS="1188" HPOS="658"/>
<String CONTENT="and" HEIGHT="39" WIDTH="96" VPOS="1179" HPOS="688"/>
<SP HEIGHT="48" WIDTH="28" VPOS="1179" HPOS="785"/>
<String CONTENT="[3]" HEIGHT="49" WIDTH="53" VPOS="1178" HPOS="814"/>
<SP HEIGHT="39" WIDTH="27" VPOS="1188" HPOS="868"/>
<String CONTENT="of" HEIGHT="40" WIDTH="52" VPOS="1178" HPOS="896"/>
<SP HEIGHT="40" WIDTH="24" VPOS="1178" HPOS="949"/>
<String CONTENT="cover." HEIGHT="31" WIDTH="156" VPOS="1187" HPOS="974"/>
</TextLine>
<TextLine HEIGHT="52" WIDTH="1997" VPOS="1230" HPOS="182" CS="1">
<String CONTENT="&#169;" HEIGHT="52" WIDTH="50" VPOS="1230" HPOS="182"/>
<SP HEIGHT="52" WIDTH="36" VPOS="1230" HPOS="233"/>
<String CONTENT="Oct." HEIGHT="40" WIDTH="100" VPOS="1235" HPOS="270"/>
<SP HEIGHT="40" WIDTH="35" VPOS="1234" HPOS="371"/>
<String CONTENT="7," HEIGHT="47" WIDTH="38" VPOS="1234" HPOS="407"/>
<SP HEIGHT="45" WIDTH="35" VPOS="1236" HPOS="446"/>
<String CONTENT="1933;" HEIGHT="47" WIDTH="139" VPOS="1234" HPOS="482"/>
<SP HEIGHT="47" WIDTH="35" VPOS="1234" HPOS="622"/>
<String CONTENT="2c." HEIGHT="40" WIDTH="66" VPOS="1234" HPOS="658"/>
<SP HEIGHT="40" WIDTH="37" VPOS="1234" HPOS="725"/>
<String CONTENT="Oct." HEIGHT="40" WIDTH="100" VPOS="1234" HPOS="763"/>
<SP HEIGHT="39" WIDTH="35" VPOS="1235" HPOS="864"/>
<String CONTENT="10;" HEIGHT="46" WIDTH="81" VPOS="1234" HPOS="900"/>
<SP HEIGHT="35" WIDTH="37" VPOS="1245" HPOS="982"/>
<String CS="1" CONTENT="aff."/>
<SP HEIGHT="40" WIDTH="38" VPOS="1234" HPOS="1102"/>
<String CONTENT="Oct." HEIGHT="40" WIDTH="100" VPOS="1234" HPOS="1141"/>
<SP HEIGHT="40" WIDTH="34" VPOS="1233" HPOS="1242"/>
<String CONTENT="9;" HEIGHT="47" WIDTH="53" VPOS="1233" HPOS="1277"/>
<SP HEIGHT="47" WIDTH="36" VPOS="1233" HPOS="1331"/>
<!-- cceid 4AEF202C-6CF9-1014-A6CF-A82867D68027 --><String CONTENT="A" HEIGHT="39" WIDTH="41" VPOS="1233" HPOS="1368"/>
<SP HEIGHT="39" WIDTH="34" VPOS="1233" HPOS="1410"/>
<String CONTENT="66563;" HEIGHT="47" WIDTH="169" VPOS="1232" HPOS="1445"/>
<SP HEIGHT="46" WIDTH="38" VPOS="1233" HPOS="1615"/>
<String CONTENT="Progressive" HEIGHT="47" WIDTH="311" VPOS="1232" HPOS="1654"/>
<SP HEIGHT="29" WIDTH="35" VPOS="1242" HPOS="1966"/>
<String CONTENT="review" HEIGHT="39" WIDTH="177" VPOS="1231" HPOS="2002"/>
</TextLine>
<TextLine HEIGHT="48" WIDTH="563" VPOS="1291" HPOS="249">
<String CONTENT="book" HEIGHT="40" WIDTH="120" VPOS="1293" HPOS="249"/>
<SP HEIGHT="40" WIDTH="26" VPOS="1293" HPOS="370"/>
<String CONTENT="co." HEIGHT="29" WIDTH="64" VPOS="1303" HPOS="397"/>
<SP HEIGHT="47" WIDTH="71" VPOS="1292" HPOS="462"/>
<String CONTENT="(33-30587)" HEIGHT="48" WIDTH="278" VPOS="1291" HPOS="534"/>
</TextLine>
<TextLine HEIGHT="66" WIDTH="980" VPOS="1382" HPOS="183" STYLEREFS="StyleId-1371F941-B48E-47F7-9F4B-2C23D2BEC15B-">
<String CONTENT="Garner," HEIGHT="64" WIDTH="243" VPOS="1383" HPOS="183"/>
<SP HEIGHT="64" WIDTH="31" VPOS="1383" HPOS="427"/>
<String CONTENT="Frederick" HEIGHT="54" WIDTH="314" VPOS="1382" HPOS="459"/>
<SP HEIGHT="52" WIDTH="27" VPOS="1383" HPOS="774"/>
<String CONTENT="Horace," HEIGHT="64" WIDTH="248" VPOS="1384" HPOS="802"/>
<SP HEIGHT="47" WIDTH="27" VPOS="1401" HPOS="1051"/>
<String CONTENT="ed." HEIGHT="53" WIDTH="84" VPOS="1383" HPOS="1079"/>
</TextLine>
<TextLine HEIGHT="69" WIDTH="1790" VPOS="1456" HPOS="251" STYLEREFS="StyleId-DE4F29FC-3F2F-4EF1-82A2-5743AF7E3A26-" CS="1">
<String CONTENT="Modern" HEIGHT="54" WIDTH="238" VPOS="1459" HPOS="251"/>
<SP HEIGHT="32" WIDTH="35" VPOS="1478" HPOS="490"/>
<String CONTENT="road" HEIGHT="52" WIDTH="137" VPOS="1459" HPOS="526"/>
<SP HEIGHT="52" WIDTH="34" VPOS="1459" HPOS="664"/>
<String CONTENT="emulsions;" HEIGHT="67" WIDTH="329" VPOS="1458" HPOS="699"/>
<SP HEIGHT="48" WIDTH="38" VPOS="1477" HPOS="1029"/>
<String CONTENT="a" HEIGHT="33" WIDTH="31" VPOS="1479" HPOS="1068"/>
<SP HEIGHT="46" WIDTH="33" VPOS="1467" HPOS="1100"/>
<String CONTENT="treatise" HEIGHT="55" WIDTH="228" VPOS="1458" HPOS="1134"/>
<SP HEIGHT="54" WIDTH="34" VPOS="1458" HPOS="1363"/>
<String CONTENT="based" HEIGHT="55" WIDTH="167" VPOS="1457" HPOS="1398"/>
<SP HEIGHT="53" WIDTH="35" VPOS="1457" HPOS="1566"/>
<String CONTENT="on" HEIGHT="34" WIDTH="70" VPOS="1476" HPOS="1602"/>
<SP HEIGHT="33" WIDTH="36" VPOS="1476" HPOS="1673"/>
<String CONTENT="a" HEIGHT="33" WIDTH="28" VPOS="1476" HPOS="1710"/>
<SP HEIGHT="33" WIDTH="36" VPOS="1476" HPOS="1739"/>
<String CONTENT="series" HEIGHT="52" WIDTH="167" VPOS="1458" HPOS="1776"/>
<SP HEIGHT="34" WIDTH="33" VPOS="1474" HPOS="1944"/>
<String CONTENT="of" HEIGHT="52" WIDTH="63" VPOS="1456" HPOS="1978"/>
</TextLine>
<TextLine HEIGHT="148" WIDTH="1998" VPOS="1457" HPOS="185" STYLEREFS="StyleId-DE4F29FC-3F2F-4EF1-82A2-5743AF7E3A26-" CS="1">
<String CONTENT="lectures" HEIGHT="134" WIDTH="1972" VPOS="1457" HPOS="185"/>
<SP HEIGHT="54" WIDTH="33" VPOS="1536" HPOS="337"/>
<String CONTENT="by" HEIGHT="69" WIDTH="72" VPOS="1536" HPOS="371"/>
<SP HEIGHT="51" WIDTH="36" VPOS="1554" HPOS="444"/>
<String CONTENT="members" HEIGHT="55" WIDTH="271" VPOS="1536" HPOS="481"/>
<SP HEIGHT="32" WIDTH="34" VPOS="1557" HPOS="753"/>
<String CONTENT="of" HEIGHT="51" WIDTH="64" VPOS="1538" HPOS="788"/>
<SP HEIGHT="51" WIDTH="32" VPOS="1538" HPOS="853"/>
<String CONTENT="the" HEIGHT="52" WIDTH="92" VPOS="1537" HPOS="886"/>
<SP HEIGHT="52" WIDTH="35" VPOS="1537" HPOS="979"/>
<String CONTENT="Road" HEIGHT="52" WIDTH="163" VPOS="1537" HPOS="1015"/>
<SP HEIGHT="53" WIDTH="33" VPOS="1537" HPOS="1179"/>
<String CONTENT="emulsion" HEIGHT="55" WIDTH="272" VPOS="1535" HPOS="1213"/>
<SP HEIGHT="34" WIDTH="36" VPOS="1554" HPOS="1486"/>
<String CONTENT="and" HEIGHT="53" WIDTH="110" VPOS="1535" HPOS="1523"/>
<SP HEIGHT="52" WIDTH="37" VPOS="1535" HPOS="1634"/>
<String CONTENT="cold" HEIGHT="53" WIDTH="124" VPOS="1534" HPOS="1672"/>
<SP HEIGHT="52" WIDTH="38" VPOS="1534" HPOS="1797"/>
<String CONTENT="bituminous" HEIGHT="54" WIDTH="347" VPOS="1534" HPOS="1836"/>
</TextLine>
<TextLine HEIGHT="134" WIDTH="1970" VPOS="1612" HPOS="184" STYLEREFS="StyleId-DE4F29FC-3F2F-4EF1-82A2-5743AF7E3A26-" CS="1">
<String CONTENT="roads" HEIGHT="52" WIDTH="164" VPOS="1615" HPOS="185"/>
<SP HEIGHT="33" WIDTH="28" VPOS="1634" HPOS="350"/>
<String CONTENT="association," HEIGHT="68" WIDTH="351" VPOS="1614" HPOS="379"/>
<SP HEIGHT="65" WIDTH="29" VPOS="1617" HPOS="731"/>
<String CONTENT="ltd.," HEIGHT="69" WIDTH="123" VPOS="1614" HPOS="761"/>
<SP HEIGHT="47" WIDTH="27" VPOS="1636" HPOS="885"/>
<String CONTENT="edited" HEIGHT="56" WIDTH="188" VPOS="1613" HPOS="913"/>
<SP HEIGHT="52" WIDTH="29" VPOS="1614" HPOS="1102"/>
<String CONTENT="by" HEIGHT="67" WIDTH="72" VPOS="1615" HPOS="1132"/>
<SP HEIGHT="67" WIDTH="32" VPOS="1615" HPOS="1205"/>
<String CONTENT="F." HEIGHT="50" WIDTH="61" VPOS="1615" HPOS="1238"/>
<SP HEIGHT="51" WIDTH="30" VPOS="1614" HPOS="1300"/>
<String CONTENT="H." HEIGHT="51" WIDTH="75" VPOS="1614" HPOS="1331"/>
<SP HEIGHT="55" WIDTH="31" VPOS="1612" HPOS="1407"/>
<String CONTENT="Garner" HEIGHT="55" WIDTH="221" VPOS="1612" HPOS="1439"/>
<SP HEIGHT="34" WIDTH="34" VPOS="1632" HPOS="1661"/>
<String CS="1" CONTENT="&#8230;"/>
<SP HEIGHT="51" WIDTH="33" VPOS="1615" HPOS="1753"/>
<String CONTENT="in" HEIGHT="51" WIDTH="59" VPOS="1615" HPOS="1787"/>
<SP HEIGHT="33" WIDTH="29" VPOS="1632" HPOS="1847"/>
<String CONTENT="collaboration" HEIGHT="134" WIDTH="1970" VPOS="1612" HPOS="184"/>
</TextLine>
<TextLine HEIGHT="67" WIDTH="1849" VPOS="1690" HPOS="332" STYLEREFS="StyleId-DE4F29FC-3F2F-4EF1-82A2-5743AF7E3A26-" CS="1">
<String CONTENT="with" HEIGHT="53" WIDTH="139" VPOS="1693" HPOS="332"/>
<SP HEIGHT="51" WIDTH="29" VPOS="1693" HPOS="472"/>
<String CONTENT="L." HEIGHT="51" WIDTH="61" VPOS="1693" HPOS="502"/>
<SP HEIGHT="52" WIDTH="30" VPOS="1692" HPOS="564"/>
<String CONTENT="G." HEIGHT="52" WIDTH="66" VPOS="1692" HPOS="595"/>
<SP HEIGHT="54" WIDTH="29" VPOS="1692" HPOS="662"/>
<String CONTENT="Gabriel" HEIGHT="55" WIDTH="232" VPOS="1691" HPOS="692"/>
<SP HEIGHT="51" WIDTH="32" VPOS="1694" HPOS="925"/>
<String CS="1" CONTENT="&#8230;"/>
<SP HEIGHT="33" WIDTH="33" VPOS="1715" HPOS="1014"/>
<String CONTENT="and" HEIGHT="56" WIDTH="111" VPOS="1692" HPOS="1048"/>
<SP HEIGHT="53" WIDTH="27" VPOS="1692" HPOS="1160"/>
<String CS="1" CONTENT="H." HEIGHT="10" WIDTH="10" VPOS="1733" HPOS="1253"/>
<SP HEIGHT="54" WIDTH="29" VPOS="1692" HPOS="1264"/>
<String CONTENT="J." HEIGHT="54" WIDTH="55" VPOS="1692" HPOS="1294"/>
<SP HEIGHT="51" WIDTH="28" VPOS="1694" HPOS="1350"/>
<String CONTENT="Prentice;" HEIGHT="66" WIDTH="290" VPOS="1691" HPOS="1379"/>
<SP HEIGHT="46" WIDTH="29" VPOS="1711" HPOS="1670"/>
<String CONTENT="with" HEIGHT="52" WIDTH="136" VPOS="1691" HPOS="1700"/>
<SP HEIGHT="52" WIDTH="33" VPOS="1691" HPOS="1837"/>
<String CONTENT="forewords" HEIGHT="55" WIDTH="310" VPOS="1690" HPOS="1871"/>
</TextLine>
<TextLine HEIGHT="132" WIDTH="1973" VPOS="1769" HPOS="183" STYLEREFS="StyleId-DE4F29FC-3F2F-4EF1-82A2-5743AF7E3A26-" CS="1">
<String CONTENT="by" HEIGHT="68" WIDTH="72" VPOS="1770" HPOS="187"/>
<SP HEIGHT="69" WIDTH="33" VPOS="1769" HPOS="260"/>
<String CONTENT="C." HEIGHT="56" WIDTH="60" VPOS="1769" HPOS="294"/>
<SP HEIGHT="51" WIDTH="33" VPOS="1771" HPOS="355"/>
<String CONTENT="H." HEIGHT="52" WIDTH="73" VPOS="1771" HPOS="389"/>
<SP HEIGHT="52" WIDTH="37" VPOS="1771" HPOS="463"/>
<String CS="1" CONTENT="Bressey" HEIGHT="54" WIDTH="197" VPOS="1771" HPOS="501"/>
<SP HEIGHT="33" WIDTH="38" VPOS="1791" HPOS="738"/>
<String CS="1" CONTENT="&#8230;"/>
<SP HEIGHT="54" WIDTH="39" VPOS="1771" HPOS="832"/>
<String CONTENT="P." HEIGHT="51" WIDTH="61" VPOS="1771" HPOS="872"/>
<SP HEIGHT="50" WIDTH="36" VPOS="1772" HPOS="934"/>
<String CONTENT="Le" HEIGHT="53" WIDTH="78" VPOS="1772" HPOS="971"/>
<SP HEIGHT="55" WIDTH="33" VPOS="1770" HPOS="1050"/>
<String CONTENT="Gavrian" HEIGHT="54" WIDTH="255" VPOS="1770" HPOS="1084"/>
<SP HEIGHT="34" WIDTH="39" VPOS="1790" HPOS="1340"/>
<String CS="1" CONTENT="&#8230;"/>
<SP HEIGHT="50" WIDTH="40" VPOS="1789" HPOS="1436"/>
<String CONTENT="prof," HEIGHT="69" WIDTH="150" VPOS="1770" HPOS="1477"/>
<SP HEIGHT="52" WIDTH="34" VPOS="1771" HPOS="1628"/>
<String CONTENT="dr.-ing." HEIGHT="69" WIDTH="229" VPOS="1769" HPOS="1663"/>
<SP HEIGHT="51" WIDTH="37" VPOS="1770" HPOS="1893"/>
<String CONTENT="E." HEIGHT="52" WIDTH="66" VPOS="1770" HPOS="1931"/>
<SP HEIGHT="53" WIDTH="38" VPOS="1769" HPOS="1998"/>
<String CONTENT="Neumann" HEIGHT="132" WIDTH="1973" VPOS="1769" HPOS="183"/>
</TextLine>
<TextLine HEIGHT="70" WIDTH="1573" VPOS="1847" HPOS="441" STYLEREFS="StyleId-DE4F29FC-3F2F-4EF1-82A2-5743AF7E3A26-" CS="1">
<String CS="1" CONTENT="&#8230;"/>
<SP HEIGHT="53" WIDTH="67" VPOS="1849" HPOS="441"/>
<String CONTENT="London," HEIGHT="68" WIDTH="256" VPOS="1849" HPOS="509"/>
<SP HEIGHT="67" WIDTH="24" VPOS="1850" HPOS="766"/>
<String CONTENT="The" HEIGHT="53" WIDTH="120" VPOS="1850" HPOS="791"/>
<SP HEIGHT="56" WIDTH="26" VPOS="1848" HPOS="912"/>
<String CONTENT="Carriers" HEIGHT="56" WIDTH="258" VPOS="1848" HPOS="939"/>
<SP HEIGHT="49" WIDTH="27" VPOS="1868" HPOS="1198"/>
<String CONTENT="publishing" HEIGHT="70" WIDTH="332" VPOS="1847" HPOS="1226"/>
<SP HEIGHT="50" WIDTH="26" VPOS="1867" HPOS="1559"/>
<String CONTENT="co.," HEIGHT="50" WIDTH="97" VPOS="1867" HPOS="1586"/>
<SP HEIGHT="68" WIDTH="27" VPOS="1849" HPOS="1684"/>
<String CONTENT="ltd.," HEIGHT="67" WIDTH="123" VPOS="1849" HPOS="1712"/>
<SP HEIGHT="63" WIDTH="28" VPOS="1853" HPOS="1836"/>
<String CONTENT="1933." HEIGHT="49" WIDTH="149" VPOS="1851" HPOS="1865"/>
</TextLine>
<TextLine HEIGHT="50" WIDTH="1159" VPOS="1920" HPOS="251" CS="1">
<String CONTENT="5" HEIGHT="39" WIDTH="26" VPOS="1920" HPOS="251"/>
<SP HEIGHT="48" WIDTH="27" VPOS="1920" HPOS="278"/>
<String CONTENT="p." HEIGHT="38" WIDTH="43" VPOS="1930" HPOS="306"/>
<SP HEIGHT="37" WIDTH="29" VPOS="1923" HPOS="350"/>
<String CS="1" CONTENT="l.,"/>
<SP HEIGHT="48" WIDTH="30" VPOS="1921" HPOS="426"/>
<String CONTENT="222" HEIGHT="39" WIDTH="84" VPOS="1921" HPOS="457"/>
<SP HEIGHT="48" WIDTH="31" VPOS="1921" HPOS="542"/>
<String CONTENT="p." HEIGHT="37" WIDTH="42" VPOS="1932" HPOS="574"/>
<SP HEIGHT="40" WIDTH="60" VPOS="1922" HPOS="617"/>
<String CONTENT="illus.," HEIGHT="43" WIDTH="141" VPOS="1921" HPOS="678"/>
<SP HEIGHT="37" WIDTH="31" VPOS="1932" HPOS="820"/>
<String CONTENT="plates," HEIGHT="47" WIDTH="169" VPOS="1922" HPOS="852"/>
<SP HEIGHT="46" WIDTH="31" VPOS="1923" HPOS="1022"/>
<String CONTENT="diagrs." HEIGHT="48" WIDTH="179" VPOS="1922" HPOS="1054"/>
<SP HEIGHT="39" WIDTH="59" VPOS="1922" HPOS="1234"/>
<String CONTENT="22" HEIGHT="39" WIDTH="55" VPOS="1922" HPOS="1294"/>
<String STYLE="superscript" CONTENT="cm" HEIGHT="21" WIDTH="43" VPOS="1924" HPOS="1353"/>
<String CONTENT="." HEIGHT="8" WIDTH="8" VPOS="1954" HPOS="1402"/>
</TextLine>
<TextLine HEIGHT="52" WIDTH="729" VPOS="1977" HPOS="252">
<String CONTENT="Bibliography:" HEIGHT="49" WIDTH="374" VPOS="1978" HPOS="252"/>
<SP HEIGHT="38" WIDTH="32" VPOS="1989" HPOS="627"/>
<String CONTENT="p." HEIGHT="37" WIDTH="42" VPOS="1990" HPOS="660"/>
<SP HEIGHT="31" WIDTH="31" VPOS="1998" HPOS="703"/>
<String CONTENT="[169]-179." HEIGHT="52" WIDTH="246" VPOS="1977" HPOS="735"/>
</TextLine>
<TextLine HEIGHT="51" WIDTH="1995" VPOS="2037" HPOS="187" CS="1">
<String CONTENT="&#169;" HEIGHT="51" WIDTH="51" VPOS="2037" HPOS="187"/>
<SP/>
<String CS="1" CONTENT="1c."/>
<SP/>
<String CONTENT="Dec." HEIGHT="39" WIDTH="111" VPOS="2042" HPOS="365"/>
<SP HEIGHT="39" WIDTH="27" VPOS="2041" HPOS="477"/>
<String CONTENT="22," HEIGHT="46" WIDTH="71" VPOS="2041" HPOS="505"/>
<SP HEIGHT="44" WIDTH="29" VPOS="2043" HPOS="577"/>
<String CS="1" CONTENT="1933;"/>
<SP HEIGHT="40" WIDTH="31" VPOS="2041" HPOS="748"/>
<!-- cceid 4AEF259D-6CF9-1014-A6CF-A82867D68027 --><String CONTENT="A" HEIGHT="39" WIDTH="40" VPOS="2041" HPOS="780"/>
<SP HEIGHT="39" WIDTH="28" VPOS="2041" HPOS="821"/>
<String CONTENT="ad" HEIGHT="37" WIDTH="61" VPOS="2042" HPOS="850"/>
<SP HEIGHT="38" WIDTH="30" VPOS="2041" HPOS="912"/>
<String CONTENT="int." HEIGHT="39" WIDTH="84" VPOS="2041" HPOS="943"/>
<SP HEIGHT="37" WIDTH="31" VPOS="2042" HPOS="1028"/>
<String CONTENT="18531;" HEIGHT="47" WIDTH="171" VPOS="2040" HPOS="1060"/>
<SP HEIGHT="38" WIDTH="31" VPOS="2050" HPOS="1232"/>
<String CONTENT="pubd." HEIGHT="47" WIDTH="141" VPOS="2041" HPOS="1264"/>
<SP HEIGHT="38" WIDTH="31" VPOS="2041" HPOS="1406"/>
<String CONTENT="Nov." HEIGHT="39" WIDTH="118" VPOS="2041" HPOS="1438"/>
<SP HEIGHT="39" WIDTH="31" VPOS="2041" HPOS="1557"/>
<String CONTENT="13;" HEIGHT="46" WIDTH="80" VPOS="2041" HPOS="1589"/>
<SP HEIGHT="46" WIDTH="35" VPOS="2041" HPOS="1670"/>
<String CONTENT="Carriers" HEIGHT="40" WIDTH="221" VPOS="2041" HPOS="1706"/>
<SP HEIGHT="37" WIDTH="31" VPOS="2051" HPOS="1928"/>
<String CONTENT="pub." HEIGHT="47" WIDTH="107" VPOS="2041" HPOS="1960"/>
<SP HEIGHT="29" WIDTH="32" VPOS="2050" HPOS="2068"/>
<String CONTENT="co.," HEIGHT="38" WIDTH="81" VPOS="2047" HPOS="2101"/>
</TextLine>
<TextLine HEIGHT="47" WIDTH="406" VPOS="2098" HPOS="252">
<String CONTENT="ltd." HEIGHT="39" WIDTH="86" VPOS="2099" HPOS="252"/>
<SP HEIGHT="47" WIDTH="69" VPOS="2098" HPOS="339"/>
<String CONTENT="(34-1872)" HEIGHT="47" WIDTH="249" VPOS="2098" HPOS="409"/>
</TextLine>
<TextLine HEIGHT="64" WIDTH="675" VPOS="2189" HPOS="188" STYLEREFS="StyleId-1371F941-B48E-47F7-9F4B-2C23D2BEC15B-">
<String LANG="de" CONTENT="Gebhardt," HEIGHT="64" WIDTH="321" VPOS="2189" HPOS="188"/>
<SP HEIGHT="63" WIDTH="28" VPOS="2190" HPOS="510"/>
<String LANG="en-US" CONTENT="Hermann." HEIGHT="54" WIDTH="324" VPOS="2190" HPOS="539"/>
</TextLine>
<TextLine HEIGHT="69" WIDTH="1930" VPOS="2266" HPOS="257" STYLEREFS="StyleId-DE4F29FC-3F2F-4EF1-82A2-5743AF7E3A26-" LANG="de">
<String CONTENT="Das" HEIGHT="52" WIDTH="118" VPOS="2266" HPOS="257"/>
<SP HEIGHT="51" WIDTH="24" VPOS="2267" HPOS="376"/>
<String CONTENT="buch" HEIGHT="51" WIDTH="145" VPOS="2267" HPOS="401"/>
<SP HEIGHT="51" WIDTH="24" VPOS="2267" HPOS="547"/>
<String CONTENT="von" HEIGHT="35" WIDTH="109" VPOS="2284" HPOS="572"/>
<SP HEIGHT="52" WIDTH="25" VPOS="2266" HPOS="682"/>
<String CONTENT="der" HEIGHT="52" WIDTH="98" VPOS="2266" HPOS="708"/>
<SP HEIGHT="51" WIDTH="23" VPOS="2267" HPOS="807"/>
<String CONTENT="deutsch-v&#246;lkisch-christlichen" HEIGHT="53" WIDTH="938" VPOS="2266" HPOS="831"/>
<SP HEIGHT="33" WIDTH="24" VPOS="2285" HPOS="1770"/>
<String LANG="en-US" CONTENT="religion," HEIGHT="68" WIDTH="261" VPOS="2267" HPOS="1795"/>
<SP HEIGHT="48" WIDTH="19" VPOS="2285" HPOS="2057"/>
<String CONTENT="von" HEIGHT="33" WIDTH="110" VPOS="2285" HPOS="2077"/>
</TextLine>
<TextLine HEIGHT="67" WIDTH="1998" VPOS="2345" HPOS="189" STYLEREFS="StyleId-DE4F29FC-3F2F-4EF1-82A2-5743AF7E3A26-" CS="1">
<String LANG="en-US" CONTENT="professor" HEIGHT="67" WIDTH="288" VPOS="2345" HPOS="189"/>
<SP HEIGHT="50" WIDTH="15" VPOS="2346" HPOS="478"/>
<String LANG="en-US" CS="1" CONTENT="lic." HEIGHT="52" WIDTH="67" VPOS="2345" HPOS="531"/>
<SP HEIGHT="52" WIDTH="30" VPOS="2345" HPOS="599"/>
<String LANG="en-US" CONTENT="dr." HEIGHT="52" WIDTH="85" VPOS="2345" HPOS="630"/>
<SP HEIGHT="52" WIDTH="29" VPOS="2345" HPOS="716"/>
<String LANG="en-US" CONTENT="Hermann" HEIGHT="52" WIDTH="297" VPOS="2345" HPOS="746"/>
<SP HEIGHT="54" WIDTH="32" VPOS="2345" HPOS="1044"/>
<String LANG="de" CONTENT="Gebhardt." HEIGHT="54" WIDTH="315" VPOS="2345" HPOS="1077"/>
<SP HEIGHT="51" WIDTH="65" VPOS="2347" HPOS="1393"/>
<String LANG="en-US" CONTENT="Breslau," HEIGHT="66" WIDTH="258" VPOS="2346" HPOS="1459"/>
<SP HEIGHT="66" WIDTH="28" VPOS="2346" HPOS="1718"/>
<String LANG="en-US" CONTENT="F." HEIGHT="52" WIDTH="66" VPOS="2346" HPOS="1747"/>
<SP HEIGHT="53" WIDTH="29" VPOS="2345" HPOS="1814"/>
<String LANG="de" CONTENT="Hirt," HEIGHT="67" WIDTH="159" VPOS="2345" HPOS="1844"/>
<SP HEIGHT="64" WIDTH="30" VPOS="2348" HPOS="2004"/>
<String LANG="en-US" CONTENT="1934." HEIGHT="51" WIDTH="152" VPOS="2347" HPOS="2035"/>
</TextLine>
<TextLine HEIGHT="52" WIDTH="466" VPOS="2416" HPOS="259" STYLEREFS="StyleId-DE4F29FC-3F2F-4EF1-82A2-5743AF7E3A26-" CS="1">
<String CONTENT="175," HEIGHT="46" WIDTH="97" VPOS="2418" HPOS="259"/>
<SP HEIGHT="30" WIDTH="35" VPOS="2438" HPOS="357"/>
<String CONTENT="[1]" HEIGHT="49" WIDTH="53" VPOS="2419" HPOS="393"/>
<SP HEIGHT="38" WIDTH="29" VPOS="2429" HPOS="447"/>
<String CONTENT="p." HEIGHT="37" WIDTH="43" VPOS="2429" HPOS="477"/>
<SP HEIGHT="42" WIDTH="59" VPOS="2416" HPOS="521"/>
<String CS="1" CONTENT="21&#189;" HEIGHT="41" WIDTH="54" VPOS="2416" HPOS="581"/>
<String STYLE="superscript" CONTENT="cm" HEIGHT="21" WIDTH="43" VPOS="2420" HPOS="669"/>
<String CONTENT="." HEIGHT="8" WIDTH="8" VPOS="2450" HPOS="717"/>
</TextLine>
<TextLine HEIGHT="52" WIDTH="1829" VPOS="2472" HPOS="189" CS="1">
<String CONTENT="&#169;" HEIGHT="52" WIDTH="50" VPOS="2472" HPOS="189"/>
<SP HEIGHT="52" WIDTH="29" VPOS="2472" HPOS="240"/>
<String CONTENT="Nov." HEIGHT="38" WIDTH="117" VPOS="2478" HPOS="270"/>
<SP HEIGHT="39" WIDTH="27" VPOS="2477" HPOS="388"/>
<String CONTENT="20," HEIGHT="46" WIDTH="68" VPOS="2477" HPOS="416"/>
<SP HEIGHT="44" WIDTH="28" VPOS="2479" HPOS="485"/>
<String CONTENT="1933;" HEIGHT="46" WIDTH="139" VPOS="2476" HPOS="514"/>
<SP/>
<String CS="1" CONTENT="1c."/>
<SP/>
<String CONTENT="Dec." HEIGHT="39" WIDTH="111" VPOS="2477" HPOS="782"/>
<SP HEIGHT="37" WIDTH="28" VPOS="2479" HPOS="894"/>
<String CONTENT="12;" HEIGHT="46" WIDTH="81" VPOS="2476" HPOS="923"/>
<SP HEIGHT="46" WIDTH="30" VPOS="2476" HPOS="1005"/>
<!-- cceid 4AEF2D00-6CF9-1014-A6CF-A82867D68027 --><String CONTENT="A-Foreign" HEIGHT="48" WIDTH="311" VPOS="2476" HPOS="1036"/>
<SP HEIGHT="38" WIDTH="28" VPOS="2478" HPOS="1348"/>
<String CONTENT="22913;" HEIGHT="47" WIDTH="170" VPOS="2476" HPOS="1377"/>
<SP HEIGHT="46" WIDTH="31" VPOS="2477" HPOS="1548"/>
<String CONTENT="Ferdinand" HEIGHT="40" WIDTH="280" VPOS="2476" HPOS="1580"/>
<SP HEIGHT="40" WIDTH="28" VPOS="2476" HPOS="1861"/>
<String LANG="de" CONTENT="Hirt." HEIGHT="42" WIDTH="128" VPOS="2476" HPOS="1890"/>
</TextLine>
<TextLine HEIGHT="48" WIDTH="249" VPOS="2534" HPOS="267">
<String CONTENT="(34-1375)" HEIGHT="48" WIDTH="249" VPOS="2534" HPOS="267"/>
</TextLine>
<TextLine HEIGHT="68" WIDTH="818" VPOS="2622" HPOS="191" STYLEREFS="StyleId-1371F941-B48E-47F7-9F4B-2C23D2BEC15B-" CS="1">
<String LANG="de" CONTENT="Ger" HEIGHT="53" WIDTH="115" VPOS="2622" HPOS="191"/>
<String CS="1" CONTENT="&#246;"/>
<String LANG="de" CONTENT="," HEIGHT="22" WIDTH="13" VPOS="2666" HPOS="346"/>
<SP HEIGHT="62" WIDTH="31" VPOS="2626" HPOS="360"/>
<String CONTENT="Katalin," HEIGHT="65" WIDTH="259" VPOS="2625" HPOS="392"/>
<SP HEIGHT="61" WIDTH="32" VPOS="2629" HPOS="652"/>
<String CONTENT="1853-1933." HEIGHT="50" WIDTH="324" VPOS="2628" HPOS="685"/>
</TextLine>
<TextLine HEIGHT="70" WIDTH="1745" VPOS="2702" HPOS="321" STYLEREFS="StyleId-DE4F29FC-3F2F-4EF1-82A2-5743AF7E3A26-" CS="1">
<String LANG="en-US" CS="1" CONTENT="&#8230;"/>
<SP HEIGHT="52" WIDTH="36" VPOS="2703" HPOS="321"/>
<String LANG="de" CONTENT="Erf&#252;lltes" HEIGHT="53" WIDTH="286" VPOS="2702" HPOS="358"/>
<SP HEIGHT="50" WIDTH="28" VPOS="2705" HPOS="645"/>
<String LANG="de" CONTENT="leben." HEIGHT="53" WIDTH="178" VPOS="2702" HPOS="674"/>
<SP HEIGHT="52" WIDTH="64" VPOS="2703" HPOS="853"/>
<String LANG="en-US" CONTENT="Leipzig," HEIGHT="68" WIDTH="258" VPOS="2703" HPOS="918"/>
<SP HEIGHT="66" WIDTH="32" VPOS="2704" HPOS="1177"/>
<String LANG="en-US" CONTENT="Koehler" HEIGHT="53" WIDTH="249" VPOS="2703" HPOS="1210"/>
<SP HEIGHT="49" WIDTH="30" VPOS="2707" HPOS="1460"/>
<String LANG="en-US" CONTENT="&amp;" HEIGHT="49" WIDTH="45" VPOS="2707" HPOS="1491"/>
<SP HEIGHT="52" WIDTH="32" VPOS="2704" HPOS="1537"/>
<String LANG="en-US" CONTENT="Amelang" HEIGHT="68" WIDTH="285" VPOS="2704" HPOS="1570"/>
<SP HEIGHT="49" WIDTH="36" VPOS="2723" HPOS="1856"/>
<String STYLE="subscript" LANG="en-US" CONTENT="[" HEIGHT="34" WIDTH="12" VPOS="2737" HPOS="1893"/>
<String STYLE="superscript" LANG="en-US" CONTENT="c" HEIGHT="20" WIDTH="17" VPOS="2711" HPOS="1911"/>
<String LANG="en-US" CS="1" CONTENT="1933]" HEIGHT="48" WIDTH="131" VPOS="2708" HPOS="1935"/>
</TextLine>
<TextLine HEIGHT="51" WIDTH="895" VPOS="2774" HPOS="259" CS="1">
<String CONTENT="386," HEIGHT="49" WIDTH="100" VPOS="2774" HPOS="259"/>
<SP HEIGHT="29" WIDTH="36" VPOS="2796" HPOS="360"/>
<String CONTENT="[1]" HEIGHT="47" WIDTH="54" VPOS="2778" HPOS="397"/>
<SP HEIGHT="38" WIDTH="33" VPOS="2787" HPOS="452"/>
<String CONTENT="p." HEIGHT="37" WIDTH="43" VPOS="2787" HPOS="486"/>
<SP HEIGHT="39" WIDTH="58" VPOS="2776" HPOS="530"/>
<String CS="1" CONTENT="front."/>
<SP HEIGHT="45" WIDTH="29" VPOS="2778" HPOS="739"/>
<String CONTENT="(port.)" HEIGHT="48" WIDTH="169" VPOS="2776" HPOS="769"/>
<SP HEIGHT="47" WIDTH="68" VPOS="2776" HPOS="939"/>
<String CS="1" CONTENT="22&#189;" HEIGHT="39" WIDTH="55" VPOS="2776" HPOS="1008"/>
<String STYLE="superscript" CONTENT="cm" HEIGHT="20" WIDTH="43" VPOS="2779" HPOS="1098"/>
<String CONTENT="." HEIGHT="8" WIDTH="8" VPOS="2809" HPOS="1146"/>
</TextLine>
<TextLine HEIGHT="42" WIDTH="930" VPOS="2833" HPOS="263">
<String LANG="en-US" CONTENT="At" HEIGHT="40" WIDTH="61" VPOS="2834" HPOS="263"/>
<SP HEIGHT="39" WIDTH="25" VPOS="2835" HPOS="325"/>
<String LANG="en-US" CONTENT="head" HEIGHT="39" WIDTH="124" VPOS="2834" HPOS="351"/>
<SP HEIGHT="39" WIDTH="27" VPOS="2834" HPOS="476"/>
<String LANG="en-US" CONTENT="of" HEIGHT="40" WIDTH="51" VPOS="2833" HPOS="504"/>
<SP HEIGHT="41" WIDTH="22" VPOS="2833" HPOS="556"/>
<String LANG="en-US" CONTENT="title:" HEIGHT="40" WIDTH="135" VPOS="2834" HPOS="579"/>
<SP HEIGHT="40" WIDTH="30" VPOS="2833" HPOS="715"/>
<String LANG="de" CONTENT="Katharina" HEIGHT="41" WIDTH="277" VPOS="2833" HPOS="746"/>
<SP HEIGHT="38" WIDTH="30" VPOS="2836" HPOS="1024"/>
<String LANG="de" CONTENT="Gero." HEIGHT="39" WIDTH="138" VPOS="2836" HPOS="1055"/>
</TextLine>
<TextLine HEIGHT="48" WIDTH="510" VPOS="2892" HPOS="261">
<String CONTENT="An" HEIGHT="39" WIDTH="73" VPOS="2892" HPOS="261"/>
<SP HEIGHT="30" WIDTH="35" VPOS="2902" HPOS="335"/>
<String CONTENT="autobiography." HEIGHT="48" WIDTH="400" VPOS="2892" HPOS="371"/>
</TextLine>
<TextLine HEIGHT="52" WIDTH="1995" VPOS="2947" HPOS="194" CS="1">
<String CONTENT="&#169;" HEIGHT="51" WIDTH="51" VPOS="2947" HPOS="194"/>
<SP HEIGHT="51" WIDTH="33" VPOS="2947" HPOS="246"/>
<String CONTENT="Sept." HEIGHT="48" WIDTH="126" VPOS="2951" HPOS="280"/>
<SP HEIGHT="39" WIDTH="31" VPOS="2952" HPOS="407"/>
<String CONTENT="14," HEIGHT="45" WIDTH="67" VPOS="2952" HPOS="439"/>
<SP HEIGHT="46" WIDTH="31" VPOS="2951" HPOS="507"/>
<String CONTENT="1933;" HEIGHT="42" WIDTH="139" VPOS="2950" HPOS="539"/>
<SP/>
<String CS="1" CONTENT="1c."/>
<SP/>
<String CONTENT="Nov." HEIGHT="40" WIDTH="116" VPOS="2950" HPOS="813"/>
<SP HEIGHT="39" WIDTH="30" VPOS="2951" HPOS="930"/>
<String CS="1" CONTENT="21;" HEIGHT="37" WIDTH="50" VPOS="2951" HPOS="961"/>
<SP HEIGHT="40" WIDTH="34" VPOS="2950" HPOS="1044"/>
<!-- cceid 4AEF338F-6CF9-1014-A6CF-A82867D68027 --><String CONTENT="A-Foreign" HEIGHT="46" WIDTH="311" VPOS="2950" HPOS="1079"/>
<SP HEIGHT="38" WIDTH="30" VPOS="2951" HPOS="1391"/>
<String CONTENT="22781;" HEIGHT="47" WIDTH="170" VPOS="2950" HPOS="1422"/>
<SP HEIGHT="45" WIDTH="35" VPOS="2952" HPOS="1593"/>
<String CONTENT="Koehler" HEIGHT="39" WIDTH="210" VPOS="2952" HPOS="1629"/>
<SP HEIGHT="39" WIDTH="33" VPOS="2952" HPOS="1840"/>
<String CONTENT="&amp;" HEIGHT="39" WIDTH="35" VPOS="2952" HPOS="1874"/>
<SP HEIGHT="39" WIDTH="31" VPOS="2952" HPOS="1910"/>
<String CONTENT="Amelang." HEIGHT="46" WIDTH="247" VPOS="2952" HPOS="1942"/>
</TextLine>
<TextLine HEIGHT="49" WIDTH="249" VPOS="3008" HPOS="269">
<String CONTENT="(34-1216)" HEIGHT="49" WIDTH="249" VPOS="3008" HPOS="269"/>
</TextLine>
<TextLine HEIGHT="65" WIDTH="800" VPOS="3083" HPOS="195" STYLEREFS="StyleId-1371F941-B48E-47F7-9F4B-2C23D2BEC15B-">
<String CONTENT="Goggins," HEIGHT="64" WIDTH="280" VPOS="3084" HPOS="195"/>
<SP HEIGHT="62" WIDTH="27" VPOS="3086" HPOS="476"/>
<String CONTENT="Ralph" HEIGHT="64" WIDTH="190" VPOS="3084" HPOS="504"/>
<SP HEIGHT="52" WIDTH="29" VPOS="3084" HPOS="695"/>
<String CONTENT="Damian." HEIGHT="56" WIDTH="270" VPOS="3083" HPOS="725"/>
</TextLine>
<TextLine HEIGHT="146" WIDTH="1969" VPOS="3160" HPOS="196" STYLEREFS="StyleId-DE4F29FC-3F2F-4EF1-82A2-5743AF7E3A26-" CS="1">
<String CONTENT="Toward" HEIGHT="54" WIDTH="242" VPOS="3160" HPOS="265"/>
<SP HEIGHT="52" WIDTH="40" VPOS="3162" HPOS="508"/>
<String CONTENT="the" HEIGHT="53" WIDTH="93" VPOS="3162" HPOS="549"/>
<SP HEIGHT="34" WIDTH="36" VPOS="3181" HPOS="643"/>
<String CONTENT="clerical-religious" HEIGHT="69" WIDTH="524" VPOS="3161" HPOS="680"/>
<SP HEIGHT="51" WIDTH="34" VPOS="3164" HPOS="1205"/>
<String CONTENT="life;" HEIGHT="67" WIDTH="135" VPOS="3162" HPOS="1240"/>
<SP HEIGHT="47" WIDTH="39" VPOS="3182" HPOS="1376"/>
<String CONTENT="a" HEIGHT="33" WIDTH="30" VPOS="3182" HPOS="1416"/>
<SP HEIGHT="33" WIDTH="34" VPOS="3182" HPOS="1447"/>
<String CONTENT="sketch" HEIGHT="53" WIDTH="194" VPOS="3162" HPOS="1482"/>
<SP HEIGHT="54" WIDTH="38" VPOS="3162" HPOS="1677"/>
<String CONTENT="of" HEIGHT="54" WIDTH="63" VPOS="3162" HPOS="1716"/>
<SP HEIGHT="53" WIDTH="33" VPOS="3162" HPOS="1780"/>
<String CONTENT="the" HEIGHT="53" WIDTH="94" VPOS="3163" HPOS="1814"/>
<SP HEIGHT="33" WIDTH="35" VPOS="3183" HPOS="1909"/>
<String CONTENT="requirements," HEIGHT="144" WIDTH="1969" VPOS="3162" HPOS="196"/>
</TextLine>
<TextLine HEIGHT="66" WIDTH="1755" VPOS="3240" HPOS="435" STYLEREFS="StyleId-DE4F29FC-3F2F-4EF1-82A2-5743AF7E3A26-">
<String CONTENT="life," HEIGHT="66" WIDTH="122" VPOS="3240" HPOS="435"/>
<SP HEIGHT="47" WIDTH="44" VPOS="3259" HPOS="558"/>
<String CONTENT="and" HEIGHT="51" WIDTH="112" VPOS="3241" HPOS="603"/>
<SP HEIGHT="51" WIDTH="40" VPOS="3241" HPOS="716"/>
<String CONTENT="labors" HEIGHT="52" WIDTH="188" VPOS="3240" HPOS="757"/>
<SP HEIGHT="34" WIDTH="43" VPOS="3259" HPOS="946"/>
<String CONTENT="of" HEIGHT="53" WIDTH="63" VPOS="3240" HPOS="990"/>
<SP HEIGHT="52" WIDTH="40" VPOS="3240" HPOS="1054"/>
<String CONTENT="the" HEIGHT="51" WIDTH="96" VPOS="3241" HPOS="1095"/>
<SP HEIGHT="47" WIDTH="43" VPOS="3259" HPOS="1192"/>
<String CONTENT="priesthood" HEIGHT="65" WIDTH="329" VPOS="3241" HPOS="1236"/>
<SP HEIGHT="52" WIDTH="41" VPOS="3241" HPOS="1566"/>
<String CONTENT="in" HEIGHT="51" WIDTH="59" VPOS="3241" HPOS="1608"/>
<SP HEIGHT="45" WIDTH="41" VPOS="3248" HPOS="1668"/>
<String CONTENT="the" HEIGHT="52" WIDTH="95" VPOS="3241" HPOS="1710"/>
<SP HEIGHT="51" WIDTH="40" VPOS="3241" HPOS="1806"/>
<String CONTENT="Dominican" HEIGHT="53" WIDTH="343" VPOS="3241" HPOS="1847"/>
</TextLine>
<TextLine HEIGHT="69" WIDTH="1998" VPOS="3318" HPOS="197" STYLEREFS="StyleId-DE4F29FC-3F2F-4EF1-82A2-5743AF7E3A26-" CS="1">
<String CONTENT="order," HEIGHT="66" WIDTH="182" VPOS="3318" HPOS="197"/>
<SP HEIGHT="66" WIDTH="32" VPOS="3318" HPOS="380"/>
<String CONTENT="by" HEIGHT="68" WIDTH="74" VPOS="3318" HPOS="413"/>
<SP HEIGHT="68" WIDTH="30" VPOS="3318" HPOS="488"/>
<String CONTENT="Ralph" HEIGHT="67" WIDTH="194" VPOS="3318" HPOS="519"/>
<SP HEIGHT="51" WIDTH="32" VPOS="3318" HPOS="714"/>
<String CONTENT="Damian" HEIGHT="51" WIDTH="249" VPOS="3318" HPOS="747"/>
<SP HEIGHT="54" WIDTH="35" VPOS="3318" HPOS="997"/>
<String CONTENT="Goggins" HEIGHT="68" WIDTH="259" VPOS="3318" HPOS="1033"/>
<SP HEIGHT="32" WIDTH="41" VPOS="3338" HPOS="1293"/>
<String CS="1" CONTENT="&#8230;"/>
<SP HEIGHT="32" WIDTH="37" VPOS="3338" HPOS="1393"/>
<String CONTENT="with" HEIGHT="51" WIDTH="138" VPOS="3319" HPOS="1431"/>
<SP HEIGHT="51" WIDTH="35" VPOS="3319" HPOS="1570"/>
<String CONTENT="a" HEIGHT="33" WIDTH="31" VPOS="3337" HPOS="1606"/>
<SP HEIGHT="49" WIDTH="31" VPOS="3337" HPOS="1638"/>
<String CONTENT="preface" HEIGHT="68" WIDTH="230" VPOS="3318" HPOS="1670"/>
<SP HEIGHT="52" WIDTH="33" VPOS="3320" HPOS="1901"/>
<String CONTENT="by" HEIGHT="67" WIDTH="74" VPOS="3320" HPOS="1935"/>
<SP HEIGHT="67" WIDTH="31" VPOS="3320" HPOS="2010"/>
<String CONTENT="Most" HEIGHT="52" WIDTH="153" VPOS="3320" HPOS="2042"/>
</TextLine>
<TextLine HEIGHT="68" WIDTH="1996" VPOS="3395" HPOS="195" STYLEREFS="StyleId-DE4F29FC-3F2F-4EF1-82A2-5743AF7E3A26-" CS="1">
<String CONTENT="Reverend" HEIGHT="53" WIDTH="294" VPOS="3395" HPOS="195"/>
<SP HEIGHT="52" WIDTH="31" VPOS="3396" HPOS="490"/>
<String CONTENT="Martin" HEIGHT="52" WIDTH="219" VPOS="3396" HPOS="522"/>
<SP HEIGHT="55" WIDTH="29" VPOS="3395" HPOS="742"/>
<String CONTENT="Stanislaus" HEIGHT="55" WIDTH="321" VPOS="3395" HPOS="772"/>
<SP HEIGHT="54" WIDTH="30" VPOS="3396" HPOS="1094"/>
<String CONTENT="Gillet" HEIGHT="54" WIDTH="178" VPOS="3396" HPOS="1125"/>
<SP HEIGHT="46" WIDTH="38" VPOS="3403" HPOS="1304"/>
<String CS="1" CONTENT="&#8230;"/>
<SP HEIGHT="51" WIDTH="68" VPOS="3397" HPOS="1398"/>
<String CONTENT="Milwaukee," HEIGHT="66" WIDTH="358" VPOS="3397" HPOS="1467"/>
<SP HEIGHT="64" WIDTH="29" VPOS="3399" HPOS="1826"/>
<String CONTENT="The" HEIGHT="51" WIDTH="120" VPOS="3399" HPOS="1856"/>
<SP HEIGHT="50" WIDTH="31" VPOS="3400" HPOS="1977"/>
<String CONTENT="Bruce" HEIGHT="52" WIDTH="182" VPOS="3400" HPOS="2009"/>
</TextLine>
<TextLine HEIGHT="68" WIDTH="884" VPOS="3473" HPOS="197" STYLEREFS="StyleId-DE4F29FC-3F2F-4EF1-82A2-5743AF7E3A26-" CS="1">
<String CONTENT="publishing" HEIGHT="67" WIDTH="333" VPOS="3473" HPOS="197"/>
<SP HEIGHT="47" WIDTH="36" VPOS="3493" HPOS="531"/>
<String CONTENT="company" HEIGHT="49" WIDTH="278" VPOS="3492" HPOS="568"/>
<SP HEIGHT="47" WIDTH="41" VPOS="3493" HPOS="847"/>
<String CS="1" CONTENT="["/>
<String STYLE="superscript" CONTENT="c" HEIGHT="20" WIDTH="17" VPOS="3480" HPOS="907"/>
<String CONTENT="1933]" HEIGHT="64" WIDTH="151" VPOS="3476" HPOS="930"/>
</TextLine>
<TextLine HEIGHT="50" WIDTH="896" VPOS="3544" HPOS="267" STYLEREFS="StyleId-DE4F29FC-3F2F-4EF1-82A2-5743AF7E3A26-" CS="1">
<String CONTENT="xii," HEIGHT="48" WIDTH="84" VPOS="3545" HPOS="267"/>
<SP HEIGHT="46" WIDTH="29" VPOS="3547" HPOS="352"/>
<String CONTENT="140" HEIGHT="39" WIDTH="83" VPOS="3546" HPOS="382"/>
<SP HEIGHT="48" WIDTH="25" VPOS="3546" HPOS="466"/>
<String CONTENT="p." HEIGHT="37" WIDTH="42" VPOS="3557" HPOS="492"/>
<SP HEIGHT="40" WIDTH="59" VPOS="3545" HPOS="535"/>
<String CONTENT="front.," HEIGHT="45" WIDTH="163" VPOS="3545" HPOS="595"/>
<SP HEIGHT="37" WIDTH="26" VPOS="3557" HPOS="759"/>
<String CONTENT="plates." HEIGHT="48" WIDTH="170" VPOS="3546" HPOS="786"/>
<SP HEIGHT="40" WIDTH="59" VPOS="3544" HPOS="957"/>
<String CS="1" CONTENT="20&#189;" HEIGHT="41" WIDTH="55" VPOS="3544" HPOS="1017"/>
<String STYLE="superscript" CONTENT="cm" HEIGHT="20" WIDTH="42" VPOS="3548" HPOS="1107"/>
<String CONTENT="." HEIGHT="8" WIDTH="8" VPOS="3579" HPOS="1155"/>
</TextLine>
<TextLine HEIGHT="53" WIDTH="1995" VPOS="3601" HPOS="199" CS="1">
<String CONTENT="&#169;" HEIGHT="51" WIDTH="51" VPOS="3601" HPOS="199"/>
<SP HEIGHT="51" WIDTH="26" VPOS="3601" HPOS="251"/>
<String CONTENT="Dec." HEIGHT="38" WIDTH="110" VPOS="3606" HPOS="278"/>
<SP HEIGHT="40" WIDTH="26" VPOS="3604" HPOS="389"/>
<String CONTENT="7," HEIGHT="46" WIDTH="38" VPOS="3604" HPOS="416"/>
<SP HEIGHT="45" WIDTH="26" VPOS="3605" HPOS="455"/>
<String CS="1" CONTENT="1933;" HEIGHT="40" WIDTH="111" VPOS="3603" HPOS="482"/>
<SP HEIGHT="46" WIDTH="27" VPOS="3604" HPOS="622"/>
<String CONTENT="2c." HEIGHT="38" WIDTH="65" VPOS="3604" HPOS="650"/>
<SP HEIGHT="38" WIDTH="27" VPOS="3604" HPOS="716"/>
<String CONTENT="Dec." HEIGHT="38" WIDTH="109" VPOS="3604" HPOS="744"/>
<SP HEIGHT="36" WIDTH="28" VPOS="3606" HPOS="854"/>
<String CS="1" CONTENT="18;" HEIGHT="36" WIDTH="8" VPOS="3614" HPOS="955"/>
<SP HEIGHT="36" WIDTH="25" VPOS="3614" HPOS="964"/>
<String CS="1" CONTENT="aff." HEIGHT="40" WIDTH="47" VPOS="3602" HPOS="1026"/>
<SP HEIGHT="38" WIDTH="28" VPOS="3604" HPOS="1074"/>
<String CONTENT="Dec." HEIGHT="39" WIDTH="111" VPOS="3604" HPOS="1103"/>
<SP HEIGHT="38" WIDTH="27" VPOS="3604" HPOS="1215"/>
<String CONTENT="16;" HEIGHT="47" WIDTH="81" VPOS="3603" HPOS="1243"/>
<SP HEIGHT="45" WIDTH="28" VPOS="3605" HPOS="1325"/>
<!-- cceid 4AEF382B-6CF9-1014-A6CF-A82867D68027 --><String CONTENT="A" HEIGHT="37" WIDTH="41" VPOS="3605" HPOS="1354"/>
<SP HEIGHT="39" WIDTH="25" VPOS="3604" HPOS="1396"/>
<String CONTENT="68523;" HEIGHT="46" WIDTH="169" VPOS="3604" HPOS="1422"/>
<SP HEIGHT="45" WIDTH="29" VPOS="3605" HPOS="1592"/>
<String CONTENT="R." HEIGHT="39" WIDTH="55" VPOS="3605" HPOS="1622"/>
<SP HEIGHT="38" WIDTH="27" VPOS="3606" HPOS="1678"/>
<String CONTENT="D." HEIGHT="39" WIDTH="55" VPOS="3606" HPOS="1706"/>
<SP HEIGHT="40" WIDTH="30" VPOS="3605" HPOS="1762"/>
<String CONTENT="Goggins," HEIGHT="49" WIDTH="222" VPOS="3605" HPOS="1793"/>
<SP HEIGHT="45" WIDTH="30" VPOS="3608" HPOS="2016"/>
<String CONTENT="River" HEIGHT="41" WIDTH="147" VPOS="3606" HPOS="2047"/>
</TextLine>
<TextLine HEIGHT="48" WIDTH="582" VPOS="3660" HPOS="265">
<String CONTENT="Forest," HEIGHT="46" WIDTH="184" VPOS="3661" HPOS="265"/>
<SP HEIGHT="45" WIDTH="31" VPOS="3662" HPOS="450"/>
<String CONTENT="Ill." HEIGHT="38" WIDTH="74" VPOS="3662" HPOS="482"/>
<SP HEIGHT="47" WIDTH="69" VPOS="3661" HPOS="557"/>
<String CONTENT="(34-567)" HEIGHT="48" WIDTH="220" VPOS="3660" HPOS="627"/>
</TextLine>
<TextLine HEIGHT="64" WIDTH="585" VPOS="3737" HPOS="200" STYLEREFS="StyleId-1371F941-B48E-47F7-9F4B-2C23D2BEC15B-">
<String CONTENT="Gould," HEIGHT="64" WIDTH="203" VPOS="3737" HPOS="200"/>
<SP HEIGHT="63" WIDTH="27" VPOS="3738" HPOS="404"/>
<String CONTENT="Medora" HEIGHT="52" WIDTH="240" VPOS="3738" HPOS="432"/>
<SP HEIGHT="53" WIDTH="24" VPOS="3738" HPOS="673"/>
<String CONTENT="W." HEIGHT="54" WIDTH="87" VPOS="3738" HPOS="698"/>
</TextLine>
<TextLine HEIGHT="73" WIDTH="1925" VPOS="3814" HPOS="266" STYLEREFS="StyleId-DE4F29FC-3F2F-4EF1-82A2-5743AF7E3A26-">
<String CONTENT="Good" HEIGHT="54" WIDTH="162" VPOS="3814" HPOS="266"/>
<SP HEIGHT="52" WIDTH="34" VPOS="3815" HPOS="429"/>
<String CONTENT="English" HEIGHT="67" WIDTH="243" VPOS="3814" HPOS="464"/>
<SP HEIGHT="51" WIDTH="35" VPOS="3814" HPOS="708"/>
<String CONTENT="in" HEIGHT="51" WIDTH="57" VPOS="3814" HPOS="744"/>
<SP HEIGHT="45" WIDTH="32" VPOS="3820" HPOS="802"/>
<String CONTENT="the" HEIGHT="52" WIDTH="94" VPOS="3814" HPOS="835"/>
<SP HEIGHT="34" WIDTH="34" VPOS="3832" HPOS="930"/>
<String CONTENT="rhythmic" HEIGHT="66" WIDTH="288" VPOS="3814" HPOS="965"/>
<SP HEIGHT="34" WIDTH="33" VPOS="3832" HPOS="1254"/>
<String CONTENT="way;" HEIGHT="49" WIDTH="153" VPOS="3832" HPOS="1288"/>
<SP HEIGHT="47" WIDTH="36" VPOS="3834" HPOS="1442"/>
<String CONTENT="one" HEIGHT="33" WIDTH="103" VPOS="3834" HPOS="1479"/>
<SP HEIGHT="52" WIDTH="31" VPOS="3815" HPOS="1583"/>
<String CONTENT="hundred" HEIGHT="55" WIDTH="260" VPOS="3815" HPOS="1615"/>
<SP HEIGHT="52" WIDTH="35" VPOS="3818" HPOS="1876"/>
<String CONTENT="and" HEIGHT="51" WIDTH="111" VPOS="3820" HPOS="1912"/>
<SP HEIGHT="53" WIDTH="32" VPOS="3818" HPOS="2024"/>
<String CONTENT="fifty" HEIGHT="69" WIDTH="134" VPOS="3818" HPOS="2057"/>
</TextLine>
<TextLine HEIGHT="71" WIDTH="1996" VPOS="3890" HPOS="197" STYLEREFS="StyleId-DE4F29FC-3F2F-4EF1-82A2-5743AF7E3A26-" CS="1">
<String CONTENT="rimes" HEIGHT="53" WIDTH="166" VPOS="3892" HPOS="197"/>
<SP HEIGHT="34" WIDTH="29" VPOS="3911" HPOS="364"/>
<String CONTENT="correcting" HEIGHT="67" WIDTH="317" VPOS="3892" HPOS="394"/>
<SP HEIGHT="50" WIDTH="30" VPOS="3909" HPOS="712"/>
<String CONTENT="errors" HEIGHT="33" WIDTH="182" VPOS="3909" HPOS="743"/>
<SP HEIGHT="51" WIDTH="30" VPOS="3892" HPOS="926"/>
<String CONTENT="in" HEIGHT="51" WIDTH="59" VPOS="3892" HPOS="957"/>
<SP HEIGHT="34" WIDTH="28" VPOS="3910" HPOS="1017"/>
<String CONTENT="speech," HEIGHT="68" WIDTH="220" VPOS="3890" HPOS="1046"/>
<SP HEIGHT="47" WIDTH="30" VPOS="3910" HPOS="1267"/>
<String CONTENT="copyright" HEIGHT="68" WIDTH="307" VPOS="3892" HPOS="1298"/>
<SP HEIGHT="48" WIDTH="32" VPOS="3898" HPOS="1606"/>
<String CS="1" CONTENT="&#8230;"/>
<SP HEIGHT="52" WIDTH="34" VPOS="3894" HPOS="1695"/>
<String CONTENT="by" HEIGHT="67" WIDTH="75" VPOS="3894" HPOS="1730"/>
<SP HEIGHT="66" WIDTH="29" VPOS="3895" HPOS="1806"/>
<String CONTENT="Medora" HEIGHT="55" WIDTH="238" VPOS="3895" HPOS="1836"/>
<SP HEIGHT="54" WIDTH="28" VPOS="3897" HPOS="2075"/>
<String CONTENT="W." HEIGHT="54" WIDTH="89" VPOS="3897" HPOS="2104"/>
</TextLine>
<TextLine HEIGHT="68" WIDTH="1364" VPOS="3968" HPOS="197" STYLEREFS="StyleId-DE4F29FC-3F2F-4EF1-82A2-5743AF7E3A26-">
<String CONTENT="Gould." HEIGHT="54" WIDTH="207" VPOS="3969" HPOS="197"/>
<SP HEIGHT="32" WIDTH="78" VPOS="4003" HPOS="405"/>
<String CONTENT="[Boston," HEIGHT="64" WIDTH="251" VPOS="3971" HPOS="484"/>
<SP HEIGHT="57" WIDTH="28" VPOS="3970" HPOS="736"/>
<String CONTENT="The" HEIGHT="52" WIDTH="121" VPOS="3969" HPOS="765"/>
<SP HEIGHT="51" WIDTH="26" VPOS="3970" HPOS="887"/>
<String CONTENT="Lavalle" HEIGHT="53" WIDTH="235" VPOS="3968" HPOS="914"/>
<SP HEIGHT="48" WIDTH="28" VPOS="3988" HPOS="1150"/>
<String CONTENT="press]" HEIGHT="49" WIDTH="172" VPOS="3987" HPOS="1179"/>
<SP HEIGHT="59" WIDTH="35" VPOS="3977" HPOS="1352"/>
<String STYLE="superscript" CONTENT="c" HEIGHT="20" WIDTH="17" VPOS="3977" HPOS="1388"/>
<String CONTENT="1933." HEIGHT="51" WIDTH="150" VPOS="3973" HPOS="1411"/>
</TextLine>
</TextBlock>
</PrintSpace>
</Page>
</Layout>
</alto>