<alto xmlns="http://www.loc.gov/standards/alto/ns-v3#" xmlns:xsi="http://www.w3.org/2001/XMLSchema-instance" xsi:schemaLocation="http://www.loc.gov/standards/alto/ns-v3# http://www.loc.gov/alto/v3/alto-3-0.xsd"><Description>
<MeasurementUnit>pixel</MeasurementUnit>
<sourceImageInformation>
<fileName>1933_v1_Part1.pdf</fileName>
</sourceImageInformation>
<OCRProcessing ID="IdOcr">
<ocrProcessingStep>
<processingDateTime>2019-01-03</processingDateTime>
<processingSoftware>
<softwareCreator>ABBYY</softwareCreator>
<softwareName>ABBYY Recognition Server</softwareName>
<softwareVersion>4.0</softwareVersion>
</processingSoftware>
</ocrProcessingStep>
</OCRProcessing>
</Description>
<Styles>
<ParagraphStyle ALIGN="Left" FIRSTLINE="0." ID="StyleId-FFFFFFFF-FFFF-FFFF-FFFF-FFFFFFFFFFFF-" LEFT="0." RIGHT="0." />
<ParagraphStyle ALIGN="Left" FIRSTLINE="0." ID="StyleId-6EF5737A-DCEB-4126-A0CF-C5930BF7166A-" LEFT="0." LINESPACE="8.300000191" RIGHT="0." />
<ParagraphStyle ALIGN="Left" FIRSTLINE="0." ID="StyleId-2DE44258-FD0B-41E1-B542-087C989B01A3-" LEFT="0." LINESPACE="12.19999981" RIGHT="0." />
<ParagraphStyle ALIGN="Left" FIRSTLINE="-14." ID="StyleId-CE3D254A-29D7-4DD7-B5F1-E0FC0EF29B05-" LEFT="0." LINESPACE="8.619999886" RIGHT="0." />
<ParagraphStyle ALIGN="Left" FIRSTLINE="-14." ID="StyleId-C0E3A137-CE4F-4287-8A90-B599106709D0-" LEFT="0." LINESPACE="12.19999981" RIGHT="0." />
<ParagraphStyle ALIGN="Left" FIRSTLINE="-14." ID="StyleId-50F26F0C-05DA-4C19-BA58-7A6AC4499BEE-" LEFT="0." LINESPACE="11.06999969" RIGHT="0." />
<ParagraphStyle ALIGN="Center" FIRSTLINE="0." ID="StyleId-5DDE65AF-512C-41E2-9B8E-095D6D99EF68-" LEFT="0." LINESPACE="11.89999962" RIGHT="0." />
<ParagraphStyle ALIGN="Left" FIRSTLINE="0." ID="StyleId-0A81D7A5-6A62-4C52-915E-7768974C704D-" LEFT="0." LINESPACE="9.399999619" RIGHT="0." />
<ParagraphStyle ALIGN="Block" FIRSTLINE="-13." ID="StyleId-F7A0127F-6B48-4157-BB81-FE33E1E1A05B-" LEFT="0." LINESPACE="10.63000011" RIGHT="0." />
<ParagraphStyle ALIGN="Left" FIRSTLINE="0." ID="StyleId-E18C69F7-DBD7-48B1-805C-FCD96D0DA019-" LEFT="0." LINESPACE="11.64000034" RIGHT="0." />
<ParagraphStyle ALIGN="Left" FIRSTLINE="-14." ID="StyleId-98F15501-B611-4E83-8BB3-807E891F11F5-" LEFT="0." LINESPACE="12.19999981" RIGHT="0." />
<ParagraphStyle ALIGN="Left" FIRSTLINE="0." ID="StyleId-F4A78626-0BBC-4D12-94D9-A1AE75A9855F-" LEFT="0." LINESPACE="9.399999619" RIGHT="0." />
<ParagraphStyle ALIGN="Left" FIRSTLINE="0." ID="StyleId-6A3F6F4C-D21B-4ADE-902F-7683F18ECEF3-" LEFT="0." LINESPACE="11.10000038" RIGHT="0." />
</Styles>
<Layout>
<Page HEIGHT="4453" ID="Page600" PHYSICAL_IMG_NR="600" WIDTH="2582">
<TopMargin HEIGHT="460" HPOS="0" VPOS="0" WIDTH="2582">
</TopMargin>
<LeftMargin HEIGHT="3654" HPOS="0" VPOS="460" WIDTH="384">
</LeftMargin>
<RightMargin HEIGHT="3654" HPOS="2464" VPOS="460" WIDTH="118">
</RightMargin>
<BottomMargin HEIGHT="339" HPOS="0" VPOS="4114" WIDTH="2582">
<TextBlock HEIGHT="72" HPOS="1342" ID="Page600_Block1" LANG="en-US" STYLEREFS="StyleId-8084788B-C888-481A-A761-39648C406D44-" VPOS="4156" WIDTH="122">
<TextLine HEIGHT="51" HPOS="1352" VPOS="4166" WIDTH="102">
<String CONTENT="600" HEIGHT="51" HPOS="1352" VPOS="4166" WIDTH="102" />
</TextLine>
</TextBlock>
</BottomMargin>
<PrintSpace HEIGHT="3654" HPOS="384" VPOS="460" WIDTH="2080">
<TextBlock CS="1" HEIGHT="3654" HPOS="384" ID="Page600_Block2" LANG="en-US" STYLEREFS="StyleId-FD7B9CA0-99BB-45DE-A1EC-2278D4A0C1AB-" VPOS="460" WIDTH="2080">
<TextLine HEIGHT="52" HPOS="472" VPOS="544" WIDTH="1950">
<String CONTENT="Frontispiece" HEIGHT="49" HPOS="472" VPOS="547" WIDTH="336" />
<SP HEIGHT="29" HPOS="809" VPOS="558" WIDTH="27" />
<String CONTENT="accompanied" HEIGHT="48" HPOS="837" VPOS="547" WIDTH="344" />
<SP HEIGHT="39" HPOS="1182" VPOS="548" WIDTH="27" />
<String CONTENT="by" HEIGHT="47" HPOS="1210" VPOS="548" WIDTH="62" />
<SP HEIGHT="37" HPOS="1273" VPOS="558" WIDTH="26" />
<String CONTENT="guard" HEIGHT="47" HPOS="1300" VPOS="548" WIDTH="156" />
<SP HEIGHT="39" HPOS="1457" VPOS="548" WIDTH="27" />
<String CONTENT="sheet" HEIGHT="41" HPOS="1485" VPOS="546" WIDTH="136" />
<SP HEIGHT="39" HPOS="1622" VPOS="548" WIDTH="27" />
<String CONTENT="with" HEIGHT="41" HPOS="1650" VPOS="546" WIDTH="122" />
<SP HEIGHT="39" HPOS="1773" VPOS="547" WIDTH="27" />
<String CONTENT="descriptive" HEIGHT="49" HPOS="1801" VPOS="544" WIDTH="294" />
<SP HEIGHT="38" HPOS="2096" VPOS="546" WIDTH="25" />
<String CONTENT="letterpress." HEIGHT="47" HPOS="2122" VPOS="544" WIDTH="300" />
</TextLine>
<TextLine HEIGHT="49" HPOS="473" VPOS="603" WIDTH="552">
<String CONTENT="&#8220;References&#8221;:" HEIGHT="44" HPOS="473" VPOS="603" WIDTH="381" />
<SP HEIGHT="37" HPOS="855" VPOS="615" WIDTH="33" />
<String CONTENT="p." HEIGHT="37" HPOS="889" VPOS="615" WIDTH="44" />
<SP HEIGHT="40" HPOS="934" VPOS="605" WIDTH="20" />
<String CONTENT="55." HEIGHT="41" HPOS="955" VPOS="605" WIDTH="70" />
</TextLine>
<TextLine HEIGHT="52" HPOS="471" VPOS="660" WIDTH="1952">
<String CONTENT="Blank" HEIGHT="40" HPOS="471" VPOS="664" WIDTH="163" />
<SP HEIGHT="48" HPOS="635" VPOS="664" WIDTH="33" />
<String CONTENT="pages" HEIGHT="38" HPOS="669" VPOS="674" WIDTH="148" />
<SP HEIGHT="41" HPOS="818" VPOS="662" WIDTH="32" />
<String CONTENT="for" HEIGHT="41" HPOS="851" VPOS="662" WIDTH="80" />
<SP HEIGHT="40" HPOS="932" VPOS="662" WIDTH="34" />
<String CONTENT="&#8220;Additions," HEIGHT="49" HPOS="967" VPOS="662" WIDTH="304" />
<SP HEIGHT="38" HPOS="1272" VPOS="673" WIDTH="34" />
<String CONTENT="clippings," HEIGHT="49" HPOS="1307" VPOS="662" WIDTH="253" />
<SP HEIGHT="38" HPOS="1561" VPOS="673" WIDTH="34" />
<String CONTENT="etc.&#8221;" HEIGHT="41" HPOS="1596" VPOS="662" WIDTH="118" />
<SP HEIGHT="40" HPOS="1715" VPOS="662" WIDTH="35" />
<String CONTENT="and" HEIGHT="40" HPOS="1751" VPOS="662" WIDTH="96" />
<SP HEIGHT="41" HPOS="1848" VPOS="660" WIDTH="36" />
<String CONTENT="&#8220;Autographs&#8221;" HEIGHT="49" HPOS="1885" VPOS="660" WIDTH="369" />
<SP HEIGHT="49" HPOS="2255" VPOS="660" WIDTH="28" />
<String CONTENT="(2" HEIGHT="49" HPOS="2284" VPOS="660" WIDTH="51" />
<SP HEIGHT="40" HPOS="2336" VPOS="661" WIDTH="32" />
<String CONTENT="at" HEIGHT="39" HPOS="2369" VPOS="662" WIDTH="54" />
</TextLine>
<TextLine HEIGHT="47" HPOS="399" VPOS="723" WIDTH="119">
<String CONTENT="end)" HEIGHT="47" HPOS="399" VPOS="723" WIDTH="119" />
</TextLine>
<TextLine CS="1" HEIGHT="53" HPOS="405" VPOS="788" WIDTH="2013">
<String CONTENT="&#169;" HEIGHT="53" HPOS="405" VPOS="788" WIDTH="53" />
<SP HEIGHT="53" HPOS="459" VPOS="788" WIDTH="25" />
<String CONTENT="Mar." HEIGHT="40" HPOS="498" VPOS="794" WIDTH="123" />
<SP HEIGHT="40" HPOS="622" VPOS="794" WIDTH="32" />
<String CONTENT="28," HEIGHT="48" HPOS="655" VPOS="793" WIDTH="74" />
<SP HEIGHT="48" HPOS="730" VPOS="793" WIDTH="29" />
<String CONTENT="1933;" CS="1" HEIGHT="47" HPOS="795" VPOS="792" WIDTH="113" />
<SP HEIGHT="47" HPOS="909" VPOS="792" WIDTH="38" />
<String CONTENT="2c." HEIGHT="40" HPOS="948" VPOS="792" WIDTH="67" />
<SP HEIGHT="29" HPOS="1016" VPOS="803" WIDTH="37" />
<String CONTENT="and" HEIGHT="39" HPOS="1054" VPOS="793" WIDTH="97" />
<SP HEIGHT="39" HPOS="1152" VPOS="793" WIDTH="35" />
<String CONTENT="aff." HEIGHT="41" HPOS="1188" VPOS="791" WIDTH="82" />
<SP HEIGHT="40" HPOS="1271" VPOS="792" WIDTH="36" />
<String CONTENT="Apr." HEIGHT="47" HPOS="1308" VPOS="792" WIDTH="115" />
<SP HEIGHT="40" HPOS="1424" VPOS="792" WIDTH="35" />
<String CONTENT="14;" HEIGHT="47" HPOS="1460" VPOS="792" WIDTH="83" />
<SP HEIGHT="47" HPOS="1544" VPOS="792" WIDTH="39" />
<String CONTENT="A" HEIGHT="39" HPOS="1584" VPOS="792" WIDTH="41" />
<SP HEIGHT="40" HPOS="1626" VPOS="792" WIDTH="34" />
<String CONTENT="62044;" HEIGHT="47" HPOS="1661" VPOS="792" WIDTH="174" />
<SP HEIGHT="47" HPOS="1836" VPOS="792" WIDTH="36" />
<String CONTENT="J." HEIGHT="43" HPOS="1873" VPOS="792" WIDTH="44" />
<SP HEIGHT="43" HPOS="1918" VPOS="792" WIDTH="37" />
<String CONTENT="F." HEIGHT="39" HPOS="1956" VPOS="792" WIDTH="51" />
<SP HEIGHT="39" HPOS="2008" VPOS="793" WIDTH="36" />
<String CONTENT="Williams," HEIGHT="47" HPOS="2045" VPOS="792" WIDTH="258" />
<SP HEIGHT="48" HPOS="2304" VPOS="791" WIDTH="37" />
<String CONTENT="jr.," HEIGHT="48" HPOS="2342" VPOS="791" WIDTH="76" />
</TextLine>
<TextLine HEIGHT="49" HPOS="472" VPOS="850" WIDTH="568">
<String CONTENT="Buffalo." HEIGHT="41" HPOS="472" VPOS="850" WIDTH="211" />
<SP HEIGHT="47" HPOS="684" VPOS="852" WIDTH="72" />
<String CONTENT="(33-13233)" HEIGHT="48" HPOS="757" VPOS="851" WIDTH="283" />
</TextLine>
<TextLine HEIGHT="68" HPOS="400" STYLEREFS="StyleId-AA463B30-349C-4858-870A-53910698B722-" VPOS="954" WIDTH="1233">
<String CONTENT="Willoughby," HEIGHT="68" HPOS="400" VPOS="954" WIDTH="397" />
<SP HEIGHT="63" HPOS="798" VPOS="959" WIDTH="28" />
<String CONTENT="Mrs." HEIGHT="53" HPOS="827" VPOS="959" WIDTH="141" />
<SP HEIGHT="54" HPOS="969" VPOS="958" WIDTH="31" />
<String CONTENT="Florance" HEIGHT="55" HPOS="1001" VPOS="956" WIDTH="284" />
<SP HEIGHT="64" HPOS="1286" VPOS="958" WIDTH="37" />
<String CONTENT="(Barrett)" HEIGHT="67" HPOS="1324" VPOS="955" WIDTH="309" />
</TextLine>
<TextLine CS="1" HEIGHT="71" HPOS="468" STYLEREFS="StyleId-1D1B882C-1823-4F42-8EBF-18B3E2F2E125-" VPOS="1033" WIDTH="1952">
<String CONTENT="Alaskans" HEIGHT="54" HPOS="468" VPOS="1034" WIDTH="290" />
<SP HEIGHT="33" HPOS="759" VPOS="1055" WIDTH="37" />
<String CONTENT="all," HEIGHT="67" HPOS="797" VPOS="1036" WIDTH="96" />
<SP HEIGHT="67" HPOS="894" VPOS="1036" WIDTH="33" />
<String CONTENT="by" HEIGHT="66" HPOS="928" VPOS="1036" WIDTH="76" />
<SP HEIGHT="64" HPOS="1005" VPOS="1038" WIDTH="36" />
<String CONTENT="Barrett" HEIGHT="51" HPOS="1042" VPOS="1038" WIDTH="238" />
<SP HEIGHT="55" HPOS="1281" VPOS="1037" WIDTH="32" />
<String CONTENT="Willoughby" HEIGHT="69" HPOS="1314" VPOS="1035" WIDTH="382" />
<SP HEIGHT="50" HPOS="1697" VPOS="1053" WIDTH="39" />
<String CONTENT="&#8230;" CS="1" />
<SP HEIGHT="51" HPOS="1796" VPOS="1037" WIDTH="78" />
<String CONTENT="Boston" HEIGHT="51" HPOS="1875" VPOS="1037" WIDTH="221" />
<SP HEIGHT="36" HPOS="2097" VPOS="1052" WIDTH="32" />
<String CONTENT="and" HEIGHT="54" HPOS="2130" VPOS="1033" WIDTH="114" />
<SP HEIGHT="56" HPOS="2245" VPOS="1033" WIDTH="34" />
<String CONTENT="New" HEIGHT="54" HPOS="2280" VPOS="1035" WIDTH="140" />
</TextLine>
<TextLine HEIGHT="71" HPOS="401" STYLEREFS="StyleId-1D1B882C-1823-4F42-8EBF-18B3E2F2E125-" VPOS="1112" WIDTH="1291">
<String CONTENT="York," HEIGHT="69" HPOS="401" VPOS="1112" WIDTH="179" />
<SP HEIGHT="66" HPOS="581" VPOS="1115" WIDTH="29" />
<String CONTENT="Houghton" HEIGHT="68" HPOS="611" VPOS="1115" WIDTH="325" />
<SP HEIGHT="53" HPOS="937" VPOS="1116" WIDTH="27" />
<String CONTENT="Mifflin" HEIGHT="57" HPOS="965" VPOS="1112" WIDTH="207" />
<SP HEIGHT="35" HPOS="1173" VPOS="1134" WIDTH="31" />
<String CONTENT="company," HEIGHT="50" HPOS="1205" VPOS="1133" WIDTH="301" />
<SP HEIGHT="65" HPOS="1507" VPOS="1118" WIDTH="31" />
<String CONTENT="1933." HEIGHT="52" HPOS="1539" VPOS="1117" WIDTH="153" />
</TextLine>
<TextLine CS="1" HEIGHT="51" HPOS="473" STYLEREFS="StyleId-1D1B882C-1823-4F42-8EBF-18B3E2F2E125-" VPOS="1188" WIDTH="1283">
<String CONTENT="x," HEIGHT="38" HPOS="473" VPOS="1198" WIDTH="47" />
<SP HEIGHT="48" HPOS="521" VPOS="1188" WIDTH="25" />
<String CONTENT="234" HEIGHT="40" HPOS="547" VPOS="1188" WIDTH="87" />
<SP HEIGHT="49" HPOS="635" VPOS="1189" WIDTH="23" />
<String CONTENT="p." HEIGHT="38" HPOS="659" VPOS="1200" WIDTH="45" />
<SP HEIGHT="41" HPOS="705" VPOS="1188" WIDTH="58" />
<String CONTENT="front.," HEIGHT="49" HPOS="764" VPOS="1188" WIDTH="166" />
<SP HEIGHT="37" HPOS="931" VPOS="1201" WIDTH="26" />
<String CONTENT="plates," HEIGHT="49" HPOS="958" VPOS="1189" WIDTH="174" />
<SP HEIGHT="39" HPOS="1133" VPOS="1200" WIDTH="25" />
<String CONTENT="ports.," HEIGHT="49" HPOS="1159" VPOS="1190" WIDTH="167" />
<SP HEIGHT="49" HPOS="1327" VPOS="1188" WIDTH="26" />
<String CONTENT="facsim." HEIGHT="42" HPOS="1354" VPOS="1188" WIDTH="193" />
<SP HEIGHT="42" HPOS="1548" VPOS="1188" WIDTH="58" />
<String CONTENT="21&#189;" CS="1" HEIGHT="41" HPOS="1607" VPOS="1188" WIDTH="57" />
<String CONTENT="cm" HEIGHT="21" HPOS="1697" STYLE="superscript" VPOS="1191" WIDTH="44" />
<String CONTENT="." HEIGHT="11" HPOS="1746" VPOS="1220" WIDTH="10" />
</TextLine>
<TextLine CS="1" HEIGHT="109" HPOS="404" VPOS="1245" WIDTH="2001">
<String CONTENT="CONTENTS.&#8212;Volcanoes" CS="1" HEIGHT="43" HPOS="745" VPOS="1245" WIDTH="342" />
<SP HEIGHT="38" HPOS="1088" VPOS="1259" WIDTH="27" />
<String CONTENT="packed" HEIGHT="50" HPOS="1116" VPOS="1247" WIDTH="186" />
<SP HEIGHT="42" HPOS="1303" VPOS="1246" WIDTH="30" />
<String CONTENT="in" HEIGHT="41" HPOS="1334" VPOS="1246" WIDTH="51" />
<SP HEIGHT="41" HPOS="1386" VPOS="1246" WIDTH="28" />
<String CONTENT="ice:" HEIGHT="43" HPOS="1415" VPOS="1246" WIDTH="98" />
<SP HEIGHT="39" HPOS="1514" VPOS="1249" WIDTH="33" />
<String CONTENT="the" HEIGHT="42" HPOS="1548" VPOS="1247" WIDTH="83" />
<SP HEIGHT="43" HPOS="1632" VPOS="1246" WIDTH="32" />
<String CONTENT="Glacier" HEIGHT="42" HPOS="1665" VPOS="1246" WIDTH="194" />
<SP HEIGHT="38" HPOS="1860" VPOS="1258" WIDTH="27" />
<String CONTENT="priest" HEIGHT="50" HPOS="1888" VPOS="1246" WIDTH="155" />
<SP HEIGHT="41" HPOS="2044" VPOS="1246" WIDTH="28" />
<String CONTENT="in" HEIGHT="40" HPOS="2073" VPOS="1246" WIDTH="51" />
<SP HEIGHT="39" HPOS="2125" VPOS="1249" WIDTH="28" />
<String CONTENT="the" HEIGHT="42" HPOS="2154" VPOS="1247" WIDTH="83" />
<SP HEIGHT="30" HPOS="2238" VPOS="1259" WIDTH="29" />
<String CONTENT="smoking" HEIGHT="107" HPOS="404" VPOS="1247" WIDTH="2001" />
</TextLine>
<TextLine CS="1" HEIGHT="99" HPOS="405" VPOS="1303" WIDTH="2001">
<String CONTENT="valleys" HEIGHT="49" HPOS="514" VPOS="1303" WIDTH="187" />
<SP HEIGHT="30" HPOS="702" VPOS="1315" WIDTH="28" />
<String CONTENT="of" HEIGHT="40" HPOS="731" VPOS="1305" WIDTH="52" />
<SP HEIGHT="39" HPOS="784" VPOS="1305" WIDTH="26" />
<String CONTENT="Alaska.&#8212;Summering" HEIGHT="51" HPOS="811" VPOS="1303" WIDTH="575" />
<SP HEIGHT="49" HPOS="1387" VPOS="1305" WIDTH="29" />
<String CONTENT="in" HEIGHT="39" HPOS="1417" VPOS="1305" WIDTH="49" />
<SP HEIGHT="39" HPOS="1467" VPOS="1306" WIDTH="29" />
<String CONTENT="the" HEIGHT="41" HPOS="1497" VPOS="1305" WIDTH="83" />
<SP HEIGHT="30" HPOS="1581" VPOS="1316" WIDTH="26" />
<String CONTENT="moon" HEIGHT="30" HPOS="1608" VPOS="1316" WIDTH="143" />
<SP HEIGHT="30" HPOS="1752" VPOS="1315" WIDTH="25" />
<String CONTENT="craters" HEIGHT="39" HPOS="1778" VPOS="1307" WIDTH="190" />
<SP HEIGHT="29" HPOS="1969" VPOS="1316" WIDTH="26" />
<String CONTENT="of" HEIGHT="41" HPOS="1996" VPOS="1304" WIDTH="51" />
<SP HEIGHT="40" HPOS="2048" VPOS="1304" WIDTH="28" />
<String CONTENT="Alaska:" HEIGHT="41" HPOS="2077" VPOS="1305" WIDTH="211" />
<SP HEIGHT="40" HPOS="2289" VPOS="1305" WIDTH="32" />
<String CONTENT="further" HEIGHT="97" HPOS="405" VPOS="1305" WIDTH="2001" />
</TextLine>
<TextLine HEIGHT="52" HPOS="555" VPOS="1360" WIDTH="1867">
<String CONTENT="adventures" HEIGHT="40" HPOS="555" VPOS="1363" WIDTH="299" />
<SP HEIGHT="29" HPOS="855" VPOS="1373" WIDTH="42" />
<String CONTENT="of" HEIGHT="41" HPOS="898" VPOS="1361" WIDTH="52" />
<SP HEIGHT="40" HPOS="951" VPOS="1361" WIDTH="41" />
<String CONTENT="the" HEIGHT="41" HPOS="993" VPOS="1362" WIDTH="83" />
<SP HEIGHT="43" HPOS="1077" VPOS="1360" WIDTH="42" />
<String CONTENT="Glacier" HEIGHT="42" HPOS="1120" VPOS="1360" WIDTH="194" />
<SP HEIGHT="37" HPOS="1315" VPOS="1374" WIDTH="41" />
<String CONTENT="priest.&#8212;Ben" HEIGHT="50" HPOS="1357" VPOS="1361" WIDTH="337" />
<SP HEIGHT="39" HPOS="1695" VPOS="1363" WIDTH="42" />
<String CONTENT="Eielson:" HEIGHT="42" HPOS="1738" VPOS="1362" WIDTH="223" />
<SP HEIGHT="39" HPOS="1962" VPOS="1373" WIDTH="44" />
<String CONTENT="pioneer" HEIGHT="50" HPOS="2007" VPOS="1362" WIDTH="198" />
<SP HEIGHT="29" HPOS="2206" VPOS="1374" WIDTH="40" />
<String CONTENT="of" HEIGHT="41" HPOS="2247" VPOS="1362" WIDTH="51" />
<SP HEIGHT="41" HPOS="2299" VPOS="1362" WIDTH="39" />
<String CONTENT="the" HEIGHT="39" HPOS="2339" VPOS="1364" WIDTH="83" />
</TextLine>
<TextLine HEIGHT="52" HPOS="402" VPOS="1417" WIDTH="2021">
<String CONTENT="Arctic" HEIGHT="42" HPOS="402" VPOS="1418" WIDTH="167" />
<SP HEIGHT="30" HPOS="570" VPOS="1430" WIDTH="30" />
<String CONTENT="skies.&#8212;Captain" HEIGHT="51" HPOS="601" VPOS="1417" WIDTH="422" />
<SP HEIGHT="39" HPOS="1024" VPOS="1420" WIDTH="33" />
<String CONTENT="Louis" HEIGHT="41" HPOS="1058" VPOS="1419" WIDTH="147" />
<SP HEIGHT="40" HPOS="1206" VPOS="1420" WIDTH="33" />
<String CONTENT="Lane:" HEIGHT="41" HPOS="1240" VPOS="1420" WIDTH="158" />
<SP HEIGHT="31" HPOS="1399" VPOS="1429" WIDTH="33" />
<String CONTENT="champion" HEIGHT="49" HPOS="1433" VPOS="1420" WIDTH="260" />
<SP HEIGHT="39" HPOS="1694" VPOS="1420" WIDTH="29" />
<String CONTENT="ice" HEIGHT="41" HPOS="1724" VPOS="1420" WIDTH="72" />
<SP HEIGHT="38" HPOS="1797" VPOS="1431" WIDTH="29" />
<String CONTENT="pilot" HEIGHT="50" HPOS="1827" VPOS="1419" WIDTH="123" />
<SP HEIGHT="39" HPOS="1951" VPOS="1422" WIDTH="32" />
<String CONTENT="of" HEIGHT="41" HPOS="1984" VPOS="1420" WIDTH="52" />
<SP HEIGHT="41" HPOS="2037" VPOS="1420" WIDTH="29" />
<String CONTENT="the" HEIGHT="41" HPOS="2067" VPOS="1421" WIDTH="82" />
<SP HEIGHT="42" HPOS="2150" VPOS="1420" WIDTH="31" />
<String CONTENT="Arctic.&#8212;" HEIGHT="41" HPOS="2182" VPOS="1420" WIDTH="241" />
</TextLine>
<TextLine HEIGHT="44" HPOS="403" VPOS="1476" WIDTH="2018">
<String CONTENT="Harriet" HEIGHT="42" HPOS="403" VPOS="1476" WIDTH="207" />
<SP HEIGHT="41" HPOS="611" VPOS="1477" WIDTH="34" />
<String CONTENT="Pullen:" HEIGHT="41" HPOS="646" VPOS="1477" WIDTH="198" />
<SP HEIGHT="29" HPOS="845" VPOS="1488" WIDTH="37" />
<String CONTENT="mother" HEIGHT="40" HPOS="883" VPOS="1478" WIDTH="191" />
<SP HEIGHT="29" HPOS="1075" VPOS="1488" WIDTH="32" />
<String CONTENT="of" HEIGHT="40" HPOS="1108" VPOS="1477" WIDTH="52" />
<SP HEIGHT="39" HPOS="1161" VPOS="1477" WIDTH="33" />
<String CONTENT="the" HEIGHT="41" HPOS="1195" VPOS="1477" WIDTH="82" />
<SP HEIGHT="42" HPOS="1278" VPOS="1476" WIDTH="32" />
<String CONTENT="North.&#8212;&#8216;Stroller&#8217;" HEIGHT="42" HPOS="1311" VPOS="1476" WIDTH="473" />
<SP HEIGHT="42" HPOS="1785" VPOS="1476" WIDTH="34" />
<String CONTENT="White:" HEIGHT="41" HPOS="1820" VPOS="1477" WIDTH="191" />
<SP HEIGHT="38" HPOS="2012" VPOS="1481" WIDTH="36" />
<String CONTENT="the" HEIGHT="40" HPOS="2049" VPOS="1479" WIDTH="83" />
<SP HEIGHT="30" HPOS="2133" VPOS="1489" WIDTH="31" />
<String CONTENT="man" HEIGHT="29" HPOS="2165" VPOS="1489" WIDTH="116" />
<SP HEIGHT="29" HPOS="2282" VPOS="1489" WIDTH="31" />
<String CONTENT="who" HEIGHT="41" HPOS="2314" VPOS="1479" WIDTH="107" />
</TextLine>
<TextLine HEIGHT="43" HPOS="402" VPOS="1535" WIDTH="644">
<String CONTENT="invented" HEIGHT="42" HPOS="402" VPOS="1536" WIDTH="229" />
<SP HEIGHT="39" HPOS="632" VPOS="1537" WIDTH="31" />
<String CONTENT="the" HEIGHT="40" HPOS="664" VPOS="1537" WIDTH="83" />
<SP HEIGHT="42" HPOS="748" VPOS="1535" WIDTH="28" />
<String CONTENT="ice" HEIGHT="42" HPOS="777" VPOS="1535" WIDTH="73" />
<SP HEIGHT="32" HPOS="851" VPOS="1545" WIDTH="29" />
<String CONTENT="worm." HEIGHT="31" HPOS="881" VPOS="1545" WIDTH="165" />
</TextLine>
<TextLine HEIGHT="53" HPOS="405" VPOS="1604" WIDTH="2017">
<String CONTENT="&#169;" HEIGHT="53" HPOS="405" VPOS="1604" WIDTH="53" />
<SP HEIGHT="53" HPOS="459" VPOS="1604" WIDTH="37" />
<String CONTENT="Apr." HEIGHT="48" HPOS="497" VPOS="1608" WIDTH="115" />
<SP HEIGHT="40" HPOS="613" VPOS="1609" WIDTH="36" />
<String CONTENT="12," HEIGHT="47" HPOS="650" VPOS="1608" WIDTH="69" />
<SP HEIGHT="47" HPOS="720" VPOS="1608" WIDTH="37" />
<String CONTENT="1933;" HEIGHT="46" HPOS="758" VPOS="1607" WIDTH="142" />
<SP HEIGHT="46" HPOS="901" VPOS="1607" WIDTH="39" />
<String CONTENT="2c." HEIGHT="40" HPOS="941" VPOS="1607" WIDTH="66" />
<SP HEIGHT="29" HPOS="1008" VPOS="1617" WIDTH="37" />
<String CONTENT="and" HEIGHT="39" HPOS="1046" VPOS="1607" WIDTH="97" />
<SP HEIGHT="39" HPOS="1144" VPOS="1607" WIDTH="36" />
<String CONTENT="aff." HEIGHT="42" HPOS="1181" VPOS="1605" WIDTH="84" />
<SP HEIGHT="41" HPOS="1266" VPOS="1606" WIDTH="34" />
<String CONTENT="Apr." HEIGHT="48" HPOS="1301" VPOS="1606" WIDTH="114" />
<SP HEIGHT="41" HPOS="1416" VPOS="1606" WIDTH="36" />
<String CONTENT="17;" HEIGHT="48" HPOS="1453" VPOS="1606" WIDTH="83" />
<SP HEIGHT="48" HPOS="1537" VPOS="1606" WIDTH="39" />
<String CONTENT="A" HEIGHT="39" HPOS="1577" VPOS="1606" WIDTH="41" />
<SP HEIGHT="40" HPOS="1619" VPOS="1606" WIDTH="33" />
<String CONTENT="62162;" HEIGHT="48" HPOS="1653" VPOS="1606" WIDTH="172" />
<SP HEIGHT="46" HPOS="1826" VPOS="1608" WIDTH="38" />
<String CONTENT="B." HEIGHT="39" HPOS="1865" VPOS="1608" WIDTH="54" />
<SP HEIGHT="39" HPOS="1920" VPOS="1608" WIDTH="35" />
<String CONTENT="Willoughby," HEIGHT="48" HPOS="1956" VPOS="1607" WIDTH="327" />
<SP HEIGHT="47" HPOS="2284" VPOS="1607" WIDTH="39" />
<String CONTENT="San" HEIGHT="41" HPOS="2324" VPOS="1607" WIDTH="98" />
</TextLine>
<TextLine HEIGHT="50" HPOS="471" VPOS="1664" WIDTH="603">
<String CONTENT="Francisco." HEIGHT="41" HPOS="471" VPOS="1665" WIDTH="277" />
<SP HEIGHT="49" HPOS="749" VPOS="1665" WIDTH="70" />
<String CONTENT="(33-9849)" HEIGHT="50" HPOS="820" VPOS="1664" WIDTH="254" />
</TextLine>
<TextLine HEIGHT="68" HPOS="396" STYLEREFS="StyleId-AA463B30-349C-4858-870A-53910698B722-" VPOS="1768" WIDTH="848">
<String CONTENT="Wilson," HEIGHT="68" HPOS="396" VPOS="1768" WIDTH="243" />
<SP HEIGHT="64" HPOS="640" VPOS="1772" WIDTH="30" />
<String CONTENT="John" HEIGHT="55" HPOS="671" VPOS="1770" WIDTH="157" />
<SP HEIGHT="53" HPOS="829" VPOS="1771" WIDTH="30" />
<String CONTENT="Mills," HEIGHT="67" HPOS="860" VPOS="1769" WIDTH="177" />
<SP HEIGHT="61" HPOS="1038" VPOS="1775" WIDTH="34" />
<String CONTENT="1871-" HEIGHT="56" HPOS="1073" VPOS="1769" WIDTH="171" />
</TextLine>
<TextLine CS="1" HEIGHT="70" HPOS="469" STYLEREFS="StyleId-1D1B882C-1823-4F42-8EBF-18B3E2F2E125-" VPOS="1849" WIDTH="1953">
<String CONTENT="Understanding" HEIGHT="69" HPOS="469" VPOS="1849" WIDTH="482" />
<SP HEIGHT="64" HPOS="952" VPOS="1854" WIDTH="31" />
<String CONTENT="technocracy," HEIGHT="67" HPOS="984" VPOS="1851" WIDTH="392" />
<SP HEIGHT="65" HPOS="1377" VPOS="1850" WIDTH="30" />
<String CONTENT="by" HEIGHT="68" HPOS="1408" VPOS="1850" WIDTH="77" />
<SP HEIGHT="67" HPOS="1486" VPOS="1851" WIDTH="29" />
<String CONTENT="J." HEIGHT="54" HPOS="1516" VPOS="1851" WIDTH="57" />
<SP HEIGHT="53" HPOS="1574" VPOS="1851" WIDTH="32" />
<String CONTENT="M." HEIGHT="51" HPOS="1607" VPOS="1851" WIDTH="80" />
<SP HEIGHT="54" HPOS="1688" VPOS="1851" WIDTH="34" />
<String CONTENT="Wilson." HEIGHT="56" HPOS="1723" VPOS="1849" WIDTH="240" />
<SP HEIGHT="34" HPOS="1964" VPOS="1884" WIDTH="81" />
<String CONTENT="[San" CS="1" HEIGHT="56" HPOS="2067" VPOS="1849" WIDTH="118" />
<SP HEIGHT="53" HPOS="2186" VPOS="1851" WIDTH="31" />
<String CONTENT="Diego," HEIGHT="68" HPOS="2218" VPOS="1851" WIDTH="204" />
</TextLine>
<TextLine HEIGHT="69" HPOS="400" STYLEREFS="StyleId-1D1B882C-1823-4F42-8EBF-18B3E2F2E125-" VPOS="1928" WIDTH="1066">
<String CONTENT="Calif.," HEIGHT="68" HPOS="400" VPOS="1928" WIDTH="197" />
<SP HEIGHT="66" HPOS="598" VPOS="1930" WIDTH="25" />
<String CONTENT="New" HEIGHT="53" HPOS="624" VPOS="1930" WIDTH="140" />
<SP HEIGHT="34" HPOS="765" VPOS="1949" WIDTH="27" />
<String CONTENT="era" HEIGHT="36" HPOS="793" VPOS="1947" WIDTH="94" />
<SP HEIGHT="50" HPOS="888" VPOS="1947" WIDTH="28" />
<String CONTENT="publishers," HEIGHT="68" HPOS="917" VPOS="1929" WIDTH="343" />
<SP HEIGHT="61" HPOS="1261" VPOS="1935" WIDTH="27" />
<String CONTENT="c" HEIGHT="21" HPOS="1289" STYLE="superscript" VPOS="1935" WIDTH="17" />
<String CONTENT="1933]" HEIGHT="64" HPOS="1313" VPOS="1933" WIDTH="153" />
</TextLine>
<TextLine HEIGHT="48" HPOS="475" VPOS="2003" WIDTH="308">
<String CONTENT="64" HEIGHT="40" HPOS="475" VPOS="2003" WIDTH="56" />
<SP HEIGHT="47" HPOS="532" VPOS="2004" WIDTH="30" />
<String CONTENT="p." HEIGHT="37" HPOS="563" VPOS="2014" WIDTH="42" />
<SP HEIGHT="41" HPOS="606" VPOS="2003" WIDTH="59" />
<String CONTENT="20" HEIGHT="40" HPOS="666" VPOS="2003" WIDTH="58" />
<String CONTENT="cm" HEIGHT="21" HPOS="726" STYLE="superscript" VPOS="2005" WIDTH="44" />
<String CONTENT="." HEIGHT="7" HPOS="776" VPOS="2035" WIDTH="7" />
</TextLine>
<TextLine HEIGHT="54" HPOS="403" VPOS="2057" WIDTH="2018">
<String CONTENT="&#169;" HEIGHT="54" HPOS="403" VPOS="2057" WIDTH="53" />
<SP HEIGHT="54" HPOS="457" VPOS="2057" WIDTH="24" />
<String CONTENT="Mar." HEIGHT="41" HPOS="482" VPOS="2062" WIDTH="122" />
<SP HEIGHT="42" HPOS="605" VPOS="2061" WIDTH="24" />
<String CONTENT="23," HEIGHT="48" HPOS="630" VPOS="2061" WIDTH="70" />
<SP HEIGHT="47" HPOS="701" VPOS="2062" WIDTH="24" />
<String CONTENT="1933;" HEIGHT="47" HPOS="726" VPOS="2061" WIDTH="142" />
<SP HEIGHT="47" HPOS="869" VPOS="2061" WIDTH="26" />
<String CONTENT="2c." HEIGHT="41" HPOS="896" VPOS="2061" WIDTH="68" />
<SP HEIGHT="31" HPOS="965" VPOS="2071" WIDTH="23" />
<String CONTENT="and" HEIGHT="40" HPOS="989" VPOS="2062" WIDTH="96" />
<SP HEIGHT="40" HPOS="1086" VPOS="2062" WIDTH="23" />
<String CONTENT="aff." HEIGHT="43" HPOS="1110" VPOS="2060" WIDTH="83" />
<SP HEIGHT="42" HPOS="1194" VPOS="2061" WIDTH="24" />
<String CONTENT="Mar." HEIGHT="41" HPOS="1219" VPOS="2061" WIDTH="122" />
<SP HEIGHT="42" HPOS="1342" VPOS="2060" WIDTH="23" />
<String CONTENT="29;" HEIGHT="48" HPOS="1366" VPOS="2060" WIDTH="83" />
<SP HEIGHT="48" HPOS="1450" VPOS="2060" WIDTH="28" />
<String CONTENT="A" HEIGHT="40" HPOS="1479" VPOS="2060" WIDTH="41" />
<SP HEIGHT="42" HPOS="1521" VPOS="2060" WIDTH="21" />
<String CONTENT="61117;" HEIGHT="49" HPOS="1543" VPOS="2060" WIDTH="173" />
<SP HEIGHT="48" HPOS="1717" VPOS="2061" WIDTH="25" />
<String CONTENT="J." HEIGHT="41" HPOS="1743" VPOS="2061" WIDTH="43" />
<SP HEIGHT="40" HPOS="1787" VPOS="2061" WIDTH="25" />
<String CONTENT="M." HEIGHT="42" HPOS="1813" VPOS="2061" WIDTH="64" />
<SP HEIGHT="42" HPOS="1878" VPOS="2061" WIDTH="23" />
<String CONTENT="Wilson," HEIGHT="49" HPOS="1902" VPOS="2060" WIDTH="201" />
<SP HEIGHT="49" HPOS="2104" VPOS="2060" WIDTH="27" />
<String CONTENT="San" HEIGHT="42" HPOS="2132" VPOS="2060" WIDTH="98" />
<SP HEIGHT="40" HPOS="2231" VPOS="2061" WIDTH="22" />
<String CONTENT="Diego," HEIGHT="51" HPOS="2254" VPOS="2059" WIDTH="167" />
</TextLine>
<TextLine HEIGHT="52" HPOS="472" VPOS="2118" WIDTH="472">
<String CONTENT="Calif." HEIGHT="42" HPOS="472" VPOS="2119" WIDTH="146" />
<SP HEIGHT="50" HPOS="619" VPOS="2120" WIDTH="68" />
<String CONTENT="(33-9068)" HEIGHT="52" HPOS="688" VPOS="2118" WIDTH="256" />
</TextLine>
<TextLine HEIGHT="68" HPOS="395" STYLEREFS="StyleId-AA463B30-349C-4858-870A-53910698B722-" VPOS="2224" WIDTH="727">
<String CONTENT="Wilson," HEIGHT="67" HPOS="395" VPOS="2224" WIDTH="244" />
<SP HEIGHT="65" HPOS="640" VPOS="2226" WIDTH="29" />
<String CONTENT="Walter," HEIGHT="68" HPOS="670" VPOS="2224" WIDTH="247" />
<SP HEIGHT="61" HPOS="918" VPOS="2231" WIDTH="31" />
<String CONTENT="1873-" HEIGHT="56" HPOS="950" VPOS="2226" WIDTH="172" />
</TextLine>
<TextLine HEIGHT="68" HPOS="469" STYLEREFS="StyleId-1D1B882C-1823-4F42-8EBF-18B3E2F2E125-" VPOS="2304" WIDTH="1948">
<String CONTENT="Forced" HEIGHT="53" HPOS="469" VPOS="2306" WIDTH="220" />
<SP HEIGHT="52" HPOS="690" VPOS="2306" WIDTH="31" />
<String CONTENT="labor" HEIGHT="52" HPOS="722" VPOS="2306" WIDTH="164" />
<SP HEIGHT="52" HPOS="887" VPOS="2305" WIDTH="27" />
<String CONTENT="in" HEIGHT="52" HPOS="915" VPOS="2305" WIDTH="60" />
<SP HEIGHT="48" HPOS="976" VPOS="2310" WIDTH="29" />
<String CONTENT="the" HEIGHT="53" HPOS="1006" VPOS="2306" WIDTH="97" />
<SP HEIGHT="54" HPOS="1104" VPOS="2306" WIDTH="30" />
<String CONTENT="United" HEIGHT="54" HPOS="1135" VPOS="2306" WIDTH="220" />
<SP HEIGHT="56" HPOS="1356" VPOS="2305" WIDTH="33" />
<String CONTENT="States," HEIGHT="67" HPOS="1390" VPOS="2305" WIDTH="208" />
<SP HEIGHT="67" HPOS="1599" VPOS="2305" WIDTH="29" />
<String CONTENT="by" HEIGHT="67" HPOS="1629" VPOS="2305" WIDTH="76" />
<SP HEIGHT="65" HPOS="1706" VPOS="2307" WIDTH="27" />
<String CONTENT="Walter" HEIGHT="55" HPOS="1734" VPOS="2305" WIDTH="224" />
<SP HEIGHT="55" HPOS="1959" VPOS="2305" WIDTH="27" />
<String CONTENT="Wilson;" HEIGHT="68" HPOS="1987" VPOS="2304" WIDTH="254" />
<SP HEIGHT="47" HPOS="2242" VPOS="2325" WIDTH="36" />
<String CONTENT="with" HEIGHT="53" HPOS="2279" VPOS="2305" WIDTH="138" />
</TextLine>
<TextLine CS="1" HEIGHT="149" HPOS="398" STYLEREFS="StyleId-1D1B882C-1823-4F42-8EBF-18B3E2F2E125-" VPOS="2382" WIDTH="1996">
<String CONTENT="an" HEIGHT="34" HPOS="398" VPOS="2404" WIDTH="74" />
<SP HEIGHT="52" HPOS="473" VPOS="2385" WIDTH="43" />
<String CONTENT="introduction" HEIGHT="54" HPOS="517" VPOS="2384" WIDTH="394" />
<SP HEIGHT="52" HPOS="912" VPOS="2385" WIDTH="42" />
<String CONTENT="by" HEIGHT="67" HPOS="955" VPOS="2385" WIDTH="75" />
<SP HEIGHT="67" HPOS="1031" VPOS="2385" WIDTH="43" />
<String CONTENT="Theodore" HEIGHT="55" HPOS="1075" VPOS="2385" WIDTH="300" />
<SP HEIGHT="54" HPOS="1376" VPOS="2386" WIDTH="40" />
<String CONTENT="Dreiser." HEIGHT="56" HPOS="1417" VPOS="2382" WIDTH="249" />
<SP HEIGHT="52" HPOS="1667" VPOS="2385" WIDTH="74" />
<String CONTENT="New" HEIGHT="53" HPOS="1742" VPOS="2385" WIDTH="140" />
<SP HEIGHT="53" HPOS="1883" VPOS="2385" WIDTH="44" />
<String CONTENT="York," HEIGHT="68" HPOS="1928" VPOS="2383" WIDTH="182" />
<SP HEIGHT="67" HPOS="2111" VPOS="2384" WIDTH="43" />
<String CONTENT="International" HEIGHT="133" HPOS="398" VPOS="2384" WIDTH="1996" />
<SP HEIGHT="67" HPOS="582" VPOS="2464" WIDTH="26" />
<String CONTENT="publishers" HEIGHT="68" HPOS="609" VPOS="2463" WIDTH="325" />
<SP HEIGHT="49" HPOS="935" VPOS="2482" WIDTH="31" />
<String CONTENT="[" CS="1" />
<String CONTENT="c" HEIGHT="22" HPOS="984" STYLE="superscript" VPOS="2470" WIDTH="19" />
<String CONTENT="1933]" HEIGHT="63" HPOS="1010" VPOS="2468" WIDTH="151" />
</TextLine>
<TextLine CS="1" HEIGHT="50" HPOS="472" VPOS="2536" WIDTH="368">
<String CONTENT="192" HEIGHT="41" HPOS="472" VPOS="2537" WIDTH="86" />
<SP HEIGHT="48" HPOS="559" VPOS="2538" WIDTH="30" />
<String CONTENT="p." HEIGHT="37" HPOS="590" VPOS="2549" WIDTH="44" />
<SP HEIGHT="41" HPOS="635" VPOS="2537" WIDTH="58" />
<String CONTENT="19&#189;" CS="1" HEIGHT="41" HPOS="694" VPOS="2536" WIDTH="58" />
<String CONTENT="cm" CS="1" HEIGHT="22" HPOS="783" STYLE="superscript" VPOS="2539" WIDTH="15" />
<String CONTENT="." HEIGHT="8" HPOS="833" VPOS="2570" WIDTH="7" />
</TextLine>
<TextLine HEIGHT="51" HPOS="471" VPOS="2592" WIDTH="1950">
<String CONTENT="Prepared" HEIGHT="48" HPOS="471" VPOS="2595" WIDTH="248" />
<SP HEIGHT="40" HPOS="720" VPOS="2595" WIDTH="36" />
<String CONTENT="under" HEIGHT="40" HPOS="757" VPOS="2595" WIDTH="155" />
<SP HEIGHT="39" HPOS="913" VPOS="2596" WIDTH="36" />
<String CONTENT="the" HEIGHT="40" HPOS="950" VPOS="2595" WIDTH="82" />
<SP HEIGHT="39" HPOS="1033" VPOS="2596" WIDTH="35" />
<String CONTENT="direction" HEIGHT="41" HPOS="1069" VPOS="2594" WIDTH="237" />
<SP HEIGHT="29" HPOS="1307" VPOS="2604" WIDTH="37" />
<String CONTENT="of" HEIGHT="40" HPOS="1345" VPOS="2593" WIDTH="52" />
<SP HEIGHT="41" HPOS="1398" VPOS="2593" WIDTH="34" />
<String CONTENT="the" HEIGHT="40" HPOS="1433" VPOS="2594" WIDTH="83" />
<SP HEIGHT="40" HPOS="1517" VPOS="2594" WIDTH="35" />
<String CONTENT="Labor" HEIGHT="41" HPOS="1553" VPOS="2593" WIDTH="160" />
<SP HEIGHT="29" HPOS="1714" VPOS="2603" WIDTH="36" />
<String CONTENT="research" HEIGHT="41" HPOS="1751" VPOS="2593" WIDTH="228" />
<SP HEIGHT="39" HPOS="1980" VPOS="2593" WIDTH="37" />
<String CONTENT="association.&#8221;&#8212;" HEIGHT="42" HPOS="2018" VPOS="2592" WIDTH="403" />
</TextLine>
<TextLine CS="1" HEIGHT="50" HPOS="444" VPOS="2653" WIDTH="91">
<String CONTENT="p." CS="1" />
<SP HEIGHT="31" HPOS="444" VPOS="2672" WIDTH="33" />
<String CONTENT="[4]" HEIGHT="50" HPOS="478" VPOS="2653" WIDTH="57" />
</TextLine>
<TextLine HEIGHT="49" HPOS="475" VPOS="2709" WIDTH="856">
<String CONTENT="&#8220;Reference" HEIGHT="41" HPOS="475" VPOS="2710" WIDTH="296" />
<SP HEIGHT="30" HPOS="772" VPOS="2721" WIDTH="30" />
<String CONTENT="notes&#8221;:" HEIGHT="42" HPOS="803" VPOS="2709" WIDTH="197" />
<SP HEIGHT="38" HPOS="1001" VPOS="2720" WIDTH="33" />
<String CONTENT="p." HEIGHT="37" HPOS="1035" VPOS="2721" WIDTH="41" />
<SP HEIGHT="39" HPOS="1077" VPOS="2710" WIDTH="35" />
<String CONTENT="183-186." HEIGHT="42" HPOS="1113" VPOS="2709" WIDTH="218" />
</TextLine>
<TextLine HEIGHT="54" HPOS="402" VPOS="2762" WIDTH="2018">
<String CONTENT="&#169;" HEIGHT="53" HPOS="402" VPOS="2762" WIDTH="53" />
<SP HEIGHT="53" HPOS="456" VPOS="2762" WIDTH="28" />
<String CONTENT="Mar." HEIGHT="40" HPOS="485" VPOS="2769" WIDTH="123" />
<SP HEIGHT="41" HPOS="609" VPOS="2768" WIDTH="27" />
<String CONTENT="23," HEIGHT="48" HPOS="637" VPOS="2768" WIDTH="70" />
<SP HEIGHT="48" HPOS="708" VPOS="2768" WIDTH="28" />
<String CONTENT="1933;" HEIGHT="47" HPOS="737" VPOS="2768" WIDTH="143" />
<SP HEIGHT="47" HPOS="881" VPOS="2768" WIDTH="28" />
<String CONTENT="2c." HEIGHT="40" HPOS="910" VPOS="2768" WIDTH="68" />
<SP HEIGHT="40" HPOS="979" VPOS="2768" WIDTH="27" />
<String CONTENT="Apr." HEIGHT="47" HPOS="1007" VPOS="2768" WIDTH="115" />
<SP HEIGHT="41" HPOS="1123" VPOS="2767" WIDTH="29" />
<String CONTENT="1;" HEIGHT="48" HPOS="1153" VPOS="2767" WIDTH="54" />
<SP HEIGHT="38" HPOS="1208" VPOS="2777" WIDTH="28" />
<String CONTENT="aff." HEIGHT="41" HPOS="1237" VPOS="2766" WIDTH="82" />
<SP HEIGHT="40" HPOS="1320" VPOS="2767" WIDTH="28" />
<String CONTENT="Apr." HEIGHT="48" HPOS="1349" VPOS="2767" WIDTH="114" />
<SP HEIGHT="40" HPOS="1464" VPOS="2766" WIDTH="31" />
<String CONTENT="5;" HEIGHT="47" HPOS="1496" VPOS="2766" WIDTH="52" />
<SP HEIGHT="47" HPOS="1549" VPOS="2766" WIDTH="30" />
<String CONTENT="A" HEIGHT="39" HPOS="1580" VPOS="2766" WIDTH="41" />
<SP HEIGHT="40" HPOS="1622" VPOS="2766" WIDTH="26" />
<String CONTENT="61207;" HEIGHT="48" HPOS="1649" VPOS="2765" WIDTH="172" />
<SP HEIGHT="46" HPOS="1822" VPOS="2767" WIDTH="31" />
<String CONTENT="Internatl." HEIGHT="41" HPOS="1854" VPOS="2766" WIDTH="259" />
<SP HEIGHT="37" HPOS="2114" VPOS="2776" WIDTH="28" />
<String CONTENT="publishers" HEIGHT="48" HPOS="2143" VPOS="2765" WIDTH="277" />
</TextLine>
<TextLine HEIGHT="51" HPOS="470" VPOS="2824" WIDTH="564">
<String CONTENT="co.," HEIGHT="38" HPOS="470" VPOS="2835" WIDTH="82" />
<SP HEIGHT="47" HPOS="553" VPOS="2826" WIDTH="32" />
<String CONTENT="inc." HEIGHT="41" HPOS="586" VPOS="2826" WIDTH="91" />
<SP HEIGHT="49" HPOS="678" VPOS="2826" WIDTH="70" />
<String CONTENT="(33-10953)" HEIGHT="51" HPOS="749" VPOS="2824" WIDTH="285" />
</TextLine>
<TextLine HEIGHT="69" HPOS="395" STYLEREFS="StyleId-AA463B30-349C-4858-870A-53910698B722-" VPOS="2929" WIDTH="836">
<String CONTENT="Winterstein," HEIGHT="69" HPOS="395" LANG="de" VPOS="2929" WIDTH="413" />
<SP HEIGHT="65" HPOS="809" VPOS="2933" WIDTH="29" />
<String CONTENT="Hans," HEIGHT="65" HPOS="839" LANG="en-US" VPOS="2933" WIDTH="187" />
<SP HEIGHT="61" HPOS="1027" VPOS="2937" WIDTH="31" />
<String CONTENT="1879-" HEIGHT="57" HPOS="1059" LANG="en-US" VPOS="2931" WIDTH="172" />
</TextLine>
<TextLine CS="1" HEIGHT="149" HPOS="448" STYLEREFS="StyleId-1D1B882C-1823-4F42-8EBF-18B3E2F2E125-" VPOS="3007" WIDTH="1967">
<String CONTENT="Schlaf" HEIGHT="56" HPOS="471" LANG="de" VPOS="3007" WIDTH="207" />
<SP HEIGHT="54" HPOS="679" VPOS="3008" WIDTH="36" />
<String CONTENT="und" HEIGHT="52" HPOS="716" LANG="de" VPOS="3010" WIDTH="119" />
<SP HEIGHT="53" HPOS="836" VPOS="3010" WIDTH="35" />
<String CONTENT="traum," CS="1" HEIGHT="63" HPOS="872" LANG="de" VPOS="3015" WIDTH="210" />
<SP HEIGHT="48" HPOS="1083" VPOS="3030" WIDTH="35" />
<String CONTENT="von" HEIGHT="34" HPOS="1119" LANG="en-US" VPOS="3030" WIDTH="113" />
<SP HEIGHT="50" HPOS="1233" VPOS="3029" WIDTH="38" />
<String CONTENT="professor" HEIGHT="69" HPOS="1272" LANG="en-US" VPOS="3010" WIDTH="292" />
<SP HEIGHT="52" HPOS="1565" VPOS="3011" WIDTH="36" />
<String CONTENT="dr." HEIGHT="52" HPOS="1602" LANG="en-US" VPOS="3011" WIDTH="85" />
<SP HEIGHT="51" HPOS="1688" VPOS="3011" WIDTH="39" />
<String CONTENT="Hans" HEIGHT="52" HPOS="1728" LANG="de" VPOS="3011" WIDTH="165" />
<SP HEIGHT="54" HPOS="1894" VPOS="3010" WIDTH="36" />
<String CONTENT="Winterstein" HEIGHT="55" HPOS="1931" LANG="de" VPOS="3009" WIDTH="379" />
<SP HEIGHT="34" HPOS="2311" VPOS="3028" WIDTH="41" />
<String CONTENT="&#8230;" CS="1" LANG="en-US" />
<SP />
<String CONTENT="l." CS="1" LANG="en-US" />
<SP HEIGHT="52" HPOS="448" VPOS="3088" WIDTH="39" />
<String CONTENT="bis" HEIGHT="53" HPOS="488" LANG="en-US" VPOS="3087" WIDTH="87" />
<SP HEIGHT="49" HPOS="576" VPOS="3092" WIDTH="41" />
<String CONTENT="5." HEIGHT="49" HPOS="618" LANG="en-US" VPOS="3092" WIDTH="46" />
<SP HEIGHT="48" HPOS="665" VPOS="3093" WIDTH="41" />
<String CONTENT="tausend," HEIGHT="66" HPOS="707" LANG="de" VPOS="3090" WIDTH="261" />
<SP HEIGHT="47" HPOS="969" VPOS="3109" WIDTH="39" />
<String CONTENT="mit" HEIGHT="52" HPOS="1009" LANG="de" VPOS="3090" WIDTH="107" />
<SP HEIGHT="49" HPOS="1117" VPOS="3093" WIDTH="38" />
<String CONTENT="22" HEIGHT="48" HPOS="1156" LANG="en-US" VPOS="3093" WIDTH="67" />
<SP HEIGHT="49" HPOS="1224" VPOS="3093" WIDTH="40" />
<String CONTENT="abbildungen." HEIGHT="67" HPOS="1265" LANG="en-US" VPOS="3089" WIDTH="407" />
<SP HEIGHT="51" HPOS="1673" VPOS="3090" WIDTH="78" />
<String CONTENT="Berlin," HEIGHT="66" HPOS="1752" LANG="en-US" VPOS="3088" WIDTH="220" />
<SP HEIGHT="65" HPOS="1973" VPOS="3089" WIDTH="40" />
<String CONTENT="J." HEIGHT="53" HPOS="2014" LANG="en-US" VPOS="3089" WIDTH="57" />
<SP HEIGHT="56" HPOS="2072" VPOS="3087" WIDTH="42" />
<String CONTENT="Springer," HEIGHT="69" HPOS="2115" LANG="en-US" VPOS="3087" WIDTH="300" />
</TextLine>
<TextLine HEIGHT="51" HPOS="400" STYLEREFS="StyleId-1D1B882C-1823-4F42-8EBF-18B3E2F2E125-" VPOS="3168" WIDTH="153">
<String CONTENT="1932." HEIGHT="51" HPOS="400" VPOS="3168" WIDTH="153" />
</TextLine>
<TextLine CS="1" HEIGHT="108" HPOS="401" VPOS="3238" WIDTH="1999">
<String CONTENT="3" HEIGHT="40" HPOS="472" LANG="en-US" VPOS="3238" WIDTH="28" />
<SP />
<String CONTENT="p." HEIGHT="37" HPOS="532" LANG="en-US" VPOS="3250" WIDTH="43" />
<SP />
<String CONTENT="l.," CS="1" HEIGHT="15" HPOS="646" LANG="en-US" VPOS="3271" WIDTH="8" />
<SP HEIGHT="45" HPOS="655" VPOS="3241" WIDTH="34" />
<String CONTENT="134," HEIGHT="46" HPOS="690" LANG="en-US" VPOS="3240" WIDTH="98" />
<SP HEIGHT="29" HPOS="789" VPOS="3260" WIDTH="37" />
<String CONTENT="[2]" HEIGHT="51" HPOS="827" LANG="en-US" VPOS="3239" WIDTH="54" />
<SP HEIGHT="39" HPOS="882" VPOS="3251" WIDTH="35" />
<String CONTENT="p." HEIGHT="38" HPOS="918" LANG="en-US" VPOS="3251" WIDTH="43" />
<SP HEIGHT="41" HPOS="962" VPOS="3240" WIDTH="60" />
<String CONTENT="illus." HEIGHT="42" HPOS="1023" LANG="en-US" VPOS="3239" WIDTH="128" />
<SP HEIGHT="40" HPOS="1152" VPOS="3241" WIDTH="61" />
<String CONTENT="18&#189;" CS="1" HEIGHT="42" HPOS="1214" LANG="en-US" VPOS="3239" WIDTH="55" />
<String CONTENT="cm" HEIGHT="22" HPOS="1303" LANG="en-US" STYLE="superscript" VPOS="3242" WIDTH="43" />
<String CONTENT="." HEIGHT="7" HPOS="1352" LANG="en-US" VPOS="3273" WIDTH="7" />
<SP />
<String CONTENT="(Added" HEIGHT="49" HPOS="1433" LANG="en-US" VPOS="3240" WIDTH="193" />
<SP HEIGHT="39" HPOS="1627" VPOS="3242" WIDTH="35" />
<String CONTENT="t.-p.:" HEIGHT="46" HPOS="1663" LANG="en-US" VPOS="3242" WIDTH="122" />
<SP HEIGHT="40" HPOS="1786" VPOS="3240" WIDTH="29" />
<String CONTENT="Verst&#228;ndliche" HEIGHT="42" HPOS="1816" LANG="de" VPOS="3240" WIDTH="374" />
<SP HEIGHT="31" HPOS="2191" VPOS="3251" WIDTH="32" />
<String CONTENT="Wissenschaft." HEIGHT="97" HPOS="401" LANG="de" VPOS="3241" WIDTH="1999" />
<SP HEIGHT="39" HPOS="581" VPOS="3298" WIDTH="60" />
<String CONTENT="18." HEIGHT="41" HPOS="642" LANG="en-US" VPOS="3297" WIDTH="70" />
<SP HEIGHT="40" HPOS="713" VPOS="3298" WIDTH="29" />
<String CONTENT="bd.)" HEIGHT="48" HPOS="743" LANG="en-US" VPOS="3298" WIDTH="101" />
</TextLine>
<TextLine CS="1" HEIGHT="52" HPOS="402" VPOS="3350" WIDTH="2012">
<String CONTENT="&#169;" HEIGHT="52" HPOS="402" VPOS="3350" WIDTH="52" />
<SP HEIGHT="52" HPOS="455" VPOS="3350" WIDTH="31" />
<String CONTENT="Sept." HEIGHT="47" HPOS="487" VPOS="3354" WIDTH="128" />
<SP HEIGHT="40" HPOS="616" VPOS="3355" WIDTH="29" />
<String CONTENT="27," HEIGHT="46" HPOS="646" VPOS="3355" WIDTH="69" />
<SP HEIGHT="46" HPOS="716" VPOS="3355" WIDTH="28" />
<String CONTENT="1932;" HEIGHT="48" HPOS="745" VPOS="3354" WIDTH="142" />
<SP />
<String CONTENT="1c." CS="1" />
<SP HEIGHT="41" HPOS="986" VPOS="3355" WIDTH="29" />
<String CONTENT="Feb." HEIGHT="43" HPOS="1016" VPOS="3355" WIDTH="110" />
<SP HEIGHT="43" HPOS="1127" VPOS="3355" WIDTH="27" />
<String CONTENT="21," HEIGHT="47" HPOS="1155" VPOS="3355" WIDTH="70" />
<SP HEIGHT="48" HPOS="1226" VPOS="3354" WIDTH="28" />
<String CONTENT="1933;" HEIGHT="47" HPOS="1255" VPOS="3354" WIDTH="141" />
<SP HEIGHT="46" HPOS="1397" VPOS="3355" WIDTH="32" />
<String CONTENT="A-Foreign" HEIGHT="49" HPOS="1430" VPOS="3353" WIDTH="311" />
<SP HEIGHT="39" HPOS="1742" VPOS="3355" WIDTH="29" />
<String CONTENT="19831;" CS="1" HEIGHT="47" HPOS="1772" VPOS="3354" WIDTH="170" />
<SP HEIGHT="46" HPOS="1943" VPOS="3355" WIDTH="31" />
<String CONTENT="Julius" HEIGHT="41" HPOS="1975" VPOS="3354" WIDTH="163" />
<SP HEIGHT="40" HPOS="2139" VPOS="3355" WIDTH="32" />
<String CONTENT="Springer." HEIGHT="49" HPOS="2172" VPOS="3353" WIDTH="242" />
</TextLine>
<TextLine HEIGHT="48" HPOS="482" VPOS="3411" WIDTH="254">
<String CONTENT="(33-9535)" HEIGHT="48" HPOS="482" VPOS="3411" WIDTH="254" />
</TextLine>
<TextLine HEIGHT="68" HPOS="394" STYLEREFS="StyleId-AA463B30-349C-4858-870A-53910698B722-" VPOS="3515" WIDTH="775">
<String CONTENT="Wirth," HEIGHT="66" HPOS="394" VPOS="3515" WIDTH="218" />
<SP HEIGHT="63" HPOS="613" VPOS="3518" WIDTH="28" />
<String CONTENT="Fremont" HEIGHT="54" HPOS="642" VPOS="3518" WIDTH="286" />
<SP HEIGHT="54" HPOS="929" VPOS="3518" WIDTH="23" />
<String CONTENT="Philip." HEIGHT="66" HPOS="953" VPOS="3517" WIDTH="216" />
</TextLine>
<TextLine CS="1" HEIGHT="73" HPOS="469" STYLEREFS="StyleId-1D1B882C-1823-4F42-8EBF-18B3E2F2E125-" VPOS="3591" WIDTH="1881">
<String CONTENT="A" HEIGHT="53" HPOS="469" VPOS="3591" WIDTH="54" />
<SP HEIGHT="54" HPOS="524" VPOS="3591" WIDTH="35" />
<String CONTENT="history" HEIGHT="69" HPOS="560" VPOS="3593" WIDTH="225" />
<SP HEIGHT="49" HPOS="786" VPOS="3613" WIDTH="32" />
<String CONTENT="of" HEIGHT="54" HPOS="819" VPOS="3595" WIDTH="65" />
<SP HEIGHT="54" HPOS="885" VPOS="3594" WIDTH="34" />
<String CONTENT="American" HEIGHT="55" HPOS="920" VPOS="3594" WIDTH="309" />
<SP HEIGHT="49" HPOS="1230" VPOS="3615" WIDTH="35" />
<String CONTENT="progress," HEIGHT="49" HPOS="1266" VPOS="3615" WIDTH="282" />
<SP HEIGHT="66" HPOS="1549" VPOS="3598" WIDTH="35" />
<String CONTENT="by" HEIGHT="65" HPOS="1585" VPOS="3598" WIDTH="78" />
<SP HEIGHT="65" HPOS="1664" VPOS="3598" WIDTH="33" />
<String CONTENT="Fremont" HEIGHT="52" HPOS="1698" VPOS="3598" WIDTH="275" />
<SP HEIGHT="53" HPOS="1974" VPOS="3597" WIDTH="34" />
<String CONTENT="P." HEIGHT="53" HPOS="2009" VPOS="3597" WIDTH="67" />
<SP HEIGHT="54" HPOS="2077" VPOS="3597" WIDTH="34" />
<String CONTENT="Wirth" HEIGHT="55" HPOS="2112" VPOS="3596" WIDTH="193" />
<SP HEIGHT="51" HPOS="2306" VPOS="3597" WIDTH="44" />
<String CONTENT="&#8230;" CS="1" />
</TextLine>
<TextLine CS="1" HEIGHT="70" HPOS="400" STYLEREFS="StyleId-1D1B882C-1823-4F42-8EBF-18B3E2F2E125-" VPOS="3672" WIDTH="2012">
<String CONTENT="and" HEIGHT="52" HPOS="400" VPOS="3672" WIDTH="114" />
<SP HEIGHT="54" HPOS="515" VPOS="3672" WIDTH="41" />
<String CONTENT="Waddy" HEIGHT="67" HPOS="557" VPOS="3673" WIDTH="234" />
<SP HEIGHT="66" HPOS="792" VPOS="3674" WIDTH="44" />
<String CONTENT="Thompson" HEIGHT="69" HPOS="837" VPOS="3673" WIDTH="331" />
<SP HEIGHT="35" HPOS="1169" VPOS="3693" WIDTH="51" />
<String CONTENT="&#8230;" CS="1" />
<SP HEIGHT="52" HPOS="1277" VPOS="3676" WIDTH="80" />
<String CONTENT="Boston," HEIGHT="64" HPOS="1358" VPOS="3676" WIDTH="236" />
<SP HEIGHT="65" HPOS="1595" VPOS="3675" WIDTH="41" />
<String CONTENT="New" HEIGHT="53" HPOS="1637" VPOS="3675" WIDTH="142" />
<SP HEIGHT="52" HPOS="1780" VPOS="3675" WIDTH="45" />
<String CONTENT="York" HEIGHT="54" HPOS="1826" VPOS="3675" WIDTH="163" />
<SP HEIGHT="66" HPOS="1990" VPOS="3675" WIDTH="46" />
<String CONTENT="[etc.]" CS="1" HEIGHT="61" HPOS="2056" VPOS="3680" WIDTH="121" />
<SP HEIGHT="67" HPOS="2178" VPOS="3674" WIDTH="48" />
<String CONTENT="D." HEIGHT="53" HPOS="2227" VPOS="3674" WIDTH="74" />
<SP HEIGHT="56" HPOS="2302" VPOS="3674" WIDTH="45" />
<String CONTENT="C." HEIGHT="56" HPOS="2348" VPOS="3674" WIDTH="64" />
</TextLine>
<TextLine CS="1" HEIGHT="72" HPOS="397" STYLEREFS="StyleId-1D1B882C-1823-4F42-8EBF-18B3E2F2E125-" VPOS="3748" WIDTH="886">
<String CONTENT="Heath" HEIGHT="56" HPOS="397" VPOS="3748" WIDTH="195" />
<SP HEIGHT="55" HPOS="593" VPOS="3750" WIDTH="30" />
<String CONTENT="and" HEIGHT="53" HPOS="624" VPOS="3752" WIDTH="114" />
<SP HEIGHT="53" HPOS="739" VPOS="3752" WIDTH="28" />
<String CONTENT="company" HEIGHT="50" HPOS="768" VPOS="3770" WIDTH="283" />
<SP HEIGHT="48" HPOS="1052" VPOS="3772" WIDTH="35" />
<String CONTENT="[" CS="1" />
<String CONTENT="c" HEIGHT="22" HPOS="1105" STYLE="superscript" VPOS="3759" WIDTH="19" />
<String CONTENT="1933]" HEIGHT="65" HPOS="1129" VPOS="3755" WIDTH="154" />
</TextLine>
<TextLine CS="1" HEIGHT="55" HPOS="474" VPOS="3821" WIDTH="1629">
<String CONTENT="vii," HEIGHT="47" HPOS="474" VPOS="3821" WIDTH="82" />
<SP HEIGHT="43" HPOS="557" VPOS="3825" WIDTH="31" />
<String CONTENT="522," HEIGHT="45" HPOS="589" VPOS="3823" WIDTH="100" />
<SP HEIGHT="31" HPOS="690" VPOS="3837" WIDTH="30" />
<String CONTENT="xxxi" HEIGHT="39" HPOS="721" VPOS="3826" WIDTH="120" />
<SP HEIGHT="49" HPOS="842" VPOS="3826" WIDTH="30" />
<String CONTENT="p." HEIGHT="37" HPOS="873" VPOS="3838" WIDTH="43" />
<SP HEIGHT="39" HPOS="917" VPOS="3826" WIDTH="59" />
<String CONTENT="front.," HEIGHT="43" HPOS="977" VPOS="3826" WIDTH="168" />
<SP HEIGHT="42" HPOS="1146" VPOS="3827" WIDTH="30" />
<String CONTENT="illus.," HEIGHT="46" HPOS="1177" VPOS="3827" WIDTH="144" />
<SP HEIGHT="35" HPOS="1322" VPOS="3838" WIDTH="31" />
<String CONTENT="maps" HEIGHT="39" HPOS="1354" VPOS="3837" WIDTH="140" />
<SP HEIGHT="48" HPOS="1495" VPOS="3826" WIDTH="26" />
<String CONTENT="(part" HEIGHT="50" HPOS="1522" VPOS="3826" WIDTH="136" />
<SP HEIGHT="40" HPOS="1659" VPOS="3828" WIDTH="29" />
<String CONTENT="double)" HEIGHT="47" HPOS="1689" VPOS="3828" WIDTH="199" />
<SP HEIGHT="48" HPOS="1889" VPOS="3827" WIDTH="67" />
<String CONTENT="20&#189;" CS="1" HEIGHT="41" HPOS="1957" VPOS="3827" WIDTH="57" />
<String CONTENT="cm" HEIGHT="21" HPOS="2046" STYLE="superscript" VPOS="3830" WIDTH="45" />
<String CONTENT="." HEIGHT="8" HPOS="2095" VPOS="3860" WIDTH="8" />
</TextLine>
<TextLine HEIGHT="53" HPOS="474" VPOS="3879" WIDTH="624">
<String CONTENT="Maps" HEIGHT="51" HPOS="474" VPOS="3879" WIDTH="141" />
<SP HEIGHT="30" HPOS="616" VPOS="3893" WIDTH="26" />
<String CONTENT="on" HEIGHT="29" HPOS="643" VPOS="3894" WIDTH="59" />
<SP HEIGHT="40" HPOS="703" VPOS="3882" WIDTH="26" />
<String CONTENT="lining-papers." HEIGHT="50" HPOS="730" VPOS="3882" WIDTH="368" />
</TextLine>
<TextLine HEIGHT="54" HPOS="475" VPOS="3936" WIDTH="986">
<String CONTENT="&#8220;Readings&#8221;" HEIGHT="51" HPOS="475" VPOS="3936" WIDTH="307" />
<SP HEIGHT="42" HPOS="783" VPOS="3938" WIDTH="28" />
<String CONTENT="at" HEIGHT="38" HPOS="812" VPOS="3943" WIDTH="53" />
<SP HEIGHT="38" HPOS="866" VPOS="3943" WIDTH="24" />
<String CONTENT="end" HEIGHT="40" HPOS="891" VPOS="3941" WIDTH="93" />
<SP HEIGHT="40" HPOS="985" VPOS="3941" WIDTH="29" />
<String CONTENT="of" HEIGHT="41" HPOS="1015" VPOS="3940" WIDTH="52" />
<SP HEIGHT="42" HPOS="1068" VPOS="3940" WIDTH="25" />
<String CONTENT="each" HEIGHT="41" HPOS="1094" VPOS="3941" WIDTH="118" />
<SP HEIGHT="40" HPOS="1213" VPOS="3941" WIDTH="29" />
<String CONTENT="chapter." HEIGHT="50" HPOS="1243" VPOS="3940" WIDTH="218" />
</TextLine>
<TextLine CS="1" HEIGHT="111" HPOS="402" VPOS="3991" WIDTH="1994">
<String CONTENT="&#169;" HEIGHT="53" HPOS="402" VPOS="3991" WIDTH="53" />
<SP HEIGHT="53" HPOS="456" VPOS="3991" WIDTH="30" />
<String CONTENT="Mar." HEIGHT="39" HPOS="487" VPOS="3997" WIDTH="122" />
<SP HEIGHT="39" HPOS="610" VPOS="3997" WIDTH="29" />
<String CONTENT="17," HEIGHT="45" HPOS="640" VPOS="3997" WIDTH="70" />
<SP HEIGHT="44" HPOS="711" VPOS="3998" WIDTH="29" />
<String CONTENT="1933:" HEIGHT="42" HPOS="741" VPOS="3997" WIDTH="140" />
<SP HEIGHT="41" HPOS="882" VPOS="3998" WIDTH="33" />
<String CONTENT="2c." HEIGHT="39" HPOS="916" VPOS="3998" WIDTH="66" />
<SP HEIGHT="39" HPOS="983" VPOS="3998" WIDTH="29" />
<String CONTENT="Apr." HEIGHT="47" HPOS="1013" VPOS="3998" WIDTH="114" />
<SP HEIGHT="40" HPOS="1128" VPOS="3998" WIDTH="30" />
<String CONTENT="1:" HEIGHT="41" HPOS="1159" VPOS="3998" WIDTH="51" />
<SP HEIGHT="30" HPOS="1211" VPOS="4009" WIDTH="31" />
<String CONTENT="aff." HEIGHT="40" HPOS="1243" VPOS="3997" WIDTH="82" />
<SP HEIGHT="39" HPOS="1326" VPOS="3999" WIDTH="30" />
<String CONTENT="Apr." HEIGHT="46" HPOS="1357" VPOS="3999" WIDTH="113" />
<SP HEIGHT="38" HPOS="1471" VPOS="3999" WIDTH="31" />
<String CONTENT="19:" HEIGHT="42" HPOS="1503" VPOS="3998" WIDTH="82" />
<SP HEIGHT="42" HPOS="1586" VPOS="3998" WIDTH="31" />
<String CONTENT="A" HEIGHT="39" HPOS="1618" VPOS="3998" WIDTH="41" />
<SP HEIGHT="39" HPOS="1660" VPOS="3998" WIDTH="26" />
<String CONTENT="62233;" HEIGHT="43" HPOS="1687" VPOS="3998" WIDTH="171" />
<SP HEIGHT="41" HPOS="1859" VPOS="4000" WIDTH="32" />
<String CONTENT="F." HEIGHT="41" HPOS="1892" VPOS="4000" WIDTH="50" />
<SP HEIGHT="40" HPOS="1943" VPOS="4001" WIDTH="30" />
<String CONTENT="P." HEIGHT="38" HPOS="1974" VPOS="4001" WIDTH="50" />
<SP HEIGHT="39" HPOS="2025" VPOS="4001" WIDTH="28" />
<String CONTENT="Wirth." HEIGHT="41" HPOS="2054" VPOS="4000" WIDTH="176" />
<SP HEIGHT="41" HPOS="2231" VPOS="4000" WIDTH="31" />
<String CONTENT="Nashville," HEIGHT="102" HPOS="470" VPOS="4000" WIDTH="1926" />
</TextLine>
<TextLine HEIGHT="49" HPOS="629" VPOS="4055" WIDTH="1239">
<String CONTENT="and" HEIGHT="38" HPOS="629" VPOS="4056" WIDTH="94" />
<SP HEIGHT="39" HPOS="724" VPOS="4056" WIDTH="28" />
<String CONTENT="Waddy" HEIGHT="47" HPOS="753" VPOS="4055" WIDTH="194" />
<SP HEIGHT="46" HPOS="948" VPOS="4056" WIDTH="23" />
<String CONTENT="Thompson," HEIGHT="48" HPOS="972" VPOS="4055" WIDTH="290" />
<SP HEIGHT="48" HPOS="1263" VPOS="4055" WIDTH="31" />
<String CONTENT="Atlanta." HEIGHT="41" HPOS="1295" VPOS="4055" WIDTH="218" />
<SP HEIGHT="48" HPOS="1514" VPOS="4055" WIDTH="71" />
<String CONTENT="(33-11149)" HEIGHT="49" HPOS="1586" VPOS="4055" WIDTH="282" />
</TextLine>
</TextBlock>
</PrintSpace>
</Page>
</Layout>
</alto>