2582 4453
1324 4107 138 52 1252

434 503 162 41 “First
628 503 261 48 printing.”

366 557 51 52 ©
464 562 127 48 Sept.
666 593 8 9 8.
718 562 140 42 1938:
903 563 66 40 2c.
1014 564 94 38 and
1153 562 81 40 aff.
1283 563 127 47 Sept.
1454 563 82 46 11;
1581 562 41 39 A
1665 562 114 40 64985;
1883 563 53 38 It.
1981 562 71 40 W.
2097 561 285 42 Chambers,

434 619 314 41 Broadalbin.
831 653 7 7 N.
873 620 53 39 Y.
998 619 282 48 (33-23507)

363 720 346 68 Chambers,
739 722 326 67 Whitman,
1100 727 172 50 1896-

434 800 121 53 The
622 801 320 68 campanile
1009 802 276 60 murders,
1332 802 73 68 by
1470 801 301 54 Whitman
1837 800 327 55 Chambers.
2241 799 138 54 New

367 880 178 68 York,
586 881 258 58 London,
885 882 71 51 D.
998 879 583 71 Appleton-Century
1622 898 298 51 company,
1960 878 421 69 incorporated,

367 963 151 50 1933.

435 1034 665 50 3 p. l., 315, [1] p. 19½ cm .
438 1093 163 40 “First
636 1092 262 49 printing.”

370 1148 51 52 ©
455 1153 127 47 Sept.
617 1154 38 45 8,
688 1152 140 46 1933;
862 1152 68 41 2c.
963 1153 95 38 and
1091 1150 80 41 aff.
1208 1152 128 46 Sept.
1368 1153 81 38 11:
1485 1151 42 39 A
1558 1150 170 42 64983:
1763 1152 71 39 W.
1869 1150 280 47 Chambers,
2186 1150 197 40 Stinson

438 1210 175 48 Beach,
647 1209 143 42 Calif.
864 1208 282 51 (33-23506)

367 1296 215 69 Chant,
614 1299 279 56 Clarence
925 1301 333 65 Augustus,
1292 1304 171 50 1865-

439 1375 1942 72 Text book of college physics, by C. A. Chant … and E. F.
372 1456 1712 70 Burton … New York, H. Holt and company [ c 1933 ]
439 1529 97 48 xiv,
571 1529 84 40 541
691 1541 42 36 p.
797 1529 144 48 illus.,
975 1530 87 40 col.
1098 1541 77 37 pl.,
1212 1529 180 48 diagrs.
1458 1530 55 39 22½
1546 1533 43 21 cm
1596 1562 7 6 .

375 1586 51 52 ©
458 1592 120 47 Aug.
610 1591 69 46 30,
713 1590 140 43 1933:
887 1592 66 39 2c.
987 1592 96 38 and
1116 1590 82 41 aff.
1234 1590 127 48 Sept.
1393 1591 54 46 2;
1481 1591 42 39 A
1554 1589 170 47 64897;
1761 1591 169 47 Henry
1962 1590 121 40 Holt
2115 1589 36 41 &
2184 1600 82 36 co.,
2300 1590 92 38 inc.

451 1648 283 48 (33-23629)

369 1735 303 67 Chatters,
702 1741 135 53 Carl
865 1739 266 63 Hallack,
1163 1739 399 53 1898-ed.

444 1816 323 70 Municipal
807 1818 133 53 debt
978 1818 273 67 defaults,
1286 1818 151 53 their
1475 1818 340 68 prevention
1851 1817 113 53 and
2003 1817 385 67 adjustment;:

372 1914 31 33 a
435 1901 197 63 report
662 1902 59 48 to
754 1897 95 52 the
884 1897 314 53 Executive
1234 1897 321 53 committee
1588 1897 63 53 of
1684 1897 95 53 the
1811 1895 324 69 Municipal
2167 1895 223 53 finance

374 1972 209 55 officers
618 1974 342 54 association
994 1975 62 54 of
1088 1976 97 52 the
1218 1975 218 54 United
1473 1975 189 55 States
1700 1975 113 53 and
1849 1974 256 68 Canada,
2138 1975 76 66 by
2249 1974 139 55 Carl

375 2050 76 56 H.
476 2049 287 72 Chatters,
788 2053 291 54 executive
1105 2053 266 67 director,
1397 2054 139 53 with
1561 2054 95 53 the
1682 2054 413 54 collaboration
2121 2053 63 54 of
2208 2053 71 53 A.
2306 2052 81 55 M.

377 2129 325 70 Hillhouse,
753 2132 231 55 Simeon
1031 2133 69 51 E.
1149 2132 239 67 Leland,
1438 2133 293 55 Cushman
1780 2132 215 56 McGee
2045 2132 113 54 and
2209 2132 64 56 C.
2321 2132 69 53 E.

377 2209 2012 70 Rightor … Chicago, Ill., Public administration service, 1933.
450 2283 1942 51 3 p. l., 55, [4] p. diagr. 26½ cm . ([Public administration service,
379 2337 227 53 Chicago]
675 2340 306 42 Publication
1020 2352 74 29 no.
1132 2341 81 48 33)
1341 2341 129 49 $0.50

467 2399 120 47 Aug.
624 2399 38 47 8,
698 2399 141 46 1933;
877 2400 66 39 2c.
980 2398 96 41 and
1110 2398 71 41 aff.
1228 2400 119 46 Aug.
1384 2399 82 47 16;
1504 2400 41 38 A
1580 2399 170 47 63933;
1789 2400 173 40 Public
1995 2398 401 42 administration

447 2457 199 41 service.
718 2457 283 48 (33-23663)

376 2546 239 67 Choisy,
645 2549 260 64 Maryse.

513 2626 1881 70 … Don Juan de Paris, roman … [Paris] E. Flammarion
386 2709 172 65 [1933]

453 2778 491 43 248 p., 1 l. 18½cm.
381 2833 53 53 ©
464 2838 120 48 Aug.
617 2839 39 44 3,
689 2838 141 47 1933;
865 2839 66 40 1c.
963 2839 119 47 Aug.
1116 2838 51 46 8;
1202 2838 315 49 A-Foreign
1547 2839 171 46 21817;
1755 2840 178 39 Ernest
1965 2836 347 43 Flammarion.

461 2895 282 49 (33-24495)

378 2987 195 65 Clark,
602 2988 263 54 Thomas
891 2988 344 64 Dionysius.

451 3065 121 53 The
602 3066 317 69 beginning
947 3067 63 53 of
1039 3068 95 52 the
1163 3067 48 51 L
1238 3070 45 50 &
1311 3067 83 64 N;
1425 3068 96 52 the
1552 3068 399 66 development
1979 3066 63 54 of
2070 3067 96 52 the
384 3065 1985 131 Louisville
556 3144 113 52 and
707 3143 301 55 Nashville

1046 3145 255 53 railroad
1340 3146 113 52 and
1493 3147 73 51 its
1604 3145 289 67 Memphis
1930 3145 275 53 branches
2243 3145 154 53 from

385 3222 2010 69 1836 to 1860, by Thomas D. Clark … Louisville, Ky., The
383 3297 296 55 Standard
710 3299 267 69 printing
1006 3320 98 44 co.,
1135 3302 422 67 incorporated,
1590 3305 152 50 1933.

456 3373 85 40 107
575 3384 43 38 p.
680 3373 56 41 17½
769 3376 43 21 cm
818 3406 8 8 .

461 3429 161 41 “Read
657 3430 167 41 before
856 3432 83 40 the
974 3431 165 40 Filson
1173 3431 123 47 club,
1330 3431 279 47 Louisville,
1643 3431 116 49 May
1791 3434 39 43 1,
1865 3431 264 51 1933.”—p.
2162 3434 69 40 15.

458 3487 320 41 “Footnotes”:
839 3499 44 38 p.
914 3488 217 41 101-107.

387 3540 2015 54 © Aug. 4, 1933; 2c. and aff. Sept. 7; A 65156: T. D. Clark, Lexington,
458 3603 88 47 Ky.
623 3602 281 48 (33-23666)

382 3687 176 69 Coon,
588 3693 277 54 Carleton
895 3695 272 66 Stevens,
1199 3697 172 50 1904-

453 3771 122 54 The
614 3771 225 63 Riffian,
879 3773 74 69 by
993 3773 269 56 Carleton
1310 3773 56 56 S.
1409 3772 173 56 Coon.
1663 3776 234 66 Boston,
1937 3773 195 68 Little,
2174 3776 230 66 Brown,

384 3850 111 53 and
529 3868 298 51 company,
864 3854 149 51 1933.

455 3923 101 48 viii,
585 3924 88 41 302
702 3936 42 37 p.
804 3925 118 42 20cm.

390 3976 2014 58 © Sept. 8. 1933: 2c. and aff. Sept. 9: A 65174; C. S. Coon, Wakefield,
458 4039 145 39 Mass.
679 4041 281 47 (33-23511)
