2484 4405
1067 4085 101 53 997

120 437 261 64 Durand,
407 437 201 64 Loyal,
631 436 72 67 jr.

191 514 185 51 Home
415 512 224 69 regions
677 511 64 54 of
778 511 342 68 Wisconsin,
1158 530 31 33 a
1230 511 333 69 geography
1603 508 63 53 of
1705 509 94 52 the
1839 513 162 63 state,
2041 508 74 69 by

127 591 176 68 Loyal
340 590 261 67 Durand,
640 589 72 69 jr.
754 590 112 52 and
906 588 282 53 Leavelva
1228 589 80 52 M.
1352 586 323 69 Bradbury.
1754 587 138 52 New
1936 585 179 69 York,

123 668 121 52 The
267 668 334 52 Macmillan
629 684 296 51 company,
958 669 149 52 1933.

191 740 80 48 vii,
298 740 86 39 214
410 750 42 37 p.
514 740 141 47 illus.,
683 739 192 48 diagrs.,
907 749 134 37 maps
1080 739 49 48 (1
1160 738 197 47 double)
1428 737 56 40 20½
1517 740 15 21 cm
1565 769 8 8 .

192 795 301 48 “Readings”
521 798 51 37 at
598 796 89 39 end
715 795 53 39 of
791 798 125 37 most
942 794 52 40 of
1017 796 81 39 the
1126 796 237 46 chapters.

125 863 51 52 ©
209 869 127 39 June
365 870 69 45 13,
465 868 139 40 1933:
638 869 67 39 2c.
738 870 94 37 and
864 867 82 43 aff.
978 868 130 39 June
1136 867 82 47 14;
1253 867 40 39 A
1326 867 170 46 63157;
1532 867 280 39 Macmillan
1846 876 66 30 co.

201 926 278 47 (33-15518)

118 1029 256 63 Duryea,
399 1030 138 51 Mrs.
566 1027 208 55 Jennie
801 1029 222 53 Sworn.

190 1104 1921 68 The inner voice, by Jennie Sworn Duryea … Cincinnati,
122 1181 1985 69 O., God’s Bible school and missionary training home [ c 1933]
194 1253 85 42 277
305 1266 43 37 p.
408 1254 163 49 front.,
597 1255 171 49 plates.
829 1255 55 40 19½
917 1257 15 21 cm
964 1287 9 9 .

125 1321 51 51 ©
217 1327 113 45 May
365 1326 69 46 25,
474 1325 140 46 1933;
653 1326 67 38 2c.
760 1325 129 39 June
924 1326 82 46 17;
1047 1325 81 39 aff.
1170 1324 115 49 July
1323 1326 81 46 15;
1443 1326 42 38 A
1524 1325 142 40 63605;
1735 1326 42 39 J.
1821 1325 44 40 S.
1904 1326 212 47 Duryea,

194 1382 288 40 Cincinnati.
555 1382 278 49 (33-17940)

120 1487 289 61 Eberlein,
442 1488 219 52 Harold
692 1487 356 57 Donaldson.

193 1565 399 66 Remodelling
618 1565 112 52 and
759 1565 281 66 adapting
1068 1565 95 52 the
1193 1565 165 52 small
1387 1565 189 66 house,
1604 1564 74 67 by
1708 1564 226 53 Harold
127 1564 1969 130 Donaldson
360 1642 266 51 Eberlein
663 1642 112 51 and
811 1642 230 52 Donald
1078 1640 217 55 Greene
1332 1642 279 66 Tarpley;
1651 1642 138 51 with
1831 1641 98 53 127
127 1641 1972 129 illustrations
398 1719 111 51 and
540 1719 181 66 plans.
788 1717 408 68 Philadelphia
1228 1721 50 50 &
1310 1719 257 66 London,
1598 1719 55 54 J.
1687 1719 66 51 B.
1786 1718 337 67 Lippincott

123 1812 294 49 company,
451 1798 149 49 1933.

193 1868 84 40 163
316 1879 43 37 p.
398 1867 109 40 incl.
546 1867 164 48 front.,
752 1867 142 48 illus.,
935 1868 171 48 plates,
1148 1869 153 46 plans.
1371 1868 55 40 26½
1458 1870 15 21 cm
1506 1900 7 8 .
1590 1867 330 51 [Lippincott’s
121 1870 1980 94 homemaker
316 1924 164 49 series]

194 1980 161 41 “First
383 1980 227 41 edition.”

127 2048 53 52 ©
208 2053 129 38 June
361 2052 70 46 29,
461 2052 139 46 1933;
631 2052 67 40 2c.
729 2053 95 38 and
854 2052 83 42 aff.
967 2053 116 43 July
1113 2054 51 45 7;
1196 2053 40 38 A
1266 2053 169 46 64267;
1469 2053 44 40 J.
1545 2054 51 38 B.
1631 2053 275 48 Lippincott
1937 2064 69 30 co.

205 2109 278 48 (33-27182)

119 2210 175 65 Eliot,
321 2209 237 65 Abigail
585 2211 243 65 Adams,
858 2216 171 50 1892-

253 2289 1864 70 … Eating habits in relation to personality development of
122 2368 1970 303 two- and three-year-old children; a study of sixty-nine children in two nursery schools; from the Graduate school of education of Harvard university, by Abigail A. Eliot … Worcester, Mass., Clark university, c 1933.
193 2676 1924 49 p. 399-81. 25 cm . (Genetic psychology monographs … vol. XIII,
123 2742 72 30 no.
216 2731 50 48 5)

194 2788 374 42 “References”:
600 2801 43 37 p.
670 2790 216 41 476-479.

129 2843 51 51 ©
212 2848 112 46 May
353 2847 68 47 29,
455 2848 138 42 1933;
625 2849 65 39 2c.
724 2850 112 39 May
864 2849 82 41 29;
980 2848 81 40 aff.
1093 2849 127 40 June
1250 2849 82 46 21;
1366 2848 43 41 A
1437 2848 170 46 63327;
1642 2848 148 40 Clark
1822 2847 128 41 univ.

205 2904 278 47 (33-18062)

123 3003 195 67 Foote,
348 3006 153 54 John
531 3006 262 66 Taintor,
827 3012 169 50 1881-

196 3084 167 50 Fatal
407 3090 241 61 gesture,
690 3086 74 66 by
807 3085 155 54 John
1006 3086 242 52 Taintor
1290 3087 194 51 Foote.
1560 3086 140 51 New
1745 3085 179 64 York,
126 3086 1963 134 London,
293 3161 71 52 D.
405 3160 578 71 Appleton-Century
1023 3183 297 48 company,
1360 3162 418 68 incorporated,
1823 3166 148 49 1933.

197 3233 622 51 3 p. l.. 67, [1] p. 19½ cm .
130 3286 53 52 ©
211 3292 114 46 July
353 3293 67 45 14,
450 3291 138 42 1933;
620 3292 66 40 2c.
716 3296 94 37 and
840 3293 80 41 aff.
951 3294 116 47 July
1094 3295 82 40 17;
1207 3294 40 37 A
1276 3293 170 46 64342;
1478 3293 43 39 J.
1551 3294 52 41 T.
1635 3293 162 47 Foote,
1828 3293 291 49 Beaverkill,

196 3348 55 39 N.
283 3349 53 39 Y.
407 3349 278 48 (33-17934)

124 3449 306 66 Fruchter,
461 3453 195 53 Moses
685 3453 239 65 Joseph,
956 3459 171 49 1902-

201 3526 189 69 Georg
414 3528 251 54 Kaiser’s
691 3529 275 54 dramatic
992 3529 203 69 works,
1218 3529 89 54 his
1334 3529 170 53 social
1533 3528 274 69 dialectic,
1834 3529 74 69 by
1934 3529 186 55 Moses

129 3604 213 67 Joseph
388 3606 290 53 Fruchter.
761 3605 421 69 Philadelphia,
1228 3610 149 48 1933.

196 3674 56 41 89
284 3686 42 35 p.
386 3676 54 39 23½
473 3678 44 21 cm
522 3708 7 8 .

201 3733 169 40 Issued
395 3733 102 40 also
525 3743 54 30 as
605 3733 151 42 thesis
793 3735 107 48 (PH.
959 3736 33 48 D.)
1026 3735 283 49 University
1334 3736 51 40 of
1412 3737 356 47 Pennsylvania
1799 3739 151 40 under
1978 3738 135 41 title:

129 3789 100 39 The
255 3790 147 39 social
431 3790 224 41 dialectic
680 3792 48 39 in
757 3793 154 46 Georg
937 3793 217 40 Kaiser’s
1180 3794 240 40 dramatic
1445 3794 172 41 works.

201 3846 66 38 “A
303 3847 353 47 chronological
693 3848 335 48 bibliography
1066 3849 53 39 of
1155 3849 216 41 Kaiser’s
1408 3850 165 48 plays”:
1643 3863 40 36 p.
1724 3851 168 43 86-88;
1936 3851 180 42 “Other

132 3902 156 39 works
319 3902 51 40 of
398 3902 154 47 Georg
580 3904 176 39 Kaiser
785 3906 144 38 used”:
992 3917 40 36 p.
1064 3906 82 44 88;
1179 3905 347 49 Bibliography:
1587 3919 39 36 p.
1658 3908 155 40 88-89.

134 3958 51 51 ©
215 3964 114 46 July
357 3964 39 45 3,
426 3963 140 41 1933:
598 3964 65 39 2c.
694 3966 90 38 and
817 3964 80 40 aff.
927 3965 116 41 July
1072 3965 53 45 8;
1159 3966 38 38 A
1227 3965 168 47 63532;
1431 3968 59 37 M.
1523 3968 41 38 J.
1599 3968 250 46 Fruchter,
203 3967 1899 99 Philadelphia.
401 4021 252 46 (33-17821)
