2484 4405
1082 4075 102 50 653

126 414 246 66 Gmelin,
403 416 161 64 Otto,
596 419 171 50 1886-

258 485 1863 71 … Sommer mit Cordelia, erzahlung. Jena, E. Diederichs
147 572 177 65 [ c 1933]
195 639 805 52 2 p. l., 3-168, [1] p., 1 l. 19 cm .
197 697 196 40 “Erstes
419 697 74 40 bis
517 696 180 40 viertes
725 694 249 43 tausend.”

128 745 1981 115 © Jan. 1, 1933; 1c. Feb. 23; A-Foreign 19993; Eugen Diederichs verlag. (33-11552)
126 912 318 66 Gobineau,
473 914 219 64 Joseph
721 912 252 66 Arthur,
1003 919 180 49 comte
1212 914 88 64 de,
1331 917 325 52 1816-1882.

258 989 1864 70 … Le prisonnier chanceux; ou, Les a ventures de Jean de la
127 1069 446 67 Tour-Miracle;
599 1068 206 68 edited,
830 1068 140 54 with
993 1067 408 69 introduction,
1424 1073 177 62 notes,
1626 1069 112 52 and
1763 1067 362 68 vocabulary,

128 1146 1970 148 by Henry Ward Church … New York & London, The Century co. [ c 1933]
198 1297 129 49 xxvi,
364 1298 85 40 244
484 1309 43 37 p.
589 1297 163 48 front.,
790 1297 127 41 illus.
953 1296 135 48 (incl.
1123 1294 137 50 map)
1294 1296 171 48 plates.
1530 1295 143 41 19½cm.
1747 1294 127 49 (The
1911 1294 213 50 Century

128 1356 198 40 modern
346 1355 238 47 language
605 1355 151 39 series)
904 1352 130 50 $1.25

197 1414 64 39 At
289 1412 124 41 head
445 1411 52 42 of
526 1412 134 41 title:
695 1411 262 41 Gobineau.

198 1468 604 50 “References” : p. xxvi.
132 1523 51 52 ©
218 1528 112 47 Apr.
367 1527 40 46 6,
441 1527 112 40 1933;
618 1526 66 41 2c.
721 1527 94 39 and
852 1525 82 42 aff.
970 1527 116 46 May
1120 1526 51 46 5;
1210 1526 42 38 A
1285 1524 171 47 62516;
1494 1524 215 48 Century
1744 1534 66 29 co.
1892 1519 51 52 [©
202 1522 1907 109 introduction,
445 1585 150 44 notes,
628 1583 294 48 vocabulary

955 1584 94 38 and
1083 1583 66 39 all
1182 1583 322 47 explanatory
1534 1582 196 49 matter]
210 1640 279 48 (33-11732)

129 1740 280 68 Graham,
436 1742 268 54 Malcolm
736 1740 274 67 Kintner,
1043 1743 172 55 1872-

198 1817 354 56 Continuous
594 1818 356 69 prosperity;
994 1835 74 35 an
1109 1818 231 54 address
1381 1816 287 55 delivered
1708 1822 60 48 to
1808 1816 99 53 the
1946 1817 181 53 Town

130 1897 113 52 and
282 1912 167 53 gown
491 1896 128 53 club
662 1901 59 47 at
762 1895 219 70 Dallas,
1022 1895 203 69 Texas,
1266 1895 174 68 April
1482 1898 86 65 25,
1612 1897 152 66 1932,
1806 1895 75 68 by
1924 1894 80 53 M.
2050 1894 76 55 K.

128 1972 1864 71 Graham … Nashville, Tenn., The Parthenon press [ c 1932]
198 2047 86 41 196
311 2059 45 37 p.
419 2048 55 40 18
491 2059 31 28 x
542 2046 54 41 10
599 2049 44 22 cm
647 2079 10 9 .

204 2104 214 40 “Fourth
449 2103 197 48 edition,
675 2103 272 48 enlarged.”

199 2159 114 41 Also
353 2160 217 40 includes
609 2160 100 40 The
753 2160 208 40 marvels
1002 2159 52 41 of
1094 2160 199 40 modern
1334 2159 226 47 banking,
1603 2159 101 40 The
1745 2159 106 41 best
1893 2169 106 38 way
2044 2161 86 39 out

129 2217 96 39 and
250 2215 150 42 Loose
426 2218 118 39 ends
567 2215 176 42 bound.

135 2271 51 52 ©
213 2276 120 39 Mar.
359 2275 69 47 28,
455 2273 139 48 1933;
622 2275 67 39 2c.
716 2274 96 40 and
837 2273 82 43 aff.
945 2274 113 48 Apr.
1086 2275 82 46 13;
1197 2274 40 39 A
1263 2273 169 47 61354;
1463 2275 62 40 M.
1553 2275 59 39 K.
1640 2274 229 47 Graham,
1899 2273 229 49 Graham,

199 2331 114 40 Tex.
376 2327 68 54 [©
474 2341 104 30 new
606 2334 195 46 matter]
873 2330 281 50 (33-11996)

130 2431 233 67 Guitry,
393 2433 209 66 Sacha,
634 2438 170 51 1885-

199 2512 122 52 Mes
360 2511 297 68 médecins,
697 2530 106 49 par
845 2511 184 56 Sacha
1071 2511 231 69 Guitry,
1341 2511 379 55 illustrations
1760 2514 69 52 de
1868 2512 258 57 l’auteur.

131 2591 183 66 Paris,
344 2590 148 56 Chez
524 2589 237 68 Cortial,
791 2594 151 53 1932.

202 2662 648 49 64 p., 2 l. ports. 25cm.
137 2716 1826 53 © Sept. 27, 1932; 1c. Nov. 9; A-Foreign 18519; S. Guitry, Paris.
213 2776 279 49 (33-11666)

130 2867 284 64 Harmon,
443 2867 240 65 Joseph.

204 2942 121 54 The
382 2943 346 69 philosophy
785 2944 64 54 of
907 2944 193 69 public
1157 2944 230 69 service,
1443 2945 75 69 by
1576 2945 216 69 Joseph
1852 2945 281 54 Harmon.

139 3020 275 68 Yonkers,
444 3021 70 54 N.
546 3022 92 68 Y.,
667 3021 245 56 General
943 3022 280 69 efficiency
1254 3040 298 52 company,
1583 3026 151 51 1933.

204 3094 56 41 65
287 3106 42 37 p.
390 3094 58 41 19
449 3096 43 22 cm
497 3127 8 9 .

141 3146 51 53 ©
226 3151 112 49 Apr.
372 3151 69 49 26,
477 3152 139 47 1933;
652 3152 66 41 2c.
753 3153 96 40 and
883 3152 83 42 aff.
1000 3153 114 49 Apr.
1148 3153 82 48 28;
1266 3154 42 39 A
1342 3152 171 49 62392;
1550 3154 45 42 J.
1630 3155 233 47 Harmon,
1899 3155 233 51 Yonkers,

205 3208 54 39 N.
293 3209 51 39 Y.
417 3209 280 48 (33-11976)

134 3297 391 66 Hartshorne,
559 3299 199 65 Hugh,
793 3305 170 49 1885-

209 3374 1927 72 Church schools of today, by Hugh Hartshorne … and Earle
140 3453 1994 70 V. Ehrhart … New Haven, Pub. for the Institute of social
139 3532 112 52 and
287 3529 270 70 religious
592 3533 256 53 research
881 3533 76 69 by
991 3534 95 53 the
1124 3533 146 54 Yale
1303 3533 318 70 university
1656 3554 185 50 press;
1879 3537 258 68 London,

139 3608 78 52 H.
244 3607 266 69 Milford,
538 3609 229 55 Oxford
795 3611 320 68 university
1144 3628 174 52 press,
1349 3614 150 52 1933.

209 3681 1925 55 xiii p., 2 l., [3]-260 p. incl. diagrs., forms. 23½ cm . (Half-title: Yale
138 3736 185 43 studies
350 3737 51 42 in
428 3738 230 49 religious
685 3740 271 42 education,
1098 3739 16 49 VII)

211 3793 1926 57 “The present volume … is the fifth work issued by the Yale university
140 3858 134 38 press
302 3861 61 29 on
391 3851 80 40 the
503 3851 193 41 Samuel
725 3853 54 42 B.
811 3853 182 41 Sneath
1022 3853 251 40 memorial
1303 3853 298 50 publication
1629 3855 275 50 fund.”—p.
1983 3876 11 31 [v]

147 3901 51 52 ©
227 3907 113 47 Apr.
369 3907 69 47 25,
468 3908 141 46 1933;
639 3909 67 41 2c.
736 3910 112 46 Apr.
878 3910 83 45 28;
994 3909 82 43 aff.
1106 3911 113 46 Apr.
1249 3911 82 46 27;
1365 3912 41 37 A
1435 3911 169 47 61510;
1639 3913 233 40 Institute
1904 3914 52 40 of
1986 3914 148 41 social

212 3964 95 39 and
336 3964 229 48 religious
594 3966 238 44 research,
862 3965 117 41 New
1006 3966 144 40 York.
1221 3967 278 48 (33-11716)
