2582 4453
1266 4106 105 50 420

384 500 1948 70 always to date … Compiled and edited by the publisher’s
381 580 271 54 editorial
702 578 152 57 staff,
930 598 52 36 v.
1033 581 190 53 27-29.
1302 580 85 55 St.
1437 581 167 67 Paul,
1653 581 163 54 West
1863 580 340 69 publishing
2252 600 80 34 co.

404 664 158 50 [ c 1933]
384 738 28 39 3
439 749 42 28 v.
538 737 57 40 26c
615 739 28 20 m
648 768 8 9 .

666 805 106 29 CONTENTS.—v.
814 792 74 42 27.
928 792 271 49 Municipal
1238 791 461 49 corporations.—v.
1742 790 73 43 28.
1856 793 483 40 Names-Pardon.—

314 863 44 28 v.
389 850 74 42 29.
493 852 181 39 Parent
705 853 95 38 and
831 850 356 48 child-Piracy.

315 935 42 30 v.
382 925 70 47 27,
481 920 52 52 ©
560 926 111 37 Mar.
709 924 70 48 23,
806 924 142 47 1933;
977 935 44 29 v.
1046 923 70 48 28,
1143 922 70 48 29,
1244 918 52 52 ©
1326 925 122 38 Mar.
1476 923 82 47 24;
1588 923 69 40 2c.
1684 922 118 40 each
1831 923 114 47 Apr.
1974 923 82 46 14;
2087 922 109 41 affs.
2223 923 114 47 Apr.

389 982 81 46 15;
502 983 41 38 A
571 981 324 42 62080-62082
914 992 8 36 ;
955 982 137 39 West
1119 982 111 47 pub.
1260 992 67 29 co.

310 1104 146 52 New
490 1102 227 55 Fabian
750 1102 280 54 research
1063 1102 245 65 bureau,
1340 1102 261 55 London.

384 1181 230 52 Twelve
644 1180 216 53 studies
892 1180 60 52 in
984 1178 183 55 soviet
1199 1177 226 70 Russia,
1459 1178 192 54 edited
1684 1178 95 53 for
1810 1179 98 53 the
1939 1178 141 54 New
2111 1178 227 54 Fabian

314 1261 259 53 research
613 1260 217 53 bureau
871 1260 76 69 by
989 1260 301 68 Margaret
1331 1258 49 53 I.
1426 1257 166 69 Cole;
1639 1257 142 54 with
1825 1277 72 34 an
1942 1257 395 55 introduction

313 1340 75 69 by
429 1338 63 56 C.
535 1339 71 53 R.
647 1338 196 54 Attlee
883 1339 114 52 and
1039 1337 71 55 G.
1152 1338 73 52 D.
1265 1337 80 53 H.
1389 1336 154 56 Cole.
1622 1337 261 69 London,
1924 1338 72 54 V.
2040 1336 297 71 Gollancz,

310 1419 124 65 ltd.,
468 1420 154 54 1933.

380 1491 470 49 282 p., 1 l. 19c m .
317 1562 2021 52 © 1c Mar. 18, 1933; A ad int. 17565; pubd. Jan. 23; New Fabian
385 1625 229 39 research
643 1623 200 47 bureau,
875 1623 213 39 London.
1160 1620 253 50 (33-9134)

308 1743 147 52 New
487 1742 183 54 York.
745 1740 331 66 Zoological
1108 1740 169 66 park.

384 1818 219 54 Official
638 1816 174 72 guide
845 1818 147 54 book
1027 1826 59 46 to
1120 1818 96 55 the
1253 1817 138 54 New
1429 1817 162 53 York
1625 1816 311 70 zoological
1972 1818 148 68 park
311 1825 1999 142 <completely

570 1897 1765 70 revised> by William T. Hornaday … illustrated by
311 1974 2025 70 Elwin R. Sanborn … with maps and illustrations. 23d ed.—
313 2055 247 69 August,
587 2058 151 50 1931.
805 2054 157 71 [New
991 2053 179 70 York]
1201 2053 137 55 New
1369 2054 162 52 York
1557 2054 311 69 zoological
1891 2055 212 70 society
2135 2090 13 34 [
2153 2061 18 21 c
2177 2056 132 51 1931]

381 2129 88 40 224
502 2140 45 38 p.
583 2128 112 41 incl.
733 2128 165 48 front.,
937 2128 130 40 illus.
1129 2128 173 42 double
1340 2138 126 38 map.
1528 2128 56 40 20
1587 2132 44 20 cm
1637 2161 8 7 .

317 2200 52 53 ©
404 2205 121 47 Aug.
559 2204 70 48 30,
665 2202 141 48 1931;
843 2203 68 40 2c.
947 2204 111 39 Jan.
1093 2203 69 44 18,
1198 2201 142 49 1933;
1379 2202 81 41 aff.
1499 2203 111 39 Ffeb.
1645 2203 83 46 28;
1766 2203 41 39 A
1843 2202 171 48 60454;
2052 2204 118 39 New
2205 2203 133 40 York

385 2262 264 48 zoological
675 2261 197 48 society.
944 2260 253 48 (33-8122)

309 2382 198 51 North
548 2381 238 54 Dakota
829 2380 113 52 and
986 2381 189 52 North
1218 2385 241 47 western
1501 2380 206 69 digest,
1748 2381 271 69 covering
2059 2382 80 51 all
2181 2399 151 35 cases

380 2460 269 69 reported
686 2460 59 52 in
781 2460 189 53 North
1005 2459 232 54 Dakota
1275 2465 242 63 reports,
1552 2460 190 52 North
1778 2466 240 47 western
2055 2465 277 64 reporter,

383 2542 112 51 and
528 2540 79 53 all
637 2541 63 51 of
730 2540 97 52 the
853 2540 175 51 north
1058 2545 241 47 western
1330 2545 174 49 states
1535 2546 224 62 reports
1791 2540 154 53 from
1976 2540 97 53 the
2102 2540 232 55 earliest

380 2621 185 66 times,
603 2619 143 53 with
781 2624 234 49 current
1051 2618 349 55 cumulative
1438 2618 206 69 pocket
1680 2618 214 55 service
1930 2619 249 70 keeping
2214 2620 117 53 this

379 2697 1928 135 digest always to date … Compiled and edited by the publisher’s
629 2778 270 53 editorial
926 2774 151 57 staff,
1153 2798 52 33 v.
1233 2778 190 53 27-29.
1502 2778 83 55 St.
1613 2781 167 66 Paul,
1805 2782 162 53 West
1993 2780 340 70 publishing

380 2879 79 34 co.
498 2893 13 35 [
517 2865 17 21 c
539 2862 135 49 1933
681 2892 12 35 ]

383 2937 26 38 3
441 2947 44 29 v.
545 2935 58 39 26
603 2937 46 20 cm
653 2965 13 9 .

665 3003 106 28 CONTENTS.—v.
813 2990 74 42 27.
927 2991 269 48 Municipal
1237 2990 460 48 corporations.—v.
1740 2989 73 43 28.
1853 2992 484 41 Names-Pardon.—

315 3061 43 29 v.
389 3049 73 41 29.
492 3051 182 39 Parent
705 3050 96 39 and
830 3048 356 48 child-Piracy.

315 3132 43 30 v.
383 3121 69 47 27,
481 3116 52 52 ©
560 3123 123 39 Mar.
709 3119 70 48 23,
806 3120 141 45 1933;
977 3131 42 29 v.
1045 3119 70 48 28,
1142 3118 70 48 29,
1243 3114 52 53 ©
1325 3121 121 39 Mar.
1474 3120 83 46 24;
1586 3120 68 40 2c.
1682 3120 119 40 each
1828 3121 115 40 Apr.
1972 3122 82 40 14:
2085 3121 108 42 affs.
2220 3122 114 47 Apr.

385 3179 82 47 15;
498 3179 41 38 A
568 3177 350 47 62083-62085;
951 3178 135 39 West
1115 3177 110 48 pub.
1256 3188 66 28 co.

311 3282 197 53 North
554 3289 241 46 western
840 3282 206 69 digest,
1091 3281 270 70 covering
1406 3283 77 51 all
1527 3300 151 36 cases
1724 3284 267 67 reported
2036 3284 61 53 in
2141 3285 190 53 North

383 3367 239 47 western
654 3367 276 63 reporter,
961 3363 113 51 and
1105 3363 77 51 all
1213 3361 64 51 of
1305 3362 98 53 the
1428 3363 174 51 north
1632 3368 240 47 western
1902 3368 175 48 states
2106 3368 224 65 reports

382 3441 155 53 from
588 3441 98 53 the
737 3441 230 53 earliest
1017 3441 185 68 times,
1252 3441 143 52 with
1446 3447 232 47 current
1728 3443 348 52 cumulative
2126 3443 204 69 pocket

381 3519 1950 72 service keeping this digest always to date … Compiled and
383 3599 191 53 edited
599 3599 75 67 by
699 3599 95 52 the
818 3599 342 68 publisher’s
1186 3599 269 54 editorial
1481 3597 153 57 staff,
1708 3620 52 34 v.
1785 3600 190 55 27-29.
2054 3601 85 56 St.
2163 3604 168 68 Paul,

381 3677 869 70 West publishing co. [ c 1933]
384 3754 26 40 3
441 3766 42 28 v.
545 3753 56 41 26
604 3756 43 21 cm
653 3786 9 8 .

668 3822 105 28 CONTENTS.—v.
815 3810 73 41 27.
929 3812 267 48 Municipal
1238 3812 460 48 corporations.—v.
1741 3811 71 42 28.
1853 3813 482 41 Names-Pardon.—

317 3879 43 29 v.
392 3867 73 41 29.
495 3869 181 39 Parent
707 3869 95 38 and
833 3868 355 49 child-Piracy.

318 3948 42 31 v.
385 3939 69 45 27,
483 3934 52 52 ©
562 3940 123 39 Mar.
711 3938 70 46 23,
807 3938 141 48 1933;
978 3950 42 29 v.
1047 3939 69 48 28,
1143 3938 69 44 29,
1243 3934 52 53 ©
1326 3941 120 40 Mar.
1474 3940 83 47 24;
1587 3941 67 40 2c.
1682 3941 117 40 each
1827 3941 114 48 Apr.
1971 3943 82 43 14;
2083 3941 108 42 affs.
2218 3943 115 46 Apr.

389 3996 80 44 15;
504 3996 39 39 A
605 3995 319 47 62098-62100;
959 3997 135 39 West
1126 3998 110 47 pub.
1268 4007 67 29 co.
