2484 4405
1054 4079 134 50 1163

118 446 265 56 Catholic
411 446 333 64 university
770 446 64 53 of
859 446 294 57 America.

188 526 303 52 Francisco
529 525 237 65 Suarez;
809 526 289 51 addresses
1135 525 59 50 in
1231 523 499 54 commemoration
1766 523 65 52 of
1865 523 88 54 his
121 542 1970 114 contribution
444 609 57 46 to
547 603 410 53 international
1000 603 110 52 law
1156 604 112 51 and
1314 601 226 68 politics
1586 600 286 55 delivered
1916 607 59 46 at
2020 602 96 51 the

123 682 260 54 Catholic
415 681 317 67 university
766 680 64 53 of
863 680 285 67 America,
1182 684 67 50 30
1280 679 175 68 April
1492 683 150 50 1933.
1716 680 400 67 Washington.

123 764 148 49 1933.

190 832 55 42 54
274 844 43 38 p.
377 833 128 41 illus.
534 831 173 50 (port.)
775 832 145 41 23½cm.

192 891 259 39 Foreword
477 890 195 48 signed:
701 890 60 41 H.
789 891 72 41 W.
904 889 30 41 [i.
965 900 37 30 e.
1030 889 212 40 Herbert
1270 887 207 51 Wright]

457 993 8 8 CONTENTS.
481 983 59 5 —
557 961 102 39 The
708 959 271 48 university
1027 959 297 41 celebration
1374 959 52 40 of
1473 960 82 39 the
1605 959 438 40 commemoration.

2060 982 57 7 —
126 1018 180 40 Suarez
342 1019 95 39 and
473 1018 76 39 his
585 1017 156 48 times,
776 1019 61 46 by
873 1018 50 39 P.
961 1018 53 40 V.
1052 1017 537 40 Masterson.—Suarez
1624 1018 94 38 and
1756 1017 82 39 the
1874 1020 141 44 state,
2052 1017 59 47 by

124 1074 210 41 Herbert
374 1075 453 47 Wright.—Suarez
869 1076 94 40 and
1006 1075 82 40 the
1131 1073 351 42 international
1523 1074 309 47 community,
1876 1074 59 47 by
1977 1074 43 40 J.
2064 1075 53 39 B.

126 1132 434 41 Scott.—Editions
588 1132 51 39 of
664 1133 159 39 works
851 1132 52 40 of
931 1132 182 40 Suárez
1139 1143 59 29 on
1225 1131 351 40 international
1603 1131 94 39 law
1726 1132 96 38 and
1849 1130 191 48 politics
2068 1131 49 39 in

123 1188 82 40 the
233 1187 270 50 university
529 1189 186 48 library
751 1189 67 49 (p.
847 1189 168 48 51-54)

124 1255 52 52 ©
203 1261 116 47 July
344 1260 69 43 22,
441 1260 113 40 1933;
611 1261 65 39 2c.
705 1261 118 47 Aug.
853 1261 25 38 2;
935 1260 82 41 aff.
1045 1261 121 47 Aug.
1195 1262 24 37 1;
1276 1260 40 38 A
1344 1259 142 40 64613;
1545 1260 59 40 H.
1633 1259 207 47 Wright,
190 1258 1916 99 Washington.
358 1316 278 49 (33-21770)

118 1417 234 68 Collins,
384 1419 162 66 Dale,
581 1418 171 56 1897-

188 1497 364 68 Vulnerable,
597 1516 31 34 a
673 1496 114 54 tale
831 1496 138 53 with
1016 1497 181 68 cards,
1242 1498 74 69 by
1361 1498 145 53 Dale
1553 1496 236 56 Collins.
1861 1497 259 66 London,

119 1575 66 53 E.
220 1576 178 68 Benn,
429 1575 222 54 limited
709 1578 152 65 [1933]

189 1650 99 48 223,
324 1649 53 51 [1]
411 1660 44 37 p.
515 1648 58 42 19½
603 1651 44 23 cm
651 1681 8 9 .

125 1716 1995 53 © 1c. Aug. 15, 1933; A ad int. 18103; pubd. July 13; D. Collins, London.
202 1777 280 48 (33-22484)

119 1877 290 68 Collodon,
440 1881 317 62 Augustus
785 1881 79 64 C.,
898 1884 171 50 1854-

194 1957 195 69 Congo
420 1957 165 69 Jake,
615 1959 98 52 the
739 1963 159 64 story
927 1957 66 54 of
1022 1977 73 34 an
1127 1960 384 53 adventurous
1541 1958 106 54 life
1698 1958 95 71 [by]
1827 1959 297 70 Augustus

123 2035 64 55 C.
224 2035 307 69 Collodon;
571 2037 140 53 with
747 2055 73 35 an
855 2037 392 54 introduction
1281 2037 75 68 by
1392 2038 212 53 Edwin
1642 2039 63 55 C.
1742 2038 147 53 Hill.
1986 2039 138 53 [New

123 2113 179 67 York,
331 2113 62 55 C.
420 2114 270 68 Kendall,
721 2118 153 64 1933]

191 2187 64 46 ix,
283 2188 86 40 278
397 2199 42 37 p.
498 2188 55 39 22½
587 2190 44 21 cm
637 2221 8 8 .

196 2243 212 41 “Second
438 2244 183 40 edition
648 2244 164 40 before
842 2243 343 49 publication.”

128 2309 54 52 ©
214 2314 118 47 July
363 2315 69 46 17,
466 2313 112 40 1933;
642 2314 66 39 2c.
744 2315 95 39 and
875 2313 80 41 aff.
994 2315 129 47 Sept.
1156 2316 26 39 7;
1246 2315 41 39 A
1321 2315 142 40 65162;
1529 2315 182 41 Claude
1747 2317 224 47 Kendall,
2007 2317 116 40 New

193 2371 144 39 York.
408 2370 280 49 (33-27292)

122 2471 248 67 Conrad,
400 2475 239 65 Joseph,
672 2475 326 54 1857-1924.

257 2550 1863 73 … El rescate; un romance de los bajios, traducción del ingles
129 2628 1994 75 de Marco-Aurelio Galindo … Barcelona, Montaner y Simón,
126 2710 340 65 s. a. [ c 1932]
195 2777 27 39 2
258 2790 42 29 v.
363 2778 58 40 18½
451 2780 43 21 cm
500 2810 8 9 .

194 2835 63 40 At
287 2836 123 39 head
443 2835 51 40 of
524 2835 109 41 title:
695 2836 115 41 José
840 2837 204 44 Conrad.

129 2905 1995 57 © Dec. 31, 1932; 1c. each May 24, 1983; A-Foreign 21051; Montaner
201 2977 28 36 y
258 2966 176 47 Simón,
460 2978 35 29 s.
522 2977 43 30 a.
635 2967 279 48 (33-22186)

124 3070 193 64 Coste,
347 3069 221 56 Pierre.

198 3146 166 54 Trois
399 3145 189 55 siècles
623 3146 291 55 d’histoire
949 3146 310 70 religieuse.
1333 3150 106 53 Les
1475 3150 177 54 Filles
1686 3150 68 53 de
1790 3150 55 53 la
1879 3149 244 55 charité:

130 3222 1991 152 L’institut de 1617 à 1800, par Pierre Coste … L’œuvre scolaire, charitable et sociale (1800-1933) par Charles Baussan;
126 3379 1998 73 L’œuvre missionnaire, par Georges Goyau … Lettre-préface de
129 3455 1967 148 son éminence le cardinal Verdier … Paris, Desclée, de Brouwer et cie. [1933]
200 3604 1223 53 256 p., 2 l. incl. front. plates, ports. 20 ½ cm .
135 3674 1992 60 © May 22, 1933; 1c. July 18; A- Foreign 21519; Desclée, de Brouwer
202 3735 36 40 &
270 3736 83 40 cie.
425 3737 280 50 (33-22269)

128 3833 222 57 Dantin
380 3841 306 64 Cereceda,
715 3840 173 66 Juan,
920 3846 172 49 1881-

263 3917 1833 75 … La vida de la tierra, por J. Dantin Cereceda … [Madrid]
133 3992 443 71 Espasa-Calpe,
606 4017 40 34 s.
677 4016 67 45 a.,
775 4001 149 52 1932.
