2582 4453
1311 4163 134 57 1148

372 477 399 67 Galsworthy,
807 477 174 66 John,
1021 479 328 55 1867-1933.

443 556 563 69 Autobiographical
1038 557 195 52 letters
1263 555 64 54 of
1356 556 158 54 John
1545 555 389 69 Galsworthy,
1966 574 32 35 a
374 555 1998 135 correspondence

548 636 142 53 with
735 635 200 53 Frank
978 635 232 68 Harris,
1251 634 255 54 hitherto
1550 633 405 71 unpublished.
2030 635 141 55 New
2216 636 182 69 York,

373 716 123 53 The
527 715 249 69 English
807 715 149 53 book
982 716 164 67 shop,
1180 717 151 51 1933.

449 791 84 53 [14]
567 802 43 38 p.
671 790 151 39 front,
852 788 174 49 (port.)
1096 790 119 41 fold,
1246 789 192 40 facsim.
1498 788 147 42 21½cm.

448 849 93 41 “Of
565 849 99 41 this
689 848 108 41 first
822 848 199 47 edition,
1047 847 86 41 150
1157 847 161 48 copies
1344 858 127 29 were
1495 847 232 49 designed
1752 848 97 40 and
1874 847 194 50 printed
2093 848 63 49 by
2179 848 216 41 William

375 909 52 39 E.
456 906 210 49 Rudge’s
695 917 128 30 sons.
884 905 119 41 This
1029 906 42 39 is
1100 916 119 37 copy
1245 916 76 30 no.
1349 904 128 41 149.”

379 977 52 52 ©
463 980 128 41 June
618 980 69 47 15,
718 979 114 41 1933;
890 978 67 41 2c.
989 979 118 47 July
1135 978 83 46 10;
1252 977 82 40 aff.
1366 978 117 47 July
1513 978 26 41 8;
1599 978 41 39 A
1669 978 172 47 64284;
1875 978 205 49 English
2109 979 124 41 book
2263 980 135 46 shop.

458 1036 283 51 (33-21369)

374 1140 198 66 Gault,
606 1141 203 64 Edgar
842 1141 279 56 Howard.

509 1217 1890 57 … Wholesale distribution of breakfast cereals in southern
374 1296 1961 72 Michigan, by Edgar H. Gault … and Raymond F. Smith …
375 1376 138 54 Ann
551 1377 212 68 Arbor,
801 1376 341 69 University
1184 1375 65 55 of
1286 1376 320 70 Michigan,
1651 1375 208 57 School
1900 1376 65 54 of
2002 1376 258 55 business
375 1377 1998 143 administration,
819 1456 231 52 Bureau
1079 1454 65 54 of
1174 1455 254 55 business
1459 1455 278 68 research,
1771 1458 151 51 1933.

447 1528 1769 51 3 p. l., 47 p. 23cm. (Michigan business studies, vol. v, no. 4)
382 1598 51 52 ©
467 1604 117 47 July
616 1602 39 48 6,
689 1602 141 47 1933;
863 1602 68 40 2c.
965 1604 96 38 and
1094 1601 81 40 aff.
1210 1601 120 49 Aug.
1364 1602 53 46 3;
1452 1602 40 38 A
1525 1601 172 48 64625;
1735 1600 286 50 University
2053 1602 55 40 of
2139 1600 261 49 Michigan.

461 1659 283 50 (33-21497)

376 1762 329 67 Gehrkens,
738 1765 145 52 Karl
914 1762 243 66 Wilson,
1193 1769 171 50 1882-

509 1841 1827 71 … Music notation and terminology, by Karl W. Gehrkens …
378 1920 1646 70 Chicago, New York [etc.] Laidlaw brothers [c1930]
448 1996 82 47 vii,
559 1995 85 42 168
668 2006 43 37 p.
769 1995 129 40 illus.
927 1996 14 47 (incl.
1090 1995 177 48 music)
1337 1993 118 43 22cm.

446 2053 66 42 At
539 2053 127 42 head
693 2053 52 41 of
773 2052 109 43 title:
941 2052 224 42 Revised.

380 2122 52 52 ©
461 2128 112 39 Dec.
602 2126 69 45 15,
701 2126 141 46 1930;
873 2127 67 40 2c.
970 2126 116 47 July
1114 2126 69 46 21,
1214 2125 114 41 1933;
1388 2125 82 42 aff.
1500 2126 121 46 Aug.
1648 2126 54 42 2;
1734 2126 41 39 A
1804 2126 144 41 63877;
2009 2126 222 40 Laidlaw
2259 2127 140 45 bros.,

450 2184 94 40 inc.
617 2184 283 48 (33-21487)

375 2286 370 67 Henderson,
778 2289 139 53 Mrs.
952 2289 295 53 Gertrude
1287 2289 276 65 (Brown)
1605 2293 172 51 1883-

446 2367 247 69 History
724 2367 64 53 of
822 2369 96 51 the
949 2370 256 65 Parrott,
1238 2370 300 65 Bateman,
1570 2371 214 50 Brown
1819 2368 252 55 families
2103 2370 58 52 in
379 2371 1994 144 America,

519 2448 73 67 by
630 2448 286 55 Gertrude
956 2449 214 51 Brown
1205 2448 358 54 Henderson.
1643 2448 179 55 Sioux
1861 2446 154 70 City,
2087 2467 67 49 Ia.,
2191 2446 208 57 Goldie

379 2524 340 71 publishing
744 2546 98 40 co.,
874 2531 148 49 1933.

453 2600 898 50 3 p. l., 5-27, [6] p. 2 port. 22cm.
454 2660 273 40 “Collected
769 2660 73 46 by,
873 2659 176 40 Oswell
1092 2658 161 43 Chase
1291 2659 191 45 Brown,
1525 2669 114 28 over
1678 2669 25 28 a
1747 2658 166 47 period
1953 2658 52 39 of
2045 2658 155 47 thirty
2239 2669 156 37 years,

381 2718 213 47 through
634 2718 426 46 correspondence,
1101 2711 96 45 arid
1237 2716 128 40 from
1407 2718 226 46 personal
1674 2716 282 40 interviews
1996 2716 96 39 and
2135 2717 174 40 search
2347 2716 51 41 of

380 2775 206 40 recörds."
685 2775 275 42 −Foreword.

451 2833 160 40 Blank
641 2843 146 38 pages
815 2833 78 39 for
923 2833 312 40 memoranda
1277 2832 51 49 (3
1357 2834 51 39 at
1438 2830 117 48 end)

381 2901 52 53 ©
463 2905 119 48 Aug.
614 2905 38 48 8,
684 2905 113 41 1933;
858 2906 65 40 2c.
955 2906 96 40 and
1082 2905 80 41 aff.
1195 2906 120 47 Aug.
1347 2905 53 40 11;
1462 2905 40 40 A
1533 2904 144 42 63887;
1739 2904 53 42 G.
1825 2906 53 39 B.
1911 2905 301 42 Henderson.
2248 2905 150 41 Sioux

450 2963 125 49 City,
640 2974 41 30 Ia.
754 2964 283 48 (33-21379)

375 3065 302 67 Heyliger,
711 3067 276 63 William,
1026 3074 170 49 1884-

448 3145 230 53 Ritchie
710 3145 65 53 of
806 3145 97 54 the
937 3146 185 67 News,
1155 3147 75 69 by
1263 3145 263 54 William
1558 3145 311 71 Heyliger;
1906 3142 382 58 illustrations
2321 3144 75 68 by

378 3224 335 54 Ferdinand
765 3225 67 52 E.
882 3225 263 54 Warren.
1222 3225 138 53 New
1414 3224 180 69 York,
1644 3226 261 67 London,
1953 3225 72 53 D.
380 3224 2016 148 Appleton-Century

670 3322 301 51 company,
1004 3304 421 68 incorporated,
1461 3307 150 51 1933.

447 3379 1017 49 3 p. l., 247, [1] p. front., illus. 20cm.
451 3436 164 41 “First
650 3436 263 49 printing.”

381 3505 52 52 ©
458 3510 120 47 Aug.
605 3510 68 45 18,
700 3509 141 42 1933:
869 3510 66 39 2c.
963 3512 95 38 and
1086 3509 81 40 aff.
1195 3510 120 46 Aug.
1342 3509 53 40 21;
1454 3510 40 38 A
1520 3510 142 40 63971;
1720 3511 58 39 D.
1805 3507 479 51 Appleton-Century
2313 3516 81 36 co.,

450 3566 89 41 inc.
611 3567 284 48 (33-21516)

375 3670 171 64 Hille,
577 3671 159 53 Elsie
764 3671 264 65 Audrey.

445 3749 173 67 Love,
648 3749 214 61 health,
896 3751 111 52 and
1040 3750 97 54 the
1168 3750 139 54 cook
1341 3755 116 64 pot,
1487 3750 76 69 by
1595 3750 158 54 Elsie
1783 3749 238 70 Audrey
2054 3748 178 55 Hille.
2310 3753 85 50 1st

374 3829 85 52 ed.
536 3829 363 69 Pittsburgh,
946 3830 121 67 Pa.,
1112 3829 242 53 Printed
1400 3830 76 68 by
1522 3830 163 53 Hille
1730 3828 337 71 publishing
2112 3845 281 52 company

379 3911 195 64 [c1933]

449 3981 1427 51 5 p. l., 35-305, [3] p. illus., col. plates, port. 27½cm.
380 4036 1993 110 © July 8 1933; 2c. July 18; aff. July 31: A 64583; E. A. Hille, Pittsburgh. (33-21364)
