2582 4453
1347 4122 100 52 578

453 523 1926 133 digest always to date … Compiled and edited by the publisher’s
702 603 270 54 editorial
998 601 153 56 staff,
1227 624 50 33 v.
1307 607 190 50 30-32.
1575 604 85 56 St.
1687 607 168 67 Paul,
1879 608 163 53 West
2066 605 340 70 publishing

454 689 96 62 co [c1933]
455 760 26 39 3
513 770 44 29 v.
616 757 59 42 26
676 761 44 21 cm
725 790 9 8 .

729 826 117 29 CONTENTS.—v.
891 814 76 42 30.
1010 815 519 49 Pleading-Principal
1578 818 95 39 and
1720 819 294 46 surety.—v.
2059 814 75 44 31.
2179 816 232 42 Prisons-

386 873 387 40 Railroads.—v.
806 872 72 42 32.
912 873 412 48 Rape-Robbery..

389 940 52 53 ©
472 946 115 48 Apr.
617 945 70 47 25,
719 944 142 48 1933;
893 945 68 41 2c.
992 944 119 41 each
1142 947 97 39 and
1270 944 109 42 affs.
1413 946 114 47 May
1559 947 82 46 11;
1673 946 43 39 A
1746 944 350 49 61707-61709;
2131 947 136 40 West
2299 948 111 48 pub.

457 1014 68 29 co.

382 1103 199 57 North
628 1112 241 48 western
914 1106 206 70 digest,
1165 1107 272 70 covering
1481 1109 78 52 all
1604 1127 151 34 cases
1799 1110 268 67 reported
2111 1109 61 54 in
2216 1110 190 54 North

454 1193 241 48 western
727 1192 260 64 reporter
1019 1187 114 52 and
1166 1189 78 50 all
1275 1186 64 55 of
1370 1188 96 52 the
1496 1188 173 52 north
1702 1194 241 47 western
1975 1194 174 49 states
2181 1195 226 65 reports

455 1266 155 53 from
637 1267 96 53 the
759 1267 229 54 earliest
1012 1268 185 67 times,
1223 1268 143 54 with
1393 1274 231 49 current
1649 1269 349 55 cumulative
2024 1269 206 69 pocket
454 1287 1928 114 service

578 1347 1827 71 keeping this digest always to date … Compiled and
455 1427 191 53 edited
670 1428 76 68 by
770 1427 96 53 the
890 1426 343 69 publisher’s
1260 1426 269 55 editorial
1554 1425 153 56 staff,
1782 1447 51 34 v.
1862 1431 188 51 30-32.
2130 1429 82 55 St.
2239 1432 168 67 Paul,

452 1507 162 54 West
641 1505 340 71 publishing
1008 1524 79 39 co.
1123 1540 13 35 [
1141 1513 18 21 c
1164 1509 154 66 1933]

455 1584 29 40 3
549 1615 9 9 v.
617 1582 61 41 26
677 1585 46 21 cm
728 1615 9 9 .

729 1650 118 30 CONTENTS.—v.
892 1637 76 43 30.
1011 1638 521 50 Pleading-Principal
1578 1641 98 39 and
1721 1642 294 46 surety.—v.
2060 1638 75 44 31.
2180 1641 232 41 Prisons-

387 1697 386 41 Railroads—v.
807 1696 72 42 32.
913 1696 413 49 Rape-Robbery.

391 1765 52 53 ©
474 1770 115 47 Apr.
619 1768 69 48 25,
720 1768 142 47 1933;
894 1767 67 41 2c.
993 1768 120 39 each
1143 1769 97 39 and
1272 1767 108 41 affs.
1414 1768 113 48 May
1560 1768 82 48 11;
1676 1769 42 38 A
1747 1768 351 48 61704-61706;
2133 1771 135 40 West
2299 1769 111 51 pub.

457 1838 68 30 co.

385 1929 2022 72 The Ohio law abstract … v. 13. January 1, 1933 to April 22,
457 2014 153 49 1933.
688 2008 256 56 Sheldon
981 2011 68 53 R.
1087 2009 250 70 Laning,
1373 2009 203 54 editor.
1653 2011 295 68 Norwalk,
1985 2010 88 70 O.,
2109 2012 123 53 The
2267 2012 140 54 Law

456 2091 617 68 abstract co. [ c 1933]
458 2168 25 39 1
513 2178 43 37 p.
621 2198 8 16 l.,
658 2165 136 48 xviii,
826 2165 88 42 828
938 2176 44 38 p.
1039 2165 57 41 26
1099 2168 44 21 cm
1149 2198 8 9 .

392 2233 52 53 ©
477 2240 115 46 May
625 2239 69 46 17,
727 2235 141 48 1933;
903 2237 68 41 2c.
1005 2238 115 47 May
1152 2236 83 48 25;
1271 2236 84 41 aff.
1390 2238 114 47 May
1536 2236 82 48 24;
1654 2237 41 39 A
1729 2237 172 47 62791;
1937 2238 117 40 Law
2088 2238 223 41 abstract
2343 2248 68 31 co.

461 2297 96 38 and
587 2296 230 47 Lawyers
848 2294 329 49 co-operative
1204 2294 111 48 pub.
1346 2305 82 36 co.,
1460 2294 281 49 Rochester,
1772 2296 57 40 N.
1861 2296 52 38 Y.

385 2397 251 68 Oxnam,
669 2399 258 55 Garfield
957 2397 298 67 Bromley,
1288 2402 173 49 1891-
1676 2399 85 54 ed.

458 2476 328 71 Preaching
812 2478 113 52 and
952 2477 98 53 the
1076 2476 175 54 social
1279 2475 190 70 crisis;
1500 2496 31 33 a
1560 2476 171 54 series
1759 2476 65 53 of
1850 2478 244 53 lectures
2119 2478 290 54 delivered

389 2555 198 56 before
628 2557 97 53 the
769 2556 221 53 Boston
1030 2554 324 70 university
1400 2553 209 56 School
1653 2554 65 55 of
1762 2556 289 70 theology,
2096 2556 190 54 edited
2332 2557 78 70 by

389 2633 2022 71 G. Bromley Oxnam … New York, Cincinnati [etc.] The
387 2714 728 71 Abingdon press [ c 1933]
459 2787 86 42 234
574 2798 46 39 p.
682 2787 58 42 20½
773 2790 44 21 cm
821 2820 9 9 .

394 2858 52 53 ©
477 2864 125 38 Mar.
628 2862 70 42 27,
728 2860 141 48 1933;
901 2859 68 42 2c.
999 2861 96 39 and
1123 2859 84 40 aff.
1235 2860 114 47 Apr.
1381 2860 83 47 14;
1496 2859 40 39 A
1566 2859 171 48 62046;
1769 2859 255 50 Abingdon
2055 2871 150 38 press,
2236 2861 92 42 inc.

472 2918 283 51 (33-10568)

386 3021 215 57 Pacific
637 3023 206 70 digest,
876 3022 271 70 covering
1181 3024 78 50 all
1296 3041 152 35 cases
1482 3023 267 67 reported
1785 3023 61 52 in
1881 3021 215 55 Pacific
2131 3027 277 65 reporter,

459 3104 254 52 volumes
745 3106 188 63 1-300,
964 3103 111 52 and
1107 3104 78 51 all
1213 3101 64 54 of
1306 3102 96 52 the
1430 3099 213 56 Pacific
1671 3107 175 50 states
1875 3108 225 63 reports
2129 3103 153 51 from
2310 3102 97 54 the

459 3181 1948 69 earliest times … Compiled and edited by the publisher’s
460 3261 270 55 editorial
778 3258 152 56 staff,
1006 3280 51 34 v.
1106 3264 188 50 38-40.
1374 3261 83 55 St.
1506 3262 167 67 Paul,
1717 3263 163 53 West
1925 3262 339 69 publishing
2310 3281 98 50 co.,

464 3346 152 50 1933.

462 3419 28 39 3
521 3430 43 28 v.
624 3417 59 40 26
683 3419 44 21 cm
732 3448 9 8 .

735 3483 117 31 CONTENTS.—v.
888 3471 75 42 38.
996 3472 562 41 Venue-Wharves.—v.
1595 3471 72 42 39.
1705 3472 326 41 Wills-Work
2067 3474 96 39 and
2199 3473 215 41 labor.—

391 3543 46 28 v.
465 3530 74 42 40.
567 3531 151 40 Table
745 3530 55 39 of
826 3540 136 30 cases
991 3530 234 47 digested.

397 3597 52 53 ©
473 3603 114 47 Apr.
610 3601 69 48 27,
705 3602 141 46 1933;
872 3601 67 40 2c.
964 3601 118 41 each
1107 3602 96 39 and
1228 3600 109 42 affs.
1362 3601 113 47 May
1501 3601 81 45 11;
1609 3601 41 38 A
1674 3599 348 49 61719-61721;
2050 3601 133 40 West
2208 3600 111 48 pub.
2344 3610 66 30 co.

390 3759 214 58 Pacific
662 3768 272 63 reporter.
1015 3761 220 56 Second
1291 3762 188 54 series.
1556 3762 171 55 Cases
1784 3763 215 69 argued
2055 3763 112 53 and
462 3763 1922 131 determined

685 3842 58 52 in
770 3842 95 52 the
895 3842 277 68 Supreme
1200 3847 191 50 courts
1419 3842 62 52 of
1511 3841 346 61 California,
1886 3843 244 65 Kansas,
2158 3842 249 69 Oregon,

460 3921 406 69 Washington,
909 3922 303 58 Colorado,
1253 3924 298 59 Montana,
1595 3921 270 62 Arizona,
1908 3921 254 59 Nevada,
2204 3920 203 67 Idaho,

462 4000 330 58 Wyominir,
821 4001 177 57 Utah.
1028 4000 138 53 New
1195 4000 241 58 Mexico,
1467 4001 351 57 Oklahoma;
1853 4000 246 53 District
2125 4006 189 47 courts
2344 4000 62 52 of
