<alto xmlns="http://www.loc.gov/standards/alto/ns-v3#" xmlns:xlink="http://www.w3.org/1999/xlink" xmlns:xsi="http://www.w3.org/2001/XMLSchema-instance" xsi:schemaLocation="http://www.loc.gov/standards/alto/ns-v3# http://www.loc.gov/alto/v3/alto-3-0.xsd"><Description>
<MeasurementUnit>pixel</MeasurementUnit>
<sourceImageInformation>
<fileName>1933_v1_Part1.pdf</fileName>
</sourceImageInformation>
<OCRProcessing ID="IdOcr">
<ocrProcessingStep>
<processingDateTime>2019-01-03</processingDateTime>
<processingSoftware>
<softwareCreator>ABBYY</softwareCreator>
<softwareName>ABBYY Recognition Server</softwareName>
<softwareVersion>4.0</softwareVersion>
</processingSoftware>
</ocrProcessingStep>
</OCRProcessing>
</Description>
<Styles>
<ParagraphStyle ID="StyleId-FFFFFFFF-FFFF-FFFF-FFFF-FFFFFFFFFFFF-" ALIGN="Left" LEFT="0." RIGHT="0." FIRSTLINE="0."/>
<ParagraphStyle ID="StyleId-6EF5737A-DCEB-4126-A0CF-C5930BF7166A-" ALIGN="Left" LEFT="0." RIGHT="0." FIRSTLINE="0." LINESPACE="8.300000191"/>
<ParagraphStyle ID="StyleId-2DE44258-FD0B-41E1-B542-087C989B01A3-" ALIGN="Left" LEFT="0." RIGHT="0." FIRSTLINE="0." LINESPACE="12.19999981"/>
<ParagraphStyle ID="StyleId-CE3D254A-29D7-4DD7-B5F1-E0FC0EF29B05-" ALIGN="Left" LEFT="0." RIGHT="0." FIRSTLINE="-14." LINESPACE="8.619999886"/>
<ParagraphStyle ID="StyleId-C0E3A137-CE4F-4287-8A90-B599106709D0-" ALIGN="Left" LEFT="0." RIGHT="0." FIRSTLINE="-14." LINESPACE="12.19999981"/>
<ParagraphStyle ID="StyleId-50F26F0C-05DA-4C19-BA58-7A6AC4499BEE-" ALIGN="Left" LEFT="0." RIGHT="0." FIRSTLINE="-14." LINESPACE="11.06999969"/>
<ParagraphStyle ID="StyleId-5DDE65AF-512C-41E2-9B8E-095D6D99EF68-" ALIGN="Center" LEFT="0." RIGHT="0." FIRSTLINE="0." LINESPACE="11.89999962"/>
<ParagraphStyle ID="StyleId-0A81D7A5-6A62-4C52-915E-7768974C704D-" ALIGN="Left" LEFT="0." RIGHT="0." FIRSTLINE="0." LINESPACE="9.399999619"/>
<ParagraphStyle ID="StyleId-F7A0127F-6B48-4157-BB81-FE33E1E1A05B-" ALIGN="Block" LEFT="0." RIGHT="0." FIRSTLINE="-13." LINESPACE="10.63000011"/>
<ParagraphStyle ID="StyleId-E18C69F7-DBD7-48B1-805C-FCD96D0DA019-" ALIGN="Left" LEFT="0." RIGHT="0." FIRSTLINE="0." LINESPACE="11.64000034"/>
<ParagraphStyle ID="StyleId-98F15501-B611-4E83-8BB3-807E891F11F5-" ALIGN="Left" LEFT="0." RIGHT="0." FIRSTLINE="-14." LINESPACE="12.19999981"/>
<ParagraphStyle ID="StyleId-F4A78626-0BBC-4D12-94D9-A1AE75A9855F-" ALIGN="Left" LEFT="0." RIGHT="0." FIRSTLINE="0." LINESPACE="9.399999619"/>
<ParagraphStyle ID="StyleId-6A3F6F4C-D21B-4ADE-902F-7683F18ECEF3-" ALIGN="Left" LEFT="0." RIGHT="0." FIRSTLINE="0." LINESPACE="11.10000038"/>
</Styles>
<Layout>
<Page ID="Page599" PHYSICAL_IMG_NR="599" HEIGHT="4405" WIDTH="2484">
<TopMargin HEIGHT="444" WIDTH="2484" VPOS="0" HPOS="0">
</TopMargin>
<LeftMargin HEIGHT="3596" WIDTH="84" VPOS="444" HPOS="0">
</LeftMargin>
<RightMargin HEIGHT="3596" WIDTH="343" VPOS="444" HPOS="2141">
</RightMargin>
<BottomMargin HEIGHT="365" WIDTH="2484" VPOS="4040" HPOS="0">
<TextBlock ID="Page599_Block1" HEIGHT="70" WIDTH="120" VPOS="4080" HPOS="1073" LANG="en-US" STYLEREFS="StyleId-8084788B-C888-481A-A761-39648C406D44-">
<TextLine HEIGHT="48" WIDTH="99" VPOS="4091" HPOS="1083">
<String CONTENT="599" HEIGHT="48" WIDTH="99" VPOS="4091" HPOS="1083"/>
</TextLine>
</TextBlock>
</BottomMargin>
<PrintSpace HEIGHT="3596" WIDTH="2057" VPOS="444" HPOS="84">
<TextBlock ID="Page599_Block2" HEIGHT="3596" WIDTH="2057" VPOS="444" HPOS="84" CS="1" STYLEREFS="StyleId-FD7B9CA0-99BB-45DE-A1EC-2278D4A0C1AB-">
<Shape>
<Polygon POINTS="1744,444 2134,444 2134,688 2135,688 2135,1192 2136,1192 2136,1696 2137,1696 2137,2201 2138,2201 2138,2705 2139,2705 2139,3209 2140,3209 2140,3713 2141,3713 2141,4036 1748,4036 1748,4037 1244,4037 1244,4038 740,4038 740,4039 236,4039 236,4040 91,4040 91,3717 90,3717 90,3213 89,3213 89,2709 88,2709 88,2204 87,2204 87,1700 86,1700 86,1196 85,1196 85,692 84,692 84,448 232,448 232,447 736,447 736,446 1240,446 1240,445 1744,445 1744,444"/>
</Shape>
<TextLine HEIGHT="66" WIDTH="668" VPOS="457" HPOS="94" STYLEREFS="StyleId-AA463B30-349C-4858-870A-53910698B722-" LANG="de">
<String CONTENT="Wellenkamp," HEIGHT="65" WIDTH="420" VPOS="458" HPOS="94"/>
<SP HEIGHT="64" WIDTH="27" VPOS="458" HPOS="515"/>
<String CONTENT="Bruno." HEIGHT="54" WIDTH="219" VPOS="457" HPOS="543"/>
</TextLine>
<TextLine HEIGHT="160" WIDTH="1977" VPOS="521" HPOS="96" STYLEREFS="StyleId-1D1B882C-1823-4F42-8EBF-18B3E2F2E125-" LANG="de" CS="1">
<String CONTENT="Sehnsucht" HEIGHT="57" WIDTH="319" VPOS="533" HPOS="169"/>
<SP HEIGHT="46" WIDTH="23" VPOS="539" HPOS="489"/>
<String CONTENT="mit" HEIGHT="52" WIDTH="106" VPOS="533" HPOS="513"/>
<SP HEIGHT="48" WIDTH="24" VPOS="537" HPOS="620"/>
<String CONTENT="erfolg;" HEIGHT="70" WIDTH="216" VPOS="530" HPOS="645"/>
<SP HEIGHT="49" WIDTH="27" VPOS="549" HPOS="862"/>
<String LANG="en-US" CONTENT="roman" HEIGHT="35" WIDTH="197" VPOS="547" HPOS="890"/>
<SP HEIGHT="34" WIDTH="27" VPOS="547" HPOS="1088"/>
<String CONTENT="von" HEIGHT="34" WIDTH="109" VPOS="546" HPOS="1116"/>
<SP HEIGHT="51" WIDTH="26" VPOS="528" HPOS="1226"/>
<String CONTENT="Bruno" HEIGHT="51" WIDTH="198" VPOS="528" HPOS="1253"/>
<SP HEIGHT="55" WIDTH="24" VPOS="524" HPOS="1452"/>
<String CONTENT="Wellenkamp." HEIGHT="69" WIDTH="418" VPOS="521" HPOS="1477"/>
<SP HEIGHT="50" WIDTH="63" VPOS="523" HPOS="1896"/>
<String CONTENT="Berlin," HEIGHT="158" WIDTH="1977" VPOS="523" HPOS="96"/>
<SP HEIGHT="68" WIDTH="27" VPOS="613" HPOS="198"/>
<String CONTENT="Ullstein" HEIGHT="56" WIDTH="251" VPOS="611" HPOS="226"/>
<SP HEIGHT="47" WIDTH="34" VPOS="630" HPOS="478"/>
<String CS="1" CONTENT="["/>
<String STYLE="superscript" CONTENT="c" HEIGHT="22" WIDTH="18" VPOS="616" HPOS="530"/>
<String CONTENT="1932]" HEIGHT="65" WIDTH="153" VPOS="612" HPOS="553"/>
</TextLine>
<TextLine HEIGHT="54" WIDTH="681" VPOS="694" HPOS="170" STYLEREFS="StyleId-1D1B882C-1823-4F42-8EBF-18B3E2F2E125-" LANG="de" CS="1">
<String CONTENT="1" HEIGHT="39" WIDTH="26" VPOS="700" HPOS="170"/>
<SP/>
<String CONTENT="p." HEIGHT="39" WIDTH="43" VPOS="709" HPOS="221"/>
<SP/>
<String CS="1" CONTENT="l.," HEIGHT="16" WIDTH="9" VPOS="729" HPOS="323"/>
<SP HEIGHT="47" WIDTH="24" VPOS="698" HPOS="333"/>
<String CONTENT="5-285," HEIGHT="49" WIDTH="157" VPOS="696" HPOS="358"/>
<SP HEIGHT="30" WIDTH="32" VPOS="717" HPOS="516"/>
<String CONTENT="[1]" HEIGHT="48" WIDTH="54" VPOS="699" HPOS="549"/>
<SP HEIGHT="40" WIDTH="25" VPOS="706" HPOS="604"/>
<String CONTENT="p." HEIGHT="38" WIDTH="44" VPOS="706" HPOS="630"/>
<SP HEIGHT="41" WIDTH="57" VPOS="696" HPOS="675"/>
<String CONTENT="20" HEIGHT="42" WIDTH="57" VPOS="694" HPOS="733"/>
<String STYLE="superscript" CONTENT="cm" HEIGHT="22" WIDTH="46" VPOS="697" HPOS="792"/>
<String CONTENT="." HEIGHT="9" WIDTH="9" VPOS="727" HPOS="842"/>
</TextLine>
<TextLine HEIGHT="61" WIDTH="1745" VPOS="758" HPOS="104" CS="1">
<String LANG="de" CONTENT="&#169;" HEIGHT="52" WIDTH="52" VPOS="767" HPOS="104"/>
<SP HEIGHT="52" WIDTH="30" VPOS="767" HPOS="157"/>
<String LANG="de" CONTENT="Oct." HEIGHT="42" WIDTH="102" VPOS="770" HPOS="188"/>
<SP HEIGHT="40" WIDTH="28" VPOS="770" HPOS="291"/>
<String LANG="de" CONTENT="27," HEIGHT="46" WIDTH="69" VPOS="770" HPOS="320"/>
<SP HEIGHT="45" WIDTH="30" VPOS="771" HPOS="390"/>
<String LANG="de" CONTENT="1932;" HEIGHT="45" WIDTH="141" VPOS="769" HPOS="421"/>
<SP/>
<String LANG="de" CS="1" CONTENT="1c."/>
<SP HEIGHT="40" WIDTH="30" VPOS="769" HPOS="663"/>
<String LANG="en-US" CONTENT="Dec." HEIGHT="40" WIDTH="111" VPOS="768" HPOS="694"/>
<SP HEIGHT="38" WIDTH="30" VPOS="768" HPOS="806"/>
<String LANG="de" CONTENT="28;" HEIGHT="46" WIDTH="82" VPOS="767" HPOS="837"/>
<SP HEIGHT="47" WIDTH="31" VPOS="766" HPOS="920"/>
<!-- cceid 41106E6D-6CF9-1014-A6CF-A82867D68027 --><String LANG="en-US" CONTENT="A" HEIGHT="39" WIDTH="41" VPOS="766" HPOS="952"/>
<String LANG="de" CONTENT="&#8212;" HEIGHT="4" WIDTH="58" VPOS="789" HPOS="994"/>
<String LANG="en-US" CONTENT="Foreign" HEIGHT="48" WIDTH="208" VPOS="762" HPOS="1056"/>
<SP HEIGHT="37" WIDTH="30" VPOS="764" HPOS="1265"/>
<String LANG="de" CONTENT="19006;" HEIGHT="46" WIDTH="169" VPOS="761" HPOS="1296"/>
<SP HEIGHT="46" WIDTH="34" VPOS="761" HPOS="1466"/>
<String LANG="de" CONTENT="Ullstein" HEIGHT="42" WIDTH="210" VPOS="759" HPOS="1501"/>
<SP HEIGHT="30" WIDTH="30" VPOS="770" HPOS="1712"/>
<String LANG="de" CONTENT="a.-g." HEIGHT="38" WIDTH="106" VPOS="769" HPOS="1743"/>
</TextLine>
<TextLine HEIGHT="52" WIDTH="279" VPOS="825" HPOS="179" LANG="de">
<String CONTENT="(33-10938)" HEIGHT="52" WIDTH="279" VPOS="825" HPOS="179"/>
</TextLine>
<TextLine HEIGHT="69" WIDTH="968" VPOS="927" HPOS="98" STYLEREFS="StyleId-AA463B30-349C-4858-870A-53910698B722-" LANG="de">
<String CONTENT="White," HEIGHT="68" WIDTH="215" VPOS="928" HPOS="98"/>
<SP HEIGHT="64" WIDTH="27" VPOS="931" HPOS="314"/>
<String CONTENT="Leonard" HEIGHT="52" WIDTH="270" VPOS="930" HPOS="342"/>
<SP HEIGHT="53" WIDTH="26" VPOS="929" HPOS="613"/>
<String CONTENT="Dupee," HEIGHT="64" WIDTH="221" VPOS="928" HPOS="640"/>
<SP HEIGHT="58" WIDTH="32" VPOS="933" HPOS="862"/>
<String CONTENT="1891-" HEIGHT="50" WIDTH="171" VPOS="932" HPOS="895"/>
</TextLine>
<TextLine HEIGHT="155" WIDTH="1978" VPOS="996" HPOS="101" STYLEREFS="StyleId-1D1B882C-1823-4F42-8EBF-18B3E2F2E125-" CS="1">
<String LANG="de" CONTENT="Whitley" HEIGHT="68" WIDTH="257" VPOS="1007" HPOS="169"/>
<SP HEIGHT="49" WIDTH="27" VPOS="1025" HPOS="427"/>
<String LANG="en-US" CONTENT="councils" HEIGHT="54" WIDTH="247" VPOS="1005" HPOS="455"/>
<SP HEIGHT="54" WIDTH="26" VPOS="1005" HPOS="703"/>
<String LANG="de" CONTENT="in" HEIGHT="55" WIDTH="59" VPOS="1004" HPOS="730"/>
<SP HEIGHT="46" WIDTH="28" VPOS="1013" HPOS="790"/>
<String LANG="en-US" CONTENT="the" HEIGHT="54" WIDTH="95" VPOS="1005" HPOS="819"/>
<SP HEIGHT="51" WIDTH="27" VPOS="1006" HPOS="915"/>
<String LANG="de" CONTENT="British" HEIGHT="54" WIDTH="223" VPOS="1002" HPOS="943"/>
<SP HEIGHT="53" WIDTH="26" VPOS="1003" HPOS="1167"/>
<String LANG="de" CONTENT="civil" HEIGHT="55" WIDTH="136" VPOS="1001" HPOS="1194"/>
<SP HEIGHT="51" WIDTH="26" VPOS="1003" HPOS="1331"/>
<String LANG="en-US" CONTENT="service" HEIGHT="56" WIDTH="211" VPOS="998" HPOS="1358"/>
<String LANG="de" CONTENT=";" HEIGHT="48" WIDTH="12" VPOS="1017" HPOS="1585"/>
<SP HEIGHT="48" WIDTH="30" VPOS="1017" HPOS="1598"/>
<String LANG="de" CONTENT="a" HEIGHT="33" WIDTH="31" VPOS="1017" HPOS="1629"/>
<SP HEIGHT="35" WIDTH="27" VPOS="1016" HPOS="1661"/>
<String LANG="de" CONTENT="study" HEIGHT="70" WIDTH="171" VPOS="996" HPOS="1689"/>
<SP HEIGHT="69" WIDTH="25" VPOS="996" HPOS="1861"/>
<String LANG="de" CONTENT="in" HEIGHT="54" WIDTH="60" VPOS="996" HPOS="1887"/>
<SP HEIGHT="34" WIDTH="27" VPOS="1016" HPOS="1948"/>
<String LANG="en-US" CONTENT="conciliation" HEIGHT="128" WIDTH="1978" VPOS="1014" HPOS="101"/>
<SP HEIGHT="34" WIDTH="38" VPOS="1103" HPOS="357"/>
<String LANG="en-US" CONTENT="and" HEIGHT="52" WIDTH="112" VPOS="1085" HPOS="396"/>
<SP HEIGHT="52" WIDTH="36" VPOS="1085" HPOS="509"/>
<String LANG="en-US" CONTENT="arbitration," HEIGHT="68" WIDTH="360" VPOS="1082" HPOS="546"/>
</TextLine>
<TextLine HEIGHT="161" WIDTH="1981" VPOS="1073" HPOS="101" STYLEREFS="StyleId-1D1B882C-1823-4F42-8EBF-18B3E2F2E125-" CS="1">
<String LANG="en-US" CONTENT="by" HEIGHT="68" WIDTH="75" VPOS="1082" HPOS="942"/>
<SP HEIGHT="68" WIDTH="35" VPOS="1082" HPOS="1018"/>
<String LANG="de" CONTENT="Leonard" HEIGHT="53" WIDTH="263" VPOS="1081" HPOS="1054"/>
<SP HEIGHT="53" WIDTH="34" VPOS="1080" HPOS="1318"/>
<String LANG="de" CONTENT="D." HEIGHT="52" WIDTH="71" VPOS="1080" HPOS="1353"/>
<SP HEIGHT="53" WIDTH="35" VPOS="1080" HPOS="1425"/>
<String LANG="de" CONTENT="White," HEIGHT="69" WIDTH="214" VPOS="1076" HPOS="1461"/>
<SP HEIGHT="51" WIDTH="33" VPOS="1094" HPOS="1676"/>
<String LANG="de" CS="1" CONTENT="PH." HEIGHT="9" WIDTH="10" VPOS="1119" HPOS="1799"/>
<SP HEIGHT="33" WIDTH="33" VPOS="1095" HPOS="1810"/>
<String LANG="de" CS="1" CONTENT="D." HEIGHT="10" WIDTH="10" VPOS="1119" HPOS="1882"/>
<SP HEIGHT="56" WIDTH="76" VPOS="1073" HPOS="1893"/>
<String LANG="de" CONTENT="Chicago," HEIGHT="161" WIDTH="1981" VPOS="1073" HPOS="101"/>
<SP HEIGHT="61" WIDTH="23" VPOS="1165" HPOS="259"/>
<String LANG="en-US" CONTENT="Ill.," HEIGHT="61" WIDTH="114" VPOS="1163" HPOS="282"/>
<SP HEIGHT="61" WIDTH="26" VPOS="1163" HPOS="396"/>
<String LANG="en-US" CONTENT="The" HEIGHT="51" WIDTH="122" VPOS="1163" HPOS="422"/>
<SP HEIGHT="53" WIDTH="24" VPOS="1163" HPOS="544"/>
<String LANG="en-US" CONTENT="University" HEIGHT="72" WIDTH="339" VPOS="1158" HPOS="568"/>
<SP HEIGHT="50" WIDTH="23" VPOS="1179" HPOS="907"/>
<String LANG="en-US" CONTENT="of" HEIGHT="53" WIDTH="65" VPOS="1160" HPOS="930"/>
<SP HEIGHT="55" WIDTH="27" VPOS="1159" HPOS="995"/>
<String LANG="de" CONTENT="Chicago" HEIGHT="69" WIDTH="254" VPOS="1158" HPOS="1022"/>
<SP HEIGHT="50" WIDTH="26" VPOS="1176" HPOS="1276"/>
<String LANG="de" CONTENT="press" HEIGHT="50" WIDTH="158" VPOS="1176" HPOS="1302"/>
<SP HEIGHT="46" WIDTH="30" VPOS="1176" HPOS="1460"/>
<String STYLE="subscript" LANG="de" CONTENT="[" HEIGHT="33" WIDTH="14" VPOS="1189" HPOS="1490"/>
<String STYLE="superscript" LANG="de" CONTENT="c" HEIGHT="22" WIDTH="17" VPOS="1162" HPOS="1508"/>
<String LANG="de" CONTENT="1933" HEIGHT="50" WIDTH="134" VPOS="1158" HPOS="1532"/>
<String STYLE="subscript" LANG="de" CONTENT="]" HEIGHT="33" WIDTH="14" VPOS="1189" HPOS="1671"/>
</TextLine>
<TextLine HEIGHT="59" WIDTH="1930" VPOS="1227" HPOS="173" CS="1">
<String LANG="de" CONTENT="xvii," HEIGHT="49" WIDTH="116" VPOS="1237" HPOS="173"/>
<SP HEIGHT="47" WIDTH="24" VPOS="1238" HPOS="290"/>
<String LANG="de" CONTENT="357" HEIGHT="42" WIDTH="87" VPOS="1237" HPOS="315"/>
<SP HEIGHT="46" WIDTH="22" VPOS="1239" HPOS="403"/>
<String LANG="de" CONTENT="p." HEIGHT="38" WIDTH="44" VPOS="1247" HPOS="426"/>
<SP HEIGHT="42" WIDTH="58" VPOS="1235" HPOS="471"/>
<String LANG="de" CONTENT="illus." HEIGHT="40" WIDTH="128" VPOS="1235" HPOS="530"/>
<SP HEIGHT="40" WIDTH="58" VPOS="1235" HPOS="659"/>
<String LANG="de" CONTENT="23" HEIGHT="43" WIDTH="57" VPOS="1234" HPOS="718"/>
<String LANG="en-US" CS="1" CONTENT="&#189;"/>
<String STYLE="superscript" LANG="de" CONTENT="cm" HEIGHT="21" WIDTH="45" VPOS="1237" HPOS="807"/>
<String LANG="de" CONTENT="." HEIGHT="8" WIDTH="8" VPOS="1266" HPOS="856"/>
<SP HEIGHT="47" WIDTH="69" VPOS="1235" HPOS="865"/>
<String LANG="de" CONTENT="(" HEIGHT="47" WIDTH="15" VPOS="1235" HPOS="935"/>
<String LANG="en-US" CONTENT="Half-title" HEIGHT="48" WIDTH="254" VPOS="1233" HPOS="961"/>
<String LANG="de" CONTENT=":" HEIGHT="30" WIDTH="16" VPOS="1243" HPOS="1222"/>
<SP HEIGHT="44" WIDTH="24" VPOS="1231" HPOS="1239"/>
<String LANG="de" CONTENT="Social" HEIGHT="43" WIDTH="159" VPOS="1231" HPOS="1264"/>
<SP HEIGHT="40" WIDTH="25" VPOS="1232" HPOS="1424"/>
<String LANG="en-US" CONTENT="science" HEIGHT="42" WIDTH="186" VPOS="1230" HPOS="1450"/>
<SP HEIGHT="29" WIDTH="24" VPOS="1241" HPOS="1637"/>
<String LANG="en-US" CONTENT="studies," HEIGHT="50" WIDTH="201" VPOS="1227" HPOS="1662"/>
<SP HEIGHT="47" WIDTH="25" VPOS="1229" HPOS="1864"/>
<String LANG="en-US" CONTENT="directed" HEIGHT="41" WIDTH="213" VPOS="1228" HPOS="1890"/>
</TextLine>
<TextLine HEIGHT="61" WIDTH="2001" VPOS="1284" HPOS="104" LANG="en-US">
<String CONTENT="by" HEIGHT="48" WIDTH="62" VPOS="1297" HPOS="104"/>
<SP HEIGHT="48" WIDTH="28" VPOS="1297" HPOS="167"/>
<String CONTENT="the" HEIGHT="42" WIDTH="84" VPOS="1295" HPOS="196"/>
<SP HEIGHT="42" WIDTH="29" VPOS="1294" HPOS="281"/>
<String CONTENT="Social" HEIGHT="43" WIDTH="159" VPOS="1293" HPOS="311"/>
<SP HEIGHT="39" WIDTH="29" VPOS="1295" HPOS="471"/>
<String CONTENT="science" HEIGHT="43" WIDTH="186" VPOS="1291" HPOS="501"/>
<SP HEIGHT="31" WIDTH="31" VPOS="1303" HPOS="688"/>
<String CONTENT="research" HEIGHT="41" WIDTH="226" VPOS="1292" HPOS="720"/>
<SP HEIGHT="40" WIDTH="29" VPOS="1292" HPOS="947"/>
<String CONTENT="committee" HEIGHT="44" WIDTH="275" VPOS="1288" HPOS="977"/>
<SP HEIGHT="31" WIDTH="30" VPOS="1299" HPOS="1253"/>
<String CONTENT="of" HEIGHT="41" WIDTH="52" VPOS="1289" HPOS="1284"/>
<SP HEIGHT="40" WIDTH="28" VPOS="1289" HPOS="1337"/>
<String CONTENT="the" HEIGHT="39" WIDTH="82" VPOS="1290" HPOS="1366"/>
<SP HEIGHT="40" WIDTH="31" VPOS="1289" HPOS="1449"/>
<String CONTENT="University" HEIGHT="51" WIDTH="285" VPOS="1285" HPOS="1481"/>
<SP HEIGHT="39" WIDTH="29" VPOS="1296" HPOS="1767"/>
<String CONTENT="of" HEIGHT="41" WIDTH="52" VPOS="1285" HPOS="1797"/>
<SP HEIGHT="42" WIDTH="31" VPOS="1285" HPOS="1850"/>
<String CONTENT="Chicago," HEIGHT="48" WIDTH="223" VPOS="1284" HPOS="1882"/>
</TextLine>
<TextLine HEIGHT="50" WIDTH="227" VPOS="1351" HPOS="105" LANG="en-US">
<String CONTENT="no." HEIGHT="30" WIDTH="74" VPOS="1364" HPOS="105"/>
<SP HEIGHT="32" WIDTH="28" VPOS="1362" HPOS="180"/>
<String CONTENT="xxv)" HEIGHT="50" WIDTH="123" VPOS="1351" HPOS="209"/>
</TextLine>
<TextLine HEIGHT="117" WIDTH="1980" VPOS="1415" HPOS="109" LANG="en-US" CS="1">
<String CONTENT="&#169;" HEIGHT="53" WIDTH="52" VPOS="1420" HPOS="109"/>
<SP HEIGHT="53" WIDTH="32" VPOS="1420" HPOS="162"/>
<String CONTENT="Jan." HEIGHT="42" WIDTH="108" VPOS="1424" HPOS="195"/>
<SP HEIGHT="41" WIDTH="32" VPOS="1424" HPOS="304"/>
<String CONTENT="24," HEIGHT="47" WIDTH="69" VPOS="1424" HPOS="337"/>
<SP HEIGHT="46" WIDTH="31" VPOS="1425" HPOS="407"/>
<String CONTENT="1933;" HEIGHT="47" WIDTH="140" VPOS="1423" HPOS="439"/>
<SP HEIGHT="48" WIDTH="34" VPOS="1422" HPOS="580"/>
<String CONTENT="2c." HEIGHT="41" WIDTH="67" VPOS="1422" HPOS="615"/>
<SP HEIGHT="40" WIDTH="30" VPOS="1423" HPOS="683"/>
<String CONTENT="May" HEIGHT="48" WIDTH="113" VPOS="1422" HPOS="714"/>
<SP HEIGHT="48" WIDTH="30" VPOS="1421" HPOS="828"/>
<String CONTENT="2;" HEIGHT="47" WIDTH="52" VPOS="1421" HPOS="859"/>
<SP HEIGHT="37" WIDTH="34" VPOS="1431" HPOS="912"/>
<String CONTENT="aff." HEIGHT="41" WIDTH="81" VPOS="1420" HPOS="947"/>
<SP HEIGHT="41" WIDTH="31" VPOS="1420" HPOS="1029"/>
<String CONTENT="Apr." HEIGHT="49" WIDTH="114" VPOS="1420" HPOS="1061"/>
<SP HEIGHT="43" WIDTH="29" VPOS="1421" HPOS="1176"/>
<String CONTENT="29;" HEIGHT="50" WIDTH="82" VPOS="1418" HPOS="1206"/>
<SP HEIGHT="47" WIDTH="32" VPOS="1420" HPOS="1289"/>
<!-- cceid 41110F34-6CF9-1014-A6CF-A82867D68027 --><String CONTENT="A" HEIGHT="39" WIDTH="40" VPOS="1420" HPOS="1322"/>
<SP HEIGHT="40" WIDTH="29" VPOS="1419" HPOS="1363"/>
<String CONTENT="61557;" HEIGHT="48" WIDTH="171" VPOS="1418" HPOS="1393"/>
<SP HEIGHT="48" WIDTH="35" VPOS="1418" HPOS="1565"/>
<String CONTENT="University" HEIGHT="51" WIDTH="283" VPOS="1415" HPOS="1601"/>
<SP HEIGHT="38" WIDTH="29" VPOS="1427" HPOS="1885"/>
<String CONTENT="of" HEIGHT="41" WIDTH="53" VPOS="1416" HPOS="1915"/>
<SP HEIGHT="42" WIDTH="30" VPOS="1415" HPOS="1969"/>
<String CONTENT="Chicago," HEIGHT="117" WIDTH="1913" VPOS="1415" HPOS="176"/>
<SP HEIGHT="49" WIDTH="32" VPOS="1482" HPOS="307"/>
<String CONTENT="Chicago." HEIGHT="47" WIDTH="223" VPOS="1482" HPOS="340"/>
<SP HEIGHT="50" WIDTH="73" VPOS="1480" HPOS="564"/>
<String CONTENT="(33-11672)" HEIGHT="51" WIDTH="280" VPOS="1479" HPOS="638"/>
</TextLine>
<TextLine HEIGHT="70" WIDTH="1546" VPOS="1582" HPOS="105" STYLEREFS="StyleId-AA463B30-349C-4858-870A-53910698B722-" LANG="en-US">
<String CONTENT="Whittemore," HEIGHT="68" WIDTH="411" VPOS="1584" HPOS="105"/>
<SP HEIGHT="64" WIDTH="24" VPOS="1587" HPOS="517"/>
<String CONTENT="Mrs." HEIGHT="53" WIDTH="138" VPOS="1587" HPOS="542"/>
<SP HEIGHT="54" WIDTH="27" VPOS="1586" HPOS="681"/>
<String CONTENT="Frances" HEIGHT="54" WIDTH="259" VPOS="1585" HPOS="709"/>
<SP HEIGHT="52" WIDTH="25" VPOS="1586" HPOS="969"/>
<String CONTENT="Dean" HEIGHT="51" WIDTH="164" VPOS="1586" HPOS="995"/>
<SP HEIGHT="62" WIDTH="37" VPOS="1586" HPOS="1160"/>
<String CONTENT="(Davis)" HEIGHT="66" WIDTH="245" VPOS="1582" HPOS="1198"/>
<SP HEIGHT="64" WIDTH="35" VPOS="1582" HPOS="1444"/>
<String CONTENT="1857-" HEIGHT="55" WIDTH="171" VPOS="1582" HPOS="1480"/>
</TextLine>
<TextLine HEIGHT="152" WIDTH="1976" VPOS="1657" HPOS="109" STYLEREFS="StyleId-1D1B882C-1823-4F42-8EBF-18B3E2F2E125-" LANG="en-US" CS="1">
<String CONTENT="George" HEIGHT="72" WIDTH="222" VPOS="1660" HPOS="179"/>
<SP HEIGHT="53" WIDTH="29" VPOS="1664" HPOS="401"/>
<String CONTENT="Washington" HEIGHT="69" WIDTH="383" VPOS="1662" HPOS="430"/>
<SP HEIGHT="52" WIDTH="29" VPOS="1663" HPOS="813"/>
<String CONTENT="in" HEIGHT="51" WIDTH="59" VPOS="1663" HPOS="842"/>
<SP HEIGHT="34" WIDTH="31" VPOS="1681" HPOS="901"/>
<String CONTENT="sculpture," HEIGHT="67" WIDTH="312" VPOS="1662" HPOS="932"/>
<SP HEIGHT="66" WIDTH="28" VPOS="1662" HPOS="1244"/>
<String CONTENT="by" HEIGHT="65" WIDTH="76" VPOS="1662" HPOS="1272"/>
<SP HEIGHT="65" WIDTH="28" VPOS="1662" HPOS="1348"/>
<String CONTENT="Frances" HEIGHT="51" WIDTH="249" VPOS="1662" HPOS="1376"/>
<SP HEIGHT="52" WIDTH="28" VPOS="1660" HPOS="1625"/>
<String CONTENT="Davis" HEIGHT="54" WIDTH="183" VPOS="1658" HPOS="1653"/>
<SP HEIGHT="53" WIDTH="27" VPOS="1659" HPOS="1836"/>
<String CONTENT="Whittemore." HEIGHT="137" WIDTH="1976" VPOS="1657" HPOS="109"/>
<SP HEIGHT="53" WIDTH="73" VPOS="1739" HPOS="280"/>
<String CONTENT="Boston," HEIGHT="68" WIDTH="233" VPOS="1739" HPOS="354"/>
<SP HEIGHT="66" WIDTH="33" VPOS="1741" HPOS="588"/>
<String CONTENT="Marshall" HEIGHT="54" WIDTH="280" VPOS="1740" HPOS="622"/>
<SP HEIGHT="53" WIDTH="34" VPOS="1741" HPOS="903"/>
<String CONTENT="Jones" HEIGHT="53" WIDTH="175" VPOS="1741" HPOS="938"/>
<SP HEIGHT="34" WIDTH="33" VPOS="1758" HPOS="1114"/>
<String CONTENT="company," HEIGHT="51" WIDTH="298" VPOS="1756" HPOS="1148"/>
<SP HEIGHT="63" WIDTH="31" VPOS="1741" HPOS="1447"/>
<String CONTENT="1933." HEIGHT="49" WIDTH="152" VPOS="1741" HPOS="1479"/>
</TextLine>
<TextLine HEIGHT="53" WIDTH="1322" VPOS="1811" HPOS="185" LANG="en-US" CS="1">
<String CONTENT="xv," HEIGHT="40" WIDTH="76" VPOS="1822" HPOS="185"/>
<SP HEIGHT="47" WIDTH="25" VPOS="1814" HPOS="262"/>
<String CONTENT="203" HEIGHT="41" WIDTH="84" VPOS="1813" HPOS="288"/>
<SP HEIGHT="50" WIDTH="25" VPOS="1813" HPOS="373"/>
<String CONTENT="p." HEIGHT="38" WIDTH="44" VPOS="1825" HPOS="399"/>
<SP HEIGHT="30" WIDTH="57" VPOS="1824" HPOS="444"/>
<String CS="1" CONTENT="XLVII" HEIGHT="30" WIDTH="64" VPOS="1823" HPOS="502"/>
<SP/>
<String CS="1" CONTENT="pl."/>
<SP HEIGHT="47" WIDTH="27" VPOS="1813" HPOS="725"/>
<String CONTENT="(incl." HEIGHT="47" WIDTH="134" VPOS="1812" HPOS="753"/>
<SP HEIGHT="41" WIDTH="27" VPOS="1812" HPOS="888"/>
<String CONTENT="front.)" HEIGHT="48" WIDTH="175" VPOS="1812" HPOS="916"/>
<SP HEIGHT="46" WIDTH="38" VPOS="1814" HPOS="1092"/>
<String CONTENT="on" HEIGHT="30" WIDTH="59" VPOS="1823" HPOS="1131"/>
<SP HEIGHT="38" WIDTH="28" VPOS="1814" HPOS="1191"/>
<String CONTENT="16" HEIGHT="41" WIDTH="55" VPOS="1812" HPOS="1220"/>
<SP/>
<String CS="1" CONTENT="l."/>
<SP HEIGHT="41" WIDTH="57" VPOS="1811" HPOS="1333"/>
<String CONTENT="24" HEIGHT="40" WIDTH="56" VPOS="1811" HPOS="1391"/>
<String STYLE="superscript" CONTENT="cm" HEIGHT="21" WIDTH="43" VPOS="1814" HPOS="1451"/>
<String CONTENT="." HEIGHT="8" WIDTH="7" VPOS="1843" HPOS="1500"/>
</TextLine>
<TextLine HEIGHT="56" WIDTH="1997" VPOS="1877" HPOS="115" LANG="en-US">
<String CONTENT="&#169;" HEIGHT="52" WIDTH="52" VPOS="1881" HPOS="115"/>
<SP HEIGHT="52" WIDTH="28" VPOS="1881" HPOS="168"/>
<String CONTENT="Apr." HEIGHT="49" WIDTH="113" VPOS="1884" HPOS="197"/>
<SP HEIGHT="40" WIDTH="28" VPOS="1885" HPOS="311"/>
<String CONTENT="25," HEIGHT="47" WIDTH="68" VPOS="1885" HPOS="340"/>
<SP HEIGHT="46" WIDTH="29" VPOS="1886" HPOS="409"/>
<String CONTENT="1933;" HEIGHT="46" WIDTH="139" VPOS="1885" HPOS="439"/>
<SP HEIGHT="47" WIDTH="30" VPOS="1884" HPOS="579"/>
<String CONTENT="2c." HEIGHT="40" WIDTH="66" VPOS="1884" HPOS="610"/>
<SP HEIGHT="40" WIDTH="29" VPOS="1884" HPOS="677"/>
<String CONTENT="Apr." HEIGHT="49" WIDTH="113" VPOS="1883" HPOS="707"/>
<SP HEIGHT="41" WIDTH="28" VPOS="1884" HPOS="821"/>
<String CONTENT="26;" HEIGHT="46" WIDTH="82" VPOS="1884" HPOS="850"/>
<SP HEIGHT="36" WIDTH="32" VPOS="1894" HPOS="933"/>
<String CONTENT="aff." HEIGHT="39" WIDTH="81" VPOS="1883" HPOS="966"/>
<SP HEIGHT="39" WIDTH="28" VPOS="1883" HPOS="1048"/>
<String CONTENT="Apr." HEIGHT="48" WIDTH="115" VPOS="1883" HPOS="1077"/>
<SP HEIGHT="40" WIDTH="28" VPOS="1884" HPOS="1193"/>
<String CONTENT="28;" HEIGHT="47" WIDTH="81" VPOS="1883" HPOS="1222"/>
<SP HEIGHT="46" WIDTH="31" VPOS="1883" HPOS="1304"/>
<!-- cceid 4111CA06-6CF9-1014-A6CF-A82867D68027 --><String CONTENT="A" HEIGHT="38" WIDTH="40" VPOS="1883" HPOS="1336"/>
<SP HEIGHT="39" WIDTH="28" VPOS="1883" HPOS="1377"/>
<String CONTENT="62372;" HEIGHT="46" WIDTH="170" VPOS="1882" HPOS="1406"/>
<SP HEIGHT="45" WIDTH="33" VPOS="1883" HPOS="1577"/>
<String CONTENT="F." HEIGHT="39" WIDTH="50" VPOS="1883" HPOS="1611"/>
<SP HEIGHT="39" WIDTH="28" VPOS="1883" HPOS="1662"/>
<String CONTENT="D." HEIGHT="40" WIDTH="58" VPOS="1882" HPOS="1691"/>
<SP HEIGHT="39" WIDTH="27" VPOS="1883" HPOS="1750"/>
<String CONTENT="Whittemore," HEIGHT="47" WIDTH="334" VPOS="1881" HPOS="1778"/>
</TextLine>
<TextLine HEIGHT="51" WIDTH="715" VPOS="1940" HPOS="181" LANG="en-US">
<String CONTENT="Topeka," HEIGHT="50" WIDTH="208" VPOS="1941" HPOS="181"/>
<SP HEIGHT="47" WIDTH="30" VPOS="1943" HPOS="390"/>
<String CONTENT="Kan." HEIGHT="39" WIDTH="125" VPOS="1943" HPOS="421"/>
<SP HEIGHT="47" WIDTH="68" VPOS="1941" HPOS="547"/>
<String CONTENT="(33-11155)" HEIGHT="48" WIDTH="280" VPOS="1940" HPOS="616"/>
</TextLine>
<TextLine HEIGHT="68" WIDTH="933" VPOS="2044" HPOS="113" STYLEREFS="StyleId-AA463B30-349C-4858-870A-53910698B722-" LANG="en-US">
<String CONTENT="Wiliam," HEIGHT="66" WIDTH="247" VPOS="2045" HPOS="113"/>
<SP HEIGHT="61" WIDTH="29" VPOS="2049" HPOS="361"/>
<String CONTENT="Franz" HEIGHT="52" WIDTH="190" VPOS="2049" HPOS="391"/>
<SP HEIGHT="52" WIDTH="28" VPOS="2049" HPOS="582"/>
<String CONTENT="Michel," HEIGHT="65" WIDTH="233" VPOS="2046" HPOS="611"/>
<SP HEIGHT="58" WIDTH="29" VPOS="2052" HPOS="845"/>
<String CONTENT="1894-" HEIGHT="49" WIDTH="171" VPOS="2052" HPOS="875"/>
</TextLine>
<TextLine HEIGHT="74" WIDTH="1932" VPOS="2120" HPOS="183" STYLEREFS="StyleId-1D1B882C-1823-4F42-8EBF-18B3E2F2E125-" LANG="de">
<String LANG="en-US" CONTENT="Des" HEIGHT="55" WIDTH="114" VPOS="2123" HPOS="183"/>
<SP HEIGHT="52" WIDTH="39" VPOS="2125" HPOS="298"/>
<String CONTENT="leben" HEIGHT="53" WIDTH="158" VPOS="2123" HPOS="338"/>
<SP HEIGHT="54" WIDTH="37" VPOS="2123" HPOS="497"/>
<String CONTENT="Jesu" HEIGHT="54" WIDTH="138" VPOS="2123" HPOS="535"/>
<SP HEIGHT="52" WIDTH="39" VPOS="2124" HPOS="674"/>
<String CONTENT="im" HEIGHT="54" WIDTH="79" VPOS="2123" HPOS="714"/>
<SP HEIGHT="52" WIDTH="36" VPOS="2124" HPOS="794"/>
<String CONTENT="lande" HEIGHT="53" WIDTH="172" VPOS="2123" HPOS="831"/>
<SP HEIGHT="35" WIDTH="35" VPOS="2141" HPOS="1004"/>
<String CONTENT="und" HEIGHT="52" WIDTH="119" VPOS="2123" HPOS="1040"/>
<SP HEIGHT="52" WIDTH="39" VPOS="2123" HPOS="1160"/>
<String CONTENT="volke" HEIGHT="54" WIDTH="165" VPOS="2122" HPOS="1200"/>
<SP HEIGHT="52" WIDTH="37" VPOS="2123" HPOS="1366"/>
<String CONTENT="Israel," HEIGHT="68" WIDTH="199" VPOS="2123" HPOS="1404"/>
<SP HEIGHT="49" WIDTH="39" VPOS="2142" HPOS="1604"/>
<String CONTENT="von" HEIGHT="38" WIDTH="108" VPOS="2137" HPOS="1644"/>
<SP HEIGHT="53" WIDTH="45" VPOS="2121" HPOS="1753"/>
<String CONTENT="dr." HEIGHT="53" WIDTH="83" VPOS="2121" HPOS="1799"/>
<SP HEIGHT="51" WIDTH="41" VPOS="2123" HPOS="1883"/>
<String CONTENT="Franz" HEIGHT="51" WIDTH="190" VPOS="2123" HPOS="1925"/>
</TextLine>
<TextLine HEIGHT="74" WIDTH="2003" VPOS="2198" HPOS="114" STYLEREFS="StyleId-1D1B882C-1823-4F42-8EBF-18B3E2F2E125-" LANG="de">
<String CONTENT="Michel" HEIGHT="55" WIDTH="213" VPOS="2201" HPOS="114"/>
<SP HEIGHT="54" WIDTH="29" VPOS="2202" HPOS="327"/>
<String CONTENT="Willam." HEIGHT="54" WIDTH="253" VPOS="2202" HPOS="356"/>
<SP HEIGHT="52" WIDTH="67" VPOS="2202" HPOS="609"/>
<String CONTENT="Mit" HEIGHT="54" WIDTH="117" VPOS="2201" HPOS="676"/>
<SP HEIGHT="49" WIDTH="26" VPOS="2205" HPOS="794"/>
<String CONTENT="33" HEIGHT="48" WIDTH="66" VPOS="2205" HPOS="821"/>
<SP HEIGHT="49" WIDTH="32" VPOS="2205" HPOS="888"/>
<String CONTENT="vom" HEIGHT="35" WIDTH="127" VPOS="2219" HPOS="921"/>
<SP HEIGHT="33" WIDTH="33" VPOS="2220" HPOS="1049"/>
<String CONTENT="Verfasser" HEIGHT="56" WIDTH="285" VPOS="2199" HPOS="1082"/>
<SP HEIGHT="34" WIDTH="31" VPOS="2219" HPOS="1368"/>
<String CONTENT="selbst" HEIGHT="53" WIDTH="174" VPOS="2200" HPOS="1399"/>
<SP HEIGHT="48" WIDTH="30" VPOS="2205" HPOS="1574"/>
<String CONTENT="auf" HEIGHT="52" WIDTH="105" VPOS="2200" HPOS="1604"/>
<SP HEIGHT="69" WIDTH="2" VPOS="2200" HPOS="1709"/>
<String CONTENT="genommenen" HEIGHT="51" WIDTH="405" VPOS="2218" HPOS="1712"/>
</TextLine>
<TextLine HEIGHT="74" WIDTH="1999" VPOS="2276" HPOS="116" STYLEREFS="StyleId-1D1B882C-1823-4F42-8EBF-18B3E2F2E125-" LANG="de">
<String CONTENT="bildern." HEIGHT="55" WIDTH="240" VPOS="2279" HPOS="116"/>
<SP HEIGHT="53" WIDTH="61" VPOS="2280" HPOS="357"/>
<String CONTENT="Freiburg" HEIGHT="69" WIDTH="285" VPOS="2279" HPOS="419"/>
<SP HEIGHT="68" WIDTH="23" VPOS="2280" HPOS="705"/>
<String CONTENT="im" HEIGHT="53" WIDTH="78" VPOS="2279" HPOS="729"/>
<SP HEIGHT="50" WIDTH="24" VPOS="2281" HPOS="808"/>
<String CONTENT="Breisgau," HEIGHT="68" WIDTH="299" VPOS="2279" HPOS="833"/>
<SP HEIGHT="68" WIDTH="24" VPOS="2279" HPOS="1133"/>
<String CONTENT="Herder" HEIGHT="54" WIDTH="226" VPOS="2278" HPOS="1158"/>
<SP HEIGHT="50" WIDTH="24" VPOS="2281" HPOS="1385"/>
<String CONTENT="&amp;" HEIGHT="50" WIDTH="45" VPOS="2281" HPOS="1410"/>
<SP HEIGHT="50" WIDTH="24" VPOS="2281" HPOS="1456"/>
<String CONTENT="co.," HEIGHT="50" WIDTH="98" VPOS="2297" HPOS="1481"/>
<SP HEIGHT="50" WIDTH="24" VPOS="2297" HPOS="1580"/>
<String CONTENT="g." HEIGHT="50" WIDTH="52" VPOS="2297" HPOS="1605"/>
<SP HEIGHT="34" WIDTH="24" VPOS="2298" HPOS="1658"/>
<String CONTENT="m." HEIGHT="35" WIDTH="73" VPOS="2297" HPOS="1683"/>
<SP HEIGHT="53" WIDTH="27" VPOS="2278" HPOS="1757"/>
<String CONTENT="b." HEIGHT="53" WIDTH="51" VPOS="2278" HPOS="1785"/>
<SP HEIGHT="52" WIDTH="25" VPOS="2279" HPOS="1837"/>
<String CONTENT="h.," HEIGHT="67" WIDTH="73" VPOS="2279" HPOS="1863"/>
<SP HEIGHT="65" WIDTH="27" VPOS="2281" HPOS="1937"/>
<String CONTENT="1933." HEIGHT="49" WIDTH="150" VPOS="2281" HPOS="1965"/>
</TextLine>
<TextLine HEIGHT="53" WIDTH="896" VPOS="2352" HPOS="189" STYLEREFS="StyleId-1D1B882C-1823-4F42-8EBF-18B3E2F2E125-" CS="1">
<String LANG="de" CONTENT="xi," HEIGHT="48" WIDTH="64" VPOS="2353" HPOS="189"/>
<SP HEIGHT="30" WIDTH="34" VPOS="2374" HPOS="254"/>
<String LANG="de" CONTENT="[1]," HEIGHT="48" WIDTH="69" VPOS="2356" HPOS="289"/>
<SP HEIGHT="47" WIDTH="29" VPOS="2356" HPOS="359"/>
<String LANG="de" CONTENT="513," HEIGHT="46" WIDTH="97" VPOS="2356" HPOS="389"/>
<SP HEIGHT="30" WIDTH="32" VPOS="2374" HPOS="487"/>
<String LANG="de" CONTENT="[1]" HEIGHT="48" WIDTH="55" VPOS="2356" HPOS="520"/>
<SP HEIGHT="39" WIDTH="30" VPOS="2365" HPOS="576"/>
<String LANG="de" CONTENT="p." HEIGHT="37" WIDTH="43" VPOS="2365" HPOS="607"/>
<SP HEIGHT="36" WIDTH="57" VPOS="2366" HPOS="651"/>
<String LANG="en-US" CONTENT="plates." HEIGHT="47" WIDTH="171" VPOS="2355" HPOS="709"/>
<SP HEIGHT="40" WIDTH="55" VPOS="2354" HPOS="881"/>
<String LANG="de" CONTENT="20" HEIGHT="40" WIDTH="56" VPOS="2354" HPOS="937"/>
<String LANG="en-US" CS="1" CONTENT="&#189;"/>
<String STYLE="superscript" LANG="de" CONTENT="cm" HEIGHT="21" WIDTH="44" VPOS="2356" HPOS="1026"/>
<String LANG="de" CONTENT="." HEIGHT="8" WIDTH="9" VPOS="2386" HPOS="1076"/>
</TextLine>
<TextLine HEIGHT="57" WIDTH="1996" VPOS="2417" HPOS="122" LANG="de" CS="1">
<String CONTENT="&#169;" HEIGHT="52" WIDTH="52" VPOS="2421" HPOS="122"/>
<SP HEIGHT="52" WIDTH="37" VPOS="2421" HPOS="175"/>
<String CONTENT="Oct." HEIGHT="42" WIDTH="101" VPOS="2424" HPOS="213"/>
<SP HEIGHT="39" WIDTH="36" VPOS="2425" HPOS="315"/>
<String CONTENT="28," HEIGHT="47" WIDTH="69" VPOS="2425" HPOS="352"/>
<SP HEIGHT="45" WIDTH="36" VPOS="2427" HPOS="422"/>
<String CONTENT="1932;" HEIGHT="45" WIDTH="141" VPOS="2426" HPOS="459"/>
<SP/>
<String CS="1" CONTENT="1c."/>
<SP HEIGHT="43" WIDTH="37" VPOS="2425" HPOS="706"/>
<String CONTENT="Feb." HEIGHT="40" WIDTH="111" VPOS="2425" HPOS="744"/>
<SP HEIGHT="40" WIDTH="34" VPOS="2425" HPOS="856"/>
<String CONTENT="23," HEIGHT="46" WIDTH="68" VPOS="2425" HPOS="891"/>
<SP HEIGHT="45" WIDTH="38" VPOS="2426" HPOS="960"/>
<String CONTENT="1933;" HEIGHT="46" WIDTH="142" VPOS="2425" HPOS="999"/>
<SP HEIGHT="46" WIDTH="38" VPOS="2425" HPOS="1142"/>
<!-- cceid 41126A14-6CF9-1014-A6CF-A82867D68027 --><String CONTENT="A-Foreign" HEIGHT="47" WIDTH="310" VPOS="2424" HPOS="1181"/>
<SP HEIGHT="38" WIDTH="33" VPOS="2425" HPOS="1492"/>
<String CONTENT="19936;" HEIGHT="47" WIDTH="170" VPOS="2424" HPOS="1526"/>
<SP HEIGHT="46" WIDTH="40" VPOS="2425" HPOS="1697"/>
<String CONTENT="Herder" HEIGHT="40" WIDTH="190" VPOS="2424" HPOS="1738"/>
<SP HEIGHT="39" WIDTH="33" VPOS="2424" HPOS="1929"/>
<String CONTENT="&amp;" HEIGHT="39" WIDTH="36" VPOS="2424" HPOS="1963"/>
<SP HEIGHT="40" WIDTH="35" VPOS="2424" HPOS="2000"/>
<String CONTENT="co.," HEIGHT="36" WIDTH="82" VPOS="2434" HPOS="2036"/>
</TextLine>
<TextLine HEIGHT="51" WIDTH="626" VPOS="2481" HPOS="190" LANG="de">
<String CONTENT="g." HEIGHT="37" WIDTH="41" VPOS="2492" HPOS="190"/>
<SP HEIGHT="29" WIDTH="27" VPOS="2494" HPOS="232"/>
<String CONTENT="m." HEIGHT="30" WIDTH="61" VPOS="2494" HPOS="260"/>
<SP HEIGHT="41" WIDTH="26" VPOS="2483" HPOS="322"/>
<String CONTENT="b." HEIGHT="40" WIDTH="41" VPOS="2483" HPOS="349"/>
<SP HEIGHT="40" WIDTH="27" VPOS="2483" HPOS="391"/>
<String CONTENT="h." HEIGHT="39" WIDTH="45" VPOS="2483" HPOS="419"/>
<SP HEIGHT="47" WIDTH="69" VPOS="2482" HPOS="465"/>
<String CONTENT="(33-10287)" HEIGHT="50" WIDTH="281" VPOS="2481" HPOS="535"/>
</TextLine>
<TextLine HEIGHT="74" WIDTH="1274" VPOS="2581" HPOS="116" STYLEREFS="StyleId-AA463B30-349C-4858-870A-53910698B722-" LANG="de">
<String CONTENT="Williams," HEIGHT="71" WIDTH="306" VPOS="2583" HPOS="116"/>
<SP HEIGHT="65" WIDTH="32" VPOS="2588" HPOS="423"/>
<String CONTENT="Gardner" HEIGHT="55" WIDTH="267" VPOS="2588" HPOS="456"/>
<SP HEIGHT="55" WIDTH="27" VPOS="2589" HPOS="724"/>
<String CONTENT="Stewart," HEIGHT="64" WIDTH="277" VPOS="2589" HPOS="752"/>
<SP HEIGHT="60" WIDTH="33" VPOS="2593" HPOS="1030"/>
<String CONTENT="1866-1931." HEIGHT="52" WIDTH="326" VPOS="2592" HPOS="1064"/>
</TextLine>
<TextLine HEIGHT="76" WIDTH="1933" VPOS="2661" HPOS="189" STYLEREFS="StyleId-1D1B882C-1823-4F42-8EBF-18B3E2F2E125-" LANG="en-US">
<String CONTENT="Hydraulic" HEIGHT="67" WIDTH="325" VPOS="2666" HPOS="189"/>
<SP HEIGHT="47" WIDTH="33" VPOS="2672" HPOS="514"/>
<String CONTENT="tables;" HEIGHT="71" WIDTH="208" VPOS="2663" HPOS="547"/>
<SP HEIGHT="60" WIDTH="38" VPOS="2673" HPOS="755"/>
<String CONTENT="the" HEIGHT="51" WIDTH="97" VPOS="2668" HPOS="793"/>
<SP HEIGHT="32" WIDTH="33" VPOS="2687" HPOS="890"/>
<String CONTENT="elements" HEIGHT="52" WIDTH="269" VPOS="2668" HPOS="923"/>
<SP HEIGHT="35" WIDTH="33" VPOS="2685" HPOS="1192"/>
<String CONTENT="of" HEIGHT="56" WIDTH="66" VPOS="2664" HPOS="1225"/>
<SP HEIGHT="70" WIDTH="32" VPOS="2664" HPOS="1291"/>
<String CONTENT="gagings" HEIGHT="69" WIDTH="245" VPOS="2665" HPOS="1323"/>
<SP HEIGHT="34" WIDTH="35" VPOS="2684" HPOS="1568"/>
<String CONTENT="and" HEIGHT="53" WIDTH="115" VPOS="2666" HPOS="1603"/>
<SP HEIGHT="54" WIDTH="34" VPOS="2665" HPOS="1718"/>
<String CONTENT="the" HEIGHT="51" WIDTH="97" VPOS="2666" HPOS="1752"/>
<SP HEIGHT="53" WIDTH="36" VPOS="2664" HPOS="1849"/>
<String CONTENT="friction" HEIGHT="54" WIDTH="237" VPOS="2664" HPOS="1885"/>
</TextLine>
<TextLine HEIGHT="76" WIDTH="1999" VPOS="2739" HPOS="119" STYLEREFS="StyleId-1D1B882C-1823-4F42-8EBF-18B3E2F2E125-" LANG="en-US">
<String CONTENT="of" HEIGHT="53" WIDTH="66" VPOS="2743" HPOS="119"/>
<SP HEIGHT="53" WIDTH="21" VPOS="2743" HPOS="186"/>
<String CONTENT="water" HEIGHT="47" WIDTH="176" VPOS="2751" HPOS="208"/>
<SP HEIGHT="51" WIDTH="21" VPOS="2745" HPOS="385"/>
<String CONTENT="flowing" HEIGHT="70" WIDTH="232" VPOS="2743" HPOS="407"/>
<SP HEIGHT="69" WIDTH="21" VPOS="2744" HPOS="640"/>
<String CONTENT="in" HEIGHT="54" WIDTH="58" VPOS="2744" HPOS="662"/>
<SP HEIGHT="51" WIDTH="26" VPOS="2763" HPOS="721"/>
<String CONTENT="pipes," HEIGHT="68" WIDTH="179" VPOS="2745" HPOS="748"/>
<SP HEIGHT="40" WIDTH="24" VPOS="2764" HPOS="928"/>
<String CONTENT="aqueducts," HEIGHT="68" WIDTH="324" VPOS="2744" HPOS="953"/>
<SP HEIGHT="40" WIDTH="22" VPOS="2764" HPOS="1278"/>
<String CONTENT="sewers," HEIGHT="50" WIDTH="216" VPOS="2762" HPOS="1301"/>
<SP HEIGHT="48" WIDTH="23" VPOS="2764" HPOS="1518"/>
<String CONTENT="etc.," HEIGHT="64" WIDTH="119" VPOS="2748" HPOS="1542"/>
<SP HEIGHT="48" WIDTH="24" VPOS="2764" HPOS="1662"/>
<String CONTENT="as" HEIGHT="34" WIDTH="59" VPOS="2764" HPOS="1687"/>
<SP HEIGHT="54" WIDTH="24" VPOS="2744" HPOS="1747"/>
<String CONTENT="determined" HEIGHT="54" WIDTH="346" VPOS="2743" HPOS="1772"/>
</TextLine>
<TextLine HEIGHT="72" WIDTH="2004" VPOS="2819" HPOS="121" STYLEREFS="StyleId-1D1B882C-1823-4F42-8EBF-18B3E2F2E125-" LANG="en-US">
<String CONTENT="by" HEIGHT="68" WIDTH="75" VPOS="2823" HPOS="121"/>
<SP HEIGHT="63" WIDTH="37" VPOS="2828" HPOS="197"/>
<String CONTENT="the" HEIGHT="52" WIDTH="94" VPOS="2824" HPOS="235"/>
<SP HEIGHT="52" WIDTH="38" VPOS="2823" HPOS="330"/>
<String CONTENT="Hazen" HEIGHT="53" WIDTH="200" VPOS="2823" HPOS="369"/>
<SP HEIGHT="32" WIDTH="41" VPOS="2843" HPOS="570"/>
<String CONTENT="and" HEIGHT="53" WIDTH="111" VPOS="2824" HPOS="612"/>
<SP HEIGHT="55" WIDTH="38" VPOS="2823" HPOS="724"/>
<String CONTENT="Williams" HEIGHT="54" WIDTH="288" VPOS="2823" HPOS="763"/>
<SP HEIGHT="54" WIDTH="42" VPOS="2823" HPOS="1052"/>
<String CONTENT="formula" HEIGHT="54" WIDTH="251" VPOS="2822" HPOS="1095"/>
<SP HEIGHT="34" WIDTH="41" VPOS="2842" HPOS="1347"/>
<String CONTENT="and" HEIGHT="52" WIDTH="111" VPOS="2824" HPOS="1389"/>
<SP HEIGHT="52" WIDTH="38" VPOS="2824" HPOS="1501"/>
<String CONTENT="the" HEIGHT="53" WIDTH="96" VPOS="2823" HPOS="1540"/>
<SP HEIGHT="52" WIDTH="39" VPOS="2824" HPOS="1637"/>
<String CONTENT="flow" HEIGHT="53" WIDTH="126" VPOS="2823" HPOS="1677"/>
<SP HEIGHT="35" WIDTH="39" VPOS="2840" HPOS="1804"/>
<String CONTENT="of" HEIGHT="52" WIDTH="65" VPOS="2823" HPOS="1844"/>
<SP HEIGHT="52" WIDTH="38" VPOS="2823" HPOS="1910"/>
<String CONTENT="water" HEIGHT="48" WIDTH="176" VPOS="2828" HPOS="1949"/>
</TextLine>
<TextLine HEIGHT="154" WIDTH="2003" VPOS="2899" HPOS="123" STYLEREFS="StyleId-1D1B882C-1823-4F42-8EBF-18B3E2F2E125-" LANG="en-US" CS="1">
<String CONTENT="over" HEIGHT="36" WIDTH="134" VPOS="2919" HPOS="123"/>
<SP HEIGHT="35" WIDTH="36" VPOS="2920" HPOS="258"/>
<String CONTENT="sharp-edged" HEIGHT="67" WIDTH="382" VPOS="2902" HPOS="295"/>
<SP HEIGHT="52" WIDTH="40" VPOS="2903" HPOS="678"/>
<String CONTENT="and" HEIGHT="54" WIDTH="112" VPOS="2902" HPOS="719"/>
<SP HEIGHT="53" WIDTH="40" VPOS="2902" HPOS="832"/>
<String CONTENT="irregular" HEIGHT="67" WIDTH="284" VPOS="2902" HPOS="873"/>
<SP HEIGHT="33" WIDTH="38" VPOS="2921" HPOS="1158"/>
<String CONTENT="weirs," HEIGHT="68" WIDTH="180" VPOS="2901" HPOS="1197"/>
<SP HEIGHT="48" WIDTH="39" VPOS="2920" HPOS="1378"/>
<String CONTENT="and" HEIGHT="52" WIDTH="111" VPOS="2902" HPOS="1418"/>
<SP HEIGHT="52" WIDTH="39" VPOS="2902" HPOS="1530"/>
<String CONTENT="the" HEIGHT="53" WIDTH="97" VPOS="2902" HPOS="1570"/>
<SP HEIGHT="51" WIDTH="36" VPOS="2919" HPOS="1668"/>
<String CONTENT="quantity" HEIGHT="72" WIDTH="268" VPOS="2899" HPOS="1705"/>
<SP HEIGHT="68" WIDTH="37" VPOS="2902" HPOS="1974"/>
<String CONTENT="discharged" HEIGHT="149" WIDTH="1977" VPOS="2901" HPOS="124"/>
<SP HEIGHT="51" WIDTH="36" VPOS="2981" HPOS="371"/>
<String CONTENT="as" HEIGHT="34" WIDTH="58" VPOS="2999" HPOS="408"/>
<SP HEIGHT="53" WIDTH="39" VPOS="2980" HPOS="467"/>
<String CONTENT="determined" HEIGHT="57" WIDTH="349" VPOS="2979" HPOS="507"/>
<SP HEIGHT="54" WIDTH="36" VPOS="2981" HPOS="857"/>
<String CONTENT="by" HEIGHT="68" WIDTH="76" VPOS="2981" HPOS="894"/>
<SP HEIGHT="67" WIDTH="36" VPOS="2982" HPOS="971"/>
<String CONTENT="Bazin&#8217;s" HEIGHT="54" WIDTH="229" VPOS="2980" HPOS="1008"/>
<SP HEIGHT="55" WIDTH="36" VPOS="2979" HPOS="1238"/>
<String CONTENT="formula" HEIGHT="54" WIDTH="250" VPOS="2979" HPOS="1275"/>
<SP HEIGHT="34" WIDTH="37" VPOS="2999" HPOS="1526"/>
<String CONTENT="and" HEIGHT="52" WIDTH="113" VPOS="2981" HPOS="1564"/>
<SP HEIGHT="53" WIDTH="37" VPOS="2981" HPOS="1678"/>
<String CONTENT="experimental" HEIGHT="70" WIDTH="410" VPOS="2980" HPOS="1716"/>
</TextLine>
<TextLine HEIGHT="155" WIDTH="2001" VPOS="3055" HPOS="126" STYLEREFS="StyleId-1D1B882C-1823-4F42-8EBF-18B3E2F2E125-" LANG="en-US" CS="1">
<String CONTENT="investigations" HEIGHT="70" WIDTH="433" VPOS="3058" HPOS="126"/>
<SP HEIGHT="33" WIDTH="31" VPOS="3077" HPOS="560"/>
<String CONTENT="upon" HEIGHT="50" WIDTH="151" VPOS="3075" HPOS="592"/>
<SP HEIGHT="52" WIDTH="30" VPOS="3059" HPOS="744"/>
<String CONTENT="large" HEIGHT="68" WIDTH="158" VPOS="3059" HPOS="775"/>
<SP HEIGHT="34" WIDTH="27" VPOS="3077" HPOS="934"/>
<String CONTENT="models," HEIGHT="67" WIDTH="233" VPOS="3059" HPOS="962"/>
<SP HEIGHT="68" WIDTH="28" VPOS="3058" HPOS="1196"/>
<String CONTENT="by" HEIGHT="71" WIDTH="75" VPOS="3057" HPOS="1225"/>
<SP HEIGHT="64" WIDTH="28" VPOS="3063" HPOS="1301"/>
<String CONTENT="the" HEIGHT="52" WIDTH="95" VPOS="3058" HPOS="1330"/>
<SP HEIGHT="51" WIDTH="28" VPOS="3059" HPOS="1426"/>
<String CONTENT="late" HEIGHT="51" WIDTH="113" VPOS="3059" HPOS="1455"/>
<SP HEIGHT="55" WIDTH="29" VPOS="3058" HPOS="1569"/>
<String CONTENT="Gardner" HEIGHT="56" WIDTH="263" VPOS="3057" HPOS="1599"/>
<SP HEIGHT="55" WIDTH="32" VPOS="3058" HPOS="1863"/>
<String CONTENT="S." HEIGHT="55" WIDTH="56" VPOS="3058" HPOS="1896"/>
<SP HEIGHT="53" WIDTH="27" VPOS="3062" HPOS="1953"/>
<String CONTENT="Williams" HEIGHT="134" WIDTH="1974" VPOS="3058" HPOS="126"/>
<SP HEIGHT="34" WIDTH="51" VPOS="3157" HPOS="291"/>
<String CS="1" CONTENT="&#8230;"/>
<SP HEIGHT="34" WIDTH="52" VPOS="3156" HPOS="400"/>
<String CONTENT="and" HEIGHT="52" WIDTH="111" VPOS="3138" HPOS="453"/>
<SP HEIGHT="52" WIDTH="48" VPOS="3138" HPOS="565"/>
<String CONTENT="the" HEIGHT="53" WIDTH="95" VPOS="3138" HPOS="614"/>
<SP HEIGHT="53" WIDTH="46" VPOS="3138" HPOS="710"/>
<String CONTENT="late" HEIGHT="52" WIDTH="112" VPOS="3138" HPOS="757"/>
<SP HEIGHT="53" WIDTH="46" VPOS="3137" HPOS="870"/>
<String CONTENT="Allen" HEIGHT="53" WIDTH="170" VPOS="3137" HPOS="917"/>
<SP HEIGHT="53" WIDTH="49" VPOS="3137" HPOS="1088"/>
<String CONTENT="Hazen" HEIGHT="55" WIDTH="200" VPOS="3136" HPOS="1138"/>
<SP HEIGHT="33" WIDTH="52" VPOS="3156" HPOS="1339"/>
<String CS="1" CONTENT="&#8230;"/>
<SP HEIGHT="49" WIDTH="78" VPOS="3141" HPOS="1449"/>
<String CONTENT="3d" HEIGHT="53" WIDTH="71" VPOS="3139" HPOS="1528"/>
<SP HEIGHT="53" WIDTH="47" VPOS="3139" HPOS="1600"/>
<String CONTENT="ed.," HEIGHT="69" WIDTH="103" VPOS="3138" HPOS="1648"/>
<SP HEIGHT="51" WIDTH="46" VPOS="3155" HPOS="1752"/>
<String CONTENT="rev." HEIGHT="35" WIDTH="114" VPOS="3155" HPOS="1799"/>
<SP HEIGHT="52" WIDTH="74" VPOS="3140" HPOS="1914"/>
<String CONTENT="New" HEIGHT="53" WIDTH="138" VPOS="3140" HPOS="1989"/>
</TextLine>
<TextLine HEIGHT="152" WIDTH="1973" VPOS="3212" HPOS="129" STYLEREFS="StyleId-1D1B882C-1823-4F42-8EBF-18B3E2F2E125-" LANG="en-US" CS="1">
<String CONTENT="York," HEIGHT="70" WIDTH="177" VPOS="3215" HPOS="130"/>
<SP HEIGHT="66" WIDTH="33" VPOS="3218" HPOS="308"/>
<String CONTENT="J." HEIGHT="53" WIDTH="55" VPOS="3218" HPOS="342"/>
<SP HEIGHT="53" WIDTH="35" VPOS="3217" HPOS="398"/>
<String CONTENT="Wiley" HEIGHT="68" WIDTH="192" VPOS="3217" HPOS="434"/>
<SP HEIGHT="66" WIDTH="31" VPOS="3219" HPOS="627"/>
<String CONTENT="&amp;" HEIGHT="50" WIDTH="46" VPOS="3219" HPOS="659"/>
<SP HEIGHT="51" WIDTH="31" VPOS="3219" HPOS="706"/>
<String CONTENT="sons," HEIGHT="51" WIDTH="145" VPOS="3234" HPOS="738"/>
<SP HEIGHT="69" WIDTH="33" VPOS="3215" HPOS="884"/>
<String CONTENT="inc.;" HEIGHT="68" WIDTH="136" VPOS="3215" HPOS="918"/>
<SP HEIGHT="66" WIDTH="37" VPOS="3217" HPOS="1055"/>
<String CONTENT="London," HEIGHT="70" WIDTH="259" VPOS="3215" HPOS="1093"/>
<SP HEIGHT="69" WIDTH="35" VPOS="3215" HPOS="1353"/>
<String CONTENT="Chapman" HEIGHT="69" WIDTH="301" VPOS="3215" HPOS="1389"/>
<SP HEIGHT="50" WIDTH="33" VPOS="3222" HPOS="1691"/>
<String CONTENT="&amp;" HEIGHT="51" WIDTH="45" VPOS="3221" HPOS="1725"/>
<SP HEIGHT="52" WIDTH="35" VPOS="3219" HPOS="1771"/>
<String CONTENT="Hall," HEIGHT="68" WIDTH="158" VPOS="3218" HPOS="1807"/>
<SP HEIGHT="68" WIDTH="34" VPOS="3218" HPOS="1966"/>
<String CONTENT="limited," HEIGHT="147" WIDTH="1973" VPOS="3217" HPOS="129"/>
<SP HEIGHT="65" WIDTH="29" VPOS="3298" HPOS="264"/>
<String CONTENT="1933." HEIGHT="49" WIDTH="151" VPOS="3298" HPOS="294"/>
</TextLine>
<TextLine HEIGHT="57" WIDTH="1706" VPOS="3364" HPOS="200" LANG="en-US" CS="1">
<String CONTENT="2" HEIGHT="40" WIDTH="27" VPOS="3369" HPOS="200"/>
<SP/>
<String CONTENT="p." HEIGHT="37" WIDTH="44" VPOS="3380" HPOS="258"/>
<SP/>
<String CS="1" CONTENT="l.," HEIGHT="15" WIDTH="8" VPOS="3401" HPOS="370"/>
<SP HEIGHT="47" WIDTH="30" VPOS="3369" HPOS="379"/>
<String CONTENT="iii-vi," HEIGHT="48" WIDTH="148" VPOS="3367" HPOS="410"/>
<SP HEIGHT="46" WIDTH="32" VPOS="3369" HPOS="559"/>
<String CONTENT="115" HEIGHT="39" WIDTH="84" VPOS="3368" HPOS="592"/>
<SP HEIGHT="49" WIDTH="30" VPOS="3368" HPOS="677"/>
<String CONTENT="p." HEIGHT="39" WIDTH="42" VPOS="3378" HPOS="708"/>
<SP HEIGHT="40" WIDTH="58" VPOS="3368" HPOS="751"/>
<String CONTENT="front.," HEIGHT="47" WIDTH="164" VPOS="3368" HPOS="810"/>
<SP HEIGHT="46" WIDTH="32" VPOS="3369" HPOS="975"/>
<String CONTENT="diagrs." HEIGHT="47" WIDTH="181" VPOS="3368" HPOS="1008"/>
<SP HEIGHT="48" WIDTH="27" VPOS="3367" HPOS="1190"/>
<String CONTENT="(1" HEIGHT="49" WIDTH="49" VPOS="3366" HPOS="1218"/>
<SP HEIGHT="39" WIDTH="31" VPOS="3368" HPOS="1268"/>
<String CONTENT="fold.)" HEIGHT="48" WIDTH="144" VPOS="3368" HPOS="1300"/>
<SP HEIGHT="48" WIDTH="66" VPOS="3368" HPOS="1445"/>
<String CS="1" CONTENT="23&#189;" HEIGHT="41" WIDTH="55" VPOS="3368" HPOS="1512"/>
<String STYLE="superscript" CS="1" CONTENT="cm" HEIGHT="22" WIDTH="15" VPOS="3371" HPOS="1600"/>
<String CONTENT="." HEIGHT="9" WIDTH="9" VPOS="3398" HPOS="1649"/>
<SP HEIGHT="49" WIDTH="114" VPOS="3369" HPOS="1659"/>
<String CONTENT="$2.00" HEIGHT="48" WIDTH="132" VPOS="3369" HPOS="1774"/>
</TextLine>
<TextLine HEIGHT="62" WIDTH="1996" VPOS="3430" HPOS="135" LANG="en-US">
<String CONTENT="&#169;" HEIGHT="53" WIDTH="52" VPOS="3434" HPOS="135"/>
<SP HEIGHT="53" WIDTH="31" VPOS="3434" HPOS="188"/>
<String CONTENT="Apr." HEIGHT="48" WIDTH="113" VPOS="3439" HPOS="220"/>
<SP HEIGHT="40" WIDTH="30" VPOS="3440" HPOS="334"/>
<String CONTENT="3." HEIGHT="40" WIDTH="39" VPOS="3440" HPOS="365"/>
<SP HEIGHT="39" WIDTH="32" VPOS="3441" HPOS="405"/>
<String CONTENT="1933;" HEIGHT="45" WIDTH="140" VPOS="3440" HPOS="438"/>
<SP HEIGHT="43" WIDTH="32" VPOS="3442" HPOS="579"/>
<String CONTENT="2c." HEIGHT="37" WIDTH="67" VPOS="3442" HPOS="612"/>
<SP HEIGHT="28" WIDTH="30" VPOS="3451" HPOS="680"/>
<String CONTENT="and" HEIGHT="38" WIDTH="94" VPOS="3441" HPOS="711"/>
<SP HEIGHT="37" WIDTH="31" VPOS="3441" HPOS="806"/>
<String CONTENT="aff." HEIGHT="39" WIDTH="81" VPOS="3439" HPOS="838"/>
<SP HEIGHT="39" WIDTH="30" VPOS="3439" HPOS="920"/>
<String CONTENT="Apr." HEIGHT="48" WIDTH="112" VPOS="3439" HPOS="951"/>
<SP HEIGHT="40" WIDTH="31" VPOS="3440" HPOS="1064"/>
<String CONTENT="6;" HEIGHT="45" WIDTH="53" VPOS="3440" HPOS="1096"/>
<SP HEIGHT="46" WIDTH="34" VPOS="3439" HPOS="1150"/>
<!-- cceid 4112FD04-6CF9-1014-A6CF-A82867D68027 --><String CONTENT="A" HEIGHT="40" WIDTH="40" VPOS="3439" HPOS="1185"/>
<SP HEIGHT="41" WIDTH="29" VPOS="3438" HPOS="1226"/>
<String CONTENT="60914;" HEIGHT="48" WIDTH="170" VPOS="3438" HPOS="1256"/>
<SP HEIGHT="45" WIDTH="32" VPOS="3441" HPOS="1427"/>
<String CONTENT="Jessie" HEIGHT="39" WIDTH="157" VPOS="3441" HPOS="1460"/>
<SP HEIGHT="38" WIDTH="30" VPOS="3442" HPOS="1618"/>
<String CONTENT="B." HEIGHT="39" WIDTH="53" VPOS="3442" HPOS="1649"/>
<SP HEIGHT="40" WIDTH="30" VPOS="3443" HPOS="1703"/>
<String CONTENT="Williams," HEIGHT="47" WIDTH="255" VPOS="3442" HPOS="1734"/>
<SP HEIGHT="46" WIDTH="31" VPOS="3442" HPOS="1990"/>
<String CONTENT="Ann" HEIGHT="39" WIDTH="109" VPOS="3442" HPOS="2022"/>
</TextLine>
<TextLine HEIGHT="59" WIDTH="1639" VPOS="3492" HPOS="203" LANG="en-US">
<String CONTENT="Arbor," HEIGHT="50" WIDTH="168" VPOS="3495" HPOS="203"/>
<SP HEIGHT="36" WIDTH="26" VPOS="3508" HPOS="372"/>
<String CONTENT="and" HEIGHT="38" WIDTH="93" VPOS="3498" HPOS="399"/>
<SP HEIGHT="38" WIDTH="25" VPOS="3498" HPOS="493"/>
<String CONTENT="Elizabeth" HEIGHT="42" WIDTH="252" VPOS="3495" HPOS="519"/>
<SP HEIGHT="38" WIDTH="26" VPOS="3497" HPOS="772"/>
<String CONTENT="Hazen," HEIGHT="46" WIDTH="180" VPOS="3498" HPOS="799"/>
<SP HEIGHT="45" WIDTH="23" VPOS="3499" HPOS="980"/>
<String CONTENT="Dobbs" HEIGHT="39" WIDTH="164" VPOS="3497" HPOS="1004"/>
<SP HEIGHT="39" WIDTH="26" VPOS="3497" HPOS="1169"/>
<String CONTENT="Ferry," HEIGHT="49" WIDTH="163" VPOS="3496" HPOS="1196"/>
<SP HEIGHT="46" WIDTH="26" VPOS="3498" HPOS="1360"/>
<String CONTENT="N." HEIGHT="40" WIDTH="56" VPOS="3498" HPOS="1387"/>
<SP HEIGHT="40" WIDTH="22" VPOS="3498" HPOS="1444"/>
<String CONTENT="Y." HEIGHT="40" WIDTH="55" VPOS="3498" HPOS="1467"/>
<SP HEIGHT="46" WIDTH="68" VPOS="3498" HPOS="1523"/>
<String CONTENT="(33-9106)" HEIGHT="51" WIDTH="250" VPOS="3497" HPOS="1592"/>
</TextLine>
<TextLine HEIGHT="74" WIDTH="986" VPOS="3596" HPOS="134" STYLEREFS="StyleId-1D1B882C-1823-4F42-8EBF-18B3E2F2E125-" LANG="en-US" CS="1">
<String CONTENT="Williams," HEIGHT="69" WIDTH="301" VPOS="3597" HPOS="134"/>
<SP HEIGHT="64" WIDTH="28" VPOS="3601" HPOS="436"/>
<String CONTENT="John" HEIGHT="53" WIDTH="154" VPOS="3600" HPOS="465"/>
<SP HEIGHT="51" WIDTH="30" VPOS="3602" HPOS="620"/>
<String CONTENT="Francis," HEIGHT="68" WIDTH="264" VPOS="3601" HPOS="651"/>
<SP HEIGHT="61" WIDTH="31" VPOS="3607" HPOS="916"/>
<String CS="1" CONTENT="1894-" HEIGHT="50" WIDTH="172" VPOS="3606" HPOS="948"/>
</TextLine>
<TextLine HEIGHT="79" WIDTH="1930" VPOS="3672" HPOS="200" STYLEREFS="StyleId-1D1B882C-1823-4F42-8EBF-18B3E2F2E125-" LANG="en-US">
<String CONTENT="William" HEIGHT="57" WIDTH="260" VPOS="3675" HPOS="200"/>
<SP HEIGHT="54" WIDTH="30" VPOS="3676" HPOS="460"/>
<String CONTENT="J." HEIGHT="54" WIDTH="57" VPOS="3676" HPOS="490"/>
<SP HEIGHT="54" WIDTH="28" VPOS="3677" HPOS="547"/>
<String CONTENT="Williams," HEIGHT="69" WIDTH="307" VPOS="3676" HPOS="575"/>
<SP HEIGHT="49" WIDTH="31" VPOS="3697" HPOS="882"/>
<String CONTENT="portrait" HEIGHT="69" WIDTH="249" VPOS="3677" HPOS="913"/>
<SP HEIGHT="61" WIDTH="32" VPOS="3684" HPOS="1162"/>
<String CONTENT="painter," HEIGHT="71" WIDTH="243" VPOS="3676" HPOS="1194"/>
<SP HEIGHT="48" WIDTH="31" VPOS="3698" HPOS="1437"/>
<String CONTENT="and" HEIGHT="52" WIDTH="111" VPOS="3679" HPOS="1468"/>
<SP HEIGHT="52" WIDTH="32" VPOS="3679" HPOS="1579"/>
<String CONTENT="his" HEIGHT="55" WIDTH="90" VPOS="3679" HPOS="1611"/>
<SP HEIGHT="55" WIDTH="30" VPOS="3679" HPOS="1701"/>
<String CONTENT="descendants;" HEIGHT="70" WIDTH="399" VPOS="3678" HPOS="1731"/>
</TextLine>
<TextLine HEIGHT="81" WIDTH="1995" VPOS="3750" HPOS="136" STYLEREFS="StyleId-1D1B882C-1823-4F42-8EBF-18B3E2F2E125-" LANG="en-US" CS="1">
<String CONTENT="family" HEIGHT="71" WIDTH="207" VPOS="3753" HPOS="136"/>
<SP HEIGHT="50" WIDTH="31" VPOS="3773" HPOS="344"/>
<String CONTENT="records," HEIGHT="66" WIDTH="242" VPOS="3758" HPOS="376"/>
<SP HEIGHT="67" WIDTH="32" VPOS="3757" HPOS="619"/>
<String CONTENT="by" HEIGHT="68" WIDTH="76" VPOS="3757" HPOS="652"/>
<SP HEIGHT="68" WIDTH="32" VPOS="3757" HPOS="729"/>
<String CONTENT="John" HEIGHT="54" WIDTH="154" VPOS="3757" HPOS="762"/>
<SP HEIGHT="51" WIDTH="34" VPOS="3758" HPOS="917"/>
<String CONTENT="F." HEIGHT="51" WIDTH="65" VPOS="3758" HPOS="952"/>
<SP HEIGHT="53" WIDTH="33" VPOS="3758" HPOS="1018"/>
<String CONTENT="Williams," HEIGHT="73" WIDTH="305" VPOS="3753" HPOS="1052"/>
<SP HEIGHT="67" WIDTH="33" VPOS="3758" HPOS="1358"/>
<String CONTENT="jr." HEIGHT="67" WIDTH="70" VPOS="3758" HPOS="1392"/>
<SP HEIGHT="10" WIDTH="38" VPOS="3800" HPOS="1463"/>
<String CS="1" CONTENT="&#8230;"/>
<SP HEIGHT="34" WIDTH="83" VPOS="3791" HPOS="1559"/>
<String CONTENT="[Buffalo," HEIGHT="72" WIDTH="266" VPOS="3756" HPOS="1643"/>
<SP HEIGHT="67" WIDTH="34" VPOS="3760" HPOS="1910"/>
<String CONTENT="Print," HEIGHT="55" WIDTH="186" VPOS="3758" HPOS="1945"/>
</TextLine>
<TextLine HEIGHT="73" WIDTH="697" VPOS="3830" HPOS="135" STYLEREFS="StyleId-1D1B882C-1823-4F42-8EBF-18B3E2F2E125-" LANG="en-US">
<String CONTENT="by" HEIGHT="69" WIDTH="75" VPOS="3832" HPOS="135"/>
<SP HEIGHT="68" WIDTH="28" VPOS="3833" HPOS="211"/>
<String CONTENT="C." HEIGHT="54" WIDTH="61" VPOS="3833" HPOS="240"/>
<SP HEIGHT="55" WIDTH="29" VPOS="3832" HPOS="302"/>
<String CONTENT="C." HEIGHT="55" WIDTH="63" VPOS="3832" HPOS="332"/>
<SP HEIGHT="50" WIDTH="27" VPOS="3836" HPOS="396"/>
<String CONTENT="Brock," HEIGHT="66" WIDTH="206" VPOS="3835" HPOS="424"/>
<SP HEIGHT="60" WIDTH="24" VPOS="3841" HPOS="631"/>
<String STYLE="superscript" CONTENT="c" HEIGHT="22" WIDTH="20" VPOS="3841" HPOS="656"/>
<String CONTENT="1933]" HEIGHT="65" WIDTH="151" VPOS="3837" HPOS="681"/>
</TextLine>
<TextLine HEIGHT="58" WIDTH="1874" VPOS="3903" HPOS="208" LANG="en-US" CS="1">
<String CONTENT="4" HEIGHT="39" WIDTH="27" VPOS="3908" HPOS="208"/>
<SP/>
<String CONTENT="p." HEIGHT="37" WIDTH="42" VPOS="3918" HPOS="264"/>
<SP/>
<String CS="1" CONTENT="l.," HEIGHT="16" WIDTH="8" VPOS="3939" HPOS="371"/>
<SP HEIGHT="47" WIDTH="26" VPOS="3908" HPOS="380"/>
<String CONTENT="3-55," HEIGHT="50" WIDTH="129" VPOS="3906" HPOS="407"/>
<SP HEIGHT="30" WIDTH="30" VPOS="3927" HPOS="537"/>
<String CONTENT="[2]" HEIGHT="49" WIDTH="52" VPOS="3908" HPOS="568"/>
<SP HEIGHT="36" WIDTH="29" VPOS="3920" HPOS="621"/>
<String CONTENT="p." HEIGHT="36" WIDTH="42" VPOS="3920" HPOS="651"/>
<SP HEIGHT="30" WIDTH="57" VPOS="3919" HPOS="694"/>
<String CONTENT="col." HEIGHT="38" WIDTH="87" VPOS="3911" HPOS="752"/>
<SP HEIGHT="40" WIDTH="26" VPOS="3909" HPOS="840"/>
<String CONTENT="front.," HEIGHT="46" WIDTH="163" VPOS="3909" HPOS="867"/>
<SP HEIGHT="37" WIDTH="27" VPOS="3919" HPOS="1031"/>
<String CONTENT="plates," HEIGHT="48" WIDTH="172" VPOS="3910" HPOS="1059"/>
<SP HEIGHT="39" WIDTH="28" VPOS="3919" HPOS="1232"/>
<String CONTENT="ports.," HEIGHT="47" WIDTH="162" VPOS="3910" HPOS="1261"/>
<SP HEIGHT="48" WIDTH="27" VPOS="3909" HPOS="1424"/>
<String CONTENT="facsims.," HEIGHT="50" WIDTH="229" VPOS="3908" HPOS="1452"/>
<SP HEIGHT="48" WIDTH="27" VPOS="3910" HPOS="1682"/>
<String CONTENT="forms." HEIGHT="42" WIDTH="169" VPOS="3909" HPOS="1710"/>
<SP HEIGHT="40" WIDTH="54" VPOS="3910" HPOS="1880"/>
<String CS="1" CONTENT="26&#189;" HEIGHT="41" WIDTH="60" VPOS="3910" HPOS="1935"/>
<String STYLE="superscript" CONTENT="cm" HEIGHT="22" WIDTH="44" VPOS="3913" HPOS="2024"/>
<String CONTENT="." HEIGHT="8" WIDTH="9" VPOS="3943" HPOS="2073"/>
</TextLine>
<TextLine HEIGHT="57" WIDTH="1814" VPOS="3973" HPOS="211" LANG="en-US">
<String CONTENT="&#8220;Only" HEIGHT="50" WIDTH="153" VPOS="3976" HPOS="211"/>
<SP HEIGHT="45" WIDTH="27" VPOS="3980" HPOS="365"/>
<String CONTENT="100" HEIGHT="41" WIDTH="87" VPOS="3978" HPOS="393"/>
<SP HEIGHT="41" WIDTH="25" VPOS="3978" HPOS="481"/>
<String CONTENT="copies" HEIGHT="48" WIDTH="158" VPOS="3978" HPOS="507"/>
<SP HEIGHT="29" WIDTH="28" VPOS="3990" HPOS="666"/>
<String CONTENT="of" HEIGHT="41" WIDTH="53" VPOS="3979" HPOS="695"/>
<SP HEIGHT="41" WIDTH="26" VPOS="3979" HPOS="749"/>
<String CONTENT="this" HEIGHT="40" WIDTH="99" VPOS="3980" HPOS="776"/>
<SP HEIGHT="40" WIDTH="26" VPOS="3980" HPOS="876"/>
<String CONTENT="book" HEIGHT="40" WIDTH="122" VPOS="3980" HPOS="903"/>
<SP HEIGHT="39" WIDTH="28" VPOS="3980" HPOS="1026"/>
<String CONTENT="were" HEIGHT="29" WIDTH="127" VPOS="3990" HPOS="1055"/>
<SP HEIGHT="38" WIDTH="28" VPOS="3990" HPOS="1183"/>
<String CONTENT="printed." HEIGHT="48" WIDTH="207" VPOS="3980" HPOS="1212"/>
<SP HEIGHT="39" WIDTH="56" VPOS="3982" HPOS="1420"/>
<String CONTENT="This" HEIGHT="41" WIDTH="118" VPOS="3981" HPOS="1477"/>
<SP HEIGHT="40" WIDTH="26" VPOS="3982" HPOS="1596"/>
<String CONTENT="is" HEIGHT="41" WIDTH="44" VPOS="3982" HPOS="1623"/>
<SP HEIGHT="30" WIDTH="25" VPOS="3993" HPOS="1668"/>
<String CONTENT="number" HEIGHT="41" WIDTH="203" VPOS="3982" HPOS="1694"/>
<SP HEIGHT="39" WIDTH="29" VPOS="3984" HPOS="1898"/>
<String CONTENT="82.&#8221;" HEIGHT="40" WIDTH="97" VPOS="3983" HPOS="1928"/>
</TextLine>
</TextBlock>
</PrintSpace>
</Page>
</Layout>
</alto>