2582 4453
1395 4124 101 50 944

426 436 455 56 Southwestern
913 443 273 60 reporter
1225 438 103 65 (2d
1359 440 149 64 ser.)

497 517 276 54 Missouri
803 519 280 55 decisions
1113 520 269 67 reported
1411 519 60 52 in
1502 520 186 55 South
1717 525 240 48 western
1985 526 277 62 reporter.
428 520 2000 131 Second

573 598 190 53 series,
839 600 138 53 vols.
1014 602 65 48 56
1125 599 129 69 (2d)
1298 599 113 53 and
1447 599 65 53 57
1557 600 128 68 (2d)
1733 598 531 71 February-April,
2302 603 151 50 1933.

436 677 2019 73 With key number annotations … St. Paul, West publishing
427 779 98 38 co.,
556 762 153 49 1933.

501 849 211 40 Various
745 848 219 49 paging's.
1027 849 25 40 26
1086 850 45 21 cm
1135 879 8 8 .

435 916 1935 53 © June 22, 1933 : 2c. July 24: aff. July 22; A 64463; West pub. co.
428 1038 236 66 Stäger,
693 1039 244 64 Robert,
970 1041 174 54 1867-

503 1118 150 54 Vom
680 1119 162 53 leben
870 1118 119 53 und
1017 1118 187 54 lieben
1232 1120 100 52 der
1360 1119 262 68 pflanzen
1628 1125 150 61 welt,
1806 1118 472 69 beobachtungen
2303 1120 152 53 eines

433 1197 469 69 naturfreundes,
933 1215 113 34 von
1078 1197 86 53 dr.
1197 1198 70 52 R.
1303 1197 227 70 Stäger,
1560 1198 107 53 mit
1698 1202 68 48 22
1799 1198 390 68 abbildungen
2221 1199 80 54 im
2333 1204 122 49 text

435 1278 116 52 und
589 1277 121 53 drei
749 1276 438 69 mehrfarbigen
1222 1277 205 53 tafeln.
1500 1277 210 53 Zürich
1748 1279 120 52 und
1904 1277 260 70 Leipzig,
2200 1279 255 53 Rascher

433 1360 45 50 &
504 1357 98 53 cie.
630 1376 150 48 a.-g.,
810 1359 154 51 1929.

507 1427 1890 53 73 p., 1 l., 59, [1] p., 1 l., 61, [2] p. illus., 3 mounted col. pl. 22 cm .
507 1502 174 42 “Erste
715 1501 238 51 auflage.”

509 1558 312 41 “Literatur”
849 1560 53 39 at
928 1559 82 41 the
1036 1559 92 40 end
1156 1558 52 42 of
1233 1570 130 30 some
1392 1559 52 40 of
1469 1559 83 41 the
1577 1559 243 49 chapters.

437 1630 52 52 ©
521 1635 111 39 Dec.
665 1632 69 47 10,
766 1632 142 46 1928;
969 1643 40 29 1c.
1044 1632 127 47 Sept.
1204 1631 70 46 29,
1307 1630 142 47 1932;
1484 1631 316 48 A-Foreign
1830 1631 172 41 20900:
2039 1633 218 40 Rascher
2290 1634 36 40 &
2356 1633 102 47 cie.,

505 1703 43 29 a.
580 1702 56 37 g.,
669 1692 183 46 verlag.
923 1688 283 50 (33-16191)

429 1796 263 63 Stretch,
720 1796 165 55 Olive
913 1797 81 53 M.

504 1877 219 51 Health
759 1874 438 67 consciousness,
1229 1875 77 68 by
1341 1874 169 56 Olive
1545 1876 78 52 M.
1661 1875 249 68 Stretch,
1982 1919 8 8 D.
2066 1918 8 9 O.
2135 1877 131 64 [and]
432 1877 2001 131 Herbert

592 1957 66 53 E.
697 1956 185 55 Stout.
959 1955 204 67 Jersey
1197 1955 154 66 City,
1390 1955 161 55 Scott
1586 1954 266 69 printing
1885 1972 283 51 company
2208 1959 172 64 [1933]

507 2030 57 40 55
597 2041 43 38 p.
702 2030 56 40 17
761 2032 44 21 cm
811 2063 8 7 .

439 2100 52 52 ©
525 2105 116 46 May
672 2104 39 46 1,
744 2103 142 46 1933;
921 2104 67 38 2c.
1023 2103 129 39 June
1182 2103 82 41 17;
1301 2101 83 43 aff.
1418 2103 127 39 June
1579 2102 51 46 6;
1666 2101 41 40 A
1739 2101 172 47 63309;
1949 2102 52 41 O.
2037 2103 61 38 M.
2137 2103 195 40 Stretch
2363 2104 97 39 and

510 2162 214 39 Herbert
757 2163 52 38 E.
845 2162 155 46 Stout,
1034 2160 339 47 Weehawken,
1406 2160 56 39 N.
1497 2160 43 40 J.
1613 2159 282 49 (33-16602)

430 2260 361 70 Thompson,
818 2266 251 53 Warren
1096 2263 296 66 Simpson,
1422 2267 174 52 1887-

503 2344 356 68 Population
913 2345 198 52 trends
1164 2344 60 52 in
1278 2344 97 54 the
1431 2344 218 54 United
1704 2344 208 66 States,
1966 2344 74 67 by
2094 2344 247 54 Warren
2398 2345 57 55 S.

433 2424 2024 69 Thompson and P. K. Whelpton … New York and London,
433 2502 431 57 McGraw-Hill
895 2504 149 53 book
1072 2522 300 50 company,
1400 2504 127 67 inc.,
1559 2507 153 50 1933.

506 2590 44 32 x,
576 2578 87 41 415
688 2588 44 38 p.
759 2577 109 42 incl.
895 2578 171 48 tables,
1094 2579 180 45 diagrs.
1330 2578 146 41 23½cm.
1544 2577 253 48 (Lettered
1825 2589 59 30 on
1912 2586 156 32 cover:
2097 2576 185 42 Recent
2307 2578 148 41 social

434 2636 170 41 trends
635 2636 350 48 monographs)

441 2705 52 52 ©
520 2711 114 46 May
658 2709 68 47 15,
754 2709 113 40 1933
887 2719 8 31 :
922 2709 69 40 2c.
1016 2709 128 39 June
1169 2708 81 41 16:
1279 2720 81 28 aff.
1389 2709 115 46 May
1530 2707 81 43 18;
1640 2707 41 39 A
1707 2707 171 45 63316;
1908 2706 298 42 President’s
2233 2708 226 40 research

512 2766 277 41 committee
820 2777 58 29 on
910 2766 151 40 social
1093 2767 181 45 trends,
1306 2766 121 40 New
1454 2766 147 40 York.
1672 2765 283 48 (33-27203)

431 2867 239 69 Tinker,
701 2871 256 54 Edward
986 2870 325 66 Larocque,
1342 2875 173 51 1881-

508 2951 121 52 The
678 2950 387 68 palingenesis
1114 2950 64 52 of
1225 2968 183 50 craps,
1455 2950 77 69 by
1581 2949 257 53 Edward
1885 2948 293 67 Larocque
2226 2947 232 54 Tinker.

437 3031 139 53 New
616 3030 180 67 York,
833 3029 122 53 The
991 3048 158 49 press
1186 3029 64 53 of
1286 3030 96 52 the
1418 3029 232 69 Woolly
1687 3028 201 68 whale,
1926 3030 153 51 1933.

507 3102 1041 52 3 p. l., [8] p., 1 l. front. (port.) 19 cm .
508 3164 149 39 Plans
687 3174 61 30 on
775 3161 368 49 lining-papers.

510 3222 101 39 “An
642 3220 184 41 edition
857 3219 189 41 limited
1077 3224 48 36 to
1154 3221 89 39 400
1270 3219 175 48 copies,
1477 3219 52 40 of
1557 3218 161 41 which
1747 3218 88 41 150
1862 3219 114 47 only
2004 3228 85 31 are
2115 3215 83 42 for
2226 3215 146 43 sale.”

442 3290 2016 53 © June 1, 1933: 2c. and aff. June 12: A 63133; E. L. Tinker. New
508 3353 144 39 York.
725 3350 283 50 (33-16719)

434 3451 218 68 Tobey,
680 3454 206 54 James
911 3455 204 65 Alner,
1145 3458 173 50 1894-
1532 3455 85 54 ed.

510 3530 1657 70 Milk, the indispensable food, by James A. Tobey …
443 3526 1987 153 [Milwaukee,
721 3611 121 53 The
878 3608 173 56 Olsen
1088 3608 334 70 publishing
1457 3627 297 51 companV]
1797 3612 151 51 1933.

513 3666 1039 66 5 p. l., [13]-200, [5] p. plates. 21½ cm .
516 3754 147 40 “This
701 3755 122 40 book
862 3755 222 49 presents
1123 3767 26 28 a
1189 3755 204 40 number
1429 3755 51 39 of
1519 3766 167 36 essays
1724 3753 159 42 which
1921 3754 201 47 frankly
2160 3755 209 45 attempt
2407 3754 47 39 to

440 3812 217 41 describe
686 3812 50 40 in
767 3823 23 29 a
825 3814 205 47 popular
1060 3823 203 30 manner
1293 3812 82 41 the
1403 3822 263 31 numerous
1695 3811 232 49 qualities
1956 3812 52 41 of
2035 3812 120 40 milk
2187 3813 95 39 and
2313 3810 140 49 dairy

440 3869 471 49 products.”—Pref.

510 3927 352 49 Bibliography
882 3940 8 28 :
928 3938 41 36 p.
1008 3925 250 51 [198]-200.

445 3998 52 52 ©
527 4002 126 40 June
681 4002 69 41 12.
780 4002 140 48 1933;
951 4003 68 40 2c.
1047 4003 95 39 and
1171 4001 83 40 aff.
1284 4002 128 39 June
1441 4000 82 46 16;
1554 4000 39 39 A
1624 4000 170 47 63266;
1828 4000 146 41 Olsen
2002 4001 111 48 pub.
2143 4011 66 30 co.

521 4060 283 48 (33-16152)
