2484 4405
1061 4100 133 54 1703

122 453 299 66 Hodgson,
449 456 201 52 James
681 450 296 67 Goodwin,
1010 454 171 50 1892-
1394 465 178 52 comp.

246 525 1343 70 … Economic nationalism, compiled by James
1614 523 277 54 Goodwin
120 521 1970 142 Hodgson.
301 608 135 52 New
471 607 176 67 York,
675 607 122 52 The
823 606 76 52 H.
929 605 87 52 W.
1048 605 220 53 Wilson
1300 620 296 51 company,
1629 603 149 51 1933.

190 680 88 41 208
303 691 41 37 p.
400 679 178 48 diagrs.
632 679 57 40 20
691 681 43 21 cm
739 711 9 9 .
814 678 124 46 (The
965 678 247 39 reference
1241 677 141 41 shelf,
1443 676 91 40 vol.
1618 706 8 16 IX,
1654 685 74 31 no.
1757 675 50 46 1)

190 737 373 48 Bibliography:
598 747 42 37 p.
689 736 173 48 [25]-44.

122 795 51 51 ©
200 799 118 40 Nov.
345 798 69 46 28,
442 797 112 40 1933;
610 797 67 40 2c.
705 797 95 38 and
829 794 81 41 aff.
938 795 112 39 Dec.
1078 795 53 46 1;
1162 794 41 38 A
1229 793 169 46 68361;
1429 793 59 38 H.
1518 793 72 39 W.
1617 792 188 39 Wilson
1830 801 68 29 co.

202 855 278 49 (33-36885)

123 945 299 65 Hoffman,
452 944 142 54 Lola
622 945 66 54 B.

192 1019 322 57 California
538 1042 49 17 ~
606 1019 353 67 beginnings,
986 1019 74 68 by
1089 1017 142 53 Lola
1258 1017 66 51 B.
1356 1013 305 68 Hoffman;
1692 1011 322 56 illustrated
2043 1013 73 69 by

120 1099 252 52 Maurice
408 1096 287 58 Hudkins.
765 1096 117 54 San
917 1096 320 66 Francisco,
1273 1093 193 69 Calif.,
1499 1094 159 52 Harr
1691 1092 249 68 Wagner
121 1090 1971 154 publishing
361 1193 275 51 company
711 1177 152 65 [c1933]

191 1245 1307 51 xi p., 1 l., 235 p. incl. front., illus., plates. 27 cm .
191 1306 288 39 Illustrated
511 1304 360 48 lining-papers.

124 1361 1997 53 © Nov. 16, 1933; 2c. Nov. 25; aff. Dec. 6; A 67387; Harr Wagner pub. co.
200 1422 279 50 (33-36893)

122 1513 155 53 Iowa
309 1513 112 52 and
453 1513 188 52 North
673 1516 238 48 western
943 1510 201 69 digest.
1220 1510 336 67 November,
1591 1512 152 64 1933,
1774 1508 343 56 cumulative

193 1587 1654 72 pamphlet … St. Paul, West publishing co. [c1933]
187 1664 87 40 208
302 1674 43 38 p.
404 1664 56 39 24
463 1666 42 21 cm
513 1696 7 7 .

123 1716 1698 52 © Nov. 6, 1933; 2c. and aff. Dec. 26; A 67671; West pub. co.
124 1809 231 66 Jaeger,
390 1809 273 55 Edmund
698 1810 241 64 Carroll,
977 1810 172 53 1887-

191 1887 120 52 The
343 1885 321 55 California
695 1887 240 63 deserts;
967 1905 31 33 a
1030 1884 246 54 visitor’s
1304 1883 319 69 handbook,
1653 1882 74 69 by
1756 1882 271 53 Edmund
2058 1883 62 54 C.

125 1964 235 69 Jaeger;
399 1964 140 53 with
575 1964 259 68 chapters
869 1963 74 69 by
982 1961 56 55 S.
1078 1962 269 54 Stillman
1386 1962 185 69 Berry
1609 1961 112 55 and
1758 1960 268 53 Malcolm
2063 1960 55 54 J.

112 2042 229 68 Rogers.
401 2041 281 55 Stanford
705 2041 352 69 University,
1081 2040 195 70 Calif.,
1300 2040 280 55 Stanford
1604 2039 314 67 university
1937 2054 183 55 press;

126 2120 253 68 London,
412 2121 75 54 H.
520 2119 265 68 Milford,
820 2118 228 55 Oxford
1082 2117 316 72 university
1433 2137 156 50 press
1630 2153 13 34 [
1648 2126 18 21 c
1671 2121 133 49 1933
1810 2153 13 33 ]

194 2202 44 37 x,
272 2191 86 41 207
390 2202 43 38 p.
493 2191 129 42 illus.
681 2191 57 40 20
740 2193 44 22 cm
788 2223 8 8 .

195 2249 139 47 Maps
365 2259 61 29 on
455 2249 363 47 lining-papers.

196 2306 1923 42 “The area here treated embraces both the Mohave … and the Colorado
123 2365 162 38 desert
309 2364 53 38 of
385 2364 343 39 southeastern
754 2362 272 42 California
1051 2365 96 38 and
1172 2364 103 39 also
1304 2363 186 40 certain
1515 2364 284 48 contiguous
1827 2364 217 49 portions
2072 2365 51 40 of

125 2420 232 40 southern
389 2421 198 39 Nevada
621 2422 95 38 and
749 2422 207 38 western
989 2418 503 43 Arizona.”—Introd.

196 2477 246 41 “Selected
473 2475 299 41 references”:
832 2487 42 37 p.
905 2475 216 42 197-199.

129 2535 51 51 ©
215 2539 117 39 Nov.
368 2537 68 48 16,
471 2537 141 47 1933;
649 2537 67 41 2c.
752 2538 110 38 Dec.
899 2537 52 46 1;
1063 2569 8 7 aff.
1109 2537 111 39 Dec.
1254 2536 54 48 2;
1346 2537 41 38 A
1422 2536 170 48 68380;
1631 2538 163 39 Board
1828 2538 54 40 of
1918 2540 209 38 trustees

193 2595 52 39 of
274 2596 84 39 the
385 2595 184 40 Leland
602 2593 234 42 Stanford
866 2592 166 49 junior
1062 2593 286 49 university,
1384 2593 234 42 Stanford
1653 2594 295 48 University,
1982 2593 145 42 Calif.

205 2652 279 49 (33-36892)

128 2724 230 67 Jaloux,
393 2727 284 64 Edmond,
715 2725 171 54 1878-

257 2803 1124 68 … Vie de Goethe. Paris, Plon [1933]
201 2875 655 48 4 p. l., ii, 271 p., 2 l. 19½ cm.
129 2930 1748 51 © June 7, 1933; 1c. Nov. 6; A-Foreign 22590; Librairie Plon.
206 2990 279 49 (33-37215)

132 3065 265 65 Jenkins,
426 3066 248 64 Dudley.

197 3143 200 53 Toasts
430 3143 112 52 and
574 3141 152 55 after
757 3142 204 54 dinner
991 3143 260 68 speeches
1305 3143 76 69 [by]
1434 3144 230 69 Dudley
1695 3143 271 69 Jenkins;
2000 3144 122 53 how

132 3226 53 48 to
228 3221 243 67 respond
511 3228 56 45 to
607 3226 176 48 toasts
823 3240 63 33 or
926 3229 57 46 to
1024 3221 164 53 make
1229 3224 162 50 other
1434 3221 191 69 public
1665 3223 309 66 addresses,
2015 3223 112 52 and

131 3298 124 53 how
292 3299 209 66 always
539 3305 56 45 to
632 3317 100 49 say
768 3299 93 53 the
898 3299 159 68 right
1093 3299 168 69 thing
1297 3300 59 52 in
1392 3300 94 53 the
1524 3299 159 70 right
1718 3318 140 50 way.

129 3300 1974 144 Philadelphia,
407 3377 119 52 The
557 3378 159 50 Penn
747 3377 335 68 publishing
1112 3396 279 50 company
1470 3381 151 64 [c1933]

201 3450 86 39 222
326 3461 42 37 p.
428 3450 55 40 16½cm.

134 3503 51 51 ©
211 3508 117 40 Nov.
354 3508 41 47 3,
422 3507 113 41 1933;
590 3507 68 41 2c.
686 3509 95 38 and
808 3508 82 40 aff.
918 3509 110 39 Dec.
1057 3510 53 45 1;
1140 3509 41 38 A
1208 3509 169 46 67313;
1408 3510 133 39 Penn
1568 3510 107 47 pub.
1704 3520 68 29 co.

209 3564 278 48 (33-36931)

135 3639 279 64 Johnsen,
445 3639 157 53 Julia
634 3638 213 66 Emily,
879 3659 177 48 comp.

264 3716 1865 70 … Increasing the president’s power, compiled by Julia E.
136 3794 267 53 Johnsen.
479 3794 138 52 New
644 3795 178 65 York,
847 3796 121 51 The
993 3796 77 52 H.
1095 3797 90 52 W.
1210 3795 223 54 Wilson
1458 3814 298 49 company,
1784 3799 150 50 1933.

206 3868 83 39 135
318 3878 41 37 p.
421 3867 56 40 20
479 3870 42 20 cm
528 3900 8 8 .
606 3868 125 46 (The
761 3869 245 40 reference
1036 3869 143 40 shelf,
1239 3870 91 39 vol.
1417 3901 9 16 IX,
1456 3880 73 30 no.
1560 3870 50 46 2)

207 3924 343 47 Bibliography:
614 3936 40 37 p.
706 3925 175 40 [23]-35.

141 3976 51 51 ©
222 3982 118 40 Nov.
369 3982 69 47 29,
469 3982 140 42 1933;
642 3983 65 39 2c.
741 3984 111 40 Dec.
885 3983 80 46 15;
1000 3983 80 39 aff.
1115 3984 111 40 Dec.
1259 3984 81 47 13;
1374 3984 41 38 A
1446 3984 169 47 67539;
1651 3985 59 38 H.
1744 3985 71 39 W.
1848 3984 186 40 Wilson
2065 3993 69 29 co.

213 4038 279 48 (33-27466)
