2582 4453
1285 4091 134 50 1022

339 399 211 68 [Snow,
581 397 250 58 Charles
859 399 251 68 Horace]
1146 401 173 54 1877-

414 476 125 55 One
574 494 166 50 crazy
774 476 247 69 cowboy,
1057 477 71 68 by
1166 476 237 56 Charles
1438 477 216 53 Ballew
1698 480 212 67 [pseud.
1919 513 11 33 ]
2009 478 134 53 New
2185 478 175 56 York.

344 555 86 53 W.
465 555 251 53 Morrow
751 554 112 53 and
899 573 298 50 company,
1234 558 150 50 1933.

408 625 486 50 3 p. l., 302 p. 19½cm.
341 684 52 53 ©
431 689 118 47 July
586 688 69 47 12,
694 688 142 46 1933;
878 689 67 39 2c.
985 688 95 40 and
1120 687 83 41 aff.
1243 689 117 47 July
1399 689 82 47 14;
1523 689 41 39 A
1602 688 172 48 63625;
1817 690 50 41 O.
1907 691 62 40 H.
2012 691 155 47 Snow,
2208 690 153 48 Napa,

412 746 145 41 Calif.
630 745 284 49 (33-18224)

334 851 298 64 Stamper,
663 849 235 55 Powell.

407 931 226 51 Letters
664 927 151 54 from
847 947 31 33 a
910 934 174 47 street
1112 929 222 53 cleaner
1365 935 58 46 to
1453 927 89 56 his
1571 948 121 50 son,
1720 930 75 68 by
1825 931 218 52 Powell
2075 930 283 69 Stamper.

341 1007 337 65 [Nashville,
709 1007 340 65 McQuiddy
1081 1006 266 66 printing
1376 1026 301 46 company,
1709 1015 18 22 c
1732 1012 134 51 1933]

408 1082 56 40 19
496 1082 162 40 numb.
692 1084 28 37 1.
783 1082 129 40 illus.
975 1082 56 39 25
1033 1084 44 21 cm
1084 1115 8 7 .

411 1139 203 41 Printed
641 1150 61 30 on
729 1150 89 29 one
844 1140 105 40 Fide
976 1140 51 39 of
1053 1140 102 39 leaf
1183 1151 60 30 on
1269 1138 221 49 opposite
1517 1150 161 38 pages.

409 1197 292 41 Illustrated
734 1200 84 46 t.-p

439 1257 102 39 "The
568 1257 333 41 illustrations
929 1267 85 30 are
1040 1257 61 47 by
1129 1257 85 40 the
1242 1255 223 42 author.”

411 1313 162 42 “First
608 1314 227 41 edition.”

343 1368 52 53 ©
426 1373 128 40 June
582 1373 70 47 28,
683 1373 141 47 1933;
856 1373 66 40 2c.
954 1375 97 38 and
1080 1373 82 41 aff.
1193 1373 128 41 June
1350 1373 83 48 30;
1465 1374 42 38 A
1536 1372 172 48 64204;
1742 1373 51 41 P.
1826 1373 239 48 Stamper,
2095 1371 269 42 Nashville.

421 1430 283 49 (33-18232)

335 1532 287 68 Stauffer,
655 1534 237 56 Clinton
922 1536 331 65 Raymond,
1287 1538 172 53 1875-

479 1610 1883 71 … The limestones and marls of Minnesota, by Clinton R.
345 1688 256 57 Stauffer
642 1691 114 53 and
796 1690 223 70 George
1056 1691 72 58 A.
1166 1691 183 53 Thiel.
1426 1691 405 68 Minneapolis,
1867 1691 122 52 The
2029 1690 336 70 University

345 1769 64 53 of
437 1767 327 57 Minnesota
794 1788 176 50 press,
1001 1772 151 50 1933.

412 1853 46 37 x,
493 1841 85 41 193
614 1852 43 38 p.
720 1841 130 41 illus.
881 1842 133 49 (inch
1051 1843 163 48 maps)
1259 1843 181 49 diagrs.
1506 1843 54 41 23
1565 1845 44 21 cm
1615 1877 8 7 .
1701 1843 315 48 (Minnesota.
2084 1843 276 50 Geological

342 1909 192 38 survey.
594 1899 220 41 Bulletin
845 1900 82 48 23)

413 1957 65 40 At
509 1957 126 41 head
667 1957 52 41 of
754 1956 136 42 title:
927 1957 286 49 University
1246 1958 52 40 of
1331 1957 292 42 Minnesota.

702 2014 421 42 CONTENTS.—Introduction.
1208 2016 103 39 The
1367 2025 111 30 uses
1532 2016 51 39 of
1638 2016 269 49 limestone,
1964 2016 244 44 dolomite,
2263 2017 95 39 and

344 2073 306 41 marl.—The
685 2072 283 43 limestones
1003 2074 96 40 and
1135 2072 259 42 dolomites
1430 2074 52 40 of
1518 2073 291 49 Minnesota,
1848 2074 58 47 by
1947 2075 47 42 C.
2035 2075 55 43 R.
2130 2075 229 41 Stauffer.

345 2132 294 39 References
675 2131 67 48 (p.
766 2131 256 47 75)—The
1047 2132 152 39 marls
1223 2130 51 41 of
1299 2130 291 44 Minnesota,
1617 2133 58 46 by
1704 2132 53 41 G.
1782 2133 52 39 A.
1859 2133 155 40 Thiel.

345 2188 52 53 ©
424 2194 129 39 June
577 2193 39 46 9,
643 2193 114 40 1933;
814 2193 67 40 2c.
909 2193 96 39 and
1032 2191 84 42 aff.
1143 2192 129 40 June
1295 2192 58 39 26;
1410 2192 41 39 A
1477 2192 173 47 63382;
1682 2192 284 49 University
1994 2193 52 40 of
2074 2192 291 45 Minnesota,

414 2250 340 49 Minneapolis.
827 2249 283 50 (33-18391)

338 2352 233 66 Stoker,
603 2354 277 63 Spencer.

413 2430 123 53 The
580 2430 222 53 schools
847 2431 113 52 and
1005 2429 415 54 international
1467 2428 481 71 understanding,
1991 2429 76 70 by
2117 2428 249 71 Spencer

344 2507 2021 71 Stoker … Chapel Hill, The University of North Carolina
344 2606 175 50 press,
551 2590 153 51 1933.

413 2662 152 49 xxvii,
591 2661 85 41 243
705 2672 44 37 p.
810 2662 171 46 tables,
1011 2662 183 46 diagrs.
1252 2660 57 41 22
1312 2664 44 21 cm
1361 2693 9 10 .

415 2718 379 49 Bibliography:
828 2730 44 37 p.
907 2718 251 51 [221]-238.

348 2772 52 53 ©
428 2779 130 39 June
583 2779 39 45 8,
652 2778 113 40 1933;
824 2779 68 39 2c.
921 2778 128 39 June
1076 2777 52 47 9;
1160 2777 83 40 aff.
1273 2778 127 39 June
1428 2779 82 46 13;
1541 2777 41 39 A
1611 2776 172 48 63491;
1815 2777 286 49 University
2130 2777 56 41 of
2210 2776 158 40 North

417 2835 229 41 Carolina
679 2845 151 39 press.
902 2834 283 48 (33-18255)

340 2936 362 69 Strickland,
737 2942 139 51 Mrs.
914 2939 184 54 Sexta
1143 2940 378 64 (Eavenson)
1568 2944 171 50 1868-

417 3016 671 56 Eavenson-Strickland
1121 3019 113 52 and
1267 3018 174 53 allied
1473 3018 282 65 families;
1787 3018 257 53 includes
2075 3018 144 53 lines
2252 3017 113 53 and

342 3093 139 55 data
511 3095 270 53 collected
812 3115 79 48 up
919 3102 58 47 to
1006 3096 222 67 March,
1261 3099 152 50 1933.
1481 3098 91 65 By
1603 3096 176 56 Sexta
1807 3097 303 53 Eavenson
345 3095 1993 129 Strickland.

567 3173 262 67 Atlanta,
858 3174 125 66 Ga.,
1015 3173 164 56 Stein
1207 3174 268 68 printing
1504 3193 301 49 company,
1838 3177 152 51 1933.

418 3245 765 50 95 p. front. (port.) 23½ cm .
350 3300 53 52 ©
441 3307 114 45 May
591 3305 69 47 25,
697 3305 113 40 1933;
878 3305 65 40 2c.
981 3305 131 40 June
1146 3305 52 47 2;
1239 3305 82 41 aff.
1358 3306 119 47 July
1511 3305 52 47 6;
1603 3305 41 39 A
1680 3305 172 47 64287;
1896 3305 44 41 S.
1978 3306 53 39 E.
2072 3304 294 47 Strickland,

417 3363 220 40 Atlanta.
709 3362 282 48 (33-18281)

343 3462 478 69 Sydenstricker,
851 3467 221 63 Edgar,
1104 3471 171 51 1881-

419 3542 219 54 Health
687 3543 114 53 and
848 3541 413 71 environment,
1307 3542 74 69 by
1432 3542 202 70 Edgar
1685 3540 452 71 Sydenstricker.
2225 3541 137 54 New

355 3620 159 52 York
548 3620 111 53 and
694 3621 258 66 London,
983 3620 429 54 McGraw-Hill
1445 3621 146 52 book
1622 3638 297 52 company,
1952 3619 127 70 inc.,
2114 3623 149 49 1933.

423 3692 83 46 xii,
538 3692 86 40 217
656 3703 43 37 p.
761 3693 129 40 illus.
920 3692 186 49 (maps)
1149 3693 179 49 diagrs.
1388 3693 56 41 23½cm.
1608 3694 252 48 (Lettered
1893 3707 57 29 on
1987 3707 163 29 cover:
2181 3695 183 40 Recent

350 3749 151 42 social
534 3750 168 41 trends
734 3750 351 49 monographs)

423 3807 294 42 “Published
747 3809 154 39 under
930 3810 82 39 the
1041 3808 237 40 direction
1311 3809 52 39 of
1392 3810 83 40 the
1502 3808 298 42 President’s
1831 3812 224 38 research
2086 3809 276 42 committee

351 3874 60 29 on
447 3864 150 40 social
635 3864 538 41 trends.”—Foreword
1208 3866 61 47 by
1305 3866 82 40 the
1423 3865 291 42 committee.

354 3920 52 53 ©
442 3926 130 39 June
604 3925 68 42 19,
708 3925 141 42 1933:
888 3926 67 39 2c.
991 3925 127 40 June
1155 3926 80 45 16;
1275 3925 81 40 aff.
1394 3925 131 40 June
1557 3927 46 38 21;
1678 3927 40 38 A
1754 3926 170 42 63365;
1965 3926 297 40 President's
426 3936 1924 87 research

628 3982 277 41 committee
936 3994 60 29 on
1028 3982 149 41 social
1212 3984 180 47 trends,
1426 3982 117 40 New
1574 3983 145 40 York.
1791 3982 281 45 (33-18386)
