2597 4403
1340 4127 71 50 24

330 535 200 66 forms,
562 533 143 54 with
740 533 289 53 foreword
1060 532 76 69 by
1168 534 155 52 Hon.
1357 530 314 55 Frederick
1701 532 169 53 Evan
1903 528 189 59 Crane
2128 573 57 11 …
329 531 2008 143 Albany,

541 613 71 54 N.
656 613 91 61 Y.,
788 612 141 53 New
972 610 165 55 York
1178 610 135 64 city,
1355 609 80 55 M.
1478 610 229 54 Bender
1748 612 47 52 &
1835 625 302 49 company,
331 608 2006 153 incorporated,
624 694 153 51 1933.

401 765 207 49 xxxviii,
636 765 91 43 739
753 777 44 38 p.
858 765 57 40 24
918 766 45 23 cm
967 797 9 9 .

405 823 243 42 “Written
678 824 132 40 from
841 824 83 39 the
955 820 266 50 viewpoint
1253 821 52 41 of
1336 832 27 29 a
1394 821 185 47 lawyer
1609 821 81 40 for
1719 821 85 40 the
1833 818 246 43 defense.”

337 876 53 53 ©
416 881 111 41 Jan.
552 882 43 41 4.
619 880 143 49 1933;
789 880 68 41 2c.
885 881 96 39 and
1009 879 83 42 aff.
1119 879 110 41 Jan.
1258 879 53 47 5;
1339 878 42 40 A
1406 879 174 44 57815;
1609 879 240 41 Matthew
1876 880 195 40 Bender
2096 879 37 41 &
2160 889 83 37 co.,
2270 879 93 40 inc.

416 938 255 49 (33-1117)

333 1034 257 66 Hunter,
623 1035 184 62 Dard,
841 1039 174 51 1883-

410 1110 116 55 Old
569 1110 424 71 papermaking
1032 1112 63 53 in
1141 1109 189 57 China
1375 1110 114 57 and
1533 1110 212 71 Japan,
1788 1110 76 71 by
1909 1109 165 55 Dard
2115 1110 251 70 Hunter,

471 1188 1562 71 LITT . D . Chillicothe, O., Mountain house press, 1932.
407 1263 56 40 71
501 1274 44 38 p.
586 1261 112 42 incl.
735 1263 167 47 front.,
942 1262 131 41 illus.
1102 1262 140 50 (part
1278 1265 261 46 mounted;
1580 1266 113 46 part
1730 1265 117 47 col.;
1887 1264 112 41 inch
2038 1264 139 49 map)
2205 1265 160 48 plates

345 1319 138 49 (part
511 1322 234 39 mounted
774 1321 87 41 col.
893 1318 147 49 fold.)
1065 1320 209 49 facsim.,
1304 1322 234 39 mounted
1569 1320 212 50 samples
1808 1321 138 49 (part
1974 1322 147 49 fold.)
2188 1320 121 44 43cm.

439 1377 215 49 “Owing,
666 1379 53 40 to
743 1378 84 40 the
851 1378 226 40 methods
1102 1378 121 41 used
1247 1378 51 40 in
1323 1377 203 50 making
1551 1379 83 40 the
1658 1379 151 41 books
1835 1380 82 40 the
1945 1378 186 42 edition
2155 1378 212 43 consists

337 1434 53 41 of
412 1436 113 47 only
547 1437 97 39 two
669 1436 225 39 hundred
917 1435 175 48 copies.
1146 1436 136 39 More
1306 1436 122 39 than
1450 1435 102 41 this
1575 1436 204 40 number
1803 1436 162 41 would
1990 1436 126 41 have
2136 1437 121 40 been
337 1436 2011 106 impossible.
624 1492 120 41 This
776 1503 120 38 copy
930 1492 43 41 is
1002 1493 206 40 number
1240 1491 102 42 43.”
1409 1492 206 49 Signed:
1650 1494 137 40 Dard
1820 1494 211 42 Hunter.

410 1551 70 39 “A
509 1551 256 40 collection
795 1550 55 40 of
875 1550 387 47 reproductions,
1293 1550 206 47 gleaned
1525 1550 131 39 from
1683 1550 201 40 various
1912 1550 202 48 antique
2143 1550 223 41 Oriental

336 1610 99 39 and
462 1607 285 42 Occidental
770 1606 164 49 books,
959 1605 223 50 showing
1205 1607 84 40 the
1313 1616 197 39 process
1533 1607 52 41 of
1607 1606 202 49 making
1831 1618 152 38 paper
2008 1607 51 41 in
2085 1607 157 43 China
2270 1609 96 39 and

339 1665 164 49 Japan
531 1664 52 40 in
611 1675 145 38 years
783 1675 121 38 gone
932 1664 76 47 by.
1065 1663 118 42 Also
1217 1695 46 9 …
1295 1675 27 29 a
1351 1664 205 40 number
1585 1665 52 41 of
1667 1663 210 50 original
1906 1664 273 49 specimens
2207 1665 53 42 of
2288 1665 80 41 old

340 1723 224 42 Oriental
594 1721 236 51 papers”:
865 1733 44 38 p.
958 1721 178 50 [27]-71.

345 1780 51 53 ©
428 1785 114 40 Dec.
573 1784 69 47 12,
674 1783 144 48 1932;
850 1782 67 41 2c.
950 1782 115 40 Dec.
1096 1781 83 48 16;
1213 1780 84 42 aff.
1328 1781 113 40 Dec.
1473 1780 85 49 30;
1591 1781 43 40 A
1663 1780 171 49 57722;
1870 1782 59 40 D.
1960 1782 209 48 Hunter,
413 1780 1940 109 Chillicothe,
598 1841 52 41 O.
723 1839 254 51 (33-1557)

341 1945 244 54 Illinois.
659 1946 284 66 Supreme
976 1949 178 51 court.

415 2023 250 69 Reports
701 2024 63 52 of
798 2042 152 36 cases
986 2029 59 47 at
1075 2023 112 53 law
1223 2022 113 54 and
1369 2021 62 54 in
1467 2022 280 70 chancery
1781 2022 217 69 argued
2035 2022 115 54 and
342 2022 2001 134 determined
570 2146 56 10 …
706 2120 51 37 v.
785 2106 120 66 349,

931 2101 338 71 containing
1293 2121 152 36 cases
1468 2104 63 52 in
1554 2102 189 53 which
1768 2101 267 70 opinions
2061 2120 148 36 were
2233 2100 136 56 filed

344 2184 61 53 in
435 2185 155 54 June
620 2183 114 52 and
766 2182 266 69 October,
1063 2185 153 65 1932,
1249 2182 113 53 and
1393 2200 151 35 cases
1576 2182 250 53 wherein
1856 2181 335 70 rehearings
2222 2200 149 36 were

346 2261 207 54 denied
583 2269 60 47 at
673 2263 99 53 the
799 2262 248 55 October
1078 2268 166 62 term,
1276 2264 150 50 1932.
1507 2261 233 56 Samuel
1770 2262 251 70 Pashley
2052 2261 201 70 Irwin,
345 2281 1999 131 reporter

574 2342 64 54 of
668 2341 297 54 decisions.
1043 2341 433 70 Bloomington,
1506 2342 115 68 Ill.,
1654 2345 151 50 1933.

417 2418 65 47 ix,
517 2417 210 51 [11]-700
754 2428 42 38 p.
855 2416 56 40 22½
945 2419 45 21 cm
995 2450 9 8 .

350 2471 52 53 ©
430 2475 111 41 Jan.
567 2474 72 49 10,
664 2473 144 49 1933;
835 2474 69 41 2c.
931 2475 96 39 and
1054 2473 83 41 aff.
1165 2474 112 40 Jan.
1303 2474 84 47 13;
1415 2473 42 40 A
1483 2472 173 50 57904;
1687 2473 196 41 Samuel
1910 2473 51 39 P.
1992 2471 166 51 Irwin,
419 2473 1939 108 Bloomington,
632 2531 77 41 Ill.

348 2635 269 54 Indiana.
692 2635 315 69 Appellate
1039 2640 178 51 court.

421 2714 249 69 Reports
711 2714 65 53 of
816 2732 152 36 cases
1009 2713 239 54 decided
1295 2756 56 9 …
1397 2713 142 53 with
1580 2714 182 53 tables
1804 2713 64 54 of
1910 2732 149 36 cases
2101 2713 271 71 reported

351 2794 114 53 and
499 2794 169 69 cited,
702 2799 242 48 statutes
976 2793 151 55 cited
1163 2793 114 52 and
1311 2793 322 68 construed,
1668 2793 113 53 and
1818 2812 73 35 an
1922 2794 192 53 index.
351 2793 1998 134 Genevieve

542 2876 234 64 Brown,
808 2870 202 57 official
1043 2876 288 65 reporter;
1367 2876 68 51 B.
1468 2874 66 51 F.
1567 2875 261 66 Watson,
1859 2874 231 54 Joanna
2122 2875 67 52 F.
351 2873 1997 149 Hinman,
543 2952 196 54 David

780 2955 68 52 R.
889 2951 349 69 Wilkinson,
1280 2950 315 55 assistants,
1671 2971 50 33 v.
1764 2956 82 49 93.
1922 2953 180 54 From
2141 2954 234 70 August

355 3036 83 65 11,
468 3036 154 63 1931,
649 3038 59 48 to
737 3034 266 64 January
1033 3034 85 65 29,
1149 3034 152 50 1932.
1377 3030 423 71 Indianapolis,
1828 3034 151 55 Wm.
2009 3036 67 51 B.
2108 3032 266 55 Burford

353 3112 268 69 printing
650 3131 99 49 co.,
782 3114 153 51 1932.

423 3186 153 49 xxvii,
605 3187 85 40 735
718 3197 44 37 p.
819 3185 56 40 22½
909 3188 44 21 cm
960 3218 8 8 .

359 3240 51 53 ©
444 3245 120 39 Nov.
597 3244 70 47 16,
701 3242 143 49 1932;
879 3243 66 41 2c.
982 3243 114 41 Dec.
1129 3242 55 48 2;
1220 3242 84 40 aff.
1339 3242 113 42 Dec.
1487 3244 83 47 17;
1607 3243 41 40 A
1682 3242 172 49 57882;
1894 3242 141 42 State
2065 3244 54 41 of
2153 3242 227 43 Indiana.

427 3300 355 49 Indianapolis.

354 3407 194 65 Jesty,
578 3404 222 66 Simon,
831 3406 197 67 pseud.

444 3485 88 53 'Ye
574 3482 263 55 drunken
879 3483 294 67 damozel’,
1213 3483 98 53 the
1350 3488 203 49 tavern
1594 3483 61 54 in
1693 3482 99 55 the
1831 3482 189 69 Folly,
2059 3482 77 69 by
2179 3482 201 56 Simon

355 3562 182 67 Jesty.
614 3562 141 52 New
789 3560 182 68 York,
1002 3561 79 53 H.
1116 3559 192 56 Smith
1340 3563 47 51 &
1417 3561 69 53 R.
1518 3561 180 68 Haas,
1731 3562 151 53 1932.

413 3636 89 39 245
530 3647 42 37 p.
634 3635 56 40 19½
723 3637 45 21 cm
771 3665 10 9 .

362 3688 52 52 ©
450 3693 110 40 Dec.
595 3691 70 49 29,
697 3690 143 48 1932;
875 3691 68 39 2c.
977 3693 97 39 and
1108 3690 84 42 aff.
1227 3691 110 40 Jan.
1373 3691 71 48 13,
1478 3689 142 49 1933;
1657 3692 40 39 A
1731 3691 172 49 57910;
1941 3691 245 42 Harrison
2224 3691 158 42 Smith

432 3750 95 40 and
560 3750 184 39 Robert
773 3749 153 45 Haas,
959 3748 90 40 inc.
1122 3747 253 49 (33-1355)

360 3844 229 68 Jillson,
617 3844 246 56 Willard
891 3846 217 64 Rouse,
1138 3850 173 51 1890-

433 3922 244 55 Lincoln
710 3924 145 53 back
886 3924 183 68 home,
1102 3930 114 48 two
1249 3923 258 69 episodes
1541 3924 62 52 in
1637 3924 96 53 the
1768 3943 190 34 career
1991 3924 65 54 of
2086 3924 98 53 the
2216 3928 165 63 great

363 4000 135 54 civil
523 4021 119 34 war
665 4001 295 69 president
983 4001 281 55 mirrored
1289 4002 61 52 in
1371 4002 97 54 the
1491 4002 161 68 daily
1673 4002 311 68 Kentucky
2007 4021 175 49 press,
2209 4005 172 50 1860-
