2597 4403
1231 4105 102 50 310

258 432 274 66 Holland,
561 434 230 63 Rupert
819 434 279 67 Sargent,
1130 437 174 53 1878-

323 512 152 52 How
525 511 235 52 murder
811 511 222 69 speaks,
1084 513 74 67 by
1209 512 226 69 Rupert
1487 512 249 69 Sargent
1785 512 278 54 Holland.
2140 513 140 53 New

259 588 1444 73 York, Sears publishing company, inc. [ c 1933]
327 667 27 38 4
382 677 41 37 p.
452 667 44 45 l.,
523 664 87 41 290
639 676 42 37 p.
743 665 58 40 19½
831 667 44 21 cm
881 697 8 8 .

261 721 52 52 ©
350 726 123 38 Mar.
510 725 68 45 15,
614 723 142 41 1933:
794 724 68 40 2c.
900 725 121 39 Mar.
1133 736 8 35 18;
1179 723 83 43 aff.
1300 726 123 40 Mar.
1459 726 84 47 17;
1581 725 42 40 A
1659 724 171 50 60694;
1870 726 56 42 R.
1966 726 46 42 S.
2050 727 230 48 Holland,

332 783 199 46 Wayne,
562 782 82 39 Pa.
718 782 253 47 (33-6575)

259 873 187 65 Hunt,
473 873 296 53 Rockwell
796 873 245 66 Dennis,
1073 880 172 49 1868-

328 950 1957 71 New California the golden [by] Rockwell D. Hunt … New
261 1028 1830 73 York, Newark [etc.] Silver, Burdett and company [ c 1933]
333 1103 1221 51 x, 398, xxi p. front. (map) illus., pl. 19 cm .
331 1161 324 41 “References
677 1161 81 40 for
782 1161 198 41 further
1004 1161 231 49 reading”
1261 1162 54 40 at
1338 1162 92 41 end
1455 1161 53 41 of
1532 1162 120 41 each
1675 1161 205 49 chapter;
1936 1161 349 50 “Suggestions

258 1218 78 40 for
362 1219 198 40 further
588 1218 232 49 reading”:
878 1228 43 39 p.
950 1218 137 40 iii-iv
1114 1221 53 39 at
1193 1219 107 41 end.

266 1273 52 52 ©
346 1279 123 39 Mar.
498 1277 39 48 2,
566 1277 140 42 1933:
736 1278 69 41 2c.
831 1280 96 39 and
955 1277 82 41 aff.
1066 1280 124 39 Mar.
1219 1278 56 39 14:
1331 1278 41 39 A
1400 1278 149 41 60580;
1607 1278 170 48 Silver,
1808 1279 211 41 Burdett
2048 1279 37 42 &
2112 1288 68 33 co.

346 1335 254 49 (33-6585)

257 1427 290 55 Institute
577 1428 99 53 for
705 1427 313 55 education
1049 1428 80 64 by
1155 1428 187 55 radio.

331 1506 329 53 Education
691 1526 72 33 on
794 1507 95 53 the
921 1506 86 53 air;
1071 1507 71 52 3d
1171 1507 291 67 yearbook
1493 1506 64 54 of
1586 1507 96 54 the
1714 1507 277 53 Institute
2023 1507 96 53 for
260 1507 2000 131 education
483 1586 76 68 by

592 1585 182 68 radio,
808 1585 191 55 edited
1034 1587 76 67 by
1142 1585 314 69 Josephine
1489 1588 77 52 H.
1601 1587 375 69 MacLatchy.
258 1586 2003 138 Columbus,
412 1666 152 55 Ohio
595 1671 147 48 state
774 1665 340 69 university,
1147 1668 153 51 1932.

335 1741 61 41 vi,
426 1741 89 40 376
541 1752 42 37 p.
642 1741 171 43 tables,
843 1741 182 48 diagrs.
1083 1741 86 41 234
1173 1743 44 20 cm
1223 1774 8 7 .

267 1794 52 52 ©
343 1799 111 40 Jan.
477 1799 70 41 24.
572 1797 114 42 1933:
743 1799 68 39 2c.
835 1800 97 39 and
957 1798 81 40 aff.
1067 1798 111 40 Feb.
1204 1799 54 39 13;
1314 1799 41 38 A
1380 1798 143 41 59823;
1579 1798 126 41 Ohio
1726 1801 129 38 state
1883 1797 131 41 univ.

262 1891 158 53 Iowa
451 1891 114 52 and
598 1892 189 51 North
819 1894 243 49 western
1094 1890 206 69 digest,
1332 1890 271 68 covering
1635 1891 78 53 all
1743 1910 151 34 cases
1926 1890 270 69 reported
2226 1889 62 53 in

334 1971 158 52 Iowa
528 1975 243 63 reports,
807 1970 188 53 North
1031 1975 242 47 western
1307 1974 278 64 reporter,
1621 1971 112 51 and
1771 1971 78 52 all
1884 1970 64 54 of
1982 1971 97 53 the
2114 1972 175 51 north

333 2055 243 47 western
610 2055 175 48 states
819 2055 225 63 reports
1079 2049 156 53 from
1269 2050 96 52 the
1399 2049 232 54 earliest
1662 2050 183 65 times,
1879 2051 142 52 with
2056 2054 233 50 current

333 2129 347 53 cumulative
711 2129 206 69 pocket
944 2128 212 54 service
1186 2129 248 69 keeping
1462 2129 117 54 this
1608 2129 187 69 digest
1823 2131 214 69 always
2065 2137 61 47 to
2155 2130 132 54 date

398 2207 1890 71 … Compiled and edited by the publisher’s editorial staff,
335 2309 51 33 v.
415 2292 191 50 24—26.
686 2287 84 56 St.
798 2289 168 67 Paul,
993 2290 160 54 West
1182 2289 340 69 publishing
1550 2308 80 36 co.
1707 2293 154 63 [c1933]

340 2366 25 39 3
395 2377 41 27 v.
492 2364 59 39 26
550 2367 46 20 cm
602 2397 7 8 .

341 2423 386 39 CONTENTS—v.
777 2419 73 42 24.
899 2420 491 48 Liens-Marslialing
1437 2425 159 37 assets
1646 2422 95 39 and
1791 2419 378 42 securities.—v.
2220 2420 74 45 25.

273 2481 187 38 Master
492 2479 96 40 and
621 2481 322 40 servant,—v.
979 2477 72 41 26.
1087 2479 489 47 Mayhem-Motions.

270 2548 43 30 v.
338 2538 69 45 24,
434 2538 70 47 25,
535 2533 51 51 ©
615 2537 112 39 Feb.
754 2537 69 46 14,
850 2535 114 41 1933:
1021 2548 43 28 v.
1091 2536 69 47 26,
1192 2532 54 52 ©
1274 2536 110 39 Feb.
1412 2536 55 40 20;
1526 2537 67 40 2c.
1621 2537 117 40 each
1768 2537 122 39 Mar.
1920 2536 58 40 10;
2032 2536 109 41 affs.
2170 2537 124 38 Mar.

340 2596 54 38 13;
453 2596 41 37 A
523 2594 323 40 59841-59843;
907 2595 135 38 West
1070 2595 111 46 pub.
1212 2605 67 28 co.

265 2685 197 66 Iselin,
491 2687 184 55 Marc.

267 2762 1996 149 … Chirurgie de la main; plaies, infections et chirurgie réparatrice. Préface du p r
1157 2843 367 53 Lenormant.
1601 2842 186 68 Paris,
1830 2843 235 53 Masson
2109 2846 56 49 et
2206 2860 29 35 ci
2253 2847 19 23 e
2277 2884 12 27 ,

268 2926 152 51 1933.

344 2998 27 39 2
396 3010 43 37 p.
489 2991 22 55 l.,
543 2997 217 50 [vii]-xii,
788 2996 101 48 339,
966 3017 11 30 [1]
1007 3009 43 38 p.
1108 2996 130 42 illus.
1293 2997 57 40 25
1353 2999 45 21 cm
1402 3028 8 8 .

347 3055 423 49 “Bibliographie”:
829 3066 45 37 p.
920 3055 239 49 [323]-331.

277 3109 1934 52 © Dec. 17, 1932; 1c. Feb. 10, 1933; A- Foreign 19649; Masson & cie.
358 3171 252 48 (33-7233)

276 3260 269 66 Kellogg,
575 3262 256 53 Edward
861 3262 242 64 Leland,
1135 3263 172 54 1872-

406 3335 1889 72 … The duodenum; its structure & function, its diseases &
274 3416 1958 71 their medical & surgical treatment, by Edward L. Kellogg …
275 3496 2021 70 with a foreword by George David Stewart … chapter on
275 3575 2021 70 Duodenal parasites by Bailey K. Ashford … section on X-ray
276 3651 2020 74 diagnosis by A. Judson Quimby … 287 illustrations (3 in
276 3735 180 68 color)
544 3735 138 53 New
713 3734 181 68 York,
922 3735 65 51 P.
1017 3735 66 51 B.
1113 3732 246 69 Hoeber,
1389 3733 126 67 inc.,
1545 3736 151 50 1933.

349 3811 150 47 xxvii,
540 3810 84 41 855
663 3821 43 37 p.
746 3809 110 40 inch
897 3809 88 41 col.
1022 3809 165 48 front.,
1227 3809 129 39 illus.
1386 3807 50 47 (2
1475 3805 114 49 col.)
1657 3807 56 41 27
1715 3809 44 21 cm
1765 3837 9 10 .
1845 3805 258 50 (Hoeber’s
273 3806 2005 104 surgical
381 3865 351 51 monographs)

351 3923 352 43 “References”:
767 3936 41 37 p.
842 3923 218 41 673-804.

284 3980 52 52 ©
369 3984 108 39 Feb.
507 3985 69 38 23.
607 3983 141 40 1933:
779 3985 68 38 2c.
877 3983 95 39 and
1003 3982 70 40 aff
1117 3982 111 39 Feb.
1259 3982 82 46 25;
1374 3982 39 38 A
1443 3980 144 42 59682;
1647 3981 122 39 Paul
1800 3981 54 40 B.
1886 3981 205 47 Hoeber,
2121 3979 92 42 inc.

360 4039 253 50 (33-6507)
