<alto xmlns="http://www.loc.gov/standards/alto/ns-v3#" xmlns:xlink="http://www.w3.org/1999/xlink" xmlns:xsi="http://www.w3.org/2001/XMLSchema-instance" xsi:schemaLocation="http://www.loc.gov/standards/alto/ns-v3# http://www.loc.gov/alto/v3/alto-3-0.xsd"><Description>
<MeasurementUnit>pixel</MeasurementUnit>
<sourceImageInformation>
<fileName>1933_v1_Part1.pdf</fileName>
</sourceImageInformation>
<OCRProcessing ID="IdOcr">
<ocrProcessingStep>
<processingDateTime>2019-01-03</processingDateTime>
<processingSoftware>
<softwareCreator>ABBYY</softwareCreator>
<softwareName>ABBYY Recognition Server</softwareName>
<softwareVersion>4.0</softwareVersion>
</processingSoftware>
</ocrProcessingStep>
</OCRProcessing>
</Description>
<Styles>
<ParagraphStyle ID="StyleId-FFFFFFFF-FFFF-FFFF-FFFF-FFFFFFFFFFFF-" ALIGN="Left" LEFT="0." RIGHT="0." FIRSTLINE="0."/>
<ParagraphStyle ID="StyleId-6EF5737A-DCEB-4126-A0CF-C5930BF7166A-" ALIGN="Left" LEFT="0." RIGHT="0." FIRSTLINE="0." LINESPACE="8.300000191"/>
<ParagraphStyle ID="StyleId-2DE44258-FD0B-41E1-B542-087C989B01A3-" ALIGN="Left" LEFT="0." RIGHT="0." FIRSTLINE="0." LINESPACE="12.19999981"/>
<ParagraphStyle ID="StyleId-CE3D254A-29D7-4DD7-B5F1-E0FC0EF29B05-" ALIGN="Left" LEFT="0." RIGHT="0." FIRSTLINE="-14." LINESPACE="8.619999886"/>
<ParagraphStyle ID="StyleId-C0E3A137-CE4F-4287-8A90-B599106709D0-" ALIGN="Left" LEFT="0." RIGHT="0." FIRSTLINE="-14." LINESPACE="12.19999981"/>
<ParagraphStyle ID="StyleId-50F26F0C-05DA-4C19-BA58-7A6AC4499BEE-" ALIGN="Left" LEFT="0." RIGHT="0." FIRSTLINE="-14." LINESPACE="11.06999969"/>
<ParagraphStyle ID="StyleId-5DDE65AF-512C-41E2-9B8E-095D6D99EF68-" ALIGN="Center" LEFT="0." RIGHT="0." FIRSTLINE="0." LINESPACE="11.89999962"/>
<ParagraphStyle ID="StyleId-0A81D7A5-6A62-4C52-915E-7768974C704D-" ALIGN="Left" LEFT="0." RIGHT="0." FIRSTLINE="0." LINESPACE="9.399999619"/>
<ParagraphStyle ID="StyleId-F7A0127F-6B48-4157-BB81-FE33E1E1A05B-" ALIGN="Block" LEFT="0." RIGHT="0." FIRSTLINE="-13." LINESPACE="10.63000011"/>
<ParagraphStyle ID="StyleId-E18C69F7-DBD7-48B1-805C-FCD96D0DA019-" ALIGN="Left" LEFT="0." RIGHT="0." FIRSTLINE="0." LINESPACE="11.64000034"/>
<ParagraphStyle ID="StyleId-98F15501-B611-4E83-8BB3-807E891F11F5-" ALIGN="Left" LEFT="0." RIGHT="0." FIRSTLINE="-14." LINESPACE="12.19999981"/>
<ParagraphStyle ID="StyleId-F4A78626-0BBC-4D12-94D9-A1AE75A9855F-" ALIGN="Left" LEFT="0." RIGHT="0." FIRSTLINE="0." LINESPACE="9.399999619"/>
<ParagraphStyle ID="StyleId-6A3F6F4C-D21B-4ADE-902F-7683F18ECEF3-" ALIGN="Left" LEFT="0." RIGHT="0." FIRSTLINE="0." LINESPACE="11.10000038"/>
</Styles>
<Layout>
<Page ID="Page90" PHYSICAL_IMG_NR="90" HEIGHT="4403" WIDTH="2597">
<TopMargin HEIGHT="386" WIDTH="2597" VPOS="0" HPOS="0">
</TopMargin>
<LeftMargin HEIGHT="3658" WIDTH="378" VPOS="386" HPOS="0">
</LeftMargin>
<RightMargin HEIGHT="3658" WIDTH="151" VPOS="386" HPOS="2446">
</RightMargin>
<BottomMargin HEIGHT="359" WIDTH="2597" VPOS="4044" HPOS="0">
<TextBlock ID="Page90_Block1" HEIGHT="151" WIDTH="303" VPOS="4058" HPOS="1296" LANG="en-US" STYLEREFS="StyleId-E6D7217E-D7F6-4231-B412-FE76C7A08456-">
<TextLine HEIGHT="48" WIDTH="66" VPOS="4098" HPOS="1396">
<String CONTENT="90" HEIGHT="48" WIDTH="66" VPOS="4098" HPOS="1396"/>
</TextLine>
</TextBlock>
</BottomMargin>
<PrintSpace HEIGHT="3658" WIDTH="2068" VPOS="386" HPOS="378">
<TextBlock ID="Page90_Block2" HEIGHT="3658" WIDTH="2068" VPOS="386" HPOS="378" LANG="en-US" CS="1" STYLEREFS="StyleId-90359D7C-97DE-443A-B707-3314ACF4EC74-">
<TextLine HEIGHT="53" WIDTH="1099" VPOS="470" HPOS="491" CS="1">
<String CS="1" CONTENT="(In" HEIGHT="38" WIDTH="62" VPOS="476" HPOS="491"/>
<SP HEIGHT="42" WIDTH="25" VPOS="472" HPOS="554"/>
<String CONTENT="New" HEIGHT="42" WIDTH="124" VPOS="472" HPOS="580"/>
<SP HEIGHT="43" WIDTH="28" VPOS="471" HPOS="705"/>
<String CONTENT="London" HEIGHT="43" WIDTH="205" VPOS="471" HPOS="734"/>
<SP HEIGHT="43" WIDTH="24" VPOS="471" HPOS="940"/>
<String CONTENT="Magazine," HEIGHT="53" WIDTH="285" VPOS="470" HPOS="965"/>
<SP HEIGHT="50" WIDTH="28" VPOS="471" HPOS="1251"/>
<String CONTENT="Dec.," HEIGHT="50" WIDTH="132" VPOS="471" HPOS="1280"/>
<SP HEIGHT="49" WIDTH="30" VPOS="472" HPOS="1413"/>
<String CONTENT="1932)" HEIGHT="50" WIDTH="146" VPOS="471" HPOS="1444"/>
</TextLine>
<TextLine HEIGHT="52" WIDTH="2021" VPOS="527" HPOS="391" STYLEREFS="StyleId-51D2FD0F-492C-41BE-A487-731F1802E6FE-" CS="1">
<String CONTENT="&#169;" HEIGHT="52" WIDTH="53" VPOS="527" HPOS="391"/>
<SP/>
<String CS="1" CONTENT="1c."/>
<SP/>
<String CONTENT="Jan." HEIGHT="40" WIDTH="110" VPOS="532" HPOS="568"/>
<SP HEIGHT="39" WIDTH="26" VPOS="532" HPOS="679"/>
<String CONTENT="11," HEIGHT="46" WIDTH="69" VPOS="532" HPOS="706"/>
<SP HEIGHT="46" WIDTH="26" VPOS="532" HPOS="776"/>
<String CONTENT="1933;" HEIGHT="48" WIDTH="142" VPOS="529" HPOS="803"/>
<SP HEIGHT="45" WIDTH="30" VPOS="532" HPOS="946"/>
<!-- cceid 381BE271-6CF9-1014-A6CF-A82867D68027 --><String CONTENT="A" HEIGHT="38" WIDTH="42" VPOS="532" HPOS="977"/>
<SP HEIGHT="39" WIDTH="25" VPOS="532" HPOS="1020"/>
<String CONTENT="ad" HEIGHT="39" WIDTH="62" VPOS="532" HPOS="1046"/>
<SP HEIGHT="40" WIDTH="25" VPOS="531" HPOS="1109"/>
<String CONTENT="int." HEIGHT="40" WIDTH="88" VPOS="531" HPOS="1135"/>
<SP HEIGHT="38" WIDTH="26" VPOS="533" HPOS="1224"/>
<String CONTENT="17438;" HEIGHT="48" WIDTH="173" VPOS="530" HPOS="1251"/>
<SP HEIGHT="38" WIDTH="28" VPOS="541" HPOS="1425"/>
<String CONTENT="pubd." HEIGHT="48" WIDTH="144" VPOS="531" HPOS="1454"/>
<SP HEIGHT="39" WIDTH="28" VPOS="531" HPOS="1599"/>
<String CONTENT="Nov." HEIGHT="41" WIDTH="119" VPOS="531" HPOS="1628"/>
<SP HEIGHT="40" WIDTH="26" VPOS="532" HPOS="1748"/>
<String CONTENT="15," HEIGHT="49" WIDTH="70" VPOS="530" HPOS="1775"/>
<SP HEIGHT="48" WIDTH="27" VPOS="531" HPOS="1846"/>
<String CONTENT="1932;" HEIGHT="50" WIDTH="144" VPOS="529" HPOS="1874"/>
<SP HEIGHT="48" WIDTH="29" VPOS="531" HPOS="2019"/>
<String CONTENT="Harry" HEIGHT="48" WIDTH="167" VPOS="531" HPOS="2049"/>
<SP HEIGHT="47" WIDTH="26" VPOS="532" HPOS="2217"/>
<String CONTENT="Drake" HEIGHT="39" WIDTH="168" VPOS="532" HPOS="2244"/>
</TextLine>
<TextLine HEIGHT="50" WIDTH="524" VPOS="588" HPOS="460" STYLEREFS="StyleId-51D2FD0F-492C-41BE-A487-731F1802E6FE-">
<String CONTENT="Hodgkinson," HEIGHT="49" WIDTH="335" VPOS="589" HPOS="460"/>
<SP HEIGHT="46" WIDTH="29" VPOS="589" HPOS="796"/>
<String CONTENT="Paris." HEIGHT="41" WIDTH="158" VPOS="588" HPOS="826"/>
</TextLine>
<TextLine HEIGHT="66" WIDTH="571" VPOS="685" HPOS="389" STYLEREFS="StyleId-3F9D4119-9B95-480F-B451-33FB053D7A90-">
<String CONTENT="Beith," HEIGHT="65" WIDTH="198" VPOS="686" HPOS="389"/>
<SP HEIGHT="65" WIDTH="29" VPOS="686" HPOS="588"/>
<String CONTENT="John" HEIGHT="55" WIDTH="157" VPOS="685" HPOS="618"/>
<SP HEIGHT="52" WIDTH="27" VPOS="687" HPOS="776"/>
<String CONTENT="Hay." HEIGHT="64" WIDTH="156" VPOS="687" HPOS="804"/>
</TextLine>
<TextLine HEIGHT="69" WIDTH="1783" VPOS="764" HPOS="461" STYLEREFS="StyleId-72263051-4AE6-4053-BADE-F6182199EE2A-" CS="1">
<String CONTENT="The" HEIGHT="54" WIDTH="121" VPOS="764" HPOS="461"/>
<SP HEIGHT="49" WIDTH="29" VPOS="784" HPOS="583"/>
<String CONTENT="great" HEIGHT="64" WIDTH="163" VPOS="769" HPOS="613"/>
<SP HEIGHT="48" WIDTH="26" VPOS="769" HPOS="777"/>
<String CONTENT="wall" HEIGHT="51" WIDTH="136" VPOS="766" HPOS="804"/>
<SP HEIGHT="52" WIDTH="25" VPOS="766" HPOS="941"/>
<String CONTENT="of" HEIGHT="54" WIDTH="63" VPOS="764" HPOS="967"/>
<SP HEIGHT="54" WIDTH="27" VPOS="764" HPOS="1031"/>
<String CONTENT="India," HEIGHT="66" WIDTH="193" VPOS="765" HPOS="1059"/>
<SP HEIGHT="67" WIDTH="23" VPOS="764" HPOS="1253"/>
<String CONTENT="by" HEIGHT="69" WIDTH="76" VPOS="764" HPOS="1277"/>
<SP HEIGHT="67" WIDTH="25" VPOS="766" HPOS="1354"/>
<String CONTENT="Ian" HEIGHT="51" WIDTH="111" VPOS="766" HPOS="1380"/>
<SP HEIGHT="52" WIDTH="26" VPOS="766" HPOS="1492"/>
<String CONTENT="Hay" HEIGHT="67" WIDTH="140" VPOS="766" HPOS="1519"/>
<SP HEIGHT="50" WIDTH="29" VPOS="783" HPOS="1660"/>
<String CS="1" CONTENT="[pseud.]" HEIGHT="68" WIDTH="212" VPOS="765" HPOS="1713"/>
<SP HEIGHT="49" WIDTH="76" VPOS="783" HPOS="1926"/>
<String CONTENT="no." HEIGHT="37" WIDTH="93" VPOS="783" HPOS="2003"/>
<SP HEIGHT="52" WIDTH="27" VPOS="768" HPOS="2097"/>
<String CONTENT="1-6." HEIGHT="51" WIDTH="119" VPOS="768" HPOS="2125"/>
</TextLine>
<TextLine HEIGHT="54" WIDTH="1342" VPOS="835" HPOS="495" STYLEREFS="StyleId-51D2FD0F-492C-41BE-A487-731F1802E6FE-" CS="1">
<String CS="1" CONTENT="(In" HEIGHT="39" WIDTH="62" VPOS="840" HPOS="495"/>
<SP HEIGHT="44" WIDTH="27" VPOS="835" HPOS="558"/>
<String CONTENT="London" HEIGHT="44" WIDTH="205" VPOS="835" HPOS="586"/>
<SP HEIGHT="43" WIDTH="23" VPOS="836" HPOS="792"/>
<String CONTENT="Morning" HEIGHT="54" WIDTH="239" VPOS="835" HPOS="816"/>
<SP HEIGHT="39" WIDTH="28" VPOS="850" HPOS="1056"/>
<String CONTENT="post," HEIGHT="49" WIDTH="128" VPOS="840" HPOS="1085"/>
<SP HEIGHT="51" WIDTH="29" VPOS="836" HPOS="1214"/>
<String CONTENT="Dec." HEIGHT="43" WIDTH="115" VPOS="836" HPOS="1244"/>
<SP HEIGHT="42" WIDTH="30" VPOS="837" HPOS="1360"/>
<String CONTENT="12-16," HEIGHT="50" WIDTH="166" VPOS="837" HPOS="1391"/>
<SP HEIGHT="49" WIDTH="30" VPOS="838" HPOS="1558"/>
<String CONTENT="19," HEIGHT="50" WIDTH="72" VPOS="838" HPOS="1589"/>
<SP HEIGHT="50" WIDTH="29" VPOS="838" HPOS="1662"/>
<String CONTENT="1932)" HEIGHT="50" WIDTH="145" VPOS="836" HPOS="1692"/>
</TextLine>
<TextLine HEIGHT="54" WIDTH="2019" VPOS="893" HPOS="395" STYLEREFS="StyleId-51D2FD0F-492C-41BE-A487-731F1802E6FE-" CS="1">
<String CONTENT="&#169;" HEIGHT="52" WIDTH="53" VPOS="893" HPOS="395"/>
<SP/>
<String CS="1" CONTENT="1c."/>
<SP/>
<String CONTENT="each" HEIGHT="40" WIDTH="120" VPOS="897" HPOS="578"/>
<SP HEIGHT="39" WIDTH="29" VPOS="896" HPOS="699"/>
<String CONTENT="Feb." HEIGHT="41" WIDTH="111" VPOS="896" HPOS="729"/>
<SP HEIGHT="39" WIDTH="29" VPOS="898" HPOS="841"/>
<String CONTENT="7," HEIGHT="46" WIDTH="40" VPOS="898" HPOS="871"/>
<SP HEIGHT="46" WIDTH="30" VPOS="898" HPOS="912"/>
<String CONTENT="1933;" HEIGHT="42" WIDTH="141" VPOS="896" HPOS="943"/>
<SP HEIGHT="40" WIDTH="33" VPOS="898" HPOS="1085"/>
<!-- cceid 381CA58C-6CF9-1014-A6CF-A82867D68027 --><String CONTENT="A" HEIGHT="38" WIDTH="43" VPOS="898" HPOS="1119"/>
<SP HEIGHT="39" WIDTH="27" VPOS="898" HPOS="1163"/>
<String CONTENT="ad" HEIGHT="39" WIDTH="63" VPOS="898" HPOS="1191"/>
<SP HEIGHT="40" WIDTH="29" VPOS="897" HPOS="1255"/>
<String CONTENT="int." HEIGHT="40" WIDTH="87" VPOS="897" HPOS="1285"/>
<SP HEIGHT="37" WIDTH="31" VPOS="898" HPOS="1373"/>
<String CONTENT="17462;" HEIGHT="48" WIDTH="173" VPOS="896" HPOS="1405"/>
<SP HEIGHT="37" WIDTH="30" VPOS="908" HPOS="1579"/>
<String CONTENT="pubd." HEIGHT="48" WIDTH="143" VPOS="897" HPOS="1610"/>
<SP HEIGHT="39" WIDTH="31" VPOS="897" HPOS="1754"/>
<String CONTENT="Dec." HEIGHT="40" WIDTH="115" VPOS="897" HPOS="1786"/>
<SP HEIGHT="41" WIDTH="30" VPOS="896" HPOS="1902"/>
<String CONTENT="12," HEIGHT="47" WIDTH="69" VPOS="896" HPOS="1933"/>
<SP HEIGHT="45" WIDTH="32" VPOS="898" HPOS="2003"/>
<String CONTENT="13," HEIGHT="48" WIDTH="69" VPOS="897" HPOS="2036"/>
<SP HEIGHT="46" WIDTH="31" VPOS="899" HPOS="2106"/>
<String CONTENT="14," HEIGHT="49" WIDTH="70" VPOS="897" HPOS="2138"/>
<SP HEIGHT="48" WIDTH="31" VPOS="898" HPOS="2209"/>
<String CONTENT="15," HEIGHT="42" WIDTH="70" VPOS="897" HPOS="2241"/>
<SP HEIGHT="39" WIDTH="31" VPOS="900" HPOS="2312"/>
<String CONTENT="16," HEIGHT="50" WIDTH="70" VPOS="897" HPOS="2344"/>
</TextLine>
<TextLine HEIGHT="52" WIDTH="846" VPOS="952" HPOS="468" STYLEREFS="StyleId-51D2FD0F-492C-41BE-A487-731F1802E6FE-">
<String CONTENT="19," HEIGHT="50" WIDTH="70" VPOS="952" HPOS="468"/>
<SP HEIGHT="46" WIDTH="28" VPOS="956" HPOS="539"/>
<String CONTENT="1932;" HEIGHT="48" WIDTH="143" VPOS="953" HPOS="568"/>
<SP HEIGHT="46" WIDTH="30" VPOS="955" HPOS="712"/>
<String CONTENT="J." HEIGHT="41" WIDTH="45" VPOS="955" HPOS="743"/>
<SP HEIGHT="42" WIDTH="27" VPOS="954" HPOS="789"/>
<String CONTENT="H." HEIGHT="40" WIDTH="60" VPOS="954" HPOS="817"/>
<SP HEIGHT="40" WIDTH="29" VPOS="954" HPOS="878"/>
<String CONTENT="Beith," HEIGHT="50" WIDTH="160" VPOS="954" HPOS="908"/>
<SP HEIGHT="50" WIDTH="28" VPOS="954" HPOS="1069"/>
<String CONTENT="London." HEIGHT="41" WIDTH="216" VPOS="954" HPOS="1098"/>
</TextLine>
<TextLine HEIGHT="65" WIDTH="477" VPOS="1058" HPOS="389" STYLEREFS="StyleId-3F9D4119-9B95-480F-B451-33FB053D7A90-">
<String CONTENT="Borden," HEIGHT="65" WIDTH="253" VPOS="1058" HPOS="389"/>
<SP HEIGHT="64" WIDTH="28" VPOS="1059" HPOS="643"/>
<String CONTENT="Mary." HEIGHT="64" WIDTH="194" VPOS="1059" HPOS="672"/>
</TextLine>
<TextLine HEIGHT="71" WIDTH="1091" VPOS="1135" HPOS="463" STYLEREFS="StyleId-72263051-4AE6-4053-BADE-F6182199EE2A-">
<String CONTENT="Does" HEIGHT="57" WIDTH="151" VPOS="1135" HPOS="463"/>
<SP HEIGHT="56" WIDTH="29" VPOS="1136" HPOS="615"/>
<String CONTENT="familiarity" HEIGHT="70" WIDTH="354" VPOS="1135" HPOS="645"/>
<SP HEIGHT="68" WIDTH="26" VPOS="1137" HPOS="1000"/>
<String CONTENT="breed" HEIGHT="54" WIDTH="172" VPOS="1136" HPOS="1027"/>
<SP HEIGHT="56" WIDTH="27" VPOS="1136" HPOS="1200"/>
<String CONTENT="contempt?" HEIGHT="68" WIDTH="326" VPOS="1138" HPOS="1228"/>
</TextLine>
<TextLine HEIGHT="53" WIDTH="1140" VPOS="1207" HPOS="498" STYLEREFS="StyleId-51D2FD0F-492C-41BE-A487-731F1802E6FE-" CS="1">
<String CS="1" CONTENT="(In" HEIGHT="39" WIDTH="60" VPOS="1212" HPOS="498"/>
<SP HEIGHT="43" WIDTH="27" VPOS="1208" HPOS="559"/>
<String CONTENT="Home" HEIGHT="43" WIDTH="160" VPOS="1208" HPOS="587"/>
<SP HEIGHT="29" WIDTH="29" VPOS="1222" HPOS="748"/>
<String CONTENT="making" HEIGHT="52" WIDTH="208" VPOS="1208" HPOS="778"/>
<SP HEIGHT="39" WIDTH="30" VPOS="1221" HPOS="987"/>
<String CONTENT="magazine," HEIGHT="52" WIDTH="279" VPOS="1208" HPOS="1018"/>
<SP HEIGHT="52" WIDTH="30" VPOS="1207" HPOS="1298"/>
<String CONTENT="Jan.," HEIGHT="52" WIDTH="129" VPOS="1207" HPOS="1329"/>
<SP HEIGHT="50" WIDTH="32" VPOS="1209" HPOS="1459"/>
<String CONTENT="1933)" HEIGHT="50" WIDTH="146" VPOS="1208" HPOS="1492"/>
</TextLine>
<TextLine HEIGHT="52" WIDTH="2019" VPOS="1266" HPOS="399" STYLEREFS="StyleId-51D2FD0F-492C-41BE-A487-731F1802E6FE-" CS="1">
<String CONTENT="&#169;" HEIGHT="52" WIDTH="53" VPOS="1266" HPOS="399"/>
<SP/>
<String CS="1" CONTENT="1c."/>
<SP/>
<String CONTENT="Jan." HEIGHT="40" WIDTH="109" VPOS="1269" HPOS="585"/>
<SP HEIGHT="39" WIDTH="31" VPOS="1268" HPOS="695"/>
<String CONTENT="20," HEIGHT="49" WIDTH="71" VPOS="1268" HPOS="727"/>
<SP HEIGHT="47" WIDTH="30" VPOS="1270" HPOS="799"/>
<String CONTENT="1933;" HEIGHT="48" WIDTH="143" VPOS="1268" HPOS="830"/>
<SP HEIGHT="46" WIDTH="33" VPOS="1270" HPOS="974"/>
<!-- cceid 381D6E1D-6CF9-1014-A6CF-A82867D68027 --><String CONTENT="A" HEIGHT="38" WIDTH="42" VPOS="1270" HPOS="1008"/>
<SP HEIGHT="39" WIDTH="29" VPOS="1270" HPOS="1051"/>
<String CONTENT="ad" HEIGHT="39" WIDTH="63" VPOS="1270" HPOS="1081"/>
<SP HEIGHT="40" WIDTH="29" VPOS="1269" HPOS="1145"/>
<String CONTENT="int." HEIGHT="41" WIDTH="89" VPOS="1269" HPOS="1175"/>
<SP HEIGHT="40" WIDTH="31" VPOS="1269" HPOS="1265"/>
<String CONTENT="17470;" HEIGHT="47" WIDTH="172" VPOS="1269" HPOS="1297"/>
<SP HEIGHT="38" WIDTH="34" VPOS="1279" HPOS="1470"/>
<String CONTENT="pubd." HEIGHT="49" WIDTH="144" VPOS="1268" HPOS="1505"/>
<SP HEIGHT="41" WIDTH="32" VPOS="1269" HPOS="1650"/>
<String CONTENT="Dec." HEIGHT="41" WIDTH="113" VPOS="1269" HPOS="1683"/>
<SP HEIGHT="42" WIDTH="30" VPOS="1268" HPOS="1797"/>
<String CONTENT="26," HEIGHT="49" WIDTH="71" VPOS="1268" HPOS="1828"/>
<SP HEIGHT="48" WIDTH="32" VPOS="1269" HPOS="1900"/>
<String CONTENT="1932;" HEIGHT="49" WIDTH="142" VPOS="1267" HPOS="1933"/>
<SP HEIGHT="47" WIDTH="35" VPOS="1269" HPOS="2076"/>
<String CONTENT="M." HEIGHT="41" WIDTH="64" VPOS="1269" HPOS="2112"/>
<SP HEIGHT="41" WIDTH="32" VPOS="1269" HPOS="2177"/>
<String CONTENT="Borden," HEIGHT="50" WIDTH="208" VPOS="1268" HPOS="2210"/>
</TextLine>
<TextLine HEIGHT="41" WIDTH="216" VPOS="1326" HPOS="466" STYLEREFS="StyleId-51D2FD0F-492C-41BE-A487-731F1802E6FE-">
<String CONTENT="London." HEIGHT="41" WIDTH="216" VPOS="1326" HPOS="466"/>
</TextLine>
<TextLine HEIGHT="57" WIDTH="1049" VPOS="1430" HPOS="465" STYLEREFS="StyleId-BC988363-1005-45C7-87EC-E566895034E9-">
<String CONTENT="Here" HEIGHT="56" WIDTH="155" VPOS="1430" HPOS="465"/>
<SP HEIGHT="34" WIDTH="31" VPOS="1452" HPOS="621"/>
<String CONTENT="comes" HEIGHT="38" WIDTH="184" VPOS="1448" HPOS="653"/>
<SP HEIGHT="49" WIDTH="28" VPOS="1436" HPOS="838"/>
<String CONTENT="the" HEIGHT="54" WIDTH="99" VPOS="1431" HPOS="867"/>
<SP HEIGHT="54" WIDTH="25" VPOS="1431" HPOS="967"/>
<String CONTENT="bride&#8212;to" HEIGHT="56" WIDTH="299" VPOS="1430" HPOS="993"/>
<SP HEIGHT="36" WIDTH="30" VPOS="1450" HPOS="1293"/>
<String CONTENT="what?" HEIGHT="56" WIDTH="190" VPOS="1431" HPOS="1324"/>
</TextLine>
<TextLine HEIGHT="53" WIDTH="1143" VPOS="1502" HPOS="502" CS="1">
<String CS="1" CONTENT="(In" HEIGHT="38" WIDTH="62" VPOS="1507" HPOS="502"/>
<SP HEIGHT="42" WIDTH="24" VPOS="1503" HPOS="565"/>
<String CONTENT="Home" HEIGHT="43" WIDTH="161" VPOS="1503" HPOS="590"/>
<SP HEIGHT="29" WIDTH="27" VPOS="1516" HPOS="752"/>
<String CONTENT="making" HEIGHT="53" WIDTH="207" VPOS="1502" HPOS="780"/>
<SP HEIGHT="39" WIDTH="28" VPOS="1516" HPOS="988"/>
<String CONTENT="magazine." HEIGHT="53" WIDTH="279" VPOS="1502" HPOS="1017"/>
<SP HEIGHT="45" WIDTH="28" VPOS="1502" HPOS="1297"/>
<String CONTENT="Nov.," HEIGHT="52" WIDTH="142" VPOS="1502" HPOS="1326"/>
<SP HEIGHT="51" WIDTH="28" VPOS="1503" HPOS="1469"/>
<String CONTENT="1932)" HEIGHT="50" WIDTH="147" VPOS="1503" HPOS="1498"/>
</TextLine>
<TextLine HEIGHT="51" WIDTH="2021" VPOS="1560" HPOS="399" CS="1">
<String CONTENT="&#169;" HEIGHT="51" WIDTH="53" VPOS="1560" HPOS="399"/>
<SP/>
<String CS="1" CONTENT="1c."/>
<SP/>
<String CONTENT="Dec." HEIGHT="40" WIDTH="113" VPOS="1564" HPOS="573"/>
<SP HEIGHT="42" WIDTH="25" VPOS="1562" HPOS="687"/>
<String CONTENT="21." HEIGHT="42" WIDTH="70" VPOS="1562" HPOS="713"/>
<SP HEIGHT="40" WIDTH="25" VPOS="1564" HPOS="784"/>
<String CONTENT="1932;" HEIGHT="48" WIDTH="143" VPOS="1562" HPOS="810"/>
<SP HEIGHT="46" WIDTH="28" VPOS="1564" HPOS="954"/>
<!-- cceid 381E2F11-6CF9-1014-A6CF-A82867D68027 --><String CONTENT="A" HEIGHT="38" WIDTH="42" VPOS="1564" HPOS="983"/>
<SP HEIGHT="39" WIDTH="24" VPOS="1564" HPOS="1026"/>
<String LANG="de" CONTENT="ad" HEIGHT="39" WIDTH="63" VPOS="1564" HPOS="1051"/>
<SP HEIGHT="41" WIDTH="23" VPOS="1562" HPOS="1115"/>
<String CONTENT="int." HEIGHT="41" WIDTH="87" VPOS="1562" HPOS="1139"/>
<SP HEIGHT="38" WIDTH="28" VPOS="1564" HPOS="1227"/>
<String CS="1" CONTENT="17468;" HEIGHT="47" WIDTH="172" VPOS="1563" HPOS="1256"/>
<SP HEIGHT="38" WIDTH="28" VPOS="1573" HPOS="1429"/>
<String CONTENT="pubd." HEIGHT="47" WIDTH="146" VPOS="1564" HPOS="1458"/>
<SP HEIGHT="40" WIDTH="26" VPOS="1564" HPOS="1605"/>
<String CONTENT="Oct." HEIGHT="40" WIDTH="103" VPOS="1564" HPOS="1632"/>
<SP HEIGHT="41" WIDTH="25" VPOS="1562" HPOS="1736"/>
<String CONTENT="26;" HEIGHT="48" WIDTH="83" VPOS="1562" HPOS="1762"/>
<SP HEIGHT="46" WIDTH="30" VPOS="1564" HPOS="1846"/>
<String CONTENT="M." HEIGHT="38" WIDTH="62" VPOS="1564" HPOS="1877"/>
<SP HEIGHT="38" WIDTH="27" VPOS="1564" HPOS="1940"/>
<String CONTENT="Borden," HEIGHT="46" WIDTH="208" VPOS="1564" HPOS="1968"/>
<SP HEIGHT="47" WIDTH="26" VPOS="1563" HPOS="2177"/>
<String CONTENT="London." HEIGHT="41" WIDTH="216" VPOS="1563" HPOS="2204"/>
</TextLine>
<TextLine HEIGHT="68" WIDTH="1023" VPOS="1680" HPOS="396" STYLEREFS="StyleId-15BB2ECD-C3A3-4378-850C-CB7A6A9796C8-" CS="1">
<String CONTENT="Boscana," HEIGHT="68" WIDTH="289" VPOS="1680" HPOS="396"/>
<SP HEIGHT="65" WIDTH="32" VPOS="1683" HPOS="686"/>
<String CS="1" CONTENT="Ger&#243;nimo," HEIGHT="66" WIDTH="337" VPOS="1681" HPOS="719"/>
<SP HEIGHT="58" WIDTH="32" VPOS="1689" HPOS="1057"/>
<String CONTENT="1776-1831." HEIGHT="56" WIDTH="329" VPOS="1683" HPOS="1090"/>
</TextLine>
<TextLine HEIGHT="71" WIDTH="1956" VPOS="1759" HPOS="468" STYLEREFS="StyleId-BC988363-1005-45C7-87EC-E566895034E9-" CS="1">
<String CONTENT="Chinigchinich" HEIGHT="71" WIDTH="452" VPOS="1759" HPOS="468"/>
<SP HEIGHT="69" WIDTH="40" VPOS="1761" HPOS="921"/>
<String CS="1" CONTENT="(Chi-&#241;i'ch-&#241;ich)" HEIGHT="69" WIDTH="512" VPOS="1761" HPOS="962"/>
<SP HEIGHT="69" WIDTH="93" VPOS="1761" HPOS="1475"/>
<String CONTENT="A" HEIGHT="54" WIDTH="59" VPOS="1761" HPOS="1569"/>
<SP HEIGHT="54" WIDTH="43" VPOS="1761" HPOS="1629"/>
<String CONTENT="revised" HEIGHT="54" WIDTH="224" VPOS="1762" HPOS="1673"/>
<SP HEIGHT="54" WIDTH="48" VPOS="1762" HPOS="1898"/>
<String CONTENT="and" HEIGHT="53" WIDTH="115" VPOS="1762" HPOS="1947"/>
<SP HEIGHT="53" WIDTH="49" VPOS="1762" HPOS="2063"/>
<String CONTENT="annotated" HEIGHT="55" WIDTH="311" VPOS="1761" HPOS="2113"/>
</TextLine>
<TextLine HEIGHT="58" WIDTH="2027" VPOS="1838" HPOS="397" STYLEREFS="StyleId-BC988363-1005-45C7-87EC-E566895034E9-">
<String CONTENT="version" HEIGHT="55" WIDTH="228" VPOS="1839" HPOS="397"/>
<SP HEIGHT="35" WIDTH="30" VPOS="1859" HPOS="626"/>
<String CONTENT="of" HEIGHT="55" WIDTH="67" VPOS="1839" HPOS="657"/>
<SP HEIGHT="54" WIDTH="27" VPOS="1839" HPOS="725"/>
<String CONTENT="Alfred" HEIGHT="56" WIDTH="217" VPOS="1838" HPOS="753"/>
<SP HEIGHT="53" WIDTH="32" VPOS="1841" HPOS="971"/>
<String CONTENT="Robinson&#8217;s" HEIGHT="56" WIDTH="345" VPOS="1839" HPOS="1004"/>
<SP HEIGHT="48" WIDTH="30" VPOS="1847" HPOS="1350"/>
<String CONTENT="translation" HEIGHT="54" WIDTH="349" VPOS="1841" HPOS="1381"/>
<SP HEIGHT="35" WIDTH="32" VPOS="1860" HPOS="1731"/>
<String CONTENT="of" HEIGHT="56" WIDTH="66" VPOS="1839" HPOS="1764"/>
<SP HEIGHT="54" WIDTH="28" VPOS="1839" HPOS="1831"/>
<String CONTENT="Father" HEIGHT="54" WIDTH="219" VPOS="1840" HPOS="1860"/>
<SP HEIGHT="57" WIDTH="32" VPOS="1839" HPOS="2080"/>
<String CONTENT="Geronimo" HEIGHT="57" WIDTH="311" VPOS="1839" HPOS="2113"/>
</TextLine>
<TextLine HEIGHT="72" WIDTH="2027" VPOS="1917" HPOS="398" STYLEREFS="StyleId-BC988363-1005-45C7-87EC-E566895034E9-">
<String CONTENT="Boscana&#8217;s" HEIGHT="55" WIDTH="308" VPOS="1917" HPOS="398"/>
<SP HEIGHT="53" WIDTH="29" VPOS="1919" HPOS="707"/>
<String CONTENT="historical" HEIGHT="54" WIDTH="301" VPOS="1919" HPOS="737"/>
<SP HEIGHT="53" WIDTH="28" VPOS="1920" HPOS="1039"/>
<String CONTENT="account" HEIGHT="49" WIDTH="241" VPOS="1924" HPOS="1068"/>
<SP HEIGHT="49" WIDTH="28" VPOS="1924" HPOS="1310"/>
<String CONTENT="of" HEIGHT="54" WIDTH="65" VPOS="1919" HPOS="1339"/>
<SP HEIGHT="54" WIDTH="27" VPOS="1919" HPOS="1405"/>
<String CONTENT="the" HEIGHT="55" WIDTH="100" VPOS="1919" HPOS="1433"/>
<SP HEIGHT="55" WIDTH="23" VPOS="1919" HPOS="1534"/>
<String CONTENT="belief," HEIGHT="71" WIDTH="196" VPOS="1918" HPOS="1558"/>
<SP HEIGHT="51" WIDTH="26" VPOS="1938" HPOS="1755"/>
<String CONTENT="usages," HEIGHT="52" WIDTH="222" VPOS="1937" HPOS="1782"/>
<SP HEIGHT="49" WIDTH="29" VPOS="1938" HPOS="2005"/>
<String CONTENT="customs" HEIGHT="50" WIDTH="247" VPOS="1924" HPOS="2035"/>
<SP HEIGHT="36" WIDTH="28" VPOS="1938" HPOS="2283"/>
<String CONTENT="and" HEIGHT="54" WIDTH="113" VPOS="1919" HPOS="2312"/>
</TextLine>
<TextLine HEIGHT="70" WIDTH="2027" VPOS="1997" HPOS="398" STYLEREFS="StyleId-BC988363-1005-45C7-87EC-E566895034E9-" CS="1">
<String CONTENT="extravagencies" HEIGHT="68" WIDTH="467" VPOS="1999" HPOS="398"/>
<SP HEIGHT="48" WIDTH="25" VPOS="2018" HPOS="866"/>
<String CS="1" CONTENT="[!]" HEIGHT="69" WIDTH="35" VPOS="1998" HPOS="914"/>
<SP HEIGHT="50" WIDTH="38" VPOS="2017" HPOS="950"/>
<String CONTENT="of" HEIGHT="55" WIDTH="67" VPOS="1997" HPOS="989"/>
<SP HEIGHT="55" WIDTH="28" VPOS="1997" HPOS="1057"/>
<String CONTENT="the" HEIGHT="54" WIDTH="96" VPOS="1998" HPOS="1086"/>
<SP HEIGHT="54" WIDTH="33" VPOS="1998" HPOS="1183"/>
<String CONTENT="Indians" HEIGHT="55" WIDTH="246" VPOS="1998" HPOS="1217"/>
<SP HEIGHT="36" WIDTH="31" VPOS="2017" HPOS="1464"/>
<String CONTENT="of" HEIGHT="55" WIDTH="66" VPOS="1997" HPOS="1496"/>
<SP HEIGHT="55" WIDTH="29" VPOS="1997" HPOS="1563"/>
<String CONTENT="this" HEIGHT="55" WIDTH="118" VPOS="1998" HPOS="1593"/>
<SP HEIGHT="36" WIDTH="29" VPOS="2017" HPOS="1712"/>
<String CONTENT="mission" HEIGHT="54" WIDTH="238" VPOS="1998" HPOS="1742"/>
<SP HEIGHT="35" WIDTH="32" VPOS="2017" HPOS="1981"/>
<String CONTENT="of" HEIGHT="55" WIDTH="66" VPOS="1997" HPOS="2014"/>
<SP HEIGHT="57" WIDTH="32" VPOS="1997" HPOS="2081"/>
<String CONTENT="San" HEIGHT="57" WIDTH="122" VPOS="1997" HPOS="2114"/>
<SP HEIGHT="56" WIDTH="30" VPOS="1998" HPOS="2237"/>
<String CONTENT="Juan" HEIGHT="56" WIDTH="157" VPOS="1998" HPOS="2268"/>
</TextLine>
<TextLine HEIGHT="72" WIDTH="2028" VPOS="2074" HPOS="401" STYLEREFS="StyleId-BC988363-1005-45C7-87EC-E566895034E9-">
<String CONTENT="Capistrano," HEIGHT="71" WIDTH="368" VPOS="2074" HPOS="401"/>
<SP HEIGHT="50" WIDTH="27" VPOS="2095" HPOS="770"/>
<String CONTENT="called" HEIGHT="53" WIDTH="183" VPOS="2078" HPOS="798"/>
<SP HEIGHT="53" WIDTH="29" VPOS="2078" HPOS="982"/>
<String CONTENT="the" HEIGHT="53" WIDTH="97" VPOS="2078" HPOS="1012"/>
<SP HEIGHT="54" WIDTH="28" VPOS="2077" HPOS="1110"/>
<String CONTENT="Acagchemem" HEIGHT="69" WIDTH="422" VPOS="2077" HPOS="1139"/>
<SP HEIGHT="48" WIDTH="28" VPOS="2083" HPOS="1562"/>
<String CONTENT="tribe." HEIGHT="55" WIDTH="165" VPOS="2077" HPOS="1591"/>
<SP HEIGHT="57" WIDTH="77" VPOS="2076" HPOS="1757"/>
<String CONTENT="Santa" HEIGHT="57" WIDTH="179" VPOS="2076" HPOS="1835"/>
<SP HEIGHT="53" WIDTH="31" VPOS="2078" HPOS="2015"/>
<String CONTENT="Ana," HEIGHT="68" WIDTH="151" VPOS="2078" HPOS="2047"/>
<SP HEIGHT="70" WIDTH="32" VPOS="2076" HPOS="2199"/>
<String CONTENT="Calif.," HEIGHT="70" WIDTH="197" VPOS="2076" HPOS="2232"/>
</TextLine>
<TextLine HEIGHT="70" WIDTH="680" VPOS="2155" HPOS="399" STYLEREFS="StyleId-BC988363-1005-45C7-87EC-E566895034E9-">
<String CONTENT="Fine" HEIGHT="56" WIDTH="148" VPOS="2155" HPOS="399"/>
<SP HEIGHT="35" WIDTH="23" VPOS="2176" HPOS="548"/>
<String CONTENT="arts" HEIGHT="48" WIDTH="120" VPOS="2162" HPOS="572"/>
<SP HEIGHT="50" WIDTH="25" VPOS="2175" HPOS="693"/>
<String CONTENT="press," HEIGHT="50" WIDTH="178" VPOS="2175" HPOS="719"/>
<SP HEIGHT="60" WIDTH="27" VPOS="2162" HPOS="898"/>
<String CONTENT="1933." HEIGHT="51" WIDTH="153" VPOS="2159" HPOS="926"/>
</TextLine>
<TextLine HEIGHT="52" WIDTH="1958" VPOS="2229" HPOS="468" CS="1">
<String CONTENT="247" HEIGHT="41" WIDTH="89" VPOS="2230" HPOS="468"/>
<SP HEIGHT="50" WIDTH="24" VPOS="2229" HPOS="558"/>
<String CONTENT="(i." HEIGHT="50" WIDTH="55" VPOS="2229" HPOS="583"/>
<SP HEIGHT="30" WIDTH="25" VPOS="2240" HPOS="639"/>
<String CONTENT="e." HEIGHT="31" WIDTH="38" VPOS="2240" HPOS="665"/>
<SP HEIGHT="41" WIDTH="25" VPOS="2230" HPOS="704"/>
<String CONTENT="249)" HEIGHT="49" WIDTH="112" VPOS="2229" HPOS="730"/>
<SP HEIGHT="50" WIDTH="33" VPOS="2229" HPOS="843"/>
<String CONTENT="p.," HEIGHT="38" WIDTH="60" VPOS="2241" HPOS="877"/>
<SP HEIGHT="48" WIDTH="23" VPOS="2231" HPOS="938"/>
<String CONTENT="1" HEIGHT="40" WIDTH="26" VPOS="2231" HPOS="962"/>
<SP HEIGHT="40" WIDTH="25" VPOS="2231" HPOS="989"/>
<String CS="1" CONTENT="l." HEIGHT="9" WIDTH="9" VPOS="2264" HPOS="1037"/>
<SP HEIGHT="43" WIDTH="24" VPOS="2230" HPOS="1047"/>
<String CONTENT="incl." HEIGHT="42" WIDTH="112" VPOS="2230" HPOS="1072"/>
<SP HEIGHT="32" WIDTH="25" VPOS="2240" HPOS="1185"/>
<String CONTENT="col." HEIGHT="44" WIDTH="88" VPOS="2230" HPOS="1211"/>
<SP HEIGHT="45" WIDTH="23" VPOS="2229" HPOS="1300"/>
<String CONTENT="front.," HEIGHT="50" WIDTH="167" VPOS="2229" HPOS="1324"/>
<SP HEIGHT="50" WIDTH="25" VPOS="2229" HPOS="1492"/>
<String CONTENT="illus." HEIGHT="42" WIDTH="130" VPOS="2229" HPOS="1518"/>
<SP HEIGHT="50" WIDTH="28" VPOS="2230" HPOS="1649"/>
<String CONTENT="(port," HEIGHT="51" WIDTH="164" VPOS="2230" HPOS="1678"/>
<SP HEIGHT="38" WIDTH="23" VPOS="2240" HPOS="1843"/>
<String CONTENT="maps)" HEIGHT="50" WIDTH="166" VPOS="2229" HPOS="1867"/>
<SP HEIGHT="50" WIDTH="65" VPOS="2229" HPOS="2034"/>
<String CONTENT="plates" HEIGHT="50" WIDTH="160" VPOS="2229" HPOS="2100"/>
<SP HEIGHT="50" WIDTH="25" VPOS="2229" HPOS="2261"/>
<String CONTENT="(part" HEIGHT="50" WIDTH="139" VPOS="2229" HPOS="2287"/>
</TextLine>
<TextLine HEIGHT="50" WIDTH="299" VPOS="2286" HPOS="397">
<String CONTENT="col.)" HEIGHT="50" WIDTH="114" VPOS="2286" HPOS="397"/>
<SP HEIGHT="49" WIDTH="66" VPOS="2287" HPOS="512"/>
<String CONTENT="37" HEIGHT="40" WIDTH="58" VPOS="2288" HPOS="579"/>
<String STYLE="superscript" CONTENT="cm" HEIGHT="22" WIDTH="45" VPOS="2289" HPOS="639"/>
<String CONTENT="." HEIGHT="9" WIDTH="9" VPOS="2318" HPOS="687"/>
</TextLine>
<TextLine HEIGHT="41" WIDTH="213" VPOS="2345" HPOS="472">
<String CONTENT="Initials." HEIGHT="41" WIDTH="213" VPOS="2345" HPOS="472"/>
</TextLine>
<TextLine HEIGHT="51" WIDTH="1544" VPOS="2400" HPOS="475">
<String CONTENT="Includes" HEIGHT="42" WIDTH="228" VPOS="2401" HPOS="475"/>
<SP HEIGHT="30" WIDTH="26" VPOS="2413" HPOS="704"/>
<String CONTENT="reproduction" HEIGHT="50" WIDTH="348" VPOS="2401" HPOS="731"/>
<SP HEIGHT="31" WIDTH="25" VPOS="2413" HPOS="1080"/>
<String CONTENT="of" HEIGHT="42" WIDTH="53" VPOS="2402" HPOS="1106"/>
<SP HEIGHT="41" WIDTH="24" VPOS="2402" HPOS="1160"/>
<String CONTENT="original" HEIGHT="50" WIDTH="212" VPOS="2400" HPOS="1185"/>
<SP HEIGHT="41" WIDTH="25" VPOS="2402" HPOS="1398"/>
<String CONTENT="t.-p.," HEIGHT="46" WIDTH="114" VPOS="2404" HPOS="1424"/>
<SP HEIGHT="48" WIDTH="28" VPOS="2402" HPOS="1539"/>
<String CONTENT="New" HEIGHT="40" WIDTH="118" VPOS="2402" HPOS="1568"/>
<SP HEIGHT="41" WIDTH="21" VPOS="2401" HPOS="1687"/>
<String CONTENT="York," HEIGHT="49" WIDTH="149" VPOS="2401" HPOS="1709"/>
<SP HEIGHT="48" WIDTH="27" VPOS="2402" HPOS="1859"/>
<String CONTENT="1846." HEIGHT="48" WIDTH="132" VPOS="2401" HPOS="1887"/>
</TextLine>
<TextLine HEIGHT="107" WIDTH="2010" VPOS="2457" HPOS="403" CS="1">
<String CONTENT="&#8220;Edited" HEIGHT="42" WIDTH="207" VPOS="2457" HPOS="476"/>
<SP HEIGHT="41" WIDTH="34" VPOS="2459" HPOS="684"/>
<String CONTENT="by" HEIGHT="48" WIDTH="64" VPOS="2460" HPOS="719"/>
<SP HEIGHT="48" WIDTH="33" VPOS="2460" HPOS="784"/>
<String CONTENT="Phil" HEIGHT="41" WIDTH="110" VPOS="2458" HPOS="818"/>
<SP HEIGHT="40" WIDTH="36" VPOS="2459" HPOS="929"/>
<String CONTENT="Townsend" HEIGHT="41" WIDTH="274" VPOS="2459" HPOS="966"/>
<SP HEIGHT="41" WIDTH="36" VPOS="2459" HPOS="1241"/>
<String CONTENT="Hanna" HEIGHT="41" WIDTH="181" VPOS="2459" HPOS="1278"/>
<SP HEIGHT="30" WIDTH="40" VPOS="2470" HPOS="1460"/>
<String CONTENT="&#8230;" HEIGHT="10" WIDTH="49" VPOS="2490" HPOS="1501"/>
<SP HEIGHT="31" WIDTH="38" VPOS="2469" HPOS="1551"/>
<String CONTENT="annotations" HEIGHT="42" WIDTH="318" VPOS="2458" HPOS="1590"/>
<SP HEIGHT="41" WIDTH="33" VPOS="2458" HPOS="1909"/>
<String CONTENT="by" HEIGHT="48" WIDTH="65" VPOS="2458" HPOS="1943"/>
<SP HEIGHT="48" WIDTH="36" VPOS="2458" HPOS="2009"/>
<String CONTENT="John" HEIGHT="41" WIDTH="129" VPOS="2458" HPOS="2046"/>
<SP HEIGHT="40" WIDTH="36" VPOS="2458" HPOS="2176"/>
<String CONTENT="P." HEIGHT="40" WIDTH="51" VPOS="2458" HPOS="2213"/>
<SP HEIGHT="40" WIDTH="38" VPOS="2458" HPOS="2265"/>
<String CONTENT="Harrington" HEIGHT="106" WIDTH="2010" VPOS="2458" HPOS="403"/>
<SP HEIGHT="30" WIDTH="32" VPOS="2526" HPOS="602"/>
<String CONTENT="&#8230;" HEIGHT="10" WIDTH="48" VPOS="2547" HPOS="635"/>
<SP HEIGHT="41" WIDTH="29" VPOS="2516" HPOS="684"/>
<String CONTENT="foreword" HEIGHT="42" WIDTH="248" VPOS="2516" HPOS="714"/>
</TextLine>
<TextLine HEIGHT="50" WIDTH="1436" VPOS="2515" HPOS="992">
<String CONTENT="by" HEIGHT="48" WIDTH="64" VPOS="2517" HPOS="992"/>
<SP HEIGHT="49" WIDTH="26" VPOS="2516" HPOS="1057"/>
<String CONTENT="Frederick" HEIGHT="41" WIDTH="266" VPOS="2516" HPOS="1084"/>
<SP HEIGHT="41" WIDTH="27" VPOS="2516" HPOS="1351"/>
<String CONTENT="Webb" HEIGHT="41" WIDTH="150" VPOS="2516" HPOS="1379"/>
<SP HEIGHT="40" WIDTH="30" VPOS="2516" HPOS="1530"/>
<String CONTENT="Hodge" HEIGHT="48" WIDTH="173" VPOS="2516" HPOS="1561"/>
<SP HEIGHT="30" WIDTH="30" VPOS="2526" HPOS="1735"/>
<String CONTENT="&#8230;" HEIGHT="10" WIDTH="51" VPOS="2547" HPOS="1766"/>
<SP HEIGHT="42" WIDTH="27" VPOS="2515" HPOS="1818"/>
<String CONTENT="illustrations" HEIGHT="41" WIDTH="335" VPOS="2515" HPOS="1846"/>
<SP HEIGHT="41" WIDTH="27" VPOS="2515" HPOS="2182"/>
<String CONTENT="by" HEIGHT="48" WIDTH="66" VPOS="2515" HPOS="2210"/>
<SP HEIGHT="48" WIDTH="26" VPOS="2515" HPOS="2277"/>
<String CONTENT="Jean" HEIGHT="41" WIDTH="124" VPOS="2515" HPOS="2304"/>
</TextLine>
<TextLine HEIGHT="50" WIDTH="1325" VPOS="2572" HPOS="404">
<String CONTENT="Goodwin" HEIGHT="41" WIDTH="236" VPOS="2572" HPOS="404"/>
<SP HEIGHT="29" WIDTH="27" VPOS="2584" HPOS="641"/>
<String CONTENT="&#8230;" HEIGHT="8" WIDTH="49" VPOS="2605" HPOS="669"/>
<SP HEIGHT="37" WIDTH="26" VPOS="2585" HPOS="719"/>
<String CONTENT="published" HEIGHT="49" WIDTH="260" VPOS="2573" HPOS="746"/>
<SP HEIGHT="39" WIDTH="22" VPOS="2574" HPOS="1007"/>
<String CONTENT="by" HEIGHT="47" WIDTH="64" VPOS="2574" HPOS="1030"/>
<SP HEIGHT="47" WIDTH="23" VPOS="2574" HPOS="1095"/>
<String CONTENT="Thomas" HEIGHT="39" WIDTH="214" VPOS="2574" HPOS="1119"/>
<SP HEIGHT="39" WIDTH="24" VPOS="2574" HPOS="1334"/>
<String CONTENT="E." HEIGHT="38" WIDTH="54" VPOS="2574" HPOS="1359"/>
<SP HEIGHT="40" WIDTH="25" VPOS="2573" HPOS="1414"/>
<String CONTENT="Williams.&#8221;" HEIGHT="41" WIDTH="289" VPOS="2572" HPOS="1440"/>
</TextLine>
<TextLine HEIGHT="52" WIDTH="1480" VPOS="2627" HPOS="476">
<String CONTENT="&#8220;Bibliography," HEIGHT="50" WIDTH="395" VPOS="2628" HPOS="476"/>
<SP HEIGHT="47" WIDTH="27" VPOS="2630" HPOS="872"/>
<String CONTENT="by" HEIGHT="48" WIDTH="64" VPOS="2630" HPOS="900"/>
<SP HEIGHT="48" WIDTH="26" VPOS="2630" HPOS="965"/>
<String CONTENT="John" HEIGHT="40" WIDTH="130" VPOS="2630" HPOS="992"/>
<SP HEIGHT="39" WIDTH="26" VPOS="2630" HPOS="1123"/>
<String CONTENT="P." HEIGHT="41" WIDTH="52" VPOS="2630" HPOS="1150"/>
<SP HEIGHT="41" WIDTH="26" VPOS="2630" HPOS="1203"/>
<String CONTENT="Harringtoli&#8221;:" HEIGHT="49" WIDTH="368" VPOS="2628" HPOS="1230"/>
<SP HEIGHT="40" WIDTH="28" VPOS="2638" HPOS="1599"/>
<String CONTENT="p." HEIGHT="40" WIDTH="43" VPOS="2638" HPOS="1628"/>
<SP HEIGHT="31" WIDTH="30" VPOS="2648" HPOS="1672"/>
<String CONTENT="[229]-244." HEIGHT="52" WIDTH="253" VPOS="2627" HPOS="1703"/>
</TextLine>
<TextLine HEIGHT="107" WIDTH="2002" VPOS="2683" HPOS="410" CS="1">
<String CONTENT="&#169;" HEIGHT="52" WIDTH="53" VPOS="2683" HPOS="410"/>
<SP HEIGHT="52" WIDTH="34" VPOS="2683" HPOS="464"/>
<String CONTENT="Jan." HEIGHT="40" WIDTH="112" VPOS="2687" HPOS="499"/>
<SP HEIGHT="39" WIDTH="32" VPOS="2688" HPOS="612"/>
<String CONTENT="15," HEIGHT="47" WIDTH="70" VPOS="2688" HPOS="645"/>
<SP HEIGHT="47" WIDTH="34" VPOS="2688" HPOS="716"/>
<String CONTENT="1933:" HEIGHT="42" WIDTH="142" VPOS="2687" HPOS="751"/>
<SP HEIGHT="42" WIDTH="35" VPOS="2687" HPOS="894"/>
<String CONTENT="2c." HEIGHT="41" WIDTH="68" VPOS="2687" HPOS="930"/>
<SP HEIGHT="41" WIDTH="34" VPOS="2687" HPOS="999"/>
<String CONTENT="Jan." HEIGHT="40" WIDTH="110" VPOS="2687" HPOS="1034"/>
<SP HEIGHT="38" WIDTH="35" VPOS="2688" HPOS="1145"/>
<String CONTENT="16;" HEIGHT="46" WIDTH="83" VPOS="2687" HPOS="1181"/>
<SP/>
<String CS="1" CONTENT="aff."/>
<SP/>
<String CONTENT="Jan." HEIGHT="40" WIDTH="112" VPOS="2687" HPOS="1422"/>
<SP HEIGHT="40" WIDTH="33" VPOS="2687" HPOS="1535"/>
<String CONTENT="30;" HEIGHT="46" WIDTH="83" VPOS="2686" HPOS="1569"/>
<SP HEIGHT="45" WIDTH="34" VPOS="2687" HPOS="1653"/>
<!-- cceid 381F03C9-6CF9-1014-A6CF-A82867D68027 --><String CONTENT="A" HEIGHT="38" WIDTH="43" VPOS="2687" HPOS="1688"/>
<SP HEIGHT="40" WIDTH="31" VPOS="2686" HPOS="1732"/>
<String CONTENT="60102;" HEIGHT="48" WIDTH="172" VPOS="2685" HPOS="1764"/>
<SP HEIGHT="47" WIDTH="36" VPOS="2686" HPOS="1937"/>
<String CONTENT="Thomas" HEIGHT="40" WIDTH="214" VPOS="2686" HPOS="1974"/>
<SP HEIGHT="40" WIDTH="35" VPOS="2686" HPOS="2189"/>
<String CONTENT="E." HEIGHT="40" WIDTH="54" VPOS="2686" HPOS="2225"/>
<SP HEIGHT="41" WIDTH="33" VPOS="2685" HPOS="2280"/>
<String CONTENT="Williams," HEIGHT="106" WIDTH="1934" VPOS="2684" HPOS="478"/>
<SP HEIGHT="47" WIDTH="27" VPOS="2743" HPOS="636"/>
<String CONTENT="Santa" HEIGHT="42" WIDTH="153" VPOS="2743" HPOS="664"/>
</TextLine>
<TextLine HEIGHT="55" WIDTH="1588" VPOS="2740" HPOS="842" CS="1">
<String CONTENT="Ana." HEIGHT="40" WIDTH="122" VPOS="2745" HPOS="842"/>
<SP HEIGHT="41" WIDTH="27" VPOS="2744" HPOS="965"/>
<String CONTENT="Calif." HEIGHT="41" WIDTH="146" VPOS="2744" HPOS="993"/>
<SP HEIGHT="31" WIDTH="62" VPOS="2764" HPOS="1140"/>
<String CS="1" CONTENT="[&#169;" HEIGHT="52" WIDTH="53" VPOS="2740" HPOS="1220"/>
<SP HEIGHT="52" WIDTH="24" VPOS="2740" HPOS="1274"/>
<String CONTENT="annotations" HEIGHT="42" WIDTH="318" VPOS="2743" HPOS="1299"/>
<SP HEIGHT="30" WIDTH="25" VPOS="2754" HPOS="1618"/>
<String CONTENT="and" HEIGHT="40" WIDTH="95" VPOS="2744" HPOS="1644"/>
<SP HEIGHT="40" WIDTH="23" VPOS="2744" HPOS="1740"/>
<String CONTENT="bibliography" HEIGHT="50" WIDTH="344" VPOS="2742" HPOS="1764"/>
<SP HEIGHT="49" WIDTH="22" VPOS="2742" HPOS="2109"/>
<String CONTENT="by" HEIGHT="50" WIDTH="63" VPOS="2742" HPOS="2132"/>
<SP HEIGHT="48" WIDTH="24" VPOS="2744" HPOS="2196"/>
<String CONTENT="John" HEIGHT="42" WIDTH="128" VPOS="2742" HPOS="2221"/>
<SP HEIGHT="40" WIDTH="27" VPOS="2742" HPOS="2350"/>
<String CONTENT="P." HEIGHT="41" WIDTH="52" VPOS="2742" HPOS="2378"/>
</TextLine>
<TextLine HEIGHT="108" WIDTH="1621" VPOS="2799" HPOS="482" CS="1">
<String CONTENT="Harrington;" HEIGHT="48" WIDTH="335" VPOS="2801" HPOS="482"/>
<SP HEIGHT="45" WIDTH="39" VPOS="2802" HPOS="818"/>
<String CONTENT="illustrations" HEIGHT="42" WIDTH="333" VPOS="2801" HPOS="858"/>
<SP HEIGHT="31" WIDTH="38" VPOS="2811" HPOS="1192"/>
<String CONTENT="and" HEIGHT="40" WIDTH="96" VPOS="2802" HPOS="1231"/>
<SP HEIGHT="40" WIDTH="36" VPOS="2802" HPOS="1328"/>
<String CONTENT="format" HEIGHT="41" WIDTH="190" VPOS="2802" HPOS="1365"/>
<SP HEIGHT="41" WIDTH="31" VPOS="2802" HPOS="1556"/>
<String CONTENT="by" HEIGHT="48" WIDTH="64" VPOS="2802" HPOS="1588"/>
<SP HEIGHT="49" WIDTH="34" VPOS="2801" HPOS="1653"/>
<String CONTENT="Jean" HEIGHT="40" WIDTH="126" VPOS="2801" HPOS="1688"/>
<SP HEIGHT="41" WIDTH="38" VPOS="2800" HPOS="1815"/>
<String CONTENT="Goodwin]" HEIGHT="52" WIDTH="249" VPOS="2799" HPOS="1854"/>
<SP/>
<String CONTENT="(33-2885)" HEIGHT="49" WIDTH="253" VPOS="2858" HPOS="490"/>
</TextLine>
<TextLine HEIGHT="65" WIDTH="798" VPOS="2950" HPOS="409" STYLEREFS="StyleId-15BB2ECD-C3A3-4378-850C-CB7A6A9796C8-">
<String CONTENT="Brandt," HEIGHT="65" WIDTH="249" VPOS="2950" HPOS="409"/>
<SP HEIGHT="65" WIDTH="30" VPOS="2950" HPOS="659"/>
<String CONTENT="Joseph" HEIGHT="64" WIDTH="223" VPOS="2950" HPOS="690"/>
<SP HEIGHT="53" WIDTH="29" VPOS="2950" HPOS="914"/>
<String CONTENT="August." HEIGHT="64" WIDTH="263" VPOS="2950" HPOS="944"/>
</TextLine>
<TextLine HEIGHT="71" WIDTH="1949" VPOS="3026" HPOS="479" STYLEREFS="StyleId-BC988363-1005-45C7-87EC-E566895034E9-" CS="1">
<String CONTENT="Toward" HEIGHT="53" WIDTH="250" VPOS="3028" HPOS="479"/>
<SP HEIGHT="53" WIDTH="38" VPOS="3028" HPOS="730"/>
<String CONTENT="the" HEIGHT="52" WIDTH="97" VPOS="3029" HPOS="769"/>
<SP HEIGHT="35" WIDTH="37" VPOS="3046" HPOS="867"/>
<String CONTENT="new" HEIGHT="35" WIDTH="124" VPOS="3046" HPOS="905"/>
<SP HEIGHT="56" WIDTH="42" VPOS="3028" HPOS="1030"/>
<String CONTENT="Spain" HEIGHT="69" WIDTH="183" VPOS="3027" HPOS="1073"/>
<SP HEIGHT="52" WIDTH="46" VPOS="3045" HPOS="1257"/>
<String CS="1" CONTENT="[by]" HEIGHT="69" WIDTH="94" VPOS="3028" HPOS="1319"/>
<SP HEIGHT="68" WIDTH="46" VPOS="3029" HPOS="1414"/>
<String CONTENT="Joseph" HEIGHT="67" WIDTH="217" VPOS="3029" HPOS="1461"/>
<SP HEIGHT="52" WIDTH="40" VPOS="3029" HPOS="1679"/>
<String CONTENT="A." HEIGHT="53" WIDTH="72" VPOS="3029" HPOS="1720"/>
<SP HEIGHT="52" WIDTH="39" VPOS="3030" HPOS="1793"/>
<String CONTENT="Brandt." HEIGHT="53" WIDTH="245" VPOS="3028" HPOS="1833"/>
<SP HEIGHT="55" WIDTH="76" VPOS="3028" HPOS="2079"/>
<String CONTENT="Chicago," HEIGHT="70" WIDTH="272" VPOS="3026" HPOS="2156"/>
</TextLine>
<TextLine HEIGHT="70" WIDTH="1403" VPOS="3105" HPOS="409" STYLEREFS="StyleId-BC988363-1005-45C7-87EC-E566895034E9-" CS="1">
<String CONTENT="Ill.," HEIGHT="67" WIDTH="114" VPOS="3106" HPOS="409"/>
<SP HEIGHT="66" WIDTH="26" VPOS="3107" HPOS="524"/>
<String CONTENT="The" HEIGHT="53" WIDTH="121" VPOS="3107" HPOS="551"/>
<SP HEIGHT="54" WIDTH="28" VPOS="3107" HPOS="673"/>
<String CONTENT="University" HEIGHT="70" WIDTH="341" VPOS="3105" HPOS="702"/>
<SP HEIGHT="49" WIDTH="27" VPOS="3126" HPOS="1044"/>
<String CONTENT="of" HEIGHT="53" WIDTH="65" VPOS="3107" HPOS="1072"/>
<SP HEIGHT="56" WIDTH="26" VPOS="3107" HPOS="1138"/>
<String CONTENT="Chicago" HEIGHT="68" WIDTH="255" VPOS="3107" HPOS="1165"/>
<SP HEIGHT="50" WIDTH="27" VPOS="3125" HPOS="1421"/>
<String CONTENT="press" HEIGHT="50" WIDTH="158" VPOS="3125" HPOS="1449"/>
<SP HEIGHT="48" WIDTH="32" VPOS="3126" HPOS="1608"/>
<String CS="1" CONTENT="[1933]" HEIGHT="65" WIDTH="118" VPOS="3110" HPOS="1694"/>
</TextLine>
<TextLine HEIGHT="51" WIDTH="1698" VPOS="3178" HPOS="480" CS="1">
<String CONTENT="xiii" HEIGHT="42" WIDTH="92" VPOS="3178" HPOS="480"/>
<SP HEIGHT="46" WIDTH="26" VPOS="3181" HPOS="573"/>
<String CONTENT="p.," HEIGHT="37" WIDTH="57" VPOS="3190" HPOS="600"/>
<SP HEIGHT="46" WIDTH="29" VPOS="3181" HPOS="658"/>
<String CONTENT="1" HEIGHT="38" WIDTH="24" VPOS="3181" HPOS="688"/>
<SP/>
<String CS="1" CONTENT="l.,"/>
<SP/>
<String CONTENT="435" HEIGHT="40" WIDTH="87" VPOS="3180" HPOS="817"/>
<SP HEIGHT="49" WIDTH="27" VPOS="3180" HPOS="905"/>
<String CONTENT="p." HEIGHT="37" WIDTH="42" VPOS="3192" HPOS="933"/>
<SP HEIGHT="41" WIDTH="60" VPOS="3180" HPOS="976"/>
<String CONTENT="front.," HEIGHT="44" WIDTH="165" VPOS="3180" HPOS="1037"/>
<SP HEIGHT="43" WIDTH="28" VPOS="3181" HPOS="1203"/>
<String CONTENT="illus." HEIGHT="40" WIDTH="131" VPOS="3180" HPOS="1232"/>
<SP HEIGHT="48" WIDTH="26" VPOS="3178" HPOS="1364"/>
<String CONTENT="(maps)" HEIGHT="49" WIDTH="188" VPOS="3178" HPOS="1391"/>
<SP HEIGHT="49" WIDTH="36" VPOS="3180" HPOS="1580"/>
<String CONTENT="plates," HEIGHT="47" WIDTH="172" VPOS="3182" HPOS="1617"/>
<SP HEIGHT="38" WIDTH="29" VPOS="3190" HPOS="1790"/>
<String CONTENT="ports." HEIGHT="47" WIDTH="151" VPOS="3181" HPOS="1820"/>
<SP HEIGHT="41" WIDTH="58" VPOS="3178" HPOS="1972"/>
<String CS="1" CONTENT="23&#189;" HEIGHT="40" WIDTH="55" VPOS="3178" HPOS="2031"/>
<String STYLE="superscript" CONTENT="cm" HEIGHT="22" WIDTH="43" VPOS="3180" HPOS="2120"/>
<String CONTENT="." HEIGHT="9" WIDTH="8" VPOS="3210" HPOS="2170"/>
</TextLine>
<TextLine HEIGHT="49" WIDTH="1455" VPOS="3237" HPOS="482">
<String CONTENT="A" HEIGHT="40" WIDTH="42" VPOS="3238" HPOS="482"/>
<SP HEIGHT="48" WIDTH="23" VPOS="3238" HPOS="525"/>
<String CONTENT="political" HEIGHT="48" WIDTH="220" VPOS="3238" HPOS="549"/>
<SP HEIGHT="38" WIDTH="25" VPOS="3239" HPOS="770"/>
<String CONTENT="history" HEIGHT="47" WIDTH="192" VPOS="3239" HPOS="796"/>
<SP HEIGHT="37" WIDTH="23" VPOS="3249" HPOS="989"/>
<String CONTENT="of" HEIGHT="39" WIDTH="53" VPOS="3239" HPOS="1013"/>
<SP HEIGHT="42" WIDTH="26" VPOS="3238" HPOS="1067"/>
<String CONTENT="Spain" HEIGHT="48" WIDTH="150" VPOS="3238" HPOS="1094"/>
<SP HEIGHT="40" WIDTH="25" VPOS="3238" HPOS="1245"/>
<String CONTENT="from" HEIGHT="41" WIDTH="128" VPOS="3238" HPOS="1271"/>
<SP HEIGHT="39" WIDTH="26" VPOS="3239" HPOS="1400"/>
<String CONTENT="1810" HEIGHT="41" WIDTH="115" VPOS="3238" HPOS="1427"/>
<SP HEIGHT="40" WIDTH="24" VPOS="3239" HPOS="1543"/>
<String CONTENT="through" HEIGHT="48" WIDTH="213" VPOS="3238" HPOS="1568"/>
<SP HEIGHT="39" WIDTH="25" VPOS="3238" HPOS="1782"/>
<String CONTENT="1931." HEIGHT="41" WIDTH="129" VPOS="3237" HPOS="1808"/>
</TextLine>
<TextLine HEIGHT="50" WIDTH="707" VPOS="3295" HPOS="482">
<String CONTENT="Bibliography:" HEIGHT="48" WIDTH="381" VPOS="3295" HPOS="482"/>
<SP HEIGHT="38" WIDTH="30" VPOS="3307" HPOS="864"/>
<String CONTENT="p." HEIGHT="38" WIDTH="43" VPOS="3307" HPOS="895"/>
<SP HEIGHT="40" WIDTH="29" VPOS="3297" HPOS="939"/>
<String CONTENT="403-411." HEIGHT="43" WIDTH="220" VPOS="3296" HPOS="969"/>
</TextLine>
<TextLine HEIGHT="53" WIDTH="2015" VPOS="3350" HPOS="415">
<String CONTENT="&#169;" HEIGHT="52" WIDTH="53" VPOS="3350" HPOS="415"/>
<SP HEIGHT="52" WIDTH="30" VPOS="3350" HPOS="469"/>
<String CONTENT="Jan." HEIGHT="40" WIDTH="110" VPOS="3355" HPOS="500"/>
<SP HEIGHT="39" WIDTH="31" VPOS="3355" HPOS="611"/>
<String CONTENT="10," HEIGHT="49" WIDTH="68" VPOS="3354" HPOS="643"/>
<SP HEIGHT="48" WIDTH="30" VPOS="3355" HPOS="712"/>
<String CONTENT="1933;" HEIGHT="48" WIDTH="143" VPOS="3353" HPOS="743"/>
<SP HEIGHT="47" WIDTH="31" VPOS="3354" HPOS="887"/>
<String CONTENT="2c." HEIGHT="41" WIDTH="69" VPOS="3354" HPOS="919"/>
<SP HEIGHT="30" WIDTH="28" VPOS="3365" HPOS="989"/>
<String CONTENT="and" HEIGHT="39" WIDTH="97" VPOS="3356" HPOS="1018"/>
<SP HEIGHT="39" WIDTH="30" VPOS="3356" HPOS="1116"/>
<String LANG="de" CONTENT="aff." HEIGHT="42" WIDTH="84" VPOS="3354" HPOS="1147"/>
<SP HEIGHT="41" WIDTH="30" VPOS="3355" HPOS="1232"/>
<String CONTENT="Jan." HEIGHT="40" WIDTH="109" VPOS="3355" HPOS="1263"/>
<SP HEIGHT="39" WIDTH="32" VPOS="3354" HPOS="1373"/>
<String CONTENT="27;" HEIGHT="48" WIDTH="82" VPOS="3354" HPOS="1406"/>
<SP HEIGHT="47" WIDTH="33" VPOS="3355" HPOS="1489"/>
<!-- cceid 381FCCE8-6CF9-1014-A6CF-A82867D68027 --><String CONTENT="A" HEIGHT="39" WIDTH="43" VPOS="3355" HPOS="1523"/>
<SP HEIGHT="40" WIDTH="27" VPOS="3355" HPOS="1567"/>
<String CONTENT="59176;" HEIGHT="48" WIDTH="171" VPOS="3353" HPOS="1595"/>
<SP HEIGHT="47" WIDTH="34" VPOS="3354" HPOS="1767"/>
<String CONTENT="University" HEIGHT="48" WIDTH="286" VPOS="3352" HPOS="1802"/>
<SP HEIGHT="36" WIDTH="31" VPOS="3364" HPOS="2089"/>
<String CONTENT="of" HEIGHT="41" WIDTH="51" VPOS="3353" HPOS="2121"/>
<SP HEIGHT="41" WIDTH="32" VPOS="3352" HPOS="2173"/>
<String CONTENT="Chicago," HEIGHT="51" WIDTH="224" VPOS="3350" HPOS="2206"/>
</TextLine>
<TextLine HEIGHT="48" WIDTH="550" VPOS="3411" HPOS="488">
<String CONTENT="Chicago." HEIGHT="47" WIDTH="225" VPOS="3411" HPOS="488"/>
<SP HEIGHT="45" WIDTH="70" VPOS="3414" HPOS="714"/>
<String CONTENT="(33-3094)" HEIGHT="48" WIDTH="253" VPOS="3411" HPOS="785"/>
</TextLine>
<TextLine HEIGHT="66" WIDTH="718" VPOS="3500" HPOS="412" STYLEREFS="StyleId-15BB2ECD-C3A3-4378-850C-CB7A6A9796C8-">
<String CONTENT="Bristow," HEIGHT="66" WIDTH="277" VPOS="3500" HPOS="412"/>
<SP HEIGHT="65" WIDTH="32" VPOS="3501" HPOS="690"/>
<String CONTENT="Gwen," HEIGHT="65" WIDTH="199" VPOS="3501" HPOS="723"/>
<SP HEIGHT="58" WIDTH="33" VPOS="3508" HPOS="923"/>
<String CONTENT="1903-" HEIGHT="51" WIDTH="173" VPOS="3506" HPOS="957"/>
</TextLine>
<TextLine HEIGHT="147" WIDTH="1995" VPOS="3577" HPOS="413" STYLEREFS="StyleId-BC988363-1005-45C7-87EC-E566895034E9-" CS="1">
<String CONTENT="The" HEIGHT="53" WIDTH="122" VPOS="3580" HPOS="483"/>
<SP HEIGHT="53" WIDTH="26" VPOS="3580" HPOS="606"/>
<String CONTENT="Mardi" HEIGHT="52" WIDTH="194" VPOS="3580" HPOS="633"/>
<SP HEIGHT="67" WIDTH="29" VPOS="3580" HPOS="828"/>
<String CONTENT="gras" HEIGHT="49" WIDTH="133" VPOS="3598" HPOS="858"/>
<SP HEIGHT="35" WIDTH="26" VPOS="3598" HPOS="992"/>
<String CONTENT="murders," HEIGHT="58" WIDTH="278" VPOS="3580" HPOS="1019"/>
<SP HEIGHT="58" WIDTH="24" VPOS="3580" HPOS="1298"/>
<String CONTENT="by" HEIGHT="67" WIDTH="76" VPOS="3580" HPOS="1323"/>
<SP HEIGHT="68" WIDTH="27" VPOS="3579" HPOS="1400"/>
<String CONTENT="Gwen" HEIGHT="56" WIDTH="178" VPOS="3579" HPOS="1428"/>
<SP HEIGHT="51" WIDTH="27" VPOS="3581" HPOS="1607"/>
<String CONTENT="Bristow" HEIGHT="52" WIDTH="250" VPOS="3579" HPOS="1635"/>
<SP HEIGHT="35" WIDTH="25" VPOS="3596" HPOS="1886"/>
<String CONTENT="and" HEIGHT="52" WIDTH="113" VPOS="3579" HPOS="1912"/>
<SP HEIGHT="52" WIDTH="28" VPOS="3579" HPOS="2026"/>
<String CONTENT="Bruce" HEIGHT="52" WIDTH="188" VPOS="3579" HPOS="2055"/>
<SP HEIGHT="54" WIDTH="23" VPOS="3577" HPOS="2244"/>
<String CONTENT="Manning" HEIGHT="147" WIDTH="1995" VPOS="3577" HPOS="413"/>
</TextLine>
<TextLine HEIGHT="70" WIDTH="1832" VPOS="3654" HPOS="601" STYLEREFS="StyleId-BC988363-1005-45C7-87EC-E566895034E9-">
<String CONTENT="[pseud.]" HEIGHT="67" WIDTH="234" VPOS="3657" HPOS="601"/>
<SP HEIGHT="68" WIDTH="79" VPOS="3656" HPOS="836"/>
<String CONTENT="New" HEIGHT="53" WIDTH="140" VPOS="3656" HPOS="916"/>
<SP HEIGHT="52" WIDTH="40" VPOS="3657" HPOS="1057"/>
<String CONTENT="York" HEIGHT="53" WIDTH="166" VPOS="3656" HPOS="1098"/>
<SP HEIGHT="53" WIDTH="39" VPOS="3656" HPOS="1265"/>
<String CONTENT="and" HEIGHT="53" WIDTH="114" VPOS="3657" HPOS="1305"/>
<SP HEIGHT="53" WIDTH="39" VPOS="3657" HPOS="1420"/>
<String CONTENT="London," HEIGHT="66" WIDTH="259" VPOS="3657" HPOS="1460"/>
<SP HEIGHT="66" WIDTH="39" VPOS="3657" HPOS="1720"/>
<String CONTENT="The" HEIGHT="53" WIDTH="121" VPOS="3656" HPOS="1760"/>
<SP HEIGHT="35" WIDTH="38" VPOS="3674" HPOS="1882"/>
<String CONTENT="mystery" HEIGHT="65" WIDTH="256" VPOS="3659" HPOS="1921"/>
<SP HEIGHT="69" WIDTH="38" VPOS="3654" HPOS="2178"/>
<String CONTENT="league," HEIGHT="70" WIDTH="216" VPOS="3654" HPOS="2217"/>
</TextLine>
<TextLine HEIGHT="50" WIDTH="151" VPOS="3738" HPOS="417" STYLEREFS="StyleId-BC988363-1005-45C7-87EC-E566895034E9-">
<String CONTENT="1932." HEIGHT="50" WIDTH="151" VPOS="3738" HPOS="417"/>
</TextLine>
<TextLine HEIGHT="50" WIDTH="369" VPOS="3808" HPOS="485" CS="1">
<String CONTENT="286" HEIGHT="41" WIDTH="88" VPOS="3809" HPOS="485"/>
<SP HEIGHT="49" WIDTH="27" VPOS="3809" HPOS="574"/>
<String CONTENT="p." HEIGHT="38" WIDTH="43" VPOS="3820" HPOS="602"/>
<SP HEIGHT="41" WIDTH="59" VPOS="3809" HPOS="646"/>
<String CS="1" CONTENT="19&#189;cm." HEIGHT="42" WIDTH="148" VPOS="3808" HPOS="706"/>
</TextLine>
<TextLine HEIGHT="42" WIDTH="420" VPOS="3865" HPOS="489">
<String CONTENT="&#8220;First" HEIGHT="42" WIDTH="164" VPOS="3865" HPOS="489"/>
<SP HEIGHT="40" WIDTH="25" VPOS="3867" HPOS="654"/>
<String CONTENT="edition.&#8221;" HEIGHT="42" WIDTH="229" VPOS="3865" HPOS="680"/>
</TextLine>
<TextLine HEIGHT="52" WIDTH="2015" VPOS="3925" HPOS="422">
<String CONTENT="&#169;" HEIGHT="52" WIDTH="53" VPOS="3925" HPOS="422"/>
<SP HEIGHT="52" WIDTH="30" VPOS="3925" HPOS="476"/>
<String CONTENT="Jan." HEIGHT="41" WIDTH="111" VPOS="3929" HPOS="507"/>
<SP HEIGHT="40" WIDTH="30" VPOS="3930" HPOS="619"/>
<String CONTENT="16," HEIGHT="46" WIDTH="69" VPOS="3929" HPOS="650"/>
<SP HEIGHT="45" WIDTH="31" VPOS="3930" HPOS="720"/>
<String CONTENT="1933;" HEIGHT="48" WIDTH="142" VPOS="3927" HPOS="752"/>
<SP HEIGHT="46" WIDTH="32" VPOS="3929" HPOS="895"/>
<String CONTENT="2c." HEIGHT="41" WIDTH="70" VPOS="3929" HPOS="928"/>
<SP HEIGHT="41" WIDTH="29" VPOS="3929" HPOS="999"/>
<String CONTENT="Jan." HEIGHT="39" WIDTH="109" VPOS="3929" HPOS="1029"/>
<SP HEIGHT="38" WIDTH="32" VPOS="3929" HPOS="1139"/>
<String CONTENT="19;" HEIGHT="47" WIDTH="83" VPOS="3928" HPOS="1172"/>
<SP HEIGHT="36" WIDTH="33" VPOS="3939" HPOS="1256"/>
<String CONTENT="aff." HEIGHT="40" WIDTH="83" VPOS="3928" HPOS="1290"/>
<SP HEIGHT="40" WIDTH="31" VPOS="3928" HPOS="1374"/>
<String CONTENT="Feb." HEIGHT="40" WIDTH="112" VPOS="3928" HPOS="1406"/>
<SP HEIGHT="41" WIDTH="31" VPOS="3926" HPOS="1519"/>
<String CONTENT="25;" HEIGHT="44" WIDTH="82" VPOS="3926" HPOS="1551"/>
<SP HEIGHT="42" WIDTH="33" VPOS="3928" HPOS="1634"/>
<!-- cceid 382095E1-6CF9-1014-A6CF-A82867D68027 --><String CONTENT="A" HEIGHT="39" WIDTH="39" VPOS="3928" HPOS="1668"/>
<SP HEIGHT="39" WIDTH="31" VPOS="3928" HPOS="1708"/>
<String CONTENT="59142;" HEIGHT="48" WIDTH="171" VPOS="3926" HPOS="1740"/>
<SP HEIGHT="47" WIDTH="35" VPOS="3927" HPOS="1912"/>
<String CONTENT="Gwen" HEIGHT="40" WIDTH="147" VPOS="3927" HPOS="1948"/>
<SP HEIGHT="38" WIDTH="34" VPOS="3928" HPOS="2096"/>
<String CONTENT="MacCurran" HEIGHT="42" WIDTH="306" VPOS="3926" HPOS="2131"/>
</TextLine>
<TextLine HEIGHT="50" WIDTH="1389" VPOS="3984" HPOS="490">
<String CONTENT="and" HEIGHT="39" WIDTH="96" VPOS="3987" HPOS="490"/>
<SP HEIGHT="40" WIDTH="30" VPOS="3986" HPOS="587"/>
<String CONTENT="George" HEIGHT="48" WIDTH="187" VPOS="3986" HPOS="618"/>
<SP HEIGHT="39" WIDTH="27" VPOS="3987" HPOS="806"/>
<String CONTENT="MacCurran," HEIGHT="49" WIDTH="319" VPOS="3984" HPOS="834"/>
<SP HEIGHT="47" WIDTH="28" VPOS="3986" HPOS="1154"/>
<String CONTENT="New" HEIGHT="40" WIDTH="120" VPOS="3986" HPOS="1183"/>
<SP HEIGHT="41" WIDTH="29" VPOS="3985" HPOS="1304"/>
<String CONTENT="Orleans." HEIGHT="41" WIDTH="222" VPOS="3985" HPOS="1334"/>
<SP HEIGHT="48" WIDTH="68" VPOS="3985" HPOS="1557"/>
<String CONTENT="(33-2412)" HEIGHT="49" WIDTH="253" VPOS="3984" HPOS="1626"/>
</TextLine>
</TextBlock>
</PrintSpace>
</Page>
</Layout>
</alto>