2597 4403
1372 4085 104 49 214

385 397 174 67 Ford,
596 396 306 56 Jeremiah
941 399 185 53 Denis
1163 397 316 67 Matthias,
1520 400 571 68 1873-comp.

452 477 58 52 A
550 477 413 68 bibliography
1003 476 66 53 of
1111 475 202 54 Cuban
1353 477 416 68 belles-lettres,
1809 477 286 68 prepared
2134 476 77 70 by
382 477 2004 132 Jeremiah

571 556 72 53 D.
677 556 80 53 M.
790 555 159 56 Ford
986 599 56 9 …
1080 557 114 52 and
1226 556 274 53 Maxwell
1531 556 49 53 I.
1612 555 264 70 Raphael
1911 599 57 10 …
2044 553 367 73 Cambridge,

382 635 193 66 Mass.,
602 636 279 52 Harvard
908 636 325 54 university
1261 654 177 51 press,
1469 638 153 51 1933.

491 743 9 16 X,
530 711 89 41 204
646 722 44 37 p.
750 710 57 41 23½
841 713 44 21 cm
890 743 9 9 .

457 770 102 41 One
588 770 51 39 of
668 780 27 29 a
726 768 152 42 series
910 770 51 39 of
990 768 384 49 bibliographies
1403 769 54 41 of
1486 768 493 50 Spanish-American

2007 769 262 41 literature
385 770 2008 98 published
576 828 158 39 under
762 828 83 40 the
876 827 225 48 auspices
1134 828 52 40 of
1217 829 83 40 the
1331 828 234 41 Harvard
1596 827 188 42 council
1815 839 62 30 on
1907 827 504 48 Hispano-American

386 886 202 41 studies.

458 944 279 42 CONTENTS.
754 966 61 5 —
833 943 209 41 General
1091 943 164 41 works
1273 955 9 29 :
1332 944 307 48 anthologies
1657 955 10 31 :
1717 943 408 49 bibliographical
2172 945 98 40 and
2316 944 98 41 bio-

386 1002 254 49 graphical
672 1001 346 48 dictionaries;
1051 1001 233 42 histories
1315 1003 52 40 of
1397 1002 170 42 Cuban
1598 1003 96 40 and
1725 1001 495 50 Spanish-American
2233 1040 10 15 4
2248 1000 167 42 litera-

389 1060 542 49 ture.—Bibliography
977 1061 52 40 of
1075 1060 171 42 Cuban
1291 1060 275 41 literature.
1584 1084 61 5 —
1659 1061 314 47 Anonymous
2020 1062 97 40 and
2163 1058 252 45 collective

389 1117 557 42 works.—Periodicals.

393 1187 53 54 ©
479 1192 112 41 Feb.
623 1192 70 47 21,
726 1190 142 48 1933;
903 1191 68 42 2c.
1004 1193 98 39 and
1135 1191 83 41 aff.
1253 1192 122 39 Mar.
1410 1192 52 47 1;
1498 1192 43 39 A
1572 1191 145 41 60465
1735 1203 8 36 ;
1778 1192 259 42 President
2072 1192 36 42 &
2138 1192 194 42 fellows
2364 1192 54 42 of

461 1250 233 41 Harvard
723 1250 193 48 college,
946 1249 305 50 Cambridge,
1280 1251 148 38 Mass.
1501 1249 254 50 (33-5091)

391 1352 308 67 Foucault,
730 1353 305 66 Alphonse
1066 1351 257 70 Gabriel,
1354 1356 113 68 bp.,
1496 1357 329 51 1843-1929.

462 1433 123 54 The
637 1434 322 54 Venerable
1012 1434 402 54 Jean-Martin
1466 1433 191 68 Moÿe,
1709 1434 282 67 apostolic
2040 1434 373 68 missionary:

393 1510 249 54 founder
661 1510 65 54 of
743 1512 98 52 the
861 1512 210 55 Sisters
1092 1511 64 54 of
1175 1513 347 67 providence
1539 1513 62 51 in
1619 1513 308 53 Lorraine:
1949 1514 114 52 and
2091 1514 98 53 the
391 1512 2002 130 Christian
541 1589 225 71 virgins

793 1590 62 54 in
882 1590 220 66 China;
1130 1592 321 53 translated
1480 1590 157 55 from
1663 1591 96 55 the
1787 1591 228 53 French
2044 1591 65 54 of
2134 1592 98 53 the
2259 1591 156 54 Most

394 1669 301 53 Reverend
734 1669 74 54 A.
848 1669 70 56 G.
957 1669 288 55 Foucault
1288 1713 56 10 …
1387 1670 78 66 by
1500 1670 98 54 the
1638 1669 210 57 Sisters
1887 1669 64 55 of
1991 1670 195 54 divine
396 1670 1996 130 providence

609 1747 64 53 of
713 1747 340 70 Kentucky;
1096 1748 290 54 foreword
1426 1755 61 47 to
1524 1749 98 53 the
1662 1749 250 67 English
1953 1749 348 55 translation
2342 1749 77 69 by

395 1826 300 54 Reverend
723 1828 172 52 Peter
924 1827 259 68 Guilday
1216 1870 56 10 …
1341 1827 356 68 Melbourne,
1725 1827 134 68 Ky.,
1889 1827 211 57 Sisters
2131 1827 65 55 of
2224 1828 196 55 divine

396 1905 1017 69 providence of Kentucky [ c 1932]
469 1978 87 48 xii,
590 1977 84 42 103
707 1991 59 37 p.,
799 1980 25 39 1
879 2012 8 8 l.
921 1978 110 42 incl.
1065 1979 153 41 front.
1248 1980 256 48 (mounted
1535 1981 150 49 port.)
1755 1981 174 49 plates.
1991 1980 56 40 19
2050 1983 45 21 cm
2098 2013 10 8 .

401 2034 53 53 ©
490 2039 113 40 Dec.
640 2038 69 47 19,
746 2036 141 49 1932;
925 2038 68 40 2c.
1030 2038 112 40 Feb.
1179 2038 71 47 21,
1286 2037 142 48 1933;
1468 2038 82 41 aff.
1590 2039 109 40 Jan.
1736 2039 84 47 23;
1860 2040 42 38 A
1938 2038 172 49 59637;
2153 2039 181 41 Sisters
2371 2040 54 40 of

470 2096 165 40 divine
663 2095 293 49 providence
982 2096 52 39 of
1062 2095 275 49 Kentucky,
1369 2096 297 48 Melbourne,
1696 2097 94 48 Ky.
1861 2096 253 49 (33-6354)

401 2202 138 65 Fry,
569 2203 231 53 Horace
830 2202 193 64 Pugh.

471 2278 176 56 Notes
683 2296 72 34 on
789 2278 350 54 mechanical
1176 2278 281 69 drawing,
1491 2278 283 68 prepared
1812 2277 93 54 for
1942 2277 96 53 the
2074 2296 97 36 use
2206 2276 66 53 of
402 2283 1998 128 students

613 2356 62 53 in
725 2357 347 68 elementary
1123 2356 114 53 and
1290 2356 292 54 advanced
1635 2355 349 55 mechanical
2037 2353 264 71 drawing
2347 2354 77 70 by

402 2433 1405 72 Horace P. Fry … Philadelphia, 1924 [i. e. 1932]
471 2507 58 41 96
558 2519 44 37 p.
664 2507 145 49 illus.,
843 2507 180 49 diagrs.
1087 2507 57 41 23½
1177 2509 46 22 cm
1227 2539 9 9 .

474 2566 245 41 “Seventh
750 2565 200 41 edition.
1014 2564 262 42 Corrected
1309 2564 201 49 reprint,
1545 2563 158 44 1932.”

407 2621 53 53 ©
490 2626 103 40 Oct.
621 2626 70 47 31,
719 2624 142 47 1932;
891 2624 65 41 2c.
988 2625 97 40 and
1113 2623 83 41 aff.
1225 2624 112 40 Dec.
1366 2622 55 41 22
1441 2634 8 36 ;
1481 2624 42 39 A
1550 2624 171 45 58513;
1753 2624 60 39 H.
1844 2624 52 40 P.
1925 2624 111 47 Fry,
2068 2621 359 48 Philadelphia.

486 2683 225 48 (33-634)

405 2789 222 65 Gaden,
657 2789 208 64 Henri,
901 2788 173 55 1867-

479 2911 57 10 …
596 2866 317 54 Proverbes
967 2872 55 47 et
1072 2865 279 54 maximes
1403 2866 162 67 peuls
1619 2871 54 47 et
1726 2865 380 67 toucouleurs,
2159 2864 268 67 traduits,

405 2946 293 69 expliqués
731 2951 55 48 et
816 2950 252 48 annotés.
1145 2944 187 68 Paris,
1362 2944 246 53 Institut
1641 2943 401 69 d’ethnologie,
2076 2947 152 51 1931.

476 3020 174 47 xxxiii,
679 3020 86 41 368
791 3031 58 37 p.,
874 3021 25 38 1
946 3052 8 8 l.
1016 3018 56 41 27
1075 3020 44 21 cm
1125 3051 9 9 .
1205 3017 278 48 (Université
1537 3019 59 39 de
1622 3017 155 40 Paris.
1838 3017 235 39 Travaux
2097 3019 48 38 et
2170 3016 259 41 mémoires

407 3081 60 38 do
556 3079 182 40 I'Institut
767 3076 513 49 d’ethnologie.—XVI)

412 3133 53 53 ©
498 3140 124 39 Mar.
652 3137 69 48 10,
754 3136 141 41 1932:
961 3147 36 29 1c.
1030 3136 116 47 Apr.
1178 3134 83 48 25;
1296 3132 314 50 A-Foreign
1643 3133 170 48 16863;
1849 3133 210 41 Institut

2092 3132 337 48 d’ethnologie.

490 3194 254 50 (33-5605)

411 3300 252 54 Ghitzis.
693 3300 265 54 Moissey
987 3299 58 55 S.

865 3375 1488 101 … נאוועלן. שיקאגא, פארלאג ט. צעשינסקי [c1932 ]
479 3486 101 48 254,
659 3505 11 29 [1]
705 3496 43 37 p.
810 3485 130 40 illus.
1000 3485 57 40 20
1060 3487 45 22 cm
1109 3516 9 10 .

481 3549 191 36 Author
691 3554 22 29 s
744 3553 144 30 name
1037 3550 47 36 מ.
913 3549 108 35 גיצים
1107 3549 52 32 at
1226 3552 56 29 head
1347 3549 51 32 or
1430 3549 123 32 title.

483 3610 130 40 Title
653 3605 424 51 (transliterated)
1104 3617 8 28 :
1146 3605 201 40 Noveln.

417 3662 52 53 ©
510 3667 122 46 Aug.
673 3665 69 41 15,
783 3663 141 47 1932;
967 3663 68 41 2c.
1079 3663 128 47 Sept.
1249 3662 82 46 22;
1375 3660 84 43 aff.
1499 3661 110 40 Jan.
1652 3660 67 47 10,
1762 3658 141 48 1933;
1948 3660 40 38 A
2030 3656 172 50 58267;
2247 3657 185 49 Moisey

487 3722 204 41 Ghitzis,
722 3721 224 47 Chicago.
1019 3719 283 49 (32-30623)

415 3825 265 63 Gierløff,
714 3824 305 57 Christian
1052 3825 115 52 Per
1199 3823 328 63 Grønbeck,
1562 3823 172 55 1879-

0 0 0 0 … Bjørnstjerne Bjørnson. Oslo, Gyldendal, 1932. 429, [2] p. illus. (inch ports., facsims., music) 22½cm.
