2484 4405
1126 4122 133 50 1885

129 484 119 51 The
285 477 220 57 radical
544 473 228 68 remedy
811 470 96 52 for
943 466 230 55 chronic
1211 462 281 55 economic
1529 458 109 68 ills,
1677 458 111 51 and
1825 458 73 52 its

199 454 1919 167 righteousness … [Kensington. Md., The Burleigh press. c 1933]
214 646 69 49 [17]
318 655 42 38 p.
419 643 52 39 21
491 651 30 31 x
541 639 54 40 16
599 642 43 20 cm
647 669 7 7 .

127 688 1981 128 “Colated quotations … submitted without the reputation of the authors to support them."—Foreword.
202 800 1926 76 “Copyright … [by] Joseph B. Chamberlain." Copyright claimant’s
130 896 138 29 name
299 884 49 40 in
379 878 316 50 manuscript.

135 951 51 52 ©
224 955 118 40 Nov.
439 984 10 14 18,
486 951 141 45 1933;
666 948 67 41 2c.
771 947 94 40 and
904 945 82 40 aff.
1025 943 117 41 Nov.
1182 941 83 47 18;
1304 940 41 40 A
1383 938 172 47 67190;
1596 936 42 41 J.
1678 937 54 39 B.
1771 931 359 50 Chamberlain,

203 1010 315 48 Kensington,
549 1008 93 38 Md.
719 1005 14 47 (CA
818 1000 203 43 33—1089
1040 998 236 48 Unrev’d)

140 1128 323 64 Raymond,
495 1126 257 51 Earnest
780 1120 228 56 Albert.

208 1205 118 53 The
361 1201 407 69 super-science
803 1198 64 53 of
899 1213 233 50 success,
1161 1195 74 67 by
1269 1193 247 54 Earnest
1548 1190 69 53 A.
1652 1187 323 70 Raymond,
2008 1204 50 34 a.
2092 1204 46 34 b.

144 1283 266 69 [Albany]
450 1284 149 50 1933.

208 1359 992 59 1 p. l., 410 p. front. (port.) 20½ cm .
145 1437 50 52 ©
232 1440 109 41 Dec.
378 1439 68 47 12,
481 1437 139 46 1933;
657 1435 65 41 2c.
759 1434 111 40 Dec.
905 1433 82 46 18;
1025 1430 82 42 aff.
1144 1430 110 42 Dec.
1289 1429 82 47 28;
1409 1427 41 41 A
1485 1425 169 49 67764;
1694 1426 51 41 E.
1782 1424 53 42 A.
1872 1422 268 50 Raymond,

213 1497 116 41 Fort
356 1495 231 47 Johnson,
614 1493 56 40 N.
698 1493 53 38 Y.
821 1491 222 49 (34-473)

143 1613 325 66 Reibstein,
497 1613 258 64 August.

220 1690 367 70 “Mixology”
612 1690 213 67 recipes
856 1686 93 54 for
973 1686 95 54 old
1096 1687 112 52 and
1236 1701 121 37 new
1384 1682 188 55 mixed
1600 1679 219 69 drinks,
1848 1679 295 67 published

151 1772 71 66 by
254 1771 227 68 August
512 1768 306 54 Reibstein.
897 1768 137 51 New
1067 1764 179 66 York,
1281 1767 146 50 1933.

223 1839 696 54 2 p. l., 7-76, [2] p. 19½ cm .
226 1913 159 41 Blank
410 1921 148 40 pages
580 1911 80 40 for
686 1907 374 43 “Memoranda"
1097 1907 50 48 (2
1172 1908 53 39 at
1250 1906 118 46 end)

225 1969 229 43 Author’s
480 1966 211 52 portrait
720 1978 59 29 on
807 1970 97 46 t.-p.

231 2028 72 42 On
330 2036 167 32 cover:
528 2026 181 48 Nearly
735 2024 86 41 300
849 2023 184 50 recipes
1060 2023 79 39 for
1168 2022 78 40 old
1276 2020 93 41 and
1400 2031 104 31 new
1534 2018 159 42 mixed
1725 2016 169 42 drinks
1923 2016 94 41 and
2049 2017 102 39 how

161 2089 48 35 to
237 2094 205 40 prepare
469 2085 158 46 them;
659 2092 27 32 a
717 2081 184 49 helpful
932 2080 144 46 guide
1108 2084 48 36 to
1185 2079 82 41 the
1296 2078 140 41 trade
1463 2078 95 39 and
1589 2075 80 41 for
1698 2077 81 38 the
1808 2076 153 38 home.

160 2152 51 52 ©
240 2155 101 43 Oct.
370 2155 67 47 19,
466 2154 112 42 1933;
636 2154 66 40 2c.
733 2153 100 41 Oct.
862 2153 53 40 21;
976 2150 81 43 aff.
1087 2150 103 41 Oct.
1218 2150 55 41 23;
1331 2150 42 38 A
1400 2148 143 42 65817;
1601 2148 53 41 A.
1685 2146 264 48 Reibstein,
227 2144 1914 116 Brooklyn.
393 2212 279 49 (33-31709)

161 2328 308 68 Reimann,
499 2330 185 63 Hans,
715 2330 172 50 1889-

165 2398 1973 157 … Vergnügliches handbuch der deutschen sprache. [ 2., veränderte aufl.] Berlin, G. Kiepenheuer, 1932.
231 2558 86 42 429
345 2570 42 37 p.
444 2558 54 41 17
502 2560 43 21 cm
552 2591 7 7 .

168 2617 1982 120 © June 30, 1931; 1c. Feb. 23, 1933; A -Foreign 22031; Gustav Kiepenheuer verlag, a.-g. (33-2481)
171 2799 311 67 Rimbaud,
513 2799 197 67 Louis,
743 2801 170 53 1877-

241 2868 1928 82 Précis de neurologie, par L. Rimbaud … Avant-propos du
178 2952 320 70 professeur
540 2954 238 69 Forgue.
855 2955 155 53 Avec
1047 2957 102 49 222
1189 2952 204 70 figures
1433 2973 69 34 en
1540 2954 125 53 noir
1704 2957 55 47 et
1795 2969 67 37 en
1902 2950 267 54 couleurs.

176 3031 181 69 Paris,
392 3032 67 53 G.
498 3032 150 53 Doin
682 3034 47 51 &
763 3052 27 33 c
792 3033 36 28 ie
833 3075 10 24 ,
881 3036 148 49 1933.

245 3095 1927 66 2 p. l., [xv]-xvi, 991 p. illus. (part col.) 21 cm . ( Half-title: Collection
179 3162 171 42 Testut;
418 3164 221 40 nouvelle
677 3161 326 52 bibliothèque
1043 3164 57 41 de
1138 3160 257 45 l’étudiant
1435 3173 57 29 en
1529 3161 257 47 médecine,
1827 3162 107 48 pub.
1975 3170 112 33 sous
2125 3161 47 42 la

176 3219 239 43 direction
455 3220 65 41 du
560 3220 280 48 professeur
881 3221 53 40 E.
976 3220 216 49 Forgue)

182 3282 1910 66 © May 31, 1933; 1c. Nov. 17; A- Foreign 22662; Gaston Doin & cie.
261 3352 220 49 (34-951)

182 3465 317 69 Robinson,
531 3467 253 56 William
816 3468 313 68 Josephus,
1167 3471 170 52 1867-

257 3544 208 56 Sexual
507 3544 701 70 impotence—Robinson.
1299 3548 55 52 A
1395 3547 276 69 practical
1711 3548 228 54 treatise
1981 3564 71 37 on
2092 3547 93 53 the

187 3641 205 50 causes,
417 3628 331 65 symptoms,
773 3625 112 54 and
911 3629 305 51 treatment
1242 3625 63 54 of
1330 3626 192 53 sexual
1550 3624 315 70 impotence
1889 3625 111 54 and
2026 3625 162 52 other

189 3693 1939 84 sexual disorders in men and women, by William J. Robinson …
193 3779 129 53 18th
366 3798 103 47 ed.,
512 3779 350 70 thoroughly
906 3799 112 34 rev.
1063 3782 112 52 and
1221 3798 186 52 augm.
1500 3780 138 53 New
1683 3780 180 68 York,
1905 3780 285 70 Eugenics

194 3854 332 73 publishing
556 3874 297 52 company,
886 3860 151 51 1933.

263 3925 1047 59 xxv p., 1 l., 23-542 p. illus., pl. 21 cm .
199 3994 50 52 ©
281 3998 126 50 Sept.
434 4000 69 45 25,
532 3998 111 42 1933;
701 3999 67 41 2c.
798 3999 100 42 Oct.
927 4002 26 38 7;
1010 4000 79 40 aff.
1122 3999 100 41 Oct.
1253 4000 53 40 23:
1365 4001 40 38 A
1433 4000 141 42 66743;
1635 4000 151 42 Critic
1815 4002 95 39 and
1939 4001 143 48 guide
2110 4009 81 38 co.,

267 4054 116 43 New
410 4056 145 42 York.
624 4054 279 51 (33-31452)
