2484 4405
1047 4072 102 55 577

177 516 139 53 with
354 521 229 48 current
619 513 343 57 cumulative
1000 514 204 69 pocket
1239 512 211 55 service
1483 513 247 69 keeping
1764 512 116 53 this
1920 512 186 69 digest

177 586 1927 80 always to date … Compiled and edited by the publisher’s
177 672 265 55 editorial
491 669 148 55 staff,
716 689 52 36 v.
818 675 188 49 30-32.
1083 672 84 54 St.
1218 672 165 67 Paul,
1430 673 161 53 West
1641 669 335 71 publishing
2026 689 80 36 co.

199 757 20 22 [c
222 754 154 66 1933]

179 827 27 41 3
236 835 44 33 v.
339 826 58 39 26
398 828 43 20 cm
447 858 8 7 .

446 892 114 30 CONTENTS.—v.
609 880 70 41 30.
726 878 514 50 Pleading-Principal
1285 882 95 39 and
1426 883 293 45 surety.—v.
1763 879 73 42 31.
1883 879 230 41 Prisons-

111 940 380 41 Railroads—v.
524 937 71 42 32.
630 938 401 49 Rape-Robbery.

115 1007 51 51 ©
195 1010 114 49 Apr.
338 1010 70 43 25,
438 1008 141 48 1933;
609 1009 69 41 2c.
708 1008 117 41 each
856 1010 95 39 and
982 1009 109 39 affs.
1123 1009 112 47 May
1268 1009 80 46 11;
1382 1009 39 38 A
1452 1008 348 47 61698-61700;
1835 1010 134 40 West
2000 1009 110 48 pub.

182 1078 65 29 co.

108 1169 293 65 Montard,
434 1169 325 55 Charlotte.

241 1242 1866 74 … Quatre ans à l’Action française; ce que j’ai vu, ce que
108 1328 98 67 j’ai
244 1326 259 54 entendu.
579 1324 571 69 Neuilly-sur-Seine,
1184 1326 105 53 Les
1382 1325 211 54 Éditions
1628 1325 136 54 Lori
1847 1330 151 64 [c1931]

181 1400 82 41 252
297 1411 56 38 p.,
386 1401 24 37 1
441 1401 30 38 l.
561 1399 26 39 19
589 1401 45 21 cm
639 1432 8 9 .

115 1464 1998 59 © Dec. 5, 1931; 1c. Jan. 18, 1932; A-Foreign 15289; C. Montard, Neuilly
192 1528 189 49 (Seine)
421 1529 200 39 France.
689 1526 281 50 (33-10958)

109 1631 281 65 Moulton,
425 1632 220 53 Harold
684 1632 205 65 Glenn,
928 1637 170 50 1883-

178 1711 122 53 The
326 1709 307 53 American
659 1709 457 69 transportation
1144 1709 273 70 problem,
1444 1710 283 70 prepared
1754 1710 94 54 for
1874 1712 97 51 the
110 1707 1977 139 National
331 1788 454 68 transportation
828 1788 321 53 committee
1190 1789 75 69 by
1307 1789 226 54 Harold
1577 1788 70 55 G.
1690 1787 264 56 Moulton
1997 1790 112 53 and

109 1866 326 55 associates:
461 1867 147 52 Paul
634 1868 65 52 T.
727 1866 212 69 David,
964 1868 187 68 Lloyd
1178 1867 62 55 C.
1268 1868 281 68 Hoeltzel,
1577 1866 238 57 Charles
1838 1869 66 53 L.
112 1866 1974 152 Dearing

111 1940 1973 156 … [and others] Washington, D. C., The Brookings institution, 1933.
199 2100 97 48 lxix,
328 2099 84 41 915
441 2110 42 37 p.
544 2098 130 40 illus.
702 2098 159 50 (map)
889 2100 171 47 plates,
1091 2098 180 50 diagrs.
1330 2100 55 39 21½
1418 2102 44 22 cm
1468 2133 9 9 .

182 2156 188 43 “Select
388 2155 394 50 bibliography”;
816 2168 43 36 p.
881 2156 216 41 896-910.

115 2225 51 51 ©
196 2229 122 42 Mar.
348 2229 68 48 18,
444 2227 140 48 1933;
615 2229 68 40 2c.
711 2229 113 48 Apr.
853 2229 85 47 28;
969 2229 81 40 aff.
1081 2230 115 47 Apr.
1226 2228 83 50 29;
1342 2231 40 38 A
1412 2230 169 47 61534;
1616 2229 270 50 Brookings
181 2227 1912 103 institution.
367 2285 280 48 (33-27096)

107 2390 144 52 New
279 2389 160 52 York
510 2389 188 68 (State)
783 2390 183 67 Laws,
994 2395 259 64 statutes,
1283 2397 101 49 etc.

179 2466 356 69 Clevenger’s
576 2466 247 70 practice
863 2471 232 50 manual
1137 2469 64 52 of
1240 2469 140 54 New
1419 2471 180 66 York,
1637 2470 335 72 containing
2011 2473 96 53 the

108 2543 1937 77 official editions of civil practice act, rules of civil practice …
108 2625 1998 72 as amended to end of legislative session of 1933 … 11th ed.
109 2703 1998 76 Edited and annotated by Joseph K. Clevenger … New York,
108 2782 207 65 Baker,
333 2784 247 53 Yoorhis
609 2788 45 49 &
681 2802 108 45 co.;
821 2786 138 52 New
982 2786 164 52 York
1168 2785 111 54 and
1302 2787 248 69 Albany,
1571 2789 278 54 Matthew
1881 2791 226 52 Bender

107 2866 44 48 &
180 2878 297 51 company,
506 2862 417 69 incorporated,
955 2867 150 51 1933.

182 2934 207 41 Various
417 2935 218 49 pagings.
692 2936 55 40 25½
780 2940 43 21 cm
828 2968 9 9 .

115 2987 51 51 ©
196 2992 112 48 May
336 2992 68 46 19,
433 2992 139 46 1933;
602 2991 66 42 2c.
699 2994 113 47 May
839 2994 54 40 22
913 3005 9 36 ;
953 2995 82 40 aff.
1065 2997 115 46 May
1207 2995 81 44 20;
1320 2997 40 38 A
1389 2997 170 47 61883;
1592 2998 236 41 Matthew
1855 3000 190 40 Bender
2074 3002 37 40 &

182 3058 82 36 co.,
291 3049 104 47 inc.,
426 3051 95 38 and
550 3051 174 46 Baker,
755 3050 206 42 Voorhis
990 3052 36 40 &
1055 3063 81 35 co.,
1167 3054 92 40 inc.

108 3151 229 65 Norris,
364 3153 137 53 Mrs.
531 3152 292 56 Kathleen
862 3155 397 67 (Thompson)
1296 3162 172 51 1880-

179 3229 181 54 Walls
403 3231 63 52 of
504 3233 155 65 gold,
698 3234 73 67 by
812 3235 286 52 Kathleen
1139 3235 218 54 Norris.
1432 3237 232 54 Garden
1705 3239 155 67 City,
1898 3241 71 52 N.
2015 3241 88 68 Y.,

112 3305 353 67 Doubleday,
493 3309 195 53 Doran
716 3312 46 51 &
790 3329 296 44 company,
1112 3313 127 60 inc.,
1269 3317 150 50 1933.

183 3381 25 37 5
238 3390 42 37 p.
342 3412 8 16 l.,
379 3380 87 41 338
492 3393 44 37 p.
596 3381 115 42 21cm.

186 3433 285 44 Illustrated
502 3438 347 50 lining-papers
879 3441 50 39 in
959 3442 169 40 colors.

185 3492 161 41 “First
372 3494 227 40 edition.”

114 3545 52 51 ©
198 3550 121 41 Mar.
353 3551 39 47 8,
425 3550 141 48 1933;
599 3552 56 39 2c
700 3554 95 40 and
829 3554 81 40 aff.
943 3556 115 47 Apr.
1090 3556 83 46 26;
1209 3556 42 40 A
1284 3557 170 48 62302;
1490 3559 243 41 Kathleen
1769 3561 185 48 Norris,
1989 3562 119 39 Palo

181 3606 124 49 Alto,
342 3608 145 41 Calif.
555 3608 282 50 (33-27068)

106 3704 194 57 North
328 3709 233 54 Dakota
588 3713 111 51 and
727 3712 187 55 North
943 3719 239 49 western
1209 3715 204 70 digest,
1440 3719 268 71 covering
1734 3723 77 51 all
1840 3740 148 37 cases
177 3737 1900 120 reported
403 3789 59 51 in
489 3791 187 52 North
701 3791 229 54 Dakota
957 3801 239 61 reports,
1223 3796 188 53 North
1438 3805 239 46 western
1704 3805 256 64 reporter
1987 3804 113 51 and

177 3866 76 50 all
299 3866 62 52 of
406 3867 95 52 the
546 3870 170 51 north
763 3875 237 48 western
1046 3878 172 48 states
1266 3881 220 61 reports
1534 3877 152 53 from
1731 3880 96 52 the
1872 3880 229 54 earliest

175 3943 181 61 times,
393 3944 139 53 with
571 3954 228 48 current
838 3952 343 54 cumulative
1218 3953 202 61 pocket
1456 3956 209 52 service
1702 3956 245 59 keeping
1984 3960 114 53 this
