2484 4405
1050 4078 134 51 1211

107 435 273 66 Burnett,
409 433 254 56 William
693 433 187 65 Riley,
912 435 172 50 1899-

177 513 163 52 Dark
371 512 255 66 Hazard,
658 511 73 68 by
763 511 89 53 W.
888 510 67 51 R.
993 510 263 51 Burnett.
1326 508 139 52 New
1502 507 163 53 York
1699 508 113 52 and
1846 508 259 68 London,

107 591 230 67 Harper
363 590 45 50 &
433 589 276 66 brothers,
740 590 151 50 1933.

177 663 28 38 4
230 673 42 37 p.
321 694 9 9 l.,
374 661 84 41 295
482 672 44 37 p.
585 661 146 41 21½cm.

113 718 51 51 ©
193 722 127 46 Sept.
347 722 39 46 1,
413 720 140 46 1933;
583 720 66 39 2c.
678 721 95 38 and
800 718 81 40 aff.
913 718 128 48 Sept.
1069 718 25 39 6;
1153 718 39 38 A
1220 716 170 47 64907;
1421 718 70 39 W.
1522 718 54 39 R.
1607 718 222 45 Burnett,
1861 716 245 43 Glendale,

183 778 144 40 Calif.
398 776 278 48 (33-22936)

108 861 373 66 Callaghan’s
511 864 247 53 Indiana
789 863 203 69 digest,
1021 865 276 66 complete
1326 862 154 53 from
1510 867 27 47 1
1570 862 320 55 Blackford
1917 868 59 49 to
2003 867 101 48 202

177 942 247 53 Indiana
458 943 112 51 and
602 942 152 52 from
790 946 27 47 1
851 948 59 46 to
941 945 65 48 92
1036 942 249 52 Indiana
1322 943 302 66 appellate,
1657 943 116 51 also
1806 941 301 69 including

177 1019 1904 148 Indiana law passed upon by the federal courts and the Supreme court of the United States, by Jesse C. Weaver …
176 1196 50 34 v.
283 1180 80 48 12.
444 1176 574 67 [Patents-Receipts]
1100 1175 270 68 Chicago,
1423 1175 322 68 Callaghan
1797 1176 111 51 and
176 1194 1906 129 company,
383 1257 149 50 1933.

180 1327 521 49 1 p. l., 809 p. 26cm.
115 1381 51 52 ©
204 1385 125 47 Sept.
364 1385 68 46 19,
467 1384 112 40 1933;
643 1384 65 39 2c.
744 1384 95 38 and
871 1382 81 40 aff.
991 1383 126 47 Sept.
1153 1383 81 45 21;
1271 1383 41 38 A
1346 1382 169 46 65321;
1554 1382 269 48 Callaghan
1857 1383 36 39 &
1927 1394 66 28 co.

110 1471 315 67 Campbell,
455 1474 187 63 Percy
671 1472 269 65 Alfonso,
975 1475 168 49 1877-

183 1549 1925 69 Consciousness, brain-child, by Percy A. Campbell … East
112 1629 327 66 Cleveland,
472 1628 87 66 O.,
591 1631 151 50 1933.

184 1700 559 50 4 p. l., 109 p. 20½cm.
119 1754 51 53 ©
203 1760 119 47 Aug.
356 1759 68 46 16,
459 1758 140 46 1933;
634 1758 66 39 2c.
734 1758 118 46 Aug.
887 1757 58 39 25;
1006 1755 82 42 aff.
1123 1757 119 46 Aug.
1277 1757 82 40 26:
1397 1757 39 38 A
1470 1757 169 41 64825;
1678 1758 50 39 P.
1762 1758 53 40 A.
1850 1757 262 49 Campbell,

188 1817 122 39 East
332 1815 273 46 Cleveland,
633 1815 51 40 O.
756 1814 278 48 (33-23035)

111 1906 309 63 Carmody,
452 1903 247 54 Francis
727 1902 238 55 Xavier.

178 1984 56 52 A
280 1982 231 52 treatise
556 2001 73 33 on
674 1980 275 69 pleading
994 1980 114 53 and
1154 1980 248 69 practice
1447 1980 61 52 in
1556 1982 137 53 New
1742 1982 178 67 York,
1968 1981 141 53 with

111 2059 1997 68 forms. 2d ed. … by Francis X. Carmody … in collaboration
111 2135 1997 71 with B. G. Bonomi … and the editorial staff of the Lawyers
110 2216 380 68 co-operative
526 2215 334 68 publishing
897 2233 295 50 company,
1263 2232 55 34 v.
1358 2219 46 63 8,
1441 2221 79 62 pt.
1562 2220 45 61 1,
1639 2219 49 48 2.
1763 2218 347 52 Permanent

111 2293 1998 67 ed. … New York, Clark Boardman co., ltd.; Rochester and
110 2374 139 52 New
295 2372 179 67 York,
519 2372 121 52 The
686 2373 268 66 Lawyers
1000 2371 382 68 co-operative
1430 2371 335 69 publishing
1812 2389 298 53 company,

112 2454 149 50 1933.

181 2525 28 39 2
234 2536 43 29 v.
333 2524 145 40 24½cm.

119 2577 50 53 ©
203 2582 127 47 Sept.
359 2581 69 46 20,
458 2580 140 47 1933;
630 2581 65 39 2c.
727 2581 117 39 each
876 2580 95 40 and
1001 2578 108 41 affs.
1144 2579 125 49 Sept.
1302 2579 83 48 23;
1417 2580 41 39 A
1489 2579 157 49 66236,
1677 2579 171 47 66237;
1884 2581 229 48 Lawyers

186 2638 322 48 co-operative
544 2638 106 48 pub.
689 2648 67 29 co.

114 2724 207 67 Chase,
356 2729 227 62 Stuart,
621 2730 171 50 1888-

193 2848 56 10 …
287 2804 121 51 The
439 2804 245 66 promise
717 2803 64 52 of
811 2820 204 51 power.
1082 2802 138 53 New
1255 2803 177 70 York,
1462 2804 121 51 The
1617 2804 154 53 John
1804 2804 129 69 Day
120 2822 1968 128 company
355 2884 151 64 [c1933]

187 2952 55 40 32
269 2964 42 36 p.
366 2951 116 41 20cm.
547 2952 100 47 (On
671 2965 161 30 cover:
858 2953 101 39 The
987 2953 129 40 John
1143 2954 108 47 Day
1278 2955 272 46 pamphlets.
1622 2966 73 30 no.
1724 2956 81 46 32)

190 3010 187 39 “Based
413 3020 60 29 on
508 3019 62 29 an
605 3009 171 40 article
811 3010 51 38 of
897 3010 88 39 Mr.
1023 3010 210 47 Chase’s,
1285 3012 41 37 A
1361 3011 156 39 vision
1553 3011 50 40 in
1638 3012 279 49 kilowatts’,
1953 3014 158 40 which

120 3067 239 46 appeared
390 3066 49 39 in
471 3066 225 48 Fortune,
729 3065 151 48 April,
915 3065 263 49 1933.”—p.
1228 3066 39 49 [5]

123 3123 50 52 ©
203 3127 118 47 Aug.
350 3128 69 44 24,
450 3126 140 45 1933;
622 3127 67 40 2c.
719 3127 119 46 Aug.
868 3125 81 46 28;
983 3125 81 40 aff.
1094 3126 121 47 Aug.
1245 3127 55 38 25;
1360 3126 41 39 A
1431 3126 169 48 65048;
1636 3127 43 40 S.
1713 3128 169 45 Chase,
189 3129 1908 101 Georgetown,
363 3184 145 40 Conn.
579 3183 278 47 (33-23062)

118 3269 217 67 Colum,
370 3271 266 65 Padraic,
677 3275 170 49 1881-

188 3348 120 52 The
336 3349 98 67 big
464 3354 117 46 tree
610 3349 63 52 of
703 3349 286 67 Bunlahy,
1020 3349 201 52 stories
1251 3350 63 51 of
1344 3367 96 49 my
1472 3369 125 33 own
1627 3353 380 67 countryside,
2039 3354 73 66 by

118 3425 246 54 Padraic
402 3427 229 65 Colum;
671 3427 327 52 illustrated
1035 3428 75 66 by
1146 3428 148 54 Jack
1332 3429 193 52 Yeats.
1600 3430 138 52 New
1776 3431 179 66 York,
1992 3432 121 52 The

119 3504 329 52 Macmillan
480 3522 297 50 company,
810 3507 149 50 1933.

193 3577 1489 48 viii p., 2 l., 166 p. incl. illus., plates. col. front. 22½cm.
127 3626 51 53 ©
209 3633 107 47 Aug
360 3633 69 46 29,
462 3633 112 40 1933;
636 3634 67 39 2c.
738 3635 96 38 and
867 3634 81 40 aff.
981 3635 119 46 Aug.
1134 3634 83 46 30;
1254 3635 40 38 A
1328 3635 169 46 65084;
1535 3635 281 41 Macmillan
1849 3648 65 28 co.

204 3689 276 47 (33-22932)

121 3761 284 66 Dillavou,
436 3766 167 51 Essel
633 3766 146 64 Ray,
811 3768 171 49 1893-

193 3840 1921 71 Principles of business law, by Essel R. Dillavau … and
125 3915 1990 78 Charles G. Howard … Rev. ed. New York, Prentice-Hall,
122 3993 125 68 inc.,
280 3998 150 50 1933.
