2582 4453
1362 4146 105 56 770

481 527 1617 52 xiv p., 1 l., 648 p. illus., fold, tab., diagrs. 22 cm . $3.75
482 587 198 42 Adams’
722 586 212 42 revision
976 587 54 41 of
1069 587 169 41 Loeb’s
1282 587 130 40 “The
1452 587 337 49 development
1831 588 53 40 of
1924 588 182 39 human
2149 586 136 42 ideas

411 598 2003 95 concerning
639 644 82 43 the
749 643 223 50 physical
1001 644 197 48 world”,
1229 644 258 48 published
1517 655 56 30 as
1601 657 27 29 a
1660 644 394 50 mimeographed
2086 647 106 39 text
2222 645 48 39 in
2303 642 129 43 1929.

408 703 60 48 cf.
500 703 129 40 Pref.

414 771 51 52 ©
497 776 115 46 May
639 774 70 47 12,
739 774 114 40 1933
872 784 8 36 ;
911 774 66 40 2c.
1010 774 115 47 May
1154 773 82 47 18;
1269 773 82 40 aff.
1384 774 115 48 May
1529 774 81 46 17;
1643 774 42 39 A
1714 773 172 48 62698;
1917 774 51 40 L.
2000 774 53 40 B.
2085 773 141 48 Loeb,
481 774 1934 107 Berkeley,

602 832 160 47 Calif.,
793 833 96 39 and
917 832 190 40 Arthur
1138 832 43 40 S.
1212 832 196 46 Adams,
1441 831 198 47 Golden,
1671 831 98 41 Col.
1841 831 284 49 (33-13612)

406 935 229 66 Lulofs,
663 936 293 57 Madelon.

477 1012 202 56 White
707 1030 235 53 money;
978 1032 32 34 a
1041 1013 169 53 novel
1242 1012 66 54 of
1341 1013 97 53 the
1471 1013 143 54 East
1649 1012 217 69 Indies,
1897 1012 79 71 by
2010 1012 274 54 Madelon
409 1012 1998 145 Lulofs;

595 1092 321 54 translated
957 1091 155 54 from
1152 1092 97 53 the
1288 1091 197 54 Dutch
1526 1091 77 70 by
1642 1090 71 57 G.
1755 1091 57 56 J.
1853 1091 213 54 Renier
2107 1092 114 53 and
2262 1092 168 55 Irene

411 1169 1843 72 Clephane. New York, London, The Century co. [ c 1933]
479 1243 876 52 2 p. l., 3-325 p. 21½ cm . $2.50
482 1303 164 41 “First
675 1302 263 49 printing.”

414 1373 51 52 ©
497 1377 118 47 May
643 1376 69 47 16,
741 1375 142 46 1933;
917 1376 68 42 2c.
1016 1376 97 40 and
1143 1375 82 40 aff.
1259 1376 115 48 May
1405 1375 83 47 26;
1521 1376 44 38 A
1595 1375 171 48 62787;
1802 1376 218 48 Century
2050 1387 68 30 co.

490 1433 283 49 (33-13755)

406 1535 332 69 McKinley,
766 1538 213 54 Albert
1007 1538 276 66 Edward,
1314 1538 173 56 1870-

478 1617 1952 70 World history today, by Albert E. McKinley … Arthur C.
409 1696 2020 68 Howland … and Matthew L. Dann … New York, Cincinnati
432 1777 1184 69 [etc.] American book company [ c 1933]
480 1864 45 34 x,
558 1852 100 47 827,
690 1850 277 41 xi-xxxviii
1001 1861 43 38 p.
1105 1852 85 39 col.
1224 1850 166 47 front.,
1425 1849 128 41 illus.
1582 1850 136 48 (incl.
1751 1849 164 49 maps)
1956 1849 87 40 col.
2078 1849 172 48 plates.
2314 1849 53 40 21
2372 1852 43 22 cm
2421 1882 9 10 .

483 1909 252 49 “Reading
761 1909 114 41 list”
904 1911 52 39 at
982 1910 92 40 end
1102 1909 53 40 of
1181 1911 126 39 most
1335 1908 53 41 of
1415 1908 82 41 the
1524 1908 242 48 chapters.

415 1979 51 52 ©
505 1984 114 47 May
655 1983 71 47 22,
763 1982 142 46 1933;
944 1982 69 40 2c.
1051 1983 97 39 and
1185 1981 83 41 aff.
1307 1982 116 48 May
1458 1981 84 47 25;
1581 1981 42 39 A
1660 1979 171 48 61921;
1872 1980 160 40 Amer.
2069 1979 125 41 book
2230 1989 68 31 co.
2362 1974 70 54 [©

481 2041 225 50 changes]
780 2039 284 50 (33-13620)

406 2145 235 66 Manns,
673 2144 232 67 Alfred,
941 2146 173 56 1877-

473 2222 120 53 Der
614 2224 295 69 Warphof
932 2224 120 53 und
1075 2225 102 53 das
1199 2223 200 69 sumpf
1402 2242 178 48 moor,
1602 2243 202 34 roman
1827 2242 112 35 von
1961 2222 215 53 Alfred
2200 2221 228 54 Manns.

408 2301 1091 70 Gütersloh, C. Bertelsmann [ c 1931]
481 2378 87 40 246
598 2389 42 37 p.
700 2377 57 41 20½
790 2380 44 21 cm
840 2410 8 8 .

414 2446 1845 52 © Aug. 20, 1931: 1c. Oct. 10; A-Foreign 20125; C. Bertelsmann.
491 2506 283 49 (33-13365)

408 2609 1957 71 The Modern home … compiled by expert economists …
482 2690 236 68 Boston,
745 2689 175 68 Mass,
946 2690 246 53 Modern
1219 2690 166 53 home
1414 2689 338 69 publishing
1779 2708 79 35 co.
1899 2689 193 67 (inc.),
2121 2694 17 22 c
2143 2691 152 51 1933.

480 2764 625 49 4 p. l., 3-337 p. 23½ cm .
484 2823 127 40 Most
646 2822 53 41 of
732 2822 81 41 the
847 2822 245 41 alternate
1125 2832 150 39 pages
1306 2833 85 30 are
1423 2820 176 48 blank;
1635 2821 151 40 blank
1818 2831 148 39 pages
1999 2820 81 41 for
2114 2822 137 39 notes
409 2819 2005 110 interspersed.

415 2948 51 52 ©
499 2953 114 47 Apr.
644 2952 70 47 29,
746 2951 141 47 1933;
922 2952 67 40 2c.
1022 2952 116 48 May
1169 2951 53 48 6;
1256 2951 84 43 aff.
1372 2952 114 47 May
1518 2951 83 47 16;
1634 2951 42 39 A
1707 2949 171 49 62691;
1914 2952 203 39 Modern
2149 2951 141 39 home
2321 2950 109 48 pub.

483 3021 82 35 co.,
597 3009 91 41 inc.
760 3009 283 49 (33-13485)

408 3112 219 67 Moore,
657 3114 156 54 John
845 3115 266 63 Bassett,
1147 3118 171 50 1860-
1533 3113 84 53 ed.

478 3191 427 54 International
956 3191 445 70 adjudications,
1450 3192 225 53 ancient
1726 3191 113 53 and
1887 3191 265 66 modern;
2203 3191 225 67 history

409 3272 113 52 and
568 3271 349 68 documents,
964 3272 261 69 together
1273 3272 140 52 with
1459 3271 366 53 mediatorial
1870 3277 241 63 reports,
2158 3270 268 71 advisory

409 3349 283 70 opinions,
726 3352 112 52 and
871 3352 96 53 the
999 3351 279 54 decisions
1309 3351 64 54 of
1405 3352 274 53 domestic
1710 3351 406 61 commissions,
2148 3370 73 33 on
407 3351 1995 132 international
708 3431 216 62 claims,
963 3431 191 53 edited
1194 3431 75 69 by
1306 3431 159 54 John
1506 3434 227 50 Bassett
1774 3432 213 52 Moore.
2063 3431 244 53 Modern
410 3450 1992 122 series,
572 3510 245 54 Volume
850 3531 48 34 v.
976 3545 11 33 [
994 3529 36 33 i.
1075 3510 251 69 Spanish
1360 3510 358 69 spoliations,
1757 3510 148 54 1795.
1979 3529 61 33 ii.
2082 3511 224 52 French
409 3511 1993 147 indemnity,
715 3592 149 50 1803.
930 3608 86 34 hi.
1058 3590 225 53 French
1309 3589 341 69 indemnity,
1681 3593 151 63 1831]
1901 3590 138 52 New
2069 3590 180 66 York,
410 3591 1991 130 London
559 3675 138 60 [etc.]
733 3667 230 56 Oxford
994 3669 321 70 university
1344 3689 174 49 press,
1552 3673 149 48 1933.

484 3755 76 30 xv.
598 3744 85 39 502
720 3755 43 38 p.
827 3743 57 41 24½
917 3746 43 22 cm
965 3776 8 8 .
1051 3744 300 49 (Half-title:
1389 3743 334 42 Publications
1760 3743 52 43 of
1848 3744 83 41 the
1969 3743 237 49 Carnegie
412 3744 1999 98 endowment

575 3802 81 40 for
688 3802 352 41 international
1076 3813 159 38 peace.
1298 3802 223 40 Division
1557 3802 52 40 of
1642 3802 353 41 international
2030 3802 109 47 law,
410 3801 2002 101 Washington)

490 3918 131 39 Each
650 3917 192 40 volume
867 3918 92 40 has
988 3916 181 49 special
1198 3919 98 45 t.-p.

486 3988 78 38 for
597 3987 352 41 international
985 3997 159 38 peace,
1178 3987 339 48 Washington.

417 4040 51 52 ©
504 4045 113 47 Apr.
653 4044 68 43 25,
758 4043 141 48 1933;
937 4045 67 40 2c.
1041 4045 95 39 and
1173 4044 82 40 aff.
1293 4045 115 47 May
1443 4045 82 46 12;
1563 4045 41 38 A
1639 4044 171 47 62665;
1850 4044 237 49 Carnegie
2123 4045 304 40 endowment
