2484 4405
1069 4080 134 49 1643

136 447 309 66 Mathews,
478 447 247 65 Shatter,
762 450 171 49 1863-

269 523 1864 70 … Immortality and the cosmic process, by Shatter Mathews.
141 602 361 67 Cambridge,
529 602 273 53 Harvard
831 601 318 68 university
1179 620 174 49 press,
1385 605 149 49 1933.

204 678 26 35 4
259 686 41 36 p.
365 706 8 16 l.,
407 675 144 48 [3]-51
581 685 41 36 p.
684 674 54 40 18
741 676 43 21 cm
789 705 8 8 .
870 674 123 47 (The
1024 675 237 46 Ingersoll
1292 677 222 44 lectures,
1543 672 138 48 1933)

137 726 50 52 ©
219 732 124 47 Sept.
371 731 69 46 28,
468 731 111 39 1933
599 742 8 34 ;
636 732 66 38 2c.
732 731 101 40 Oct.
861 732 52 45 7;
943 730 80 39 aff.
1054 730 102 41 Oct.
1184 731 52 46 3;
1267 731 42 38 A
1334 731 169 46 66526;
1535 730 255 41 President
1818 732 94 38 and
1940 731 191 40 fellows

203 788 51 38 of
288 788 226 39 Harvard
550 788 190 45 college,
777 787 300 47 Cambridge,
1115 788 144 39 Mass.
1331 787 279 48 (33-34602)

138 888 262 56 Mekilta.

1801 963 266 84 מכילתא
1587 989 164 60 דרבי
1249 963 290 86 ישמעאל.
959 989 214 58 הוצאה
721 989 188 60 חדשה
583 965 90 82 על
463 989 68 56 פי
251 989 164 58 כתבי
133 991 66 56 יד

1867 1083 270 62 ודפוסים
1647 1087 164 58 ישנים
1499 1089 92 56 עם
1277 1087 168 58 שינויי
959 1087 266 60 נוסחאות
691 1087 214 60 ומראה
397 1087 240 80 מקומות
133 1089 212 58 ותרגום

1899 1181 240 62 והערות
1671 1185 188 58 בשפת
1425 1163 218 82 אנגלית
1247 1187 142 58 מאת
1045 1185 168 80 יעקב
777 1161 238 84 בצלאל
571 1185 166 80 הכהן
131 1163 406 102 לויטערבאך.

2121 1327 10 12 .
2009 1291 108 64 1,2
1961 1331 12 10 .
1923 1307 36 32 v
1433 1261 406 88 פילאדלפיא,
1161 1285 238 58 החברה
861 1285 264 58 היהודית
559 1261 264 82 להוצאת
311 1285 212 58 ספרים
133 1287 140 56 אשר

1775 1387 360 69 באמיריקא,
1493 1383 238 68 תרצ״ד.

206 1464 26 37 2
260 1474 40 28 v.
359 1464 53 38 17
415 1465 43 20 cm
463 1493 8 8 .
539 1463 296 47 (Half-title:
868 1463 149 39 Schift
1046 1463 187 47 library
1261 1463 52 39 of
1339 1463 183 39 Jewish
1552 1463 223 46 classics)

210 1520 165 38 Added
406 1522 123 44 t.-p.:
561 1518 201 40 Mekilta
791 1519 232 38 de-Rabbi
1055 1519 238 46 Ishmael;
1324 1529 27 29 a
1379 1518 188 40 critical
1596 1518 182 40 edition
1806 1529 58 29 on
1892 1520 81 38 the
2001 1518 130 40 basis

140 1575 50 40 of
218 1576 81 39 the
324 1575 325 48 manuscripts
677 1576 94 39 and
796 1576 132 46 early
955 1575 209 40 editions
1191 1575 118 40 with
1335 1586 62 31 an
1423 1575 202 48 English
1651 1575 308 47 translation,
141 1575 1974 97 introduction

363 1632 1768 49 and notes, by Jacob Z. Lauterbacli … Philadelphia, The Jewish
138 1690 298 47 publication
467 1691 180 46 society
677 1689 51 40 of
758 1690 237 46 America,
1027 1690 127 40 1933.

212 1746 207 39 Hebrew
449 1748 104 37 text
583 1747 94 38 and
709 1746 201 47 English
943 1747 296 40 translation
1267 1757 60 28 on
1357 1746 217 48 opposite
1608 1755 159 39 pages.

209 1802 160 48 Paged
398 1802 48 39 in
476 1802 259 48 duplicate.

143 1856 52 51 ©
227 1860 97 40 Oct.
358 1861 67 43 27,
458 1860 138 41 1933;
631 1860 65 40 2c.
729 1862 118 38 each
877 1861 116 40 Nov.
1025 1861 51 45 9;
1113 1861 106 39 affs.
1252 1862 118 38 Nov.
1400 1861 54 46 4;
1490 1860 39 39 A
1560 1860 157 45 68011,
1750 1859 170 46 68012;
1956 1859 183 40 Jewish

213 1917 297 47 publication
539 1927 90 29 soc.
661 1918 51 39 of
740 1918 235 39 America.
1051 1918 280 47 (33-34606)

139 2018 317 66 Michigan.
531 2023 277 65 Supreme
839 2028 175 48 court.

211 2096 1922 70 Michigan reports. Cases decided … from September 16 to
141 2175 306 51 December
513 2179 47 54 6,
629 2179 148 48 1932.
871 2176 255 52 Richard
1271 2221 8 8 W.
1349 2178 238 66 Cooper,
1652 2182 143 47 state
1861 2181 273 63 reporter,

142 2272 50 33 v.
233 2256 118 49 260.
427 2257 87 49 1st
552 2253 85 53 ed.
714 2254 269 68 Chicago,
1024 2254 321 68 Callaghan
1386 2256 110 51 and
1538 2271 296 51 company,
1878 2257 149 50 1933.

207 2327 162 45 xxxiv,
399 2327 85 40 787
509 2339 42 36 p.
607 2327 56 39 23
664 2330 16 20 cm
714 2359 7 7 .

142 2379 50 52 ©
233 2385 110 38 Dec.
383 2383 38 47 6,
462 2384 139 45 1933;
642 2384 65 40 2c.
748 2385 94 39 and
882 2383 80 41 aff.
1004 2385 111 39 Dec.
1156 2384 52 46 9;
1250 2385 40 38 A
1330 2385 169 45 68448;
1542 2385 167 38 Frank
1748 2384 55 38 D.
1847 2383 290 47 Fitzgerald,

205 2444 248 43 secretary
479 2441 51 38 of
555 2443 128 37 state
708 2440 78 40 for
813 2442 80 38 the
920 2443 128 38 state
1074 2441 53 39 of
1154 2441 259 46 Michigan,
1441 2441 227 47 Lansing,
1698 2440 142 40 Mich.

141 2527 351 55 Minnesota.
567 2532 276 65 Supreme
874 2536 175 47 court.

211 2605 321 54 Minnesota
572 2612 235 62 reports,
884 2627 48 32 v.
977 2607 113 54 187.
1170 2608 167 54 Cases
1376 2609 216 67 argued
1632 2609 110 52 and
1782 2608 352 53 determined

144 2685 1966 143 … August 12, 1932-January 13, 1933. Ethel M. Martin, reporter.
429 2761 82 55 St.
552 2764 165 65 Paul,
756 2764 227 52 Review
1022 2765 336 68 publishing
1398 2783 298 50 company,
1738 2767 151 49 1933.

211 2835 163 47 xxxiv,
405 2837 86 39 726
552 2869 5 7 p.
616 2837 59 38 22½
705 2840 43 20 cm
754 2870 7 6 .

145 2888 50 52 ©
223 2893 115 46 July
364 2893 69 46 27,
461 2893 111 40 1933
591 2904 8 34 ;
630 2894 65 39 2c.
724 2895 110 39 Dec.
862 2894 53 45 9;
946 2894 81 41 aff.
1055 2895 112 39 Dec.
1196 2895 52 46 8;
1279 2894 41 38 A
1346 2894 170 46 67490;
1548 2894 130 39 Mike
1706 2894 158 45 Holm,
1894 2895 245 46 secretary

215 2949 51 40 of
292 2950 80 38 the
397 2951 128 38 state
551 2950 51 40 of
627 2950 271 40 Minnesota
927 2950 47 39 in
1005 2953 131 37 trust
1160 2951 78 38 for
1267 2952 79 38 the
1374 2951 174 39 benefit
1575 2951 53 40 of
1653 2952 81 38 the
1761 2952 166 46 people
1955 2950 51 39 of
2033 2950 106 39 said

211 3008 141 42 state,
385 3006 65 40 St.
482 3007 134 38 Paul.

144 3092 316 67 Moreland,
491 3096 153 52 John
675 3095 276 64 Richard,
986 3099 170 49 1880-

210 3172 118 54 The
380 3191 166 33 moon
596 3173 246 55 mender,
892 3173 73 67 by
1017 3173 157 54 John
1224 3171 253 55 Richard
1527 3171 318 54 Moreland.
1919 3171 220 67 Dallas,

141 3250 1159 69 Tex., The Kaleidograph press [ c 1933]
210 3323 64 48 xi,
305 3324 145 41 13-87
478 3335 42 37 p.
579 3324 57 40 20
639 3327 43 21 cm
688 3357 9 8 .

213 3381 184 41 Poems.

147 3433 50 52 ©
233 3439 116 39 Nov.
386 3440 38 45 1,
461 3439 139 45 1933;
638 3439 65 39 2c.
741 3439 117 39 Nov.
896 3439 80 41 16;
1016 3438 80 40 aff.
1135 3439 117 39 Nov.
1289 3439 81 46 15;
1410 3439 41 38 A
1486 3439 170 46 68101;
1697 3439 43 39 J.
1778 3439 56 39 R.
1874 3438 265 48 Moreland,

216 3495 218 40 Norfolk.
464 3496 84 39 Va.
623 3495 278 46 (33-34782)

148 3584 340 64 Morhange,
518 3584 220 57 Pierre.

277 3661 1581 68 … La vie est unique … Paris, Gallimard [ c 1933]
213 3733 788 51 4 p. l.. [13]-165 p„ 1 l. 19 cm .
216 3791 167 40 Poems

481 3878 7 8 CONTENTS..
504 3870 57 5 —
580 3847 432 48 Angouleme.—La
1055 3850 199 45 poterne
1290 3849 82 38 des
1409 3846 496 49 peupliers.—Cahier
1940 3857 199 30 numéro

148 3904 257 39 tant.—Un
436 3904 110 47 jour
580 3905 57 39 de
668 3903 120 49 plus.

149 3954 1932 52 © July 22, 1933: 1c. Oct. 14; A-Foreign 22374; Librairie Gallimard.
229 4015 277 43 (33-35374)
