2484 4405
1121 4045 99 50 663

147 393 209 51 Texas.
430 392 184 64 Laws,
641 394 257 61 statutes,
925 394 101 47 etc.

217 466 279 56 Vernon’s
537 465 308 56 annotated
886 464 245 56 Revised
1172 464 135 54 civil
1349 464 112 54 and
1502 464 263 55 criminal
1804 469 242 49 statutes
2085 465 62 55 of

147 546 96 53 the
272 551 145 49 state
449 546 62 52 of
542 548 199 52 Texas.
817 543 191 69 April,
1043 546 152 64 1933,
1225 542 211 70 special
1467 543 317 70 pamphlet,
1815 543 334 71 containing

150 626 76 51 all
255 626 138 51 laws
420 623 64 53 of
512 643 31 32 a
572 624 230 68 general
833 623 112 52 and
976 626 335 67 permanent
1339 627 203 49 nature
1571 622 63 53 of
1662 622 95 54 the
1784 622 139 55 43rd
149 615 1975 163 Legislature,

390 702 230 69 regular
657 701 211 53 session
908 701 154 53 from
1101 700 204 54 March
1345 705 30 49 8
1415 707 57 48 to
1510 701 175 68 April
1724 705 50 65 8,
1814 704 154 66 1933,
2007 703 141 54 with

147 774 2002 79 table and index … Kansas City, Vernon law book company
154 893 12 33 [
171 867 18 21 c
194 862 133 50 1933
334 892 12 34 ]

221 931 583 54 1 p. l., 5-56 p. 24½cm.
157 986 52 52 ©
238 990 112 48 Apr.
378 990 69 46 21,
476 988 113 42 1933;
646 989 66 39 2c.
743 989 95 40 and
867 988 81 40 aff.
979 989 115 48 May
1122 989 81 41 11;
1234 989 42 40 A
1304 990 170 47 61780;
1505 991 194 41 Vernon
1728 993 95 38 law
1851 991 124 41 book
2003 1004 68 29 co.

149 1092 248 63 Thuma,
426 1091 186 54 Helen
644 1093 185 53 Doan.

223 1167 224 57 Golden
480 1171 238 63 sunsets,
750 1167 78 69 by
864 1167 188 53 Helen
1087 1167 168 53 Doan
1290 1167 242 53 Thuma.
1609 1166 349 71 Cincinnati,
1993 1169 161 53 Priv.

154 1245 174 69 print.
365 1245 138 68 [The
531 1243 327 55 McDonald
886 1242 266 72 printing
1180 1261 80 37 co.]
1317 1247 148 53 1933.

227 1317 85 51 [33]
344 1328 43 39 p.
448 1317 55 40 17
507 1319 44 21 cm
556 1352 8 8 .

225 1374 185 42 Poems.

161 1428 51 53 ©
235 1433 111 48 Apr.
372 1432 69 48 20,
467 1430 140 49 1933;
632 1432 66 41 2c.
725 1432 95 41 and
846 1431 80 41 aff.
952 1431 115 50 Apr.
1091 1432 84 47 28;
1201 1432 41 39 A
1266 1432 169 46 62395;
1465 1433 60 42 H.
1551 1434 56 39 D.
1634 1433 203 47 Thuma,
1865 1430 293 47 Cincinnati.

236 1488 280 51 (33-11944)

155 1590 220 67 Walsh,
401 1591 256 57 William
685 1591 334 68 Sebastian,
1050 1600 174 49 1890-

228 1668 1927 77 Peace of mind and body, by William S. Walsh … New
161 1744 175 71 York,
362 1748 70 52 E.
457 1748 66 53 P.
549 1748 223 53 Dutton
799 1752 45 51 &
872 1768 97 48 co.,
994 1750 108 52 inc.
1137 1783 12 34 [
1154 1756 18 21 c
1178 1752 152 65 1933]

230 1818 88 43 249
349 1832 44 44 p.
454 1820 145 42 19½cm.

232 1875 163 43 “First
427 1876 226 44 edition.”

164 1929 51 52 ©
243 1934 113 48 Apr.
383 1934 71 40 20.
482 1934 140 41 1933:
653 1935 66 39 2c.
749 1935 92 40 and
873 1935 81 40 aff.
983 1935 112 49 Apr.
1127 1936 82 46 22;
1240 1935 41 41 A
1310 1937 170 46 61623;
1513 1940 52 39 E.
1596 1940 49 37 P.
1678 1940 188 40 Dutton
1894 1941 37 41 &
1958 1951 81 37 co.,
2070 1942 91 41 inc.

240 1990 281 50 (33-11853)

159 2080 196 66 Ward,
384 2081 246 56 Charles
657 2082 320 65 Henshaw,
1009 2087 174 52 1872-

230 2155 306 58 Grammar
574 2156 94 54 for
706 2158 395 70 composition,
1138 2161 75 69 by
1253 2160 62 55 C.
1354 2162 80 53 H.
1470 2164 200 54 Ward.
1746 2164 272 73 Chicago,

161 2162 1976 151 Atlanta [etc.] Scott, Foresman and company [ c 1933]
232 2307 102 47 xiii,
363 2307 88 41 450
478 2318 43 38 p.
580 2307 116 41 20cm.

169 2361 51 51 ©
251 2365 113 49 Apr.
399 2366 68 48 28,
502 2365 140 42 1933:
678 2367 64 39 2c.
778 2368 96 40 and
908 2368 80 40 aff.
1025 2371 115 46 May
1172 2370 53 46 1;
1260 2371 43 39 A
1335 2371 142 42 62413:
1546 2373 146 49 Scott,
1728 2376 264 41 Foresman
2028 2378 36 40 &
2097 2388 67 32 co.

245 2420 279 51 (33-11936)

161 2510 391 67 Weyergang,
582 2515 159 53 Max.

167 2588 1996 162 Wie lerne ich spielend bridge ? Eine bridge-fibel zum selbstunterricht, von Max Weyergang … Hannover, A. Sponholtz
170 2778 13 33 [
187 2751 20 21 c
210 2748 134 50 1929]

236 2817 475 51 187 p., 1 l. 19cm.
171 2869 52 52 ©
256 2876 114 46 May
400 2877 69 45 31,
503 2876 139 48 1929;
678 2878 66 41 1c.
778 2879 110 41 Dec.
922 2881 39 45 9,
995 2880 141 49 1930;
1172 2883 310 50 A-Foreign
1515 2886 171 47 20170;
1722 2887 147 41 Adolf
1906 2888 262 50 Sponholtz

238 2932 180 48 verlag,
447 2944 42 37 g.
518 2943 61 32 m.
609 2935 42 40 b.
679 2934 44 39 h.
794 2935 282 50 (33-11656)

166 3017 215 67 White,
414 3022 253 55 Edward
699 3024 227 67 Albert,
961 3028 172 56 1872-

240 3095 1926 89 The florist business, by Edward A. White … New York,
168 3172 122 54 The
318 3172 337 59 Macmillan
682 3198 299 51 company,
1010 3187 154 51 1933.

243 3245 96 48 xvi,
366 3247 85 41 426
479 3259 44 37 p.
583 3248 163 51 front.,
776 3252 142 50 illus.,
946 3257 172 48 plates.
1177 3257 115 41 22cm.
1361 3260 299 49 (Half-title:
1688 3265 101 40 The
1818 3266 135 42 rural
1984 3269 185 43 science

173 3303 174 50 series)

247 3358 128 44 “The
412 3364 196 47 general
645 3365 114 48 plan
798 3367 52 40 of
886 3368 100 41 this
1023 3369 122 41 book
1184 3370 43 41 is
1261 3372 189 41 similar
1489 3377 50 40 to
1577 3377 107 41 that
1723 3379 52 39 of
1811 3380 269 51 Principles
2117 3383 51 42 of

178 3413 299 44 floriculture
509 3419 86 41 but
629 3422 84 40 the
745 3422 158 42 entire
934 3426 302 49 manuscript
1269 3429 92 40 has
1394 3431 116 41 been
1545 3434 250 42 rewritten
1830 3438 96 41 and
1961 3439 207 51 brought

175 3483 63 37 up
266 3476 49 38 to
343 3473 348 45 date.”—Pref.

178 3525 52 52 ©
263 3531 112 48 Apr.
410 3533 67 46 11,
511 3532 140 48 1933;
687 3534 66 40 2c.
789 3537 95 39 and
919 3537 81 40 aff.
1035 3539 112 48 Apr.
1184 3541 82 47 12;
1302 3542 37 38 A
1377 3543 170 46 60973;
1585 3548 281 42 Macmillan
1901 3562 67 30 co.

255 3587 278 49 (33-11852)

172 3674 214 66 White,
415 3677 196 56 Julius
638 3680 245 59 Gilbert.

247 3750 187 57 Guide
461 3760 59 49 to
547 3757 96 53 the
672 3757 220 56 “Learn
912 3762 499 59 how-to-be-well”
1437 3772 258 68 lectures,
1720 3775 77 67 by
1824 3778 195 54 Julius

174 3772 1972 211 Gilbert White; health information, tables and charts … Nashville,
355 3908 1320 80 Tenn., Associated lecturers’ bureau [ c 1933]
