2540 4453
1116 4094 102 49 409

190 444 343 54 Aluminum
565 460 289 48 company
883 445 64 52 of
976 444 295 55 America.

259 520 338 53 Aluminum
620 522 61 51 in
704 522 392 52 architecture.
1156 521 361 67 Pittsburgh,
1537 521 121 65 Pa.,
1681 519 340 53 Aluminum
194 538 1970 129 company
373 600 63 53 of
463 598 284 66 America,
776 602 151 50 1932.

262 670 953 51 4 p. l., 11-234 p., 1 l. illus. 21½ cm .
269 727 222 42 Lettered
520 740 60 29 on
606 738 168 31 cover:
804 728 361 40 Architectural
1191 728 270 41 aluminum
1489 727 270 40 handbook.

195 783 51 52 ©
278 788 121 39 Mar.
430 788 68 46 13,
529 785 141 47 1933;
701 785 53 40 2c
801 787 121 39 Mar.
954 787 81 45 18;
1069 785 82 41 aff.
1183 787 122 38 Mar.
1337 785 81 47 20;
1452 786 40 39 A
1523 784 170 48 61009;
1728 784 282 40 Aluminum
2042 795 72 30 co.,
2142 786 51 40 of

261 843 236 41 America.
568 842 250 49 (33-7981)

187 945 2002 70 The American poetry circle anthology [1932] … New York,
255 1026 185 68 Leacy
474 1026 219 68 Naylor
727 1025 421 68 Green-Leach,
1184 1027 150 52 1932.

260 1101 87 40 120
374 1112 43 37 p.
476 1100 58 40 20½
565 1103 43 20 cm
614 1133 8 7 .

193 1154 51 52 ©
270 1159 111 39 Dec.
406 1157 69 47 19,
499 1157 141 46 1932;
666 1158 68 40 2c.
759 1158 96 39 and
881 1157 81 40 aff.
986 1157 113 47 Apr.
1125 1158 40 45 3,
1192 1156 140 47 1933;
1360 1157 40 39 A
1425 1157 171 46 61197;
1624 1158 157 46 Leacy
1806 1156 184 48 Naylor
262 1157 1929 105 Green-Leach,

461 1216 116 38 New
604 1215 144 39 York.

185 1318 209 65 Angel,
424 1319 209 64 Franz,
664 1318 170 55 1887-

258 1394 1866 69 Grundriss der mineralparagenese, von dr. Franz Angel …
187 1472 1738 69 und dr. Kudolf Scharizer … Wien, J. Springer, 1932.
259 1545 84 49 xii,
374 1545 100 49 293,
508 1547 55 49 [1]
595 1558 44 37 p.
699 1546 56 40 26
758 1549 15 20 cm
806 1578 10 9 .

191 1600 1998 52 © Sept. 29, 1932; 1c. Feb. 21, 1933; A-Foreign 19847; Julius Springer.
269 1661 249 48 (33-8677)

184 1765 267 65 Balfour,
477 1766 338 65 Hearnden,
842 1765 197 68 pseud.

255 1843 237 52 Murder
519 1842 111 53 and
654 1842 95 53 the
773 1840 326 57 red-haired
1124 1840 132 70 girl,
1282 1841 73 68 by
1384 1842 306 54 Hearnden
1720 1841 261 54 Balfour.
187 1843 1975 129 Boston

314 1922 112 51 and
455 1919 137 52 New
626 1918 178 69 York,
835 1918 316 69 Houghton
1181 1917 201 55 Mifflin
1416 1937 296 50 company,
1745 1922 149 50 1933.

253 1990 28 40 2
309 2001 44 38 p.
416 2022 9 16 l.,
454 1990 99 46 291,
587 1991 55 49 [1]
673 2002 44 37 p.
775 1991 56 40 19½
863 1993 45 22 cm
911 2022 10 9 .

254 2048 199 40 London
481 2047 183 41 edition
702 2048 223 48 (Hodder
955 2049 96 39 and
1082 2048 284 48 Stoughton,
1395 2048 214 48 limited)
1649 2049 89 40 has
1768 2049 135 41 title:
1935 2049 250 48 Anything

184 2104 156 48 might
371 2105 203 47 happen.

189 2161 51 52 ©
270 2166 122 39 Mar.
420 2165 69 43 29,
517 2165 141 46 1933;
687 2163 68 42 2c.
784 2166 95 39 and
908 2163 83 42 aff.
1019 2165 113 47 Apr.
1161 2165 53 45 3;
1246 2164 40 39 A
1314 2163 170 47 61189;
1516 2165 263 47 Houghton
1811 2163 167 41 Mifflin
2008 2177 67 28 co.

268 2221 249 49 (33-7957)

205 2325 261 65 [Barrow,
496 2325 210 54 Albert
735 2326 277 66 Stewart]
1050 2326 170 54 1867-

256 2400 184 56 Stand
475 2407 59 48 to
568 2420 144 52 your
746 2402 220 69 horses;
1004 2402 172 70 being
1210 2402 95 53 the
1342 2402 182 53 whole
1558 2406 92 48 art
1683 2401 112 53 and
1832 2406 252 65 mystery
2118 2400 65 53 of

184 2480 334 53 horse-back
564 2481 196 69 riding
806 2481 113 53 and
967 2499 209 51 venery
1221 2499 128 35 now
1397 2479 94 54 for
1538 2481 94 52 the
1681 2479 127 55 first
1853 2480 136 53 time
2036 2485 150 49 most

182 2558 217 69 lucidly
425 2559 113 53 and
565 2558 336 70 reasonably
926 2559 231 68 expos’d
1185 2559 113 53 and
1327 2559 422 53 demonstrated
1776 2563 58 48 to
1864 2558 77 55 all
181 2563 1977 125 sportsmen

347 2638 113 51 and
499 2641 333 63 supporters
871 2636 64 54 of
972 2656 37 49 y
1014 2643 18 21 e
1070 2637 182 67 chase,
1292 2636 253 53 whether
1585 2636 242 69 princes,
1865 2636 211 68 nobles,
2117 2653 66 37 or

183 2714 263 68 esquires,
476 2715 113 53 and
619 2714 250 54 likewise
897 2733 37 51 y
939 2721 18 21 e
985 2715 179 53 ladies
1194 2713 65 54 of
1287 2734 37 49 y
1327 2720 19 22 e
1375 2733 169 49 same,
1574 2713 263 71 whereby
1868 2715 136 67 they
2033 2715 148 53 shall

182 2797 146 48 most
365 2792 177 69 easily
579 2792 224 69 acquire
841 2812 167 50 every
1046 2798 118 48 sort
1201 2791 64 55 of
1303 2791 320 70 equestrian
1660 2792 523 69 accomplishment,

181 2869 75 69 by
306 2870 150 53 their
504 2876 147 47 most
701 2869 311 70 respectful
1064 2875 247 62 servant,
1364 2868 342 56 Sabretache
1782 2871 249 67 [pseud.];
2085 2871 97 53 the

182 2947 184 54 whole
402 2948 364 54 embellished
808 2949 139 53 with
990 2948 382 53 illustrations
1412 2947 76 69 by
1529 2947 239 53 Patrick
1810 2948 213 53 Bellew
2066 2949 111 53 and

180 3044 38 50 y
221 3031 19 22 e
275 3026 220 52 author.
569 3026 259 67 London,
865 3025 242 54 Printed
1146 3025 94 53 for
1278 3024 190 56 Ocean
1507 3024 336 71 publishing
1882 3043 298 53 company,

184 3106 149 53 1932.

251 3177 81 48 vii,
359 3177 98 48 145,
533 3198 11 30 [1]
573 3188 43 38 p.
676 3178 84 41 col.
790 3177 161 47 front.,
981 3178 157 48 plates
1176 3178 135 48 (part
1338 3177 111 47 col.)
1517 3176 147 41 25½cm.

186 3232 1994 55 © 1c. Feb. 8, 1933; A ad int. 17444; pubd. Dec. 14, 1932; A. S. Barrow,
254 3295 121 45 Iver,
412 3294 173 47 Bucks,
621 3294 235 47 England.
927 3293 250 49 (33-9248)

176 3383 179 66 Bary,
383 3384 164 55 Paul.

249 3460 107 52 Les
390 3461 287 67 colloïdes,
706 3462 151 52 leurs
890 3462 182 67 gelées
1107 3464 45 50 &
1183 3462 150 51 leurs
1366 3460 295 67 solutions,
1693 3480 106 48 par
1834 3463 148 52 Paul
2017 3464 159 67 Bary

243 3537 1795 68 … 2. éd., refondue et mise à jour. Paris, Dunod, 1933.
254 3608 83 49 xii,
366 3611 86 40 586
478 3623 42 36 p.
551 3612 108 39 incl.
687 3612 141 42 illus..
857 3612 169 41 tables,
1055 3611 180 48 diagrs.
1295 3610 55 40 25
1354 3612 44 22 cm
1402 3642 9 9 .

184 3663 1569 52 © Jan. 3, 1933; 1c. Feb. 10; A-Foreign 19733; Dunod.
261 3726 249 47 (33-8676)

177 3817 237 63 Beatty,
448 3816 197 65 Clyde.

247 3894 119 51 The
390 3892 100 67 big
515 3911 151 49 cage,
691 3892 72 67 by
792 3891 178 68 Clyde
998 3891 210 67 Beatty
1235 3891 139 52 with
1400 3891 255 56 Edward
1682 3892 292 74 Anthony,
2036 3894 137 55 New

179 3967 1324 70 York & London, The Century co. [ c 1933]
