2597 4403
1262 4113 99 50 136

362 501 732 51 4 p. l., 3-342, [2] p. 19½ cm .
365 560 165 41 “First
556 559 262 41 American
847 557 232 43 edition.”

646 615 287 42 CONTENTS.—Delicate
967 615 398 41 monster.—The
1400 614 156 49 single
1589 614 262 42 heart.—A
1884 615 97 49 day
2014 614 81 42 off.

298 685 53 53 ©
379 691 110 39 Jan.
518 690 40 47 3,
587 689 141 46 1933;
758 688 67 41 2c.
855 688 110 40 Jan.
994 687 54 49 5;
1078 686 83 41 aff.
1191 687 112 40 Feb.
1331 688 54 46 4;
1417 687 41 39 A
1487 685 172 50 59361;
1691 687 252 48 Margaret
1973 686 162 41 Storm
369 687 1938 100 Jameson
490 746 266 49 Chapman,
790 746 214 40 London.
1078 744 254 50 (33-3597)

290 867 367 65 Johannsen,
689 866 233 57 Albert.

361 947 57 52 A
449 944 347 69 descriptive
825 943 397 69 petrography
1255 943 64 54 of
1349 943 98 53 the
1476 943 237 69 igneous
1742 942 181 55 rocks,
1998 961 54 35 v.
2081 945 50 51 2.
2196 942 126 55 The

294 1022 2028 71 quartz-bearing rocks, by Albert Johannsen … Chicago, Ill.,
293 1106 122 52 The
446 1103 342 70 University
817 1103 63 53 of
912 1104 256 67 Chicago
1198 1122 158 49 press
1390 1136 14 34 [
1408 1109 18 21 c
1432 1106 136 49 1932
1574 1136 13 34 ]

368 1180 135 46 xxxi,
537 1178 88 42 428
656 1189 60 38 p.,
750 1181 24 38 1
831 1211 8 8 l.
903 1178 149 41 front.
1083 1178 50 48 (4
1166 1178 178 49 ports.)
1386 1177 128 41 illus.
1546 1178 132 49 (incl.
1715 1177 177 50 ports.)
1937 1178 170 46 tables,
2144 1177 182 49 diagrs.

293 1238 59 40 25½c
400 1240 28 21 m
433 1270 9 9 .

300 1305 53 53 ©
381 1310 120 39 Nov.
529 1308 69 47 15,
626 1306 142 49 1932;
799 1308 67 40 2c.
897 1308 96 39 and
1021 1306 83 41 aff.
1134 1307 110 40 Jan.
1274 1307 70 47 27,
1373 1304 144 51 1933;
1547 1307 41 39 A
1617 1305 172 49 59180;
1821 1306 286 49 University
2137 1307 52 40 of
369 1304 1940 112 Chicago,
529 1365 226 48 Chicago.

296 1484 284 66 Leacock,
611 1484 266 66 Stephen
907 1484 230 66 Butler,
1172 1488 134 52 1869–

366 1564 174 53 Mark
565 1564 223 68 Twain,
812 1564 76 68 by
916 1562 255 70 Stephen
1199 1563 271 55 Leacock.
1547 1564 139 53 New
1716 1564 182 68 York,
1925 1565 73 53 D.
2025 1564 300 68 Appleton

297 1646 115 52 and
438 1662 303 50 company,
773 1647 150 50 1933.

367 1715 1758 52 3 p. l ., 161, [1] p. front. (port.) 20 cm . [Appleton biographies]
369 1776 354 48 Bibliography:
787 1787 44 37 p.
869 1775 115 50 [157]

302 1845 53 53 ©
382 1850 112 40 Feb.
519 1851 40 46 3,
586 1848 114 41 1933;
756 1850 68 38 2c.
851 1849 97 39 and
974 1847 81 41 aff.
1085 1848 111 40 Feb.
1225 1847 28 40 6;
1306 1848 41 38 A
1373 1846 145 42 59305;
1576 1848 57 40 D.
1660 1847 241 49 Appleton
1927 1848 36 40 &
1990 1858 68 32 co.

380 1906 254 50 (33-3624)

321 2025 287 65 [Lécuyer,
637 2026 173 53 Mme.
841 2024 239 54 Andrée
1118 2025 331 68 (Husson)]
1486 2030 174 50 1885-

430 2101 1748 72 … Appel de flammes, roman. Paris, A. Michel [ c 1932]
368 2177 792 53 2 p. l., [7]-315 p., 1 l. 18½ cm .
369 2244 234 42 Author’s
628 2244 183 48 pseud.,
836 2242 167 42 André
1029 2242 211 49 Corthis,
1267 2244 53 38 at
1346 2243 125 40 head
1498 2242 52 42 of
1576 2243 123 42 title.

303 2314 53 53 ©
386 2319 119 39 Nov.
534 2318 69 45 14,
634 2316 118 42 1932;
839 2328 38 29 1c.
907 2317 112 39 Jan.
1048 2317 42 47 7,
1119 2315 115 41 1933;
1295 2316 315 49 A-Foreign
1640 2315 144 42 19295;
1845 2317 145 40 Albin
2022 2318 193 41 Michel.

383 2374 253 51 (33-4193)

294 2496 135 65 Lee,
459 2495 293 55 Annabel.

368 2573 330 54 Cinderella
728 2573 154 52 wife.
965 2574 368 66 [Instalment
1360 2577 52 62 4]

403 2650 61 38 (In
492 2644 162 43 Home
683 2643 206 52 making
920 2644 279 52 magazine,
1229 2644 134 51 Feb.,
1396 2644 145 51 1933)

303 2715 2023 54 © 1c Mar. 22, 1933; A ad int. 17604; pubd. Jan. 26; Elinor O'Donoghue,
372 2777 173 40 Boar’s
575 2776 118 49 Hill,
727 2776 203 47 Oxford,
964 2777 239 47 England.

299 2896 217 66 Leuck,
551 2899 140 53 Mrs.
726 2896 241 54 Miriam
1010 2896 299 67 (Simons)

432 2975 1886 73 … A further study of dental clinics in the United States [by]
298 3054 2024 58 Miriam Simons Leuck … statistical adviser: Charles A. It.
297 3132 2026 73 Ward well … Chicago, Ill., The University of Chicago press
304 3216 174 66 [1932]

371 3286 101 49 xix,
501 3285 87 42 179
614 3298 42 37 p.
685 3286 112 41 incl.
827 3287 170 40 tables.
1059 3286 56 40 23
1119 3288 43 21 cm
1168 3318 9 9 .
1247 3285 363 49 (Publications
1638 3286 52 41 of
1719 3287 81 40 the
1833 3286 288 42 Committee
2151 3300 60 29 on
2240 3290 84 41 the

301 3345 146 47 study
476 3344 52 41 of
553 3344 168 40 dental
750 3344 214 48 practice
993 3343 52 41 of
1072 3344 82 40 the
1182 3344 260 40 American
1470 3345 167 40 dental
1666 3344 295 41 association:
2020 3356 74 29 no.
2123 3345 53 47 4)

305 3418 53 53 ©
387 3423 112 40 Dec.
526 3422 70 44 20,
627 3421 141 48 1932;
799 3421 68 41 2c.
896 3423 97 39 and
1022 3421 80 40 aff.
1134 3422 109 40 Jan.
1275 3422 69 44 27,
1375 3420 114 43 1933;
1547 3423 41 39 A
1617 3421 144 42 59167;
1822 3422 284 50 University
2136 3424 52 40 of
375 3422 1931 105 Chicago,
539 3479 225 46 Chicago.
836 3478 254 49 (33-3681)

302 3590 185 63 Long,
518 3590 254 53 Roswell
805 3588 222 66 Curtis,
1062 3594 174 52 1893-

370 3664 1951 75 The story of our church, by Roswell C. Long … Richmond,
299 3743 126 58 Va.,
460 3744 403 68 Presbyterian
901 3745 320 52 committee
1255 3743 63 53 of
1352 3742 373 71 publication,
1761 3747 150 51 1932.

370 3815 98 48 188,
504 3814 56 50 [5]
594 3827 43 37 p.
697 3814 57 41 20
756 3817 44 22 cm
806 3847 9 8 .

372 3872 191 41 “Books
594 3872 80 40 for
703 3872 198 41 further
935 3872 230 48 reading”
1199 3876 53 38 at
1281 3875 92 39 end
1406 3873 52 41 of
1487 3875 121 40 each
1639 3875 217 47 chapter.

304 3941 52 54 ©
390 3947 112 46 May
533 3947 68 44 14,
632 3946 141 48 1932;
806 3946 67 42 2c.
905 3947 95 39 Jan
1047 3947 68 46 13,
1147 3945 141 48 1933;
1322 3946 83 40 aff.
1437 3947 112 40 Jan.
1580 3947 82 47 12;
1696 3948 39 38 A
1766 3947 173 47 58900;
1974 3945 348 49 Presbyterian

373 4003 278 41 committee
683 4004 52 40 of
768 4003 315 49 publication.
1155 4004 254 48 (33-3734)
