2582 4453
1440 4143 30 50 606

381 467 230 65 Fisher,
643 467 254 55 Russell.

450 544 345 67 Dictionary
834 543 65 54 of
935 548 255 49 contract
1229 543 221 68 bridge,
1487 543 96 52 the
1616 542 263 55 Webster
1917 541 64 52 of
2018 544 274 65 contract,
2326 540 77 69 by

382 624 227 54 Russell
646 623 234 67 Fisher;
920 643 32 34 a
986 623 273 53 textbook
1296 622 94 53 for
1425 622 96 53 the
1556 621 303 70 beginner;
1900 639 32 35 a
1968 619 172 70 guide
2178 618 93 55 for
2306 621 97 54 the

382 699 2023 72 auction player; a manual for the accomplished … Clinton,
381 783 192 68 Mass.,
602 783 122 52 The
755 780 265 57 Colonial
1047 800 176 50 press,
1251 780 108 54 inc.
1395 782 194 66 [c1933]

454 858 59 40 32
533 868 43 38 p.
667 856 117 41 19½cm.

458 915 264 41 “Contract
746 914 170 47 bridge
943 914 192 48 scoring
1162 911 160 42 table”
1350 923 61 30 on
1435 911 341 50 lining-paper.

391 983 51 52 ©
474 987 116 48 Apr.
621 987 70 47 21,
753 986 85 41 1933;
900 987 66 40 2c.
1001 987 95 39 and
1129 985 83 40 aff.
1245 985 114 48 Apr.
1391 985 84 47 24;
1510 985 40 38 A
1584 984 171 48 61466;
1792 984 221 41 Colonial
2046 994 151 39 press,
2231 983 90 40 inc.

469 1044 282 49 (33-11173)

386 1148 174 66 Ford,
591 1149 134 64 Guy
755 1149 276 65 Stanton,
1097 1148 139 56 1873-

463 1224 229 58 Science
739 1226 114 54 and
899 1224 373 71 civilization,
1317 1227 76 69 by
1438 1226 134 70 Guy
1617 1226 249 56 Stanton
1910 1226 176 54 Ford.
390 1224 1993 150 [Minneapolis]

630 1305 1186 69 The University of Minnesota press [1933]
463 1376 56 44 29
552 1390 44 38 p.
657 1378 118 41 23cm.
847 1380 301 49 (Half-title:
1183 1381 102 40 The
1319 1381 97 47 day
1450 1380 97 40 and
1579 1382 125 39 hour
1737 1379 152 42 series
1923 1379 51 40 of

2006 1380 84 40 the
2125 1378 287 50 University

393 1435 655 51 of Minnesota … no. 1)
467 1493 1944 50 “This lecture was delivered on March 15, 1933 … under the auspices
394 1552 647 51 of … Sigma xi.”—p. [4]
397 1621 51 52 ©
477 1626 115 47 Apr.
620 1626 40 46 8,
690 1625 141 43 1933;
862 1625 66 39 2c.
959 1625 94 39 and
1084 1623 83 41 aff.
1196 1623 114 49 Apr.
1339 1622 82 47 20;
1453 1624 43 38 A
1524 1623 171 45 61418;
1728 1622 284 48 University
2042 1622 51 41 of
2124 1621 291 49 Minnesota,

466 1683 341 48 Minneapolis.
879 1681 281 49 (33-11151)

391 1789 175 64 Ford,
595 1789 147 52 Paul
773 1786 321 66 Leicester,
1129 1791 328 51 1865-1902.

463 1864 152 55 Who
648 1883 114 35 was
795 1865 95 53 the
923 1866 224 52 mother
1182 1866 64 52 of
1280 1865 332 53 Franklin’s
1647 1865 136 53 son?
1863 1865 96 52 An
1992 1865 298 53 historical

395 1883 1994 128 conundrum,
747 1943 255 54 hitherto
1045 1943 171 69 given
1258 1963 99 49 up,
1398 1963 129 34 now
1571 1945 197 67 partly
1812 1944 290 53 answered
2145 1944 77 67 by
2263 1943 149 53 Paul

396 2022 284 53 Leicester
721 2023 187 67 Ford;
954 2022 141 53 with
1139 2041 73 34 an
1255 2022 316 54 afterword
1614 2023 76 69 by
1732 2023 158 54 John
1932 2022 182 69 Clyde
2160 2022 254 55 Oswald.

398 2101 140 53 New
586 2101 290 69 Rochelle,
926 2103 160 52 Priv.
1136 2104 179 67 print,
1367 2108 59 47 at
1472 2104 97 51 the
1617 2103 267 68 Walpole
1933 2102 266 69 printing
2248 2102 167 67 office,

432 2184 119 51 1932.

472 2251 1802 53 33, [1] p., 1 l. mounted front., 1 mounted illus. (ports.) 23½cm.
475 2311 147 41 “This
649 2312 187 41 edition
863 2312 209 40 consists
1101 2312 51 40 of
1182 2323 88 30 one
1298 2313 223 40 hundred
1549 2313 161 48 copies
1737 2313 241 47 hand-set,
2009 2313 97 40 and
2134 2314 195 48 printed
2359 2325 60 30 on

403 2369 760 50 imported paper … no. 39.”
474 2428 101 40 The
601 2437 141 31 name
770 2427 51 41 of
847 2428 82 40 the
955 2436 190 31 woman
1172 2427 50 39 in
1248 2426 225 49 question
1500 2427 42 40 is
1569 2430 85 37 not
1679 2427 155 49 given.

404 2497 51 52 ©
483 2502 118 39 Nov.
661 2531 8 16 1,
699 2499 140 47 1932;
870 2499 67 39 2c.
967 2500 111 38 Dec.
1107 2498 52 45 6;
1191 2498 82 40 aff.
1303 2498 115 48 Apr.
1476 2498 39 47 10,
1545 2498 141 46 1933;
1718 2498 40 39 A
1787 2498 170 48 62330;
1990 2499 189 40 Harold
2209 2499 211 47 Walton,

472 2559 117 39 New
624 2558 146 40 York.
852 2553 56 52 [©
940 2556 284 49 afterword]
1298 2555 282 49 (33-11152)

401 2658 304 68 Garrison,
736 2658 272 57 Winfred
1039 2661 240 64 Ernest,
1313 2659 172 56 1874-

473 2739 121 53 The
626 2740 197 53 march
858 2738 65 55 of
956 2738 184 67 faith;
1175 2740 96 52 the
1305 2744 160 63 story
1498 2739 63 54 of
1594 2739 246 68 religion
1872 2739 61 52 in
1966 2738 268 54 America
2266 2738 151 54 since

440 2820 118 65 1865,
593 2818 76 68 by
703 2816 273 55 Winfred
1012 2817 213 53 Ernest
1261 2817 298 55 Garrison.
1633 2818 141 52 New
1811 2817 164 54 York
2011 2819 113 52 and
2160 2818 260 66 London,

404 2896 232 70 Harper
667 2899 47 51 &
741 2896 280 67 brothers,
1090 2899 118 51 1933.

481 2980 26 28 v
534 2982 58 37 p.,
618 2972 24 38 1
689 3002 23 16 l.,
739 2970 191 40 vii-viii
957 2981 57 38 p.,
1045 2972 23 38 1
1117 3002 23 16 l.,
1165 2969 87 41 332
1278 2981 43 38 p.
1383 2969 147 42 22½cm.

481 3028 163 42 “First
673 3027 229 42 edition.”

482 3085 235 41 “Sources
747 3086 96 39 and
874 3083 398 50 bibliography”:
1304 3096 43 37 p.
1375 3083 220 42 309-316.

411 3154 53 52 ©
495 3158 113 48 Apr.
638 3158 69 46 26,
767 3157 112 46 1933;
912 3157 66 39 2c.
1010 3156 113 48 Apr.
1155 3155 83 46 26;
1271 3155 82 40 aff.
1384 3156 115 48 Apr.
1530 3156 83 47 28;
1646 3157 40 38 A
1718 3156 171 43 62368;
1923 3157 195 48 Harper
2149 3157 36 41 &
2215 3159 125 39 bros.

489 3215 282 49 (33-11236)

408 3321 283 65 Graham,
721 3319 208 56 Abbie.

479 3398 122 53 The
643 3397 160 69 girls’
845 3415 194 49 camp;
1086 3395 538 73 program-making
1667 3397 93 55 for
1802 3415 247 36 summer
2089 3395 222 71 leisure,
2351 3398 77 70 by

411 3477 184 53 Abbie
629 3476 272 55 Graham.
979 3476 139 53 New
1154 3476 180 56 York.
1367 3477 121 53 The
1521 3477 273 54 Womans
1830 3494 174 51 press,
2075 3479 117 51 1933.

482 3552 82 49 vii,
586 3551 87 41 146
693 3562 42 38 p.
797 3550 118 42 21cm.

483 3609 228 41 Includes
731 3607 395 50 bibliographies.

418 3678 51 52 ©
505 3682 113 47 Apr.
653 3682 39 40 5.
729 3681 140 42 1933;
906 3682 67 39 2c.
1009 3681 114 47 Apr.
1159 3681 52 42 8:
1250 3680 82 40 aff.
1369 3681 111 47 Apr.
1519 3681 80 42 13;
1638 3682 39 38 A
1713 3681 171 44 61356;
1923 3681 233 41 National
2193 3681 150 41 board
2379 3680 52 41 of

544 3748 26 30 the
606 3739 170 44 Young
810 3738 226 42 women’s
1072 3738 250 41 Christian
1361 3738 323 41 associations
1721 3740 53 40 of
1809 3741 82 39 the
1929 3740 54 41 U.
2023 3740 45 40 S.
2104 3738 53 43 of
2191 3736 239 47 America,

486 3798 116 38 New
632 3798 144 39 York.
848 3796 282 49 (33-11159)

415 3900 198 65 Grieg,
645 3902 285 65 Nordahl,
965 3905 170 52 1902-

548 3978 1879 71 … De unge døde … med oversettelser av deres diktning.
417 4056 157 68 Oslo,
605 4056 348 70 Gyldendal,
1020 4059 117 50 1932.
