2540 4453
1114 4139 102 51 493

141 489 545 64 Crawley-Boevey,
714 487 218 53 Mateo.

275 555 1872 78 … Jesus, King of love, by Kev. Mateo Crawley-Boevey,
141 664 70 35 ss.
254 662 81 35 cc.
410 644 72 52 2d
523 643 104 68 ed.,
666 661 114 34 rev.
823 641 112 52 and
975 641 108 52 enl.
1157 636 343 55 Translated
1540 636 155 53 from
1734 635 96 52 the
1872 632 269 70 Spanish.

141 723 343 66 Fairhaven,
525 721 190 68 Mass.,
758 722 120 50 The
921 718 273 56 National
1238 721 189 48 center
1469 715 64 53 of
1572 715 96 52 the
1709 714 435 53 enthronement

164 805 175 64 [ c 1933 ]
213 872 751 53 2 p. l., vii-xvi, 365 p. 18 cm .
150 929 52 52 ©
234 934 122 39 Mar.
386 933 69 45 17,
487 929 114 42 1933;
661 929 68 41 2c.
759 931 96 38 and
887 928 82 40 aff.
1003 929 122 38 Mar.
1156 926 82 47 20;
1273 926 41 39 A
1346 925 171 47 61234;
1555 922 180 43 Sisters
1767 923 54 39 of
1851 922 86 41 the
1968 922 179 41 Sacred

217 990 181 46 hearts,
438 987 289 48 Fairhaven,
767 987 147 38 Mass.
986 984 250 49 (33-9872)

146 1093 258 65 Cubbon,
433 1090 173 55 Miles
634 1093 192 62 Hugo,
860 1094 170 51 1896-

219 1160 1929 78 Soil management for greenkeepers, by M. H. Cubbon … and
147 1244 1349 69 M. J. Markuson … Amherst, Mass., 1933.
225 1320 80 40 152
333 1330 42 38 p.
435 1320 171 48 plates,
637 1319 179 47 diagrs.
876 1316 57 41 20½
966 1319 44 21 cm
1015 1349 8 9 .

155 1375 52 52 ©
234 1381 121 38 Mar.
381 1378 68 47 21,
476 1378 140 47 1933;
643 1377 67 41 2c.
736 1378 95 38 and
857 1375 82 41 aff.
966 1377 121 38 Mar.
1114 1374 82 48 29;
1225 1375 40 38 A
1290 1374 170 47 61137;
1491 1374 63 40 M.
1581 1373 61 41 H.
1669 1373 198 40 Cubbon
1894 1373 96 39 and
2018 1372 60 39 M.
2108 1371 45 41 J.

223 1436 278 46 Markuson,
535 1434 243 48 Amherst,
811 1435 147 39 Mass.
1029 1431 251 50 (33-9409)

148 1539 393 65 Dahlsgaard,
569 1537 247 56 Marius.

278 1612 1872 70 … Thorkilds trael; en historie fra estlandstogets dage.
154 1695 395 70 [København]
587 1695 55 55 S.
675 1693 393 70 Hasselbalch,
1101 1696 151 51 1932.

228 1769 57 41 95
312 1779 43 38 p.
416 1768 56 41 19
475 1770 44 21 cm
523 1800 9 8 .

161 1822 1996 55 © Apr. 2, 1932; 1c. Jan. 27, 1983; A-Foreign 19487; M.. Dahlsgaard,
224 1884 268 49 Nykøbing,
525 1885 145 45 Mors,
702 1882 261 40 Denmark.
1033 1881 251 49 (33-9665)

152 1989 304 63 Edwards,
488 1987 191 65 Clara,
708 1987 173 52 “Mrs.
909 1987 166 52 Dean
1105 1985 162 65 Gray
1297 1985 344 54 Edwards.”

223 2067 204 54 Verses
479 2064 95 53 for
625 2064 144 69 busy
820 2081 235 51 women,
1105 2063 76 68 by
1232 2062 140 55 Mrs.
1424 2064 165 52 Dean
1641 2062 161 69 Gray
1854 2062 301 54 Edwards.

153 2143 313 69 Brooklyn,
494 2145 70 53 N.
595 2145 89 66 Y.,
713 2141 416 56 Lester-Shane
1160 2160 174 51 press,
1363 2142 107 54 inc.
1507 2175 14 35 [
1525 2148 19 21 c
1548 2144 133 50 1933
1688 2174 13 35 ]

223 2218 54 41 93
310 2230 43 36 p.
411 2216 150 41 front.
591 2217 172 48 (port.)
830 2217 55 40 21
889 2218 44 22 cm
938 2248 9 9 .

162 2271 52 52 ©
251 2276 121 39 Mar.
406 2274 69 46 24,
512 2273 140 48 1933;
689 2273 67 41 2c.
794 2274 122 39 Mar.
951 2272 83 49 24;
1073 2273 82 40 aff.
1191 2273 115 48 Apr.
1386 2284 8 36 1;
1434 2274 40 38 A
1510 2271 171 49 61179;
1721 2272 145 41 Clara
1905 2272 252 48 Edwards,

229 2331 235 47 Jamaica,
492 2332 55 39 N.
577 2332 53 39 Y.
701 2330 249 49 (33-9881)

156 2437 304 66 Edwards,
489 2436 137 58 Leo.

228 2512 1871 70 Trigger Berg and the cockeyed ghost, by Leo Edwards …
160 2590 1997 72 illustrated by Bert Salg. New York, Grosset & Dunlap [ c 1933]
228 2664 80 49 vii,
332 2666 86 39 246
442 2676 42 37 p.
544 2666 163 47 front.,
733 2667 171 47 plates.
965 2665 56 40 19½
1053 2667 44 21 cm
1101 2695 9 9 .
1175 2663 106 50 [His
1305 2665 101 40 The
1430 2664 202 49 Trigger
1658 2666 127 47 Berg
1808 2665 166 50 series]

165 2717 51 53 ©
246 2723 112 47 Apr.
389 2723 67 46 13,
487 2721 140 48 1933;
660 2722 67 41 2c.
758 2723 95 39 and
883 2722 82 40 aff.
996 2723 114 47 Apr.
1140 2722 82 47 15;
1255 2722 41 39 A
1326 2721 170 48 61362;
1531 2722 198 41 Grosset
1761 2723 36 40 &
1829 2722 210 50 Dunlap,
2069 2723 91 41 inc.

241 2779 251 49 (33-9402)

158 2884 519 54 Electrochemical
706 2884 244 65 society.

159 2961 1976 147 Transactions … Volume LXII. 62d general meeting Cleveland,
352 3039 169 69 Ohio,
561 3041 334 67 September
927 3044 85 64 22,
1048 3044 65 50 23
1152 3042 112 52 and
1301 3045 85 64 24,
1426 3045 149 49 1932.
1650 3045 140 52 New
1825 3044 163 54 York
2025 3044 135 68 city,

159 3119 121 52 The
310 3119 502 54 Electrochemical
842 3120 227 70 society,
1098 3121 126 69 inc.,
1254 3124 152 51 1933.

235 3193 1491 52 xiii, 411 p. front. (port.) illus., tables, diagrs. 23½ cm .
169 3245 52 52 ©
247 3251 115 47 Apr.
389 3252 67 45 17,
485 3250 140 47 1933;
655 3250 66 42 2c.
751 3253 96 39 and
874 3252 83 41 aff.
983 3253 115 47 Apr.
1126 3252 82 48 18;
1238 3253 44 39 A
1306 3253 170 48 61389;
1508 3253 430 42 Electrochemical
1968 3255 196 49 society,

238 3306 89 41 inc.

162 3396 122 52 The
316 3397 445 64 Encyclopaedia
791 3398 353 57 britannica.

300 3473 1865 71 … Botany: plants and gardening; a selection of articles
170 3548 150 53 from
347 3550 95 52 the
471 3568 123 34 new
625 3552 131 51 14th
786 3552 216 53 edition
1031 3552 64 53 of
1124 3554 95 52 the
1250 3554 440 69 Encyclopædia
1719 3555 343 70 britannica,
2088 3557 77 70 by

169 3626 94 52 the
315 3627 301 69 following
665 3629 365 54 authorities:
1080 3629 238 71 Liberty
1367 3631 173 70 Hyde
1592 3632 220 71 Bailey,
1866 3633 63 56 C.
1980 3635 65 53 L.
2097 3635 67 55 T.

173 3704 1994 74 Beeching, Vernon Herbert Blackman [and others] … with
171 3799 171 50 many
384 3781 111 53 full
537 3801 144 51 page
723 3785 183 66 plates
949 3784 59 53 in
1051 3787 194 51 colour
1288 3787 113 53 and
1443 3787 279 54 halftone.
1803 3789 139 53 New
1986 3790 182 69 York,

174 3859 436 69 Encyclopædia
660 3861 340 70 britannica,
1051 3863 137 67 inc.;
1241 3864 260 71 London,
1552 3866 121 54 The
1726 3868 442 70 Encyclopædia

173 3936 319 55 britannica
519 3957 98 48 co.,
645 3940 100 52 ltd.
825 3943 152 65 [c1933]

244 4009 1865 57 xvii p., 1 l., 239 p. col. front., illus., plates (part col.) diagr. 28 cm .
185 4065 308 48 (Britannica
520 4067 192 42 booklet
737 4080 74 30 no.
838 4069 52 48 9)
