2582 4453
1368 4065 103 56 742

412 380 246 67 Reeves,
692 382 184 65 Floyd
908 382 251 67 Wesley,
1195 389 173 50 1890-

547 460 1890 73 … Some university student problems [by] Floyd W. Reeves
439 541 131 66 [and]
621 540 158 55 John
825 541 149 53 Dale
1018 542 243 53 Russell.
1340 540 273 71 Chicago,
1658 543 115 68 Ill.,
1818 543 125 54 The
1987 544 341 69 University
2374 544 64 53 of

416 618 258 70 Chicago
704 638 157 51 press
902 624 174 65 [1933]

483 693 100 48 xix,
602 692 87 41 194
707 704 42 37 p.
801 695 181 48 diagrs.
1035 694 57 42 19½
1123 698 15 21 cm
1173 728 8 8 .
1243 696 127 48 (The
1394 695 285 50 University
1702 696 52 41 of
1775 695 211 50 Chicago
2010 707 189 38 survey,
2254 698 92 41 vol.
2371 698 57 47 x)

489 751 68 39 “A
587 752 189 47 sample
810 752 53 40 of
895 752 135 41 titles
1064 752 50 40 in
1149 753 83 40 the
1264 752 191 49 library
1485 752 54 41 of
1570 753 83 40 the
1687 753 193 49 College
1913 752 249 42 residence
2195 754 129 41 halls
2358 755 80 40 for

412 806 138 41 men”:
614 818 42 37 p.
679 807 219 43 183-184.

419 862 2016 55 © Apr. 4, 1933; 2c. May 2; aff. Apr. 29; A 61550; University of Chicago,
488 923 224 48 Chicago.
785 924 283 48 (33-12610)

548 1027 1890 70 … Trends in university growth [by] Floyd W. Reeves,
416 1106 212 53 Ernest
660 1106 61 55 C.
754 1106 199 55 Miller
1008 1108 133 67 [and]
1177 1107 159 55 John
1368 1108 151 53 Dale
1546 1108 245 53 Russell.
1868 1107 273 70 Chicago,
2171 1109 116 68 Ill.,
2318 1108 125 53 The

415 1185 341 70 University
785 1186 65 53 of
878 1185 257 71 Chicago
1163 1205 159 51 press
1354 1190 174 65 [1933]

484 1261 132 47 xxvi,
635 1260 89 40 242
739 1272 44 37 p.
836 1262 180 48 diagrs.
1070 1261 58 41 19½
1158 1264 45 21 cm
1209 1297 8 7 .
1280 1262 125 49 (The
1425 1261 286 49 University
1729 1261 53 42 of
1799 1261 213 49 Chicago
2028 1272 193 38 survey,
2274 1263 93 40 vol.
2415 1263 14 49 I)

419 1314 2019 55 © Apr. 4, 1933; 2c. May 2; aff. Apr. 29; A 61541; University of Chicago,
490 1376 224 48 Chicago.
788 1377 283 47 (33-12611)

548 1479 1892 70 … University extension services [by] Floyd W. Reeves, C. O.
415 1558 353 69 Thompson,
807 1559 230 53 Arthur
1075 1559 57 55 J.
1173 1559 178 54 Klein
1398 1594 14 34 c
1417 1561 133 66 and]
1595 1560 159 54 John
1794 1561 150 53 Dale
1983 1561 244 53 Russell.
415 1559 1998 147 Chicago,

600 1638 115 68 Ill.,
742 1638 125 54 The
893 1638 341 70 University
1259 1638 65 54 of
1353 1638 254 70 Chicago
1634 1657 158 51 press
1826 1642 173 65 [1933]

486 1723 78 37 xv,
592 1713 84 40 173
700 1724 43 37 p.
798 1712 56 41 19½
887 1715 44 21 cm
937 1745 8 8 .
1009 1714 126 48 (The
1161 1713 286 49 University
1473 1713 53 41 of
1553 1713 213 48 Chicago
1788 1723 194 37 survey,
2039 1713 90 41 vol.
2261 1715 13 47 VIII)

415 1769 2005 108 “The present volume is a summary drawn from the materials presented in … [the] dissertation
1261 1828 146 49 [“The
1430 1826 256 42 extension
1714 1837 228 39 program
1969 1827 53 41 of
2045 1828 82 40 the
2153 1826 284 50 University

415 1883 53 40 of
494 1883 256 49 Chicago”,
775 1885 63 48 by
864 1884 50 44 C.
942 1884 52 42 O.
1023 1885 293 49 Thompson]
1345 1885 223 47 together
1595 1883 121 42 with
1744 1883 191 42 certain
1960 1884 333 48 comparative
2319 1885 118 40 data

413 1940 131 41 from
571 1942 140 39 other
738 1941 698 49 institutions.”—Foreword,
1464 1952 43 38 p.
1536 1940 102 42 viii.

420 1995 2017 52 © Apr. 4. 1933; 2c. May 2; aff. Apr. 29; A 61548; University of Chicago,
490 2056 224 49 Chicago.
787 2057 283 48 (33-12612)
2228 2055 119 42 5005

417 2146 1998 149 … University plant facilities [by] Floyd W. Reeves, Frederick J. Kelly [and]
1135 2227 158 55 John
1335 2227 149 53 Dale
1524 2227 246 53 Russell.
1846 2225 274 70 Chicago,
2160 2226 116 69 Ill.,
2319 2226 123 53 The

416 2305 342 68 University
784 2305 66 56 of
877 2305 255 70 Chicago
1161 2325 158 50 press
1353 2308 174 66 [1933]

485 2379 106 50 xiii,
610 2380 85 40 154
714 2391 43 38 p.
807 2381 181 48 diagrs.
1038 2379 58 42 19½
1127 2383 44 21 cm
1176 2412 8 8 .
1247 2381 125 47 (The
1392 2379 286 49 University
1696 2379 52 42 of
1766 2378 212 50 Chicago
1996 2390 192 38 survey,
2238 2381 93 39 vol.
2349 2379 80 49 ix)

422 2434 2016 52 © Apr. 4, 1933; 2c. May 2; aff. Apr. 29; A 61549; University of Chicago,
491 2496 225 48 Chicago.
788 2496 284 47 (33-12614)

413 2587 267 65 Richter,
714 2587 213 65 Georg.

487 2663 75 69 A,
604 2664 69 68 E,
713 2664 51 69 I,
804 2662 70 69 O,
913 2664 75 68 U,
1027 2663 723 70 kraft—welle—mensch,
1791 2681 112 35 von
1947 2662 193 71 Georg
2180 2663 256 54 Richter.

417 2743 280 67 Dresden,
724 2741 75 55 K.
829 2742 354 69 Hartmann,
1213 2746 152 50 1931.

490 2816 763 48 174 p. front. (port.) 24 cm .
490 2874 119 41 “Die
651 2874 147 40 listen
840 2875 84 39 des
965 2874 344 47 vorliegenden
1349 2874 180 39 buches
1571 2873 255 41 enthalten
1866 2873 108 41 eine
2017 2872 307 49 gleichzeitig
417 2883 2001 90 erscheinende

740 2932 433 48 taschenausgabe,
1207 2932 90 40 mit
1328 2933 107 39 dem
1468 2931 107 41 titel
1612 2931 346 41 ‘Buchstaben-
1992 2932 98 39 und
2122 2930 294 42 silbenerklä
418 2999 124 37 rung
581 2989 134 48 (dein
745 2989 253 48 ständiger
1028 2988 324 48 begleiter)’”

423 3043 2015 52 © Oct. 8, 1931; 1c. Nov. 25, 1932; A-Foreign 18661; Kurt Hartmann.
499 3105 283 48 (33-13158)

414 3194 301 66 Rowland,
749 3197 175 64 John,
962 3198 172 54 1876-

492 3273 328 53 Rowland’s
863 3272 247 56 diabetic
1154 3273 139 53 cook
1335 3273 175 65 book;
1555 3273 127 52 how
1728 3280 57 47 to
1828 3290 242 50 prepare
2113 3270 182 69 foods,
2338 3271 96 53 the

420 3357 233 47 amount
684 3372 27 32 a
747 3350 246 54 diabetic
1022 3369 131 50 may
1184 3356 107 62 eat,
1326 3351 117 54 also
1475 3351 190 53 others
1697 3350 327 69 prohibited
2059 3350 151 51 from
2243 3349 188 54 starch

419 3426 2012 149 and sugar; live and be well without insulin … compiled by John Rowland. Waukau, Wis., c 1933.
490 3577 1264 51 6 p. l., [1], 110 p. front. (port.) 1 illus. 22 cm .
423 3633 53 53 ©
506 3639 114 47 Apr.
652 3640 67 44 18,
751 3639 140 43 1933;
924 3641 67 38 2c.
1022 3640 113 47 Apr.
1168 3639 83 46 20;
1279 3636 85 43 Iff.
1397 3639 112 49 Apr.
1541 3640 82 41 28;
1657 3640 41 38 A
1729 3639 171 46 62459;
1933 3640 43 39 J.
2010 3637 251 42 Rowland,
490 3638 1926 100 Waukau,
631 3696 114 40 Wis.
819 3697 283 47 (33-12738)

416 3787 290 66 Sabatini,
736 3789 232 65 Rafael,
1002 3791 174 53 1875-

491 3865 119 52 The
653 3865 255 69 stalking
944 3866 181 66 horse,
1165 3866 73 67 by
1279 3866 209 54 Rafael
1529 3864 278 55 Sabatini.
1886 3865 217 54 Boston
2143 3863 112 53 and
2295 3863 133 52 New

423 3942 180 69 York,
636 3943 317 69 Houghton
989 3941 202 54 Mifflin
1229 3962 297 50 company,
1565 3946 149 49 1933.
