2582 4453
1295 4114 133 49 1912

417 513 99 46 287,
551 514 55 49 [1]
641 524 41 37 p.
745 513 56 40 19
805 514 43 21 cm
852 543 8 8 .

351 558 1994 117 © 1c. May 23, 1933; A ad int. 17900; pubd. Mar. 28; Malle Paul Troubetzkoy. London. (34-2272)
349 700 729 65 Washington-Metcalfe,
1109 701 278 55 Thomas.

422 780 149 53 Fare
611 797 113 51 you
767 780 145 53 well,
954 798 97 49 my
1093 778 235 70 shining
1371 779 134 68 city,
1547 779 74 68 by
1663 779 250 53 Thomas
350 778 2015 133 Washington-Metcalfe.
718 858 259 67 London,
1006 859 186 52 Faber
1221 858 112 52 and
1363 858 205 66 Faber,
1594 857 225 53 limited
1854 860 173 64 [1933]

422 928 1945 54 5 p. l.. 13-368 p. 1 illus. (music) 19½ cm . [His Santa Anna trilogy,
347 1000 40 30 v.
418 992 40 47 3]

353 1044 52 51 ©
434 1049 65 39 1c.
529 1047 104 40 Oct.
659 1048 58 39 30,
759 1047 140 47 1933;
930 1047 39 38 A
998 1048 60 38 ad
1087 1047 86 40 int.
1202 1046 171 43 18299;
1405 1048 143 47 pubd.
1581 1046 126 49 Sept.
1739 1048 52 45 7;
1822 1046 52 40 T.
421 1044 1929 101 Washington-Metcalfe.
590 1086 294 59 Heathfield.
911 1105 189 39 Norton
1127 1104 317 42 Fitzwarren,
1472 1115 70 30 nr.
1570 1105 241 46 Taunton,
1843 1104 257 46 Somerset,
2129 1102 238 48 England.

432 1160 282 50 (33-33947)

350 1224 186 66 Watt,
569 1224 330 57 Elizabeth.

418 1300 301 69 Doubting
749 1319 184 51 moon,
964 1301 73 69 by
1069 1300 304 56 Elizabeth
1404 1302 176 53 Watt.
1649 1301 258 68 London,
1939 1301 55 54 J.
2028 1302 181 68 Long,
348 1301 1990 132 limited
506 1381 174 67 [1933]

417 1451 664 49 5 p. l., 15-288 p. 19½ cm .
352 1508 2016 55 © 1c. May 6, 1933; A ad int. 17770; pubd. Mar. 10; Mary Elizabeth
464 1570 217 48 Robinson,
714 1571 214 40 London.
1004 1571 253 49 (34-2226)

351 1631 270 67 Wearne,
655 1633 221 65 Harry,
913 1637 327 52 1852-1929.

416 1711 201 67 Harry
653 1711 261 67 Wearne,
953 1731 31 34 a
1021 1712 161 53 short
1219 1718 238 48 account
1493 1712 65 55 of
1595 1713 88 53 his
1719 1712 108 54 life
1865 1715 112 52 and
2015 1713 175 68 work,
2228 1714 139 54 with

349 1792 63 50 63
466 1790 437 67 reproductions
955 1790 64 54 of
1069 1791 89 53 his
1210 1791 227 69 designs
1490 1791 59 53 in
1602 1792 113 54 full
1766 1793 168 52 color.
2017 1791 353 70 [Baltimore,

345 1868 139 53 New
515 1868 179 68 York,
723 1868 466 56 Thomsen-Ellis
1218 1888 299 51 company,
1545 1877 18 21 c
1568 1874 153 65 1933]

420 1941 1393 52 179, [1] p. incl. front., col. plates, ports. 33 × 26 cm .
420 2001 174 39 Issued
626 2001 50 39 in
709 2011 125 30 case.

422 2058 94 41 “Of
542 2058 100 41 this
668 2058 137 49 book,
833 2059 92 41 five
953 2060 223 41 hundred
1203 2061 95 40 and
1324 2059 113 50 fifty
1465 2058 160 50 copies
1652 2070 127 31 were
1805 2058 238 51 printed.”
2106 2059 119 42 This
2252 2071 118 39 copy

348 2119 86 38 not
463 2117 282 40 numbered.

422 2174 204 41 Colored
652 2175 131 48 plate
808 2174 168 49 facing
999 2186 43 37 p.
1068 2174 84 41 102
1178 2174 346 49 accompanied
1548 2176 61 47 by
1634 2176 156 47 guard
1816 2176 138 40 sheet
1979 2175 119 40 with
2124 2174 246 49 duplicate

349 2232 186 40 outline
565 2231 222 49 drawing
815 2232 265 40 numbered
1112 2235 48 38 to
1190 2232 146 41 index
1365 2234 82 39 the
1476 2232 252 49 portraits.

421 2289 308 48 Descriptive
773 2292 288 46 letterpress
1105 2300 59 29 on
1210 2300 166 30 versos
1420 2290 167 48 facing
1631 2291 81 39 the
1756 2290 172 48 plates,
1972 2291 96 38 and
2112 2289 139 40 other
349 2290 2004 106 descriptions
654 2347 213 49 relating
906 2350 49 38 to
995 2349 83 39 the
1118 2348 158 48 plates
1315 2349 124 39 have
1478 2348 118 39 been
1639 2348 161 47 taken,
1840 2346 80 42 for
1959 2348 82 39 the
2079 2349 126 38 most
2244 2348 126 47 part,

349 2406 129 39 from
506 2407 138 38 notes
671 2405 93 40 left
791 2406 60 47 by
880 2406 167 47 Harry
1075 2406 222 39 Wearne.
1360 2404 61 47 cf.
1449 2416 43 37 p.
1519 2406 72 39 27.

421 2462 347 49 Biographical
801 2463 170 40 sketch
1013 2463 67 47 (p.
1114 2462 170 48 11-25)
1325 2461 195 49 signed:
1554 2462 54 40 V.
1639 2462 60 40 K.
1730 2462 70 40 W.
1837 2462 45 49 [i.
1915 2471 37 30 c.
1985 2460 223 49 Virginia
2241 2461 131 48 King

350 2520 1421 50 Wearne] and F. K. H. [i. e. Florence King Hascall]
355 2573 2016 54 © Dec. 5, 1933; 2c. and aff. Dec. 6; A 68472; F. K. Hascall, New York.
433 2636 224 49 (34-924)

353 2700 184 63 West,
567 2700 157 64 Parl,
755 2701 171 50 1896-

424 2775 55 52 A
523 2774 171 64 study
741 2775 64 53 of
850 2774 204 71 ability
1101 2775 292 69 grouping
1438 2775 59 52 in
1544 2776 95 54 the
1682 2777 346 67 elementary
2075 2773 191 55 school
2310 2772 59 53 in

349 2861 171 47 terms
548 2854 64 53 of
642 2853 335 72 variability
1007 2854 63 53 of
1100 2855 400 71 achievement,
1530 2855 96 54 the
1656 2853 266 70 teaching
1951 2853 274 71 problem,
2255 2852 114 56 and

355 2933 2017 149 pupil adjustment, by Parl West … Published with the approval of Professor Paul R. Mort, sponsor. New York city,
354 3091 279 55 Teachers
661 3092 227 69 college,
920 3092 298 55 Columbia
1250 3092 335 69 university,
1618 3096 151 49 1933.

420 3175 42 37 v,
490 3163 55 42 70
571 3175 43 38 p.
669 3166 179 48 diagrs.
903 3166 55 41 23½
992 3168 44 22 cm
1041 3199 8 8 .
1113 3167 268 48 (Teachers
1408 3167 194 49 college,
1630 3167 250 42 Columbia
1911 3167 287 48 university.
353 3168 2000 95 Contributions
651 3225 48 38 to
731 3223 275 48 education,
1041 3235 74 30 no.
1149 3224 110 46 588)

422 3281 172 40 Issued
623 3283 105 39 also
759 3292 54 30 as
846 3281 152 41 thesis
1039 3283 108 47 (PH.
1211 3283 35 47 D.)
1288 3282 247 42 Columbia
1573 3283 288 47 university.

421 3338 379 49 Bibliography:
837 3349 40 38 p.
911 3338 158 43 69-70.

355 3395 52 53 ©
435 3401 129 47 Sept.
589 3400 70 41 29.
686 3400 112 41 1933;
853 3401 67 40 2c.
947 3402 95 39 and
1068 3400 80 40 aff.
1177 3401 110 39 Dec.
1314 3400 82 43 20;
1426 3401 40 39 A
1492 3401 171 46 67614;
1691 3402 243 40 Teachers
1961 3402 193 49 college,
422 3402 1931 95 Columbia
533 3457 129 41 univ.
733 3458 251 48 (34-1555)

357 3518 197 66 Wiles,
582 3521 229 53 Bertha
840 3521 233 65 Harris,
1105 3524 172 51 1896-

422 3597 123 52 The
597 3596 298 55 fountains
947 3598 63 52 of
1062 3598 333 54 Florentine
1447 3600 283 67 sculptors
1783 3602 111 52 and
1947 3601 150 53 their
355 3601 1992 131 followers,
516 3675 149 53 from
722 3677 307 52 Donatello
1083 3683 57 46 to
1197 3676 259 58 Bernini,
1508 3679 75 67 by
1639 3679 213 52 Bertha
1907 3679 213 53 Harris
2173 3680 194 53 Wiles.

353 3752 366 71 Cambridge,
753 3755 191 67 Mass.,
977 3755 275 55 Harvard
1287 3756 320 71 university
1642 3776 174 49 press,
1852 3762 149 49 1933.

425 3840 31 28 x
483 3840 57 37 p.,
568 3830 27 38 2
643 3861 22 13 l.,
696 3830 176 49 [3]-163
900 3840 42 37 p.
1004 3830 163 42 front.,
1196 3831 143 43 illus.,
1370 3832 169 47 plates.
1602 3831 56 42 29½
1691 3834 44 22 cm
1741 3865 8 8 .

427 3886 235 41 “Sources
694 3889 94 38 and
821 3887 368 48 bibliography”
1209 3899 9 28 :
1252 3900 43 37 p.
1345 3887 233 50 [109]-135.

356 3938 52 53 ©
444 3946 111 39 Dec.
586 3945 69 45 15,
690 3945 141 47 1933;
866 3947 65 38 2c.
966 3947 95 39 and
1095 3946 82 40 aff.
1211 3947 111 41 Dec.
1357 3946 83 42 26;
1476 3947 40 39 A
1549 3947 172 41 67721;
1758 3948 258 41 President
2050 3948 96 40 and
2178 3947 192 41 fellows

425 4002 50 38 of
503 4002 230 41 Harvard
763 4004 193 46 college,
987 4003 304 49 Cambridge,
1322 4005 147 40 Mass.
1541 4004 222 49 (34-629)
