2582 4453
1404 4188 101 51 1874

493 562 346 48 30 p. 19½ cm .
427 616 52 51 ©
509 620 127 47 Sept.
663 620 69 42 25,
759 619 114 40 1933;
928 620 67 39 2c.
1024 621 110 39 Dec.
1161 621 52 37 21;
1272 620 82 41 aff.
1382 622 110 38 Dec.
1521 621 55 39 20;
1633 621 38 38 A
1729 621 114 39 67645;
1900 622 234 38 Emerson
2162 622 162 45 books,
2352 621 90 39 inc.

504 678 223 46 (34-487)

422 775 310 70 Brownell,
763 778 257 56 William
1053 780 208 67 Crary,
1295 785 328 50 1851-1928.

493 856 262 55 William
793 856 186 72 Crary
1017 858 311 69 Brownell,
1367 877 70 34 an
1478 859 316 70 anthology
1833 858 63 54 of
1933 859 89 54 his
2060 858 264 71 writings
421 865 2000 141 together
661 937 142 52 with
844 936 402 71 biographical
1287 944 160 47 notes
1490 939 111 52 and
1646 938 369 68 impressions
2057 937 63 53 of
2162 938 96 53 the
2301 938 145 52 later

421 1014 2025 71 years, by Gertrude Hall Brownell … New York, London, C.
425 1093 316 56 Scribner’s
768 1113 148 48 sons,
946 1097 151 51 1933.

499 1168 84 39 viii
613 1178 41 37 p.
698 1169 25 38 2
773 1201 6 7 l.,
823 1167 144 42 3-383
993 1179 43 37 p.
1099 1169 164 41 front.,
1293 1172 165 44 ports.,
1486 1168 190 40 facsim.
1736 1167 56 39 23½
1826 1169 44 22 cm
1876 1200 7 8 .

428 1222 52 54 ©
513 1227 101 42 Oct.
648 1227 39 43 6.
721 1227 113 42 1933;
896 1228 67 41 2c.
997 1229 96 40 and
1127 1228 80 41 aff.
1244 1228 102 42 Oct.
1380 1229 81 46 10;
1498 1228 41 40 A
1571 1228 143 41 65556;
1779 1227 203 42 Charles
2018 1226 268 42 Scribners
2319 1234 124 31 sons.

506 1286 282 48 (33-30961)

428 1388 220 68 Carles,
685 1392 275 64 Jacques,
997 1392 174 52 1877-

499 1463 1885 73 Precis de thérapeutique appliquée, par Jacques Carles …
428 1546 153 54 Avec
610 1549 98 49 231
741 1546 209 69 figures
980 1547 142 54 dans
1151 1550 50 51 le
1230 1553 169 51 texte.
1466 1547 185 69 Paris,
1680 1545 67 55 G.
1780 1545 154 53 Doin
1964 1547 46 50 &
2038 1564 28 34 c
2070 1544 33 28 ie
2109 1588 12 25 ,
2153 1547 151 50 1933.

495 1617 1949 52 2 p. l., [xv]-xvi, 1182 p. illus., diagrs. 21½ cm . (Half-title: Collection
427 1678 201 46 Testut;
671 1678 223 40 nouvelle
933 1677 330 49 bibliothèque
1302 1680 58 39 de
1398 1677 260 42 l’étudiant
1700 1689 58 29 en
1796 1677 260 49 médecine,
2095 1677 109 49 pub.
2245 1687 113 31 sous
2397 1678 44 39 la

427 1735 239 41 direction
706 1737 62 39 du
809 1736 283 48 professeur
1131 1737 53 39 E.
1225 1736 215 48 Forgue)

429 1793 1936 52 © Aug. 11, 1933; 1c. Nov. 17; A- Foreign 22661; Gaston Doin & cie.
507 1856 222 48 (34-952)

430 1960 249 65 Carvell,
706 1963 139 52 Mrs.
874 1960 164 54 Alice
1067 1961 233 55 Maude.

501 2038 218 55 Echoes
756 2039 64 54 of
853 2039 96 54 the
986 2039 213 69 angels’
1232 2057 173 50 song;
1443 2058 80 48 or,
1556 2039 190 54 When
1778 2039 97 53 the
1910 2038 218 53 revival
2166 2056 173 49 came,
2374 2037 74 68 by

430 2117 2018 69 Alice Maude Carvell … Cleveland, O., Union gospel press
431 2232 12 33 [
449 2204 17 21 c
472 2200 154 65 1932]

501 2270 57 41 96
584 2282 43 37 p.
689 2270 165 47 front.,
887 2273 24 38 1
940 2270 144 48 illus.,
1114 2271 172 48 plates.
1350 2270 115 43 19cm.

430 2325 51 52 ©
511 2330 118 39 Nov.
660 2331 68 39 18.
759 2328 140 47 1933;
930 2329 68 41 2c.
1028 2330 95 38 and
1154 2328 81 41 aff.
1266 2329 118 39 Nov.
1414 2330 56 38 27;
1529 2329 41 38 A
1598 2328 115 41 68308;
1803 2328 160 41 Union
1993 2330 163 46 gospel
2187 2338 149 39 press.

507 2388 222 48 (34-565)

427 2493 166 63 Cato,
622 2493 241 53 Marcus
892 2492 264 65 Porcius,
1190 2492 322 54 Censorius.

498 2568 164 69 Cato,
705 2569 95 53 the
843 2568 234 69 Censor,
1121 2586 70 35 on
1239 2567 288 71 farming;
1573 2568 319 53 translated
1937 2568 74 70 by
2056 2568 210 53 Ernest

427 2569 1995 131 Brehaut.
654 2648 137 53 New
830 2647 179 68 York,
1045 2646 302 55 Columbia
1383 2646 321 70 university
1738 2665 178 51 press,
1953 2650 151 53 1933.

500 2723 92 38 xlv.
641 2725 58 37 [3].
733 2721 82 39 156
845 2732 40 37 p.
949 2722 162 45 front.,
1145 2722 125 39 illus.
1326 2722 108 39 (inch
1468 2722 164 46 plans)
1661 2731 59 37 pl.
1785 2721 54 40 23½
1873 2722 44 22 cm
1923 2754 6 7 .
2003 2721 300 48 (Half-title:
427 2733 2003 85 Records
571 2780 52 38 of
653 2779 300 40 civilization:
1019 2788 195 31 sources
1249 2780 95 39 and
1378 2779 188 40 studies.
1614 2780 70 38 ed.
1721 2779 152 39 under
1910 2779 82 40 the
2025 2778 223 47 auspices
2284 2777 54 40 of
2369 2778 78 39 the

429 2835 1278 49 Dept. of history, Columbia university … no. XVII)
531 2893 213 41 Selected
777 2894 393 47 bibliography":
1205 2904 40 37 p.
1295 2893 191 39 [147]-150.

432 2949 51 52 ©
510 2954 102 40 Oct.
639 2955 68 39 14.
736 2954 112 40 1933;
905 2954 64 39 2c.
999 2953 102 41 Oct.
1128 2955 81 43 16;
1239 2953 80 40 aff.
1349 2953 102 41 Oct.
1478 2954 56 39 17;
1590 2953 40 39 A
1656 2953 170 42 65666;
1858 2952 253 41 Columbia
2141 2953 127 39 univ.
2299 2960 149 40 press.

508 3012 283 47 (33-31252)

428 3112 327 69 Chapman,
788 3118 199 51 Frank
1020 3115 267 67 Michler,
1323 3119 169 51 1864-

502 3194 1884 70 Autobiography of a bird-lover, by Frank M. Chapman …
435 3273 139 54 with
622 3275 399 68 photographs
1066 3275 74 68 by
1187 3275 96 53 the
1330 3275 235 53 author:
1616 3274 292 66 drawings
1954 3275 109 51 and
2115 3272 133 52 four
2295 3271 151 54 color

435 3354 180 67 plates
643 3354 75 68 by
747 3354 175 53 Louis
951 3355 242 66 Agassiz
1226 3356 251 50 Fuertes.
1556 3354 137 52 New
1727 3353 180 60 York,
1938 3353 257 64 London,
2225 3352 72 52 D.

434 3350 1987 150 Appleton-Century
948 3451 299 49 company,
1284 3434 420 66 incorporated,
1742 3436 148 48 1933.

504 3506 104 47 xiii,
634 3506 88 40 420
751 3517 41 37 p.
854 3507 164 47 front.,
1049 3508 157 47 plates
1235 3507 135 47 (part
1400 3507 112 44 col.)
1554 3508 146 45 ports.
1764 3506 54 38 22½
1852 3507 42 21 cm

505 3563 163 41 “First
703 3564 260 48 printing.”

506 3621 350 47 Bibliography:
916 3633 42 37 p.
986 3622 224 40 385-[399]

433 3676 51 52 ©
515 3680 101 40 Oct.
646 3681 69 41 23,
745 3680 141 43 1933;
916 3681 67 39 2c.
1014 3681 93 39 and
1139 3680 80 40 aff.
1252 3680 101 40 Oct.
1384 3680 81 41 25;
1498 3680 40 38 A
1566 3680 171 40 66776;
1775 3680 50 38 D.
1858 3678 479 48 Appleton-Century
2367 3686 81 34 co.,

501 3736 89 42 inc.
666 3737 281 48 (33-31259)

430 3829 220 64 Cicero,
680 3832 240 52 Marcus
946 3831 246 56 Tullius.

498 3905 186 55 Third
727 3926 136 48 year
904 3908 193 52 Latin.
1174 3908 140 53 New
1359 3907 247 54 revision
1652 3907 63 54 of
1760 3904 256 69 Kelsey’s
2061 3904 199 56 Cicero
2306 3899 139 56 with

429 3983 183 54 added
659 3985 297 54 selections
1003 3987 152 53 from
1203 3986 218 58 Cicero,
1468 3985 236 56 Sallust,
1749 3985 168 66 Livy,
1962 3983 110 53 and
2119 3982 194 67 Pliny,
431 4000 1990 132 arranged
687 4065 113 52 and
842 4064 189 53 edited
1076 4065 138 52 with
1259 4066 341 66 explanatory
1680 4069 177 53 notes,
1897 4081 31 34 a
1969 4061 359 69 companion,
2368 4079 78 34 es-
