2582 4453
1363 4119 63 47 996

446 524 65 27 xx
539 522 57 38 p.,
622 512 21 38 1
695 542 23 14 l.,
744 510 87 41 478
857 522 43 36 p.
962 510 142 48 illus.,
1133 511 180 46 dinars.
1374 510 48 39 21
1433 512 15 21 cm
1483 542 7 8 .

448 570 162 39 “First
638 568 228 41 edition.”

449 628 295 47 “Suggested
773 625 256 47 readings”
1057 629 49 36 at
1135 625 88 40 end
1253 625 51 39 of
1330 626 118 39 each
1475 626 215 47 chapter.

380 682 52 52 ©
460 687 127 38 June
613 686 70 46 80,
713 685 112 40 1033;
883 685 65 40 2c.
978 684 117 48 July
1123 685 18 38 1;
1206 684 82 41 aff.
1317 685 117 47 July
1459 685 53 45 3;
1543 685 40 38 A
1611 684 171 47 63481;
1815 685 194 47 Harper
2038 685 37 40 &
2099 685 127 40 bros.

459 743 282 48 (33-17962)

378 844 259 67 Calkins,
668 846 162 65 Gary
856 847 266 63 Nathan,
1155 852 171 49 1869-

449 923 1948 70 The biology of the Protozoa., by Gary N. Calkins … 2d ed.,
379 1004 353 69 thoroughly
774 1023 113 34 rev.
965 1004 338 53 Illustrated
1348 1003 137 53 with
1529 1006 101 49 223
1671 1002 349 70 engravings
2061 1004 112 53 and
2215 1006 32 49 2
380 1002 1991 134 colored
554 1085 197 66 plates.
828 1082 430 68 Philadelphia,
1294 1083 116 52 Lea
1446 1086 46 50 &
1527 1080 263 71 Febiger,
1828 1084 151 52 1933.

451 1157 1500 51 xi, [17]-607 p. front., illus., II col. pl., diagrs. 24½ cm .
454 1216 378 48 Bibliography:
865 1227 42 37 p.
941 1215 248 51 [571]-588.

388 1271 51 53 ©
470 1277 116 39 July
613 1277 68 45 11,
711 1275 141 42 1933:
881 1276 66 39 2c.
978 1276 94 38 and
1101 1274 82 40 aff.
1211 1275 116 47 July
1356 1275 82 46 12;
1469 1274 40 39 A
1537 1273 172 48 64292;
1740 1275 96 40 Lea
1866 1275 38 41 &
1932 1274 218 49 Febiger.

465 1333 282 49 (33-17961)

384 1439 165 62 Carr,
577 1438 221 64 Joseph
825 1438 215 53 Baker.

460 1517 186 52 Death
678 1516 294 67 whispers,
996 1515 74 67 by
1096 1515 216 67 Joseph
1346 1516 62 50 B.
1438 1513 160 56 Carr.
1663 1516 138 52 New
1830 1515 181 66 York,
2037 1515 121 53 The
2184 1515 221 68 Viking

385 1614 175 47 press,
598 1597 150 50 1933.

457 1668 101 47 viii,
589 1667 86 42 293
705 1679 42 37 p.
808 1667 56 40 20
867 1670 14 20 cm
916 1699 8 6 .

392 1720 51 53 ©
473 1726 130 40 June
629 1726 70 46 23,
729 1725 141 46 1933;
902 1725 66 40 2c.
999 1725 96 39 and
1125 1724 82 42 aff.
1238 1724 127 40 June
1393 1725 83 46 24;
1507 1724 41 40 A
1577 1724 171 48 63524;
1782 1725 42 40 J.
1857 1725 53 40 B.
1944 1724 136 49 Carr,
2110 1726 117 39 New
2258 1724 144 40 York.

470 1783 283 49 (33-17669)

388 1882 410 69 Christensen,
827 1887 312 53 Bernhard
1167 1885 289 67 Marinus,
1487 1893 172 49 1901-

390 1965 2010 149 The altar flame; quiet meditations concerning spiritual renewal, by B. M. Christensen … Minneapolis, The Lutheran
393 2124 121 54 free
542 2126 211 54 church
784 2125 338 68 publishing
1150 2145 98 41 co.,
1281 2130 150 49 1933.

462 2199 609 48 4 p. l., 11-48 p. 21½ cm
398 2254 52 52 ©
487 2260 127 38 June
650 2259 69 46 14,
756 2258 140 42 1933;
936 2259 66 39 2c.
1040 2258 130 39 June
1203 2258 82 47 16;
1324 2257 81 41 aff.
1443 2258 126 39 June
1606 2257 83 47 24;
1729 2257 41 39 A
1806 2257 171 47 64136;
2017 2256 249 40 Lutheran
2304 2256 105 40 free

467 2316 180 40 church
677 2317 109 47 pub.
816 2326 67 31 co.
959 2315 281 48 (33-17921)

394 2414 233 70 Coates,
656 2419 227 54 Walter
908 2419 175 65 John,
1117 2422 171 49 1880-
1431 2437 84 36 ed.

465 2496 272 57 Harvest,
775 2518 29 32 a
841 2498 165 53 sheaf
1043 2498 63 53 of
1147 2516 189 50 poems
1375 2497 153 53 from
1565 2497 346 66 Driftwind,
1949 2497 192 67 April,
2180 2500 134 49 1926
2350 2502 60 47 to

394 2575 1955 71 May, 1933, compiled and published by Walter John Coates …
397 2655 189 52 North
626 2657 369 67 Montpelier,
1034 2658 118 56 Vt.,
1192 2658 122 54 The
1355 2656 327 54 Driftwind
1722 2674 175 52 press,
1940 2660 151 49 1933.

467 2732 56 38 57
554 2741 41 37 p.
658 2730 56 40 20
717 2733 44 20 cm
765 2762 9 8 .

473 2788 103 39 “An
605 2787 184 41 edition
821 2788 52 40 of
904 2790 95 39 two
1031 2790 223 39 hundred
1287 2788 296 48 twenty-five
1617 2788 173 49 copies,
1825 2788 51 40 of
1909 2787 160 41 which
2101 2786 313 47 seventy-five

401 2855 84 28 are
511 2845 159 40 bound
698 2845 49 40 in
773 2846 177 40 boards
977 2847 96 38 and
1101 2847 82 40 the
1208 2846 202 40 balance
1436 2846 51 39 in
1512 2846 122 48 limp
1658 2845 210 41 covers.”

403 2897 52 53 ©
483 2903 114 47 May
621 2901 69 44 29.
717 2902 115 41 1932;
887 2904 66 41 2c.
981 2903 96 41 and
1103 2903 82 42 aff.
1213 2904 130 40 June
1366 2902 38 49 6,
1433 2903 140 47 1933;
1603 2904 40 39 A
1669 2903 171 43 62885;
1870 2904 71 40 W.
1969 2903 43 41 J.
2040 2902 190 47 Coates,
2257 2901 158 41 North

476 2960 304 48 Montpelier,
821 2961 77 41 Yt.
969 2961 14 48 (CA
1070 2962 175 40 33-525
1265 2961 237 48 Unrev’d)

400 3049 306 57 Columbia
737 3053 354 63 university.
1167 3054 264 66 Library.

473 3129 170 68 Fifty
674 3129 174 55 books
881 3131 170 52 about
1083 3131 416 69 bookmaking;
1535 3130 319 54 exhibition
1887 3131 282 68 prepared
2202 3130 75 68 by
402 3129 1991 132 Columbia
658 3208 320 70 university
1017 3209 219 70 library
1277 3210 107 66 for.
1408 3211 94 52 the
1543 3209 228 54 twelfth
1814 3209 211 54 annual
2067 3207 353 57 Conference

402 3285 1992 151 on printing education, June 26, 27, 28, 1933. New York, Columbia university press [ c 1933]
479 3439 86 51 [39]
593 3451 44 39 p.
698 3441 58 41 18
756 3443 45 22 cm
805 3473 9 9 .

477 3497 249 49 Compiled
758 3499 61 47 by
849 3499 222 41 Hellmut
1102 3500 454 47 Lehmann-Haupt.
1617 3500 60 47 cf.
1710 3501 184 39 Introd.

410 3552 52 54 ©
495 3558 126 39 June
652 3558 70 45 26,
754 3558 141 46 1933;
930 3559 65 38 2c.
1030 3560 100 42 and
1159 3558 81 41 aff.
1275 3560 115 46 July
1423 3559 81 41 13:
1539 3559 41 39 A
1613 3559 171 47 63597;
1820 3557 251 43 Columbia
2106 3556 128 42 univ.
2271 3566 149 38 press.

491 3614 282 48 (33-17946)

405 3702 92 53 Du
523 3704 131 63 Pre,
682 3706 154 65 Ann,
863 3707 196 68 pseud.

410 3783 1990 146 Timid woman, by Ann Du Pre … New York, The Macaulay company [ c 1933]
478 3933 86 40 253
597 3945 41 36 p.
699 3935 55 40 19½
787 3938 43 21 cm
835 3967 8 8 .

412 3984 53 53 ©
496 3990 126 40 June
651 3991 68 41 29.
751 3992 140 44 1933;
923 3994 68 41 2c.
1022 3994 117 47 July
1167 3994 52 46 6;
1251 3993 82 41 aff.
1364 3995 116 46 July
1511 3995 81 44 11;
1625 3994 41 39 A
1696 3993 171 46 64285;
1902 3994 259 47 Macaulay
2190 4003 67 29 co.

489 4047 282 45 (33-17673)
