2484 4405
1029 4076 133 50 1483

189 493 980 50 2 p. l., [1], 8-270, 8-270 p., 1 l. 19cm.
189 550 1927 50 Added t.-p. in English: … Uncommon common sense; the best and
110 610 133 39 most
272 608 194 41 famous
495 609 222 40 maxims.

189 664 201 48 English
418 666 95 39 and
543 665 187 40 French
759 676 59 29 on
846 664 218 49 opposite
1088 674 161 39 pages.

187 721 85 41 400
296 720 158 50 copies
476 722 209 49 printed.
739 720 150 42 “Cent
911 721 322 48 exemplaires
1258 731 85 30 sur
1368 721 168 48 papier
1561 721 128 40 vélin
1715 722 153 40 teinté
1893 721 221 47 Lafuma,

118 777 802 43 numérotés de 1 à 100 … 43.”
118 847 1999 52 © Aug. 15, 1932; 1c. Dec. 8; 1c. Jan. 16, 1983: A- Foreign 20570; P. S.
185 909 229 46 Brenner,
445 909 116 38 New
591 907 144 39 York.
807 906 279 48 (33-31290)

115 1009 234 65 Brossé,
378 1008 195 54 Julien
604 1008 348 65 Guillaume,
983 1011 173 53 1871-

244 1085 1701 68 … Les fronts de combat. Paris, Berger-Levrault, 1932.
184 1157 335 49 68 p. 22 ½ cm.
181 1216 65 39 At
274 1216 125 40 head
429 1215 52 39 of
512 1215 108 40 title:
683 1213 206 41 Général
923 1213 192 41 Brossé.

111 1293 2003 109 © June 7, 1932; 1c. June 15, 1983; A-Foreign 21207: Editions Berger-Levrault. (33-30606)
109 1459 215 64 Burke,
357 1458 293 55 Carleton.

180 1536 122 52 The
334 1536 212 52 Indian
582 1537 112 52 and
728 1535 91 53 his
851 1535 170 67 river,
1054 1535 171 67 being
1261 1558 31 33 a
1326 1535 149 52 book
1508 1534 65 53 of
1606 1536 263 67 Iroquois
1902 1536 213 53 Indian

109 1631 168 50 songs
327 1615 111 52 and
488 1614 251 67 legends,
787 1613 114 52 and
950 1612 64 53 of
1062 1614 97 51 the
1206 1612 152 53 river
1407 1612 265 68 Genesee,
1720 1613 75 68 by
1846 1612 271 55 Carleton

110 1691 208 53 Burke.
399 1691 343 67 [Rochester,
771 1690 71 54 N.
873 1691 91 66 Y.,
994 1692 175 65 c1933]

178 1763 725 49 4 p. l., 45 p. illus. 23½cm.
181 1819 364 42 “Illustrations
572 1821 60 47 by
662 1820 124 41 Jack
815 1818 217 41 Bieber.”

178 1878 183 40 Poems.

182 1930 1928 51 “This edition … designed and printed by the Foss-Soule press, inc .
105 1989 42 41 is
178 1988 188 44 limited
397 1993 48 39 to
477 1990 137 42 three
645 1990 222 41 hundred
898 1989 264 42 numbered
1192 1990 96 40 and
1321 1988 168 50 signed
1521 1989 173 49 copies,
1726 1989 110 50 fifty
1871 1991 52 38 of
1956 1990 152 42 which

108 2057 82 30 are
220 2048 76 39 for
324 2047 334 49 presentation
687 2048 124 46 only.
873 2045 118 41 This
1019 2046 42 42 is
1091 2056 119 38 copy
1239 2047 215 47 number,
1485 2046 297 49 copyright.”

112 2101 51 51 ©
192 2106 126 46 Sept.
343 2105 69 46 27,
439 2104 117 40 1933;
605 2105 68 39 2c.
700 2104 101 40 Oct.
826 2104 56 40 23;
938 2103 80 41 aff.
1046 2103 101 40 Oct.
1174 2104 57 39 21;
1286 2104 42 38 A
1353 2103 142 40 66733;
1552 2104 49 40 C.
1629 2105 177 45 Burke,
1835 2105 278 46 Rochester,

174 2162 55 39 N.
260 2162 53 39 Y.
385 2161 278 48 (33-30821)

107 2264 262 66 Carlisle,
399 2265 156 65 Lois,
586 2265 85 53 ed.

175 2341 223 52 Fourth
433 2359 135 50 year
603 2339 202 69 Latin;
845 2339 296 53 selections
1178 2338 152 54 from
1366 2338 214 70 Virgil,
1616 2339 172 69 Ovid,
1829 2340 280 70 Catullus,

105 2416 2003 71 Martial, and Horace, edited by Lois Carlisle … and Davida
106 2494 2002 70 Richardson … Boston, New York [etc.] Allyn and Bacon
111 2579 191 64 [c1933]

173 2650 104 44 xiii,
309 2648 69 51 [3],
407 2648 97 48 520,
535 2648 71 51 [2],
633 2647 85 41 148
743 2657 43 38 p.
847 2647 163 48 front.,
1040 2646 143 49 illus.,
1212 2646 171 48 plates.
1444 2646 146 41 19½cm.

173 2706 140 47 Maps
339 2716 59 29 on
425 2705 361 48 lining-papers.

176 2762 68 38 “A
265 2762 84 41 list
374 2762 51 40 of
451 2762 251 40 collateral
729 2758 253 49 readings”:
1039 2770 43 37 p.
1109 2758 218 42 492-496.

109 2817 51 52 ©
201 2822 126 46 Sept.
362 2820 70 48 28,
468 2820 140 45 1933;
647 2820 65 39 2c.
752 2819 101 40 Oct.
890 2819 81 47 12;
1010 2818 80 41 aff.
1131 2818 102 41 Oct.
1270 2817 81 48 16;
1390 2819 42 38 A
1468 2818 171 47 65671;
1677 2819 146 48 Allyn
1861 2820 36 39 &
1932 2820 177 39 Bacon.

182 2873 68 54 [©
278 2879 222 46 changes]
574 2875 279 49 (33-30964)

109 2975 792 66 Castell ó , Julio Martinez.
172 3055 120 51 The
323 3055 200 67 theory
555 3053 112 54 and
699 3050 247 71 practice
980 3052 62 52 of
1073 3050 249 70 fencing,
1353 3052 75 68 by
1460 3051 161 54 Julio
1651 3052 282 53 Martinez

103 3053 1975 147 Castello; with an introduction by Anthony J. Drexel Biddle …
106 3210 319 54 illustrated
465 3209 74 69 by
580 3207 232 55 Gabriel
853 3208 76 52 H.
969 3207 296 68 Mayorga.
1344 3207 136 53 New
1524 3208 179 69 York,
1741 3209 257 71 London,
2039 3210 61 55 C.

106 3288 309 53 Scribner’s
448 3305 144 49 sons,
659 3289 116 48 1933.

171 3359 97 47 xvi,
299 3358 85 40 272
413 3369 43 36 p.
513 3357 148 40 front,
691 3355 172 49 (port.)
903 3357 142 47 illus.,
1078 3356 173 48 plates.
1311 3356 115 43 21cm.

174 3416 69 38 “A
278 3414 210 41 revision
525 3415 95 39 and
657 3415 329 46 enlargement
1022 3413 51 39 of
1110 3424 28 29 a
1173 3413 225 48 previous
1435 3415 121 39 book
1595 3416 269 49 [published
1902 3418 47 40 in
1987 3420 109 40 1931

104 3473 151 40 under
289 3473 82 40 the
405 3471 109 41 title:
575 3471 189 46 Theory
800 3469 52 40 of
884 3468 550 50 fencing].”—Author’s
1469 3472 209 46 preface.

107 3529 49 51 ©
190 3534 101 40 Oct.
323 3532 39 46 6,
394 3531 111 40 1983;
568 3531 66 39 2c.
667 3531 96 38 and
795 3528 80 41 aff.
911 3529 100 40 Oct.
1045 3528 55 39 10;
1162 3529 41 38 A
1234 3528 144 40 65554;
1441 3529 202 42 Charles
1679 3531 265 43 Scribner’s
1978 3545 126 31 sons.

183 3588 277 49 (33-30605)

105 3689 264 55 Catholic
401 3688 240 54 church.
715 3689 172 65 Pope.

171 3768 305 53 Pontificia
512 3767 346 53 americana:
894 3784 31 34 a
960 3765 408 67 documentary
1403 3765 222 68 history
1661 3768 63 53 of
1756 3771 96 52 the

102 3771 1993 142 Catholic church in the United States (1784-1884) … by Reverend
101 3919 1969 146 Donald C. Shearer … Washington, D. C., The Catholic universitv of America, 1933.
