2540 4453
1112 4075 102 51 425

174 440 329 64 Ambriere,
534 438 264 55 Francis.

176 511 1974 140 … La vie secrète des grands magasins … [Paris] E. Flammarion
452 601 157 48 [ c 1932]
250 668 722 51 xiii, [15]-248 p., 3 l. 19 cm .
248 729 64 39 At
336 728 124 39 head
486 727 52 40 of
563 726 135 40 title:
726 726 201 47 Aspects
954 726 63 38 du
1043 725 155 45 temps
1226 722 208 48 present.

250 786 278 46 “Ouvrages
559 782 270 41 consultes”
849 793 9 29 :
894 793 44 37 p.
972 780 248 51 [241]-243.

182 849 1911 56 © Jan. 21, 1932; 1c. Feb. 10; A-Foreign 15757; Ernest Flammarion.
261 913 248 49 (33-8975)

174 1013 317 58 American
522 1017 109 52 law
663 1018 240 66 reports,
936 1014 337 66 annotated;
1308 1012 212 54 editors
1550 1011 60 54 in
1641 1010 172 70 chief,
1843 1012 221 68 George
2094 1010 79 53 H.

245 1096 261 52 Parmele
546 1095 112 51 and
698 1097 79 50 M.
820 1094 165 53 Blair
1021 1094 244 65 Wailes;
1308 1090 326 70 consulting
1671 1090 201 68 editor,
1912 1089 260 57 William

243 1173 79 52 M.
357 1173 357 66 McKinney;
751 1172 312 69 managing
1098 1171 229 68 editors,
1364 1171 236 55 Charles
1636 1168 340 56 Porterfield
2037 1170 111 51 [and]

246 1251 212 53 Edwin
497 1252 203 68 Stacey
740 1251 204 67 Oakes,
981 1251 236 53 assisted
1254 1251 74 68 by
1366 1251 98 51 the
1498 1249 418 69 exceptionally
245 1248 1901 135 experienced

476 1330 266 53 editorial
803 1329 425 70 organizations
1289 1329 62 53 of
1408 1329 96 52 the
1563 1328 338 62 publishers,
1976 1347 52 32 v.
2090 1330 81 50 83.

244 1409 324 68 Rochester,
595 1413 69 51 N.
694 1411 90 66 Y.,
811 1409 122 54 The
958 1411 267 66 Lawyers
1253 1406 383 70 co-operative
1663 1407 338 69 publishing

243 1426 1905 130 company;
456 1487 340 68 Northport,
823 1490 64 50 L.
915 1489 66 68 I.,
1009 1489 69 52 N.
1106 1490 90 64 Y.,
1224 1487 254 53 Edward
1505 1487 330 67 Thompson
1861 1504 308 51 company;

247 1565 118 55 San
395 1566 322 68 Francisco,
750 1565 196 69 Calif.,
977 1565 583 67 Bancroft-Whitney
1590 1584 297 50 company,
1922 1569 150 49 1933.

246 1641 100 49 viii,
379 1641 113 40 1613
525 1652 41 36 p.
627 1640 59 40 25½
716 1643 15 20 cm
765 1673 9 8 .

181 1707 53 54 ©
261 1713 113 48 Apr.
403 1713 39 47 7,
470 1711 141 48 1933;
640 1711 68 40 2c.
735 1712 115 47 Apr.
878 1711 52 46 8;
961 1711 82 40 aff.
1071 1711 113 48 Apr.
1213 1710 81 47 12;
1326 1712 40 38 A
1394 1709 170 48 61349;
1596 1711 228 48 Lawyers
1854 1710 322 49 co-operative

249 1770 110 47 pub.
386 1780 81 36 co.,
496 1770 210 39 Edward
734 1769 274 47 Thompson
1035 1779 66 30 co.
1131 1769 35 40 &
1193 1769 487 47 Bancroft-Whitney
1709 1781 67 28 co.

173 1872 316 55 American
550 1872 265 66 physical
876 1873 312 54 education
1248 1872 377 55 association.
1702 1872 338 55 Committee
2100 1892 72 34 on

243 1952 262 67 dancing.

249 2027 264 69 Dancing
553 2030 62 52 in
657 2028 94 54 the
793 2027 342 69 elementary
1179 2028 235 67 schools,
1455 2028 73 68 by
1574 2028 95 54 the
1715 2026 345 57 committees
2103 2047 68 32 on

176 2104 247 69 dancing
447 2105 63 52 of
535 2106 96 53 the
656 2106 304 53 American
988 2104 257 69 physical
1272 2104 297 55 education
1598 2104 332 55 association
1961 2106 91 52 for
2079 2106 93 53 the

176 2200 162 50 years
372 2186 132 49 1931
538 2183 112 53 and
685 2186 150 49 1932.
905 2182 137 55 New
1077 2182 177 69 York,
1288 2183 69 52 A.
1392 2183 57 53 S.
1484 2184 217 53 Barnes
1733 2183 110 53 and
1879 2201 295 50 company,

177 2258 414 69 incorporated,
624 2264 150 48 1933.

244 2341 78 37 xv,
349 2331 84 41 134
461 2342 43 38 p.
559 2331 55 41 23
617 2334 44 22 cm
667 2363 8 9 .

246 2388 219 48 Dorothy
488 2389 68 40 La
583 2388 142 48 Salle,
749 2389 266 49 chairman,
1041 2388 141 44 1931:
1208 2390 139 47 Mary
1372 2391 50 40 P.
1448 2390 277 48 O’Donnell,
1751 2391 266 48 chairman,
2042 2391 128 42 1932.

246 2445 224 41 Includes
507 2444 391 51 bibliographies.

181 2515 52 52 ©
259 2521 123 39 Mar.
407 2521 69 46 21,
503 2519 139 48 1933;
670 2520 68 41 2c.
765 2522 122 38 Mar.
912 2520 82 47 25;
1023 2520 83 41 aff.
1134 2522 121 38 Mar.
1280 2520 82 47 27;
1391 2521 41 39 A
1457 2521 170 47 61078;
1657 2522 53 39 A.
1741 2521 45 41 S.
1814 2523 186 39 Barnes
2028 2526 37 40 &
2091 2531 82 36 co.,

249 2576 89 42 inc.
409 2577 249 49 (33-8119)

172 2679 316 55 American
518 2681 192 64 public
739 2681 204 53 health
973 2680 377 55 association.
1423 2682 359 68 Laboratory
1810 2683 229 54 section.

247 2756 291 55 Standard
578 2757 257 55 methods
877 2758 94 52 for
1009 2758 95 54 the
1144 2757 382 57 examination
1567 2758 63 53 of
1669 2765 176 49 water
1886 2760 113 53 and
177 2777 1967 125 sewage.

371 2833 98 55 7th
509 2835 85 57 ed.
671 2835 308 69 Prepared,
1021 2836 290 67 approved
1352 2837 112 52 and
1507 2836 301 68 published
1848 2835 208 69 jointly
2096 2836 36 52 by

177 2911 94 54 the
321 2910 306 56 American
677 2911 193 70 public
919 2912 195 54 health
1167 2912 333 54 association
1555 2915 112 51 and
1718 2915 96 51 the
1867 2915 303 53 American

176 2993 174 49 water
383 2989 184 53 works
599 2989 351 55 association.
1022 2990 137 53 New
1198 2989 177 69 York,
1409 2990 69 53 N.
1517 2991 89 67 Y.,
1641 2991 304 53 American
1982 2991 191 69 public

176 3065 193 54 health
405 3065 351 69 association,
794 3070 149 51 1933.

243 3136 99 48 xxi,
374 3137 84 42 180
489 3149 43 37 p.
592 3137 154 50 diagr.
803 3139 55 40 24
862 3143 15 20 cm
911 3172 9 9 .

246 3195 118 40 This
388 3196 201 39 seventh
613 3196 184 40 edition
822 3196 41 41 is
889 3196 254 49 published
1167 3198 49 39 in
1242 3198 350 41 collaboration
1619 3199 117 41 with
1764 3213 25 28 a
1820 3200 272 41 committee
2119 3202 52 38 of

176 3251 80 40 the
289 3251 257 41 American
580 3252 233 41 chemical
846 3252 182 49 society
1061 3255 96 39 and
1191 3253 120 41 with
1345 3256 81 39 the
1461 3255 220 41 addition
1715 3256 52 41 of
1797 3257 226 41 material
2059 3259 110 47 help

174 3307 127 41 from
325 3309 81 39 the
432 3308 244 41 Chemical
702 3309 306 41 foundation,
1060 3312 62 47 cf.
1150 3310 129 40 Pref.
1307 3315 47 36 to
1381 3312 81 40 the
1489 3313 80 39 7th
1597 3313 198 41 edition.

245 3364 232 41 Contains
510 3364 391 49 bibliographies.

180 3426 52 52 ©
268 3432 121 39 Mar.
424 3432 68 42 15,
528 3430 140 46 1933;
704 3431 65 40 2c.
807 3433 97 38 and
937 3431 82 41 aff.
1055 3432 121 41 Mar.
1211 3432 81 46 27;
1331 3432 41 39 A
1405 3432 170 48 61115;
1613 3434 157 39 Amer.
1808 3434 162 48 public
2004 3436 168 40 health

377 3488 1492 51 assn. and Amer. water works assn. New York.. (33-8121)
173 3588 311 67 Appleton,
515 3589 222 66 Victor,
765 3591 196 66 pseud.

245 3666 130 52 Don
417 3664 220 71 Sturdy
676 3668 110 51 lost
828 3667 59 52 in
930 3666 228 55 Glacier
1199 3666 140 71 bay;
1385 3686 81 49 or,
1508 3668 123 55 The
1673 3674 254 67 mystery
1968 3673 66 52 of
2076 3674 94 54 the

175 3743 1998 77 moving totem poles, by Victor Appleton … illustrated by Nat
175 3820 1374 72 Falk. New York, Grosset & Dunlap [ c 1933]
247 3894 27 40 2
304 3905 42 38 p.
412 3925 8 14 l.,
450 3894 86 40 204
564 3905 43 38 p.
667 3896 148 40 front.
875 3893 55 41 19½
963 3896 44 22 cm
1010 3924 10 10 .
1099 3895 92 41 [His
1221 3895 109 41 Don
1364 3895 183 49 Sturdy
1578 3897 167 51 series]

179 3949 52 52 ©
257 3954 111 47 Apr.
395 3954 39 41 3,
461 3953 141 47 1933;
630 3954 66 39 2c.
724 3954 95 40 and
847 3953 82 41 aff.
955 3954 113 46 Apr.
1096 3954 53 46 5;
1177 3954 41 39 A
1244 3954 170 49 61209;
1445 3956 201 42 Grosset
1671 3959 37 40 &
1735 3960 208 50 Dunlap,
1973 3962 91 40 inc.

256 4010 249 48 (33-8154)
