2484 4405
1071 4147 133 48 1035

116 506 367 63 Parmenter,
515 507 139 51 Mrs.
687 501 301 57 Christine
1030 499 330 68 (Whiting)
1402 499 170 56 1877-

193 571 1931 78 The long quest, by Christine Whiting Parmenter … New
122 660 178 66 York,
329 660 247 51 Thomas
606 658 71 52 Y.
710 656 243 54 Crowell
984 672 283 51 company
1300 656 193 65 [c1933]

188 746 87 40 288
312 756 42 37 p.
422 744 146 40 19½cm.

127 813 50 51 ©
206 817 117 47 July
349 816 69 47 18,
446 815 140 46 1933;
617 815 67 39 2c.
714 815 94 38 and
838 812 81 40 aff.
949 813 117 47 July
1093 813 83 46 22;
1207 812 42 39 A
1277 810 169 48 63649;
1479 810 47 41 C.
1559 811 70 39 W.
1660 810 300 45 Parmenter,
194 809 1911 105 Colorado
344 874 212 48 Springs,
587 872 97 40 Col.
759 870 280 49 (33-18659)

118 976 276 65 Parsons,
424 976 232 53 Arthur
685 976 298 62 Barrette,
1015 975 171 54 1887-

193 1048 1932 73 The porphyry coppers, by A. B. Parsons … 1st ed. New
125 1131 178 69 York,
335 1134 150 52 1933.

193 1214 75 39 xv,
300 1205 83 40 581
413 1214 44 38 p.
489 1203 109 41 incl.
631 1203 162 46 front.,
825 1202 115 40 illus
968 1201 132 49 (incl.
1133 1204 163 45 ports.,
1331 1201 160 48 maps)
1534 1199 180 48 diagrs.
1776 1198 147 41 23½cm.
125 1200 1981 103 (Lettered
282 1274 60 29 on
367 1269 162 33 cover;
554 1260 166 47 Rocky
744 1259 253 40 mountain
1022 1258 124 40 fund
1173 1257 174 49 series)

195 1331 289 41 “Published
523 1331 61 46 by
626 1331 81 39 the
746 1328 257 41 American
1043 1327 228 42 institute
1312 1328 53 40 of
1402 1327 187 48 mining
1628 1329 95 39 and
1765 1327 360 48 metallurgical

124 1389 265 48 engineers,
426 1388 261 47 sponsored
721 1387 62 46 by
818 1387 81 39 the
937 1386 163 46 Rocky
1137 1384 254 42 mountain
1425 1384 168 41 fund.”

129 1457 51 52 ©
209 1462 126 39 June
361 1460 69 47 30,
458 1458 114 42 1933;
628 1460 67 39 2c.
724 1459 96 40 and
849 1458 81 41 aff.
959 1460 115 47 July
1101 1459 84 46 20;
1216 1459 41 38 A
1285 1458 171 47 63640;
1484 1458 160 40 Amer.
1674 1458 230 40 institute
1929 1458 52 40 of
196 1455 1914 110 mining
305 1519 95 38 and
428 1516 356 48 metallurgical
814 1515 264 48 engineers,
1110 1516 104 47 inc.,
1244 1516 117 39 New
1390 1516 145 39 York.

207 1574 280 49 (33-18911)

123 1678 174 64 Pary,
328 1678 265 55 Juliette.

195 1754 293 52 L’homme
528 1772 111 34 aux
681 1772 225 35 romans
946 1753 283 68 policiers,
1269 1772 106 50 par
1415 1752 240 55 Juliette
1695 1754 174 67 Pary.
1945 1752 185 69 Paris,

126 1832 284 54 Librairie
443 1833 94 52 des
574 1833 511 67 Champs-Élysées
1126 1835 192 64 [c1933]

197 1904 1932 53 2 p. l., [7]-247 p. 18½cm. (Half-title: Le masque; collection de romans
127 1963 594 49 d’aventures … [125])
134 2034 1999 118 © Feb. 20, 1933; 1c. May 17; A-Foreign 20971; Librairie des Champs-Élyseés. (33-18764)
129 2208 335 62 Patterson,
493 2207 225 63 George
747 2207 135 53 Leo.

132 2283 1973 146 Amid the mountains of our moon … by George Leo Patterson … Denver, Col., The author, 1933.
204 2438 25 39 3
257 2448 42 37 p.
362 2469 8 15 l,
397 2437 144 40 9-187
567 2447 43 37 p.
671 2436 115 41 16cm.
857 2435 202 49 (Pocket
1086 2438 282 45 astronomy
1395 2434 175 49 series)

207 2506 101 39 “An
343 2509 227 37 accurate
604 2510 79 44 yet
719 2508 204 46 popular
958 2505 203 41 treatise
1198 2517 59 29 on
1290 2516 91 29 our
1415 2517 140 29 moon
1590 2506 96 40 and
1722 2506 81 40 the
1838 2505 297 48 twenty-five

136 2564 139 40 other
304 2564 251 41 satellites.
619 2564 93 40 For
742 2574 161 38 young
930 2565 95 40 and
1054 2563 122 42 old.”

139 2631 51 52 ©
222 2637 129 39 June
378 2636 68 47 19,
477 2637 140 45 1933;
650 2636 67 39 2c.
749 2636 126 39 June
904 2636 83 47 27;
1022 2635 83 41 aff.
1137 2636 129 39 June
1294 2635 83 47 29;
1411 2635 42 39 A
1484 2635 170 47 64156;
1691 2635 53 40 G.
1777 2636 51 40 L.
1861 2636 275 47 Patterson,

207 2694 203 39 Denver.
482 2693 279 49 (33-18804)
1926 2690 122 42 6884

133 2796 454 64 Pennsylvania.

201 2873 356 56 Workmen’s
584 2874 424 67 compensation
1035 2875 361 67 supplement
1421 2880 58 47 to
1506 2876 381 66 Department
1913 2878 221 64 reports

136 2952 62 52 of
236 2952 440 68 Pennsylvania,
714 2952 332 70 containing
1083 2953 222 68 rulings
1344 2954 112 51 and
1494 2954 240 52 selected
1770 2953 263 68 opinions
2072 2953 63 52 of

136 3030 95 52 the
259 3030 355 53 Workmen’s
647 3031 424 68 compensation
1102 3032 197 68 board,
1332 3031 263 69 opinions
1628 3032 62 51 of
1722 3034 96 50 the
1850 3033 285 66 Attorney

137 3109 247 67 general,
424 3111 96 50 the
559 3109 228 53 various
828 3115 187 49 courts
1057 3110 64 53 of
1160 3111 426 68 Pennsylvania
1629 3112 111 51 and
1780 3112 97 52 the
1917 3111 217 54 United

141 3187 187 54 States
361 3189 274 67 Supreme
665 3196 177 62 court,
871 3190 299 68 involving
1199 3192 97 51 the
1323 3190 357 56 Workmen’s
1712 3192 424 67 compensation

139 3268 109 50 law
287 3267 61 51 of
384 3269 424 67 Pennsylvania
846 3268 212 69 during
1094 3270 97 51 the
1227 3288 135 49 year
1400 3272 151 50 1932.
1628 3270 212 52 Edited
1876 3271 74 68 by
1988 3271 149 52 Karl

140 3345 1973 146 E. Richards … [Harrisburg, Pa., Printed by Telegraph printing co., c1933]
212 3498 84 39 373
328 3507 42 38 p.
431 3498 143 39 23½cm.

217 3567 1922 53 Reprinted from volume XVIII of Department reports of Pennsylvania.
150 3634 50 51 ©
227 3639 115 47 July
364 3638 70 47 26,
459 3639 111 39 1933;
623 3639 69 40 2c.
717 3640 95 39 and
837 3639 81 40 aff.
944 3639 118 49 Aug.
1088 3641 54 46 2;
1170 3641 41 38 A
1236 3641 169 47 64597;
1434 3641 122 39 Karl
1584 3643 52 39 E.
1664 3642 253 49 Richards,
217 3643 1906 99 Harrisburg,
385 3696 81 38 Pa.
1933 3698 117 44 6885

144 3799 296 64 Perowne,
468 3800 209 63 Barry.

216 3876 121 52 The
364 3876 165 52 black
557 3875 143 56 fleet.

224 3946 84 50 (In
334 3947 227 50 Thriller,
590 3947 116 52 July
737 3949 39 50 1,
808 3950 143 49 1933)

155 4016 1987 58 © 1c. Aug. 19, 1933; A ad int. 18125; pubd. June 24; Philip Atkey,
220 4076 115 39 New
370 4077 186 45 Milton,
592 4079 173 43 Hants,
802 4080 235 42 England.
