2484 4405
1025 4021 101 53 741

86 372 318 66 Radziwill,
443 372 187 53 Marie
669 371 300 52 Dorothea
1008 370 308 53 Elisabeth
1361 370 100 65 (de
1502 369 363 64 Castellane)
158 373 1925 134 1840-1915.

218 524 1865 71 … Lettres de la princesse Radziwill an general de Robilant,
86 603 1621 70 1889-1914 … v. 1. Bologna, N. Zanichelli, 1933.
159 678 1492 50 1 p. l., v-viii, 287 p., 2 l. front. (port.) facsim. 23½ cm .
159 737 64 39 At
247 737 125 39 head
398 735 51 40 of
473 735 134 40 title:
639 735 102 39 Une
768 735 181 46 grande
977 734 139 40 dame
1143 732 197 41 d’avant
1367 742 186 38 guerre.

92 790 1991 52 © Mar. 1, 1933; 1c. Mar. 14; A-Foreign 20167; Casa ed. N. Zanichelli.
170 851 278 49 (33-13166)

83 942 146 62 Rau,
261 940 210 65 Philip,
505 946 171 49 1885-

157 1018 121 51 The
308 1017 197 67 jungle
538 1018 123 53 bees
695 1019 111 51 and
837 1035 183 49 wasps
1053 1016 63 51 of
1152 1017 182 51 Barro
1368 1015 280 54 Colorado
1682 1015 186 53 island
1914 1013 163 69 (with

87 1101 155 46 notes
272 1113 70 33 on
372 1095 160 52 other
562 1094 230 67 insects)
835 1093 71 68 by
937 1092 133 54 Phil
1102 1093 142 51 Rau.
1312 1093 334 66 Kirkwood,
1675 1093 135 66 Mo.,
1841 1093 62 50 P.
1937 1092 144 59 Rau,

89 1175 148 50 1933.

158 1241 1211 51 6 p. l., [3]-324 p. front., illus., diagrs. 24 cm .
86 1298 1995 106 “The work … is the result of five weeks’ stay on the island in 1928.”—p. 6.
91 1413 52 52 ©
173 1418 113 47 May
314 1416 68 48 10,
412 1416 139 46 1933;
582 1416 67 41 2c.
680 1416 95 39 and
804 1413 82 42 aff.
916 1416 114 47 May
1058 1415 83 46 15;
1174 1415 40 39 A
1242 1415 171 47 62663;
1447 1415 48 39 P.
1528 1415 122 48 Rail,
1681 1413 279 49 Kirkwood,
1992 1416 92 39 Mo.

169 1473 279 49 (33-12743)

83 1563 244 65 Reeves,
361 1564 181 63 Floyd
573 1562 251 65 Wesley,
858 1566 170 49 1890-
1242 1564 84 54 ed.

218 1640 1869 70 … Admission and retention of university students, prepared
86 1722 182 51 under
300 1721 95 52 the
432 1720 279 53 direction
746 1719 64 53 of
847 1738 30 33 a
914 1738 206 49 survey
1155 1718 136 54 staff
1327 1718 314 70 consisting
1675 1718 64 55 of
1774 1720 188 67 Floyd
1996 1720 92 54 W.

86 1799 211 53 Reeves
346 1798 130 67 [and]
505 1798 157 54 John
686 1798 145 53 Dale
854 1798 242 52 Russell.
1174 1796 270 69 Chicago,
1466 1798 114 67 Ill.,
1605 1798 122 53 The
1751 1798 338 68 University

87 1876 65 53 of
183 1877 250 67 Chicago
464 1895 156 49 press
657 1879 172 64 [1933]

153 1950 172 48 xxxiii,
364 1950 88 40 360
487 1961 43 37 p.
598 1950 179 47 diagrs.
845 1949 58 40 19½
933 1951 44 21 cm
982 1980 9 9 .
1069 1950 125 47 (The
1234 1948 283 49 University
1555 1950 54 39 of
1646 1949 210 48 Chicago
1896 1960 188 38 survey,

84 2007 92 41 vol.
198 2007 51 47 v)

91 2061 1993 52 © Apr. 4, 1933; 2c. May 2; aff. Apr. 29; A 61545; University of Chicago,
159 2121 222 48 Chicago.
452 2120 279 48 (33-12605)

219 2209 1864 69 … The alumni of the colleges [by] Floyd W. Reeves [and]
86 2288 157 54 John
273 2289 147 53 Dale
451 2288 241 54 Russell.
769 2287 270 69 Chicago,
1069 2289 115 67 Ill.,
1214 2289 123 52 The
1367 2287 339 69 University
1738 2287 65 54 of
1836 2288 252 69 Chicago

83 2385 157 49 press
289 2370 171 64 [1933]

155 2439 98 49 xix,
273 2439 87 41 126
375 2450 43 38 p.
470 2440 178 48 diagrs.
701 2439 56 41 19½
788 2442 44 22 cm
835 2470 9 10 .
908 2440 126 48 (The
1052 2439 283 48 University
1354 2439 52 41 of
1423 2438 210 49 Chicago
1652 2450 190 38 survey,
1894 2441 93 40 vol.
2003 2444 74 43 vi)

90 2493 51 52 ©
165 2498 114 47 Apr.
303 2499 41 45 4,
371 2497 112 40 1933:
537 2498 67 39 2c.
631 2498 115 46 May
768 2497 54 46 2;
850 2497 83 41 aff.
959 2498 113 46 Apr.
1098 2497 83 47 29;
1209 2497 41 38 A
1274 2497 143 39 61546;
1476 2496 282 49 University
1782 2498 53 38 of
1861 2497 223 49 Chicago,

159 2553 222 49 Chicago.
451 2554 280 49 (33-12606)

86 2644 1977 131 … Class size and university costs [by] Floyd W. Reeves, Nelson B.
301 2722 203 67 Henry
550 2725 130 65 [and]
709 2723 157 54 John
888 2724 147 52 Dale
1055 2724 242 52 Russell.
1375 2722 270 69 Chicago,
1668 2724 114 66 Ill.,
1799 2724 121 54 The
86 2722 1977 146 University
328 2801 65 53 of
421 2800 251 69 Chicago
701 2820 156 49 press
910 2804 152 64 [1933]

153 2874 100 48 xxi,
271 2873 86 41 229
374 2884 44 38 p.
469 2875 179 47 diagrs.
698 2874 57 41 19½
786 2877 44 21 cm
834 2905 9 8 .
905 2875 124 48 (The
1047 2874 284 48 University
1348 2874 54 41 of
1418 2874 211 49 Chicago
1647 2885 190 38 survey,
1887 2876 93 40 vol.
1998 2874 79 49 xi)

91 2927 51 52 ©
165 2932 113 47 Apr.
301 2933 40 45 4,
370 2931 112 40 1933:
535 2932 66 39 2c.
627 2933 114 46 May
765 2933 53 45 2;
848 2931 80 40 aff.
956 2932 112 47 Apr.
1095 2931 83 47 29;
1207 2932 40 38 A
1272 2932 169 46 61551;
1473 2931 283 48 University
1782 2932 52 40 of
1860 2931 223 48 Chicago,

158 2988 222 48 Chicago.
451 2988 279 47 (33-12607)

219 3063 1868 69 … Instructional problems in the university [by] Floyd W.
86 3141 230 67 Reeves,
352 3142 90 54 W.
482 3142 67 52 E.
589 3142 145 54 Peik
793 3142 131 67 [and]
967 3142 157 55 John
1162 3142 147 54 Dale
1346 3142 242 54 Russell.
1664 3142 271 69 Chicago,
1974 3143 113 63 Ill.,

86 3219 123 53 The
235 3220 337 68 University
599 3220 65 53 of
693 3220 252 69 Chicago
974 3239 157 49 press
1165 3223 172 65 [1933]

155 3293 117 46 xxii,
293 3292 85 40 245
395 3304 43 36 p.
485 3293 178 48 diagrs.
710 3293 56 41 19½
798 3298 14 20 cm
847 3326 9 9 .
913 3294 125 49 (The
1056 3293 283 49 University
1356 3295 53 41 of
1427 3294 210 48 Chicago
1655 3305 191 37 survey,
1894 3296 91 39 vol.
2064 3296 13 42 IV)

93 3345 51 52 ©
170 3351 111 47 Apr.
305 3352 41 44 4,
372 3351 112 39 1933;
539 3351 66 39 2c.
633 3352 113 46 May
770 3352 53 45 2;
852 3351 81 41 aff.
958 3351 114 48 Apr.
1096 3351 83 46 29;
1210 3352 41 38 A
1275 3352 169 46 61544;
1473 3351 283 47 University
1782 3352 53 40 of
1860 3351 224 49 Chicago,

160 3406 221 48 Chicago.
451 3408 280 47 (33-12608)

218 3481 1866 68 … The organization and administration of the university
93 3557 109 69 [by]
239 3559 183 66 Floyd
455 3560 90 53 W.
579 3560 230 67 Reeves,
840 3561 310 53 Frederick
1182 3562 55 53 J.
1270 3561 193 67 Kelly,
1493 3561 157 54 John
1682 3562 147 52 Dale
1860 3562 222 53 Russell

111 3638 130 65 [and]
274 3637 222 67 George
520 3638 70 52 A.
616 3638 224 54 Works.
917 3637 272 69 Chicago,
1213 3640 114 65 Ill.,
1352 3639 122 53 The
1499 3638 338 69 University
1860 3639 66 54 of
87 3638 1972 144 Chicago
255 3733 156 49 press
448 3718 171 65 [1933]

85 3789 1980 104 xv, 151 p. diagrs. (part fold.) 19½ cm . (The University of Chicago survey. vol. II )
93 3896 51 52 ©
169 3902 112 47 Apr.
305 3904 40 45 4,
371 3902 139 46 1933;
538 3903 66 40 2c.
630 3904 113 46 May
768 3904 52 46 2;
848 3903 81 41 aff.
955 3904 112 47 Apr.
1095 3904 81 42 29;
1205 3904 40 38 A
1272 3904 169 46 61542;
1472 3904 281 49 University
1780 3906 51 39 of
1857 3904 223 48 Chicago,

159 3958 222 49 Chicago.
451 3959 278 49 (33-12609)
