<alto xmlns="http://www.loc.gov/standards/alto/ns-v3#" xmlns:xlink="http://www.w3.org/1999/xlink" xmlns:xsi="http://www.w3.org/2001/XMLSchema-instance" xsi:schemaLocation="http://www.loc.gov/standards/alto/ns-v3# http://www.loc.gov/alto/v3/alto-3-0.xsd"><Description>
<MeasurementUnit>pixel</MeasurementUnit>
<sourceImageInformation>
<fileName>1933_v1_Part1.pdf</fileName>
</sourceImageInformation>
<OCRProcessing ID="IdOcr">
<ocrProcessingStep>
<processingDateTime>2019-01-03</processingDateTime>
<processingSoftware>
<softwareCreator>ABBYY</softwareCreator>
<softwareName>ABBYY Recognition Server</softwareName>
<softwareVersion>4.0</softwareVersion>
</processingSoftware>
</ocrProcessingStep>
</OCRProcessing>
</Description>
<Styles>
<ParagraphStyle ID="StyleId-FFFFFFFF-FFFF-FFFF-FFFF-FFFFFFFFFFFF-" ALIGN="Left" LEFT="0." RIGHT="0." FIRSTLINE="0."/>
<ParagraphStyle ID="StyleId-6EF5737A-DCEB-4126-A0CF-C5930BF7166A-" ALIGN="Left" LEFT="0." RIGHT="0." FIRSTLINE="0." LINESPACE="8.300000191"/>
<ParagraphStyle ID="StyleId-2DE44258-FD0B-41E1-B542-087C989B01A3-" ALIGN="Left" LEFT="0." RIGHT="0." FIRSTLINE="0." LINESPACE="12.19999981"/>
<ParagraphStyle ID="StyleId-CE3D254A-29D7-4DD7-B5F1-E0FC0EF29B05-" ALIGN="Left" LEFT="0." RIGHT="0." FIRSTLINE="-14." LINESPACE="8.619999886"/>
<ParagraphStyle ID="StyleId-C0E3A137-CE4F-4287-8A90-B599106709D0-" ALIGN="Left" LEFT="0." RIGHT="0." FIRSTLINE="-14." LINESPACE="12.19999981"/>
<ParagraphStyle ID="StyleId-50F26F0C-05DA-4C19-BA58-7A6AC4499BEE-" ALIGN="Left" LEFT="0." RIGHT="0." FIRSTLINE="-14." LINESPACE="11.06999969"/>
<ParagraphStyle ID="StyleId-5DDE65AF-512C-41E2-9B8E-095D6D99EF68-" ALIGN="Center" LEFT="0." RIGHT="0." FIRSTLINE="0." LINESPACE="11.89999962"/>
<ParagraphStyle ID="StyleId-0A81D7A5-6A62-4C52-915E-7768974C704D-" ALIGN="Left" LEFT="0." RIGHT="0." FIRSTLINE="0." LINESPACE="9.399999619"/>
<ParagraphStyle ID="StyleId-F7A0127F-6B48-4157-BB81-FE33E1E1A05B-" ALIGN="Block" LEFT="0." RIGHT="0." FIRSTLINE="-13." LINESPACE="10.63000011"/>
<ParagraphStyle ID="StyleId-E18C69F7-DBD7-48B1-805C-FCD96D0DA019-" ALIGN="Left" LEFT="0." RIGHT="0." FIRSTLINE="0." LINESPACE="11.64000034"/>
<ParagraphStyle ID="StyleId-98F15501-B611-4E83-8BB3-807E891F11F5-" ALIGN="Left" LEFT="0." RIGHT="0." FIRSTLINE="-14." LINESPACE="12.19999981"/>
<ParagraphStyle ID="StyleId-F4A78626-0BBC-4D12-94D9-A1AE75A9855F-" ALIGN="Left" LEFT="0." RIGHT="0." FIRSTLINE="0." LINESPACE="9.399999619"/>
<ParagraphStyle ID="StyleId-6A3F6F4C-D21B-4ADE-902F-7683F18ECEF3-" ALIGN="Left" LEFT="0." RIGHT="0." FIRSTLINE="0." LINESPACE="11.10000038"/>
</Styles>
<Layout>
<Page ID="Page1437" PHYSICAL_IMG_NR="1437" HEIGHT="4405" WIDTH="2484">
<TopMargin HEIGHT="465" WIDTH="2484" VPOS="0" HPOS="0">
</TopMargin>
<LeftMargin HEIGHT="3612" WIDTH="122" VPOS="465" HPOS="0">
</LeftMargin>
<RightMargin HEIGHT="3612" WIDTH="296" VPOS="465" HPOS="2188">
</RightMargin>
<BottomMargin HEIGHT="328" WIDTH="2484" VPOS="4077" HPOS="0">
<TextBlock ID="Page1437_Block1" HEIGHT="108" WIDTH="273" VPOS="4107" HPOS="994" LANG="fr" STYLEREFS="StyleId-69D4C537-2D9C-49F2-BEDC-57EFD3187787-">
<Shape>
<Polygon POINTS="994,4107 1244,4107 1244,4108 1267,4108 1267,4214 1266,4214 1266,4215 1240,4215 1240,4214 994,4214 994,4107"/>
</Shape>
<TextLine HEIGHT="56" WIDTH="137" VPOS="4125" HPOS="1068">
<String CONTENT="1437" HEIGHT="56" WIDTH="137" VPOS="4125" HPOS="1068"/>
</TextLine>
</TextBlock>
</BottomMargin>
<PrintSpace HEIGHT="3612" WIDTH="2066" VPOS="465" HPOS="122">
<TextBlock ID="Page1437_Block2" HEIGHT="3612" WIDTH="2066" VPOS="465" HPOS="122" LANG="en-US" CS="1" STYLEREFS="StyleId-E7D84285-270B-4D88-9ECF-C92F4AA8D59A-">
<Shape>
<Polygon POINTS="129,465 236,465 236,466 740,466 740,467 1244,467 1244,468 1748,468 1748,469 2188,469 2188,692 2187,692 2187,1196 2186,1196 2186,1700 2185,1700 2185,2204 2184,2204 2184,2709 2183,2709 2183,3213 2182,3213 2182,3717 2181,3717 2181,4077 1744,4077 1744,4076 1240,4076 1240,4075 736,4075 736,4074 232,4074 232,4073 122,4073 122,3713 123,3713 123,3209 124,3209 124,2705 125,2705 125,2201 126,2201 126,1696 127,1696 127,1192 128,1192 128,688 129,688 129,465"/>
</Shape>
<TextLine HEIGHT="73" WIDTH="1990" VPOS="476" HPOS="140">
<String CONTENT="Encyclopaedia" HEIGHT="65" WIDTH="463" VPOS="479" HPOS="140"/>
<SP HEIGHT="36" WIDTH="41" VPOS="499" HPOS="604"/>
<String CONTENT="of" HEIGHT="54" WIDTH="64" VPOS="480" HPOS="646"/>
<SP HEIGHT="54" WIDTH="40" VPOS="480" HPOS="711"/>
<String CONTENT="the" HEIGHT="50" WIDTH="96" VPOS="483" HPOS="752"/>
<SP HEIGHT="34" WIDTH="38" VPOS="499" HPOS="849"/>
<String CONTENT="social" HEIGHT="54" WIDTH="174" VPOS="480" HPOS="888"/>
<SP HEIGHT="50" WIDTH="42" VPOS="484" HPOS="1063"/>
<String CONTENT="sciences," HEIGHT="68" WIDTH="256" VPOS="479" HPOS="1106"/>
<SP HEIGHT="49" WIDTH="40" VPOS="498" HPOS="1363"/>
<String CONTENT="editor-in-chief," HEIGHT="70" WIDTH="472" VPOS="479" HPOS="1404"/>
<SP HEIGHT="66" WIDTH="43" VPOS="483" HPOS="1877"/>
<String CONTENT="Edwin" HEIGHT="52" WIDTH="209" VPOS="481" HPOS="1921"/>
</TextLine>
<TextLine HEIGHT="75" WIDTH="1922" VPOS="555" HPOS="206">
<String CONTENT="R." HEIGHT="53" WIDTH="68" VPOS="562" HPOS="206"/>
<SP HEIGHT="53" WIDTH="43" VPOS="562" HPOS="275"/>
<String CONTENT="A." HEIGHT="51" WIDTH="70" VPOS="562" HPOS="319"/>
<SP HEIGHT="55" WIDTH="48" VPOS="560" HPOS="390"/>
<String CONTENT="Seligman;" HEIGHT="68" WIDTH="320" VPOS="560" HPOS="439"/>
<SP HEIGHT="50" WIDTH="48" VPOS="577" HPOS="760"/>
<String CONTENT="associate" HEIGHT="53" WIDTH="270" VPOS="559" HPOS="809"/>
<SP HEIGHT="33" WIDTH="44" VPOS="578" HPOS="1080"/>
<String CONTENT="editor," HEIGHT="68" WIDTH="202" VPOS="557" HPOS="1125"/>
<SP HEIGHT="65" WIDTH="42" VPOS="560" HPOS="1328"/>
<String CONTENT="Alvin" HEIGHT="53" WIDTH="180" VPOS="558" HPOS="1371"/>
<SP HEIGHT="54" WIDTH="43" VPOS="560" HPOS="1552"/>
<String CONTENT="Johnson," HEIGHT="55" WIDTH="275" VPOS="560" HPOS="1596"/>
<SP HEIGHT="32" WIDTH="74" VPOS="578" HPOS="1872"/>
<String CONTENT="v." HEIGHT="33" WIDTH="52" VPOS="578" HPOS="1947"/>
<SP HEIGHT="49" WIDTH="47" VPOS="562" HPOS="2000"/>
<String CONTENT="11." HEIGHT="50" WIDTH="80" VPOS="562" HPOS="2048"/>
</TextLine>
<TextLine HEIGHT="76" WIDTH="1925" VPOS="632" HPOS="204" CS="1">
<String CONTENT="Morbidity-Parties," HEIGHT="72" WIDTH="591" VPOS="634" HPOS="204"/>
<SP HEIGHT="50" WIDTH="51" VPOS="656" HPOS="795"/>
<String CONTENT="political." HEIGHT="69" WIDTH="279" VPOS="636" HPOS="846"/>
<SP HEIGHT="52" WIDTH="72" VPOS="636" HPOS="1126"/>
<String CONTENT="New" HEIGHT="54" WIDTH="137" VPOS="636" HPOS="1199"/>
<SP HEIGHT="51" WIDTH="52" VPOS="638" HPOS="1337"/>
<String CONTENT="York," HEIGHT="68" WIDTH="181" VPOS="635" HPOS="1389"/>
<SP HEIGHT="65" WIDTH="51" VPOS="638" HPOS="1570"/>
<String CONTENT="The" HEIGHT="51" WIDTH="122" VPOS="638" HPOS="1622"/>
<SP HEIGHT="53" WIDTH="49" VPOS="636" HPOS="1745"/>
<String CONTENT="Macmillan" HEIGHT="52" WIDTH="334" VPOS="636" HPOS="1795"/>
</TextLine>
<TextLine HEIGHT="66" WIDTH="475" VPOS="717" HPOS="204">
<String CONTENT="company," HEIGHT="51" WIDTH="296" VPOS="732" HPOS="204"/>
<SP HEIGHT="64" WIDTH="26" VPOS="719" HPOS="501"/>
<String CONTENT="1933." HEIGHT="50" WIDTH="151" VPOS="718" HPOS="528"/>
</TextLine>
<TextLine HEIGHT="49" WIDTH="466" VPOS="788" HPOS="202" STYLEREFS="StyleId-86F6703C-8DA7-46CD-9177-5ECDBB24CB61-" CS="1">
<String CONTENT="xxi," HEIGHT="48" WIDTH="98" VPOS="789" HPOS="202"/>
<SP/>
<String CONTENT="&amp;39" HEIGHT="40" WIDTH="87" VPOS="789" HPOS="334"/>
<SP HEIGHT="48" WIDTH="27" VPOS="789" HPOS="422"/>
<String CONTENT="p." HEIGHT="37" WIDTH="41" VPOS="800" HPOS="450"/>
<SP HEIGHT="39" WIDTH="60" VPOS="790" HPOS="492"/>
<String CS="1" CONTENT="28" HEIGHT="39" WIDTH="26" VPOS="790" HPOS="553"/>
<String STYLE="superscript" CONTENT="cm" HEIGHT="21" WIDTH="45" VPOS="791" HPOS="611"/>
<String CONTENT="." HEIGHT="9" WIDTH="8" VPOS="821" HPOS="660"/>
</TextLine>
<TextLine HEIGHT="59" WIDTH="1697" VPOS="839" HPOS="139" STYLEREFS="StyleId-86F6703C-8DA7-46CD-9177-5ECDBB24CB61-" CS="1">
<String CONTENT="&#169;" HEIGHT="53" WIDTH="51" VPOS="841" HPOS="139"/>
<SP HEIGHT="53" WIDTH="29" VPOS="841" HPOS="191"/>
<String CONTENT="Oct." HEIGHT="43" WIDTH="99" VPOS="846" HPOS="221"/>
<SP HEIGHT="40" WIDTH="28" VPOS="846" HPOS="321"/>
<String CONTENT="31," HEIGHT="47" WIDTH="69" VPOS="846" HPOS="350"/>
<SP HEIGHT="47" WIDTH="27" VPOS="846" HPOS="420"/>
<String CS="1" CONTENT="1933;" HEIGHT="41" WIDTH="112" VPOS="845" HPOS="448"/>
<SP HEIGHT="46" WIDTH="30" VPOS="846" HPOS="588"/>
<String CONTENT="2c." HEIGHT="40" WIDTH="67" VPOS="846" HPOS="619"/>
<SP HEIGHT="30" WIDTH="28" VPOS="856" HPOS="687"/>
<String CONTENT="and" HEIGHT="42" WIDTH="96" VPOS="844" HPOS="716"/>
<SP/>
<String CS="1" CONTENT="aff."/>
<SP HEIGHT="40" WIDTH="28" VPOS="844" HPOS="922"/>
<String CONTENT="Nov." HEIGHT="40" WIDTH="117" VPOS="844" HPOS="951"/>
<SP HEIGHT="40" WIDTH="29" VPOS="844" HPOS="1069"/>
<String CS="1" CONTENT="1;" HEIGHT="39" WIDTH="26" VPOS="844" HPOS="1099"/>
<SP HEIGHT="48" WIDTH="29" VPOS="843" HPOS="1154"/>
<!-- cceid 49952302-6CF9-1014-A6CF-A82867D68027 --><String CONTENT="A" HEIGHT="40" WIDTH="42" VPOS="843" HPOS="1184"/>
<SP HEIGHT="43" WIDTH="27" VPOS="842" HPOS="1227"/>
<String CS="1" CONTENT="66852;" HEIGHT="42" WIDTH="146" VPOS="843" HPOS="1255"/>
<SP HEIGHT="47" WIDTH="31" VPOS="844" HPOS="1425"/>
<String CONTENT="Macmillan" HEIGHT="42" WIDTH="285" VPOS="842" HPOS="1457"/>
<SP HEIGHT="32" WIDTH="25" VPOS="853" HPOS="1743"/>
<String CS="1" CONTENT="co." HEIGHT="31" WIDTH="40" VPOS="853" HPOS="1796"/>
</TextLine>
<TextLine HEIGHT="155" WIDTH="1969" VPOS="929" HPOS="138" CS="1">
<String CONTENT="Encyclopedic" HEIGHT="66" WIDTH="423" VPOS="930" HPOS="138"/>
<SP HEIGHT="54" WIDTH="22" VPOS="935" HPOS="562"/>
<String CONTENT="digest" HEIGHT="69" WIDTH="185" VPOS="934" HPOS="585"/>
<SP HEIGHT="48" WIDTH="21" VPOS="939" HPOS="771"/>
<String CONTENT="of" HEIGHT="53" WIDTH="66" VPOS="933" HPOS="793"/>
<SP HEIGHT="52" WIDTH="23" VPOS="933" HPOS="860"/>
<String CONTENT="Florida" HEIGHT="53" WIDTH="240" VPOS="933" HPOS="884"/>
<SP HEIGHT="33" WIDTH="24" VPOS="952" HPOS="1125"/>
<String CONTENT="reports," HEIGHT="66" WIDTH="239" VPOS="936" HPOS="1150"/>
<SP HEIGHT="67" WIDTH="24" VPOS="933" HPOS="1390"/>
<String CONTENT="being" HEIGHT="70" WIDTH="170" VPOS="932" HPOS="1415"/>
<SP HEIGHT="50" WIDTH="24" VPOS="952" HPOS="1586"/>
<String CONTENT="a" HEIGHT="34" WIDTH="32" VPOS="952" HPOS="1611"/>
<SP HEIGHT="35" WIDTH="23" VPOS="952" HPOS="1644"/>
<String CONTENT="complete" HEIGHT="68" WIDTH="275" VPOS="934" HPOS="1668"/>
<SP HEIGHT="34" WIDTH="24" VPOS="954" HPOS="1944"/>
<String CONTENT="encyclopedia" HEIGHT="137" WIDTH="1901" VPOS="947" HPOS="206"/>
<SP HEIGHT="34" WIDTH="31" VPOS="1031" HPOS="466"/>
<String CONTENT="and" HEIGHT="52" WIDTH="112" VPOS="1013" HPOS="498"/>
</TextLine>
<TextLine HEIGHT="75" WIDTH="1484" VPOS="1008" HPOS="643">
<String CONTENT="digest" HEIGHT="68" WIDTH="186" VPOS="1013" HPOS="643"/>
<SP HEIGHT="47" WIDTH="30" VPOS="1017" HPOS="830"/>
<String CONTENT="of" HEIGHT="52" WIDTH="64" VPOS="1011" HPOS="861"/>
<SP HEIGHT="53" WIDTH="31" VPOS="1011" HPOS="926"/>
<String CONTENT="all" HEIGHT="50" WIDTH="77" VPOS="1014" HPOS="958"/>
<SP HEIGHT="49" WIDTH="29" VPOS="1014" HPOS="1036"/>
<String CONTENT="the" HEIGHT="51" WIDTH="98" VPOS="1012" HPOS="1066"/>
<SP HEIGHT="51" WIDTH="29" VPOS="1013" HPOS="1165"/>
<String CONTENT="Florida" HEIGHT="55" WIDTH="240" VPOS="1010" HPOS="1195"/>
<SP HEIGHT="34" WIDTH="29" VPOS="1030" HPOS="1436"/>
<String CONTENT="case" HEIGHT="34" WIDTH="124" VPOS="1030" HPOS="1466"/>
<SP HEIGHT="51" WIDTH="29" VPOS="1012" HPOS="1591"/>
<String CONTENT="law" HEIGHT="52" WIDTH="110" VPOS="1012" HPOS="1621"/>
<SP HEIGHT="36" WIDTH="33" VPOS="1029" HPOS="1732"/>
<String CONTENT="and" HEIGHT="52" WIDTH="111" VPOS="1012" HPOS="1766"/>
<SP HEIGHT="53" WIDTH="31" VPOS="1011" HPOS="1878"/>
<String CONTENT="federal" HEIGHT="54" WIDTH="217" VPOS="1011" HPOS="1910"/>
</TextLine>
<TextLine HEIGHT="75" WIDTH="1768" VPOS="1086" HPOS="207" CS="1">
<String CONTENT="decisions" HEIGHT="56" WIDTH="276" VPOS="1089" HPOS="207"/>
<SP HEIGHT="33" WIDTH="39" VPOS="1110" HPOS="484"/>
<String CONTENT="relating" HEIGHT="70" WIDTH="248" VPOS="1089" HPOS="524"/>
<SP HEIGHT="63" WIDTH="38" VPOS="1096" HPOS="773"/>
<String CONTENT="to" HEIGHT="47" WIDTH="57" VPOS="1096" HPOS="812"/>
<SP HEIGHT="46" WIDTH="38" VPOS="1096" HPOS="870"/>
<String CONTENT="the" HEIGHT="51" WIDTH="96" VPOS="1091" HPOS="909"/>
<SP HEIGHT="51" WIDTH="36" VPOS="1091" HPOS="1006"/>
<String CONTENT="laws" HEIGHT="50" WIDTH="138" VPOS="1091" HPOS="1043"/>
<SP HEIGHT="34" WIDTH="37" VPOS="1107" HPOS="1182"/>
<String CONTENT="of" HEIGHT="54" WIDTH="64" VPOS="1088" HPOS="1220"/>
<SP HEIGHT="53" WIDTH="36" VPOS="1089" HPOS="1285"/>
<String CONTENT="the" HEIGHT="52" WIDTH="97" VPOS="1090" HPOS="1322"/>
<SP HEIGHT="34" WIDTH="37" VPOS="1109" HPOS="1420"/>
<String CONTENT="state," HEIGHT="62" WIDTH="163" VPOS="1094" HPOS="1458"/>
<SP HEIGHT="48" WIDTH="35" VPOS="1108" HPOS="1622"/>
<String CONTENT="under" HEIGHT="54" WIDTH="181" VPOS="1089" HPOS="1658"/>
<SP HEIGHT="47" WIDTH="38" VPOS="1095" HPOS="1840"/>
<String CONTENT="the" HEIGHT="53" WIDTH="96" VPOS="1090" HPOS="1879"/>
</TextLine>
<TextLine HEIGHT="154" WIDTH="1928" VPOS="1085" HPOS="204" CS="1">
<String CONTENT="editorial" HEIGHT="141" WIDTH="1902" VPOS="1085" HPOS="204"/>
<SP HEIGHT="52" WIDTH="19" VPOS="1171" HPOS="379"/>
<String CONTENT="supervision" HEIGHT="69" WIDTH="358" VPOS="1168" HPOS="398"/>
<SP HEIGHT="34" WIDTH="22" VPOS="1187" HPOS="756"/>
<String CONTENT="of" HEIGHT="53" WIDTH="63" VPOS="1168" HPOS="778"/>
<SP HEIGHT="52" WIDTH="22" VPOS="1168" HPOS="841"/>
<String CONTENT="A." HEIGHT="50" WIDTH="71" VPOS="1170" HPOS="863"/>
<SP HEIGHT="50" WIDTH="24" VPOS="1170" HPOS="934"/>
<String CONTENT="Hewson" HEIGHT="51" WIDTH="252" VPOS="1170" HPOS="958"/>
<SP HEIGHT="52" WIDTH="21" VPOS="1168" HPOS="1210"/>
<String CONTENT="Michie" HEIGHT="55" WIDTH="215" VPOS="1166" HPOS="1231"/>
<SP HEIGHT="33" WIDTH="21" VPOS="1186" HPOS="1446"/>
<String CONTENT="and" HEIGHT="52" WIDTH="115" VPOS="1168" HPOS="1467"/>
<SP HEIGHT="52" WIDTH="24" VPOS="1168" HPOS="1582"/>
<String CONTENT="Beirne" HEIGHT="55" WIDTH="210" VPOS="1166" HPOS="1606"/>
<SP HEIGHT="56" WIDTH="23" VPOS="1168" HPOS="1816"/>
<String CONTENT="Stedman." HEIGHT="56" WIDTH="293" VPOS="1168" HPOS="1839"/>
</TextLine>
<TextLine HEIGHT="73" WIDTH="1928" VPOS="1242" HPOS="204">
<String CONTENT="Volume" HEIGHT="53" WIDTH="241" VPOS="1247" HPOS="204"/>
<SP HEIGHT="34" WIDTH="57" VPOS="1265" HPOS="446"/>
<String CONTENT="v." HEIGHT="33" WIDTH="49" VPOS="1266" HPOS="504"/>
<SP HEIGHT="33" WIDTH="98" VPOS="1279" HPOS="554"/>
<String CONTENT="[Dower-Exempt]" HEIGHT="67" WIDTH="531" VPOS="1246" HPOS="653"/>
<SP HEIGHT="68" WIDTH="98" VPOS="1244" HPOS="1185"/>
<String CONTENT="Charlottesville," HEIGHT="70" WIDTH="479" VPOS="1245" HPOS="1284"/>
<SP HEIGHT="67" WIDTH="60" VPOS="1248" HPOS="1764"/>
<String LANG="fr" CONTENT="Va.," HEIGHT="66" WIDTH="125" VPOS="1248" HPOS="1825"/>
<SP HEIGHT="65" WIDTH="58" VPOS="1249" HPOS="1951"/>
<String CONTENT="The" HEIGHT="53" WIDTH="122" VPOS="1247" HPOS="2010"/>
</TextLine>
<TextLine HEIGHT="75" WIDTH="1885" VPOS="1320" HPOS="207" CS="1">
<String CONTENT="Michie" HEIGHT="54" WIDTH="212" VPOS="1324" HPOS="207"/>
<SP HEIGHT="35" WIDTH="54" VPOS="1343" HPOS="420"/>
<String CONTENT="company;" HEIGHT="51" WIDTH="307" VPOS="1342" HPOS="475"/>
<SP HEIGHT="68" WIDTH="56" VPOS="1324" HPOS="783"/>
<String CONTENT="Atlanta," HEIGHT="67" WIDTH="261" VPOS="1324" HPOS="840"/>
<SP HEIGHT="69" WIDTH="56" VPOS="1322" HPOS="1102"/>
<String CONTENT="Ga.," HEIGHT="69" WIDTH="122" VPOS="1322" HPOS="1159"/>
<SP HEIGHT="65" WIDTH="53" VPOS="1326" HPOS="1282"/>
<String CONTENT="The" HEIGHT="50" WIDTH="122" VPOS="1326" HPOS="1336"/>
<SP HEIGHT="51" WIDTH="52" VPOS="1325" HPOS="1459"/>
<String CONTENT="Harrison" HEIGHT="55" WIDTH="286" VPOS="1323" HPOS="1512"/>
<SP HEIGHT="34" WIDTH="52" VPOS="1343" HPOS="1799"/>
<String CS="1" CONTENT="company" HEIGHT="51" WIDTH="240" VPOS="1342" HPOS="1852"/>
</TextLine>
<TextLine HEIGHT="67" WIDTH="191" VPOS="1405" HPOS="212">
<String CONTENT="[" HEIGHT="35" WIDTH="12" VPOS="1436" HPOS="212"/>
<String STYLE="superscript" CONTENT="c" HEIGHT="23" WIDTH="17" VPOS="1408" HPOS="229"/>
<String CONTENT="1933]" HEIGHT="65" WIDTH="151" VPOS="1406" HPOS="252"/>
</TextLine>
<TextLine HEIGHT="52" WIDTH="537" VPOS="1476" HPOS="205" STYLEREFS="StyleId-86F6703C-8DA7-46CD-9177-5ECDBB24CB61-" CS="1">
<String CONTENT="3" HEIGHT="40" WIDTH="28" VPOS="1478" HPOS="205"/>
<SP/>
<String CONTENT="p." HEIGHT="38" WIDTH="42" VPOS="1489" HPOS="262"/>
<SP HEIGHT="40" WIDTH="28" VPOS="1477" HPOS="305"/>
<String CS="1" CONTENT="l.," HEIGHT="17" WIDTH="22" VPOS="1508" HPOS="356"/>
<SP HEIGHT="46" WIDTH="29" VPOS="1479" HPOS="379"/>
<String CONTENT="437" HEIGHT="39" WIDTH="87" VPOS="1479" HPOS="409"/>
<SP HEIGHT="46" WIDTH="27" VPOS="1479" HPOS="497"/>
<String CONTENT="p." HEIGHT="38" WIDTH="42" VPOS="1487" HPOS="525"/>
<SP HEIGHT="38" WIDTH="58" VPOS="1479" HPOS="568"/>
<String CONTENT="24" HEIGHT="40" WIDTH="57" VPOS="1477" HPOS="627"/>
<String STYLE="superscript" CONTENT="cm" HEIGHT="21" WIDTH="44" VPOS="1479" HPOS="686"/>
<String CONTENT="." HEIGHT="9" WIDTH="7" VPOS="1507" HPOS="735"/>
</TextLine>
<TextLine HEIGHT="57" WIDTH="1669" VPOS="1529" HPOS="139" STYLEREFS="StyleId-86F6703C-8DA7-46CD-9177-5ECDBB24CB61-" CS="1">
<String CONTENT="&#169;" HEIGHT="53" WIDTH="51" VPOS="1529" HPOS="139"/>
<SP HEIGHT="53" WIDTH="29" VPOS="1529" HPOS="191"/>
<String CONTENT="Oct." HEIGHT="42" WIDTH="102" VPOS="1534" HPOS="221"/>
<SP HEIGHT="40" WIDTH="25" VPOS="1535" HPOS="324"/>
<String CONTENT="2," HEIGHT="47" WIDTH="40" VPOS="1535" HPOS="350"/>
<SP HEIGHT="47" WIDTH="27" VPOS="1535" HPOS="391"/>
<String CONTENT="1933;" HEIGHT="47" WIDTH="140" VPOS="1533" HPOS="419"/>
<SP HEIGHT="46" WIDTH="29" VPOS="1534" HPOS="560"/>
<String CONTENT="2c." HEIGHT="39" WIDTH="66" VPOS="1534" HPOS="590"/>
<SP HEIGHT="41" WIDTH="30" VPOS="1532" HPOS="657"/>
<String CONTENT="Oct." HEIGHT="42" WIDTH="101" VPOS="1532" HPOS="688"/>
<SP HEIGHT="40" WIDTH="26" VPOS="1534" HPOS="790"/>
<String CONTENT="4;" HEIGHT="46" WIDTH="54" VPOS="1534" HPOS="817"/>
<SP HEIGHT="36" WIDTH="29" VPOS="1544" HPOS="872"/>
<String CONTENT="aff." HEIGHT="42" WIDTH="82" VPOS="1532" HPOS="902"/>
<SP HEIGHT="41" WIDTH="29" VPOS="1533" HPOS="985"/>
<String CONTENT="Oct." HEIGHT="40" WIDTH="102" VPOS="1533" HPOS="1015"/>
<SP HEIGHT="40" WIDTH="28" VPOS="1532" HPOS="1118"/>
<String CS="1" CONTENT="16;" HEIGHT="41" WIDTH="57" VPOS="1531" HPOS="1147"/>
<SP HEIGHT="49" WIDTH="29" VPOS="1531" HPOS="1230"/>
<!-- cceid 499560DD-6CF9-1014-A6CF-A82867D68027 --><String CONTENT="A" HEIGHT="40" WIDTH="42" VPOS="1532" HPOS="1260"/>
<SP HEIGHT="40" WIDTH="27" VPOS="1532" HPOS="1303"/>
<String CONTENT="65741;" HEIGHT="47" WIDTH="170" VPOS="1532" HPOS="1331"/>
<SP HEIGHT="47" WIDTH="31" VPOS="1532" HPOS="1502"/>
<String CONTENT="Michie" HEIGHT="40" WIDTH="180" VPOS="1532" HPOS="1534"/>
<SP HEIGHT="30" WIDTH="25" VPOS="1542" HPOS="1715"/>
<String CONTENT="co." HEIGHT="31" WIDTH="67" VPOS="1543" HPOS="1741"/>
</TextLine>
<TextLine HEIGHT="107" WIDTH="1914" VPOS="1528" HPOS="204" STYLEREFS="StyleId-86F6703C-8DA7-46CD-9177-5ECDBB24CB61-" CS="1">
<String CONTENT="and" HEIGHT="39" WIDTH="96" VPOS="1534" HPOS="1840"/>
<SP HEIGHT="39" WIDTH="27" VPOS="1534" HPOS="1937"/>
<String CONTENT="Harrison" HEIGHT="107" WIDTH="1914" VPOS="1528" HPOS="204"/>
<SP HEIGHT="30" WIDTH="25" VPOS="1602" HPOS="291"/>
<String CONTENT="co." HEIGHT="30" WIDTH="68" VPOS="1602" HPOS="317"/>
</TextLine>
<TextLine HEIGHT="66" WIDTH="485" VPOS="1679" HPOS="138" STYLEREFS="StyleId-51F1EA66-27C8-4E4D-8FB3-7A0004C1415C-">
<String LANG="en-US" CONTENT="Fallon," HEIGHT="65" WIDTH="218" VPOS="1680" HPOS="138"/>
<SP HEIGHT="65" WIDTH="35" VPOS="1680" HPOS="356"/>
<String LANG="fr" CONTENT="Val&#232;re." HEIGHT="55" WIDTH="232" VPOS="1680" HPOS="391"/>
</TextLine>
<TextLine HEIGHT="76" WIDTH="1925" VPOS="1750" HPOS="205" CS="1">
<String CONTENT="Principles" HEIGHT="69" WIDTH="316" VPOS="1754" HPOS="205"/>
<SP HEIGHT="37" WIDTH="31" VPOS="1773" HPOS="522"/>
<String CONTENT="of" HEIGHT="53" WIDTH="62" VPOS="1754" HPOS="554"/>
<SP HEIGHT="53" WIDTH="25" VPOS="1754" HPOS="617"/>
<String CONTENT="social" HEIGHT="53" WIDTH="169" VPOS="1755" HPOS="643"/>
<SP HEIGHT="51" WIDTH="28" VPOS="1756" HPOS="813"/>
<String CONTENT="economy," HEIGHT="50" WIDTH="284" VPOS="1773" HPOS="842"/>
<SP HEIGHT="69" WIDTH="27" VPOS="1754" HPOS="1127"/>
<String CONTENT="by" HEIGHT="69" WIDTH="75" VPOS="1754" HPOS="1155"/>
<SP HEIGHT="71" WIDTH="27" VPOS="1753" HPOS="1231"/>
<String LANG="fr" CONTENT="Val&#232;re" HEIGHT="54" WIDTH="205" VPOS="1754" HPOS="1259"/>
<SP HEIGHT="52" WIDTH="25" VPOS="1755" HPOS="1465"/>
<String CONTENT="Fallon" HEIGHT="55" WIDTH="206" VPOS="1753" HPOS="1491"/>
<SP HEIGHT="34" WIDTH="30" VPOS="1774" HPOS="1698"/>
<String CS="1" CONTENT="&#8230;"/>
<SP HEIGHT="47" WIDTH="31" VPOS="1761" HPOS="1787"/>
<String CONTENT="translated" HEIGHT="54" WIDTH="311" VPOS="1754" HPOS="1819"/>
</TextLine>
<TextLine HEIGHT="79" WIDTH="1994" VPOS="1827" HPOS="138" CS="1">
<String CONTENT="by" HEIGHT="69" WIDTH="72" VPOS="1833" HPOS="138"/>
<SP HEIGHT="72" WIDTH="41" VPOS="1831" HPOS="211"/>
<String CONTENT="Rev." HEIGHT="53" WIDTH="137" VPOS="1832" HPOS="253"/>
<SP HEIGHT="55" WIDTH="44" VPOS="1831" HPOS="391"/>
<String CONTENT="John" HEIGHT="55" WIDTH="156" VPOS="1831" HPOS="436"/>
<SP HEIGHT="52" WIDTH="40" VPOS="1832" HPOS="593"/>
<String CONTENT="L." HEIGHT="52" WIDTH="64" VPOS="1832" HPOS="634"/>
<SP HEIGHT="54" WIDTH="46" VPOS="1831" HPOS="699"/>
<String CONTENT="McNulty" HEIGHT="69" WIDTH="280" VPOS="1832" HPOS="746"/>
<SP HEIGHT="50" WIDTH="49" VPOS="1851" HPOS="1027"/>
<String CS="1" CONTENT="&#8230;"/>
<SP HEIGHT="33" WIDTH="47" VPOS="1853" HPOS="1135"/>
<String CONTENT="revised" HEIGHT="58" WIDTH="219" VPOS="1829" HPOS="1183"/>
<SP HEIGHT="54" WIDTH="44" VPOS="1831" HPOS="1403"/>
<String CONTENT="and" HEIGHT="54" WIDTH="113" VPOS="1831" HPOS="1448"/>
<SP HEIGHT="54" WIDTH="44" VPOS="1831" HPOS="1562"/>
<String CONTENT="adapted" HEIGHT="70" WIDTH="247" VPOS="1831" HPOS="1607"/>
<SP HEIGHT="53" WIDTH="43" VPOS="1831" HPOS="1855"/>
<String CONTENT="for" HEIGHT="53" WIDTH="94" VPOS="1831" HPOS="1899"/>
<SP HEIGHT="47" WIDTH="42" VPOS="1838" HPOS="1994"/>
<String CONTENT="the" HEIGHT="53" WIDTH="95" VPOS="1832" HPOS="2037"/>
</TextLine>
<TextLine HEIGHT="76" WIDTH="1991" VPOS="1904" HPOS="137" CS="1">
<String CONTENT="United" HEIGHT="56" WIDTH="214" VPOS="1909" HPOS="137"/>
<SP HEIGHT="55" WIDTH="25" VPOS="1909" HPOS="352"/>
<String CONTENT="States" HEIGHT="55" WIDTH="187" VPOS="1909" HPOS="378"/>
<SP HEIGHT="53" WIDTH="24" VPOS="1910" HPOS="566"/>
<String CONTENT="by" HEIGHT="67" WIDTH="75" VPOS="1910" HPOS="591"/>
<SP HEIGHT="68" WIDTH="25" VPOS="1909" HPOS="667"/>
<String CONTENT="Bert" HEIGHT="55" WIDTH="141" VPOS="1909" HPOS="693"/>
<SP HEIGHT="55" WIDTH="27" VPOS="1909" HPOS="835"/>
<String CONTENT="C." HEIGHT="58" WIDTH="62" VPOS="1909" HPOS="863"/>
<SP HEIGHT="59" WIDTH="28" VPOS="1908" HPOS="926"/>
<String CONTENT="Goss" HEIGHT="55" WIDTH="141" VPOS="1908" HPOS="955"/>
<SP HEIGHT="34" WIDTH="33" VPOS="1929" HPOS="1097"/>
<String CS="1" CONTENT="&#8230;"/>
<SP HEIGHT="56" WIDTH="67" VPOS="1908" HPOS="1187"/>
<String CONTENT="New" HEIGHT="53" WIDTH="135" VPOS="1909" HPOS="1255"/>
<SP HEIGHT="52" WIDTH="29" VPOS="1910" HPOS="1391"/>
<String CONTENT="York," HEIGHT="68" WIDTH="177" VPOS="1910" HPOS="1421"/>
<SP HEIGHT="68" WIDTH="30" VPOS="1910" HPOS="1599"/>
<String CONTENT="Cincinnati" HEIGHT="58" WIDTH="326" VPOS="1907" HPOS="1630"/>
<SP HEIGHT="68" WIDTH="32" VPOS="1910" HPOS="1957"/>
<String CS="1" CONTENT="[etc.]" HEIGHT="62" WIDTH="122" VPOS="1917" HPOS="2006"/>
</TextLine>
<TextLine HEIGHT="71" WIDTH="765" VPOS="1987" HPOS="136">
<String CONTENT="Benziger" HEIGHT="69" WIDTH="278" VPOS="1988" HPOS="136"/>
<SP HEIGHT="56" WIDTH="28" VPOS="1988" HPOS="415"/>
<String CONTENT="brothers," HEIGHT="67" WIDTH="273" VPOS="1988" HPOS="444"/>
<SP HEIGHT="67" WIDTH="32" VPOS="1989" HPOS="718"/>
<String CONTENT="1933." HEIGHT="52" WIDTH="150" VPOS="1990" HPOS="751"/>
</TextLine>
<TextLine HEIGHT="51" WIDTH="527" VPOS="2057" HPOS="205" STYLEREFS="StyleId-86F6703C-8DA7-46CD-9177-5ECDBB24CB61-" CS="1">
<String CONTENT="xxii," HEIGHT="50" WIDTH="117" VPOS="2057" HPOS="205"/>
<SP/>
<String CONTENT="576" HEIGHT="41" WIDTH="86" VPOS="2059" HPOS="360"/>
<SP HEIGHT="48" WIDTH="32" VPOS="2060" HPOS="447"/>
<String CONTENT="p." HEIGHT="37" WIDTH="43" VPOS="2071" HPOS="480"/>
<SP HEIGHT="39" WIDTH="62" VPOS="2061" HPOS="524"/>
<String CS="1" CONTENT="19&#189;cm." HEIGHT="43" WIDTH="145" VPOS="2059" HPOS="587"/>
</TextLine>
<TextLine HEIGHT="52" WIDTH="1233" VPOS="2115" HPOS="205" STYLEREFS="StyleId-86F6703C-8DA7-46CD-9177-5ECDBB24CB61-">
<String CONTENT="Bibliography" HEIGHT="49" WIDTH="348" VPOS="2116" HPOS="205"/>
<SP HEIGHT="37" WIDTH="26" VPOS="2127" HPOS="554"/>
<String CONTENT="at" HEIGHT="38" WIDTH="52" VPOS="2119" HPOS="581"/>
<SP HEIGHT="38" WIDTH="25" VPOS="2119" HPOS="634"/>
<String CONTENT="end" HEIGHT="40" WIDTH="91" VPOS="2117" HPOS="660"/>
<SP HEIGHT="39" WIDTH="27" VPOS="2118" HPOS="752"/>
<String CONTENT="of" HEIGHT="39" WIDTH="52" VPOS="2117" HPOS="780"/>
<SP HEIGHT="39" WIDTH="24" VPOS="2117" HPOS="833"/>
<String CONTENT="most" HEIGHT="39" WIDTH="126" VPOS="2119" HPOS="858"/>
<SP HEIGHT="38" WIDTH="24" VPOS="2119" HPOS="985"/>
<String CONTENT="of" HEIGHT="39" WIDTH="52" VPOS="2117" HPOS="1010"/>
<SP HEIGHT="40" WIDTH="26" VPOS="2117" HPOS="1063"/>
<String CONTENT="the" HEIGHT="39" WIDTH="81" VPOS="2118" HPOS="1090"/>
<SP HEIGHT="30" WIDTH="24" VPOS="2127" HPOS="1172"/>
<String CONTENT="chapters." HEIGHT="48" WIDTH="241" VPOS="2117" HPOS="1197"/>
</TextLine>
<TextLine HEIGHT="56" WIDTH="1829" VPOS="2173" HPOS="138" STYLEREFS="StyleId-86F6703C-8DA7-46CD-9177-5ECDBB24CB61-" CS="1">
<String CONTENT="&#169;" HEIGHT="52" WIDTH="53" VPOS="2173" HPOS="138"/>
<SP HEIGHT="52" WIDTH="32" VPOS="2173" HPOS="191"/>
<String CONTENT="Sept." HEIGHT="50" WIDTH="127" VPOS="2176" HPOS="223"/>
<SP HEIGHT="38" WIDTH="29" VPOS="2178" HPOS="350"/>
<String CONTENT="18," HEIGHT="46" WIDTH="70" VPOS="2177" HPOS="379"/>
<SP HEIGHT="45" WIDTH="29" VPOS="2178" HPOS="449"/>
<String CS="1" CONTENT="1933;" HEIGHT="40" WIDTH="114" VPOS="2177" HPOS="478"/>
<SP HEIGHT="48" WIDTH="29" VPOS="2176" HPOS="621"/>
<String CONTENT="2c." HEIGHT="41" WIDTH="69" VPOS="2176" HPOS="650"/>
<SP HEIGHT="42" WIDTH="31" VPOS="2176" HPOS="719"/>
<String CONTENT="Oct." HEIGHT="40" WIDTH="102" VPOS="2177" HPOS="750"/>
<SP HEIGHT="40" WIDTH="29" VPOS="2176" HPOS="852"/>
<String CS="1" CONTENT="9;" HEIGHT="40" WIDTH="30" VPOS="2176" HPOS="881"/>
<SP HEIGHT="36" WIDTH="32" VPOS="2187" HPOS="934"/>
<String CONTENT="aff." HEIGHT="40" WIDTH="83" VPOS="2176" HPOS="966"/>
<SP HEIGHT="40" WIDTH="31" VPOS="2177" HPOS="1049"/>
<String CONTENT="Oct." HEIGHT="40" WIDTH="105" VPOS="2177" HPOS="1080"/>
<SP HEIGHT="39" WIDTH="30" VPOS="2177" HPOS="1185"/>
<String CS="1" CONTENT="7;" HEIGHT="39" WIDTH="26" VPOS="2177" HPOS="1215"/>
<SP HEIGHT="45" WIDTH="31" VPOS="2178" HPOS="1268"/>
<!-- cceid 49959EF1-6CF9-1014-A6CF-A82867D68027 --><String CONTENT="A" HEIGHT="39" WIDTH="43" VPOS="2178" HPOS="1299"/>
<SP HEIGHT="39" WIDTH="28" VPOS="2178" HPOS="1342"/>
<String CS="1" CONTENT="65509;" HEIGHT="40" WIDTH="150" VPOS="2177" HPOS="1370"/>
<SP HEIGHT="45" WIDTH="33" VPOS="2180" HPOS="1542"/>
<String CONTENT="Benziger" HEIGHT="51" WIDTH="237" VPOS="2177" HPOS="1575"/>
<SP HEIGHT="39" WIDTH="27" VPOS="2181" HPOS="1812"/>
<String CONTENT="bros." HEIGHT="39" WIDTH="128" VPOS="2181" HPOS="1839"/>
</TextLine>
<TextLine HEIGHT="50" WIDTH="280" VPOS="2233" HPOS="213" STYLEREFS="StyleId-86F6703C-8DA7-46CD-9177-5ECDBB24CB61-">
<String CONTENT="(33-29954)" HEIGHT="50" WIDTH="280" VPOS="2233" HPOS="213"/>
</TextLine>
<TextLine HEIGHT="67" WIDTH="714" VPOS="2307" HPOS="135" STYLEREFS="StyleId-51F1EA66-27C8-4E4D-8FB3-7A0004C1415C-">
<String CONTENT="Fast," HEIGHT="64" WIDTH="163" VPOS="2309" HPOS="135"/>
<SP HEIGHT="64" WIDTH="26" VPOS="2309" HPOS="299"/>
<String CONTENT="Howard" HEIGHT="53" WIDTH="256" VPOS="2309" HPOS="326"/>
<SP HEIGHT="53" WIDTH="27" VPOS="2309" HPOS="583"/>
<String CONTENT="Melvin." HEIGHT="54" WIDTH="238" VPOS="2308" HPOS="611"/>
</TextLine>
<TextLine HEIGHT="75" WIDTH="1929" VPOS="2381" HPOS="203">
<String CONTENT="Two" HEIGHT="53" WIDTH="136" VPOS="2385" HPOS="203"/>
<SP HEIGHT="35" WIDTH="45" VPOS="2402" HPOS="340"/>
<String CONTENT="valleys," HEIGHT="67" WIDTH="231" VPOS="2385" HPOS="386"/>
<SP HEIGHT="69" WIDTH="44" VPOS="2383" HPOS="618"/>
<String CONTENT="by" HEIGHT="70" WIDTH="74" VPOS="2383" HPOS="663"/>
<SP HEIGHT="70" WIDTH="43" VPOS="2384" HPOS="738"/>
<String CONTENT="Howard" HEIGHT="53" WIDTH="259" VPOS="2384" HPOS="782"/>
<SP HEIGHT="54" WIDTH="44" VPOS="2383" HPOS="1042"/>
<String CONTENT="Melvin" HEIGHT="56" WIDTH="220" VPOS="2383" HPOS="1087"/>
<SP HEIGHT="52" WIDTH="44" VPOS="2386" HPOS="1308"/>
<String CONTENT="Fast." HEIGHT="52" WIDTH="156" VPOS="2386" HPOS="1353"/>
<SP HEIGHT="52" WIDTH="73" VPOS="2386" HPOS="1510"/>
<String CONTENT="New" HEIGHT="54" WIDTH="139" VPOS="2386" HPOS="1584"/>
<SP HEIGHT="54" WIDTH="45" VPOS="2387" HPOS="1724"/>
<String CONTENT="York," HEIGHT="68" WIDTH="179" VPOS="2388" HPOS="1770"/>
<SP HEIGHT="66" WIDTH="43" VPOS="2390" HPOS="1950"/>
<String CONTENT="Dial" HEIGHT="54" WIDTH="138" VPOS="2388" HPOS="1994"/>
</TextLine>
<TextLine HEIGHT="75" WIDTH="1434" VPOS="2459" HPOS="134" CS="1">
<String CONTENT="press," HEIGHT="51" WIDTH="172" VPOS="2481" HPOS="134"/>
<SP HEIGHT="70" WIDTH="23" VPOS="2460" HPOS="307"/>
<String CS="1" CONTENT="inc.;" HEIGHT="54" WIDTH="109" VPOS="2460" HPOS="331"/>
<SP HEIGHT="66" WIDTH="28" VPOS="2463" HPOS="469"/>
<String CONTENT="Toronto," HEIGHT="68" WIDTH="270" VPOS="2463" HPOS="498"/>
<SP HEIGHT="70" WIDTH="25" VPOS="2461" HPOS="769"/>
<String LANG="fr" CONTENT="G." HEIGHT="55" WIDTH="68" VPOS="2461" HPOS="795"/>
<SP HEIGHT="55" WIDTH="25" VPOS="2461" HPOS="864"/>
<String CONTENT="J." HEIGHT="55" WIDTH="54" VPOS="2461" HPOS="890"/>
<SP HEIGHT="53" WIDTH="27" VPOS="2461" HPOS="945"/>
<String CONTENT="McLeod," HEIGHT="70" WIDTH="270" VPOS="2461" HPOS="973"/>
<SP HEIGHT="68" WIDTH="25" VPOS="2463" HPOS="1244"/>
<String CONTENT="ltd.," HEIGHT="68" WIDTH="121" VPOS="2463" HPOS="1270"/>
<SP HEIGHT="62" WIDTH="26" VPOS="2469" HPOS="1392"/>
<String CONTENT="1933." HEIGHT="51" WIDTH="149" VPOS="2467" HPOS="1419"/>
</TextLine>
<TextLine HEIGHT="51" WIDTH="525" VPOS="2534" HPOS="204" STYLEREFS="StyleId-86F6703C-8DA7-46CD-9177-5ECDBB24CB61-" CS="1">
<String CONTENT="4" HEIGHT="37" WIDTH="27" VPOS="2538" HPOS="204"/>
<SP/>
<String LANG="fr" CONTENT="p." HEIGHT="38" WIDTH="41" VPOS="2547" HPOS="258"/>
<SP HEIGHT="40" WIDTH="26" VPOS="2537" HPOS="300"/>
<String LANG="fr" CS="1" CONTENT="l"/>
<String CONTENT=".," HEIGHT="17" WIDTH="22" VPOS="2567" HPOS="349"/>
<SP HEIGHT="47" WIDTH="25" VPOS="2537" HPOS="372"/>
<String CONTENT="293" HEIGHT="40" WIDTH="85" VPOS="2536" HPOS="398"/>
<SP HEIGHT="46" WIDTH="26" VPOS="2537" HPOS="484"/>
<String CONTENT="p." HEIGHT="36" WIDTH="42" VPOS="2547" HPOS="511"/>
<SP HEIGHT="39" WIDTH="58" VPOS="2536" HPOS="554"/>
<String CONTENT="20" HEIGHT="40" WIDTH="56" VPOS="2535" HPOS="613"/>
<String STYLE="superscript" CONTENT="cm" HEIGHT="21" WIDTH="44" VPOS="2538" HPOS="672"/>
<String CONTENT="." HEIGHT="10" WIDTH="8" VPOS="2566" HPOS="721"/>
</TextLine>
<TextLine HEIGHT="59" WIDTH="1997" VPOS="2588" HPOS="139" STYLEREFS="StyleId-86F6703C-8DA7-46CD-9177-5ECDBB24CB61-" CS="1">
<String CONTENT="&#169;" HEIGHT="54" WIDTH="52" VPOS="2588" HPOS="139"/>
<SP HEIGHT="54" WIDTH="32" VPOS="2588" HPOS="192"/>
<String CONTENT="Sept." HEIGHT="50" WIDTH="125" VPOS="2594" HPOS="225"/>
<SP HEIGHT="39" WIDTH="29" VPOS="2595" HPOS="351"/>
<String CONTENT="15," HEIGHT="47" WIDTH="68" VPOS="2595" HPOS="381"/>
<SP HEIGHT="47" WIDTH="29" VPOS="2595" HPOS="450"/>
<String CS="1" CONTENT="1933;" HEIGHT="41" WIDTH="112" VPOS="2593" HPOS="480"/>
<SP HEIGHT="48" WIDTH="29" VPOS="2593" HPOS="621"/>
<String CONTENT="2c." HEIGHT="41" WIDTH="68" VPOS="2593" HPOS="651"/>
<SP HEIGHT="44" WIDTH="32" VPOS="2592" HPOS="720"/>
<String CONTENT="Sept." HEIGHT="49" WIDTH="127" VPOS="2593" HPOS="753"/>
<SP HEIGHT="41" WIDTH="27" VPOS="2594" HPOS="881"/>
<String CS="1" CONTENT="22;" HEIGHT="40" WIDTH="57" VPOS="2593" HPOS="909"/>
<SP HEIGHT="37" WIDTH="31" VPOS="2605" HPOS="994"/>
<String CONTENT="aff." HEIGHT="42" WIDTH="82" VPOS="2593" HPOS="1026"/>
<SP HEIGHT="41" WIDTH="31" VPOS="2594" HPOS="1109"/>
<String CONTENT="Oct." HEIGHT="41" WIDTH="100" VPOS="2594" HPOS="1141"/>
<SP HEIGHT="40" WIDTH="32" VPOS="2596" HPOS="1242"/>
<String CS="1" CONTENT="14;" HEIGHT="41" WIDTH="57" VPOS="2595" HPOS="1275"/>
<SP HEIGHT="48" WIDTH="30" VPOS="2595" HPOS="1357"/>
<!-- cceid 4995D8D5-6CF9-1014-A6CF-A82867D68027 --><String CONTENT="A" HEIGHT="40" WIDTH="44" VPOS="2595" HPOS="1388"/>
<SP HEIGHT="41" WIDTH="26" VPOS="2595" HPOS="1433"/>
<String CS="1" CONTENT="66619;" HEIGHT="42" WIDTH="146" VPOS="2595" HPOS="1460"/>
<SP HEIGHT="48" WIDTH="32" VPOS="2597" HPOS="1631"/>
<String LANG="fr" CONTENT="H." HEIGHT="40" WIDTH="59" VPOS="2597" HPOS="1664"/>
<SP HEIGHT="42" WIDTH="33" VPOS="2597" HPOS="1724"/>
<String CONTENT="M." HEIGHT="42" WIDTH="62" VPOS="2598" HPOS="1758"/>
<SP HEIGHT="42" WIDTH="31" VPOS="2598" HPOS="1821"/>
<String CONTENT="Fast," HEIGHT="49" WIDTH="133" VPOS="2598" HPOS="1853"/>
<SP HEIGHT="47" WIDTH="29" VPOS="2600" HPOS="1987"/>
<String CONTENT="New" HEIGHT="41" WIDTH="119" VPOS="2600" HPOS="2017"/>
</TextLine>
<TextLine HEIGHT="52" WIDTH="497" VPOS="2649" HPOS="207" STYLEREFS="StyleId-86F6703C-8DA7-46CD-9177-5ECDBB24CB61-">
<String CONTENT="York." HEIGHT="41" WIDTH="143" VPOS="2651" HPOS="207"/>
<SP HEIGHT="49" WIDTH="72" VPOS="2652" HPOS="351"/>
<String CONTENT="(33-29998)" HEIGHT="51" WIDTH="280" VPOS="2650" HPOS="424"/>
</TextLine>
<TextLine HEIGHT="71" WIDTH="1235" VPOS="2724" HPOS="134" STYLEREFS="StyleId-1BAD3731-AE0E-44F2-8E89-1311167BAAE7-">
<String CONTENT="Fickeisen" HEIGHT="54" WIDTH="303" VPOS="2725" HPOS="134"/>
<SP HEIGHT="53" WIDTH="29" VPOS="2725" HPOS="438"/>
<String CONTENT="&amp;" HEIGHT="53" WIDTH="52" VPOS="2725" HPOS="468"/>
<SP HEIGHT="54" WIDTH="26" VPOS="2725" HPOS="521"/>
<String CONTENT="Richardson," HEIGHT="64" WIDTH="386" VPOS="2725" HPOS="548"/>
<SP HEIGHT="60" WIDTH="27" VPOS="2729" HPOS="935"/>
<String CONTENT="Los" HEIGHT="50" WIDTH="112" VPOS="2729" HPOS="963"/>
<SP HEIGHT="51" WIDTH="26" VPOS="2729" HPOS="1076"/>
<String CONTENT="Angeles." HEIGHT="68" WIDTH="266" VPOS="2727" HPOS="1103"/>
</TextLine>
<TextLine HEIGHT="150" WIDTH="1967" VPOS="2802" HPOS="139" CS="1">
<String CONTENT="Securities" HEIGHT="57" WIDTH="303" VPOS="2803" HPOS="209"/>
<SP HEIGHT="36" WIDTH="27" VPOS="2822" HPOS="513"/>
<String CONTENT="act" HEIGHT="46" WIDTH="89" VPOS="2809" HPOS="541"/>
<SP HEIGHT="46" WIDTH="25" VPOS="2809" HPOS="631"/>
<String CONTENT="of" HEIGHT="52" WIDTH="63" VPOS="2803" HPOS="657"/>
<SP HEIGHT="55" WIDTH="30" VPOS="2803" HPOS="721"/>
<String CONTENT="1933" HEIGHT="50" WIDTH="131" VPOS="2808" HPOS="752"/>
<SP HEIGHT="48" WIDTH="30" VPOS="2808" HPOS="884"/>
<String CONTENT="and" HEIGHT="51" WIDTH="113" VPOS="2806" HPOS="915"/>
<SP HEIGHT="54" WIDTH="27" VPOS="2805" HPOS="1029"/>
<String CONTENT="Corporation" HEIGHT="69" WIDTH="383" VPOS="2804" HPOS="1057"/>
<SP HEIGHT="34" WIDTH="25" VPOS="2826" HPOS="1441"/>
<String CONTENT="of" HEIGHT="54" WIDTH="65" VPOS="2806" HPOS="1467"/>
<SP HEIGHT="55" WIDTH="27" VPOS="2806" HPOS="1533"/>
<String CONTENT="foreign" HEIGHT="70" WIDTH="227" VPOS="2807" HPOS="1561"/>
<SP HEIGHT="52" WIDTH="24" VPOS="2809" HPOS="1789"/>
<String CONTENT="bondholders" HEIGHT="134" WIDTH="1967" VPOS="2805" HPOS="139"/>
<SP HEIGHT="36" WIDTH="28" VPOS="2900" HPOS="225"/>
<String CONTENT="act," HEIGHT="62" WIDTH="105" VPOS="2887" HPOS="254"/>
</TextLine>
<TextLine HEIGHT="75" WIDTH="1739" VPOS="2880" HPOS="392" CS="1">
<String CS="1" CONTENT="1933;" HEIGHT="49" WIDTH="132" VPOS="2886" HPOS="392"/>
<SP HEIGHT="43" WIDTH="32" VPOS="2900" HPOS="554"/>
<String CONTENT="an" HEIGHT="35" WIDTH="73" VPOS="2900" HPOS="587"/>
<SP HEIGHT="35" WIDTH="27" VPOS="2900" HPOS="661"/>
<String CONTENT="analysis" HEIGHT="69" WIDTH="248" VPOS="2881" HPOS="689"/>
<SP HEIGHT="33" WIDTH="30" VPOS="2902" HPOS="938"/>
<String CONTENT="comprising" HEIGHT="72" WIDTH="352" VPOS="2881" HPOS="969"/>
<SP HEIGHT="51" WIDTH="25" VPOS="2902" HPOS="1322"/>
<String CONTENT="a" HEIGHT="33" WIDTH="30" VPOS="2904" HPOS="1348"/>
<SP HEIGHT="34" WIDTH="30" VPOS="2904" HPOS="1379"/>
<String CONTENT="series" HEIGHT="54" WIDTH="167" VPOS="2884" HPOS="1410"/>
<SP HEIGHT="34" WIDTH="31" VPOS="2904" HPOS="1578"/>
<String CONTENT="of" HEIGHT="53" WIDTH="63" VPOS="2885" HPOS="1610"/>
<SP HEIGHT="69" WIDTH="27" VPOS="2885" HPOS="1674"/>
<String CONTENT="questions" HEIGHT="69" WIDTH="284" VPOS="2886" HPOS="1702"/>
<SP HEIGHT="37" WIDTH="30" VPOS="2907" HPOS="1987"/>
<String CONTENT="and" HEIGHT="52" WIDTH="113" VPOS="2890" HPOS="2018"/>
</TextLine>
<TextLine HEIGHT="78" WIDTH="1994" VPOS="2958" HPOS="138" CS="1">
<String CONTENT="answers," HEIGHT="48" WIDTH="260" VPOS="2977" HPOS="138"/>
<SP HEIGHT="64" WIDTH="25" VPOS="2961" HPOS="399"/>
<String CONTENT="by" HEIGHT="66" WIDTH="75" VPOS="2961" HPOS="425"/>
<SP HEIGHT="66" WIDTH="27" VPOS="2961" HPOS="501"/>
<String CONTENT="Fickeisen" HEIGHT="56" WIDTH="296" VPOS="2959" HPOS="529"/>
<SP HEIGHT="50" WIDTH="27" VPOS="2965" HPOS="826"/>
<String CONTENT="&amp;" HEIGHT="49" WIDTH="45" VPOS="2965" HPOS="854"/>
<SP HEIGHT="52" WIDTH="26" VPOS="2962" HPOS="900"/>
<String CONTENT="Richardson" HEIGHT="55" WIDTH="358" VPOS="2961" HPOS="927"/>
<SP HEIGHT="35" WIDTH="33" VPOS="2982" HPOS="1286"/>
<String CS="1" CONTENT="&#8230;"/>
<SP HEIGHT="35" WIDTH="34" VPOS="2982" HPOS="1376"/>
<String CONTENT="and" HEIGHT="53" WIDTH="113" VPOS="2964" HPOS="1411"/>
<SP HEIGHT="53" WIDTH="27" VPOS="2964" HPOS="1525"/>
<String CONTENT="Kenneth" HEIGHT="54" WIDTH="268" VPOS="2964" HPOS="1553"/>
<SP HEIGHT="52" WIDTH="27" VPOS="2966" HPOS="1822"/>
<String CONTENT="Kennedy" HEIGHT="70" WIDTH="282" VPOS="2966" HPOS="1850"/>
</TextLine>
<TextLine HEIGHT="74" WIDTH="1565" VPOS="3037" HPOS="199" CS="1">
<String CS="1" CONTENT="&#8230;"/>
<SP HEIGHT="53" WIDTH="77" VPOS="3037" HPOS="199"/>
<String CONTENT="Los" HEIGHT="53" WIDTH="109" VPOS="3038" HPOS="277"/>
<SP HEIGHT="52" WIDTH="29" VPOS="3039" HPOS="387"/>
<String CONTENT="Angeles," HEIGHT="67" WIDTH="266" VPOS="3039" HPOS="417"/>
<SP HEIGHT="63" WIDTH="31" VPOS="3041" HPOS="684"/>
<String CONTENT="Parker," HEIGHT="69" WIDTH="236" VPOS="3038" HPOS="716"/>
<SP HEIGHT="68" WIDTH="34" VPOS="3039" HPOS="953"/>
<String CONTENT="Stone" HEIGHT="55" WIDTH="176" VPOS="3039" HPOS="988"/>
<SP HEIGHT="49" WIDTH="27" VPOS="3044" HPOS="1165"/>
<String CONTENT="&amp;" HEIGHT="49" WIDTH="45" VPOS="3044" HPOS="1193"/>
<SP HEIGHT="52" WIDTH="29" VPOS="3042" HPOS="1239"/>
<String CONTENT="Baird" HEIGHT="52" WIDTH="181" VPOS="3042" HPOS="1269"/>
<SP HEIGHT="53" WIDTH="30" VPOS="3042" HPOS="1451"/>
<String CONTENT="co.," HEIGHT="49" WIDTH="97" VPOS="3061" HPOS="1482"/>
<SP HEIGHT="63" WIDTH="32" VPOS="3047" HPOS="1580"/>
<String CONTENT="1933." HEIGHT="52" WIDTH="151" VPOS="3046" HPOS="1613"/>
</TextLine>
<TextLine HEIGHT="50" WIDTH="525" VPOS="3109" HPOS="211" CS="1">
<String CONTENT="5" HEIGHT="41" WIDTH="25" VPOS="3110" HPOS="211"/>
<SP/>
<String LANG="fr" CONTENT="p." HEIGHT="37" WIDTH="42" VPOS="3122" HPOS="263"/>
<SP HEIGHT="41" WIDTH="26" VPOS="3113" HPOS="306"/>
<String CONTENT="l.," HEIGHT="46" WIDTH="44" VPOS="3113" HPOS="333"/>
<SP HEIGHT="49" WIDTH="25" VPOS="3110" HPOS="378"/>
<String CONTENT="95" HEIGHT="41" WIDTH="54" VPOS="3110" HPOS="404"/>
<SP HEIGHT="47" WIDTH="27" VPOS="3112" HPOS="459"/>
<String CONTENT="p." HEIGHT="37" WIDTH="42" VPOS="3122" HPOS="487"/>
<SP HEIGHT="39" WIDTH="59" VPOS="3112" HPOS="530"/>
<String CS="1" CONTENT="25&#189;cm." HEIGHT="40" WIDTH="146" VPOS="3112" HPOS="590"/>
</TextLine>
<TextLine HEIGHT="52" WIDTH="1224" VPOS="3166" HPOS="209" STYLEREFS="StyleId-86F6703C-8DA7-46CD-9177-5ECDBB24CB61-" CS="1">
<String CONTENT="On" HEIGHT="43" WIDTH="72" VPOS="3166" HPOS="210"/>
<SP HEIGHT="30" WIDTH="23" VPOS="3179" HPOS="283"/>
<String CS="1" CONTENT="cover:" HEIGHT="30" WIDTH="140" VPOS="3179" HPOS="307"/>
<SP HEIGHT="40" WIDTH="26" VPOS="3168" HPOS="475"/>
<String CONTENT="Analysis" HEIGHT="48" WIDTH="231" VPOS="3168" HPOS="501"/>
<SP HEIGHT="31" WIDTH="22" VPOS="3179" HPOS="733"/>
<String CONTENT="of" HEIGHT="41" WIDTH="52" VPOS="3169" HPOS="756"/>
<SP HEIGHT="41" WIDTH="25" VPOS="3169" HPOS="809"/>
<String CONTENT="Securities" HEIGHT="42" WIDTH="263" VPOS="3168" HPOS="835"/>
<SP HEIGHT="29" WIDTH="23" VPOS="3181" HPOS="1099"/>
<String CONTENT="act" HEIGHT="40" WIDTH="81" VPOS="3171" HPOS="1122"/>
<SP HEIGHT="40" WIDTH="23" VPOS="3171" HPOS="1203"/>
<String CONTENT="of" HEIGHT="42" WIDTH="52" VPOS="3169" HPOS="1227"/>
<SP HEIGHT="41" WIDTH="23" VPOS="3170" HPOS="1280"/>
<String CONTENT="1933." HEIGHT="42" WIDTH="130" VPOS="3170" HPOS="1303"/>
</TextLine>
<TextLine HEIGHT="64" WIDTH="1994" VPOS="3220" HPOS="140" STYLEREFS="StyleId-86F6703C-8DA7-46CD-9177-5ECDBB24CB61-" CS="1">
<String CONTENT="&#169;" HEIGHT="52" WIDTH="52" VPOS="3220" HPOS="140"/>
<SP HEIGHT="52" WIDTH="23" VPOS="3220" HPOS="193"/>
<String CONTENT="July" HEIGHT="49" WIDTH="116" VPOS="3226" HPOS="217"/>
<SP HEIGHT="48" WIDTH="19" VPOS="3227" HPOS="334"/>
<String CONTENT="26." HEIGHT="40" WIDTH="70" VPOS="3227" HPOS="354"/>
<SP HEIGHT="40" WIDTH="23" VPOS="3227" HPOS="425"/>
<String CS="1" CONTENT="1933;" HEIGHT="40" WIDTH="112" VPOS="3226" HPOS="449"/>
<SP HEIGHT="47" WIDTH="25" VPOS="3227" HPOS="589"/>
<String CONTENT="2c." HEIGHT="40" WIDTH="67" VPOS="3227" HPOS="615"/>
<SP HEIGHT="42" WIDTH="25" VPOS="3226" HPOS="683"/>
<String CONTENT="Sept." HEIGHT="49" WIDTH="128" VPOS="3226" HPOS="709"/>
<SP HEIGHT="39" WIDTH="23" VPOS="3228" HPOS="838"/>
<String CS="1" CONTENT="6;" HEIGHT="39" WIDTH="28" VPOS="3228" HPOS="862"/>
<SP HEIGHT="36" WIDTH="25" VPOS="3239" HPOS="915"/>
<String CONTENT="aff." HEIGHT="40" WIDTH="82" VPOS="3228" HPOS="941"/>
<SP HEIGHT="39" WIDTH="24" VPOS="3229" HPOS="1024"/>
<String CONTENT="July" HEIGHT="48" WIDTH="116" VPOS="3229" HPOS="1049"/>
<SP HEIGHT="48" WIDTH="21" VPOS="3229" HPOS="1166"/>
<String CS="1" CONTENT="31;" HEIGHT="41" WIDTH="56" VPOS="3229" HPOS="1188"/>
<SP HEIGHT="48" WIDTH="24" VPOS="3229" HPOS="1272"/>
<!-- cceid 49961036-6CF9-1014-A6CF-A82867D68027 --><String CONTENT="AA" HEIGHT="40" WIDTH="87" VPOS="3229" HPOS="1297"/>
<SP HEIGHT="39" WIDTH="21" VPOS="3230" HPOS="1385"/>
<String CS="1" CONTENT="128181;" HEIGHT="40" WIDTH="173" VPOS="3231" HPOS="1407"/>
<SP HEIGHT="47" WIDTH="27" VPOS="3231" HPOS="1607"/>
<String CONTENT="Kenneth" HEIGHT="42" WIDTH="226" VPOS="3231" HPOS="1635"/>
<SP HEIGHT="39" WIDTH="23" VPOS="3233" HPOS="1862"/>
<String CONTENT="Kennedy," HEIGHT="50" WIDTH="248" VPOS="3234" HPOS="1886"/>
</TextLine>
<TextLine HEIGHT="52" WIDTH="692" VPOS="3281" HPOS="205" STYLEREFS="StyleId-86F6703C-8DA7-46CD-9177-5ECDBB24CB61-">
<String CONTENT="Los" HEIGHT="42" WIDTH="93" VPOS="3281" HPOS="205"/>
<SP HEIGHT="40" WIDTH="29" VPOS="3283" HPOS="299"/>
<String CONTENT="Angeles." HEIGHT="47" WIDTH="217" VPOS="3283" HPOS="329"/>
<SP HEIGHT="49" WIDTH="71" VPOS="3282" HPOS="547"/>
<String CONTENT="(33-24753)" HEIGHT="51" WIDTH="278" VPOS="3282" HPOS="619"/>
</TextLine>
<TextLine HEIGHT="70" WIDTH="775" VPOS="3354" HPOS="135" STYLEREFS="StyleId-51F1EA66-27C8-4E4D-8FB3-7A0004C1415C-">
<String LANG="de" CONTENT="Franke," HEIGHT="67" WIDTH="249" VPOS="3354" HPOS="135"/>
<SP HEIGHT="63" WIDTH="32" VPOS="3358" HPOS="385"/>
<String LANG="de" CONTENT="Walther," HEIGHT="67" WIDTH="284" VPOS="3356" HPOS="418"/>
<SP HEIGHT="63" WIDTH="36" VPOS="3361" HPOS="703"/>
<String LANG="en-US" CONTENT="1890-" HEIGHT="50" WIDTH="170" VPOS="3361" HPOS="740"/>
</TextLine>
<TextLine HEIGHT="134" WIDTH="1991" VPOS="3431" HPOS="138" CS="1">
<String LANG="en-US" CONTENT="Besondere" HEIGHT="54" WIDTH="319" VPOS="3431" HPOS="206"/>
<SP HEIGHT="51" WIDTH="28" VPOS="3434" HPOS="526"/>
<String LANG="en-US" CS="1" CONTENT="kennzeichen:" HEIGHT="54" WIDTH="378" VPOS="3434" HPOS="555"/>
<SP HEIGHT="51" WIDTH="28" VPOS="3437" HPOS="964"/>
<String LANG="de" CS="1" CONTENT="keine;" HEIGHT="53" WIDTH="162" VPOS="3436" HPOS="993"/>
<SP HEIGHT="49" WIDTH="34" VPOS="3455" HPOS="1185"/>
<String LANG="en-US" CONTENT="roman" HEIGHT="36" WIDTH="197" VPOS="3456" HPOS="1220"/>
<SP HEIGHT="33" WIDTH="28" VPOS="3458" HPOS="1418"/>
<String LANG="de" CONTENT="von" HEIGHT="35" WIDTH="111" VPOS="3458" HPOS="1447"/>
<SP HEIGHT="53" WIDTH="27" VPOS="3441" HPOS="1559"/>
<String LANG="de" CONTENT="Walther" HEIGHT="55" WIDTH="264" VPOS="3440" HPOS="1587"/>
<SP HEIGHT="52" WIDTH="26" VPOS="3443" HPOS="1852"/>
<String LANG="en-US" CONTENT="Franke-Ruta." HEIGHT="126" WIDTH="1991" VPOS="3439" HPOS="138"/>
</TextLine>
<TextLine HEIGHT="71" WIDTH="716" VPOS="3510" HPOS="369">
<String LANG="en-US" CONTENT="Berlin," HEIGHT="68" WIDTH="217" VPOS="3510" HPOS="369"/>
<SP HEIGHT="66" WIDTH="25" VPOS="3512" HPOS="587"/>
<String LANG="de" CONTENT="Ullstein" HEIGHT="54" WIDTH="249" VPOS="3512" HPOS="613"/>
<SP HEIGHT="49" WIDTH="29" VPOS="3531" HPOS="863"/>
<String LANG="en-US" CONTENT="[" HEIGHT="33" WIDTH="12" VPOS="3547" HPOS="893"/>
<String STYLE="superscript" LANG="en-US" CONTENT="c" HEIGHT="21" WIDTH="17" VPOS="3520" HPOS="911"/>
<String LANG="en-US" CONTENT="1933]" HEIGHT="64" WIDTH="151" VPOS="3517" HPOS="934"/>
</TextLine>
<TextLine HEIGHT="63" WIDTH="1917" VPOS="3582" HPOS="209" STYLEREFS="StyleId-86F6703C-8DA7-46CD-9177-5ECDBB24CB61-" CS="1">
<String CONTENT="250," HEIGHT="48" WIDTH="98" VPOS="3582" HPOS="209"/>
<SP HEIGHT="29" WIDTH="29" VPOS="3603" HPOS="308"/>
<String CONTENT="[1]" HEIGHT="47" WIDTH="54" VPOS="3585" HPOS="338"/>
<SP/>
<String CS="1" CONTENT="p.,"/>
<SP/>
<String CS="1" CONTENT="1"/>
<SP/>
<String CS="1" CONTENT="l."/>
<SP HEIGHT="38" WIDTH="57" VPOS="3586" HPOS="589"/>
<String CS="1" CONTENT="16&#189;" HEIGHT="40" WIDTH="56" VPOS="3584" HPOS="647"/>
<String STYLE="superscript" CS="1" CONTENT="cm" HEIGHT="22" WIDTH="15" VPOS="3587" HPOS="734"/>
<String CONTENT="." HEIGHT="8" WIDTH="8" VPOS="3617" HPOS="783"/>
<SP HEIGHT="45" WIDTH="64" VPOS="3588" HPOS="792"/>
<String CONTENT="(Half-title:" HEIGHT="48" WIDTH="301" VPOS="3586" HPOS="857"/>
<SP HEIGHT="40" WIDTH="24" VPOS="3589" HPOS="1159"/>
<String CONTENT="Die" HEIGHT="40" WIDTH="91" VPOS="3588" HPOS="1184"/>
<SP HEIGHT="38" WIDTH="26" VPOS="3599" HPOS="1276"/>
<String LANG="de" CONTENT="gelben" HEIGHT="48" WIDTH="168" VPOS="3589" HPOS="1303"/>
<SP HEIGHT="40" WIDTH="29" VPOS="3591" HPOS="1472"/>
<String CONTENT="Ullstein-biicher." HEIGHT="44" WIDTH="422" VPOS="3590" HPOS="1502"/>
<SP HEIGHT="31" WIDTH="58" VPOS="3614" HPOS="1925"/>
<String CONTENT="[168])" HEIGHT="51" WIDTH="142" VPOS="3594" HPOS="1984"/>
</TextLine>
<TextLine HEIGHT="64" WIDTH="1740" VPOS="3633" HPOS="143" STYLEREFS="StyleId-86F6703C-8DA7-46CD-9177-5ECDBB24CB61-" CS="1">
<String CONTENT="&#169;" HEIGHT="52" WIDTH="52" VPOS="3633" HPOS="143"/>
<SP HEIGHT="52" WIDTH="26" VPOS="3633" HPOS="196"/>
<String CONTENT="Mar." HEIGHT="39" WIDTH="122" VPOS="3640" HPOS="223"/>
<SP HEIGHT="39" WIDTH="25" VPOS="3641" HPOS="346"/>
<String CONTENT="30," HEIGHT="45" WIDTH="70" VPOS="3640" HPOS="372"/>
<SP HEIGHT="44" WIDTH="27" VPOS="3641" HPOS="443"/>
<String CS="1" CONTENT="1933;" HEIGHT="40" WIDTH="113" VPOS="3640" HPOS="471"/>
<SP/>
<String CS="1" CONTENT="1c."/>
<SP HEIGHT="40" WIDTH="29" VPOS="3642" HPOS="709"/>
<String CONTENT="May" HEIGHT="47" WIDTH="115" VPOS="3643" HPOS="739"/>
<SP HEIGHT="46" WIDTH="26" VPOS="3644" HPOS="855"/>
<String CS="1" CONTENT="11;" HEIGHT="37" WIDTH="49" VPOS="3644" HPOS="882"/>
<SP HEIGHT="47" WIDTH="28" VPOS="3643" HPOS="965"/>
<!-- cceid 49964A1E-6CF9-1014-A6CF-A82867D68027 --><String CONTENT="A-Foreign" HEIGHT="50" WIDTH="313" VPOS="3643" HPOS="994"/>
<SP HEIGHT="38" WIDTH="25" VPOS="3648" HPOS="1308"/>
<String CS="1" CONTENT="20916:" HEIGHT="40" WIDTH="145" VPOS="3646" HPOS="1334"/>
<SP HEIGHT="39" WIDTH="32" VPOS="3649" HPOS="1507"/>
<String LANG="de" CONTENT="Ullstein" HEIGHT="41" WIDTH="209" VPOS="3648" HPOS="1540"/>
<SP HEIGHT="30" WIDTH="28" VPOS="3660" HPOS="1750"/>
<String CONTENT="a.-g." HEIGHT="37" WIDTH="104" VPOS="3660" HPOS="1779"/>
</TextLine>
<TextLine HEIGHT="50" WIDTH="280" VPOS="3694" HPOS="218" STYLEREFS="StyleId-86F6703C-8DA7-46CD-9177-5ECDBB24CB61-">
<String CONTENT="(33-29689)" HEIGHT="50" WIDTH="280" VPOS="3694" HPOS="218"/>
</TextLine>
<TextLine HEIGHT="70" WIDTH="1431" VPOS="3768" HPOS="142" STYLEREFS="StyleId-51F1EA66-27C8-4E4D-8FB3-7A0004C1415C-">
<String LANG="fr" CONTENT="Fr&#233;minville," HEIGHT="68" WIDTH="390" VPOS="3768" HPOS="142"/>
<SP HEIGHT="63" WIDTH="27" VPOS="3773" HPOS="533"/>
<String LANG="en-US" CONTENT="Yves" HEIGHT="53" WIDTH="158" VPOS="3773" HPOS="561"/>
<SP HEIGHT="54" WIDTH="25" VPOS="3773" HPOS="720"/>
<String LANG="en-US" CONTENT="Marie" HEIGHT="53" WIDTH="187" VPOS="3774" HPOS="746"/>
<SP HEIGHT="51" WIDTH="24" VPOS="3776" HPOS="934"/>
<String LANG="en-US" CONTENT="Paul" HEIGHT="53" WIDTH="146" VPOS="3776" HPOS="959"/>
<SP HEIGHT="52" WIDTH="27" VPOS="3777" HPOS="1106"/>
<String LANG="fr" CONTENT="de" HEIGHT="53" WIDTH="68" VPOS="3777" HPOS="1134"/>
<SP HEIGHT="52" WIDTH="26" VPOS="3778" HPOS="1203"/>
<String LANG="fr" CONTENT="la" HEIGHT="52" WIDTH="56" VPOS="3778" HPOS="1230"/>
<SP HEIGHT="52" WIDTH="24" VPOS="3778" HPOS="1287"/>
<String LANG="fr" CONTENT="Poix" HEIGHT="53" WIDTH="144" VPOS="3778" HPOS="1312"/>
<SP HEIGHT="53" WIDTH="27" VPOS="3779" HPOS="1457"/>
<String LANG="fr" CONTENT="de." HEIGHT="54" WIDTH="88" VPOS="3779" HPOS="1485"/>
</TextLine>
<TextLine HEIGHT="72" WIDTH="1859" VPOS="3845" HPOS="272" CS="1">
<String LANG="en-US" CS="1" CONTENT="&#8230;"/>
<SP HEIGHT="54" WIDTH="36" VPOS="3845" HPOS="272"/>
<String LANG="en-US" CONTENT="Dressage" HEIGHT="69" WIDTH="276" VPOS="3845" HPOS="309"/>
<SP HEIGHT="35" WIDTH="27" VPOS="3866" HPOS="586"/>
<String LANG="fr" CONTENT="et" HEIGHT="47" WIDTH="54" VPOS="3853" HPOS="614"/>
<SP HEIGHT="47" WIDTH="27" VPOS="3853" HPOS="669"/>
<String LANG="en-US" CONTENT="monte" HEIGHT="49" WIDTH="187" VPOS="3853" HPOS="697"/>
<SP HEIGHT="50" WIDTH="29" VPOS="3852" HPOS="885"/>
<String LANG="fr" CONTENT="&#224;" HEIGHT="50" WIDTH="31" VPOS="3852" HPOS="915"/>
<SP HEIGHT="52" WIDTH="27" VPOS="3850" HPOS="947"/>
<String LANG="fr" CONTENT="l&#8217;obstacle" HEIGHT="57" WIDTH="285" VPOS="3850" HPOS="975"/>
<SP HEIGHT="54" WIDTH="29" VPOS="3853" HPOS="1261"/>
<String LANG="fr" CONTENT="du" HEIGHT="55" WIDTH="77" VPOS="3853" HPOS="1291"/>
<SP HEIGHT="35" WIDTH="30" VPOS="3873" HPOS="1369"/>
<String LANG="fr" CONTENT="cheval" HEIGHT="52" WIDTH="194" VPOS="3854" HPOS="1400"/>
<SP HEIGHT="53" WIDTH="30" VPOS="3854" HPOS="1595"/>
<String LANG="fr" CONTENT="de" HEIGHT="56" WIDTH="66" VPOS="3854" HPOS="1626"/>
<SP HEIGHT="35" WIDTH="32" VPOS="3875" HPOS="1693"/>
<String LANG="fr" CONTENT="concours." HEIGHT="37" WIDTH="279" VPOS="3874" HPOS="1726"/>
<SP HEIGHT="49" WIDTH="58" VPOS="3862" HPOS="2006"/>
<String LANG="fr" CONTENT="45" HEIGHT="49" WIDTH="66" VPOS="3862" HPOS="2065"/>
</TextLine>
<TextLine HEIGHT="80" WIDTH="1985" VPOS="3920" HPOS="145" LANG="fr">
<String CONTENT="illustrations" HEIGHT="58" WIDTH="371" VPOS="3920" HPOS="145"/>
<SP HEIGHT="54" WIDTH="34" VPOS="3924" HPOS="517"/>
<String CONTENT="du" HEIGHT="52" WIDTH="75" VPOS="3924" HPOS="552"/>
<SP HEIGHT="34" WIDTH="32" VPOS="3943" HPOS="628"/>
<String CONTENT="capitaine" HEIGHT="71" WIDTH="282" VPOS="3923" HPOS="661"/>
<SP HEIGHT="52" WIDTH="31" VPOS="3929" HPOS="944"/>
<String CONTENT="d&#8217;Halewyn" HEIGHT="70" WIDTH="341" VPOS="3928" HPOS="976"/>
<SP HEIGHT="33" WIDTH="30" VPOS="3949" HPOS="1318"/>
<String CONTENT="et" HEIGHT="46" WIDTH="53" VPOS="3938" HPOS="1349"/>
<SP HEIGHT="50" WIDTH="31" VPOS="3934" HPOS="1403"/>
<String CONTENT="4" HEIGHT="48" WIDTH="33" VPOS="3934" HPOS="1435"/>
<SP HEIGHT="65" WIDTH="31" VPOS="3934" HPOS="1469"/>
<String CONTENT="planches" HEIGHT="67" WIDTH="267" VPOS="3933" HPOS="1501"/>
<SP HEIGHT="53" WIDTH="30" VPOS="3935" HPOS="1769"/>
<String CONTENT="hors" HEIGHT="54" WIDTH="134" VPOS="3935" HPOS="1800"/>
<SP HEIGHT="47" WIDTH="29" VPOS="3942" HPOS="1935"/>
<String CONTENT="texte." HEIGHT="49" WIDTH="165" VPOS="3942" HPOS="1965"/>
</TextLine>
<TextLine HEIGHT="81" WIDTH="1916" VPOS="3996" HPOS="145" LANG="fr">
<String CONTENT="Pr&#233;face" HEIGHT="56" WIDTH="235" VPOS="3996" HPOS="145"/>
<SP HEIGHT="51" WIDTH="37" VPOS="4002" HPOS="381"/>
<String CONTENT="du" HEIGHT="53" WIDTH="75" VPOS="4002" HPOS="419"/>
<SP HEIGHT="50" WIDTH="37" VPOS="4019" HPOS="495"/>
<String CONTENT="g&#233;n&#233;ral" HEIGHT="68" WIDTH="228" VPOS="4002" HPOS="533"/>
<SP HEIGHT="51" WIDTH="38" VPOS="4004" HPOS="762"/>
<String CONTENT="Bucant." HEIGHT="53" WIDTH="236" VPOS="4004" HPOS="801"/>
<SP HEIGHT="51" WIDTH="77" VPOS="4006" HPOS="1038"/>
<String CONTENT="Paris," HEIGHT="69" WIDTH="182" VPOS="4005" HPOS="1116"/>
<SP HEIGHT="67" WIDTH="39" VPOS="4007" HPOS="1299"/>
<String CONTENT="Berger-Levrault," HEIGHT="70" WIDTH="530" VPOS="4007" HPOS="1339"/>
<SP HEIGHT="61" WIDTH="42" VPOS="4016" HPOS="1870"/>
<String CONTENT="1932." HEIGHT="50" WIDTH="148" VPOS="4016" HPOS="1913"/>
</TextLine>
</TextBlock>
</PrintSpace>
</Page>
</Layout>
</alto>