2582 4453
1332 4086 134 55 1710

384 478 2018 73 Russell Sharp … Oglethorpe University, Ga., Oglethorpe
384 558 740 70 university press [ c 1933]
456 632 815 51 3 p. l., ix-xv, 17-286 p. 22 cm .
385 686 51 53 ©
467 692 117 39 Nov.
616 692 68 46 15,
715 691 142 47 1983;
889 691 68 40 2c.
988 693 96 38 and
1114 691 84 42 aff.
1228 692 119 40 Nov.
1377 692 83 47 25;
1494 693 39 38 A
1563 692 172 47 67359;

1771 692 294 49 Oglethorpe
2096 691 144 49 univ.,
454 692 1936 104 Oglethorpe
654 748 299 49 University,
981 749 86 40 Ga.
1143 748 283 50 (33-36940)

380 840 192 63 Ryan,
600 839 168 56 Jack.

454 914 222 72 Happy
727 918 141 67 days
918 936 97 34 are
1061 918 133 53 here
1243 918 191 69 again,
1482 918 75 69 by
1606 918 150 54 Jack
1802 919 172 68 Ryan
2023 919 113 53 and
2185 919 76 52 H.
2309 918 93 54 W.

382 994 2021 72 Lanigan … St. Louis, Mo., Con. P. Curran printing co., 1933.
457 1068 85 41 136
573 1081 43 38 p.
678 1068 57 43 20
739 1072 14 20 cm
787 1101 9 9 .

387 1124 52 52 ©
470 1128 111 40 Jan.
611 1128 69 46 17,
710 1127 114 41 1933;
885 1128 66 40 2c.
984 1128 103 41 Oct.
1116 1128 83 47 23;
1233 1127 81 40 aff.
1347 1128 112 41 Dec.
1489 1129 84 47 20;
1605 1129 43 39 A
1676 1128 172 48 66726;
1883 1129 44 41 J.
1957 1128 156 48 Ryan,
2148 1128 68 43 St.
2247 1130 162 45 Louis,

454 1179 1530 55 and H. W. Lanigan, ℅ Morning Telegraph, New York.
467 1242 282 49 (33-30807)

385 1316 472 68 Schneidewind,
891 1317 281 68 Richard,
1208 1322 174 50 1900-

386 1398 1997 132 … The malleabilization of white cast iron [by] R. Schneidewind …
679 1478 1587 67 [and] A. E. White … [Ann Arbor, Mich.] 1933.
455 1550 1957 51 3 p. l., 76 p. incl. 1 illus., plates, diagrs. 23 cm . (Dept. of engineering
383 1610 2027 49 research. University of Michigan … Engineering research bulletin,
379 1678 76 30 no.
485 1667 82 47 24)

457 1724 324 41 “References
813 1727 48 38 to
891 1724 290 41 literature”:
1243 1736 42 37 p.
1317 1724 158 41 55-56.

388 1777 52 52 ©
469 1782 120 48 Aug.
617 1782 70 42 31,
717 1781 141 44 1933;
888 1782 67 40 2c.
987 1782 101 40 Oct.
1119 1782 52 42 5;
1202 1781 83 42 aff.
1313 1782 120 40 Nov.
1462 1782 82 46 11;
1575 1782 42 38 A
1644 1781 172 47 68240;
1849 1781 286 48 University
2164 1782 51 38 of
456 1780 1938 106 Michigan,
594 1839 108 40 Ann
733 1840 171 40 Arbor.
977 1838 283 49 (33-28220)

387 1912 313 68 Sherman,
733 1916 209 64 Henry
974 1915 203 65 Clapp,
1211 1914 173 54 1875-

458 1989 1950 73 Food products, by Henry C. Sherman … 3d ed., completely
388 2069 309 57 rewritten.
763 2070 138 56 New
935 2070 179 68 York,
1142 2071 124 55 The
1293 2070 338 54 Macmillan
1660 2088 298 52 company,
1993 2071 150 51 1933.

459 2143 1068 50 xii p., 1 l., 674 p. illus., diagrs. 20½ cm .
457 2202 300 48 “Suggested
786 2201 257 49 readings”
1073 2205 52 38 at
1153 2204 92 39 end
1272 2202 52 41 of
1352 2204 119 39 each
1499 2203 214 48 chapter.

389 2259 53 52 ©
470 2265 113 39 Dec.
611 2264 38 46 5,
678 2263 113 41 1933;
849 2264 66 39 2c.
945 2265 95 38 and
1069 2262 82 41 aff.
1180 2264 114 40 Dec.
1322 2263 52 48 6;
1405 2264 42 38 A
1473 2263 173 47 67380;
1677 2262 284 41 Macmillan
1991 2274 67 29 co.

471 2320 283 48 (33-36901)

387 2391 460 70 Shuttleworth,
879 2396 201 53 Frank
1111 2395 251 65 Kayley,
1395 2398 173 50 1899-

460 2474 122 53 The
615 2474 175 54 social
825 2474 246 53 conduct
1107 2476 113 52 and
1257 2474 277 55 attitudes
1570 2473 64 54 of
1667 2474 187 54 movie
1888 2475 132 53 fans
2078 2474 92 69 [by]
2211 2473 198 54 Frank

389 2552 2021 69 K. Shuttleworth … [and] Mark A. May … New York, The
387 2632 339 55 Macmillan
756 2652 301 49 company,
1089 2636 152 50 1933.

460 2716 43 38 v,
532 2706 84 39 142
641 2716 43 38 p.
745 2705 147 42 20½cm.
952 2706 200 51 [Motion
1179 2707 217 49 pictures
1423 2708 97 39 and
1546 2708 179 46 youth;
1754 2708 84 40 the
1862 2707 166 47 Payne
2053 2705 125 42 fund
2206 2707 202 49 studies]

463 2764 135 41 With
629 2764 248 48 Peterson,
910 2765 134 40 Ruth
1078 2764 49 41 C.
1189 2764 185 41 Motion
1408 2764 215 50 pictures
1658 2765 96 39 and
1789 2766 82 39 the
1905 2764 150 41 social
2088 2764 240 42 attitudes
2361 2764 51 40 of

388 2821 809 45 children … New York, 1933.
391 2876 51 54 ©
473 2882 118 41 Nov.
621 2881 69 49 28,
722 2881 141 48 1933;
896 2881 67 40 2c.
993 2882 96 38 and
1121 2880 82 40 aff.
1233 2880 118 40 Nov.
1382 2879 83 49 29;
1498 2879 41 40 A
1569 2879 172 50 67305;
1775 2880 284 41 Macmillan
2090 2891 69 32 co.

468 2939 284 49 (33-36939)

389 3013 189 53 South
623 3018 259 50 western
927 3017 277 65 reporter.
1286 3013 221 55 Second
1551 3013 188 53 series.
1820 3015 170 55 Cases
2036 3014 216 69 argued
2297 3013 112 53 and

461 3091 356 55 determined
858 3093 61 52 in
962 3093 98 52 the
1103 3092 281 68 Supreme
1424 3097 191 49 courts
1657 3091 65 54 of
1762 3093 316 68 Arkansas,
2118 3092 292 68 Missouri,

460 3172 332 67 Tennessee,
829 3173 112 51 and
978 3173 214 60 Texas;
1234 3171 208 54 Courts
1479 3171 63 53 of
1579 3171 235 69 appeals
1851 3171 65 53 of
1950 3171 308 69 Kentucky
2297 3172 112 52 and

461 3249 303 68 Missouri;
810 3250 210 55 Courts
1061 3251 63 52 of
1167 3250 136 53 civil
1346 3250 112 53 and
1501 3251 266 52 criminal
1808 3252 235 68 appeals
2087 3251 113 52 and
459 3249 1924 134 Commission

730 3329 64 52 of
828 3330 236 67 appeals
1099 3329 62 52 of
1196 3329 202 67 Texas,
1433 3330 141 51 with
1608 3329 71 52 key
1751 3330 241 52 number
2026 3329 382 53 annotations,

461 3426 51 35 v.
547 3411 66 49 62
647 3409 128 66 (2d)
859 3407 640 69 September-October,
1537 3412 151 48 1933.
1759 3409 84 54 St.
1876 3409 168 67 Paul,
2075 3410 161 53 West
459 3408 1926 148 publishing
705 3506 99 49 co.,
835 3491 151 49 1933.

456 3562 97 45 xvi,
591 3562 115 39 1224
743 3572 44 37 p.
853 3562 56 40 26
914 3564 43 21 cm
963 3595 8 7 .

393 3615 52 52 ©
471 3619 117 40 Nov.
614 3620 69 46 28,
710 3620 113 39 1933;
879 3620 66 38 2c.
972 3620 95 38 and
1095 3618 82 42 aff.
1206 3620 109 38 Dec.
1344 3618 82 41 26:
1454 3618 40 39 A
1520 3617 171 46 67683;
1720 3619 136 39 West
1882 3618 109 48 pub.
2019 3629 67 29 co.

392 3692 300 66 Stephens
718 3693 238 66 college,
987 3694 321 67 Columbia,
1335 3695 116 52 Mo.

456 3772 258 53 Hurdles
748 3770 59 54 in
841 3772 246 68 English
1122 3770 408 69 composition;
1566 3791 31 33 a
1630 3771 206 54 review
1869 3771 63 53 of
1964 3770 98 54 the
2092 3771 318 53 mechanics

386 3851 65 52 of
493 3850 246 68 English
781 3850 396 68 composition,
1219 3851 75 66 by
1334 3850 276 55 members
1651 3850 64 53 of
1755 3850 96 53 the
1892 3849 246 70 English
388 3849 1999 143 department,

608 3928 284 69 Stephens
938 3930 228 68 college.
1244 3929 139 52 New
1430 3928 181 68 York,
1655 3929 77 52 H.
1779 3928 148 54 Holt
1971 3928 112 53 and
2130 3944 281 53 company

408 4010 179 65 [ c 1933]
