2582 4453
1329 4116 133 49 1318

388 425 191 55 South
609 428 237 53 Dakota
876 428 110 51 and
1018 428 187 53 North
1237 435 236 46 western
1504 429 204 67 digest,
1738 430 268 66 covering
2033 430 80 51 all

2144 447 151 36 cases
459 448 1922 127 reported
712 507 59 52 in
822 506 181 56 South
1054 506 229 53 Dakota
1334 513 240 62 reports.
1623 508 185 52 North
1860 514 240 47 western
2150 514 256 62 reporter

461 586 113 52 and
607 586 75 51 all
714 586 62 52 of
807 587 94 51 the
931 587 171 51 north
1137 592 236 48 western
1408 591 174 47 states
1613 591 225 63 reports
1867 586 151 52 from
2053 588 94 51 the
2180 586 225 55 earliest

460 665 182 59 times,
682 665 142 52 with
863 671 228 46 current
1130 665 347 54 cumulative
1517 666 202 67 pocket
1758 666 208 53 service
2007 666 247 68 keeping
2291 667 116 51 this

459 743 1923 132 digest always to date … Compiled and edited by the publisher’s
710 822 269 53 editorial
1010 820 152 55 staff,
1241 840 49 36 v.
1323 825 82 49 40.
1484 824 176 53 Table
1691 823 63 53 of
1786 842 151 35 cases
1969 824 275 68 digested.
2325 823 81 55 St.

459 902 864 68 Paul, West publishing co. [c1933]
460 976 60 41 vi.
551 976 117 40 1429
695 988 41 36 p.
800 977 115 39 26cm.

391 1042 52 53 ©
474 1048 128 47 Sept.
629 1047 69 40 26.
729 1047 138 40 1933:
898 1047 65 39 2c.
994 1058 63 28 and
1118 1046 79 40 aff.
1231 1049 100 37 Oct.
1362 1046 80 41 12:
1473 1047 40 38 A
1541 1047 171 44 65585;
1742 1047 135 40 West
1906 1048 108 47 pub.
2044 1059 68 29 co.

386 1148 190 56 South
628 1156 240 47 western
919 1156 275 62 reporter.
1274 1151 219 54 Second
1543 1151 185 53 series.
1808 1152 169 53 Cases
2029 1152 215 69 argued
2297 1152 111 51 and

458 1229 356 54 determined
857 1231 57 53 in
959 1231 95 53 the
1098 1231 277 68 Supreme
1419 1236 192 50 courts
1655 1230 63 54 of
1759 1230 315 62 Arkansas,
2117 1230 292 55 Missouri,

460 1310 329 62 Tennessee,
826 1311 110 52 and
977 1313 185 51 Texas;
1232 1311 210 54 Courts
1478 1310 63 53 of
1577 1311 236 68 appeals
1850 1310 63 52 of
1949 1311 307 65 Kentucky
2295 1311 110 52 and

459 1388 301 66 Missouri;
809 1390 210 52 Courts
1061 1389 63 52 of
1165 1389 134 53 civil
1343 1391 108 51 and
1500 1389 264 53 criminal
1808 1390 234 68 appeals
2085 1390 113 51 and
458 1391 1922 131 Commission

729 1468 64 52 of
827 1471 235 65 appeals
1099 1469 62 51 of
1197 1471 202 54 Texas,
1432 1468 141 52 with
1606 1468 109 68 key
1749 1467 240 54 number
2025 1469 380 53 annotations,

457 1566 50 35 v.
562 1550 65 49 60
660 1547 128 68 (2d)
875 1548 353 61 June-July,
1282 1551 149 48 1933.
1513 1548 82 54 St.
1645 1549 167 53 Paul,
1860 1549 162 53 West
2070 1548 338 68 publishing

459 1645 97 49 co.,
586 1629 151 50 1933.

458 1701 115 42 xvii,
609 1702 114 39 1227
758 1713 41 36 p.
861 1702 127 39 illus.
1021 1702 160 48 (map)
1251 1701 117 40 26cm.

391 1760 51 52 ©
473 1765 129 47 Sept.
629 1764 69 47 26,
727 1764 114 40 1933:
898 1765 65 40 2c.
994 1764 95 40 and
1118 1764 80 39 aff.
1229 1764 101 41 Oct.
1360 1764 82 41 12:
1474 1765 39 38 A
1541 1764 171 41 65585:
1744 1764 134 40 West
1908 1765 108 47 pub.
2047 1775 67 29 co.

385 1865 275 68 Spencer,
692 1869 309 65 Hazelton,
1070 1872 138 49 1893-
1353 1869 84 52 ed.

459 1946 378 53 Elizabethan
888 1945 183 69 plays,
1118 1945 229 54 written
1399 1945 74 69 by
1523 1943 436 70 Shakespeare’s
2010 1942 239 69 friends,
389 1944 1994 150 colleagues,

670 2023 195 70 rivals,
904 2025 107 54 and
1056 2042 336 48 successors;
1433 2040 57 39 to
1530 2023 128 54 wit:
1701 2023 377 68 Christopher
2116 2022 292 54 Marlowe.

386 2101 2020 72 John Lyly, Robert Greene … [and others] Edited, with new
387 2187 149 49 texts
581 2182 168 53 based
798 2201 70 34 on
916 2183 94 52 the
1056 2182 248 69 original
1354 2181 188 68 folios,
1586 2188 249 62 quartos,
1883 2182 111 52 and
2042 2186 243 63 octavos,
2332 2180 72 66 by

386 2260 2020 71 Hazelton Spencer … Boston, Little, Brown, and company,
389 2342 150 50 1933.

458 2410 1610 68 vii p., 3 l., 5-1173 p. front, (port.) illus. (facsims.) 24cm.
457 2469 227 40 Includes
719 2469 245 41 facsimile
1003 2470 369 48 reproductions
1407 2471 51 39 of
1495 2472 81 39 the
1613 2470 208 48 original
1861 2475 97 44 t.-p.
1995 2472 50 38 of
2082 2472 118 39 each
2236 2472 52 39 of
2325 2473 81 39 the

384 2526 340 49 twenty-eight
758 2528 153 47 plays.

453 2585 354 48 Bibliography
835 2585 226 40 included
1091 2585 46 40 in
1171 2584 291 49 “Prefatory
1491 2584 155 42 note”.

389 2642 52 52 ©
471 2649 128 38 Sept.
626 2648 69 39 12.
721 2646 140 40 1933:
891 2647 66 38 2c.
985 2647 95 38 and
1107 2645 81 40 aff.
1219 2647 127 46 Sept.
1374 2646 81 39 15:
1486 2646 39 38 A
1551 2645 171 40 66058:
1753 2646 163 40 Little.
1946 2648 191 42 Brown,
2166 2648 95 38 and
458 2656 1933 96 company.
673 2704 282 47 (33-25050)

384 2807 294 66 Spofford,
710 2808 289 54 Barbara.

457 2884 122 53 The
628 2883 255 71 friendly
931 2883 387 70 shepherdess,
1365 2892 155 62 story
1570 2884 113 53 and
1731 2882 249 70 pictures
2028 2884 73 69 by
2147 2883 255 55 Barbara

386 2962 290 70 Spofford.
751 2964 233 68 Boston,
1020 2964 193 67 Little,
1250 2963 230 68 Brown,
1515 2963 112 55 and
1665 2981 298 51 company,
2001 2966 148 49 1933.

458 3036 85 50 [47]
579 3046 41 38 p.
685 3037 86 39 col.
805 3033 129 43 illus.
999 3035 115 41 19cm.

458 3094 292 40 Illustrated
788 3095 98 46 t.-p.

391 3150 52 52 ©
479 3156 127 46 Sept.
640 3155 69 44 22,
743 3154 142 41 1933:
920 3155 66 38 2c.
1022 3155 93 38 and
1151 3153 83 40 aff.
1270 3154 127 47 Sept.
1432 3154 82 46 23;
1551 3154 40 38 A
1625 3153 170 42 65348:
1834 3155 50 38 B.
1925 3154 237 48 Spofford,
2199 3155 209 40 Malden.

462 3213 146 39 Mass.
681 3211 283 48 (33-24726)

384 3312 264 67 Stanley,
682 3313 283 66 Douglas,
1002 3317 167 50 1890-

457 3392 123 53 The
624 3391 173 60 voice,
841 3392 74 53 its
959 3393 345 67 production
1346 3393 113 53 and
1502 3391 436 71 reproduction;
1984 3412 33 35 a
2060 3392 232 56 treatise
2333 3412 72 35 on

386 3471 2020 149 voice training, production and reproduction, by Douglas Stanley … and J. P. Maxfield … New York, Pitman publishing
386 3629 368 68 corporation
792 3632 194 64 [c1933]

456 3704 83 46 xii,
569 3705 85 40 287
684 3715 41 37 p.
788 3705 143 44 illus.,
961 3704 180 46 diagrs.
1203 3704 116 40 22cm.

740 3762 449 41 CONTENTS.—Fundamentals
1219 3763 51 39 of
1298 3764 154 39 sound
1481 3764 95 39 and
1606 3764 153 39 sound
1790 3764 372 41 measurement,
2191 3764 60 47 by
2281 3763 40 40 J.
2356 3764 47 40 P.

389 3819 454 41 Maxfield.—Voice
891 3821 303 47 production,
1244 3821 60 47 by
1352 3821 218 46 Douglas
1621 3821 227 48 Stanley;
1899 3821 201 49 chapter
2150 3821 55 40 12
2254 3823 48 39 to
2351 3822 51 38 14

388 3876 196 41 written
627 3876 47 40 in
719 3877 351 41 collaboration
1116 3878 117 40 with
1278 3879 136 39 Alma
1465 3878 655 49 Stanley.—Reproduction,
2166 3879 59 47 by
2303 3912 6 7 J.
2355 3878 48 38 P.

387 3933 664 50 Maxfield.—Bibliography
1091 3935 66 48 (p.
1207 3935 247 49 [259]-262)

392 3986 52 53 ©
479 3990 126 48 Sept.
640 3992 67 39 14.
742 3991 139 40 1933:
915 3993 66 38 2c.
1016 3994 93 37 and
1143 4003 82 29 aff.
1261 3994 127 47 Sept.
1423 3994 82 39 15;
1539 3994 37 38 A
1610 3993 143 39 66053:
1818 3994 193 38 Pitman
2046 3994 107 48 pub.
461 4002 1925 86 corporation.
652 4049 282 47 (33-25066)
