2582 4453
1360 4111 136 51 1352

482 500 135 40 First
653 500 97 39 and
788 501 174 38 second
1000 498 212 41 editions
1250 499 124 40 have
1413 498 108 41 title:
1591 497 217 42 Selected
1849 508 135 31 cases
2022 510 60 29 on
2120 501 82 39 the
2239 499 94 41 law
2373 501 50 40 of

405 556 423 49 quasi-contracts.

415 613 52 52 ©
499 617 120 47 Aug.
650 616 69 46 31,
752 615 114 40 1933;
928 615 67 41 2c.
1031 615 126 48 Sept.
1192 615 23 38 1;
1280 614 80 40 aff.
1397 615 128 48 Sept.
1559 616 55 38 27;
1678 616 39 38 A
1750 615 143 40 65474:
1957 617 369 39 Bobbs-Merrill
2360 629 66 28 co.

492 673 282 48 (33-28586)

405 774 429 69 Wordsworth,
869 774 276 67 William,
1182 774 327 57 1770-1850.

543 854 1886 71 … The poetical works of Wordsworth, edited by Thomas
409 934 388 68 Hutchinson,
835 935 114 52 and
987 934 141 53 with
1166 934 394 53 introduction
1598 934 113 53 and
1747 939 161 49 notes
1940 935 76 67 by
2053 934 222 70 George
408 935 1997 132 McLean

601 1011 1805 70 Harper … New York, Oxford university press [ c 1983]
478 1085 1950 52 4 p. l., [vii]-li, 992 p., 1 l. front. (port.) 19 cm . (Oxford standard
407 1143 211 49 edition)

416 1199 52 52 ©
507 1203 129 48 Sept.
672 1204 69 42 14,
778 1201 140 42 1933;
957 1202 65 39 2c.
1061 1202 94 39 and
1267 1235 7 6 aff.
1315 1202 127 47 Sept.
1478 1201 83 42 30;
1600 1201 40 39 A
1677 1201 170 42 65406;
1888 1202 187 40 Oxford
2114 1202 130 42 univ.
2282 1212 148 39 press,

484 1262 119 38 New
627 1261 145 45 York,
799 1260 89 39 inc.,
930 1260 117 39 New
1073 1260 145 39 York.
1303 1255 52 52 [©
1383 1259 332 41 introduction
1743 1261 95 38 and
1865 1264 138 36 notes]

494 1317 283 50 (33-25941)

408 1425 197 63 Wren,
636 1423 269 54 Percival
939 1422 411 64 Christopher.

482 1500 1942 70 Action and passion, by Percival Christopher Wren … New
415 1581 180 68 York,
623 1580 312 55 Frederick
962 1582 70 52 A.
1065 1580 203 56 Stokes
1294 1599 300 49 company,
1625 1584 149 50 1933.

485 1654 622 51 5 p. l., 3-435 p. 19½ cm .
418 1710 55 53 ©
503 1715 127 47 Sept.
662 1713 68 43 28,
763 1713 113 41 1933;
938 1714 66 39 2c.
1036 1714 96 39 and
1164 1712 70 41 aff
1278 1713 102 40 Oct.
1411 1713 54 38 4:
1498 1713 42 39 A
1570 1712 138 40 66451:
1776 1712 263 40 Frederick
2071 1714 52 38 A.
2161 1713 171 40 Stokes
2365 1722 65 31 co.

499 1770 283 51 (33-25970)

411 1863 258 65 Wright,
703 1863 179 55 Elsie.

483 1942 179 67 Patty
700 1941 112 52 and
848 1941 94 66 Jo,
979 1940 324 67 detectives,
1339 1941 74 66 by
1452 1939 157 53 Elsie
1645 1940 253 68 Wright.
1973 1939 331 68 Cleveland,
2343 1940 86 67 O.,

412 2018 141 54 New
588 2018 182 68 York,
803 2018 72 54 N.
916 2019 90 67 Y.,
1043 2019 121 52 The
1201 2018 203 54 World
1440 2018 295 68 syndicate
1774 2017 337 69 publishing
2148 2037 280 51 company

417 2132 12 34 [
434 2106 19 21 c
458 2102 133 50 1933
600 2133 11 33 ]

487 2171 86 40 222
605 2183 44 39 p.
710 2172 55 40 19½cm.

419 2227 2015 52 © Aug. 24, 1933; 2c. Sept. 16: aff. Sept. 28; A 65439; World syndicate
486 2288 110 48 pub.
626 2298 65 29 co.
765 2286 282 48 (33-25675)

417 2376 277 68 [Wright,
728 2376 244 56 Willard
1005 2374 403 70 Huntington]
1451 2380 171 50 1888-

484 2458 123 53 The
638 2457 223 69 dragon
890 2456 234 53 murder
1154 2474 141 49 case,
1323 2474 28 33 a
1384 2455 173 54 Philo
1646 2475 133 34 Vance
1809 2462 178 61 story,
2015 2456 75 69 by
2123 2458 55 55 S.
2213 2456 57 56 S.
2302 2458 129 52 Van

413 2534 1777 70 Dine [pseud.] … New York, C. Scribner’s sons, 1933.
484 2605 1059 53 3 p. l., ix-xii p., 1 l., 311 p. pl. 19½ cm .
485 2667 290 40 Illustrated
805 2665 365 49 lining-papers.

421 2722 51 53 ©
500 2727 103 40 Oct.
627 2726 70 46 13,
723 2724 114 41 1933;
893 2725 67 39 2c.
988 2725 95 39 and
1109 2723 81 40 aff.
1219 2723 101 40 Oct.
1348 2723 81 42 16;
1460 2724 39 38 A
1526 2722 144 41 66607;
1726 2724 58 40 W
1825 2723 59 40 H.
1912 2724 207 46 Wright,
2148 2725 118 38 New
2296 2725 140 40 York.

503 2782 283 51 (33-29645)

414 2874 233 65 Young,
679 2873 357 56 Waldemar.

491 2954 121 52 The
641 2953 120 54 lace
792 2952 65 53 of
885 2970 31 34 a
948 2953 286 52 thousand
1265 2958 145 47 trees
1440 2952 114 54 and
1585 2953 163 52 other
1776 2952 192 68 lyrics,
1996 2953 78 67 by
2100 2953 332 54 Waldemar

422 3034 241 66 Young;
710 3051 74 34 an
824 3031 393 54 introduction
1261 3031 75 68 by
1380 3031 254 53 Edward
1679 3033 65 52 F.
1790 3031 220 56 O’Day.
2089 3030 116 56 San
420 3033 1984 146 Francisco,
610 3110 186 55 Print,
822 3111 77 68 by
925 3112 55 54 J.
1007 3112 77 53 H.
1111 3112 178 65 Nash,
1317 3114 150 50 1933.

494 3185 86 50 [41]
617 3195 42 38 p.
719 3184 166 48 front.,
922 3184 128 40 illus.
1112 3184 55 40 24
1170 3186 44 22 cm
1220 3217 8 8 .

496 3241 1938 48 “Three hundred and fifty copies of this book have been printed … the
423 3299 319 49 frontispiece
785 3310 101 31 was
932 3301 170 39 drawn
1147 3301 60 47 by
1252 3298 164 50 Philip
1457 3299 165 46 Little,
1670 3300 81 40 the
1795 3300 175 39 border
2012 3309 101 30 was
2159 3300 169 40 drawn
2373 3299 59 47 by

420 3357 217 41 William
667 3358 205 40 Wilke.”

423 3412 2013 52 © May 15, 1933; 2c. and aff. Sept. 22; A 66217; W. Young. Hollywood,
492 3472 145 41 Calif.
709 3472 283 50 (33-28393)

417 3565 210 65 Zuver,
658 3565 251 65 Dudley.

492 3641 299 55 Salvation
824 3642 75 70 by
932 3642 295 67 laughter;
1265 3662 28 33 a
1329 3643 171 69 study
1535 3642 63 52 of
1630 3640 240 71 religion
1909 3642 111 53 and
2053 3640 95 55 the
2183 3659 154 36 sense
2373 3640 62 53 of

419 3719 222 68 humor,
673 3719 74 71 by
783 3720 227 70 Dudley
1045 3721 196 53 Zuver.
1315 3720 137 56 New
1490 3721 162 56 York
1686 3720 110 55 and
1832 3720 256 69 London,
2123 3719 232 69 Harper
2389 3720 45 51 &

419 3798 276 70 brothers,
733 3802 149 51 1933.

491 3870 566 50 5 p. l., 270 p. 21 cm .
492 3928 164 42 “First
691 3928 228 42 edition.”

426 3984 1733 54 © Sept. 1, 1933; 2c. and aff. Sept. 6: A 64909: Harper & bros.
504 4045 281 50 (33-25036)
