2484 4405
1060 4122 135 53 1547

191 544 162 40 “First
385 541 227 42 edition.”

190 600 375 48 Bibliography:
602 610 41 38 p.
678 598 216 41 306-308.

123 656 50 51 ©
200 660 114 39 Nov.
341 660 40 45 2,
407 658 139 45 1933;
574 658 68 39 2d.
667 658 96 38 and
862 688 8 7 aff.
896 656 116 39 Nov.
1040 657 25 38 7:
1120 656 41 37 A
1186 654 169 47 65998;
1387 656 249 45 Margaret
1663 652 276 41 Goldsmith
1965 652 157 47 Voigt,

191 716 211 39 London.
473 713 279 49 (33-32581)

123 816 318 66 Goodman,
470 818 138 54 Mrs.
639 815 188 66 Lydia
855 815 158 54 Belle
1051 813 283 68 (Gaddis)
1375 819 171 50 1863-

193 896 226 54 Illinois
453 896 204 52 voters’
690 894 322 67 handbook,
1045 893 76 68 by
1152 895 63 52 L.
1251 894 159 52 Belle
1444 893 317 65 Goodman,
1793 891 220 53 revised
2045 893 75 65 by

125 974 181 68 Daisy
358 974 307 67 Sandidge.
742 975 97 50 9th
889 973 83 51 ed.
1050 971 271 68 Chicago,
1369 972 113 66 Ill.,
1530 970 229 53 Illinois
1808 970 199 67 league
2057 969 64 53 of

125 1069 212 36 women
368 1059 202 58 voters,
601 1056 149 49 1933.

195 1124 59 48 vi,
282 1124 97 48 156,
411 1125 54 49 [6]
497 1134 43 37 p.
600 1124 127 40 illus.
757 1123 186 47 (maps)
981 1122 180 48 diagrs.
1222 1122 54 40 19
1280 1124 44 22 cm
1329 1153 8 8 .

124 1179 50 51 ©
212 1184 100 39 Oct.
347 1182 68 47 20,
452 1181 139 47 1938;
629 1183 67 39 2c.
733 1181 102 41 Oct.
871 1181 82 41 26;
991 1181 82 39 aff.
1110 1181 119 39 Nov.
1264 1180 52 46 9;
1356 1180 40 38 A
1431 1179 170 46 65851;
1642 1178 190 40 Illinois
1868 1180 170 45 league
2073 1179 53 38 of

190 1249 185 29 women
400 1241 175 37 voters.
641 1238 281 47 (33-32569)

121 1342 332 64 Haggerty,
484 1341 218 53 Melvin
736 1343 268 62 Everett,
1040 1343 171 53 1875-

191 1417 274 56 Children
494 1417 63 54 of
582 1417 95 54 the
704 1417 340 68 depression,
1072 1417 74 68 by
1174 1416 79 54 M.
1284 1416 67 52 E.
1384 1416 318 68 Haggerty.

121 1414 1977 149 [Minneapolis]
242 1496 121 55 The
395 1495 334 70 University
759 1496 64 52 of
850 1494 323 57 Minnesota
1206 1513 157 50 press
1398 1497 171 66 [1933]

192 1568 56 39 25
273 1578 42 37 p.
369 1567 56 40 23
428 1570 44 20 cm
477 1602 9 8 .
553 1569 298 49 (Half-title:
875 1569 100 39 The
1003 1569 94 46 day
1126 1570 94 38 and
1248 1569 123 38 hour
1399 1566 150 42 series
1576 1568 50 39 of
1654 1569 81 39 the
1763 1567 281 47 University
2070 1569 52 38 of

125 1624 285 40 Minnesota,
472 1635 74 31 no.
582 1625 51 47 6)

126 1682 50 51 ©
206 1687 102 39 Oct.
335 1686 68 45 11,
432 1685 139 45 1933;
602 1685 66 39 2c.
697 1684 95 40 and
819 1684 81 41 aff.
931 1685 101 39 Oct.
1061 1684 83 46 25;
1174 1685 41 37 A
1243 1684 138 39 66781;
1445 1684 284 47 University
1756 1683 55 40 of
1838 1682 289 48 Minnesota,

193 1742 336 47 Minneapolis.
599 1741 281 48 (33-32544)

124 1844 292 64 Halliday,
447 1844 226 64 Evelyn
707 1844 311 55 Gertrude.

195 1917 1928 71 Hows and whys of cooking, by Evelyn G. Halliday … and
126 1995 1999 71 Isabel T. Noble … Chicago, Ill., The University of Chicago
126 2095 150 49 press
315 2110 12 34 [
333 2083 17 21 c
356 2079 152 64 1933]

193 2147 134 48 xviii,
364 2147 85 40 252
484 2159 42 37 p.
590 2150 86 38 col.
711 2147 164 48 front.,
911 2150 170 46 plates.
1147 2149 54 38 21½
1235 2151 42 20 cm
1284 2182 7 6 .
1369 2150 299 48 (Half-title:
1703 2150 100 38 The
1843 2149 278 47 University

126 2205 48 39 of
203 2205 208 45 Chicago
440 2205 138 39 home
608 2205 266 40 economics
906 2205 175 48 series)

128 2261 50 51 ©
205 2267 102 39 Oct.
333 2267 67 43 17,
427 2265 113 40 1933;
593 2266 67 39 2c.
688 2266 118 39 Nov.
831 2265 26 39 2;
913 2265 81 40 aff.
1021 2266 119 38 Nov.
1166 2265 26 39 3;
1248 2265 40 38 A
1314 2265 143 40 66883;
1516 2265 282 48 University
1828 2266 49 39 of
1903 2265 224 47 Chicago,

197 2321 221 49 Chicago.
483 2318 69 52 [©
587 2332 104 29 new
725 2325 192 45 matter]
991 2320 282 49 (33-32549)

127 2426 210 65 Hicky,
370 2427 207 53 Daniel
609 2426 373 57 Whitehead.

193 2502 271 52 Thirteen
503 2509 227 48 sonnets
767 2504 64 54 of
869 2504 268 68 Georgia,
1178 2507 327 64 1733-1933,
1543 2505 76 66 by
1658 2503 206 53 Daniel
127 2503 1972 130 Whitehead

308 2580 210 70 Hicky,
557 2582 325 53 illustrated
921 2583 75 68 by
1035 2582 267 56 Cornelia
1342 2581 426 70 Cunningham.
1848 2582 279 68 [Atlanta,

124 2665 17 21 c
146 2663 152 64 1933]

200 2731 820 50 1 p. l., [5]-30 p. illus. 23½ cm .
131 2788 1978 97 “This limited edition … published in October of the state’s bicentennial
346 2855 117 37 year
496 2846 60 47 by
590 2845 165 41 Frank
789 2847 217 47 Rowsey,
1041 2848 208 39 consists
1284 2848 50 39 of
1367 2859 88 29 one
1491 2848 243 40 thousand
1768 2848 160 48 copies
1961 2849 166 48 signed

132 2902 58 48 by
220 2903 81 40 the
332 2904 178 39 author
541 2904 96 39 and
666 2904 83 41 the
780 2904 290 47 illustrator,
1101 2904 52 41 of
1184 2904 159 40 which
1375 2904 111 41 nine
1518 2905 221 40 hundred
1772 2906 95 38 and
1900 2905 111 48 fifty
2045 2916 83 30 are

130 2959 77 40 for
233 2961 115 40 sale.
404 2960 118 41 This
550 2962 41 39 is
617 2972 74 29 no.
720 2959 128 41 953.”

133 3014 50 51 ©
223 3019 100 40 Oct.
365 3018 65 39 16.
472 3017 112 40 1983;
653 3018 66 39 2c.
760 3019 101 39 Oct.
901 3018 81 40 26:
1025 3017 80 40 aff.
1149 3019 100 39 Oct.
1289 3019 82 40 31:
1414 3019 40 38 A
1494 3018 170 43 65902;
1709 3020 163 39 Frank
1914 3020 216 47 Rowsey,

201 3075 216 40 Atlanta.
488 3074 279 48 (33-32611)

130 3162 395 68 Huntington,
557 3162 245 58 Charles
834 3162 264 68 Clifford,
1132 3166 171 55 1873-

199 3239 1930 72 The geographic basis of society, by C. C. Huntington … and
135 3318 1887 69 Fred A. Carlson … New York, Prentice-Hall, inc., 1933.
199 3389 98 49 xxi,
325 3391 85 39 626
437 3401 42 37 p.
537 3391 128 41 illus.
694 3392 132 44 (incl.
858 3394 161 46 maps)
1058 3392 180 49 diagrs.
1296 3393 55 39 23½
1384 3396 15 20 cm
1433 3425 8 7 .

202 3447 235 41 “Revised
470 3447 225 41 edition.”

200 3505 259 40 Published
490 3505 113 40 1929
633 3506 151 39 under
815 3507 135 39 title:
982 3506 397 40 Environmental
1415 3507 130 39 basis
1576 3508 50 38 of
1656 3506 146 41 social
1838 3507 288 48 geography.

200 3561 374 48 Bibliography:
611 3573 42 37 p.
688 3561 215 41 599-613.

137 3617 50 51 ©
216 3623 99 39 Oct.
344 3623 67 39 24.
441 3622 111 40 1933;
610 3623 66 40 2c.
704 3623 118 39 Nov.
850 3623 18 38 1:
933 3622 82 40 aff.
1045 3623 103 39 Oct.
1174 3623 53 38 31:
1288 3623 40 38 A
1355 3623 143 39 65903:
1558 3622 373 47 Prentice-Hall,
1960 3623 91 41 inc.

212 3678 278 47 (33-32539)

133 3768 186 64 Javal,
349 3772 167 51 Mme.
548 3769 132 64 Lily
710 3769 409 66 (Léon-Lévy)

204 3844 297 54 Fortune’s
537 3864 261 49 caravan,
832 3847 76 67 by
941 3847 134 68 Lily
1110 3847 377 66 Jean-Javal;
1526 3848 248 67 adapted
1807 3848 76 66 by
1915 3847 214 53 Rachel

136 3920 163 53 Field
341 3922 153 53 from
534 3924 94 52 the
670 3923 341 53 translation
1054 3926 75 65 by
1171 3925 226 52 Marion
1442 3925 317 63 Saunders;
1802 3926 324 52 illustrated

136 3996 71 69 by
232 3998 231 69 Maggie
491 4000 255 55 Salcedo.
807 4002 140 52 New
973 4002 179 66 York,
1178 4004 89 53 W.
1294 4002 250 53 Morrow
1571 4006 50 49 &
1651 4022 297 49 company,
1975 4006 152 50 1933.
