2597 4403
1344 4067 104 54 270

383 403 299 66 Simenon,
715 405 280 64 Georges,
1030 409 173 49 1903-

520 477 1883 72 … Les 13 énigmes; photographies de J. Constantinesco.
387 560 187 68 Paris,
600 559 72 53 A.
703 559 235 69 Fayard
969 560 46 51 &
1043 557 66 54 cie
1159 559 177 66 [c1932]

460 635 26 40 2
513 646 43 38 p.
604 666 23 17 l.,
657 634 177 50 [7]—252
861 645 59 38 p.,
946 634 26 38 2
1020 666 8 8 l.
1055 632 110 42 incl.
1192 632 173 49 plates.
1452 631 88 41 19cm.

389 699 2016 55 © Oct. 1 , 1932; 1c. Jan. 9, 1933; A- Foreign 19333; Arthème Fayard &
455 762 84 41 cie.
612 761 253 50 (33-6655)

387 867 251 65 Snyder,
669 867 209 63 Henry
905 864 293 67 Rossiter,
1231 869 173 51 1888-

458 940 1949 71 Profitable child portraiture, by H. Rossiter Snyder … New
389 1021 182 70 York,
596 1021 259 54 Rossiter
884 1020 227 70 Snyder
1139 1019 340 71 publishing
1505 1037 79 40 co.
1694 1022 121 67 [c1932]

460 1094 343 50 39 p. 22 ½ cm.
461 1148 1946 51 “This is the third in a series of booklets … dealing with the profit
388 1209 319 50 possibilities
734 1208 53 41 of
812 1219 221 30 cameras
1060 1208 50 40 in
1139 1208 83 41 the
1247 1208 161 41 hands
1435 1206 55 42 of
1513 1206 263 42 free-lance
1805 1206 261 42 workers.”

389 1279 53 53 ©
470 1282 103 41 Oct.
598 1282 73 48 15,
698 1281 114 42 1932;
869 1282 67 40 2c.
965 1282 118 39 Nov.
1110 1280 56 40 22;
1225 1280 82 40 aff.
1336 1280 119 40 Nov.
1482 1280 56 41 23;
1596 1280 43 39 A
1665 1278 144 43 57197;
1866 1281 61 40 H.
1956 1280 57 42 R.
2044 1280 201 49 Snyder,
454 1278 1934 111 Guilford,
608 1339 148 42 Conn.
827 1337 255 51 (33-5849)

386 1446 436 55 Southeastern
853 1448 291 62 reporter.

519 1521 1886 71 … Temporary South eastern digest of volumes 156-165
390 1601 184 57 South
617 1607 223 49 eastern
881 1606 278 65 reporter,
1200 1602 141 54 with
1383 1602 154 53 table
1579 1602 64 53 of
1682 1620 151 36 cases
1875 1601 279 72 digested,
2192 1603 77 68 by
2308 1603 101 54 the

391 1679 2010 73 editorial staff of the American digest system … [North
388 1761 273 57 Carolina
690 1762 104 66 ed.]
878 1760 83 56 St.
989 1763 167 67 Paul,
1182 1764 162 54 West
1369 1760 342 71 publishing
1736 1782 98 48 co.,
1864 1764 151 51 1933.

455 1838 86 40 635
568 1848 45 38 p.
671 1836 118 42 24cm.

391 1903 53 53 ©
476 1909 111 41 Jan.
618 1909 69 45 14,
720 1906 141 42 1933:
895 1907 66 40 2c.
996 1907 112 41 Feb.
1141 1907 81 47 13;
1256 1905 81 42 aff.
1372 1907 113 40 Feb.
1518 1907 82 48 15;
1635 1908 41 39 A
1706 1906 173 50 59532;
1914 1909 137 40 West
2083 1908 109 49 pub.
2226 1919 68 31 co.

387 2066 189 54 South
603 2072 242 48 western
869 2072 276 63 reporter.
1224 2067 221 56 Second
1470 2068 185 55 series.
1733 2069 172 56 Cases
1932 2073 215 69 argued

2174 2073 114 52 and
458 2071 1924 128 determined
794 2147 61 51 in
907 2147 97 53 the
1060 2145 278 71 Supreme
1390 2153 191 51 courts
1633 2150 64 52 of
1747 2149 317 71 Arkansas,
2115 2151 293 68 Missouri,

458 2226 331 68 Tennessee,
826 2227 113 52 and
976 2229 215 66 Texas;
1232 2228 209 55 Courts
1477 2228 64 54 of
1577 2231 236 67 appeals
1847 2231 65 53 of
1947 2231 310 70 Kentucky
2294 2232 113 53 and

458 2303 303 69 Missouri;
807 2306 210 55 Courts
1058 2306 65 53 of
1164 2306 136 54 civil
1343 2309 113 53 and
1499 2308 264 54 criminal
1806 2312 235 67 appeals
2082 2310 114 54 and

459 2311 1925 127 Commission
730 2384 65 54 of
827 2387 235 67 appeals
1097 2387 64 52 of
1195 2389 204 66 Texas,
1432 2387 142 54 with
1607 2388 109 70 key
1748 2390 240 53 number
2023 2391 383 55 annotations.

500 2508 9 10 v.
542 2467 64 51 53
647 2465 128 68 (2d)
814 2465 690 71 November-December,
1536 2471 151 51 1932.
1765 2468 84 57 St.
1880 2471 168 68 Paul,

2075 2473 163 55 West
458 2470 1925 142 publishing
706 2564 98 48 co.,
835 2547 151 51 1933.

459 2618 116 48 xvii,
604 2618 116 41 1206
747 2630 42 37 p.
846 2618 118 41 26cm.

391 2685 53 53 ©
476 2690 110 39 Jan.
617 2689 72 47 25,
720 2688 114 42 1983;
895 2689 68 41 2c.
995 2689 112 41 Feb.
1140 2690 54 40 13;
1257 2688 84 43 aff.
1372 2690 113 41 Feb.
1517 2694 56 39 15;
1634 2694 41 39 A
1707 2694 145 42 59517;
1913 2696 138 41 West
2081 2695 110 50 pub.
2224 2706 68 30 co.

389 2794 301 65 Steeman,
721 2792 301 57 Stanislas
1050 2793 223 56 André.

524 2865 1884 76 … The night of the 12th-13th, by Stanislas- André Steeman
453 2949 1420 71 … Philadelphia, J. B. Lippincott company [c1933]
460 3024 89 42 306
580 3035 42 39 p.
685 3024 146 42 19½cm.

462 3087 66 40 At
555 3089 127 40 head
711 3087 53 42 of
795 3088 109 40 title:
963 3089 297 40 Translated
1288 3088 129 41 from
1449 3088 82 41 the
1561 3088 189 41 French
1779 3087 61 48 by
1871 3087 256 41 Elisabeth
2159 3088 193 41 Abbott.

393 3156 52 53 ©
477 3160 112 41 Feb.
619 3161 40 45 7,
690 3160 141 48 1933;
864 3160 67 41 2c.
963 3162 97 39 and
1091 3160 83 41 aff.
1205 3162 122 39 Mar.
1359 3162 83 46 11;
1475 3160 43 40 A
1547 3160 170 47 60536;
1752 3160 44 42 J.
1828 3161 53 39 B.
1913 3160 283 49 Lippincott
2226 3171 53 31 co

470 3216 254 50 (33-5933)

392 3321 271 65 Stevens,
694 3319 257 56 William
983 3321 256 66 Gordon,
1272 3328 171 50 1898-

463 3395 54 53 A
568 3396 352 71 worm’s-eye
967 3398 145 55 view
1161 3400 65 54 of
1272 3400 274 68 business,
1593 3401 77 67 by
1715 3400 265 56 William
2029 3401 70 56 G.
2150 3401 256 56 Stevens.

392 3473 235 68 Boston,
658 3476 240 54 Meador
928 3477 339 70 publishing
1297 3497 300 50 company,
1630 3482 150 50 1933.

467 3548 85 42 148
586 3561 43 38 p.
691 3548 117 43 21cm.

398 3616 52 52 ©
480 3621 111 39 Feb.
621 3622 39 46 8,
691 3621 140 47 1933;
863 3622 68 39 2c.
962 3622 111 39 Feb.
1102 3622 83 47 10;
1217 3623 82 39 aff.
1330 3624 111 39 Feb.
1471 3623 83 46 27;
1587 3624 40 38 A
1658 3623 169 41 60394:
1862 3625 211 39 Edward
2106 3625 59 39 K.
2198 3625 213 46 Meador,

466 3678 198 40 Boston.
737 3677 252 50 (33-5914)

391 3778 283 70 Sullivan,
705 3784 175 64 Mary
910 3782 172 57 Saint
1111 3784 266 67 Francis,
1409 3786 184 68 sister,
1659 3787 138 52 1893-

521 3852 1884 68 Étienne Du Tronchet: auteur forézien du XVI e siècle. Étude
391 3939 2016 74 biographique et littéraire … Par Sister Mary Saint Francis
