<alto xmlns="http://www.loc.gov/standards/alto/ns-v3#" xmlns:xsi="http://www.w3.org/2001/XMLSchema-instance" xsi:schemaLocation="http://www.loc.gov/standards/alto/ns-v3# http://www.loc.gov/alto/v3/alto-3-0.xsd"><Description>
<MeasurementUnit>pixel</MeasurementUnit>
<sourceImageInformation>
<fileName>1933_v1_Part1.pdf</fileName>
</sourceImageInformation>
<OCRProcessing ID="IdOcr">
<ocrProcessingStep>
<processingDateTime>2019-01-03</processingDateTime>
<processingSoftware>
<softwareCreator>ABBYY</softwareCreator>
<softwareName>ABBYY Recognition Server</softwareName>
<softwareVersion>4.0</softwareVersion>
</processingSoftware>
</ocrProcessingStep>
</OCRProcessing>
</Description>
<Styles>
<ParagraphStyle ALIGN="Left" FIRSTLINE="0." ID="StyleId-FFFFFFFF-FFFF-FFFF-FFFF-FFFFFFFFFFFF-" LEFT="0." RIGHT="0." />
<ParagraphStyle ALIGN="Left" FIRSTLINE="0." ID="StyleId-6EF5737A-DCEB-4126-A0CF-C5930BF7166A-" LEFT="0." LINESPACE="8.300000191" RIGHT="0." />
<ParagraphStyle ALIGN="Left" FIRSTLINE="0." ID="StyleId-2DE44258-FD0B-41E1-B542-087C989B01A3-" LEFT="0." LINESPACE="12.19999981" RIGHT="0." />
<ParagraphStyle ALIGN="Left" FIRSTLINE="-14." ID="StyleId-CE3D254A-29D7-4DD7-B5F1-E0FC0EF29B05-" LEFT="0." LINESPACE="8.619999886" RIGHT="0." />
<ParagraphStyle ALIGN="Left" FIRSTLINE="-14." ID="StyleId-C0E3A137-CE4F-4287-8A90-B599106709D0-" LEFT="0." LINESPACE="12.19999981" RIGHT="0." />
<ParagraphStyle ALIGN="Left" FIRSTLINE="-14." ID="StyleId-50F26F0C-05DA-4C19-BA58-7A6AC4499BEE-" LEFT="0." LINESPACE="11.06999969" RIGHT="0." />
<ParagraphStyle ALIGN="Center" FIRSTLINE="0." ID="StyleId-5DDE65AF-512C-41E2-9B8E-095D6D99EF68-" LEFT="0." LINESPACE="11.89999962" RIGHT="0." />
<ParagraphStyle ALIGN="Left" FIRSTLINE="0." ID="StyleId-0A81D7A5-6A62-4C52-915E-7768974C704D-" LEFT="0." LINESPACE="9.399999619" RIGHT="0." />
<ParagraphStyle ALIGN="Block" FIRSTLINE="-13." ID="StyleId-F7A0127F-6B48-4157-BB81-FE33E1E1A05B-" LEFT="0." LINESPACE="10.63000011" RIGHT="0." />
<ParagraphStyle ALIGN="Left" FIRSTLINE="0." ID="StyleId-E18C69F7-DBD7-48B1-805C-FCD96D0DA019-" LEFT="0." LINESPACE="11.64000034" RIGHT="0." />
<ParagraphStyle ALIGN="Left" FIRSTLINE="-14." ID="StyleId-98F15501-B611-4E83-8BB3-807E891F11F5-" LEFT="0." LINESPACE="12.19999981" RIGHT="0." />
<ParagraphStyle ALIGN="Left" FIRSTLINE="0." ID="StyleId-F4A78626-0BBC-4D12-94D9-A1AE75A9855F-" LEFT="0." LINESPACE="9.399999619" RIGHT="0." />
<ParagraphStyle ALIGN="Left" FIRSTLINE="0." ID="StyleId-6A3F6F4C-D21B-4ADE-902F-7683F18ECEF3-" LEFT="0." LINESPACE="11.10000038" RIGHT="0." />
</Styles>
<Layout>
<Page HEIGHT="4405" ID="Page737" PHYSICAL_IMG_NR="737" WIDTH="2484">
<TopMargin HEIGHT="392" HPOS="0" VPOS="0" WIDTH="2484">
</TopMargin>
<LeftMargin HEIGHT="3617" HPOS="0" VPOS="392" WIDTH="90">
</LeftMargin>
<RightMargin HEIGHT="3617" HPOS="2126" VPOS="392" WIDTH="358">
</RightMargin>
<BottomMargin HEIGHT="396" HPOS="0" VPOS="4009" WIDTH="2484">
<TextBlock HEIGHT="97" HPOS="993" ID="Page737_Block1" LANG="en-US" STYLEREFS="StyleId-07AFDA1D-D923-4BA3-8227-8FD94FE629D4-" VPOS="4041" WIDTH="254">
<TextLine HEIGHT="53" HPOS="1049" VPOS="4054" WIDTH="102">
<String CONTENT="737" HEIGHT="53" HPOS="1049" VPOS="4054" WIDTH="102" />
</TextLine>
</TextBlock>
<GraphicalElement HEIGHT="141" HPOS="0" ID="Page737_Block2" VPOS="4009" WIDTH="4" />
<GraphicalElement HEIGHT="108" HPOS="0" ID="Page737_Block3" VPOS="4186" WIDTH="4" />
</BottomMargin>
<PrintSpace HEIGHT="3617" HPOS="90" VPOS="392" WIDTH="2036">
<TextBlock CS="1" HEIGHT="3617" HPOS="90" ID="Page737_Block4" STYLEREFS="StyleId-E6A536A2-F3A2-4534-B6A3-E59EDD709C93-" VPOS="392" WIDTH="2036">
<TextLine HEIGHT="64" HPOS="101" LANG="en-US" STYLEREFS="StyleId-0CDAD12D-B1D5-46E3-A0AF-821F4D868F16-" VPOS="403" WIDTH="610">
<String CONTENT="League" HEIGHT="63" HPOS="101" VPOS="404" WIDTH="235" />
<SP HEIGHT="36" HPOS="337" VPOS="420" WIDTH="26" />
<String CONTENT="of" HEIGHT="53" HPOS="364" VPOS="403" WIDTH="64" />
<SP HEIGHT="52" HPOS="429" VPOS="403" WIDTH="26" />
<String CONTENT="nations." HEIGHT="53" HPOS="456" VPOS="403" WIDTH="255" />
</TextLine>
<TextLine CS="1" HEIGHT="70" HPOS="175" LANG="en-US" STYLEREFS="StyleId-0391BB3D-349E-4EE3-A69B-61FBCCCA991E-" VPOS="476" WIDTH="1160">
<String CONTENT="The" HEIGHT="53" HPOS="175" VPOS="480" WIDTH="120" />
<SP HEIGHT="49" HPOS="296" VPOS="497" WIDTH="22" />
<String CONTENT="program" HEIGHT="50" HPOS="319" VPOS="496" WIDTH="266" />
<SP HEIGHT="51" HPOS="586" VPOS="477" WIDTH="28" />
<String CONTENT="for" HEIGHT="51" HPOS="615" VPOS="477" WIDTH="92" />
<SP HEIGHT="46" HPOS="708" VPOS="483" WIDTH="22" />
<String CONTENT="the" HEIGHT="51" HPOS="731" VPOS="478" WIDTH="94" />
<SP HEIGHT="33" HPOS="826" VPOS="496" WIDTH="22" />
<String CONTENT="world" HEIGHT="53" HPOS="849" VPOS="476" WIDTH="177" />
<SP HEIGHT="51" HPOS="1027" VPOS="476" WIDTH="25" />
<String CONTENT="economic" HEIGHT="51" HPOS="1053" VPOS="476" WIDTH="282" />
</TextLine>
<TextLine HEIGHT="68" HPOS="1361" LANG="en-US" STYLEREFS="StyleId-0391BB3D-349E-4EE3-A69B-61FBCCCA991E-" VPOS="471" WIDTH="743">
<String CONTENT="conference;" HEIGHT="66" HPOS="1361" VPOS="473" WIDTH="355" />
<SP HEIGHT="61" HPOS="1717" VPOS="478" WIDTH="27" />
<String CONTENT="the" HEIGHT="54" HPOS="1745" VPOS="473" WIDTH="94" />
<SP HEIGHT="34" HPOS="1840" VPOS="493" WIDTH="23" />
<String CONTENT="experts&#8217;" HEIGHT="68" HPOS="1864" VPOS="471" WIDTH="240" />
</TextLine>
<TextLine HEIGHT="75" HPOS="107" LANG="en-US" STYLEREFS="StyleId-0391BB3D-349E-4EE3-A69B-61FBCCCA991E-" VPOS="549" WIDTH="1997">
<String CONTENT="agenda" HEIGHT="67" HPOS="107" VPOS="557" WIDTH="217" />
<SP HEIGHT="34" HPOS="325" VPOS="575" WIDTH="21" />
<String CONTENT="and" HEIGHT="54" HPOS="347" VPOS="555" WIDTH="111" />
<SP HEIGHT="52" HPOS="459" VPOS="555" WIDTH="21" />
<String CONTENT="other" HEIGHT="53" HPOS="481" VPOS="555" WIDTH="161" />
<SP HEIGHT="54" HPOS="643" VPOS="554" WIDTH="22" />
<String CONTENT="documents," HEIGHT="66" HPOS="666" VPOS="554" WIDTH="342" />
<SP HEIGHT="48" HPOS="1009" VPOS="572" WIDTH="22" />
<String CONTENT="with" HEIGHT="52" HPOS="1032" VPOS="554" WIDTH="141" />
<SP HEIGHT="50" HPOS="1174" VPOS="554" WIDTH="24" />
<String CONTENT="an" HEIGHT="33" HPOS="1199" VPOS="571" WIDTH="71" />
<SP HEIGHT="50" HPOS="1271" VPOS="554" WIDTH="21" />
<String CONTENT="introduction" HEIGHT="56" HPOS="1293" VPOS="549" WIDTH="387" />
<SP HEIGHT="51" HPOS="1681" VPOS="551" WIDTH="23" />
<String CONTENT="by" HEIGHT="67" HPOS="1705" VPOS="551" WIDTH="73" />
<SP HEIGHT="68" HPOS="1779" VPOS="550" WIDTH="20" />
<String CONTENT="James" HEIGHT="53" HPOS="1800" VPOS="550" WIDTH="193" />
<SP HEIGHT="54" HPOS="1994" VPOS="549" WIDTH="21" />
<String CONTENT="W." HEIGHT="54" HPOS="2016" VPOS="549" WIDTH="88" />
</TextLine>
<TextLine CS="1" HEIGHT="73" HPOS="106" LANG="en-US" STYLEREFS="StyleId-0391BB3D-349E-4EE3-A69B-61FBCCCA991E-" VPOS="628" WIDTH="1593">
<String CONTENT="Angell" HEIGHT="69" HPOS="106" VPOS="632" WIDTH="206" />
<SP HEIGHT="54" HPOS="313" VPOS="632" WIDTH="33" />
<String CONTENT="&#8230;" CS="1" />
<SP HEIGHT="54" HPOS="403" VPOS="632" WIDTH="67" />
<String CONTENT="Boston," HEIGHT="66" HPOS="471" VPOS="632" WIDTH="232" />
<SP HEIGHT="68" HPOS="704" VPOS="630" WIDTH="27" />
<String CONTENT="World" HEIGHT="53" HPOS="732" VPOS="630" WIDTH="201" />
<SP HEIGHT="65" HPOS="934" VPOS="632" WIDTH="26" />
<String CONTENT="peace" HEIGHT="49" HPOS="961" VPOS="648" WIDTH="167" />
<SP HEIGHT="55" HPOS="1129" VPOS="629" WIDTH="28" />
<String CONTENT="foundation," HEIGHT="67" HPOS="1158" VPOS="628" WIDTH="359" />
<SP HEIGHT="63" HPOS="1518" VPOS="632" WIDTH="31" />
<String CONTENT="1933." HEIGHT="52" HPOS="1550" VPOS="631" WIDTH="149" />
</TextLine>
<TextLine CS="1" HEIGHT="51" HPOS="174" LANG="en-US" VPOS="700" WIDTH="1870">
<String CONTENT="5" HEIGHT="39" HPOS="174" VPOS="704" WIDTH="27" />
<SP />
<String CONTENT="p." CS="1" />
<SP />
<String CONTENT="l.," CS="1" />
<SP HEIGHT="48" HPOS="340" VPOS="703" WIDTH="23" />
<String CONTENT="93" HEIGHT="40" HPOS="364" VPOS="703" WIDTH="54" />
<SP />
<String CONTENT="p.," CS="1" />
<SP />
<String CONTENT="1" CS="1" />
<SP />
<String CONTENT="l.," CS="1" HEIGHT="15" HPOS="615" VPOS="734" WIDTH="8" />
<SP HEIGHT="35" HPOS="624" VPOS="714" WIDTH="25" />
<String CONTENT="v" HEIGHT="27" HPOS="650" VPOS="714" WIDTH="28" />
<SP HEIGHT="37" HPOS="679" VPOS="713" WIDTH="25" />
<String CONTENT="p." HEIGHT="37" HPOS="705" VPOS="713" WIDTH="42" />
<SP HEIGHT="41" HPOS="748" VPOS="703" WIDTH="52" />
<String CONTENT="20&#189;" CS="1" HEIGHT="40" HPOS="801" VPOS="702" WIDTH="56" />
<String CONTENT="cm" HEIGHT="21" HPOS="889" STYLE="superscript" VPOS="704" WIDTH="43" />
<String CONTENT="." HEIGHT="8" HPOS="938" VPOS="734" WIDTH="7" />
<SP HEIGHT="30" HPOS="946" VPOS="721" WIDTH="58" />
<String CONTENT="[World" HEIGHT="49" HPOS="1005" VPOS="702" WIDTH="181" />
<SP HEIGHT="48" HPOS="1187" VPOS="702" WIDTH="25" />
<String CONTENT="peace" HEIGHT="38" HPOS="1213" VPOS="712" WIDTH="145" />
<SP HEIGHT="39" HPOS="1359" VPOS="702" WIDTH="24" />
<String CONTENT="foundation" HEIGHT="41" HPOS="1384" VPOS="700" WIDTH="293" />
<SP HEIGHT="38" HPOS="1678" VPOS="712" WIDTH="26" />
<String CONTENT="publications]" HEIGHT="50" HPOS="1705" VPOS="700" WIDTH="339" />
</TextLine>
<TextLine CS="1" HEIGHT="51" HPOS="175" LANG="en-US" VPOS="756" WIDTH="1928">
<String CONTENT="&#8220;Draft" HEIGHT="40" HPOS="175" VPOS="760" WIDTH="179" />
<SP HEIGHT="37" HPOS="355" VPOS="763" WIDTH="31" />
<String CONTENT="annotated" HEIGHT="39" HPOS="387" VPOS="760" WIDTH="265" />
<SP HEIGHT="39" HPOS="653" VPOS="760" WIDTH="33" />
<String CONTENT="agenda" HEIGHT="47" HPOS="687" VPOS="760" WIDTH="185" />
<SP HEIGHT="29" HPOS="873" VPOS="770" WIDTH="35" />
<String CONTENT="of" HEIGHT="40" HPOS="909" VPOS="759" WIDTH="50" />
<SP HEIGHT="40" HPOS="960" VPOS="759" WIDTH="32" />
<String CONTENT="the" HEIGHT="39" HPOS="993" VPOS="760" WIDTH="81" />
<SP HEIGHT="38" HPOS="1075" VPOS="760" WIDTH="34" />
<String CONTENT="Monetary" HEIGHT="46" HPOS="1110" VPOS="760" WIDTH="253" />
<SP HEIGHT="37" HPOS="1364" VPOS="769" WIDTH="35" />
<String CONTENT="and" HEIGHT="38" HPOS="1400" VPOS="759" WIDTH="95" />
<SP HEIGHT="38" HPOS="1496" VPOS="759" WIDTH="32" />
<String CONTENT="economic" HEIGHT="41" HPOS="1529" VPOS="757" WIDTH="241" />
<SP HEIGHT="29" HPOS="1771" VPOS="768" WIDTH="34" />
<String CONTENT="conference," HEIGHT="49" HPOS="1806" VPOS="756" WIDTH="297" />
</TextLine>
<TextLine CS="1" HEIGHT="51" HPOS="104" LANG="en-US" VPOS="813" WIDTH="1948">
<String CONTENT="submitted" HEIGHT="41" HPOS="104" VPOS="817" WIDTH="260" />
<SP HEIGHT="39" HPOS="365" VPOS="817" WIDTH="26" />
<String CONTENT="by" HEIGHT="47" HPOS="392" VPOS="817" WIDTH="61" />
<SP HEIGHT="45" HPOS="454" VPOS="819" WIDTH="22" />
<String CONTENT="the" HEIGHT="39" HPOS="477" VPOS="817" WIDTH="83" />
<SP HEIGHT="39" HPOS="561" VPOS="816" WIDTH="20" />
<String CONTENT="Preparatory" HEIGHT="47" HPOS="582" VPOS="816" WIDTH="326" />
<SP HEIGHT="36" HPOS="909" VPOS="826" WIDTH="21" />
<String CONTENT="commission" HEIGHT="41" HPOS="931" VPOS="814" WIDTH="307" />
<SP HEIGHT="29" HPOS="1239" VPOS="826" WIDTH="24" />
<String CONTENT="of" HEIGHT="40" HPOS="1264" VPOS="815" WIDTH="50" />
<SP HEIGHT="39" HPOS="1315" VPOS="815" WIDTH="21" />
<String CONTENT="experts," HEIGHT="45" HPOS="1337" VPOS="816" WIDTH="208" />
<SP HEIGHT="47" HPOS="1546" VPOS="814" WIDTH="25" />
<String CONTENT="January" HEIGHT="48" HPOS="1572" VPOS="814" WIDTH="221" />
<SP HEIGHT="48" HPOS="1794" VPOS="814" WIDTH="22" />
<String CONTENT="19," HEIGHT="48" HPOS="1817" VPOS="813" WIDTH="69" />
<SP HEIGHT="46" HPOS="1887" VPOS="815" WIDTH="23" />
<String CONTENT="1933" HEIGHT="40" HPOS="1911" VPOS="814" WIDTH="113" />
<SP HEIGHT="40" HPOS="2025" VPOS="814" WIDTH="27" />
<String CONTENT="&#8230;" CS="1" />
</TextLine>
<TextLine CS="1" HEIGHT="50" HPOS="108" LANG="en-US" VPOS="873" WIDTH="1634">
<String CONTENT="from" HEIGHT="41" HPOS="108" VPOS="874" WIDTH="127" />
<SP HEIGHT="39" HPOS="236" VPOS="876" WIDTH="30" />
<String CONTENT="document" HEIGHT="40" HPOS="267" VPOS="876" WIDTH="256" />
<SP HEIGHT="42" HPOS="524" VPOS="874" WIDTH="29" />
<String CONTENT="C." HEIGHT="41" HPOS="554" VPOS="874" WIDTH="48" />
<SP HEIGHT="39" HPOS="603" VPOS="876" WIDTH="31" />
<String CONTENT="48." HEIGHT="41" HPOS="635" VPOS="875" WIDTH="69" />
<SP HEIGHT="41" HPOS="705" VPOS="875" WIDTH="32" />
<String CONTENT="M." HEIGHT="41" HPOS="738" VPOS="875" WIDTH="61" />
<SP HEIGHT="39" HPOS="800" VPOS="877" WIDTH="34" />
<String CONTENT="18." HEIGHT="40" HPOS="835" VPOS="875" WIDTH="67" />
<SP HEIGHT="39" HPOS="903" VPOS="876" WIDTH="32" />
<String CONTENT="1933." HEIGHT="42" HPOS="936" VPOS="873" WIDTH="127" />
<SP HEIGHT="30" HPOS="1064" VPOS="885" WIDTH="30" />
<String CONTENT="II." CS="1" HEIGHT="8" HPOS="1140" VPOS="907" WIDTH="8" />
<SP HEIGHT="41" HPOS="1149" VPOS="874" WIDTH="32" />
<String CONTENT="Spec." HEIGHT="49" HPOS="1182" VPOS="874" WIDTH="131" />
<SP HEIGHT="39" HPOS="1314" VPOS="875" WIDTH="30" />
<String CONTENT="1.&#8221;:" CS="1" HEIGHT="40" HPOS="1345" VPOS="874" WIDTH="68" />
<SP HEIGHT="37" HPOS="1442" VPOS="885" WIDTH="30" />
<String CONTENT="p." HEIGHT="37" HPOS="1473" VPOS="885" WIDTH="44" />
<SP HEIGHT="30" HPOS="1518" VPOS="893" WIDTH="33" />
<String CONTENT="[17]-78." HEIGHT="50" HPOS="1552" VPOS="873" WIDTH="190" />
</TextLine>
<TextLine CS="1" HEIGHT="51" HPOS="109" LANG="en-US" VPOS="932" WIDTH="1397">
<String CONTENT="&#169;" HEIGHT="51" HPOS="109" VPOS="932" WIDTH="51" />
<SP HEIGHT="51" HPOS="161" VPOS="932" WIDTH="24" />
<String CONTENT="Apr." HEIGHT="46" HPOS="186" VPOS="936" WIDTH="110" />
<SP HEIGHT="38" HPOS="297" VPOS="936" WIDTH="27" />
<String CONTENT="14," HEIGHT="44" HPOS="325" VPOS="936" WIDTH="67" />
<SP HEIGHT="45" HPOS="393" VPOS="935" WIDTH="27" />
<String CONTENT="1933;" HEIGHT="45" HPOS="421" VPOS="934" WIDTH="139" />
<SP HEIGHT="45" HPOS="561" VPOS="934" WIDTH="27" />
<String CONTENT="2c." HEIGHT="39" HPOS="589" VPOS="934" WIDTH="67" />
<SP HEIGHT="39" HPOS="657" VPOS="934" WIDTH="26" />
<String CONTENT="May" HEIGHT="46" HPOS="684" VPOS="934" WIDTH="113" />
<SP HEIGHT="47" HPOS="798" VPOS="933" WIDTH="25" />
<String CONTENT="8;" HEIGHT="47" HPOS="824" VPOS="933" WIDTH="51" />
<SP />
<String CONTENT="aff." CS="1" />
<SP HEIGHT="39" HPOS="988" VPOS="933" WIDTH="26" />
<String CONTENT="Apr." HEIGHT="46" HPOS="1015" VPOS="933" WIDTH="114" />
<SP HEIGHT="40" HPOS="1130" VPOS="933" WIDTH="27" />
<String CONTENT="28;" HEIGHT="46" HPOS="1158" VPOS="932" WIDTH="82" />
<SP HEIGHT="46" HPOS="1241" VPOS="932" WIDTH="27" />
<String CONTENT="A" HEIGHT="38" HPOS="1269" VPOS="932" WIDTH="40" />
<SP HEIGHT="39" HPOS="1310" VPOS="932" WIDTH="25" />
<String CONTENT="61672;" HEIGHT="45" HPOS="1336" VPOS="932" WIDTH="170" />
</TextLine>
<TextLine CS="1" HEIGHT="109" HPOS="174" LANG="en-US" VPOS="930" WIDTH="1915">
<String CONTENT="World" HEIGHT="41" HPOS="1537" VPOS="931" WIDTH="167" />
<SP HEIGHT="48" HPOS="1705" VPOS="931" WIDTH="26" />
<String CONTENT="peace" HEIGHT="38" HPOS="1732" VPOS="941" WIDTH="144" />
<SP HEIGHT="40" HPOS="1877" VPOS="930" WIDTH="26" />
<String CONTENT="foundation." HEIGHT="101" HPOS="174" VPOS="930" WIDTH="1915" />
<SP HEIGHT="48" HPOS="289" VPOS="991" WIDTH="71" />
<String CONTENT="(33-12542)" HEIGHT="49" HPOS="361" VPOS="990" WIDTH="279" />
</TextLine>
<TextLine HEIGHT="64" HPOS="103" LANG="en-US" STYLEREFS="StyleId-0CDAD12D-B1D5-46E3-A0AF-821F4D868F16-" VPOS="1095" WIDTH="495">
<String CONTENT="Lee," HEIGHT="64" HPOS="103" VPOS="1095" WIDTH="131" />
<SP HEIGHT="63" HPOS="235" VPOS="1096" WIDTH="29" />
<String CONTENT="Lawrence." HEIGHT="55" HPOS="265" VPOS="1096" WIDTH="333" />
</TextLine>
<TextLine CS="1" HEIGHT="149" HPOS="107" LANG="en-US" STYLEREFS="StyleId-0391BB3D-349E-4EE3-A69B-61FBCCCA991E-" VPOS="1167" WIDTH="1975">
<String CONTENT="Summer" HEIGHT="57" HPOS="181" VPOS="1169" WIDTH="260" />
<SP HEIGHT="50" HPOS="442" VPOS="1189" WIDTH="32" />
<String CONTENT="goes" HEIGHT="50" HPOS="475" VPOS="1189" WIDTH="131" />
<SP HEIGHT="33" HPOS="607" VPOS="1190" WIDTH="34" />
<String CONTENT="on," HEIGHT="49" HPOS="642" VPOS="1189" WIDTH="89" />
<SP HEIGHT="67" HPOS="732" VPOS="1171" WIDTH="34" />
<String CONTENT="by" HEIGHT="68" HPOS="767" VPOS="1171" WIDTH="75" />
<SP HEIGHT="68" HPOS="843" VPOS="1171" WIDTH="35" />
<String CONTENT="Lawrence" HEIGHT="51" HPOS="879" VPOS="1171" WIDTH="304" />
<SP HEIGHT="51" HPOS="1184" VPOS="1171" WIDTH="34" />
<String CONTENT="Lee." HEIGHT="51" HPOS="1219" VPOS="1171" WIDTH="126" />
<SP HEIGHT="53" HPOS="1346" VPOS="1169" WIDTH="72" />
<String CONTENT="New" HEIGHT="53" HPOS="1419" VPOS="1169" WIDTH="138" />
<SP HEIGHT="52" HPOS="1558" VPOS="1169" WIDTH="36" />
<String CONTENT="York," HEIGHT="68" HPOS="1595" VPOS="1168" WIDTH="181" />
<SP HEIGHT="69" HPOS="1777" VPOS="1167" WIDTH="36" />
<String CONTENT="C." HEIGHT="56" HPOS="1814" VPOS="1167" WIDTH="62" />
<SP HEIGHT="57" HPOS="1877" VPOS="1167" WIDTH="41" />
<String CONTENT="Scribner&#8217;s" HEIGHT="135" HPOS="107" VPOS="1167" WIDTH="1975" />
<SP HEIGHT="34" HPOS="253" VPOS="1268" WIDTH="25" />
<String CONTENT="sons," HEIGHT="49" HPOS="279" VPOS="1267" WIDTH="147" />
<SP HEIGHT="64" HPOS="427" VPOS="1252" WIDTH="27" />
<String CONTENT="1933." HEIGHT="49" HPOS="455" VPOS="1251" WIDTH="150" />
</TextLine>
<TextLine CS="1" HEIGHT="49" HPOS="177" LANG="en-US" VPOS="1320" WIDTH="583">
<String CONTENT="6" HEIGHT="39" HPOS="177" VPOS="1322" WIDTH="25" />
<SP />
<String CONTENT="p." CS="1" />
<SP />
<String CONTENT="l.," CS="1" />
<SP HEIGHT="48" HPOS="342" VPOS="1321" WIDTH="26" />
<String CONTENT="3-64" HEIGHT="40" HPOS="369" VPOS="1321" WIDTH="116" />
<SP HEIGHT="47" HPOS="486" VPOS="1321" WIDTH="21" />
<String CONTENT="p." HEIGHT="37" HPOS="508" VPOS="1331" WIDTH="43" />
<SP HEIGHT="39" HPOS="552" VPOS="1321" WIDTH="63" />
<String CONTENT="20&#189;" CS="1" HEIGHT="40" HPOS="616" VPOS="1320" WIDTH="54" />
<String CONTENT="cm" HEIGHT="21" HPOS="704" STYLE="superscript" VPOS="1323" WIDTH="44" />
<String CONTENT="." HEIGHT="7" HPOS="752" VPOS="1353" WIDTH="8" />
</TextLine>
<TextLine HEIGHT="42" HPOS="178" LANG="en-US" VPOS="1378" WIDTH="184">
<String CONTENT="Poems." HEIGHT="42" HPOS="178" VPOS="1378" WIDTH="184" />
</TextLine>
<TextLine HEIGHT="52" HPOS="110" LANG="en-US" VPOS="1433" WIDTH="2000">
<String CONTENT="&#169;" HEIGHT="52" HPOS="110" VPOS="1433" WIDTH="51" />
<SP HEIGHT="52" HPOS="162" VPOS="1433" WIDTH="32" />
<String CONTENT="Apr." HEIGHT="49" HPOS="195" VPOS="1436" WIDTH="113" />
<SP HEIGHT="42" HPOS="309" VPOS="1436" WIDTH="33" />
<String CONTENT="28," HEIGHT="49" HPOS="343" VPOS="1436" WIDTH="68" />
<SP HEIGHT="48" HPOS="412" VPOS="1437" WIDTH="33" />
<String CONTENT="1933;" HEIGHT="48" HPOS="446" VPOS="1435" WIDTH="140" />
<SP HEIGHT="47" HPOS="587" VPOS="1436" WIDTH="35" />
<String CONTENT="2c." HEIGHT="40" HPOS="623" VPOS="1436" WIDTH="67" />
<SP HEIGHT="39" HPOS="691" VPOS="1437" WIDTH="34" />
<String CONTENT="May" HEIGHT="47" HPOS="726" VPOS="1437" WIDTH="114" />
<SP HEIGHT="47" HPOS="841" VPOS="1437" WIDTH="31" />
<String CONTENT="3;" HEIGHT="46" HPOS="873" VPOS="1437" WIDTH="52" />
<SP HEIGHT="36" HPOS="926" VPOS="1447" WIDTH="35" />
<String CONTENT="aff." HEIGHT="41" HPOS="962" VPOS="1435" WIDTH="82" />
<SP HEIGHT="39" HPOS="1045" VPOS="1436" WIDTH="35" />
<String CONTENT="May" HEIGHT="47" HPOS="1081" VPOS="1436" WIDTH="114" />
<SP HEIGHT="47" HPOS="1196" VPOS="1436" WIDTH="31" />
<String CONTENT="2;" HEIGHT="47" HPOS="1228" VPOS="1436" WIDTH="53" />
<SP HEIGHT="47" HPOS="1282" VPOS="1436" WIDTH="36" />
<String CONTENT="A" HEIGHT="39" HPOS="1319" VPOS="1436" WIDTH="40" />
<SP HEIGHT="40" HPOS="1360" VPOS="1435" WIDTH="34" />
<String CONTENT="62591;" HEIGHT="48" HPOS="1395" VPOS="1435" WIDTH="169" />
<SP HEIGHT="48" HPOS="1565" VPOS="1435" WIDTH="37" />
<String CONTENT="Charles" HEIGHT="42" HPOS="1603" VPOS="1435" WIDTH="203" />
<SP HEIGHT="42" HPOS="1807" VPOS="1435" WIDTH="37" />
<String CONTENT="Scribner&#8217;s" HEIGHT="44" HPOS="1845" VPOS="1433" WIDTH="265" />
</TextLine>
<TextLine HEIGHT="48" HPOS="177" LANG="en-US" VPOS="1494" WIDTH="475">
<String CONTENT="sons." HEIGHT="30" HPOS="177" VPOS="1504" WIDTH="124" />
<SP HEIGHT="48" HPOS="302" VPOS="1494" WIDTH="70" />
<String CONTENT="(33-12761)" HEIGHT="48" HPOS="373" VPOS="1494" WIDTH="279" />
</TextLine>
<TextLine HEIGHT="66" HPOS="104" LANG="en-US" STYLEREFS="StyleId-0CDAD12D-B1D5-46E3-A0AF-821F4D868F16-" VPOS="1597" WIDTH="452">
<String CONTENT="Lertes," HEIGHT="66" HPOS="104" VPOS="1597" WIDTH="227" />
<SP HEIGHT="64" HPOS="332" VPOS="1599" WIDTH="29" />
<String CONTENT="Peter." HEIGHT="54" HPOS="362" VPOS="1599" WIDTH="194" />
</TextLine>
<TextLine HEIGHT="69" HPOS="176" STYLEREFS="StyleId-0391BB3D-349E-4EE3-A69B-61FBCCCA991E-" VPOS="1674" WIDTH="1939">
<String CONTENT="Der" HEIGHT="52" HPOS="176" LANG="de" VPOS="1676" WIDTH="117" />
<SP HEIGHT="33" HPOS="294" VPOS="1694" WIDTH="22" />
<String CONTENT="radio-amateur;" HEIGHT="68" HPOS="317" LANG="en-US" VPOS="1674" WIDTH="474" />
<SP HEIGHT="48" HPOS="792" VPOS="1694" WIDTH="25" />
<String CONTENT="eine" HEIGHT="53" HPOS="818" LANG="de" VPOS="1675" WIDTH="121" />
<SP HEIGHT="51" HPOS="940" VPOS="1692" WIDTH="21" />
<String CONTENT="gemeinverst&#228;ndliche" HEIGHT="69" HPOS="962" LANG="de" VPOS="1674" WIDTH="647" />
<SP HEIGHT="53" HPOS="1610" VPOS="1676" WIDTH="21" />
<String CONTENT="darstellung" HEIGHT="68" HPOS="1632" LANG="en-US" VPOS="1675" WIDTH="358" />
<SP HEIGHT="68" HPOS="1991" VPOS="1675" WIDTH="22" />
<String CONTENT="der" HEIGHT="53" HPOS="2014" LANG="de" VPOS="1675" WIDTH="101" />
</TextLine>
<TextLine CS="1" HEIGHT="69" HPOS="107" STYLEREFS="StyleId-0391BB3D-349E-4EE3-A69B-61FBCCCA991E-" VPOS="1753" WIDTH="1835">
<String CONTENT="grundlagen" HEIGHT="67" HPOS="107" LANG="en-US" VPOS="1754" WIDTH="360" />
<SP HEIGHT="52" HPOS="468" VPOS="1754" WIDTH="21" />
<String CONTENT="der" HEIGHT="52" HPOS="490" LANG="de" VPOS="1754" WIDTH="99" />
<SP HEIGHT="51" HPOS="590" VPOS="1755" WIDTH="21" />
<String CONTENT="drahtlosen" HEIGHT="53" HPOS="612" LANG="de" VPOS="1754" WIDTH="330" />
<SP HEIGHT="47" HPOS="943" VPOS="1759" WIDTH="22" />
<String CONTENT="telegraphie," HEIGHT="69" HPOS="966" LANG="en-US" VPOS="1753" WIDTH="372" />
<SP HEIGHT="62" HPOS="1339" VPOS="1760" WIDTH="22" />
<String CONTENT="telephonie" HEIGHT="68" HPOS="1362" LANG="en-US" VPOS="1754" WIDTH="321" />
<SP HEIGHT="34" HPOS="1684" VPOS="1773" WIDTH="20" />
<String CONTENT="und" HEIGHT="53" HPOS="1705" LANG="de" VPOS="1754" WIDTH="118" />
<SP HEIGHT="53" HPOS="1824" VPOS="1754" WIDTH="21" />
<String CONTENT="des" HEIGHT="53" HPOS="1846" LANG="de" VPOS="1755" WIDTH="96" />
</TextLine>
<TextLine CS="1" HEIGHT="225" HPOS="107" LANG="de" STYLEREFS="StyleId-0391BB3D-349E-4EE3-A69B-61FBCCCA991E-" VPOS="1752" WIDTH="1983">
<String CONTENT="elektrischen" HEIGHT="132" HPOS="107" VPOS="1752" WIDTH="1983" />
<SP HEIGHT="53" HPOS="356" VPOS="1831" WIDTH="31" />
<String CONTENT="fernsehens," HEIGHT="66" HPOS="388" VPOS="1831" WIDTH="347" />
<SP HEIGHT="45" HPOS="736" VPOS="1852" WIDTH="27" />
<String CONTENT="von" HEIGHT="34" HPOS="764" VPOS="1851" WIDTH="112" />
<SP HEIGHT="52" HPOS="877" VPOS="1833" WIDTH="27" />
<String CONTENT="dr." HEIGHT="52" HPOS="905" LANG="en-US" VPOS="1833" WIDTH="85" />
<SP HEIGHT="52" HPOS="991" VPOS="1833" WIDTH="28" />
<String CONTENT="P." HEIGHT="52" HPOS="1020" VPOS="1833" WIDTH="66" />
<SP HEIGHT="53" HPOS="1087" VPOS="1832" WIDTH="28" />
<String CONTENT="Lertes" HEIGHT="54" HPOS="1116" VPOS="1832" WIDTH="196" />
<SP HEIGHT="34" HPOS="1313" VPOS="1851" WIDTH="34" />
<String CONTENT="&#8230;" CS="1" />
<SP />
<String CONTENT="4.," HEIGHT="63" HPOS="1482" VPOS="1836" WIDTH="68" />
<SP HEIGHT="48" HPOS="1551" VPOS="1851" WIDTH="27" />
<String CONTENT="vollkommen" HEIGHT="53" HPOS="1579" VPOS="1832" WIDTH="383" />
<SP HEIGHT="35" HPOS="1963" VPOS="1850" WIDTH="28" />
<String CONTENT="umgearb." HEIGHT="127" HPOS="107" VPOS="1850" WIDTH="1981" />
</TextLine>
<TextLine HEIGHT="68" HPOS="324" LANG="de" STYLEREFS="StyleId-0391BB3D-349E-4EE3-A69B-61FBCCCA991E-" VPOS="1910" WIDTH="1790">
<String CONTENT="und" HEIGHT="52" HPOS="324" VPOS="1911" WIDTH="117" />
<SP HEIGHT="53" HPOS="442" VPOS="1910" WIDTH="24" />
<String CONTENT="bedeutend" HEIGHT="55" HPOS="467" VPOS="1910" WIDTH="316" />
<SP HEIGHT="52" HPOS="784" VPOS="1912" WIDTH="27" />
<String CONTENT="erweiterte" HEIGHT="52" HPOS="812" VPOS="1911" WIDTH="314" />
<SP HEIGHT="33" HPOS="1127" VPOS="1930" WIDTH="28" />
<String CONTENT="aufl." HEIGHT="53" HPOS="1156" VPOS="1910" WIDTH="129" />
<SP HEIGHT="48" HPOS="1286" VPOS="1915" WIDTH="76" />
<String CONTENT="11.-13." HEIGHT="51" HPOS="1363" VPOS="1913" WIDTH="203" />
<SP HEIGHT="48" HPOS="1567" VPOS="1916" WIDTH="25" />
<String CONTENT="tausend," HEIGHT="67" HPOS="1593" VPOS="1911" WIDTH="260" />
<SP HEIGHT="49" HPOS="1854" VPOS="1929" WIDTH="23" />
<String CONTENT="mit" HEIGHT="53" HPOS="1878" VPOS="1910" WIDTH="108" />
<SP HEIGHT="50" HPOS="1987" VPOS="1913" WIDTH="24" />
<String CONTENT="290" HEIGHT="50" HPOS="2012" VPOS="1913" WIDTH="102" />
</TextLine>
<TextLine HEIGHT="72" HPOS="109" LANG="de" STYLEREFS="StyleId-0391BB3D-349E-4EE3-A69B-61FBCCCA991E-" VPOS="1987" WIDTH="1816">
<String CONTENT="abbildungen." HEIGHT="70" HPOS="109" VPOS="1987" WIDTH="401" />
<SP HEIGHT="52" HPOS="511" VPOS="1990" WIDTH="74" />
<String CONTENT="Dresden" HEIGHT="53" HPOS="586" VPOS="1990" WIDTH="259" />
<SP HEIGHT="34" HPOS="846" VPOS="2008" WIDTH="24" />
<String CONTENT="und" HEIGHT="54" HPOS="871" VPOS="1990" WIDTH="117" />
<SP HEIGHT="55" HPOS="989" VPOS="1989" WIDTH="28" />
<String CONTENT="Leipzig," HEIGHT="69" HPOS="1018" VPOS="1989" WIDTH="259" />
<SP HEIGHT="66" HPOS="1278" VPOS="1990" WIDTH="24" />
<String CONTENT="T." HEIGHT="52" HPOS="1303" VPOS="1990" WIDTH="65" />
<SP HEIGHT="58" HPOS="1369" VPOS="1988" WIDTH="29" />
<String CONTENT="Steinkopff," HEIGHT="71" HPOS="1399" VPOS="1988" WIDTH="345" />
<SP HEIGHT="65" HPOS="1745" VPOS="1993" WIDTH="28" />
<String CONTENT="1931." HEIGHT="50" HPOS="1774" VPOS="1993" WIDTH="151" />
</TextLine>
<TextLine HEIGHT="50" HPOS="176" STYLEREFS="StyleId-0391BB3D-349E-4EE3-A69B-61FBCCCA991E-" VPOS="2062" WIDTH="1170">
<String CONTENT="viii," HEIGHT="47" HPOS="176" LANG="de" VPOS="2062" WIDTH="100" />
<SP HEIGHT="45" HPOS="277" VPOS="2064" WIDTH="25" />
<String CONTENT="285" HEIGHT="41" HPOS="303" LANG="de" VPOS="2063" WIDTH="86" />
<SP HEIGHT="49" HPOS="390" VPOS="2063" WIDTH="22" />
<String CONTENT="p." HEIGHT="37" HPOS="413" LANG="de" VPOS="2075" WIDTH="42" />
<SP HEIGHT="38" HPOS="456" VPOS="2065" WIDTH="27" />
<String CONTENT="inch" HEIGHT="39" HPOS="484" LANG="en-US" VPOS="2065" WIDTH="108" />
<SP HEIGHT="40" HPOS="593" VPOS="2063" WIDTH="27" />
<String CONTENT="illus.," HEIGHT="47" HPOS="621" LANG="de" VPOS="2063" WIDTH="143" />
<SP HEIGHT="43" HPOS="765" VPOS="2067" WIDTH="27" />
<String CONTENT="tables," HEIGHT="47" HPOS="793" LANG="en-US" VPOS="2064" WIDTH="170" />
<SP HEIGHT="46" HPOS="964" VPOS="2065" WIDTH="24" />
<String CONTENT="diagrs." HEIGHT="49" HPOS="989" LANG="de" VPOS="2063" WIDTH="179" />
<SP HEIGHT="41" HPOS="1169" VPOS="2063" WIDTH="60" />
<String CONTENT="23" HEIGHT="41" HPOS="1230" LANG="de" VPOS="2063" WIDTH="56" />
<String CONTENT="cm" HEIGHT="22" HPOS="1289" LANG="de" STYLE="superscript" VPOS="2066" WIDTH="44" />
<String CONTENT="." HEIGHT="8" HPOS="1338" LANG="de" VPOS="2097" WIDTH="8" />
</TextLine>
<TextLine HEIGHT="50" HPOS="177" LANG="de" VPOS="2118" WIDTH="791">
<String CONTENT="&#8220;Funk-literatur&#8221;:" HEIGHT="43" HPOS="177" VPOS="2118" WIDTH="475" />
<SP HEIGHT="37" HPOS="653" VPOS="2131" WIDTH="33" />
<String CONTENT="p." HEIGHT="37" HPOS="687" VPOS="2131" WIDTH="42" />
<SP HEIGHT="40" HPOS="730" VPOS="2121" WIDTH="20" />
<String CONTENT="280-281." HEIGHT="41" HPOS="751" VPOS="2120" WIDTH="217" />
</TextLine>
<TextLine CS="1" HEIGHT="52" HPOS="113" LANG="de" VPOS="2173" WIDTH="1914">
<String CONTENT="&#169;" HEIGHT="51" HPOS="113" VPOS="2173" WIDTH="51" />
<SP HEIGHT="51" HPOS="165" VPOS="2173" WIDTH="30" />
<String CONTENT="Jan." HEIGHT="39" HPOS="196" VPOS="2177" WIDTH="108" />
<SP HEIGHT="38" HPOS="305" VPOS="2178" WIDTH="30" />
<String CONTENT="1," HEIGHT="46" HPOS="336" VPOS="2178" WIDTH="39" />
<SP HEIGHT="46" HPOS="376" VPOS="2178" WIDTH="30" />
<String CONTENT="1931:" HEIGHT="41" HPOS="407" VPOS="2177" WIDTH="139" />
<SP />
<String CONTENT="1c." CS="1" />
<SP HEIGHT="38" HPOS="646" VPOS="2178" WIDTH="33" />
<String CONTENT="Feb." HEIGHT="39" HPOS="680" VPOS="2178" WIDTH="108" />
<SP HEIGHT="38" HPOS="789" VPOS="2178" WIDTH="31" />
<String CONTENT="26:" HEIGHT="41" HPOS="821" VPOS="2178" WIDTH="81" />
<SP HEIGHT="41" HPOS="903" VPOS="2178" WIDTH="33" />
<String CONTENT="A" HEIGHT="38" HPOS="937" LANG="en-US" VPOS="2178" WIDTH="40" />
<String CONTENT="-Foreign" HEIGHT="47" HPOS="979" VPOS="2178" WIDTH="269" />
<SP HEIGHT="38" HPOS="1249" VPOS="2179" WIDTH="30" />
<String CONTENT="20174;" HEIGHT="46" HPOS="1280" VPOS="2178" WIDTH="170" />
<SP HEIGHT="46" HPOS="1451" VPOS="2178" WIDTH="33" />
<String CONTENT="Theodor" HEIGHT="40" HPOS="1485" VPOS="2178" WIDTH="225" />
<SP HEIGHT="40" HPOS="1711" VPOS="2178" WIDTH="30" />
<String CONTENT="Steinkopff." HEIGHT="48" HPOS="1742" VPOS="2175" WIDTH="285" />
</TextLine>
<TextLine HEIGHT="49" HPOS="190" LANG="de" VPOS="2233" WIDTH="279">
<String CONTENT="(33-12596)" HEIGHT="49" HPOS="190" VPOS="2233" WIDTH="279" />
</TextLine>
<TextLine HEIGHT="68" HPOS="106" LANG="de" STYLEREFS="StyleId-0CDAD12D-B1D5-46E3-A0AF-821F4D868F16-" VPOS="2335" WIDTH="682">
<String CONTENT="Lothar," HEIGHT="67" HPOS="106" VPOS="2335" WIDTH="243" />
<SP HEIGHT="64" HPOS="350" VPOS="2338" WIDTH="30" />
<String CONTENT="Ernst," HEIGHT="65" HPOS="381" VPOS="2338" WIDTH="203" />
<SP HEIGHT="59" HPOS="585" VPOS="2344" WIDTH="31" />
<String CONTENT="1890-" HEIGHT="49" HPOS="617" VPOS="2343" WIDTH="171" />
</TextLine>
<TextLine CS="1" HEIGHT="69" HPOS="240" LANG="de" STYLEREFS="StyleId-0391BB3D-349E-4EE3-A69B-61FBCCCA991E-" VPOS="2415" WIDTH="1798">
<String CONTENT="&#8230;" CS="1" />
<SP HEIGHT="51" HPOS="240" VPOS="2415" WIDTH="30" />
<String CONTENT="Kinder," HEIGHT="67" HPOS="271" VPOS="2415" WIDTH="242" />
<SP HEIGHT="48" HPOS="514" VPOS="2434" WIDTH="25" />
<String CONTENT="erste" HEIGHT="47" HPOS="540" VPOS="2422" WIDTH="144" />
<SP HEIGHT="34" HPOS="685" VPOS="2435" WIDTH="23" />
<String CONTENT="erlebnisse." HEIGHT="54" HPOS="709" VPOS="2415" WIDTH="318" />
<SP HEIGHT="51" HPOS="1028" VPOS="2417" WIDTH="74" />
<String CONTENT="Berlin" HEIGHT="53" HPOS="1103" VPOS="2416" WIDTH="202" />
<SP HEIGHT="47" HPOS="1306" VPOS="2436" WIDTH="28" />
<String CONTENT="[etc.]" CS="1" HEIGHT="61" HPOS="1353" VPOS="2422" WIDTH="120" />
<SP HEIGHT="67" HPOS="1474" VPOS="2416" WIDTH="28" />
<String CONTENT="P." HEIGHT="52" HPOS="1503" VPOS="2416" WIDTH="65" />
<SP HEIGHT="51" HPOS="1569" VPOS="2417" WIDTH="27" />
<String CONTENT="Zsolnay," HEIGHT="67" HPOS="1597" VPOS="2417" WIDTH="262" />
<SP HEIGHT="65" HPOS="1860" VPOS="2419" WIDTH="26" />
<String CONTENT="1932." HEIGHT="49" HPOS="1887" VPOS="2419" WIDTH="151" />
</TextLine>
<TextLine CS="1" HEIGHT="49" HPOS="176" LANG="de" VPOS="2488" WIDTH="533">
<String CONTENT="185," HEIGHT="48" HPOS="176" VPOS="2488" WIDTH="99" />
<SP HEIGHT="30" HPOS="276" VPOS="2507" WIDTH="22" />
<String CONTENT="[1]" HEIGHT="48" HPOS="299" VPOS="2489" WIDTH="55" />
<SP HEIGHT="38" HPOS="355" VPOS="2499" WIDTH="22" />
<String CONTENT="p.," HEIGHT="37" HPOS="378" VPOS="2499" WIDTH="58" />
<SP HEIGHT="48" HPOS="437" VPOS="2488" WIDTH="20" />
<String CONTENT="1" HEIGHT="39" HPOS="458" VPOS="2488" WIDTH="25" />
<SP />
<String CONTENT="l" CS="1" LANG="en-US" />
<String CONTENT="." HEIGHT="9" HPOS="526" VPOS="2521" WIDTH="8" />
<SP HEIGHT="41" HPOS="535" VPOS="2489" WIDTH="58" />
<String CONTENT="19" HEIGHT="41" HPOS="594" VPOS="2489" WIDTH="58" />
<String CONTENT="cm" HEIGHT="21" HPOS="653" STYLE="superscript" VPOS="2492" WIDTH="44" />
<String CONTENT="." HEIGHT="8" HPOS="701" VPOS="2522" WIDTH="8" />
</TextLine>
<TextLine HEIGHT="42" HPOS="179" LANG="de" VPOS="2545" WIDTH="1933">
<String CONTENT="&#8220;4.-6." HEIGHT="41" HPOS="179" VPOS="2545" WIDTH="141" />
<SP HEIGHT="38" HPOS="321" VPOS="2547" WIDTH="39" />
<String CONTENT="tausend" HEIGHT="40" HPOS="361" VPOS="2546" WIDTH="206" />
<SP HEIGHT="40" HPOS="568" VPOS="2546" WIDTH="39" />
<String CONTENT="des" HEIGHT="39" HPOS="608" VPOS="2547" WIDTH="82" />
<SP HEIGHT="29" HPOS="691" VPOS="2557" WIDTH="37" />
<String CONTENT="neu" HEIGHT="29" HPOS="729" VPOS="2557" WIDTH="93" />
<SP HEIGHT="39" HPOS="823" VPOS="2547" WIDTH="37" />
<String CONTENT="bearbeiteten" HEIGHT="41" HPOS="861" VPOS="2545" WIDTH="332" />
<SP HEIGHT="29" HPOS="1194" VPOS="2557" WIDTH="39" />
<String CONTENT="und" HEIGHT="39" HPOS="1234" VPOS="2547" WIDTH="98" />
<SP HEIGHT="39" HPOS="1333" VPOS="2547" WIDTH="40" />
<String CONTENT="vermehrten" HEIGHT="39" HPOS="1374" VPOS="2547" WIDTH="308" />
<SP HEIGHT="39" HPOS="1683" VPOS="2547" WIDTH="37" />
<String CONTENT="buches" HEIGHT="39" HPOS="1721" VPOS="2547" WIDTH="179" />
<SP HEIGHT="41" HPOS="1901" VPOS="2546" WIDTH="42" />
<String CONTENT="Gottes" HEIGHT="41" HPOS="1944" VPOS="2546" WIDTH="168" />
</TextLine>
<TextLine HEIGHT="46" HPOS="106" LANG="de" VPOS="2602" WIDTH="213">
<String CONTENT="garten.&#8221;" HEIGHT="46" HPOS="106" VPOS="2602" WIDTH="213" />
</TextLine>
<TextLine CS="1" HEIGHT="52" HPOS="114" LANG="de" VPOS="2656" WIDTH="1999">
<String CONTENT="&#169;" HEIGHT="51" HPOS="114" VPOS="2656" WIDTH="51" />
<SP HEIGHT="51" HPOS="166" VPOS="2656" WIDTH="38" />
<String CONTENT="Oct." HEIGHT="40" HPOS="205" VPOS="2660" WIDTH="100" />
<SP HEIGHT="40" HPOS="306" VPOS="2660" WIDTH="36" />
<String CONTENT="10," HEIGHT="46" HPOS="343" VPOS="2660" WIDTH="70" />
<SP HEIGHT="45" HPOS="414" VPOS="2661" WIDTH="36" />
<String CONTENT="1932;" HEIGHT="46" HPOS="451" VPOS="2660" WIDTH="139" />
<SP />
<String CONTENT="1c." CS="1" />
<SP HEIGHT="39" HPOS="697" VPOS="2661" WIDTH="40" />
<String CONTENT="Feb." HEIGHT="38" HPOS="738" VPOS="2661" WIDTH="108" />
<SP HEIGHT="38" HPOS="847" VPOS="2661" WIDTH="39" />
<String CONTENT="23," HEIGHT="47" HPOS="887" VPOS="2661" WIDTH="68" />
<SP HEIGHT="46" HPOS="956" VPOS="2662" WIDTH="38" />
<String CONTENT="1933;" CS="1" HEIGHT="40" HPOS="995" VPOS="2661" WIDTH="114" />
<SP HEIGHT="46" HPOS="1137" VPOS="2661" WIDTH="40" />
<String CONTENT="A" HEIGHT="38" HPOS="1178" LANG="en-US" VPOS="2661" WIDTH="41" />
<String CONTENT="-Foreign" HEIGHT="48" HPOS="1220" VPOS="2660" WIDTH="269" />
<SP HEIGHT="38" HPOS="1490" VPOS="2661" WIDTH="36" />
<String CONTENT="20064;" HEIGHT="47" HPOS="1527" VPOS="2661" WIDTH="171" />
<SP HEIGHT="46" HPOS="1699" VPOS="2662" WIDTH="42" />
<String CONTENT="Paul" HEIGHT="39" HPOS="1742" VPOS="2662" WIDTH="123" />
<SP HEIGHT="38" HPOS="1866" VPOS="2662" WIDTH="39" />
<String CONTENT="Zsolnay" HEIGHT="46" HPOS="1906" VPOS="2662" WIDTH="207" />
</TextLine>
<TextLine CS="1" HEIGHT="48" HPOS="181" LANG="de" VPOS="2717" WIDTH="664">
<String CONTENT="verlag," HEIGHT="47" HPOS="181" VPOS="2717" WIDTH="177" />
<SP HEIGHT="35" HPOS="359" VPOS="2728" WIDTH="29" />
<String CONTENT="a.-g." HEIGHT="37" HPOS="389" VPOS="2727" WIDTH="105" />
<SP />
<String CONTENT="(33-12547)" HEIGHT="48" HPOS="565" VPOS="2717" WIDTH="280" />
</TextLine>
<TextLine HEIGHT="68" HPOS="107" STYLEREFS="StyleId-0CDAD12D-B1D5-46E3-A0AF-821F4D868F16-" VPOS="2818" WIDTH="1248">
<String CONTENT="Low," HEIGHT="65" HPOS="107" LANG="de" VPOS="2818" WIDTH="154" />
<SP HEIGHT="63" HPOS="262" VPOS="2820" WIDTH="29" />
<String CONTENT="Benjamin" HEIGHT="63" HPOS="292" LANG="de" VPOS="2820" WIDTH="315" />
<SP HEIGHT="51" HPOS="608" VPOS="2823" WIDTH="29" />
<String CONTENT="Robbins" HEIGHT="53" HPOS="638" LANG="en-US" VPOS="2821" WIDTH="262" />
<SP HEIGHT="53" HPOS="901" VPOS="2823" WIDTH="29" />
<String CONTENT="Curtis," HEIGHT="64" HPOS="931" LANG="en-US" VPOS="2822" WIDTH="220" />
<SP HEIGHT="59" HPOS="1152" VPOS="2827" WIDTH="31" />
<String CONTENT="1880-" HEIGHT="49" HPOS="1184" LANG="de" VPOS="2827" WIDTH="171" />
</TextLine>
<TextLine HEIGHT="70" HPOS="183" LANG="de" STYLEREFS="StyleId-0391BB3D-349E-4EE3-A69B-61FBCCCA991E-" VPOS="2897" WIDTH="1927">
<String CONTENT="Brooklyn" HEIGHT="68" HPOS="183" VPOS="2897" WIDTH="296" />
<SP HEIGHT="53" HPOS="480" VPOS="2897" WIDTH="21" />
<String CONTENT="bridge," HEIGHT="69" HPOS="502" LANG="en-US" VPOS="2897" WIDTH="218" />
<SP HEIGHT="67" HPOS="721" VPOS="2898" WIDTH="23" />
<String CONTENT="by" HEIGHT="69" HPOS="745" LANG="en-US" VPOS="2898" WIDTH="76" />
<SP HEIGHT="68" HPOS="822" VPOS="2899" WIDTH="24" />
<String CONTENT="Benjamin" HEIGHT="68" HPOS="847" VPOS="2898" WIDTH="307" />
<SP HEIGHT="52" HPOS="1155" VPOS="2899" WIDTH="25" />
<String CONTENT="R." HEIGHT="52" HPOS="1181" VPOS="2899" WIDTH="69" />
<SP HEIGHT="55" HPOS="1251" VPOS="2898" WIDTH="24" />
<String CONTENT="C." HEIGHT="55" HPOS="1276" VPOS="2898" WIDTH="63" />
<SP HEIGHT="52" HPOS="1340" VPOS="2899" WIDTH="24" />
<String CONTENT="Low." HEIGHT="54" HPOS="1365" VPOS="2899" WIDTH="153" />
<SP HEIGHT="55" HPOS="1519" VPOS="2898" WIDTH="61" />
<String CONTENT="New" HEIGHT="53" HPOS="1581" VPOS="2898" WIDTH="139" />
<SP HEIGHT="52" HPOS="1721" VPOS="2899" WIDTH="26" />
<String CONTENT="York," HEIGHT="69" HPOS="1748" VPOS="2898" WIDTH="181" />
<SP HEIGHT="64" HPOS="1930" VPOS="2903" WIDTH="28" />
<String CONTENT="1933." HEIGHT="49" HPOS="1959" VPOS="2902" WIDTH="151" />
</TextLine>
<TextLine HEIGHT="50" HPOS="191" LANG="de" VPOS="2969" WIDTH="364">
<String CONTENT="[16]" HEIGHT="50" HPOS="191" VPOS="2969" WIDTH="82" />
<SP HEIGHT="39" HPOS="274" VPOS="2980" WIDTH="32" />
<String CONTENT="p." HEIGHT="37" HPOS="307" VPOS="2980" WIDTH="43" />
<SP HEIGHT="40" HPOS="351" VPOS="2969" WIDTH="58" />
<String CONTENT="23&#189;" HEIGHT="49" HPOS="410" VPOS="2969" WIDTH="84" />
<String CONTENT="cm" HEIGHT="21" HPOS="499" STYLE="superscript" VPOS="2972" WIDTH="42" />
<String CONTENT="." HEIGHT="8" HPOS="548" VPOS="3003" WIDTH="7" />
</TextLine>
<TextLine HEIGHT="51" HPOS="185" LANG="en-US" VPOS="3024" WIDTH="1384">
<String CONTENT="&#8220;One" HEIGHT="43" HPOS="185" VPOS="3024" WIDTH="129" />
<SP HEIGHT="39" HPOS="315" VPOS="3028" WIDTH="23" />
<String CONTENT="hundred" HEIGHT="39" HPOS="339" VPOS="3028" WIDTH="219" />
<SP HEIGHT="39" HPOS="559" VPOS="3028" WIDTH="23" />
<String CONTENT="copies" HEIGHT="47" HPOS="583" VPOS="3027" WIDTH="158" />
<SP HEIGHT="37" HPOS="742" VPOS="3037" WIDTH="21" />
<String CONTENT="printed" HEIGHT="47" HPOS="764" VPOS="3027" WIDTH="194" />
<SP HEIGHT="39" HPOS="959" VPOS="3029" WIDTH="25" />
<String CONTENT="at" HEIGHT="38" HPOS="985" VPOS="3030" WIDTH="52" />
<SP HEIGHT="38" HPOS="1038" VPOS="3030" WIDTH="22" />
<String CONTENT="the" HEIGHT="41" HPOS="1061" VPOS="3029" WIDTH="84" />
<SP HEIGHT="42" HPOS="1146" VPOS="3028" WIDTH="21" />
<String CONTENT="Harbor" HEIGHT="39" HPOS="1168" VPOS="3028" WIDTH="196" />
<SP HEIGHT="37" HPOS="1365" VPOS="3038" WIDTH="23" />
<String CONTENT="press.&#8221;" HEIGHT="48" HPOS="1389" VPOS="3027" WIDTH="180" />
</TextLine>
<TextLine CS="1" HEIGHT="98" HPOS="117" LANG="en-US" VPOS="3082" WIDTH="1980">
<String CONTENT="Verse" HEIGHT="41" HPOS="185" VPOS="3082" WIDTH="149" />
<SP HEIGHT="29" HPOS="335" VPOS="3094" WIDTH="29" />
<String CONTENT="addressed" HEIGHT="40" HPOS="365" VPOS="3084" WIDTH="263" />
<SP HEIGHT="40" HPOS="629" VPOS="3084" WIDTH="30" />
<String CONTENT="to" HEIGHT="38" HPOS="660" VPOS="3086" WIDTH="49" />
<SP HEIGHT="38" HPOS="710" VPOS="3086" WIDTH="31" />
<String CONTENT="the" HEIGHT="40" HPOS="742" VPOS="3085" WIDTH="82" />
<SP HEIGHT="41" HPOS="825" VPOS="3084" WIDTH="30" />
<String CONTENT="late" HEIGHT="41" HPOS="856" VPOS="3084" WIDTH="98" />
<SP HEIGHT="40" HPOS="955" VPOS="3085" WIDTH="28" />
<String CONTENT="Thomas" HEIGHT="40" HPOS="984" VPOS="3085" WIDTH="213" />
<SP HEIGHT="40" HPOS="1198" VPOS="3085" WIDTH="31" />
<String CONTENT="Walsh," HEIGHT="49" HPOS="1230" VPOS="3084" WIDTH="181" />
<SP HEIGHT="39" HPOS="1412" VPOS="3094" WIDTH="34" />
<String CONTENT="scholar," HEIGHT="47" HPOS="1447" VPOS="3084" WIDTH="204" />
<SP HEIGHT="38" HPOS="1652" VPOS="3094" WIDTH="30" />
<String CONTENT="poet" HEIGHT="46" HPOS="1683" VPOS="3086" WIDTH="111" />
<SP HEIGHT="39" HPOS="1795" VPOS="3086" WIDTH="32" />
<String CONTENT="and" HEIGHT="39" HPOS="1828" VPOS="3086" WIDTH="95" />
<SP HEIGHT="39" HPOS="1924" VPOS="3086" WIDTH="32" />
<String CONTENT="translator" HEIGHT="92" HPOS="117" VPOS="3087" WIDTH="1980" />
<SP HEIGHT="30" HPOS="242" VPOS="3150" WIDTH="31" />
<String CONTENT="on" HEIGHT="30" HPOS="274" VPOS="3150" WIDTH="60" />
</TextLine>
<TextLine HEIGHT="50" HPOS="365" LANG="en-US" VPOS="3140" WIDTH="1750">
<String CONTENT="the" HEIGHT="39" HPOS="365" VPOS="3141" WIDTH="82" />
<SP HEIGHT="29" HPOS="448" VPOS="3151" WIDTH="30" />
<String CONTENT="occasion" HEIGHT="41" HPOS="479" VPOS="3140" WIDTH="222" />
<SP HEIGHT="29" HPOS="702" VPOS="3152" WIDTH="33" />
<String CONTENT="of" HEIGHT="40" HPOS="736" VPOS="3141" WIDTH="51" />
<SP HEIGHT="41" HPOS="788" VPOS="3141" WIDTH="30" />
<String CONTENT="the" HEIGHT="40" HPOS="819" VPOS="3142" WIDTH="83" />
<SP HEIGHT="40" HPOS="903" VPOS="3141" WIDTH="31" />
<String CONTENT="fiftieth" HEIGHT="42" HPOS="935" VPOS="3140" WIDTH="183" />
<SP HEIGHT="40" HPOS="1119" VPOS="3142" WIDTH="31" />
<String CONTENT="anniversary" HEIGHT="48" HPOS="1151" VPOS="3142" WIDTH="320" />
<SP HEIGHT="39" HPOS="1472" VPOS="3151" WIDTH="34" />
<String CONTENT="of" HEIGHT="42" HPOS="1507" VPOS="3140" WIDTH="52" />
<SP HEIGHT="42" HPOS="1560" VPOS="3140" WIDTH="31" />
<String CONTENT="the" HEIGHT="40" HPOS="1592" VPOS="3142" WIDTH="81" />
<SP HEIGHT="30" HPOS="1674" VPOS="3152" WIDTH="33" />
<String CONTENT="opening" HEIGHT="49" HPOS="1708" VPOS="3141" WIDTH="206" />
<SP HEIGHT="39" HPOS="1915" VPOS="3151" WIDTH="31" />
<String CONTENT="of" HEIGHT="40" HPOS="1947" VPOS="3142" WIDTH="53" />
<SP HEIGHT="40" HPOS="2001" VPOS="3142" WIDTH="27" />
<String CONTENT="the" HEIGHT="40" HPOS="2029" VPOS="3142" WIDTH="86" />
</TextLine>
<TextLine HEIGHT="49" HPOS="116" LANG="en-US" VPOS="3196" WIDTH="454">
<String CONTENT="Brooklyn" HEIGHT="48" HPOS="116" VPOS="3196" WIDTH="244" />
<SP HEIGHT="40" HPOS="361" VPOS="3197" WIDTH="27" />
<String CONTENT="bridge." HEIGHT="48" HPOS="389" VPOS="3197" WIDTH="181" />
</TextLine>
<TextLine CS="1" HEIGHT="54" HPOS="115" LANG="en-US" VPOS="3250" WIDTH="1996">
<String CONTENT="&#169;" HEIGHT="51" HPOS="115" VPOS="3250" WIDTH="51" />
<SP HEIGHT="51" HPOS="167" VPOS="3250" WIDTH="25" />
<String CONTENT="May" HEIGHT="47" HPOS="193" VPOS="3255" WIDTH="115" />
<SP HEIGHT="45" HPOS="309" VPOS="3257" WIDTH="20" />
<String CONTENT="11," HEIGHT="46" HPOS="330" VPOS="3256" WIDTH="68" />
<SP HEIGHT="45" HPOS="399" VPOS="3257" WIDTH="23" />
<String CONTENT="1933;" CS="1" HEIGHT="40" HPOS="423" VPOS="3256" WIDTH="113" />
<SP HEIGHT="44" HPOS="564" VPOS="3257" WIDTH="26" />
<String CONTENT="2c." HEIGHT="40" HPOS="591" VPOS="3257" WIDTH="66" />
<SP HEIGHT="29" HPOS="658" VPOS="3268" WIDTH="26" />
<String CONTENT="and" HEIGHT="37" HPOS="685" VPOS="3259" WIDTH="94" />
<SP HEIGHT="37" HPOS="780" VPOS="3259" WIDTH="24" />
<String CONTENT="aff." HEIGHT="40" HPOS="805" VPOS="3257" WIDTH="81" />
<SP HEIGHT="39" HPOS="887" VPOS="3258" WIDTH="26" />
<String CONTENT="May" HEIGHT="46" HPOS="914" VPOS="3258" WIDTH="114" />
<SP HEIGHT="46" HPOS="1029" VPOS="3258" WIDTH="23" />
<String CONTENT="12;" HEIGHT="45" HPOS="1053" VPOS="3258" WIDTH="82" />
<SP HEIGHT="45" HPOS="1136" VPOS="3258" WIDTH="26" />
<String CONTENT="A" HEIGHT="38" HPOS="1163" VPOS="3258" WIDTH="42" />
<SP HEIGHT="39" HPOS="1206" VPOS="3257" WIDTH="23" />
<String CONTENT="62624;" HEIGHT="47" HPOS="1230" VPOS="3257" WIDTH="169" />
<SP HEIGHT="45" HPOS="1400" VPOS="3259" WIDTH="29" />
<String CONTENT="B." HEIGHT="37" HPOS="1430" VPOS="3259" WIDTH="50" />
<SP HEIGHT="38" HPOS="1481" VPOS="3258" WIDTH="28" />
<String CONTENT="R." HEIGHT="39" HPOS="1510" VPOS="3258" WIDTH="54" />
<SP HEIGHT="41" HPOS="1565" VPOS="3258" WIDTH="27" />
<String CONTENT="C." HEIGHT="41" HPOS="1593" VPOS="3258" WIDTH="49" />
<SP HEIGHT="39" HPOS="1643" VPOS="3258" WIDTH="25" />
<String CONTENT="Low," HEIGHT="46" HPOS="1669" VPOS="3258" WIDTH="127" />
<SP HEIGHT="46" HPOS="1797" VPOS="3258" WIDTH="24" />
<String CONTENT="New" HEIGHT="39" HPOS="1822" VPOS="3258" WIDTH="118" />
<SP HEIGHT="39" HPOS="1941" VPOS="3258" WIDTH="23" />
<String CONTENT="York." HEIGHT="39" HPOS="1965" VPOS="3258" WIDTH="146" />
</TextLine>
<TextLine HEIGHT="48" HPOS="193" LANG="en-US" VPOS="3311" WIDTH="278">
<String CONTENT="(33-12760)" HEIGHT="48" HPOS="193" VPOS="3311" WIDTH="278" />
</TextLine>
<TextLine HEIGHT="67" HPOS="110" LANG="en-US" STYLEREFS="StyleId-0391BB3D-349E-4EE3-A69B-61FBCCCA991E-" VPOS="3414" WIDTH="1201">
<String CONTENT="MacClintock," HEIGHT="67" HPOS="110" VPOS="3414" WIDTH="419" />
<SP HEIGHT="62" HPOS="530" VPOS="3419" WIDTH="29" />
<String CONTENT="William" HEIGHT="55" HPOS="560" VPOS="3416" WIDTH="253" />
<SP HEIGHT="51" HPOS="814" VPOS="3419" WIDTH="30" />
<String CONTENT="Darnall," HEIGHT="61" HPOS="845" VPOS="3419" WIDTH="261" />
<SP HEIGHT="54" HPOS="1107" VPOS="3426" WIDTH="32" />
<String CONTENT="1858-" HEIGHT="49" HPOS="1140" VPOS="3424" WIDTH="171" />
</TextLine>
<TextLine CS="1" HEIGHT="145" HPOS="111" LANG="en-US" STYLEREFS="StyleId-0391BB3D-349E-4EE3-A69B-61FBCCCA991E-" VPOS="3491" WIDTH="1966">
<String CONTENT="Joseph" HEIGHT="69" HPOS="180" VPOS="3491" WIDTH="216" />
<SP HEIGHT="54" HPOS="397" VPOS="3493" WIDTH="34" />
<String CONTENT="Warton&#8217;s" HEIGHT="54" HPOS="432" VPOS="3494" WIDTH="287" />
<SP HEIGHT="34" HPOS="720" VPOS="3514" WIDTH="35" />
<String CONTENT="essay" HEIGHT="48" HPOS="756" VPOS="3515" WIDTH="159" />
<SP HEIGHT="48" HPOS="916" VPOS="3515" WIDTH="35" />
<String CONTENT="on" HEIGHT="33" HPOS="952" VPOS="3515" WIDTH="71" />
<SP HEIGHT="51" HPOS="1024" VPOS="3497" WIDTH="36" />
<String CONTENT="Pope;" HEIGHT="66" HPOS="1061" VPOS="3497" WIDTH="187" />
<SP HEIGHT="47" HPOS="1249" VPOS="3515" WIDTH="39" />
<String CONTENT="a" HEIGHT="33" HPOS="1289" VPOS="3516" WIDTH="31" />
<SP HEIGHT="52" HPOS="1321" VPOS="3497" WIDTH="31" />
<String CONTENT="history" HEIGHT="66" HPOS="1353" VPOS="3497" WIDTH="223" />
<SP HEIGHT="48" HPOS="1577" VPOS="3515" WIDTH="35" />
<String CONTENT="of" HEIGHT="52" HPOS="1613" VPOS="3497" WIDTH="63" />
<SP HEIGHT="52" HPOS="1677" VPOS="3497" WIDTH="32" />
<String CONTENT="the" HEIGHT="52" HPOS="1710" VPOS="3497" WIDTH="96" />
<SP HEIGHT="53" HPOS="1807" VPOS="3496" WIDTH="35" />
<String CONTENT="five" HEIGHT="53" HPOS="1843" VPOS="3496" WIDTH="108" />
<SP HEIGHT="33" HPOS="1952" VPOS="3516" WIDTH="35" />
<String CONTENT="editions," HEIGHT="139" HPOS="111" VPOS="3497" WIDTH="1966" />
</TextLine>
<TextLine CS="1" HEIGHT="70" HPOS="307" LANG="en-US" STYLEREFS="StyleId-0391BB3D-349E-4EE3-A69B-61FBCCCA991E-" VPOS="3571" WIDTH="1799">
<String CONTENT="by" HEIGHT="66" HPOS="307" VPOS="3571" WIDTH="75" />
<SP HEIGHT="66" HPOS="383" VPOS="3571" WIDTH="28" />
<String CONTENT="William" HEIGHT="54" HPOS="412" VPOS="3571" WIDTH="260" />
<SP HEIGHT="51" HPOS="673" VPOS="3573" WIDTH="31" />
<String CONTENT="Darnall" HEIGHT="52" HPOS="705" VPOS="3573" WIDTH="244" />
<SP HEIGHT="52" HPOS="950" VPOS="3573" WIDTH="31" />
<String CONTENT="MacClintock" HEIGHT="55" HPOS="982" VPOS="3573" WIDTH="403" />
<SP HEIGHT="53" HPOS="1386" VPOS="3574" WIDTH="37" />
<String CONTENT="&#8230;" CS="1" />
<SP HEIGHT="55" HPOS="1479" VPOS="3574" WIDTH="74" />
<String CONTENT="Chapel" HEIGHT="67" HPOS="1554" VPOS="3574" WIDTH="218" />
<SP HEIGHT="51" HPOS="1773" VPOS="3575" WIDTH="32" />
<String CONTENT="Hill," HEIGHT="63" HPOS="1806" VPOS="3574" WIDTH="147" />
<SP HEIGHT="62" HPOS="1954" VPOS="3575" WIDTH="30" />
<String CONTENT="The" HEIGHT="52" HPOS="1985" VPOS="3575" WIDTH="121" />
</TextLine>
<TextLine HEIGHT="73" HPOS="112" LANG="en-US" STYLEREFS="StyleId-0391BB3D-349E-4EE3-A69B-61FBCCCA991E-" VPOS="3644" WIDTH="1349">
<String CONTENT="University" HEIGHT="70" HPOS="112" VPOS="3644" WIDTH="336" />
<SP HEIGHT="48" HPOS="449" VPOS="3666" WIDTH="31" />
<String CONTENT="of" HEIGHT="52" HPOS="481" VPOS="3648" WIDTH="63" />
<SP HEIGHT="52" HPOS="545" VPOS="3648" WIDTH="28" />
<String CONTENT="North" HEIGHT="53" HPOS="574" VPOS="3649" WIDTH="188" />
<SP HEIGHT="55" HPOS="763" VPOS="3649" WIDTH="32" />
<String CONTENT="Carolina" HEIGHT="55" HPOS="796" VPOS="3649" WIDTH="272" />
<SP HEIGHT="48" HPOS="1069" VPOS="3669" WIDTH="31" />
<String CONTENT="press," HEIGHT="48" HPOS="1101" VPOS="3669" WIDTH="175" />
<SP HEIGHT="62" HPOS="1277" VPOS="3654" WIDTH="33" />
<String CONTENT="1933." HEIGHT="50" HPOS="1311" VPOS="3654" WIDTH="150" />
</TextLine>
<TextLine HEIGHT="52" HPOS="185" LANG="en-US" STYLEREFS="StyleId-0391BB3D-349E-4EE3-A69B-61FBCCCA991E-" VPOS="3718" WIDTH="988">
<String CONTENT="xii," HEIGHT="49" HPOS="185" VPOS="3718" WIDTH="83" />
<SP HEIGHT="47" HPOS="269" VPOS="3720" WIDTH="27" />
<String CONTENT="74" HEIGHT="40" HPOS="297" VPOS="3720" WIDTH="55" />
<SP HEIGHT="49" HPOS="353" VPOS="3720" WIDTH="23" />
<String CONTENT="p." HEIGHT="37" HPOS="377" VPOS="3732" WIDTH="44" />
<SP HEIGHT="39" HPOS="422" VPOS="3722" WIDTH="28" />
<String CONTENT="incl." HEIGHT="42" HPOS="451" VPOS="3721" WIDTH="109" />
<SP HEIGHT="42" HPOS="561" VPOS="3721" WIDTH="26" />
<String CONTENT="front.," HEIGHT="49" HPOS="588" VPOS="3721" WIDTH="164" />
<SP HEIGHT="49" HPOS="753" VPOS="3721" WIDTH="27" />
<String CONTENT="facsims." HEIGHT="43" HPOS="781" VPOS="3721" WIDTH="213" />
<SP HEIGHT="42" HPOS="995" VPOS="3722" WIDTH="59" />
<String CONTENT="22" HEIGHT="40" HPOS="1055" VPOS="3722" WIDTH="57" />
<String CONTENT="cm" HEIGHT="21" HPOS="1116" STYLE="superscript" VPOS="3725" WIDTH="43" />
<String CONTENT="." HEIGHT="9" HPOS="1164" VPOS="3756" WIDTH="9" />
</TextLine>
<TextLine HEIGHT="57" HPOS="186" LANG="en-US" VPOS="3774" WIDTH="1919">
<String CONTENT="&#8220;A" HEIGHT="39" HPOS="186" VPOS="3774" WIDTH="66" />
<SP HEIGHT="38" HPOS="253" VPOS="3776" WIDTH="23" />
<String CONTENT="list" HEIGHT="40" HPOS="277" VPOS="3776" WIDTH="85" />
<SP HEIGHT="38" HPOS="363" VPOS="3779" WIDTH="22" />
<String CONTENT="of" HEIGHT="40" HPOS="386" VPOS="3777" WIDTH="50" />
<SP HEIGHT="40" HPOS="437" VPOS="3777" WIDTH="24" />
<String CONTENT="Warton&#8217;s" HEIGHT="41" HPOS="462" VPOS="3779" WIDTH="243" />
<SP HEIGHT="40" HPOS="706" VPOS="3780" WIDTH="20" />
<String CONTENT="literary" HEIGHT="47" HPOS="727" VPOS="3780" WIDTH="205" />
<SP HEIGHT="35" HPOS="933" VPOS="3792" WIDTH="22" />
<String CONTENT="works&#8221;:" HEIGHT="41" HPOS="956" VPOS="3780" WIDTH="217" />
<SP HEIGHT="38" HPOS="1174" VPOS="3791" WIDTH="23" />
<String CONTENT="p." HEIGHT="37" HPOS="1198" VPOS="3792" WIDTH="43" />
<SP HEIGHT="38" HPOS="1242" VPOS="3782" WIDTH="26" />
<String CONTENT="72-74;" HEIGHT="48" HPOS="1269" VPOS="3780" WIDTH="170" />
<SP HEIGHT="46" HPOS="1440" VPOS="3782" WIDTH="27" />
<String CONTENT="&#8220;Bibliographical" HEIGHT="49" HPOS="1468" VPOS="3782" WIDTH="443" />
<SP HEIGHT="38" HPOS="1912" VPOS="3785" WIDTH="23" />
<String CONTENT="note&#8221;:" HEIGHT="41" HPOS="1936" VPOS="3784" WIDTH="169" />
</TextLine>
<TextLine HEIGHT="47" HPOS="112" LANG="en-US" VPOS="3834" WIDTH="140">
<String CONTENT="p." HEIGHT="37" HPOS="112" VPOS="3844" WIDTH="43" />
<SP HEIGHT="39" HPOS="156" VPOS="3834" WIDTH="28" />
<String CONTENT="74." HEIGHT="40" HPOS="185" VPOS="3834" WIDTH="67" />
</TextLine>
<TextLine HEIGHT="58" HPOS="116" LANG="en-US" VPOS="3887" WIDTH="1992">
<String CONTENT="&#169;" HEIGHT="52" HPOS="116" VPOS="3887" WIDTH="53" />
<SP HEIGHT="52" HPOS="170" VPOS="3887" WIDTH="36" />
<String CONTENT="May" HEIGHT="45" HPOS="207" VPOS="3893" WIDTH="115" />
<SP HEIGHT="45" HPOS="323" VPOS="3893" WIDTH="35" />
<String CONTENT="13," HEIGHT="46" HPOS="359" VPOS="3893" WIDTH="68" />
<SP HEIGHT="46" HPOS="428" VPOS="3893" WIDTH="38" />
<String CONTENT="1933;" HEIGHT="46" HPOS="467" VPOS="3892" WIDTH="139" />
<SP HEIGHT="45" HPOS="607" VPOS="3893" WIDTH="39" />
<String CONTENT="2c." HEIGHT="40" HPOS="647" VPOS="3893" WIDTH="67" />
<SP HEIGHT="38" HPOS="715" VPOS="3894" WIDTH="40" />
<String CONTENT="May" HEIGHT="46" HPOS="756" VPOS="3894" WIDTH="113" />
<SP HEIGHT="46" HPOS="870" VPOS="3894" WIDTH="38" />
<String CONTENT="19;" HEIGHT="46" HPOS="909" VPOS="3893" WIDTH="81" />
<SP HEIGHT="34" HPOS="991" VPOS="3905" WIDTH="42" />
<String CONTENT="aff." HEIGHT="40" HPOS="1034" VPOS="3893" WIDTH="82" />
<SP HEIGHT="37" HPOS="1117" VPOS="3895" WIDTH="41" />
<String CONTENT="May" HEIGHT="46" HPOS="1159" VPOS="3895" WIDTH="114" />
<SP HEIGHT="46" HPOS="1274" VPOS="3895" WIDTH="38" />
<String CONTENT="17;" HEIGHT="41" HPOS="1313" VPOS="3895" WIDTH="80" />
<SP HEIGHT="40" HPOS="1394" VPOS="3896" WIDTH="41" />
<String CONTENT="A" HEIGHT="38" HPOS="1436" VPOS="3896" WIDTH="42" />
<SP HEIGHT="39" HPOS="1479" VPOS="3896" WIDTH="39" />
<String CONTENT="62715;" HEIGHT="47" HPOS="1519" VPOS="3896" WIDTH="170" />
<SP HEIGHT="46" HPOS="1690" VPOS="3897" WIDTH="43" />
<String CONTENT="University" HEIGHT="48" HPOS="1734" VPOS="3897" WIDTH="281" />
<SP HEIGHT="37" HPOS="2016" VPOS="3908" WIDTH="40" />
<String CONTENT="of" HEIGHT="39" HPOS="2057" VPOS="3898" WIDTH="51" />
</TextLine>
<TextLine HEIGHT="50" HPOS="182" LANG="en-US" VPOS="3948" WIDTH="945">
<String CONTENT="North" HEIGHT="39" HPOS="182" VPOS="3949" WIDTH="156" />
<SP HEIGHT="41" HPOS="339" VPOS="3948" WIDTH="29" />
<String CONTENT="Carolina" HEIGHT="41" HPOS="369" VPOS="3948" WIDTH="228" />
<SP HEIGHT="37" HPOS="598" VPOS="3960" WIDTH="29" />
<String CONTENT="press." HEIGHT="37" HPOS="628" VPOS="3960" WIDTH="149" />
<SP HEIGHT="48" HPOS="778" VPOS="3950" WIDTH="69" />
<String CONTENT="(33-12923)" HEIGHT="48" HPOS="848" VPOS="3950" WIDTH="279" />
</TextLine>
</TextBlock>
</PrintSpace>
</Page>
</Layout>
</alto>