<alto xmlns="http://www.loc.gov/standards/alto/ns-v3#" xmlns:xlink="http://www.w3.org/1999/xlink" xmlns:xsi="http://www.w3.org/2001/XMLSchema-instance" xsi:schemaLocation="http://www.loc.gov/standards/alto/ns-v3# http://www.loc.gov/alto/v3/alto-3-0.xsd"><Description>
<MeasurementUnit>pixel</MeasurementUnit>
<sourceImageInformation>
<fileName>1933_v1_Part1.pdf</fileName>
</sourceImageInformation>
<OCRProcessing ID="IdOcr">
<ocrProcessingStep>
<processingDateTime>2019-01-03</processingDateTime>
<processingSoftware>
<softwareCreator>ABBYY</softwareCreator>
<softwareName>ABBYY Recognition Server</softwareName>
<softwareVersion>4.0</softwareVersion>
</processingSoftware>
</ocrProcessingStep>
</OCRProcessing>
</Description>
<Styles>
<ParagraphStyle ID="StyleId-FFFFFFFF-FFFF-FFFF-FFFF-FFFFFFFFFFFF-" ALIGN="Left" LEFT="0." RIGHT="0." FIRSTLINE="0."/>
<ParagraphStyle ID="StyleId-6EF5737A-DCEB-4126-A0CF-C5930BF7166A-" ALIGN="Left" LEFT="0." RIGHT="0." FIRSTLINE="0." LINESPACE="8.300000191"/>
<ParagraphStyle ID="StyleId-2DE44258-FD0B-41E1-B542-087C989B01A3-" ALIGN="Left" LEFT="0." RIGHT="0." FIRSTLINE="0." LINESPACE="12.19999981"/>
<ParagraphStyle ID="StyleId-CE3D254A-29D7-4DD7-B5F1-E0FC0EF29B05-" ALIGN="Left" LEFT="0." RIGHT="0." FIRSTLINE="-14." LINESPACE="8.619999886"/>
<ParagraphStyle ID="StyleId-C0E3A137-CE4F-4287-8A90-B599106709D0-" ALIGN="Left" LEFT="0." RIGHT="0." FIRSTLINE="-14." LINESPACE="12.19999981"/>
<ParagraphStyle ID="StyleId-50F26F0C-05DA-4C19-BA58-7A6AC4499BEE-" ALIGN="Left" LEFT="0." RIGHT="0." FIRSTLINE="-14." LINESPACE="11.06999969"/>
<ParagraphStyle ID="StyleId-5DDE65AF-512C-41E2-9B8E-095D6D99EF68-" ALIGN="Center" LEFT="0." RIGHT="0." FIRSTLINE="0." LINESPACE="11.89999962"/>
<ParagraphStyle ID="StyleId-0A81D7A5-6A62-4C52-915E-7768974C704D-" ALIGN="Left" LEFT="0." RIGHT="0." FIRSTLINE="0." LINESPACE="9.399999619"/>
<ParagraphStyle ID="StyleId-F7A0127F-6B48-4157-BB81-FE33E1E1A05B-" ALIGN="Block" LEFT="0." RIGHT="0." FIRSTLINE="-13." LINESPACE="10.63000011"/>
<ParagraphStyle ID="StyleId-E18C69F7-DBD7-48B1-805C-FCD96D0DA019-" ALIGN="Left" LEFT="0." RIGHT="0." FIRSTLINE="0." LINESPACE="11.64000034"/>
<ParagraphStyle ID="StyleId-98F15501-B611-4E83-8BB3-807E891F11F5-" ALIGN="Left" LEFT="0." RIGHT="0." FIRSTLINE="-14." LINESPACE="12.19999981"/>
<ParagraphStyle ID="StyleId-F4A78626-0BBC-4D12-94D9-A1AE75A9855F-" ALIGN="Left" LEFT="0." RIGHT="0." FIRSTLINE="0." LINESPACE="9.399999619"/>
<ParagraphStyle ID="StyleId-6A3F6F4C-D21B-4ADE-902F-7683F18ECEF3-" ALIGN="Left" LEFT="0." RIGHT="0." FIRSTLINE="0." LINESPACE="11.10000038"/>
</Styles>
<Layout>
<Page ID="Page1539" PHYSICAL_IMG_NR="1539" HEIGHT="4405" WIDTH="2484">
<TopMargin HEIGHT="446" WIDTH="2484" VPOS="0" HPOS="0">
</TopMargin>
<LeftMargin HEIGHT="3718" WIDTH="106" VPOS="446" HPOS="0">
</LeftMargin>
<RightMargin HEIGHT="3718" WIDTH="352" VPOS="446" HPOS="2132">
</RightMargin>
<BottomMargin HEIGHT="241" WIDTH="2484" VPOS="4164" HPOS="0">
</BottomMargin>
<PrintSpace HEIGHT="3718" WIDTH="2026" VPOS="446" HPOS="106">
<TextBlock ID="Page1539_Block1" HEIGHT="70" WIDTH="154" VPOS="4094" HPOS="1044" LANG="en-US" STYLEREFS="StyleId-9F0A62E2-D095-4881-9550-1153CF8F72D6-">
<TextLine HEIGHT="49" WIDTH="134" VPOS="4104" HPOS="1054">
<String CONTENT="1539" HEIGHT="49" WIDTH="134" VPOS="4104" HPOS="1054"/>
</TextLine>
</TextBlock>
<TextBlock ID="Page1539_Block2" HEIGHT="2256" WIDTH="2026" VPOS="446" HPOS="106" LANG="en-US" CS="1" STYLEREFS="StyleId-01E1E84C-DC6A-45C8-ADDA-4AEDC385516C-">
<TextLine HEIGHT="66" WIDTH="614" VPOS="456" HPOS="118" STYLEREFS="StyleId-883CFF41-727F-41FE-98EE-FF4D2541CC5E-">
<String CONTENT="Masciotti," HEIGHT="65" WIDTH="318" VPOS="457" HPOS="118"/>
<SP HEIGHT="64" WIDTH="28" VPOS="458" HPOS="437"/>
<String CONTENT="Rodolfo." HEIGHT="55" WIDTH="266" VPOS="456" HPOS="466"/>
</TextLine>
<TextLine HEIGHT="73" WIDTH="1865" VPOS="527" HPOS="247" STYLEREFS="StyleId-9F0A62E2-D095-4881-9550-1153CF8F72D6-" CS="1">
<String CS="1" CONTENT="&#8230;"/>
<SP HEIGHT="51" WIDTH="56" VPOS="534" HPOS="247"/>
<String CONTENT="Progetto" HEIGHT="66" WIDTH="274" VPOS="534" HPOS="304"/>
<SP HEIGHT="49" WIDTH="48" VPOS="550" HPOS="579"/>
<String CONTENT="per" HEIGHT="49" WIDTH="101" VPOS="550" HPOS="628"/>
<SP HEIGHT="50" WIDTH="48" VPOS="533" HPOS="730"/>
<String CONTENT="l&#8217;istituzione" HEIGHT="53" WIDTH="367" VPOS="530" HPOS="779"/>
<SP HEIGHT="32" WIDTH="50" VPOS="550" HPOS="1147"/>
<String CS="1" CONTENT="di" HEIGHT="51" WIDTH="16" VPOS="530" HPOS="1239"/>
<SP HEIGHT="51" WIDTH="54" VPOS="530" HPOS="1256"/>
<String CONTENT="assicurazioni" HEIGHT="53" WIDTH="400" VPOS="528" HPOS="1311"/>
<SP HEIGHT="51" WIDTH="52" VPOS="528" HPOS="1712"/>
<String CONTENT="scolastiche." HEIGHT="52" WIDTH="347" VPOS="527" HPOS="1765"/>
</TextLine>
<TextLine HEIGHT="70" WIDTH="1267" VPOS="607" HPOS="122" STYLEREFS="StyleId-9F0A62E2-D095-4881-9550-1153CF8F72D6-">
<String CONTENT="Roma," HEIGHT="66" WIDTH="192" VPOS="611" HPOS="122"/>
<SP HEIGHT="68" WIDTH="33" VPOS="609" HPOS="315"/>
<String CONTENT="Officina" HEIGHT="54" WIDTH="236" VPOS="609" HPOS="349"/>
<SP HEIGHT="49" WIDTH="30" VPOS="628" HPOS="586"/>
<String CONTENT="poligrafica" HEIGHT="70" WIDTH="334" VPOS="607" HPOS="617"/>
<SP HEIGHT="51" WIDTH="32" VPOS="610" HPOS="952"/>
<String CONTENT="laziale," HEIGHT="65" WIDTH="220" VPOS="608" HPOS="985"/>
<SP HEIGHT="61" WIDTH="31" VPOS="612" HPOS="1206"/>
<String CONTENT="1933." HEIGHT="49" WIDTH="151" VPOS="610" HPOS="1238"/>
</TextLine>
<TextLine HEIGHT="50" WIDTH="331" VPOS="682" HPOS="189" CS="1">
<String CONTENT="16" HEIGHT="40" WIDTH="54" VPOS="683" HPOS="189"/>
<SP HEIGHT="49" WIDTH="27" VPOS="683" HPOS="244"/>
<String CONTENT="p." HEIGHT="38" WIDTH="44" VPOS="694" HPOS="272"/>
<SP HEIGHT="41" WIDTH="57" VPOS="682" HPOS="317"/>
<String CS="1" CONTENT="24&#189;" HEIGHT="39" WIDTH="56" VPOS="682" HPOS="375"/>
<String STYLE="superscript" CONTENT="cm" HEIGHT="21" WIDTH="44" VPOS="684" HPOS="464"/>
<String CONTENT="." HEIGHT="8" WIDTH="8" VPOS="714" HPOS="512"/>
</TextLine>
<TextLine HEIGHT="53" WIDTH="1889" VPOS="749" HPOS="119" CS="1">
<String CONTENT="&#169;" HEIGHT="52" WIDTH="51" VPOS="750" HPOS="119"/>
<SP HEIGHT="52" WIDTH="25" VPOS="750" HPOS="171"/>
<String CONTENT="Jan." HEIGHT="38" WIDTH="108" VPOS="756" HPOS="197"/>
<SP HEIGHT="39" WIDTH="24" VPOS="755" HPOS="306"/>
<String CONTENT="23," HEIGHT="45" WIDTH="69" VPOS="755" HPOS="331"/>
<SP HEIGHT="44" WIDTH="25" VPOS="756" HPOS="401"/>
<String CONTENT="1933;" HEIGHT="45" WIDTH="139" VPOS="754" HPOS="427"/>
<SP/>
<String CS="1" CONTENT="1c."/>
<SP/>
<String CONTENT="Jan." HEIGHT="40" WIDTH="109" VPOS="753" HPOS="688"/>
<SP HEIGHT="40" WIDTH="24" VPOS="753" HPOS="798"/>
<String CONTENT="31:" HEIGHT="39" WIDTH="82" VPOS="753" HPOS="823"/>
<SP HEIGHT="40" WIDTH="28" VPOS="752" HPOS="906"/>
<!-- cceid 4A15A499-6CF9-1014-A6CF-A82867D68027 --><String CONTENT="A-Foreign" HEIGHT="45" WIDTH="310" VPOS="751" HPOS="935"/>
<SP HEIGHT="38" WIDTH="24" VPOS="752" HPOS="1246"/>
<String CONTENT="20249;" HEIGHT="47" WIDTH="170" VPOS="750" HPOS="1271"/>
<SP HEIGHT="46" WIDTH="31" VPOS="751" HPOS="1442"/>
<String CONTENT="E." HEIGHT="39" WIDTH="53" VPOS="751" HPOS="1474"/>
<SP HEIGHT="39" WIDTH="26" VPOS="751" HPOS="1528"/>
<String CONTENT="Masciotti," HEIGHT="47" WIDTH="262" VPOS="749" HPOS="1555"/>
<SP HEIGHT="46" WIDTH="28" VPOS="750" HPOS="1818"/>
<String CONTENT="Rome." HEIGHT="39" WIDTH="161" VPOS="750" HPOS="1847"/>
</TextLine>
<TextLine HEIGHT="49" WIDTH="278" VPOS="810" HPOS="196">
<String CONTENT="(33-32365)" HEIGHT="49" WIDTH="278" VPOS="810" HPOS="196"/>
</TextLine>
<TextLine HEIGHT="66" WIDTH="732" VPOS="911" HPOS="117" STYLEREFS="StyleId-883CFF41-727F-41FE-98EE-FF4D2541CC5E-">
<String CONTENT="Masefield," HEIGHT="66" WIDTH="316" VPOS="911" HPOS="117"/>
<SP HEIGHT="64" WIDTH="32" VPOS="913" HPOS="434"/>
<String CONTENT="John," HEIGHT="63" WIDTH="173" VPOS="913" HPOS="467"/>
<SP HEIGHT="60" WIDTH="37" VPOS="916" HPOS="641"/>
<String CONTENT="1878-" HEIGHT="51" WIDTH="170" VPOS="913" HPOS="679"/>
</TextLine>
<TextLine HEIGHT="72" WIDTH="1926" VPOS="984" HPOS="186" STYLEREFS="StyleId-9F0A62E2-D095-4881-9550-1153CF8F72D6-">
<String CONTENT="The" HEIGHT="52" WIDTH="120" VPOS="990" HPOS="186"/>
<SP HEIGHT="52" WIDTH="33" VPOS="989" HPOS="307"/>
<String CONTENT="bird" HEIGHT="52" WIDTH="125" VPOS="989" HPOS="341"/>
<SP HEIGHT="51" WIDTH="37" VPOS="990" HPOS="467"/>
<String CONTENT="of" HEIGHT="52" WIDTH="63" VPOS="989" HPOS="505"/>
<SP HEIGHT="52" WIDTH="33" VPOS="989" HPOS="569"/>
<String CONTENT="dawning;" HEIGHT="66" WIDTH="298" VPOS="990" HPOS="603"/>
<SP HEIGHT="45" WIDTH="37" VPOS="1005" HPOS="902"/>
<String CONTENT="or," HEIGHT="47" WIDTH="80" VPOS="1005" HPOS="940"/>
<SP HEIGHT="63" WIDTH="33" VPOS="989" HPOS="1021"/>
<String CONTENT="The" HEIGHT="52" WIDTH="121" VPOS="988" HPOS="1055"/>
<SP HEIGHT="53" WIDTH="36" VPOS="987" HPOS="1177"/>
<String CONTENT="fortune" HEIGHT="53" WIDTH="230" VPOS="987" HPOS="1214"/>
<SP HEIGHT="35" WIDTH="33" VPOS="1005" HPOS="1445"/>
<String CONTENT="of" HEIGHT="54" WIDTH="63" VPOS="985" HPOS="1479"/>
<SP HEIGHT="52" WIDTH="33" VPOS="985" HPOS="1543"/>
<String CONTENT="the" HEIGHT="52" WIDTH="95" VPOS="986" HPOS="1577"/>
<SP HEIGHT="33" WIDTH="33" VPOS="1005" HPOS="1673"/>
<String CONTENT="sea," HEIGHT="51" WIDTH="109" VPOS="1002" HPOS="1707"/>
<SP HEIGHT="67" WIDTH="33" VPOS="986" HPOS="1817"/>
<String CONTENT="by" HEIGHT="66" WIDTH="73" VPOS="986" HPOS="1851"/>
<SP HEIGHT="68" WIDTH="34" VPOS="984" HPOS="1925"/>
<String CONTENT="John" HEIGHT="54" WIDTH="152" VPOS="984" HPOS="1960"/>
</TextLine>
<TextLine HEIGHT="67" WIDTH="1765" VPOS="1065" HPOS="118" STYLEREFS="StyleId-9F0A62E2-D095-4881-9550-1153CF8F72D6-">
<String CONTENT="Masefield." HEIGHT="53" WIDTH="305" VPOS="1067" HPOS="118"/>
<SP HEIGHT="51" WIDTH="75" VPOS="1067" HPOS="424"/>
<String CONTENT="New" HEIGHT="52" WIDTH="136" VPOS="1067" HPOS="500"/>
<SP HEIGHT="50" WIDTH="36" VPOS="1067" HPOS="637"/>
<String CONTENT="York," HEIGHT="65" WIDTH="176" VPOS="1067" HPOS="674"/>
<SP HEIGHT="64" WIDTH="31" VPOS="1068" HPOS="851"/>
<String CONTENT="The" HEIGHT="51" WIDTH="119" VPOS="1067" HPOS="883"/>
<SP HEIGHT="52" WIDTH="31" VPOS="1066" HPOS="1003"/>
<String CONTENT="Macmillan" HEIGHT="52" WIDTH="334" VPOS="1065" HPOS="1035"/>
<SP HEIGHT="34" WIDTH="31" VPOS="1084" HPOS="1370"/>
<String CONTENT="company," HEIGHT="50" WIDTH="297" VPOS="1082" HPOS="1402"/>
<SP HEIGHT="59" WIDTH="34" VPOS="1072" HPOS="1700"/>
<String CONTENT="1933." HEIGHT="50" WIDTH="148" VPOS="1066" HPOS="1735"/>
</TextLine>
<TextLine HEIGHT="50" WIDTH="554" VPOS="1139" HPOS="186" CS="1">
<String CONTENT="3" HEIGHT="39" WIDTH="26" VPOS="1142" HPOS="186"/>
<SP/>
<String CONTENT="p." HEIGHT="37" WIDTH="43" VPOS="1152" HPOS="239"/>
<SP HEIGHT="37" WIDTH="24" VPOS="1143" HPOS="283"/>
<String CS="1" CONTENT="l.,"/>
<SP HEIGHT="48" WIDTH="26" VPOS="1141" HPOS="353"/>
<String CONTENT="310" HEIGHT="41" WIDTH="85" VPOS="1140" HPOS="380"/>
<SP HEIGHT="48" WIDTH="25" VPOS="1140" HPOS="466"/>
<String CONTENT="p." HEIGHT="37" WIDTH="42" VPOS="1151" HPOS="492"/>
<SP HEIGHT="41" WIDTH="60" VPOS="1139" HPOS="535"/>
<String CS="1" CONTENT="19&#189;"/>
<String STYLE="superscript" CONTENT="cm" HEIGHT="21" WIDTH="43" VPOS="1142" HPOS="683"/>
<String CONTENT="." HEIGHT="8" WIDTH="9" VPOS="1172" HPOS="731"/>
</TextLine>
<TextLine HEIGHT="53" WIDTH="1998" VPOS="1193" HPOS="120" CS="1">
<String CONTENT="&#169;" HEIGHT="51" WIDTH="50" VPOS="1195" HPOS="120"/>
<SP HEIGHT="51" WIDTH="27" VPOS="1195" HPOS="171"/>
<String CONTENT="Nov." HEIGHT="38" WIDTH="117" VPOS="1200" HPOS="199"/>
<SP HEIGHT="39" WIDTH="29" VPOS="1199" HPOS="317"/>
<String CONTENT="6," HEIGHT="46" WIDTH="37" VPOS="1199" HPOS="347"/>
<SP HEIGHT="45" WIDTH="28" VPOS="1200" HPOS="385"/>
<String CS="1" CONTENT="1983;" HEIGHT="40" WIDTH="113" VPOS="1198" HPOS="414"/>
<SP HEIGHT="44" WIDTH="30" VPOS="1200" HPOS="556"/>
<String CONTENT="2c." HEIGHT="38" WIDTH="67" VPOS="1200" HPOS="587"/>
<SP HEIGHT="29" WIDTH="28" VPOS="1209" HPOS="655"/>
<String CONTENT="and" HEIGHT="38" WIDTH="95" VPOS="1199" HPOS="684"/>
<SP HEIGHT="37" WIDTH="29" VPOS="1199" HPOS="780"/>
<String CONTENT="aff." HEIGHT="39" WIDTH="81" VPOS="1197" HPOS="810"/>
<SP HEIGHT="38" WIDTH="30" VPOS="1198" HPOS="892"/>
<String CONTENT="Nov." HEIGHT="38" WIDTH="117" VPOS="1198" HPOS="923"/>
<SP HEIGHT="38" WIDTH="29" VPOS="1198" HPOS="1041"/>
<String CS="1" CONTENT="7;" HEIGHT="38" WIDTH="25" VPOS="1198" HPOS="1071"/>
<SP HEIGHT="45" WIDTH="30" VPOS="1197" HPOS="1125"/>
<!-- cceid 4A15CFB3-6CF9-1014-A6CF-A82867D68027 --><String CONTENT="A" HEIGHT="38" WIDTH="40" VPOS="1197" HPOS="1156"/>
<SP HEIGHT="38" WIDTH="28" VPOS="1197" HPOS="1197"/>
<String CONTENT="65985;" HEIGHT="46" WIDTH="170" VPOS="1196" HPOS="1226"/>
<SP HEIGHT="45" WIDTH="33" VPOS="1197" HPOS="1397"/>
<String CONTENT="J." HEIGHT="39" WIDTH="40" VPOS="1197" HPOS="1431"/>
<SP HEIGHT="38" WIDTH="33" VPOS="1197" HPOS="1472"/>
<String CONTENT="Masefield," HEIGHT="47" WIDTH="263" VPOS="1195" HPOS="1506"/>
<SP HEIGHT="47" WIDTH="30" VPOS="1195" HPOS="1770"/>
<String CONTENT="Cirencester," HEIGHT="49" WIDTH="317" VPOS="1193" HPOS="1801"/>
</TextLine>
<TextLine HEIGHT="48" WIDTH="1051" VPOS="1253" HPOS="188">
<String CONTENT="Gloucestershire," HEIGHT="42" WIDTH="427" VPOS="1255" HPOS="188"/>
<SP HEIGHT="42" WIDTH="36" VPOS="1255" HPOS="616"/>
<String CONTENT="England." HEIGHT="46" WIDTH="233" VPOS="1255" HPOS="653"/>
<SP HEIGHT="46" WIDTH="71" VPOS="1255" HPOS="887"/>
<String CONTENT="(33-82011)" HEIGHT="48" WIDTH="280" VPOS="1253" HPOS="959"/>
</TextLine>
<TextLine HEIGHT="71" WIDTH="1998" VPOS="1353" HPOS="118" STYLEREFS="StyleId-9F0A62E2-D095-4881-9550-1153CF8F72D6-">
<String CONTENT="The" HEIGHT="52" WIDTH="120" VPOS="1357" HPOS="118"/>
<SP HEIGHT="35" WIDTH="27" VPOS="1374" HPOS="239"/>
<String CONTENT="modern" HEIGHT="53" WIDTH="242" VPOS="1357" HPOS="267"/>
<SP HEIGHT="34" WIDTH="30" VPOS="1375" HPOS="510"/>
<String CONTENT="encyclopedia;" HEIGHT="68" WIDTH="428" VPOS="1356" HPOS="541"/>
<SP HEIGHT="47" WIDTH="32" VPOS="1375" HPOS="970"/>
<String CONTENT="a" HEIGHT="33" WIDTH="30" VPOS="1375" HPOS="1003"/>
<SP HEIGHT="33" WIDTH="27" VPOS="1375" HPOS="1034"/>
<String CONTENT="new" HEIGHT="34" WIDTH="122" VPOS="1375" HPOS="1062"/>
<SP HEIGHT="51" WIDTH="26" VPOS="1358" HPOS="1185"/>
<String CONTENT="library" HEIGHT="66" WIDTH="219" VPOS="1355" HPOS="1212"/>
<SP HEIGHT="49" WIDTH="29" VPOS="1372" HPOS="1432"/>
<String CONTENT="of" HEIGHT="52" WIDTH="63" VPOS="1355" HPOS="1462"/>
<SP HEIGHT="53" WIDTH="28" VPOS="1355" HPOS="1526"/>
<String CONTENT="world" HEIGHT="53" WIDTH="182" VPOS="1355" HPOS="1555"/>
<SP HEIGHT="52" WIDTH="25" VPOS="1355" HPOS="1738"/>
<String CONTENT="knowledge," HEIGHT="68" WIDTH="352" VPOS="1353" HPOS="1764"/>
</TextLine>
<TextLine HEIGHT="133" WIDTH="1926" VPOS="1431" HPOS="187" STYLEREFS="StyleId-9F0A62E2-D095-4881-9550-1153CF8F72D6-" CS="1">
<String CONTENT="complete" HEIGHT="68" WIDTH="274" VPOS="1434" HPOS="187"/>
<SP HEIGHT="55" WIDTH="47" VPOS="1433" HPOS="462"/>
<String CONTENT="in" HEIGHT="54" WIDTH="58" VPOS="1433" HPOS="510"/>
<SP HEIGHT="34" WIDTH="48" VPOS="1454" HPOS="569"/>
<String CONTENT="one" HEIGHT="34" WIDTH="102" VPOS="1454" HPOS="618"/>
<SP HEIGHT="34" WIDTH="48" VPOS="1454" HPOS="721"/>
<String CONTENT="volume;" HEIGHT="64" WIDTH="251" VPOS="1436" HPOS="770"/>
<SP HEIGHT="65" WIDTH="51" VPOS="1435" HPOS="1022"/>
<String CONTENT="illustrated" HEIGHT="54" WIDTH="324" VPOS="1433" HPOS="1074"/>
<SP HEIGHT="53" WIDTH="51" VPOS="1433" HPOS="1399"/>
<String CONTENT="with" HEIGHT="53" WIDTH="139" VPOS="1433" HPOS="1451"/>
<SP HEIGHT="53" WIDTH="49" VPOS="1433" HPOS="1591"/>
<String CONTENT="nearly" HEIGHT="66" WIDTH="199" VPOS="1434" HPOS="1641"/>
<SP HEIGHT="63" WIDTH="46" VPOS="1437" HPOS="1841"/>
<String CONTENT="twelve-hundred" HEIGHT="133" WIDTH="1925" VPOS="1431" HPOS="188"/>
</TextLine>
<TextLine HEIGHT="71" WIDTH="1634" VPOS="1510" HPOS="482" STYLEREFS="StyleId-9F0A62E2-D095-4881-9550-1153CF8F72D6-">
<String CONTENT="drawings" HEIGHT="68" WIDTH="289" VPOS="1513" HPOS="482"/>
<SP HEIGHT="33" WIDTH="32" VPOS="1532" HPOS="772"/>
<String CONTENT="made" HEIGHT="52" WIDTH="160" VPOS="1513" HPOS="805"/>
<SP HEIGHT="33" WIDTH="30" VPOS="1532" HPOS="966"/>
<String CONTENT="expressly" HEIGHT="65" WIDTH="292" VPOS="1515" HPOS="997"/>
<SP HEIGHT="68" WIDTH="32" VPOS="1511" HPOS="1290"/>
<String CONTENT="for" HEIGHT="54" WIDTH="94" VPOS="1511" HPOS="1323"/>
<SP HEIGHT="46" WIDTH="31" VPOS="1518" HPOS="1418"/>
<String CONTENT="this" HEIGHT="52" WIDTH="115" VPOS="1512" HPOS="1450"/>
<SP HEIGHT="37" WIDTH="32" VPOS="1527" HPOS="1566"/>
<String CONTENT="work;" HEIGHT="67" WIDTH="186" VPOS="1511" HPOS="1599"/>
<SP HEIGHT="48" WIDTH="33" VPOS="1530" HPOS="1786"/>
<String CONTENT="edited" HEIGHT="54" WIDTH="191" VPOS="1510" HPOS="1820"/>
<SP HEIGHT="53" WIDTH="29" VPOS="1510" HPOS="2012"/>
<String CONTENT="by" HEIGHT="66" WIDTH="74" VPOS="1511" HPOS="2042"/>
</TextLine>
<TextLine HEIGHT="68" WIDTH="1930" VPOS="1589" HPOS="187" STYLEREFS="StyleId-9F0A62E2-D095-4881-9550-1153CF8F72D6-" CS="1">
<String CONTENT="A." HEIGHT="52" WIDTH="70" VPOS="1589" HPOS="187"/>
<SP HEIGHT="51" WIDTH="34" VPOS="1590" HPOS="258"/>
<String CONTENT="H." HEIGHT="51" WIDTH="75" VPOS="1590" HPOS="293"/>
<SP HEIGHT="51" WIDTH="31" VPOS="1590" HPOS="369"/>
<String CONTENT="McDannald" HEIGHT="52" WIDTH="367" VPOS="1590" HPOS="401"/>
<SP HEIGHT="50" WIDTH="39" VPOS="1592" HPOS="769"/>
<String CS="1" CONTENT="&#8230;"/>
<SP HEIGHT="50" WIDTH="71" VPOS="1592" HPOS="865"/>
<String CONTENT="New" HEIGHT="50" WIDTH="138" VPOS="1592" HPOS="937"/>
<SP HEIGHT="52" WIDTH="38" VPOS="1590" HPOS="1076"/>
<String CONTENT="York," HEIGHT="57" WIDTH="175" VPOS="1590" HPOS="1115"/>
<SP HEIGHT="56" WIDTH="30" VPOS="1591" HPOS="1291"/>
<String CONTENT="W." HEIGHT="53" WIDTH="89" VPOS="1591" HPOS="1322"/>
<SP HEIGHT="52" WIDTH="34" VPOS="1590" HPOS="1412"/>
<String CONTENT="H." HEIGHT="51" WIDTH="75" VPOS="1590" HPOS="1447"/>
<SP HEIGHT="53" WIDTH="31" VPOS="1590" HPOS="1523"/>
<String CONTENT="Wise" HEIGHT="54" WIDTH="154" VPOS="1589" HPOS="1555"/>
<SP HEIGHT="50" WIDTH="32" VPOS="1592" HPOS="1710"/>
<String CONTENT="&amp;" HEIGHT="50" WIDTH="45" VPOS="1592" HPOS="1743"/>
<SP HEIGHT="50" WIDTH="30" VPOS="1592" HPOS="1789"/>
<String CONTENT="company," HEIGHT="50" WIDTH="297" VPOS="1607" HPOS="1820"/>
</TextLine>
<TextLine HEIGHT="49" WIDTH="148" VPOS="1671" HPOS="186" STYLEREFS="StyleId-9F0A62E2-D095-4881-9550-1153CF8F72D6-">
<String CONTENT="1933." HEIGHT="49" WIDTH="148" VPOS="1671" HPOS="186"/>
</TextLine>
<TextLine HEIGHT="50" WIDTH="1164" VPOS="1739" HPOS="190" CS="1">
<String CONTENT="3" HEIGHT="40" WIDTH="27" VPOS="1739" HPOS="190"/>
<SP HEIGHT="48" WIDTH="25" VPOS="1739" HPOS="218"/>
<String CONTENT="p." HEIGHT="37" WIDTH="43" VPOS="1750" HPOS="244"/>
<SP HEIGHT="37" WIDTH="26" VPOS="1742" HPOS="288"/>
<String CS="1" CONTENT="l.,"/>
<SP HEIGHT="46" WIDTH="29" VPOS="1741" HPOS="359"/>
<String CONTENT="1327" HEIGHT="40" WIDTH="113" VPOS="1739" HPOS="389"/>
<SP HEIGHT="48" WIDTH="26" VPOS="1741" HPOS="503"/>
<String CONTENT="p." HEIGHT="37" WIDTH="42" VPOS="1752" HPOS="530"/>
<SP HEIGHT="41" WIDTH="60" VPOS="1739" HPOS="573"/>
<String CS="1" CONTENT="front."/>
<SP HEIGHT="47" WIDTH="29" VPOS="1740" HPOS="782"/>
<String CONTENT="(port.)" HEIGHT="49" WIDTH="170" VPOS="1740" HPOS="812"/>
<SP HEIGHT="48" WIDTH="37" VPOS="1741" HPOS="983"/>
<String CONTENT="illus." HEIGHT="40" WIDTH="127" VPOS="1741" HPOS="1021"/>
<SP HEIGHT="40" WIDTH="58" VPOS="1740" HPOS="1149"/>
<String CS="1" CONTENT="23&#189;" HEIGHT="41" WIDTH="55" VPOS="1740" HPOS="1208"/>
<String STYLE="superscript" CS="1" CONTENT="cm" HEIGHT="21" WIDTH="14" VPOS="1742" HPOS="1298"/>
<String CONTENT="." HEIGHT="8" WIDTH="8" VPOS="1773" HPOS="1346"/>
</TextLine>
<TextLine HEIGHT="49" WIDTH="685" VPOS="1797" HPOS="196">
<String CONTENT="Illustrated" HEIGHT="41" WIDTH="283" VPOS="1797" HPOS="196"/>
<SP HEIGHT="39" WIDTH="38" VPOS="1798" HPOS="480"/>
<String CONTENT="lining-papers." HEIGHT="48" WIDTH="362" VPOS="1798" HPOS="519"/>
</TextLine>
<TextLine HEIGHT="52" WIDTH="1925" VPOS="1851" HPOS="194" CS="1">
<String CONTENT="&#8220;Compiled" HEIGHT="50" WIDTH="274" VPOS="1851" HPOS="194"/>
<SP HEIGHT="39" WIDTH="31" VPOS="1854" HPOS="469"/>
<String CONTENT="by" HEIGHT="47" WIDTH="59" VPOS="1854" HPOS="501"/>
<SP HEIGHT="45" WIDTH="31" VPOS="1856" HPOS="561"/>
<String CONTENT="the" HEIGHT="39" WIDTH="81" VPOS="1855" HPOS="593"/>
<SP HEIGHT="29" WIDTH="33" VPOS="1865" HPOS="675"/>
<String CS="1" CONTENT="&#8230;"/>
<SP HEIGHT="29" WIDTH="32" VPOS="1865" HPOS="755"/>
<String CONTENT="staff" HEIGHT="40" WIDTH="119" VPOS="1854" HPOS="788"/>
<SP HEIGHT="39" WIDTH="28" VPOS="1855" HPOS="908"/>
<String CONTENT="of" HEIGHT="39" WIDTH="51" VPOS="1855" HPOS="937"/>
<SP HEIGHT="39" WIDTH="28" VPOS="1855" HPOS="989"/>
<String CONTENT="the" HEIGHT="39" WIDTH="81" VPOS="1856" HPOS="1018"/>
<SP HEIGHT="41" WIDTH="33" VPOS="1854" HPOS="1100"/>
<String CONTENT="Encyclopedia" HEIGHT="49" WIDTH="353" VPOS="1854" HPOS="1134"/>
<SP HEIGHT="30" WIDTH="32" VPOS="1864" HPOS="1488"/>
<String CONTENT="americana.&#8221;&#8212;Editor's" HEIGHT="41" WIDTH="598" VPOS="1854" HPOS="1521"/>
</TextLine>
<TextLine HEIGHT="42" WIDTH="254" VPOS="1910" HPOS="123">
<String CONTENT="foreword." HEIGHT="42" WIDTH="254" VPOS="1910" HPOS="123"/>
</TextLine>
<TextLine HEIGHT="52" WIDTH="1941" VPOS="1964" HPOS="123">
<String CONTENT="&#169;" HEIGHT="52" WIDTH="51" VPOS="1964" HPOS="123"/>
<SP HEIGHT="52" WIDTH="28" VPOS="1964" HPOS="175"/>
<String CONTENT="Oct." HEIGHT="39" WIDTH="101" VPOS="1970" HPOS="204"/>
<SP HEIGHT="40" WIDTH="25" VPOS="1969" HPOS="306"/>
<String CONTENT="9," HEIGHT="45" WIDTH="39" VPOS="1969" HPOS="332"/>
<SP HEIGHT="45" WIDTH="27" VPOS="1969" HPOS="372"/>
<String CONTENT="1933;" HEIGHT="44" WIDTH="139" VPOS="1969" HPOS="400"/>
<SP HEIGHT="43" WIDTH="28" VPOS="1970" HPOS="540"/>
<String CONTENT="2c." HEIGHT="38" WIDTH="66" VPOS="1970" HPOS="569"/>
<SP HEIGHT="40" WIDTH="29" VPOS="1968" HPOS="636"/>
<String CONTENT="Oct." HEIGHT="40" WIDTH="100" VPOS="1968" HPOS="666"/>
<SP HEIGHT="36" WIDTH="27" VPOS="1970" HPOS="767"/>
<String CONTENT="12:" HEIGHT="39" WIDTH="81" VPOS="1969" HPOS="795"/>
<SP HEIGHT="29" WIDTH="30" VPOS="1979" HPOS="877"/>
<String CONTENT="aff." HEIGHT="39" WIDTH="81" VPOS="1968" HPOS="908"/>
<SP HEIGHT="40" WIDTH="29" VPOS="1967" HPOS="990"/>
<String CONTENT="Oct." HEIGHT="42" WIDTH="102" VPOS="1967" HPOS="1020"/>
<SP HEIGHT="40" WIDTH="27" VPOS="1969" HPOS="1123"/>
<String CONTENT="11;" HEIGHT="43" WIDTH="81" VPOS="1969" HPOS="1151"/>
<SP HEIGHT="43" WIDTH="29" VPOS="1969" HPOS="1233"/>
<!-- cceid 4A1602E3-6CF9-1014-A6CF-A82867D68027 --><String CONTENT="A" HEIGHT="37" WIDTH="41" VPOS="1969" HPOS="1263"/>
<SP HEIGHT="39" WIDTH="25" VPOS="1968" HPOS="1305"/>
<String CONTENT="65740;" HEIGHT="47" WIDTH="170" VPOS="1968" HPOS="1331"/>
<SP HEIGHT="46" WIDTH="30" VPOS="1969" HPOS="1502"/>
<String CONTENT="Wm." HEIGHT="40" WIDTH="121" VPOS="1969" HPOS="1533"/>
<SP HEIGHT="40" WIDTH="27" VPOS="1969" HPOS="1655"/>
<String CONTENT="H." HEIGHT="38" WIDTH="60" VPOS="1969" HPOS="1683"/>
<SP HEIGHT="39" WIDTH="28" VPOS="1969" HPOS="1744"/>
<String CONTENT="Wise" HEIGHT="41" WIDTH="133" VPOS="1967" HPOS="1773"/>
<SP HEIGHT="39" WIDTH="24" VPOS="1969" HPOS="1907"/>
<String CONTENT="&amp;" HEIGHT="39" WIDTH="35" VPOS="1969" HPOS="1932"/>
<SP HEIGHT="40" WIDTH="26" VPOS="1969" HPOS="1968"/>
<String CONTENT="co." HEIGHT="31" WIDTH="69" VPOS="1978" HPOS="1995"/>
</TextLine>
<TextLine HEIGHT="47" WIDTH="278" VPOS="2027" HPOS="199">
<String CONTENT="(38-32256)" HEIGHT="47" WIDTH="278" VPOS="2027" HPOS="199"/>
</TextLine>
<TextLine HEIGHT="67" WIDTH="943" VPOS="2127" HPOS="119" STYLEREFS="StyleId-883CFF41-727F-41FE-98EE-FF4D2541CC5E-">
<String CONTENT="Myer," HEIGHT="66" WIDTH="185" VPOS="2127" HPOS="119"/>
<SP HEIGHT="63" WIDTH="32" VPOS="2130" HPOS="305"/>
<String CONTENT="Joseph" HEIGHT="62" WIDTH="219" VPOS="2130" HPOS="338"/>
<SP HEIGHT="53" WIDTH="35" VPOS="2130" HPOS="558"/>
<String CONTENT="Charles," HEIGHT="66" WIDTH="262" VPOS="2128" HPOS="594"/>
<SP HEIGHT="60" WIDTH="35" VPOS="2134" HPOS="857"/>
<String CONTENT="1893-" HEIGHT="50" WIDTH="169" VPOS="2132" HPOS="893"/>
</TextLine>
<TextLine HEIGHT="70" WIDTH="1927" VPOS="2203" HPOS="190" STYLEREFS="StyleId-9F0A62E2-D095-4881-9550-1153CF8F72D6-">
<String CONTENT="New" HEIGHT="53" WIDTH="135" VPOS="2205" HPOS="190"/>
<SP HEIGHT="53" WIDTH="29" VPOS="2205" HPOS="326"/>
<String CONTENT="York" HEIGHT="52" WIDTH="159" VPOS="2205" HPOS="356"/>
<SP HEIGHT="54" WIDTH="24" VPOS="2205" HPOS="516"/>
<String CONTENT="C." HEIGHT="54" WIDTH="59" VPOS="2205" HPOS="541"/>
<SP HEIGHT="51" WIDTH="28" VPOS="2205" HPOS="601"/>
<String CONTENT="P." HEIGHT="51" WIDTH="60" VPOS="2205" HPOS="630"/>
<SP HEIGHT="50" WIDTH="27" VPOS="2206" HPOS="691"/>
<String CONTENT="A." HEIGHT="51" WIDTH="67" VPOS="2206" HPOS="719"/>
<SP HEIGHT="47" WIDTH="27" VPOS="2210" HPOS="787"/>
<String CONTENT="theory" HEIGHT="68" WIDTH="199" VPOS="2205" HPOS="815"/>
<SP HEIGHT="51" WIDTH="23" VPOS="2222" HPOS="1015"/>
<String CONTENT="questions" HEIGHT="64" WIDTH="285" VPOS="2207" HPOS="1039"/>
<SP HEIGHT="33" WIDTH="22" VPOS="2225" HPOS="1325"/>
<String CONTENT="with" HEIGHT="54" WIDTH="140" VPOS="2203" HPOS="1348"/>
<SP HEIGHT="54" WIDTH="24" VPOS="2205" HPOS="1489"/>
<String CONTENT="answers," HEIGHT="49" WIDTH="262" VPOS="2223" HPOS="1514"/>
<SP HEIGHT="68" WIDTH="24" VPOS="2204" HPOS="1777"/>
<String CONTENT="by" HEIGHT="68" WIDTH="74" VPOS="2204" HPOS="1802"/>
<SP HEIGHT="68" WIDTH="24" VPOS="2204" HPOS="1877"/>
<String CONTENT="Joseph" HEIGHT="68" WIDTH="215" VPOS="2204" HPOS="1902"/>
</TextLine>
<TextLine HEIGHT="70" WIDTH="1804" VPOS="2282" HPOS="122" STYLEREFS="StyleId-9F0A62E2-D095-4881-9550-1153CF8F72D6-" CS="1">
<String CONTENT="C." HEIGHT="54" WIDTH="59" VPOS="2283" HPOS="122"/>
<SP HEIGHT="52" WIDTH="26" VPOS="2283" HPOS="182"/>
<String CONTENT="Myer" HEIGHT="67" WIDTH="163" VPOS="2283" HPOS="209"/>
<SP HEIGHT="32" WIDTH="30" VPOS="2306" HPOS="373"/>
<String CS="1" CONTENT="&#8230;"/>
<SP HEIGHT="53" WIDTH="66" VPOS="2283" HPOS="459"/>
<String CONTENT="Brooklyn," HEIGHT="68" WIDTH="312" VPOS="2283" HPOS="526"/>
<SP HEIGHT="69" WIDTH="26" VPOS="2282" HPOS="839"/>
<String CONTENT="N." HEIGHT="52" WIDTH="67" VPOS="2282" HPOS="866"/>
<SP HEIGHT="51" WIDTH="28" VPOS="2283" HPOS="934"/>
<String CONTENT="Y.," HEIGHT="68" WIDTH="89" VPOS="2283" HPOS="963"/>
<SP HEIGHT="69" WIDTH="26" VPOS="2282" HPOS="1053"/>
<String CONTENT="Standard" HEIGHT="54" WIDTH="293" VPOS="2282" HPOS="1080"/>
<SP HEIGHT="53" WIDTH="25" VPOS="2282" HPOS="1374"/>
<String CONTENT="text" HEIGHT="47" WIDTH="118" VPOS="2288" HPOS="1400"/>
<SP HEIGHT="64" WIDTH="25" VPOS="2288" HPOS="1519"/>
<String CONTENT="press" HEIGHT="52" WIDTH="155" VPOS="2300" HPOS="1545"/>
<SP HEIGHT="49" WIDTH="30" VPOS="2301" HPOS="1701"/>
<String STYLE="subscript" CONTENT="[" HEIGHT="33" WIDTH="14" VPOS="2317" HPOS="1732"/>
<String STYLE="superscript" CONTENT="c" HEIGHT="21" WIDTH="18" VPOS="2289" HPOS="1751"/>
<String CONTENT="1933" HEIGHT="49" WIDTH="133" VPOS="2285" HPOS="1773"/>
<String STYLE="subscript" CONTENT="]" HEIGHT="34" WIDTH="12" VPOS="2316" HPOS="1914"/>
</TextLine>
<TextLine HEIGHT="48" WIDTH="378" VPOS="2353" HPOS="191" CS="1">
<String CONTENT="512" HEIGHT="39" WIDTH="83" VPOS="2353" HPOS="191"/>
<SP HEIGHT="47" WIDTH="39" VPOS="2354" HPOS="275"/>
<String CONTENT="p." HEIGHT="36" WIDTH="42" VPOS="2365" HPOS="315"/>
<SP HEIGHT="40" WIDTH="65" VPOS="2354" HPOS="358"/>
<String CS="1" CONTENT="23&#189;" HEIGHT="40" WIDTH="55" VPOS="2354" HPOS="424"/>
<String STYLE="superscript" CONTENT="cm" HEIGHT="21" WIDTH="44" VPOS="2356" HPOS="512"/>
<String CONTENT="." HEIGHT="8" WIDTH="8" VPOS="2386" HPOS="561"/>
</TextLine>
<TextLine HEIGHT="51" WIDTH="1927" VPOS="2411" HPOS="191">
<String CONTENT="&#8220;Includes" HEIGHT="40" WIDTH="253" VPOS="2412" HPOS="191"/>
<SP HEIGHT="30" WIDTH="23" VPOS="2422" HPOS="445"/>
<String CONTENT="all" HEIGHT="38" WIDTH="62" VPOS="2412" HPOS="469"/>
<SP HEIGHT="38" WIDTH="26" VPOS="2412" HPOS="532"/>
<String CONTENT="of" HEIGHT="38" WIDTH="51" VPOS="2412" HPOS="559"/>
<SP HEIGHT="38" WIDTH="22" VPOS="2412" HPOS="611"/>
<String CONTENT="the" HEIGHT="37" WIDTH="80" VPOS="2413" HPOS="634"/>
<SP HEIGHT="38" WIDTH="23" VPOS="2421" HPOS="715"/>
<String CONTENT="questions" HEIGHT="48" WIDTH="249" VPOS="2411" HPOS="739"/>
<SP HEIGHT="37" WIDTH="24" VPOS="2415" HPOS="989"/>
<String CONTENT="that" HEIGHT="39" WIDTH="109" VPOS="2413" HPOS="1014"/>
<SP HEIGHT="39" WIDTH="23" VPOS="2413" HPOS="1124"/>
<String CONTENT="have" HEIGHT="39" WIDTH="123" VPOS="2413" HPOS="1148"/>
<SP HEIGHT="39" WIDTH="23" VPOS="2413" HPOS="1272"/>
<String CONTENT="been" HEIGHT="39" WIDTH="119" VPOS="2413" HPOS="1296"/>
<SP HEIGHT="29" WIDTH="22" VPOS="2423" HPOS="1416"/>
<String CONTENT="asked" HEIGHT="40" WIDTH="150" VPOS="2413" HPOS="1439"/>
<SP HEIGHT="39" WIDTH="24" VPOS="2414" HPOS="1590"/>
<String CONTENT="on" HEIGHT="30" WIDTH="61" VPOS="2423" HPOS="1615"/>
<SP HEIGHT="38" WIDTH="24" VPOS="2415" HPOS="1677"/>
<String CONTENT="the" HEIGHT="40" WIDTH="82" VPOS="2413" HPOS="1702"/>
<SP HEIGHT="37" WIDTH="25" VPOS="2416" HPOS="1785"/>
<String CONTENT="theory" HEIGHT="47" WIDTH="170" VPOS="2414" HPOS="1811"/>
<SP HEIGHT="37" WIDTH="24" VPOS="2425" HPOS="1982"/>
<String CONTENT="part" HEIGHT="45" WIDTH="111" VPOS="2417" HPOS="2007"/>
</TextLine>
<TextLine HEIGHT="51" WIDTH="1997" VPOS="2467" HPOS="121">
<String CONTENT="of" HEIGHT="39" WIDTH="52" VPOS="2468" HPOS="121"/>
<SP HEIGHT="39" WIDTH="29" VPOS="2468" HPOS="174"/>
<String CONTENT="each" HEIGHT="39" WIDTH="116" VPOS="2469" HPOS="204"/>
<SP HEIGHT="38" WIDTH="33" VPOS="2469" HPOS="321"/>
<String CONTENT="New" HEIGHT="39" WIDTH="116" VPOS="2469" HPOS="355"/>
<SP HEIGHT="38" WIDTH="30" VPOS="2469" HPOS="472"/>
<String CONTENT="York" HEIGHT="38" WIDTH="130" VPOS="2469" HPOS="503"/>
<SP HEIGHT="40" WIDTH="32" VPOS="2469" HPOS="634"/>
<String CONTENT="C." HEIGHT="40" WIDTH="49" VPOS="2469" HPOS="667"/>
<SP HEIGHT="38" WIDTH="32" VPOS="2470" HPOS="717"/>
<String CONTENT="P." HEIGHT="39" WIDTH="50" VPOS="2470" HPOS="750"/>
<SP HEIGHT="39" WIDTH="35" VPOS="2470" HPOS="801"/>
<String CONTENT="A." HEIGHT="38" WIDTH="53" VPOS="2470" HPOS="837"/>
<SP HEIGHT="29" WIDTH="33" VPOS="2479" HPOS="891"/>
<String CONTENT="examination" HEIGHT="41" WIDTH="334" VPOS="2467" HPOS="925"/>
<SP HEIGHT="39" WIDTH="32" VPOS="2469" HPOS="1260"/>
<String CONTENT="from" HEIGHT="39" WIDTH="128" VPOS="2469" HPOS="1293"/>
<SP HEIGHT="38" WIDTH="31" VPOS="2470" HPOS="1422"/>
<String CONTENT="November" HEIGHT="39" WIDTH="270" VPOS="2470" HPOS="1454"/>
<SP HEIGHT="38" WIDTH="32" VPOS="2471" HPOS="1725"/>
<String CONTENT="1915" HEIGHT="40" WIDTH="113" VPOS="2470" HPOS="1758"/>
<SP HEIGHT="39" WIDTH="36" VPOS="2471" HPOS="1872"/>
<String CONTENT="through" HEIGHT="46" WIDTH="209" VPOS="2472" HPOS="1909"/>
</TextLine>
<TextLine HEIGHT="49" WIDTH="514" VPOS="2524" HPOS="120">
<String CONTENT="April" HEIGHT="48" WIDTH="135" VPOS="2525" HPOS="120"/>
<SP HEIGHT="37" WIDTH="27" VPOS="2527" HPOS="256"/>
<String CONTENT="1933.&#8221;&#8212;Pref." HEIGHT="41" WIDTH="350" VPOS="2524" HPOS="284"/>
</TextLine>
<TextLine HEIGHT="54" WIDTH="1997" VPOS="2582" HPOS="125">
<String CONTENT="&#169;" HEIGHT="53" WIDTH="51" VPOS="2582" HPOS="125"/>
<SP HEIGHT="53" WIDTH="28" VPOS="2582" HPOS="177"/>
<String CONTENT="Oct." HEIGHT="41" WIDTH="101" VPOS="2586" HPOS="206"/>
<SP HEIGHT="39" WIDTH="27" VPOS="2587" HPOS="308"/>
<String CONTENT="14," HEIGHT="47" WIDTH="67" VPOS="2587" HPOS="336"/>
<SP HEIGHT="47" WIDTH="28" VPOS="2587" HPOS="404"/>
<String CONTENT="1983;" HEIGHT="41" WIDTH="139" VPOS="2586" HPOS="433"/>
<SP HEIGHT="41" WIDTH="30" VPOS="2586" HPOS="573"/>
<String CONTENT="2c." HEIGHT="39" WIDTH="65" VPOS="2586" HPOS="604"/>
<SP HEIGHT="41" WIDTH="30" VPOS="2585" HPOS="670"/>
<String CONTENT="Oct." HEIGHT="41" WIDTH="101" VPOS="2585" HPOS="701"/>
<SP HEIGHT="40" WIDTH="27" VPOS="2586" HPOS="803"/>
<String CONTENT="28;" HEIGHT="40" WIDTH="81" VPOS="2586" HPOS="831"/>
<SP HEIGHT="30" WIDTH="30" VPOS="2596" HPOS="913"/>
<String CONTENT="aff." HEIGHT="40" WIDTH="80" VPOS="2585" HPOS="944"/>
<SP HEIGHT="39" WIDTH="29" VPOS="2586" HPOS="1025"/>
<String CONTENT="Nov." HEIGHT="41" WIDTH="119" VPOS="2586" HPOS="1055"/>
<SP HEIGHT="41" WIDTH="28" VPOS="2586" HPOS="1175"/>
<String CONTENT="1;" HEIGHT="46" WIDTH="52" VPOS="2586" HPOS="1204"/>
<SP HEIGHT="46" WIDTH="30" VPOS="2586" HPOS="1257"/>
<!-- cceid 4A163184-6CF9-1014-A6CF-A82867D68027 --><String CONTENT="A" HEIGHT="39" WIDTH="38" VPOS="2586" HPOS="1288"/>
<SP HEIGHT="41" WIDTH="30" VPOS="2585" HPOS="1327"/>
<String CONTENT="66868;" HEIGHT="48" WIDTH="169" VPOS="2585" HPOS="1358"/>
<SP HEIGHT="47" WIDTH="34" VPOS="2586" HPOS="1528"/>
<String CONTENT="Standard" HEIGHT="41" WIDTH="246" VPOS="2586" HPOS="1563"/>
<SP HEIGHT="41" WIDTH="29" VPOS="2587" HPOS="1810"/>
<String CONTENT="text" HEIGHT="39" WIDTH="107" VPOS="2589" HPOS="1840"/>
<SP HEIGHT="47" WIDTH="25" VPOS="2589" HPOS="1948"/>
<String CONTENT="press." HEIGHT="41" WIDTH="148" VPOS="2595" HPOS="1974"/>
</TextLine>
<TextLine HEIGHT="48" WIDTH="279" VPOS="2643" HPOS="200">
<String CONTENT="(33-32206)" HEIGHT="48" WIDTH="279" VPOS="2643" HPOS="200"/>
</TextLine>
</TextBlock>
<TextBlock ID="Page1539_Block3" HEIGHT="1364" WIDTH="2022" VPOS="2736" HPOS="110" CS="1" STYLEREFS="StyleId-01E1E84C-DC6A-45C8-ADDA-4AEDC385516C-">
<TextLine HEIGHT="67" WIDTH="771" VPOS="2746" HPOS="122" STYLEREFS="StyleId-883CFF41-727F-41FE-98EE-FF4D2541CC5E-">
<String LANG="fr" CONTENT="N&#233;croman," HEIGHT="64" WIDTH="349" VPOS="2746" HPOS="122"/>
<SP HEIGHT="62" WIDTH="28" VPOS="2748" HPOS="472"/>
<String LANG="en-US" CONTENT="Dom," HEIGHT="63" WIDTH="168" VPOS="2748" HPOS="501"/>
<SP HEIGHT="48" WIDTH="27" VPOS="2765" HPOS="670"/>
<String LANG="en-US" CONTENT="pseud." HEIGHT="66" WIDTH="195" VPOS="2747" HPOS="698"/>
</TextLine>
<TextLine HEIGHT="70" WIDTH="1485" VPOS="2821" HPOS="251" STYLEREFS="StyleId-9F0A62E2-D095-4881-9550-1153CF8F72D6-" CS="1">
<String LANG="en-US" CS="1" CONTENT="&#8230;"/>
<SP HEIGHT="52" WIDTH="33" VPOS="2823" HPOS="251"/>
<String LANG="fr" CONTENT="Plan&#232;tes" HEIGHT="52" WIDTH="261" VPOS="2823" HPOS="285"/>
<SP HEIGHT="35" WIDTH="25" VPOS="2841" HPOS="547"/>
<String LANG="fr" CONTENT="et" HEIGHT="46" WIDTH="55" VPOS="2830" HPOS="573"/>
<SP HEIGHT="53" WIDTH="25" VPOS="2822" HPOS="629"/>
<String LANG="fr" CONTENT="dieux." HEIGHT="53" WIDTH="184" VPOS="2822" HPOS="655"/>
<SP HEIGHT="50" WIDTH="63" VPOS="2823" HPOS="840"/>
<String LANG="en-US" CONTENT="Paris," HEIGHT="69" WIDTH="182" VPOS="2821" HPOS="904"/>
<SP HEIGHT="68" WIDTH="27" VPOS="2822" HPOS="1087"/>
<String LANG="en-US" CONTENT="M." HEIGHT="51" WIDTH="78" VPOS="2822" HPOS="1115"/>
<SP HEIGHT="51" WIDTH="30" VPOS="2822" HPOS="1194"/>
<String LANG="en-US" CONTENT="d&#8217;Hartoy" HEIGHT="69" WIDTH="284" VPOS="2822" HPOS="1225"/>
<SP HEIGHT="49" WIDTH="32" VPOS="2842" HPOS="1510"/>
<String STYLE="subscript" LANG="en-US" CONTENT="[" HEIGHT="34" WIDTH="12" VPOS="2857" HPOS="1543"/>
<String STYLE="superscript" LANG="en-US" CONTENT="c" HEIGHT="22" WIDTH="18" VPOS="2829" HPOS="1561"/>
<String LANG="en-US" CONTENT="1933" HEIGHT="48" WIDTH="132" VPOS="2825" HPOS="1584"/>
<String STYLE="subscript" LANG="en-US" CONTENT="]" HEIGHT="34" WIDTH="13" VPOS="2855" HPOS="1723"/>
</TextLine>
<TextLine HEIGHT="47" WIDTH="1290" VPOS="2894" HPOS="190" CS="1">
<String LANG="en-US" CONTENT="142" HEIGHT="38" WIDTH="85" VPOS="2894" HPOS="190"/>
<SP HEIGHT="47" WIDTH="28" VPOS="2894" HPOS="276"/>
<String LANG="fr" CS="1" CONTENT="p.,"/>
<SP/>
<String LANG="fr" CS="1" CONTENT="1"/>
<SP/>
<String LANG="fr" CS="1" CONTENT="l."/>
<SP HEIGHT="40" WIDTH="57" VPOS="2894" HPOS="477"/>
<String LANG="en-US" CONTENT="23" HEIGHT="40" WIDTH="53" VPOS="2894" HPOS="535"/>
<String STYLE="superscript" LANG="en-US" CONTENT="cm" HEIGHT="21" WIDTH="43" VPOS="2896" HPOS="593"/>
<String LANG="en-US" CONTENT="." HEIGHT="7" WIDTH="8" VPOS="2926" HPOS="642"/>
<SP HEIGHT="47" WIDTH="67" VPOS="2894" HPOS="651"/>
<String LANG="en-US" CS="1" CONTENT="(On" HEIGHT="39" WIDTH="70" VPOS="2896" HPOS="746"/>
<SP HEIGHT="28" WIDTH="28" VPOS="2908" HPOS="817"/>
<String LANG="en-US" CONTENT="cover:" HEIGHT="29" WIDTH="162" VPOS="2907" HPOS="846"/>
<SP HEIGHT="41" WIDTH="30" VPOS="2895" HPOS="1009"/>
<String LANG="fr" CONTENT="La" HEIGHT="40" WIDTH="68" VPOS="2895" HPOS="1040"/>
<SP HEIGHT="30" WIDTH="30" VPOS="2905" HPOS="1109"/>
<String LANG="fr" CONTENT="n&#233;o-kabbale)" HEIGHT="47" WIDTH="340" VPOS="2894" HPOS="1140"/>
</TextLine>
<TextLine HEIGHT="104" WIDTH="1979" VPOS="2951" HPOS="121" LANG="fr" CS="1">
<String LANG="en-US" CONTENT="Subtitle" HEIGHT="40" WIDTH="208" VPOS="2951" HPOS="193"/>
<SP HEIGHT="29" WIDTH="31" VPOS="2961" HPOS="402"/>
<String LANG="en-US" CONTENT="on" HEIGHT="28" WIDTH="59" VPOS="2962" HPOS="434"/>
<SP HEIGHT="28" WIDTH="31" VPOS="2962" HPOS="494"/>
<String LANG="en-US" CS="1" CONTENT="cover:" HEIGHT="28" WIDTH="140" VPOS="2962" HPOS="526"/>
<SP HEIGHT="39" WIDTH="35" VPOS="2952" HPOS="693"/>
<String CONTENT="Cl&#233;" HEIGHT="40" WIDTH="83" VPOS="2951" HPOS="729"/>
<SP HEIGHT="40" WIDTH="29" VPOS="2951" HPOS="813"/>
<String CONTENT="scientifique" HEIGHT="48" WIDTH="302" VPOS="2951" HPOS="843"/>
<SP HEIGHT="38" WIDTH="33" VPOS="2953" HPOS="1146"/>
<String CONTENT="de" HEIGHT="38" WIDTH="57" VPOS="2953" HPOS="1180"/>
<SP HEIGHT="37" WIDTH="29" VPOS="2954" HPOS="1238"/>
<String CONTENT="la" HEIGHT="37" WIDTH="47" VPOS="2954" HPOS="1268"/>
<SP HEIGHT="28" WIDTH="31" VPOS="2963" HPOS="1316"/>
<String CONTENT="mythologie" HEIGHT="48" WIDTH="295" VPOS="2952" HPOS="1348"/>
<SP HEIGHT="38" WIDTH="30" VPOS="2963" HPOS="1644"/>
<String CONTENT="grecque," HEIGHT="38" WIDTH="217" VPOS="2963" HPOS="1675"/>
<SP HEIGHT="44" WIDTH="32" VPOS="2956" HPOS="1893"/>
<String CONTENT="la" HEIGHT="37" WIDTH="46" VPOS="2956" HPOS="1926"/>
<SP HEIGHT="38" WIDTH="33" VPOS="2955" HPOS="1973"/>
<String CONTENT="kabbale" HEIGHT="92" WIDTH="1979" VPOS="2955" HPOS="121"/>
<SP HEIGHT="46" WIDTH="21" VPOS="3009" HPOS="227"/>
<String CONTENT="justifi&#233;e" HEIGHT="47" WIDTH="213" VPOS="3008" HPOS="249"/>
<SP HEIGHT="37" WIDTH="24" VPOS="3018" HPOS="463"/>
<String CONTENT="par" HEIGHT="36" WIDTH="88" VPOS="3019" HPOS="488"/>
<SP HEIGHT="37" WIDTH="23" VPOS="3009" HPOS="577"/>
<String CONTENT="la" HEIGHT="38" WIDTH="44" VPOS="3009" HPOS="601"/>
<SP HEIGHT="28" WIDTH="27" VPOS="3019" HPOS="646"/>
<String CONTENT="science." HEIGHT="40" WIDTH="199" VPOS="3008" HPOS="674"/>
</TextLine>
<TextLine HEIGHT="51" WIDTH="1889" VPOS="3066" HPOS="125" CS="1">
<String LANG="fr" CONTENT="&#169;" HEIGHT="51" WIDTH="51" VPOS="3066" HPOS="125"/>
<SP HEIGHT="51" WIDTH="27" VPOS="3066" HPOS="177"/>
<String LANG="fr" CONTENT="May" HEIGHT="46" WIDTH="114" VPOS="3071" HPOS="205"/>
<SP HEIGHT="47" WIDTH="24" VPOS="3070" HPOS="320"/>
<String LANG="fr" CONTENT="20," HEIGHT="47" WIDTH="68" VPOS="3069" HPOS="345"/>
<SP HEIGHT="46" WIDTH="26" VPOS="3070" HPOS="414"/>
<String LANG="fr" CONTENT="1933;" HEIGHT="41" WIDTH="140" VPOS="3069" HPOS="441"/>
<SP/>
<String LANG="fr" CS="1" CONTENT="1c."/>
<SP/>
<String LANG="en-US" CONTENT="July" HEIGHT="47" WIDTH="117" VPOS="3069" HPOS="706"/>
<SP HEIGHT="47" WIDTH="24" VPOS="3069" HPOS="824"/>
<String LANG="fr" CONTENT="18;" HEIGHT="42" WIDTH="81" VPOS="3068" HPOS="849"/>
<SP HEIGHT="41" WIDTH="28" VPOS="3069" HPOS="931"/>
<!-- cceid 4A165E21-6CF9-1014-A6CF-A82867D68027 --><String LANG="fr" CONTENT="A-" HEIGHT="37" WIDTH="99" VPOS="3069" HPOS="960"/>
<String LANG="en-US" CONTENT="Foreign" HEIGHT="47" WIDTH="207" VPOS="3068" HPOS="1064"/>
<SP HEIGHT="37" WIDTH="25" VPOS="3070" HPOS="1272"/>
<String LANG="fr" CONTENT="21549;" HEIGHT="48" WIDTH="170" VPOS="3068" HPOS="1298"/>
<SP HEIGHT="46" WIDTH="31" VPOS="3070" HPOS="1469"/>
<String LANG="fr" CONTENT="Maurice" HEIGHT="39" WIDTH="217" VPOS="3070" HPOS="1501"/>
<SP HEIGHT="38" WIDTH="26" VPOS="3071" HPOS="1719"/>
<String LANG="fr" CONTENT="D&#8217;Hartoy." HEIGHT="47" WIDTH="268" VPOS="3069" HPOS="1746"/>
</TextLine>
<TextLine HEIGHT="49" WIDTH="278" VPOS="3125" HPOS="201" LANG="fr">
<String CONTENT="(33-32391)" HEIGHT="49" WIDTH="278" VPOS="3125" HPOS="201"/>
</TextLine>
<TextLine HEIGHT="65" WIDTH="1381" VPOS="3229" HPOS="124" STYLEREFS="StyleId-883CFF41-727F-41FE-98EE-FF4D2541CC5E-">
<String LANG="fr" CONTENT="New" HEIGHT="51" WIDTH="142" VPOS="3231" HPOS="124"/>
<SP HEIGHT="51" WIDTH="27" VPOS="3231" HPOS="267"/>
<String LANG="fr" CONTENT="York." HEIGHT="53" WIDTH="179" VPOS="3230" HPOS="295"/>
<SP HEIGHT="51" WIDTH="74" VPOS="3232" HPOS="475"/>
<String LANG="en-US" CONTENT="Metropolitan" HEIGHT="65" WIDTH="418" VPOS="3229" HPOS="550"/>
<SP HEIGHT="35" WIDTH="28" VPOS="3247" HPOS="969"/>
<String LANG="en-US" CONTENT="museum" HEIGHT="36" WIDTH="271" VPOS="3246" HPOS="998"/>
<SP HEIGHT="35" WIDTH="29" VPOS="3247" HPOS="1270"/>
<String LANG="en-US" CONTENT="of" HEIGHT="52" WIDTH="63" VPOS="3230" HPOS="1300"/>
<SP HEIGHT="52" WIDTH="27" VPOS="3230" HPOS="1364"/>
<String LANG="en-US" CONTENT="art." HEIGHT="52" WIDTH="113" VPOS="3234" HPOS="1392"/>
</TextLine>
<TextLine HEIGHT="67" WIDTH="1928" VPOS="3307" HPOS="191" STYLEREFS="StyleId-9F0A62E2-D095-4881-9550-1153CF8F72D6-" LANG="en-US" CS="1">
<String CONTENT="The" HEIGHT="52" WIDTH="119" VPOS="3308" HPOS="191"/>
<SP HEIGHT="52" WIDTH="33" VPOS="3308" HPOS="311"/>
<String CONTENT="American" HEIGHT="52" WIDTH="300" VPOS="3307" HPOS="345"/>
<SP HEIGHT="33" WIDTH="32" VPOS="3325" HPOS="646"/>
<String CONTENT="wing." HEIGHT="66" WIDTH="168" VPOS="3307" HPOS="679"/>
<SP HEIGHT="51" WIDTH="75" VPOS="3307" HPOS="848"/>
<String CONTENT="New" HEIGHT="51" WIDTH="137" VPOS="3307" HPOS="924"/>
<SP HEIGHT="51" WIDTH="32" VPOS="3307" HPOS="1062"/>
<String CONTENT="York" HEIGHT="51" WIDTH="163" VPOS="3307" HPOS="1095"/>
<SP HEIGHT="66" WIDTH="34" VPOS="3307" HPOS="1259"/>
<String CS="1" CONTENT="[The" HEIGHT="52" WIDTH="121" VPOS="3307" HPOS="1312"/>
<SP HEIGHT="52" WIDTH="28" VPOS="3307" HPOS="1434"/>
<String CONTENT="Museum" HEIGHT="52" WIDTH="262" VPOS="3307" HPOS="1463"/>
<SP HEIGHT="49" WIDTH="30" VPOS="3325" HPOS="1726"/>
<String CS="1" CONTENT="press]" HEIGHT="50" WIDTH="156" VPOS="3324" HPOS="1757"/>
<SP HEIGHT="61" WIDTH="37" VPOS="3313" HPOS="1932"/>
<String CONTENT="1933." HEIGHT="50" WIDTH="149" VPOS="3310" HPOS="1970"/>
</TextLine>
<TextLine HEIGHT="50" WIDTH="897" VPOS="3379" HPOS="193" LANG="en-US" CS="1">
<String CONTENT="3" HEIGHT="40" WIDTH="25" VPOS="3381" HPOS="193"/>
<SP HEIGHT="48" WIDTH="24" VPOS="3381" HPOS="219"/>
<String LANG="fr" CONTENT="p." HEIGHT="37" WIDTH="43" VPOS="3392" HPOS="244"/>
<SP HEIGHT="38" WIDTH="23" VPOS="3383" HPOS="288"/>
<String CS="1" CONTENT="l.,"/>
<SP HEIGHT="47" WIDTH="22" VPOS="3381" HPOS="358"/>
<String CONTENT="20" HEIGHT="40" WIDTH="60" VPOS="3380" HPOS="381"/>
<SP HEIGHT="48" WIDTH="19" VPOS="3380" HPOS="442"/>
<String CS="1" CONTENT="pl."/>
<SP HEIGHT="28" WIDTH="24" VPOS="3392" HPOS="525"/>
<String CONTENT="on" HEIGHT="29" WIDTH="60" VPOS="3391" HPOS="550"/>
<SP HEIGHT="38" WIDTH="24" VPOS="3381" HPOS="611"/>
<String CONTENT="10" HEIGHT="40" WIDTH="55" VPOS="3380" HPOS="636"/>
<SP HEIGHT="40" WIDTH="21" VPOS="3380" HPOS="692"/>
<String CS="1" CONTENT="l.,"/>
<SP HEIGHT="30" WIDTH="28" VPOS="3399" HPOS="760"/>
<String CS="1" CONTENT="[2]" HEIGHT="48" WIDTH="40" VPOS="3381" HPOS="803"/>
<SP HEIGHT="38" WIDTH="26" VPOS="3391" HPOS="844"/>
<String CONTENT="p." HEIGHT="37" WIDTH="43" VPOS="3391" HPOS="871"/>
<SP HEIGHT="39" WIDTH="59" VPOS="3381" HPOS="915"/>
<String CONTENT="19" HEIGHT="40" WIDTH="57" VPOS="3379" HPOS="975"/>
<String STYLE="superscript" CONTENT="cm" HEIGHT="21" WIDTH="43" VPOS="3382" HPOS="1033"/>
<String CONTENT="." HEIGHT="8" WIDTH="8" VPOS="3412" HPOS="1082"/>
</TextLine>
<TextLine HEIGHT="48" WIDTH="1394" VPOS="3436" HPOS="193" LANG="en-US" CS="1">
<String CONTENT="At" HEIGHT="40" WIDTH="63" VPOS="3438" HPOS="193"/>
<SP HEIGHT="39" WIDTH="22" VPOS="3439" HPOS="257"/>
<String CONTENT="head" HEIGHT="39" WIDTH="125" VPOS="3439" HPOS="280"/>
<SP HEIGHT="39" WIDTH="25" VPOS="3439" HPOS="406"/>
<String CONTENT="of" HEIGHT="41" WIDTH="50" VPOS="3437" HPOS="432"/>
<SP HEIGHT="40" WIDTH="24" VPOS="3437" HPOS="483"/>
<String CS="1" CONTENT="title:" HEIGHT="41" WIDTH="108" VPOS="3437" HPOS="508"/>
<SP HEIGHT="39" WIDTH="27" VPOS="3438" HPOS="643"/>
<String CONTENT="The" HEIGHT="39" WIDTH="100" VPOS="3438" HPOS="671"/>
<SP HEIGHT="39" WIDTH="26" VPOS="3438" HPOS="772"/>
<String CONTENT="Metropolitan" HEIGHT="48" WIDTH="346" VPOS="3436" HPOS="799"/>
<SP HEIGHT="27" WIDTH="26" VPOS="3448" HPOS="1146"/>
<String CONTENT="museum" HEIGHT="29" WIDTH="216" VPOS="3447" HPOS="1173"/>
<SP HEIGHT="29" WIDTH="26" VPOS="3448" HPOS="1390"/>
<String CONTENT="of" HEIGHT="40" WIDTH="52" VPOS="3437" HPOS="1417"/>
<SP HEIGHT="39" WIDTH="23" VPOS="3437" HPOS="1470"/>
<String CONTENT="art." HEIGHT="38" WIDTH="93" VPOS="3440" HPOS="1494"/>
</TextLine>
<TextLine HEIGHT="49" WIDTH="999" VPOS="3493" HPOS="194" LANG="en-US" CS="1">
<String CONTENT="Introduction" HEIGHT="41" WIDTH="337" VPOS="3494" HPOS="194"/>
<SP HEIGHT="29" WIDTH="28" VPOS="3505" HPOS="532"/>
<String CS="1" CONTENT="signed:" HEIGHT="48" WIDTH="167" VPOS="3494" HPOS="561"/>
<SP HEIGHT="40" WIDTH="31" VPOS="3494" HPOS="756"/>
<String CONTENT="Joseph" HEIGHT="48" WIDTH="180" VPOS="3494" HPOS="788"/>
<SP HEIGHT="39" WIDTH="29" VPOS="3493" HPOS="969"/>
<String CONTENT="Downs." HEIGHT="40" WIDTH="194" VPOS="3493" HPOS="999"/>
</TextLine>
<TextLine HEIGHT="52" WIDTH="1996" VPOS="3548" HPOS="127" LANG="en-US" CS="1">
<String CONTENT="&#169;" HEIGHT="52" WIDTH="50" VPOS="3548" HPOS="127"/>
<SP HEIGHT="52" WIDTH="26" VPOS="3548" HPOS="178"/>
<String CONTENT="Oct." HEIGHT="41" WIDTH="101" VPOS="3553" HPOS="205"/>
<SP HEIGHT="41" WIDTH="25" VPOS="3553" HPOS="307"/>
<String CONTENT="9," HEIGHT="47" WIDTH="39" VPOS="3553" HPOS="333"/>
<SP HEIGHT="46" WIDTH="25" VPOS="3554" HPOS="373"/>
<String CS="1" CONTENT="1983;" HEIGHT="40" WIDTH="113" VPOS="3553" HPOS="399"/>
<SP HEIGHT="40" WIDTH="28" VPOS="3553" HPOS="540"/>
<String CONTENT="2c." HEIGHT="39" WIDTH="66" VPOS="3553" HPOS="569"/>
<SP HEIGHT="40" WIDTH="27" VPOS="3552" HPOS="636"/>
<String CONTENT="Oct." HEIGHT="40" WIDTH="99" VPOS="3552" HPOS="664"/>
<SP HEIGHT="39" WIDTH="26" VPOS="3552" HPOS="764"/>
<String CS="1" CONTENT="27:" HEIGHT="39" WIDTH="56" VPOS="3552" HPOS="791"/>
<SP HEIGHT="29" WIDTH="28" VPOS="3563" HPOS="874"/>
<String CONTENT="aff." HEIGHT="40" WIDTH="81" VPOS="3551" HPOS="903"/>
<SP HEIGHT="40" WIDTH="29" VPOS="3551" HPOS="985"/>
<String CONTENT="Oct." HEIGHT="41" WIDTH="102" VPOS="3551" HPOS="1015"/>
<SP HEIGHT="40" WIDTH="26" VPOS="3552" HPOS="1118"/>
<String CS="1" CONTENT="26;" HEIGHT="39" WIDTH="58" VPOS="3551" HPOS="1145"/>
<SP HEIGHT="40" WIDTH="29" VPOS="3552" HPOS="1228"/>
<!-- cceid 4A169101-6CF9-1014-A6CF-A82867D68027 --><String CONTENT="A" HEIGHT="38" WIDTH="40" VPOS="3552" HPOS="1258"/>
<SP HEIGHT="39" WIDTH="26" VPOS="3551" HPOS="1299"/>
<String CS="1" CONTENT="65856;" HEIGHT="40" WIDTH="143" VPOS="3551" HPOS="1326"/>
<SP HEIGHT="45" WIDTH="30" VPOS="3553" HPOS="1497"/>
<String CONTENT="Metropolitan" HEIGHT="48" WIDTH="346" VPOS="3551" HPOS="1528"/>
<SP HEIGHT="31" WIDTH="28" VPOS="3561" HPOS="1875"/>
<String CONTENT="museum" HEIGHT="32" WIDTH="219" VPOS="3560" HPOS="1904"/>
</TextLine>
<TextLine HEIGHT="49" WIDTH="823" VPOS="3607" HPOS="193" LANG="en-US">
<String CONTENT="of" HEIGHT="39" WIDTH="53" VPOS="3609" HPOS="193"/>
<SP HEIGHT="39" WIDTH="19" VPOS="3609" HPOS="247"/>
<String CONTENT="art," HEIGHT="44" WIDTH="90" VPOS="3612" HPOS="267"/>
<SP HEIGHT="46" WIDTH="23" VPOS="3610" HPOS="358"/>
<String CONTENT="New" HEIGHT="39" WIDTH="116" VPOS="3610" HPOS="382"/>
<SP HEIGHT="39" WIDTH="26" VPOS="3610" HPOS="499"/>
<String CONTENT="York." HEIGHT="39" WIDTH="139" VPOS="3609" HPOS="526"/>
<SP HEIGHT="47" WIDTH="70" VPOS="3609" HPOS="666"/>
<String CONTENT="(33-32020)" HEIGHT="49" WIDTH="279" VPOS="3607" HPOS="737"/>
</TextLine>
<TextLine HEIGHT="72" WIDTH="1989" VPOS="3707" HPOS="128" STYLEREFS="StyleId-9F0A62E2-D095-4881-9550-1153CF8F72D6-" LANG="en-US">
<String CONTENT="North" HEIGHT="56" WIDTH="193" VPOS="3707" HPOS="128"/>
<SP HEIGHT="53" WIDTH="43" VPOS="3711" HPOS="322"/>
<String CONTENT="eastern" HEIGHT="50" WIDTH="237" VPOS="3714" HPOS="366"/>
<SP HEIGHT="53" WIDTH="43" VPOS="3711" HPOS="604"/>
<String CONTENT="digest," HEIGHT="68" WIDTH="202" VPOS="3710" HPOS="648"/>
<SP HEIGHT="49" WIDTH="42" VPOS="3729" HPOS="851"/>
<String CONTENT="covering" HEIGHT="68" WIDTH="268" VPOS="3710" HPOS="894"/>
<SP HEIGHT="49" WIDTH="43" VPOS="3729" HPOS="1163"/>
<String CONTENT="all" HEIGHT="52" WIDTH="75" VPOS="3711" HPOS="1207"/>
<SP HEIGHT="51" WIDTH="43" VPOS="3712" HPOS="1283"/>
<String CONTENT="cases" HEIGHT="37" WIDTH="149" VPOS="3728" HPOS="1327"/>
<SP HEIGHT="36" WIDTH="42" VPOS="3729" HPOS="1477"/>
<String CONTENT="reported" HEIGHT="68" WIDTH="265" VPOS="3711" HPOS="1520"/>
<SP HEIGHT="53" WIDTH="41" VPOS="3711" HPOS="1786"/>
<String CONTENT="in" HEIGHT="52" WIDTH="59" VPOS="3711" HPOS="1828"/>
<SP HEIGHT="52" WIDTH="43" VPOS="3712" HPOS="1888"/>
<String CONTENT="North" HEIGHT="53" WIDTH="185" VPOS="3711" HPOS="1932"/>
</TextLine>
<TextLine HEIGHT="69" WIDTH="1925" VPOS="3788" HPOS="197" STYLEREFS="StyleId-9F0A62E2-D095-4881-9550-1153CF8F72D6-" LANG="en-US">
<String CONTENT="eastern" HEIGHT="46" WIDTH="218" VPOS="3794" HPOS="197"/>
<SP HEIGHT="32" WIDTH="50" VPOS="3808" HPOS="416"/>
<String CONTENT="reporter," HEIGHT="62" WIDTH="273" VPOS="3794" HPOS="467"/>
<SP HEIGHT="46" WIDTH="51" VPOS="3809" HPOS="741"/>
<String CONTENT="with" HEIGHT="53" WIDTH="138" VPOS="3788" HPOS="793"/>
<SP HEIGHT="51" WIDTH="50" VPOS="3790" HPOS="932"/>
<String CONTENT="current" HEIGHT="47" WIDTH="230" VPOS="3794" HPOS="983"/>
<SP HEIGHT="47" WIDTH="48" VPOS="3794" HPOS="1214"/>
<String CONTENT="cumulative" HEIGHT="53" WIDTH="343" VPOS="3789" HPOS="1263"/>
<SP HEIGHT="49" WIDTH="48" VPOS="3808" HPOS="1607"/>
<String CONTENT="pocket" HEIGHT="68" WIDTH="201" VPOS="3789" HPOS="1656"/>
<SP HEIGHT="46" WIDTH="49" VPOS="3795" HPOS="1858"/>
<String CONTENT="service" HEIGHT="52" WIDTH="214" VPOS="3790" HPOS="1908"/>
</TextLine>
<TextLine HEIGHT="69" WIDTH="1922" VPOS="3866" HPOS="197" STYLEREFS="StyleId-9F0A62E2-D095-4881-9550-1153CF8F72D6-" LANG="en-US" CS="1">
<String CONTENT="keeping" HEIGHT="68" WIDTH="243" VPOS="3866" HPOS="197"/>
<SP HEIGHT="62" WIDTH="39" VPOS="3872" HPOS="441"/>
<String CONTENT="the" HEIGHT="51" WIDTH="95" VPOS="3868" HPOS="481"/>
<SP HEIGHT="51" WIDTH="40" VPOS="3868" HPOS="577"/>
<String CONTENT="digest" HEIGHT="68" WIDTH="184" VPOS="3867" HPOS="618"/>
<SP HEIGHT="46" WIDTH="41" VPOS="3873" HPOS="803"/>
<String CONTENT="always" HEIGHT="64" WIDTH="210" VPOS="3869" HPOS="845"/>
<SP HEIGHT="46" WIDTH="40" VPOS="3873" HPOS="1056"/>
<String CONTENT="to" HEIGHT="46" WIDTH="58" VPOS="3873" HPOS="1097"/>
<SP HEIGHT="51" WIDTH="41" VPOS="3868" HPOS="1156"/>
<String CONTENT="date" HEIGHT="51" WIDTH="128" VPOS="3868" HPOS="1198"/>
<SP HEIGHT="32" WIDTH="49" VPOS="3887" HPOS="1327"/>
<String CS="1" CONTENT="&#8230;"/>
<SP HEIGHT="49" WIDTH="79" VPOS="3869" HPOS="1432"/>
<String CONTENT="By" HEIGHT="66" WIDTH="90" VPOS="3869" HPOS="1512"/>
<SP HEIGHT="62" WIDTH="40" VPOS="3873" HPOS="1603"/>
<String CONTENT="the" HEIGHT="52" WIDTH="96" VPOS="3868" HPOS="1644"/>
<SP HEIGHT="49" WIDTH="37" VPOS="3886" HPOS="1741"/>
<String CONTENT="publisher&#8217;s" HEIGHT="69" WIDTH="340" VPOS="3866" HPOS="1779"/>
</TextLine>
<TextLine HEIGHT="71" WIDTH="1923" VPOS="3942" HPOS="197" STYLEREFS="StyleId-9F0A62E2-D095-4881-9550-1153CF8F72D6-" LANG="en-US" CS="1">
<String CONTENT="editorial" HEIGHT="53" WIDTH="264" VPOS="3942" HPOS="197"/>
<SP HEIGHT="51" WIDTH="27" VPOS="3946" HPOS="462"/>
<String CS="1" CONTENT="staff." HEIGHT="55" WIDTH="134" VPOS="3942" HPOS="490"/>
<SP HEIGHT="31" WIDTH="73" VPOS="3964" HPOS="640"/>
<String CONTENT="v." HEIGHT="34" WIDTH="50" VPOS="3964" HPOS="714"/>
<SP HEIGHT="49" WIDTH="33" VPOS="3949" HPOS="765"/>
<String CONTENT="13-18." HEIGHT="48" WIDTH="183" VPOS="3948" HPOS="799"/>
<SP HEIGHT="54" WIDTH="77" VPOS="3944" HPOS="983"/>
<String CONTENT="St." HEIGHT="54" WIDTH="82" VPOS="3944" HPOS="1061"/>
<SP HEIGHT="50" WIDTH="29" VPOS="3948" HPOS="1144"/>
<String CONTENT="Paul," HEIGHT="55" WIDTH="165" VPOS="3947" HPOS="1174"/>
<SP HEIGHT="54" WIDTH="26" VPOS="3948" HPOS="1340"/>
<String CONTENT="Minn.," HEIGHT="55" WIDTH="202" VPOS="3946" HPOS="1367"/>
<SP HEIGHT="53" WIDTH="25" VPOS="3948" HPOS="1570"/>
<String CONTENT="West" HEIGHT="52" WIDTH="158" VPOS="3948" HPOS="1596"/>
<SP HEIGHT="62" WIDTH="28" VPOS="3951" HPOS="1755"/>
<String CONTENT="publishing" HEIGHT="69" WIDTH="336" VPOS="3944" HPOS="1784"/>
</TextLine>
<TextLine HEIGHT="64" WIDTH="304" VPOS="4025" HPOS="197" STYLEREFS="StyleId-9F0A62E2-D095-4881-9550-1153CF8F72D6-" LANG="en-US">
<String CONTENT="co." HEIGHT="36" WIDTH="77" VPOS="4038" HPOS="197"/>
<SP HEIGHT="33" WIDTH="35" VPOS="4056" HPOS="275"/>
<String STYLE="subscript" CONTENT="[" HEIGHT="33" WIDTH="12" VPOS="4056" HPOS="311"/>
<String STYLE="superscript" CONTENT="c" HEIGHT="20" WIDTH="15" VPOS="4029" HPOS="329"/>
<String CONTENT="1933" HEIGHT="49" WIDTH="130" VPOS="4025" HPOS="353"/>
<String STYLE="subscript" CONTENT="]" HEIGHT="32" WIDTH="10" VPOS="4056" HPOS="491"/>
</TextLine>
</TextBlock>
</PrintSpace>
</Page>
</Layout>
</alto>