2582 4453
1312 4138 135 50 1142

356 450 355 67 Lobligeois,
740 452 188 53 Henri
959 451 199 56 Louis.

495 528 1878 71 … Reflexions sur la fortification permanente; avec 169
361 607 223 68 croquis
617 607 143 53 dans
793 610 51 50 le
875 613 155 48 texte
1060 615 55 47 et
1147 613 29 48 3
1211 609 271 68 planches
1515 610 133 53 hors
1679 615 169 48 texte.
1917 610 186 68 Paris,
359 612 2016 139 Berger-Levrault,
686 690 154 50 1932.

433 758 1221 51 xii, 275 p. illus., in fold, pl., diagrs. 22 ½ cm.
438 816 62 41 At
526 817 126 41 head
681 817 52 41 of
755 816 111 42 title:
923 816 501 43 Lieutenant-colonel
1453 817 286 51 Lobligeois.

366 889 2017 114 © June 8, 1932; 1c. June 15, 1933; A-Foreign 21210; Éditions Berger-Levrault. (33-21244)
357 1061 251 65 Masino,
637 1061 198 56 Paola.

494 1137 1787 65 … Monte Ignoso, roman. Berlin [etc.] P. Zsolnay, 1933.
435 1213 260 52 209, [1] p. 19½cm
435 1270 367 58 “Übersetzung
829 1291 90 29 aus
946 1281 109 39 dem
1084 1278 344 42 italienischen
1457 1291 94 29 von
1581 1280 134 42 Dora
1745 1279 231 50 Mitzky.”

366 1348 2019 52 © Mar. 9, 1933; 1c. June 19; A -Foreign 21302; Paul Zsolnay verlag, a. g.
445 1409 283 49 (33-21114)

359 1514 305 53 Montana.
741 1515 281 67 Supreme
1053 1520 162 49 court
1220 1557 10 10 .

432 1591 1952 71 Reports of cases argued and determined … from December
400 1716 11 24 1,
439 1676 153 65 1932,
618 1678 59 49 to
703 1673 204 54 March
933 1675 86 65 23,
1047 1675 150 50 1933.
1276 1669 221 58 Official
1524 1678 213 63 report,
1812 1691 51 35 v.
1893 1675 83 49 93.
2054 1670 117 56 San
361 1674 1996 146 Francisco,

557 1752 592 69 Bancroft-Whitney
1180 1771 300 50 company,
1515 1755 152 50 1933.

433 1827 155 48 xxxii,
618 1827 88 41 735
732 1838 44 38 p.
833 1827 147 40 22½cm.

370 1895 51 52 ©
450 1899 122 47 Aug.
602 1898 70 46 15,
701 1897 114 41 1933;
875 1898 68 42 2c.
972 1899 120 47 Aug.
1123 1898 55 40 31;
1241 1897 83 41 aff.
1353 1897 119 49 Aug.
1504 1897 60 41 29;
1620 1897 41 39 A
1691 1896 145 41 64867;
1897 1894 491 51 Bancroft-Whitney

436 1967 66 30 co.

364 2060 234 66 Morris,
628 2061 98 54 Ira
756 2060 225 57 Victor.

437 2139 290 69 Covering
754 2145 113 47 two
896 2158 183 50 years,
1106 2139 76 69 by
1211 2139 49 53 I.
1290 2140 71 53 V.
1391 2138 231 54 Morris.
1697 2138 243 53 London
1970 2138 114 53 and
2113 2138 274 65 Toronto,

363 2218 57 55 J.
473 2217 157 70 Cape
684 2221 175 64 [1933]

435 2292 635 50 4 p. l., 11-317 p. 20cm.
373 2360 2014 53 © 1c. Aug. 10, 1933; A ad int. 18081; pubd. June 12; I. V. Morris, Paris.
450 2423 283 48 (33-22475)

364 2526 437 66 Oppenheimer
833 2526 207 66 casing
1070 2542 102 50 co.,
1207 2528 268 66 Chicago.

442 2603 253 70 Sausage
741 2609 233 50 manual
1026 2607 113 52 and
1186 2612 124 47 text
1356 2606 148 53 book
1551 2606 95 53 for
1691 2602 376 69 uninspected
2114 2602 270 54 factories

380 2681 129 68 (not
546 2684 184 52 under
770 2684 233 53 Bureau
1045 2684 63 53 of
1151 2684 213 53 animal
1408 2684 270 67 industry
1718 2682 378 69 inspection),
2139 2700 31 35 a
2212 2680 174 68 guide

368 2759 2019 71 to quality. Chicago, New York [etc.] Oppenheimer casing
367 2859 80 34 co.
485 2844 194 63 [c1933]

443 2913 57 43 96
529 2926 46 38 p.
634 2912 148 44 23½cm.

444 2984 160 41 Blank
633 2995 149 39 pages
809 2985 80 41 for
921 2983 375 43 “Memoranda”
1339 2985 191 49 (95-96)

444 3041 228 42 Includes
702 3042 308 51 advertising
1037 3045 196 39 matter.

377 3109 51 52 ©
457 3114 129 40 June
611 3114 70 47 30,
710 3113 141 48 1933;
882 3115 66 40 2c.
977 3115 96 39 and
1101 3114 83 40 aff.
1213 3114 117 47 July
1358 3114 82 46 21;
1471 3114 42 38 A
1541 3113 171 47 64415;
1745 3112 354 49 Oppenheimer
2129 3112 167 48 casing
2325 3122 67 30 co.

457 3170 282 49 (33-21254)

368 3273 297 68 Reticker,
694 3276 185 64 Ruth,
914 3280 171 50 1892-

447 3353 430 68 Expenditures
925 3353 64 54 of
1036 3353 197 69 public
1278 3372 205 49 money
1530 3354 94 54 for
1670 3354 97 53 the
1813 3352 469 54 administration
2326 3350 64 55 of

371 3427 204 71 justice
609 3431 62 52 in
708 3430 170 69 Ohio,
918 3435 136 49 1930
1110 3432 93 68 [by]
1246 3433 161 51 Ruth
1443 3432 287 64 Reticker,
1766 3431 140 52 with
1940 3431 97 53 the
372 3431 1988 130 collaboration
539 3509 63 53 of
645 3509 156 54 Leon
846 3509 63 56 C.
955 3510 302 53 Marshall.
1338 3511 338 66 Baltimore,
1720 3510 122 53 The
1885 3509 186 55 Johns
2117 3507 269 69 Hopkins

376 3605 173 50 press,
579 3590 152 50 1933.

448 3658 137 49 xviii,
613 3658 85 41 333
730 3671 43 37 p.
831 3660 127 41 illus.
988 3658 185 51 (maps)
1213 3661 181 49 diagrs.
1455 3659 147 42 23½cm.

451 3715 281 43 Half-title:
774 3715 155 51 Study
964 3717 52 42 of
1051 3717 204 48 judicial
1294 3716 402 44 administration
1731 3717 49 41 in
1817 3716 137 43 Ohio.
2018 3716 102 43 The
2155 3716 236 43 Institute

379 3772 53 40 of
456 3774 96 40 law
576 3775 53 40 of
651 3775 83 41 the
760 3773 155 43 Johns
940 3772 224 51 Hopkins
1190 3774 289 49 university.

449 3829 119 41 This
601 3833 165 45 report
797 3830 41 41 is
868 3833 113 47 part
1013 3831 53 41 of
1096 3842 28 29 a
1156 3833 197 48 general
1387 3832 147 48 study
1565 3832 269 41 conducted
1867 3833 59 47 by
1958 3834 83 39 the
2074 3831 235 42 Institute
2339 3831 53 42 of

383 3886 92 40 law
508 3887 53 40 of
593 3889 82 40 the
706 3887 155 41 Johns
894 3887 225 50 Hopkins
1150 3887 290 50 university,
1473 3889 224 49 working
1726 3889 48 40 in
1809 3889 313 47 conjunction
2156 3890 120 40 with
2309 3891 82 40 the

381 3940 214 43 Judicial
628 3944 189 41 council
844 3945 53 40 of
925 3944 123 42 Ohio
1075 3946 96 39 and
1201 3947 83 40 the
1313 3944 124 43 Ohio
1467 3947 129 40 state
1625 3946 88 40 bar
1742 3946 312 41 association,
2113 3946 61 48 cf.
2205 3947 130 41 Pref.

379 4012 51 52 ©
459 4016 117 47 July
603 4016 69 43 31,
702 4016 113 40 1933;
874 4017 68 40 2c.
972 4018 94 38 and
1097 4016 81 40 aff.
1209 4017 120 47 Aug.
1358 4018 54 45 4;
1444 4017 40 39 A
1513 4016 172 49 63803;
1718 4017 157 41 Johns
1903 4016 223 49 Hopkins
2156 4028 149 38 press.

457 4073 281 49 (33-21251)
