2484 4405
1092 4055 102 54 711

156 461 1652 68 2 p. l., ii-xii (i. e. xiii), 188 p. illus. (maps) diagrs. 24 cm .
159 538 377 50 Lithographed.

160 599 126 47 Page
318 596 34 40 ii
382 594 263 41 numbered
677 601 54 32 as
759 590 115 40 leaf.

162 653 145 42 “This
334 652 144 47 study
505 660 99 30 was
629 645 304 44 undertaken
959 645 49 40 in
1033 641 282 42 connection
1340 638 118 41 with
1488 637 80 41 the
1594 646 175 35 survey
1796 634 51 40 of
1875 634 80 38 the
91 633 1981 126 University
303 710 52 41 of
383 703 590 53 Chicago.”—Foreword.

161 764 375 51 Bibliography:
565 773 42 38 p.
637 759 216 44 163-165.

96 816 1984 128 © Apr. 11, 1933; 2c. May 2; aff. Apr. 29; A 61556; University of Chicago, Chicago. (33-12013)
91 996 356 65 Thompson,
478 993 273 56 Edmund
779 990 219 65 Burke,
1031 989 171 55 1897-

163 1073 287 55 Portraits
474 1089 72 36 on
570 1089 103 34 our
697 1072 237 66 postage
957 1070 246 64 stamps;
1230 1081 151 37 some
1404 1066 159 49 notes
1587 1078 73 36 on
1682 1058 96 54 the
1805 1056 295 71 paintings

98 1153 112 53 and
261 1150 317 69 sculptures
633 1146 154 54 from
839 1144 187 54 which
1079 1142 137 71 they
1268 1140 211 69 derive,
1533 1140 112 52 and
1701 1157 31 33 a
1788 1135 313 54 check-list.

97 1229 332 67 Windham,
463 1225 199 68 Conn.,
697 1224 68 54 E.
801 1225 68 51 B.
905 1221 351 68 Thompson,
1290 1218 241 69 printer,
1567 1218 151 51 1933.

168 1302 27 41 3
220 1313 44 37 p.
325 1333 9 16 l.,
379 1299 145 51 [5]-36,
556 1298 84 52 [16]
670 1307 42 38 p.
773 1296 146 41 16½cm.

172 1357 206 49 “Spaces
417 1366 82 31 are
536 1354 232 49 provided
807 1353 47 39 in
894 1351 158 41 which
1091 1349 49 41 to
1179 1349 168 39 mount
1384 1342 494 45 illustrations.”—3d
1918 1343 186 49 prelim,

101 1415 111 42 leaf.

109 1474 1831 62 © Apr. 10, 1933; 2c. and aff. Apr. 21; A 62240; E. B. Thompson.
184 1542 281 49 (33-12000)

100 1647 247 64 Turner,
378 1645 198 54 Frank
610 1644 209 63 Grant,
852 1646 173 51 1881-

177 1709 1872 82 The New Jersey law of evidence, by Frank G. Turner …
109 1802 135 52 New
276 1799 177 68 York,
482 1798 68 54 N.
581 1798 91 67 Y.,
700 1797 61 55 C.
793 1795 331 55 Boardman
1151 1810 296 50 company,
1476 1791 121 63 ltd.,
1630 1791 149 53 1933.

177 1872 135 46 lxxx,
342 1870 86 40 464
457 1879 44 41 p.
558 1869 56 39 23
616 1872 45 21 cm
666 1900 9 9 .

180 1928 176 42 “Table
386 1927 53 41 of
467 1925 192 42 cases”:
694 1935 41 39 p.
766 1922 302 43 xxvii-lxxx.

116 1986 51 53 ©
199 1990 115 49 May
340 1990 39 46 3,
411 1986 140 48 1933;
584 1987 66 40 2c.
681 1986 97 41 and
807 1983 82 42 aff.
920 1984 113 48 May
1064 1983 52 47 8;
1150 1982 41 38 A
1220 1980 171 49 62560;
1426 1979 148 41 Clark
1606 1978 280 42 Boardman
1916 1986 82 39 co.,
2030 1978 86 40 ltd.

184 2043 70 55 [©
289 2057 106 29 new
429 2047 195 46 matter]
696 2040 281 51 (33-12211)

111 2150 72 55 U.
210 2149 58 54 S.
343 2148 183 67 Laws,
553 2151 259 61 statutes,
839 2149 99 48 etc.

182 2225 218 55 United
450 2225 188 55 States
687 2223 170 56 Code.
934 2220 280 69 Compact
1257 2220 85 53 ed.
1416 2219 158 68 May,
1623 2222 150 66 1933,
1821 2217 299 69 pamphlet

114 2323 89 36 no.
227 2306 48 51 3.
350 2300 372 73 Comprising
742 2302 98 53 the
861 2302 137 53 laws
1022 2300 64 52 of
1111 2318 31 36 a
1164 2299 231 70 general
1419 2299 114 52 and
1558 2303 336 64 permanent
1915 2302 208 49 nature

116 2383 233 53 enacted
393 2381 154 55 from
590 2380 202 54 March
839 2383 46 66 1,
930 2383 152 63 1933,
1125 2383 58 49 to
1227 2377 173 69 April
1444 2380 84 65 22,
1575 2381 150 49 1933.
1828 2376 82 55 [St.
1955 2377 166 67 Paul,

116 2458 202 70 Minn.]
356 2461 160 53 West
547 2458 336 70 publishing
912 2475 81 38 co.
1028 2457 112 54 and
1179 2457 362 69 [Northport,
1572 2458 63 51 L.
1670 2457 69 67 I.,
1771 2457 69 53 N.
1875 2457 72 52 Y.]
118 2455 1980 137 Edward

307 2538 330 70 Thompson
664 2557 80 35 co.
778 2571 13 35 [
797 2544 18 21 c
819 2539 134 52 1933
959 2569 12 36 ]

190 2616 58 40 72
274 2626 43 37 p.
373 2615 56 39 23½
461 2615 44 21 cm
511 2644 6 7 .

128 2668 51 52 ©
208 2672 116 48 May
349 2671 69 46 25,
447 2669 140 48 1933;
617 2671 64 38 2c.
712 2670 126 39 June
866 2669 82 46 13;
980 2667 82 44 aff.
1092 2667 129 41 June
1248 2669 81 45 14;
1360 2667 41 39 A
1430 2666 171 48 63208;
1632 2668 136 39 West
1796 2666 109 49 pub.
1934 2677 67 31 co.
2032 2668 96 39 and

195 2728 212 40 Edward
434 2726 276 49 Thompson
736 2737 67 29 co.

196 2829 215 55 United
440 2830 188 55 States
656 2829 151 56 Code
835 2829 326 54 annotated.
1236 2829 157 68 May,
1422 2830 152 65 1933,
1598 2827 346 54 cumulative
125 2845 1980 131 pamphlet.

377 2904 355 75 Containing
759 2912 119 50 acts
906 2907 65 55 of
999 2926 33 33 a
1059 2907 232 69 general
1324 2907 112 53 and
1466 2911 339 64 permanent
1831 2910 204 50 nature
2066 2906 64 53 of

127 2986 94 53 the
248 2984 107 56 72d
382 2986 298 70 Congress,
707 2986 202 54 second
937 2987 229 67 session,
1191 2992 58 47 to
1277 2986 202 54 March
1505 2989 48 64 4,
1581 2989 152 64 1933,
1762 2985 112 53 and
1902 2986 95 53 the
2021 2984 107 54 73d

131 3062 297 72 Congress,
455 3069 161 49 extra
641 3064 212 54 session
879 3069 57 48 to
964 3064 176 69 April
1167 3068 84 64 22,
1281 3067 151 62 1933,
1462 3064 111 53 and
1602 3064 288 54 executive
1919 3064 212 69 orders,

130 3133 2006 88 with annotations, cumulative tables and index … St. Paul,
130 3214 1998 85 West publishing co.; Northport, Edward Thompson co. [ c 1933]
202 3296 87 41 416
319 3307 42 37 p.
420 3297 56 40 23½
509 3298 43 21 cm
559 3328 8 8 .

141 3349 52 52 ©
226 3354 115 47 May
369 3353 70 47 23,
471 3352 141 48 1933;
644 3353 68 41 2c.
744 3354 128 40 June
902 3354 83 47 13;
1019 3353 83 40 aff.
1135 3354 128 41 June
1295 3354 83 44 14;
1413 3355 42 38 A
1485 3353 170 47 63209;
1690 3354 139 41 West
1858 3355 110 47 pub.
2000 3365 69 33 co.
2103 3355 37 41 &

209 3408 211 43 Edward
450 3408 275 50 Thompson
756 3421 67 29 co.

142 3512 64 51 U.
238 3510 56 54 S.
371 3516 275 63 Supreme
675 3519 175 48 court.

212 3586 137 55 New
386 3588 277 67 complete
699 3584 243 57 General
981 3587 195 55 orders
1214 3589 57 51 in
1310 3588 361 72 bankruptcy
1709 3590 113 54 and
1862 3588 178 58 forms
2079 3589 56 53 in

145 3660 364 72 proceedings
551 3664 92 55 for
679 3664 96 56 the
815 3663 168 57 relief
1020 3665 64 53 of
1123 3665 222 57 debtors
1385 3665 179 53 under
1602 3666 112 54 Act
1753 3667 63 52 of
1852 3666 202 55 March
2093 3671 49 65 3,

148 3742 152 66 1933,
336 3740 245 69 adopted
615 3741 73 69 by
725 3741 96 54 the
857 3740 274 72 Supreme
1169 3750 158 48 court
1362 3743 63 54 of
1459 3744 96 52 the
1588 3743 217 56 United
1841 3743 206 73 States,
2081 3751 58 48 to

146 3820 113 51 and
298 3815 298 72 including
637 3818 169 69 April
851 3818 82 68 17,
973 3823 151 48 1933.
1201 3820 319 69 Arranged,
1561 3824 303 53 annotated
1909 3824 107 55 and
149 3823 1966 124 indexed
351 3894 73 68 by
452 3894 137 55 Max
619 3895 175 55 Isaac.
861 3895 137 57 New
1028 3897 178 67 York,
1235 3898 67 50 N.
1335 3897 88 68 Y.,
1456 3897 296 56 American
1786 3899 356 71 bankruptcy

149 3969 222 71 review,
399 3970 128 71 inc.,
554 3980 18 21 c
577 3975 150 51 1933.
