2484 4405
1080 4109 133 50 1533

211 533 502 49 1 p. l., 68 p. 27 cm .
146 590 51 52 ©
227 595 125 47 Sept.
379 594 69 46 26,
476 593 139 44 1933;
644 594 26 37 2
675 604 35 29 c.
739 593 100 40 Oct.
868 592 81 47 28;
979 591 79 40 aff.
1088 592 117 39 Nov.
1235 593 52 45 1;
1316 591 43 38 A
1384 590 170 47 66869;
1588 590 245 41 Standard
1862 590 103 39 text
1993 599 150 38 press.

222 651 278 47 (33-32205)

143 741 275 52 Farmers
445 740 114 52 and
588 739 485 52 manufacturers
1101 739 134 52 beet
1263 753 182 48 sugar
1473 736 377 55 association.

211 814 1928 70 The story of beet sugar from the seed to the sack … Bay
138 892 1976 148 City, Mich., Farmers and manufacturers beet sugar association [ c 1933]
215 1043 783 51 14, [2] p. illus., fold. pl. 23½cm.
216 1101 180 40 Folded
423 1102 131 48 plate
582 1101 228 40 mounted
839 1112 59 29 on
924 1112 42 38 p.
999 1100 39 50 [3]
1085 1101 53 39 of
1165 1111 153 30 cover.

216 1157 257 41 Foreword
503 1158 195 48 signed:
728 1157 44 40 J.
801 1158 185 40 Arthur
1019 1157 171 40 Brock.

145 1213 51 51 ©
231 1217 99 40 Oct.
365 1217 68 41 27,
467 1215 112 40 1933;
641 1215 67 39 2c.
743 1215 100 40 Oct.
876 1215 82 39 31:
994 1213 81 40 aff.
1113 1214 102 40 Oct.
1249 1214 81 46 30;
1367 1215 41 37 A
1441 1214 169 46 66858;
1649 1215 226 39 Farmers
1911 1214 36 39 &

210 1225 1916 88 manufacturers
484 1273 106 39 beet
621 1282 146 35 sugar
796 1281 128 29 assn.
998 1270 281 49 (33-32215)

143 1360 245 54 Federal
436 1366 272 63 reporter.
788 1359 218 54 Second
1053 1359 186 53 series.
1317 1360 169 53 Cases
1536 1362 213 67 argued
1800 1362 112 52 and
213 1361 1904 131 determined

434 1439 60 53 in
524 1440 95 54 the
649 1438 218 56 United
900 1438 188 55 States
1122 1438 221 55 Circuit
1370 1445 188 46 courts
1588 1438 63 54 of
1681 1439 250 68 appeals,
1962 1440 179 55 Court

214 1519 63 52 of
327 1520 232 67 appeals
606 1518 65 53 of
718 1519 96 52 the
860 1518 246 53 District
1154 1518 62 51 of
1267 1517 300 56 Columbia
1618 1518 113 51 and
1779 1518 96 51 the
1924 1518 216 54 United

216 1596 187 55 States
454 1595 181 55 Court
682 1597 63 51 of
795 1602 243 47 customs
1088 1596 112 52 and
1250 1601 202 62 patent
1498 1597 250 67 appeals.
1823 1596 163 54 With
2034 1596 108 68 key

211 1675 237 52 number
512 1675 378 52 annotations,
966 1691 50 35 v.
1081 1678 64 48 65
1179 1674 127 68 (2d)
1392 1674 533 68 July-September,
1991 1677 150 50 1933.

217 1751 83 56 St.
328 1754 165 66 Paul,
519 1755 160 53 West
705 1753 335 68 publishing
1068 1772 98 48 co.,
1198 1756 148 48 1933.

212 1826 974 49 xxiv, 1108 p. incl. front. (map) 26 cm.
147 1879 51 52 ©
226 1884 101 41 Oct.
354 1883 69 48 26.,
450 1883 140 42 1933;
619 1884 66 39 2c.
714 1884 117 39 Nov.
860 1884 81 40 17:
972 1882 82 41 aff.
1082 1883 117 39 Nov.
1229 1883 81 41 18;
1341 1883 40 38 A
1409 1882 170 43 68160;
1611 1883 134 39 West
1773 1883 108 47 pub.
1910 1893 68 28 co.

143 2027 241 68 Fowler,
420 2032 176 64 Gene,
631 2033 172 50 1891-

213 2105 228 54 Timber
469 2106 142 67 line;
644 2126 31 33 a
703 2111 155 62 story
889 2107 62 52 of
982 2105 219 53 Bonfils
1229 2106 112 52 and
1374 2106 289 66 Tammen,
1692 2106 73 68 by
1797 2104 153 55 Gene
145 2105 1970 133 Fowler.
315 2183 136 53 New
490 2184 176 68 York,
706 2182 211 69 Covici,
954 2183 223 68 Friede,
1217 2187 149 50 1933.

212 2254 86 41 480
330 2265 41 38 p.
433 2255 26 38 2
493 2258 122 45 port.
676 2255 115 40 22cm.

214 2311 1760 49 “First printing, October, 1933 … third printing, October, 1933.”
147 2369 51 51 ©
227 2373 101 40 Oct.
355 2373 69 46 31,
453 2372 139 46 1933;
622 2373 65 39 2c.
716 2373 96 39 and
839 2372 79 39 aff.
949 2372 117 41 Nov.
1095 2373 53 45 7;
1179 2372 40 38 A
1247 2372 169 46 67013;
1450 2372 52 41 G.
1532 2373 202 47 Fowler,
1812 2382 71 30 Kew
1914 2372 232 46 Gardens,

214 2430 48 38 L.
291 2431 51 45 I.,
369 2430 54 38 N.
450 2429 52 39 Y.
575 2429 279 49 (33-32406)

145 2516 303 68 Freeman,
481 2517 257 55 Richard
770 2519 239 64 Austin,
1044 2522 170 49 1862-

215 2595 102 54 Dr.
363 2596 348 69 Thorndyke
754 2597 336 68 intervenes,
1137 2597 72 68 by
1255 2598 70 52 R.
1370 2597 211 53 Austin
1628 2598 294 53 Freeman.
2002 2597 137 54 New

151 2674 171 68 York,
349 2675 189 67 Dodd,
564 2674 171 53 Mead
764 2678 46 50 &
837 2693 297 50 company,
1165 2679 151 50 1933.

217 2747 599 49 v p., 1 l., 344 p. 19 cm .
149 2801 51 52 ©
226 2806 117 39 Nov.
369 2806 39 46 3,
435 2805 140 46 1933;
604 2806 65 39 2c.
698 2806 117 39 Nov.
844 2807 50 45 7;
924 2805 82 40 aff.
1033 2806 118 40 Nov.
1180 2805 51 47 9;
1260 2806 41 38 A
1328 2806 170 46 67018;
1529 2807 153 46 Dodd,
1713 2807 141 39 Mead
1883 2807 37 39 &
1944 2817 82 36 co.,
2055 2807 92 41 inc.

228 2862 279 47 (33-32224)

147 2948 252 68 Gallner,
433 2952 254 53 Edward
719 2953 219 64 Anton,
974 2956 172 49 1903-
1324 2970 179 50 comp.

217 3029 121 52 The
377 3028 239 69 tragedy
658 3028 111 54 and
810 3029 202 52 horror
1052 3028 63 52 of
1157 3048 131 34 war.
1366 3030 312 67 Forgotten
1718 3047 126 34 men
1886 3048 85 37 ed.
2049 3029 90 51 An

147 3124 170 50 exposé
379 3106 62 52 of
473 3106 93 52 the
598 3125 118 34 war
748 3106 208 68 racket,
989 3106 190 54 edited
1214 3106 112 53 and
1360 3106 281 69 compiled
1673 3107 73 68 by
1780 3106 255 54 Edward
2070 3106 70 51 A.

148 3183 1714 70 Gallner … [New York, Independent book corp., c 1933]
214 3255 68 47 63,
322 3257 53 48 [1]
409 3266 42 37 p.
512 3256 127 40 illus.
669 3255 132 48 (incl.
838 3257 173 47 ports.)
1083 3257 56 39 23
1143 3260 43 20 cm
1191 3290 8 7 .

217 3313 129 39 “The
376 3312 180 40 motion
589 3313 200 47 picture,
823 3314 274 47 ‘Forgotten
1130 3315 136 47 men’,
1315 3314 56 50 [is]
1404 3327 26 29 a
1463 3315 205 48 moving,
1699 3316 157 39 visual
1893 3318 166 38 record
2090 3317 51 39 of

149 3369 1944 52 the world war … This book … brings you cold figures, actual facts …
147 3426 1405 50 authentic data … [and] photographs.”—Foreword.
151 3482 51 51 ©
237 3487 116 47 July
387 3488 38 45 1,
461 3487 111 39 1933;
635 3487 67 40 2c.
738 3487 95 39 and
868 3487 79 39 aff.
986 3487 100 40 Oct.
1124 3487 80 43 19;
1243 3489 40 37 A
1317 3488 169 45 65711;
1527 3490 330 46 Independent
1893 3490 122 38 book
220 3500 1910 90 corporation.
528 3543 278 47 (33-32237)

150 3624 196 64 Garst,
378 3625 221 53 Robert
633 3626 271 54 Edward.

217 3699 311 54 Headlines
559 3702 111 52 and
701 3702 307 66 deadlines,
1037 3722 30 34 a
1099 3705 228 52 manual
1360 3703 94 54 for
1484 3704 377 69 copyeditors,
1889 3704 75 69 by
150 3704 1968 125 Robert

276 3779 1866 57 E. Garst … and Theodore Menline Bernstein … New
153 3853 175 63 York,
359 3856 299 54 Columbia
689 3857 317 68 university
1037 3878 173 47 press,
1242 3863 150 49 1933.

221 3926 1272 55 xi, 217 p., 1 l. illus. (facsims.) diagrs. 19½ cm .
155 3980 50 51 ©
233 3986 116 40 Nov.
379 3988 38 44 1,
446 3986 139 47 1933;
617 3988 65 39 2c.
713 3988 115 39 Nov.
858 3989 52 44 2;
943 3989 79 39 aff.
1053 3990 118 39 Nov.
1200 3990 53 46 3;
1285 3990 40 39 A
1354 3990 169 47 66873;
1556 3990 250 41 Columbia
1839 3990 128 42 univ.
1997 4002 149 36 press.

233 4042 277 48 (33-32253)
