2597 4403
1310 4093 69 50 42

329 402 122 54 The
496 401 232 56 concise
775 401 298 58 Standard
1120 399 328 71 dictionary
1492 399 64 54 of
1599 400 99 54 the
1740 399 252 67 English
2034 400 318 70 language;

397 481 276 70 designed
702 486 58 47 to
789 480 131 69 give
950 480 96 53 the
1076 479 422 69 orthography,
1527 476 466 72 pronunciation,
2023 478 114 53 and
397 496 1935 134 meaning

539 558 65 55 of
644 558 178 55 about
858 560 193 66 38,000
1091 558 190 53 words
1322 557 115 54 and
1477 556 237 70 phrases
1756 555 60 55 in
1859 556 99 54 the
1996 557 203 69 speech
2241 556 118 58 and

398 638 301 55 literature
747 636 67 55 of
859 637 98 54 the
1008 635 563 71 English-speaking
1619 635 261 70 peoples;
1931 634 105 56 780
2086 635 273 70 pictorial

398 717 417 68 illustrations;
869 715 281 71 abridged
1203 714 155 54 from
1409 715 96 54 the
1557 715 173 53 Funk
1781 716 47 53 &
1877 714 307 71 Wagnalls
2232 731 128 39 new

401 796 296 57 Standard
735 795 328 70 dictionary
1100 794 65 54 of
1199 794 97 54 the
1335 793 251 72 English
1621 795 287 70 language
1943 792 78 72 by
2058 793 197 56 James
2294 792 65 59 C.

399 876 256 54 Fernald
686 919 57 10 …
810 873 58 54 A
893 892 126 37 new
1045 874 106 68 ed.,
1177 871 289 72 carefully
1489 892 117 35 rev.
1633 873 76 70 by
1737 872 203 55 Frank
1963 873 80 54 H.
2071 872 289 72 Vizetelly

404 999 58 10 …
541 955 142 54 New
727 953 167 55 York
937 953 114 54 and
1095 953 265 69 London,
1403 951 174 55 Funk
1619 952 46 52 &
1706 952 306 70 Wagnalls
2058 969 304 54 company,

401 1037 153 52 1932.

401 1120 43 36 v,
479 1110 70 50 [1],
581 1107 86 42 583
696 1118 44 38 p.
805 1106 131 43 illus.
999 1105 149 44 16½cm.

335 1163 53 54 ©
418 1169 112 40 Dec.
561 1166 70 48 19,
661 1166 144 48 1932;
834 1166 69 41 2c.
934 1167 96 40 and
1061 1165 84 41 aff.
1175 1166 110 40 Jan.
1316 1166 70 48 12,
1415 1164 144 49 1933;
1593 1165 41 40 A
1663 1165 172 49 58807;
1869 1164 143 42 Funk
2041 1165 37 41 &
2108 1165 255 48 Wagnalls

404 1237 67 29 co.
545 1223 253 52 (33-2449)

332 1332 376 64 Conyngton,
740 1330 280 65 Thomas,
1055 1335 175 51 1855-

401 1409 275 54 Business
709 1409 130 68 law,
872 1408 77 69 by
983 1408 252 53 Thomas
1272 1406 350 71 Conyngton
1663 1450 56 11 …
1798 1408 72 53 3d
1906 1426 116 35 rev.
2060 1408 68 54 ed.
2219 1408 141 54 New

331 1488 184 69 York,
543 1488 122 54 The
694 1488 232 53 Ronald
954 1506 160 51 press
1143 1504 285 52 company
1465 1489 196 65 [c1933]

403 1573 113 38 xxv,
545 1561 85 41 702
656 1571 44 39 p.
762 1561 57 39 22
823 1564 44 21 cm
872 1593 9 8 .

337 1618 52 52 ©
420 1622 112 40 Jan.
561 1619 69 49 19,
660 1619 143 49 1933;
834 1619 69 42 2c.
933 1621 97 39 and
1059 1618 82 42 aff.
1173 1620 111 41 Jan.
1315 1618 83 48 23;
1431 1618 41 40 A
1502 1618 172 43 59060:
1706 1620 193 40 Ronald
1929 1630 141 38 press
2098 1630 67 31 co.

415 1678 254 50 (33-2332)

333 1784 253 66 Covello,
617 1784 292 56 Leonard.

403 1861 161 56 First
598 1863 201 53 reader
832 1863 62 52 in
927 1862 239 68 Italian,
1198 1862 77 69 by
1308 1862 267 54 Leonard
1612 1863 234 56 Covello
1888 1907 55 9 …
1985 1863 114 53 and
2135 1863 222 54 Annita

332 1943 69 55 E.
433 1942 289 57 Giacobbe
759 1987 56 10 …
896 1943 141 52 New
1069 1941 182 68 York,
1281 1943 122 52 The
1433 1942 339 53 Macmillan
1802 1961 302 50 company,
2137 1947 151 49 1933.

403 2015 1061 51 xvi p., 1 l., 323 p. illus., map. 19½ cm .
337 2071 53 54 ©
420 2076 112 41 Jan.
560 2075 70 49 10,
658 2074 144 50 1933;
832 2075 70 41 2c.
931 2077 97 39 and
1058 2074 84 42 aff.
1171 2076 111 40 Jan.
1310 2076 84 46 11;
1425 2075 43 39 A
1496 2074 174 49 57867;
1701 2074 286 42 Macmillan
2016 2085 68 31 co.

416 2133 254 50 (33-2143)

333 2240 289 66 D’Orsay,
653 2241 307 54 Laurence
989 2241 71 54 R.

404 2317 221 57 Stories
652 2337 114 50 you
796 2337 106 35 can
933 2318 121 69 sell,
1084 2318 77 70 by
1191 2317 294 54 Laurence
1514 2316 269 72 D’Orsay
1820 2360 58 10 …
1949 2317 57 53 A
2036 2318 227 53 volume
2295 2316 67 56 of

331 2397 273 54 collected
636 2397 203 54 stories
871 2395 66 56 of
966 2397 233 54 various
1229 2397 326 68 acceptable
1587 2402 185 64 types,
1801 2397 144 53 with
1979 2397 382 70 explanatory

332 2476 263 70 analyses
632 2476 76 70 by
746 2476 99 54 the
880 2476 227 68 author,
1146 2475 265 71 showing
1445 2475 132 53 how
1615 2476 153 68 plots
1807 2493 136 53 may
1980 2475 71 55 be
2088 2475 272 55 obtained

332 2555 114 53 and
473 2555 202 53 stories
703 2555 234 53 written
963 2554 114 53 and
1105 2554 125 53 sold
1258 2554 76 69 by
1362 2554 97 53 the
1485 2555 217 52 reader.
1765 2553 278 55 Author’s
2073 2555 86 53 ed.
2245 2555 116 54 [Los

330 2632 272 71 Angeles]
635 2632 241 67 Parker,
906 2631 177 57 Stone
1111 2633 46 50 &
1186 2630 184 56 Baird
1401 2651 99 51 co.,
1532 2635 152 52 1932.

406 2706 785 49 1 p. l., v-viii, 9-282 p. 20 cm .
339 2762 52 52 ©
427 2767 111 41 Dec.
573 2766 71 48 20,
679 2765 142 47 1932;
859 2764 68 42 2c.
963 2767 96 39 and
1093 2765 84 42 aff.
1212 2766 111 40 Jan.
1359 2766 41 47 3,
1436 2766 144 48 1933;
1617 2766 41 40 A
1691 2766 172 48 58966;
1902 2766 202 48 Parker,
2144 2767 150 41 Stone
2326 2767 37 41 &

407 2824 155 41 Baird
592 2835 67 30 co.
732 2823 254 50 (33-2320)

334 2913 248 66 Dumas,
615 2913 359 68 Alexandre,
1011 2916 330 55 1802-1870.

401 2991 108 54 Les
534 2991 144 55 trois
702 2992 470 70 mousquetaires,
1195 3011 110 51 par
1327 2992 333 55 Alexandre
1684 2993 250 66 Dumas;
1963 2993 252 70 adapted
2243 2992 115 55 and

332 3070 192 54 edited
562 3070 76 70 by
674 3071 386 70 Marguirette
1102 3070 234 57 Struble
1374 3072 114 53 and
1526 3071 190 54 Helen
1755 3072 82 53 M.
1878 3071 175 70 Eddy
2097 3115 59 10 …
332 3071 2001 132 illustrations
614 3149 76 70 by
726 3150 275 54 Edmund
1037 3149 282 56 Giesbert.
1395 3149 275 72 Chicago,
1704 3150 117 69 Ill.,
1858 3150 122 55 The
2015 3150 343 71 University

331 3227 66 54 of
428 3227 255 71 Chicago
716 3247 159 50 press
909 3262 13 34 [
927 3234 19 23 c
951 3231 153 65 1932]

403 3301 66 44 xi.
498 3301 87 42 282
610 3312 42 39 p.
712 3303 150 40 front.
892 3302 160 50 (map)
1091 3303 128 41 illus.
1279 3301 57 42 20
1339 3303 45 23 cm
1388 3335 9 8 .
1466 3301 302 51 (Half-title:
1794 3302 103 42 The
1925 3300 214 51 Chicago
2168 3302 190 42 French

333 3358 177 48 series)

339 3414 52 52 ©
424 3418 102 40 Oct.
557 3418 42 46 4,
632 3417 142 48 1932;
808 3418 68 41 2c.
908 3418 111 40 Jan.
1051 3419 70 47 18,
1154 3418 142 43 1933:
1332 3418 84 41 aff.
1448 3419 111 40 Jan.
1590 3419 82 42 16:
1708 3419 41 40 A
1780 3418 173 48 57993;
1989 3417 286 51 University
2306 3419 53 40 of

409 3474 225 47 Chicago,
673 3474 226 50 Chicago.
981 3472 55 52 [©
1070 3475 212 49 preface,
1319 3478 154 47 notes,
1510 3478 229 47 cognates
1777 3478 96 39 and
1910 3475 328 51 vocabulaire]

417 3531 253 50 (33-2321)

335 3622 320 66 Eberhart,
685 3626 139 51 Mrs.
856 3623 245 65 Mignon
1134 3625 67 54 G.

412 3741 57 10 …
501 3699 122 54 The
651 3700 173 54 white
854 3700 271 56 cockatoo
1159 3745 56 9 …
1284 3701 237 56 Garden
1551 3702 154 66 City,
1733 3702 71 52 N.
1836 3701 91 67 Y.,
1956 3701 145 53 Pub.
2132 3700 96 54 for
2256 3701 95 53 the

337 3775 195 56 Crime
562 3777 148 68 club,
740 3779 129 58 inc.,
900 3779 74 67 by
1005 3779 361 68 Doubledav,
1397 3781 200 53 Doran
1630 3783 45 51 &
1707 3798 301 49 company,
2037 3780 127 66 inc.,
2199 3783 153 50 1933.

407 3849 538 53 3 p. l., 314 p. 20 cm .
410 3907 164 43 “First
603 3909 229 41 edition.”

338 3961 52 52 ©
418 3965 112 41 Jan.
555 3967 41 44 3.
653 3966 112 42 1933:
793 3966 68 42 2c.
888 3968 95 39 and
1012 3966 83 42 aff.
1122 3967 112 41 Jan.
1261 3967 53 48 5;
1343 3968 40 39 A
1411 3967 171 49 59088;
1614 3969 62 40 M.
1707 3968 53 41 G.
1788 3968 257 48 Eberhart,
2076 3967 105 41 Oak
2209 3967 146 48 Park,

407 4023 76 40 Ill.
555 4022 253 54 (33-2219)
