2568 4328
1172 4070 65 49 35

205 419 193 65 Cram,
429 418 193 64 Ralph
652 418 245 65 Adams,
930 423 173 50 1863-

273 499 121 53 The
421 497 296 55 cathedral
744 495 65 56 of
836 497 203 53 Palma
1067 496 69 55 de
1163 496 309 69 Mallorca;
1505 514 75 37 an
1606 496 407 55 architectural
2040 495 172 70 study

208 577 109 67 [by]
356 577 195 67 Ralph
582 576 221 53 Adams
836 575 175 55 Cram
1047 617 57 11 …
1185 574 366 70 Cambridge,
1581 575 194 69 Mass.,
1808 576 123 53 The
202 575 1988 133 Mediaeval
323 655 271 66 academy
621 653 65 54 of
711 653 287 68 America,
1026 655 152 51 1932.

271 724 1940 52 vi, 16 p., 1 l., XXIV pl. (incl. plans) on 12 l. 33 cm . (Half-title: The
203 784 272 40 Mediaeval
506 785 231 46 academy
766 783 53 41 of
844 782 241 41 America.
1145 782 308 41 Publication
1483 793 76 32 no.
1588 782 81 49 14)

274 841 182 40 “Three
496 841 223 39 hundred
758 840 159 48 copies
955 839 52 41 of
1045 839 100 41 this
1183 839 111 41 first
1331 838 186 42 edition
1557 839 123 40 have
1721 839 118 40 been
1879 838 194 49 printed
2114 838 98 42 and

202 896 169 48 signed
402 897 59 48 by
493 897 85 40 the
605 896 222 41 author.”
888 896 119 40 This
1039 906 119 38 copy
1189 895 192 41 neither
1412 895 265 40 numbered
1709 906 90 30 nor
1829 894 183 49 signed.

205 950 52 52 ©
285 955 111 40 Dec.
423 954 69 47 15,
520 953 141 47 1932;
691 953 68 40 2c.
786 953 113 41 Dec.
926 952 83 48 19;
1039 952 81 41 aff.
1150 953 112 41 Dec.
1290 953 84 46 27;
1404 953 44 41 A
1473 952 172 47 58659;
1676 952 275 41 Mediaeval
1978 953 233 46 academy

274 1011 52 39 of
349 1010 238 41 America.
659 1009 251 49 (33-1621)

202 1100 253 65 Daudet,
484 1099 321 65 Alphonse,
838 1099 326 55 1840-1897.

270 1177 83 54 La
384 1174 522 56 Belle-Nivernaise
940 1183 53 48 et
1025 1181 187 50 autres
1244 1181 204 63 contes,
1481 1193 106 50 par
1619 1174 296 69 Alphonse
1948 1174 259 67 Daudet;

201 1254 189 55 edited
419 1253 92 53 for
540 1254 188 53 school
754 1272 96 35 use
879 1253 75 68 by
981 1253 160 54 Ruth
1167 1252 403 53 Hendrickson
1599 1251 161 55 Allee
1796 1296 57 10 …
1884 1252 327 53 illustrated

202 1331 73 69 by
316 1332 76 52 H.
438 1331 70 51 D.
552 1329 301 55 Williams.
932 1330 138 54 New
1116 1328 180 71 York,
1339 1328 331 56 Cincinnati
1736 1333 120 65 [etc.]
1904 1329 305 55 American

201 1408 145 54 book
376 1426 279 51 company
690 1443 14 34 [
709 1415 18 22 c
732 1410 153 66 1933]

269 1479 97 49 xiv,
396 1479 88 41 326
514 1491 44 37 p.
588 1480 110 40 incl.
726 1479 164 49 front.,
921 1479 128 42 illus.
1107 1490 126 37 map.
1292 1479 56 40 16½
1381 1481 45 22 cm
1430 1512 9 9 .

205 1536 51 53 ©
283 1542 109 39 Jan.
417 1541 40 46 3,
483 1540 142 47 1933;
653 1539 67 41 2c.
748 1541 96 39 and
871 1538 82 42 aff.
981 1540 109 39 Jan.
1118 1540 81 46 13;
1228 1539 42 39 A
1296 1539 172 47 57906;
1497 1539 160 42 Amer.
1683 1540 125 40 book
1833 1551 68 30 co.
1981 1536 52 52 [©
275 1540 1917 106 introduction,
516 1598 254 47 exercises,

798 1599 151 45 notes,
979 1597 328 50 vocabulaire]
1379 1597 253 49 (33-1770)

199 1678 85 52 De
314 1680 133 64 Lee,
475 1680 222 64 Joseph
726 1678 257 65 Bolivar,
1015 1684 172 50 1869-

271 1758 122 53 The
426 1757 313 69 principles
774 1757 114 53 and
923 1757 250 68 practice
1208 1755 64 55 of
1306 1756 317 68 obstetrics,
1654 1756 77 70 by
1766 1756 218 69 Joseph
2021 1758 66 51 B.
2125 1756 87 53 De

202 1836 110 53 Lee
351 1879 56 9 …
446 1836 142 52 with
626 1839 133 49 1221
795 1836 381 53 illustrations
1212 1854 72 35 on
1321 1839 101 49 923
1457 1835 230 70 figures,
1721 1838 101 51 265
1859 1835 65 53 of
1959 1836 157 52 them
2151 1836 59 52 in

202 1916 195 52 colors.
476 1916 98 52 6th
615 1915 104 68 ed.,
757 1915 352 69 thoroughly
1150 1933 114 35 rev.
1341 1915 412 69 Philadelphia
1797 1915 113 53 and
1951 1914 261 69 London,

199 1993 89 55 W.
318 1994 68 52 B.
417 1993 291 55 Saunders
736 2012 299 51 company,
1067 1997 151 50 1933.

273 2068 96 49 xvi,
398 2068 115 40 1165
541 2080 42 37 p.
641 2069 128 40 illus.
799 2069 136 48 (part
962 2069 114 50 col.)
1113 2070 87 40 col.
1229 2070 171 47 plates,
1430 2068 181 50 diagrs.
1668 2068 58 41 26½
1757 2071 44 21 cm
1806 2101 8 8 .

275 2124 336 42 “Literature”
640 2128 52 38 at
718 2127 93 39 end
837 2126 50 40 of
914 2128 126 38 most
1067 2126 51 40 of
1146 2126 81 40 the
1255 2127 243 47 chapters.

205 2178 52 52 ©
283 2183 111 41 Jan.
419 2183 39 47 3,
486 2182 141 48 1933;
656 2183 67 39 2c.
751 2183 111 39 Jan.
887 2184 54 46 4;
971 2183 82 41 aff.
1081 2184 110 39 Jan.
1219 2184 53 46 7;
1302 2184 44 39 A
1369 2184 172 47 58743;
1572 2185 72 39 W.
1671 2184 55 39 B.
1757 2183 246 41 Saunders
2032 2193 68 31 co.

282 2239 251 48 (33-1528)

201 2329 145 64 Dell,
373 2328 179 56 Ethel
578 2331 159 63 May.

270 2405 121 53 The
423 2405 197 68 prison
652 2406 151 69 wall,
834 2406 75 69 by
941 2405 173 54 Ethel
1145 2406 79 53 M.
1257 2406 150 53 Dell.
1475 2407 141 53 New
1647 2405 181 69 York,
1862 2405 69 56 G.
1966 2407 65 53 P.
200 2407 1982 130 Putnam’s
405 2501 148 50 sons,
584 2486 152 51 1933.

271 2556 719 49 5 p. l., ix-xx, 292 p. 19 cm .
206 2610 52 53 ©
285 2615 108 40 Jan.
421 2615 69 47 13,
518 2614 140 48 1933;
686 2614 68 42 2c.
782 2616 110 40 Jan.
919 2614 82 49 20;
1032 2614 81 41 aff.
1142 2616 111 41 Jan.
1280 2614 83 50 19;
1392 2616 42 40 A
1461 2615 172 49 58962;
1664 2616 144 41 Ethel
1837 2617 140 47 Mary
2008 2615 201 50 Savage,

275 2672 68 41 St.
374 2672 195 48 Mary’s,
601 2672 317 48 Winchester,
951 2674 236 46 England.
1259 2673 252 48 (33-1848)

202 2762 229 65 Dingle,
462 2763 208 54 Edwin
698 2763 174 57 John.

270 2840 178 54 Life’s
501 2840 167 54 elixir
721 2841 356 66 discovered;
1132 2839 396 70 scientifically
1580 2858 217 51 proven
1848 2840 212 69 regime
2115 2840 92 53 for

201 2918 229 53 radiant
465 2918 730 68 health—beauty—youth
1231 2920 113 51 and
1379 2920 265 66 personal
1679 2918 224 69 charm;
1941 2919 98 54 the
2073 2919 135 70 only

203 3014 130 50 easy
385 3015 142 49 way.
604 2997 91 66 By
748 2995 210 53 Edwin
1010 2997 55 53 J.
1119 2995 212 69 Dingle
1389 3039 57 10 …
1525 2996 112 54 Los
1690 2995 267 70 Angeles,
2011 2996 196 71 Calif.,

200 3074 452 68 Mentalphysics
708 3075 153 66 [1932]

272 3149 54 40 63
356 3160 44 37 p.
458 3147 60 41 20c
535 3149 29 22 m
567 3178 11 11 .

274 3205 161 40 “First
463 3204 231 49 printing,
726 3203 265 40 December
1018 3201 159 44 1932.”

207 3258 52 52 ©
291 3263 112 40 Dec.
434 3262 70 47 15,
536 3260 140 47 1932;
709 3260 69 41 2c.
810 3262 96 39 and
938 3260 83 40 aff.
1054 3261 110 39 Jan.
1197 3260 39 48 5,
1270 3259 140 49 1933;
1446 3261 42 39 A
1521 3261 170 48 58715;
1727 3264 52 38 E.
1815 3263 43 40 J.
1893 3261 188 50 Dingle,
2114 3264 94 40 Los

273 3318 220 48 Angeles.
564 3317 250 49 (33-1825)

202 3408 303 65 Donovan,
535 3408 226 64 George
791 3406 264 65 Francis,
1087 3413 170 49 1901-

274 3486 121 52 The
423 3484 558 70 pre-revolutionary
1010 3485 155 53 Irish
1194 3486 60 51 in
1283 3485 463 69 Massachusetts,
1777 3487 329 70 1620-1775,
2134 3486 74 71 by

205 3563 220 70 George
463 3564 241 53 Francis
741 3563 283 54 Donovan
1066 3607 57 9 …
1208 3598 13 33 [
1224 3564 297 68 Menasha,
1557 3564 162 69 Wis.,
1757 3564 224 71 George
2018 3568 190 52 Banta

204 3643 335 70 publishing
569 3660 297 52 company,
896 3649 18 23 c
919 3645 154 67 1932]

271 3718 651 48 4 p. l., 158 p., 1 l. 23 cm .
273 3775 172 41 Thesis
483 3776 108 48 (PH.
652 3774 177 47 D.)—St.
858 3775 147 41 Louis
1035 3773 286 51 university,
1351 3775 129 42 1931.

274 3831 141 42 “Vita
444 3832 260 41 auctoris.”

275 3887 376 49 Bibliography:
682 3899 42 37 p.
758 3888 247 50 [140]-153.

209 3940 52 52 ©
286 3945 110 41 Dec.
420 3944 70 48 22.,
516 3945 140 47 1932;
683 3946 67 40 2c.
776 3946 110 40 Jan.
911 3946 69 48 13,
1006 3944 141 49 1933;
1175 3945 81 40 aff.
1283 3947 111 39 Jan.
1420 3946 83 48 12;
1532 3946 41 39 A
1598 3945 145 42 58902;
1797 3946 54 41 G.
1877 3947 50 38 F.
1956 3948 250 48 Donovan,

275 4001 221 41 Webster
522 4001 167 47 Grove,
716 4002 93 40 Mo.
879 4002 252 46 (33-1538)
