2484 4405
1117 4099 135 51 1117

163 451 343 65 Edelmann,
538 449 258 56 Richard
826 447 304 67 Heinrich,
1166 453 171 50 1861-

233 527 321 55 Text-book
594 526 63 55 of
698 533 149 47 meat
891 525 261 70 hygiene,
1197 524 140 53 with
1381 523 211 69 special
1637 522 418 54 consideration
2102 522 64 54 of

163 611 373 49 antemortem
559 606 111 52 and
697 609 372 64 postmortem
1093 602 318 69 inspection
1438 600 64 55 of
1529 600 490 71 food-producing

163 600 2002 152 animals, by Richard Edelmann … 6th rev. ed. by John R.
164 757 2002 71 Mohler … and Adolph Eichhorn … with 162 illustrations and
166 845 29 48 5
228 840 222 54 colored
485 839 200 69 plates.
753 836 428 70 Philadelphia,
1215 836 115 54 Lea
1362 837 47 52 &
1442 834 262 71 Febiger,
1739 837 151 53 1933.

238 908 1346 56 vi, [17]-474 p. illus. (inch plans) v col. pl. 24 cm .
169 968 51 52 ©
249 973 116 46 July
390 973 69 46 26,
488 972 113 40 1933
620 982 8 36 ;
659 972 67 39 2c.
754 972 95 38 and
877 970 82 41 aff.
989 971 117 46 July
1133 969 82 47 28;
1246 970 41 38 A
1315 968 170 47 64530;
1517 969 94 40 Lea
1641 969 36 40 &
1707 968 215 48 Febiger.

246 1029 279 49 (33-20836)

164 1129 318 66 Edginton,
511 1131 186 53 Helen
723 1129 249 65 Marion,
1003 1133 174 50 1883-

237 1205 1932 71 I like you so much, by May Edginton … New York, The
167 1286 841 62 Macaulay company [ c 1933]
236 1359 87 41 256
349 1370 45 38 p.
454 1359 55 40 19
513 1361 15 21 cm
561 1392 9 8 .

172 1414 51 53 ©
251 1419 119 48 Aug.
398 1420 68 46 11,
494 1418 141 47 1933;
663 1418 67 41 2c.
759 1419 95 39 and
882 1417 82 41 aff.
993 1418 119 48 Aug.
1142 1416 82 48 15;
1255 1416 42 41 A
1323 1416 169 48 64723;
1524 1417 156 40 Helen
1710 1415 191 43 Marion
1930 1416 243 47 Edginton

239 1476 156 48 Baily,
425 1476 212 40 London.
708 1475 280 48 (33-21131)

168 1564 306 65 Emerson,
504 1564 248 57 Charles
775 1564 266 66 Phillips,
1074 1566 171 55 1872-

170 1641 2003 149 … Essentials of medicine, a text-book of medicine for students beginning a medical course, for nurses, and for all others
171 1800 302 53 interested
502 1800 60 52 in
590 1800 95 52 the
713 1819 127 33 care
868 1798 63 54 of
957 1799 97 54 the
1081 1798 137 69 sick,
1245 1800 74 69 by
1350 1798 236 55 Charles
1615 1798 252 70 Phillips
1896 1801 276 54 Emerson

171 1877 2002 150 … Nellie Gates Brown … assisting in this revision. Illustrated by the author. 11th ed.—rev. and reset. Philadelphia
222 2036 1364 68 & London, J. B. Lippincott company [ c 1933]
242 2112 99 46 xxi,
374 2111 86 40 608
490 2122 43 37 p.
593 2111 143 47 illus.,
769 2110 179 48 diagrs.
1007 2109 55 40 21
1067 2111 44 21 cm
1117 2141 9 9 .
1196 2109 343 49 (Lippincott's
1570 2111 204 48 nursing
1804 2110 249 48 manuals)

177 2167 51 52 ©
257 2172 115 46 July
398 2171 69 47 18,
495 2170 113 40 1933
627 2180 9 36 ;
666 2170 66 39 2c.
763 2171 95 38 and
887 2168 80 41 aff.
999 2170 117 46 July
1144 2169 82 46 25;
1258 2169 41 39 A
1328 2169 169 47 63745;
1530 2170 43 39 J.
1604 2171 54 39 B.
1688 2169 277 49 Lippincott
1995 2180 66 30 co.

252 2227 280 49 (33-20953)

171 2314 255 66 Frasier,
457 2315 226 65 George
710 2314 262 65 Willard,
1005 2320 171 50 1890-

243 2395 95 52 An
361 2394 390 53 introduction
776 2399 58 47 to
862 2394 317 54 education.
1252 2395 98 67 (3d
1375 2395 113 67 ed.)
1562 2398 91 65 By
1679 2396 220 68 George
1924 2396 249 56 Willard

175 2473 1999 71 Frasier … and Winfield Dockery Armentrout … Chicago,
174 2550 1663 72 Atlanta [etc.] Scott, Foresman and company [ c 1933]
247 2626 88 39 xiii
362 2635 56 38 p.,
445 2629 24 37 1
531 2657 8 15 l.,
566 2625 86 39 422
679 2636 42 37 p.
781 2625 164 47 front.,
973 2627 150 46 ports.
1183 2625 55 40 19½
1271 2627 45 21 cm
1320 2656 9 9 .

248 2681 348 42 “References”
625 2685 52 37 at
703 2684 90 38 end
824 2683 52 39 of
903 2683 119 39 each
1046 2682 220 48 chapter.

180 2736 51 52 ©
260 2741 120 47 Aug.
409 2741 38 46 5,
477 2740 140 46 1933;
647 2741 67 40 2c.
744 2742 94 38 and
868 2740 82 41 aff.
979 2741 121 47 Aug.
1130 2740 52 47 9;
1212 2741 42 38 A
1283 2741 170 47 63840;
1489 2742 147 47 Scott,
1667 2742 264 40 Foresman
1960 2743 37 39 &
2025 2753 66 29 co.

255 2798 280 48 (33-20795)

175 2883 373 69 Frischauer,
578 2888 164 64 Paul,
776 2890 168 51 1898-

247 2966 174 52 Prinz
451 2965 229 67 Eugen;
713 2965 89 52 ein
830 2966 228 53 mensch
1086 2967 117 52 und
1232 2967 248 52 hundert
1510 2967 164 68 jahre
1700 2968 337 69 geschichte,
2065 2988 111 34 von

178 3044 147 52 Paul
349 3043 367 67 Frischauer;
742 3043 106 53 mit
874 3049 63 48 55
963 3043 401 69 abbildungen.
1426 3044 199 55 Berlin
1658 3052 138 62 [etc.]
1825 3049 65 52 P.
1916 3048 261 68 Zsolnay,

181 3125 148 50 1933.

249 3194 84 41 471
363 3206 44 37 p.
466 3196 170 46 plates,
664 3197 164 47 ports.,
857 3205 137 39 maps
1020 3195 49 49 (1
1097 3195 147 49 fold.)
1311 3195 59 42 20½
1399 3199 45 22 cm
1448 3228 10 10 .

254 3251 142 43 “1.-5.
423 3251 250 41 tausend.”

253 3308 608 42 “Literaturverzeichnis”
881 3320 9 29 :
922 3320 44 38 p.
992 3308 219 43 465-471.

185 3362 1996 57 © Mar. 16, 1933; 1c. June 19; A-Foreign 21304; Paul Zsolnay verlag,
252 3434 42 29 a.
321 3434 40 37 g.
436 3423 278 49 (33-20543)

182 3511 212 65 Fuller,
424 3514 221 53 Robert
672 3514 267 64 Warren,
973 3515 172 55 1871-

253 3590 159 52 First
445 3590 309 68 principles
786 3591 64 53 of
880 3592 246 68 physics,
1156 3593 76 67 by
1264 3594 214 53 Robert
1508 3596 89 54 W.
1632 3595 214 68 Fuller,
1877 3597 302 67 Raymond

188 3669 1987 74 B. Brownlee and D. Lee Baker … Boston, New York [etc.]
185 3746 770 71 Allyn and Bacon [ c 1933]
257 3820 100 47 viii,
390 3820 97 47 799,
520 3821 54 39 13
607 3831 41 37 p.
710 3823 86 39 col.
826 3821 163 48 front.,
1021 3823 144 47 illus.,
1197 3823 86 40 col.
1315 3824 169 47 plates,
1517 3826 163 45 ports.,
1714 3824 178 48 diagrs.
1952 3825 55 40 19½
2040 3829 43 21 cm
2088 3858 10 10 .

192 3872 51 52 ©
271 3878 119 47 Aug.
419 3878 40 47 2,
489 3878 140 46 1933;
660 3879 66 39 2c.
756 3881 97 38 and
881 3880 81 40 aff.
991 3881 119 47 Aug.
1141 3881 82 46 10;
1254 3881 41 38 A
1324 3881 169 41 64687:
1528 3882 53 40 R.
1613 3883 72 40 W.
1716 3883 178 46 Fuller,
1925 3884 259 48 Westport,

261 3934 160 46 Conn.,
455 3934 252 47 Raymond
742 3935 53 40 B.
831 3937 264 46 Brownlee,
1131 3938 297 46 Woodmere,
1464 3939 55 40 N.
1555 3939 67 46 Y.,
1659 3941 94 38 and
1788 3941 57 39 D.
1883 3940 91 39 Lee
2009 3941 174 39 Baker.

262 3990 115 38 New
407 3990 239 48 Rochelle,
676 3992 54 40 N.
761 3992 52 39 Y.
894 3988 51 52 [©
975 4004 106 29 new
1111 3997 194 46 matter]
1378 3995 278 47 (33-20800)
