2484 4405
1123 4109 132 53 1271

239 534 66 39 At
330 534 123 38 head
481 534 53 38 of
560 533 136 39 title:
728 532 206 39 General
963 532 243 46 Mordacq.

174 585 51 51 ©
257 591 120 38 Mar.
407 589 69 46 10,
507 589 112 40 1933;
680 590 18 37 3
709 600 36 29 c.
780 590 126 47 Sept.
937 589 82 46 13;
1051 587 310 47 A-Foreign
1392 586 170 45 22082;
1598 585 239 41 Librairie
1870 586 131 39 Plon.

171 693 212 62 Moses,
412 691 176 56 Belle.

242 768 280 52 Franklin
553 768 220 52 Delano
805 766 318 66 Roosevelt,
1153 765 95 52 the
1277 763 216 53 minute
1523 778 132 35 man
1685 758 65 54 of
1780 758 99 68 ’33,
1906 758 75 67 by
2012 754 159 55 Belle

172 847 200 53 Moses.
447 846 139 53 New
627 845 178 69 York,
844 845 258 67 London,
1142 844 72 52 D.
1255 836 579 74 Appleton-Century
1874 851 299 53 company,

173 925 415 66 incorporated,
619 927 149 50 1933.

245 997 61 46 ix,
338 997 99 44 201,
473 998 53 50 [1]
560 1008 41 37 p.
663 997 162 46 front.,
859 1000 148 45 ports.
1068 995 57 40 19½
1156 997 43 21 cm
1206 1027 9 9 .

246 1055 159 40 “First
439 1054 259 48 printing."

177 1108 51 52 ©
258 1113 126 47 Sept.
411 1113 38 46 8,
476 1113 139 41 1933;
644 1113 66 39 2c.
738 1113 94 38 and
860 1110 82 41 aff.
972 1111 126 47 Sept.
1127 1111 80 44 11;
1238 1110 40 38 A
1304 1108 170 46 64982;
1505 1109 54 38 D.
1589 1105 476 49 Appleton-Century
2092 1114 82 34 co.,

247 1170 89 40 inc.
407 1168 279 50 (33-23791)

172 1272 260 66 Nichols,
466 1275 245 63 George.

246 1349 251 68 Vanitie,
528 1351 100 51 her
658 1349 125 54 first
811 1355 95 47 ten
938 1349 199 67 racing
1168 1367 163 48 years
1363 1348 181 52 under
1573 1347 96 52 the
1702 1347 180 51 colors
1914 1343 63 55 of
2008 1342 165 54 Alex.

180 1426 57 56 S.
284 1427 279 68 Cochran,
607 1428 222 55 Gerard
873 1429 65 52 B.
982 1427 288 67 Lambert,
1313 1426 222 67 George
1576 1424 254 65 Nichols,
1874 1421 300 57 Cornelius

180 1505 358 66 Vanderbilt,
584 1506 197 66 Harry
823 1506 197 67 Payne
1060 1505 294 66 Whitney,
1398 1505 75 66 by
1516 1503 222 66 George
1780 1501 237 53 Nichols
2062 1499 110 54 and

178 1581 259 55 William
475 1582 233 68 Upham
747 1583 189 67 Swan,
973 1583 141 52 with
1154 1602 32 33 a
1223 1581 285 54 foreword
1548 1582 75 65 by
1661 1580 237 55 Charles
1935 1578 240 53 Francis

180 1656 1995 71 Adams … Manchester, Mass., Priv. print, by North shore
177 1756 173 49 press,
381 1738 127 65 inc.,
541 1741 151 50 1933.

252 1807 27 40 3
302 1819 45 38 p.
391 1840 24 18 l.,
440 1810 57 41 57
521 1822 44 37 p.
618 1809 128 42 illus.
775 1809 136 49 (part
939 1810 110 48 col.)
1114 1808 57 40 23½
1204 1811 44 22 cm
1252 1841 8 8 .

253 1866 287 41 Illustrated
569 1869 97 46 t.-p.
699 1867 49 39 in
778 1868 168 39 colors.

255 1922 222 42 Lettered
511 1935 58 28 on
598 1934 166 30 cover:
799 1922 275 41 1914-1932.

255 1979 102 40 “An
383 1979 254 41 historical
665 1982 203 38 account
896 1980 118 39 with
1042 1978 308 50 competitive
1378 1978 241 40 statistics
1647 1978 51 40 of
1724 1990 87 29 one
1840 1978 51 41 of
1916 1978 264 41 America’s

185 2040 124 37 most
347 2037 194 40 famous
577 2037 159 47 major
776 2037 170 48 racing
982 2037 200 47 yachts:
1223 2036 48 39 in
1312 2035 128 47 1914,
1479 2035 113 41 1915
1632 2037 94 39 and
1766 2035 115 41 1920
1918 2047 55 29 as
2011 2045 28 31 a
2078 2036 101 49 gaff

186 2093 163 48 rigged
376 2094 159 48 sloop;
563 2094 49 38 in
640 2093 127 48 1926,
793 2093 113 40 1927
933 2093 95 39 and
1055 2092 115 41 1928
1195 2103 55 29 as
1276 2103 29 29 a
1330 2092 207 48 staysail
1563 2092 259 46 schooner;
1852 2094 95 39 and
1977 2093 48 39 in
2054 2092 126 46 1929,

186 2148 126 49 1930,
343 2150 111 39 1931
482 2151 94 39 and
607 2149 112 41 1932
745 2160 56 29 as
827 2160 29 29 a
886 2148 220 41 Marconi
1133 2149 165 49 rigged
1326 2149 175 48 sloop.”

185 2204 52 52 ©
263 2209 116 46 July
403 2209 69 45 15,
497 2207 139 41 1983:
666 2207 65 40 2c.
759 2207 116 47 July
901 2206 82 46 29;
1011 2205 82 41 aff.
1120 2206 119 47 Aug.
1268 2207 80 45 17;
1378 2207 42 38 A
1444 2206 170 46 68943;
1645 2207 186 39 Gerard
1859 2208 54 40 B.
1941 2206 240 44 Lambert,

252 2266 194 39 Boston.
520 2264 278 48 (33-23648)

179 2367 174 67 Park,
384 2367 254 56 William
670 2367 263 67 Hallock,
967 2371 172 51 1863-

253 2446 353 68 Pathogenic
653 2445 528 69 microorganisms;
1235 2465 30 34 a
1315 2446 276 68 practical
1639 2447 232 52 manual
1923 2445 95 54 for
183 2452 1975 139 students,
390 2523 328 69 physicians
745 2524 113 53 and
883 2524 195 52 health
1107 2523 225 68 officers,
1360 2525 73 67 by
1459 2523 261 55 William
1748 2523 250 55 Hallock
2026 2524 157 53 Park

184 2601 1976 148 … and Anna Wessels Williams … 10th ed., enl. and thoroughly rev., with
817 2683 101 50 215
968 2680 347 69 engravings
1365 2681 111 52 and
1531 2685 62 48 11
1646 2680 285 70 full-page
1985 2682 198 67 plates.

184 2758 426 68 Philadelphia,
637 2758 115 53 Lea
779 2760 45 50 &
853 2758 261 69 Febiger,
1146 2760 150 52 1933.

259 2830 1926 52 ix, 17-867 p. illus., XI pl. (part col.) fold, tab., diagrs., fold. form.
184 2886 57 40 24½
273 2889 44 22 cm
321 2919 8 8 .

259 2944 222 40 Includes
508 2943 391 48 bibliographies.

192 2998 56 51 ©
278 3003 125 47 Sept.
434 3002 38 47 6,
505 3002 138 41 1933:
677 3002 65 40 2c.
778 3002 127 48 Sept.
937 3003 52 45 8;
1023 3002 82 40 aff.
1141 3002 127 48 Sept.
1300 3004 52 45 7;
1386 3004 41 38 A
1458 3004 170 46 65171;
1663 3004 96 40 Lea
1792 3005 36 40 &
1860 3004 215 43 Febiger.

266 3058 279 49 (33-23801)

190 3161 296 64 Perowne,
517 3161 211 65 Barry.

263 3240 229 53 Raffles!
525 3242 111 51 and
666 3243 94 52 the
788 3249 169 46 worst
985 3241 172 55 crime
1186 3242 58 52 in
1271 3243 94 53 the
1395 3244 196 52 world.

290 3315 61 39 (In
376 3311 213 42 Thriller
619 3311 275 52 magazine,
926 3312 132 52 Aug.
1085 3313 71 50 26,
1189 3313 143 50 1933)

195 3365 1995 57 © 1c. Oct. 16, 1933; A ad int. 18266; pubd. Aug. 19; Philip Atkey, New
263 3427 185 46 Milton,
479 3428 174 47 Hants,
685 3429 234 47 England.

189 3527 244 67 Purcell,
466 3528 256 57 Richard
755 3533 238 64 Joseph,
1030 3533 134 54 1887-

261 3607 1927 73 The American nation, by Richard J. Purcell … Boston,
193 3684 1350 74 New York [etc.] Ginn and company [ c 1933]
264 3758 82 47 xii,
379 3761 97 40 744,
510 3760 154 39 lxxvii
696 3772 42 36 p.
798 3761 164 43 front.,
994 3763 128 39 illus.
1152 3761 133 48 (inch
1317 3764 174 47 ports.)
1532 3774 138 37 maps
1697 3763 46 47 (1
1777 3764 197 47 double)
2043 3766 145 40 20½cm.

266 3816 69 39 “A
365 3816 230 41 textbook
626 3817 50 39 in
709 3816 188 50 history
928 3818 197 41 written
1158 3819 78 40 for
1269 3820 220 41 Catholic
1520 3821 116 48 high
1669 3822 201 47 schools,
1904 3822 285 44 academies,

194 3874 95 38 and
317 3872 164 48 junior
512 3873 582 49 colleges.”—Foreword.

266 3929 232 41 Contains
531 3930 390 50 bibliographies.

201 3981 50 52 ©
280 3987 119 48 Aug.
427 3988 69 46 25,
525 3988 113 40 1933:
696 3989 65 40 2c.
793 3991 98 38 and
917 3990 82 41 aff.
1031 3991 128 47 Sept.
1190 3991 52 41 5;
1274 3992 39 38 A
1342 3992 169 46 65144;
1545 3993 52 38 R.
1631 3993 42 40 J.
1705 3994 204 47 Purcell,
267 3994 1910 90 Washington.
432 4044 279 51 (33-28787)
