<alto xmlns="http://www.loc.gov/standards/alto/ns-v3#" xmlns:xsi="http://www.w3.org/2001/XMLSchema-instance" xsi:schemaLocation="http://www.loc.gov/standards/alto/ns-v3# http://www.loc.gov/alto/v3/alto-3-0.xsd"><Description>
<MeasurementUnit>pixel</MeasurementUnit>
<sourceImageInformation>
<fileName>1933_v1_Part1.pdf</fileName>
</sourceImageInformation>
<OCRProcessing ID="IdOcr">
<ocrProcessingStep>
<processingDateTime>2019-01-03</processingDateTime>
<processingSoftware>
<softwareCreator>ABBYY</softwareCreator>
<softwareName>ABBYY Recognition Server</softwareName>
<softwareVersion>4.0</softwareVersion>
</processingSoftware>
</ocrProcessingStep>
</OCRProcessing>
</Description>
<Styles>
<ParagraphStyle ALIGN="Left" FIRSTLINE="0." ID="StyleId-FFFFFFFF-FFFF-FFFF-FFFF-FFFFFFFFFFFF-" LEFT="0." RIGHT="0." />
<ParagraphStyle ALIGN="Left" FIRSTLINE="0." ID="StyleId-6EF5737A-DCEB-4126-A0CF-C5930BF7166A-" LEFT="0." LINESPACE="8.300000191" RIGHT="0." />
<ParagraphStyle ALIGN="Left" FIRSTLINE="0." ID="StyleId-2DE44258-FD0B-41E1-B542-087C989B01A3-" LEFT="0." LINESPACE="12.19999981" RIGHT="0." />
<ParagraphStyle ALIGN="Left" FIRSTLINE="-14." ID="StyleId-CE3D254A-29D7-4DD7-B5F1-E0FC0EF29B05-" LEFT="0." LINESPACE="8.619999886" RIGHT="0." />
<ParagraphStyle ALIGN="Left" FIRSTLINE="-14." ID="StyleId-C0E3A137-CE4F-4287-8A90-B599106709D0-" LEFT="0." LINESPACE="12.19999981" RIGHT="0." />
<ParagraphStyle ALIGN="Left" FIRSTLINE="-14." ID="StyleId-50F26F0C-05DA-4C19-BA58-7A6AC4499BEE-" LEFT="0." LINESPACE="11.06999969" RIGHT="0." />
<ParagraphStyle ALIGN="Center" FIRSTLINE="0." ID="StyleId-5DDE65AF-512C-41E2-9B8E-095D6D99EF68-" LEFT="0." LINESPACE="11.89999962" RIGHT="0." />
<ParagraphStyle ALIGN="Left" FIRSTLINE="0." ID="StyleId-0A81D7A5-6A62-4C52-915E-7768974C704D-" LEFT="0." LINESPACE="9.399999619" RIGHT="0." />
<ParagraphStyle ALIGN="Block" FIRSTLINE="-13." ID="StyleId-F7A0127F-6B48-4157-BB81-FE33E1E1A05B-" LEFT="0." LINESPACE="10.63000011" RIGHT="0." />
<ParagraphStyle ALIGN="Left" FIRSTLINE="0." ID="StyleId-E18C69F7-DBD7-48B1-805C-FCD96D0DA019-" LEFT="0." LINESPACE="11.64000034" RIGHT="0." />
<ParagraphStyle ALIGN="Left" FIRSTLINE="-14." ID="StyleId-98F15501-B611-4E83-8BB3-807E891F11F5-" LEFT="0." LINESPACE="12.19999981" RIGHT="0." />
<ParagraphStyle ALIGN="Left" FIRSTLINE="0." ID="StyleId-F4A78626-0BBC-4D12-94D9-A1AE75A9855F-" LEFT="0." LINESPACE="9.399999619" RIGHT="0." />
<ParagraphStyle ALIGN="Left" FIRSTLINE="0." ID="StyleId-6A3F6F4C-D21B-4ADE-902F-7683F18ECEF3-" LEFT="0." LINESPACE="11.10000038" RIGHT="0." />
</Styles>
<Layout>
<Page HEIGHT="4453" ID="Page1510" PHYSICAL_IMG_NR="1510" WIDTH="2582">
<TopMargin HEIGHT="434" HPOS="0" VPOS="0" WIDTH="2582">
</TopMargin>
<LeftMargin HEIGHT="3632" HPOS="0" VPOS="434" WIDTH="408">
</LeftMargin>
<RightMargin HEIGHT="3632" HPOS="2452" VPOS="434" WIDTH="130">
</RightMargin>
<BottomMargin HEIGHT="387" HPOS="0" VPOS="4066" WIDTH="2582">
<TextBlock HEIGHT="72" HPOS="1352" ID="Page1510_Block1" LANG="en-US" STYLEREFS="StyleId-DF402EFA-22FC-496E-9216-F3203BF86F57-" VPOS="4110" WIDTH="156">
<TextLine HEIGHT="50" HPOS="1362" VPOS="4121" WIDTH="136">
<String CONTENT="1510" HEIGHT="50" HPOS="1362" VPOS="4121" WIDTH="136" />
</TextLine>
</TextBlock>
</BottomMargin>
<PrintSpace HEIGHT="3632" HPOS="408" VPOS="434" WIDTH="2044">
<TextBlock CS="1" HEIGHT="3632" HPOS="408" ID="Page1510_Block2" LANG="en-US" STYLEREFS="StyleId-66C1604C-D950-4420-A9D9-0D5965EC0C6C-" VPOS="434" WIDTH="2044">
<TextLine CS="1" HEIGHT="68" HPOS="421" VPOS="444" WIDTH="1995">
<String CONTENT="The" HEIGHT="54" HPOS="421" LANG="fr" VPOS="447" WIDTH="123" />
<SP HEIGHT="52" HPOS="545" VPOS="449" WIDTH="28" />
<String CONTENT="R." HEIGHT="53" HPOS="574" LANG="fr" VPOS="449" WIDTH="70" />
<SP HEIGHT="55" HPOS="645" VPOS="447" WIDTH="29" />
<String CONTENT="O." HEIGHT="55" HPOS="675" LANG="fi" VPOS="447" WIDTH="66" />
<SP HEIGHT="54" HPOS="742" VPOS="448" WIDTH="29" />
<String CONTENT="T." HEIGHT="53" HPOS="772" LANG="fi" VPOS="448" WIDTH="64" />
<SP HEIGHT="53" HPOS="837" VPOS="448" WIDTH="33" />
<String CONTENT="C." HEIGHT="53" HPOS="871" LANG="fi" VPOS="448" WIDTH="61" />
<SP HEIGHT="37" HPOS="933" VPOS="464" WIDTH="31" />
<String CONTENT="manual" HEIGHT="52" HPOS="965" LANG="en-US" VPOS="446" WIDTH="232" />
<SP HEIGHT="54" HPOS="1198" VPOS="446" WIDTH="36" />
<String CONTENT="&#8230;" CS="1" LANG="fi" />
<SP HEIGHT="55" HPOS="1291" VPOS="444" WIDTH="39" />
<String CONTENT="for" HEIGHT="53" HPOS="1331" LANG="en-US" VPOS="444" WIDTH="93" />
<SP HEIGHT="34" HPOS="1425" VPOS="463" WIDTH="31" />
<String CONTENT="all" HEIGHT="51" HPOS="1457" LANG="en-US" VPOS="446" WIDTH="77" />
<SP HEIGHT="51" HPOS="1535" VPOS="446" WIDTH="33" />
<String CONTENT="arms." HEIGHT="35" HPOS="1569" LANG="en-US" VPOS="462" WIDTH="165" />
<SP HEIGHT="52" HPOS="1735" VPOS="445" WIDTH="73" />
<String CONTENT="Washington," HEIGHT="68" HPOS="1809" LANG="en-US" VPOS="444" WIDTH="405" />
<SP HEIGHT="66" HPOS="2215" VPOS="445" WIDTH="29" />
<String CONTENT="D." HEIGHT="52" HPOS="2245" LANG="en-US" VPOS="445" WIDTH="72" />
<SP HEIGHT="55" HPOS="2318" VPOS="444" WIDTH="34" />
<String CONTENT="C.," CS="1" HEIGHT="55" HPOS="2353" LANG="en-US" VPOS="444" WIDTH="63" />
</TextLine>
<TextLine CS="1" HEIGHT="69" HPOS="492" VPOS="523" WIDTH="1344">
<String CONTENT="The" HEIGHT="52" HPOS="492" VPOS="526" WIDTH="122" />
<SP HEIGHT="51" HPOS="615" VPOS="527" WIDTH="27" />
<String CONTENT="National" HEIGHT="52" HPOS="643" VPOS="526" WIDTH="275" />
<SP HEIGHT="52" HPOS="919" VPOS="526" WIDTH="25" />
<String CONTENT="service" HEIGHT="53" HPOS="945" VPOS="525" WIDTH="212" />
<SP HEIGHT="49" HPOS="1158" VPOS="542" WIDTH="28" />
<String CONTENT="publishing" HEIGHT="69" HPOS="1187" VPOS="523" WIDTH="337" />
<SP HEIGHT="51" HPOS="1525" VPOS="541" WIDTH="23" />
<String CONTENT="co." HEIGHT="35" HPOS="1549" LANG="en" VPOS="541" WIDTH="78" />
<SP HEIGHT="34" HPOS="1628" VPOS="556" WIDTH="34" />
<String CONTENT="[" CS="1" LANG="en" />
<String CONTENT="1933]" HEIGHT="63" HPOS="1683" VPOS="526" WIDTH="153" />
</TextLine>
<TextLine CS="1" HEIGHT="51" HPOS="495" STYLEREFS="StyleId-A1C67ADB-648C-4F19-BEF3-6AAB3430DE94-" VPOS="596" WIDTH="1238">
<String CONTENT="2" HEIGHT="37" HPOS="495" LANG="en-US" VPOS="601" WIDTH="28" />
<SP />
<String CONTENT="y." HEIGHT="27" HPOS="550" LANG="fr" VPOS="612" WIDTH="41" />
<SP HEIGHT="39" HPOS="592" VPOS="600" WIDTH="57" />
<String CONTENT="illus." HEIGHT="39" HPOS="650" LANG="en-US" VPOS="600" WIDTH="128" />
<SP HEIGHT="48" HPOS="779" VPOS="599" WIDTH="29" />
<String CONTENT="(incl." CS="1" HEIGHT="48" HPOS="809" LANG="it" VPOS="599" WIDTH="101" />
<SP HEIGHT="30" HPOS="944" VPOS="609" WIDTH="28" />
<String CONTENT="maps)" HEIGHT="48" HPOS="973" LANG="en-US" VPOS="599" WIDTH="163" />
<SP HEIGHT="46" HPOS="1137" VPOS="599" WIDTH="38" />
<String CONTENT="diagrs.," HEIGHT="48" HPOS="1176" LANG="en-US" VPOS="598" WIDTH="194" />
<SP HEIGHT="48" HPOS="1371" VPOS="596" WIDTH="30" />
<String CONTENT="forms." HEIGHT="41" HPOS="1402" LANG="en-US" VPOS="596" WIDTH="166" />
<SP HEIGHT="39" HPOS="1569" VPOS="597" WIDTH="60" />
<String CONTENT="24" HEIGHT="39" HPOS="1630" LANG="en-US" VPOS="597" WIDTH="56" />
<String CONTENT="cm" HEIGHT="20" HPOS="1689" LANG="en-US" STYLE="superscript" VPOS="600" WIDTH="44" />
</TextLine>
<TextLine CS="1" HEIGHT="51" HPOS="763" STYLEREFS="StyleId-A1C67ADB-648C-4F19-BEF3-6AAB3430DE94-" VPOS="654" WIDTH="1293">
<String CONTENT="CONTENTS.&#8212;[v." CS="1" HEIGHT="28" HPOS="763" VPOS="667" WIDTH="133" />
<SP HEIGHT="41" HPOS="897" VPOS="654" WIDTH="28" />
<String CONTENT="1]" HEIGHT="51" HPOS="926" VPOS="654" WIDTH="40" />
<SP HEIGHT="48" HPOS="967" VPOS="657" WIDTH="30" />
<String CONTENT="Basic" HEIGHT="40" HPOS="998" VPOS="655" WIDTH="145" />
<SP HEIGHT="28" HPOS="1145" VPOS="667" WIDTH="25" />
<String CONTENT="course.&#8212;[v." CS="1" HEIGHT="38" HPOS="1171" VPOS="665" WIDTH="310" />
<SP HEIGHT="41" HPOS="1482" VPOS="654" WIDTH="28" />
<String CONTENT="2]" HEIGHT="49" HPOS="1511" VPOS="654" WIDTH="39" />
<SP HEIGHT="48" HPOS="1551" VPOS="655" WIDTH="30" />
<String CONTENT="Advanced" HEIGHT="40" HPOS="1582" VPOS="654" WIDTH="262" />
<SP HEIGHT="38" HPOS="1845" VPOS="655" WIDTH="26" />
<String CONTENT="course." HEIGHT="30" HPOS="1872" VPOS="663" WIDTH="184" />
</TextLine>
<TextLine CS="1" HEIGHT="52" HPOS="425" STYLEREFS="StyleId-A1C67ADB-648C-4F19-BEF3-6AAB3430DE94-" VPOS="723" WIDTH="2015">
<String CONTENT="&#169;" HEIGHT="52" HPOS="425" VPOS="723" WIDTH="50" />
<SP HEIGHT="52" HPOS="476" VPOS="723" WIDTH="29" />
<String CONTENT="Oct." HEIGHT="42" HPOS="506" VPOS="727" WIDTH="101" />
<SP HEIGHT="39" HPOS="608" VPOS="729" WIDTH="30" />
<String CONTENT="7," HEIGHT="39" HPOS="639" VPOS="729" WIDTH="37" />
<SP HEIGHT="39" HPOS="677" VPOS="729" WIDTH="28" />
<String CONTENT="1933;" CS="1" HEIGHT="40" HPOS="706" VPOS="727" WIDTH="113" />
<SP HEIGHT="46" HPOS="848" VPOS="727" WIDTH="29" />
<String CONTENT="2c." HEIGHT="41" HPOS="878" VPOS="727" WIDTH="68" />
<SP HEIGHT="33" HPOS="947" VPOS="735" WIDTH="27" />
<String CONTENT="each" HEIGHT="38" HPOS="975" VPOS="728" WIDTH="117" />
<SP HEIGHT="38" HPOS="1093" VPOS="728" WIDTH="28" />
<String CONTENT="and" HEIGHT="38" HPOS="1122" VPOS="728" WIDTH="96" />
<SP HEIGHT="38" HPOS="1219" VPOS="728" WIDTH="27" />
<String CONTENT="affs." HEIGHT="40" HPOS="1247" VPOS="726" WIDTH="108" />
<SP HEIGHT="40" HPOS="1356" VPOS="726" WIDTH="29" />
<String CONTENT="Oct." HEIGHT="40" HPOS="1386" VPOS="726" WIDTH="102" />
<SP HEIGHT="38" HPOS="1489" VPOS="727" WIDTH="29" />
<String CONTENT="14;" CS="1" HEIGHT="38" HPOS="1519" VPOS="727" WIDTH="55" />
<SP HEIGHT="45" HPOS="1601" VPOS="726" WIDTH="30" />
<String CONTENT="A" HEIGHT="38" HPOS="1632" VPOS="726" WIDTH="40" />
<SP HEIGHT="40" HPOS="1673" VPOS="725" WIDTH="28" />
<String CONTENT="65651," HEIGHT="47" HPOS="1702" VPOS="725" WIDTH="157" />
<SP HEIGHT="47" HPOS="1860" VPOS="725" WIDTH="29" />
<String CONTENT="65652;" CS="1" HEIGHT="41" HPOS="1890" VPOS="724" WIDTH="145" />
<SP HEIGHT="47" HPOS="2063" VPOS="724" WIDTH="30" />
<String CONTENT="Natl." HEIGHT="39" HPOS="2094" VPOS="724" WIDTH="130" />
<SP HEIGHT="29" HPOS="2225" VPOS="734" WIDTH="30" />
<String CONTENT="service" HEIGHT="40" HPOS="2256" VPOS="723" WIDTH="184" />
</TextLine>
<TextLine HEIGHT="51" HPOS="491" STYLEREFS="StyleId-A1C67ADB-648C-4F19-BEF3-6AAB3430DE94-" VPOS="782" WIDTH="567">
<String CONTENT="pub." HEIGHT="47" HPOS="491" VPOS="786" WIDTH="107" />
<SP HEIGHT="28" HPOS="599" VPOS="796" WIDTH="36" />
<String CONTENT="co." HEIGHT="28" HPOS="636" LANG="en" VPOS="796" WIDTH="67" />
<SP HEIGHT="46" HPOS="704" VPOS="786" WIDTH="70" />
<String CONTENT="(33-81447)" HEIGHT="50" HPOS="775" VPOS="782" WIDTH="283" />
</TextLine>
<TextLine HEIGHT="68" HPOS="419" VPOS="885" WIDTH="913">
<String CONTENT="Rice," HEIGHT="68" HPOS="419" VPOS="885" WIDTH="158" />
<SP HEIGHT="65" HPOS="578" VPOS="888" WIDTH="31" />
<String CONTENT="James" HEIGHT="55" HPOS="610" VPOS="888" WIDTH="204" />
<SP HEIGHT="54" HPOS="815" VPOS="889" WIDTH="31" />
<String CONTENT="Edward," HEIGHT="64" HPOS="847" VPOS="889" WIDTH="275" />
<SP HEIGHT="62" HPOS="1123" VPOS="891" WIDTH="35" />
<String CONTENT="1865-" HEIGHT="51" HPOS="1159" VPOS="890" WIDTH="173" />
</TextLine>
<TextLine CS="1" HEIGHT="72" HPOS="492" VPOS="962" WIDTH="1943">
<String CONTENT="Practical" HEIGHT="54" HPOS="492" VPOS="965" WIDTH="289" />
<SP HEIGHT="67" HPOS="782" VPOS="967" WIDTH="41" />
<String CONTENT="poultry" HEIGHT="68" HPOS="824" VPOS="966" WIDTH="237" />
<SP HEIGHT="50" HPOS="1062" VPOS="984" WIDTH="38" />
<String CONTENT="management," HEIGHT="63" HPOS="1101" VPOS="971" WIDTH="419" />
<SP HEIGHT="67" HPOS="1521" VPOS="966" WIDTH="41" />
<String CONTENT="by" HEIGHT="66" HPOS="1563" VPOS="966" WIDTH="77" />
<SP HEIGHT="68" HPOS="1641" VPOS="964" WIDTH="39" />
<String CONTENT="James" HEIGHT="55" HPOS="1681" VPOS="964" WIDTH="196" />
<SP HEIGHT="53" HPOS="1878" VPOS="964" WIDTH="38" />
<String CONTENT="E." HEIGHT="52" HPOS="1917" VPOS="964" WIDTH="71" />
<SP HEIGHT="52" HPOS="1989" VPOS="964" WIDTH="40" />
<String CONTENT="Rice" HEIGHT="54" HPOS="2030" VPOS="962" WIDTH="141" />
<SP HEIGHT="35" HPOS="2172" VPOS="981" WIDTH="45" />
<String CONTENT="&#8230;" CS="1" />
<SP HEIGHT="34" HPOS="2275" VPOS="981" WIDTH="48" />
<String CONTENT="and" HEIGHT="53" HPOS="2324" VPOS="962" WIDTH="111" />
</TextLine>
<TextLine CS="1" HEIGHT="70" HPOS="422" VPOS="1041" WIDTH="2014">
<String CONTENT="Harold" HEIGHT="55" HPOS="422" VPOS="1042" WIDTH="227" />
<SP HEIGHT="52" HPOS="650" VPOS="1044" WIDTH="36" />
<String CONTENT="E." HEIGHT="52" HPOS="687" VPOS="1044" WIDTH="70" />
<SP HEIGHT="51" HPOS="758" VPOS="1045" WIDTH="38" />
<String CONTENT="Botsford" HEIGHT="55" HPOS="797" VPOS="1042" WIDTH="282" />
<SP HEIGHT="52" HPOS="1080" VPOS="1045" WIDTH="39" />
<String CONTENT="&#8230;" CS="1" />
<SP HEIGHT="49" HPOS="1176" VPOS="1048" WIDTH="77" />
<String CONTENT="3d" HEIGHT="52" HPOS="1254" VPOS="1045" WIDTH="71" />
<SP HEIGHT="52" HPOS="1326" VPOS="1045" WIDTH="36" />
<String CONTENT="ed.," HEIGHT="67" HPOS="1363" LANG="en" VPOS="1044" WIDTH="105" />
<SP HEIGHT="49" HPOS="1469" VPOS="1062" WIDTH="33" />
<String CONTENT="extensively" HEIGHT="69" HPOS="1503" VPOS="1042" WIDTH="352" />
<SP HEIGHT="50" HPOS="1856" VPOS="1061" WIDTH="33" />
<String CONTENT="rev." HEIGHT="35" HPOS="1890" LANG="en" VPOS="1060" WIDTH="116" />
<SP HEIGHT="53" HPOS="2007" VPOS="1041" WIDTH="68" />
<String CONTENT="New" HEIGHT="54" HPOS="2076" VPOS="1041" WIDTH="143" />
<SP HEIGHT="54" HPOS="2220" VPOS="1041" WIDTH="35" />
<String CONTENT="York," HEIGHT="54" HPOS="2256" VPOS="1041" WIDTH="180" />
</TextLine>
<TextLine HEIGHT="70" HPOS="420" VPOS="1120" WIDTH="2015">
<String CONTENT="J." HEIGHT="53" HPOS="420" LANG="en" VPOS="1122" WIDTH="56" />
<SP HEIGHT="53" HPOS="477" VPOS="1123" WIDTH="46" />
<String CONTENT="Wiley" HEIGHT="57" HPOS="524" LANG="en" VPOS="1121" WIDTH="191" />
<SP HEIGHT="53" HPOS="716" VPOS="1125" WIDTH="45" />
<String CONTENT="&amp;" HEIGHT="50" HPOS="762" LANG="en-US" VPOS="1125" WIDTH="46" />
<SP HEIGHT="50" HPOS="809" VPOS="1125" WIDTH="42" />
<String CONTENT="sons," HEIGHT="50" HPOS="852" LANG="en-US" VPOS="1140" WIDTH="148" />
<SP HEIGHT="67" HPOS="1001" VPOS="1123" WIDTH="44" />
<String CONTENT="inc.;" HEIGHT="67" HPOS="1046" LANG="fi" VPOS="1123" WIDTH="140" />
<SP HEIGHT="68" HPOS="1187" VPOS="1122" WIDTH="46" />
<String CONTENT="London," HEIGHT="68" HPOS="1234" LANG="en-US" VPOS="1122" WIDTH="261" />
<SP HEIGHT="68" HPOS="1496" VPOS="1122" WIDTH="46" />
<String CONTENT="Chapman" HEIGHT="68" HPOS="1543" LANG="en-US" VPOS="1122" WIDTH="303" />
<SP HEIGHT="50" HPOS="1847" VPOS="1124" WIDTH="46" />
<String CONTENT="&amp;" HEIGHT="50" HPOS="1894" LANG="en-US" VPOS="1124" WIDTH="47" />
<SP HEIGHT="54" HPOS="1942" VPOS="1120" WIDTH="43" />
<String CONTENT="Hall," HEIGHT="67" HPOS="1986" LANG="en-US" VPOS="1120" WIDTH="161" />
<SP HEIGHT="66" HPOS="2148" VPOS="1121" WIDTH="44" />
<String CONTENT="limited," HEIGHT="66" HPOS="2193" LANG="en-US" VPOS="1120" WIDTH="242" />
</TextLine>
<TextLine HEIGHT="51" HPOS="422" VPOS="1204" WIDTH="152">
<String CONTENT="1933." HEIGHT="51" HPOS="422" VPOS="1204" WIDTH="152" />
</TextLine>
<TextLine CS="1" HEIGHT="106" HPOS="426" STYLEREFS="StyleId-A1C67ADB-648C-4F19-BEF3-6AAB3430DE94-" VPOS="1274" WIDTH="2009">
<String CONTENT="xxi," HEIGHT="48" HPOS="494" VPOS="1274" WIDTH="100" />
<SP HEIGHT="47" HPOS="595" VPOS="1275" WIDTH="35" />
<String CONTENT="592" HEIGHT="40" HPOS="631" VPOS="1274" WIDTH="85" />
<SP HEIGHT="50" HPOS="717" VPOS="1274" WIDTH="31" />
<String CONTENT="p." HEIGHT="38" HPOS="749" VPOS="1286" WIDTH="44" />
<SP HEIGHT="39" HPOS="794" VPOS="1275" WIDTH="34" />
<String CONTENT="incl." HEIGHT="41" HPOS="829" VPOS="1274" WIDTH="109" />
<SP HEIGHT="40" HPOS="939" VPOS="1275" WIDTH="34" />
<String CONTENT="illus.," HEIGHT="48" HPOS="974" VPOS="1274" WIDTH="143" />
<SP HEIGHT="46" HPOS="1118" VPOS="1276" WIDTH="37" />
<String CONTENT="diagrs.," HEIGHT="50" HPOS="1156" VPOS="1274" WIDTH="195" />
<SP HEIGHT="49" HPOS="1352" VPOS="1274" WIDTH="35" />
<String CONTENT="forms." CS="1" HEIGHT="42" HPOS="1388" VPOS="1274" WIDTH="155" />
<SP HEIGHT="39" HPOS="1557" VPOS="1276" WIDTH="63" />
<String CONTENT="double" HEIGHT="42" HPOS="1621" VPOS="1274" WIDTH="173" />
<SP HEIGHT="30" HPOS="1795" VPOS="1285" WIDTH="34" />
<String CONTENT="col." HEIGHT="41" HPOS="1830" VPOS="1274" WIDTH="87" />
<SP HEIGHT="38" HPOS="1918" VPOS="1285" WIDTH="35" />
<String CONTENT="pl." CS="1" HEIGHT="38" HPOS="1954" LANG="en" VPOS="1285" WIDTH="63" />
<SP HEIGHT="39" HPOS="2018" VPOS="1274" WIDTH="63" />
<String CONTENT="21" HEIGHT="39" HPOS="2082" VPOS="1274" WIDTH="55" />
<String CONTENT="cm" HEIGHT="22" HPOS="2142" STYLE="superscript" VPOS="1275" WIDTH="43" />
<String CONTENT="." HEIGHT="7" HPOS="2191" VPOS="1306" WIDTH="8" />
<SP HEIGHT="46" HPOS="2200" VPOS="1275" WIDTH="74" />
<String CONTENT="(Half-title:" HEIGHT="99" HPOS="426" VPOS="1274" WIDTH="2009" />
<SP HEIGHT="41" HPOS="559" VPOS="1332" WIDTH="26" />
<String CONTENT="The" HEIGHT="42" HPOS="586" VPOS="1332" WIDTH="102" />
<SP HEIGHT="41" HPOS="689" VPOS="1333" WIDTH="30" />
<String CONTENT="Wiley" HEIGHT="49" HPOS="720" VPOS="1331" WIDTH="156" />
<SP HEIGHT="49" HPOS="877" VPOS="1331" WIDTH="32" />
<String CONTENT="farm" HEIGHT="41" HPOS="910" VPOS="1331" WIDTH="130" />
<SP HEIGHT="29" HPOS="1041" VPOS="1344" WIDTH="33" />
<String CONTENT="series," HEIGHT="47" HPOS="1075" VPOS="1332" WIDTH="164" />
<SP HEIGHT="35" HPOS="1240" VPOS="1344" WIDTH="31" />
<String CONTENT="ed." HEIGHT="41" HPOS="1272" LANG="en" VPOS="1333" WIDTH="72" />
<SP HEIGHT="41" HPOS="1345" VPOS="1332" WIDTH="30" />
<String CONTENT="by" HEIGHT="48" HPOS="1376" VPOS="1332" WIDTH="60" />
<SP HEIGHT="47" HPOS="1437" VPOS="1333" WIDTH="31" />
<String CONTENT="A." HEIGHT="40" HPOS="1469" VPOS="1333" WIDTH="55" />
<SP HEIGHT="41" HPOS="1525" VPOS="1332" WIDTH="30" />
<String CONTENT="K." HEIGHT="40" HPOS="1556" VPOS="1332" WIDTH="58" />
<SP HEIGHT="42" HPOS="1615" VPOS="1331" WIDTH="30" />
<String CONTENT="Getman" HEIGHT="42" HPOS="1646" VPOS="1331" WIDTH="208" />
<SP HEIGHT="28" HPOS="1855" VPOS="1343" WIDTH="35" />
<String CONTENT="&#8230;" CS="1" />
<SP HEIGHT="29" HPOS="1937" VPOS="1342" WIDTH="32" />
<String CONTENT="and" HEIGHT="39" HPOS="1970" VPOS="1333" WIDTH="96" />
<SP HEIGHT="42" HPOS="2067" VPOS="1330" WIDTH="32" />
<String CONTENT="C." HEIGHT="42" HPOS="2100" VPOS="1330" WIDTH="49" />
<SP HEIGHT="41" HPOS="2150" VPOS="1331" WIDTH="31" />
<String CONTENT="E." HEIGHT="41" HPOS="2182" VPOS="1331" WIDTH="51" />
<SP HEIGHT="40" HPOS="2234" VPOS="1332" WIDTH="34" />
<String CONTENT="Ladd)" HEIGHT="47" HPOS="2269" VPOS="1332" WIDTH="159" />
</TextLine>
<TextLine HEIGHT="49" HPOS="422" STYLEREFS="StyleId-A1C67ADB-648C-4F19-BEF3-6AAB3430DE94-" VPOS="1390" WIDTH="130">
<String CONTENT="$2.75" HEIGHT="49" HPOS="422" VPOS="1390" WIDTH="130" />
</TextLine>
<TextLine HEIGHT="50" HPOS="496" STYLEREFS="StyleId-A1C67ADB-648C-4F19-BEF3-6AAB3430DE94-" VPOS="1446" WIDTH="1239">
<String CONTENT="&#8220;References&#8221;" HEIGHT="42" HPOS="496" VPOS="1446" WIDTH="351" />
<SP HEIGHT="40" HPOS="848" VPOS="1447" WIDTH="28" />
<String CONTENT="at" HEIGHT="36" HPOS="877" VPOS="1452" WIDTH="52" />
<SP HEIGHT="36" HPOS="930" VPOS="1452" WIDTH="25" />
<String CONTENT="end" HEIGHT="38" HPOS="956" VPOS="1449" WIDTH="90" />
<SP HEIGHT="39" HPOS="1047" VPOS="1449" WIDTH="26" />
<String CONTENT="of" HEIGHT="41" HPOS="1074" VPOS="1447" WIDTH="52" />
<SP HEIGHT="39" HPOS="1127" VPOS="1447" WIDTH="21" />
<String CONTENT="most" HEIGHT="38" HPOS="1149" VPOS="1450" WIDTH="127" />
<SP HEIGHT="38" HPOS="1277" VPOS="1450" WIDTH="28" />
<String CONTENT="of" HEIGHT="41" HPOS="1306" VPOS="1447" WIDTH="51" />
<SP HEIGHT="40" HPOS="1358" VPOS="1447" WIDTH="26" />
<String CONTENT="the" HEIGHT="40" HPOS="1385" VPOS="1448" WIDTH="82" />
<SP HEIGHT="31" HPOS="1468" VPOS="1457" WIDTH="25" />
<String CONTENT="chapters." HEIGHT="48" HPOS="1494" VPOS="1448" WIDTH="241" />
</TextLine>
<TextLine CS="1" HEIGHT="52" HPOS="425" STYLEREFS="StyleId-A1C67ADB-648C-4F19-BEF3-6AAB3430DE94-" VPOS="1517" WIDTH="2018">
<String CONTENT="&#169;" HEIGHT="52" HPOS="425" VPOS="1517" WIDTH="52" />
<SP HEIGHT="52" HPOS="478" VPOS="1517" WIDTH="24" />
<String CONTENT="Oct." HEIGHT="40" HPOS="503" VPOS="1521" WIDTH="101" />
<SP HEIGHT="39" HPOS="605" VPOS="1522" WIDTH="23" />
<String CONTENT="21." HEIGHT="41" HPOS="629" VPOS="1521" WIDTH="70" />
<SP HEIGHT="40" HPOS="700" VPOS="1522" WIDTH="24" />
<String CONTENT="1933;" CS="1" HEIGHT="39" HPOS="725" VPOS="1521" WIDTH="113" />
<SP HEIGHT="46" HPOS="866" VPOS="1521" WIDTH="25" />
<String CONTENT="2c." HEIGHT="39" HPOS="892" VPOS="1521" WIDTH="66" />
<SP HEIGHT="39" HPOS="959" VPOS="1520" WIDTH="27" />
<String CONTENT="Oct." HEIGHT="39" HPOS="987" VPOS="1520" WIDTH="101" />
<SP HEIGHT="39" HPOS="1089" VPOS="1520" WIDTH="24" />
<String CONTENT="26;" CS="1" HEIGHT="38" HPOS="1114" VPOS="1520" WIDTH="55" />
<SP HEIGHT="35" HPOS="1198" VPOS="1530" WIDTH="26" />
<String CONTENT="aff." CS="1" HEIGHT="28" HPOS="1225" LANG="de" VPOS="1530" WIDTH="82" />
<SP HEIGHT="40" HPOS="1308" VPOS="1519" WIDTH="26" />
<String CONTENT="Oct." HEIGHT="40" HPOS="1335" VPOS="1519" WIDTH="101" />
<SP HEIGHT="39" HPOS="1437" VPOS="1519" WIDTH="25" />
<String CONTENT="24;" HEIGHT="45" HPOS="1463" VPOS="1519" WIDTH="81" />
<SP HEIGHT="45" HPOS="1545" VPOS="1519" WIDTH="26" />
<String CONTENT="A" HEIGHT="38" HPOS="1572" VPOS="1519" WIDTH="40" />
<SP HEIGHT="39" HPOS="1613" VPOS="1519" WIDTH="24" />
<String CONTENT="65835;" CS="1" HEIGHT="39" HPOS="1638" VPOS="1519" WIDTH="144" />
<SP HEIGHT="46" HPOS="1809" VPOS="1519" WIDTH="28" />
<String CONTENT="J." HEIGHT="40" HPOS="1838" LANG="en" VPOS="1519" WIDTH="44" />
<SP HEIGHT="39" HPOS="1883" VPOS="1520" WIDTH="24" />
<String CONTENT="E." HEIGHT="38" HPOS="1908" VPOS="1520" WIDTH="51" />
<SP HEIGHT="37" HPOS="1960" VPOS="1520" WIDTH="28" />
<String CONTENT="Rice" HEIGHT="40" HPOS="1989" VPOS="1518" WIDTH="114" />
<SP HEIGHT="29" HPOS="2104" VPOS="1529" WIDTH="26" />
<String CONTENT="and" HEIGHT="39" HPOS="2131" VPOS="1519" WIDTH="95" />
<SP HEIGHT="39" HPOS="2227" VPOS="1519" WIDTH="26" />
<String CONTENT="Harold" HEIGHT="40" HPOS="2254" VPOS="1519" WIDTH="189" />
</TextLine>
<TextLine HEIGHT="50" HPOS="495" STYLEREFS="StyleId-A1C67ADB-648C-4F19-BEF3-6AAB3430DE94-" VPOS="1575" WIDTH="1104">
<String CONTENT="E." HEIGHT="40" HPOS="495" VPOS="1579" WIDTH="54" />
<SP HEIGHT="40" HPOS="550" VPOS="1579" WIDTH="32" />
<String CONTENT="Botsford," HEIGHT="46" HPOS="583" VPOS="1578" WIDTH="250" />
<SP HEIGHT="45" HPOS="834" VPOS="1579" WIDTH="37" />
<String CONTENT="Ithaca," HEIGHT="46" HPOS="872" VPOS="1578" WIDTH="187" />
<SP HEIGHT="47" HPOS="1060" VPOS="1577" WIDTH="34" />
<String CONTENT="N." HEIGHT="39" HPOS="1095" VPOS="1577" WIDTH="55" />
<SP HEIGHT="38" HPOS="1151" VPOS="1577" WIDTH="36" />
<String CONTENT="Y." HEIGHT="38" HPOS="1188" VPOS="1577" WIDTH="53" />
<SP HEIGHT="46" HPOS="1242" VPOS="1577" WIDTH="74" />
<String CONTENT="(33-31674)" HEIGHT="50" HPOS="1317" VPOS="1575" WIDTH="282" />
</TextLine>
<TextLine HEIGHT="65" HPOS="420" VPOS="1682" WIDTH="564">
<String CONTENT="Rourke," HEIGHT="65" HPOS="420" VPOS="1682" WIDTH="256" />
<SP HEIGHT="65" HPOS="677" VPOS="1682" WIDTH="27" />
<String CONTENT="Thomas." HEIGHT="55" HPOS="705" VPOS="1682" WIDTH="279" />
</TextLine>
<TextLine HEIGHT="69" HPOS="494" VPOS="1758" WIDTH="1943">
<String CONTENT="The" HEIGHT="52" HPOS="494" VPOS="1760" WIDTH="121" />
<SP HEIGHT="35" HPOS="616" VPOS="1778" WIDTH="30" />
<String CONTENT="scarlet" HEIGHT="53" HPOS="647" VPOS="1760" WIDTH="206" />
<SP HEIGHT="52" HPOS="854" VPOS="1760" WIDTH="30" />
<String CONTENT="flower," HEIGHT="67" HPOS="885" VPOS="1760" WIDTH="210" />
<SP HEIGHT="68" HPOS="1096" VPOS="1759" WIDTH="28" />
<String CONTENT="by" HEIGHT="68" HPOS="1125" VPOS="1759" WIDTH="74" />
<SP HEIGHT="67" HPOS="1200" VPOS="1760" WIDTH="30" />
<String CONTENT="Thomas" HEIGHT="53" HPOS="1231" VPOS="1759" WIDTH="251" />
<SP HEIGHT="52" HPOS="1483" VPOS="1760" WIDTH="30" />
<String CONTENT="Rourke." HEIGHT="54" HPOS="1514" VPOS="1758" WIDTH="246" />
<SP HEIGHT="52" HPOS="1761" VPOS="1760" WIDTH="75" />
<String CONTENT="New" HEIGHT="52" HPOS="1837" VPOS="1760" WIDTH="139" />
<SP HEIGHT="53" HPOS="1977" VPOS="1758" WIDTH="31" />
<String CONTENT="York," HEIGHT="67" HPOS="2009" VPOS="1758" WIDTH="181" />
<SP HEIGHT="65" HPOS="2191" VPOS="1760" WIDTH="30" />
<String CONTENT="Farrar" HEIGHT="51" HPOS="2222" VPOS="1760" WIDTH="215" />
</TextLine>
<TextLine HEIGHT="70" HPOS="423" VPOS="1836" WIDTH="1007">
<String CONTENT="&amp;" HEIGHT="51" HPOS="423" VPOS="1841" WIDTH="44" />
<SP HEIGHT="53" HPOS="468" VPOS="1839" WIDTH="28" />
<String CONTENT="Rinehart," HEIGHT="70" HPOS="497" VPOS="1836" WIDTH="301" />
<SP HEIGHT="67" HPOS="799" VPOS="1839" WIDTH="26" />
<String CONTENT="incorporated," HEIGHT="67" HPOS="826" VPOS="1839" WIDTH="422" />
<SP HEIGHT="63" HPOS="1249" VPOS="1843" WIDTH="29" />
<String CONTENT="1933." HEIGHT="51" HPOS="1279" VPOS="1841" WIDTH="151" />
</TextLine>
<TextLine CS="1" HEIGHT="49" HPOS="493" VPOS="1912" WIDTH="462">
<String CONTENT="ix," HEIGHT="48" HPOS="493" VPOS="1913" WIDTH="65" />
<SP HEIGHT="48" HPOS="559" VPOS="1913" WIDTH="29" />
<String CONTENT="297" HEIGHT="41" HPOS="589" VPOS="1912" WIDTH="86" />
<SP HEIGHT="47" HPOS="676" VPOS="1914" WIDTH="29" />
<String CONTENT="p." HEIGHT="38" HPOS="706" VPOS="1923" WIDTH="42" />
<SP HEIGHT="39" HPOS="749" VPOS="1913" WIDTH="60" />
<String CONTENT="19&#189;cm." CS="1" HEIGHT="41" HPOS="810" VPOS="1912" WIDTH="145" />
</TextLine>
<TextLine HEIGHT="52" HPOS="425" STYLEREFS="StyleId-A1C67ADB-648C-4F19-BEF3-6AAB3430DE94-" VPOS="1980" WIDTH="2015">
<String CONTENT="&#169;" HEIGHT="52" HPOS="425" VPOS="1980" WIDTH="52" />
<SP HEIGHT="52" HPOS="478" VPOS="1980" WIDTH="30" />
<String CONTENT="Oct." HEIGHT="41" HPOS="509" VPOS="1985" WIDTH="102" />
<SP HEIGHT="39" HPOS="612" VPOS="1986" WIDTH="27" />
<String CONTENT="30," HEIGHT="48" HPOS="640" VPOS="1984" WIDTH="69" />
<SP HEIGHT="45" HPOS="710" VPOS="1987" WIDTH="31" />
<String CONTENT="1933;" HEIGHT="47" HPOS="742" VPOS="1984" WIDTH="139" />
<SP HEIGHT="47" HPOS="882" VPOS="1984" WIDTH="32" />
<String CONTENT="2c." HEIGHT="42" HPOS="915" VPOS="1984" WIDTH="68" />
<SP HEIGHT="30" HPOS="984" VPOS="1996" WIDTH="28" />
<String CONTENT="and" HEIGHT="39" HPOS="1013" VPOS="1985" WIDTH="96" />
<SP HEIGHT="39" HPOS="1110" VPOS="1985" WIDTH="29" />
<String CONTENT="aff." HEIGHT="41" HPOS="1140" VPOS="1984" WIDTH="82" />
<SP HEIGHT="41" HPOS="1223" VPOS="1984" WIDTH="30" />
<String CONTENT="Oct." HEIGHT="40" HPOS="1254" VPOS="1984" WIDTH="102" />
<SP HEIGHT="40" HPOS="1357" VPOS="1984" WIDTH="29" />
<String CONTENT="31;" HEIGHT="46" HPOS="1387" VPOS="1984" WIDTH="83" />
<SP HEIGHT="46" HPOS="1471" VPOS="1984" WIDTH="31" />
<String CONTENT="A" HEIGHT="41" HPOS="1503" VPOS="1984" WIDTH="44" />
<SP HEIGHT="42" HPOS="1548" VPOS="1983" WIDTH="26" />
<String CONTENT="66846;" HEIGHT="47" HPOS="1575" VPOS="1983" WIDTH="172" />
<SP HEIGHT="47" HPOS="1748" VPOS="1983" WIDTH="32" />
<String CONTENT="Farrar" HEIGHT="40" HPOS="1781" VPOS="1983" WIDTH="186" />
<SP HEIGHT="40" HPOS="1968" VPOS="1983" WIDTH="28" />
<String CONTENT="&amp;" HEIGHT="40" HPOS="1997" VPOS="1983" WIDTH="37" />
<SP HEIGHT="40" HPOS="2035" VPOS="1983" WIDTH="29" />
<String CONTENT="Rinehart," HEIGHT="48" HPOS="2065" VPOS="1983" WIDTH="254" />
<SP HEIGHT="47" HPOS="2320" VPOS="1984" WIDTH="29" />
<String CONTENT="inc." HEIGHT="40" HPOS="2350" LANG="it" VPOS="1984" WIDTH="90" />
</TextLine>
<TextLine HEIGHT="49" HPOS="503" STYLEREFS="StyleId-A1C67ADB-648C-4F19-BEF3-6AAB3430DE94-" VPOS="2042" WIDTH="282">
<String CONTENT="(33-31428)" HEIGHT="49" HPOS="503" VPOS="2042" WIDTH="282" />
</TextLine>
<TextLine HEIGHT="69" HPOS="419" VPOS="2143" WIDTH="1173">
<String CONTENT="Salmon," HEIGHT="68" HPOS="419" VPOS="2143" WIDTH="258" />
<SP HEIGHT="63" HPOS="678" VPOS="2148" WIDTH="34" />
<String CONTENT="Lucy" HEIGHT="64" HPOS="713" VPOS="2148" WIDTH="164" />
<SP HEIGHT="64" HPOS="878" VPOS="2148" WIDTH="33" />
<String CONTENT="Maynard," HEIGHT="63" HPOS="912" VPOS="2148" WIDTH="313" />
<SP HEIGHT="59" HPOS="1226" VPOS="2152" WIDTH="38" />
<String CONTENT="1853-1927." HEIGHT="54" HPOS="1265" VPOS="2147" WIDTH="327" />
</TextLine>
<TextLine HEIGHT="71" HPOS="489" VPOS="2224" WIDTH="1948">
<String CONTENT="Historical" HEIGHT="55" HPOS="489" VPOS="2224" WIDTH="320" />
<SP HEIGHT="51" HPOS="810" VPOS="2228" WIDTH="27" />
<String CONTENT="material," HEIGHT="68" HPOS="838" VPOS="2226" WIDTH="284" />
<SP HEIGHT="67" HPOS="1123" VPOS="2227" WIDTH="27" />
<String CONTENT="by" HEIGHT="68" HPOS="1151" VPOS="2227" WIDTH="77" />
<SP HEIGHT="69" HPOS="1229" VPOS="2226" WIDTH="27" />
<String CONTENT="Lucy" HEIGHT="69" HPOS="1257" VPOS="2226" WIDTH="161" />
<SP HEIGHT="69" HPOS="1419" VPOS="2226" WIDTH="25" />
<String CONTENT="Maynard" HEIGHT="69" HPOS="1445" VPOS="2226" WIDTH="289" />
<SP HEIGHT="56" HPOS="1735" VPOS="2225" WIDTH="30" />
<String CONTENT="Salmon." HEIGHT="56" HPOS="1766" VPOS="2225" WIDTH="253" />
<SP HEIGHT="52" HPOS="2020" VPOS="2226" WIDTH="62" />
<String CONTENT="New" HEIGHT="52" HPOS="2083" VPOS="2226" WIDTH="141" />
<SP HEIGHT="53" HPOS="2225" VPOS="2225" WIDTH="31" />
<String CONTENT="York," HEIGHT="67" HPOS="2257" VPOS="2225" WIDTH="180" />
</TextLine>
<TextLine HEIGHT="73" HPOS="421" VPOS="2301" WIDTH="964">
<String CONTENT="Oxford" HEIGHT="56" HPOS="421" VPOS="2301" WIDTH="232" />
<SP HEIGHT="52" HPOS="654" VPOS="2305" WIDTH="23" />
<String CONTENT="university" HEIGHT="70" HPOS="678" VPOS="2303" WIDTH="323" />
<SP HEIGHT="50" HPOS="1002" VPOS="2324" WIDTH="26" />
<String CONTENT="press," HEIGHT="50" HPOS="1029" VPOS="2324" WIDTH="174" />
<SP HEIGHT="65" HPOS="1204" VPOS="2308" WIDTH="28" />
<String CONTENT="1933." HEIGHT="50" HPOS="1233" VPOS="2308" WIDTH="152" />
</TextLine>
<TextLine CS="1" HEIGHT="50" HPOS="493" VPOS="2377" WIDTH="464">
<String CONTENT="ix," HEIGHT="49" HPOS="493" VPOS="2377" WIDTH="65" />
<SP HEIGHT="49" HPOS="559" VPOS="2377" WIDTH="30" />
<String CONTENT="252" HEIGHT="42" HPOS="590" VPOS="2377" WIDTH="85" />
<SP HEIGHT="50" HPOS="676" VPOS="2377" WIDTH="29" />
<String CONTENT="p." HEIGHT="38" HPOS="706" VPOS="2389" WIDTH="44" />
<SP HEIGHT="41" HPOS="751" VPOS="2377" WIDTH="58" />
<String CONTENT="23&#189;" CS="1" HEIGHT="40" HPOS="810" VPOS="2377" WIDTH="57" />
<String CONTENT="cm" HEIGHT="21" HPOS="901" STYLE="superscript" VPOS="2380" WIDTH="44" />
<String CONTENT="." HEIGHT="8" HPOS="949" VPOS="2411" WIDTH="8" />
</TextLine>
<TextLine CS="1" HEIGHT="111" HPOS="423" STYLEREFS="StyleId-A1C67ADB-648C-4F19-BEF3-6AAB3430DE94-" VPOS="2434" WIDTH="1999">
<String CONTENT="&#8220;The" HEIGHT="42" HPOS="496" VPOS="2435" WIDTH="131" />
<SP HEIGHT="38" HPOS="628" VPOS="2446" WIDTH="30" />
<String CONTENT="publication" HEIGHT="50" HPOS="659" VPOS="2434" WIDTH="303" />
<SP HEIGHT="29" HPOS="963" VPOS="2447" WIDTH="34" />
<String CONTENT="of" HEIGHT="40" HPOS="998" VPOS="2436" WIDTH="51" />
<SP HEIGHT="40" HPOS="1050" VPOS="2436" WIDTH="30" />
<String CONTENT="this" HEIGHT="40" HPOS="1081" VPOS="2436" WIDTH="100" />
<SP HEIGHT="40" HPOS="1182" VPOS="2436" WIDTH="32" />
<String CONTENT="book" HEIGHT="41" HPOS="1215" VPOS="2436" WIDTH="123" />
<SP HEIGHT="38" HPOS="1339" VPOS="2437" WIDTH="34" />
<String CONTENT="was" HEIGHT="30" HPOS="1374" VPOS="2447" WIDTH="102" />
<SP HEIGHT="29" HPOS="1477" VPOS="2448" WIDTH="31" />
<String CONTENT="made" HEIGHT="39" HPOS="1509" VPOS="2438" WIDTH="141" />
<SP HEIGHT="38" HPOS="1651" VPOS="2448" WIDTH="33" />
<String CONTENT="possible" HEIGHT="50" HPOS="1685" VPOS="2436" WIDTH="211" />
<SP HEIGHT="41" HPOS="1897" VPOS="2436" WIDTH="33" />
<String CONTENT="by" HEIGHT="49" HPOS="1931" VPOS="2436" WIDTH="60" />
<SP HEIGHT="47" HPOS="1992" VPOS="2438" WIDTH="31" />
<String CONTENT="the" HEIGHT="41" HPOS="2024" VPOS="2436" WIDTH="82" />
<SP HEIGHT="41" HPOS="2107" VPOS="2436" WIDTH="33" />
<String CONTENT="Lucy" HEIGHT="49" HPOS="2141" VPOS="2436" WIDTH="132" />
<SP HEIGHT="48" HPOS="2274" VPOS="2437" WIDTH="32" />
<String CONTENT="Maynard" HEIGHT="95" HPOS="423" VPOS="2437" WIDTH="1999" />
<SP HEIGHT="41" HPOS="548" VPOS="2491" WIDTH="28" />
<String CONTENT="Salmon" HEIGHT="42" HPOS="577" VPOS="2491" WIDTH="200" />
<SP HEIGHT="39" HPOS="778" VPOS="2492" WIDTH="22" />
<String CONTENT="fund" HEIGHT="41" HPOS="801" VPOS="2492" WIDTH="125" />
<SP HEIGHT="40" HPOS="927" VPOS="2493" WIDTH="26" />
<String CONTENT="for" HEIGHT="40" HPOS="954" VPOS="2493" WIDTH="81" />
<SP HEIGHT="28" HPOS="1036" VPOS="2504" WIDTH="24" />
<String CONTENT="research," HEIGHT="47" HPOS="1061" VPOS="2494" WIDTH="242" />
<SP HEIGHT="36" HPOS="1304" VPOS="2505" WIDTH="28" />
<String CONTENT="established" HEIGHT="42" HPOS="1333" VPOS="2493" WIDTH="299" />
<SP HEIGHT="40" HPOS="1633" VPOS="2494" WIDTH="28" />
<String CONTENT="at" HEIGHT="38" HPOS="1662" VPOS="2496" WIDTH="52" />
<SP HEIGHT="40" HPOS="1715" VPOS="2494" WIDTH="30" />
<String CONTENT="Vassar" HEIGHT="40" HPOS="1746" VPOS="2494" WIDTH="184" />
<SP HEIGHT="30" HPOS="1931" VPOS="2504" WIDTH="27" />
<String CONTENT="college.&#8221;&#8212;p." HEIGHT="49" HPOS="1959" VPOS="2494" WIDTH="331" />
<SP HEIGHT="30" HPOS="2291" VPOS="2515" WIDTH="32" />
<String CONTENT="[V]" CS="1" HEIGHT="39" HPOS="2324" VPOS="2506" WIDTH="42" />
</TextLine>
<TextLine CS="1" HEIGHT="107" HPOS="422" STYLEREFS="StyleId-A1C67ADB-648C-4F19-BEF3-6AAB3430DE94-" VPOS="2550" WIDTH="1999">
<String CONTENT="&#8220;The" HEIGHT="41" HPOS="496" VPOS="2550" WIDTH="128" />
<SP HEIGHT="40" HPOS="625" VPOS="2551" WIDTH="35" />
<String CONTENT="latter" HEIGHT="40" HPOS="661" VPOS="2551" WIDTH="150" />
<SP HEIGHT="38" HPOS="812" VPOS="2551" WIDTH="37" />
<String CONTENT="half" HEIGHT="40" HPOS="850" VPOS="2550" WIDTH="108" />
<SP HEIGHT="41" HPOS="959" VPOS="2550" WIDTH="35" />
<String CONTENT="of" HEIGHT="40" HPOS="995" VPOS="2551" WIDTH="52" />
<SP HEIGHT="40" HPOS="1048" VPOS="2551" WIDTH="34" />
<String CONTENT="the" HEIGHT="39" HPOS="1083" VPOS="2552" WIDTH="84" />
<SP HEIGHT="30" HPOS="1168" VPOS="2561" WIDTH="35" />
<String CONTENT="volume" HEIGHT="42" HPOS="1204" VPOS="2550" WIDTH="192" />
<SP HEIGHT="31" HPOS="1397" VPOS="2561" WIDTH="35" />
<String CONTENT="contains" HEIGHT="41" HPOS="1433" VPOS="2550" WIDTH="224" />
<SP HEIGHT="40" HPOS="1658" VPOS="2551" WIDTH="34" />
<String CONTENT="four" HEIGHT="41" HPOS="1693" VPOS="2551" WIDTH="116" />
<SP HEIGHT="38" HPOS="1810" VPOS="2562" WIDTH="35" />
<String CONTENT="privately" HEIGHT="49" HPOS="1846" VPOS="2551" WIDTH="244" />
<SP HEIGHT="39" HPOS="2091" VPOS="2562" WIDTH="36" />
<String CONTENT="printed" HEIGHT="50" HPOS="2128" VPOS="2551" WIDTH="194" />
<SP HEIGHT="48" HPOS="2323" VPOS="2554" WIDTH="36" />
<String CONTENT="pa" HEIGHT="39" HPOS="2360" LANG="en" VPOS="2563" WIDTH="61" />
<String CONTENT="pers.&#8221;&#8212;Editor&#8217;s" HEIGHT="49" HPOS="422" VPOS="2606" WIDTH="435" />
<SP HEIGHT="40" HPOS="858" VPOS="2608" WIDTH="46" />
<String CONTENT="foreword," HEIGHT="48" HPOS="905" VPOS="2607" WIDTH="260" />
<SP HEIGHT="36" HPOS="1166" VPOS="2619" WIDTH="45" />
<String CONTENT="signed:" CS="1" HEIGHT="49" HPOS="1212" VPOS="2608" WIDTH="168" />
<SP HEIGHT="40" HPOS="1410" VPOS="2608" WIDTH="48" />
<String CONTENT="Adelaide" HEIGHT="41" HPOS="1459" VPOS="2608" WIDTH="235" />
<SP HEIGHT="41" HPOS="1695" VPOS="2608" WIDTH="48" />
<String CONTENT="Underhill." HEIGHT="41" HPOS="1744" VPOS="2608" WIDTH="270" />
</TextLine>
<TextLine CS="1" HEIGHT="50" HPOS="770" STYLEREFS="StyleId-A1C67ADB-648C-4F19-BEF3-6AAB3430DE94-" VPOS="2664" WIDTH="1669">
<String CONTENT="CONTENTS.&#8212;Historical" CS="1" HEIGHT="40" HPOS="770" VPOS="2665" WIDTH="348" />
<SP HEIGHT="38" HPOS="1119" VPOS="2666" WIDTH="51" />
<String CONTENT="material.&#8212;History" HEIGHT="49" HPOS="1171" VPOS="2664" WIDTH="513" />
<SP HEIGHT="47" HPOS="1685" VPOS="2666" WIDTH="57" />
<String CONTENT="in" HEIGHT="39" HPOS="1743" VPOS="2666" WIDTH="47" />
<SP HEIGHT="30" HPOS="1791" VPOS="2676" WIDTH="54" />
<String CONTENT="a" HEIGHT="30" HPOS="1846" VPOS="2676" WIDTH="28" />
<SP HEIGHT="40" HPOS="1875" VPOS="2666" WIDTH="54" />
<String CONTENT="back" HEIGHT="41" HPOS="1930" VPOS="2666" WIDTH="124" />
<SP HEIGHT="47" HPOS="2055" VPOS="2667" WIDTH="48" />
<String CONTENT="yard.&#8212;Main" HEIGHT="48" HPOS="2104" VPOS="2666" WIDTH="335" />
</TextLine>
<TextLine CS="1" HEIGHT="109" HPOS="421" STYLEREFS="StyleId-A1C67ADB-648C-4F19-BEF3-6AAB3430DE94-" VPOS="2721" WIDTH="1998">
<String CONTENT="street.&#8212;The" HEIGHT="43" HPOS="423" VPOS="2722" WIDTH="333" />
<SP HEIGHT="41" HPOS="757" VPOS="2724" WIDTH="26" />
<String CONTENT="Dutch" HEIGHT="40" HPOS="784" VPOS="2723" WIDTH="164" />
<SP HEIGHT="40" HPOS="949" VPOS="2723" WIDTH="25" />
<String CONTENT="West" HEIGHT="40" HPOS="975" VPOS="2723" WIDTH="137" />
<SP HEIGHT="41" HPOS="1113" VPOS="2722" WIDTH="25" />
<String CONTENT="India" HEIGHT="41" HPOS="1139" VPOS="2721" WIDTH="144" />
<SP HEIGHT="30" HPOS="1284" VPOS="2733" WIDTH="27" />
<String CONTENT="company" HEIGHT="38" HPOS="1312" VPOS="2733" WIDTH="235" />
<SP HEIGHT="36" HPOS="1548" VPOS="2734" WIDTH="29" />
<String CONTENT="on" HEIGHT="29" HPOS="1578" VPOS="2734" WIDTH="59" />
<SP HEIGHT="38" HPOS="1638" VPOS="2725" WIDTH="29" />
<String CONTENT="the" CS="1" HEIGHT="39" HPOS="1668" LANG="fr" VPOS="2724" WIDTH="55" />
<SP HEIGHT="40" HPOS="1752" VPOS="2724" WIDTH="26" />
<String CONTENT="Hudson.&#8212;" HEIGHT="40" HPOS="1779" VPOS="2724" WIDTH="280" />
<String CONTENT="What" HEIGHT="40" HPOS="2065" LANG="en" VPOS="2725" WIDTH="147" />
<SP HEIGHT="41" HPOS="2213" VPOS="2724" WIDTH="26" />
<String CONTENT="is" HEIGHT="41" HPOS="2240" VPOS="2724" WIDTH="41" />
<SP HEIGHT="29" HPOS="2282" VPOS="2736" WIDTH="28" />
<String CONTENT="modern" HEIGHT="97" HPOS="421" VPOS="2726" WIDTH="1998" />
<SP HEIGHT="39" HPOS="510" VPOS="2783" WIDTH="27" />
<String CONTENT="history?" HEIGHT="48" HPOS="538" VPOS="2782" WIDTH="222" />
</TextLine>
<TextLine CS="1" HEIGHT="52" HPOS="425" STYLEREFS="StyleId-A1C67ADB-648C-4F19-BEF3-6AAB3430DE94-" VPOS="2837" WIDTH="2018">
<String CONTENT="&#169;" HEIGHT="52" HPOS="425" VPOS="2837" WIDTH="52" />
<SP HEIGHT="52" HPOS="478" VPOS="2837" WIDTH="29" />
<String CONTENT="Oct." HEIGHT="41" HPOS="508" VPOS="2840" WIDTH="100" />
<SP HEIGHT="37" HPOS="609" VPOS="2842" WIDTH="29" />
<String CONTENT="13," HEIGHT="41" HPOS="639" VPOS="2841" WIDTH="69" />
<SP HEIGHT="41" HPOS="709" VPOS="2841" WIDTH="27" />
<String CONTENT="1933;" CS="1" HEIGHT="41" HPOS="737" VPOS="2838" WIDTH="114" />
<SP HEIGHT="46" HPOS="879" VPOS="2839" WIDTH="30" />
<String CONTENT="2c." HEIGHT="39" HPOS="910" VPOS="2839" WIDTH="68" />
<SP HEIGHT="29" HPOS="979" VPOS="2849" WIDTH="27" />
<String CONTENT="and" HEIGHT="38" HPOS="1007" VPOS="2840" WIDTH="95" />
<SP HEIGHT="38" HPOS="1103" VPOS="2840" WIDTH="29" />
<String CONTENT="aff." HEIGHT="40" HPOS="1133" VPOS="2837" WIDTH="81" />
<SP HEIGHT="41" HPOS="1215" VPOS="2837" WIDTH="30" />
<String CONTENT="Oct." HEIGHT="41" HPOS="1246" VPOS="2837" WIDTH="100" />
<SP HEIGHT="38" HPOS="1347" VPOS="2839" WIDTH="30" />
<String CONTENT="19;" CS="1" HEIGHT="40" HPOS="1378" VPOS="2837" WIDTH="57" />
<SP HEIGHT="46" HPOS="1461" VPOS="2838" WIDTH="28" />
<String CONTENT="A" HEIGHT="39" HPOS="1490" VPOS="2838" WIDTH="43" />
<SP HEIGHT="40" HPOS="1534" VPOS="2837" WIDTH="26" />
<String CONTENT="65713;" CS="1" HEIGHT="42" HPOS="1561" VPOS="2837" WIDTH="143" />
<SP HEIGHT="47" HPOS="1732" VPOS="2838" WIDTH="33" />
<String CONTENT="Oxford" HEIGHT="41" HPOS="1766" VPOS="2838" WIDTH="188" />
<SP HEIGHT="39" HPOS="1955" VPOS="2840" WIDTH="29" />
<String CONTENT="univ." CS="1" HEIGHT="39" HPOS="1985" LANG="it" VPOS="2840" WIDTH="85" />
<SP HEIGHT="37" HPOS="2115" VPOS="2851" WIDTH="30" />
<String CONTENT="press," HEIGHT="39" HPOS="2146" VPOS="2849" WIDTH="150" />
<SP HEIGHT="47" HPOS="2297" VPOS="2840" WIDTH="27" />
<String CONTENT="New" HEIGHT="40" HPOS="2325" VPOS="2840" WIDTH="118" />
</TextLine>
<TextLine CS="1" HEIGHT="49" HPOS="492" STYLEREFS="StyleId-A1C67ADB-648C-4F19-BEF3-6AAB3430DE94-" VPOS="2895" WIDTH="624">
<String CONTENT="York," HEIGHT="46" HPOS="492" LANG="en-US" VPOS="2898" WIDTH="144" />
<SP HEIGHT="48" HPOS="637" VPOS="2896" WIDTH="31" />
<String CONTENT="inc." CS="1" HEIGHT="41" HPOS="669" LANG="it" VPOS="2896" WIDTH="92" />
<SP HEIGHT="47" HPOS="762" VPOS="2896" WIDTH="70" />
<String CONTENT="(33-31393)" HEIGHT="49" HPOS="833" LANG="en-US" VPOS="2895" WIDTH="283" />
</TextLine>
<TextLine HEIGHT="68" HPOS="419" VPOS="2999" WIDTH="1220">
<String CONTENT="Sampson," HEIGHT="68" HPOS="419" VPOS="2999" WIDTH="311" />
<SP HEIGHT="63" HPOS="731" VPOS="3004" WIDTH="26" />
<String CONTENT="Mrs." HEIGHT="52" HPOS="758" VPOS="3004" WIDTH="140" />
<SP HEIGHT="53" HPOS="899" VPOS="3003" WIDTH="31" />
<String CONTENT="Emma" HEIGHT="52" HPOS="931" VPOS="3003" WIDTH="213" />
<SP HEIGHT="65" HPOS="1145" VPOS="3002" WIDTH="31" />
<String CONTENT="(Speed)" HEIGHT="66" HPOS="1177" VPOS="3001" WIDTH="249" />
<SP HEIGHT="63" HPOS="1427" VPOS="3002" WIDTH="39" />
<String CONTENT="1868-" HEIGHT="50" HPOS="1467" VPOS="3005" WIDTH="172" />
</TextLine>
<TextLine CS="1" HEIGHT="148" HPOS="426" VPOS="3080" WIDTH="2010">
<String CONTENT="Miss" HEIGHT="55" HPOS="494" VPOS="3080" WIDTH="144" />
<SP HEIGHT="53" HPOS="639" VPOS="3082" WIDTH="26" />
<String CONTENT="Minerva&#8217;s" HEIGHT="53" HPOS="666" VPOS="3081" WIDTH="312" />
<SP HEIGHT="33" HPOS="979" VPOS="3101" WIDTH="27" />
<String CONTENT="mystery," HEIGHT="62" HPOS="1007" VPOS="3087" WIDTH="272" />
<SP HEIGHT="56" HPOS="1280" VPOS="3081" WIDTH="28" />
<String CONTENT="by" HEIGHT="68" HPOS="1309" VPOS="3081" WIDTH="74" />
<SP HEIGHT="66" HPOS="1384" VPOS="3083" WIDTH="30" />
<String CONTENT="Emma" HEIGHT="51" HPOS="1415" VPOS="3083" WIDTH="205" />
<SP HEIGHT="56" HPOS="1621" VPOS="3081" WIDTH="30" />
<String CONTENT="Speed" HEIGHT="68" HPOS="1652" VPOS="3081" WIDTH="186" />
<SP HEIGHT="57" HPOS="1839" VPOS="3081" WIDTH="30" />
<String CONTENT="Sampson" HEIGHT="67" HPOS="1870" VPOS="3081" WIDTH="281" />
<SP HEIGHT="35" HPOS="2152" VPOS="3099" WIDTH="36" />
<String CONTENT="&#8230;" CS="1" />
<SP HEIGHT="54" HPOS="2245" VPOS="3081" WIDTH="33" />
<String CONTENT="illus-trated" HEIGHT="133" HPOS="426" VPOS="3081" WIDTH="2010" />
<SP HEIGHT="53" HPOS="615" VPOS="3161" WIDTH="31" />
<String CONTENT="by" CS="1" HEIGHT="53" HPOS="647" VPOS="3161" WIDTH="34" />
<SP HEIGHT="55" HPOS="723" VPOS="3161" WIDTH="32" />
<String CONTENT="Clifford" HEIGHT="57" HPOS="756" VPOS="3159" WIDTH="247" />
<SP HEIGHT="53" HPOS="1004" VPOS="3161" WIDTH="30" />
<String CONTENT="P." HEIGHT="52" HPOS="1035" VPOS="3162" WIDTH="65" />
<SP HEIGHT="51" HPOS="1101" VPOS="3162" WIDTH="33" />
<String CONTENT="Benton." HEIGHT="52" HPOS="1135" VPOS="3162" WIDTH="242" />
<SP HEIGHT="55" HPOS="1378" VPOS="3159" WIDTH="77" />
<String CONTENT="Chicago," HEIGHT="69" HPOS="1456" VPOS="3159" WIDTH="271" />
<SP HEIGHT="62" HPOS="1728" VPOS="3163" WIDTH="30" />
<String CONTENT="The" HEIGHT="53" HPOS="1759" VPOS="3161" WIDTH="124" />
<SP HEIGHT="52" HPOS="1884" VPOS="3161" WIDTH="28" />
<String CONTENT="Reilly" HEIGHT="68" HPOS="1913" VPOS="3160" WIDTH="191" />
<SP HEIGHT="64" HPOS="2105" VPOS="3164" WIDTH="31" />
<String CONTENT="&amp;" HEIGHT="50" HPOS="2137" VPOS="3164" WIDTH="45" />
<SP HEIGHT="53" HPOS="2183" VPOS="3161" WIDTH="29" />
<String CONTENT="Lee" HEIGHT="52" HPOS="2213" VPOS="3161" WIDTH="110" />
<SP HEIGHT="36" HPOS="2324" VPOS="3179" WIDTH="32" />
<String CONTENT="co." HEIGHT="36" HPOS="2357" LANG="en" VPOS="3179" WIDTH="77" />
</TextLine>
<TextLine HEIGHT="64" HPOS="430" VPOS="3243" WIDTH="194">
<String CONTENT="[" HEIGHT="34" HPOS="430" VPOS="3273" WIDTH="13" />
<String CONTENT="c" HEIGHT="22" HPOS="448" STYLE="superscript" VPOS="3245" WIDTH="17" />
<String CONTENT="1933]" HEIGHT="64" HPOS="472" VPOS="3243" WIDTH="152" />
</TextLine>
<TextLine CS="1" HEIGHT="49" HPOS="496" STYLEREFS="StyleId-A1C67ADB-648C-4F19-BEF3-6AAB3430DE94-" VPOS="3311" WIDTH="1109">
<String CONTENT="3" HEIGHT="40" HPOS="496" VPOS="3313" WIDTH="27" />
<SP />
<String CONTENT="p." CS="1" />
<SP />
<String CONTENT="l.," CS="1" HEIGHT="11" HPOS="657" VPOS="3345" WIDTH="8" />
<SP HEIGHT="42" HPOS="666" VPOS="3314" WIDTH="27" />
<String CONTENT="11-316" HEIGHT="41" HPOS="694" VPOS="3312" WIDTH="175" />
<SP HEIGHT="48" HPOS="870" VPOS="3312" WIDTH="24" />
<String CONTENT="p." HEIGHT="37" HPOS="895" VPOS="3323" WIDTH="42" />
<SP HEIGHT="41" HPOS="938" VPOS="3312" WIDTH="27" />
<String CONTENT="incl." HEIGHT="40" HPOS="966" VPOS="3312" WIDTH="111" />
<SP HEIGHT="40" HPOS="1078" VPOS="3312" WIDTH="24" />
<String CONTENT="front.," HEIGHT="45" HPOS="1103" VPOS="3312" WIDTH="165" />
<SP HEIGHT="46" HPOS="1269" VPOS="3311" WIDTH="28" />
<String CONTENT="illus." HEIGHT="41" HPOS="1298" VPOS="3311" WIDTH="129" />
<SP HEIGHT="40" HPOS="1428" VPOS="3312" WIDTH="60" />
<String CONTENT="19" HEIGHT="41" HPOS="1489" VPOS="3311" WIDTH="55" />
<String CONTENT="cm" HEIGHT="21" HPOS="1547" STYLE="superscript" VPOS="3314" WIDTH="44" />
<String CONTENT="." HEIGHT="8" HPOS="1597" VPOS="3344" WIDTH="8" />
</TextLine>
<TextLine CS="1" HEIGHT="53" HPOS="425" STYLEREFS="StyleId-A1C67ADB-648C-4F19-BEF3-6AAB3430DE94-" VPOS="3366" WIDTH="1849">
<String CONTENT="&#169;" HEIGHT="53" HPOS="425" VPOS="3366" WIDTH="51" />
<SP HEIGHT="53" HPOS="477" VPOS="3366" WIDTH="27" />
<String CONTENT="Oct." HEIGHT="41" HPOS="505" VPOS="3371" WIDTH="102" />
<SP HEIGHT="40" HPOS="608" VPOS="3371" WIDTH="24" />
<String CONTENT="27." HEIGHT="41" HPOS="633" VPOS="3371" WIDTH="70" />
<SP HEIGHT="41" HPOS="704" VPOS="3371" WIDTH="26" />
<String CONTENT="1933;" HEIGHT="46" HPOS="731" VPOS="3371" WIDTH="142" />
<SP HEIGHT="46" HPOS="874" VPOS="3371" WIDTH="26" />
<String CONTENT="2c." HEIGHT="40" HPOS="901" VPOS="3371" WIDTH="67" />
<SP HEIGHT="41" HPOS="969" VPOS="3370" WIDTH="26" />
<String CONTENT="Nov." HEIGHT="41" HPOS="996" VPOS="3370" WIDTH="119" />
<SP HEIGHT="39" HPOS="1116" VPOS="3372" WIDTH="25" />
<String CONTENT="2;" CS="1" HEIGHT="38" HPOS="1142" VPOS="3372" WIDTH="28" />
<SP HEIGHT="31" HPOS="1196" VPOS="3381" WIDTH="28" />
<String CONTENT="aff." HEIGHT="41" HPOS="1225" VPOS="3370" WIDTH="82" />
<SP HEIGHT="40" HPOS="1308" VPOS="3371" WIDTH="26" />
<String CONTENT="Nov." HEIGHT="39" HPOS="1335" VPOS="3371" WIDTH="118" />
<SP HEIGHT="39" HPOS="1454" VPOS="3371" WIDTH="27" />
<String CONTENT="1;" HEIGHT="46" HPOS="1482" VPOS="3371" WIDTH="52" />
<SP HEIGHT="47" HPOS="1535" VPOS="3370" WIDTH="28" />
<String CONTENT="A" HEIGHT="40" HPOS="1564" VPOS="3370" WIDTH="43" />
<SP HEIGHT="40" HPOS="1608" VPOS="3370" WIDTH="23" />
<String CONTENT="66865;" CS="1" HEIGHT="41" HPOS="1632" VPOS="3370" WIDTH="144" />
<SP HEIGHT="45" HPOS="1804" VPOS="3371" WIDTH="30" />
<String CONTENT="Reilly" HEIGHT="48" HPOS="1835" VPOS="3371" WIDTH="160" />
<SP HEIGHT="48" HPOS="1996" VPOS="3371" WIDTH="26" />
<String CONTENT="&amp;" HEIGHT="39" HPOS="2023" VPOS="3371" WIDTH="34" />
<SP HEIGHT="39" HPOS="2058" VPOS="3371" WIDTH="28" />
<String CONTENT="Lee" HEIGHT="41" HPOS="2087" VPOS="3371" WIDTH="92" />
<SP HEIGHT="30" HPOS="2180" VPOS="3382" WIDTH="26" />
<String CONTENT="co." HEIGHT="29" HPOS="2207" LANG="en" VPOS="3382" WIDTH="67" />
</TextLine>
<TextLine HEIGHT="47" HPOS="503" STYLEREFS="StyleId-A1C67ADB-648C-4F19-BEF3-6AAB3430DE94-" VPOS="3428" WIDTH="282">
<String CONTENT="(33-31661)" HEIGHT="47" HPOS="503" VPOS="3428" WIDTH="282" />
</TextLine>
<TextLine HEIGHT="68" HPOS="425" VPOS="3532" WIDTH="908">
<String CONTENT="[Saxe," HEIGHT="66" HPOS="425" VPOS="3533" WIDTH="192" />
<SP HEIGHT="64" HPOS="618" VPOS="3534" WIDTH="29" />
<String CONTENT="John" HEIGHT="55" HPOS="648" VPOS="3532" WIDTH="156" />
<SP HEIGHT="54" HPOS="805" VPOS="3533" WIDTH="32" />
<String CONTENT="Godfrey]" HEIGHT="67" HPOS="838" VPOS="3533" WIDTH="284" />
<SP HEIGHT="63" HPOS="1123" VPOS="3537" WIDTH="37" />
<String CONTENT="1877-" HEIGHT="54" HPOS="1161" VPOS="3533" WIDTH="172" />
</TextLine>
<TextLine HEIGHT="70" HPOS="493" VPOS="3610" WIDTH="1945">
<String CONTENT="Charitable" HEIGHT="55" HPOS="493" VPOS="3610" WIDTH="336" />
<SP HEIGHT="34" HPOS="830" VPOS="3630" WIDTH="34" />
<String CONTENT="exemption" HEIGHT="69" HPOS="865" VPOS="3611" WIDTH="328" />
<SP HEIGHT="53" HPOS="1194" VPOS="3611" WIDTH="36" />
<String CONTENT="from" HEIGHT="53" HPOS="1231" VPOS="3611" WIDTH="153" />
<SP HEIGHT="47" HPOS="1385" VPOS="3618" WIDTH="35" />
<String CONTENT="taxation" HEIGHT="54" HPOS="1421" VPOS="3611" WIDTH="262" />
<SP HEIGHT="53" HPOS="1684" VPOS="3612" WIDTH="34" />
<String CONTENT="in" HEIGHT="53" HPOS="1719" VPOS="3612" WIDTH="60" />
<SP HEIGHT="52" HPOS="1780" VPOS="3613" WIDTH="33" />
<String CONTENT="New" HEIGHT="53" HPOS="1814" VPOS="3613" WIDTH="139" />
<SP HEIGHT="53" HPOS="1954" VPOS="3611" WIDTH="36" />
<String CONTENT="York" HEIGHT="55" HPOS="1991" VPOS="3611" WIDTH="163" />
<SP HEIGHT="53" HPOS="2155" VPOS="3613" WIDTH="32" />
<String CONTENT="state" HEIGHT="48" HPOS="2188" VPOS="3618" WIDTH="144" />
<SP HEIGHT="35" HPOS="2333" VPOS="3631" WIDTH="34" />
<String CONTENT="on" HEIGHT="35" HPOS="2368" VPOS="3631" WIDTH="70" />
</TextLine>
<TextLine CS="1" HEIGHT="70" HPOS="424" VPOS="3690" WIDTH="2017">
<String CONTENT="real" HEIGHT="51" HPOS="424" VPOS="3691" WIDTH="116" />
<SP HEIGHT="51" HPOS="541" VPOS="3691" WIDTH="28" />
<String CONTENT="and" HEIGHT="52" HPOS="570" VPOS="3690" WIDTH="108" />
<SP HEIGHT="68" HPOS="679" VPOS="3690" WIDTH="32" />
<String CONTENT="personal" HEIGHT="67" HPOS="712" VPOS="3691" WIDTH="265" />
<SP HEIGHT="68" HPOS="978" VPOS="3691" WIDTH="26" />
<String CONTENT="property" HEIGHT="63" HPOS="1005" VPOS="3696" WIDTH="279" />
<SP HEIGHT="52" HPOS="1285" VPOS="3707" WIDTH="31" />
<String CONTENT="&#8230;" CS="1" />
<SP HEIGHT="35" HPOS="1374" VPOS="3724" WIDTH="84" />
<String CONTENT="[New" CS="1" HEIGHT="52" HPOS="1478" VPOS="3691" WIDTH="138" />
<SP HEIGHT="52" HPOS="1617" VPOS="3691" WIDTH="29" />
<String CONTENT="York," HEIGHT="69" HPOS="1647" VPOS="3690" WIDTH="181" />
<SP HEIGHT="68" HPOS="1829" VPOS="3691" WIDTH="23" />
<String CONTENT="Lincoln" HEIGHT="54" HPOS="1853" VPOS="3691" WIDTH="241" />
<SP HEIGHT="35" HPOS="2095" VPOS="3711" WIDTH="26" />
<String CONTENT="engraving" HEIGHT="69" HPOS="2122" VPOS="3691" WIDTH="319" />
</TextLine>
<TextLine CS="1" HEIGHT="69" HPOS="421" VPOS="3768" WIDTH="1018">
<String CONTENT="and" HEIGHT="53" HPOS="421" VPOS="3768" WIDTH="113" />
<SP HEIGHT="68" HPOS="535" VPOS="3768" WIDTH="30" />
<String CONTENT="printing" HEIGHT="68" HPOS="566" VPOS="3769" WIDTH="266" />
<SP HEIGHT="51" HPOS="833" VPOS="3786" WIDTH="29" />
<String CONTENT="corporation," HEIGHT="67" HPOS="863" VPOS="3770" WIDTH="387" />
<SP HEIGHT="59" HPOS="1251" VPOS="3777" WIDTH="30" />
<String CONTENT="c" CS="1" />
<String CONTENT="1933]" CS="1" HEIGHT="50" HPOS="1306" LANG="he" VPOS="3773" WIDTH="133" />
</TextLine>
<TextLine CS="1" HEIGHT="49" HPOS="491" VPOS="3841" WIDTH="502">
<String CONTENT="2" HEIGHT="40" HPOS="491" VPOS="3841" WIDTH="25" />
<SP HEIGHT="49" HPOS="517" VPOS="3841" WIDTH="25" />
<String CONTENT="p." CS="1" />
<SP />
<String CONTENT="l.," CS="1" HEIGHT="15" HPOS="651" VPOS="3875" WIDTH="7" />
<SP HEIGHT="47" HPOS="659" VPOS="3843" WIDTH="27" />
<String CONTENT="77" HEIGHT="40" HPOS="687" VPOS="3843" WIDTH="57" />
<SP HEIGHT="47" HPOS="745" VPOS="3843" WIDTH="23" />
<String CONTENT="p." HEIGHT="37" HPOS="769" VPOS="3853" WIDTH="44" />
<SP HEIGHT="40" HPOS="814" VPOS="3842" WIDTH="61" />
<String CONTENT="23" HEIGHT="41" HPOS="876" VPOS="3842" WIDTH="55" />
<String CONTENT="cm" CS="1" HEIGHT="21" HPOS="935" STYLE="superscript" VPOS="3845" WIDTH="16" />
<String CONTENT="." HEIGHT="8" HPOS="985" VPOS="3875" WIDTH="8" />
</TextLine>
<TextLine CS="1" HEIGHT="50" HPOS="493" STYLEREFS="StyleId-A1C67ADB-648C-4F19-BEF3-6AAB3430DE94-" VPOS="3898" WIDTH="1367">
<String CONTENT="Label" HEIGHT="40" HPOS="493" VPOS="3898" WIDTH="144" />
<SP HEIGHT="40" HPOS="638" VPOS="3898" WIDTH="28" />
<String CONTENT="mounted" HEIGHT="40" HPOS="667" VPOS="3900" WIDTH="230" />
<SP HEIGHT="40" HPOS="898" VPOS="3900" WIDTH="27" />
<String CONTENT="on" HEIGHT="31" HPOS="926" VPOS="3909" WIDTH="60" />
<SP HEIGHT="31" HPOS="987" VPOS="3909" WIDTH="27" />
<String CONTENT="cover:" CS="1" HEIGHT="30" HPOS="1015" VPOS="3910" WIDTH="140" />
<SP HEIGHT="39" HPOS="1183" VPOS="3900" WIDTH="31" />
<String CONTENT="By" HEIGHT="48" HPOS="1215" VPOS="3900" WIDTH="72" />
<SP HEIGHT="48" HPOS="1288" VPOS="3900" WIDTH="27" />
<String CONTENT="John" HEIGHT="40" HPOS="1316" VPOS="3899" WIDTH="127" />
<SP HEIGHT="40" HPOS="1444" VPOS="3900" WIDTH="28" />
<String CONTENT="Godfrey" HEIGHT="49" HPOS="1473" VPOS="3899" WIDTH="217" />
<SP HEIGHT="48" HPOS="1691" VPOS="3900" WIDTH="29" />
<String CONTENT="Saxe." HEIGHT="41" HPOS="1721" VPOS="3900" WIDTH="139" />
</TextLine>
<TextLine CS="1" HEIGHT="52" HPOS="427" STYLEREFS="StyleId-A1C67ADB-648C-4F19-BEF3-6AAB3430DE94-" VPOS="3952" WIDTH="1957">
<String CONTENT="&#169;" HEIGHT="52" HPOS="427" VPOS="3952" WIDTH="52" />
<SP HEIGHT="52" HPOS="480" VPOS="3952" WIDTH="30" />
<String CONTENT="Sept." HEIGHT="48" HPOS="511" VPOS="3956" WIDTH="128" />
<SP HEIGHT="40" HPOS="640" VPOS="3956" WIDTH="27" />
<String CONTENT="29," HEIGHT="44" HPOS="668" VPOS="3955" WIDTH="69" />
<SP HEIGHT="41" HPOS="738" VPOS="3958" WIDTH="28" />
<String CONTENT="1933;" CS="1" HEIGHT="39" HPOS="767" VPOS="3956" WIDTH="112" />
<SP HEIGHT="42" HPOS="908" VPOS="3956" WIDTH="30" />
<String CONTENT="2c." HEIGHT="43" HPOS="939" VPOS="3956" WIDTH="67" />
<SP HEIGHT="32" HPOS="1007" VPOS="3967" WIDTH="28" />
<String CONTENT="and" HEIGHT="38" HPOS="1036" VPOS="3958" WIDTH="93" />
<SP HEIGHT="38" HPOS="1130" VPOS="3958" WIDTH="30" />
<String CONTENT="aff." HEIGHT="39" HPOS="1161" VPOS="3957" WIDTH="81" />
<SP HEIGHT="39" HPOS="1243" VPOS="3957" WIDTH="30" />
<String CONTENT="Oct." HEIGHT="41" HPOS="1274" VPOS="3957" WIDTH="101" />
<SP HEIGHT="39" HPOS="1376" VPOS="3959" WIDTH="27" />
<String CONTENT="3;" CS="1" HEIGHT="38" HPOS="1404" VPOS="3959" WIDTH="26" />
<SP HEIGHT="38" HPOS="1458" VPOS="3959" WIDTH="31" />
<String CONTENT="A" HEIGHT="37" HPOS="1490" VPOS="3959" WIDTH="39" />
<SP HEIGHT="38" HPOS="1530" VPOS="3958" WIDTH="27" />
<String CONTENT="66748;" CS="1" HEIGHT="39" HPOS="1558" VPOS="3958" WIDTH="144" />
<SP HEIGHT="38" HPOS="1730" VPOS="3959" WIDTH="31" />
<String CONTENT="J." HEIGHT="38" HPOS="1762" LANG="en" VPOS="3959" WIDTH="42" />
<SP HEIGHT="39" HPOS="1805" VPOS="3958" WIDTH="30" />
<String CONTENT="G." HEIGHT="39" HPOS="1836" LANG="fr" VPOS="3958" WIDTH="53" />
<SP HEIGHT="38" HPOS="1890" VPOS="3959" WIDTH="33" />
<String CONTENT="Saxe," HEIGHT="41" HPOS="1924" LANG="fr" VPOS="3959" WIDTH="138" />
<SP HEIGHT="42" HPOS="2063" VPOS="3958" WIDTH="29" />
<String CONTENT="New" HEIGHT="39" HPOS="2093" VPOS="3958" WIDTH="115" />
<SP HEIGHT="38" HPOS="2209" VPOS="3958" WIDTH="30" />
<String CONTENT="York." HEIGHT="39" HPOS="2240" VPOS="3958" WIDTH="144" />
</TextLine>
<TextLine HEIGHT="42" HPOS="505" STYLEREFS="StyleId-A1C67ADB-648C-4F19-BEF3-6AAB3430DE94-" VPOS="4013" WIDTH="281">
<String CONTENT="(33-31466)" HEIGHT="42" HPOS="505" VPOS="4013" WIDTH="281" />
</TextLine>
</TextBlock>
</PrintSpace>
</Page>
</Layout>
</alto>