<alto xmlns="http://www.loc.gov/standards/alto/ns-v3#" xmlns:xlink="http://www.w3.org/1999/xlink" xmlns:xsi="http://www.w3.org/2001/XMLSchema-instance" xsi:schemaLocation="http://www.loc.gov/standards/alto/ns-v3# http://www.loc.gov/alto/v3/alto-3-0.xsd"><Description>
<MeasurementUnit>pixel</MeasurementUnit>
<sourceImageInformation>
<fileName>1933_v1_Part1.pdf</fileName>
</sourceImageInformation>
<OCRProcessing ID="IdOcr">
<ocrProcessingStep>
<processingDateTime>2019-01-03</processingDateTime>
<processingSoftware>
<softwareCreator>ABBYY</softwareCreator>
<softwareName>ABBYY Recognition Server</softwareName>
<softwareVersion>4.0</softwareVersion>
</processingSoftware>
</ocrProcessingStep>
</OCRProcessing>
</Description>
<Styles>
<ParagraphStyle ID="StyleId-FFFFFFFF-FFFF-FFFF-FFFF-FFFFFFFFFFFF-" ALIGN="Left" LEFT="0." RIGHT="0." FIRSTLINE="0."/>
<ParagraphStyle ID="StyleId-6EF5737A-DCEB-4126-A0CF-C5930BF7166A-" ALIGN="Left" LEFT="0." RIGHT="0." FIRSTLINE="0." LINESPACE="8.300000191"/>
<ParagraphStyle ID="StyleId-2DE44258-FD0B-41E1-B542-087C989B01A3-" ALIGN="Left" LEFT="0." RIGHT="0." FIRSTLINE="0." LINESPACE="12.19999981"/>
<ParagraphStyle ID="StyleId-CE3D254A-29D7-4DD7-B5F1-E0FC0EF29B05-" ALIGN="Left" LEFT="0." RIGHT="0." FIRSTLINE="-14." LINESPACE="8.619999886"/>
<ParagraphStyle ID="StyleId-C0E3A137-CE4F-4287-8A90-B599106709D0-" ALIGN="Left" LEFT="0." RIGHT="0." FIRSTLINE="-14." LINESPACE="12.19999981"/>
<ParagraphStyle ID="StyleId-50F26F0C-05DA-4C19-BA58-7A6AC4499BEE-" ALIGN="Left" LEFT="0." RIGHT="0." FIRSTLINE="-14." LINESPACE="11.06999969"/>
<ParagraphStyle ID="StyleId-5DDE65AF-512C-41E2-9B8E-095D6D99EF68-" ALIGN="Center" LEFT="0." RIGHT="0." FIRSTLINE="0." LINESPACE="11.89999962"/>
<ParagraphStyle ID="StyleId-0A81D7A5-6A62-4C52-915E-7768974C704D-" ALIGN="Left" LEFT="0." RIGHT="0." FIRSTLINE="0." LINESPACE="9.399999619"/>
<ParagraphStyle ID="StyleId-F7A0127F-6B48-4157-BB81-FE33E1E1A05B-" ALIGN="Block" LEFT="0." RIGHT="0." FIRSTLINE="-13." LINESPACE="10.63000011"/>
<ParagraphStyle ID="StyleId-E18C69F7-DBD7-48B1-805C-FCD96D0DA019-" ALIGN="Left" LEFT="0." RIGHT="0." FIRSTLINE="0." LINESPACE="11.64000034"/>
<ParagraphStyle ID="StyleId-98F15501-B611-4E83-8BB3-807E891F11F5-" ALIGN="Left" LEFT="0." RIGHT="0." FIRSTLINE="-14." LINESPACE="12.19999981"/>
<ParagraphStyle ID="StyleId-F4A78626-0BBC-4D12-94D9-A1AE75A9855F-" ALIGN="Left" LEFT="0." RIGHT="0." FIRSTLINE="0." LINESPACE="9.399999619"/>
<ParagraphStyle ID="StyleId-6A3F6F4C-D21B-4ADE-902F-7683F18ECEF3-" ALIGN="Left" LEFT="0." RIGHT="0." FIRSTLINE="0." LINESPACE="11.10000038"/>
</Styles>
<Layout>
<Page ID="Page18" PHYSICAL_IMG_NR="18" HEIGHT="4328" WIDTH="2568">
<TopMargin HEIGHT="442" WIDTH="2568" VPOS="0" HPOS="0">
</TopMargin>
<LeftMargin HEIGHT="3666" WIDTH="350" VPOS="442" HPOS="0">
</LeftMargin>
<RightMargin HEIGHT="3666" WIDTH="162" VPOS="442" HPOS="2406">
</RightMargin>
<BottomMargin HEIGHT="220" WIDTH="2568" VPOS="4108" HPOS="0">
<TextBlock ID="Page18_Block1" HEIGHT="207" WIDTH="334" VPOS="4108" HPOS="1286" LANG="en-US" STYLEREFS="StyleId-81AB819E-CD4A-4C76-95CB-2EC9F7028032-">
<TextLine HEIGHT="50" WIDTH="64" VPOS="4131" HPOS="1348">
<String CONTENT="18" HEIGHT="50" WIDTH="64" VPOS="4131" HPOS="1348"/>
</TextLine>
</TextBlock>
</BottomMargin>
<PrintSpace HEIGHT="3666" WIDTH="2056" VPOS="442" HPOS="350">
<TextBlock ID="Page18_Block2" HEIGHT="3666" WIDTH="2056" VPOS="442" HPOS="350" LANG="en-US" CS="1" STYLEREFS="StyleId-0DA79D70-8B38-4B00-B3C7-17769F8DCE8C-">
<TextLine HEIGHT="68" WIDTH="951" VPOS="452" HPOS="360" STYLEREFS="StyleId-D4F82BA1-67C4-4351-9789-BD2C060CB65C-">
<String CONTENT="Baring," HEIGHT="66" WIDTH="247" VPOS="454" HPOS="360"/>
<SP HEIGHT="63" WIDTH="26" VPOS="457" HPOS="608"/>
<String CONTENT="Ron." HEIGHT="51" WIDTH="156" VPOS="457" HPOS="635"/>
<SP HEIGHT="52" WIDTH="30" VPOS="455" HPOS="792"/>
<String CONTENT="Maurice," HEIGHT="66" WIDTH="283" VPOS="452" HPOS="823"/>
<SP HEIGHT="59" WIDTH="30" VPOS="459" HPOS="1107"/>
<String CONTENT="1874-" HEIGHT="55" WIDTH="173" VPOS="454" HPOS="1138"/>
</TextLine>
<TextLine HEIGHT="152" WIDTH="2002" VPOS="529" HPOS="361" STYLEREFS="StyleId-D4F82BA1-67C4-4351-9789-BD2C060CB65C-" CS="1">
<String CONTENT="Friday&#8217;s" HEIGHT="70" WIDTH="270" VPOS="533" HPOS="433"/>
<SP HEIGHT="53" WIDTH="30" VPOS="533" HPOS="704"/>
<String CONTENT="business," HEIGHT="67" WIDTH="276" VPOS="533" HPOS="735"/>
<SP HEIGHT="68" WIDTH="28" VPOS="532" HPOS="1012"/>
<String CONTENT="by" HEIGHT="69" WIDTH="77" VPOS="532" HPOS="1041"/>
<SP HEIGHT="69" WIDTH="30" VPOS="532" HPOS="1119"/>
<String CONTENT="Maurice" HEIGHT="56" WIDTH="260" VPOS="529" HPOS="1150"/>
<SP HEIGHT="53" WIDTH="32" VPOS="532" HPOS="1411"/>
<String CONTENT="Baring." HEIGHT="72" WIDTH="242" VPOS="529" HPOS="1444"/>
<SP HEIGHT="55" WIDTH="66" VPOS="529" HPOS="1687"/>
<String CONTENT="London," HEIGHT="70" WIDTH="263" VPOS="529" HPOS="1754"/>
<SP HEIGHT="67" WIDTH="29" VPOS="532" HPOS="2018"/>
<String CONTENT="W." HEIGHT="55" WIDTH="93" VPOS="532" HPOS="2048"/>
<SP HEIGHT="53" WIDTH="30" VPOS="532" HPOS="2142"/>
<String CONTENT="Heinemann," HEIGHT="150" WIDTH="2002" VPOS="531" HPOS="361"/>
<SP HEIGHT="68" WIDTH="27" VPOS="613" HPOS="556"/>
<String CONTENT="ltd.," HEIGHT="67" WIDTH="124" VPOS="612" HPOS="584"/>
<SP HEIGHT="63" WIDTH="31" VPOS="616" HPOS="709"/>
<String CONTENT="1932." HEIGHT="50" WIDTH="153" VPOS="614" HPOS="741"/>
</TextLine>
<TextLine HEIGHT="53" WIDTH="970" VPOS="681" HPOS="436" CS="1">
<String CONTENT="3" HEIGHT="41" WIDTH="25" VPOS="685" HPOS="436"/>
<SP HEIGHT="49" WIDTH="28" VPOS="685" HPOS="462"/>
<String CONTENT="p." HEIGHT="38" WIDTH="44" VPOS="696" HPOS="491"/>
<SP HEIGHT="42" WIDTH="28" VPOS="686" HPOS="536"/>
<String CS="1" CONTENT="l.," HEIGHT="9" WIDTH="9" VPOS="718" HPOS="585"/>
<SP HEIGHT="42" WIDTH="26" VPOS="685" HPOS="610"/>
<String CONTENT="267" HEIGHT="40" WIDTH="87" VPOS="685" HPOS="637"/>
<SP HEIGHT="48" WIDTH="25" VPOS="685" HPOS="725"/>
<String CONTENT="p." HEIGHT="39" WIDTH="45" VPOS="694" HPOS="751"/>
<SP HEIGHT="41" WIDTH="56" VPOS="684" HPOS="797"/>
<String CONTENT="illus." HEIGHT="40" WIDTH="129" VPOS="684" HPOS="854"/>
<SP HEIGHT="49" WIDTH="28" VPOS="684" HPOS="984"/>
<String CONTENT="(music)" HEIGHT="50" WIDTH="204" VPOS="683" HPOS="1013"/>
<SP HEIGHT="49" WIDTH="69" VPOS="683" HPOS="1218"/>
<String CS="1" CONTENT="19cm." HEIGHT="43" WIDTH="118" VPOS="681" HPOS="1288"/>
</TextLine>
<TextLine HEIGHT="53" WIDTH="2024" VPOS="739" HPOS="367" CS="1">
<String CONTENT="&#169;" HEIGHT="53" WIDTH="52" VPOS="739" HPOS="367"/>
<SP/>
<String CS="1" CONTENT="1c."/>
<SP/>
<String CONTENT="Jan." HEIGHT="41" WIDTH="111" VPOS="744" HPOS="538"/>
<SP HEIGHT="40" WIDTH="23" VPOS="745" HPOS="650"/>
<String CONTENT="5," HEIGHT="45" WIDTH="40" VPOS="745" HPOS="674"/>
<SP HEIGHT="45" WIDTH="22" VPOS="745" HPOS="715"/>
<String CONTENT="1933;" HEIGHT="48" WIDTH="143" VPOS="742" HPOS="738"/>
<SP HEIGHT="46" WIDTH="24" VPOS="744" HPOS="882"/>
<!-- cceid 36A5B0B6-6CF9-1014-A6CF-A82867D68027 --><String CONTENT="A" HEIGHT="38" WIDTH="42" VPOS="744" HPOS="907"/>
<SP HEIGHT="38" WIDTH="23" VPOS="744" HPOS="950"/>
<String CONTENT="ad" HEIGHT="39" WIDTH="63" VPOS="744" HPOS="974"/>
<SP HEIGHT="40" WIDTH="22" VPOS="743" HPOS="1038"/>
<String CONTENT="int." HEIGHT="40" WIDTH="86" VPOS="743" HPOS="1061"/>
<SP HEIGHT="38" WIDTH="25" VPOS="743" HPOS="1148"/>
<String CONTENT="17335;" HEIGHT="47" WIDTH="173" VPOS="743" HPOS="1174"/>
<SP HEIGHT="38" WIDTH="26" VPOS="753" HPOS="1348"/>
<String CONTENT="pubd." HEIGHT="50" WIDTH="146" VPOS="741" HPOS="1375"/>
<SP HEIGHT="41" WIDTH="23" VPOS="742" HPOS="1522"/>
<String CONTENT="Nov." HEIGHT="41" WIDTH="120" VPOS="742" HPOS="1546"/>
<SP HEIGHT="40" WIDTH="23" VPOS="743" HPOS="1667"/>
<String CONTENT="7," HEIGHT="47" WIDTH="40" VPOS="743" HPOS="1691"/>
<SP HEIGHT="47" WIDTH="23" VPOS="743" HPOS="1732"/>
<String CONTENT="1932;" HEIGHT="49" WIDTH="143" VPOS="741" HPOS="1756"/>
<SP HEIGHT="47" WIDTH="25" VPOS="743" HPOS="1900"/>
<String CONTENT="Alfred" HEIGHT="42" WIDTH="176" VPOS="742" HPOS="1926"/>
<SP HEIGHT="40" WIDTH="22" VPOS="744" HPOS="2103"/>
<String CONTENT="A." HEIGHT="39" WIDTH="56" VPOS="744" HPOS="2126"/>
<SP HEIGHT="39" WIDTH="23" VPOS="744" HPOS="2183"/>
<String CONTENT="Knopf," HEIGHT="48" WIDTH="184" VPOS="744" HPOS="2207"/>
</TextLine>
<TextLine HEIGHT="51" WIDTH="757" VPOS="799" HPOS="436">
<String CONTENT="inc.," HEIGHT="49" WIDTH="106" VPOS="801" HPOS="436"/>
<SP HEIGHT="48" WIDTH="29" VPOS="802" HPOS="543"/>
<String CONTENT="New" HEIGHT="39" WIDTH="119" VPOS="802" HPOS="573"/>
<SP HEIGHT="39" WIDTH="26" VPOS="802" HPOS="693"/>
<String CONTENT="York." HEIGHT="40" WIDTH="147" VPOS="801" HPOS="720"/>
<SP HEIGHT="49" WIDTH="70" VPOS="799" HPOS="868"/>
<String CONTENT="(33-1741)" HEIGHT="51" WIDTH="254" VPOS="799" HPOS="939"/>
</TextLine>
<TextLine HEIGHT="69" WIDTH="742" VPOS="904" HPOS="362" STYLEREFS="StyleId-D4F82BA1-67C4-4351-9789-BD2C060CB65C-">
<String CONTENT="Barry," HEIGHT="66" WIDTH="215" VPOS="904" HPOS="362"/>
<SP HEIGHT="64" WIDTH="30" VPOS="906" HPOS="578"/>
<String CONTENT="Charles," HEIGHT="66" WIDTH="266" VPOS="904" HPOS="609"/>
<SP HEIGHT="50" WIDTH="27" VPOS="923" HPOS="876"/>
<String CONTENT="pseud." HEIGHT="68" WIDTH="200" VPOS="905" HPOS="904"/>
</TextLine>
<TextLine HEIGHT="70" WIDTH="995" VPOS="983" HPOS="434" STYLEREFS="StyleId-D4F82BA1-67C4-4351-9789-BD2C060CB65C-">
<String CONTENT="The" HEIGHT="54" WIDTH="127" VPOS="983" HPOS="434"/>
<SP HEIGHT="34" WIDTH="27" VPOS="1003" HPOS="562"/>
<String CONTENT="wrong" HEIGHT="53" WIDTH="203" VPOS="1000" HPOS="590"/>
<SP HEIGHT="51" WIDTH="24" VPOS="1002" HPOS="794"/>
<String CONTENT="murder," HEIGHT="53" WIDTH="252" VPOS="983" HPOS="819"/>
<SP HEIGHT="35" WIDTH="75" VPOS="1001" HPOS="1072"/>
<String CONTENT="chap." HEIGHT="69" WIDTH="164" VPOS="983" HPOS="1148"/>
<SP HEIGHT="50" WIDTH="29" VPOS="986" HPOS="1313"/>
<String CONTENT="21." HEIGHT="52" WIDTH="86" VPOS="986" HPOS="1343"/>
</TextLine>
<TextLine HEIGHT="53" WIDTH="819" VPOS="1054" HPOS="446">
<String CONTENT="(In" HEIGHT="49" WIDTH="85" VPOS="1058" HPOS="446"/>
<SP HEIGHT="43" WIDTH="28" VPOS="1056" HPOS="532"/>
<String CONTENT="Universe," HEIGHT="52" WIDTH="264" VPOS="1054" HPOS="561"/>
<SP HEIGHT="52" WIDTH="29" VPOS="1054" HPOS="826"/>
<String CONTENT="Nov." HEIGHT="44" WIDTH="126" VPOS="1054" HPOS="856"/>
<SP HEIGHT="42" WIDTH="31" VPOS="1056" HPOS="983"/>
<String CONTENT="11," HEIGHT="51" WIDTH="70" VPOS="1055" HPOS="1015"/>
<SP HEIGHT="50" WIDTH="32" VPOS="1056" HPOS="1086"/>
<String CONTENT="1932)" HEIGHT="50" WIDTH="146" VPOS="1055" HPOS="1119"/>
</TextLine>
<TextLine HEIGHT="53" WIDTH="2023" VPOS="1112" HPOS="369" CS="1">
<String CONTENT="&#169;" HEIGHT="53" WIDTH="52" VPOS="1112" HPOS="369"/>
<SP/>
<String CS="1" CONTENT="1c."/>
<SP/>
<String CONTENT="Jan." HEIGHT="40" WIDTH="109" VPOS="1117" HPOS="540"/>
<SP HEIGHT="40" WIDTH="24" VPOS="1117" HPOS="650"/>
<String CONTENT="7," HEIGHT="45" WIDTH="39" VPOS="1117" HPOS="675"/>
<SP HEIGHT="46" WIDTH="24" VPOS="1116" HPOS="715"/>
<String CONTENT="1933;" HEIGHT="49" WIDTH="143" VPOS="1114" HPOS="740"/>
<SP HEIGHT="47" WIDTH="24" VPOS="1116" HPOS="884"/>
<!-- cceid 36A681AF-6CF9-1014-A6CF-A82867D68027 --><String CONTENT="A" HEIGHT="39" WIDTH="41" VPOS="1116" HPOS="909"/>
<SP HEIGHT="40" WIDTH="22" VPOS="1116" HPOS="951"/>
<String CONTENT="ad" HEIGHT="40" WIDTH="63" VPOS="1116" HPOS="974"/>
<SP HEIGHT="40" WIDTH="21" VPOS="1116" HPOS="1038"/>
<String CONTENT="int." HEIGHT="40" WIDTH="89" VPOS="1116" HPOS="1060"/>
<SP HEIGHT="39" WIDTH="22" VPOS="1116" HPOS="1150"/>
<String CONTENT="17350;" HEIGHT="48" WIDTH="173" VPOS="1115" HPOS="1173"/>
<SP HEIGHT="38" WIDTH="25" VPOS="1126" HPOS="1347"/>
<String CONTENT="pubd." HEIGHT="48" WIDTH="146" VPOS="1116" HPOS="1373"/>
<SP HEIGHT="39" WIDTH="22" VPOS="1116" HPOS="1520"/>
<String CONTENT="Nov." HEIGHT="40" WIDTH="119" VPOS="1116" HPOS="1543"/>
<SP HEIGHT="39" WIDTH="24" VPOS="1116" HPOS="1663"/>
<String CONTENT="11," HEIGHT="48" WIDTH="69" VPOS="1115" HPOS="1688"/>
<SP HEIGHT="47" WIDTH="25" VPOS="1116" HPOS="1758"/>
<String CONTENT="1932;" HEIGHT="49" WIDTH="142" VPOS="1114" HPOS="1784"/>
<SP HEIGHT="49" WIDTH="28" VPOS="1114" HPOS="1927"/>
<String CONTENT="Charles" HEIGHT="42" WIDTH="205" VPOS="1114" HPOS="1956"/>
<SP HEIGHT="39" WIDTH="23" VPOS="1116" HPOS="2162"/>
<String CONTENT="Bryson," HEIGHT="47" WIDTH="206" VPOS="1116" HPOS="2186"/>
</TextLine>
<TextLine HEIGHT="40" WIDTH="215" VPOS="1174" HPOS="437">
<String CONTENT="London." HEIGHT="40" WIDTH="215" VPOS="1174" HPOS="437"/>
</TextLine>
<TextLine HEIGHT="68" WIDTH="637" VPOS="1275" HPOS="364" STYLEREFS="StyleId-D4F82BA1-67C4-4351-9789-BD2C060CB65C-">
<String CONTENT="Baum," HEIGHT="66" WIDTH="213" VPOS="1276" HPOS="364"/>
<SP HEIGHT="66" WIDTH="27" VPOS="1276" HPOS="578"/>
<String CONTENT="Vicki," HEIGHT="68" WIDTH="192" VPOS="1275" HPOS="606"/>
<SP HEIGHT="60" WIDTH="30" VPOS="1283" HPOS="799"/>
<String CONTENT="1888-" HEIGHT="51" WIDTH="171" VPOS="1281" HPOS="830"/>
</TextLine>
<TextLine HEIGHT="71" WIDTH="1582" VPOS="1352" HPOS="434" STYLEREFS="StyleId-D4F82BA1-67C4-4351-9789-BD2C060CB65C-">
<String CONTENT="Helene," HEIGHT="68" WIDTH="239" VPOS="1353" HPOS="434"/>
<SP HEIGHT="67" WIDTH="25" VPOS="1354" HPOS="674"/>
<String CONTENT="by" HEIGHT="69" WIDTH="78" VPOS="1354" HPOS="700"/>
<SP HEIGHT="69" WIDTH="24" VPOS="1354" HPOS="779"/>
<String CONTENT="Vicki" HEIGHT="56" WIDTH="174" VPOS="1353" HPOS="804"/>
<SP HEIGHT="54" WIDTH="26" VPOS="1353" HPOS="979"/>
<String CONTENT="Baum." HEIGHT="53" WIDTH="206" VPOS="1354" HPOS="1006"/>
<SP HEIGHT="54" WIDTH="62" VPOS="1353" HPOS="1213"/>
<String CONTENT="London," HEIGHT="69" WIDTH="265" VPOS="1353" HPOS="1276"/>
<SP HEIGHT="70" WIDTH="27" VPOS="1352" HPOS="1542"/>
<String CONTENT="G." HEIGHT="57" WIDTH="70" VPOS="1352" HPOS="1570"/>
<SP HEIGHT="53" WIDTH="29" VPOS="1354" HPOS="1641"/>
<String CONTENT="Bles" HEIGHT="56" WIDTH="136" VPOS="1352" HPOS="1671"/>
<SP HEIGHT="49" WIDTH="31" VPOS="1372" HPOS="1808"/>
<String CONTENT="[1932]" HEIGHT="66" WIDTH="176" VPOS="1355" HPOS="1840"/>
</TextLine>
<TextLine HEIGHT="50" WIDTH="595" VPOS="1426" HPOS="436" CS="1">
<String CONTENT="3" HEIGHT="41" WIDTH="28" VPOS="1427" HPOS="436"/>
<SP HEIGHT="48" WIDTH="25" VPOS="1427" HPOS="465"/>
<String CONTENT="p." HEIGHT="38" WIDTH="45" VPOS="1437" HPOS="491"/>
<SP/>
<String CS="1" CONTENT="l.,"/>
<SP/>
<String CONTENT="3-279" HEIGHT="42" WIDTH="150" VPOS="1427" HPOS="635"/>
<SP HEIGHT="48" WIDTH="20" VPOS="1428" HPOS="786"/>
<String CONTENT="p." HEIGHT="38" WIDTH="46" VPOS="1438" HPOS="807"/>
<SP HEIGHT="41" WIDTH="57" VPOS="1428" HPOS="854"/>
<String CONTENT="19" HEIGHT="42" WIDTH="57" VPOS="1426" HPOS="912"/>
<String STYLE="superscript" CONTENT="cm" HEIGHT="22" WIDTH="46" VPOS="1429" HPOS="972"/>
<String CONTENT="." HEIGHT="10" WIDTH="10" VPOS="1459" HPOS="1021"/>
</TextLine>
<TextLine HEIGHT="50" WIDTH="1953" VPOS="1482" HPOS="441">
<String CONTENT="&#8220;This" HEIGHT="41" WIDTH="149" VPOS="1484" HPOS="441"/>
<SP HEIGHT="39" WIDTH="28" VPOS="1486" HPOS="591"/>
<String CONTENT="translation" HEIGHT="41" WIDTH="301" VPOS="1484" HPOS="620"/>
<SP HEIGHT="40" WIDTH="27" VPOS="1485" HPOS="922"/>
<String CONTENT="into" HEIGHT="40" WIDTH="104" VPOS="1485" HPOS="950"/>
<SP HEIGHT="41" WIDTH="29" VPOS="1484" HPOS="1055"/>
<String CONTENT="English" HEIGHT="49" WIDTH="207" VPOS="1483" HPOS="1085"/>
<SP HEIGHT="40" WIDTH="28" VPOS="1485" HPOS="1293"/>
<String CONTENT="of" HEIGHT="41" WIDTH="54" VPOS="1484" HPOS="1322"/>
<SP HEIGHT="40" WIDTH="26" VPOS="1483" HPOS="1377"/>
<String CONTENT="&#8220;Stud." HEIGHT="44" WIDTH="171" VPOS="1482" HPOS="1404"/>
<SP HEIGHT="32" WIDTH="30" VPOS="1494" HPOS="1576"/>
<String CONTENT="chem." HEIGHT="41" WIDTH="151" VPOS="1484" HPOS="1607"/>
<SP HEIGHT="42" WIDTH="30" VPOS="1483" HPOS="1759"/>
<String CONTENT="Helene" HEIGHT="42" WIDTH="187" VPOS="1483" HPOS="1790"/>
<SP HEIGHT="42" WIDTH="30" VPOS="1483" HPOS="1978"/>
<String LANG="de" CONTENT="Willf&#252;er&#8221;" HEIGHT="43" WIDTH="258" VPOS="1482" HPOS="2009"/>
<SP HEIGHT="42" WIDTH="32" VPOS="1482" HPOS="2268"/>
<String CONTENT="has" HEIGHT="42" WIDTH="93" VPOS="1483" HPOS="2301"/>
</TextLine>
<TextLine HEIGHT="51" WIDTH="887" VPOS="1540" HPOS="364">
<String CONTENT="been" HEIGHT="42" WIDTH="120" VPOS="1541" HPOS="364"/>
<SP HEIGHT="30" WIDTH="25" VPOS="1552" HPOS="485"/>
<String CONTENT="made" HEIGHT="40" WIDTH="141" VPOS="1543" HPOS="511"/>
<SP HEIGHT="40" WIDTH="25" VPOS="1542" HPOS="653"/>
<String CONTENT="by" HEIGHT="49" WIDTH="62" VPOS="1542" HPOS="679"/>
<SP HEIGHT="49" WIDTH="26" VPOS="1542" HPOS="742"/>
<String CONTENT="Felice" HEIGHT="42" WIDTH="161" VPOS="1541" HPOS="769"/>
<SP HEIGHT="42" WIDTH="25" VPOS="1541" HPOS="931"/>
<String CONTENT="Bashford.&#8221;" HEIGHT="43" WIDTH="294" VPOS="1540" HPOS="957"/>
</TextLine>
<TextLine HEIGHT="57" WIDTH="2024" VPOS="1600" HPOS="371" CS="1">
<String CONTENT="&#169;" HEIGHT="53" WIDTH="52" VPOS="1604" HPOS="371"/>
<SP/>
<String CS="1" CONTENT="1c."/>
<SP/>
<String CONTENT="Dec." HEIGHT="40" WIDTH="113" VPOS="1609" HPOS="548"/>
<SP HEIGHT="40" WIDTH="25" VPOS="1609" HPOS="662"/>
<String CONTENT="14," HEIGHT="46" WIDTH="71" VPOS="1609" HPOS="688"/>
<SP HEIGHT="46" WIDTH="26" VPOS="1609" HPOS="760"/>
<String CONTENT="1932;" HEIGHT="48" WIDTH="142" VPOS="1608" HPOS="787"/>
<SP HEIGHT="47" WIDTH="28" VPOS="1609" HPOS="930"/>
<!-- cceid 36A75A05-6CF9-1014-A6CF-A82867D68027 --><String CONTENT="A" HEIGHT="39" WIDTH="42" VPOS="1609" HPOS="959"/>
<SP HEIGHT="39" WIDTH="25" VPOS="1609" HPOS="1002"/>
<String CONTENT="ad" HEIGHT="40" WIDTH="62" VPOS="1609" HPOS="1028"/>
<SP HEIGHT="41" WIDTH="24" VPOS="1608" HPOS="1091"/>
<String CONTENT="int." HEIGHT="40" WIDTH="89" VPOS="1608" HPOS="1116"/>
<SP HEIGHT="39" WIDTH="26" VPOS="1609" HPOS="1206"/>
<String CONTENT="17386;" HEIGHT="47" WIDTH="173" VPOS="1608" HPOS="1233"/>
<SP HEIGHT="38" WIDTH="28" VPOS="1619" HPOS="1407"/>
<String CONTENT="pubd." HEIGHT="50" WIDTH="144" VPOS="1607" HPOS="1436"/>
<SP HEIGHT="41" WIDTH="30" VPOS="1608" HPOS="1581"/>
<String CONTENT="Oct." HEIGHT="41" WIDTH="102" VPOS="1608" HPOS="1612"/>
<SP HEIGHT="39" WIDTH="28" VPOS="1609" HPOS="1715"/>
<String CONTENT="17;" HEIGHT="47" WIDTH="84" VPOS="1609" HPOS="1744"/>
<SP HEIGHT="48" WIDTH="29" VPOS="1608" HPOS="1829"/>
<String CONTENT="Y." HEIGHT="41" WIDTH="54" VPOS="1608" HPOS="1859"/>
<SP HEIGHT="41" WIDTH="28" VPOS="1608" HPOS="1914"/>
<String CONTENT="Baum," HEIGHT="48" WIDTH="172" VPOS="1608" HPOS="1943"/>
<SP HEIGHT="56" WIDTH="30" VPOS="1600" HPOS="2116"/>
<String CS="1" CONTENT="&#8453;"/>
<SP HEIGHT="49" WIDTH="28" VPOS="1600" HPOS="2199"/>
<String CONTENT="Curtis" HEIGHT="41" WIDTH="167" VPOS="1607" HPOS="2228"/>
</TextLine>
<TextLine HEIGHT="49" WIDTH="984" VPOS="1665" HPOS="439">
<String CONTENT="Brown," HEIGHT="48" WIDTH="195" VPOS="1666" HPOS="439"/>
<SP HEIGHT="47" WIDTH="31" VPOS="1667" HPOS="635"/>
<String CONTENT="ltd.," HEIGHT="47" WIDTH="101" VPOS="1667" HPOS="667"/>
<SP HEIGHT="48" WIDTH="32" VPOS="1666" HPOS="769"/>
<String CONTENT="New" HEIGHT="40" WIDTH="119" VPOS="1666" HPOS="802"/>
<SP HEIGHT="39" WIDTH="29" VPOS="1667" HPOS="922"/>
<String CONTENT="York." HEIGHT="41" WIDTH="146" VPOS="1665" HPOS="952"/>
<SP HEIGHT="49" WIDTH="70" VPOS="1665" HPOS="1099"/>
<String CONTENT="(33-2533)" HEIGHT="49" WIDTH="253" VPOS="1665" HPOS="1170"/>
</TextLine>
<TextLine HEIGHT="67" WIDTH="656" VPOS="1769" HPOS="366" STYLEREFS="StyleId-D4F82BA1-67C4-4351-9789-BD2C060CB65C-">
<String CONTENT="Bax," HEIGHT="67" WIDTH="148" VPOS="1769" HPOS="366"/>
<SP HEIGHT="64" WIDTH="32" VPOS="1772" HPOS="515"/>
<String CONTENT="Clifford," HEIGHT="65" WIDTH="266" VPOS="1770" HPOS="548"/>
<SP HEIGHT="58" WIDTH="32" VPOS="1777" HPOS="815"/>
<String CONTENT="1886-" HEIGHT="50" WIDTH="174" VPOS="1776" HPOS="848"/>
</TextLine>
<TextLine HEIGHT="149" WIDTH="2003" VPOS="1845" HPOS="366" STYLEREFS="StyleId-D4F82BA1-67C4-4351-9789-BD2C060CB65C-" CS="1">
<String CONTENT="Pretty" HEIGHT="70" WIDTH="205" VPOS="1847" HPOS="439"/>
<SP HEIGHT="50" WIDTH="21" VPOS="1867" HPOS="645"/>
<String CONTENT="wittjr" HEIGHT="70" WIDTH="169" VPOS="1847" HPOS="667"/>
<SP HEIGHT="52" WIDTH="22" VPOS="1847" HPOS="837"/>
<String CONTENT="Nell;" HEIGHT="68" WIDTH="162" VPOS="1847" HPOS="860"/>
<SP HEIGHT="50" WIDTH="25" VPOS="1865" HPOS="1023"/>
<String CONTENT="an" HEIGHT="35" WIDTH="73" VPOS="1867" HPOS="1049"/>
<SP HEIGHT="34" WIDTH="24" VPOS="1866" HPOS="1123"/>
<String CONTENT="account" HEIGHT="50" WIDTH="238" VPOS="1851" HPOS="1148"/>
<SP HEIGHT="50" WIDTH="22" VPOS="1851" HPOS="1387"/>
<String CONTENT="of" HEIGHT="54" WIDTH="65" VPOS="1847" HPOS="1410"/>
<SP HEIGHT="54" WIDTH="21" VPOS="1846" HPOS="1476"/>
<String CONTENT="Nell" HEIGHT="56" WIDTH="133" VPOS="1846" HPOS="1498"/>
<SP HEIGHT="55" WIDTH="22" VPOS="1846" HPOS="1632"/>
<String CONTENT="Gwyn" HEIGHT="69" WIDTH="189" VPOS="1846" HPOS="1655"/>
<SP HEIGHT="35" WIDTH="24" VPOS="1865" HPOS="1845"/>
<String CONTENT="and" HEIGHT="55" WIDTH="114" VPOS="1845" HPOS="1870"/>
<SP HEIGHT="54" WIDTH="21" VPOS="1845" HPOS="1985"/>
<String CONTENT="her" HEIGHT="53" WIDTH="102" VPOS="1846" HPOS="2007"/>
<SP HEIGHT="34" WIDTH="22" VPOS="1864" HPOS="2110"/>
<String CONTENT="environment," HEIGHT="147" WIDTH="2003" VPOS="1847" HPOS="366"/>
</TextLine>
<TextLine HEIGHT="71" WIDTH="1824" VPOS="1924" HPOS="564" STYLEREFS="StyleId-D4F82BA1-67C4-4351-9789-BD2C060CB65C-">
<String CONTENT="by" HEIGHT="68" WIDTH="76" VPOS="1926" HPOS="564"/>
<SP HEIGHT="69" WIDTH="25" VPOS="1925" HPOS="641"/>
<String CONTENT="Clifford" HEIGHT="57" WIDTH="247" VPOS="1924" HPOS="667"/>
<SP HEIGHT="53" WIDTH="21" VPOS="1925" HPOS="915"/>
<String CONTENT="Bax." HEIGHT="52" WIDTH="143" VPOS="1926" HPOS="937"/>
<SP HEIGHT="52" WIDTH="58" VPOS="1926" HPOS="1081"/>
<String CONTENT="London," HEIGHT="70" WIDTH="258" VPOS="1925" HPOS="1140"/>
<SP HEIGHT="71" WIDTH="25" VPOS="1924" HPOS="1399"/>
<String CONTENT="Chapman" HEIGHT="70" WIDTH="303" VPOS="1924" HPOS="1425"/>
<SP HEIGHT="35" WIDTH="23" VPOS="1944" HPOS="1729"/>
<String CONTENT="and" HEIGHT="54" WIDTH="115" VPOS="1926" HPOS="1753"/>
<SP HEIGHT="55" WIDTH="21" VPOS="1925" HPOS="1869"/>
<String CONTENT="Hall," HEIGHT="70" WIDTH="163" VPOS="1924" HPOS="1891"/>
<SP HEIGHT="69" WIDTH="20" VPOS="1925" HPOS="2055"/>
<String CONTENT="ltd." HEIGHT="54" WIDTH="104" VPOS="1924" HPOS="2076"/>
<SP HEIGHT="35" WIDTH="30" VPOS="1959" HPOS="2181"/>
<String CONTENT="[1932]" HEIGHT="67" WIDTH="176" VPOS="1927" HPOS="2212"/>
</TextLine>
<TextLine HEIGHT="51" WIDTH="1481" VPOS="1997" HPOS="435" STYLEREFS="StyleId-D4F82BA1-67C4-4351-9789-BD2C060CB65C-" CS="1">
<String CONTENT="xii," HEIGHT="49" WIDTH="86" VPOS="1997" HPOS="435"/>
<SP HEIGHT="49" WIDTH="27" VPOS="1997" HPOS="522"/>
<String CONTENT="261," HEIGHT="50" WIDTH="100" VPOS="1997" HPOS="550"/>
<SP HEIGHT="30" WIDTH="34" VPOS="2018" HPOS="651"/>
<String CONTENT="[1]" HEIGHT="50" WIDTH="54" VPOS="1998" HPOS="686"/>
<SP HEIGHT="39" WIDTH="29" VPOS="2008" HPOS="741"/>
<String CONTENT="p.," HEIGHT="39" WIDTH="59" VPOS="2008" HPOS="771"/>
<SP HEIGHT="49" WIDTH="27" VPOS="1998" HPOS="831"/>
<String CONTENT="1" HEIGHT="40" WIDTH="26" VPOS="1998" HPOS="859"/>
<SP HEIGHT="40" WIDTH="28" VPOS="1998" HPOS="886"/>
<String CS="1" CONTENT="l." HEIGHT="8" WIDTH="9" VPOS="2030" HPOS="938"/>
<SP HEIGHT="39" WIDTH="55" VPOS="1999" HPOS="948"/>
<String CONTENT="front.," HEIGHT="49" WIDTH="165" VPOS="1999" HPOS="1004"/>
<SP HEIGHT="39" WIDTH="29" VPOS="2009" HPOS="1170"/>
<String CONTENT="ports.," HEIGHT="46" WIDTH="166" VPOS="2001" HPOS="1200"/>
<SP HEIGHT="37" WIDTH="27" VPOS="2010" HPOS="1367"/>
<String CONTENT="map," HEIGHT="38" WIDTH="128" VPOS="2009" HPOS="1395"/>
<SP HEIGHT="47" WIDTH="29" VPOS="2000" HPOS="1524"/>
<String CONTENT="diagr." HEIGHT="50" WIDTH="155" VPOS="1998" HPOS="1554"/>
<SP HEIGHT="44" WIDTH="57" VPOS="1998" HPOS="1710"/>
<String CS="1" CONTENT="22&#189;" HEIGHT="40" WIDTH="57" VPOS="1998" HPOS="1768"/>
<String STYLE="superscript" CONTENT="cm" HEIGHT="22" WIDTH="45" VPOS="2001" HPOS="1857"/>
<String CONTENT="." HEIGHT="10" WIDTH="10" VPOS="2031" HPOS="1906"/>
</TextLine>
<TextLine HEIGHT="49" WIDTH="706" VPOS="2055" HPOS="436">
<String CONTENT="Bibliography:" HEIGHT="49" WIDTH="382" VPOS="2055" HPOS="436"/>
<SP HEIGHT="38" WIDTH="30" VPOS="2066" HPOS="819"/>
<String CONTENT="p." HEIGHT="37" WIDTH="43" VPOS="2067" HPOS="850"/>
<SP HEIGHT="43" WIDTH="29" VPOS="2055" HPOS="894"/>
<String CONTENT="256-257." HEIGHT="42" WIDTH="218" VPOS="2055" HPOS="924"/>
</TextLine>
<TextLine HEIGHT="54" WIDTH="2023" VPOS="2117" HPOS="371" CS="1">
<String CONTENT="&#169;" HEIGHT="53" WIDTH="53" VPOS="2117" HPOS="371"/>
<SP/>
<String CS="1" CONTENT="1c."/>
<SP/>
<String CONTENT="Jan." HEIGHT="40" WIDTH="110" VPOS="2122" HPOS="545"/>
<SP HEIGHT="40" WIDTH="25" VPOS="2122" HPOS="656"/>
<String CONTENT="6," HEIGHT="47" WIDTH="40" VPOS="2122" HPOS="682"/>
<SP HEIGHT="47" WIDTH="25" VPOS="2122" HPOS="723"/>
<String CONTENT="1933;" HEIGHT="48" WIDTH="142" VPOS="2121" HPOS="749"/>
<SP HEIGHT="46" WIDTH="27" VPOS="2123" HPOS="892"/>
<!-- cceid 36A82C16-6CF9-1014-A6CF-A82867D68027 --><String CONTENT="A" HEIGHT="38" WIDTH="41" VPOS="2123" HPOS="920"/>
<SP HEIGHT="39" WIDTH="24" VPOS="2123" HPOS="962"/>
<String CONTENT="ad" HEIGHT="39" WIDTH="62" VPOS="2123" HPOS="987"/>
<SP HEIGHT="41" WIDTH="24" VPOS="2121" HPOS="1050"/>
<String CONTENT="int." HEIGHT="41" WIDTH="89" VPOS="2121" HPOS="1075"/>
<SP HEIGHT="39" WIDTH="24" VPOS="2123" HPOS="1165"/>
<String CONTENT="17337;" HEIGHT="48" WIDTH="172" VPOS="2122" HPOS="1190"/>
<SP HEIGHT="37" WIDTH="27" VPOS="2133" HPOS="1363"/>
<String CONTENT="pubd." HEIGHT="48" WIDTH="146" VPOS="2122" HPOS="1391"/>
<SP HEIGHT="40" WIDTH="24" VPOS="2122" HPOS="1538"/>
<String CONTENT="Nov." HEIGHT="40" WIDTH="120" VPOS="2122" HPOS="1563"/>
<SP HEIGHT="41" WIDTH="25" VPOS="2122" HPOS="1684"/>
<String CONTENT="8," HEIGHT="48" WIDTH="39" VPOS="2122" HPOS="1710"/>
<SP HEIGHT="48" WIDTH="27" VPOS="2122" HPOS="1750"/>
<String CONTENT="1932;" HEIGHT="48" WIDTH="142" VPOS="2121" HPOS="1778"/>
<SP HEIGHT="47" WIDTH="30" VPOS="2122" HPOS="1921"/>
<String CONTENT="C." HEIGHT="41" WIDTH="50" VPOS="2122" HPOS="1952"/>
<SP HEIGHT="40" WIDTH="26" VPOS="2123" HPOS="2003"/>
<String CONTENT="Bax," HEIGHT="48" WIDTH="121" VPOS="2123" HPOS="2030"/>
<SP HEIGHT="50" WIDTH="27" VPOS="2121" HPOS="2152"/>
<String CONTENT="London." HEIGHT="41" WIDTH="214" VPOS="2121" HPOS="2180"/>
</TextLine>
<TextLine HEIGHT="51" WIDTH="255" VPOS="2177" HPOS="450">
<String CONTENT="(33-2545)" HEIGHT="51" WIDTH="255" VPOS="2177" HPOS="450"/>
</TextLine>
<TextLine HEIGHT="67" WIDTH="811" VPOS="2282" HPOS="367" STYLEREFS="StyleId-D4F82BA1-67C4-4351-9789-BD2C060CB65C-">
<String CONTENT="Beale," HEIGHT="66" WIDTH="197" VPOS="2282" HPOS="367"/>
<SP HEIGHT="63" WIDTH="26" VPOS="2285" HPOS="565"/>
<String CONTENT="Mrs." HEIGHT="52" WIDTH="142" VPOS="2285" HPOS="592"/>
<SP HEIGHT="54" WIDTH="28" VPOS="2283" HPOS="735"/>
<String CONTENT="Marie" HEIGHT="54" WIDTH="190" VPOS="2283" HPOS="764"/>
<SP HEIGHT="65" WIDTH="35" VPOS="2284" HPOS="955"/>
<String CONTENT="(Oge)" HEIGHT="67" WIDTH="187" VPOS="2282" HPOS="991"/>
</TextLine>
<TextLine HEIGHT="70" WIDTH="1952" VPOS="2359" HPOS="438" STYLEREFS="StyleId-D4F82BA1-67C4-4351-9789-BD2C060CB65C-">
<String CONTENT="Flight" HEIGHT="69" WIDTH="209" VPOS="2359" HPOS="438"/>
<SP HEIGHT="54" WIDTH="29" VPOS="2360" HPOS="648"/>
<String CONTENT="into" HEIGHT="55" WIDTH="126" VPOS="2360" HPOS="678"/>
<SP HEIGHT="54" WIDTH="33" VPOS="2361" HPOS="805"/>
<String CONTENT="America&#8217;s" HEIGHT="55" WIDTH="316" VPOS="2360" HPOS="839"/>
<SP HEIGHT="49" WIDTH="35" VPOS="2380" HPOS="1156"/>
<String CONTENT="past;" HEIGHT="64" WIDTH="161" VPOS="2365" HPOS="1192"/>
<SP HEIGHT="67" WIDTH="36" VPOS="2361" HPOS="1354"/>
<String CONTENT="Inca" HEIGHT="54" WIDTH="143" VPOS="2361" HPOS="1391"/>
<SP HEIGHT="50" WIDTH="33" VPOS="2379" HPOS="1535"/>
<String CONTENT="peaks" HEIGHT="69" WIDTH="176" VPOS="2360" HPOS="1569"/>
<SP HEIGHT="35" WIDTH="34" VPOS="2380" HPOS="1746"/>
<String CONTENT="and" HEIGHT="54" WIDTH="115" VPOS="2361" HPOS="1781"/>
<SP HEIGHT="54" WIDTH="33" VPOS="2360" HPOS="1897"/>
<String CONTENT="Maya" HEIGHT="69" WIDTH="177" VPOS="2360" HPOS="1931"/>
<SP HEIGHT="68" WIDTH="34" VPOS="2360" HPOS="2109"/>
<String CONTENT="jungles," HEIGHT="69" WIDTH="246" VPOS="2360" HPOS="2144"/>
</TextLine>
<TextLine HEIGHT="69" WIDTH="2022" VPOS="2438" HPOS="370" STYLEREFS="StyleId-D4F82BA1-67C4-4351-9789-BD2C060CB65C-">
<String CONTENT="by" HEIGHT="69" WIDTH="75" VPOS="2438" HPOS="370"/>
<SP HEIGHT="69" WIDTH="31" VPOS="2438" HPOS="446"/>
<String CONTENT="Marie" HEIGHT="54" WIDTH="188" VPOS="2438" HPOS="478"/>
<SP HEIGHT="51" WIDTH="34" VPOS="2442" HPOS="667"/>
<String CONTENT="Beale;" HEIGHT="66" WIDTH="205" VPOS="2440" HPOS="702"/>
<SP HEIGHT="48" WIDTH="37" VPOS="2458" HPOS="908"/>
<String CONTENT="with" HEIGHT="54" WIDTH="142" VPOS="2439" HPOS="946"/>
<SP HEIGHT="52" WIDTH="35" VPOS="2440" HPOS="1089"/>
<String CONTENT="114" HEIGHT="49" WIDTH="102" VPOS="2443" HPOS="1125"/>
<SP HEIGHT="53" WIDTH="30" VPOS="2439" HPOS="1228"/>
<String CONTENT="illustrations." HEIGHT="54" WIDTH="404" VPOS="2439" HPOS="1259"/>
<SP HEIGHT="54" WIDTH="69" VPOS="2439" HPOS="1664"/>
<String CONTENT="New" HEIGHT="54" WIDTH="142" VPOS="2439" HPOS="1734"/>
<SP HEIGHT="54" WIDTH="35" VPOS="2439" HPOS="1877"/>
<String CONTENT="York," HEIGHT="67" WIDTH="182" VPOS="2439" HPOS="1913"/>
<SP HEIGHT="67" WIDTH="34" VPOS="2439" HPOS="2096"/>
<String CONTENT="London," HEIGHT="68" WIDTH="261" VPOS="2439" HPOS="2131"/>
</TextLine>
<TextLine HEIGHT="71" WIDTH="888" VPOS="2515" HPOS="368" STYLEREFS="StyleId-D4F82BA1-67C4-4351-9789-BD2C060CB65C-" CS="1">
<String CONTENT="G." HEIGHT="56" WIDTH="71" VPOS="2515" HPOS="368"/>
<SP HEIGHT="53" WIDTH="28" VPOS="2517" HPOS="440"/>
<String CONTENT="P." HEIGHT="53" WIDTH="68" VPOS="2517" HPOS="469"/>
<SP HEIGHT="52" WIDTH="27" VPOS="2518" HPOS="538"/>
<String CONTENT="Putnam&#8217;s" HEIGHT="54" WIDTH="299" VPOS="2517" HPOS="566"/>
<SP HEIGHT="35" WIDTH="29" VPOS="2536" HPOS="866"/>
<String CONTENT="sons" HEIGHT="35" WIDTH="129" VPOS="2537" HPOS="896"/>
<SP HEIGHT="49" WIDTH="34" VPOS="2537" HPOS="1026"/>
<String CS="1" CONTENT="[c1932]" HEIGHT="65" WIDTH="119" VPOS="2521" HPOS="1137"/>
</TextLine>
<TextLine HEIGHT="52" WIDTH="1347" VPOS="2589" HPOS="442">
<String CONTENT="xv," HEIGHT="40" WIDTH="81" VPOS="2598" HPOS="442"/>
<SP HEIGHT="49" WIDTH="25" VPOS="2589" HPOS="524"/>
<String CONTENT="286" HEIGHT="42" WIDTH="87" VPOS="2589" HPOS="550"/>
<SP HEIGHT="48" WIDTH="23" VPOS="2591" HPOS="638"/>
<String CONTENT="p." HEIGHT="38" WIDTH="45" VPOS="2601" HPOS="662"/>
<SP HEIGHT="29" WIDTH="52" VPOS="2603" HPOS="708"/>
<String CONTENT="col." HEIGHT="41" WIDTH="88" VPOS="2591" HPOS="761"/>
<SP HEIGHT="41" WIDTH="24" VPOS="2591" HPOS="850"/>
<String CONTENT="front.," HEIGHT="48" WIDTH="168" VPOS="2591" HPOS="875"/>
<SP HEIGHT="39" WIDTH="25" VPOS="2602" HPOS="1044"/>
<String CONTENT="plates" HEIGHT="50" WIDTH="159" VPOS="2591" HPOS="1070"/>
<SP HEIGHT="50" WIDTH="28" VPOS="2590" HPOS="1230"/>
<String CONTENT="(1" HEIGHT="50" WIDTH="50" VPOS="2590" HPOS="1259"/>
<SP HEIGHT="41" WIDTH="25" VPOS="2591" HPOS="1310"/>
<String CONTENT="col.)" HEIGHT="48" WIDTH="112" VPOS="2592" HPOS="1336"/>
<SP HEIGHT="49" WIDTH="35" VPOS="2592" HPOS="1449"/>
<String CONTENT="port." HEIGHT="48" WIDTH="126" VPOS="2593" HPOS="1485"/>
<SP HEIGHT="42" WIDTH="57" VPOS="2591" HPOS="1612"/>
<String CONTENT="24" HEIGHT="40" WIDTH="58" VPOS="2591" HPOS="1670"/>
<String STYLE="superscript" CONTENT="cm" HEIGHT="22" WIDTH="46" VPOS="2593" HPOS="1731"/>
<String CONTENT="." HEIGHT="10" WIDTH="10" VPOS="2623" HPOS="1779"/>
</TextLine>
<TextLine HEIGHT="52" WIDTH="632" VPOS="2647" HPOS="444">
<String CONTENT="Maps" HEIGHT="52" WIDTH="143" VPOS="2647" HPOS="444"/>
<SP HEIGHT="31" WIDTH="29" VPOS="2660" HPOS="588"/>
<String CONTENT="on" HEIGHT="31" WIDTH="61" VPOS="2660" HPOS="618"/>
<SP HEIGHT="40" WIDTH="27" VPOS="2649" HPOS="680"/>
<String CONTENT="lining-papers." HEIGHT="51" WIDTH="368" VPOS="2648" HPOS="708"/>
</TextLine>
<TextLine HEIGHT="52" WIDTH="707" VPOS="2705" HPOS="445">
<String CONTENT="Bibliography:" HEIGHT="51" WIDTH="381" VPOS="2705" HPOS="445"/>
<SP HEIGHT="39" WIDTH="30" VPOS="2718" HPOS="827"/>
<String CONTENT="p." HEIGHT="39" WIDTH="43" VPOS="2718" HPOS="858"/>
<SP HEIGHT="42" WIDTH="28" VPOS="2706" HPOS="902"/>
<String CONTENT="285-286." HEIGHT="43" WIDTH="221" VPOS="2705" HPOS="931"/>
</TextLine>
<TextLine HEIGHT="111" WIDTH="2004" VPOS="2774" HPOS="373" CS="1">
<String CONTENT="&#169;" HEIGHT="53" WIDTH="52" VPOS="2774" HPOS="373"/>
<SP HEIGHT="53" WIDTH="26" VPOS="2774" HPOS="426"/>
<String CONTENT="Dec." HEIGHT="42" WIDTH="112" VPOS="2778" HPOS="453"/>
<SP HEIGHT="39" WIDTH="26" VPOS="2780" HPOS="566"/>
<String CONTENT="15," HEIGHT="48" WIDTH="69" VPOS="2779" HPOS="593"/>
<SP HEIGHT="47" WIDTH="26" VPOS="2780" HPOS="663"/>
<String CONTENT="1932;" HEIGHT="49" WIDTH="142" VPOS="2777" HPOS="690"/>
<SP HEIGHT="48" WIDTH="26" VPOS="2778" HPOS="833"/>
<String CONTENT="2c." HEIGHT="41" WIDTH="66" VPOS="2778" HPOS="860"/>
<SP HEIGHT="41" WIDTH="28" VPOS="2778" HPOS="927"/>
<String CONTENT="Jan." HEIGHT="41" WIDTH="112" VPOS="2778" HPOS="956"/>
<SP HEIGHT="42" WIDTH="24" VPOS="2777" HPOS="1069"/>
<String CONTENT="9," HEIGHT="50" WIDTH="40" VPOS="2777" HPOS="1094"/>
<SP HEIGHT="47" WIDTH="27" VPOS="2780" HPOS="1135"/>
<String CONTENT="1933;" HEIGHT="49" WIDTH="142" VPOS="2777" HPOS="1163"/>
<SP HEIGHT="37" WIDTH="28" VPOS="2789" HPOS="1306"/>
<String CONTENT="aff." HEIGHT="41" WIDTH="84" VPOS="2778" HPOS="1335"/>
<SP HEIGHT="41" WIDTH="26" VPOS="2779" HPOS="1420"/>
<String CONTENT="Jan." HEIGHT="41" WIDTH="112" VPOS="2779" HPOS="1447"/>
<SP HEIGHT="41" WIDTH="26" VPOS="2778" HPOS="1560"/>
<String CONTENT="6;" HEIGHT="49" WIDTH="53" VPOS="2778" HPOS="1587"/>
<SP HEIGHT="48" WIDTH="26" VPOS="2779" HPOS="1641"/>
<!-- cceid 36A8F69F-6CF9-1014-A6CF-A82867D68027 --><String CONTENT="A" HEIGHT="40" WIDTH="43" VPOS="2779" HPOS="1668"/>
<SP HEIGHT="40" WIDTH="24" VPOS="2779" HPOS="1712"/>
<String CONTENT="57843;" HEIGHT="48" WIDTH="173" VPOS="2779" HPOS="1737"/>
<SP HEIGHT="47" WIDTH="28" VPOS="2780" HPOS="1911"/>
<String CONTENT="M." HEIGHT="39" WIDTH="64" VPOS="2780" HPOS="1940"/>
<SP HEIGHT="40" WIDTH="28" VPOS="2780" HPOS="2005"/>
<String CONTENT="Beale," HEIGHT="46" WIDTH="162" VPOS="2780" HPOS="2034"/>
<SP HEIGHT="45" WIDTH="27" VPOS="2781" HPOS="2197"/>
<String CONTENT="Washington." HEIGHT="104" WIDTH="1937" VPOS="2780" HPOS="440"/>
<SP HEIGHT="49" WIDTH="68" VPOS="2836" HPOS="628"/>
<String CONTENT="(33-1227)" HEIGHT="49" WIDTH="255" VPOS="2836" HPOS="697"/>
</TextLine>
<TextLine HEIGHT="67" WIDTH="1083" VPOS="2940" HPOS="365" STYLEREFS="StyleId-D4F82BA1-67C4-4351-9789-BD2C060CB65C-">
<String CONTENT="Beck," HEIGHT="62" WIDTH="179" VPOS="2940" HPOS="365"/>
<SP HEIGHT="60" WIDTH="27" VPOS="2942" HPOS="545"/>
<String CONTENT="James" HEIGHT="54" WIDTH="204" VPOS="2942" HPOS="573"/>
<SP HEIGHT="53" WIDTH="29" VPOS="2943" HPOS="778"/>
<String CONTENT="Montgomery," HEIGHT="64" WIDTH="440" VPOS="2943" HPOS="808"/>
<SP HEIGHT="57" WIDTH="32" VPOS="2949" HPOS="1249"/>
<String CONTENT="1861-" HEIGHT="50" WIDTH="166" VPOS="2948" HPOS="1282"/>
</TextLine>
<TextLine HEIGHT="73" WIDTH="1954" VPOS="3018" HPOS="442" STYLEREFS="StyleId-D4F82BA1-67C4-4351-9789-BD2C060CB65C-">
<String CONTENT="Our" HEIGHT="56" WIDTH="125" VPOS="3018" HPOS="442"/>
<SP HEIGHT="34" WIDTH="32" VPOS="3038" HPOS="568"/>
<String CONTENT="wonderland" HEIGHT="53" WIDTH="375" VPOS="3021" HPOS="601"/>
<SP HEIGHT="54" WIDTH="32" VPOS="3021" HPOS="977"/>
<String CONTENT="of" HEIGHT="55" WIDTH="65" VPOS="3020" HPOS="1010"/>
<SP HEIGHT="54" WIDTH="31" VPOS="3020" HPOS="1076"/>
<String CONTENT="bureaucracy;" HEIGHT="69" WIDTH="417" VPOS="3022" HPOS="1108"/>
<SP HEIGHT="50" WIDTH="36" VPOS="3040" HPOS="1526"/>
<String CONTENT="a" HEIGHT="35" WIDTH="32" VPOS="3040" HPOS="1563"/>
<SP HEIGHT="35" WIDTH="33" VPOS="3040" HPOS="1596"/>
<String CONTENT="study" HEIGHT="68" WIDTH="174" VPOS="3022" HPOS="1630"/>
<SP HEIGHT="50" WIDTH="32" VPOS="3040" HPOS="1805"/>
<String CONTENT="of" HEIGHT="55" WIDTH="65" VPOS="3020" HPOS="1838"/>
<SP HEIGHT="55" WIDTH="30" VPOS="3020" HPOS="1904"/>
<String CONTENT="the" HEIGHT="54" WIDTH="98" VPOS="3021" HPOS="1935"/>
<SP HEIGHT="51" WIDTH="33" VPOS="3040" HPOS="2034"/>
<String CONTENT="growth" HEIGHT="70" WIDTH="228" VPOS="3021" HPOS="2068"/>
<SP HEIGHT="53" WIDTH="32" VPOS="3021" HPOS="2297"/>
<String CONTENT="of" HEIGHT="54" WIDTH="66" VPOS="3020" HPOS="2330"/>
</TextLine>
<TextLine HEIGHT="73" WIDTH="2026" VPOS="3098" HPOS="368" STYLEREFS="StyleId-D4F82BA1-67C4-4351-9789-BD2C060CB65C-">
<String CONTENT="bureaucracy" HEIGHT="70" WIDTH="389" VPOS="3098" HPOS="368"/>
<SP HEIGHT="68" WIDTH="44" VPOS="3100" HPOS="758"/>
<String CONTENT="in" HEIGHT="53" WIDTH="61" VPOS="3100" HPOS="803"/>
<SP HEIGHT="50" WIDTH="43" VPOS="3103" HPOS="865"/>
<String CONTENT="the" HEIGHT="51" WIDTH="98" VPOS="3102" HPOS="909"/>
<SP HEIGHT="53" WIDTH="44" VPOS="3100" HPOS="1008"/>
<String CONTENT="federal" HEIGHT="54" WIDTH="224" VPOS="3100" HPOS="1053"/>
<SP HEIGHT="70" WIDTH="43" VPOS="3101" HPOS="1278"/>
<String CONTENT="government," HEIGHT="64" WIDTH="394" VPOS="3107" HPOS="1322"/>
<SP HEIGHT="49" WIDTH="45" VPOS="3120" HPOS="1717"/>
<String CONTENT="and" HEIGHT="52" WIDTH="114" VPOS="3102" HPOS="1763"/>
<SP HEIGHT="54" WIDTH="46" VPOS="3100" HPOS="1878"/>
<String CONTENT="its" HEIGHT="55" WIDTH="74" VPOS="3100" HPOS="1925"/>
<SP HEIGHT="54" WIDTH="47" VPOS="3101" HPOS="2000"/>
<String CONTENT="destructive" HEIGHT="53" WIDTH="346" VPOS="3101" HPOS="2048"/>
</TextLine>
<TextLine HEIGHT="73" WIDTH="2023" VPOS="3177" HPOS="371" STYLEREFS="StyleId-D4F82BA1-67C4-4351-9789-BD2C060CB65C-">
<String CONTENT="effect" HEIGHT="54" WIDTH="166" VPOS="3177" HPOS="371"/>
<SP HEIGHT="46" WIDTH="27" VPOS="3185" HPOS="538"/>
<String CONTENT="upon" HEIGHT="50" WIDTH="158" VPOS="3197" HPOS="566"/>
<SP HEIGHT="46" WIDTH="29" VPOS="3186" HPOS="725"/>
<String CONTENT="the" HEIGHT="52" WIDTH="97" VPOS="3180" HPOS="755"/>
<SP HEIGHT="55" WIDTH="31" VPOS="3179" HPOS="853"/>
<String CONTENT="Constitution," HEIGHT="70" WIDTH="415" VPOS="3179" HPOS="885"/>
<SP HEIGHT="68" WIDTH="28" VPOS="3181" HPOS="1301"/>
<String CONTENT="by" HEIGHT="69" WIDTH="78" VPOS="3181" HPOS="1330"/>
<SP HEIGHT="69" WIDTH="28" VPOS="3181" HPOS="1409"/>
<String CONTENT="James" HEIGHT="54" WIDTH="197" VPOS="3181" HPOS="1438"/>
<SP HEIGHT="55" WIDTH="30" VPOS="3180" HPOS="1636"/>
<String CONTENT="M." HEIGHT="54" WIDTH="81" VPOS="3180" HPOS="1667"/>
<SP HEIGHT="52" WIDTH="32" VPOS="3182" HPOS="1749"/>
<String CONTENT="Beck" HEIGHT="54" WIDTH="157" VPOS="3180" HPOS="1782"/>
<SP HEIGHT="53" WIDTH="34" VPOS="3180" HPOS="1940"/>
<String CONTENT="&#8230;" HEIGHT="10" WIDTH="57" VPOS="3224" HPOS="1975"/>
<SP HEIGHT="53" WIDTH="71" VPOS="3181" HPOS="2033"/>
<String CONTENT="Rev." HEIGHT="53" WIDTH="140" VPOS="3181" HPOS="2105"/>
<SP HEIGHT="35" WIDTH="32" VPOS="3199" HPOS="2246"/>
<String CONTENT="and" HEIGHT="54" WIDTH="115" VPOS="3180" HPOS="2279"/>
</TextLine>
<TextLine HEIGHT="71" WIDTH="1663" VPOS="3258" HPOS="371" STYLEREFS="StyleId-D4F82BA1-67C4-4351-9789-BD2C060CB65C-">
<String CONTENT="enl." HEIGHT="53" WIDTH="107" VPOS="3258" HPOS="371"/>
<SP HEIGHT="35" WIDTH="29" VPOS="3276" HPOS="479"/>
<String CONTENT="ed." HEIGHT="53" WIDTH="84" VPOS="3258" HPOS="509"/>
<SP HEIGHT="54" WIDTH="61" VPOS="3258" HPOS="594"/>
<String CONTENT="New" HEIGHT="54" WIDTH="141" VPOS="3258" HPOS="656"/>
<SP HEIGHT="53" WIDTH="25" VPOS="3259" HPOS="798"/>
<String CONTENT="York," HEIGHT="68" WIDTH="182" VPOS="3259" HPOS="824"/>
<SP HEIGHT="67" WIDTH="25" VPOS="3260" HPOS="1007"/>
<String CONTENT="The" HEIGHT="53" WIDTH="123" VPOS="3260" HPOS="1033"/>
<SP HEIGHT="53" WIDTH="24" VPOS="3260" HPOS="1157"/>
<String CONTENT="Macmillan" HEIGHT="53" WIDTH="341" VPOS="3260" HPOS="1182"/>
<SP HEIGHT="35" WIDTH="26" VPOS="3279" HPOS="1524"/>
<String CONTENT="company," HEIGHT="51" WIDTH="302" VPOS="3278" HPOS="1551"/>
<SP HEIGHT="64" WIDTH="28" VPOS="3264" HPOS="1854"/>
<String CONTENT="1933." HEIGHT="50" WIDTH="151" VPOS="3263" HPOS="1883"/>
</TextLine>
<TextLine HEIGHT="51" WIDTH="642" VPOS="3332" HPOS="437" STYLEREFS="StyleId-D4F82BA1-67C4-4351-9789-BD2C060CB65C-" CS="1">
<String CONTENT="xv" HEIGHT="29" WIDTH="67" VPOS="3344" HPOS="437"/>
<SP HEIGHT="38" WIDTH="26" VPOS="3344" HPOS="505"/>
<String CONTENT="p.," HEIGHT="38" WIDTH="58" VPOS="3344" HPOS="532"/>
<SP HEIGHT="48" WIDTH="26" VPOS="3332" HPOS="591"/>
<String CONTENT="2" HEIGHT="40" WIDTH="26" VPOS="3332" HPOS="618"/>
<SP/>
<String CS="1" CONTENT="l.,"/>
<SP/>
<String CONTENT="290" HEIGHT="42" WIDTH="88" VPOS="3332" HPOS="747"/>
<SP HEIGHT="49" WIDTH="24" VPOS="3334" HPOS="836"/>
<String CONTENT="p." HEIGHT="39" WIDTH="44" VPOS="3344" HPOS="861"/>
<SP HEIGHT="41" WIDTH="54" VPOS="3334" HPOS="906"/>
<String CONTENT="24" HEIGHT="41" WIDTH="57" VPOS="3334" HPOS="961"/>
<String STYLE="superscript" CONTENT="cm" HEIGHT="22" WIDTH="44" VPOS="3337" HPOS="1021"/>
<String CONTENT="." HEIGHT="8" WIDTH="8" VPOS="3369" HPOS="1071"/>
</TextLine>
<TextLine HEIGHT="111" WIDTH="1669" VPOS="3398" HPOS="372" CS="1">
<String CONTENT="&#169;" HEIGHT="53" WIDTH="52" VPOS="3398" HPOS="372"/>
<SP HEIGHT="53" WIDTH="27" VPOS="3398" HPOS="425"/>
<String CONTENT="Jan." HEIGHT="42" WIDTH="112" VPOS="3403" HPOS="453"/>
<SP HEIGHT="42" WIDTH="26" VPOS="3403" HPOS="566"/>
<String CONTENT="6," HEIGHT="48" WIDTH="40" VPOS="3403" HPOS="593"/>
<SP HEIGHT="47" WIDTH="25" VPOS="3404" HPOS="634"/>
<String CONTENT="1933;" HEIGHT="50" WIDTH="143" VPOS="3403" HPOS="660"/>
<SP HEIGHT="49" WIDTH="27" VPOS="3404" HPOS="804"/>
<String CONTENT="2c." HEIGHT="42" WIDTH="68" VPOS="3404" HPOS="832"/>
<SP HEIGHT="30" WIDTH="25" VPOS="3416" HPOS="901"/>
<String CONTENT="and" HEIGHT="39" WIDTH="97" VPOS="3407" HPOS="927"/>
<SP HEIGHT="39" WIDTH="26" VPOS="3407" HPOS="1025"/>
<String CONTENT="aff." HEIGHT="40" WIDTH="83" VPOS="3405" HPOS="1052"/>
<SP HEIGHT="40" WIDTH="27" VPOS="3406" HPOS="1136"/>
<String CONTENT="Jan." HEIGHT="40" WIDTH="110" VPOS="3406" HPOS="1164"/>
<SP HEIGHT="40" WIDTH="27" VPOS="3407" HPOS="1275"/>
<String CONTENT="7;" HEIGHT="47" WIDTH="54" VPOS="3407" HPOS="1303"/>
<SP HEIGHT="47" WIDTH="28" VPOS="3407" HPOS="1358"/>
<!-- cceid 36A9CE74-6CF9-1014-A6CF-A82867D68027 --><String CONTENT="A" HEIGHT="39" WIDTH="42" VPOS="3407" HPOS="1387"/>
<SP HEIGHT="40" WIDTH="25" VPOS="3407" HPOS="1430"/>
<String CONTENT="58738;" HEIGHT="48" WIDTH="172" VPOS="3406" HPOS="1456"/>
<SP HEIGHT="47" WIDTH="30" VPOS="3407" HPOS="1629"/>
<String CONTENT="Macmillan" HEIGHT="41" WIDTH="285" VPOS="3406" HPOS="1660"/>
<SP HEIGHT="30" WIDTH="26" VPOS="3417" HPOS="1946"/>
<String CONTENT="co." HEIGHT="30" WIDTH="68" VPOS="3417" HPOS="1973"/>
<SP/>
<String CONTENT="(33-1544)" HEIGHT="50" WIDTH="255" VPOS="3459" HPOS="450"/>
</TextLine>
<TextLine HEIGHT="72" WIDTH="994" VPOS="3562" HPOS="367" STYLEREFS="StyleId-D4F82BA1-67C4-4351-9789-BD2C060CB65C-">
<String CONTENT="Bliss," HEIGHT="67" WIDTH="178" VPOS="3562" HPOS="367"/>
<SP HEIGHT="64" WIDTH="26" VPOS="3565" HPOS="546"/>
<String CONTENT="Paul" HEIGHT="54" WIDTH="147" VPOS="3565" HPOS="573"/>
<SP HEIGHT="55" WIDTH="28" VPOS="3566" HPOS="721"/>
<String CONTENT="Southworth," HEIGHT="67" WIDTH="408" VPOS="3567" HPOS="750"/>
<SP HEIGHT="59" WIDTH="31" VPOS="3575" HPOS="1159"/>
<String CONTENT="1889-" HEIGHT="50" WIDTH="170" VPOS="3574" HPOS="1191"/>
</TextLine>
<TextLine HEIGHT="73" WIDTH="1954" VPOS="3643" HPOS="437" STYLEREFS="StyleId-D4F82BA1-67C4-4351-9789-BD2C060CB65C-">
<String CONTENT="The" HEIGHT="52" WIDTH="124" VPOS="3643" HPOS="437"/>
<SP HEIGHT="35" WIDTH="29" VPOS="3660" HPOS="562"/>
<String CONTENT="arch" HEIGHT="52" WIDTH="135" VPOS="3645" HPOS="592"/>
<SP HEIGHT="52" WIDTH="32" VPOS="3645" HPOS="728"/>
<String CONTENT="of" HEIGHT="53" WIDTH="65" VPOS="3644" HPOS="761"/>
<SP HEIGHT="55" WIDTH="28" VPOS="3644" HPOS="827"/>
<String CONTENT="spring," HEIGHT="70" WIDTH="222" VPOS="3645" HPOS="856"/>
<SP HEIGHT="69" WIDTH="29" VPOS="3646" HPOS="1079"/>
<String CONTENT="by" HEIGHT="69" WIDTH="76" VPOS="3646" HPOS="1109"/>
<SP HEIGHT="68" WIDTH="29" VPOS="3647" HPOS="1186"/>
<String CONTENT="Paul" HEIGHT="52" WIDTH="148" VPOS="3647" HPOS="1216"/>
<SP HEIGHT="55" WIDTH="34" VPOS="3646" HPOS="1365"/>
<String CONTENT="Southworth" HEIGHT="55" WIDTH="375" VPOS="3646" HPOS="1400"/>
<SP HEIGHT="53" WIDTH="32" VPOS="3646" HPOS="1776"/>
<String CONTENT="Bliss;" HEIGHT="71" WIDTH="182" VPOS="3644" HPOS="1809"/>
<SP HEIGHT="51" WIDTH="35" VPOS="3664" HPOS="1992"/>
<String CONTENT="with" HEIGHT="55" WIDTH="140" VPOS="3644" HPOS="2028"/>
<SP HEIGHT="70" WIDTH="33" VPOS="3646" HPOS="2169"/>
<String CONTENT="prints" HEIGHT="70" WIDTH="188" VPOS="3646" HPOS="2203"/>
</TextLine>
<TextLine HEIGHT="74" WIDTH="2023" VPOS="3720" HPOS="367" STYLEREFS="StyleId-D4F82BA1-67C4-4351-9789-BD2C060CB65C-">
<String CONTENT="from" HEIGHT="54" WIDTH="156" VPOS="3720" HPOS="367"/>
<SP HEIGHT="47" WIDTH="36" VPOS="3727" HPOS="524"/>
<String CONTENT="the" HEIGHT="53" WIDTH="96" VPOS="3723" HPOS="561"/>
<SP HEIGHT="34" WIDTH="37" VPOS="3742" HPOS="658"/>
<String CONTENT="original" HEIGHT="69" WIDTH="249" VPOS="3723" HPOS="696"/>
<SP HEIGHT="53" WIDTH="37" VPOS="3724" HPOS="946"/>
<String CONTENT="blocks" HEIGHT="56" WIDTH="194" VPOS="3724" HPOS="984"/>
<SP HEIGHT="35" WIDTH="36" VPOS="3745" HPOS="1179"/>
<String CONTENT="cut" HEIGHT="47" WIDTH="95" VPOS="3732" HPOS="1216"/>
<SP HEIGHT="54" WIDTH="36" VPOS="3725" HPOS="1312"/>
<String CONTENT="from" HEIGHT="53" WIDTH="156" VPOS="3725" HPOS="1349"/>
<SP HEIGHT="49" WIDTH="35" VPOS="3745" HPOS="1506"/>
<String CONTENT="pieces" HEIGHT="69" WIDTH="185" VPOS="3725" HPOS="1542"/>
<SP HEIGHT="37" WIDTH="36" VPOS="3743" HPOS="1728"/>
<String CONTENT="of" HEIGHT="53" WIDTH="64" VPOS="3725" HPOS="1765"/>
<SP HEIGHT="53" WIDTH="36" VPOS="3725" HPOS="1830"/>
<String CONTENT="linoleum" HEIGHT="55" WIDTH="275" VPOS="3725" HPOS="1867"/>
<SP HEIGHT="36" WIDTH="35" VPOS="3743" HPOS="2143"/>
<String CONTENT="with" HEIGHT="55" WIDTH="141" VPOS="3723" HPOS="2179"/>
<SP HEIGHT="53" WIDTH="37" VPOS="3725" HPOS="2321"/>
<String CONTENT="a" HEIGHT="34" WIDTH="31" VPOS="3744" HPOS="2359"/>
</TextLine>
<TextLine HEIGHT="72" WIDTH="1843" VPOS="3800" HPOS="365" STYLEREFS="StyleId-D4F82BA1-67C4-4351-9789-BD2C060CB65C-">
<String CONTENT="pen" HEIGHT="50" WIDTH="111" VPOS="3818" HPOS="365"/>
<SP HEIGHT="53" WIDTH="32" VPOS="3800" HPOS="477"/>
<String CONTENT="knife" HEIGHT="54" WIDTH="165" VPOS="3800" HPOS="510"/>
<SP HEIGHT="52" WIDTH="33" VPOS="3802" HPOS="676"/>
<String CONTENT="by" HEIGHT="67" WIDTH="75" VPOS="3802" HPOS="710"/>
<SP HEIGHT="67" WIDTH="30" VPOS="3802" HPOS="786"/>
<String CONTENT="Harold" HEIGHT="54" WIDTH="229" VPOS="3802" HPOS="817"/>
<SP HEIGHT="54" WIDTH="32" VPOS="3803" HPOS="1047"/>
<String CONTENT="J." HEIGHT="54" WIDTH="56" VPOS="3803" HPOS="1080"/>
<SP HEIGHT="53" WIDTH="33" VPOS="3804" HPOS="1137"/>
<String CONTENT="Matthews" HEIGHT="54" WIDTH="311" VPOS="3804" HPOS="1171"/>
<SP HEIGHT="34" WIDTH="37" VPOS="3824" HPOS="1483"/>
<String CONTENT="&#8230;" HEIGHT="9" WIDTH="57" VPOS="3849" HPOS="1521"/>
<SP HEIGHT="34" WIDTH="83" VPOS="3837" HPOS="1579"/>
<String CONTENT="[St." HEIGHT="68" WIDTH="105" VPOS="3803" HPOS="1663"/>
<SP HEIGHT="54" WIDTH="34" VPOS="3803" HPOS="1769"/>
<String CONTENT="Louis," HEIGHT="70" WIDTH="194" VPOS="3802" HPOS="1804"/>
<SP HEIGHT="61" WIDTH="30" VPOS="3811" HPOS="1999"/>
<String STYLE="superscript" CONTENT="c" HEIGHT="22" WIDTH="20" VPOS="3811" HPOS="2030"/>
<String CONTENT="1932]" HEIGHT="65" WIDTH="153" VPOS="3806" HPOS="2055"/>
</TextLine>
<TextLine HEIGHT="50" WIDTH="636" VPOS="3874" HPOS="434" CS="1">
<String CONTENT="47," HEIGHT="48" WIDTH="72" VPOS="3874" HPOS="434"/>
<SP HEIGHT="31" WIDTH="33" VPOS="3893" HPOS="507"/>
<String CONTENT="[1]" HEIGHT="49" WIDTH="55" VPOS="3875" HPOS="541"/>
<SP HEIGHT="39" WIDTH="31" VPOS="3885" HPOS="597"/>
<String CONTENT="p." HEIGHT="38" WIDTH="42" VPOS="3885" HPOS="629"/>
<SP HEIGHT="40" WIDTH="60" VPOS="3875" HPOS="672"/>
<String CONTENT="illus." HEIGHT="41" WIDTH="129" VPOS="3875" HPOS="733"/>
<SP HEIGHT="39" WIDTH="59" VPOS="3877" HPOS="863"/>
<String CS="1" CONTENT="22&#189;" HEIGHT="39" WIDTH="57" VPOS="3877" HPOS="923"/>
<String STYLE="superscript" CONTENT="cm" HEIGHT="22" WIDTH="44" VPOS="3879" HPOS="1013"/>
<String CONTENT="." HEIGHT="8" WIDTH="8" VPOS="3909" HPOS="1062"/>
</TextLine>
<TextLine HEIGHT="42" WIDTH="188" VPOS="3930" HPOS="436">
<String CONTENT="Poems." HEIGHT="42" WIDTH="188" VPOS="3930" HPOS="436"/>
</TextLine>
<TextLine HEIGHT="60" WIDTH="2018" VPOS="3996" HPOS="369">
<String CONTENT="&#169;" HEIGHT="53" WIDTH="52" VPOS="3996" HPOS="369"/>
<SP HEIGHT="53" WIDTH="25" VPOS="3996" HPOS="422"/>
<String CONTENT="Dec." HEIGHT="40" WIDTH="114" VPOS="4001" HPOS="448"/>
<SP HEIGHT="39" WIDTH="24" VPOS="4003" HPOS="563"/>
<String CONTENT="1," HEIGHT="47" WIDTH="40" VPOS="4003" HPOS="588"/>
<SP HEIGHT="46" WIDTH="26" VPOS="4004" HPOS="629"/>
<String CONTENT="1932;" HEIGHT="50" WIDTH="141" VPOS="4002" HPOS="656"/>
<SP HEIGHT="48" WIDTH="26" VPOS="4004" HPOS="798"/>
<String CONTENT="2c." HEIGHT="40" WIDTH="67" VPOS="4004" HPOS="825"/>
<SP HEIGHT="28" WIDTH="26" VPOS="4016" HPOS="893"/>
<String CONTENT="and" HEIGHT="40" WIDTH="96" VPOS="4006" HPOS="920"/>
<SP HEIGHT="40" WIDTH="25" VPOS="4006" HPOS="1017"/>
<String CONTENT="aff." HEIGHT="40" WIDTH="83" VPOS="4005" HPOS="1043"/>
<SP HEIGHT="40" WIDTH="26" VPOS="4006" HPOS="1127"/>
<String CONTENT="Jan." HEIGHT="40" WIDTH="111" VPOS="4006" HPOS="1154"/>
<SP HEIGHT="40" WIDTH="25" VPOS="4006" HPOS="1266"/>
<String CONTENT="9," HEIGHT="50" WIDTH="40" VPOS="4006" HPOS="1292"/>
<SP HEIGHT="48" WIDTH="25" VPOS="4008" HPOS="1333"/>
<String CONTENT="1933;" HEIGHT="49" WIDTH="144" VPOS="4006" HPOS="1359"/>
<SP HEIGHT="48" WIDTH="27" VPOS="4007" HPOS="1504"/>
<!-- cceid 36AA9441-6CF9-1014-A6CF-A82867D68027 --><String CONTENT="A" HEIGHT="39" WIDTH="42" VPOS="4007" HPOS="1532"/>
<SP HEIGHT="41" WIDTH="24" VPOS="4007" HPOS="1575"/>
<String CONTENT="57846;" HEIGHT="48" WIDTH="172" VPOS="4006" HPOS="1600"/>
<SP HEIGHT="46" WIDTH="30" VPOS="4008" HPOS="1773"/>
<String CONTENT="P." HEIGHT="40" WIDTH="51" VPOS="4008" HPOS="1804"/>
<SP HEIGHT="41" WIDTH="28" VPOS="4007" HPOS="1856"/>
<String CONTENT="S." HEIGHT="41" WIDTH="45" VPOS="4007" HPOS="1885"/>
<SP HEIGHT="39" WIDTH="26" VPOS="4009" HPOS="1931"/>
<String CONTENT="Bliss," HEIGHT="47" WIDTH="145" VPOS="4007" HPOS="1958"/>
<SP HEIGHT="48" WIDTH="29" VPOS="4006" HPOS="2104"/>
<String CONTENT="St." HEIGHT="41" WIDTH="68" VPOS="4006" HPOS="2134"/>
<SP HEIGHT="41" WIDTH="25" VPOS="4006" HPOS="2203"/>
<String CONTENT="Louis." HEIGHT="43" WIDTH="158" VPOS="4003" HPOS="2229"/>
</TextLine>
<TextLine HEIGHT="50" WIDTH="254" VPOS="4058" HPOS="447">
<String CONTENT="(33-1201)" HEIGHT="50" WIDTH="254" VPOS="4058" HPOS="447"/>
</TextLine>
</TextBlock>
</PrintSpace>
</Page>
</Layout>
</alto>