2484 4405
1040 4052 133 49 1011

103 494 224 35 coverer
355 476 63 52 of
444 477 97 52 the
569 475 321 66 Americas)
931 475 72 66 by
1031 474 258 52 Maurice
1319 473 210 53 David.
1595 473 139 52 New
1766 471 178 65 York,
1973 473 120 51 The

101 554 278 52 Research
408 553 334 67 publishing
771 571 77 33 co.
882 584 12 35 [
899 559 18 21 c
923 554 152 64 1933]

180 622 1433 52 118 p. pl., facsims. (part fold.) coat of arms. 21 cm .
110 693 1991 52 © July 12, 1933: 2c. and aff. July 14; A 64324;. M. David, New York.
183 754 278 49 (33-18380)

102 854 301 68 Dearmer,
431 858 204 64 Percy,
666 853 171 55 1867-
1002 856 83 52 ed.

173 933 1925 70 Christianity and the crisis … London, Y. Gollancz, ltd.,
105 1019 148 50 1933.

170 1101 275 48 616 p. 19 cm.
108 1169 1991 51 © 1c. July 25, 1933; A ad int. 18038; pubd. May 29; P. Dearmer, London.
100 1273 362 66 Defenbach,
489 1274 217 64 Byron,
734 1273 171 54 1870-

175 1351 121 52 The
333 1355 145 48 state
519 1370 84 33 we
637 1350 114 53 live
787 1349 79 68 in,
905 1349 203 67 Idaho,
1147 1349 75 66 by
1263 1349 197 65 Byron
1498 1344 353 54 Defenbach.

108 1344 1963 152 Caldwell,
277 1429 106 67 Id.,
410 1429 121 53 The
561 1428 223 55 Caxton
813 1427 266 68 printers,
1108 1426 122 65 ltd.,
1261 1428 151 50 1933.

177 1502 99 48 355,
313 1504 54 48 [1]
400 1514 43 37 p.
503 1501 85 41 col.
619 1501 164 48 front.,
816 1501 128 40 illus.
1005 1499 56 42 20
1064 1502 44 21 cm
1112 1531 9 9 .

179 1559 154 41 Music:
390 1570 42 38 p.
460 1558 70 41 33.

179 1616 287 40 Illustrated
499 1615 362 49 lining-papers.

180 1673 225 40 Includes
432 1671 390 49 bibliographies.

110 1739 51 53 ©
188 1745 125 39 June
337 1744 69 46 24,
433 1743 139 46 1933;
600 1743 67 39 2c.
693 1742 95 39 and
815 1741 81 40 aff.
925 1741 115 47 July
1065 1741 52 45 1;
1147 1740 40 38 A
1213 1738 170 47 63460;
1414 1740 163 46 Byron
1604 1738 283 40 Defenbach
1914 1739 37 39 &
1976 1747 125 37 sons,

176 1801 105 48 inc.,
313 1801 156 47 Boise,
503 1802 69 38 Id.
643 1796 279 51 (33-18280)

104 1904 143 66 Dell,
277 1904 175 53 Ethel
477 1905 158 63 May.

173 1982 166 54 Dona
368 1980 250 56 Celestis.
701 1980 389 68 [Instalments
1121 1982 46 66 5,
1199 1982 47 64 6]

185 2058 83 48 (In
294 2054 85 50 My
410 2053 142 42 home
581 2051 277 53 magazine,
888 2051 132 52 July,
1050 2051 218 51 August,
1301 2051 143 50 1933)

112 2121 1989 53 © 1c. each Aug. 14, 1983; A ad int. 18099; pubd. June 25, July 25;
180 2183 142 40 Ethel
351 2184 139 46 Mary
522 2183 199 47 Savage,
755 2181 232 48 Sleeper’s
1018 2182 144 46 Lane,
1194 2181 316 46 Winchester,
1543 2182 235 46 England.

104 2285 233 64 Dewey,
363 2284 173 65 John,
568 2290 170 49 1859-
949 2285 85 55 ed.

177 2362 138 53 New
350 2361 162 53 York
543 2362 113 52 and
686 2362 97 52 the
816 2360 256 70 Seabury
1108 2361 436 69 investigation;
1582 2380 31 34 a
1650 2361 188 69 digest
1871 2362 113 52 and

108 2361 1971 146 interpretation
514 2438 64 54 of
604 2440 97 52 the
730 2444 221 63 reports
979 2439 76 69 by
1088 2438 230 55 Samuel
1351 2438 256 70 Seabury
1636 2439 342 69 concerning
2008 2440 97 52 the

107 2521 369 65 government
514 2516 64 54 of
616 2517 138 53 New
794 2517 163 52 York
996 2517 135 69 city,
1171 2518 281 67 prepared
1492 2517 75 69 by
1608 2536 31 34 a
1680 2517 320 54 committee
2041 2516 64 54 of

109 2595 294 53 educators
437 2595 112 54 and
584 2594 143 57 civic
762 2594 246 55 workers
1041 2595 181 54 under
1255 2596 95 52 the
1384 2594 428 71 chairmanship
1848 2595 64 53 of
1947 2595 157 56 John

109 2674 225 68 Dewey.
403 2673 154 68 [New
586 2672 179 68 York]
799 2674 121 52 The
948 2672 135 71 City
1111 2672 198 55 affairs
1335 2673 318 54 committee
1682 2673 66 54 of
1775 2674 137 53 New
1942 2674 163 53 York

114 2784 14 34 [
132 2757 18 21 c
155 2754 132 49 1933
293 2784 13 34 ]

180 2824 56 40 48
264 2834 43 37 p.
335 2824 109 41 incl.
473 2824 161 49 front.,
663 2824 127 41 illus.
820 2824 197 49 (ports.)
1087 2822 59 41 20½
1177 2825 45 23 cm
1226 2856 8 7 .
1353 2823 130 50 $0.25

181 2891 71 42 On
275 2903 140 31 cover:
470 2892 176 42 Edited
672 2893 59 47 by
759 2893 125 41 John
914 2894 191 46 Dewey.

114 2960 55 52 ©
197 2965 128 40 June
353 2965 69 47 30,
454 2964 140 48 1933;
627 2966 66 39 2c.
728 2966 94 39 and
929 2997 8 9 aff.
969 2966 116 47 July
1117 2967 27 39 7;
1205 2966 41 39 A
1278 2966 169 47 64238;
1483 2966 112 49 City
1627 2968 172 41 affairs
1834 2967 274 41 committee

183 3021 51 39 of
267 3022 117 39 New
418 3023 143 39 York.
635 3022 279 48 (33-18253)

109 3122 183 67 Dodd,
320 3125 145 54 Paul
494 3123 228 68 Albert,
755 3130 169 51 1902-

182 3201 1924 73 Financial policies in the aviation industry … [by] Paul A.
113 3279 184 53 Dodd.
362 3280 424 68 Philadelphia,
819 3283 149 51 1933.

185 3351 79 44 vii,
293 3351 86 41 234
404 3362 44 38 p.
505 3352 177 49 diagrs.
742 3353 55 41 23
801 3356 44 21 cm
849 3385 8 10 .

184 3419 72 41 On
282 3431 139 30 cover:
479 3422 281 47 University
786 3423 52 41 of
864 3424 374 48 Pennsylvania.

183 3477 171 40 Thesis
392 3478 104 47 (PH.
557 3479 387 49 D.)—University
972 3481 52 40 of
1050 3481 372 48 Pennsylvania,
1453 3481 128 43 1932.

186 3532 372 49 Bibliography:
589 3544 43 38 p.
660 3535 217 42 231-234.

118 3600 50 51 ©
209 3605 115 47 July
360 3606 40 46 3,
439 3605 140 47 1933;
620 3606 67 40 2c.
727 3607 116 48 July
881 3608 52 41 8;
975 3608 81 40 aff.
1097 3609 117 49 July
1253 3611 52 45 7;
1348 3610 41 39 A
1427 3610 171 48 63560;
1639 3612 50 41 P.
1728 3612 55 40 A.
1825 3612 152 43 Dodd,
2019 3614 92 38 Los

183 3661 219 48 Angeles.
473 3663 279 48 (33-18262)

111 3763 397 68 Dubourdieu,
538 3767 182 55 Jules.

117 3841 1936 128 … Mathématiques financières, par J. Dubourdieu … Pr é face
271 3919 68 52 de
369 3919 183 53 Henri
585 3919 278 55 Galbrun.
941 3923 58 67 (9
1031 3923 238 68 figures)
1347 3927 184 55 Paris,
1562 3926 71 54 A.
1668 3927 186 68 Colin,
1888 3933 151 50 1932.
