2484 4405
1085 4072 132 49 1865

176 430 144 65 Ball,
349 431 191 62 Hugo,
573 426 322 56 1886-1927.

246 507 296 52 Hermann
576 507 207 51 Hesse:
818 504 114 52 sein
969 504 159 52 leben
1161 503 116 52 und
1312 503 118 52 sein
1468 502 166 56 werk,
1669 521 110 32 von
1809 504 176 67 Hugo
2019 503 147 51 Ball.

175 584 350 53 Veränderte
559 584 116 51 und
709 582 312 53 erweiterte
1057 599 155 50 ausg.
1290 582 215 66 Berlin,
1541 582 55 53 S.
1633 580 250 65 Fischer,
1919 584 147 47 1933.

242 654 1160 52 3 p. 1. [9]-263 p., 2 l. front., ports. 21 ½ cm .
241 715 209 39 “Fünfte
479 715 98 38 und
607 714 188 38 sechste
825 712 233 47 auflage.”

174 767 1991 52 © Feb. 23, 1933; 1c.. June 19; A -Foreign 21342; S. Fischer vertag, a.-g.
251 828 63 48 (AC
386 827 225 47 33-1342)

170 930 140 65 Bell,
341 930 336 64 Josephine.

241 1008 120 52 The
391 1007 198 53 buried
619 1008 225 66 temple,
873 1007 75 68 by
976 1007 313 67 Josephine
1319 1008 142 52 Bell.
1538 1009 110 53 Los
1678 1007 265 68 Angeles,
1975 1006 189 55 Calif..

174 1087 119 50 The
321 1087 238 51 Federal
589 1085 262 68 printing
877 1104 298 48 company,
1204 1088 105 51 inc.
1345 1120 11 32 [
1363 1092 17 21 c
1386 1089 151 63 1933]

242 1158 661 49 4 p. l., 189, [1] p. 21½ cm .
244 1215 225 41 Lettered
494 1227 59 28 on
579 1226 166 29 cover:
774 1218 40 38 A
836 1217 136 45 story
998 1215 52 40 of
1074 1216 78 38 old
1181 1215 199 39 Mexico.

173 1269 51 52 ©
258 1274 100 40 Oct.
391 1274 68 46 21,
493 1273 111 40 1933;
667 1273 66 40 2c.
767 1275 96 38 and
895 1272 80 40 aff.
1012 1273 101 40 Oct.
1146 1273 82 45 30;
1264 1274 41 38 A
1338 1273 169 45 66807;
1544 1272 262 48 Josephine
1840 1273 185 39 Lenora
2063 1272 105 39 Bell

239 1331 186 46 Dozier,
453 1331 131 46 Long
610 1331 173 45 Beach,
811 1329 142 41 Calif.
1026 1331 279 47 (33-31417)

166 1428 281 70 Benteen,
478 1431 314 55 Frederick
822 1431 273 67 William,
1131 1436 323 50 1834-1898.

241 1512 119 52 The
394 1513 201 54 Custer
626 1512 173 67 fight;
834 1513 165 66 Capt.
1034 1514 250 51 Benteen's
1362 1519 157 60 story
1551 1511 63 52 of
1644 1513 93 50 the
1769 1512 176 52 battle
1977 1512 62 51 of
2071 1513 94 53 the

172 1591 176 52 Little
392 1591 114 67 Big
550 1592 184 65 Horn,
779 1591 150 54 June
975 1594 189 52 25-26,
1210 1591 161 65 1876;
1420 1590 139 53 with
1604 1595 307 48 comments
1955 1609 70 34 on
2071 1591 93 53 the

172 1668 1992 68 Rosebud fight of June 17, 1876, by Robert E. Strahorn … by
171 1746 1992 68 E. A. Brininstool … Hollywood, Calif., Priv. pub. by E. A.
169 1824 371 67 Brininstool,
574 1830 150 49 1933.

237 1898 57 40 36
322 1907 42 37 p.
394 1899 109 40 incl.
531 1898 133 39 front.
707 1898 171 47 (port.)
917 1899 127 38 illus.
1073 1896 174 49 (port.)
1316 1896 56 41 20½
1404 1900 43 20 cm
1452 1928 8 7 .

241 1956 144 40 “Five
419 1956 219 39 hundred
672 1956 332 47 autographed
1039 1955 160 48 copies
1232 1954 190 48 printed
1458 1955 77 39 for
1571 1956 80 38 the
1685 1956 177 38 author
1896 1959 49 35 at
1981 1955 74 40 his
170 1967 1975 93 expense,
362 2013 117 41 each
515 2024 117 37 copy
668 2012 274 49 numbered,
981 2015 47 38 to
1065 2017 185 36 correct
1287 2023 144 37 many
1469 2012 288 48 misleading
1793 2013 93 39 and
1926 2014 235 40 distorted

168 2069 174 41 stories
367 2070 193 48 dealing
582 2071 118 39 with
726 2071 82 39 the
832 2071 153 39 battle
1009 2071 50 39 of
1083 2071 81 39 the
1188 2070 148 40 Little
1360 2070 90 48 Big
1475 2071 151 39 Horn.
1688 2071 117 39 This
1831 2073 330 46 autographed

168 2136 118 38 copy
313 2127 41 39 is
380 2138 73 30 no.
480 2127 128 40 368.”
669 2128 117 40 This
814 2138 118 37 copy
960 2131 83 37 not
1071 2128 348 47 autographed.

239 2183 160 42 “First
429 2184 229 48 printing,
689 2185 128 47 July,
850 2184 155 41 1933.”

167 2238 51 51 ©
247 2243 116 46 July
390 2243 68 43 25,
488 2242 140 47 1983;
659 2243 65 39 2c.
756 2244 95 38 and
880 2242 82 41 aff.
993 2243 101 40 Oct.
1125 2243 82 46 24;
1238 2243 41 39 A
1308 2243 170 46 65820;
1511 2244 52 38 E.
1593 2243 54 41 A.
1679 2244 313 40 Brininstool.

241 2299 279 49 (33-31651)

163 2397 338 69 Brumfield,
532 2402 193 55 Lewis
752 2404 201 63 Floyd,
989 2407 170 48 1895-

234 2479 146 51 How
424 2483 57 48 to
524 2497 155 49 grow
723 2479 111 52 and
876 2478 221 54 market
1138 2497 224 50 capons,
1402 2480 72 68 by
1520 2480 60 50 L.
1628 2480 62 50 F.
1738 2479 394 55 Brumfield.

167 2555 212 70 [Elkin,
408 2556 68 53 N.
508 2556 80 69 C.,
615 2556 115 53 Elk
758 2556 262 70 printing
1048 2575 98 50 co.]
1181 2564 17 21 c
1205 2560 147 51 1933.

232 2629 24 39 1
285 2639 42 37 p.
390 2661 8 15 l,
427 2629 48 47 ii,
505 2629 48 42 ii,
580 2630 56 39 42
664 2641 42 37 p.
763 2630 142 44 illus.,
935 2630 152 48 diagr.
1147 2631 54 40 23
1205 2633 43 20 cm
1255 2662 8 8 .

233 2686 374 48 Bibliography:
639 2697 41 37 p.
710 2687 71 40 41.

233 2743 311 45 Advertising
573 2745 207 38 matter:
813 2754 42 37 p.
886 2744 71 40 42.

166 2800 51 52 ©
255 2805 101 40 Oct.
392 2805 67 46 14,
496 2804 112 40 1933;
674 2804 65 39 2c.
778 2803 101 40 Oct.
915 2803 82 46 20;
1037 2803 83 40 aff.
1158 2803 101 41 Oct.
1295 2803 82 47 27;
1417 2805 41 38 A
1494 2805 169 46 65865;
1704 2806 48 40 L.
1792 2807 50 39 F.
1881 2808 280 48 Brumfield,

233 2862 323 46 Yadkinville,
585 2862 55 38 N.
673 2861 47 40 C.
795 2860 279 48 (33-32028)

160 2966 280 62 Burman,
467 2966 123 51 Ben
619 2964 237 55 Lucien.

233 3038 1925 67 Steamboat round the bend, by Ben Lucien Burman … with
160 3115 1974 149 sketches by Alice Caddy. New York, Farrar & Rinehart, incorporated [ c 1933]
232 3267 27 39 5
284 3278 42 38 p.
393 3299 8 15 l.,
429 3266 145 41 3-308
603 3277 56 37 p.,
687 3267 23 38 1
761 3299 8 8 l.
800 3266 76 39 incl.
938 3265 141 44 illus.,
1113 3267 156 45 plates.
1341 3267 147 41 front.
1549 3269 54 39 19½
1637 3271 43 21 cm
1686 3305 7 7 .

162 3324 51 52 ©
243 3329 99 40 Oct.
372 3328 68 41 23.
470 3326 113 40 1933;
641 3328 67 38 2c.
738 3326 102 40 Oct.
869 3326 55 38 25;
983 3324 80 41 aff.
1096 3325 101 41 Oct.
1227 3326 56 38 24;
1341 3327 41 38 A
1410 3327 170 47 65850;
1614 3329 51 38 B.
1698 3329 49 39 L.
1780 3331 229 47 Burman,
2041 3333 117 38 New

230 3386 142 38 York.
444 3383 278 48 (33-30993)

162 3489 224 66 Chang,
417 3489 201 63 I-ting,
651 3493 170 49 1905-

226 3570 119 51 The
383 3565 436 69 interpretation
857 3563 63 54 of
956 3563 230 53 treaties
1221 3564 75 69 by
1330 3563 240 69 judicial
1607 3565 298 72 tribunals,
1942 3570 75 68 by
159 3573 1970 141 Yiting
329 3646 219 66 Chang,
679 3687 8 9 PH.
772 3686 8 8 D.
857 3643 137 51 New
1041 3641 179 62 York,
1267 3641 299 54 Columbia
1609 3644 317 71 university
1971 3669 156 48 press;

159 3727 254 57 London,
442 3725 63 52 P.
539 3721 55 56 S.
625 3720 160 65 King
813 3722 45 51 &
885 3739 116 34 son.
1032 3720 120 62 ltd.,
1185 3722 149 50 1933.

229 3800 84 41 196
353 3811 41 36 p.
456 3798 54 41 23
513 3800 44 21 cm
563 3828 8 9 .
641 3795 299 47 (Half-title:
983 3794 197 41 Studies
1220 3794 48 39 in
1310 3793 200 49 history,
1553 3796 266 44 economics
1860 3803 93 38 and
1997 3805 161 46 public

159 3862 104 38 law,
309 3858 70 39 ed.
424 3857 58 45 by
527 3856 80 38 the
651 3854 204 44 Faculty
898 3852 50 39 of
993 3850 213 49 political
1252 3850 185 41 science
1480 3852 51 39 of
1574 3853 249 44 Columbia
1870 3860 270 54 university.

159 3928 71 29 no.
266 3913 110 47 389)

228 3972 170 41 Issued
425 3971 102 38 also
555 3978 53 29 as
637 3966 152 41 thesis
817 3966 108 46 (PH.
985 3966 34 45 D.)
1057 3964 216 41 Columbia
1338 3965 283 50 university.
