2484 4405
1044 4087 134 50 1059

123 446 349 64 Burnshaw,
502 446 244 63 Stanley
773 445 228 55 Alfred.

192 522 199 54 André
436 522 168 69 Spire
649 524 112 52 and
804 523 89 53 his
938 528 221 63 poetry,
1203 522 75 68 by
1326 521 237 68 Stanley
1610 522 348 67 Burnshaw;
2008 526 112 48 two

125 617 185 50 essays
342 602 50 51 &
426 600 159 68 forty
616 601 388 68 translations,
1035 601 141 53 with
1207 620 30 33 a
1270 599 230 69 preface
1529 600 76 68 by

1634 599 213 53 Alfred
122 600 1976 145 Kreym-borg.
360 678 442 68 [Philadelphia]
842 678 122 53 The
999 677 253 56 Centaur
1283 696 175 50 press,
1494 681 150 50 1933.

193 749 1150 50 xii p., 1 l., 15-144 p. front. (port.) 24 cm .
192 806 326 41 “Authorized
567 806 225 41 edition.”

528 865 74 39 CONTENTS.—An
646 862 330 43 introduction
1022 867 47 37 to
1115 862 81 42 the
1239 867 170 45 poetry
1452 862 52 41 of
1546 860 166 43 André
1754 861 364 50 Spire.—Forty

122 920 436 41 translations.—A
585 924 111 37 note
723 930 59 30 on
809 930 107 30 vers
944 920 121 40 libre
1091 920 78 39 for
1196 921 197 39 readers
1422 920 50 40 of
1500 919 203 48 English
119 919 1983 99 verse.—Selected
224 977 336 48 bibliography

608 977 51 40 of
705 977 189 40 critical
944 976 199 48 writing
1190 988 59 28 on
1297 975 164 41 André
1510 975 137 49 Spire
1705 975 66 49 (p.
1819 976 227 46 142-143)
2058 999 58 4 —
123 1033 216 41 Selected
369 1033 335 48 bibliography

735 1033 127 39 from
893 1033 80 40 the
1000 1033 223 48 writings
1255 1033 51 40 of
1336 1031 163 41 André
1530 1031 140 49 Spire
1708 1033 64 48 (p.
1805 1032 108 47 144)

127 1101 1975 107 © Mar. 31, 1933; 2c. and aff. July 21; A 64416; S. A. Burnshaw, Oakland,
351 1162 90 40 Me.
512 1161 279 48 (33-19635)

120 1261 282 67 Caillaux,
433 1265 238 63 Joseph,
706 1269 169 49 1863-

194 1341 301 67 D’Agadir
538 1342 30 50 à
611 1342 55 51 la
709 1342 217 66 grande
969 1341 308 67 pénitence.
1364 1340 202 68 [Paris]
1616 1341 68 51 E.
1730 1339 391 55 Flammarion

125 1422 171 64 [1933]

189 1504 45 37 x,
261 1493 86 40 284
374 1503 57 38 p.,
459 1495 24 37 1
531 1524 8 7 l.
597 1492 55 40 19
655 1495 15 20 cm
705 1526 8 7 .

528 1549 258 48 CONTENTS.—Agadir.—
787 1550 127 39 Vues
945 1548 288 41 d’ensemble
1263 1548 234 49 politique
1527 1550 48 39 et
1604 1547 254 42 économie.
1919 1549 197 46 France,

122 1607 266 47 Europe.—
389 1605 233 41 L’intérêt
654 1605 195 49 général
852 1630 59 3 —
912 1605 150 41 l’état.
1064 1629 61 4 —
1127 1607 67 38 La
1230 1606 184 40 science
1450 1605 452 48 économique.—La
1937 1606 183 47 grande

121 1662 262 49 pénitence,
425 1665 69 38 les
537 1662 347 48 coopérations,
925 1666 71 37 les
1038 1663 203 40 liaisons
1284 1662 332 48 économiques
1659 1662 459 49 indispensables.—

121 1719 214 49 Aperçus
364 1731 84 29 sur
473 1722 70 38 les
571 1721 216 47 budgets,
817 1722 69 39 les
913 1720 193 47 impôts,
1136 1721 47 39 la
1212 1720 237 40 monnaie.

125 1786 1992 52 © May 11, 1933: 1c. May 15; A- Foreign 21016; Ernest Flammarion.
202 1847 278 49 (33-19502)

119 1944 327 58 California
484 1955 177 62 poets,
703 1968 71 33 an
816 1950 313 69 anthology
1171 1951 63 51 of
1274 1953 102 48 244
1416 1950 506 69 contemporaries;
189 1949 1901 131 foreword
377 2028 75 68 by
482 2028 186 54 Helen

701 2029 190 68 Hoyt;
926 2029 190 55 edited
1148 2029 75 69 by
1253 2029 96 53 the
1380 2030 173 52 house
1583 2029 64 53 of
1677 2030 204 67 Henry
188 2029 1905 145 Harrison,
336 2106 309 68 publisher.
709 2107 140 54 New
877 2107 164 53 York
1075 2140 13 34 [
1092 2114 20 21 c
1116 2110 151 65 1932]

188 2179 86 41 768
302 2190 43 37 p.
404 2179 55 39 22½
492 2183 44 21 cm
541 2211 7 9 .

125 2245 51 53 ©
206 2251 111 39 Dec.
346 2250 39 47 5,
414 2250 114 40 1932;
586 2251 68 39 2c.
684 2251 118 47 July
828 2251 69 47 27,
928 2250 112 40 1933;
1101 2250 82 41 aff.
1215 2253 116 46 July
1360 2251 55 40 28;
1474 2252 44 38 A
1546 2252 142 39 64561;
1749 2252 134 38 Henry

192 2252 1906 101 Harrison,
317 2308 117 39 New
458 2307 145 40 York.
676 2307 279 48 (33-19636)

117 2408 355 67 Cassagnac,
497 2411 146 53 Paul
672 2411 87 66 de,
790 2415 172 51 1881-

252 2487 1858 69 … Faites une constitution ou faites un chef … Paris, Les
120 2554 267 67 Éditions
413 2567 68 54 de
508 2568 236 67 France,
771 2574 18 22 c
794 2571 148 52 1933.

191 2641 845 50 2 p. l., vii, [2], 298 p., 1 l. 19 cm .
125 2708 1935 54 © Apr. 5, 1933; 1c. June 6; A- Foreign 21096; Éditions de France.
202 2769 278 50 (33-19353)

119 2870 301 68 Chalfant,
447 2873 189 55 Willie
661 2874 251 56 Arthur.

191 2948 1922 72 The story of Inyo. Rev. ed. By W. A. Chalfant … [Los
121 3023 265 70 Angeles,
412 3026 249 56 Citizens
688 3030 160 66 print
871 3030 160 67 shop,
1055 3030 420 67 incorporated]
1507 3034 153 49 1933.

195 3098 1183 53 6 p. l., [11]-430, vii p. front. (map) 23½ cm .
196 3154 143 42 “This
372 3156 160 42 book’s
565 3168 206 38 purpose
802 3159 41 40 is
877 3161 49 39 to
957 3170 239 38 preserve,
1227 3160 336 49 particularly,
1596 3161 81 40 the
1711 3160 167 41 record
1912 3160 50 40 of
1998 3161 116 46 Inyo

124 3214 178 46 county
333 3213 177 41 earlier
543 3215 120 39 than
693 3215 128 48 1870,
853 3217 140 40 when
1024 3228 28 29 a
1086 3217 194 48 printed
1316 3219 164 39 record
1515 3217 516 49 began.”—Foreword
2067 3221 49 38 to

123 3269 105 41 first
255 3271 197 41 edition.

195 3325 260 42 “Sources”:
514 3328 199 40 5th-6th
742 3329 185 48 prelim,
956 3330 175 39 leaves.

126 3380 1989 56 © July 10, 1933: 2c. and aff. July 24; A 64497; W. A. Chalfant, Bishop,
192 3441 144 40 Calif.
409 3441 278 49 (33-19367)

119 3540 244 67 Cherry,
393 3543 181 64 Floyd
603 3542 294 68 Hildreth,
930 3547 134 54 1876-

189 3620 359 68 Descriptive
574 3628 289 63 geometry;
919 3641 72 34 an
1015 3623 390 56 introduction
1429 3631 58 47 to
1513 3624 367 69 engineering
121 3627 1967 138 graphics,

243 3699 1870 75 by F. H. Cherry … New York, The Macmillan company,
123 3780 148 51 1933.

190 3850 65 48 xi,
295 3851 84 40 127
417 3862 41 37 p.
519 3852 142 48 illus.,
700 3852 178 48 diagrs.
938 3852 55 40 22
997 3855 43 21 cm
1046 3886 8 8 .
1126 3853 298 49 (Half-title:
1461 3854 326 49 Engineering
1823 3854 184 42 science
122 3865 1975 88 series)

125 3960 1788 56 © July 11, 1933; 2c. and aff. July 12; A 64301; Macmillan co.
203 4020 278 50 (33-19360)
