2582 4453
1345 4166 134 53 1792

479 558 966 49 1 p. l., [5] -185 p., 1 l. ill us. 18½ cm .
481 616 130 40 Title
650 616 172 39 within
862 616 130 39 lined
1030 616 175 40 border
1246 616 119 39 with
1406 617 81 39 the
1526 617 254 45 following
1819 618 284 45 letterpress:
2174 616 254 40 Financial

405 673 179 46 liberty:
642 673 219 48 political
891 673 231 39 freedom.

411 736 52 53 ©
503 743 130 47 Sept.
667 742 70 46 20,
775 741 141 46 1033;
954 742 67 40 2c.
1062 742 128 47 Sept.
1226 742 83 47 26;
1349 742 81 40 aff.
1470 742 102 41 Oct.
1607 743 83 46 24;
1730 743 40 38 A
1806 742 144 40 66770;
2017 744 42 39 J.
2095 744 56 39 A.
2188 743 240 44 Watkins,

477 800 93 38 Los
602 799 220 48 Angeles,
899 799 13 47 (CA
1001 798 174 41 33-087
1241 799 191 48 Unrev'd)

410 915 262 66 Weston,
703 916 277 66 Edward,
480 919 666 128 1886-Edward
767 995 252 52 Weston.
1097 996 137 52 New
1269 995 180 67 York,
1481 996 67 53 E.
1579 995 235 69 Weyhe,
1848 998 150 50 1932.

500 1069 1351 49 6 p. l., 12 p., 2 1. front., plates, ports. 35 × 26 cm .
481 1127 146 39 "This
666 1127 136 45 book,
841 1127 229 47 designed
1109 1128 61 46 by
1208 1128 152 39 Merle
1397 1127 266 48 Armitage.
1699 1128 41 39 is
1777 1127 191 48 printed
2007 1127 59 47 by
2105 1127 81 40 the
2222 1128 114 39 Will
2374 1128 53 40 A.

410 1183 2017 50 Kistler company … The paper is artisan enamel … The edition is
409 1241 185 42 limited
639 1245 48 38 to
729 1242 85 41 550
855 1243 173 47 copies,
1071 1243 118 40 each
1231 1253 120 38 copy
1390 1242 169 49 signed
1600 1243 61 48 by
1702 1243 211 40 Edward
1954 1242 214 41 Weston.
2229 1242 119 41 This
2386 1242 42 41 is

406 1301 202 39 number
637 1300 100 40 451.
803 1300 209 50 [Signed]
1047 1302 212 39 Edward
1291 1300 243 41 Weston.”

479 1358 309 48 Descriptive
815 1359 286 47 letterpress
1129 1369 58 29 on
1217 1368 166 30 versos
1411 1357 167 49 facing
1607 1359 81 39 the
1715 1359 173 46 plates.

822 1416 444 40 CONTENTS.—Foreword.—The
1308 1416 136 39 work
1487 1416 51 40 of
1582 1416 212 39 Edward
1838 1416 214 44 Weston,
2095 1425 26 29 a
2165 1414 260 40 backward

405 1476 182 46 glance,
625 1474 60 47 by
720 1474 188 39 Arthur
944 1473 181 40 Millier
1169 1473 68 48 (p.
1274 1472 255 46 1-2)—An
1563 1473 229 40 estimate
1826 1473 95 39 and
1957 1483 27 30 a
2019 1471 185 42 tribute
2236 1471 129 41 from
2399 1483 25 29 a

407 1531 206 49 painter,
651 1532 61 47 by
747 1531 123 40 Jean
909 1531 201 41 Chariot
1158 1531 67 48 (p.
1261 1530 224 44 3-5)—A
1520 1532 372 46 contemporary
1928 1538 167 32 means
2130 1532 49 38 to
2214 1529 214 41 creative

406 1589 298 49 expression,
736 1590 60 47 by
826 1589 213 39 Edward
1072 1589 199 40 Weston
1312 1590 68 46 (p.
1412 1586 257 48 7-8)—An
1701 1587 246 49 approach
1978 1589 50 39 to
2060 1586 82 42 the
408 1586 2000 110 photography
531 1647 51 40 of
611 1647 212 40 Edward
852 1647 215 47 Weston,
1096 1646 61 48 by
1186 1647 152 39 Merle
1367 1646 253 47 Armitage
1657 1647 68 48 (p.
1752 1644 316 47 9-12)—The
2096 1643 332 50 photographs

415 1705 80 42 (39
600 1703 385 50 pl.)—Biography.

411 1772 1990 52 © Dec. 1. 1932: 1c Sept. 5. 1933; 1c. Nov. 21; aff. Oct. 18; A 67208;
482 1835 62 41 M.
577 1835 265 46 Armitage,
877 1835 91 38 Los
1001 1833 222 48 Angeles.
1298 1832 193 49 (34-79)

407 1951 219 67 White,
659 1953 300 55 Kenneth.

479 2029 94 51 An
605 2046 171 52 array
810 2028 91 53 for
933 2047 119 51 one,
1083 2029 75 70 by
1191 2029 269 52 Kenneth
1493 2027 208 56 White.
1771 2027 139 55 New
1944 2025 162 54 York
2139 2026 135 70 city,
2304 2025 121 55 The

412 2107 333 56 Cassowary
778 2128 174 50 press,
989 2112 149 49 1933.

481 2181 85 50 [38]
605 2192 41 37 p.
709 2182 52 39 21
767 2184 43 21 cm
819 2215 6 7 .

478 2240 144 40 “Two
657 2241 223 39 hundred
916 2240 161 48 copies
1113 2251 129 30 were
1275 2240 195 49 printed
1507 2251 58 29 on
1601 2252 25 29 a
1665 2241 140 48 proof
1843 2251 136 38 press
2015 2242 59 46 by
2112 2241 180 48 Jaynet
2327 2242 93 39 and

408 2298 125 40 Alan
566 2298 237 41 Holden."

482 2356 221 41 Sonnets.

410 2414 52 51 ©
490 2419 111 40 Dec.
630 2420 38 45 1,
696 2418 142 47 1933;
866 2419 67 39 2c.
962 2419 97 39 and
1086 2417 81 40 aff.
1198 2419 112 38 Dec.
1339 2416 53 48 9;
1420 2417 43 39 A
1489 2417 172 47 67584;
1692 2417 58 39 K.
1780 2417 177 47 White,
1987 2418 263 48 Westport,
2282 2417 146 41 Conn.

489 2476 193 48 (34-94)

407 2589 348 69 Winterich,
787 2594 156 53 John
973 2595 211 64 Tracy,
477 2596 874 126 1891-An
596 2669 306 54 American
931 2670 193 54 friend
1150 2670 62 54 of

1238 2670 268 69 Dickens,
1532 2670 74 69 by
1631 2669 155 56 John
1814 2670 65 54 T.
1906 2668 350 68 Winterich;
2284 2668 139 53 with

404 2749 160 54 three
590 2748 283 55 facsimile
900 2748 449 69 reproductions.
1415 2749 137 55 New
1581 2749 180 69 York,
1787 2750 64 51 T.
1882 2750 65 55 F.
1975 2748 299 69 Madigan,
2300 2748 125 67 inc.,

410 2831 150 49 1933.

477 2900 1309 51 3 p. l., 14 p.. 1 l. facsims. (2 mounted) 23½cm.
476 2959 147 41 “This
650 2959 42 40 is
721 2971 75 29 no.
824 2960 55 41 83
910 2961 51 39 of
988 2971 89 29 one
1106 2962 222 40 hundred
1358 2963 95 39 and
1482 2961 112 48 fifty
1625 2961 203 49 copies.”

478 3019 228 40 Includes
744 3017 246 41 facsimile
1029 3017 371 49 reproductions
1438 3020 52 39 of
1527 3019 228 41 Dickens’
1795 3022 145 38 letter
2003 3031 25 30 to
2069 3022 82 39 Dr.
2193 3022 227 47 Bartlett,

408 3077 278 46 December,
725 3075 129 49 1850,
892 3077 94 39 and
1027 3076 322 48 Washington
1389 3077 208 48 Irving’s
1635 3078 145 40 letter
1819 3082 48 36 to
1904 3079 83 40 Dr.
2026 3080 230 47 Bartlett,
2295 3081 126 43 May,

403 3133 129 43 1855.

408 3191 52 52 ©
492 3197 113 39 Dec.
634 3197 40 45 4,
706 3195 141 42 1933:
879 3195 68 40 2c.
979 3196 95 38 and
1106 3194 82 41 aff.
1220 3194 113 41 Dec.
1365 3195 51 46 6;
1451 3195 40 38 A
1521 3194 171 48 67395;
1727 3196 212 41 Thomas
1971 3197 51 40 F.
2056 3197 246 46 Madigan.
2335 3197 91 40 inc.

486 3253 193 47 (34-95)

406 3367 401 68 Wobbermin,
837 3371 214 64 Georg,
1083 3372 174 51 1869-

476 3448 1941 68 The nature of religion, by Georg Wobbermin … translated
405 3527 2009 68 by Theophil Menzel … and Daniel Sommer Kobinson … with
406 3606 2013 67 an introduction by Douglas Clyde Macintosh … New York,
405 3684 1169 68 Thomas Y. Crowell company [ c 1933]
480 3756 96 43 xvi,
604 3758 87 40 379
721 3769 41 38 p.
824 3758 136 40 front.
1003 3758 174 49 (port.)
1247 3758 56 40 22½
1335 3760 44 22 cm
1385 3792 8 7 .

478 3815 73 40 An
584 3815 377 48 interpretation
991 3816 52 40 of
1072 3815 202 47 religion
1305 3816 145 40 based
1482 3825 126 38 upon
1640 3815 455 42 Schleiermncher’s
2126 3818 294 48 conception.

480 3872 315 41 Translation
824 3873 51 39 of
903 3873 413 47 “Syslomntische
1345 3874 239 44 théologie
1614 3884 89 30 nach
1767 3873 655 49 religionspsychologischer

410 3928 252 41 methode”.
705 3932 65 46 pt.
797 3928 39 46 2,
867 3929 130 41 “Das
1025 3940 158 30 wesen
1212 3932 84 39 der
1325 3930 247 47 religion”.

409 3982 52 53 ©
497 3988 118 39 Nov.
650 3989 70 43 24,
756 3987 141 41 1933:
934 3989 67 39 2c.
1038 3989 118 40 Nov.
1192 3988 82 41 29:
1313 3988 82 40 aff.
1433 3990 115 38 Nov.
1587 3989 82 41 28;
1709 3990 36 38 A
1814 3988 113 40 67297:
1994 3989 175 40 Daniel
2211 3989 216 41 Sommer

479 4044 259 46 Robinson,
776 4045 357 46 Bloomington.
1172 4047 118 40 Ind.,
1327 4046 94 40 and
1459 4047 235 47 Theophil
1734 4048 199 40 Menzel,
1971 4047 220 40 Webster
2229 4046 195 44 Groves,

479 4102 90 38 Mo.
646 4101 283 50 (33-39329)
