<alto xmlns="http://www.loc.gov/standards/alto/ns-v3#" xmlns:xlink="http://www.w3.org/1999/xlink" xmlns:xsi="http://www.w3.org/2001/XMLSchema-instance" xsi:schemaLocation="http://www.loc.gov/standards/alto/ns-v3# http://www.loc.gov/alto/v3/alto-3-0.xsd"><Description>
<MeasurementUnit>pixel</MeasurementUnit>
<sourceImageInformation>
<fileName>1933_v1_Part1.pdf</fileName>
</sourceImageInformation>
<OCRProcessing ID="IdOcr">
<ocrProcessingStep>
<processingDateTime>2019-01-03</processingDateTime>
<processingSoftware>
<softwareCreator>ABBYY</softwareCreator>
<softwareName>ABBYY Recognition Server</softwareName>
<softwareVersion>4.0</softwareVersion>
</processingSoftware>
</ocrProcessingStep>
</OCRProcessing>
</Description>
<Styles>
<ParagraphStyle ID="StyleId-FFFFFFFF-FFFF-FFFF-FFFF-FFFFFFFFFFFF-" ALIGN="Left" LEFT="0." RIGHT="0." FIRSTLINE="0."/>
<ParagraphStyle ID="StyleId-6EF5737A-DCEB-4126-A0CF-C5930BF7166A-" ALIGN="Left" LEFT="0." RIGHT="0." FIRSTLINE="0." LINESPACE="8.300000191"/>
<ParagraphStyle ID="StyleId-2DE44258-FD0B-41E1-B542-087C989B01A3-" ALIGN="Left" LEFT="0." RIGHT="0." FIRSTLINE="0." LINESPACE="12.19999981"/>
<ParagraphStyle ID="StyleId-CE3D254A-29D7-4DD7-B5F1-E0FC0EF29B05-" ALIGN="Left" LEFT="0." RIGHT="0." FIRSTLINE="-14." LINESPACE="8.619999886"/>
<ParagraphStyle ID="StyleId-C0E3A137-CE4F-4287-8A90-B599106709D0-" ALIGN="Left" LEFT="0." RIGHT="0." FIRSTLINE="-14." LINESPACE="12.19999981"/>
<ParagraphStyle ID="StyleId-50F26F0C-05DA-4C19-BA58-7A6AC4499BEE-" ALIGN="Left" LEFT="0." RIGHT="0." FIRSTLINE="-14." LINESPACE="11.06999969"/>
<ParagraphStyle ID="StyleId-5DDE65AF-512C-41E2-9B8E-095D6D99EF68-" ALIGN="Center" LEFT="0." RIGHT="0." FIRSTLINE="0." LINESPACE="11.89999962"/>
<ParagraphStyle ID="StyleId-0A81D7A5-6A62-4C52-915E-7768974C704D-" ALIGN="Left" LEFT="0." RIGHT="0." FIRSTLINE="0." LINESPACE="9.399999619"/>
<ParagraphStyle ID="StyleId-F7A0127F-6B48-4157-BB81-FE33E1E1A05B-" ALIGN="Block" LEFT="0." RIGHT="0." FIRSTLINE="-13." LINESPACE="10.63000011"/>
<ParagraphStyle ID="StyleId-E18C69F7-DBD7-48B1-805C-FCD96D0DA019-" ALIGN="Left" LEFT="0." RIGHT="0." FIRSTLINE="0." LINESPACE="11.64000034"/>
<ParagraphStyle ID="StyleId-98F15501-B611-4E83-8BB3-807E891F11F5-" ALIGN="Left" LEFT="0." RIGHT="0." FIRSTLINE="-14." LINESPACE="12.19999981"/>
<ParagraphStyle ID="StyleId-F4A78626-0BBC-4D12-94D9-A1AE75A9855F-" ALIGN="Left" LEFT="0." RIGHT="0." FIRSTLINE="0." LINESPACE="9.399999619"/>
<ParagraphStyle ID="StyleId-6A3F6F4C-D21B-4ADE-902F-7683F18ECEF3-" ALIGN="Left" LEFT="0." RIGHT="0." FIRSTLINE="0." LINESPACE="11.10000038"/>
</Styles>
<Layout>
<Page ID="Page1094" PHYSICAL_IMG_NR="1094" HEIGHT="4453" WIDTH="2582">
<TopMargin HEIGHT="456" WIDTH="2582" VPOS="0" HPOS="0">
</TopMargin>
<LeftMargin HEIGHT="3650" WIDTH="256" VPOS="456" HPOS="0">
</LeftMargin>
<RightMargin HEIGHT="3650" WIDTH="144" VPOS="456" HPOS="2438">
</RightMargin>
<BottomMargin HEIGHT="347" WIDTH="2582" VPOS="4106" HPOS="0">
<TextBlock ID="Page1094_Block1" HEIGHT="72" WIDTH="158" VPOS="4144" HPOS="1306" LANG="en-US" STYLEREFS="StyleId-EFAA41AF-1B17-4126-85E3-729971151BCB-">
<TextLine HEIGHT="51" WIDTH="138" VPOS="4154" HPOS="1316">
<String CONTENT="1094" HEIGHT="51" WIDTH="138" VPOS="4154" HPOS="1316"/>
</TextLine>
</TextBlock>
</BottomMargin>
<PrintSpace HEIGHT="3650" WIDTH="2182" VPOS="456" HPOS="256">
<TextBlock ID="Page1094_Block2" HEIGHT="3650" WIDTH="2076" VPOS="456" HPOS="362" LANG="en-US" CS="1" STYLEREFS="StyleId-341B89C0-E5E7-43B3-B0CF-61287FC0F013-">
<TextLine HEIGHT="71" WIDTH="1201" VPOS="467" HPOS="374" STYLEREFS="StyleId-ADCB78E2-178D-4B7E-944D-511032D16A73-">
<String LANG="de" CONTENT="North" HEIGHT="53" WIDTH="198" VPOS="467" HPOS="374"/>
<SP HEIGHT="56" WIDTH="30" VPOS="467" HPOS="573"/>
<String LANG="de" CONTENT="Carolina." HEIGHT="56" WIDTH="293" VPOS="467" HPOS="604"/>
<SP HEIGHT="53" WIDTH="73" VPOS="469" HPOS="898"/>
<String LANG="en-US" CONTENT="Laws" HEIGHT="54" WIDTH="168" VPOS="469" HPOS="972"/>
<String LANG="de" CONTENT="," HEIGHT="25" WIDTH="11" VPOS="512" HPOS="1148"/>
<SP HEIGHT="47" WIDTH="25" VPOS="490" HPOS="1160"/>
<String LANG="en-US" CONTENT="statutes" HEIGHT="48" WIDTH="242" VPOS="476" HPOS="1186"/>
<String LANG="de" CONTENT="," HEIGHT="25" WIDTH="11" VPOS="513" HPOS="1435"/>
<SP HEIGHT="49" WIDTH="27" VPOS="489" HPOS="1447"/>
<String LANG="en-US" CONTENT="etc." HEIGHT="49" WIDTH="100" VPOS="477" HPOS="1475"/>
</TextLine>
<TextLine HEIGHT="147" WIDTH="1998" VPOS="548" HPOS="374" STYLEREFS="StyleId-40BCADB5-A2BA-45F2-9091-AB66F7D1B322-" CS="1">
<String CONTENT="1933" HEIGHT="49" WIDTH="134" VPOS="550" HPOS="450"/>
<SP HEIGHT="50" WIDTH="37" VPOS="550" HPOS="585"/>
<String CONTENT="supplement" HEIGHT="68" WIDTH="366" VPOS="548" HPOS="623"/>
<SP HEIGHT="48" WIDTH="35" VPOS="553" HPOS="990"/>
<String CONTENT="to" HEIGHT="48" WIDTH="59" VPOS="553" HPOS="1026"/>
<SP HEIGHT="47" WIDTH="37" VPOS="554" HPOS="1086"/>
<String CONTENT="the" HEIGHT="53" WIDTH="96" VPOS="549" HPOS="1124"/>
<SP HEIGHT="52" WIDTH="38" VPOS="551" HPOS="1221"/>
<String CONTENT="North" HEIGHT="53" WIDTH="189" VPOS="550" HPOS="1260"/>
<SP HEIGHT="56" WIDTH="39" VPOS="550" HPOS="1450"/>
<String CONTENT="Carolina" HEIGHT="56" WIDTH="273" VPOS="550" HPOS="1490"/>
<SP HEIGHT="34" WIDTH="36" VPOS="569" HPOS="1764"/>
<String CONTENT="code" HEIGHT="52" WIDTH="137" VPOS="551" HPOS="1801"/>
<SP HEIGHT="34" WIDTH="34" VPOS="570" HPOS="1939"/>
<String CONTENT="of" HEIGHT="53" WIDTH="64" VPOS="551" HPOS="1974"/>
<SP HEIGHT="52" WIDTH="38" VPOS="551" HPOS="2039"/>
<String CONTENT="1931," HEIGHT="65" WIDTH="153" VPOS="555" HPOS="2078"/>
<SP HEIGHT="48" WIDTH="36" VPOS="572" HPOS="2232"/>
<String CONTENT="containing" HEIGHT="124" WIDTH="1998" VPOS="571" HPOS="374"/>
</TextLine>
<TextLine HEIGHT="72" WIDTH="1751" VPOS="628" HPOS="645" STYLEREFS="StyleId-40BCADB5-A2BA-45F2-9091-AB66F7D1B322-">
<String CONTENT="all" HEIGHT="51" WIDTH="78" VPOS="628" HPOS="645"/>
<SP HEIGHT="52" WIDTH="34" VPOS="628" HPOS="724"/>
<String CONTENT="the" HEIGHT="52" WIDTH="97" VPOS="628" HPOS="759"/>
<SP HEIGHT="51" WIDTH="35" VPOS="645" HPOS="857"/>
<String CONTENT="general" HEIGHT="66" WIDTH="234" VPOS="630" HPOS="893"/>
<SP HEIGHT="52" WIDTH="36" VPOS="629" HPOS="1128"/>
<String CONTENT="laws" HEIGHT="52" WIDTH="136" VPOS="629" HPOS="1165"/>
<SP HEIGHT="34" WIDTH="39" VPOS="648" HPOS="1302"/>
<String CONTENT="of" HEIGHT="53" WIDTH="64" VPOS="629" HPOS="1342"/>
<SP HEIGHT="52" WIDTH="38" VPOS="629" HPOS="1407"/>
<String CONTENT="1933." HEIGHT="49" WIDTH="151" VPOS="632" HPOS="1446"/>
<SP HEIGHT="55" WIDTH="78" VPOS="630" HPOS="1598"/>
<String CONTENT="Complete" HEIGHT="69" WIDTH="296" VPOS="630" HPOS="1677"/>
<SP HEIGHT="34" WIDTH="37" VPOS="650" HPOS="1974"/>
<String CONTENT="annotations," HEIGHT="68" WIDTH="384" VPOS="632" HPOS="2012"/>
</TextLine>
<TextLine HEIGHT="73" WIDTH="2021" VPOS="706" HPOS="375" STYLEREFS="StyleId-40BCADB5-A2BA-45F2-9091-AB66F7D1B322-">
<String CONTENT="under" HEIGHT="52" WIDTH="183" VPOS="706" HPOS="375"/>
<SP HEIGHT="47" WIDTH="28" VPOS="712" HPOS="559"/>
<String CONTENT="the" HEIGHT="55" WIDTH="98" VPOS="706" HPOS="588"/>
<SP HEIGHT="36" WIDTH="31" VPOS="725" HPOS="687"/>
<String CONTENT="editorial" HEIGHT="53" WIDTH="270" VPOS="706" HPOS="719"/>
<SP HEIGHT="53" WIDTH="25" VPOS="708" HPOS="990"/>
<String CONTENT="supervision" HEIGHT="68" WIDTH="362" VPOS="708" HPOS="1016"/>
<SP HEIGHT="36" WIDTH="33" VPOS="727" HPOS="1379"/>
<String CONTENT="of" HEIGHT="54" WIDTH="64" VPOS="709" HPOS="1413"/>
<SP HEIGHT="53" WIDTH="28" VPOS="709" HPOS="1478"/>
<String CONTENT="A." HEIGHT="52" WIDTH="70" VPOS="710" HPOS="1507"/>
<SP HEIGHT="52" WIDTH="32" VPOS="711" HPOS="1578"/>
<String CONTENT="Hewson" HEIGHT="52" WIDTH="252" VPOS="711" HPOS="1611"/>
<SP HEIGHT="52" WIDTH="29" VPOS="711" HPOS="1864"/>
<String CONTENT="Michie," HEIGHT="69" WIDTH="232" VPOS="710" HPOS="1894"/>
<SP HEIGHT="48" WIDTH="30" VPOS="731" HPOS="2127"/>
<String CONTENT="assisted" HEIGHT="54" WIDTH="238" VPOS="711" HPOS="2158"/>
</TextLine>
<TextLine HEIGHT="70" WIDTH="2021" VPOS="786" HPOS="375" STYLEREFS="StyleId-40BCADB5-A2BA-45F2-9091-AB66F7D1B322-">
<String CONTENT="by" HEIGHT="66" WIDTH="75" VPOS="786" HPOS="375"/>
<SP HEIGHT="65" WIDTH="52" VPOS="787" HPOS="451"/>
<String CONTENT="Beirne" HEIGHT="53" WIDTH="210" VPOS="786" HPOS="504"/>
<SP HEIGHT="55" WIDTH="53" VPOS="786" HPOS="715"/>
<String CONTENT="Stedman," HEIGHT="67" WIDTH="295" VPOS="786" HPOS="769"/>
<SP HEIGHT="67" WIDTH="51" VPOS="786" HPOS="1065"/>
<String CONTENT="indexed" HEIGHT="54" WIDTH="247" VPOS="786" HPOS="1117"/>
<SP HEIGHT="53" WIDTH="55" VPOS="788" HPOS="1365"/>
<String CONTENT="by" HEIGHT="68" WIDTH="71" VPOS="788" HPOS="1421"/>
<SP HEIGHT="64" WIDTH="53" VPOS="792" HPOS="1493"/>
<String CONTENT="Thomas" HEIGHT="52" WIDTH="251" VPOS="790" HPOS="1547"/>
<SP HEIGHT="54" WIDTH="51" VPOS="791" HPOS="1799"/>
<String CONTENT="Johnson" HEIGHT="55" WIDTH="263" VPOS="790" HPOS="1851"/>
<SP HEIGHT="52" WIDTH="50" VPOS="793" HPOS="2115"/>
<String CONTENT="Michie." HEIGHT="55" WIDTH="230" VPOS="790" HPOS="2166"/>
</TextLine>
<TextLine HEIGHT="74" WIDTH="1546" VPOS="864" HPOS="377" STYLEREFS="StyleId-40BCADB5-A2BA-45F2-9091-AB66F7D1B322-">
<String CONTENT="Charlottesville," HEIGHT="70" WIDTH="486" VPOS="864" HPOS="377"/>
<SP HEIGHT="67" WIDTH="26" VPOS="867" HPOS="864"/>
<String CONTENT="Va.," HEIGHT="68" WIDTH="127" VPOS="867" HPOS="891"/>
<SP HEIGHT="66" WIDTH="26" VPOS="869" HPOS="1019"/>
<String CONTENT="The" HEIGHT="53" WIDTH="122" VPOS="867" HPOS="1046"/>
<SP HEIGHT="52" WIDTH="26" VPOS="869" HPOS="1169"/>
<String CONTENT="Michie" HEIGHT="55" WIDTH="215" VPOS="867" HPOS="1196"/>
<SP HEIGHT="35" WIDTH="26" VPOS="888" HPOS="1412"/>
<String CONTENT="company," HEIGHT="51" WIDTH="301" VPOS="887" HPOS="1439"/>
<SP HEIGHT="66" WIDTH="29" VPOS="872" HPOS="1741"/>
<String CONTENT="1933." HEIGHT="51" WIDTH="152" VPOS="872" HPOS="1771"/>
</TextLine>
<TextLine HEIGHT="48" WIDTH="559" VPOS="941" HPOS="445" CS="1">
<String CONTENT="3" HEIGHT="40" WIDTH="27" VPOS="941" HPOS="445"/>
<SP/>
<String CS="1" CONTENT="p."/>
<SP/>
<String CS="1" CONTENT="l.,"/>
<SP HEIGHT="48" WIDTH="27" VPOS="941" HPOS="615"/>
<String CONTENT="378" HEIGHT="40" WIDTH="90" VPOS="941" HPOS="643"/>
<SP HEIGHT="48" WIDTH="22" VPOS="941" HPOS="734"/>
<String CONTENT="p." HEIGHT="37" WIDTH="42" VPOS="952" HPOS="757"/>
<SP HEIGHT="40" WIDTH="55" VPOS="941" HPOS="800"/>
<String CS="1" CONTENT="26&#189;" HEIGHT="40" WIDTH="61" VPOS="941" HPOS="856"/>
<String STYLE="superscript" CONTENT="cm" HEIGHT="21" WIDTH="45" VPOS="943" HPOS="946"/>
<String CONTENT="." HEIGHT="7" WIDTH="8" VPOS="974" HPOS="996"/>
</TextLine>
<TextLine HEIGHT="54" WIDTH="1662" VPOS="994" HPOS="381" CS="1">
<String CONTENT="&#169;" HEIGHT="52" WIDTH="54" VPOS="994" HPOS="381"/>
<SP HEIGHT="52" WIDTH="25" VPOS="994" HPOS="436"/>
<String CONTENT="Aug." HEIGHT="48" WIDTH="121" VPOS="998" HPOS="462"/>
<SP HEIGHT="38" WIDTH="28" VPOS="999" HPOS="584"/>
<String CONTENT="17," HEIGHT="47" WIDTH="69" VPOS="999" HPOS="613"/>
<SP HEIGHT="47" WIDTH="27" VPOS="999" HPOS="683"/>
<String CS="1" CONTENT="1933;" HEIGHT="41" WIDTH="115" VPOS="998" HPOS="711"/>
<SP HEIGHT="47" WIDTH="30" VPOS="998" HPOS="854"/>
<String CONTENT="2c." HEIGHT="40" WIDTH="67" VPOS="998" HPOS="885"/>
<SP HEIGHT="29" WIDTH="29" VPOS="1009" HPOS="953"/>
<String CONTENT="and" HEIGHT="39" WIDTH="97" VPOS="1000" HPOS="983"/>
<SP/>
<String CS="1" CONTENT="aff."/>
<SP/>
<String CONTENT="Aug." HEIGHT="47" WIDTH="120" VPOS="1000" HPOS="1223"/>
<SP HEIGHT="39" WIDTH="30" VPOS="1000" HPOS="1344"/>
<String CONTENT="19;" HEIGHT="48" WIDTH="82" VPOS="999" HPOS="1375"/>
<SP HEIGHT="47" WIDTH="30" VPOS="1000" HPOS="1458"/>
<!-- cceid 4702B803-6CF9-1014-A6CF-A82867D68027 --><String CONTENT="A" HEIGHT="39" WIDTH="43" VPOS="1000" HPOS="1489"/>
<SP HEIGHT="40" WIDTH="27" VPOS="1000" HPOS="1533"/>
<String CONTENT="64775;" HEIGHT="48" WIDTH="171" VPOS="1000" HPOS="1561"/>
<SP HEIGHT="46" WIDTH="31" VPOS="1002" HPOS="1733"/>
<String CONTENT="Michie" HEIGHT="41" WIDTH="184" VPOS="1000" HPOS="1765"/>
<SP HEIGHT="30" WIDTH="23" VPOS="1011" HPOS="1950"/>
<String CONTENT="co." HEIGHT="30" WIDTH="69" VPOS="1011" HPOS="1974"/>
</TextLine>
<TextLine HEIGHT="66" WIDTH="619" VPOS="1102" HPOS="375">
<String CONTENT="O&#8217;Connor," HEIGHT="66" WIDTH="324" VPOS="1102" HPOS="375"/>
<SP HEIGHT="65" WIDTH="29" VPOS="1103" HPOS="700"/>
<String CONTENT="Harvey." HEIGHT="64" WIDTH="264" VPOS="1103" HPOS="730"/>
</TextLine>
<TextLine HEIGHT="73" WIDTH="1950" VPOS="1180" HPOS="447" STYLEREFS="StyleId-40BCADB5-A2BA-45F2-9091-AB66F7D1B322-">
<String CONTENT="Mellon&#8217;s" HEIGHT="54" WIDTH="264" VPOS="1181" HPOS="447"/>
<SP HEIGHT="35" WIDTH="32" VPOS="1200" HPOS="712"/>
<String CONTENT="millions," HEIGHT="68" WIDTH="273" VPOS="1181" HPOS="745"/>
<SP HEIGHT="61" WIDTH="33" VPOS="1188" HPOS="1019"/>
<String CONTENT="the" HEIGHT="53" WIDTH="96" VPOS="1182" HPOS="1053"/>
<SP HEIGHT="53" WIDTH="34" VPOS="1182" HPOS="1150"/>
<String CONTENT="biography" HEIGHT="73" WIDTH="327" VPOS="1180" HPOS="1185"/>
<SP HEIGHT="51" WIDTH="31" VPOS="1202" HPOS="1513"/>
<String CONTENT="of" HEIGHT="53" WIDTH="65" VPOS="1183" HPOS="1545"/>
<SP HEIGHT="54" WIDTH="33" VPOS="1183" HPOS="1611"/>
<String CONTENT="a" HEIGHT="34" WIDTH="31" VPOS="1203" HPOS="1645"/>
<SP HEIGHT="53" WIDTH="33" VPOS="1184" HPOS="1677"/>
<String CONTENT="fortune;" HEIGHT="69" WIDTH="263" VPOS="1184" HPOS="1711"/>
<SP HEIGHT="63" WIDTH="35" VPOS="1190" HPOS="1975"/>
<String CONTENT="the" HEIGHT="54" WIDTH="96" VPOS="1185" HPOS="2011"/>
<SP HEIGHT="53" WIDTH="32" VPOS="1186" HPOS="2108"/>
<String CONTENT="life" HEIGHT="52" WIDTH="106" VPOS="1185" HPOS="2141"/>
<SP HEIGHT="33" WIDTH="35" VPOS="1204" HPOS="2248"/>
<String CONTENT="and" HEIGHT="53" WIDTH="113" VPOS="1186" HPOS="2284"/>
</TextLine>
<TextLine HEIGHT="71" WIDTH="2022" VPOS="1261" HPOS="375" STYLEREFS="StyleId-40BCADB5-A2BA-45F2-9091-AB66F7D1B322-" CS="1">
<String CONTENT="times" HEIGHT="55" WIDTH="167" VPOS="1261" HPOS="375"/>
<SP HEIGHT="35" WIDTH="37" VPOS="1281" HPOS="543"/>
<String CONTENT="of" HEIGHT="53" WIDTH="64" VPOS="1261" HPOS="581"/>
<SP HEIGHT="53" WIDTH="34" VPOS="1261" HPOS="646"/>
<String CONTENT="Andrew" HEIGHT="54" WIDTH="257" VPOS="1262" HPOS="681"/>
<SP HEIGHT="54" WIDTH="32" VPOS="1263" HPOS="939"/>
<String CONTENT="W." HEIGHT="54" WIDTH="92" VPOS="1263" HPOS="972"/>
<SP HEIGHT="52" WIDTH="36" VPOS="1263" HPOS="1065"/>
<String CONTENT="Mellon," HEIGHT="68" WIDTH="239" VPOS="1263" HPOS="1102"/>
<SP HEIGHT="67" WIDTH="35" VPOS="1264" HPOS="1342"/>
<String CONTENT="by" HEIGHT="68" WIDTH="75" VPOS="1264" HPOS="1378"/>
<SP HEIGHT="67" WIDTH="35" VPOS="1265" HPOS="1454"/>
<String CONTENT="Harvey" HEIGHT="67" WIDTH="241" VPOS="1265" HPOS="1490"/>
<SP HEIGHT="67" WIDTH="38" VPOS="1265" HPOS="1732"/>
<String CONTENT="O&#8217;Connor" HEIGHT="56" WIDTH="306" VPOS="1264" HPOS="1771"/>
<SP HEIGHT="33" WIDTH="43" VPOS="1285" HPOS="2078"/>
<String CS="1" CONTENT="&#8230;"/>
<SP HEIGHT="52" WIDTH="79" VPOS="1267" HPOS="2178"/>
<String CONTENT="New" HEIGHT="52" WIDTH="139" VPOS="1267" HPOS="2258"/>
</TextLine>
<TextLine HEIGHT="71" WIDTH="1188" VPOS="1340" HPOS="376" STYLEREFS="StyleId-40BCADB5-A2BA-45F2-9091-AB66F7D1B322-" CS="1">
<String CONTENT="York," HEIGHT="70" WIDTH="182" VPOS="1340" HPOS="376"/>
<SP HEIGHT="67" WIDTH="23" VPOS="1343" HPOS="559"/>
<String CONTENT="The" HEIGHT="53" WIDTH="123" VPOS="1341" HPOS="583"/>
<SP HEIGHT="54" WIDTH="23" VPOS="1342" HPOS="707"/>
<String CONTENT="John" HEIGHT="55" WIDTH="158" VPOS="1341" HPOS="731"/>
<SP HEIGHT="52" WIDTH="24" VPOS="1343" HPOS="890"/>
<String CONTENT="Day" HEIGHT="68" WIDTH="132" VPOS="1343" HPOS="915"/>
<SP HEIGHT="51" WIDTH="24" VPOS="1360" HPOS="1048"/>
<String CONTENT="company" HEIGHT="51" WIDTH="282" VPOS="1360" HPOS="1073"/>
<SP HEIGHT="49" WIDTH="31" VPOS="1362" HPOS="1356"/>
<String STYLE="subscript" CONTENT="[" HEIGHT="33" WIDTH="12" VPOS="1377" HPOS="1388"/>
<String STYLE="superscript" CONTENT="c" HEIGHT="20" WIDTH="17" VPOS="1350" HPOS="1407"/>
<String CS="1" CONTENT="1933]" HEIGHT="50" WIDTH="134" VPOS="1346" HPOS="1430"/>
</TextLine>
<TextLine HEIGHT="62" WIDTH="1230" VPOS="1403" HPOS="452" STYLEREFS="StyleId-40BCADB5-A2BA-45F2-9091-AB66F7D1B322-" CS="1">
<String CONTENT="xv" HEIGHT="29" WIDTH="64" VPOS="1427" HPOS="452"/>
<SP/>
<String CS="1" CONTENT="p.,"/>
<SP/>
<String CS="1" CONTENT="1"/>
<SP/>
<String CS="1" CONTENT="l.,"/>
<SP HEIGHT="48" WIDTH="23" VPOS="1417" HPOS="721"/>
<String CONTENT="443," HEIGHT="47" WIDTH="102" VPOS="1417" HPOS="745"/>
<SP HEIGHT="29" WIDTH="30" VPOS="1436" HPOS="848"/>
<String CONTENT="[1]" HEIGHT="48" WIDTH="55" VPOS="1417" HPOS="879"/>
<SP HEIGHT="38" WIDTH="27" VPOS="1427" HPOS="935"/>
<String CONTENT="p.&quot;" HEIGHT="61" WIDTH="55" VPOS="1403" HPOS="963"/>
<SP HEIGHT="53" WIDTH="40" VPOS="1403" HPOS="1019"/>
<String CONTENT="front.," HEIGHT="48" WIDTH="167" VPOS="1417" HPOS="1060"/>
<SP/>
<String CS="1" CONTENT="pl.," HEIGHT="16" WIDTH="8" VPOS="1448" HPOS="1323"/>
<SP HEIGHT="37" WIDTH="27" VPOS="1428" HPOS="1332"/>
<String CONTENT="ports." HEIGHT="45" WIDTH="150" VPOS="1420" HPOS="1360"/>
<SP HEIGHT="40" WIDTH="52" VPOS="1419" HPOS="1511"/>
<String CONTENT="21" HEIGHT="40" WIDTH="56" VPOS="1419" HPOS="1564"/>
<String STYLE="superscript" CONTENT="cm" HEIGHT="21" WIDTH="44" VPOS="1421" HPOS="1625"/>
<String CONTENT="." HEIGHT="9" WIDTH="9" VPOS="1449" HPOS="1673"/>
</TextLine>
<TextLine HEIGHT="54" WIDTH="1458" VPOS="1469" HPOS="381" CS="1">
<String CONTENT="&#169;" HEIGHT="53" WIDTH="51" VPOS="1469" HPOS="381"/>
<SP HEIGHT="53" WIDTH="25" VPOS="1469" HPOS="433"/>
<String CONTENT="Aug." HEIGHT="48" WIDTH="121" VPOS="1474" HPOS="459"/>
<SP HEIGHT="41" WIDTH="25" VPOS="1475" HPOS="581"/>
<String CONTENT="10," HEIGHT="47" WIDTH="69" VPOS="1474" HPOS="607"/>
<SP HEIGHT="46" WIDTH="24" VPOS="1475" HPOS="677"/>
<String CS="1" CONTENT="1933;" HEIGHT="40" WIDTH="116" VPOS="1474" HPOS="702"/>
<SP HEIGHT="47" WIDTH="26" VPOS="1474" HPOS="846"/>
<String CONTENT="2c." HEIGHT="40" WIDTH="68" VPOS="1474" HPOS="873"/>
<SP HEIGHT="39" WIDTH="24" VPOS="1475" HPOS="942"/>
<String CONTENT="Aug." HEIGHT="47" WIDTH="121" VPOS="1475" HPOS="967"/>
<SP HEIGHT="38" WIDTH="26" VPOS="1476" HPOS="1089"/>
<String CONTENT="10;" HEIGHT="47" WIDTH="83" VPOS="1474" HPOS="1116"/>
<SP/>
<String CS="1" CONTENT="aff."/>
<SP/>
<String CONTENT="Aug." HEIGHT="48" WIDTH="120" VPOS="1475" HPOS="1339"/>
<SP HEIGHT="38" WIDTH="26" VPOS="1476" HPOS="1460"/>
<String CONTENT="18;" HEIGHT="48" WIDTH="83" VPOS="1474" HPOS="1487"/>
<SP HEIGHT="46" WIDTH="28" VPOS="1476" HPOS="1571"/>
<!-- cceid 470312F2-6CF9-1014-A6CF-A82867D68027 --><String CONTENT="A" HEIGHT="39" WIDTH="43" VPOS="1476" HPOS="1600"/>
<SP HEIGHT="40" WIDTH="22" VPOS="1476" HPOS="1644"/>
<String CONTENT="64818;" HEIGHT="48" WIDTH="172" VPOS="1475" HPOS="1667"/>
</TextLine>
<TextLine HEIGHT="105" WIDTH="1935" VPOS="1475" HPOS="447" CS="1">
<String CONTENT="H." HEIGHT="40" WIDTH="61" VPOS="1476" HPOS="1869"/>
<SP HEIGHT="40" WIDTH="29" VPOS="1476" HPOS="1931"/>
<String CONTENT="O'Connor," HEIGHT="49" WIDTH="262" VPOS="1475" HPOS="1961"/>
<SP HEIGHT="46" WIDTH="28" VPOS="1478" HPOS="2224"/>
<String CONTENT="Pittsburgh." HEIGHT="103" WIDTH="1935" VPOS="1477" HPOS="447"/>
</TextLine>
<TextLine HEIGHT="70" WIDTH="1130" VPOS="1621" HPOS="372" STYLEREFS="StyleId-ADCB78E2-178D-4B7E-944D-511032D16A73-">
<String CONTENT="Pennsylvania." HEIGHT="65" WIDTH="461" VPOS="1621" HPOS="372"/>
<SP HEIGHT="53" WIDTH="62" VPOS="1625" HPOS="834"/>
<String CONTENT="Laws," HEIGHT="64" WIDTH="186" VPOS="1625" HPOS="897"/>
<SP HEIGHT="47" WIDTH="27" VPOS="1642" HPOS="1084"/>
<String CONTENT="statutes," HEIGHT="63" WIDTH="260" VPOS="1628" HPOS="1112"/>
<SP HEIGHT="49" WIDTH="27" VPOS="1642" HPOS="1373"/>
<String CONTENT="etc." HEIGHT="47" WIDTH="101" VPOS="1630" HPOS="1401"/>
</TextLine>
<TextLine HEIGHT="148" WIDTH="2001" VPOS="1701" HPOS="373" STYLEREFS="StyleId-40BCADB5-A2BA-45F2-9091-AB66F7D1B322-" CS="1">
<String CONTENT="Pennsylvania" HEIGHT="69" WIDTH="429" VPOS="1701" HPOS="446"/>
<SP HEIGHT="53" WIDTH="30" VPOS="1701" HPOS="876"/>
<String CONTENT="banking" HEIGHT="69" WIDTH="256" VPOS="1701" HPOS="907"/>
<SP HEIGHT="50" WIDTH="24" VPOS="1720" HPOS="1164"/>
<String CONTENT="and" HEIGHT="52" WIDTH="113" VPOS="1703" HPOS="1189"/>
<SP HEIGHT="53" WIDTH="25" VPOS="1702" HPOS="1303"/>
<String CONTENT="building" HEIGHT="69" WIDTH="269" VPOS="1702" HPOS="1329"/>
<SP HEIGHT="64" WIDTH="23" VPOS="1707" HPOS="1599"/>
<String CONTENT="&amp;" HEIGHT="49" WIDTH="45" VPOS="1707" HPOS="1623"/>
<SP HEIGHT="52" WIDTH="25" VPOS="1704" HPOS="1669"/>
<String CONTENT="loan" HEIGHT="52" WIDTH="131" VPOS="1704" HPOS="1695"/>
<SP HEIGHT="34" WIDTH="27" VPOS="1723" HPOS="1827"/>
<String CONTENT="codes," HEIGHT="67" WIDTH="180" VPOS="1703" HPOS="1855"/>
<SP HEIGHT="61" WIDTH="28" VPOS="1709" HPOS="2036"/>
<String CONTENT="1933." HEIGHT="50" WIDTH="151" VPOS="1707" HPOS="2065"/>
<SP HEIGHT="51" WIDTH="60" VPOS="1705" HPOS="2217"/>
<String CONTENT="Annotated" HEIGHT="129" WIDTH="2001" VPOS="1705" HPOS="373"/>
<SP HEIGHT="52" WIDTH="22" VPOS="1782" HPOS="610"/>
<String CONTENT="by" HEIGHT="67" WIDTH="75" VPOS="1782" HPOS="633"/>
</TextLine>
<TextLine HEIGHT="70" WIDTH="1664" VPOS="1781" HPOS="734" STYLEREFS="StyleId-40BCADB5-A2BA-45F2-9091-AB66F7D1B322-" CS="1">
<String CONTENT="Bernard" HEIGHT="53" WIDTH="265" VPOS="1781" HPOS="734"/>
<SP HEIGHT="56" WIDTH="22" VPOS="1781" HPOS="1000"/>
<String CONTENT="G." HEIGHT="56" WIDTH="69" VPOS="1781" HPOS="1023"/>
<SP HEIGHT="55" WIDTH="26" VPOS="1781" HPOS="1093"/>
<String CONTENT="Segal" HEIGHT="69" WIDTH="173" VPOS="1781" HPOS="1120"/>
<SP HEIGHT="53" WIDTH="26" VPOS="1782" HPOS="1294"/>
<String CS="1" CONTENT="&#8230;"/>
<SP HEIGHT="34" WIDTH="27" VPOS="1802" HPOS="1378"/>
<String CONTENT="with" HEIGHT="54" WIDTH="143" VPOS="1781" HPOS="1406"/>
<SP HEIGHT="52" WIDTH="21" VPOS="1782" HPOS="1550"/>
<String CONTENT="introductory" HEIGHT="69" WIDTH="402" VPOS="1782" HPOS="1572"/>
<SP HEIGHT="50" WIDTH="20" VPOS="1801" HPOS="1975"/>
<String CONTENT="note" HEIGHT="49" WIDTH="132" VPOS="1787" HPOS="1996"/>
<SP HEIGHT="52" WIDTH="19" VPOS="1783" HPOS="2129"/>
<String CONTENT="by" HEIGHT="68" WIDTH="77" VPOS="1783" HPOS="2149"/>
<SP HEIGHT="68" WIDTH="19" VPOS="1783" HPOS="2227"/>
<String CONTENT="Wm." HEIGHT="54" WIDTH="151" VPOS="1783" HPOS="2247"/>
</TextLine>
<TextLine HEIGHT="69" WIDTH="2025" VPOS="1860" HPOS="374" STYLEREFS="StyleId-40BCADB5-A2BA-45F2-9091-AB66F7D1B322-" CS="1">
<String CONTENT="A." HEIGHT="52" WIDTH="72" VPOS="1860" HPOS="374"/>
<SP HEIGHT="56" WIDTH="27" VPOS="1861" HPOS="447"/>
<String CONTENT="Schnader" HEIGHT="57" WIDTH="296" VPOS="1860" HPOS="475"/>
<SP HEIGHT="33" WIDTH="29" VPOS="1880" HPOS="772"/>
<String CS="1" CONTENT="&#8230;"/>
<SP HEIGHT="52" WIDTH="78" VPOS="1861" HPOS="859"/>
<String CONTENT="Harrisburg," HEIGHT="69" WIDTH="381" VPOS="1860" HPOS="938"/>
<SP HEIGHT="66" WIDTH="26" VPOS="1862" HPOS="1320"/>
<String CONTENT="Commonwealth" HEIGHT="55" WIDTH="491" VPOS="1862" HPOS="1347"/>
<SP HEIGHT="52" WIDTH="25" VPOS="1862" HPOS="1839"/>
<String CONTENT="of" HEIGHT="53" WIDTH="65" VPOS="1861" HPOS="1865"/>
<SP HEIGHT="53" WIDTH="22" VPOS="1861" HPOS="1931"/>
<String CS="1" CONTENT="Pennsylvania," HEIGHT="69" WIDTH="445" VPOS="1860" HPOS="1954"/>
</TextLine>
<TextLine HEIGHT="70" WIDTH="1236" VPOS="1938" HPOS="374" STYLEREFS="StyleId-40BCADB5-A2BA-45F2-9091-AB66F7D1B322-">
<String CONTENT="Dept." HEIGHT="69" WIDTH="173" VPOS="1938" HPOS="374"/>
<SP HEIGHT="34" WIDTH="28" VPOS="1959" HPOS="548"/>
<String CONTENT="of" HEIGHT="54" WIDTH="66" VPOS="1939" HPOS="577"/>
<SP HEIGHT="68" WIDTH="25" VPOS="1939" HPOS="644"/>
<String CONTENT="property" HEIGHT="63" WIDTH="279" VPOS="1945" HPOS="670"/>
<SP HEIGHT="49" WIDTH="27" VPOS="1959" HPOS="950"/>
<String CONTENT="and" HEIGHT="53" WIDTH="114" VPOS="1941" HPOS="978"/>
<SP HEIGHT="53" WIDTH="28" VPOS="1941" HPOS="1093"/>
<String CONTENT="supplies" HEIGHT="70" WIDTH="255" VPOS="1938" HPOS="1122"/>
<SP HEIGHT="47" WIDTH="37" VPOS="1960" HPOS="1378"/>
<String STYLE="subscript" CONTENT="[" HEIGHT="33" WIDTH="12" VPOS="1974" HPOS="1416"/>
<String STYLE="superscript" CONTENT="c" HEIGHT="21" WIDTH="19" VPOS="1946" HPOS="1433"/>
<String CONTENT="1933" HEIGHT="51" WIDTH="133" VPOS="1943" HPOS="1457"/>
<String STYLE="subscript" CONTENT="]" HEIGHT="33" WIDTH="14" VPOS="1975" HPOS="1596"/>
</TextLine>
<TextLine HEIGHT="49" WIDTH="511" VPOS="2013" HPOS="447" STYLEREFS="StyleId-40BCADB5-A2BA-45F2-9091-AB66F7D1B322-" CS="1">
<String CONTENT="xxx," HEIGHT="38" WIDTH="115" VPOS="2024" HPOS="447"/>
<SP HEIGHT="48" WIDTH="29" VPOS="2014" HPOS="563"/>
<String CONTENT="553" HEIGHT="41" WIDTH="86" VPOS="2013" HPOS="593"/>
<SP HEIGHT="48" WIDTH="26" VPOS="2014" HPOS="680"/>
<String CONTENT="p." HEIGHT="37" WIDTH="43" VPOS="2025" HPOS="707"/>
<SP HEIGHT="41" WIDTH="59" VPOS="2013" HPOS="751"/>
<String CS="1" CONTENT="23&#189;" HEIGHT="41" WIDTH="56" VPOS="2013" HPOS="811"/>
<String STYLE="superscript" CONTENT="cm" HEIGHT="21" WIDTH="43" VPOS="2016" HPOS="901"/>
<String CONTENT="." HEIGHT="8" WIDTH="8" VPOS="2046" HPOS="950"/>
</TextLine>
<TextLine HEIGHT="50" WIDTH="1942" VPOS="2070" HPOS="455">
<String CONTENT="Each" HEIGHT="40" WIDTH="134" VPOS="2073" HPOS="455"/>
<SP HEIGHT="39" WIDTH="33" VPOS="2073" HPOS="590"/>
<String CONTENT="of" HEIGHT="40" WIDTH="52" VPOS="2072" HPOS="624"/>
<SP HEIGHT="41" WIDTH="32" VPOS="2072" HPOS="677"/>
<String CONTENT="the" HEIGHT="40" WIDTH="83" VPOS="2073" HPOS="710"/>
<SP HEIGHT="38" WIDTH="35" VPOS="2075" HPOS="794"/>
<String CONTENT="three" HEIGHT="40" WIDTH="137" VPOS="2073" HPOS="830"/>
<SP HEIGHT="30" WIDTH="34" VPOS="2082" HPOS="968"/>
<String CONTENT="codes" HEIGHT="41" WIDTH="142" VPOS="2072" HPOS="1003"/>
<SP HEIGHT="31" WIDTH="33" VPOS="2082" HPOS="1146"/>
<String CONTENT="and" HEIGHT="40" WIDTH="96" VPOS="2072" HPOS="1180"/>
<SP HEIGHT="40" WIDTH="35" VPOS="2072" HPOS="1277"/>
<String CONTENT="appendix" HEIGHT="49" WIDTH="245" VPOS="2070" HPOS="1313"/>
<SP HEIGHT="41" WIDTH="34" VPOS="2070" HPOS="1559"/>
<String CONTENT="is" HEIGHT="42" WIDTH="43" VPOS="2070" HPOS="1594"/>
<SP HEIGHT="39" WIDTH="34" VPOS="2081" HPOS="1638"/>
<String CONTENT="preceded" HEIGHT="49" WIDTH="236" VPOS="2071" HPOS="1673"/>
<SP HEIGHT="40" WIDTH="33" VPOS="2072" HPOS="1910"/>
<String CONTENT="by" HEIGHT="47" WIDTH="61" VPOS="2072" HPOS="1944"/>
<SP HEIGHT="48" WIDTH="31" VPOS="2071" HPOS="2006"/>
<String CONTENT="half-title" HEIGHT="43" WIDTH="242" VPOS="2070" HPOS="2038"/>
<SP HEIGHT="32" WIDTH="30" VPOS="2081" HPOS="2281"/>
<String CONTENT="not" HEIGHT="40" WIDTH="85" VPOS="2073" HPOS="2312"/>
</TextLine>
<TextLine HEIGHT="49" WIDTH="636" VPOS="2130" HPOS="377">
<String CONTENT="included" HEIGHT="41" WIDTH="227" VPOS="2130" HPOS="377"/>
<SP HEIGHT="40" WIDTH="27" VPOS="2131" HPOS="605"/>
<String CONTENT="in" HEIGHT="42" WIDTH="50" VPOS="2131" HPOS="633"/>
<SP HEIGHT="40" WIDTH="26" VPOS="2133" HPOS="684"/>
<String CONTENT="the" HEIGHT="40" WIDTH="83" VPOS="2131" HPOS="711"/>
<SP HEIGHT="38" WIDTH="25" VPOS="2141" HPOS="795"/>
<String CONTENT="paging." HEIGHT="49" WIDTH="192" VPOS="2130" HPOS="821"/>
</TextLine>
<TextLine HEIGHT="41" WIDTH="630" VPOS="2188" HPOS="448">
<String CONTENT="Includes" HEIGHT="41" WIDTH="229" VPOS="2188" HPOS="448"/>
<SP HEIGHT="41" WIDTH="31" VPOS="2188" HPOS="678"/>
<String CONTENT="&#8220;References&#8221;." HEIGHT="41" WIDTH="368" VPOS="2188" HPOS="710"/>
</TextLine>
<TextLine HEIGHT="52" WIDTH="2021" VPOS="2243" HPOS="381" CS="1">
<String CONTENT="&#169;" HEIGHT="52" WIDTH="52" VPOS="2243" HPOS="381"/>
<SP HEIGHT="52" WIDTH="32" VPOS="2243" HPOS="434"/>
<String CONTENT="June" HEIGHT="39" WIDTH="126" VPOS="2248" HPOS="472"/>
<SP HEIGHT="38" WIDTH="29" VPOS="2249" HPOS="599"/>
<String CONTENT="1," HEIGHT="45" WIDTH="38" VPOS="2249" HPOS="629"/>
<SP HEIGHT="46" WIDTH="31" VPOS="2248" HPOS="668"/>
<String CS="1" CONTENT="1933;" HEIGHT="40" WIDTH="115" VPOS="2247" HPOS="700"/>
<SP HEIGHT="47" WIDTH="33" VPOS="2247" HPOS="843"/>
<String CONTENT="2c." HEIGHT="40" WIDTH="67" VPOS="2247" HPOS="877"/>
<SP HEIGHT="40" WIDTH="35" VPOS="2247" HPOS="945"/>
<String CONTENT="July" HEIGHT="47" WIDTH="118" VPOS="2247" HPOS="981"/>
<SP HEIGHT="46" WIDTH="30" VPOS="2248" HPOS="1100"/>
<String CONTENT="14;" HEIGHT="45" WIDTH="82" VPOS="2248" HPOS="1131"/>
<SP/>
<String CS="1" CONTENT="aff."/>
<SP/>
<String CONTENT="Aug." HEIGHT="47" WIDTH="122" VPOS="2247" HPOS="1366"/>
<SP HEIGHT="39" WIDTH="31" VPOS="2247" HPOS="1489"/>
<String CONTENT="4;" HEIGHT="45" WIDTH="54" VPOS="2247" HPOS="1521"/>
<SP HEIGHT="46" WIDTH="36" VPOS="2246" HPOS="1576"/>
<!-- cceid 47037292-6CF9-1014-A6CF-A82867D68027 --><String CONTENT="A" HEIGHT="39" WIDTH="43" VPOS="2246" HPOS="1613"/>
<SP HEIGHT="40" WIDTH="30" VPOS="2246" HPOS="1657"/>
<String CONTENT="64628;" HEIGHT="47" WIDTH="172" VPOS="2246" HPOS="1688"/>
<SP HEIGHT="47" WIDTH="36" VPOS="2246" HPOS="1861"/>
<String CONTENT="Commonwealth" HEIGHT="41" WIDTH="415" VPOS="2246" HPOS="1898"/>
<SP HEIGHT="38" WIDTH="32" VPOS="2247" HPOS="2314"/>
<String CONTENT="of" HEIGHT="39" WIDTH="55" VPOS="2245" HPOS="2347"/>
</TextLine>
<TextLine HEIGHT="50" WIDTH="1207" VPOS="2303" HPOS="448">
<String CONTENT="Pennsylvania," HEIGHT="48" WIDTH="377" VPOS="2305" HPOS="448"/>
<SP HEIGHT="47" WIDTH="34" VPOS="2305" HPOS="826"/>
<String CONTENT="Harrisburg," HEIGHT="49" WIDTH="319" VPOS="2304" HPOS="861"/>
<SP HEIGHT="48" WIDTH="33" VPOS="2305" HPOS="1181"/>
<String CONTENT="Pa." HEIGHT="39" WIDTH="85" VPOS="2305" HPOS="1215"/>
<SP HEIGHT="50" WIDTH="69" VPOS="2303" HPOS="1301"/>
<String CONTENT="(33-20244)" HEIGHT="50" WIDTH="284" VPOS="2303" HPOS="1371"/>
</TextLine>
<TextLine HEIGHT="76" WIDTH="2025" VPOS="2389" HPOS="375" STYLEREFS="StyleId-310C0508-1C91-456F-8B52-5BE3344BF022-" LANG="de" CS="1">
<String CONTENT="Propyl&#228;en-Weltgeschichte" HEIGHT="75" WIDTH="822" VPOS="2389" HPOS="375"/>
<String LANG="en-US" CONTENT=";" HEIGHT="48" WIDTH="11" VPOS="2414" HPOS="1215"/>
<SP HEIGHT="66" WIDTH="48" VPOS="2396" HPOS="1227"/>
<String CONTENT="hrsg." HEIGHT="69" WIDTH="156" VPOS="2396" HPOS="1276"/>
<SP HEIGHT="36" WIDTH="47" VPOS="2413" HPOS="1433"/>
<String CONTENT="von" HEIGHT="35" WIDTH="112" VPOS="2413" HPOS="1481"/>
<SP HEIGHT="54" WIDTH="44" VPOS="2396" HPOS="1594"/>
<String CONTENT="Walter" HEIGHT="55" WIDTH="225" VPOS="2395" HPOS="1639"/>
<SP HEIGHT="55" WIDTH="46" VPOS="2396" HPOS="1865"/>
<String LANG="en-US" CONTENT="Goetz" HEIGHT="55" WIDTH="179" VPOS="2396" HPOS="1912"/>
<SP HEIGHT="34" WIDTH="51" VPOS="2414" HPOS="2092"/>
<String CS="1" CONTENT="&#8230;"/>
<SP HEIGHT="52" WIDTH="78" VPOS="2396" HPOS="2200"/>
<String CONTENT="Der" HEIGHT="52" WIDTH="121" VPOS="2396" HPOS="2279"/>
</TextLine>
<TextLine HEIGHT="134" WIDTH="1930" VPOS="2473" HPOS="446" STYLEREFS="StyleId-310C0508-1C91-456F-8B52-5BE3344BF022-" LANG="de" CS="1">
<String CONTENT="Werdegang" HEIGHT="70" WIDTH="348" VPOS="2474" HPOS="447"/>
<SP HEIGHT="69" WIDTH="37" VPOS="2475" HPOS="796"/>
<String CONTENT="der" HEIGHT="52" WIDTH="101" VPOS="2475" HPOS="834"/>
<SP HEIGHT="33" WIDTH="37" VPOS="2494" HPOS="936"/>
<String CONTENT="menschheit" HEIGHT="53" WIDTH="356" VPOS="2474" HPOS="974"/>
<SP HEIGHT="52" WIDTH="34" VPOS="2475" HPOS="1331"/>
<String CONTENT="in" HEIGHT="52" WIDTH="59" VPOS="2475" HPOS="1366"/>
<SP HEIGHT="50" WIDTH="40" VPOS="2494" HPOS="1426"/>
<String CONTENT="gesellschaft" HEIGHT="69" WIDTH="371" VPOS="2475" HPOS="1467"/>
<SP HEIGHT="47" WIDTH="34" VPOS="2480" HPOS="1839"/>
<String CONTENT="und" HEIGHT="52" WIDTH="119" VPOS="2475" HPOS="1874"/>
<SP HEIGHT="52" WIDTH="37" VPOS="2475" HPOS="1994"/>
<String CONTENT="Staat," HEIGHT="64" WIDTH="170" VPOS="2478" HPOS="2032"/>
<SP HEIGHT="49" WIDTH="38" VPOS="2493" HPOS="2203"/>
<String CONTENT="Wirtschaft" HEIGHT="134" WIDTH="1930" VPOS="2473" HPOS="446"/>
<SP HEIGHT="47" WIDTH="38" VPOS="2560" HPOS="642"/>
<String CONTENT="und" HEIGHT="53" WIDTH="118" VPOS="2554" HPOS="681"/>
</TextLine>
<TextLine HEIGHT="150" WIDTH="1928" VPOS="2553" HPOS="447" STYLEREFS="StyleId-310C0508-1C91-456F-8B52-5BE3344BF022-" LANG="de" CS="1">
<String CONTENT="geistesleben." HEIGHT="70" WIDTH="389" VPOS="2553" HPOS="841"/>
<SP HEIGHT="49" WIDTH="75" VPOS="2557" HPOS="1231"/>
<String CONTENT="9." HEIGHT="50" WIDTH="46" VPOS="2557" HPOS="1307"/>
<SP HEIGHT="52" WIDTH="40" VPOS="2555" HPOS="1354"/>
<String CONTENT="bd." HEIGHT="53" WIDTH="94" VPOS="2554" HPOS="1395"/>
<SP HEIGHT="51" WIDTH="75" VPOS="2556" HPOS="1490"/>
<String CONTENT="Die" HEIGHT="54" WIDTH="111" VPOS="2554" HPOS="1566"/>
<SP HEIGHT="35" WIDTH="38" VPOS="2573" HPOS="1678"/>
<String CONTENT="entstehung" HEIGHT="68" WIDTH="345" VPOS="2554" HPOS="1717"/>
<SP HEIGHT="68" WIDTH="39" VPOS="2554" HPOS="2063"/>
<String CONTENT="des" HEIGHT="53" WIDTH="97" VPOS="2554" HPOS="2103"/>
<SP HEIGHT="34" WIDTH="40" VPOS="2573" HPOS="2201"/>
<String CS="1" CONTENT="welt-staatensystems." HEIGHT="150" WIDTH="1928" VPOS="2553" HPOS="447"/>
<SP HEIGHT="51" WIDTH="75" VPOS="2634" HPOS="930"/>
<String CONTENT="Berlin," HEIGHT="68" WIDTH="220" VPOS="2634" HPOS="1006"/>
<SP HEIGHT="66" WIDTH="47" VPOS="2636" HPOS="1227"/>
<String CONTENT="Propyl&#228;en-verlag" HEIGHT="68" WIDTH="561" VPOS="2635" HPOS="1275"/>
<SP HEIGHT="51" WIDTH="52" VPOS="2652" HPOS="1837"/>
<String CONTENT="[1933]" HEIGHT="64" WIDTH="173" VPOS="2636" HPOS="1890"/>
</TextLine>
<TextLine HEIGHT="50" WIDTH="1949" VPOS="2707" HPOS="450" STYLEREFS="StyleId-310C0508-1C91-456F-8B52-5BE3344BF022-" CS="1">
<String LANG="de" CONTENT="xxiv," HEIGHT="46" WIDTH="131" VPOS="2709" HPOS="450"/>
<SP HEIGHT="47" WIDTH="32" VPOS="2708" HPOS="582"/>
<String LANG="de" CONTENT="623" HEIGHT="41" WIDTH="84" VPOS="2708" HPOS="615"/>
<SP HEIGHT="49" WIDTH="30" VPOS="2708" HPOS="700"/>
<String LANG="de" CONTENT="p.," HEIGHT="38" WIDTH="58" VPOS="2719" HPOS="731"/>
<SP HEIGHT="46" WIDTH="32" VPOS="2709" HPOS="790"/>
<String LANG="de" CONTENT="1" HEIGHT="38" WIDTH="24" VPOS="2709" HPOS="823"/>
<SP HEIGHT="38" WIDTH="31" VPOS="2709" HPOS="848"/>
<String LANG="de" CS="1" CONTENT="l." HEIGHT="7" WIDTH="8" VPOS="2741" HPOS="902"/>
<SP HEIGHT="39" WIDTH="59" VPOS="2709" HPOS="911"/>
<String LANG="de" CONTENT="illus." HEIGHT="40" WIDTH="128" VPOS="2709" HPOS="971"/>
<SP HEIGHT="48" WIDTH="29" VPOS="2709" HPOS="1100"/>
<String LANG="de" CONTENT="(incl." HEIGHT="48" WIDTH="134" VPOS="2709" HPOS="1130"/>
<SP HEIGHT="37" WIDTH="31" VPOS="2719" HPOS="1265"/>
<String LANG="en-US" CONTENT="ports.)" HEIGHT="49" WIDTH="177" VPOS="2707" HPOS="1297"/>
<SP HEIGHT="49" WIDTH="39" VPOS="2707" HPOS="1475"/>
<String LANG="en-US" CONTENT="plates" HEIGHT="46" WIDTH="159" VPOS="2710" HPOS="1515"/>
<SP HEIGHT="48" WIDTH="28" VPOS="2709" HPOS="1675"/>
<String LANG="en-US" CONTENT="(part" HEIGHT="48" WIDTH="138" VPOS="2709" HPOS="1704"/>
<SP HEIGHT="38" WIDTH="28" VPOS="2710" HPOS="1843"/>
<String LANG="en-US" CONTENT="col.," HEIGHT="46" WIDTH="102" VPOS="2708" HPOS="1872"/>
<SP HEIGHT="37" WIDTH="33" VPOS="2718" HPOS="1975"/>
<String LANG="en-US" CONTENT="part" HEIGHT="46" WIDTH="112" VPOS="2709" HPOS="2009"/>
<SP HEIGHT="38" WIDTH="31" VPOS="2709" HPOS="2122"/>
<String LANG="en-US" CONTENT="mounted," HEIGHT="47" WIDTH="245" VPOS="2707" HPOS="2154"/>
</TextLine>
<TextLine HEIGHT="49" WIDTH="1542" VPOS="2765" HPOS="379" STYLEREFS="StyleId-310C0508-1C91-456F-8B52-5BE3344BF022-" CS="1">
<String CONTENT="part" HEIGHT="45" WIDTH="112" VPOS="2769" HPOS="379"/>
<SP HEIGHT="41" WIDTH="25" VPOS="2766" HPOS="492"/>
<String CONTENT="fold.)" HEIGHT="48" WIDTH="145" VPOS="2765" HPOS="518"/>
<SP HEIGHT="48" WIDTH="34" VPOS="2765" HPOS="664"/>
<String CONTENT="facsims." HEIGHT="41" WIDTH="218" VPOS="2765" HPOS="699"/>
<SP HEIGHT="48" WIDTH="28" VPOS="2766" HPOS="918"/>
<String CONTENT="(part" HEIGHT="48" WIDTH="139" VPOS="2766" HPOS="947"/>
<SP HEIGHT="38" WIDTH="23" VPOS="2769" HPOS="1087"/>
<String CONTENT="col.," HEIGHT="46" WIDTH="101" VPOS="2767" HPOS="1111"/>
<SP HEIGHT="38" WIDTH="29" VPOS="2776" HPOS="1213"/>
<String CONTENT="part" HEIGHT="46" WIDTH="114" VPOS="2768" HPOS="1243"/>
<SP HEIGHT="40" WIDTH="23" VPOS="2766" HPOS="1358"/>
<String CONTENT="fold.)" HEIGHT="48" WIDTH="146" VPOS="2766" HPOS="1382"/>
<SP HEIGHT="48" WIDTH="33" VPOS="2766" HPOS="1529"/>
<String CONTENT="maps." HEIGHT="37" WIDTH="153" VPOS="2776" HPOS="1563"/>
<SP HEIGHT="40" WIDTH="55" VPOS="2766" HPOS="1717"/>
<String CS="1" CONTENT="27&#189;" HEIGHT="39" WIDTH="57" VPOS="2766" HPOS="1773"/>
<String STYLE="superscript" CONTENT="cm" HEIGHT="21" WIDTH="45" VPOS="2767" HPOS="1863"/>
<String CONTENT="." HEIGHT="8" WIDTH="8" VPOS="2798" HPOS="1913"/>
</TextLine>
<TextLine HEIGHT="52" WIDTH="2017" VPOS="2820" HPOS="382" CS="1">
<String LANG="en-US" CONTENT="&#169;" HEIGHT="52" WIDTH="52" VPOS="2820" HPOS="382"/>
<SP HEIGHT="52" WIDTH="41" VPOS="2820" HPOS="435"/>
<String LANG="en-US" CONTENT="Apr." HEIGHT="48" WIDTH="115" VPOS="2824" HPOS="477"/>
<SP HEIGHT="38" WIDTH="41" VPOS="2825" HPOS="593"/>
<String LANG="en-US" CONTENT="13," HEIGHT="47" WIDTH="69" VPOS="2824" HPOS="635"/>
<SP HEIGHT="47" WIDTH="41" VPOS="2824" HPOS="705"/>
<String LANG="en-US" CONTENT="1933;" HEIGHT="48" WIDTH="143" VPOS="2823" HPOS="747"/>
<SP HEIGHT="46" WIDTH="44" VPOS="2825" HPOS="891"/>
<String LANG="en-US" CS="1" CONTENT="1c." HEIGHT="28" WIDTH="36" VPOS="2836" HPOS="966"/>
<SP HEIGHT="40" WIDTH="43" VPOS="2823" HPOS="1003"/>
<String LANG="en-US" CONTENT="June" HEIGHT="41" WIDTH="130" VPOS="2823" HPOS="1047"/>
<SP HEIGHT="38" WIDTH="38" VPOS="2825" HPOS="1178"/>
<String LANG="en-US" CONTENT="19;" HEIGHT="48" WIDTH="82" VPOS="2823" HPOS="1217"/>
<SP HEIGHT="47" WIDTH="44" VPOS="2824" HPOS="1300"/>
<!-- cceid 4703D232-6CF9-1014-A6CF-A82867D68027 --><String LANG="en-US" CONTENT="A-Foreign" HEIGHT="48" WIDTH="315" VPOS="2823" HPOS="1345"/>
<SP HEIGHT="40" WIDTH="39" VPOS="2823" HPOS="1661"/>
<String LANG="en-US" CONTENT="21278;" HEIGHT="48" WIDTH="174" VPOS="2823" HPOS="1701"/>
<SP HEIGHT="48" WIDTH="45" VPOS="2823" HPOS="1876"/>
<String LANG="de" CONTENT="Propyl&#228;en-verlag," HEIGHT="48" WIDTH="477" VPOS="2822" HPOS="1922"/>
</TextLine>
<TextLine HEIGHT="48" WIDTH="284" VPOS="2882" HPOS="450">
<String CONTENT="g." HEIGHT="38" WIDTH="41" VPOS="2892" HPOS="450"/>
<SP HEIGHT="28" WIDTH="31" VPOS="2892" HPOS="492"/>
<String CONTENT="m." HEIGHT="28" WIDTH="58" VPOS="2892" HPOS="524"/>
<SP HEIGHT="39" WIDTH="31" VPOS="2882" HPOS="583"/>
<String CONTENT="b." HEIGHT="41" WIDTH="42" VPOS="2882" HPOS="615"/>
<SP HEIGHT="41" WIDTH="31" VPOS="2882" HPOS="658"/>
<String CONTENT="h." HEIGHT="39" WIDTH="44" VPOS="2882" HPOS="690"/>
</TextLine>
<TextLine HEIGHT="66" WIDTH="634" VPOS="2972" HPOS="377" STYLEREFS="StyleId-ADCB78E2-178D-4B7E-944D-511032D16A73-">
<String LANG="de" CONTENT="Schwarte," HEIGHT="66" WIDTH="326" VPOS="2972" HPOS="377"/>
<SP HEIGHT="63" WIDTH="30" VPOS="2975" HPOS="704"/>
<String LANG="en-US" CONTENT="Max," HEIGHT="63" WIDTH="160" VPOS="2975" HPOS="735"/>
<SP HEIGHT="46" WIDTH="29" VPOS="2992" HPOS="896"/>
<String LANG="en-US" CONTENT="ed." HEIGHT="54" WIDTH="85" VPOS="2973" HPOS="926"/>
</TextLine>
<TextLine HEIGHT="73" WIDTH="1949" VPOS="3048" HPOS="447" STYLEREFS="StyleId-40BCADB5-A2BA-45F2-9091-AB66F7D1B322-" CS="1">
<String LANG="de" CONTENT="Der" HEIGHT="53" WIDTH="119" VPOS="3050" HPOS="447"/>
<SP HEIGHT="50" WIDTH="51" VPOS="3071" HPOS="567"/>
<String LANG="de" CONTENT="grosse" HEIGHT="52" WIDTH="193" VPOS="3069" HPOS="619"/>
<SP HEIGHT="53" WIDTH="49" VPOS="3051" HPOS="813"/>
<String LANG="de" CONTENT="krieg," HEIGHT="70" WIDTH="184" VPOS="3051" HPOS="863"/>
<SP HEIGHT="65" WIDTH="51" VPOS="3055" HPOS="1048"/>
<String LANG="en-US" CONTENT="1914-1918" HEIGHT="50" WIDTH="312" VPOS="3054" HPOS="1100"/>
<SP HEIGHT="49" WIDTH="55" VPOS="3055" HPOS="1413"/>
<String LANG="en-US" CS="1" CONTENT="&#8230;"/>
<SP HEIGHT="52" WIDTH="54" VPOS="3051" HPOS="1526"/>
<String LANG="en-US" CONTENT="hrsg." HEIGHT="68" WIDTH="156" VPOS="3051" HPOS="1581"/>
<SP HEIGHT="35" WIDTH="50" VPOS="3069" HPOS="1738"/>
<String LANG="de" CONTENT="von" HEIGHT="35" WIDTH="111" VPOS="3069" HPOS="1789"/>
<SP HEIGHT="52" WIDTH="47" VPOS="3052" HPOS="1901"/>
<String LANG="en-US" CONTENT="M." HEIGHT="52" WIDTH="82" VPOS="3052" HPOS="1949"/>
<SP HEIGHT="57" WIDTH="53" VPOS="3048" HPOS="2032"/>
<String LANG="de" CONTENT="Schwarte." HEIGHT="57" WIDTH="310" VPOS="3048" HPOS="2086"/>
</TextLine>
<TextLine HEIGHT="70" WIDTH="1621" VPOS="3130" HPOS="379" STYLEREFS="StyleId-40BCADB5-A2BA-45F2-9091-AB66F7D1B322-" CS="1">
<String CONTENT="6." HEIGHT="50" WIDTH="47" VPOS="3134" HPOS="379"/>
<SP HEIGHT="52" WIDTH="23" VPOS="3132" HPOS="427"/>
<String CONTENT="bd." HEIGHT="54" WIDTH="93" VPOS="3130" HPOS="451"/>
<SP/>
<String CS="1" CONTENT="1.l."/>
<SP/>
<String CONTENT="Leipzig," HEIGHT="70" WIDTH="260" VPOS="3130" HPOS="810"/>
<SP HEIGHT="67" WIDTH="22" VPOS="3133" HPOS="1071"/>
<String CONTENT="J." HEIGHT="54" WIDTH="54" VPOS="3133" HPOS="1094"/>
<SP HEIGHT="52" WIDTH="27" VPOS="3132" HPOS="1149"/>
<String CONTENT="A." HEIGHT="52" WIDTH="71" VPOS="3132" HPOS="1177"/>
<SP HEIGHT="51" WIDTH="27" VPOS="3133" HPOS="1249"/>
<String CONTENT="Barth;" HEIGHT="67" WIDTH="216" VPOS="3131" HPOS="1277"/>
<SP HEIGHT="49" WIDTH="32" VPOS="3149" HPOS="1494"/>
<String CS="1" CONTENT="[etc.," HEIGHT="63" WIDTH="120" VPOS="3136" HPOS="1546"/>
<SP HEIGHT="49" WIDTH="24" VPOS="3150" HPOS="1667"/>
<String CONTENT="etc.]" HEIGHT="60" WIDTH="121" VPOS="3136" HPOS="1692"/>
<SP HEIGHT="63" WIDTH="32" VPOS="3133" HPOS="1814"/>
<String CONTENT="1933." HEIGHT="49" WIDTH="153" VPOS="3133" HPOS="1847"/>
</TextLine>
<TextLine HEIGHT="49" WIDTH="439" VPOS="3205" HPOS="449" STYLEREFS="StyleId-40BCADB5-A2BA-45F2-9091-AB66F7D1B322-" CS="1">
<String CONTENT="x," HEIGHT="36" WIDTH="46" VPOS="3218" HPOS="449"/>
<SP HEIGHT="47" WIDTH="26" VPOS="3207" HPOS="496"/>
<String CONTENT="352" HEIGHT="41" WIDTH="87" VPOS="3206" HPOS="523"/>
<SP HEIGHT="48" WIDTH="27" VPOS="3206" HPOS="611"/>
<String CONTENT="p." HEIGHT="37" WIDTH="44" VPOS="3217" HPOS="639"/>
<SP HEIGHT="41" WIDTH="56" VPOS="3205" HPOS="684"/>
<String CS="1" CONTENT="24&#189;" HEIGHT="40" WIDTH="56" VPOS="3205" HPOS="741"/>
<String STYLE="superscript" CS="1" CONTENT="cm" HEIGHT="21" WIDTH="16" VPOS="3207" HPOS="830"/>
<String CONTENT="." HEIGHT="8" WIDTH="7" VPOS="3238" HPOS="881"/>
</TextLine>
<TextLine HEIGHT="52" WIDTH="1695" VPOS="3260" HPOS="383" CS="1">
<String CONTENT="&#169;" HEIGHT="52" WIDTH="52" VPOS="3260" HPOS="383"/>
<SP HEIGHT="52" WIDTH="28" VPOS="3260" HPOS="436"/>
<String CONTENT="May" HEIGHT="47" WIDTH="116" VPOS="3265" HPOS="465"/>
<SP HEIGHT="48" WIDTH="23" VPOS="3264" HPOS="582"/>
<String CONTENT="12," HEIGHT="47" WIDTH="69" VPOS="3264" HPOS="606"/>
<SP HEIGHT="47" WIDTH="26" VPOS="3264" HPOS="676"/>
<String CONTENT="1933;" HEIGHT="48" WIDTH="142" VPOS="3262" HPOS="703"/>
<SP/>
<String CS="1" CONTENT="1c."/>
<SP HEIGHT="40" WIDTH="27" VPOS="3263" HPOS="943"/>
<String CONTENT="Aug." HEIGHT="47" WIDTH="121" VPOS="3263" HPOS="971"/>
<SP HEIGHT="41" WIDTH="27" VPOS="3263" HPOS="1093"/>
<String CONTENT="5;" HEIGHT="47" WIDTH="52" VPOS="3263" HPOS="1121"/>
<SP HEIGHT="48" WIDTH="29" VPOS="3262" HPOS="1174"/>
<!-- cceid 47043387-6CF9-1014-A6CF-A82867D68027 --><String CONTENT="A-Foreign" HEIGHT="49" WIDTH="313" VPOS="3261" HPOS="1204"/>
<SP HEIGHT="40" WIDTH="26" VPOS="3262" HPOS="1518"/>
<String CONTENT="21880;" HEIGHT="49" WIDTH="172" VPOS="3261" HPOS="1545"/>
<SP HEIGHT="48" WIDTH="29" VPOS="3262" HPOS="1718"/>
<String CONTENT="J." HEIGHT="40" WIDTH="43" VPOS="3262" HPOS="1748"/>
<SP HEIGHT="41" WIDTH="28" VPOS="3261" HPOS="1792"/>
<String CONTENT="A." HEIGHT="41" WIDTH="54" VPOS="3261" HPOS="1821"/>
<SP HEIGHT="41" WIDTH="28" VPOS="3261" HPOS="1876"/>
<String CONTENT="Barth." HEIGHT="41" WIDTH="173" VPOS="3261" HPOS="1905"/>
</TextLine>
<TextLine HEIGHT="67" WIDTH="1372" VPOS="3351" HPOS="376" STYLEREFS="StyleId-ADCB78E2-178D-4B7E-944D-511032D16A73-">
<String CONTENT="Siceloff," HEIGHT="65" WIDTH="256" VPOS="3351" HPOS="376"/>
<SP HEIGHT="63" WIDTH="26" VPOS="3353" HPOS="633"/>
<String CONTENT="Mrs." HEIGHT="53" WIDTH="140" VPOS="3353" HPOS="660"/>
<SP HEIGHT="51" WIDTH="26" VPOS="3355" HPOS="801"/>
<String CONTENT="Margaret" HEIGHT="62" WIDTH="310" VPOS="3355" HPOS="828"/>
<SP HEIGHT="64" WIDTH="33" VPOS="3354" HPOS="1139"/>
<String CONTENT="(McAdory)" HEIGHT="67" WIDTH="363" VPOS="3351" HPOS="1173"/>
<SP HEIGHT="64" WIDTH="37" VPOS="3352" HPOS="1537"/>
<String CONTENT="1890-" HEIGHT="50" WIDTH="173" VPOS="3357" HPOS="1575"/>
</TextLine>
<TextLine HEIGHT="72" WIDTH="1947" VPOS="3428" HPOS="450" STYLEREFS="StyleId-40BCADB5-A2BA-45F2-9091-AB66F7D1B322-">
<String CONTENT="Validity" HEIGHT="70" WIDTH="268" VPOS="3430" HPOS="450"/>
<SP HEIGHT="51" WIDTH="37" VPOS="3449" HPOS="719"/>
<String CONTENT="and" HEIGHT="53" WIDTH="114" VPOS="3431" HPOS="757"/>
<SP HEIGHT="53" WIDTH="38" VPOS="3431" HPOS="872"/>
<String CONTENT="standardization" HEIGHT="55" WIDTH="498" VPOS="3429" HPOS="911"/>
<SP HEIGHT="35" WIDTH="38" VPOS="3448" HPOS="1410"/>
<String CONTENT="of" HEIGHT="55" WIDTH="64" VPOS="3428" HPOS="1449"/>
<SP HEIGHT="54" WIDTH="34" VPOS="3428" HPOS="1514"/>
<String CONTENT="the" HEIGHT="53" WIDTH="97" VPOS="3429" HPOS="1549"/>
<SP HEIGHT="53" WIDTH="36" VPOS="3429" HPOS="1647"/>
<String CONTENT="McAdory" HEIGHT="70" WIDTH="302" VPOS="3428" HPOS="1684"/>
<SP HEIGHT="51" WIDTH="39" VPOS="3447" HPOS="1987"/>
<String CONTENT="art" HEIGHT="48" WIDTH="91" VPOS="3434" HPOS="2027"/>
<SP HEIGHT="48" WIDTH="38" VPOS="3434" HPOS="2119"/>
<String CONTENT="test," HEIGHT="62" WIDTH="127" VPOS="3433" HPOS="2158"/>
<SP HEIGHT="67" WIDTH="36" VPOS="3428" HPOS="2286"/>
<String CONTENT="by" HEIGHT="69" WIDTH="74" VPOS="3428" HPOS="2323"/>
</TextLine>
<TextLine HEIGHT="73" WIDTH="2018" VPOS="3505" HPOS="380" STYLEREFS="StyleId-40BCADB5-A2BA-45F2-9091-AB66F7D1B322-">
<String CONTENT="Margaret" HEIGHT="68" WIDTH="299" VPOS="3510" HPOS="380"/>
<SP HEIGHT="54" WIDTH="31" VPOS="3508" HPOS="680"/>
<String CONTENT="McAdory" HEIGHT="69" WIDTH="304" VPOS="3508" HPOS="712"/>
<SP HEIGHT="70" WIDTH="35" VPOS="3507" HPOS="1017"/>
<String CONTENT="Siceloff," HEIGHT="69" WIDTH="252" VPOS="3507" HPOS="1053"/>
<SP HEIGHT="68" WIDTH="35" VPOS="3508" HPOS="1306"/>
<String CONTENT="Ella" HEIGHT="54" WIDTH="134" VPOS="3507" HPOS="1342"/>
<SP HEIGHT="54" WIDTH="32" VPOS="3508" HPOS="1477"/>
<String CONTENT="Woodyard" HEIGHT="70" WIDTH="336" VPOS="3507" HPOS="1510"/>
<SP HEIGHT="54" WIDTH="35" VPOS="3507" HPOS="1847"/>
<String CONTENT="and" HEIGHT="53" WIDTH="114" VPOS="3507" HPOS="1883"/>
<SP HEIGHT="53" WIDTH="33" VPOS="3507" HPOS="1998"/>
<String CONTENT="staff" HEIGHT="54" WIDTH="136" VPOS="3506" HPOS="2032"/>
<SP HEIGHT="53" WIDTH="33" VPOS="3506" HPOS="2169"/>
<String CONTENT="of" HEIGHT="54" WIDTH="64" VPOS="3505" HPOS="2203"/>
<SP HEIGHT="54" WIDTH="33" VPOS="3505" HPOS="2268"/>
<String CONTENT="the" HEIGHT="54" WIDTH="96" VPOS="3506" HPOS="2302"/>
</TextLine>
<TextLine HEIGHT="72" WIDTH="2016" VPOS="3584" HPOS="382" STYLEREFS="StyleId-40BCADB5-A2BA-45F2-9091-AB66F7D1B322-">
<String CONTENT="Division" HEIGHT="54" WIDTH="268" VPOS="3587" HPOS="382"/>
<SP HEIGHT="35" WIDTH="53" VPOS="3606" HPOS="651"/>
<String CONTENT="of" HEIGHT="56" WIDTH="64" VPOS="3585" HPOS="705"/>
<SP HEIGHT="71" WIDTH="53" VPOS="3585" HPOS="770"/>
<String CONTENT="psychology," HEIGHT="70" WIDTH="373" VPOS="3586" HPOS="824"/>
<SP HEIGHT="68" WIDTH="52" VPOS="3587" HPOS="1198"/>
<String CONTENT="Institute" HEIGHT="54" WIDTH="277" VPOS="3586" HPOS="1251"/>
<SP HEIGHT="36" WIDTH="54" VPOS="3604" HPOS="1529"/>
<String CONTENT="of" HEIGHT="55" WIDTH="65" VPOS="3585" HPOS="1584"/>
<SP HEIGHT="54" WIDTH="52" VPOS="3585" HPOS="1650"/>
<String CONTENT="educational" HEIGHT="54" WIDTH="362" VPOS="3585" HPOS="1703"/>
<SP HEIGHT="53" WIDTH="54" VPOS="3585" HPOS="2066"/>
<String CONTENT="research," HEIGHT="70" WIDTH="277" VPOS="3584" HPOS="2121"/>
</TextLine>
<TextLine HEIGHT="152" WIDTH="1991" VPOS="3662" HPOS="381" STYLEREFS="StyleId-40BCADB5-A2BA-45F2-9091-AB66F7D1B322-" CS="1">
<String CONTENT="Teachers" HEIGHT="53" WIDTH="280" VPOS="3667" HPOS="381"/>
<SP HEIGHT="35" WIDTH="43" VPOS="3685" HPOS="662"/>
<String CONTENT="college" HEIGHT="69" WIDTH="212" VPOS="3666" HPOS="706"/>
<SP HEIGHT="34" WIDTH="47" VPOS="3685" HPOS="919"/>
<String CS="1" CONTENT="&#8230;"/>
<SP HEIGHT="52" WIDTH="86" VPOS="3666" HPOS="1024"/>
<String CONTENT="New" HEIGHT="52" WIDTH="138" VPOS="3666" HPOS="1111"/>
<SP HEIGHT="53" WIDTH="45" VPOS="3665" HPOS="1250"/>
<String CONTENT="York" HEIGHT="53" WIDTH="165" VPOS="3665" HPOS="1296"/>
<SP HEIGHT="53" WIDTH="42" VPOS="3665" HPOS="1462"/>
<String CONTENT="city," HEIGHT="70" WIDTH="136" VPOS="3664" HPOS="1505"/>
<SP HEIGHT="69" WIDTH="42" VPOS="3664" HPOS="1642"/>
<String CONTENT="Teachers" HEIGHT="54" WIDTH="280" VPOS="3664" HPOS="1685"/>
<SP HEIGHT="35" WIDTH="45" VPOS="3683" HPOS="1966"/>
<String CONTENT="college," HEIGHT="69" WIDTH="231" VPOS="3664" HPOS="2012"/>
<SP HEIGHT="70" WIDTH="45" VPOS="3662" HPOS="2244"/>
<String CONTENT="Columbia" HEIGHT="137" WIDTH="1990" VPOS="3662" HPOS="382"/>
<SP HEIGHT="35" WIDTH="27" VPOS="3764" HPOS="598"/>
<String CONTENT="university," HEIGHT="70" WIDTH="339" VPOS="3744" HPOS="626"/>
<SP HEIGHT="65" WIDTH="29" VPOS="3748" HPOS="966"/>
<String CONTENT="1933." HEIGHT="50" WIDTH="152" VPOS="3748" HPOS="996"/>
</TextLine>
<TextLine HEIGHT="49" WIDTH="626" VPOS="3818" HPOS="455" STYLEREFS="StyleId-40BCADB5-A2BA-45F2-9091-AB66F7D1B322-">
<String CONTENT="v," HEIGHT="34" WIDTH="40" VPOS="3829" HPOS="455"/>
<SP HEIGHT="44" WIDTH="29" VPOS="3819" HPOS="496"/>
<String CONTENT="32" HEIGHT="41" WIDTH="56" VPOS="3818" HPOS="526"/>
<SP HEIGHT="49" WIDTH="30" VPOS="3818" HPOS="583"/>
<String CONTENT="p." HEIGHT="38" WIDTH="44" VPOS="3829" HPOS="614"/>
<SP HEIGHT="40" WIDTH="61" VPOS="3820" HPOS="659"/>
<String CONTENT="diagrs." HEIGHT="47" WIDTH="181" VPOS="3819" HPOS="721"/>
<SP HEIGHT="41" WIDTH="58" VPOS="3818" HPOS="903"/>
<String CONTENT="23" HEIGHT="41" WIDTH="57" VPOS="3818" HPOS="962"/>
<String STYLE="superscript" CONTENT="cm" HEIGHT="23" WIDTH="45" VPOS="3820" HPOS="1023"/>
<String CONTENT="." HEIGHT="8" WIDTH="9" VPOS="3852" HPOS="1072"/>
</TextLine>
<TextLine HEIGHT="51" WIDTH="1946" VPOS="3872" HPOS="455">
<String CONTENT="&#8220;The" HEIGHT="41" WIDTH="130" VPOS="3876" HPOS="455"/>
<SP HEIGHT="40" WIDTH="31" VPOS="3877" HPOS="586"/>
<String CONTENT="investigations" HEIGHT="47" WIDTH="377" VPOS="3876" HPOS="618"/>
<SP HEIGHT="31" WIDTH="34" VPOS="3885" HPOS="996"/>
<String CONTENT="reported" HEIGHT="48" WIDTH="225" VPOS="3875" HPOS="1031"/>
<SP HEIGHT="40" WIDTH="34" VPOS="3876" HPOS="1257"/>
<String CONTENT="in" HEIGHT="39" WIDTH="50" VPOS="3876" HPOS="1292"/>
<SP HEIGHT="38" WIDTH="34" VPOS="3877" HPOS="1343"/>
<String CONTENT="this" HEIGHT="41" WIDTH="100" VPOS="3874" HPOS="1378"/>
<SP HEIGHT="31" WIDTH="34" VPOS="3884" HPOS="1479"/>
<String CONTENT="monograph" HEIGHT="50" WIDTH="298" VPOS="3872" HPOS="1514"/>
<SP HEIGHT="41" WIDTH="36" VPOS="3872" HPOS="1813"/>
<String CONTENT="were" HEIGHT="31" WIDTH="128" VPOS="3884" HPOS="1850"/>
<SP HEIGHT="33" WIDTH="34" VPOS="3882" HPOS="1979"/>
<String CONTENT="made" HEIGHT="41" WIDTH="141" VPOS="3873" HPOS="2014"/>
<SP HEIGHT="39" WIDTH="33" VPOS="3882" HPOS="2156"/>
<String CONTENT="possible" HEIGHT="49" WIDTH="211" VPOS="3872" HPOS="2190"/>
</TextLine>
<TextLine HEIGHT="51" WIDTH="1192" VPOS="3930" HPOS="384">
<String CONTENT="by" HEIGHT="47" WIDTH="59" VPOS="3932" HPOS="384"/>
<SP HEIGHT="36" WIDTH="25" VPOS="3943" HPOS="444"/>
<String CONTENT="a" HEIGHT="29" WIDTH="25" VPOS="3944" HPOS="470"/>
<SP HEIGHT="37" WIDTH="26" VPOS="3944" HPOS="496"/>
<String CONTENT="grant" HEIGHT="46" WIDTH="145" VPOS="3935" HPOS="523"/>
<SP HEIGHT="40" WIDTH="25" VPOS="3933" HPOS="669"/>
<String CONTENT="from" HEIGHT="40" WIDTH="126" VPOS="3933" HPOS="695"/>
<SP HEIGHT="38" WIDTH="26" VPOS="3935" HPOS="822"/>
<String CONTENT="the" HEIGHT="39" WIDTH="82" VPOS="3934" HPOS="849"/>
<SP HEIGHT="41" WIDTH="26" VPOS="3932" HPOS="932"/>
<String CONTENT="Carnegie" HEIGHT="48" WIDTH="236" VPOS="3932" HPOS="959"/>
<SP HEIGHT="32" WIDTH="27" VPOS="3941" HPOS="1196"/>
<String CONTENT="corporation.&#8221;" HEIGHT="49" WIDTH="352" VPOS="3930" HPOS="1224"/>
</TextLine>
<TextLine HEIGHT="52" WIDTH="2011" VPOS="3988" HPOS="386" CS="1">
<String CONTENT="&#169;" HEIGHT="52" WIDTH="52" VPOS="3988" HPOS="386"/>
<SP HEIGHT="52" WIDTH="36" VPOS="3988" HPOS="439"/>
<String CONTENT="May" HEIGHT="45" WIDTH="113" VPOS="3994" HPOS="476"/>
<SP HEIGHT="45" WIDTH="35" VPOS="3994" HPOS="590"/>
<String CONTENT="16," HEIGHT="43" WIDTH="66" VPOS="3992" HPOS="626"/>
<SP HEIGHT="42" WIDTH="34" VPOS="3993" HPOS="693"/>
<String CS="1" CONTENT="1933:" HEIGHT="40" WIDTH="113" VPOS="3992" HPOS="728"/>
<SP HEIGHT="38" WIDTH="36" VPOS="3993" HPOS="869"/>
<String CS="1" CONTENT="2c." HEIGHT="38" WIDTH="67" VPOS="3993" HPOS="906"/>
<SP HEIGHT="39" WIDTH="34" VPOS="3992" HPOS="974"/>
<String CONTENT="July" HEIGHT="47" WIDTH="117" VPOS="3992" HPOS="1009"/>
<SP HEIGHT="48" WIDTH="33" VPOS="3991" HPOS="1127"/>
<String CONTENT="S:" HEIGHT="41" WIDTH="51" VPOS="3991" HPOS="1161"/>
<SP/>
<String CS="1" CONTENT="aff."/>
<SP/>
<String CONTENT="July" HEIGHT="47" WIDTH="116" VPOS="3991" HPOS="1370"/>
<SP HEIGHT="46" WIDTH="34" VPOS="3992" HPOS="1487"/>
<String CONTENT="14:" HEIGHT="40" WIDTH="82" VPOS="3991" HPOS="1522"/>
<SP HEIGHT="40" WIDTH="37" VPOS="3991" HPOS="1605"/>
<!-- cceid 47049616-6CF9-1014-A6CF-A82867D68027 --><String CONTENT="A" HEIGHT="38" WIDTH="39" VPOS="3991" HPOS="1643"/>
<SP HEIGHT="40" WIDTH="34" VPOS="3990" HPOS="1683"/>
<String CS="1" CONTENT="64338:" HEIGHT="41" WIDTH="171" VPOS="3990" HPOS="1718"/>
<SP HEIGHT="41" WIDTH="36" VPOS="3990" HPOS="1890"/>
<String CONTENT="Teachers" HEIGHT="39" WIDTH="242" VPOS="3990" HPOS="1927"/>
<SP HEIGHT="30" WIDTH="32" VPOS="3999" HPOS="2170"/>
<String CONTENT="college," HEIGHT="47" WIDTH="194" VPOS="3989" HPOS="2203"/>
</TextLine>
<TextLine HEIGHT="49" WIDTH="927" VPOS="4047" HPOS="457">
<String CONTENT="Columbia" HEIGHT="41" WIDTH="249" VPOS="4048" HPOS="457"/>
<SP HEIGHT="29" WIDTH="35" VPOS="4060" HPOS="707"/>
<String CONTENT="university." HEIGHT="48" WIDTH="287" VPOS="4048" HPOS="743"/>
<SP HEIGHT="48" WIDTH="70" VPOS="4048" HPOS="1031"/>
<String CONTENT="(33-19902)" HEIGHT="49" WIDTH="282" VPOS="4047" HPOS="1102"/>
</TextLine>
</TextBlock>
</PrintSpace>
</Page>
</Layout>
</alto>