2582 4453
1401 4124 29 50 986

422 449 269 68 Morgan,
723 451 210 55 Alfred
964 453 232 65 Powell,
1230 458 172 49 1889-
1614 455 85 53 ed.

497 530 1940 74 Mechanics for boys, edited by Alfred P. Morgan … New
427 607 180 69 York,
643 609 122 53 The
801 609 341 69 University
1177 610 230 69 society,
1443 612 402 68 incorporated
1889 646 13 35 [
1906 620 19 21 c
1931 616 152 65 1933]

496 680 104 49 xiii,
628 680 86 43 398
741 694 42 37 p.
844 684 87 39 col.
959 684 165 47 front.,
1152 683 143 49 illus.,
1322 684 172 48 plates,
1523 685 181 48 diagrs.
1732 685 49 48 (1
1811 686 198 48 double)
2078 686 117 43 19cm.
423 687 1996 98 (Leadership
618 738 165 41 series.
861 751 42 29 [v.
933 740 70 50 6])

427 791 2004 55 © May 22. 1933; 2c. June 6; aff. June 17; A 64024; University soc.. inc.
506 852 282 50 (33-17406)

420 960 283 53 National
731 961 228 64 society
986 961 96 52 for
1112 962 103 52 the
1244 963 183 63 study
1456 962 63 52 of
1548 963 330 55 education.

491 1037 1939 77 The thirty-first yearbook … Parts I, II … Edited by Guy
420 1119 1988 150 Montrose Whipple … Bloomington, Ill.. Public school publishing company, 1932.
493 1275 30 40 2
548 1287 44 28 v.
649 1277 155 47 plans,
836 1276 171 39 tables.
1065 1275 58 41 23
1125 1277 45 21 cm
1173 1307 9 8 .

766 1333 143 48 CONTENTS.—pt.
948 1339 33 34 I.
1019 1333 43 39 A
1099 1343 225 37 program
1363 1334 79 39 for
1482 1333 227 49 teaching
1747 1333 332 50 science.—pt.
2122 1341 52 34 II.
2215 1335 221 48 Changes

421 1391 96 39 and
543 1391 330 47 experiments
901 1391 50 39 in
978 1390 303 40 liberal-arts
1308 1390 272 41 education.

429 1444 51 52 ©
517 1449 110 39 Feb.
660 1447 39 43 2,
735 1447 114 41 1932:
912 1448 68 40 2c.
1015 1449 118 38 each
1168 1448 126 39 June
1328 1448 69 47 12,
1431 1447 141 48 1933;
1610 1447 107 41 affs.
1755 1449 116 47 July
1904 1451 53 45 7;
1992 1448 42 40 A
2069 1449 158 47 63558,
2263 1449 170 47 63559;

494 1505 108 48 Guy
632 1507 248 39 Montrose
912 1505 238 48 Whipple,
1183 1508 248 45 secretary
1464 1507 52 38 of
1547 1507 81 39 the
1664 1506 203 48 Society,
1902 1507 237 44 Danvers,
2173 1509 145 39 Mass.

418 1669 121 52 The
575 1669 147 53 New
760 1668 362 62 Hampshire
1161 1669 232 53 student
1431 1670 213 66 writer,
1684 1672 150 52 1932.
1907 1671 281 67 Durham,
2227 1672 69 51 X.
2337 1672 94 55 H.,

487 1748 122 52 The
634 1748 339 66 University
1002 1747 63 54 of
1090 1750 139 52 New
1254 1748 355 68 Hampshire
1641 1782 14 34 [
1661 1755 17 21 c
1684 1751 152 65 1932]

490 1824 25 38 1
543 1835 43 28 v.
641 1823 56 40 23½
731 1825 43 21 cm
780 1855 8 8 .
845 1824 198 41 annual.

424 1876 2007 52 © June 3, 1932; 2c. and aff. Oct. 3: A 56165; University of New
489 1938 310 48 Hampshire.
872 1937 281 49 (33-15138)

417 1999 146 54 New
593 2001 163 52 York
826 2000 191 69 (State)
1102 1999 185 57 Laics,
1316 2006 260 62 statutes,
1606 2007 100 46 etc.

490 2077 236 56 Cahill’s
776 2079 390 54 consolidated
1215 2082 136 51 laws
1400 2080 63 53 of
1510 2081 139 53 New
1700 2080 176 55 York.
1966 2081 299 69 Compiled
2316 2082 110 53 and

417 2157 2012 74 edited by Austin B. Griffin … 1933 supplement. Chicago,
417 2239 323 70 Callaghan
771 2241 113 52 and
912 2259 299 51 company,
1242 2244 150 51 1933.

492 2315 536 48 2 p. l., 198 p. 27 cm .
421 2369 51 52 ©
506 2373 117 47 July
653 2373 69 42 28,
755 2372 141 44 1933;
930 2374 67 39 2c.
1030 2373 95 40 and
1158 2372 83 42 aff.
1274 2373 117 45 July
1421 2374 50 38 31;
1540 2373 39 38 A
1612 2373 171 42 64577;
1819 2372 269 48 Callaghan
2121 2373 37 40 &
2191 2384 68 29 co.

415 2462 146 53 New
589 2463 181 52 York.
847 2463 421 64 Metropolitan
1301 2478 270 37 museum
1603 2463 63 52 of
1694 2466 115 50 art.

548 2541 1883 68 … Italian renaissance sculpture; twenty pictures. New
421 2620 161 52 York
613 2620 139 67 [The
778 2620 262 52 Museum
1066 2638 175 50 press]
1275 2622 152 51 1933.

485 2672 899 90 3 p. l., 20 pl. on 10 l., [2] p. 19 cm .
490 2754 62 39 At
584 2753 124 40 head
742 2753 52 40 of
826 2752 136 41 title:
997 2753 101 39 The
1132 2750 347 49 Metropolitan
1513 2761 218 30 museum
1766 2750 52 41 of
1850 2755 92 37 art.

490 2810 339 41 Introduction
857 2808 165 49 signed:
1084 2810 180 47 Joseph
1293 2810 170 39 Breck.

419 2865 51 52 ©
498 2870 113 47 May
635 2869 69 47 25,
731 2868 115 41 1933;
901 2869 67 39 2c.
994 2869 95 39 and
1115 2867 82 41 aff.
1226 2868 126 39 June
1375 2867 83 42 30;
1487 2868 40 38 A
1553 2867 171 41 63456:
1754 2867 348 48 Metropolitan
2130 2876 217 31 museum
2375 2868 53 38 of

490 2931 91 42 art,
615 2928 117 39 New
763 2927 143 40 York.
979 2925 282 49 (33-17540)

412 3018 145 51 New
591 3018 163 52 York
787 3016 324 66 principals
1143 3015 377 56 association.
1598 3017 338 54 Committee
1967 3034 78 35 on
2078 3017 209 53 health.

494 3094 322 68 Follow-up
856 3094 64 54 of
956 3094 94 54 the
1090 3093 194 54 White
1324 3094 193 52 House
1557 3093 330 54 conference
1927 3111 71 34 on
2039 3091 153 54 child
2233 3092 192 53 health

423 3174 110 51 and
576 3171 334 69 protection,
950 3172 156 68 May,
1149 3175 153 65 1932,
1344 3171 335 55 Committee
1721 3190 69 34 on
1832 3171 214 65 health,
2143 3189 27 33 New
2268 3170 159 52 York

421 3250 315 68 principals
765 3250 365 66 association;
1163 3250 289 54 addresses
1481 3250 110 54 and
1625 3250 275 54 abstracts
1928 3249 64 53 of
2019 3249 181 52 round
2231 3249 193 54 tables.

425 3328 156 69 [New
613 3328 178 68 York,
820 3329 240 53 Printed
1090 3330 71 67 by
1191 3328 188 54 Metro
1408 3327 314 69 stationery
1751 3329 46 50 &
1827 3327 262 68 printing
2119 3345 97 50 co.,
2246 3334 17 21 c
2270 3330 131 48 1933]

488 3399 100 49 viii,
628 3399 86 42 384
753 3411 41 38 p.
863 3400 56 39 22½
952 3403 44 21 cm
1001 3433 9 9 .

488 3458 222 48 Dorothy
746 3458 263 45 Bildersee,
1048 3457 267 42 chairman.

422 3514 51 52 ©
499 3519 127 40 June
650 3520 39 45 S,
715 3518 140 41 1933:
882 3519 67 41 2c.
976 3519 115 47 May
1115 3518 81 46 22;
1225 3518 81 40 aff.
1332 3518 126 40 June
1484 3517 81 47 19;
1593 3518 40 38 A
1659 3517 171 47 64109;
1860 3517 288 41 Committee
2173 3529 60 28 on
2260 3518 166 38 health

489 3576 51 39 of
569 3577 80 39 the
677 3577 117 39 New
823 3576 129 39 York
981 3576 266 48 principals
1277 3585 142 37 assn.,
1451 3576 148 39 Dorothy
1701 3576 262 46 Bildersee,
1993 3575 267 41 chairman.

499 3633 282 49 (33-17685)

412 3725 307 63 Newlund,
746 3726 225 54 Walter
999 3727 86 55 W.

486 3804 120 50 The
651 3803 217 53 finance
913 3805 258 52 manual:
1221 3823 31 33 a
1298 3804 304 53 handbook
1647 3802 333 69 containing
2025 3800 399 55 fundamental

417 3882 232 52 interest
689 3883 281 51 formulae
1007 3884 107 51 and
1157 3884 232 51 interest
1425 3882 195 66 tables,
1654 3883 76 68 by
1762 3881 223 55 Walter
2016 3882 89 54 W.
2142 3879 283 55 Newlund

563 3966 79 47 1st
685 3962 83 52 ed.
845 3963 146 50 Text
1033 3963 110 51 and
1189 3961 194 52 tables.
1461 3960 200 60 Pekin,
1704 3961 113 60 Ill.,
1857 3961 91 53 W.
1989 3959 89 54 W.
2123 3959 300 65 Newlund,

419 4042 149 49 1933.
