2582 4453
1374 4113 102 50 654

396 428 276 52 Harvard
708 426 354 65 university.
1137 428 227 53 Arnold
1399 428 345 53 arboretum.
1814 427 215 55 Atkins
2060 427 353 71 institution,

479 506 257 66 Soledad,
769 507 176 54 Cuba.

470 584 126 52 List
624 583 63 55 of
715 584 191 67 plants
932 583 264 69 growing
1223 583 58 52 in
1308 582 94 55 the
1432 582 286 55 botanical
1747 583 216 69 garden
1991 583 63 54 of
2083 585 93 52 the
2208 584 209 55 Atkins

401 660 328 56 institution
769 660 63 54 of
871 662 95 53 the
1006 661 225 55 Arnold
1276 661 324 55 arboretum
1643 668 56 46 at
1743 661 266 69 Soledad,
2053 661 364 70 Cienfuegos,

401 738 177 69 Cuba,
605 739 74 68 by
707 739 214 52 Robert
947 739 79 52 M.
1057 739 153 68 Grey
1239 740 114 53 and
1378 739 64 52 F.
1471 740 187 68 Tracy
1686 739 300 54 Hubbard.
2053 739 363 71 Cambridge,

401 817 273 53 Harvard
703 816 319 70 university
1053 835 175 50 press,
1261 820 149 49 1933.

470 889 367 48 vi, 245 p. 27 cm.
405 960 51 53 ©
489 965 122 39 Mar.
641 963 70 48 22,
743 964 113 40 1933;
918 964 66 41 2c.
1017 964 97 39 and
1145 963 81 40 aff.
1260 965 123 39 Mar.
1414 963 83 48 30;
1532 964 40 39 A
1603 964 171 48 60835;
1809 964 259 42 President
2100 967 94 39 and
2227 965 194 41 fellows

473 1022 52 40 of
555 1022 231 40 Harvard
818 1022 193 48 college,
1045 1021 303 48 Cambridge,
1383 1022 146 40 Mass.
1602 1021 282 48 (33-11826)

400 1123 252 68 Hibben,
682 1126 278 65 Thomas,
994 1131 172 50 1893-

471 1205 122 54 The
628 1205 344 70 carpenter’s
1008 1206 118 53 tool
1161 1206 155 54 chest
1372 1205 93 71 [by]
1505 1205 251 56 Thomas
1791 1206 233 55 Hibben;
2090 1206 327 55 illustrated

403 1285 72 70 by
517 1287 95 52 the
655 1286 223 53 author.
955 1284 414 71 Philadelphia
1412 1287 113 52 and
1567 1287 261 68 London,
1868 1289 56 55 J.
1969 1290 66 52 B.
2078 1287 342 70 Lippincott

401 1369 511 65 company [ c 1933]
476 1440 86 41 209
588 1451 44 38 p.
662 1440 107 41 incl.
799 1440 166 47 front.,
995 1441 130 41 illus.
1182 1441 54 39 21
1240 1443 45 21 cm
1291 1473 9 9 .

478 1499 287 40 Illustrated
801 1498 365 48 lining-papers.

410 1565 1927 54 © Mar. 13, 1933; 2c. and aff. Apr. 22; A 62443; J. B. Lippincott co.
487 1627 281 49 (33-12088)

402 1733 232 64 Hogan,
665 1733 262 53 Thomas
955 1733 53 56 J.

478 1810 1944 71 Outline of audit procedure, by Thomas J. Hogan … and
407 1890 2017 70 Malachi A. Finnen … Brooklyn, N. Y., Standard text press
413 2005 12 33 [
430 1976 18 22 c
455 1975 132 49 1933
595 2004 14 34 ]

481 2043 85 40 142
586 2055 42 38 p.
691 2045 230 39 mounted
943 2043 118 41 fold,
1083 2044 169 40 forms.
1313 2044 54 39 23½c
1418 2046 27 20 m
1451 2076 9 9 .

481 2104 101 38 The
615 2102 348 41 classification
995 2103 51 39 of
1077 2102 293 48 accounting
1399 2102 212 41 services
1643 2102 51 40 of
1727 2102 82 40 the
1841 2102 118 39 New
1989 2102 173 48 Jersey
2194 2104 130 39 state
410 2112 1998 96 society
562 2161 41 40 is
629 2160 141 48 given
797 2161 47 40 in
871 2160 98 40 this
994 2161 205 40 volume,
1253 2161 61 47 cf.
1340 2171 42 37 p.
1407 2159 70 41 10.

414 2215 51 53 ©
495 2220 110 40 Feb.
634 2220 70 46 28,
733 2219 113 40 1933;
903 2219 67 40 2c.
999 2220 114 47 Apr.
1141 2219 83 46 29;
1255 2218 81 42 aff.
1366 2219 115 47 May
1507 2219 54 46 4;
1593 2218 41 39 A
1661 2215 172 50 61618;
1868 2217 247 42 Standard
2144 2221 105 38 text
2278 2226 150 40 press.

492 2277 282 48 (33-11822)

408 2382 232 62 Horler,
668 2382 259 64 Sydney.

479 2458 139 56 Lass
647 2460 63 51 of
738 2459 251 53 fortune.
1071 2460 364 67 [Instalment
1463 2464 47 63 5]

492 2535 85 47 (In
601 2530 224 50 Tit-bits,
852 2530 124 53 Apr.
1004 2533 72 48 29,
1107 2531 145 50 1933)

416 2587 1998 110 © 1c. June 19, 1933; A ad int. 17907; pubd. Apr. 22; S. Horler, Bournemouth, England.
411 2755 175 51 Hotel
616 2753 360 57 association
1008 2755 64 52 of
1101 2755 147 52 New
1279 2754 163 53 York
1475 2754 140 65 city.

484 2830 1946 70 Uniform system of accounts for hotels. <2d ed.> … New
416 2908 1849 71 York, N. Y., Hotel association of New York city [ c 1933]
486 2983 576 53 vi p., 1 l., 95 p. 23½ cm.
486 3036 227 46 Lettered
751 3051 60 30 on
851 3051 168 31 cover:
1059 3040 229 41 Uniform
1326 3043 180 46 system
1547 3040 54 41 of
1639 3043 230 38 accounts
1906 3041 79 40 for
2023 3039 174 47 hotels,
2238 3051 54 29 as
417 3049 1999 90 prescribed

645 3098 61 47 by
747 3099 81 40 the
870 3098 256 40 Arrierican
1169 3097 131 41 hotel
1343 3097 297 41 association
1685 3098 53 39 of
1776 3098 83 40 the
1903 3097 180 41 United
2129 3095 164 43 States
2336 3097 97 41 and

417 3155 201 41 Canada
646 3158 95 38 and
770 3156 83 40 the
878 3155 146 40 Hotel
1052 3154 298 41 association
1379 3155 51 40 of
1457 3155 119 39 New
1604 3154 131 40 York
1761 3155 113 46 city.

423 3223 51 53 ©
514 3227 109 41 Feb.
663 3229 69 45 28,
772 3227 113 40 1933;
954 3228 65 39 2c.
1060 3227 113 47 Apr.
1213 3227 54 38 12;
1336 3226 82 42 aff.
1458 3228 114 46 Apr.
1611 3228 81 41 14:
1734 3227 40 39 A
1814 3226 172 47 62040;
2028 3227 146 40 Hotel
2214 3237 128 29 assn.
2383 3226 52 40 of

488 3285 117 40 New
635 3285 131 40 York
796 3285 112 48 city.
980 3284 282 49 (33-11999)

416 3388 275 62 Howard,
725 3391 244 63 Harvey
997 3390 222 64 James,
1254 3394 173 50 1880-

549 3464 1884 71 … Diez semanas entre los bandidos chinos, traducido del
416 3547 185 68 inglés
643 3564 105 50 por
788 3546 154 53 Juan
985 3547 248 54 Tarrida
1274 3547 90 51 del
1405 3546 250 52 Mármol
1696 3545 238 70 George.
2011 3543 247 56 Edición
419 3543 1989 136 ilustrada

620 3643 103 35 con
757 3625 298 53 veintitrés
1091 3624 368 70 fotografías.
1530 3624 333 68 Barcelona,
1898 3626 66 52 B.
2000 3625 158 51 Bauzá
2235 3656 12 34 [
2253 3630 18 21 c
2275 3625 153 65 1932]

491 3701 101 47 viii,
645 3699 190 51 [9]-247,
885 3699 35 39 ii
969 3710 43 37 p.
1073 3701 172 47 plates,
1294 3696 164 53 ports.,
1508 3699 190 41 facsim.
1776 3699 56 41 19
1835 3701 44 22 cm
1883 3732 8 8 .
1979 3699 276 48 (Coleccidn
2304 3699 128 40 ideal

430 3759 223 49 (Sección
682 3759 59 40 de
768 3756 158 49 viajes
952 3770 29 36 y
1008 3758 326 48 aventuras))

495 3817 122 38 “Las
663 3816 317 47 impresiones
1023 3827 28 37 y
1093 3816 287 41 vicisitudes
1423 3817 75 39 del
1543 3815 158 48 autor,
1744 3814 197 43 cautivo
1983 3816 59 40 de
2083 3816 72 40 los
2196 3814 238 42 bandidos

422 3876 209 38 durante
663 3885 63 28 nil
756 3873 211 49 poríodo,
998 3873 498 48 aproximadamente,
1527 3874 58 39 de
1614 3873 105 40 diez
1748 3882 239 39 semanas,
2018 3884 59 30 en
2106 3874 47 39 la
2184 3872 249 50 provincia

423 3934 57 37 de
510 3931 394 48 Heilungchiang
942 3931 230 47 (China),
1202 3942 56 28 en
1289 3932 40 39 el
1364 3941 180 30 verano
1573 3932 59 39 de
1661 3930 439 48 1925.”—Prólogo.

429 3984 2007 53 © Dec. 1, 1932: 1c. Jan. 5, 1933; A-Foreign 19192; Bartolomé Bauzá.
505 4047 281 48 (33-11674)
