2484 4405
1035 4128 133 49 1331

97 482 169 65 Offel,
294 483 226 51 Horace
550 496 133 46 van,
714 477 171 53 1876-

229 550 1858 71 … La flûte corsaire, roman. Paris, Denoël et Steele [c1933]
97 622 1980 117 4 p. l., [13]-246 p., 3 l. illus. 20 cm . (Lettered on cover: La bibliothèque merveilleuse)
101 758 51 51 ©
190 761 112 47 Apr.
340 759 68 46 10,
446 758 141 45 1933;
628 759 66 38 1c.
733 757 128 38 June
895 755 83 47 24;
1019 754 309 47 A-Foreign
1367 754 170 46 21368;
1579 754 223 39 Editions
1842 752 180 41 Denoël
2062 752 37 40 &

171 818 166 40 Steele.
411 813 278 50 (33-24892)

95 919 201 65 Olden,
331 918 232 64 Balder,
599 919 169 50 1882-

232 991 1860 69 … Paradiese des teufels, das leben Sir Roger Casements.
101 1074 815 66 Berlin, Universitas [ c 1933]
174 1152 16 36 1
225 1161 28 36 p
328 1181 7 14 l.,
390 1148 130 46 5-223,
551 1148 54 48 [1]
636 1157 42 37 p.
739 1146 55 39 19
797 1149 42 20 cm
847 1179 6 6 .

101 1215 1999 52 © Apr. 8, 1933; 1 c. July 24; A-Foreign 21614; Universitas, deutsche
172 1274 708 49 verlags-aktiengesellschaft.
952 1273 280 45 (33-24807)

97 1374 186 53 Paris.
359 1373 410 66 Bibliothèque
800 1374 317 54 nationale.
1263 1375 134 54 Mss.
1556 1417 9 10 (Fr.
1594 1376 200 67 12483)

230 1453 1868 69 … A “plantaire” in honor of the Blessed Virgin Mary taken
102 1535 151 54 from
287 1554 30 33 a
350 1534 222 53 French
605 1533 353 66 manuscript
990 1532 64 52 of
1084 1534 95 51 the
1212 1538 125 46 xivth
1409 1539 263 62 century;
1708 1534 386 53 introduction

99 1609 2000 71 and text … by Sister Mary Alberta Savoie … Washington,
99 1692 69 51 D.
199 1690 80 67 C.,
307 1691 121 50 The
456 1689 260 54 Catholic
743 1686 317 70 university
1088 1687 65 53 of
1178 1687 283 68 America,
1492 1691 149 51 1933.

170 1764 100 48 viii,
303 1765 84 38 211
420 1774 43 38 p.
523 1762 55 41 23
581 1765 44 21 cm
631 1795 7 8 .

171 1822 65 40 At
259 1822 125 39 head
409 1821 51 40 of
485 1820 109 40 title:
648 1819 101 40 The
775 1818 220 41 Catholic
1021 1818 272 48 university
1320 1819 52 40 of
1395 1818 238 41 America.

170 1878 171 41 Thesis
383 1878 107 48 (PH.
552 1876 326 48 D.)—Catholic
910 1876 272 47 university
1213 1876 49 39 of
1293 1876 236 48 America,
1560 1877 127 40 1933.

172 1937 129 39 “The
337 1933 271 50 plantaire”
647 1933 206 41 consists
891 1934 50 37 of
979 1933 296 46 twenty-five
1312 1934 227 46 chapters
1576 1936 94 37 and
1709 1933 41 41 is
1788 1945 89 29 one
1913 1936 51 37 of
101 1946 1980 90 several
249 1995 135 47 parts
429 1992 51 41 of
525 1992 82 40 the
652 1991 186 40 French
883 1990 301 49 manuscript
1231 2000 72 31 no.
1350 1990 142 41 12483
1538 1993 51 39 of
1634 1992 81 40 the
1762 1992 337 48 Bibliothèque

102 2053 247 40 nationale
377 2051 157 39 which
563 2050 123 38 have
714 2059 145 29 never
887 2049 117 39 been
1035 2048 269 48 published.
1366 2048 117 39 This
1511 2049 301 48 manuscript
1842 2061 99 29 was
103 2051 1979 100 written
208 2110 60 46 by
291 2119 63 28 an
379 2107 240 39 unknown
646 2105 286 40 Dominican
957 2105 143 40 cleric
1126 2106 49 38 in
1199 2107 81 38 the
1304 2107 134 46 early
1464 2107 77 39 14th
1602 2109 216 44 century.
1871 2108 100 40 The
1997 2111 99 37 text

107 2167 50 39 of
190 2167 98 40 this
322 2165 182 40 edition
537 2164 192 39 follows
763 2164 107 38 that
904 2164 50 38 of
988 2173 26 29 a
1049 2163 250 47 photostat
1335 2173 118 38 copy
1486 2164 257 48 belonging
1776 2166 48 38 to
1860 2166 81 38 the
1974 2166 124 47 Very

105 2225 113 38 Rev.
250 2224 82 39 Dr.
364 2223 56 39 R.
452 2222 52 38 F.
534 2221 163 40 Butin.

173 2279 375 48 Bibliography:
583 2288 44 37 p.
658 2277 217 41 203-207.

106 2347 51 51 ©
201 2352 113 45 May
355 2350 69 47 26,
469 2348 139 47 1933;
651 2349 68 39 2c.
763 2351 95 37 and
901 2349 79 39 aff.
1027 2349 116 48 July
1186 2349 82 47 19;
1314 2351 41 37 A
1398 2350 169 47 64797;
1616 2350 220 42 Catholic
1880 2350 128 41 univ.
2052 2352 52 39 of

171 2407 234 39 America.
478 2406 278 47 (33-25657)

103 2504 221 53 Punch,
399 2526 50 34 v.
479 2512 115 63 185,
620 2527 87 33 no.
736 2511 154 66 4809,
918 2508 150 69 Aug.
1099 2512 84 64 30,
1214 2513 149 49 1933.

107 2591 1997 57 © 1c . Oct. 25, 1933; A ad int. 18298; pubd. Aug. 30; Herbert Heather,
176 2654 209 38 London.

103 2755 203 66 Quick,
336 2756 196 53 Oliver
562 2755 209 66 Chase,
802 2760 170 49 1885-

174 2834 1926 69 The gospel of divine action, by Oliver Chase Quick … New
108 2912 177 66 York,
312 2914 66 51 E.
405 2914 64 51 P.
496 2914 223 51 Dutton
742 2918 47 49 &
815 2932 298 50 company,
1140 2915 107 54 inc.
1281 2950 12 33 [
1299 2922 17 21 c
1321 2920 151 64 1933]

177 2985 832 49 2 p. l. . vii-ix, 11-143 p. 19½ cm .
180 3042 162 41 “First
370 3042 225 41 edition.”

109 3107 49 52 ©
194 3112 124 47 Sept.
351 3112 68 47 15,
453 3112 140 46 1933;
627 3114 65 40 2c.
729 3114 127 47 Sept.
961 3126 9 35 18;
1006 3115 78 40 aff.
1124 3116 126 47 Sept.
1284 3118 81 45 16;
1400 3118 40 38 A
1473 3118 171 47 66093;
1680 3121 51 38 E.
1766 3120 49 39 P.
1851 3121 185 39 Dutton
2070 3122 35 39 &

203 3180 38 28 co.,
285 3169 90 40 inc.
446 3169 278 48 (33-25963)

105 3267 277 68 Ramsay,
413 3271 239 67 Robert,
685 3277 170 50 1881-

181 3346 340 55 Abdominal
563 3351 315 66 complexes
919 3352 112 53 and
1072 3353 200 68 simple
1312 3353 308 70 principles
1661 3355 62 53 of
1762 3357 335 54 restoration

130 3423 89 67 [by]
257 3423 263 70 Ramsay,
583 3425 390 70 Complement
1003 3437 58 46 to
1093 3431 388 68 chiropractic.
1574 3433 400 70 [Minneapolis,
111 3436 1966 125 Independent
464 3521 170 50 press,
671 3512 17 20 c
694 3508 150 66 1933]

178 3572 57 40 86
269 3583 42 37 p.
346 3572 109 42 incl.
492 3574 142 49 illus.,
670 3579 122 45 port.
856 3578 55 40 19½
944 3580 43 22 cm
993 3611 7 7 .

112 3640 49 52 ©
192 3646 119 46 Aug.
340 3647 38 46 5,
410 3647 112 40 1933;
581 3648 65 40 2c.
677 3650 119 46 Aug.
827 3650 82 46 10;
942 3652 81 41 aff.
1057 3653 101 41 Oct.
1188 3655 82 45 26;
1303 3655 42 38 A
1374 3655 169 47 64665;
1578 3658 52 38 R.
1664 3659 227 48 Ramsay,
182 3661 1906 88 Minneapolis.
420 3704 278 46 (33-23641)

106 3804 179 66 Read,
315 3807 203 54 James
546 3811 267 63 Morgan.

239 3883 1863 86 … Das problem der deutschen vermittlung beim ausgang
109 3958 99 53 der
249 3960 332 56 bosnischen
622 3964 167 68 krise,
832 3985 110 34 von
984 3969 84 52 dr.
1112 3970 194 54 James
1346 3972 247 69 Morgan
1634 3976 175 53 Read.
1889 3978 216 56 Berlin,

110 4034 66 53 E.
207 4037 270 70 Ebering,
510 4044 148 51 1933.
