2484 4405
1149 4061 134 54 1877

285 497 994 50 xvii, [3], 294, p] p. front., illus. 21½cm.
284 560 138 46 Maps
454 570 59 28 on
545 557 360 48 lining-papers.

286 616 129 39 “The
445 615 229 45 ‘Journey
703 614 52 39 of
785 614 80 39 the
898 612 179 40 Flame’
1108 612 41 40 is
1179 613 48 38 in
1258 612 102 40 fact
1390 623 62 29 an
1482 611 251 40 historical
1767 611 444 47 novel.”—Introd.,

213 685 42 36 p.
294 672 98 40 xvi.

217 738 51 51 ©
299 742 116 38 Nov.
448 742 37 37 1.
517 740 140 40 1933;
690 739 64 39 2c.
787 739 117 38 Nov.
934 739 52 44 4;
1022 737 80 40 aff.
1135 738 116 40 Nov.
1284 738 52 45 3;
1372 738 39 37 A
1443 737 168 46 66909;
1647 738 266 46 Houghton
1945 736 167 40 Mifflin
2146 746 64 29 co.

293 797 278 48 (33-32590)

212 900 227 65 Fisher,
470 901 226 63 George
724 901 224 61 Henry.

211 972 1977 134 How to win at stud poker, by George Henry Fisher … instruction
515 1053 94 53 for
634 1054 94 51 the
754 1053 214 68 novice,
996 1052 311 68 principles
1337 1051 63 54 of
1428 1057 274 65 strategy,
1728 1053 256 68 problem
2011 1053 202 67 hands,

213 1132 153 53 hand
405 1132 313 67 valuation,
752 1133 135 52 card
922 1131 414 68 probabilities,
1373 1132 276 67 complete
1685 1138 82 48 set
1802 1131 65 54 of
1902 1132 167 68 rules,
212 1132 1981 130 history
370 1208 63 53 of

462 1206 1750 71 the game, etc. … Los Angeles, The Stud poker press
258 1290 151 63 [c1933]

282 1361 99 48 111,
413 1362 55 49 [1]
499 1371 42 38 p.
602 1360 56 40 20
660 1363 45 21 cm
710 1392 10 10 .

217 1429 50 52 ©
301 1433 126 40 June
456 1433 68 40 10.
556 1431 140 48 1933;
730 1432 65 41 2c.
829 1431 102 42 Oct.
962 1431 82 48 26;
1079 1431 80 41 aff.
1195 1431 102 42 Oct.
1329 1431 82 43 25:
1445 1431 41 40 A
1516 1431 170 48 66779;
1723 1432 51 41 G.
1808 1433 59 40 H.
1902 1432 184 48 Fisher,
2120 1431 93 41 Los

285 1492 218 46 Angeles.
575 1490 280 48 (33-31246)

217 1595 300 64 Floherty,
546 1595 155 54 John
730 1594 53 56 J.

287 1671 133 53 Fire
456 1672 265 68 fighters!
760 1673 127 51 how
923 1674 135 65 they
1093 1671 176 66 work,
1305 1672 75 66 by
1416 1672 155 55 John
1608 1673 56 54 J.
1702 1672 292 67 Floherty.
214 1671 1976 132 Garden

356 1750 152 67 City,
541 1751 69 52 N.
645 1751 90 63 Y.,
768 1750 357 66 Doubleday,
1159 1751 198 51 Doran
1390 1754 45 49 &
1468 1767 295 49 company,
1797 1748 124 67 inc.,
1959 1753 148 50 1933.

287 1821 999 50 2 p. l., 60 p. incl. front., illus. 23½ cm .
286 1880 287 40 Illustrated
609 1879 363 48 lining-papers.

288 1935 161 42 “First
478 1935 228 42 edition.”

217 2004 51 52 ©
296 2009 110 40 Dec.
434 2008 38 48 6,
498 2008 113 40 1933;
668 2009 65 39 2c.
762 2009 96 39 and
884 2007 81 41 aff.
993 2008 112 40 Dec.
1133 2006 52 48 9;
1215 2007 42 40 A
1284 2006 169 48 67480;
1519 2038 7 7 J.
1557 2007 41 40 J.
1629 2007 244 48 Floherty,
1903 2008 118 40 Port
283 2008 1916 105 Washington,
490 2067 48 37 L.
567 2067 50 44 I,
643 2065 55 41 N.
724 2066 52 38 Y.
849 2065 280 48 (33-27485)

217 2167 262 65 Foelsch,
511 2170 244 53 Charles
783 2169 249 65 Berend,
1063 2172 172 50 1891-
1449 2170 84 55 ed.

287 2248 119 51 The
448 2246 157 68 day’s
646 2247 267 67 worship,
951 2247 191 53 edited
1182 2247 75 67 by
1299 2247 236 55 Charles
1577 2250 68 50 B.
1685 2247 255 53 Foelsch.
218 2248 1973 143 Philadelphia,

505 2325 1512 67 Pa., The United Lutheran publication house [c1933 ]
287 2397 85 41 385
402 2409 41 37 p.
506 2398 56 39 16
565 2399 43 21 cm
613 2429 9 9 .

220 2465 50 51 ©
300 2470 118 39 Nov.
449 2470 37 46 7,
517 2468 112 40 1933;
689 2469 65 39 2c.
787 2470 95 38 and
912 2468 81 40 aff.
1024 2469 117 39 Nov.
1173 2469 82 41 24;
1287 2469 41 38 A
1358 2468 169 47 68291;
1561 2470 164 39 Board
1755 2470 51 40 of
1836 2469 301 48 publication
2167 2471 53 40 of

286 2527 80 39 the
396 2526 178 39 United
604 2527 248 38 Lutheran
882 2526 180 39 church
1091 2526 51 38 in
1171 2527 237 45 America,
1440 2526 354 48 Philadelphia.

294 2582 220 49 (34-569)

241 2687 239 65 [Fornés,
512 2686 208 69 Isidro]
760 2687 171 53 1873-
1145 2689 83 53 ed.

290 2764 72 51 El
410 2763 179 68 inglés
637 2764 85 51 sin
773 2763 273 68 profesor,
1096 2781 101 35 con
1246 2764 52 53 la
1350 2762 441 70 pronunciacion
1840 2763 260 69 figurada
2149 2783 67 36 en

220 2841 320 67 Castellano,
582 2841 199 54 escrito
825 2860 104 49 por
974 2842 98 54 dos
1120 2848 237 59 autores,
1400 2860 128 49 uno,
1572 2842 288 53 méxicano
1901 2861 37 49 y
1981 2842 49 51 el
2076 2848 141 63 otro,

219 2920 331 54 americano.
622 2922 325 65 1932-1933,
983 2923 41 48 1.
1059 2918 84 53 ed.
1216 2919 246 69 Saltillo,
1496 2919 191 68 Coah.,
1719 2920 169 67 Méx.,
1923 2920 45 52 I.
2003 2921 214 52 Fornés

218 3017 36 48 y
278 3015 131 48 cía.;
439 2996 114 54 San
582 2998 267 66 Antonio,
874 2997 152 59 Tex.,
1054 2997 120 53 The
1202 2996 246 68 Spanish
1475 2998 143 51 book
1645 2999 44 49 &
1716 3004 100 47 sta.
1844 3016 75 33 co.
1950 3032 10 33 [
1968 3006 17 20 c
1993 3002 130 48 1933
2131 3033 11 33 ]

289 3068 98 48 172,
422 3068 54 50 [2]
511 3080 42 37 p.
614 3069 54 39 23
671 3071 43 20 cm
720 3101 8 8 .

289 3125 72 41 On
393 3136 166 29 cover;
598 3126 191 39 Método
823 3126 213 47 práctico
1070 3137 57 28 en
1161 3125 161 41 veinte
1355 3126 248 48 lecciones,
1636 3138 87 29 con
1756 3129 47 39 la
1840 3129 375 49 pronunciacion

220 3184 234 47 figurada.

288 3240 200 40 Printed
517 3240 49 39 in
597 3241 81 39 the
709 3241 55 41 U.
796 3240 43 41 S.
870 3241 53 39 A.

293 3298 145 39 “This
477 3298 121 39 book
640 3308 99 29 was
777 3296 233 47 compiled
1050 3298 95 38 and
1186 3296 160 41 edited
1388 3299 59 45 by
1486 3299 111 46 only
1635 3309 89 29 one
1761 3311 125 36 man,
1928 3303 88 39 Mr.
2058 3303 156 39 Isidro

224 3356 194 45 Fornes,
455 3355 233 46 although
726 3353 48 40 in
811 3353 81 40 the
927 3354 120 39 book
1084 3354 39 39 it
1158 3353 41 39 is
1235 3356 159 37 stated
1433 3355 107 39 that
1576 3355 37 39 it
1652 3357 88 38 has
1778 3360 94 36 two
1909 3359 307 39 authors.”—

222 3412 226 40 Author’s
481 3413 159 39 letter.

223 3484 50 51 ©
304 3489 126 45 Sept.
458 3487 38 39 1.
524 3485 112 40 1933;
693 3485 65 39 2c.
789 3484 100 40 Oct.
918 3484 81 40 13:
1031 3483 79 39 aff.
1143 3484 108 38 Feb.
1280 3482 69 42 10,
1378 3483 140 47 1934;
1548 3484 40 38 A
1616 3484 169 48 66784;
1817 3487 178 41 Ysidro
2022 3488 196 46 Fornes,

294 3544 95 41 San
415 3542 224 40 Antonio.
703 3541 279 48 (33-32889)

226 3646 224 64 Foster,
482 3647 225 61 George
738 3645 275 63 Sanford,
1047 3646 171 50 1882-

292 3718 1927 72 The art of living, by George Sanford Foster … Boston,
222 3798 1168 68 The Christopher publishing house [ c 1933]
292 3872 82 40 141
403 3883 44 37 p.
506 3871 27 40 21½
595 3873 45 22 cm
644 3903 8 8 .

225 3942 50 51 ©
312 3946 110 39 Dec.
459 3945 38 40 6,
534 3944 112 40 1933;
711 3944 66 39 2c.
813 3944 111 38 Dec.
961 3942 47 38 21;
1082 3941 80 40 aff.
1201 3942 108 39 Dec.
1349 3943 81 46 22;
1470 3943 40 39 A
1546 3944 169 48 67637;
1756 3946 319 50 Christopher
2109 3948 110 49 pub.

291 4003 160 38 house.
525 4001 218 48 (34-441)
