2582 4453
1367 4107 103 55 784

475 499 209 42 “Arion”
722 500 67 48 (v.
849 531 8 15 1,
887 510 42 37 p.
958 498 229 47 298-302)
1228 498 41 38 is
1298 498 47 37 in
1375 505 151 30 verse.

476 557 309 41 “Literatur”:
848 568 42 29 v.
953 588 8 15 1,
994 568 42 37 p.
1071 556 115 49 [303]

406 607 2020 58 © Jan. 26, 1933; 1c . May 11; A-Foreign 20931; Philipp Reclam jun.
484 673 282 50 (33-13635)

398 779 244 64 Kozlay,
671 779 182 52 Hazel
882 778 236 63 Leonie,
1147 778 84 54 ed.

473 859 123 52 The
620 857 308 54 American
957 856 352 53 hairdresser
1336 873 218 35 answer
1580 854 164 53 book.
1821 854 97 52 5th
1946 854 84 52 ed.
2107 852 215 53 Edited
2348 850 74 69 by

402 930 1997 153 Hazel Leonie Kozlay … New York city, H. K. Howell publishing co., inc., c1933.
476 1086 903 52 2 p. l ., 7-120, [4] p. illus. 19cm.
481 1141 1896 51 “The Trouble corner department of the American hairdresser …
406 1200 1602 54 led … to the publishing of the first edition.”—Foreword.
410 1259 52 53 ©
495 1265 116 47 May
639 1265 40 42 4,
712 1263 141 43 1933;
887 1263 68 41 2c.
989 1264 116 47 May
1134 1262 83 42 26:
1252 1261 83 42 aff.
1368 1263 115 46 May
1513 1261 83 41 27:
1631 1261 41 38 A
1704 1259 172 46 61968;
1912 1260 61 40 H.
2006 1259 57 40 R.
2095 1259 192 39 Howell
2319 1257 109 49 pub.

479 1333 67 29 co.,
593 1321 90 41 inc.
757 1320 282 49 (33-13984)

404 1422 364 67 Kuhlmann,
797 1423 259 56 William
1086 1422 229 67 Daniel,
1346 1428 173 50 1896-

477 1504 253 53 Teacher
759 1504 233 52 absence
1024 1504 114 52 and
1167 1504 160 51 leave
1356 1502 352 69 regulations;
1769 1519 151 36 some
1948 1500 155 55 basic
2136 1499 149 54 facts
2315 1499 109 53 and

411 1583 310 68 principles
752 1583 217 53 related
1001 1591 57 45 to
1090 1588 332 62 temporary
1456 1582 232 52 absence
1719 1580 65 53 of
1814 1581 272 62 teachers,
2118 1577 93 54 for
2241 1595 98 36 use
2370 1577 56 53 in

408 1656 2021 151 formulating valid absence regulations, by William D. Kuhlmann … Published with the approval of Professor Willard
412 1817 56 56 S.
515 1817 256 68 Elsbree,
811 1836 256 50 sponsor.
1146 1818 142 54 New
1334 1817 164 54 York
1542 1817 136 67 city,
1722 1817 280 53 Teachers
2046 1816 230 67 college,

411 1813 1994 138 Columbia
655 1898 338 68 university,
1027 1902 150 50 1933.

482 1972 82 44 vii,
594 1973 56 40 75
680 1984 43 37 p.
752 1972 112 42 incl.
891 1971 170 41 forms.
1120 1972 148 41 23½cm.
1337 1970 266 48 (Teachers
1632 1971 195 47 college,
1860 1967 252 43 Columbia
2145 1966 287 50 university.

413 2029 371 42 Contributions
813 2032 48 38 to
890 2029 276 48 education,
1196 2039 74 31 no.
1301 2029 110 46 564)

483 2089 172 40 Issued
684 2089 105 40 also
817 2099 56 30 as
901 2086 154 43 thesis
1093 2088 109 48 (PH.
1264 2088 35 48 D.)
1338 2084 253 44 Columbia
1621 2084 291 50 university.

482 2145 352 49 Bibliography:
895 2156 44 38 p.
972 2146 160 41 73-75.

415 2199 52 52 ©
505 2204 113 47 Apr.
653 2204 39 45 6,
729 2203 141 40 1933:
909 2204 65 38 2c.
1011 2204 114 46 Apr.
1163 2204 81 43 14;
1283 2202 83 41 aff.
1401 2202 116 48 Apr.
1552 2201 84 48 20;
1674 2202 41 38 A
1751 2200 171 48 61396;
1961 2201 243 39 Teachers
2240 2199 194 47 college,

485 2261 251 40 Columbia
769 2260 132 41 univ.
973 2260 282 47 (33-13784)

407 2350 85 53 La
524 2352 191 52 Motte
749 2350 283 55 chemical
1066 2351 284 64 products
1384 2367 308 48 company,
1727 2350 336 53 Baltimore.

413 2428 1990 147 The A B C of p H (hydrogen ion) control … 9th ed. Baltimore,
668 2507 141 67 Md.,
839 2508 84 53 La
954 2508 184 53 Motte
1171 2509 272 52 chemical
1475 2509 273 68 products
1779 2526 283 49 company
2099 2510 195 65 [c1933]

484 2580 56 42 62
572 2594 43 37 p.
676 2581 144 48 illus.,
853 2580 183 50 diagrs.
1095 2580 148 43 22½cm.

485 2638 130 43 Title
642 2639 129 42 from
801 2650 157 30 cover.

416 2693 52 52 ©
502 2699 121 38 Mar.
657 2697 39 48 9,
730 2696 141 48 1933;
905 2698 67 39 2c.
1006 2698 114 47 Apr.
1155 2698 82 45 14;
1273 2697 82 40 aff.
1390 2698 115 47 May
1537 2697 83 46 13;
1654 2697 42 39 A
1728 2696 172 46 61822;
1938 2697 228 40 LaMotte
2199 2694 237 43 chemical

484 2756 232 47 products
750 2766 68 29 co.
892 2754 282 49 (33-13970)

410 2845 246 65 Larson,
685 2846 147 53 Jens
858 2845 303 65 Fredrick,
1194 2851 171 50 1891-

487 2921 428 56 Architectural
962 2923 285 69 planning
1292 2923 64 53 of
1402 2923 94 53 the
1542 2924 310 54 American
1898 2924 229 67 college,
2173 2921 75 71 by
2292 2921 139 55 Jens

417 3000 277 53 Fredrick
736 3002 218 52 Larson
999 3002 112 52 and
1156 3001 212 53 Archie
1411 3001 308 54 Maclnnes
1761 3002 244 52 Palmer.
2086 3001 137 52 New
2269 3000 164 52 York

416 3079 111 52 and
561 3079 258 55 London.
851 3078 432 55 McGraw-Hill
1314 3080 147 52 book
1492 3097 298 51 company,
1821 3080 125 66 inc.,
1983 3082 149 50 1933.

481 3150 1297 51 4 p. l ., 181 p. front., illus. (incl. plans) 26cm.
486 3209 1942 49 “This volume … has been projected by the … Commission on college
416 3265 332 41 architecture
783 3267 95 39 and
913 3267 180 45 college
1129 3266 295 41 instruction
1461 3267 48 40 in
1544 3267 93 41 fine
1672 3271 104 37 arts
1815 3268 67 50 [of
1917 3270 81 38 the
2034 3267 307 41 Association
2379 3266 51 41 of

411 3323 260 41 American
703 3323 450 49 colleges]”—Pref.

487 3380 299 49 “Suggested
821 3379 304 42 references”:
1192 3391 44 37 p.
1271 3380 217 42 180-181.

419 3437 52 52 ©
511 3443 114 47 May
664 3442 68 40 15.
772 3441 142 41 1933:
955 3442 67 39 2c.
1063 3443 114 46 May
1215 3442 82 44 22;
1339 3441 83 40 aff.
1463 3443 113 46 May
1615 3441 83 42 20;
1740 3442 40 38 A
1820 3441 172 47 61884;
2032 3439 309 42 Association
2383 3440 51 40 of

486 3499 159 40 Amer.
674 3500 218 45 colleges,
923 3500 115 38 New
1068 3499 146 39 York.
1289 3499 283 47 (33-13647)

412 3588 283 65 Lasance,
725 3589 247 54 Francis
1001 3590 240 65 Xavier,
1274 3593 172 49 1860-
1660 3607 180 51 comp.

484 3667 123 53 The
646 3668 140 52 road
826 3674 58 46 to
923 3668 338 67 happiness;
1304 3668 275 67 thoughts
1619 3687 71 34 on
1728 3669 96 52 the
1862 3687 127 50 way
2027 3667 64 53 of
2127 3666 303 68 salvation,

415 3747 96 52 the
547 3746 107 54 last
694 3745 214 70 things,
945 3746 94 54 the
1080 3746 303 70 following
1421 3747 63 54 of
1524 3747 215 69 Christ,
1774 3748 95 54 the
1907 3745 293 56 imitation
2235 3745 65 55 of
2335 3746 96 56 the

415 3827 196 55 saints,
650 3827 93 52 the
782 3832 316 63 patronage
1136 3828 64 52 of
1236 3829 94 51 the
1368 3828 212 66 angels,
1619 3829 112 52 and
1767 3828 96 53 the
1899 3827 160 70 eight
2093 3826 337 70 beatitudes,

415 3905 2014 70 compiled and edited by Rev. F. X. Lasance … New York,
417 3981 329 57 Cincinnati
781 3990 138 62 [etc.]
954 3986 282 68 Benziger
1261 3986 277 67 brothers,
1569 3989 151 49 1933.
