<alto xmlns="http://www.loc.gov/standards/alto/ns-v3#" xmlns:xlink="http://www.w3.org/1999/xlink" xmlns:xsi="http://www.w3.org/2001/XMLSchema-instance" xsi:schemaLocation="http://www.loc.gov/standards/alto/ns-v3# http://www.loc.gov/alto/v3/alto-3-0.xsd"><Description>
<MeasurementUnit>pixel</MeasurementUnit>
<sourceImageInformation>
<fileName>1933_v1_Part1.pdf</fileName>
</sourceImageInformation>
<OCRProcessing ID="IdOcr">
<ocrProcessingStep>
<processingDateTime>2019-01-03</processingDateTime>
<processingSoftware>
<softwareCreator>ABBYY</softwareCreator>
<softwareName>ABBYY Recognition Server</softwareName>
<softwareVersion>4.0</softwareVersion>
</processingSoftware>
</ocrProcessingStep>
</OCRProcessing>
</Description>
<Styles>
<ParagraphStyle ID="StyleId-FFFFFFFF-FFFF-FFFF-FFFF-FFFFFFFFFFFF-" ALIGN="Left" LEFT="0." RIGHT="0." FIRSTLINE="0."/>
<ParagraphStyle ID="StyleId-6EF5737A-DCEB-4126-A0CF-C5930BF7166A-" ALIGN="Left" LEFT="0." RIGHT="0." FIRSTLINE="0." LINESPACE="8.300000191"/>
<ParagraphStyle ID="StyleId-2DE44258-FD0B-41E1-B542-087C989B01A3-" ALIGN="Left" LEFT="0." RIGHT="0." FIRSTLINE="0." LINESPACE="12.19999981"/>
<ParagraphStyle ID="StyleId-CE3D254A-29D7-4DD7-B5F1-E0FC0EF29B05-" ALIGN="Left" LEFT="0." RIGHT="0." FIRSTLINE="-14." LINESPACE="8.619999886"/>
<ParagraphStyle ID="StyleId-C0E3A137-CE4F-4287-8A90-B599106709D0-" ALIGN="Left" LEFT="0." RIGHT="0." FIRSTLINE="-14." LINESPACE="12.19999981"/>
<ParagraphStyle ID="StyleId-50F26F0C-05DA-4C19-BA58-7A6AC4499BEE-" ALIGN="Left" LEFT="0." RIGHT="0." FIRSTLINE="-14." LINESPACE="11.06999969"/>
<ParagraphStyle ID="StyleId-5DDE65AF-512C-41E2-9B8E-095D6D99EF68-" ALIGN="Center" LEFT="0." RIGHT="0." FIRSTLINE="0." LINESPACE="11.89999962"/>
<ParagraphStyle ID="StyleId-0A81D7A5-6A62-4C52-915E-7768974C704D-" ALIGN="Left" LEFT="0." RIGHT="0." FIRSTLINE="0." LINESPACE="9.399999619"/>
<ParagraphStyle ID="StyleId-F7A0127F-6B48-4157-BB81-FE33E1E1A05B-" ALIGN="Block" LEFT="0." RIGHT="0." FIRSTLINE="-13." LINESPACE="10.63000011"/>
<ParagraphStyle ID="StyleId-E18C69F7-DBD7-48B1-805C-FCD96D0DA019-" ALIGN="Left" LEFT="0." RIGHT="0." FIRSTLINE="0." LINESPACE="11.64000034"/>
<ParagraphStyle ID="StyleId-98F15501-B611-4E83-8BB3-807E891F11F5-" ALIGN="Left" LEFT="0." RIGHT="0." FIRSTLINE="-14." LINESPACE="12.19999981"/>
<ParagraphStyle ID="StyleId-F4A78626-0BBC-4D12-94D9-A1AE75A9855F-" ALIGN="Left" LEFT="0." RIGHT="0." FIRSTLINE="0." LINESPACE="9.399999619"/>
<ParagraphStyle ID="StyleId-6A3F6F4C-D21B-4ADE-902F-7683F18ECEF3-" ALIGN="Left" LEFT="0." RIGHT="0." FIRSTLINE="0." LINESPACE="11.10000038"/>
</Styles>
<Layout>
<Page ID="Page470" PHYSICAL_IMG_NR="470" HEIGHT="4453" WIDTH="2582">
<TopMargin HEIGHT="416" WIDTH="2582" VPOS="0" HPOS="0">
</TopMargin>
<LeftMargin HEIGHT="3686" WIDTH="292" VPOS="416" HPOS="0">
</LeftMargin>
<RightMargin HEIGHT="3686" WIDTH="228" VPOS="416" HPOS="2354">
</RightMargin>
<BottomMargin HEIGHT="351" WIDTH="2582" VPOS="4102" HPOS="0">
<TextBlock ID="Page470_Block1" HEIGHT="74" WIDTH="124" VPOS="4102" HPOS="1266" LANG="en-US" STYLEREFS="StyleId-E61C7302-0D9C-44A2-BECE-E1904AA3CD79-">
<TextLine HEIGHT="54" WIDTH="103" VPOS="4111" HPOS="1277">
<String CONTENT="470" HEIGHT="54" WIDTH="103" VPOS="4111" HPOS="1277"/>
</TextLine>
</TextBlock>
</BottomMargin>
<PrintSpace HEIGHT="3686" WIDTH="2062" VPOS="416" HPOS="292">
<TextBlock ID="Page470_Block2" HEIGHT="3686" WIDTH="2062" VPOS="416" HPOS="292" LANG="en-US" CS="1" STYLEREFS="StyleId-372031E7-DDB1-49D2-97FC-F11A5E90F8F2-">
<TextLine HEIGHT="64" WIDTH="376" VPOS="426" HPOS="303" STYLEREFS="StyleId-43978353-F34E-453D-B391-0226AA16D3FB-">
<String CONTENT="Stout," HEIGHT="64" WIDTH="196" VPOS="426" HPOS="303"/>
<SP HEIGHT="64" WIDTH="31" VPOS="426" HPOS="500"/>
<String CONTENT="Rex." HEIGHT="56" WIDTH="147" VPOS="426" HPOS="532"/>
</TextLine>
<TextLine HEIGHT="72" WIDTH="1952" VPOS="499" HPOS="378" STYLEREFS="StyleId-099D521C-DF3A-4A8F-83B1-FC271CD0DF41-">
<String CONTENT="Forest" HEIGHT="53" WIDTH="206" VPOS="502" HPOS="378"/>
<SP HEIGHT="54" WIDTH="30" VPOS="501" HPOS="585"/>
<String CONTENT="fire," HEIGHT="69" WIDTH="119" VPOS="501" HPOS="616"/>
<SP HEIGHT="69" WIDTH="30" VPOS="501" HPOS="736"/>
<String CONTENT="by" HEIGHT="70" WIDTH="77" VPOS="501" HPOS="767"/>
<SP HEIGHT="69" WIDTH="31" VPOS="502" HPOS="845"/>
<String CONTENT="Rex" HEIGHT="52" WIDTH="124" VPOS="502" HPOS="877"/>
<SP HEIGHT="55" WIDTH="35" VPOS="500" HPOS="1002"/>
<String CONTENT="Stout." HEIGHT="55" WIDTH="187" VPOS="500" HPOS="1038"/>
<SP HEIGHT="53" WIDTH="71" VPOS="500" HPOS="1226"/>
<String CONTENT="New" HEIGHT="53" WIDTH="139" VPOS="500" HPOS="1298"/>
<SP HEIGHT="53" WIDTH="35" VPOS="500" HPOS="1438"/>
<String CONTENT="York," HEIGHT="70" WIDTH="184" VPOS="499" HPOS="1474"/>
<SP HEIGHT="69" WIDTH="32" VPOS="500" HPOS="1659"/>
<String CONTENT="Farrar" HEIGHT="53" WIDTH="218" VPOS="500" HPOS="1692"/>
<SP HEIGHT="51" WIDTH="35" VPOS="501" HPOS="1911"/>
<String CONTENT="&amp;" HEIGHT="51" WIDTH="46" VPOS="501" HPOS="1947"/>
<SP HEIGHT="53" WIDTH="31" VPOS="499" HPOS="1994"/>
<String CONTENT="Rinehart," HEIGHT="69" WIDTH="304" VPOS="499" HPOS="2026"/>
</TextLine>
<TextLine HEIGHT="70" WIDTH="635" VPOS="580" HPOS="306" STYLEREFS="StyleId-099D521C-DF3A-4A8F-83B1-FC271CD0DF41-" CS="1">
<String CONTENT="incorporated" HEIGHT="70" WIDTH="404" VPOS="580" HPOS="306"/>
<SP HEIGHT="69" WIDTH="34" VPOS="580" HPOS="711"/>
<String CS="1" CONTENT="["/>
<String STYLE="superscript" CONTENT="c" HEIGHT="22" WIDTH="19" VPOS="586" HPOS="763"/>
<String CONTENT="1933]" HEIGHT="64" WIDTH="153" VPOS="583" HPOS="788"/>
</TextLine>
<TextLine HEIGHT="50" WIDTH="620" VPOS="653" HPOS="378" CS="1">
<String CONTENT="3" HEIGHT="41" WIDTH="27" VPOS="654" HPOS="378"/>
<SP HEIGHT="49" WIDTH="24" VPOS="654" HPOS="406"/>
<String CONTENT="p." HEIGHT="37" WIDTH="44" VPOS="666" HPOS="431"/>
<SP HEIGHT="41" WIDTH="25" VPOS="655" HPOS="476"/>
<String CONTENT="l.," HEIGHT="48" WIDTH="45" VPOS="655" HPOS="502"/>
<SP HEIGHT="49" WIDTH="25" VPOS="654" HPOS="548"/>
<String CONTENT="3-305" HEIGHT="42" WIDTH="147" VPOS="653" HPOS="574"/>
<SP HEIGHT="48" WIDTH="22" VPOS="654" HPOS="722"/>
<String CONTENT="p." HEIGHT="38" WIDTH="44" VPOS="664" HPOS="745"/>
<SP HEIGHT="42" WIDTH="59" VPOS="653" HPOS="790"/>
<String CS="1" CONTENT="19&#189;" HEIGHT="41" WIDTH="56" VPOS="653" HPOS="850"/>
<String STYLE="superscript" CONTENT="cm" HEIGHT="22" WIDTH="45" VPOS="655" HPOS="939"/>
<String CONTENT="." HEIGHT="9" WIDTH="10" VPOS="685" HPOS="988"/>
</TextLine>
<TextLine HEIGHT="53" WIDTH="2018" VPOS="723" HPOS="311">
<String CONTENT="&#169;" HEIGHT="53" WIDTH="52" VPOS="723" HPOS="311"/>
<SP HEIGHT="53" WIDTH="36" VPOS="723" HPOS="364"/>
<String CONTENT="Apr." HEIGHT="48" WIDTH="116" VPOS="728" HPOS="401"/>
<SP HEIGHT="39" WIDTH="35" VPOS="729" HPOS="518"/>
<String CONTENT="13," HEIGHT="46" WIDTH="69" VPOS="728" HPOS="554"/>
<SP HEIGHT="46" WIDTH="37" VPOS="728" HPOS="624"/>
<String CONTENT="1933;" HEIGHT="47" WIDTH="141" VPOS="725" HPOS="662"/>
<SP HEIGHT="45" WIDTH="39" VPOS="727" HPOS="804"/>
<String CONTENT="2c." HEIGHT="40" WIDTH="67" VPOS="727" HPOS="844"/>
<SP HEIGHT="31" WIDTH="36" VPOS="736" HPOS="912"/>
<String CONTENT="and" HEIGHT="39" WIDTH="96" VPOS="727" HPOS="949"/>
<SP HEIGHT="39" WIDTH="38" VPOS="727" HPOS="1046"/>
<String CONTENT="aff." HEIGHT="41" WIDTH="83" VPOS="725" HPOS="1085"/>
<SP HEIGHT="40" WIDTH="37" VPOS="726" HPOS="1169"/>
<String CONTENT="Apr." HEIGHT="48" WIDTH="114" VPOS="726" HPOS="1207"/>
<SP HEIGHT="40" WIDTH="37" VPOS="727" HPOS="1322"/>
<String CONTENT="14;" HEIGHT="46" WIDTH="83" VPOS="726" HPOS="1360"/>
<SP HEIGHT="46" WIDTH="38" VPOS="726" HPOS="1444"/>
<!-- cceid 3F1E8E21-6CF9-1014-A6CF-A82867D68027 --><String CONTENT="A" HEIGHT="39" WIDTH="41" VPOS="726" HPOS="1483"/>
<SP HEIGHT="40" WIDTH="35" VPOS="725" HPOS="1525"/>
<String CONTENT="62032;" HEIGHT="48" WIDTH="172" VPOS="724" HPOS="1561"/>
<SP HEIGHT="46" WIDTH="39" VPOS="726" HPOS="1734"/>
<String CONTENT="R." HEIGHT="38" WIDTH="55" VPOS="726" HPOS="1774"/>
<SP HEIGHT="41" WIDTH="41" VPOS="725" HPOS="1830"/>
<String CONTENT="Stout," HEIGHT="47" WIDTH="156" VPOS="725" HPOS="1872"/>
<SP HEIGHT="46" WIDTH="39" VPOS="726" HPOS="2029"/>
<String CONTENT="Brewster," HEIGHT="46" WIDTH="260" VPOS="726" HPOS="2069"/>
</TextLine>
<TextLine HEIGHT="50" WIDTH="465" VPOS="782" HPOS="382">
<String CONTENT="N." HEIGHT="39" WIDTH="56" VPOS="786" HPOS="382"/>
<SP HEIGHT="39" WIDTH="29" VPOS="786" HPOS="439"/>
<String CONTENT="Y." HEIGHT="39" WIDTH="53" VPOS="786" HPOS="469"/>
<SP HEIGHT="47" WIDTH="70" VPOS="785" HPOS="523"/>
<String CONTENT="(33-9099)" HEIGHT="50" WIDTH="253" VPOS="782" HPOS="594"/>
</TextLine>
<TextLine HEIGHT="71" WIDTH="903" VPOS="884" HPOS="327" STYLEREFS="StyleId-43978353-F34E-453D-B391-0226AA16D3FB-" CS="1">
<String CS="1" CONTENT="[Turner," HEIGHT="65" WIDTH="250" VPOS="886" HPOS="327"/>
<SP HEIGHT="63" WIDTH="28" VPOS="888" HPOS="578"/>
<String CONTENT="John" HEIGHT="55" WIDTH="157" VPOS="887" HPOS="607"/>
<SP HEIGHT="54" WIDTH="27" VPOS="887" HPOS="765"/>
<String CONTENT="Victor]" HEIGHT="71" WIDTH="225" VPOS="884" HPOS="793"/>
<SP HEIGHT="63" WIDTH="36" VPOS="892" HPOS="1019"/>
<String CONTENT="1900-" HEIGHT="50" WIDTH="174" VPOS="892" HPOS="1056"/>
</TextLine>
<TextLine HEIGHT="72" WIDTH="1948" VPOS="962" HPOS="379" STYLEREFS="StyleId-099D521C-DF3A-4A8F-83B1-FC271CD0DF41-" CS="1">
<String CONTENT="The" HEIGHT="53" WIDTH="123" VPOS="967" HPOS="379"/>
<SP HEIGHT="55" WIDTH="51" VPOS="965" HPOS="503"/>
<String CONTENT="foursquare" HEIGHT="69" WIDTH="342" VPOS="965" HPOS="555"/>
<SP HEIGHT="35" WIDTH="48" VPOS="984" HPOS="898"/>
<String CONTENT="murder," HEIGHT="65" WIDTH="250" VPOS="966" HPOS="947"/>
<SP HEIGHT="66" WIDTH="49" VPOS="965" HPOS="1198"/>
<String CONTENT="by" HEIGHT="68" WIDTH="76" VPOS="965" HPOS="1248"/>
<SP HEIGHT="66" WIDTH="51" VPOS="967" HPOS="1325"/>
<String CONTENT="David" HEIGHT="57" WIDTH="195" VPOS="962" HPOS="1377"/>
<SP HEIGHT="54" WIDTH="50" VPOS="965" HPOS="1573"/>
<String CONTENT="Hume" HEIGHT="54" WIDTH="193" VPOS="965" HPOS="1624"/>
<SP HEIGHT="49" WIDTH="56" VPOS="983" HPOS="1818"/>
<String CS="1" CONTENT="[pseud.]" HEIGHT="68" WIDTH="216" VPOS="965" HPOS="1893"/>
<SP HEIGHT="66" WIDTH="78" VPOS="967" HPOS="2110"/>
<String CONTENT="New" HEIGHT="51" WIDTH="138" VPOS="967" HPOS="2189"/>
</TextLine>
<TextLine HEIGHT="69" WIDTH="1265" VPOS="1044" HPOS="309" STYLEREFS="StyleId-099D521C-DF3A-4A8F-83B1-FC271CD0DF41-">
<String CONTENT="York," HEIGHT="68" WIDTH="181" VPOS="1045" HPOS="309"/>
<SP HEIGHT="67" WIDTH="23" VPOS="1046" HPOS="491"/>
<String CONTENT="R." HEIGHT="54" WIDTH="68" VPOS="1046" HPOS="515"/>
<SP HEIGHT="54" WIDTH="27" VPOS="1046" HPOS="584"/>
<String CONTENT="M." HEIGHT="52" WIDTH="80" VPOS="1046" HPOS="612"/>
<SP HEIGHT="52" WIDTH="25" VPOS="1046" HPOS="693"/>
<String CONTENT="McBride" HEIGHT="55" WIDTH="279" VPOS="1044" HPOS="719"/>
<SP HEIGHT="50" WIDTH="23" VPOS="1049" HPOS="999"/>
<String CONTENT="&amp;" HEIGHT="50" WIDTH="44" VPOS="1049" HPOS="1023"/>
<SP HEIGHT="51" WIDTH="24" VPOS="1049" HPOS="1068"/>
<String CONTENT="company," HEIGHT="49" WIDTH="300" VPOS="1063" HPOS="1093"/>
<SP HEIGHT="63" WIDTH="28" VPOS="1049" HPOS="1394"/>
<String CONTENT="1933." HEIGHT="51" WIDTH="151" VPOS="1048" HPOS="1423"/>
</TextLine>
<TextLine HEIGHT="51" WIDTH="490" VPOS="1118" HPOS="379" CS="1">
<String CONTENT="318," HEIGHT="46" WIDTH="102" VPOS="1120" HPOS="379"/>
<SP HEIGHT="31" WIDTH="38" VPOS="1138" HPOS="482"/>
<String CONTENT="[1]" HEIGHT="48" WIDTH="57" VPOS="1121" HPOS="521"/>
<SP HEIGHT="39" WIDTH="37" VPOS="1130" HPOS="579"/>
<String CONTENT="p." HEIGHT="37" WIDTH="44" VPOS="1130" HPOS="617"/>
<SP HEIGHT="42" WIDTH="58" VPOS="1119" HPOS="662"/>
<String CS="1" CONTENT="19&#189;" HEIGHT="41" WIDTH="57" VPOS="1118" HPOS="721"/>
<String STYLE="superscript" CONTENT="cm" HEIGHT="22" WIDTH="45" VPOS="1121" HPOS="810"/>
<String CONTENT="." HEIGHT="9" WIDTH="9" VPOS="1151" HPOS="860"/>
</TextLine>
<TextLine HEIGHT="53" WIDTH="2019" VPOS="1187" HPOS="313" CS="1">
<String CONTENT="&#169;" HEIGHT="53" WIDTH="52" VPOS="1187" HPOS="313"/>
<SP HEIGHT="53" WIDTH="26" VPOS="1187" HPOS="366"/>
<String CONTENT="Mar." HEIGHT="38" WIDTH="127" VPOS="1193" HPOS="393"/>
<SP HEIGHT="39" WIDTH="21" VPOS="1192" HPOS="521"/>
<String CONTENT="28," HEIGHT="47" WIDTH="71" VPOS="1192" HPOS="543"/>
<SP HEIGHT="46" WIDTH="26" VPOS="1193" HPOS="615"/>
<String CS="1" CONTENT="1933;" HEIGHT="42" WIDTH="114" VPOS="1190" HPOS="642"/>
<SP HEIGHT="47" WIDTH="27" VPOS="1190" HPOS="785"/>
<String CONTENT="2c." HEIGHT="41" WIDTH="68" VPOS="1190" HPOS="813"/>
<SP HEIGHT="40" WIDTH="26" VPOS="1191" HPOS="882"/>
<String CONTENT="Apr." HEIGHT="48" WIDTH="116" VPOS="1191" HPOS="909"/>
<SP HEIGHT="40" WIDTH="25" VPOS="1191" HPOS="1026"/>
<String CONTENT="12;" HEIGHT="46" WIDTH="82" VPOS="1190" HPOS="1052"/>
<SP HEIGHT="35" WIDTH="28" VPOS="1201" HPOS="1135"/>
<String CONTENT="aff." HEIGHT="40" WIDTH="84" VPOS="1190" HPOS="1164"/>
<SP HEIGHT="40" WIDTH="25" VPOS="1189" HPOS="1249"/>
<String CONTENT="Apr." HEIGHT="49" WIDTH="114" VPOS="1189" HPOS="1275"/>
<SP HEIGHT="39" WIDTH="27" VPOS="1190" HPOS="1390"/>
<String CONTENT="10;" HEIGHT="47" WIDTH="84" VPOS="1190" HPOS="1418"/>
<SP HEIGHT="47" WIDTH="27" VPOS="1190" HPOS="1503"/>
<!-- cceid 3F1F33DD-6CF9-1014-A6CF-A82867D68027 --><String CONTENT="A" HEIGHT="39" WIDTH="43" VPOS="1190" HPOS="1531"/>
<SP HEIGHT="41" WIDTH="25" VPOS="1189" HPOS="1575"/>
<String CONTENT="60981;" HEIGHT="49" WIDTH="173" VPOS="1188" HPOS="1601"/>
<SP HEIGHT="47" WIDTH="29" VPOS="1190" HPOS="1775"/>
<String CONTENT="J." HEIGHT="40" WIDTH="43" VPOS="1190" HPOS="1805"/>
<SP HEIGHT="39" WIDTH="29" VPOS="1190" HPOS="1849"/>
<String CONTENT="V." HEIGHT="41" WIDTH="54" VPOS="1190" HPOS="1879"/>
<SP HEIGHT="41" WIDTH="27" VPOS="1190" HPOS="1934"/>
<String CONTENT="Turner," HEIGHT="48" WIDTH="202" VPOS="1190" HPOS="1962"/>
<SP HEIGHT="48" WIDTH="30" VPOS="1190" HPOS="2165"/>
<String CONTENT="Deal," HEIGHT="48" WIDTH="136" VPOS="1190" HPOS="2196"/>
</TextLine>
<TextLine HEIGHT="51" WIDTH="741" VPOS="1247" HPOS="383">
<String CONTENT="Kent," HEIGHT="48" WIDTH="145" VPOS="1250" HPOS="383"/>
<SP HEIGHT="48" WIDTH="31" VPOS="1250" HPOS="529"/>
<String CONTENT="England." HEIGHT="48" WIDTH="238" VPOS="1250" HPOS="561"/>
<SP HEIGHT="48" WIDTH="70" VPOS="1250" HPOS="800"/>
<String CONTENT="(33-8986)" HEIGHT="51" WIDTH="253" VPOS="1247" HPOS="871"/>
</TextLine>
<TextLine HEIGHT="67" WIDTH="1261" VPOS="1351" HPOS="310" STYLEREFS="StyleId-099D521C-DF3A-4A8F-83B1-FC271CD0DF41-">
<String CONTENT="Van" HEIGHT="55" WIDTH="129" VPOS="1352" HPOS="310"/>
<SP HEIGHT="53" WIDTH="26" VPOS="1353" HPOS="440"/>
<String CONTENT="Buskirk," HEIGHT="67" WIDTH="283" VPOS="1351" HPOS="467"/>
<SP HEIGHT="64" WIDTH="30" VPOS="1354" HPOS="751"/>
<String CONTENT="Edgar" HEIGHT="65" WIDTH="205" VPOS="1353" HPOS="782"/>
<SP HEIGHT="53" WIDTH="23" VPOS="1353" HPOS="988"/>
<String CONTENT="Flandreau," HEIGHT="67" WIDTH="355" VPOS="1351" HPOS="1012"/>
<SP HEIGHT="60" WIDTH="29" VPOS="1358" HPOS="1368"/>
<String CONTENT="1883-" HEIGHT="50" WIDTH="173" VPOS="1358" HPOS="1398"/>
</TextLine>
<TextLine HEIGHT="72" WIDTH="1890" VPOS="1427" HPOS="380" STYLEREFS="StyleId-099D521C-DF3A-4A8F-83B1-FC271CD0DF41-" CS="1">
<String CONTENT="The" HEIGHT="53" WIDTH="124" VPOS="1431" HPOS="380"/>
<SP HEIGHT="36" WIDTH="29" VPOS="1449" HPOS="505"/>
<String CONTENT="science" HEIGHT="54" WIDTH="216" VPOS="1431" HPOS="535"/>
<SP HEIGHT="34" WIDTH="30" VPOS="1448" HPOS="752"/>
<String CONTENT="of" HEIGHT="53" WIDTH="64" VPOS="1429" HPOS="783"/>
<SP HEIGHT="53" WIDTH="32" VPOS="1429" HPOS="848"/>
<String CONTENT="everyday" HEIGHT="70" WIDTH="284" VPOS="1429" HPOS="881"/>
<SP HEIGHT="70" WIDTH="34" VPOS="1429" HPOS="1166"/>
<String CONTENT="life," HEIGHT="70" WIDTH="122" VPOS="1427" HPOS="1201"/>
<SP HEIGHT="68" WIDTH="33" VPOS="1429" HPOS="1324"/>
<String CONTENT="by" HEIGHT="69" WIDTH="75" VPOS="1429" HPOS="1358"/>
<SP HEIGHT="70" WIDTH="33" VPOS="1428" HPOS="1434"/>
<String CONTENT="Edgar" HEIGHT="70" WIDTH="201" VPOS="1428" HPOS="1468"/>
<SP HEIGHT="52" WIDTH="34" VPOS="1429" HPOS="1670"/>
<String CONTENT="F." HEIGHT="51" WIDTH="64" VPOS="1429" HPOS="1705"/>
<SP HEIGHT="53" WIDTH="36" VPOS="1428" HPOS="1770"/>
<String CONTENT="Van" HEIGHT="53" WIDTH="129" VPOS="1428" HPOS="1807"/>
<SP HEIGHT="52" WIDTH="36" VPOS="1428" HPOS="1937"/>
<String CONTENT="Buskirk" HEIGHT="53" WIDTH="255" VPOS="1427" HPOS="1974"/>
<SP HEIGHT="56" WIDTH="40" VPOS="1427" HPOS="2230"/>
<String CS="1" CONTENT="&#8230;"/>
</TextLine>
<TextLine HEIGHT="69" WIDTH="1958" VPOS="1507" HPOS="312" STYLEREFS="StyleId-099D521C-DF3A-4A8F-83B1-FC271CD0DF41-" CS="1">
<String CONTENT="and" HEIGHT="53" WIDTH="114" VPOS="1509" HPOS="312"/>
<SP HEIGHT="54" WIDTH="34" VPOS="1508" HPOS="427"/>
<String CONTENT="Edith" HEIGHT="53" WIDTH="184" VPOS="1507" HPOS="462"/>
<SP HEIGHT="52" WIDTH="32" VPOS="1508" HPOS="647"/>
<String CONTENT="Lillian" HEIGHT="54" WIDTH="217" VPOS="1507" HPOS="680"/>
<SP HEIGHT="55" WIDTH="36" VPOS="1507" HPOS="898"/>
<String CONTENT="Smith" HEIGHT="55" WIDTH="192" VPOS="1507" HPOS="935"/>
<SP HEIGHT="54" WIDTH="38" VPOS="1508" HPOS="1128"/>
<String CS="1" CONTENT="&#8230;"/>
<SP HEIGHT="35" WIDTH="41" VPOS="1527" HPOS="1225"/>
<String CONTENT="assisted" HEIGHT="54" WIDTH="236" VPOS="1507" HPOS="1267"/>
<SP HEIGHT="53" WIDTH="34" VPOS="1507" HPOS="1504"/>
<String CONTENT="by" HEIGHT="69" WIDTH="75" VPOS="1507" HPOS="1539"/>
<SP HEIGHT="69" WIDTH="34" VPOS="1507" HPOS="1615"/>
<String CONTENT="Walter" HEIGHT="54" WIDTH="222" VPOS="1507" HPOS="1650"/>
<SP HEIGHT="52" WIDTH="33" VPOS="1507" HPOS="1873"/>
<String CONTENT="L." HEIGHT="53" WIDTH="64" VPOS="1507" HPOS="1907"/>
<SP HEIGHT="53" WIDTH="37" VPOS="1507" HPOS="1972"/>
<String CONTENT="Nourse" HEIGHT="55" WIDTH="219" VPOS="1507" HPOS="2010"/>
<SP HEIGHT="35" WIDTH="40" VPOS="1527" HPOS="2230"/>
<String CS="1" CONTENT="&#8230;"/>
</TextLine>
<TextLine HEIGHT="72" WIDTH="1947" VPOS="1583" HPOS="311" STYLEREFS="StyleId-099D521C-DF3A-4A8F-83B1-FC271CD0DF41-" CS="1">
<String CONTENT="Boston," HEIGHT="66" WIDTH="236" VPOS="1586" HPOS="311"/>
<SP HEIGHT="67" WIDTH="34" VPOS="1585" HPOS="548"/>
<String CONTENT="New" HEIGHT="53" WIDTH="138" VPOS="1585" HPOS="583"/>
<SP HEIGHT="53" WIDTH="36" VPOS="1585" HPOS="722"/>
<String CONTENT="York" HEIGHT="54" WIDTH="162" VPOS="1585" HPOS="759"/>
<SP HEIGHT="70" WIDTH="38" VPOS="1585" HPOS="922"/>
<String CS="1" CONTENT="[etc.]" HEIGHT="63" WIDTH="122" VPOS="1591" HPOS="978"/>
<SP HEIGHT="69" WIDTH="40" VPOS="1585" HPOS="1101"/>
<String CONTENT="Houghton" HEIGHT="68" WIDTH="321" VPOS="1585" HPOS="1142"/>
<SP HEIGHT="53" WIDTH="34" VPOS="1585" HPOS="1464"/>
<String CONTENT="Mifflin" HEIGHT="56" WIDTH="204" VPOS="1583" HPOS="1499"/>
<SP HEIGHT="34" WIDTH="36" VPOS="1604" HPOS="1704"/>
<String CONTENT="company" HEIGHT="51" WIDTH="280" VPOS="1604" HPOS="1741"/>
<SP HEIGHT="50" WIDTH="40" VPOS="1605" HPOS="2022"/>
<String CONTENT="[" HEIGHT="34" WIDTH="13" VPOS="1620" HPOS="2063"/>
<String STYLE="superscript" CONTENT="c" HEIGHT="22" WIDTH="18" VPOS="1592" HPOS="2081"/>
<String CONTENT="1933]" HEIGHT="66" WIDTH="153" VPOS="1588" HPOS="2105"/>
</TextLine>
<TextLine HEIGHT="52" WIDTH="1947" VPOS="1657" HPOS="378" STYLEREFS="StyleId-099D521C-DF3A-4A8F-83B1-FC271CD0DF41-">
<String CONTENT="xvii," HEIGHT="50" WIDTH="118" VPOS="1657" HPOS="378"/>
<SP HEIGHT="31" WIDTH="19" VPOS="1677" HPOS="497"/>
<String CONTENT="[1]," HEIGHT="50" WIDTH="72" VPOS="1658" HPOS="517"/>
<SP HEIGHT="49" WIDTH="18" VPOS="1657" HPOS="590"/>
<String CONTENT="620," HEIGHT="49" WIDTH="99" VPOS="1657" HPOS="609"/>
<SP HEIGHT="38" WIDTH="17" VPOS="1668" HPOS="709"/>
<String CONTENT="xviii" HEIGHT="41" WIDTH="121" VPOS="1657" HPOS="727"/>
<SP HEIGHT="49" WIDTH="17" VPOS="1657" HPOS="849"/>
<String CONTENT="p." HEIGHT="37" WIDTH="43" VPOS="1669" HPOS="867"/>
<SP HEIGHT="31" WIDTH="60" VPOS="1669" HPOS="911"/>
<String CONTENT="col." HEIGHT="42" WIDTH="88" VPOS="1658" HPOS="972"/>
<SP HEIGHT="42" WIDTH="15" VPOS="1658" HPOS="1061"/>
<String CONTENT="front.," HEIGHT="49" WIDTH="166" VPOS="1658" HPOS="1077"/>
<SP HEIGHT="50" WIDTH="17" VPOS="1657" HPOS="1244"/>
<String CONTENT="illus." HEIGHT="42" WIDTH="130" VPOS="1657" HPOS="1262"/>
<SP HEIGHT="48" WIDTH="27" VPOS="1659" HPOS="1393"/>
<String CONTENT="(incl." HEIGHT="49" WIDTH="135" VPOS="1658" HPOS="1421"/>
<SP HEIGHT="29" WIDTH="15" VPOS="1670" HPOS="1557"/>
<String CONTENT="maps)" HEIGHT="50" WIDTH="164" VPOS="1658" HPOS="1573"/>
<SP HEIGHT="48" WIDTH="26" VPOS="1658" HPOS="1738"/>
<String CONTENT="col." HEIGHT="41" WIDTH="87" VPOS="1659" HPOS="1765"/>
<SP HEIGHT="38" WIDTH="16" VPOS="1670" HPOS="1853"/>
<String CONTENT="plates" HEIGHT="50" WIDTH="158" VPOS="1658" HPOS="1870"/>
<SP HEIGHT="48" WIDTH="28" VPOS="1660" HPOS="2029"/>
<String CONTENT="(1" HEIGHT="49" WIDTH="48" VPOS="1659" HPOS="2058"/>
<SP HEIGHT="41" WIDTH="18" VPOS="1659" HPOS="2107"/>
<String CONTENT="double)" HEIGHT="48" WIDTH="199" VPOS="1661" HPOS="2126"/>
</TextLine>
<TextLine HEIGHT="50" WIDTH="395" VPOS="1714" HPOS="309" STYLEREFS="StyleId-099D521C-DF3A-4A8F-83B1-FC271CD0DF41-" CS="1">
<String CONTENT="diagrs." HEIGHT="50" WIDTH="183" VPOS="1714" HPOS="309"/>
<SP HEIGHT="41" WIDTH="61" VPOS="1716" HPOS="493"/>
<String CS="1" CONTENT="19&#189;" HEIGHT="41" WIDTH="58" VPOS="1715" HPOS="555"/>
<String STYLE="superscript" CONTENT="cm" HEIGHT="22" WIDTH="44" VPOS="1717" HPOS="645"/>
<String CONTENT="." HEIGHT="10" WIDTH="10" VPOS="1747" HPOS="694"/>
</TextLine>
<TextLine HEIGHT="44" WIDTH="406" VPOS="1771" HPOS="384">
<String CONTENT="&#8220;New" HEIGHT="41" WIDTH="149" VPOS="1773" HPOS="384"/>
<SP HEIGHT="31" WIDTH="26" VPOS="1784" HPOS="534"/>
<String CONTENT="edition.&#8221;" HEIGHT="44" WIDTH="229" VPOS="1771" HPOS="561"/>
</TextLine>
<TextLine HEIGHT="50" WIDTH="657" VPOS="1828" HPOS="369">
<String CONTENT="Includes" HEIGHT="41" WIDTH="230" VPOS="1831" HPOS="369"/>
<SP HEIGHT="40" WIDTH="27" VPOS="1831" HPOS="600"/>
<String CONTENT="bibliographies." HEIGHT="50" WIDTH="398" VPOS="1828" HPOS="628"/>
</TextLine>
<TextLine HEIGHT="55" WIDTH="2020" VPOS="1899" HPOS="316">
<String CONTENT="&#169;" HEIGHT="53" WIDTH="52" VPOS="1901" HPOS="316"/>
<SP HEIGHT="53" WIDTH="27" VPOS="1901" HPOS="369"/>
<String CONTENT="Mar." HEIGHT="38" WIDTH="122" VPOS="1907" HPOS="397"/>
<SP HEIGHT="39" WIDTH="26" VPOS="1905" HPOS="520"/>
<String CONTENT="27," HEIGHT="46" WIDTH="69" VPOS="1905" HPOS="547"/>
<SP HEIGHT="46" WIDTH="26" VPOS="1905" HPOS="617"/>
<String CONTENT="1933;" HEIGHT="47" WIDTH="142" VPOS="1904" HPOS="644"/>
<SP HEIGHT="47" WIDTH="27" VPOS="1904" HPOS="787"/>
<String CONTENT="2c." HEIGHT="42" WIDTH="68" VPOS="1904" HPOS="815"/>
<SP HEIGHT="30" WIDTH="26" VPOS="1916" HPOS="884"/>
<String CONTENT="and" HEIGHT="40" WIDTH="97" VPOS="1905" HPOS="911"/>
<SP HEIGHT="39" WIDTH="25" VPOS="1905" HPOS="1009"/>
<String CONTENT="aff." HEIGHT="41" WIDTH="83" VPOS="1903" HPOS="1035"/>
<SP HEIGHT="40" WIDTH="26" VPOS="1904" HPOS="1119"/>
<String CONTENT="Apr." HEIGHT="48" WIDTH="114" VPOS="1904" HPOS="1146"/>
<SP HEIGHT="40" WIDTH="26" VPOS="1905" HPOS="1261"/>
<String CONTENT="3;" HEIGHT="46" WIDTH="53" VPOS="1905" HPOS="1288"/>
<SP HEIGHT="47" WIDTH="29" VPOS="1904" HPOS="1342"/>
<!-- cceid 3F1FDD04-6CF9-1014-A6CF-A82867D68027 --><String CONTENT="A" HEIGHT="38" WIDTH="40" VPOS="1904" HPOS="1372"/>
<SP HEIGHT="39" WIDTH="26" VPOS="1904" HPOS="1413"/>
<String CONTENT="61188;" HEIGHT="47" WIDTH="171" VPOS="1903" HPOS="1440"/>
<SP HEIGHT="46" WIDTH="30" VPOS="1904" HPOS="1612"/>
<String CONTENT="Houghton" HEIGHT="48" WIDTH="267" VPOS="1903" HPOS="1643"/>
<SP HEIGHT="39" WIDTH="26" VPOS="1905" HPOS="1911"/>
<String CONTENT="Mifflin" HEIGHT="42" WIDTH="169" VPOS="1902" HPOS="1938"/>
<SP HEIGHT="29" WIDTH="26" VPOS="1915" HPOS="2108"/>
<String CONTENT="co." HEIGHT="29" WIDTH="68" VPOS="1915" HPOS="2135"/>
<SP HEIGHT="29" WIDTH="61" VPOS="1923" HPOS="2204"/>
<String CONTENT="[&#169;" HEIGHT="53" WIDTH="70" VPOS="1899" HPOS="2266"/>
</TextLine>
<TextLine HEIGHT="50" WIDTH="1133" VPOS="1961" HPOS="385">
<String CONTENT="introduction" HEIGHT="42" WIDTH="334" VPOS="1962" HPOS="385"/>
<SP HEIGHT="30" WIDTH="30" VPOS="1972" HPOS="720"/>
<String CONTENT="and" HEIGHT="39" WIDTH="97" VPOS="1963" HPOS="751"/>
<SP HEIGHT="39" WIDTH="28" VPOS="1963" HPOS="849"/>
<String CONTENT="corrections]" HEIGHT="50" WIDTH="313" VPOS="1961" HPOS="878"/>
<SP HEIGHT="48" WIDTH="72" VPOS="1963" HPOS="1192"/>
<String CONTENT="(33-8772)" HEIGHT="49" WIDTH="253" VPOS="1961" HPOS="1265"/>
</TextLine>
<TextLine HEIGHT="66" WIDTH="513" VPOS="2066" HPOS="309" STYLEREFS="StyleId-43978353-F34E-453D-B391-0226AA16D3FB-">
<String CONTENT="Wadsley," HEIGHT="66" WIDTH="298" VPOS="2066" HPOS="309"/>
<SP HEIGHT="65" WIDTH="28" VPOS="2066" HPOS="608"/>
<String CONTENT="Olive." HEIGHT="56" WIDTH="185" VPOS="2066" HPOS="637"/>
</TextLine>
<TextLine HEIGHT="70" WIDTH="1950" VPOS="2144" HPOS="384" STYLEREFS="StyleId-099D521C-DF3A-4A8F-83B1-FC271CD0DF41-">
<String CONTENT="Tournament," HEIGHT="66" WIDTH="410" VPOS="2147" HPOS="384"/>
<SP HEIGHT="49" WIDTH="30" VPOS="2164" HPOS="795"/>
<String CONTENT="a" HEIGHT="35" WIDTH="31" VPOS="2164" HPOS="826"/>
<SP HEIGHT="35" WIDTH="27" VPOS="2164" HPOS="858"/>
<String CONTENT="novel" HEIGHT="53" WIDTH="168" VPOS="2146" HPOS="886"/>
<SP HEIGHT="54" WIDTH="27" VPOS="2145" HPOS="1055"/>
<String CONTENT="by" HEIGHT="69" WIDTH="76" VPOS="2145" HPOS="1083"/>
<SP HEIGHT="69" WIDTH="30" VPOS="2145" HPOS="1160"/>
<String CONTENT="Olive" HEIGHT="56" WIDTH="169" VPOS="2144" HPOS="1191"/>
<SP HEIGHT="55" WIDTH="29" VPOS="2146" HPOS="1361"/>
<String CONTENT="Wadsley." HEIGHT="68" WIDTH="290" VPOS="2145" HPOS="1391"/>
<SP HEIGHT="53" WIDTH="74" VPOS="2146" HPOS="1682"/>
<String CONTENT="New" HEIGHT="53" WIDTH="140" VPOS="2146" HPOS="1757"/>
<SP HEIGHT="53" WIDTH="31" VPOS="2146" HPOS="1898"/>
<String CONTENT="York," HEIGHT="69" WIDTH="181" VPOS="2144" HPOS="1930"/>
<SP HEIGHT="66" WIDTH="30" VPOS="2147" HPOS="2112"/>
<String CONTENT="Dodd," HEIGHT="67" WIDTH="191" VPOS="2147" HPOS="2143"/>
</TextLine>
<TextLine HEIGHT="67" WIDTH="756" VPOS="2226" HPOS="311" STYLEREFS="StyleId-099D521C-DF3A-4A8F-83B1-FC271CD0DF41-">
<String CONTENT="Mead" HEIGHT="53" WIDTH="174" VPOS="2226" HPOS="311"/>
<SP HEIGHT="53" WIDTH="25" VPOS="2226" HPOS="486"/>
<String CONTENT="&amp;" HEIGHT="51" WIDTH="46" VPOS="2228" HPOS="512"/>
<SP HEIGHT="51" WIDTH="25" VPOS="2228" HPOS="559"/>
<String CONTENT="company," HEIGHT="50" WIDTH="301" VPOS="2243" HPOS="585"/>
<SP HEIGHT="63" WIDTH="28" VPOS="2229" HPOS="887"/>
<String CONTENT="1933." HEIGHT="51" WIDTH="151" VPOS="2228" HPOS="916"/>
</TextLine>
<TextLine HEIGHT="50" WIDTH="544" VPOS="2298" HPOS="385">
<String CONTENT="3" HEIGHT="39" WIDTH="26" VPOS="2301" HPOS="385"/>
<SP HEIGHT="47" WIDTH="29" VPOS="2301" HPOS="412"/>
<String CONTENT="p." HEIGHT="38" WIDTH="44" VPOS="2310" HPOS="442"/>
<SP HEIGHT="40" WIDTH="27" VPOS="2300" HPOS="487"/>
<String CONTENT="l.," HEIGHT="47" WIDTH="45" VPOS="2300" HPOS="515"/>
<SP HEIGHT="47" WIDTH="28" VPOS="2300" HPOS="561"/>
<String CONTENT="314" HEIGHT="40" WIDTH="89" VPOS="2299" HPOS="590"/>
<SP HEIGHT="48" WIDTH="25" VPOS="2299" HPOS="680"/>
<String CONTENT="p." HEIGHT="39" WIDTH="44" VPOS="2308" HPOS="706"/>
<SP HEIGHT="40" WIDTH="59" VPOS="2299" HPOS="751"/>
<String CONTENT="19" HEIGHT="41" WIDTH="57" VPOS="2298" HPOS="811"/>
<String STYLE="superscript" CONTENT="cm" HEIGHT="21" WIDTH="46" VPOS="2300" HPOS="869"/>
<String CONTENT="." HEIGHT="9" WIDTH="10" VPOS="2330" HPOS="919"/>
</TextLine>
<TextLine HEIGHT="53" WIDTH="2019" VPOS="2353" HPOS="320">
<String CONTENT="&#169;" HEIGHT="53" WIDTH="52" VPOS="2353" HPOS="320"/>
<SP HEIGHT="53" WIDTH="31" VPOS="2353" HPOS="373"/>
<String CONTENT="Apr." HEIGHT="48" WIDTH="115" VPOS="2357" HPOS="405"/>
<SP HEIGHT="41" WIDTH="32" VPOS="2357" HPOS="521"/>
<String CONTENT="6," HEIGHT="47" WIDTH="39" VPOS="2357" HPOS="554"/>
<SP HEIGHT="46" WIDTH="31" VPOS="2358" HPOS="594"/>
<String CONTENT="1933;" HEIGHT="48" WIDTH="142" VPOS="2356" HPOS="626"/>
<SP HEIGHT="48" WIDTH="33" VPOS="2356" HPOS="769"/>
<String CONTENT="2c." HEIGHT="41" WIDTH="67" VPOS="2356" HPOS="803"/>
<SP HEIGHT="29" WIDTH="31" VPOS="2368" HPOS="871"/>
<String CONTENT="and" HEIGHT="39" WIDTH="97" VPOS="2358" HPOS="903"/>
<SP HEIGHT="39" WIDTH="29" VPOS="2358" HPOS="1001"/>
<String CONTENT="aff." HEIGHT="41" WIDTH="83" VPOS="2356" HPOS="1031"/>
<SP HEIGHT="41" WIDTH="32" VPOS="2356" HPOS="1115"/>
<String CONTENT="Apr." HEIGHT="48" WIDTH="115" VPOS="2356" HPOS="1148"/>
<SP HEIGHT="39" WIDTH="29" VPOS="2357" HPOS="1264"/>
<String CONTENT="12;" HEIGHT="48" WIDTH="83" VPOS="2355" HPOS="1294"/>
<SP HEIGHT="47" WIDTH="34" VPOS="2356" HPOS="1378"/>
<!-- cceid 3F207000-6CF9-1014-A6CF-A82867D68027 --><String CONTENT="A" HEIGHT="40" WIDTH="41" VPOS="2356" HPOS="1413"/>
<SP HEIGHT="40" WIDTH="30" VPOS="2356" HPOS="1455"/>
<String CONTENT="60988;" HEIGHT="49" WIDTH="172" VPOS="2355" HPOS="1486"/>
<SP HEIGHT="47" WIDTH="35" VPOS="2357" HPOS="1659"/>
<String CONTENT="Dodd," HEIGHT="47" WIDTH="155" VPOS="2357" HPOS="1695"/>
<SP HEIGHT="47" WIDTH="34" VPOS="2357" HPOS="1851"/>
<String CONTENT="Mead" HEIGHT="40" WIDTH="142" VPOS="2357" HPOS="1886"/>
<SP HEIGHT="41" WIDTH="32" VPOS="2356" HPOS="2029"/>
<String CONTENT="&amp;" HEIGHT="41" WIDTH="37" VPOS="2356" HPOS="2062"/>
<SP HEIGHT="41" WIDTH="30" VPOS="2356" HPOS="2100"/>
<String CONTENT="co." HEIGHT="32" WIDTH="82" VPOS="2365" HPOS="2131"/>
<SP HEIGHT="41" WIDTH="33" VPOS="2356" HPOS="2214"/>
<String CONTENT="inc." HEIGHT="41" WIDTH="91" VPOS="2356" HPOS="2248"/>
</TextLine>
<TextLine HEIGHT="50" WIDTH="253" VPOS="2413" HPOS="397">
<String CONTENT="(33-8985)" HEIGHT="50" WIDTH="253" VPOS="2413" HPOS="397"/>
</TextLine>
<TextLine HEIGHT="66" WIDTH="785" VPOS="2518" HPOS="311" STYLEREFS="StyleId-43978353-F34E-453D-B391-0226AA16D3FB-">
<String CONTENT="Webster," HEIGHT="66" WIDTH="295" VPOS="2518" HPOS="311"/>
<SP HEIGHT="66" WIDTH="27" VPOS="2518" HPOS="607"/>
<String CONTENT="Hutton," HEIGHT="65" WIDTH="255" VPOS="2518" HPOS="635"/>
<SP HEIGHT="59" WIDTH="32" VPOS="2524" HPOS="891"/>
<String CONTENT="1875-" HEIGHT="56" WIDTH="172" VPOS="2518" HPOS="924"/>
</TextLine>
<TextLine HEIGHT="151" WIDTH="1997" VPOS="2593" HPOS="316" CS="1">
<String CONTENT="Modern" HEIGHT="54" WIDTH="246" VPOS="2595" HPOS="386"/>
<SP HEIGHT="54" WIDTH="27" VPOS="2594" HPOS="633"/>
<String CONTENT="European" HEIGHT="70" WIDTH="312" VPOS="2594" HPOS="661"/>
<SP HEIGHT="35" WIDTH="27" VPOS="2614" HPOS="974"/>
<String CONTENT="civilization," HEIGHT="70" WIDTH="375" VPOS="2594" HPOS="1002"/>
<SP HEIGHT="70" WIDTH="26" VPOS="2594" HPOS="1378"/>
<String CONTENT="by" HEIGHT="71" WIDTH="77" VPOS="2594" HPOS="1405"/>
<SP HEIGHT="70" WIDTH="26" VPOS="2595" HPOS="1483"/>
<String CONTENT="Hutton" HEIGHT="54" WIDTH="232" VPOS="2595" HPOS="1510"/>
<SP HEIGHT="55" WIDTH="25" VPOS="2595" HPOS="1743"/>
<String CONTENT="Webster" HEIGHT="57" WIDTH="265" VPOS="2593" HPOS="1769"/>
<SP HEIGHT="35" WIDTH="33" VPOS="2614" HPOS="2035"/>
<String CS="1" CONTENT="&#8230;"/>
<SP HEIGHT="53" WIDTH="69" VPOS="2597" HPOS="2127"/>
<String CONTENT="Boston," HEIGHT="145" WIDTH="1997" VPOS="2597" HPOS="316"/>
<SP HEIGHT="69" WIDTH="38" VPOS="2673" HPOS="435"/>
<String CONTENT="New" HEIGHT="54" WIDTH="140" VPOS="2673" HPOS="474"/>
<SP HEIGHT="52" WIDTH="37" VPOS="2674" HPOS="615"/>
<String CONTENT="York" HEIGHT="55" WIDTH="166" VPOS="2672" HPOS="653"/>
<SP HEIGHT="69" WIDTH="42" VPOS="2672" HPOS="820"/>
<String CS="1" CONTENT="[etc.]" HEIGHT="62" WIDTH="122" VPOS="2679" HPOS="881"/>
<SP HEIGHT="67" WIDTH="42" VPOS="2674" HPOS="1004"/>
<String CONTENT="D." HEIGHT="55" WIDTH="72" VPOS="2674" HPOS="1047"/>
<SP HEIGHT="57" WIDTH="42" VPOS="2672" HPOS="1120"/>
<String CONTENT="C." HEIGHT="57" WIDTH="63" VPOS="2672" HPOS="1163"/>
<SP HEIGHT="55" WIDTH="40" VPOS="2672" HPOS="1227"/>
<String CONTENT="Heath" HEIGHT="56" WIDTH="198" VPOS="2672" HPOS="1268"/>
<SP HEIGHT="53" WIDTH="39" VPOS="2674" HPOS="1467"/>
<String CONTENT="and" HEIGHT="53" WIDTH="115" VPOS="2675" HPOS="1507"/>
<SP HEIGHT="53" WIDTH="39" VPOS="2675" HPOS="1623"/>
<String CONTENT="company" HEIGHT="55" WIDTH="282" VPOS="2689" HPOS="1663"/>
<SP HEIGHT="52" WIDTH="45" VPOS="2692" HPOS="1946"/>
<String CS="1" CONTENT="["/>
<String STYLE="superscript" CONTENT="c" HEIGHT="22" WIDTH="19" VPOS="2680" HPOS="2009"/>
<String CONTENT="1933]" HEIGHT="66" WIDTH="153" VPOS="2676" HPOS="2033"/>
</TextLine>
<TextLine HEIGHT="49" WIDTH="1861" VPOS="2747" HPOS="389">
<String CONTENT="xxxvi," HEIGHT="48" WIDTH="166" VPOS="2747" HPOS="389"/>
<SP HEIGHT="48" WIDTH="31" VPOS="2747" HPOS="556"/>
<String CONTENT="795" HEIGHT="41" WIDTH="87" VPOS="2747" HPOS="588"/>
<SP HEIGHT="48" WIDTH="27" VPOS="2747" HPOS="676"/>
<String CONTENT="p." HEIGHT="38" WIDTH="45" VPOS="2757" HPOS="704"/>
<SP HEIGHT="29" WIDTH="58" VPOS="2759" HPOS="750"/>
<String CONTENT="col." HEIGHT="40" WIDTH="86" VPOS="2747" HPOS="809"/>
<SP HEIGHT="40" WIDTH="31" VPOS="2747" HPOS="896"/>
<String CONTENT="front.," HEIGHT="48" WIDTH="164" VPOS="2747" HPOS="928"/>
<SP HEIGHT="48" WIDTH="33" VPOS="2747" HPOS="1093"/>
<String CONTENT="illus.," HEIGHT="48" WIDTH="143" VPOS="2747" HPOS="1127"/>
<SP HEIGHT="38" WIDTH="29" VPOS="2757" HPOS="1271"/>
<String CONTENT="plates," HEIGHT="47" WIDTH="173" VPOS="2748" HPOS="1301"/>
<SP HEIGHT="38" WIDTH="29" VPOS="2757" HPOS="1475"/>
<String CONTENT="ports.," HEIGHT="46" WIDTH="165" VPOS="2749" HPOS="1505"/>
<SP HEIGHT="36" WIDTH="33" VPOS="2758" HPOS="1671"/>
<String CONTENT="maps," HEIGHT="39" WIDTH="150" VPOS="2757" HPOS="1705"/>
<SP HEIGHT="46" WIDTH="33" VPOS="2749" HPOS="1856"/>
<String CONTENT="diagrs." HEIGHT="49" WIDTH="181" VPOS="2747" HPOS="1890"/>
<SP HEIGHT="41" WIDTH="58" VPOS="2747" HPOS="2072"/>
<String CONTENT="20" HEIGHT="42" WIDTH="58" VPOS="2747" HPOS="2131"/>
<String STYLE="superscript" CONTENT="cm" HEIGHT="22" WIDTH="45" VPOS="2750" HPOS="2191"/>
<String CONTENT="." HEIGHT="9" WIDTH="10" VPOS="2780" HPOS="2240"/>
</TextLine>
<TextLine HEIGHT="50" WIDTH="1950" VPOS="2803" HPOS="392">
<String CONTENT="&#8220;This" HEIGHT="41" WIDTH="149" VPOS="2804" HPOS="392"/>
<SP HEIGHT="41" WIDTH="31" VPOS="2804" HPOS="542"/>
<String CONTENT="latest" HEIGHT="41" WIDTH="150" VPOS="2804" HPOS="574"/>
<SP HEIGHT="38" WIDTH="33" VPOS="2807" HPOS="725"/>
<String CONTENT="revision" HEIGHT="41" WIDTH="213" VPOS="2804" HPOS="759"/>
<SP HEIGHT="30" WIDTH="30" VPOS="2815" HPOS="973"/>
<String CONTENT="of" HEIGHT="41" WIDTH="53" VPOS="2804" HPOS="1004"/>
<SP HEIGHT="41" WIDTH="29" VPOS="2804" HPOS="1058"/>
<String CONTENT="the" HEIGHT="40" WIDTH="83" VPOS="2805" HPOS="1088"/>
<SP HEIGHT="31" WIDTH="33" VPOS="2814" HPOS="1172"/>
<String CONTENT="author&#8217;s" HEIGHT="42" WIDTH="220" VPOS="2803" HPOS="1206"/>
<SP HEIGHT="41" WIDTH="33" VPOS="2804" HPOS="1427"/>
<String CONTENT="Modern" HEIGHT="42" WIDTH="203" VPOS="2804" HPOS="1461"/>
<SP HEIGHT="41" WIDTH="32" VPOS="2804" HPOS="1665"/>
<String CONTENT="European" HEIGHT="49" WIDTH="262" VPOS="2804" HPOS="1698"/>
<SP HEIGHT="40" WIDTH="32" VPOS="2806" HPOS="1961"/>
<String CONTENT="history," HEIGHT="49" WIDTH="204" VPOS="2804" HPOS="1994"/>
<SP HEIGHT="48" WIDTH="34" VPOS="2804" HPOS="2199"/>
<String CONTENT="first" HEIGHT="43" WIDTH="108" VPOS="2804" HPOS="2234"/>
</TextLine>
<TextLine HEIGHT="50" WIDTH="2021" VPOS="2860" HPOS="318">
<String CONTENT="published" HEIGHT="48" WIDTH="258" VPOS="2860" HPOS="318"/>
<SP HEIGHT="41" WIDTH="33" VPOS="2860" HPOS="577"/>
<String CONTENT="in" HEIGHT="41" WIDTH="51" VPOS="2860" HPOS="611"/>
<SP HEIGHT="39" WIDTH="31" VPOS="2862" HPOS="663"/>
<String CONTENT="1920," HEIGHT="50" WIDTH="130" VPOS="2860" HPOS="695"/>
<SP HEIGHT="48" WIDTH="35" VPOS="2862" HPOS="826"/>
<String CONTENT="has" HEIGHT="40" WIDTH="91" VPOS="2862" HPOS="862"/>
<SP HEIGHT="42" WIDTH="32" VPOS="2860" HPOS="954"/>
<String CONTENT="been" HEIGHT="42" WIDTH="120" VPOS="2860" HPOS="987"/>
<SP HEIGHT="30" WIDTH="34" VPOS="2872" HPOS="1108"/>
<String CONTENT="so" HEIGHT="30" WIDTH="52" VPOS="2872" HPOS="1143"/>
<SP HEIGHT="31" WIDTH="35" VPOS="2872" HPOS="1196"/>
<String CONTENT="extensive" HEIGHT="41" WIDTH="253" VPOS="2862" HPOS="1232"/>
<SP HEIGHT="31" WIDTH="32" VPOS="2871" HPOS="1486"/>
<String CONTENT="and" HEIGHT="39" WIDTH="96" VPOS="2863" HPOS="1519"/>
<SP HEIGHT="39" WIDTH="34" VPOS="2863" HPOS="1616"/>
<String CONTENT="so" HEIGHT="31" WIDTH="52" VPOS="2872" HPOS="1651"/>
<SP HEIGHT="38" WIDTH="36" VPOS="2865" HPOS="1704"/>
<String CONTENT="thorough" HEIGHT="48" WIDTH="242" VPOS="2862" HPOS="1741"/>
<SP HEIGHT="42" WIDTH="34" VPOS="2862" HPOS="1984"/>
<String CONTENT="that" HEIGHT="41" WIDTH="112" VPOS="2863" HPOS="2019"/>
<SP HEIGHT="39" WIDTH="35" VPOS="2865" HPOS="2132"/>
<String CONTENT="a" HEIGHT="31" WIDTH="28" VPOS="2873" HPOS="2168"/>
<SP HEIGHT="31" WIDTH="35" VPOS="2873" HPOS="2197"/>
<String CONTENT="new" HEIGHT="32" WIDTH="106" VPOS="2872" HPOS="2233"/>
</TextLine>
<TextLine HEIGHT="99" WIDTH="2022" VPOS="2917" HPOS="320" CS="1">
<String CONTENT="title" HEIGHT="43" WIDTH="108" VPOS="2917" HPOS="321"/>
<SP HEIGHT="30" WIDTH="33" VPOS="2930" HPOS="430"/>
<String CONTENT="seems" HEIGHT="31" WIDTH="155" VPOS="2929" HPOS="464"/>
<SP HEIGHT="39" WIDTH="29" VPOS="2921" HPOS="620"/>
<String CONTENT="to" HEIGHT="39" WIDTH="49" VPOS="2921" HPOS="650"/>
<SP HEIGHT="42" WIDTH="31" VPOS="2917" HPOS="700"/>
<String CONTENT="be" HEIGHT="43" WIDTH="55" VPOS="2917" HPOS="732"/>
<SP HEIGHT="31" WIDTH="32" VPOS="2929" HPOS="788"/>
<String CONTENT="appropriate" HEIGHT="50" WIDTH="315" VPOS="2917" HPOS="821"/>
<SP HEIGHT="42" WIDTH="31" VPOS="2918" HPOS="1137"/>
<String CONTENT="for" HEIGHT="42" WIDTH="83" VPOS="2918" HPOS="1169"/>
<SP HEIGHT="30" WIDTH="28" VPOS="2929" HPOS="1253"/>
<String CONTENT="what" HEIGHT="43" WIDTH="136" VPOS="2918" HPOS="1282"/>
<SP HEIGHT="43" WIDTH="31" VPOS="2918" HPOS="1419"/>
<String CONTENT="is" HEIGHT="42" WIDTH="42" VPOS="2918" HPOS="1451"/>
<SP HEIGHT="29" WIDTH="32" VPOS="2931" HPOS="1494"/>
<String CONTENT="substantially" HEIGHT="51" WIDTH="352" VPOS="2918" HPOS="1527"/>
<SP HEIGHT="39" WIDTH="31" VPOS="2930" HPOS="1880"/>
<String CONTENT="a" HEIGHT="29" WIDTH="28" VPOS="2932" HPOS="1912"/>
<SP HEIGHT="30" WIDTH="31" VPOS="2931" HPOS="1941"/>
<String CONTENT="new" HEIGHT="32" WIDTH="108" VPOS="2929" HPOS="1973"/>
<SP HEIGHT="43" WIDTH="29" VPOS="2918" HPOS="2082"/>
<String CONTENT="book.&#8221;&#8212;Pref." HEIGHT="98" WIDTH="2022" VPOS="2918" HPOS="320"/>
</TextLine>
<TextLine HEIGHT="53" WIDTH="1950" VPOS="3030" HPOS="391">
<String CONTENT="&#8220;Suggestions" HEIGHT="50" WIDTH="349" VPOS="3030" HPOS="391"/>
<SP HEIGHT="42" WIDTH="32" VPOS="3031" HPOS="741"/>
<String CONTENT="for" HEIGHT="42" WIDTH="81" VPOS="3031" HPOS="774"/>
<SP HEIGHT="40" WIDTH="30" VPOS="3032" HPOS="856"/>
<String CONTENT="further" HEIGHT="42" WIDTH="198" VPOS="3032" HPOS="887"/>
<SP HEIGHT="31" WIDTH="32" VPOS="3042" HPOS="1086"/>
<String CONTENT="study&#8221;:" HEIGHT="50" WIDTH="204" VPOS="3031" HPOS="1119"/>
<SP HEIGHT="39" WIDTH="34" VPOS="3042" HPOS="1324"/>
<String CONTENT="p." HEIGHT="39" WIDTH="44" VPOS="3042" HPOS="1359"/>
<SP HEIGHT="30" WIDTH="30" VPOS="3044" HPOS="1404"/>
<String CONTENT="xxv-xxxiv;" HEIGHT="50" WIDTH="314" VPOS="3031" HPOS="1435"/>
<SP HEIGHT="48" WIDTH="35" VPOS="3033" HPOS="1750"/>
<String CONTENT="bibliography" HEIGHT="51" WIDTH="341" VPOS="3032" HPOS="1786"/>
<SP HEIGHT="39" WIDTH="33" VPOS="3043" HPOS="2128"/>
<String CONTENT="at" HEIGHT="38" WIDTH="52" VPOS="3037" HPOS="2162"/>
<SP HEIGHT="39" WIDTH="31" VPOS="3037" HPOS="2215"/>
<String CONTENT="end" HEIGHT="42" WIDTH="94" VPOS="3034" HPOS="2247"/>
</TextLine>
<TextLine HEIGHT="50" WIDTH="663" VPOS="3088" HPOS="319">
<String CONTENT="of" HEIGHT="40" WIDTH="54" VPOS="3088" HPOS="319"/>
<SP HEIGHT="40" WIDTH="23" VPOS="3088" HPOS="374"/>
<String CONTENT="most" HEIGHT="38" WIDTH="127" VPOS="3092" HPOS="398"/>
<SP HEIGHT="38" WIDTH="25" VPOS="3092" HPOS="526"/>
<String CONTENT="of" HEIGHT="42" WIDTH="52" VPOS="3088" HPOS="552"/>
<SP HEIGHT="42" WIDTH="23" VPOS="3088" HPOS="605"/>
<String CONTENT="the" HEIGHT="41" WIDTH="81" VPOS="3089" HPOS="629"/>
<SP HEIGHT="31" WIDTH="26" VPOS="3099" HPOS="711"/>
<String CONTENT="chapters." HEIGHT="48" WIDTH="244" VPOS="3090" HPOS="738"/>
</TextLine>
<TextLine HEIGHT="57" WIDTH="2016" VPOS="3142" HPOS="325">
<String CONTENT="&#169;" HEIGHT="53" WIDTH="52" VPOS="3142" HPOS="325"/>
<SP HEIGHT="53" WIDTH="31" VPOS="3142" HPOS="378"/>
<String CONTENT="Mar." HEIGHT="40" WIDTH="123" VPOS="3149" HPOS="410"/>
<SP HEIGHT="42" WIDTH="30" VPOS="3147" HPOS="534"/>
<String CONTENT="24." HEIGHT="42" WIDTH="70" VPOS="3147" HPOS="565"/>
<SP HEIGHT="39" WIDTH="30" VPOS="3150" HPOS="636"/>
<String CONTENT="1933;" HEIGHT="47" WIDTH="142" VPOS="3147" HPOS="667"/>
<SP HEIGHT="46" WIDTH="31" VPOS="3148" HPOS="810"/>
<String CONTENT="2c." HEIGHT="41" WIDTH="67" VPOS="3148" HPOS="842"/>
<SP HEIGHT="29" WIDTH="32" VPOS="3159" HPOS="910"/>
<String CONTENT="and" HEIGHT="39" WIDTH="95" VPOS="3150" HPOS="943"/>
<SP HEIGHT="39" WIDTH="32" VPOS="3150" HPOS="1039"/>
<String CONTENT="aff." HEIGHT="40" WIDTH="82" VPOS="3149" HPOS="1072"/>
<SP HEIGHT="39" WIDTH="30" VPOS="3150" HPOS="1155"/>
<String CONTENT="Apr." HEIGHT="47" WIDTH="116" VPOS="3150" HPOS="1186"/>
<SP HEIGHT="39" WIDTH="30" VPOS="3151" HPOS="1303"/>
<String CONTENT="1;" HEIGHT="45" WIDTH="53" VPOS="3151" HPOS="1334"/>
<SP HEIGHT="47" WIDTH="33" VPOS="3149" HPOS="1388"/>
<!-- cceid 3F211DB7-6CF9-1014-A6CF-A82867D68027 --><String CONTENT="A" HEIGHT="39" WIDTH="41" VPOS="3149" HPOS="1422"/>
<SP HEIGHT="41" WIDTH="29" VPOS="3149" HPOS="1464"/>
<String CONTENT="60866;" HEIGHT="48" WIDTH="172" VPOS="3149" HPOS="1494"/>
<SP HEIGHT="47" WIDTH="34" VPOS="3150" HPOS="1667"/>
<String CONTENT="H." HEIGHT="40" WIDTH="61" VPOS="3150" HPOS="1702"/>
<SP HEIGHT="39" WIDTH="32" VPOS="3151" HPOS="1764"/>
<String CONTENT="Webster," HEIGHT="49" WIDTH="235" VPOS="3150" HPOS="1797"/>
<SP HEIGHT="49" WIDTH="33" VPOS="3150" HPOS="2033"/>
<String CONTENT="Princeton," HEIGHT="50" WIDTH="274" VPOS="3148" HPOS="2067"/>
</TextLine>
<TextLine HEIGHT="49" WIDTH="455" VPOS="3205" HPOS="391">
<String CONTENT="N." HEIGHT="40" WIDTH="57" VPOS="3205" HPOS="391"/>
<SP HEIGHT="40" WIDTH="27" VPOS="3205" HPOS="449"/>
<String CONTENT="J." HEIGHT="40" WIDTH="44" VPOS="3205" HPOS="477"/>
<SP HEIGHT="47" WIDTH="69" VPOS="3205" HPOS="522"/>
<String CONTENT="(33-8959)" HEIGHT="49" WIDTH="254" VPOS="3205" HPOS="592"/>
</TextLine>
<TextLine HEIGHT="68" WIDTH="1548" VPOS="3305" HPOS="320" STYLEREFS="StyleId-099D521C-DF3A-4A8F-83B1-FC271CD0DF41-">
<String CONTENT="Weigall," HEIGHT="67" WIDTH="266" VPOS="3305" HPOS="320"/>
<SP HEIGHT="63" WIDTH="29" VPOS="3309" HPOS="587"/>
<String CONTENT="Arthur" HEIGHT="53" WIDTH="237" VPOS="3309" HPOS="617"/>
<SP HEIGHT="52" WIDTH="31" VPOS="3310" HPOS="855"/>
<String CONTENT="Edward" HEIGHT="54" WIDTH="256" VPOS="3309" HPOS="887"/>
<SP HEIGHT="53" WIDTH="31" VPOS="3310" HPOS="1144"/>
<String CONTENT="Pearse" HEIGHT="54" WIDTH="220" VPOS="3310" HPOS="1176"/>
<SP HEIGHT="54" WIDTH="29" VPOS="3310" HPOS="1397"/>
<String LANG="de" CONTENT="Brome," HEIGHT="63" WIDTH="235" VPOS="3310" HPOS="1427"/>
<SP HEIGHT="56" WIDTH="34" VPOS="3317" HPOS="1663"/>
<String CONTENT="1880-" HEIGHT="50" WIDTH="170" VPOS="3316" HPOS="1698"/>
</TextLine>
<TextLine HEIGHT="75" WIDTH="1950" VPOS="3383" HPOS="392" STYLEREFS="StyleId-099D521C-DF3A-4A8F-83B1-FC271CD0DF41-" CS="1">
<String CONTENT="Alexander" HEIGHT="55" WIDTH="331" VPOS="3383" HPOS="392"/>
<SP HEIGHT="48" WIDTH="40" VPOS="3390" HPOS="724"/>
<String CONTENT="the" HEIGHT="54" WIDTH="96" VPOS="3385" HPOS="765"/>
<SP HEIGHT="56" WIDTH="42" VPOS="3385" HPOS="862"/>
<String CONTENT="Great" HEIGHT="56" WIDTH="181" VPOS="3385" HPOS="905"/>
<SP HEIGHT="62" WIDTH="43" VPOS="3392" HPOS="1087"/>
<String CS="1" CONTENT="[by]" HEIGHT="71" WIDTH="94" VPOS="3385" HPOS="1148"/>
<SP HEIGHT="68" WIDTH="46" VPOS="3386" HPOS="1243"/>
<String CONTENT="Arthur" HEIGHT="54" WIDTH="228" VPOS="3386" HPOS="1290"/>
<SP HEIGHT="55" WIDTH="37" VPOS="3387" HPOS="1519"/>
<String CONTENT="Weigall." HEIGHT="71" WIDTH="269" VPOS="3387" HPOS="1557"/>
<SP HEIGHT="54" WIDTH="78" VPOS="3387" HPOS="1827"/>
<String CONTENT="New" HEIGHT="54" WIDTH="140" VPOS="3387" HPOS="1906"/>
<SP HEIGHT="53" WIDTH="41" VPOS="3389" HPOS="2047"/>
<String CONTENT="York" HEIGHT="54" WIDTH="165" VPOS="3388" HPOS="2089"/>
<SP HEIGHT="54" WIDTH="40" VPOS="3388" HPOS="2255"/>
<String CONTENT="&amp;" HEIGHT="51" WIDTH="46" VPOS="3391" HPOS="2296"/>
</TextLine>
<TextLine HEIGHT="71" WIDTH="1132" VPOS="3462" HPOS="322" STYLEREFS="StyleId-099D521C-DF3A-4A8F-83B1-FC271CD0DF41-">
<String CONTENT="London," HEIGHT="65" WIDTH="259" VPOS="3462" HPOS="322"/>
<SP HEIGHT="65" WIDTH="26" VPOS="3462" HPOS="582"/>
<String CONTENT="G." HEIGHT="56" WIDTH="68" VPOS="3462" HPOS="609"/>
<SP HEIGHT="54" WIDTH="26" VPOS="3463" HPOS="678"/>
<String CONTENT="P." HEIGHT="54" WIDTH="65" VPOS="3463" HPOS="705"/>
<SP HEIGHT="53" WIDTH="26" VPOS="3464" HPOS="771"/>
<String CONTENT="Putnam&#8217;s" HEIGHT="55" WIDTH="299" VPOS="3463" HPOS="798"/>
<SP HEIGHT="35" WIDTH="25" VPOS="3484" HPOS="1098"/>
<String CONTENT="sons," HEIGHT="51" WIDTH="150" VPOS="3482" HPOS="1124"/>
<SP HEIGHT="64" WIDTH="28" VPOS="3469" HPOS="1275"/>
<String CONTENT="1933." HEIGHT="55" WIDTH="150" VPOS="3467" HPOS="1304"/>
</TextLine>
<TextLine HEIGHT="50" WIDTH="482" VPOS="3535" HPOS="394" CS="1">
<String LANG="en-US" CONTENT="xv," HEIGHT="36" WIDTH="77" VPOS="3546" HPOS="394"/>
<SP/>
<String LANG="en-US" CONTENT="352" HEIGHT="41" WIDTH="87" VPOS="3536" HPOS="504"/>
<SP HEIGHT="48" WIDTH="28" VPOS="3537" HPOS="592"/>
<String LANG="en-US" CONTENT="p." HEIGHT="38" WIDTH="45" VPOS="3547" HPOS="621"/>
<SP HEIGHT="43" WIDTH="60" VPOS="3535" HPOS="667"/>
<String LANG="de" CONTENT="24" HEIGHT="41" WIDTH="57" VPOS="3535" HPOS="728"/>
<String LANG="en-US" CS="1" CONTENT="&#189;cm"/>
<String LANG="de" CONTENT="." HEIGHT="8" WIDTH="8" VPOS="3570" HPOS="868"/>
</TextLine>
<TextLine HEIGHT="57" WIDTH="2017" VPOS="3589" HPOS="327">
<String CONTENT="&#169;" HEIGHT="53" WIDTH="52" VPOS="3589" HPOS="327"/>
<SP HEIGHT="53" WIDTH="29" VPOS="3589" HPOS="380"/>
<String CONTENT="Mar." HEIGHT="40" WIDTH="122" VPOS="3596" HPOS="410"/>
<SP HEIGHT="40" WIDTH="27" VPOS="3596" HPOS="533"/>
<String CONTENT="31." HEIGHT="41" WIDTH="69" VPOS="3596" HPOS="561"/>
<SP HEIGHT="40" WIDTH="29" VPOS="3597" HPOS="631"/>
<String CONTENT="1933;" HEIGHT="48" WIDTH="142" VPOS="3594" HPOS="661"/>
<SP HEIGHT="46" WIDTH="30" VPOS="3596" HPOS="804"/>
<String CONTENT="2c." HEIGHT="40" WIDTH="65" VPOS="3596" HPOS="835"/>
<SP HEIGHT="29" WIDTH="31" VPOS="3607" HPOS="901"/>
<String CONTENT="and" HEIGHT="39" WIDTH="95" VPOS="3597" HPOS="933"/>
<SP HEIGHT="39" WIDTH="28" VPOS="3597" HPOS="1029"/>
<String CONTENT="aff." HEIGHT="40" WIDTH="83" VPOS="3596" HPOS="1058"/>
<SP HEIGHT="39" WIDTH="27" VPOS="3597" HPOS="1142"/>
<String CONTENT="Apr." HEIGHT="49" WIDTH="113" VPOS="3597" HPOS="1170"/>
<SP HEIGHT="38" WIDTH="27" VPOS="3599" HPOS="1284"/>
<String CONTENT="4:" HEIGHT="40" WIDTH="54" VPOS="3599" HPOS="1312"/>
<SP HEIGHT="41" WIDTH="31" VPOS="3598" HPOS="1367"/>
<!-- cceid 3F21B917-6CF9-1014-A6CF-A82867D68027 --><String CONTENT="A" HEIGHT="40" WIDTH="43" VPOS="3598" HPOS="1399"/>
<SP HEIGHT="41" WIDTH="25" VPOS="3598" HPOS="1443"/>
<String CONTENT="60902;" HEIGHT="49" WIDTH="171" VPOS="3597" HPOS="1469"/>
<SP HEIGHT="47" WIDTH="32" VPOS="3599" HPOS="1641"/>
<String CONTENT="A." HEIGHT="40" WIDTH="54" VPOS="3599" HPOS="1674"/>
<SP HEIGHT="39" WIDTH="30" VPOS="3600" HPOS="1729"/>
<String CONTENT="E." HEIGHT="39" WIDTH="54" VPOS="3600" HPOS="1760"/>
<SP HEIGHT="38" WIDTH="28" VPOS="3601" HPOS="1815"/>
<String CONTENT="P." HEIGHT="39" WIDTH="50" VPOS="3601" HPOS="1844"/>
<SP HEIGHT="39" WIDTH="30" VPOS="3601" HPOS="1895"/>
<String CONTENT="B." HEIGHT="39" WIDTH="54" VPOS="3601" HPOS="1926"/>
<SP HEIGHT="40" WIDTH="30" VPOS="3600" HPOS="1981"/>
<String CONTENT="Weigall." HEIGHT="47" WIDTH="221" VPOS="3598" HPOS="2012"/>
<SP HEIGHT="43" WIDTH="33" VPOS="3599" HPOS="2234"/>
<String CONTENT="So." HEIGHT="41" WIDTH="76" VPOS="3599" HPOS="2268"/>
</TextLine>
<TextLine HEIGHT="51" WIDTH="1130" VPOS="3652" HPOS="395">
<String CONTENT="Holmwood," HEIGHT="47" WIDTH="302" VPOS="3652" HPOS="395"/>
<SP HEIGHT="46" WIDTH="34" VPOS="3653" HPOS="698"/>
<String CONTENT="Surrey," HEIGHT="48" WIDTH="196" VPOS="3653" HPOS="733"/>
<SP HEIGHT="45" WIDTH="31" VPOS="3654" HPOS="930"/>
<String CONTENT="England." HEIGHT="47" WIDTH="238" VPOS="3654" HPOS="962"/>
<SP HEIGHT="49" WIDTH="71" VPOS="3654" HPOS="1201"/>
<String CONTENT="(33-8960)" HEIGHT="49" WIDTH="252" VPOS="3654" HPOS="1273"/>
</TextLine>
<TextLine HEIGHT="71" WIDTH="1760" VPOS="3752" HPOS="319" STYLEREFS="StyleId-43978353-F34E-453D-B391-0226AA16D3FB-">
<String CONTENT="Welfare" HEIGHT="56" WIDTH="262" VPOS="3752" HPOS="319"/>
<SP HEIGHT="37" WIDTH="28" VPOS="3772" HPOS="582"/>
<String CONTENT="council" HEIGHT="55" WIDTH="225" VPOS="3755" HPOS="611"/>
<SP HEIGHT="55" WIDTH="24" VPOS="3756" HPOS="837"/>
<String CONTENT="of" HEIGHT="53" WIDTH="65" VPOS="3758" HPOS="862"/>
<SP HEIGHT="52" WIDTH="24" VPOS="3758" HPOS="928"/>
<String CONTENT="New" HEIGHT="52" WIDTH="147" VPOS="3758" HPOS="953"/>
<SP HEIGHT="53" WIDTH="24" VPOS="3758" HPOS="1101"/>
<String CONTENT="York" HEIGHT="53" WIDTH="163" VPOS="3758" HPOS="1126"/>
<SP HEIGHT="55" WIDTH="28" VPOS="3758" HPOS="1290"/>
<String CONTENT="city." HEIGHT="65" WIDTH="141" VPOS="3758" HPOS="1319"/>
<SP HEIGHT="53" WIDTH="73" VPOS="3761" HPOS="1461"/>
<String CONTENT="Research" HEIGHT="55" WIDTH="285" VPOS="3760" HPOS="1535"/>
<SP HEIGHT="55" WIDTH="26" VPOS="3760" HPOS="1821"/>
<String CONTENT="bureau." HEIGHT="55" WIDTH="231" VPOS="3760" HPOS="1848"/>
</TextLine>
<TextLine HEIGHT="74" WIDTH="1880" VPOS="3834" HPOS="455" STYLEREFS="StyleId-099D521C-DF3A-4A8F-83B1-FC271CD0DF41-" CS="1">
<String CS="1" CONTENT="&#8230;"/>
<SP HEIGHT="51" WIDTH="34" VPOS="3835" HPOS="455"/>
<String CONTENT="Brooklyn" HEIGHT="68" WIDTH="296" VPOS="3834" HPOS="490"/>
<SP HEIGHT="52" WIDTH="29" VPOS="3836" HPOS="787"/>
<String CONTENT="house" HEIGHT="53" WIDTH="172" VPOS="3836" HPOS="817"/>
<SP HEIGHT="35" WIDTH="28" VPOS="3855" HPOS="990"/>
<String CONTENT="numbers" HEIGHT="54" WIDTH="267" VPOS="3837" HPOS="1019"/>
<SP HEIGHT="53" WIDTH="26" VPOS="3838" HPOS="1287"/>
<String CONTENT="in" HEIGHT="53" WIDTH="58" VPOS="3838" HPOS="1314"/>
<SP HEIGHT="51" WIDTH="29" VPOS="3840" HPOS="1373"/>
<String CONTENT="health" HEIGHT="53" WIDTH="197" VPOS="3839" HPOS="1403"/>
<SP HEIGHT="52" WIDTH="28" VPOS="3840" HPOS="1601"/>
<String CONTENT="areas" HEIGHT="34" WIDTH="159" VPOS="3858" HPOS="1630"/>
<SP HEIGHT="34" WIDTH="33" VPOS="3859" HPOS="1790"/>
<String CS="1" CONTENT="&#8230;"/>
<SP HEIGHT="33" WIDTH="84" VPOS="3874" HPOS="1882"/>
<String CS="1" CONTENT="[New" HEIGHT="52" WIDTH="139" VPOS="3841" HPOS="1985"/>
<SP HEIGHT="53" WIDTH="28" VPOS="3841" HPOS="2125"/>
<String CONTENT="York]" HEIGHT="68" WIDTH="181" VPOS="3840" HPOS="2154"/>
</TextLine>
<TextLine HEIGHT="73" WIDTH="1916" VPOS="3912" HPOS="323" STYLEREFS="StyleId-099D521C-DF3A-4A8F-83B1-FC271CD0DF41-">
<String CONTENT="Research" HEIGHT="53" WIDTH="283" VPOS="3912" HPOS="323"/>
<SP HEIGHT="53" WIDTH="31" VPOS="3912" HPOS="607"/>
<String CONTENT="bureau," HEIGHT="67" WIDTH="232" VPOS="3912" HPOS="639"/>
<SP HEIGHT="63" WIDTH="31" VPOS="3916" HPOS="872"/>
<String CONTENT="Welfare" HEIGHT="55" WIDTH="260" VPOS="3914" HPOS="904"/>
<SP HEIGHT="34" WIDTH="32" VPOS="3935" HPOS="1165"/>
<String CONTENT="council" HEIGHT="56" WIDTH="220" VPOS="3916" HPOS="1198"/>
<SP HEIGHT="52" WIDTH="33" VPOS="3918" HPOS="1419"/>
<String CONTENT="of" HEIGHT="53" WIDTH="64" VPOS="3917" HPOS="1453"/>
<SP HEIGHT="54" WIDTH="31" VPOS="3917" HPOS="1518"/>
<String CONTENT="New" HEIGHT="52" WIDTH="139" VPOS="3919" HPOS="1550"/>
<SP HEIGHT="51" WIDTH="33" VPOS="3920" HPOS="1690"/>
<String CONTENT="York" HEIGHT="53" WIDTH="164" VPOS="3918" HPOS="1724"/>
<SP HEIGHT="55" WIDTH="30" VPOS="3918" HPOS="1889"/>
<String CONTENT="city." HEIGHT="67" WIDTH="134" VPOS="3918" HPOS="1920"/>
<SP HEIGHT="51" WIDTH="33" VPOS="3923" HPOS="2055"/>
<String CONTENT="1932." HEIGHT="50" WIDTH="150" VPOS="3922" HPOS="2089"/>
</TextLine>
<TextLine HEIGHT="53" WIDTH="1946" VPOS="3984" HPOS="396">
<String CONTENT="vii," HEIGHT="46" WIDTH="82" VPOS="3984" HPOS="396"/>
<SP HEIGHT="43" WIDTH="32" VPOS="3987" HPOS="479"/>
<String CONTENT="140" HEIGHT="43" WIDTH="87" VPOS="3984" HPOS="512"/>
<SP HEIGHT="50" WIDTH="28" VPOS="3984" HPOS="600"/>
<String CONTENT="p." HEIGHT="38" WIDTH="43" VPOS="3996" HPOS="629"/>
<SP HEIGHT="40" WIDTH="58" VPOS="3986" HPOS="673"/>
<String CONTENT="23" HEIGHT="41" WIDTH="56" VPOS="3986" HPOS="732"/>
<String STYLE="superscript" CONTENT="cm" HEIGHT="21" WIDTH="44" VPOS="3989" HPOS="792"/>
<String CONTENT="." HEIGHT="9" WIDTH="9" VPOS="4019" HPOS="841"/>
<SP HEIGHT="47" WIDTH="69" VPOS="3988" HPOS="851"/>
<String CONTENT="(Section" HEIGHT="48" WIDTH="220" VPOS="3987" HPOS="921"/>
<SP HEIGHT="39" WIDTH="32" VPOS="3990" HPOS="1142"/>
<String CONTENT="3" HEIGHT="39" WIDTH="26" VPOS="3990" HPOS="1175"/>
<SP HEIGHT="39" WIDTH="31" VPOS="3990" HPOS="1202"/>
<String CONTENT="of" HEIGHT="40" WIDTH="53" VPOS="3989" HPOS="1234"/>
<SP HEIGHT="41" WIDTH="31" VPOS="3989" HPOS="1288"/>
<String CONTENT="Study" HEIGHT="48" WIDTH="156" VPOS="3989" HPOS="1320"/>
<SP HEIGHT="46" WIDTH="30" VPOS="3991" HPOS="1477"/>
<String CONTENT="10" HEIGHT="40" WIDTH="57" VPOS="3990" HPOS="1508"/>
<SP HEIGHT="42" WIDTH="29" VPOS="3990" HPOS="1566"/>
<String CONTENT="of" HEIGHT="41" WIDTH="52" VPOS="3991" HPOS="1596"/>
<SP HEIGHT="40" WIDTH="30" VPOS="3991" HPOS="1649"/>
<String CONTENT="the" HEIGHT="40" WIDTH="81" VPOS="3991" HPOS="1680"/>
<SP HEIGHT="39" WIDTH="32" VPOS="3992" HPOS="1762"/>
<String CONTENT="Research" HEIGHT="39" WIDTH="244" VPOS="3992" HPOS="1795"/>
<SP HEIGHT="39" WIDTH="31" VPOS="3992" HPOS="2040"/>
<String CONTENT="bureau" HEIGHT="40" WIDTH="183" VPOS="3992" HPOS="2072"/>
<SP HEIGHT="29" WIDTH="34" VPOS="4002" HPOS="2256"/>
<String CONTENT="of" HEIGHT="39" WIDTH="51" VPOS="3992" HPOS="2291"/>
</TextLine>
<TextLine HEIGHT="51" WIDTH="576" VPOS="4041" HPOS="326">
<String CONTENT="the" HEIGHT="41" WIDTH="81" VPOS="4041" HPOS="326"/>
<SP HEIGHT="40" WIDTH="29" VPOS="4042" HPOS="408"/>
<String CONTENT="Welfare" HEIGHT="42" WIDTH="218" VPOS="4042" HPOS="438"/>
<SP HEIGHT="31" WIDTH="30" VPOS="4054" HPOS="657"/>
<String CONTENT="council)" HEIGHT="48" WIDTH="214" VPOS="4044" HPOS="688"/>
</TextLine>
</TextBlock>
</PrintSpace>
</Page>
</Layout>
</alto>