2582 4453
1438 4072 104 55 722

467 401 287 55 Montana
804 401 112 53 and
961 397 215 58 Pacific
1221 399 205 70 digest,
1473 399 270 70 covering
1789 400 78 52 all
1913 418 151 35 cases
2111 399 268 70 reported
2425 397 61 54 in

538 482 280 52 Montana
844 487 241 61 reports,
1113 482 338 63 1868-1931;
1482 477 212 56 Pacific
1720 485 275 62 reporter,
2019 480 251 51 volumes
2300 481 187 67 1-300,

541 561 115 52 and
691 562 76 51 all
802 559 64 52 of
898 561 95 52 the
1027 556 214 56 Pacific
1275 564 174 48 states
1484 565 224 62 reports
1742 558 154 52 from
1930 559 94 52 the
2061 558 227 53 earliest
2323 558 165 54 times

602 634 1884 73 … Compiled and edited by the publisher’s editorial staff,
539 737 52 36 v.
622 722 188 49 38-40.
889 718 84 55 St.
999 719 169 65 Paul,
1195 719 161 53 West
1383 717 338 69 publishing
1748 736 98 48 co.,
1876 720 152 50 1933.

541 796 26 39 3
600 805 42 29 v.
702 793 60 40 26
762 796 44 20 cm
812 824 8 8 .

887 874 45 29 CONTENTS.—v.
969 861 72 42 38.
1078 862 564 40 Venue-Wharves.—v.
1677 860 74 43 39.
1786 861 327 40 Wills-Work
2150 862 95 39 and
471 861 2025 101 labor.—v.

543 920 75 42 40.
645 921 151 40 Table
823 920 53 41 of
899 931 139 30 cases
1066 919 234 48 digested.

477 988 52 52 ©
559 992 116 47 Apr.
703 991 71 48 27,
806 990 113 41 1933;
980 990 67 41 2c.
1078 990 120 39 each
1227 990 102 39 and
1355 988 108 41 affs.
1497 990 115 47 May
1642 990 83 46 11;
1757 989 43 39 A
1830 988 350 48 61746-61748;
2214 990 137 40 West
2382 989 109 48 pub.

546 1060 66 30 co.

495 1152 204 65 [Munk,
733 1152 111 68 Eli]

543 1230 356 69 Nichtjuden
935 1229 80 55 im
1049 1228 303 71 jüdischen
1388 1228 435 71 religionsrecht;
1889 1229 219 55 theorie
2140 1230 120 54 und
474 1247 1994 117 ausgewählte

728 1309 389 55 Vorschriften
1159 1312 148 50 nach
1348 1310 267 65 Talmud,
1661 1309 325 56 Schulchan
2031 1309 175 53 aruch
2249 1329 53 33 u.
472 1308 1995 135 Maimonides.

823 1389 219 68 Berlin,
1069 1389 172 54 Philo
1269 1389 215 68 verlag,
1511 1406 53 50 g.
1591 1408 73 35 m.
1689 1388 53 54 b.
1771 1389 74 67 h.,
1874 1391 151 51 1932.

545 1462 673 52 2 p. l., 140, [3] p. 23 ½ cm .
545 1535 235 41 Author’s
805 1545 144 30 name
973 1545 65 30 on
1065 1545 156 30 cover.

479 1604 1844 52 © June 1, 1932; 1c. Sept. 7; A-Foreign 17879; Philo verlag und
546 1605 1933 108 buch-handlung,
845 1676 41 37 g.
920 1676 60 28 m.
1012 1665 40 39 b.
1086 1665 46 39 h.
1204 1663 283 49 (33-12412)

470 1767 285 54 National
783 1769 279 53 research
1094 1766 244 56 council.
1412 1767 273 54 Division
1714 1768 63 68 of
1806 1767 308 69 chemistry
2143 1768 115 53 and
543 1767 1926 135 chemical
660 1849 357 68 technology.

542 1927 238 52 Annual
818 1945 206 51 survey
1064 1926 64 54 of
1165 1926 311 53 American
1515 1926 327 70 chemistry.
1917 1927 244 54 Volume
2288 1969 9 8 VII.
2342 1928 150 50 1932.

474 2005 2020 70 Edited by Clarence J. West … New York, N. Y., Pub. for
473 2085 277 54 National
789 2086 260 54 research
1088 2085 222 54 council
1348 2086 75 67 by
1460 2086 96 54 the
1599 2086 292 56 Chemical
1931 2088 226 69 catalog
2195 2104 300 52 company,

471 2167 129 67 inc.,
630 2169 153 50 1933.

547 2242 88 41 346
665 2253 43 37 p.
770 2241 131 40 illus.
963 2241 56 39 21½
1052 2243 45 21 cm
1103 2274 8 8 .

482 2309 52 52 ©
567 2314 116 47 May
714 2311 71 49 16,
817 2312 143 46 1933;
993 2313 69 40 2c.
1096 2313 97 39 and
1227 2312 81 40 aff.
1344 2313 114 47 May
1490 2312 83 47 22;
1609 2312 42 39 A
1684 2312 172 47 62745;
1892 2312 131 40 Natl,
2059 2313 235 47 academy
2326 2312 52 41 of
549 2313 1933 104 sciences,
737 2369 339 49 Washington.

473 2471 147 55 New
656 2474 163 52 York
855 2473 380 68 supplement.
1309 2473 170 55 Cases
1515 2473 216 70 argued
1767 2474 113 52 and
1917 2474 354 53 determined
2304 2475 63 52 in
2399 2473 96 53 the

547 2550 183 55 Court
770 2552 63 53 of
875 2554 254 67 appeals,
1172 2552 278 69 Supreme
1492 2553 114 52 and
1646 2555 174 51 lower
1858 2559 190 48 courts
2088 2554 63 52 of
2192 2554 199 53 record
2433 2552 63 53 of

545 2632 141 53 New
737 2632 164 52 York
948 2637 164 63 state,
1163 2631 142 54 with
1354 2632 69 53 key
1512 2632 241 53 number
1804 2633 383 53 annotations,
2274 2652 51 33 v.
2375 2635 120 51 260.

545 2710 339 69 November,
923 2712 457 69 1932-January,
1416 2714 151 49 1933.
1647 2712 83 55 St.
1765 2713 168 62 Paul,
1965 2714 159 53 West
2159 2712 340 70 publishing

547 2809 98 50 co.,
674 2794 150 50 1933.

550 2866 139 47 xxiii,
718 2866 129 46 1023,
880 2865 101 50 [78],
1011 2866 59 40 50
1097 2877 41 37 p.
1198 2866 56 41 23½
1287 2868 44 21 cm
1337 2898 8 8 .

483 2934 52 52 ©
565 2940 113 46 Apr.
708 2939 70 47 14,
809 2938 141 47 1933;
981 2939 69 39 2c.
1079 2939 97 39 and
1205 2937 82 41 aff.
1319 2939 115 47 May
1463 2939 83 46 11;
1578 2939 40 38 A
1648 2937 172 49 61759;
1851 2940 138 39 West
2017 2939 110 48 pub.
2158 2950 68 30 co.

478 3041 312 67 Nininger,
822 3044 245 64 Harvey
1093 3043 259 66 Harlow,
1385 3045 172 54 1887-

553 3118 125 55 Our
699 3120 378 68 stone-pelted
1099 3119 224 69 planet;
1347 3139 31 34 a
1401 3119 147 54 book
1570 3119 171 56 about
1764 3126 240 49 meteors
2027 3121 113 53 and
2162 3121 337 68 meteorites,

481 3196 1994 148 by H. H. Nininger … Boston and New York, Houghton Mifflin company, 1933.
552 3357 111 39 xxv,
697 3346 86 43 237
812 3358 44 38 p.
915 3347 166 49 front.,
1112 3347 130 41 illus.
1272 3347 188 50 (maps)
1500 3350 172 47 plates,
1704 3348 180 50 diagrs.
1948 3348 59 42 20
2007 3352 44 22 cm
2057 3382 8 9 .

554 3417 312 42 “Meteorites
898 3418 52 41 of
978 3419 83 40 the
1089 3418 212 42 world”:
1333 3430 42 37 p.
1425 3418 235 50 [143]-232.

553 3474 353 50 Bibliography
940 3476 227 41 included
1202 3476 50 40 in
1286 3477 81 40 the
1405 3476 211 48 preface.

489 3545 52 52 ©
568 3550 114 47 Apr.
710 3551 68 44 12,
808 3550 140 46 1933;
978 3551 66 39 2c.
1073 3551 96 39 and
1197 3549 83 42 aff.
1310 3551 113 46 Apr.
1451 3551 82 44 17;
1564 3550 41 38 A
1633 3549 171 47 62160;
1836 3551 61 39 H.
1925 3551 61 39 H.
2015 3550 251 48 Nininger,
2295 3551 205 39 Denver.

566 3607 282 47 (33-12585)

481 3708 196 56 North
707 3711 254 54 Dakota.
1037 3713 185 62 Laws,
1248 3719 259 51 statutes,
1535 3718 100 49 etc.

552 3789 166 53 Laws
757 3792 201 65 passed
1000 3798 58 46 at
1094 3792 95 52 the
1226 3792 403 68 twenty-third
1668 3791 209 53 session
1915 3792 65 51 of
2017 3792 95 53 the
2148 3791 352 69 Legislative

485 3868 279 68 assembly
791 3868 63 52 of
881 3870 95 53 the
1004 3876 146 48 state
1179 3871 63 52 of
1272 3871 186 52 North
1487 3870 248 61 Dakota,
1761 3872 189 68 begun
1979 3872 112 51 and
2119 3871 134 52 held
2284 3877 58 47 at

482 3870 1990 144 Bismarck,
733 3947 95 53 the
868 3948 214 68 capital
1120 3950 63 52 of
1221 3948 124 55 said
1384 3956 163 47 state,
1586 3969 72 34 on
1696 3951 284 69 Tuesday,
2017 3952 265 67 January
2320 3950 178 64 third,
