2575 4405
1103 4058 71 56 77

132 404 410 66 Encidopedia
585 406 244 52 italiana
877 406 60 52 di
983 405 232 68 scienze,
1260 407 200 51 lettere
1506 405 68 53 ed
1623 406 132 67 arti,
1799 403 337 71 pubblicata

199 490 149 48 sotto
375 485 159 54 l’alto
561 488 307 64 patronato
898 484 58 52 di
987 485 57 55 S.
1071 486 79 51 M.
1179 484 43 52 il
1250 486 84 51 Re
1361 483 253 54 d’ltalia.
1695 500 133 51 [XVI.
199 483 1937 147 Franck-Gian]

454 565 218 65 [Roma]
704 562 240 53 Istituto
972 562 290 55 Giovanni
1287 562 291 69 Treccani,
1607 565 135 50 1932.

201 635 1937 51 3 p. l., [vii]-xv, 973 p. illus. (incl. ports.) plates (part col.) maps
137 696 137 47 (part
301 695 144 48 fold.)
511 695 55 39 31½
600 697 44 20 cm
649 725 7 8 .

202 752 122 39 Part
348 751 52 40 of
426 751 81 40 the
533 751 161 47 plates
718 761 83 30 are
829 748 195 50 printed
1051 759 59 30 on
1139 750 116 39 both
1282 749 145 41 sides.

133 803 52 52 ©
214 808 112 41 Dec.
354 810 39 46 1,
423 806 140 49 1932;
594 808 66 40 1c.
691 808 111 39 Jan.
832 806 69 49 19,
930 806 143 47 1933;
1101 806 312 49 A-Foreign
1443 806 172 47 19416;
1650 805 45 42 S.
1725 816 43 31 a.
200 806 1919 99 Treves-Treccani-Tnmminelli.

128 968 122 54 The
283 967 449 66 Encyclopaedia
759 967 356 57 britannica.

205 1089 58 11 …
308 1045 257 69 Graphic
602 1051 144 61 arts;
787 1065 32 33 a
856 1044 267 55 selection
1160 1043 63 53 of
1258 1044 225 54 articles
1521 1043 153 54 from
1708 1044 99 54 the
1841 1063 123 34 new
2004 1045 131 51 14th

128 1123 216 54 edition
378 1124 64 51 of
475 1123 96 54 the
605 1121 441 69 Encyclopaedia
1081 1121 341 70 britannica,
1457 1122 75 69 by
1567 1122 97 52 the
1700 1119 302 71 following
130 1143 1980 111 authorities:

468 1200 148 53 Paul
665 1198 278 69 Beaujon,
994 1199 181 69 Hugh
1226 1197 239 71 Ferriss,
1517 1198 68 55 G.
1640 1199 61 55 C.
1752 1197 195 55 Miller
2021 1201 114 51 [and

129 1278 206 67 others]
373 1321 56 10 …
497 1277 138 53 New
665 1276 179 69 York,
873 1275 439 70 Encyclopaedia
1341 1276 340 70 britannica,
1710 1276 137 69 inc.;
1879 1277 258 70 London,

129 1355 122 53 The
279 1353 440 69 Encyclopaedia
747 1354 323 54 britannica
1099 1373 98 49 co.,
1224 1355 105 54 ltd.
1406 1357 154 66 [c1933]

198 1425 1935 54 x p., 1 l., 98 p. col. front., illus., plates (part col.) ports., facsims.,
127 1482 180 49 diagrs.
365 1483 56 41 28½
453 1485 44 21 cm
502 1515 9 9 .
582 1481 313 51 (Britannica
924 1483 196 41 booklet
1146 1493 76 32 no.
1248 1483 53 48 4)

199 1541 226 40 Includes
453 1538 395 50 bibliographies.

132 1598 51 51 ©
210 1601 109 39 Jan.
345 1599 68 49 12,
440 1599 113 41 1933;
607 1600 69 40 2c.
702 1600 96 39 and
825 1598 83 42 aff.
934 1599 110 41 Jan.
1070 1599 82 47 13;
1180 1599 42 39 A
1247 1598 142 42 57923;
1449 1600 366 48 Encyclopædia
1842 1599 293 50 britannica,

201 1657 91 42 inc.
363 1656 250 50 (33-2200)

205 1803 56 10 …
291 1762 309 53 Mammals
630 1762 114 52 and
772 1760 188 68 birds;
994 1780 31 33 a
1054 1761 269 53 selection
1353 1760 65 56 of
1446 1761 226 54 articles
1704 1762 153 54 from
1886 1764 98 52 the
2009 1781 125 35 new

131 1842 131 51 14th
291 1838 217 55 edition
538 1840 65 53 of
631 1841 98 52 the
757 1839 442 69 Encyclopædia
1230 1840 342 69 britannica,
1600 1842 77 67 by
1705 1842 98 52 the
1833 1842 303 68 following

129 1918 366 53 authorities:
533 1919 274 66 Rudolph
844 1919 81 54 M.
963 1919 322 67 Anderson,
1324 1918 237 56 Charles
1598 1920 304 68 Johnston,
1939 1921 92 55 W.
2068 1922 66 53 P.

129 1996 245 68 Pycraft
446 1999 113 51 [and
606 1997 208 67 others]
872 2041 58 10 …
979 1998 182 52 under
1207 1997 97 52 the
1352 1996 266 54 editorial
1665 1997 359 68 supervision
2072 2000 63 53 of

127 2074 205 55 Julian
376 2076 57 55 S.
477 2075 237 68 Huxley
761 2120 57 9 …
897 2076 140 53 New
1081 2074 181 69 York,
1308 2076 441 67 Encyclopaedia
1793 2076 342 70 britannica,

129 2153 135 67 inc.;
302 2155 259 65 London,
595 2154 123 52 The
752 2152 442 69 Encyclopaedia
1226 2152 325 54 britannica
1586 2172 100 49 co.,
1719 2155 105 53 ltd.
1866 2188 13 34 [
1883 2161 19 22 c
1907 2159 152 64 1933]

201 2225 1933 50 xx p., 1 l., 199 p. col. front., illus., plates (part col.) diagrs. 28½ cm .
141 2283 312 49 (Britannica
481 2284 192 40 booklet
701 2294 75 30 no.
804 2283 53 49 3)

201 2343 226 39 Includes
455 2341 394 49 bibliographies.

135 2397 51 51 ©
213 2402 109 39 Jan.
348 2400 68 47 12,
442 2400 112 40 1933;
611 2400 67 41 2c.
705 2402 97 38 and
827 2399 83 41 aff.
936 2401 110 39 Jan.
1072 2400 54 39 13;
1184 2399 41 39 A
1250 2398 170 49 57924;
1450 2400 366 49 Encyclopaedia
1845 2400 292 51 britannica,

201 2457 90 41 inc.
363 2457 251 49 (33-2256)

132 2560 357 65 Erckmann,
574 2559 154 66 Émile,
762 2565 327 51 1822-1899.

205 2644 267 54 Madame
524 2645 262 67 Therese,
839 2663 107 49 par
998 2644 662 67 Erckmann-Chatrian,
1714 2646 249 67 adapted
2018 2645 111 54 and

134 2721 190 53 edited
368 2723 76 66 by
488 2723 274 51 Florence
806 2724 71 51 B.
919 2721 290 55 Williams
1262 2765 57 10 …
1369 2722 185 55 Grace
1598 2723 265 55 Cochran
1914 2767 57 10 …
2022 2723 113 54 and

133 2798 185 53 Helen
357 2799 81 53 M.
477 2800 174 67 Eddy
693 2843 56 9 …
791 2799 384 54 illustrations
1213 2800 76 66 by
1327 2800 276 53 Edmund
1643 2801 280 55 Giesbert.
135 2802 1973 142 Chicago,
321 2877 114 67 Ill.,

466 2876 123 54 The
618 2876 341 68 University
989 2876 65 55 of
1087 2876 254 69 Chicago
1374 2896 157 49 press
1609 2881 154 64 [c1932]

205 2949 117 49 xvii,
345 2949 86 41 271
453 2960 45 39 p.
550 2949 149 41 front.
729 2949 160 51 (map)
921 2950 129 41 illus.
1101 2949 58 41 20
1162 2952 43 21 cm
1209 2982 10 9 .
1303 2950 279 50 (Half-title:
1598 2951 102 42 The
1718 2949 212 53 Chicago
1948 2953 187 44 French

135 3009 174 48 series)

210 3064 249 49 “Reading
492 3064 274 41 references
803 3076 61 28 on
899 3065 83 40 the
1016 3064 189 40 French
1240 3064 332 43 revolution”:
1609 3076 44 39 p.
1758 3098 10 9 XV.

137 3120 51 51 ©
221 3124 102 39 Oct.
353 3124 39 46 4,
425 3121 141 47 1932;
598 3122 67 40 2c.
698 3122 111 40 Jan.
841 3122 68 48 18,
941 3120 113 41 1933;
1116 3120 81 41 aff.
1231 3122 109 40 Jan.
1373 3122 82 46 16;
1491 3122 41 39 A
1562 3122 171 48 57991;
1769 3124 284 50 University
2085 3126 53 40 of

206 3180 223 48 Chicago,
462 3178 224 48 Chicago.
767 3175 52 51 [©
849 3178 211 47 preface,
1090 3178 255 40 historical
1376 3178 194 49 setting,
1604 3180 215 49 reading,
1851 3182 288 47 references,

206 3240 150 44 notes,
380 3236 254 47 exercices,
660 3234 325 50 vocabulaire]
1058 3233 251 50 (33-2209)

134 3337 246 54 Federal
427 3343 272 63 reporter.
778 3336 219 55 Second
1044 3337 186 53 series.
1307 3337 169 54 Cases
1527 3340 214 68 argued
1792 3342 113 51 and
203 3341 1907 128 determined
421 3417 59 52 in

506 3418 96 51 the
629 3416 221 55 Circuit
877 3422 188 49 courts
1092 3416 65 54 of
1184 3417 232 67 appeals
1445 3418 113 51 and
1583 3418 248 54 District
1856 3424 188 50 courts
2071 3417 63 54 of

204 3494 95 53 the
322 3495 218 54 United
567 3495 206 67 States,
795 3494 219 55 United
1040 3495 189 54 States
1254 3500 162 48 court
1438 3496 63 51 of
1526 3502 245 49 customs
1795 3499 114 51 and
1933 3502 203 63 patent

206 3576 251 65 appeals,
487 3574 180 54 Court
696 3574 64 53 of
788 3573 198 55 claims
1014 3574 64 52 of
1104 3575 96 51 the
1229 3574 217 54 United
1480 3574 207 68 States,
1716 3577 113 51 and
1861 3576 183 54 Court
2071 3575 64 54 of

205 3652 232 69 appeals
466 3652 64 53 of
556 3652 96 54 the
678 3652 247 54 District
953 3653 63 53 of
1045 3652 319 68 Columbia,
1391 3653 142 53 with
1559 3653 109 68 key
1692 3654 239 54 number
206 3672 1901 112 annotations.

508 3749 50 33 v.
607 3735 64 48 60
726 3731 128 68 (2d)
910 3731 264 68 October,
1220 3734 151 50 1932.
1449 3731 84 55 St.
1578 3735 167 65 Paul,
1787 3733 163 55 West
206 3735 1903 142 publishing
448 3829 97 48 co.,
575 3813 151 50 1932.

205 3883 137 47 xxiii,
370 3883 114 39 1164
511 3894 42 37 p.
582 3883 110 41 incl.
719 3884 150 40 front.
900 3883 158 49 (map)
1095 3883 153 48 diagr.
1304 3883 60 41 26
1363 3887 45 21 cm
1413 3916 9 8 .

141 3935 51 51 ©
222 3940 113 41 Dec.
364 3940 38 47 5,
433 3939 113 41 1932;
604 3940 66 39 2c.
703 3941 112 40 Jan.
844 3942 69 45 11,
943 3940 141 46 1933;
1116 3940 84 41 aff.
1230 3941 109 39 Jan.
1371 3941 82 47 12;
1486 3941 43 39 A
1557 3941 170 47 58883;
1761 3941 137 41 West
1925 3942 111 47 pub.
2068 3951 67 31 co.
