2484 4405
1057 4112 135 54 1347

105 483 213 61 Noyes,
351 477 253 54 Edward
637 473 291 65 Simpson,
959 472 83 52 ed.

231 543 1804 80 Readings in the modern essay, edited by Edward S. Noyes …
108 638 230 57 Boston,
369 634 135 52 New
537 632 161 53 York
751 634 82 47 [etc.]
905 627 316 67 Houghton
1254 623 202 52 Mifflin
1487 639 278 51 company
1803 655 11 34 [
1820 627 17 21 c
1843 624 151 63 1933]

177 720 100 49 viii,
305 720 83 40 561
417 730 42 37 p.
520 718 55 39 20
578 720 42 21 cm
627 750 8 7 .

181 775 341 51 “Suggestions
546 775 78 38 for
651 771 200 50 reading"
905 775 51 36 at
982 771 90 39 end
1101 768 52 40 of
1177 768 116 41 each
1319 777 164 38 group.

110 845 51 53 ©
194 848 127 49 Sept.
349 848 39 46 5,
418 846 140 46 1933;
588 846 69 41 2c.
688 843 128 50 Sept.
846 844 80 39 16:
959 842 83 40 aff.
1074 841 128 49 Sept.
1234 839 80 48 12;
1348 839 40 39 A
1416 838 170 46 66101;
1622 838 52 40 E.
1707 837 44 41 S.
1782 836 172 48 Noyes,
1985 836 116 40 New

182 906 184 40 Haven.
435 902 280 48 (33-25210)

108 1019 203 65 Orczy,
342 1018 344 64 Emmuska,
719 1018 279 66 baroness,
1029 1018 172 50 1865-

179 1098 119 53 The
321 1116 125 48 way
470 1097 62 52 of
555 1097 97 51 the
677 1096 218 56 Scarlet
918 1093 347 67 Pimpernel,
1289 1092 74 66 by
1388 1095 280 50 Baroness
1692 1090 202 67 Orczy.
110 1091 1966 139 London.
267 1175 239 52 Hodder
532 1177 44 48 &
606 1172 341 69 Stoughton,
976 1171 220 52 limited
1232 1174 171 64 [1933]

176 1264 29 39 2.
248 1273 40 37 p.
336 1261 12 41 1
371 1293 8 11 ,
429 1263 81 38 7-318
617 1270 42 39 p.
721 1259 53 40 19
778 1263 14 19 cm
827 1291 8 7 .

113 1331 51 52 ©
251 1364 8 7 1c.
292 1333 128 47 Sept.
510 1363 9 14 18,
550 1331 139 45 1933;
721 1330 38 38 A
790 1330 61 38 ad
882 1329 86 39 int.
1002 1328 169 40 18188:
1204 1327 142 49 pubd.
1379 1326 116 48 July
1527 1327 82 45 27;
1644 1325 264 40 Einmuska
1942 1325 165 47 Orczy,

181 1390 164 40 Monte
372 1390 158 44 Carlo,
564 1387 198 40 France.
834 1385 280 47 (33-29493)

111 1509 263 65 Orleans,
401 1507 100 54 Ilo.

182 1575 1925 76 Father Gander, by Ilo Orleans … [New York, C. Kendall,
111 1668 17 21 c
133 1664 152 65 1933]

184 1732 113 53 [207]
326 1744 42 37 p.
429 1733 125 39 illus.
615 1732 56 39 24½
705 1733 43 23 cm
752 1762 8 9 .

186 1790 284 41 Illustrated
499 1788 359 50 lining-papers.

187 1846 208 47 Rhymes
425 1846 77 39 for
531 1845 231 48 children,
790 1845 119 39 with
939 1842 329 42 illustrations
1298 1841 60 48 by
1389 1844 82 39 the
1500 1842 191 40 author.

187 1903 163 41 “First
373 1901 226 41 edition.”

120 1972 52 53 ©
205 1974 126 50 Sept.
361 1975 69 43 25,
462 1974 112 40 1933:
634 1974 66 40 2c.
735 1972 126 48 Sept.
892 1973 82 45 13;
1008 1971 83 42 aff.
1126 1971 128 49 Sept.
1284 1971 58 39 28;
1401 1972 39 38 A
1472 1970 170 48 65392;
1679 1973 37 38 I.
1748 1970 218 49 Orleans,
1997 1971 117 38 New

184 2032 144 41 York.
398 2031 279 47 (33-25379)

116 2146 211 59 Pacific
383 2155 271 62 reporter.
733 2148 217 55 Second
1005 2148 186 53 series.
1269 2147 169 55 Cases
1495 2149 213 67 argued
1764 2148 111 52 and
187 2149 1901 131 determined
402 2227 59 53 in
489 2228 93 52 the
613 2226 273 69 Supreme
915 2232 187 49 courts
1130 2227 62 52 of
1221 2225 343 59 California,
1592 2226 244 69 Kansas,
1864 2226 248 69 Oregon,

185 2305 400 69 Washington,
629 2305 300 68 Colorado,
968 2304 296 68 Montana,
1304 2305 271 58 Arizona,
1616 2304 253 68 Nevada,
1910 2305 202 63 Idaho,

187 2384 326 69 Wyoming.
544 2383 175 68 Utah,
750 2383 138 52 New
918 2383 241 66 Mexico,
1190 2382 338 68 Oklahoma,
1559 2382 245 54 District
1833 2389 188 47 courts
2051 2384 61 51 of

189 2464 205 66 appeal
434 2462 111 51 and
582 2462 286 67 appellate
906 2461 363 68 department
1305 2461 64 51 of
1405 2462 96 52 the
1541 2460 276 69 Superior
1853 2467 160 48 court
2051 2462 62 52 of

191 2539 325 56 California
541 2540 111 53 and
681 2538 281 56 Criminal
985 2545 162 49 court
1172 2538 64 53 of
1261 2541 233 67 appeals
1520 2540 62 52 of
1608 2539 339 68 Oklahoma,
1974 2540 139 53 with

187 2619 109 68 key
321 2619 238 52 number
588 2619 378 53 annotations,
1042 2637 48 35 v.
1124 2622 64 47 21
1222 2618 128 69 (2d)
1434 2618 346 69 May-June,
1812 2622 149 50 1933.
2031 2620 82 55 St.

190 2697 164 68 Paul,
382 2699 159 51 West
570 2696 334 69 publishing
933 2717 97 37 co.,
1061 2700 148 48 1933.

187 2784 135 48 xviii,
354 2785 115 38 1215
498 2795 42 36 p.
599 2785 58 38 26
658 2786 44 21 cm
707 2815 7 9 .

125 2851 51 52 ©
206 2854 127 48 Sept.
362 2856 39 46 8,
432 2854 112 40 1933;
601 2855 68 38 2c.
698 2855 95 39 and
824 2853 80 40 aff.
935 2854 101 40 Oct.
1066 2854 83 47 12;
1180 2855 40 39 A
1250 2853 169 48 65574;
1451 2855 134 40 West
1616 2855 106 48 pub.
1754 2865 66 31 co.

121 2972 249 65 Palmer,
400 2973 229 54 Stuart.

254 3044 1863 77 … The puzzle of the pepper tree … Garden City, N. Y.,
125 3126 139 53 Pub.
307 3125 92 53 for
434 3125 94 53 the
567 3123 192 56 Crime
795 3124 144 69 club,
978 3126 127 68 inc.,
1143 3125 73 71 by
1255 3126 356 71 Doubleday,
1649 3127 198 56 Doran
1888 3131 45 51 &
125 3147 1967 126 company,
318 3204 125 67 inc.,
472 3207 150 49 1933.

193 3274 737 51 4 p. l., 308 p. illus. 19½ cm .
196 3332 285 42 Illustrated
506 3332 361 51 lining-papers.

201 3388 161 43 “First
387 3389 225 41 edition.”

130 3456 52 52 ©
213 3461 127 47 Sept.
368 3461 70 46 20,
467 3460 140 47 1933;
637 3462 67 41 2c.
734 3462 94 39 and
858 3461 82 41 aff.
973 3462 129 48 Sept.
1130 3463 85 42 22:
1245 3463 40 39 A
1315 3463 171 47 66315;
1519 3465 45 40 S.
1594 3465 207 43 Palmer.
1831 3466 118 39 New
1977 3467 146 38 York.

211 3516 278 48 (33-25377)

125 3633 160 66 Post,
319 3635 331 65 Augustus,
688 3633 170 56 1873-

202 3709 288 71 Skycraft.
567 3712 137 53 New
762 3713 83 53 ed.
941 3715 89 67 By
1087 3712 297 70 Augustus
1442 3717 154 53 Post.
1671 3716 256 70 London,
1987 3720 134 53 New

130 3787 1345 77 York [etc.] Oxford university press [ c 1933]
201 3848 1671 71 xiv p., 1 l., 276 p., 1 l., 18 p. incl front., illus., diagrs. 24 cm .
203 3920 68 40 “A
297 3921 314 47 supplement,
637 3920 216 42 aviation
881 3922 46 39 in
956 3923 229 40 1932-33”:
1243 3924 56 41 18
1325 3936 42 36 p.
1393 3927 52 38 at
1470 3925 105 40 end.

137 3987 52 52 ©
226 3990 128 49 Sept.
387 3992 69 45 21,
490 3993 141 43 1933;
665 3993 69 41 2c.
769 3996 94 37 and
898 3995 84 40 aff.
1019 3995 129 48 Sept.
1183 3995 83 48 23;
1303 3996 42 39 A
1379 3997 170 47 65337;
1587 3996 187 42 Oxford
1811 3999 131 41 univ.
1977 4009 150 38 press,

202 4047 115 40 New
346 4048 143 47 York,
518 4049 90 40 inc.
679 4049 279 49 (33-25318)
