2582 4453
1322 4138 137 51 1594

376 436 504 66 Masson-Oursel,
909 436 166 55 Paul.

510 512 1889 73 … L’Inde antique et la civilisation indienne. Avec 5 cartes,
378 590 2019 135 24 figures au trait et 16 planches hors texte, par P. Masson-Oursel …
740 672 1598 71 H. de Willman-Grabowska … Philippe Stern …
377 751 188 68 Paris,
591 752 85 52 La
705 752 382 53 Renaissance
1117 752 77 52 du
1223 752 164 69 livre,
1417 755 152 50 1933.

447 826 1957 51 xxii p., 1 l., 497, [8] p., 1 l. illus. (incl. plans) XVI pl. on 8 l., maps
386 882 1970 51 (1 fold.) 20 ½ cm . (L'évolution de l'humanité, synthèse collective …
378 940 176 51 [XXVI])

450 997 425 49 “Bibliographie”:
937 1009 44 38 p.
1028 998 239 50 [463]-477.

378 1064 2025 53 © July 5, 1933; 1c. Oct. 24; A- Foreign 22516; La Renaissance du livre.
458 1126 285 50 (33-23940)

375 1230 260 67 Mayers,
668 1231 305 56 Laurence
1007 1231 329 67 Hampson,
1372 1233 175 55 1887-

445 1311 179 55 What
664 1332 82 35 we
784 1330 95 34 are
918 1313 114 52 and
1072 1312 160 68 why;
1275 1330 31 34 a
1344 1313 192 68 study,
1576 1312 143 54 with
1758 1312 403 68 illustrations,
2200 1312 63 53 of
2302 1314 96 52 the

379 1390 244 54 relation
654 1391 64 55 of
750 1391 97 53 the
878 1391 305 54 endocrine
1213 1391 207 69 glands
1450 1398 58 47 to
1539 1392 214 53 human
1787 1392 245 54 conduct
2063 1392 114 53 and
377 1392 1998 132 dispositional

643 1471 187 67 traits,
863 1471 142 53 with
1036 1470 213 69 special
1280 1469 288 55 reference
1602 1477 58 47 to
1691 1472 97 52 the
1820 1471 278 54 influence
2128 1469 64 55 of
2223 1472 173 66 gland

378 1551 437 68 derangements
849 1570 72 33 on
952 1549 293 69 behavior,
1277 1550 76 68 by
1383 1552 293 52 Laurence
1707 1551 78 53 H.
1819 1551 250 67 Mayers,
2157 1593 10 10 M.
2241 1594 9 9 D.
2286 1552 111 52 and

378 1630 227 53 Arthur
647 1631 72 53 D.
763 1629 250 55 Welton.
1090 1630 140 53 New
1275 1629 182 68 York,
1505 1629 168 56 Sears
1718 1628 339 69 publishing
2101 1648 300 50 company,

377 1709 108 56 inc.
522 1744 14 34 [
538 1715 21 23 c
563 1713 136 51 1933
704 1743 14 35 ]

449 1782 103 50 xiii,
583 1782 177 42 15-340
789 1793 43 38 p.
860 1782 111 42 incl.
1000 1783 62 48 pl.
1124 1783 165 46 front.,
1319 1783 173 49 plates.
1554 1782 55 40 21
1612 1784 45 22 cm
1662 1814 9 9 .

379 1852 52 52 ©
465 1856 102 41 Oct.
598 1856 69 48 26,
700 1855 115 41 1933:
877 1856 68 40 2c.
977 1857 119 39 Nov.
1130 1857 53 46 1;
1218 1855 81 41 aff.
1336 1855 101 41 Oct.
1471 1855 83 48 28;
1589 1855 43 39 A
1663 1854 172 48 66856;
1875 1855 143 40 Sears
2052 1855 109 47 pub.
2195 1865 83 36 co.,
2310 1855 91 39 inc.

456 1913 283 49 (33-33448)

374 2018 354 66 Mehlinger,
764 2019 130 53 Eva
928 2018 297 57 Aronson.

445 2098 204 52 Poems
700 2096 64 53 of
814 2097 126 52 love
992 2098 114 52 and
1156 2096 230 68 beauty,
1435 2096 75 69 by
1562 2096 127 53 Eva
1739 2096 267 53 Aronson
2057 2095 343 69 Mehlinger.

379 2178 255 66 [Boston,
662 2175 189 54 Print,
878 2176 77 67 by
983 2175 182 56 Shore
1189 2175 283 66 brothers,
1497 2182 19 21 c
1522 2178 135 50 1933]

447 2251 90 41 105
585 2262 58 38 p.,
695 2251 25 39 1
792 2282 9 9 l.
861 2250 60 41 15½c
968 2252 28 22 m
1002 2282 9 9 .

378 2319 52 53 ©
470 2324 102 41 Oct.
608 2324 69 41 28,
717 2323 141 41 1933:
898 2323 68 40 2c.
1003 2323 103 41 Oct.
1143 2323 84 47 30;
1268 2322 83 42 aff.
1389 2323 119 40 Nov.
1547 2322 52 47 9;
1640 2322 41 39 A
1717 2321 173 48 66997;
1931 2324 51 37 E.
2022 2322 54 40 A.
2115 2320 285 48 Mehlinger,

448 2382 198 40 Boston.
722 2380 284 50 (33-33479)

375 2483 312 67 Melamed,
718 2485 240 54 Samuel
988 2485 161 64 Max,
1182 2488 173 50 1885-

446 2562 253 69 Spinoza
749 2562 114 53 and
913 2562 280 65 Buddha;
1245 2560 214 55 visions
1507 2560 65 54 of
1620 2581 30 33 a
1701 2560 144 54 dead
1894 2560 148 69 God,
2088 2560 76 69 by
2213 2559 57 56 S.
2318 2560 82 53 M.

375 2642 303 54 Melamed.
757 2640 273 70 Chicago,
1082 2641 114 68 Ill,,
1249 2641 122 53 The
1423 2639 342 71 University
1817 2638 65 55 of
1935 2639 255 70 Chicago
2242 2658 158 51 press

380 2756 13 33 [
398 2728 18 22 c
422 2725 154 64 1933]

446 2796 65 48 xi,
552 2796 85 41 391
680 2807 43 38 p.
784 2796 57 40 23½
873 2797 45 22 cm
924 2829 8 8 .

448 2856 178 39 “Notes
655 2855 96 39 and
782 2852 370 49 bibliography”:
1213 2864 42 37 p.
1285 2852 219 41 367-382.

380 2909 52 53 ©
458 2914 102 42 Oct.
585 2913 69 48 10,
679 2912 116 42 1933;
846 2912 66 41 2c.
939 2912 102 41 Oct.
1067 2912 56 40 14;
1177 2911 83 42 aff.
1287 2911 102 42 Oct.
1415 2911 55 41 13;
1524 2911 41 40 A
1589 2910 147 42 66634;
1791 2910 285 50 University
2101 2910 53 42 of
2177 2909 226 50 Chicago,

448 2972 223 47 Chicago.
749 2969 283 49 (33-33467)

377 3074 211 67 Miller,
619 3076 160 65 Max,
810 3077 175 51 1901-

511 3151 1884 71 … The beginning of a mortal; illustrated by John Sloan.
379 3233 139 52 New
543 3232 182 67 York,
750 3234 67 52 E.
844 3235 66 51 P.
936 3234 227 52 Dutton
1188 3235 46 51 &
1257 3251 100 47 co.,
1382 3231 128 68 inc.,
1537 3235 152 50 1933.

450 3305 1485 50 vii p., 1 l., 11-253 p. incl. front. (port.) plates. 19½ cm .
449 3363 415 48 Autobiography.

450 3421 166 40 “First
644 3419 229 41 edition.”

381 3474 52 52 ©
461 3479 117 39 Nov.
607 3477 69 47 15,
705 3477 141 46 1933;
875 3477 67 40 2c.
970 3477 120 40 Nov.
1119 3477 56 39 17;
1232 3475 82 41 aff.
1342 3477 119 39 Nov.
1490 3475 83 48 16;
1603 3476 42 39 A
1672 3475 171 48 68126;
1875 3477 53 39 E.
1956 3476 51 40 P.
2037 3476 191 39 Dutton
2255 3475 36 40 &
2318 3483 83 37 co.,

448 3535 90 41 inc.
611 3534 283 50 (33-33492)

379 3634 284 56 Missouri
713 3637 203 69 digest.
996 3639 134 50 1933
1179 3637 348 53 cumulative
1576 3639 212 51 annual
1839 3637 203 68 pocket
2090 3641 161 64 parts
2303 3633 93 55 for

451 3714 1709 71 vols. 1-30 … St. Paul, West publishing co. [ c 1933]
442 3792 60 40 30
545 3803 43 29 v.
664 3791 56 41 25
724 3794 45 21 cm
773 3822 8 8 .

449 3848 299 42 Cover-title.

451 3906 157 39 These
638 3906 277 46 pamphlets
947 3915 86 30 are
1063 3907 48 37 to
1143 3904 60 40 be
1231 3903 140 40 fitted
1404 3904 102 40 into
1539 3904 87 39 the
1652 3904 200 48 pockets
1883 3904 51 39 at
1967 3903 82 40 the
2081 3902 122 40 back
2235 3902 53 41 of
2319 3902 80 39 the

382 3963 214 38 volumes
625 3962 52 40 of
704 3963 83 39 the
811 3964 76 38 set
916 3965 48 37 to
992 3961 159 40 which
1180 3961 115 47 they
1323 3961 187 47 belong.

381 4015 52 52 ©
461 4019 101 40 Oct.
588 4018 68 42 20,
682 4018 114 40 1933:
851 4018 67 40 2c.
944 4019 119 39 each
1088 4018 118 39 Nov.
1233 4018 55 40 17;
1345 4016 81 41 aff.
1453 4018 117 39 Nov.
1598 4017 81 47 18;
1707 4016 43 40 A
1774 4016 171 42 68192:
1974 4016 140 41 West
2136 4017 110 47 pub.
2271 4025 70 29 co.
