2484 4405
1045 4076 100 49 995

174 494 127 40 “The
327 492 275 49 geography
629 491 51 42 of
705 492 155 40 North
888 490 243 48 Carolina,
1160 492 61 47 by
1251 491 147 41 Sallie
1471 522 8 8 B.
1510 491 168 40 Marks
1708 491 125 48 [and]
1865 492 142 47 Mary
2034 491 60 38 H.

98 548 223 50 Hyman”:
376 550 57 39 32
460 559 43 37 p.
530 552 51 37 at
609 550 89 39 end
727 549 51 39 of
804 548 124 40 book
954 548 126 40 four.

168 604 285 48 Previously
480 604 256 50 published
763 605 51 39 in
842 607 97 38 two
968 604 232 41 volumes.

172 662 186 40 “Books
385 662 255 47 suggested
666 662 79 39 for
771 663 140 38 extra
938 659 231 49 reading”
1197 663 50 38 at
1274 662 90 38 end
1393 659 52 41 of
1469 660 148 40 books
1643 661 100 38 2-4.

435 749 7 7 CONTENTS.
460 741 60 4 —
540 714 138 53 [book
719 716 40 50 1]
802 718 240 46 Journeys
1084 718 51 40 in
1174 718 187 39 distant
1400 718 155 39 lands.
1573 739 60 5 —
1653 712 139 53 [book
1832 714 41 51 2]
1918 715 177 41 United

102 775 160 41 States
300 777 94 38 and
433 775 212 40 Canada.
661 797 61 5 —
741 771 139 52 [book
917 773 41 50 3]
1000 775 191 46 Europe
1228 776 94 37 and
1361 772 131 42 Asia.
1510 795 61 7 —
1592 770 138 52 [book
1767 771 43 51 4]
1854 773 240 40 Southern

96 832 150 40 lands.

117 889 75 40 [bk.
226 889 38 48 1]
301 885 51 52 ©
388 890 116 46 May
531 888 68 47 12,
633 887 140 42 1933:
826 888 76 39 [bk.
935 889 25 37 2]
1014 882 56 53 ©
1101 889 113 46 May
1246 888 56 39 20;
1381 887 77 42 [bk.
1491 889 40 47 3]
1571 884 56 51 ©
1659 889 113 46 May
1806 888 80 42 17;
1939 886 77 41 [bk.
2050 889 42 48 4]

171 954 51 52 ©
251 959 113 47 May
387 959 83 45 20;
497 959 67 39 2c.
591 958 116 41 each
733 959 95 39 and
854 958 108 40 affs.
991 959 114 47 May
1129 958 82 42 27;
1241 959 40 38 A
1308 957 347 47 01996-61999;
1688 956 169 48 Silver,
1887 959 208 38 Burdett

167 1016 37 39 &
226 1026 66 31 co.
373 1011 53 51 [©
449 1026 106 28 new
579 1016 194 47 matter]
847 1015 15 47 (CA
946 1014 180 41 33-528
1142 1014 234 48 Unrev'd)

95 1115 158 66 Beal,
279 1119 138 53 Mrs.
446 1116 162 55 Alice
639 1116 219 55 Eunice
896 1118 286 65 (Barber)
1220 1124 170 49 1889-

169 1194 285 70 Stepping
485 1197 197 67 ahead,
711 1197 75 67 by
813 1196 163 54 Alice
1007 1195 218 55 Eunice
1255 1197 156 52 Beal.
1486 1197 227 52 Kansas
1743 1196 153 68 City,
1925 1199 167 51 Press

96 1275 64 52 of
190 1272 474 57 Metcalfe-Hand
695 1293 296 49 company,
1023 1278 151 51 1933.

192 1345 590 52 1 p. l., 5-194 p. 17½ cm .
101 1400 1994 59 © June 16. 1933; 2c. June 20; aff. July 12; A 63321; A. E. Beal, Kansas
169 1463 123 49 City,
324 1465 91 39 Mo.
485 1462 279 50 (33-17919)

95 1567 217 64 Boggs,
336 1568 163 54 Tom.

170 1642 351 54 Millionaire
560 1642 266 69 playboy,
866 1663 31 33 a
939 1643 273 54 delirious
1253 1644 109 53 and
1404 1650 126 48 true
1568 1651 420 61 extravaganza
2030 1645 61 52 of

99 1719 314 69 inheriting
441 1739 31 33 a
500 1719 230 55 fortune
760 1722 111 51 and
900 1720 387 69 squandering
1313 1722 63 65 it,
1403 1721 72 68 by
1505 1723 142 52 Tom
1679 1724 209 66 Boggs.
1952 1724 138 51 New

100 1797 179 67 York,
307 1799 122 52 The
456 1799 317 67 Vanguard
804 1817 174 48 press,
1011 1801 152 51 1933.

170 1869 86 41 292
288 1881 44 39 p.
421 1871 26 39 19½
480 1872 43 22 cm
527 1902 10 9 .

103 1924 51 51 ©
181 1929 127 39 June
330 1928 69 46 30,
425 1928 141 46 1933;
593 1929 67 40 2c.
687 1928 115 47 July
828 1929 82 45 10;
939 1927 81 41 aff.
1047 1929 118 47 July
1190 1930 50 45 7;
1269 1929 41 38 A
1336 1928 169 49 63554;
1536 1930 264 47 Vanguard
1826 1939 150 40 press,
2004 1932 91 40 inc.

183 1984 278 50 (33-17935)

96 2088 249 63 Borden,
373 2089 191 63 Mary.

172 2164 123 54 The
316 2163 298 67 technique
637 2163 63 53 of
725 2163 284 69 marriage
1040 2164 110 69 [by]
1181 2165 169 69 Mary
1380 2165 243 55 Borden.
1686 2166 231 56 Garden
1943 2168 153 71 City,

104 2241 66 52 N.
204 2240 90 63 Y.,
323 2240 350 64 Doubleday,
707 2241 194 52 Doran
935 2242 110 53 and
1079 2261 296 44 company,
1407 2244 124 62 inc.,
1566 2248 148 51 1933.

173 2313 28 40 5
229 2323 44 39 p.
305 2314 16 40 l.,
377 2314 86 40 302
495 2324 42 38 p.
595 2314 116 41 21cm.

173 2370 162 40 “First
370 2369 225 41 edition.”

105 2427 1992 58 © June 7, 1933; 2c. and aff. June 29; A 63546; M. Borden, Westminster,
172 2488 233 47 England.
478 2487 278 49 (33-27170)

97 2587 347 68 Bregstone,
473 2588 193 68 Philip
694 2589 254 68 Pollack,
978 2596 173 52 1866-

100 2664 1971 156 … Chicago and its Jews; a cultural history; with an introduction by Julian W. Mack. [Chicago] Priv. pub. [ c 1933]
171 2816 711 50 3 p. l., xi-xx, 423 p. 24 cm .
172 2873 63 40 At
261 2874 124 40 head
410 2874 52 39 of
485 2874 136 40 title:
651 2874 160 48 Philip
837 2875 50 41 P.
916 2875 281 49 Bregstone.

173 2928 134 41 Each
331 2932 114 44 part
467 2931 232 47 preceded
726 2930 61 48 by
814 2931 102 41 leaf
939 2931 121 42 with
1086 2932 238 42 half-title
1351 2935 85 40 not
1463 2934 223 43 included
1715 2937 50 41 in
1793 2938 83 42 the
104 2935 1976 93 pagination
242 2983 52 49 (4
320 2986 186 48 leaves)

105 3038 1976 115 © June 26, 1933; 2c. July 6; aff. July 5; A 64235; P. P. Bregstone, Chicago. (33-17981)
99 3200 230 63 Brown,
356 3202 274 55 William.

176 3275 1858 81 The inherent function of money, by William Brown …
105 3353 268 69 Chicago,
392 3354 339 58 McAllister
754 3358 334 71 publishing
1110 3380 307 51 company;
1443 3365 344 70 Edinburgh
1813 3369 111 54 and
107 3365 1965 137 London,
269 3430 197 54 Oliver
499 3432 111 53 and
642 3434 181 70 Boyd,
856 3439 150 51 1933.

174 3501 80 49 vii,
290 3503 85 38 114
409 3513 44 38 p.
517 3505 56 38 22½
605 3506 44 23 cm
653 3537 10 10 .

108 3557 1893 69 © June 19, 1933; 2c. and aff. July 3; A, 63470; W. Brown, Glasgow
188 3617 277 49 (33-17680)

103 3700 338 72 Buchanan,
469 3709 199 55 James
695 3709 272 70 William,
999 3719 170 52 1888-

172 3782 290 55 Elements
496 3786 64 51 of
592 3787 247 70 biology,
874 3790 140 53 with
1045 3792 213 67 special
1293 3795 285 57 reference
1611 3805 59 49 to
1704 3800 150 57 their
1889 3807 117 51 role
2039 3804 58 53 in

103 3861 97 52 the
237 3860 140 55 lives
418 3862 64 52 of
520 3864 258 70 animals,
816 3867 75 68 by
931 3868 195 55 James
1164 3870 258 56 William
1465 3877 314 55 Buchanan
1963 3883 139 53 New

106 3937 162 55 York
304 3941 111 53 and
453 3941 257 67 London,
747 3944 232 70 Harper
1015 3950 51 50 &
1106 3948 277 62 brothers,
1423 3956 150 52 1933.
