2484 4405
1085 4053 133 50 1005

135 486 212 68 capitol
370 484 266 69 building
660 485 112 52 and
798 502 72 34 on
896 501 149 35 some
1072 482 64 53 of
1160 482 95 53 the
1280 480 375 69 outstanding
1678 484 144 49 state
1852 479 281 69 histories,

138 563 137 53 with
305 562 324 67 facsimiles,
657 562 74 68 by
762 560 220 70 George
1012 558 197 55 Earlie
1240 558 269 69 Shankle,
1628 602 9 10 PH.
1707 600 9 11 D.
1783 558 138 53 New
1953 557 181 69 York,

137 641 120 52 The
285 641 75 52 H.
388 640 88 54 W.
505 640 222 54 Wilson
755 656 296 51 company,
1081 639 151 52 1933.

211 712 54 40 15
292 723 43 36 p.
394 713 86 40 col.
508 713 163 48 front.,
698 712 63 47 pl.
820 711 56 39 22½c
925 713 27 21 m
958 743 8 9 .

209 769 67 38 “A
304 769 83 40 list
415 769 52 39 of
493 769 318 46 outstanding
837 770 129 38 state
991 766 286 41 histories”:
1306 776 43 38 p.
1379 764 158 42 13-14.

143 837 51 52 ©
228 840 128 41 June
384 840 69 48 29,
487 840 140 48 1933;
661 841 68 39 2c.
763 839 95 40 and
891 838 82 44 aff.
1007 839 117 48 July
1158 839 81 46 12;
1276 839 40 39 A
1349 837 170 48 64305;
1557 838 53 40 G.
1643 838 53 40 E.
1734 837 225 48 Shankle,
209 838 1912 108 Fredericksburg,
532 898 85 40 Va.
688 896 278 49 (33-17976)

209 998 286 68 Virginia,
522 1004 144 47 state
695 1017 181 49 name,
905 996 132 70 flag,
1066 997 133 68 seal,
1228 1016 158 50 song,
1417 996 148 68 bird,
1595 997 208 68 flower,
1833 997 113 52 and
1976 996 161 53 other

139 1075 275 68 symbols;
460 1095 31 33 a
534 1076 172 68 study
748 1075 172 53 based
965 1094 71 33 on
1080 1075 295 53 historical
1422 1076 329 52 documents
1796 1074 203 69 giving
2043 1074 95 53 the

140 1154 187 68 origin
365 1154 113 52 and
516 1153 361 69 significance
919 1152 64 53 of
1021 1153 95 52 the
1155 1158 143 48 state
1337 1172 181 48 name,
1557 1151 345 69 nicknames,
1941 1156 198 64 motto,

139 1233 132 66 seal,
301 1231 131 69 flag,
465 1231 206 66 flower,
703 1231 148 68 bird,
883 1248 158 51 song,
1074 1231 114 52 and
1221 1230 346 68 descriptive
1597 1236 308 48 comments
1937 1248 73 34 on
2043 1230 95 52 the

141 1315 143 47 state
321 1309 213 68 capitol
571 1309 113 52 and
724 1327 72 34 on
834 1327 149 35 some
1023 1307 64 55 of
1127 1308 94 53 the
1262 1308 375 69 outstanding
1676 1313 143 48 state
1858 1308 283 67 histories,

142 1387 139 52 with
309 1386 325 69 facsimiles,
662 1387 74 69 by
765 1386 221 70 George
1017 1386 195 53 Earlie
1244 1384 269 71 Shankle,
1628 1430 9 10 PH.
1706 1429 9 10 D.
1792 1387 138 52 New
1959 1385 182 69 York,

142 1466 119 52 The
287 1466 77 53 H.
389 1466 89 54 W.
503 1465 223 55 Wilson
752 1483 297 51 company,
1080 1466 151 52 1933.

217 1538 54 40 16
298 1549 43 37 p.
401 1540 84 39 col.
515 1539 163 48 front.,
705 1540 62 46 pl.
826 1538 55 39 22½
914 1541 44 21 cm
963 1572 8 7 .

217 1594 66 39 “A
312 1595 84 40 list
422 1596 52 39 of
499 1595 318 48 outstanding
844 1597 128 39 state
997 1593 287 42 histories”:
1315 1604 44 39 p.
1389 1594 157 41 14-15.

147 1663 51 51 ©
231 1667 129 40 June
389 1666 68 47 29,
491 1666 139 47 1933;
665 1667 66 39 2c.
766 1668 95 38 and
894 1666 81 40 aff.
1011 1667 116 48 July
1160 1667 81 46 12;
1277 1667 40 38 A
1351 1666 170 47 64303;
1559 1667 53 41 G.
1648 1668 52 39 E.
1738 1666 224 47 Shankle,
215 1667 1910 105 Fredericksburg,
541 1724 84 39 Va.
697 1722 279 49 (33-17974)

214 1823 400 69 Washington,
651 1830 144 47 state
832 1842 181 50 name,
1053 1823 133 70 flag,
1227 1824 132 67 seal,
1398 1842 158 51 song,
1593 1824 151 69 bird,
1782 1824 207 69 flower,
2030 1825 112 52 and

145 1901 160 53 other
339 1901 275 68 symbols;
654 1921 31 33 a
721 1903 171 68 study
927 1902 170 53 based
1136 1921 72 34 on
1244 1902 294 53 historical
1576 1904 328 52 documents
1942 1902 203 70 giving

146 1979 92 53 the
263 1979 187 69 origin
474 1980 112 53 and
611 1979 361 71 significance
995 1979 64 54 of
1082 1980 96 54 the
1204 1984 143 50 state
1373 1999 180 50 name,
1579 1980 344 70 nicknames,
1947 1985 199 63 motto,

146 2058 132 66 seal,
309 2058 130 69 flag,
471 2058 207 68 flower,
707 2058 149 68 bird,
891 2077 157 51 song,
1082 2060 114 52 and
1228 2058 341 69 descriptive
1602 2065 307 48 comments
1944 2078 72 34 on
2050 2059 96 55 the

147 2135 211 68 capitol
383 2135 266 70 building
673 2138 113 51 and
812 2155 71 34 on
909 2155 149 35 some
1084 2135 65 54 of
1172 2136 94 53 the
1292 2136 375 70 outstanding
1693 2142 143 49 state
1864 2137 282 67 histories,

148 2213 138 53 with
317 2213 324 68 facsimiles,
669 2213 76 70 by
773 2213 220 69 George
1026 2214 195 54 Earlie
1253 2213 269 69 Shankle,
1640 2258 11 10 PH.
1718 2259 9 9 D.
1796 2216 137 53 New
1965 2216 180 68 York,

149 2291 119 52 The
291 2291 75 53 H.
391 2291 89 54 W.
509 2292 222 53 Wilson
756 2308 297 53 company,
1080 2294 152 52 1933.

222 2363 56 39 12
304 2374 44 38 p.
403 2364 85 40 col.
515 2365 162 45 front.,
705 2364 62 48 pl.
822 2364 56 39 22½c
928 2367 27 21 m
960 2399 8 8 .

219 2420 68 39 “A
315 2421 83 40 list
427 2421 52 40 of
505 2422 317 47 outstanding
850 2423 128 39 state
1007 2420 286 42 histories”:
1325 2431 43 38 p.
1397 2421 158 44 11-12.

155 2488 51 51 ©
241 2493 125 39 June
397 2493 69 45 29,
500 2493 139 44 1933;
674 2493 66 41 2c.
775 2494 95 38 and
903 2492 81 40 aff.
1019 2493 117 47 July
1169 2494 81 45 12;
1287 2494 40 38 A
1359 2493 170 47 64304;
1567 2495 53 41 G.
1655 2495 52 40 E.

1746 2496 225 45 Shankle,
220 2496 1912 102 Fredericksburg,
542 2550 85 39 Va.
701 2549 279 49 (33-17977)

148 2647 188 57 South
365 2652 229 53 Dakota
624 2653 112 54 and
766 2654 187 52 North
981 2658 239 49 western
1249 2654 203 68 digest,
1482 2660 267 65 covering
1778 2659 77 50 all
1885 2677 150 35 cases

219 2676 1902 121 reported
449 2731 59 52 in
537 2732 182 55 South
746 2732 229 53 Dakota
1001 2738 240 62 reports,
1269 2734 187 52 North
1484 2740 238 49 western
1750 2742 257 61 reporter
2035 2736 112 52 and

220 2808 77 52 all
344 2808 62 52 of
452 2810 94 52 the
590 2811 170 52 north
809 2815 237 49 western
1093 2817 173 47 states
1313 2819 222 61 reports
1582 2814 153 51 from
1781 2815 94 52 the
1922 2814 225 53 earliest

220 2885 180 68 times,
439 2887 140 52 with
616 2895 228 46 current
880 2888 343 56 cumulative
1262 2891 203 67 pocket
1502 2892 210 54 service
1749 2893 246 69 keeping
2033 2894 114 53 this

221 2964 1903 133 digest always to date … Compiled and edited by the publisher’s
477 3044 266 53 editorial
781 3043 149 56 staff,
1004 3066 50 32 v.
1094 3051 84 64 38,
1215 3051 81 49 39.
1374 3049 81 54 St.
1495 3049 165 67 Paul,
1697 3052 160 53 West
222 3051 1901 140 publishing
349 3140 78 35 co.
463 3156 11 33 [
480 3129 18 20 c
503 3125 132 49 1933
641 3156 13 34 ]

222 3197 26 38 2
278 3208 42 30 v.
380 3197 56 39 26
439 3199 43 21 cm
487 3229 9 8 .

502 3264 105 30 CONTENTS.—v.
636 3253 70 41 38.
734 3255 458 41 Venue-Wills.—v.
1224 3255 71 43 39.
1324 3257 449 42 Witnesses-Work
1800 3262 95 38 and
1922 3262 149 40 labor.

160 3318 51 51 ©
240 3323 116 47 July
382 3323 70 47 20,
481 3323 113 41 1983;
652 3325 65 39 2c.
749 3326 117 39 each
895 3327 96 39 and
1020 3326 107 41 affs.
1159 3328 116 46 July
1304 3327 82 47 29;
1419 3329 40 38 A
1488 3329 157 47 63733,
1676 3331 169 45 63734;
1878 3332 134 40 West
2042 3332 108 48 pub.

227 3390 66 29 co.

154 3481 296 53 Southern
479 3484 258 63 surgical
764 3485 376 57 association.

226 3556 401 57 Transactions
679 3561 62 52 of
791 3563 93 52 the
939 3563 285 55 Southern
1274 3565 248 68 surgical
1576 3568 352 53 association.
156 3571 1970 117 Volume
425 3677 8 9 XLV.
510 3638 344 66 Forty-fifth

882 3643 209 51 annual
1118 3643 264 69 meeting,
1406 3644 132 52 held
1565 3651 58 46 at
1648 3647 221 68 Miami,
1896 3648 254 68 Florida,

158 3712 312 55 Debember
521 3715 32 67 [!]
617 3720 80 65 13,
753 3721 64 49 14
873 3720 110 52 and
1042 3724 80 64 15,
1180 3725 148 48 1932.
1422 3723 212 54 Edited
1689 3725 74 67 by
1817 3727 214 53 Robert
2085 3730 63 51 L.

159 3793 1822 78 Payne, M. D. … New York, Paul B. Hoeber, inc., 1933.
251 3867 937 53 lv, 619 p. illus., tables, diagrs. 24 cm.
165 3918 51 52 ©
247 3923 116 48 July
390 3925 69 46 31,
490 3924 140 48 1933;
661 3926 66 40 2c.
759 3929 94 39 and
883 3928 81 40 aff.
994 3929 119 48 Aug.
1147 3929 51 45 5;
1231 3931 40 38 A
1302 3931 143 40 64646;
1506 3933 121 40 Paul
1659 3935 53 40 B.
1745 3935 203 47 Hoeber,
1981 3936 90 42 inc.
