2582 4453
1366 4131 100 54 972

402 533 196 54 sketch
643 533 64 52 of
750 533 75 53 its
869 534 198 66 donor,
1110 533 99 51 the
1250 531 248 54 minutes
1543 532 65 53 of
1651 532 99 53 the
1794 530 375 70 proceedings
2215 529 64 55 of
2321 531 98 54 the

403 611 196 53 Board
645 611 66 53 of
754 616 242 48 trustees
1043 609 155 54 from
1247 612 134 51 1908
1428 616 59 47 to
1538 612 153 66 1932,
1737 609 114 54 and
1898 609 97 53 the
2042 609 235 69 policies

404 610 1990 148 developed
685 690 182 52 under
907 689 97 53 the
1045 687 309 54 directions
1397 688 66 53 of
1502 688 96 53 the
1643 689 196 52 Board
1884 688 64 53 of
1991 694 255 47 trustees.

403 689 2017 131 By-Arthur
666 768 71 53 D.
775 767 256 69 Wright,
1069 766 297 69 president
1402 765 65 54 of
1506 766 99 53 the
1642 767 196 53 Board
1877 766 65 53 of
1980 771 258 64 trustees,
2278 766 143 53 with

403 847 95 52 the
526 847 307 53 assistance
861 846 65 53 of
953 846 256 53 Edward
1239 845 68 53 E.
1335 845 249 69 Bedcay.
1648 844 406 69 Washington,
2083 844 72 53 D.
2187 844 82 60 C.,
2299 844 123 54 The

403 926 193 67 Negro
625 926 158 51 rural
809 925 192 53 school
1030 923 167 69 fund,
1222 923 128 69 inc.,
1378 925 151 51 1933.

474 996 775 51 xi, 177 p. pl., ports. 22½cm.
475 1055 131 40 Each
650 1056 202 46 chapter
891 1055 236 47 preceded
1167 1055 62 48 by
1268 1053 103 40 leaf
1410 1053 118 40 with
1574 1052 237 41 half-title
1852 1056 85 37 not
1979 1053 224 40 included
2246 1052 49 40 in
2339 1052 82 41 the

401 1112 289 48 pagination
733 1113 50 48 (7
815 1112 189 48 leaves)

409 1166 52 53 ©
500 1172 128 39 June
663 1171 69 47 16,
771 1170 114 40 1933;
951 1170 69 40 2c.
1058 1170 94 39 and
1191 1168 82 43 aff.
1311 1170 130 39 June
1475 1169 83 47 21;
1599 1169 40 39 A
1677 1168 171 47 63325;
1889 1170 159 46 Negro
2085 1170 136 38 rural
2261 1167 163 41 school

476 1229 138 46 fund,
643 1228 91 42 inc.
807 1226 283 52 (33-17093)

400 1305 147 53 New
577 1305 163 53 York
781 1304 221 68 (State)
1088 1302 183 69 Laws,
1301 1309 260 63 statutes,
1593 1309 100 48 etc.

535 1381 1731 70 … Gilbert-Bliss civil practice of the state of New York,
404 1400 1991 131 containing
669 1465 98 50 the
806 1462 155 56 Civil
999 1461 253 70 practice
1293 1467 105 61 act,
1437 1463 97 52 the
1576 1460 359 70 Surrogate’s
1976 1468 163 47 court
2179 1467 106 63 act,
2325 1461 96 53 the

402 1543 222 54 Justice
660 1549 163 47 court
860 1548 90 46 act
985 1543 113 51 and
1137 1543 77 52 all
1251 1542 162 52 other
1449 1541 251 69 practice
1737 1546 118 50 acts
1892 1542 112 52 and
2041 1542 95 52 the
2173 1543 149 52 rules
2358 1541 63 52 of

403 1621 135 53 civil
574 1621 250 69 practice
863 1621 114 53 and
1014 1622 164 53 other
1215 1628 163 47 court
1415 1623 169 56 rules,
1621 1621 142 53 with
1802 1621 392 53 amendments
2229 1627 59 46 to
2324 1620 100 53 the

404 1702 146 52 close
591 1701 64 52 of
698 1702 95 52 the
835 1700 362 70 Legislature
1239 1701 63 52 of
1346 1703 150 49 1933.
1575 1700 355 67 Annotated,
1973 1699 140 54 with
2156 1707 160 46 notes
2358 1701 63 51 of

403 1780 243 69 judicial
674 1779 279 54 decisions
981 1786 59 47 to
1067 1783 153 52 June
1250 1786 46 62 1,
1328 1783 151 62 1926,
1508 1779 325 54 derivation
1859 1785 177 61 notes,

403 1780 2019 149 cross references, etc. Edited by Joseph B. Clevenger … New York,
405 1940 207 66 Baker,
635 1938 248 54 Voorhis
906 1943 46 50 &
974 1957 310 51 company;
1311 1940 345 67 Northport,
1678 1941 70 52 N.
1774 1941 91 57 Y.,
1890 1939 254 53 Edward

403 1939 1993 133 Thompson
529 2036 311 52 company;
869 2019 140 53 New
1037 2019 164 53 York
1227 2018 113 52 and
1365 2018 252 70 Albany,
1643 2020 281 53 Matthew
1953 2019 227 53 Bender

2206 2023 44 49 &
402 2038 1992 129 company,
610 2098 421 69 incorporated,
1071 2102 152 51 1933.

477 2172 544 50 3 p. l., 131 p. 26cm.
479 2232 65 39 At
570 2231 124 39 head
723 2230 51 40 of
801 2230 136 40 title:
966 2230 207 40 Volume
1197 2230 70 39 15.
1325 2230 313 48 Recompiled
1665 2230 130 41 1933.

411 2284 51 52 ©
493 2289 117 46 July
637 2287 69 47 28,
737 2286 141 47 1933;
910 2287 67 40 2c.
1008 2288 97 39 and
1135 2286 81 41 aff.
1249 2288 116 46 July
1395 2287 82 42 29;
1511 2288 40 38 A
1581 2288 171 46 63758;
1787 2288 239 39 Matthew
2056 2288 190 39 Bender
2277 2288 36 40 &
2342 2298 83 36 co.,

479 2345 105 48 inc.,
613 2346 162 39 Baker
803 2344 209 41 Voorhis
1040 2344 37 40 &
1102 2356 82 37 co.,
1214 2344 88 40 inc.

403 2420 146 54 New
575 2421 162 52 York
765 2420 199 55 school
990 2420 65 54 of
1081 2420 182 55 social
1284 2420 185 60 work.

480 2497 191 56 Social
709 2516 123 35 case
872 2497 187 68 work;
1101 2517 72 34 an
1213 2497 217 53 outline
1471 2498 95 53 for
1606 2498 285 69 teaching,
1930 2496 142 55 with
2113 2498 311 54 annotated

407 2595 124 34 case
563 2576 227 53 records
823 2576 112 53 and
969 2576 219 68 sample
1219 2594 194 36 course
1446 2576 225 69 syllabi,
1704 2576 77 70 by
1813 2595 31 34 a
1878 2576 321 55 committee
2232 2576 64 55 of
2328 2578 98 53 the

409 2656 138 51 New
585 2655 164 52 York
783 2654 191 54 school
1011 2653 65 55 of
1111 2654 174 53 social
1321 2654 176 68 work,
1537 2655 190 53 edited
1765 2655 77 69 by
1877 2656 172 68 Mary
2086 2655 340 54 Antoinette

410 2732 241 55 Cannon
699 2734 112 52 and
859 2732 203 69 Philip
1108 2733 193 53 Klein.
1387 2733 140 53 New
1576 2733 182 67 York,
1805 2734 144 53 Pub.
1999 2734 94 54 for
2141 2735 96 53 the
2285 2734 140 53 New

411 2812 163 53 York
618 2812 192 53 school
856 2811 66 54 of
964 2811 175 54 social
1186 2811 176 70 work,
1408 2812 77 68 by
1532 2810 302 56 Columbia
1883 2811 320 71 university
2250 2832 176 50 press,

410 2893 151 52 1933.

482 2963 788 52 vii p., 2 l., 626 p., 2 l. 22½cm.
414 3019 52 53 ©
498 3024 128 39 June
656 3023 69 47 20,
757 3023 114 41 1933;
931 3024 67 40 2c.
1031 3023 96 40 and
1157 3023 82 40 aff.
1273 3024 127 39 June
1430 3023 83 42 22:
1548 3024 41 38 A
1621 3023 171 47 64098;
1828 3024 253 42 Columbia
2114 3024 130 42 univ.
2275 3033 151 39 press.

493 3080 282 49 (33-17102)

407 3154 286 68 Orchard,
722 3155 257 56 William
1010 3155 228 66 Edwin,
1272 3157 170 56 1877-

484 3236 173 52 From
690 3235 147 52 faith
871 3240 60 48 to
959 3235 182 65 faith;
1174 3254 72 35 an
1276 3235 464 68 autobiography
1770 3236 65 53 of
1864 3237 272 66 religious
415 3237 1988 137 development,

607 3313 76 66 by
705 3314 89 52 W.
823 3313 66 50 E.
917 3311 280 56 Orchard.
1258 3313 240 53 London
1526 3315 46 50 &
1596 3314 139 52 New
1762 3314 180 64 York,
1967 3315 251 52 Putnam
2272 3317 150 65 [1933]

480 3387 28 39 4
536 3397 42 37 p.
629 3418 22 14 l.,
679 3386 90 41 310
795 3397 42 38 p.
895 3386 117 42 22cm.

417 3426 2009 67 © 1c. May 9, 1933; A ad int. 17779: pub Mar. 13; Harper & bros.,
483 3501 120 39 New
631 3501 145 40 York.
849 3501 281 48 (33-17373)

409 3560 213 56 Pacific
651 3566 272 60 reporter
1009 3563 101 64 (2d
1139 3562 133 69 ser.)

481 3640 356 67 Temporary
882 3639 214 56 Pacific
1140 3641 204 68 digest,
1389 3643 269 66 covering
1700 3644 252 51 volumes
1999 3646 170 50 16-20
2210 3641 213 57 Pacific

411 3719 1970 70 reporter. Second series. With table of cases digested … By
412 3798 93 52 the
542 3798 340 68 publisher’s
915 3800 266 53 editorial
1217 3798 151 55 staff.
1449 3800 81 55 St.
1564 3803 166 55 Paul.
1762 3805 157 52 West
1957 3802 335 69 publishing
2326 3822 96 40 co.,

448 3880 118 52 1933.

486 3953 87 38 445
602 3963 43 37 p.
705 3953 116 40 24cm.

419 4004 51 53 ©
503 4010 127 39 June
659 4010 69 45 30,
762 4010 139 42 1933:
936 4011 65 40 2c.
1037 4011 117 40 July
1185 4011 82 42 24;
1303 4011 82 41 aff.
1418 4012 117 40 July
1567 4011 81 42 22:
1684 4014 39 37 A
1757 4012 170 43 64466;
1961 4014 133 38 West
2129 4014 107 47 pub.
2270 4023 67 30 co.
