2575 4405
1110 4111 67 50 45

129 456 299 65 Herndon,
457 454 157 54 John
644 450 301 68 Goodwin,
978 456 171 51 1888-

201 534 161 53 Your
394 551 123 35 new
551 532 218 53 income
803 536 129 61 tax;
969 530 98 53 the
1100 536 227 55 present
1363 528 222 54 federal
1620 528 221 53 income
1873 532 100 48 tax
2008 527 128 64 law,

131 612 324 55 illustrated
495 612 113 52 and
649 611 323 68 explained,
1011 609 76 69 by
1126 608 159 54 John
1323 608 71 55 G.
1434 607 301 68 Herndon,
1774 606 72 69 jr.
1893 649 57 10 …
1995 605 143 55 with

129 712 72 34 an
238 690 391 55 introduction
662 689 77 70 by
775 689 251 53 Thomas
1065 687 209 56 Sewall
1310 687 221 54 Adams
1573 730 57 10 …
1708 685 430 70 Philadelphia,

131 771 252 69 Chicago
421 775 139 62 [etc.]
597 770 121 52 The
751 768 158 55 John
944 766 61 56 C.
1038 767 270 55 Winston
1340 784 282 51 company
1661 799 13 34 [
1676 772 21 23 c
1702 768 153 65 1932]

199 843 650 52 xiv p., 1 l., 224 p. 22 cm .
132 900 52 52 ©
210 905 112 39 Dec.
348 903 68 47 10,
442 903 140 46 1932;
611 902 67 41 2c.
705 902 110 39 Jan.
842 901 69 47 14,
938 900 141 48 1933;
1109 899 81 41 aff.
1218 901 110 39 Jan.
1355 900 83 47 16;
1466 901 42 38 A
1534 900 171 47 57973;
1734 900 43 39 J.
1807 898 54 41 G.
1889 897 249 47 Herndon,

199 961 77 48 jr.,
305 962 249 45 Ardmore,
586 960 84 40 Pa.
740 957 253 51 (33-2000)

129 1042 284 66 Homans,
442 1042 175 66 John,
650 1042 172 54 1877-
1036 1057 179 51 comp.

200 1120 55 53 A
286 1120 272 54 textbook
588 1121 65 53 of
682 1138 259 51 surgery,
973 1120 76 68 by
1078 1120 159 54 John
1269 1119 260 54 Homans
1568 1162 57 11 …
1664 1117 283 69 compiled
1980 1116 156 57 from

130 1198 238 54 lectures
400 1199 113 53 and
542 1199 163 54 other
734 1198 264 68 writings
1027 1197 64 55 of
1127 1241 56 10 …
1217 1197 276 54 members
1525 1197 64 54 of
1615 1197 98 54 the
1744 1196 266 69 Surgical

133 1196 1978 150 department
464 1278 65 53 of
570 1277 97 54 the
711 1275 276 55 Harvard
1030 1275 243 55 medical
1314 1275 193 55 school
1555 1318 59 12 …
1659 1274 144 55 with
1848 1294 32 35 a
1922 1273 213 70 special

133 1353 482 71 bibliographical
659 1355 175 53 index
879 1355 114 54 and
1040 1353 138 55 with
1225 1353 383 54 illustrations
1652 1353 77 68 by
1772 1352 254 57 Willard
2070 1351 67 58 C.

135 1432 281 70 Shepard.
498 1431 376 71 Springfield,
918 1432 115 68 Ill.,
1076 1431 337 68 Baltimore,
1457 1431 142 67 Md.,
1644 1431 67 58 C.
1758 1431 65 58 C.
1868 1432 269 68 Thomas,

133 1515 153 53 1932.

206 1583 1142 51 x p., 1 l., 1231 p., 1 1. illus., diagrs. 25 cm .
207 1641 237 43 “Revised
473 1641 97 42 and
597 1641 230 49 enlarged
856 1640 199 49 edition,
1084 1639 271 44 November
1380 1640 158 43 1932.”

207 1698 445 50 “Bibliographical
679 1698 204 43 index”:
913 1710 44 40 p.
986 1698 276 42 1154-1206.

136 1757 52 52 ©
225 1760 102 41 Oct.
362 1760 69 47 17,
466 1757 140 49 1932;
643 1757 69 41 2c.
746 1758 112 39 Jan.
893 1757 69 47 16,
998 1757 141 48 1983;
1177 1756 84 41 aff.
1297 1758 110 39 Jan.
1443 1757 83 47 23;
1565 1757 41 39 A
1641 1756 171 48 59112;
1852 1756 203 42 Charles
2092 1757 49 41 C.

203 1817 225 40 Thomas.
498 1814 229 50 (33-2389
736 1816 13 47 )

131 1899 231 66 Horler,
391 1899 257 64 Sydney.

200 1978 123 52 The
353 1977 191 54 dealer
573 1977 61 52 in
662 1976 190 54 death.

214 2052 84 49 (In
323 2048 230 51 Thriller,
583 2048 114 43 Dec.
728 2049 41 49 3,
803 2046 144 51 1932)

137 2106 2006 52 © 1c. Jan. 23, 1933; A ad int. 17400; pubd. Nov. 26, 1932; S. Horler,
206 2166 378 47 Bournemouth,
622 2166 238 47 England.

203 2249 189 52 Death
423 2248 61 53 in
512 2248 96 54 the
639 2246 161 54 dark.
882 2247 364 68 [Instalment
1277 2250 49 65 5]
1407 2246 361 57 Conclusion.

217 2323 82 49 (In
325 2319 144 45 Ideas
498 2319 96 44 and
621 2324 135 40 town
783 2319 123 52 talk,
936 2319 114 44 Dec.
1080 2320 41 51 3,
1153 2319 144 52 1932)

138 2377 2004 52 © 1c. Jan. 23, 1933; A ad int. 17399; pubd. Nov. 26, 1932; S. Horler,
207 2438 380 48 Bournemouth,
620 2437 311 49 Hampshire,
967 2438 238 47 England.

136 2518 253 68 Huxley,
417 2518 226 56 Aldous
667 2521 291 65 Leonard,
989 2525 171 50 1894-

204 2597 175 53 Texts
413 2599 51 51 &
499 2602 272 64 pretexts,
805 2616 76 35 an
915 2597 316 70 anthology
1266 2597 143 54 with
1441 2597 450 70 commentaries,
1926 2597 77 71 by
135 2597 1982 131 Aldous

315 2675 251 69 Huxley.
642 2675 141 54 New
826 2675 165 54 York
1030 2676 116 54 and
1185 2676 261 69 London,
1487 2675 236 70 Harper
1765 2679 53 52 &
1860 2676 283 70 brothers,
136 2755 151 52 1933.

207 2825 668 50 vii p., 1 l., 322 p. 21½ cm .
209 2883 162 41 “First
400 2882 229 43 edition.”

141 2937 52 52 ©
229 2942 109 40 Jan.
373 2942 70 47 18,
477 2941 141 48 1933;
657 2942 67 41 2c.
761 2943 111 40 Jan.
908 2943 82 47 19;
1029 2942 81 40 aff.
1149 2944 110 39 Jan.
1294 2943 83 48 20;
1416 2943 42 40 A
1493 2943 171 48 59035;
1701 2943 55 40 A.
1794 2944 210 46 Huxley,
2044 2942 100 49 Cap

210 3000 277 48 Gorquette,
520 2999 202 49 Sanary,
755 3002 200 39 France.
1027 3000 252 50 (33-2325)

138 3082 221 66 James,
385 3083 256 55 William
671 3085 63 55 F.

209 3157 244 72 History
479 3161 64 54 of
570 3160 118 57 San
714 3162 154 68 Jose,
894 3162 346 69 California,
1265 3163 294 54 narrative
1585 3163 113 54 and
1723 3162 417 69 biographical,

140 3235 75 70 by
242 3238 261 54 William
530 3240 67 52 F.
628 3239 195 54 James
854 3240 113 53 and
998 3240 221 69 George
1250 3242 77 52 H.
1357 3241 334 67 McMurry;
1723 3242 149 52 Paul
1904 3241 237 56 Gordon

141 3314 157 69 Teal,
334 3316 396 69 biographical
767 3318 204 53 editor.
1047 3318 119 56 San
1200 3318 154 68 Jose,
1391 3319 198 67 Calif.,
1625 3319 73 53 A.
1735 3319 79 54 H.
1854 3319 288 68 Cawston,

143 3397 150 51 1933.

214 3463 100 49 243,
342 3468 55 49 [1]
424 3476 44 39 p.
520 3465 166 51 front.,
710 3467 173 50 plates,
909 3470 151 48 ports.
1112 3468 58 42 27
1173 3470 44 23 cm
1220 3500 11 10 .

144 3520 52 52 ©
222 3526 109 39 Jan.
357 3524 69 48 19,
450 3524 140 47 1933;
617 3524 69 41 2c.
711 3526 112 39 Jan.
846 3525 83 48 25;
957 3526 83 41 aff.
1066 3526 110 41 Jan.
1200 3527 84 47 23;
1312 3528 42 38 A
1380 3527 170 48 59121;
1580 3527 184 49 George
1790 3528 60 40 H.
1879 3528 264 49 McMurry,

215 3581 96 40 San
337 3582 127 46 Jose,
491 3582 145 41 Calif.
707 3582 251 49 (33-2383)

140 3667 316 69 Ketchum,
483 3670 141 54 Milo
651 3671 217 65 Smith,
901 3673 170 55 1872-

210 3748 122 52 The
372 3747 200 69 design
614 3749 66 52 of
719 3750 138 53 steel
898 3749 126 54 mill
1065 3748 294 72 buildings
1402 3752 114 53 and
1557 3752 98 54 the
1696 3749 343 57 calculation
2079 3751 66 54 of

140 3830 229 49 stresses
396 3826 62 52 in
487 3826 225 54 framed
738 3832 330 65 structures,
1096 3829 76 68 by
1199 3828 144 54 Milo
1377 3828 58 57 S.
1464 3829 288 54 Ketchum
1785 3871 57 12 …
1913 3829 99 53 5th
2039 3829 106 69 ed.,

144 3907 84 49 1st
275 3904 302 67 thousand,
625 3906 144 51 total
818 3904 165 70 issue,
1030 3908 69 51 24
1143 3906 286 55 thousand
1481 3950 58 11 …
1629 3907 141 55 New
1819 3906 164 56 York
2029 3910 112 58 and

141 3981 258 67 London,
439 3980 432 57 McGraw-Hill
909 3983 148 54 book
1096 4001 299 53 company,
1432 3985 127 69 inc.,
1602 3989 150 51 1932.
