<alto xmlns="http://www.loc.gov/standards/alto/ns-v3#" xmlns:xlink="http://www.w3.org/1999/xlink" xmlns:xsi="http://www.w3.org/2001/XMLSchema-instance" xsi:schemaLocation="http://www.loc.gov/standards/alto/ns-v3# http://www.loc.gov/alto/v3/alto-3-0.xsd"><Description>
<MeasurementUnit>pixel</MeasurementUnit>
<sourceImageInformation>
<fileName>1933_v1_Part1.pdf</fileName>
</sourceImageInformation>
<OCRProcessing ID="IdOcr">
<ocrProcessingStep>
<processingDateTime>2019-01-03</processingDateTime>
<processingSoftware>
<softwareCreator>ABBYY</softwareCreator>
<softwareName>ABBYY Recognition Server</softwareName>
<softwareVersion>4.0</softwareVersion>
</processingSoftware>
</ocrProcessingStep>
</OCRProcessing>
</Description>
<Styles>
<ParagraphStyle ID="StyleId-FFFFFFFF-FFFF-FFFF-FFFF-FFFFFFFFFFFF-" ALIGN="Left" LEFT="0." RIGHT="0." FIRSTLINE="0."/>
<ParagraphStyle ID="StyleId-6EF5737A-DCEB-4126-A0CF-C5930BF7166A-" ALIGN="Left" LEFT="0." RIGHT="0." FIRSTLINE="0." LINESPACE="8.300000191"/>
<ParagraphStyle ID="StyleId-2DE44258-FD0B-41E1-B542-087C989B01A3-" ALIGN="Left" LEFT="0." RIGHT="0." FIRSTLINE="0." LINESPACE="12.19999981"/>
<ParagraphStyle ID="StyleId-CE3D254A-29D7-4DD7-B5F1-E0FC0EF29B05-" ALIGN="Left" LEFT="0." RIGHT="0." FIRSTLINE="-14." LINESPACE="8.619999886"/>
<ParagraphStyle ID="StyleId-C0E3A137-CE4F-4287-8A90-B599106709D0-" ALIGN="Left" LEFT="0." RIGHT="0." FIRSTLINE="-14." LINESPACE="12.19999981"/>
<ParagraphStyle ID="StyleId-50F26F0C-05DA-4C19-BA58-7A6AC4499BEE-" ALIGN="Left" LEFT="0." RIGHT="0." FIRSTLINE="-14." LINESPACE="11.06999969"/>
<ParagraphStyle ID="StyleId-5DDE65AF-512C-41E2-9B8E-095D6D99EF68-" ALIGN="Center" LEFT="0." RIGHT="0." FIRSTLINE="0." LINESPACE="11.89999962"/>
<ParagraphStyle ID="StyleId-0A81D7A5-6A62-4C52-915E-7768974C704D-" ALIGN="Left" LEFT="0." RIGHT="0." FIRSTLINE="0." LINESPACE="9.399999619"/>
<ParagraphStyle ID="StyleId-F7A0127F-6B48-4157-BB81-FE33E1E1A05B-" ALIGN="Block" LEFT="0." RIGHT="0." FIRSTLINE="-13." LINESPACE="10.63000011"/>
<ParagraphStyle ID="StyleId-E18C69F7-DBD7-48B1-805C-FCD96D0DA019-" ALIGN="Left" LEFT="0." RIGHT="0." FIRSTLINE="0." LINESPACE="11.64000034"/>
<ParagraphStyle ID="StyleId-98F15501-B611-4E83-8BB3-807E891F11F5-" ALIGN="Left" LEFT="0." RIGHT="0." FIRSTLINE="-14." LINESPACE="12.19999981"/>
<ParagraphStyle ID="StyleId-F4A78626-0BBC-4D12-94D9-A1AE75A9855F-" ALIGN="Left" LEFT="0." RIGHT="0." FIRSTLINE="0." LINESPACE="9.399999619"/>
<ParagraphStyle ID="StyleId-6A3F6F4C-D21B-4ADE-902F-7683F18ECEF3-" ALIGN="Left" LEFT="0." RIGHT="0." FIRSTLINE="0." LINESPACE="11.10000038"/>
</Styles>
<Layout>
<Page ID="Page984" PHYSICAL_IMG_NR="984" HEIGHT="4453" WIDTH="2582">
<TopMargin HEIGHT="426" WIDTH="2582" VPOS="0" HPOS="0">
</TopMargin>
<LeftMargin HEIGHT="3676" WIDTH="352" VPOS="426" HPOS="0">
</LeftMargin>
<RightMargin HEIGHT="3676" WIDTH="186" VPOS="426" HPOS="2396">
</RightMargin>
<BottomMargin HEIGHT="351" WIDTH="2582" VPOS="4102" HPOS="0">
<TextBlock ID="Page984_Block1" HEIGHT="72" WIDTH="122" VPOS="4104" HPOS="1310" LANG="en-US" STYLEREFS="StyleId-1F14426B-A091-456D-9CA2-8B5434721087-">
<TextLine HEIGHT="51" WIDTH="103" VPOS="4115" HPOS="1320">
<String CONTENT="984" HEIGHT="51" WIDTH="103" VPOS="4115" HPOS="1320"/>
</TextLine>
</TextBlock>
</BottomMargin>
<PrintSpace HEIGHT="3676" WIDTH="2044" VPOS="426" HPOS="352">
<TextBlock ID="Page984_Block2" HEIGHT="3676" WIDTH="2044" VPOS="426" HPOS="352" LANG="en-US" CS="1" STYLEREFS="StyleId-022147D9-4838-4820-A8F3-271FBF24FD94-">
<TextLine HEIGHT="55" WIDTH="1940" VPOS="508" HPOS="437">
<String CONTENT="These" HEIGHT="39" WIDTH="155" VPOS="518" HPOS="437"/>
<SP HEIGHT="36" WIDTH="30" VPOS="527" HPOS="593"/>
<String CONTENT="pamphlets" HEIGHT="47" WIDTH="274" VPOS="516" HPOS="624"/>
<SP HEIGHT="29" WIDTH="30" VPOS="525" HPOS="899"/>
<String CONTENT="are" HEIGHT="29" WIDTH="85" VPOS="525" HPOS="930"/>
<SP HEIGHT="38" WIDTH="27" VPOS="516" HPOS="1016"/>
<String CONTENT="to" HEIGHT="38" WIDTH="49" VPOS="516" HPOS="1044"/>
<SP HEIGHT="40" WIDTH="28" VPOS="514" HPOS="1094"/>
<String CONTENT="be" HEIGHT="38" WIDTH="59" VPOS="514" HPOS="1123"/>
<SP HEIGHT="40" WIDTH="27" VPOS="512" HPOS="1183"/>
<String CONTENT="fitted" HEIGHT="40" WIDTH="139" VPOS="512" HPOS="1211"/>
<SP HEIGHT="40" WIDTH="31" VPOS="511" HPOS="1351"/>
<String CONTENT="into" HEIGHT="41" WIDTH="101" VPOS="511" HPOS="1383"/>
<SP HEIGHT="37" WIDTH="32" VPOS="514" HPOS="1485"/>
<String CONTENT="the" HEIGHT="39" WIDTH="84" VPOS="512" HPOS="1518"/>
<SP HEIGHT="39" WIDTH="26" VPOS="520" HPOS="1603"/>
<String CONTENT="pockets" HEIGHT="48" WIDTH="197" VPOS="511" HPOS="1630"/>
<SP HEIGHT="30" WIDTH="32" VPOS="520" HPOS="1828"/>
<String CONTENT="at" HEIGHT="37" WIDTH="51" VPOS="513" HPOS="1861"/>
<SP HEIGHT="39" WIDTH="31" VPOS="511" HPOS="1913"/>
<String CONTENT="the" HEIGHT="39" WIDTH="82" VPOS="510" HPOS="1945"/>
<SP HEIGHT="39" WIDTH="28" VPOS="510" HPOS="2028"/>
<String CONTENT="back" HEIGHT="40" WIDTH="123" VPOS="509" HPOS="2057"/>
<SP HEIGHT="40" WIDTH="30" VPOS="509" HPOS="2181"/>
<String CONTENT="of" HEIGHT="41" WIDTH="52" VPOS="508" HPOS="2212"/>
<SP HEIGHT="42" WIDTH="29" VPOS="508" HPOS="2265"/>
<String CONTENT="the" HEIGHT="40" WIDTH="82" VPOS="510" HPOS="2295"/>
</TextLine>
<TextLine HEIGHT="47" WIDTH="1130" VPOS="570" HPOS="367">
<String CONTENT="volumes" HEIGHT="38" WIDTH="217" VPOS="576" HPOS="367"/>
<SP HEIGHT="28" WIDTH="25" VPOS="585" HPOS="585"/>
<String CONTENT="of" HEIGHT="39" WIDTH="53" VPOS="574" HPOS="611"/>
<SP HEIGHT="39" WIDTH="26" VPOS="574" HPOS="665"/>
<String CONTENT="the" HEIGHT="39" WIDTH="80" VPOS="574" HPOS="692"/>
<SP HEIGHT="29" WIDTH="26" VPOS="582" HPOS="773"/>
<String CONTENT="set" HEIGHT="37" WIDTH="73" VPOS="575" HPOS="800"/>
<SP HEIGHT="39" WIDTH="28" VPOS="573" HPOS="874"/>
<String CONTENT="to" HEIGHT="38" WIDTH="48" VPOS="573" HPOS="903"/>
<SP HEIGHT="29" WIDTH="27" VPOS="582" HPOS="952"/>
<String CONTENT="which" HEIGHT="40" WIDTH="158" VPOS="570" HPOS="980"/>
<SP HEIGHT="38" WIDTH="28" VPOS="571" HPOS="1139"/>
<String CONTENT="they" HEIGHT="47" WIDTH="116" VPOS="570" HPOS="1168"/>
<SP HEIGHT="47" WIDTH="25" VPOS="570" HPOS="1285"/>
<String CONTENT="belong." HEIGHT="46" WIDTH="186" VPOS="570" HPOS="1311"/>
</TextLine>
<TextLine HEIGHT="56" WIDTH="2006" VPOS="623" HPOS="371" CS="1">
<String CONTENT="&#169;" HEIGHT="52" WIDTH="51" VPOS="627" HPOS="371"/>
<SP HEIGHT="52" WIDTH="23" VPOS="627" HPOS="423"/>
<String CONTENT="July" HEIGHT="46" WIDTH="117" VPOS="632" HPOS="447"/>
<SP HEIGHT="48" WIDTH="21" VPOS="630" HPOS="565"/>
<String CS="1" CONTENT="26," HEIGHT="47" WIDTH="69" VPOS="630" HPOS="587"/>
<SP HEIGHT="47" WIDTH="24" VPOS="630" HPOS="657"/>
<String CS="1" CONTENT="1933;" HEIGHT="40" WIDTH="113" VPOS="629" HPOS="682"/>
<SP HEIGHT="47" WIDTH="25" VPOS="629" HPOS="823"/>
<String CONTENT="2c." HEIGHT="39" WIDTH="65" VPOS="629" HPOS="849"/>
<SP HEIGHT="28" WIDTH="22" VPOS="639" HPOS="915"/>
<String CONTENT="each" HEIGHT="39" WIDTH="120" VPOS="628" HPOS="938"/>
<SP HEIGHT="39" WIDTH="23" VPOS="628" HPOS="1059"/>
<String CONTENT="and" HEIGHT="39" WIDTH="95" VPOS="628" HPOS="1083"/>
<SP HEIGHT="39" WIDTH="24" VPOS="628" HPOS="1179"/>
<String CONTENT="aff." HEIGHT="41" WIDTH="81" VPOS="626" HPOS="1204"/>
<SP HEIGHT="39" WIDTH="24" VPOS="626" HPOS="1286"/>
<String CONTENT="Aug." HEIGHT="47" WIDTH="119" VPOS="626" HPOS="1311"/>
<SP HEIGHT="39" WIDTH="25" VPOS="627" HPOS="1431"/>
<String CS="1" CONTENT="1;" HEIGHT="38" WIDTH="24" VPOS="627" HPOS="1457"/>
<SP HEIGHT="48" WIDTH="24" VPOS="625" HPOS="1511"/>
<!-- cceid 45EFE02B-6CF9-1014-A6CF-A82867D68027 --><String CONTENT="A" HEIGHT="39" WIDTH="40" VPOS="625" HPOS="1536"/>
<SP HEIGHT="41" WIDTH="24" VPOS="624" HPOS="1577"/>
<String CS="1" CONTENT="63780;" HEIGHT="41" WIDTH="144" VPOS="624" HPOS="1602"/>
<SP HEIGHT="48" WIDTH="26" VPOS="624" HPOS="1773"/>
<String CONTENT="Baker," HEIGHT="47" WIDTH="175" VPOS="624" HPOS="1800"/>
<SP HEIGHT="47" WIDTH="25" VPOS="624" HPOS="1976"/>
<String CONTENT="Yoorhis" HEIGHT="41" WIDTH="207" VPOS="623" HPOS="2002"/>
<SP HEIGHT="40" WIDTH="24" VPOS="623" HPOS="2210"/>
<String CONTENT="&amp;" HEIGHT="40" WIDTH="36" VPOS="623" HPOS="2235"/>
<SP HEIGHT="41" WIDTH="22" VPOS="623" HPOS="2272"/>
<String CONTENT="co.," HEIGHT="39" WIDTH="82" VPOS="632" HPOS="2295"/>
</TextLine>
<TextLine HEIGHT="41" WIDTH="89" VPOS="688" HPOS="436" CS="1">
<String CONTENT="inc." HEIGHT="41" WIDTH="89" VPOS="688" HPOS="436"/>
<SP/>
</TextLine>
<TextLine HEIGHT="70" WIDTH="927" VPOS="789" HPOS="362" STYLEREFS="StyleId-9CA9E301-EAE7-4745-955C-1C6D9ABE1077-">
<String CONTENT="Johnsen," HEIGHT="66" WIDTH="283" VPOS="793" HPOS="362"/>
<SP HEIGHT="67" WIDTH="28" VPOS="792" HPOS="646"/>
<String CONTENT="Julia" HEIGHT="54" WIDTH="157" VPOS="792" HPOS="675"/>
<SP HEIGHT="54" WIDTH="29" VPOS="792" HPOS="833"/>
<String CONTENT="Emily," HEIGHT="66" WIDTH="215" VPOS="789" HPOS="863"/>
<SP HEIGHT="47" WIDTH="29" VPOS="808" HPOS="1079"/>
<String CONTENT="comp." HEIGHT="50" WIDTH="180" VPOS="808" HPOS="1109"/>
</TextLine>
<TextLine HEIGHT="72" WIDTH="1878" VPOS="864" HPOS="503" STYLEREFS="StyleId-9CA9E301-EAE7-4745-955C-1C6D9ABE1077-" CS="1">
<String CS="1" CONTENT="&#8230;"/>
<SP HEIGHT="55" WIDTH="51" VPOS="870" HPOS="503"/>
<String CONTENT="Chinese-Japanese" HEIGHT="66" WIDTH="555" VPOS="870" HPOS="555"/>
<SP HEIGHT="34" WIDTH="45" VPOS="886" HPOS="1111"/>
<String CONTENT="war," HEIGHT="47" WIDTH="135" VPOS="886" HPOS="1157"/>
<SP HEIGHT="48" WIDTH="44" VPOS="885" HPOS="1293"/>
<String CONTENT="compiled" HEIGHT="67" WIDTH="280" VPOS="866" HPOS="1338"/>
<SP HEIGHT="52" WIDTH="45" VPOS="866" HPOS="1619"/>
<String CONTENT="by" HEIGHT="67" WIDTH="75" VPOS="866" HPOS="1665"/>
<SP HEIGHT="68" WIDTH="44" VPOS="865" HPOS="1741"/>
<String CONTENT="Julia" HEIGHT="54" WIDTH="161" VPOS="865" HPOS="1786"/>
<SP HEIGHT="52" WIDTH="44" VPOS="865" HPOS="1948"/>
<String CONTENT="E." HEIGHT="52" WIDTH="69" VPOS="865" HPOS="1993"/>
<SP HEIGHT="53" WIDTH="44" VPOS="865" HPOS="2063"/>
<String CONTENT="Johnsen." HEIGHT="54" WIDTH="273" VPOS="864" HPOS="2108"/>
</TextLine>
<TextLine HEIGHT="71" WIDTH="1492" VPOS="944" HPOS="368" STYLEREFS="StyleId-9CA9E301-EAE7-4745-955C-1C6D9ABE1077-">
<String CONTENT="New" HEIGHT="53" WIDTH="139" VPOS="950" HPOS="368"/>
<SP HEIGHT="53" WIDTH="28" VPOS="949" HPOS="508"/>
<String CONTENT="York," HEIGHT="68" WIDTH="181" VPOS="947" HPOS="537"/>
<SP HEIGHT="67" WIDTH="27" VPOS="948" HPOS="719"/>
<String CONTENT="The" HEIGHT="51" WIDTH="120" VPOS="948" HPOS="747"/>
<SP HEIGHT="52" WIDTH="28" VPOS="947" HPOS="868"/>
<String LANG="fr" CONTENT="H." HEIGHT="52" WIDTH="77" VPOS="947" HPOS="897"/>
<SP HEIGHT="55" WIDTH="27" VPOS="945" HPOS="975"/>
<String CONTENT="W." HEIGHT="55" WIDTH="91" VPOS="945" HPOS="1003"/>
<SP HEIGHT="55" WIDTH="27" VPOS="944" HPOS="1095"/>
<String CONTENT="Wilson" HEIGHT="54" WIDTH="225" VPOS="944" HPOS="1123"/>
<SP HEIGHT="34" WIDTH="27" VPOS="962" HPOS="1349"/>
<String CONTENT="company," HEIGHT="49" WIDTH="300" VPOS="962" HPOS="1377"/>
<SP HEIGHT="65" WIDTH="30" VPOS="946" HPOS="1678"/>
<String CONTENT="1988." HEIGHT="50" WIDTH="151" VPOS="945" HPOS="1709"/>
</TextLine>
<TextLine HEIGHT="54" WIDTH="1405" VPOS="1017" HPOS="441" CS="1">
<String CONTENT="196" HEIGHT="40" WIDTH="86" VPOS="1023" HPOS="441"/>
<SP HEIGHT="48" WIDTH="24" VPOS="1023" HPOS="528"/>
<String CONTENT="p." HEIGHT="37" WIDTH="42" VPOS="1034" HPOS="553"/>
<SP HEIGHT="40" WIDTH="53" VPOS="1023" HPOS="596"/>
<String CONTENT="20" HEIGHT="41" WIDTH="56" VPOS="1021" HPOS="650"/>
<String STYLE="superscript" CS="1" CONTENT="cm" HEIGHT="20" WIDTH="15" VPOS="1024" HPOS="708"/>
<String CONTENT="." HEIGHT="8" WIDTH="8" VPOS="1054" HPOS="759"/>
<SP HEIGHT="46" WIDTH="65" VPOS="1022" HPOS="768"/>
<String CONTENT="(The" HEIGHT="47" WIDTH="125" VPOS="1021" HPOS="834"/>
<SP HEIGHT="29" WIDTH="26" VPOS="1031" HPOS="960"/>
<String CONTENT="reference" HEIGHT="39" WIDTH="248" VPOS="1020" HPOS="987"/>
<SP HEIGHT="30" WIDTH="26" VPOS="1029" HPOS="1236"/>
<String CONTENT="shelf," HEIGHT="48" WIDTH="142" VPOS="1017" HPOS="1263"/>
<SP HEIGHT="35" WIDTH="28" VPOS="1030" HPOS="1406"/>
<String CONTENT="vol." HEIGHT="41" WIDTH="92" VPOS="1019" HPOS="1435"/>
<SP HEIGHT="31" WIDTH="26" VPOS="1029" HPOS="1528"/>
<String CS="1" CONTENT="VIII," HEIGHT="16" WIDTH="8" VPOS="1049" HPOS="1653"/>
<SP HEIGHT="36" WIDTH="27" VPOS="1029" HPOS="1662"/>
<String CONTENT="no." HEIGHT="29" WIDTH="74" VPOS="1029" HPOS="1690"/>
<SP HEIGHT="40" WIDTH="28" VPOS="1017" HPOS="1765"/>
<String CS="1" CONTENT="8)" HEIGHT="46" WIDTH="14" VPOS="1019" HPOS="1832"/>
</TextLine>
<TextLine HEIGHT="51" WIDTH="683" VPOS="1077" HPOS="439" CS="1">
<String CS="1" CONTENT="Bibliography:" HEIGHT="48" WIDTH="351" VPOS="1080" HPOS="439"/>
<SP HEIGHT="38" WIDTH="32" VPOS="1089" HPOS="819"/>
<String CONTENT="p." HEIGHT="38" WIDTH="44" VPOS="1089" HPOS="852"/>
<SP HEIGHT="29" WIDTH="35" VPOS="1097" HPOS="897"/>
<String CS="1" CONTENT="[21]-40." HEIGHT="49" WIDTH="175" VPOS="1077" HPOS="947"/>
</TextLine>
<TextLine HEIGHT="56" WIDTH="1893" VPOS="1130" HPOS="373">
<String CONTENT="&#169;" HEIGHT="52" WIDTH="51" VPOS="1134" HPOS="373"/>
<SP HEIGHT="52" WIDTH="29" VPOS="1134" HPOS="425"/>
<String CONTENT="June" HEIGHT="39" WIDTH="126" VPOS="1138" HPOS="455"/>
<SP HEIGHT="40" WIDTH="29" VPOS="1137" HPOS="582"/>
<String CONTENT="22," HEIGHT="45" WIDTH="70" VPOS="1137" HPOS="612"/>
<SP HEIGHT="45" WIDTH="30" VPOS="1137" HPOS="683"/>
<String CONTENT="1933;" HEIGHT="45" WIDTH="140" VPOS="1136" HPOS="714"/>
<SP HEIGHT="45" WIDTH="32" VPOS="1136" HPOS="855"/>
<String CONTENT="2c." HEIGHT="42" WIDTH="67" VPOS="1136" HPOS="888"/>
<SP HEIGHT="33" WIDTH="30" VPOS="1145" HPOS="956"/>
<String CONTENT="and" HEIGHT="39" WIDTH="97" VPOS="1135" HPOS="987"/>
<SP HEIGHT="39" WIDTH="29" VPOS="1135" HPOS="1085"/>
<String CONTENT="aff." HEIGHT="42" WIDTH="83" VPOS="1133" HPOS="1115"/>
<SP HEIGHT="41" WIDTH="31" VPOS="1134" HPOS="1199"/>
<String CONTENT="June" HEIGHT="39" WIDTH="126" VPOS="1134" HPOS="1231"/>
<SP HEIGHT="40" WIDTH="29" VPOS="1133" HPOS="1358"/>
<String CONTENT="29;" HEIGHT="47" WIDTH="83" VPOS="1132" HPOS="1388"/>
<SP HEIGHT="47" WIDTH="33" VPOS="1132" HPOS="1472"/>
<!-- cceid 45F05123-6CF9-1014-A6CF-A82867D68027 --><String CONTENT="A" HEIGHT="39" WIDTH="40" VPOS="1132" HPOS="1506"/>
<SP HEIGHT="39" WIDTH="30" VPOS="1132" HPOS="1547"/>
<String CONTENT="64167;" HEIGHT="48" WIDTH="170" VPOS="1131" HPOS="1578"/>
<SP HEIGHT="47" WIDTH="34" VPOS="1132" HPOS="1749"/>
<String LANG="fr" CONTENT="H." HEIGHT="39" WIDTH="60" VPOS="1132" HPOS="1784"/>
<SP HEIGHT="40" WIDTH="31" VPOS="1132" HPOS="1845"/>
<String CONTENT="W." HEIGHT="40" WIDTH="72" VPOS="1132" HPOS="1877"/>
<SP HEIGHT="40" WIDTH="31" VPOS="1132" HPOS="1950"/>
<String CONTENT="Wilson" HEIGHT="42" WIDTH="186" VPOS="1130" HPOS="1982"/>
<SP HEIGHT="30" WIDTH="31" VPOS="1141" HPOS="2169"/>
<String CONTENT="co." HEIGHT="30" WIDTH="65" VPOS="1141" HPOS="2201"/>
</TextLine>
<TextLine HEIGHT="49" WIDTH="281" VPOS="1194" HPOS="450">
<String CONTENT="(33-17550)" HEIGHT="49" WIDTH="281" VPOS="1194" HPOS="450"/>
</TextLine>
<TextLine HEIGHT="66" WIDTH="870" VPOS="1284" HPOS="365" STYLEREFS="StyleId-9CA9E301-EAE7-4745-955C-1C6D9ABE1077-">
<String CONTENT="Keniston," HEIGHT="66" WIDTH="311" VPOS="1284" HPOS="365"/>
<SP HEIGHT="64" WIDTH="30" VPOS="1286" HPOS="677"/>
<String CONTENT="Hayward," HEIGHT="64" WIDTH="320" VPOS="1284" HPOS="708"/>
<SP HEIGHT="55" WIDTH="33" VPOS="1288" HPOS="1029"/>
<String CONTENT="1883-" HEIGHT="51" WIDTH="172" VPOS="1287" HPOS="1063"/>
</TextLine>
<TextLine HEIGHT="71" WIDTH="1943" VPOS="1359" HPOS="441" STYLEREFS="StyleId-9CA9E301-EAE7-4745-955C-1C6D9ABE1077-">
<String CONTENT="A" HEIGHT="52" WIDTH="54" VPOS="1365" HPOS="441"/>
<SP HEIGHT="52" WIDTH="43" VPOS="1365" HPOS="496"/>
<String CONTENT="basic" HEIGHT="52" WIDTH="154" VPOS="1365" HPOS="540"/>
<SP HEIGHT="52" WIDTH="45" VPOS="1365" HPOS="695"/>
<String CONTENT="list" HEIGHT="52" WIDTH="98" VPOS="1364" HPOS="741"/>
<SP HEIGHT="47" WIDTH="44" VPOS="1369" HPOS="840"/>
<String CONTENT="of" HEIGHT="53" WIDTH="63" VPOS="1362" HPOS="885"/>
<SP HEIGHT="55" WIDTH="47" VPOS="1361" HPOS="949"/>
<String CONTENT="Spanish" HEIGHT="70" WIDTH="252" VPOS="1360" HPOS="997"/>
<SP HEIGHT="52" WIDTH="44" VPOS="1361" HPOS="1250"/>
<String CONTENT="words" HEIGHT="53" WIDTH="187" VPOS="1361" HPOS="1295"/>
<SP HEIGHT="34" WIDTH="47" VPOS="1380" HPOS="1483"/>
<String CONTENT="and" HEIGHT="52" WIDTH="113" VPOS="1361" HPOS="1531"/>
<SP HEIGHT="52" WIDTH="45" VPOS="1361" HPOS="1645"/>
<String CONTENT="idioms," HEIGHT="68" WIDTH="225" VPOS="1359" HPOS="1691"/>
<SP HEIGHT="67" WIDTH="44" VPOS="1360" HPOS="1917"/>
<String CONTENT="by" HEIGHT="67" WIDTH="77" VPOS="1360" HPOS="1962"/>
<SP HEIGHT="67" WIDTH="44" VPOS="1360" HPOS="2040"/>
<String CONTENT="Hayward" HEIGHT="67" WIDTH="299" VPOS="1360" HPOS="2085"/>
</TextLine>
<TextLine HEIGHT="70" WIDTH="2014" VPOS="1437" HPOS="371" STYLEREFS="StyleId-9CA9E301-EAE7-4745-955C-1C6D9ABE1077-" CS="1">
<String CONTENT="Keniston" HEIGHT="53" WIDTH="286" VPOS="1443" HPOS="371"/>
<SP HEIGHT="33" WIDTH="40" VPOS="1461" HPOS="658"/>
<String CS="1" CONTENT="&#8230;"/>
<SP HEIGHT="55" WIDTH="80" VPOS="1439" HPOS="754"/>
<String CONTENT="Chicago," HEIGHT="68" WIDTH="271" VPOS="1439" HPOS="835"/>
<SP HEIGHT="67" WIDTH="35" VPOS="1440" HPOS="1107"/>
<String CONTENT="Ill.," HEIGHT="67" WIDTH="114" VPOS="1439" HPOS="1143"/>
<SP HEIGHT="67" WIDTH="36" VPOS="1439" HPOS="1258"/>
<String CONTENT="The" HEIGHT="52" WIDTH="122" VPOS="1439" HPOS="1295"/>
<SP HEIGHT="53" WIDTH="36" VPOS="1439" HPOS="1418"/>
<String CONTENT="University" HEIGHT="67" WIDTH="338" VPOS="1438" HPOS="1455"/>
<SP HEIGHT="48" WIDTH="38" VPOS="1457" HPOS="1794"/>
<String CONTENT="of" HEIGHT="54" WIDTH="64" VPOS="1437" HPOS="1833"/>
<SP HEIGHT="55" WIDTH="37" VPOS="1437" HPOS="1898"/>
<String CONTENT="Chicago" HEIGHT="68" WIDTH="253" VPOS="1437" HPOS="1936"/>
<SP HEIGHT="49" WIDTH="38" VPOS="1456" HPOS="2190"/>
<String CONTENT="press" HEIGHT="49" WIDTH="156" VPOS="1456" HPOS="2229"/>
</TextLine>
<TextLine HEIGHT="63" WIDTH="176" VPOS="1524" HPOS="392" STYLEREFS="StyleId-9CA9E301-EAE7-4745-955C-1C6D9ABE1077-" CS="1">
<String CS="1" CONTENT="["/>
<String STYLE="superscript" CONTENT="c" HEIGHT="21" WIDTH="18" VPOS="1527" HPOS="392"/>
<String CONTENT="1988]" HEIGHT="63" WIDTH="153" VPOS="1524" HPOS="415"/>
</TextLine>
<TextLine HEIGHT="55" WIDTH="1738" VPOS="1587" HPOS="440" CS="1">
<String CONTENT="xxi," HEIGHT="48" WIDTH="100" VPOS="1593" HPOS="440"/>
<SP HEIGHT="29" WIDTH="33" VPOS="1613" HPOS="541"/>
<String CONTENT="[1]," HEIGHT="49" WIDTH="71" VPOS="1593" HPOS="575"/>
<SP HEIGHT="46" WIDTH="29" VPOS="1593" HPOS="647"/>
<String CONTENT="67," HEIGHT="46" WIDTH="68" VPOS="1593" HPOS="677"/>
<SP HEIGHT="29" WIDTH="32" VPOS="1612" HPOS="746"/>
<String CONTENT="[1]" HEIGHT="49" WIDTH="55" VPOS="1593" HPOS="779"/>
<SP HEIGHT="40" WIDTH="31" VPOS="1602" HPOS="835"/>
<String CONTENT="p." HEIGHT="38" WIDTH="43" VPOS="1602" HPOS="867"/>
<SP HEIGHT="40" WIDTH="57" VPOS="1592" HPOS="911"/>
<String CS="1" CONTENT="14&#189;cm." HEIGHT="39" WIDTH="145" VPOS="1592" HPOS="969"/>
<SP/>
<String CONTENT="(Half-title:" HEIGHT="49" WIDTH="300" VPOS="1589" HPOS="1185"/>
<SP HEIGHT="41" WIDTH="29" VPOS="1589" HPOS="1486"/>
<String CONTENT="Chicago" HEIGHT="48" WIDTH="211" VPOS="1588" HPOS="1516"/>
<SP HEIGHT="40" WIDTH="31" VPOS="1589" HPOS="1728"/>
<String CONTENT="Spanish" HEIGHT="49" WIDTH="210" VPOS="1588" HPOS="1760"/>
<SP HEIGHT="39" WIDTH="31" VPOS="1589" HPOS="1971"/>
<String CONTENT="series)" HEIGHT="47" WIDTH="175" VPOS="1587" HPOS="2003"/>
</TextLine>
<TextLine HEIGHT="54" WIDTH="2009" VPOS="1645" HPOS="373" CS="1">
<String CONTENT="&#169;" HEIGHT="52" WIDTH="51" VPOS="1647" HPOS="373"/>
<SP HEIGHT="52" WIDTH="33" VPOS="1647" HPOS="425"/>
<String CONTENT="May" HEIGHT="45" WIDTH="116" VPOS="1653" HPOS="459"/>
<SP HEIGHT="48" WIDTH="28" VPOS="1650" HPOS="576"/>
<String CONTENT="9," HEIGHT="47" WIDTH="39" VPOS="1650" HPOS="605"/>
<SP HEIGHT="46" WIDTH="33" VPOS="1651" HPOS="645"/>
<String CS="1" CONTENT="1933;" HEIGHT="41" WIDTH="114" VPOS="1649" HPOS="679"/>
<SP HEIGHT="41" WIDTH="35" VPOS="1650" HPOS="820"/>
<String CONTENT="2c." HEIGHT="39" WIDTH="65" VPOS="1650" HPOS="856"/>
<SP HEIGHT="29" WIDTH="34" VPOS="1659" HPOS="922"/>
<String CONTENT="and" HEIGHT="38" WIDTH="96" VPOS="1650" HPOS="957"/>
<SP HEIGHT="38" WIDTH="32" VPOS="1650" HPOS="1054"/>
<String CONTENT="aff." HEIGHT="42" WIDTH="82" VPOS="1647" HPOS="1087"/>
<SP HEIGHT="40" WIDTH="33" VPOS="1649" HPOS="1170"/>
<String CONTENT="May" HEIGHT="46" WIDTH="114" VPOS="1649" HPOS="1204"/>
<SP HEIGHT="48" WIDTH="31" VPOS="1647" HPOS="1319"/>
<String CS="1" CONTENT="13;" HEIGHT="40" WIDTH="55" VPOS="1647" HPOS="1351"/>
<SP HEIGHT="48" WIDTH="35" VPOS="1646" HPOS="1434"/>
<!-- cceid 45F0BC71-6CF9-1014-A6CF-A82867D68027 --><String CONTENT="A" HEIGHT="39" WIDTH="40" VPOS="1646" HPOS="1470"/>
<SP HEIGHT="40" WIDTH="32" VPOS="1646" HPOS="1511"/>
<String CS="1" CONTENT="61800;" HEIGHT="40" WIDTH="148" VPOS="1646" HPOS="1544"/>
<SP HEIGHT="46" WIDTH="37" VPOS="1647" HPOS="1716"/>
<String CONTENT="University" HEIGHT="48" WIDTH="284" VPOS="1646" HPOS="1754"/>
<SP HEIGHT="37" WIDTH="32" VPOS="1657" HPOS="2039"/>
<String CONTENT="of" HEIGHT="39" WIDTH="52" VPOS="1647" HPOS="2072"/>
<SP HEIGHT="41" WIDTH="31" VPOS="1645" HPOS="2125"/>
<String CONTENT="Chicago." HEIGHT="48" WIDTH="225" VPOS="1645" HPOS="2157"/>
</TextLine>
<TextLine HEIGHT="49" WIDTH="577" VPOS="1706" HPOS="442" CS="1">
<String CONTENT="Chicago." HEIGHT="47" WIDTH="223" VPOS="1708" HPOS="442"/>
<SP HEIGHT="48" WIDTH="70" VPOS="1707" HPOS="666"/>
<String CONTENT="(33-17378)" HEIGHT="49" WIDTH="282" VPOS="1706" HPOS="737"/>
<SP/>
</TextLine>
<TextLine HEIGHT="68" WIDTH="1098" VPOS="1795" HPOS="366" STYLEREFS="StyleId-9CA9E301-EAE7-4745-955C-1C6D9ABE1077-">
<String CONTENT="Kingsbury," HEIGHT="68" WIDTH="368" VPOS="1795" HPOS="366"/>
<SP HEIGHT="65" WIDTH="25" VPOS="1798" HPOS="735"/>
<String CONTENT="Howard" HEIGHT="53" WIDTH="259" VPOS="1796" HPOS="761"/>
<SP HEIGHT="53" WIDTH="25" VPOS="1795" HPOS="1021"/>
<String CONTENT="Baker," HEIGHT="65" WIDTH="215" VPOS="1795" HPOS="1047"/>
<SP HEIGHT="59" WIDTH="28" VPOS="1801" HPOS="1263"/>
<String CONTENT="1879-" HEIGHT="54" WIDTH="172" VPOS="1796" HPOS="1292"/>
</TextLine>
<TextLine HEIGHT="71" WIDTH="1942" VPOS="1871" HPOS="440" STYLEREFS="StyleId-9CA9E301-EAE7-4745-955C-1C6D9ABE1077-" CS="1">
<String CS="1" CONTENT="First-year" HEIGHT="52" WIDTH="322" VPOS="1877" HPOS="440"/>
<SP HEIGHT="33" WIDTH="34" VPOS="1893" HPOS="763"/>
<String CONTENT="algebra," HEIGHT="69" WIDTH="250" VPOS="1873" HPOS="798"/>
<SP HEIGHT="67" WIDTH="31" VPOS="1874" HPOS="1049"/>
<String CONTENT="by" HEIGHT="67" WIDTH="76" VPOS="1874" HPOS="1081"/>
<SP HEIGHT="68" WIDTH="31" VPOS="1873" HPOS="1158"/>
<String CONTENT="Howard" HEIGHT="52" WIDTH="260" VPOS="1873" HPOS="1190"/>
<SP HEIGHT="51" WIDTH="33" VPOS="1873" HPOS="1451"/>
<String CONTENT="B." HEIGHT="53" WIDTH="67" VPOS="1873" HPOS="1485"/>
<SP HEIGHT="54" WIDTH="33" VPOS="1872" HPOS="1553"/>
<String CONTENT="Kingsbury" HEIGHT="69" WIDTH="340" VPOS="1871" HPOS="1587"/>
<SP HEIGHT="50" WIDTH="38" VPOS="1890" HPOS="1928"/>
<String CS="1" CONTENT="&#8230;"/>
<SP HEIGHT="33" WIDTH="38" VPOS="1891" HPOS="2023"/>
<String CONTENT="and" HEIGHT="52" WIDTH="114" VPOS="1873" HPOS="2062"/>
<SP HEIGHT="53" WIDTH="31" VPOS="1872" HPOS="2177"/>
<String LANG="fr" CONTENT="R." HEIGHT="54" WIDTH="69" VPOS="1872" HPOS="2209"/>
<SP HEIGHT="54" WIDTH="33" VPOS="1872" HPOS="2279"/>
<String CONTENT="R." HEIGHT="52" WIDTH="69" VPOS="1872" HPOS="2313"/>
</TextLine>
<TextLine HEIGHT="154" WIDTH="1990" VPOS="1950" HPOS="369" STYLEREFS="StyleId-9CA9E301-EAE7-4745-955C-1C6D9ABE1077-" CS="1">
<String CONTENT="Wallace" HEIGHT="54" WIDTH="254" VPOS="1956" HPOS="369"/>
<SP HEIGHT="33" WIDTH="37" VPOS="1974" HPOS="624"/>
<String CS="1" CONTENT="&#8230;"/>
<SP HEIGHT="52" WIDTH="78" VPOS="1954" HPOS="718"/>
<String CONTENT="New" HEIGHT="52" WIDTH="140" VPOS="1954" HPOS="797"/>
<SP HEIGHT="52" WIDTH="36" VPOS="1952" HPOS="938"/>
<String CONTENT="York," HEIGHT="67" WIDTH="179" VPOS="1952" HPOS="975"/>
<SP HEIGHT="67" WIDTH="33" VPOS="1952" HPOS="1155"/>
<String CONTENT="Milwaukee" HEIGHT="54" WIDTH="343" VPOS="1950" HPOS="1189"/>
<SP HEIGHT="48" WIDTH="39" VPOS="1970" HPOS="1533"/>
<String CONTENT="[etc.]" HEIGHT="63" WIDTH="139" VPOS="1955" HPOS="1573"/>
<SP HEIGHT="66" WIDTH="37" VPOS="1952" HPOS="1713"/>
<String CONTENT="The" HEIGHT="55" WIDTH="122" VPOS="1951" HPOS="1751"/>
<SP HEIGHT="54" WIDTH="34" VPOS="1952" HPOS="1874"/>
<String CONTENT="Bruce" HEIGHT="53" WIDTH="184" VPOS="1952" HPOS="1909"/>
<SP HEIGHT="50" WIDTH="31" VPOS="1969" HPOS="2094"/>
<String CONTENT="publishing" HEIGHT="154" WIDTH="1990" VPOS="1950" HPOS="369"/>
<SP HEIGHT="52" WIDTH="26" VPOS="2052" HPOS="470"/>
<String CONTENT="company" HEIGHT="51" WIDTH="280" VPOS="2051" HPOS="497"/>
<SP HEIGHT="51" WIDTH="32" VPOS="2051" HPOS="778"/>
<String CONTENT="[" HEIGHT="34" WIDTH="12" VPOS="2066" HPOS="811"/>
<String STYLE="superscript" CONTENT="c" HEIGHT="21" WIDTH="19" VPOS="2038" HPOS="827"/>
<String CONTENT="1988]" HEIGHT="64" WIDTH="152" VPOS="2035" HPOS="853"/>
</TextLine>
<TextLine HEIGHT="54" WIDTH="1137" VPOS="2103" HPOS="440" CS="1">
<String CONTENT="x," HEIGHT="36" WIDTH="45" VPOS="2121" HPOS="440"/>
<SP HEIGHT="47" WIDTH="25" VPOS="2110" HPOS="486"/>
<String CONTENT="440" HEIGHT="40" WIDTH="87" VPOS="2109" HPOS="512"/>
<SP HEIGHT="48" WIDTH="23" VPOS="2109" HPOS="600"/>
<String CONTENT="p." HEIGHT="37" WIDTH="43" VPOS="2120" HPOS="624"/>
<SP HEIGHT="41" WIDTH="25" VPOS="2108" HPOS="668"/>
<String CONTENT="incl." HEIGHT="40" WIDTH="110" VPOS="2108" HPOS="694"/>
<SP HEIGHT="41" WIDTH="25" VPOS="2107" HPOS="805"/>
<String CONTENT="front.," HEIGHT="47" WIDTH="164" VPOS="2107" HPOS="831"/>
<SP HEIGHT="48" WIDTH="26" VPOS="2106" HPOS="996"/>
<String CONTENT="illus.," HEIGHT="47" WIDTH="143" VPOS="2106" HPOS="1023"/>
<SP HEIGHT="47" WIDTH="28" VPOS="2106" HPOS="1167"/>
<String CONTENT="diagrs." HEIGHT="48" WIDTH="179" VPOS="2105" HPOS="1196"/>
<SP HEIGHT="41" WIDTH="54" VPOS="2104" HPOS="1376"/>
<String CS="1" CONTENT="19&#189;" HEIGHT="41" WIDTH="59" VPOS="2103" HPOS="1431"/>
<String STYLE="superscript" CONTENT="cm" HEIGHT="21" WIDTH="44" VPOS="2106" HPOS="1519"/>
<String CONTENT="." HEIGHT="9" WIDTH="8" VPOS="2136" HPOS="1569"/>
</TextLine>
<TextLine HEIGHT="109" WIDTH="1992" VPOS="2163" HPOS="375" CS="1">
<String CONTENT="&#169;" HEIGHT="52" WIDTH="51" VPOS="2163" HPOS="375"/>
<SP HEIGHT="52" WIDTH="31" VPOS="2163" HPOS="427"/>
<String CONTENT="June" HEIGHT="39" WIDTH="126" VPOS="2169" HPOS="459"/>
<SP HEIGHT="39" WIDTH="29" VPOS="2168" HPOS="586"/>
<String CONTENT="3," HEIGHT="46" WIDTH="40" VPOS="2168" HPOS="616"/>
<SP HEIGHT="46" WIDTH="29" VPOS="2168" HPOS="657"/>
<String CONTENT="1933;" HEIGHT="46" WIDTH="142" VPOS="2166" HPOS="687"/>
<SP HEIGHT="46" WIDTH="33" VPOS="2166" HPOS="830"/>
<String CONTENT="2c." HEIGHT="39" WIDTH="66" VPOS="2166" HPOS="864"/>
<SP HEIGHT="30" WIDTH="32" VPOS="2175" HPOS="931"/>
<String CONTENT="and" HEIGHT="38" WIDTH="96" VPOS="2166" HPOS="964"/>
<SP HEIGHT="38" WIDTH="31" VPOS="2166" HPOS="1061"/>
<String CONTENT="aff." HEIGHT="41" WIDTH="80" VPOS="2163" HPOS="1093"/>
<SP HEIGHT="39" WIDTH="33" VPOS="2164" HPOS="1174"/>
<String CONTENT="June" HEIGHT="39" WIDTH="125" VPOS="2164" HPOS="1208"/>
<SP HEIGHT="39" WIDTH="31" VPOS="2164" HPOS="1334"/>
<String CONTENT="30;" HEIGHT="47" WIDTH="83" VPOS="2163" HPOS="1366"/>
<SP HEIGHT="46" WIDTH="33" VPOS="2164" HPOS="1450"/>
<!-- cceid 45F12864-6CF9-1014-A6CF-A82867D68027 --><String CONTENT="A" HEIGHT="38" WIDTH="41" VPOS="2164" HPOS="1484"/>
<SP HEIGHT="40" WIDTH="30" VPOS="2163" HPOS="1526"/>
<String CS="1" CONTENT="63438;" HEIGHT="41" WIDTH="144" VPOS="2163" HPOS="1557"/>
<SP HEIGHT="45" WIDTH="35" VPOS="2165" HPOS="1729"/>
<String LANG="fr" CONTENT="H." HEIGHT="40" WIDTH="61" VPOS="2165" HPOS="1765"/>
<SP HEIGHT="40" WIDTH="33" VPOS="2165" HPOS="1827"/>
<String CONTENT="B." HEIGHT="39" WIDTH="53" VPOS="2165" HPOS="1861"/>
<SP HEIGHT="39" WIDTH="33" VPOS="2165" HPOS="1915"/>
<String CONTENT="Kingsbury," HEIGHT="48" WIDTH="296" VPOS="2163" HPOS="1949"/>
<SP HEIGHT="46" WIDTH="33" VPOS="2165" HPOS="2246"/>
<String CONTENT="Milwaukee," HEIGHT="109" WIDTH="1925" VPOS="2163" HPOS="442"/>
<SP HEIGHT="37" WIDTH="28" VPOS="2235" HPOS="658"/>
<String CONTENT="and" HEIGHT="39" WIDTH="97" VPOS="2225" HPOS="687"/>
<SP HEIGHT="39" WIDTH="27" VPOS="2224" HPOS="785"/>
<String LANG="fr" CONTENT="R." HEIGHT="39" WIDTH="55" VPOS="2224" HPOS="813"/>
<SP HEIGHT="40" WIDTH="30" VPOS="2223" HPOS="869"/>
<String CONTENT="R." HEIGHT="40" WIDTH="55" VPOS="2223" HPOS="900"/>
<SP HEIGHT="41" WIDTH="27" VPOS="2222" HPOS="956"/>
<String CONTENT="Wallace," HEIGHT="47" WIDTH="231" VPOS="2222" HPOS="984"/>
<SP HEIGHT="48" WIDTH="30" VPOS="2221" HPOS="1216"/>
<String CONTENT="Chicago." HEIGHT="49" WIDTH="224" VPOS="2220" HPOS="1247"/>
<SP HEIGHT="48" WIDTH="70" VPOS="2221" HPOS="1472"/>
<String CONTENT="(33-17430)" HEIGHT="50" WIDTH="283" VPOS="2221" HPOS="1543"/>
</TextLine>
<TextLine HEIGHT="65" WIDTH="603" VPOS="2313" HPOS="369" STYLEREFS="StyleId-9CA9E301-EAE7-4745-955C-1C6D9ABE1077-">
<String LANG="fr" CONTENT="Kluckhohn," HEIGHT="64" WIDTH="374" VPOS="2314" HPOS="369"/>
<SP HEIGHT="64" WIDTH="29" VPOS="2314" HPOS="744"/>
<String LANG="en-US" CONTENT="Clyde." HEIGHT="64" WIDTH="198" VPOS="2313" HPOS="774"/>
</TextLine>
<TextLine HEIGHT="71" WIDTH="1941" VPOS="2390" HPOS="440" STYLEREFS="StyleId-9CA9E301-EAE7-4745-955C-1C6D9ABE1077-" CS="1">
<String LANG="en-US" CONTENT="Beyond" HEIGHT="68" WIDTH="239" VPOS="2392" HPOS="440"/>
<SP HEIGHT="52" WIDTH="31" VPOS="2392" HPOS="680"/>
<String LANG="en-US" CONTENT="the" HEIGHT="52" WIDTH="95" VPOS="2392" HPOS="712"/>
<SP HEIGHT="35" WIDTH="30" VPOS="2409" HPOS="808"/>
<String LANG="en-US" CONTENT="rainbow," HEIGHT="68" WIDTH="274" VPOS="2391" HPOS="839"/>
<SP HEIGHT="69" WIDTH="28" VPOS="2390" HPOS="1114"/>
<String LANG="en-US" CONTENT="by" HEIGHT="69" WIDTH="74" VPOS="2390" HPOS="1143"/>
<SP HEIGHT="69" WIDTH="33" VPOS="2390" HPOS="1218"/>
<String LANG="en-US" CONTENT="Clyde" HEIGHT="69" WIDTH="182" VPOS="2390" HPOS="1252"/>
<SP HEIGHT="52" WIDTH="30" VPOS="2391" HPOS="1435"/>
<String LANG="fr" CONTENT="Kluckhohn" HEIGHT="53" WIDTH="351" VPOS="2390" HPOS="1466"/>
<SP HEIGHT="35" WIDTH="36" VPOS="2410" HPOS="1818"/>
<String LANG="en-US" CS="1" CONTENT="&#8230;"/>
<SP HEIGHT="51" WIDTH="80" VPOS="2394" HPOS="1912"/>
<String LANG="en-US" CONTENT="Boston," HEIGHT="67" WIDTH="235" VPOS="2394" HPOS="1993"/>
<SP HEIGHT="68" WIDTH="30" VPOS="2393" HPOS="2229"/>
<String LANG="en-US" CONTENT="The" HEIGHT="53" WIDTH="121" VPOS="2392" HPOS="2260"/>
</TextLine>
<TextLine HEIGHT="70" WIDTH="1170" VPOS="2469" HPOS="370" STYLEREFS="StyleId-9CA9E301-EAE7-4745-955C-1C6D9ABE1077-">
<String CONTENT="Christopher" HEIGHT="68" WIDTH="379" VPOS="2471" HPOS="370"/>
<SP HEIGHT="50" WIDTH="25" VPOS="2489" HPOS="750"/>
<String CONTENT="publishing" HEIGHT="70" WIDTH="339" VPOS="2469" HPOS="776"/>
<SP HEIGHT="70" WIDTH="24" VPOS="2469" HPOS="1116"/>
<String CONTENT="house" HEIGHT="54" WIDTH="172" VPOS="2469" HPOS="1141"/>
<SP HEIGHT="48" WIDTH="31" VPOS="2489" HPOS="1314"/>
<String CONTENT="[" HEIGHT="34" WIDTH="14" VPOS="2503" HPOS="1346"/>
<String STYLE="superscript" CONTENT="c" HEIGHT="22" WIDTH="18" VPOS="2475" HPOS="1364"/>
<String CONTENT="1933]" HEIGHT="65" WIDTH="153" VPOS="2472" HPOS="1387"/>
</TextLine>
<TextLine HEIGHT="49" WIDTH="779" VPOS="2542" HPOS="441">
<String CONTENT="271" HEIGHT="40" WIDTH="84" VPOS="2544" HPOS="441"/>
<SP HEIGHT="46" WIDTH="36" VPOS="2545" HPOS="526"/>
<String CONTENT="p." HEIGHT="37" WIDTH="43" VPOS="2554" HPOS="563"/>
<SP HEIGHT="41" WIDTH="60" VPOS="2542" HPOS="607"/>
<String CONTENT="front.," HEIGHT="47" WIDTH="164" VPOS="2542" HPOS="668"/>
<SP HEIGHT="37" WIDTH="33" VPOS="2553" HPOS="833"/>
<String CONTENT="plates." HEIGHT="48" WIDTH="171" VPOS="2542" HPOS="867"/>
<SP HEIGHT="39" WIDTH="63" VPOS="2542" HPOS="1039"/>
<String CONTENT="21" HEIGHT="39" WIDTH="54" VPOS="2542" HPOS="1103"/>
<String STYLE="superscript" CONTENT="cm" HEIGHT="21" WIDTH="43" VPOS="2544" HPOS="1162"/>
<String CONTENT="." HEIGHT="7" WIDTH="8" VPOS="2573" HPOS="1212"/>
</TextLine>
<TextLine HEIGHT="49" WIDTH="632" VPOS="2599" HPOS="443">
<String CONTENT="Maps" HEIGHT="46" WIDTH="139" VPOS="2602" HPOS="443"/>
<SP HEIGHT="30" WIDTH="33" VPOS="2610" HPOS="583"/>
<String CONTENT="on" HEIGHT="29" WIDTH="59" VPOS="2610" HPOS="617"/>
<SP HEIGHT="38" WIDTH="33" VPOS="2601" HPOS="677"/>
<String CONTENT="lining-papers." HEIGHT="48" WIDTH="364" VPOS="2599" HPOS="711"/>
</TextLine>
<TextLine HEIGHT="53" WIDTH="1995" VPOS="2658" HPOS="375" CS="1">
<String CONTENT="&#169;" HEIGHT="53" WIDTH="52" VPOS="2658" HPOS="375"/>
<SP HEIGHT="53" WIDTH="28" VPOS="2658" HPOS="428"/>
<String CONTENT="June" HEIGHT="40" WIDTH="131" VPOS="2662" HPOS="457"/>
<SP HEIGHT="39" WIDTH="21" VPOS="2662" HPOS="589"/>
<String CONTENT="29," HEIGHT="47" WIDTH="70" VPOS="2661" HPOS="611"/>
<SP HEIGHT="46" WIDTH="28" VPOS="2662" HPOS="682"/>
<String CS="1" CONTENT="1933;" HEIGHT="40" WIDTH="113" VPOS="2660" HPOS="711"/>
<SP HEIGHT="42" WIDTH="30" VPOS="2660" HPOS="853"/>
<String CONTENT="2c." HEIGHT="39" WIDTH="66" VPOS="2660" HPOS="884"/>
<SP HEIGHT="29" WIDTH="30" VPOS="2670" HPOS="951"/>
<String CONTENT="and" HEIGHT="39" WIDTH="95" VPOS="2660" HPOS="982"/>
<SP HEIGHT="39" WIDTH="29" VPOS="2660" HPOS="1078"/>
<String CONTENT="aff." HEIGHT="41" WIDTH="83" VPOS="2658" HPOS="1108"/>
<SP HEIGHT="40" WIDTH="28" VPOS="2659" HPOS="1192"/>
<String CONTENT="July" HEIGHT="47" WIDTH="117" VPOS="2659" HPOS="1221"/>
<SP HEIGHT="47" WIDTH="28" VPOS="2659" HPOS="1339"/>
<String CS="1" CONTENT="1;" HEIGHT="38" WIDTH="24" VPOS="2659" HPOS="1368"/>
<SP HEIGHT="46" WIDTH="31" VPOS="2659" HPOS="1421"/>
<!-- cceid 45F191A7-6CF9-1014-A6CF-A82867D68027 --><String CONTENT="A" HEIGHT="38" WIDTH="41" VPOS="2659" HPOS="1453"/>
<SP HEIGHT="40" WIDTH="27" VPOS="2659" HPOS="1495"/>
<String CS="1" CONTENT="63462;" HEIGHT="40" WIDTH="145" VPOS="2659" HPOS="1523"/>
<SP HEIGHT="46" WIDTH="32" VPOS="2660" HPOS="1696"/>
<String CONTENT="Christopher" HEIGHT="48" WIDTH="320" VPOS="2660" HPOS="1729"/>
<SP HEIGHT="39" WIDTH="27" VPOS="2670" HPOS="2050"/>
<String CONTENT="pub." HEIGHT="48" WIDTH="109" VPOS="2661" HPOS="2078"/>
<SP HEIGHT="38" WIDTH="31" VPOS="2662" HPOS="2188"/>
<String CONTENT="house" HEIGHT="39" WIDTH="150" VPOS="2662" HPOS="2220"/>
</TextLine>
<TextLine HEIGHT="50" WIDTH="280" VPOS="2718" HPOS="455">
<String CONTENT="(33-17133)" HEIGHT="50" WIDTH="280" VPOS="2718" HPOS="455"/>
</TextLine>
<TextLine HEIGHT="65" WIDTH="450" VPOS="2809" HPOS="368" STYLEREFS="StyleId-9CA9E301-EAE7-4745-955C-1C6D9ABE1077-" CS="1">
<String CONTENT="Kiinkel," HEIGHT="65" WIDTH="253" VPOS="2809" HPOS="368"/>
<SP HEIGHT="64" WIDTH="28" VPOS="2810" HPOS="622"/>
<String CS="1" CONTENT="Hans." HEIGHT="52" WIDTH="167" VPOS="2810" HPOS="651"/>
</TextLine>
<TextLine HEIGHT="71" WIDTH="1873" VPOS="2883" HPOS="508" STYLEREFS="StyleId-9CA9E301-EAE7-4745-955C-1C6D9ABE1077-" CS="1">
<String CS="1" CONTENT="&#8230;"/>
<SP HEIGHT="55" WIDTH="48" VPOS="2886" HPOS="508"/>
<String CONTENT="Das" HEIGHT="52" WIDTH="120" VPOS="2886" HPOS="557"/>
<SP HEIGHT="51" WIDTH="39" VPOS="2903" HPOS="678"/>
<String CONTENT="gesetz" HEIGHT="65" WIDTH="185" VPOS="2889" HPOS="718"/>
<SP HEIGHT="54" WIDTH="44" VPOS="2884" HPOS="904"/>
<String CONTENT="deines" HEIGHT="57" WIDTH="192" VPOS="2883" HPOS="949"/>
<SP HEIGHT="52" WIDTH="37" VPOS="2886" HPOS="1142"/>
<String CONTENT="lebens;" HEIGHT="66" WIDTH="217" VPOS="2885" HPOS="1180"/>
<SP HEIGHT="49" WIDTH="44" VPOS="2902" HPOS="1398"/>
<String CONTENT="urformen" HEIGHT="55" WIDTH="293" VPOS="2883" HPOS="1443"/>
<SP HEIGHT="53" WIDTH="45" VPOS="2884" HPOS="1737"/>
<String CONTENT="im" HEIGHT="53" WIDTH="77" VPOS="2884" HPOS="1783"/>
<SP HEIGHT="34" WIDTH="43" VPOS="2902" HPOS="1861"/>
<String CONTENT="menschenleben." HEIGHT="56" WIDTH="476" VPOS="2885" HPOS="1905"/>
</TextLine>
<TextLine HEIGHT="69" WIDTH="859" VPOS="2964" HPOS="375" STYLEREFS="StyleId-9CA9E301-EAE7-4745-955C-1C6D9ABE1077-">
<String CONTENT="Jena," HEIGHT="66" WIDTH="164" VPOS="2967" HPOS="375"/>
<SP HEIGHT="68" WIDTH="29" VPOS="2965" HPOS="540"/>
<String CONTENT="E." HEIGHT="53" WIDTH="68" VPOS="2965" HPOS="570"/>
<SP HEIGHT="53" WIDTH="29" VPOS="2965" HPOS="639"/>
<String CONTENT="Diederichs" HEIGHT="55" WIDTH="336" VPOS="2964" HPOS="669"/>
<SP HEIGHT="50" WIDTH="32" VPOS="2983" HPOS="1006"/>
<String CONTENT="[" HEIGHT="34" WIDTH="14" VPOS="2999" HPOS="1039"/>
<String STYLE="superscript" CONTENT="c" HEIGHT="21" WIDTH="19" VPOS="2971" HPOS="1057"/>
<String CONTENT="1933]" HEIGHT="65" WIDTH="153" VPOS="2967" HPOS="1081"/>
</TextLine>
<TextLine HEIGHT="49" WIDTH="1053" VPOS="3035" HPOS="442" CS="1">
<String CONTENT="3" HEIGHT="39" WIDTH="26" VPOS="3038" HPOS="442"/>
<SP HEIGHT="46" WIDTH="29" VPOS="3038" HPOS="469"/>
<String LANG="fr" CONTENT="p." HEIGHT="36" WIDTH="43" VPOS="3048" HPOS="499"/>
<SP HEIGHT="38" WIDTH="28" VPOS="3039" HPOS="543"/>
<String LANG="fr" CS="1" CONTENT="l"/>
<String CONTENT="," HEIGHT="15" WIDTH="8" VPOS="3069" HPOS="608"/>
<SP HEIGHT="48" WIDTH="29" VPOS="3036" HPOS="617"/>
<String CONTENT="5-200" HEIGHT="40" WIDTH="148" VPOS="3036" HPOS="647"/>
<SP HEIGHT="48" WIDTH="24" VPOS="3036" HPOS="796"/>
<String CONTENT="p." HEIGHT="37" WIDTH="42" VPOS="3047" HPOS="821"/>
<SP HEIGHT="42" WIDTH="56" VPOS="3035" HPOS="864"/>
<String CONTENT="illus." HEIGHT="41" WIDTH="128" VPOS="3035" HPOS="921"/>
<SP HEIGHT="46" WIDTH="28" VPOS="3037" HPOS="1050"/>
<String CONTENT="(music)" HEIGHT="47" WIDTH="203" VPOS="3037" HPOS="1079"/>
<SP HEIGHT="47" WIDTH="66" VPOS="3037" HPOS="1283"/>
<String CS="1" CONTENT="22&#189;" HEIGHT="40" WIDTH="55" VPOS="3036" HPOS="1350"/>
<String STYLE="superscript" CONTENT="cm" HEIGHT="21" WIDTH="44" VPOS="3038" HPOS="1438"/>
<String CONTENT="." HEIGHT="7" WIDTH="7" VPOS="3069" HPOS="1488"/>
</TextLine>
<TextLine HEIGHT="41" WIDTH="828" VPOS="3093" HPOS="446">
<String CONTENT="&#8220;Erstes" HEIGHT="40" WIDTH="198" VPOS="3094" HPOS="446"/>
<SP HEIGHT="39" WIDTH="40" VPOS="3095" HPOS="645"/>
<String CONTENT="bis" HEIGHT="41" WIDTH="74" VPOS="3093" HPOS="686"/>
<SP HEIGHT="39" WIDTH="42" VPOS="3095" HPOS="761"/>
<String CONTENT="drittes" HEIGHT="41" WIDTH="176" VPOS="3093" HPOS="804"/>
<SP HEIGHT="38" WIDTH="41" VPOS="3096" HPOS="981"/>
<String CONTENT="tausend.&#8221;" HEIGHT="41" WIDTH="251" VPOS="3093" HPOS="1023"/>
</TextLine>
<TextLine HEIGHT="109" WIDTH="1992" VPOS="3151" HPOS="375" CS="1">
<String CONTENT="&#169;" HEIGHT="52" WIDTH="51" VPOS="3151" HPOS="375"/>
<SP HEIGHT="52" WIDTH="31" VPOS="3151" HPOS="427"/>
<String CONTENT="Jan." HEIGHT="40" WIDTH="110" VPOS="3156" HPOS="459"/>
<SP HEIGHT="40" WIDTH="31" VPOS="3156" HPOS="570"/>
<String CONTENT="1," HEIGHT="46" WIDTH="38" VPOS="3156" HPOS="602"/>
<SP HEIGHT="46" WIDTH="32" VPOS="3156" HPOS="641"/>
<String CS="1" CONTENT="1933;" HEIGHT="40" WIDTH="113" VPOS="3155" HPOS="674"/>
<SP/>
<String CS="1" CONTENT="1c."/>
<SP HEIGHT="40" WIDTH="33" VPOS="3154" HPOS="915"/>
<String CONTENT="Feb." HEIGHT="40" WIDTH="111" VPOS="3154" HPOS="949"/>
<SP HEIGHT="39" WIDTH="30" VPOS="3155" HPOS="1061"/>
<String CS="1" CONTENT="23;" HEIGHT="39" WIDTH="56" VPOS="3154" HPOS="1092"/>
<SP HEIGHT="46" WIDTH="33" VPOS="3154" HPOS="1176"/>
<!-- cceid 45F1FD8C-6CF9-1014-A6CF-A82867D68027 --><String CONTENT="A-Foreign" HEIGHT="49" WIDTH="311" VPOS="3153" HPOS="1210"/>
<SP HEIGHT="39" WIDTH="31" VPOS="3154" HPOS="1522"/>
<String CS="1" CONTENT="20006;" HEIGHT="41" WIDTH="145" VPOS="3153" HPOS="1554"/>
<SP HEIGHT="45" WIDTH="35" VPOS="3156" HPOS="1727"/>
<String CONTENT="Eugen" HEIGHT="47" WIDTH="167" VPOS="3156" HPOS="1763"/>
<SP HEIGHT="38" WIDTH="32" VPOS="3157" HPOS="1931"/>
<String CONTENT="Diederichs" HEIGHT="41" WIDTH="286" VPOS="3155" HPOS="1964"/>
<SP HEIGHT="29" WIDTH="33" VPOS="3167" HPOS="2251"/>
<String CONTENT="verlag." HEIGHT="96" WIDTH="1925" VPOS="3163" HPOS="442"/>
<SP HEIGHT="47" WIDTH="71" VPOS="3213" HPOS="535"/>
<String CONTENT="(33-17819)" HEIGHT="49" WIDTH="280" VPOS="3211" HPOS="607"/>
</TextLine>
<TextLine HEIGHT="67" WIDTH="631" VPOS="3302" HPOS="368" STYLEREFS="StyleId-9CA9E301-EAE7-4745-955C-1C6D9ABE1077-">
<String CONTENT="Laloy," HEIGHT="66" WIDTH="201" VPOS="3302" HPOS="368"/>
<SP HEIGHT="64" WIDTH="27" VPOS="3304" HPOS="570"/>
<String CONTENT="Louis," HEIGHT="67" WIDTH="198" VPOS="3302" HPOS="598"/>
<SP HEIGHT="60" WIDTH="29" VPOS="3309" HPOS="797"/>
<String CONTENT="1874-" HEIGHT="54" WIDTH="172" VPOS="3305" HPOS="827"/>
</TextLine>
<TextLine HEIGHT="70" WIDTH="1881" VPOS="3381" HPOS="504" STYLEREFS="StyleId-9CA9E301-EAE7-4745-955C-1C6D9ABE1077-" CS="1">
<String LANG="en-US" CS="1" CONTENT="&#8230;"/>
<SP HEIGHT="52" WIDTH="45" VPOS="3382" HPOS="504"/>
<String LANG="fr" CONTENT="Miroir" HEIGHT="53" WIDTH="208" VPOS="3381" HPOS="550"/>
<SP HEIGHT="52" WIDTH="39" VPOS="3382" HPOS="759"/>
<String LANG="fr" CONTENT="de" HEIGHT="52" WIDTH="68" VPOS="3382" HPOS="799"/>
<SP HEIGHT="50" WIDTH="39" VPOS="3383" HPOS="868"/>
<String LANG="en-US" CONTENT="la" HEIGHT="51" WIDTH="51" VPOS="3383" HPOS="908"/>
<SP HEIGHT="55" WIDTH="44" VPOS="3381" HPOS="960"/>
<String LANG="en-US" CONTENT="Chine;" HEIGHT="67" WIDTH="211" VPOS="3381" HPOS="1005"/>
<SP HEIGHT="49" WIDTH="44" VPOS="3400" HPOS="1217"/>
<String LANG="fr" CONTENT="pr&#233;sages," HEIGHT="66" WIDTH="283" VPOS="3383" HPOS="1262"/>
<SP HEIGHT="66" WIDTH="39" VPOS="3383" HPOS="1546"/>
<String LANG="en-US" CONTENT="images," HEIGHT="67" WIDTH="231" VPOS="3383" HPOS="1586"/>
<SP HEIGHT="48" WIDTH="39" VPOS="3402" HPOS="1818"/>
<String LANG="en-US" CONTENT="mirages." HEIGHT="67" WIDTH="264" VPOS="3384" HPOS="1858"/>
<SP HEIGHT="52" WIDTH="76" VPOS="3384" HPOS="2123"/>
<String LANG="en-US" CONTENT="Parts." HEIGHT="52" WIDTH="185" VPOS="3384" HPOS="2200"/>
</TextLine>
<TextLine HEIGHT="67" WIDTH="1052" VPOS="3459" HPOS="372" STYLEREFS="StyleId-9CA9E301-EAE7-4745-955C-1C6D9ABE1077-" CS="1">
<String LANG="fr" CONTENT="Descl&#233;e," HEIGHT="67" WIDTH="249" VPOS="3459" HPOS="372"/>
<SP HEIGHT="66" WIDTH="28" VPOS="3460" HPOS="622"/>
<String LANG="fr" CONTENT="de" HEIGHT="52" WIDTH="68" VPOS="3460" HPOS="651"/>
<SP HEIGHT="52" WIDTH="29" VPOS="3460" HPOS="720"/>
<String LANG="en-US" CONTENT="Brouwer" HEIGHT="52" WIDTH="277" VPOS="3460" HPOS="750"/>
<SP HEIGHT="50" WIDTH="25" VPOS="3461" HPOS="1028"/>
<String LANG="en-US" CONTENT="&amp;" HEIGHT="50" WIDTH="46" VPOS="3461" HPOS="1054"/>
<SP HEIGHT="51" WIDTH="28" VPOS="3461" HPOS="1101"/>
<String LANG="en-US" CS="1" CONTENT="cie" HEIGHT="34" WIDTH="26" VPOS="3478" HPOS="1130"/>
<SP HEIGHT="61" WIDTH="34" VPOS="3465" HPOS="1196"/>
<String LANG="en-US" CONTENT="[" HEIGHT="33" WIDTH="12" VPOS="3493" HPOS="1231"/>
<String STYLE="superscript" LANG="en-US" CONTENT="c" HEIGHT="21" WIDTH="19" VPOS="3466" HPOS="1247"/>
<String LANG="en-US" CONTENT="1933]" HEIGHT="63" WIDTH="150" VPOS="3463" HPOS="1274"/>
</TextLine>
<TextLine HEIGHT="48" WIDTH="688" VPOS="3533" HPOS="442">
<String LANG="en-US" CONTENT="340" HEIGHT="40" WIDTH="87" VPOS="3533" HPOS="442"/>
<SP HEIGHT="48" WIDTH="26" VPOS="3533" HPOS="530"/>
<String LANG="en-US" CONTENT="p." HEIGHT="37" WIDTH="43" VPOS="3544" HPOS="557"/>
<SP HEIGHT="39" WIDTH="55" VPOS="3534" HPOS="601"/>
<String LANG="en-US" CONTENT="204" HEIGHT="40" WIDTH="85" VPOS="3533" HPOS="657"/>
<String STYLE="superscript" LANG="en-US" CONTENT="cm" HEIGHT="21" WIDTH="43" VPOS="3535" HPOS="746"/>
<String LANG="en-US" CONTENT="." HEIGHT="8" WIDTH="8" VPOS="3564" HPOS="795"/>
<SP HEIGHT="46" WIDTH="67" VPOS="3534" HPOS="804"/>
<String LANG="fr" CONTENT="(Les" HEIGHT="47" WIDTH="114" VPOS="3533" HPOS="872"/>
<SP HEIGHT="39" WIDTH="29" VPOS="3533" HPOS="987"/>
<String LANG="fr" CONTENT="&#238;les)" HEIGHT="44" WIDTH="113" VPOS="3533" HPOS="1017"/>
</TextLine>
<TextLine HEIGHT="53" WIDTH="2009" VPOS="3585" HPOS="374" CS="1">
<String CONTENT="&#169;" HEIGHT="52" WIDTH="51" VPOS="3585" HPOS="374"/>
<SP HEIGHT="52" WIDTH="27" VPOS="3585" HPOS="426"/>
<String CONTENT="Mar." HEIGHT="39" WIDTH="121" VPOS="3591" HPOS="454"/>
<SP HEIGHT="40" WIDTH="25" VPOS="3590" HPOS="576"/>
<String CONTENT="27," HEIGHT="41" WIDTH="69" VPOS="3590" HPOS="602"/>
<SP HEIGHT="40" WIDTH="25" VPOS="3591" HPOS="672"/>
<String CONTENT="1933;" HEIGHT="43" WIDTH="141" VPOS="3589" HPOS="698"/>
<SP/>
<String CS="1" CONTENT="1c."/>
<SP HEIGHT="38" WIDTH="28" VPOS="3591" HPOS="935"/>
<String CONTENT="May" HEIGHT="47" WIDTH="114" VPOS="3591" HPOS="964"/>
<SP HEIGHT="47" WIDTH="25" VPOS="3591" HPOS="1079"/>
<String CONTENT="10;" HEIGHT="42" WIDTH="81" VPOS="3590" HPOS="1105"/>
<SP HEIGHT="42" WIDTH="29" VPOS="3590" HPOS="1187"/>
<!-- cceid 45F26673-6CF9-1014-A6CF-A82867D68027 --><String CONTENT="A-Foreign" HEIGHT="48" WIDTH="310" VPOS="3590" HPOS="1217"/>
<SP HEIGHT="38" WIDTH="27" VPOS="3591" HPOS="1528"/>
<String CONTENT="20885;" HEIGHT="48" WIDTH="172" VPOS="3590" HPOS="1556"/>
<SP HEIGHT="46" WIDTH="29" VPOS="3592" HPOS="1729"/>
<String LANG="fr" CONTENT="Descl&#233;e," HEIGHT="48" WIDTH="211" VPOS="3590" HPOS="1759"/>
<SP HEIGHT="47" WIDTH="29" VPOS="3591" HPOS="1971"/>
<String LANG="fr" CONTENT="de" HEIGHT="40" WIDTH="57" VPOS="3591" HPOS="2001"/>
<SP HEIGHT="39" WIDTH="26" VPOS="3592" HPOS="2059"/>
<String CONTENT="Brouwer" HEIGHT="39" WIDTH="233" VPOS="3592" HPOS="2086"/>
<SP HEIGHT="39" WIDTH="27" VPOS="3592" HPOS="2320"/>
<String CONTENT="&amp;" HEIGHT="39" WIDTH="35" VPOS="3592" HPOS="2348"/>
</TextLine>
<TextLine HEIGHT="48" WIDTH="437" VPOS="3647" HPOS="442">
<String CONTENT="cie." HEIGHT="39" WIDTH="82" VPOS="3647" HPOS="442"/>
<SP HEIGHT="48" WIDTH="71" VPOS="3647" HPOS="525"/>
<String CONTENT="(33-17800)" HEIGHT="48" WIDTH="282" VPOS="3647" HPOS="597"/>
</TextLine>
<TextLine HEIGHT="67" WIDTH="578" VPOS="3736" HPOS="368" STYLEREFS="StyleId-9CA9E301-EAE7-4745-955C-1C6D9ABE1077-">
<String CONTENT="London," HEIGHT="67" WIDTH="260" VPOS="3736" HPOS="368"/>
<SP HEIGHT="65" WIDTH="29" VPOS="3738" HPOS="629"/>
<String CONTENT="Bernard." HEIGHT="56" WIDTH="287" VPOS="3738" HPOS="659"/>
</TextLine>
<TextLine HEIGHT="73" WIDTH="1939" VPOS="3814" HPOS="441" STYLEREFS="StyleId-9CA9E301-EAE7-4745-955C-1C6D9ABE1077-">
<String CONTENT="The" HEIGHT="52" WIDTH="122" VPOS="3814" HPOS="441"/>
<SP HEIGHT="33" WIDTH="31" VPOS="3833" HPOS="564"/>
<String CONTENT="new" HEIGHT="34" WIDTH="122" VPOS="3833" HPOS="596"/>
<SP HEIGHT="48" WIDTH="32" VPOS="3834" HPOS="719"/>
<String CONTENT="prosperity;" HEIGHT="68" WIDTH="356" VPOS="3816" HPOS="752"/>
<SP HEIGHT="49" WIDTH="36" VPOS="3836" HPOS="1109"/>
<String CONTENT="permanent" HEIGHT="62" WIDTH="335" VPOS="3823" HPOS="1146"/>
<SP HEIGHT="47" WIDTH="31" VPOS="3823" HPOS="1482"/>
<String CONTENT="employment," HEIGHT="69" WIDTH="404" VPOS="3818" HPOS="1514"/>
<SP HEIGHT="49" WIDTH="33" VPOS="3837" HPOS="1919"/>
<String CONTENT="wise" HEIGHT="55" WIDTH="132" VPOS="3817" HPOS="1953"/>
<SP HEIGHT="48" WIDTH="33" VPOS="3823" HPOS="2086"/>
<String CONTENT="taxation" HEIGHT="53" WIDTH="260" VPOS="3818" HPOS="2120"/>
</TextLine>
<TextLine HEIGHT="74" WIDTH="2006" VPOS="3892" HPOS="371" STYLEREFS="StyleId-9CA9E301-EAE7-4745-955C-1C6D9ABE1077-">
<String CONTENT="and" HEIGHT="53" WIDTH="109" VPOS="3892" HPOS="371"/>
<SP HEIGHT="52" WIDTH="51" VPOS="3892" HPOS="481"/>
<String CONTENT="equitable" HEIGHT="67" WIDTH="281" VPOS="3893" HPOS="533"/>
<SP HEIGHT="52" WIDTH="49" VPOS="3894" HPOS="815"/>
<String CONTENT="distribution" HEIGHT="53" WIDTH="371" VPOS="3894" HPOS="865"/>
<SP HEIGHT="34" WIDTH="52" VPOS="3913" HPOS="1237"/>
<String CONTENT="of" HEIGHT="52" WIDTH="63" VPOS="3895" HPOS="1290"/>
<SP HEIGHT="53" WIDTH="48" VPOS="3895" HPOS="1354"/>
<String CONTENT="wealth," HEIGHT="67" WIDTH="227" VPOS="3896" HPOS="1403"/>
<SP HEIGHT="66" WIDTH="48" VPOS="3897" HPOS="1631"/>
<String CONTENT="by" HEIGHT="69" WIDTH="75" VPOS="3897" HPOS="1680"/>
<SP HEIGHT="68" WIDTH="51" VPOS="3898" HPOS="1756"/>
<String CONTENT="Bernard" HEIGHT="53" WIDTH="259" VPOS="3897" HPOS="1808"/>
<SP HEIGHT="53" WIDTH="53" VPOS="3897" HPOS="2068"/>
<String CONTENT="London." HEIGHT="54" WIDTH="255" VPOS="3897" HPOS="2122"/>
</TextLine>
<TextLine HEIGHT="71" WIDTH="763" VPOS="3969" HPOS="370" STYLEREFS="StyleId-9CA9E301-EAE7-4745-955C-1C6D9ABE1077-" CS="1">
<String CONTENT="New" HEIGHT="53" WIDTH="139" VPOS="3969" HPOS="370"/>
<SP HEIGHT="52" WIDTH="31" VPOS="3971" HPOS="510"/>
<String CONTENT="York," HEIGHT="65" WIDTH="179" VPOS="3971" HPOS="542"/>
<SP HEIGHT="65" WIDTH="26" VPOS="3971" HPOS="722"/>
<String LANG="fr" CONTENT="N." HEIGHT="53" WIDTH="69" VPOS="3971" HPOS="749"/>
<SP HEIGHT="53" WIDTH="31" VPOS="3972" HPOS="819"/>
<String CONTENT="Y." HEIGHT="54" WIDTH="72" VPOS="3972" HPOS="851"/>
<SP HEIGHT="34" WIDTH="34" VPOS="4006" HPOS="924"/>
<String CS="1" CONTENT="["/>
<String STYLE="superscript" CONTENT="c" HEIGHT="22" WIDTH="19" VPOS="3978" HPOS="976"/>
<String CS="1" CONTENT="1933]" HEIGHT="51" WIDTH="131" VPOS="3974" HPOS="1002"/>
</TextLine>
<TextLine HEIGHT="49" WIDTH="305" VPOS="4042" HPOS="445">
<String CONTENT="67" HEIGHT="41" WIDTH="56" VPOS="4042" HPOS="445"/>
<SP HEIGHT="48" WIDTH="27" VPOS="4043" HPOS="502"/>
<String CONTENT="p." HEIGHT="37" WIDTH="43" VPOS="4054" HPOS="530"/>
<SP HEIGHT="41" WIDTH="58" VPOS="4043" HPOS="574"/>
<String CONTENT="24" HEIGHT="40" WIDTH="56" VPOS="4043" HPOS="633"/>
<String STYLE="superscript" CONTENT="cm" HEIGHT="22" WIDTH="44" VPOS="4046" HPOS="693"/>
<String CONTENT="." HEIGHT="8" WIDTH="8" VPOS="4078" HPOS="742"/>
</TextLine>
</TextBlock>
</PrintSpace>
</Page>
</Layout>
</alto>