2484 4405
1044 4072 103 56 877

172 521 75 37 xv,
274 511 85 40 347
385 520 43 37 p.
457 510 108 39 incl.
593 510 162 46 front.,
783 508 141 45 illus.,
953 510 162 45 ports.,
1146 516 147 37 maps.
1358 504 56 42 20
1418 507 43 22 cm
1465 537 8 9 .

177 567 325 46 “Interesting
529 566 149 39 books
705 564 77 40 for
811 564 117 47 boys
958 565 94 38 and
1082 562 147 49 girls”
1261 564 95 38 and
1388 561 319 40 “References
1738 561 77 39 for
1844 561 250 40 teacher”:

104 633 41 38 p.
175 622 113 51 [342]

107 689 1827 53 © June 9, 1933; 2c. June 16; aff. June 17; A 64014; Economy co.
183 751 279 48 (33-15519)

99 851 311 55 Nebraska
434 854 111 52 and
567 853 187 53 North
777 857 237 48 western
1039 850 204 70 digest,
1265 849 268 70 covering
1557 851 76 52 all
1656 870 150 34 cases
1831 849 265 70 reported

168 933 60 51 in
263 932 293 52 Nebraska
589 938 239 61 reports,
862 931 185 52 North
1081 936 239 46 western
1355 935 256 62 reporter
1645 930 111 52 and
1793 930 77 51 all
1905 929 63 52 of
2002 929 94 51 the

170 1011 169 51 north
382 1016 237 47 western
660 1016 172 46 states
874 1016 222 61 reports
1137 1009 153 51 from
1329 1010 94 50 the
1465 1007 229 54 earliest
1733 1009 181 68 times,
1956 1008 140 52 with

169 1095 227 46 current
424 1088 342 55 cumulative
794 1088 202 67 pocket
1023 1088 210 53 service
1260 1087 244 68 keeping
1529 1087 116 52 this
1672 1086 188 70 digest
1886 1088 212 68 always

169 1166 1929 68 to date … Compiled and edited by the publisher’s editorial
169 1242 151 56 staff,
395 1264 51 34 v.
474 1249 82 63 36,
584 1246 80 51 37.
743 1244 82 54 St.
854 1246 164 67 Paul,
1042 1247 160 53 West
1227 1244 333 69 publishing
1588 1265 79 33 co.
1700 1278 13 34 [
1718 1251 18 21 c
1742 1248 131 49 1933
1881 1278 12 33 ]

172 1322 26 38 2
228 1333 43 28 v.
330 1320 58 39 26
389 1322 43 20 cm
437 1353 8 7 .

511 1387 43 29 CONTENTS.—v.
591 1374 72 42 36.
698 1375 479 40 Tender-Trial.—v.
1212 1373 70 42 37.
1320 1376 181 40 Trover
1537 1376 96 39 and
102 1374 1983 101 Conversion-Vendor
218 1435 93 40 and
341 1435 278 48 purchaser.

109 1489 51 51 ©
190 1494 127 38 June
343 1493 68 46 21,
442 1491 139 46 1933;
612 1492 67 39 2c.
708 1491 119 38 each
854 1490 115 47 July
998 1488 81 44 24;
1112 1489 107 40 affs.
1251 1490 118 48 July
1394 1490 82 48 22;
1508 1490 42 39 A
1578 1490 158 47 64436,
1765 1490 170 47 64437;
1968 1490 135 41 West

174 1550 109 47 pub.
319 1560 65 29 co.

102 1651 227 65 Norris,
356 1652 201 53 James
585 1651 196 64 Flack,
813 1652 170 53 1871-

175 1728 1863 69 Experimental organic chemistry, by James F. Norris …
103 1810 71 51 3d
208 1808 82 54 ed.
366 1809 138 52 New
537 1808 163 52 York
729 1808 113 52 and
874 1808 257 66 London,
1165 1806 430 55 McGraw-Hill
1625 1807 147 52 book
1803 1824 296 51 company,

104 1886 124 67 inc.,
259 1891 149 49 1933.

175 1959 102 47 xiii,
320 1959 83 40 233
445 1970 42 37 p.
547 1958 128 41 illus.
738 1958 54 39 21
796 1960 44 21 cm
846 1990 8 8 .
925 1957 300 48 (Half-title:
1264 1957 357 40 International
1662 1956 232 40 chemical
1936 1957 163 43 series.

141 2014 895 50 J. F. Norris … consulting editor)
109 2071 1993 53 © May 25, 1933; 2c. May 31; aff. May 27; A 61970; McGraw-Hill book
175 2143 80 37 co.,
284 2132 91 40 inc.
445 2132 281 48 (33-15644)
1892 2128 119 42 5889

101 2235 195 52 North
325 2235 233 53 Dakota
587 2236 112 51 and
725 2236 186 53 North
939 2240 240 47 western
1207 2235 202 68 digest,
1436 2235 266 69 covering
1732 2236 77 51 all
1838 2253 150 34 cases
172 2252 1903 129 reported
400 2315 59 50 in
486 2315 185 51 North
699 2314 228 53 Dakota
954 2320 239 61 reports,
1220 2314 188 52 North
1435 2318 240 48 western
1701 2318 257 64 reporter
1987 2313 112 52 and

175 2394 75 50 all
274 2393 62 51 of
357 2393 95 52 the
473 2393 171 52 north
667 2398 237 48 western
928 2397 172 48 states
1126 2398 222 62 reports
1372 2393 153 51 from
1548 2393 96 52 the
1668 2391 227 54 earliest
1918 2393 180 66 times,

172 2470 139 51 with
350 2477 227 47 current
613 2470 343 53 cumulative
991 2471 205 68 pocket
1232 2471 209 53 service
1477 2471 248 69 keeping
1761 2471 114 53 this
1914 2471 187 69 digest

174 2549 1925 71 always to date … Compiled and edited by the publisher’s
172 2628 266 54 editorial
484 2626 149 55 staff,
708 2648 50 35 v.
807 2633 83 54 36,
937 2629 81 53 37.
1097 2629 82 54 St.
1228 2631 165 68 Paul,
1436 2632 162 53 West
1640 2630 335 68 publishing
2019 2650 78 34 co.

178 2741 12 34 [
196 2714 17 21 c
218 2710 132 49 1933
357 2740 12 33 ]

175 2782 27 38 2
240 2792 40 28 v.
351 2781 58 40 26
410 2784 43 20 cm
459 2814 8 8 .

515 2849 42 29 CONTENTS.—v.
594 2836 72 42 36.
701 2838 476 40 Tender-Trial.—v.
1214 2837 73 42 37.
1321 2839 182 40 Trover
1538 2840 95 39 and
105 2838 1981 95 conversion-Ven-dor
221 2896 95 38 and
346 2896 278 46 purchaser.

111 2948 51 51 ©
191 2952 126 39 June
343 2952 69 46 21,
441 2952 139 46 1933;
611 2952 67 39 2c.
706 2953 118 38 each
853 2953 116 47 July
996 2953 82 45 24;
1112 2951 105 40 affs.
1249 2952 118 48 July
1393 2952 82 47 22;
1507 2952 41 39 A
1577 2952 156 47 64438,
1765 2952 169 47 64439;
1967 2954 135 39 West

177 3009 108 47 pub.
311 3019 68 31 co.

104 3111 297 65 Oliphant,
428 3114 123 54 Jas.
576 3114 91 62 H.,
694 3112 51 53 &
771 3129 82 37 co.

174 3188 327 69 Oliphant’s
529 3192 212 52 studies
771 3191 58 52 in
859 3192 306 66 securities,
1198 3195 149 49 1933.
1426 3192 247 54 Seventh
1705 3193 160 52 issue.
1934 3192 165 56 Some

106 3269 62 51 of
201 3269 94 51 the
331 3269 213 53 studies
582 3270 62 52 of
680 3269 393 69 considerably
1111 3288 132 36 over
1281 3290 31 32 a
1348 3272 262 51 hundred
1649 3269 268 55 different
104 3291 1971 123 companies

325 3348 281 66 prepared
632 3349 112 51 and
769 3348 302 66 published
1097 3350 36 51 by
1198 3349 114 54 this
1339 3348 127 54 firm
1491 3351 211 66 during
1728 3351 94 51 the
1847 3356 131 63 past
2003 3356 94 47 ten

102 3426 472 66 years—selected
625 3445 59 34 as
732 3429 285 65 examples
1065 3428 64 51 of
1177 3428 195 52 varied
1423 3429 515 68 enterprise—past
105 3447 1968 108 records

277 3504 1819 71 brought into relation with the present … New York,
105 3580 268 69 Chicago,
397 3583 120 52 Jas.
543 3585 76 51 H.
646 3583 283 68 Oliphant
953 3589 45 49 &
1025 3603 77 36 co.
1138 3618 12 34 [
1156 3591 17 21 c
1179 3589 132 48 1933
1318 3619 11 33 ]

178 3656 86 40 158
291 3666 41 37 p.
391 3657 167 40 tables.
616 3657 55 40 21½
704 3660 44 20 cm
751 3688 9 9 .

111 3708 51 52 ©
193 3713 115 48 July
337 3713 67 47 18,
434 3713 140 47 1933;
606 3714 64 39 2c.
702 3715 95 39 and
828 3714 81 42 aff.
940 3715 116 48 July
1085 3715 83 48 21;
1201 3715 41 39 A
1271 3715 170 48 64410;
1475 3716 100 40 Jas.
1608 3717 60 40 H.
1700 3716 235 49 Oliphant
1964 3718 36 41 &
2031 3727 65 32 co.

103 3868 230 64 Oregon
372 3872 184 68 digest
595 3874 323 59 annotated,
959 3878 131 48 1853
1128 3881 57 47 to
1223 3876 148 66 date,

1407 3877 266 68 covering
1711 3879 77 51 all
1825 3897 150 35 cases
172 3897 1896 118 reported
404 3950 58 51 in
495 3950 228 68 Oregon
754 3958 220 61 reports
1007 3954 111 51 and
1150 3952 210 53 Pacific
1392 3960 272 62 reporter,
1695 3956 141 52 with
1866 3963 226 46 current
