2568 4328
1194 4065 30 48 5

275 504 163 42 “First
464 502 229 44 edition.”

207 559 52 52 ©
294 563 111 40 Jan.
437 563 41 48 3,
512 560 143 49 1933;
690 560 69 42 2c.
793 562 110 39 Jan.
938 561 53 48 7;
1028 559 81 42 aff.
1145 560 111 41 Jan.
1291 559 83 49 10;
1410 560 43 40 A
1487 560 171 49 58765;
1696 560 47 40 Z.
1781 560 141 48 Grey,
1958 559 258 47 Altadena,

276 618 145 42 Calif.
492 617 222 50 (33-973)

202 722 263 65 Hadath,
499 722 232 65 Gunby.

273 800 243 68 Twenty
546 800 150 68 good
724 799 178 69 ships,
976 799 163 69 chap.
1168 797 52 69 7,
1250 802 46 51 8.

281 875 85 49 (In
395 870 278 45 Children’s
703 884 311 38 newspaper,
1045 870 107 44 Oct.
1186 872 73 50 29,
1292 870 145 51 1932)

206 927 52 52 ©
285 932 67 40 1c.
379 931 111 41 Dec.
517 930 70 50 27,
614 929 142 49 1932;
784 930 43 40 A
851 932 62 39 ad
940 930 88 42 int.
1055 930 144 41 17358;
1256 929 144 50 pubd.
1429 931 104 40 Oct.
1559 929 83 48 27;
1674 929 54 41 G.
1754 928 219 49 Hadath,
2001 929 214 41 London.

202 1050 178 64 Hare,
408 1049 245 57 Robert.

270 1127 121 53 The
440 1127 173 52 crime
662 1126 61 53 in
769 1126 98 54 the
913 1125 230 70 crystal,
1189 1125 76 70 by
1313 1125 217 53 Robert
1575 1125 179 53 Hare.
1846 1125 140 53 New
2035 1124 181 69 York,

199 1205 347 67 Longmans,
573 1203 188 56 Green
787 1204 114 53 and
928 1222 98 50 co.,
1056 1206 151 51 1933.

270 1278 88 41 287
386 1289 44 38 p.
491 1278 57 41 19
551 1280 44 22 cm
598 1309 10 10 .

273 1334 163 42 “First
462 1333 231 42 edition.”

206 1389 52 52 ©
293 1393 110 40 Jan.
435 1393 42 46 4,
512 1392 141 48 1933;
688 1392 68 40 2c.
792 1393 96 39 and
922 1391 83 42 aff.
1038 1391 110 41 Jan.
1182 1392 54 47 7;
1273 1390 41 40 A
1347 1390 173 49 58754;
1557 1390 289 49 Longmans,
1884 1390 160 41 Green
2077 1391 38 40 &
2147 1401 68 31 co.

282 1448 223 51 (33-975)

202 1553 254 66 Harllee,
486 1553 258 56 William
779 1554 211 64 Curry.

279 1674 56 10 …
376 1631 282 55 Kinfolks
700 1674 56 10 …
841 1633 163 65 [Part
1039 1631 63 54 of
1140 1634 48 48 2.
1228 1631 272 53 Fulmore
1536 1630 214 54 section
1787 1631 64 53 of
1889 1650 32 34 a
202 1631 1985 133 publication
362 1716 58 48 to

455 1711 68 54 be
559 1711 182 54 called
778 1709 299 68 Kinfolks]
1156 1709 368 54 Distributed
1561 1711 75 68 by
1677 1711 236 55 Colonel
1948 1710 265 57 William

204 1789 61 55 C.
295 1790 240 54 Harllee
568 1835 56 10 …
727 1789 140 53 [New
896 1788 261 69 Orleans,
1184 1790 122 65 La.]
1339 1788 246 55 Printed
1611 1790 77 68 by
1718 1788 211 70 Searcy
1956 1793 47 51 &
2029 1787 183 72 Pfaff,

199 1869 124 68 ltd.,
355 1871 151 51 1932.

275 1942 286 48 cover-title,
584 1942 100 48 102,
712 1942 84 49 [24]
824 1953 43 38 p.
920 1941 129 41 illus.
1079 1941 134 48 (incl.
1237 1941 177 48 ports.)
1447 1941 233 48 facsims.,
1706 1942 181 47 diagrs.
1939 1941 57 40 21
1998 1944 46 21 cm
2049 1975 9 9 .

205 1995 53 53 ©
286 2001 119 40 Nov.
432 2001 40 47 1,
502 1999 112 41 1932;
673 1999 66 40 2c.
768 1999 119 40 Nov.
915 1999 83 48 21;
1030 1997 81 41 aff.
1141 1998 112 40 Dec.
1282 1997 83 49 19;
1396 1999 43 39 A
1466 1998 172 48 57524;
1670 1999 72 41 W.
1773 1998 48 41 C.
1853 1999 214 48 Harllee,
2097 2000 119 41 New

274 2057 219 41 Orleans.

278 2201 56 10 …
381 2158 282 54 Kinfolks
709 2200 57 10 …
850 2159 164 66 [Part
1054 2157 66 53 of
1160 2161 49 49 3.
1250 2157 190 67 Curry
1483 2157 214 53 section
1739 2158 114 53 and
1895 2161 48 50 4.
2019 2157 191 67 Kemp

202 2236 214 55 section
441 2237 65 53 of
532 2256 32 34 a
590 2236 359 69 publication
974 2242 58 47 to
1057 2238 67 53 be
1151 2236 183 55 called
1361 2236 301 68 Kinfolks]
1741 2235 367 55 Distributed
2135 2235 77 69 by

204 2316 237 55 Colonel
463 2315 264 56 William
751 2317 62 55 C.
838 2315 237 53 Harllee
1107 2357 56 10 …
1248 2316 157 66 [New
1431 2316 262 68 Orleans,
1717 2317 120 65 La.]
1868 2313 244 56 Printed
2135 2314 77 69 by

206 2393 210 70 Searcy
444 2398 50 51 &
520 2391 182 72 Pfaff,
731 2395 123 67 ltd.,
887 2396 150 50 1932.

274 2468 286 48 cover-title,
595 2469 84 40 173
715 2479 44 37 p.
822 2468 130 40 illus.
982 2467 134 50 (incl.
1151 2469 177 48 ports.)
1371 2466 233 50 facsims.,
1641 2467 155 49 diagr.
1859 2467 56 39 21½
1948 2467 45 22 cm
1999 2499 8 9 .

206 2521 51 53 ©
286 2526 112 39 Dec.
425 2525 71 48 30,
523 2524 141 48 1932;
693 2524 68 42 2c.
789 2526 96 39 and
912 2524 81 42 aff.
1023 2525 109 39 Jan.
1161 2525 40 48 3,
1229 2523 142 49 1933;
1401 2525 41 39 A
1471 2524 172 48 58645;
1673 2525 74 40 W.
1775 2523 47 41 C.
1852 2524 215 49 Harllee,
2096 2524 119 41 New

275 2582 220 42 Orleans.

279 2728 56 10 …
368 2685 282 53 Kinfolks
686 2728 56 10 …
828 2686 162 66 [Part
1019 2685 64 53 of
1115 2688 45 49 6.
1201 2685 219 52 Bethea
1450 2684 215 55 section
1695 2684 66 54 of
1791 2704 32 34 a
1853 2683 357 70 publication

204 2770 58 48 to
305 2766 66 51 be
416 2765 184 52 called
642 2763 301 67 Kinfolks]
1023 2763 367 54 Distributed
1433 2764 77 68 by
1556 2764 236 55 Colonel
1836 2764 263 57 William
2145 2764 63 56 C.

203 2842 237 53 Harllee
484 2888 56 9 …
626 2877 12 33 [
644 2842 140 53 New
823 2842 262 69 Orleans,
1123 2844 120 65 La.]
1288 2842 246 55 Printed
1572 2842 76 69 by
1691 2841 211 70 Searcy
1941 2846 46 50 &
2026 2838 183 73 Pfaff,

204 2922 122 66 ltd.,
358 2924 153 51 1932.

275 2995 285 48 cover-title,
589 2995 99 47 114,
721 2994 85 50 [10]
838 3005 43 38 p.
940 2995 129 40 illus.
1099 2993 134 50 (incl.
1262 2995 177 48 ports.)
1478 2994 231 47 facsims.,
1742 2994 181 48 diagrs.
1982 2993 55 40 22½
2070 2996 45 22 cm
2120 3026 8 9 .

207 3048 52 52 ©
287 3052 120 41 Nov.
434 3053 39 45 1,
503 3050 113 42 1932;
674 3051 66 41 2c.
769 3052 118 40 Nov.
915 3051 83 48 21;
1029 3051 82 40 aff.
1140 3052 113 40 Dec.
1282 3050 82 49 19;
1395 3051 44 42 A
1465 3051 172 48 57525;
1668 3052 72 41 W.
1771 3052 48 41 C.
1850 3052 216 47 Harllee,
2095 3052 119 39 New

275 3109 221 41 Orleans.

280 3258 56 10 …
401 3216 282 54 Kinfolks
750 3258 56 10 …
891 3218 163 65 [Part
1114 3216 65 53 of
1239 3216 48 54 7.
1327 3217 323 53 Robertson
1709 3217 213 54 section
1985 3217 114 53 and
2161 3219 47 50 8.

205 3294 221 69 Dickey
461 3294 216 53 section
714 3294 63 54 of
815 3314 31 33 a
882 3295 359 68 publication
1277 3302 59 47 to
1373 3296 67 52 be
1480 3295 182 54 called
1699 3294 298 68 Kinfolks]

203 3294 1981 133 Distributed
483 3374 78 67 by
590 3374 234 55 Colonel
849 3373 263 55 William
1140 3375 62 55 C.
1228 3374 237 53 Harllee
1494 3416 56 10 …
1621 3374 159 67 [New
1802 3374 259 68 Orleans,
2081 3374 102 53 La.]

204 3450 244 54 Printed
473 3452 77 65 by
580 3450 210 68 Searcy
816 3456 46 50 &
887 3448 182 58 Pfaff.
1097 3452 123 68 ltd.,
1249 3455 150 52 1932.

276 3525 284 47 cover-title,
593 3525 54 41 82
679 3535 44 38 p.
784 3525 130 41 illus.
943 3524 133 49 (incl.
1110 3527 175 48 ports.)
1325 3525 234 48 facsims.,
1592 3525 180 48 diagrs.
1835 3525 59 41 23
1893 3527 45 22 cm
1943 3558 9 8 .

209 3577 52 52 ©
289 3582 117 39 Nov.
435 3582 40 47 1,
504 3581 118 41 1932;
675 3581 68 41 2c.
770 3582 117 40 Nov.
914 3582 84 47 21;
1029 3581 81 40 aff.
1139 3582 112 41 Dec.
1280 3581 83 49 19;
1393 3582 43 40 A
1463 3582 172 48 57526;
1666 3583 71 40 W.
1769 3582 50 42 C.
1849 3582 215 49 Harllee,
2093 3583 120 40 New

279 3638 221 41 Orleans.

206 3745 351 67 Heathcote,
590 3747 248 54 Charles
863 3747 275 66 William,
1171 3753 170 50 1882-

274 3824 122 52 The
426 3823 220 69 signers
674 3823 67 55 of
766 3824 98 54 the
893 3824 371 54 Declaration
1296 3824 65 54 of
1390 3824 440 69 independence,
1860 3824 77 70 by
1972 3824 238 55 Charles

203 3901 261 54 William
490 3900 321 55 Heathcote
843 3944 57 10 …
975 3901 178 68 [West
1182 3901 254 71 Chester,
1464 3904 123 67 Pa.,
1615 3903 125 53 The
1766 3903 237 68 Temple
2033 3919 178 52 press,

228 3981 152 65 c1932]
