<alto xmlns="http://www.loc.gov/standards/alto/ns-v3#" xmlns:xsi="http://www.w3.org/2001/XMLSchema-instance" xsi:schemaLocation="http://www.loc.gov/standards/alto/ns-v3# http://www.loc.gov/alto/v3/alto-3-0.xsd"><Description>
<MeasurementUnit>pixel</MeasurementUnit>
<sourceImageInformation>
<fileName>1933_v1_Part1.pdf</fileName>
</sourceImageInformation>
<OCRProcessing ID="IdOcr">
<ocrProcessingStep>
<processingDateTime>2019-01-03</processingDateTime>
<processingSoftware>
<softwareCreator>ABBYY</softwareCreator>
<softwareName>ABBYY Recognition Server</softwareName>
<softwareVersion>4.0</softwareVersion>
</processingSoftware>
</ocrProcessingStep>
</OCRProcessing>
</Description>
<Styles>
<ParagraphStyle ALIGN="Left" FIRSTLINE="0." ID="StyleId-FFFFFFFF-FFFF-FFFF-FFFF-FFFFFFFFFFFF-" LEFT="0." RIGHT="0." />
<ParagraphStyle ALIGN="Left" FIRSTLINE="0." ID="StyleId-6EF5737A-DCEB-4126-A0CF-C5930BF7166A-" LEFT="0." LINESPACE="8.300000191" RIGHT="0." />
<ParagraphStyle ALIGN="Left" FIRSTLINE="0." ID="StyleId-2DE44258-FD0B-41E1-B542-087C989B01A3-" LEFT="0." LINESPACE="12.19999981" RIGHT="0." />
<ParagraphStyle ALIGN="Left" FIRSTLINE="-14." ID="StyleId-CE3D254A-29D7-4DD7-B5F1-E0FC0EF29B05-" LEFT="0." LINESPACE="8.619999886" RIGHT="0." />
<ParagraphStyle ALIGN="Left" FIRSTLINE="-14." ID="StyleId-C0E3A137-CE4F-4287-8A90-B599106709D0-" LEFT="0." LINESPACE="12.19999981" RIGHT="0." />
<ParagraphStyle ALIGN="Left" FIRSTLINE="-14." ID="StyleId-50F26F0C-05DA-4C19-BA58-7A6AC4499BEE-" LEFT="0." LINESPACE="11.06999969" RIGHT="0." />
<ParagraphStyle ALIGN="Center" FIRSTLINE="0." ID="StyleId-5DDE65AF-512C-41E2-9B8E-095D6D99EF68-" LEFT="0." LINESPACE="11.89999962" RIGHT="0." />
<ParagraphStyle ALIGN="Left" FIRSTLINE="0." ID="StyleId-0A81D7A5-6A62-4C52-915E-7768974C704D-" LEFT="0." LINESPACE="9.399999619" RIGHT="0." />
<ParagraphStyle ALIGN="Block" FIRSTLINE="-13." ID="StyleId-F7A0127F-6B48-4157-BB81-FE33E1E1A05B-" LEFT="0." LINESPACE="10.63000011" RIGHT="0." />
<ParagraphStyle ALIGN="Left" FIRSTLINE="0." ID="StyleId-E18C69F7-DBD7-48B1-805C-FCD96D0DA019-" LEFT="0." LINESPACE="11.64000034" RIGHT="0." />
<ParagraphStyle ALIGN="Left" FIRSTLINE="-14." ID="StyleId-98F15501-B611-4E83-8BB3-807E891F11F5-" LEFT="0." LINESPACE="12.19999981" RIGHT="0." />
<ParagraphStyle ALIGN="Left" FIRSTLINE="0." ID="StyleId-F4A78626-0BBC-4D12-94D9-A1AE75A9855F-" LEFT="0." LINESPACE="9.399999619" RIGHT="0." />
<ParagraphStyle ALIGN="Left" FIRSTLINE="0." ID="StyleId-6A3F6F4C-D21B-4ADE-902F-7683F18ECEF3-" LEFT="0." LINESPACE="11.10000038" RIGHT="0." />
</Styles>
<Layout>
<Page HEIGHT="4405" ID="Page875" PHYSICAL_IMG_NR="875" WIDTH="2484">
<TopMargin HEIGHT="407" HPOS="0" VPOS="0" WIDTH="2484">
</TopMargin>
<LeftMargin HEIGHT="3659" HPOS="0" VPOS="407" WIDTH="34">
</LeftMargin>
<RightMargin HEIGHT="3659" HPOS="2248" VPOS="407" WIDTH="236">
</RightMargin>
<BottomMargin HEIGHT="339" HPOS="0" VPOS="4066" WIDTH="2484">
<TextBlock HEIGHT="109" HPOS="1009" ID="Page875_Block1" LANG="en-US" STYLEREFS="StyleId-6D2C56CC-6BE1-46A7-9833-85BAB2D3D684-" VPOS="4072" WIDTH="253">
<TextLine HEIGHT="52" HPOS="1062" VPOS="4092" WIDTH="100">
<String CONTENT="875" HEIGHT="52" HPOS="1062" VPOS="4092" WIDTH="100" />
</TextLine>
</TextBlock>
</BottomMargin>
<PrintSpace HEIGHT="3659" HPOS="34" VPOS="407" WIDTH="2214">
<TextBlock CS="1" HEIGHT="3659" HPOS="34" ID="Page875_Block2" LANG="en-US" STYLEREFS="StyleId-1A5157A7-E2D2-43D1-B92C-B8CF477A962B-" VPOS="407" WIDTH="2111">
<TextLine HEIGHT="47" HPOS="152" VPOS="530" WIDTH="709">
<String CONTENT="&#8220;List" HEIGHT="40" HPOS="152" VPOS="534" WIDTH="134" />
<SP HEIGHT="38" HPOS="287" VPOS="536" WIDTH="23" />
<String CONTENT="of" HEIGHT="39" HPOS="311" VPOS="534" WIDTH="52" />
<SP HEIGHT="38" HPOS="364" VPOS="534" WIDTH="25" />
<String CONTENT="references&#8221;:" HEIGHT="43" HPOS="390" VPOS="530" WIDTH="325" />
<SP HEIGHT="37" HPOS="716" VPOS="540" WIDTH="27" />
<String CONTENT="p." HEIGHT="37" HPOS="744" VPOS="540" WIDTH="43" />
<SP HEIGHT="31" HPOS="788" VPOS="540" WIDTH="27" />
<String CONTENT="x." HEIGHT="29" HPOS="816" VPOS="540" WIDTH="45" />
</TextLine>
<TextLine HEIGHT="65" HPOS="86" VPOS="577" WIDTH="1994">
<String CONTENT="&#169;" HEIGHT="51" HPOS="86" VPOS="591" WIDTH="50" />
<SP HEIGHT="51" HPOS="137" VPOS="591" WIDTH="26" />
<String CONTENT="May" HEIGHT="45" HPOS="164" VPOS="595" WIDTH="112" />
<SP HEIGHT="48" HPOS="277" VPOS="592" WIDTH="23" />
<String CONTENT="20," HEIGHT="47" HPOS="301" VPOS="591" WIDTH="68" />
<SP HEIGHT="46" HPOS="370" VPOS="592" WIDTH="26" />
<String CONTENT="1933;" HEIGHT="45" HPOS="397" VPOS="591" WIDTH="139" />
<SP HEIGHT="46" HPOS="537" VPOS="590" WIDTH="27" />
<String CONTENT="2c." HEIGHT="38" HPOS="565" VPOS="590" WIDTH="66" />
<SP HEIGHT="29" HPOS="632" VPOS="599" WIDTH="26" />
<String CONTENT="and" HEIGHT="38" HPOS="659" VPOS="589" WIDTH="95" />
<SP HEIGHT="38" HPOS="755" VPOS="589" WIDTH="25" />
<String CONTENT="aff." HEIGHT="42" HPOS="781" VPOS="585" WIDTH="82" />
<SP HEIGHT="38" HPOS="864" VPOS="588" WIDTH="26" />
<String CONTENT="May" HEIGHT="46" HPOS="891" VPOS="588" WIDTH="114" />
<SP HEIGHT="48" HPOS="1006" VPOS="586" WIDTH="23" />
<String CONTENT="29;" HEIGHT="46" HPOS="1030" VPOS="585" WIDTH="83" />
<SP HEIGHT="47" HPOS="1114" VPOS="584" WIDTH="29" />
<String CONTENT="A" HEIGHT="39" HPOS="1144" VPOS="584" WIDTH="40" />
<SP HEIGHT="39" HPOS="1185" VPOS="584" WIDTH="25" />
<String CONTENT="62824;" HEIGHT="46" HPOS="1211" VPOS="582" WIDTH="169" />
<SP HEIGHT="48" HPOS="1381" VPOS="580" WIDTH="29" />
<String CONTENT="Carnegie" HEIGHT="47" HPOS="1411" VPOS="580" WIDTH="235" />
<SP HEIGHT="29" HPOS="1647" VPOS="589" WIDTH="26" />
<String CONTENT="endowment" HEIGHT="39" HPOS="1674" VPOS="579" WIDTH="304" />
<SP HEIGHT="40" HPOS="1979" VPOS="577" WIDTH="21" />
<String CONTENT="for" HEIGHT="40" HPOS="2001" VPOS="577" WIDTH="79" />
</TextLine>
<TextLine CS="1" HEIGHT="52" HPOS="153" VPOS="643" WIDTH="786">
<String CONTENT="internatl." CS="1" HEIGHT="39" HPOS="153" VPOS="650" WIDTH="246" />
<SP HEIGHT="36" HPOS="400" VPOS="659" WIDTH="30" />
<String CONTENT="peace." HEIGHT="39" HPOS="431" VPOS="656" WIDTH="157" />
<SP HEIGHT="47" HPOS="589" VPOS="645" WIDTH="69" />
<String CONTENT="(33-15521)" HEIGHT="49" HPOS="659" VPOS="643" WIDTH="280" />
</TextLine>
<TextLine HEIGHT="67" HPOS="79" STYLEREFS="StyleId-E412D614-DE1A-442B-823A-D8833DA0B766-" VPOS="747" WIDTH="820">
<String CONTENT="Fletcher," HEIGHT="63" HPOS="79" VPOS="751" WIDTH="289" />
<SP HEIGHT="62" HPOS="369" VPOS="752" WIDTH="23" />
<String CONTENT="William" HEIGHT="55" HPOS="393" VPOS="749" WIDTH="254" />
<SP HEIGHT="52" HPOS="648" VPOS="748" WIDTH="24" />
<String CONTENT="Meade." HEIGHT="53" HPOS="673" VPOS="747" WIDTH="226" />
</TextLine>
<TextLine HEIGHT="82" HPOS="151" STYLEREFS="StyleId-F679CC09-C538-498A-8F12-C00BB39382F5-" VPOS="815" WIDTH="1928">
<String CONTENT="Cyclopedia" HEIGHT="70" HPOS="151" VPOS="827" WIDTH="346" />
<SP HEIGHT="35" HPOS="498" VPOS="845" WIDTH="34" />
<String CONTENT="of" HEIGHT="52" HPOS="533" VPOS="827" WIDTH="62" />
<SP HEIGHT="52" HPOS="596" VPOS="827" WIDTH="32" />
<String CONTENT="the" HEIGHT="53" HPOS="629" VPOS="826" WIDTH="96" />
<SP HEIGHT="51" HPOS="726" VPOS="827" WIDTH="30" />
<String CONTENT="law" HEIGHT="51" HPOS="757" VPOS="827" WIDTH="112" />
<SP HEIGHT="36" HPOS="870" VPOS="842" WIDTH="33" />
<String CONTENT="of" HEIGHT="54" HPOS="904" VPOS="824" WIDTH="62" />
<SP HEIGHT="68" HPOS="967" VPOS="824" WIDTH="35" />
<String CONTENT="private" HEIGHT="70" HPOS="1003" VPOS="822" WIDTH="226" />
<SP HEIGHT="36" HPOS="1230" VPOS="839" WIDTH="32" />
<String CONTENT="corporations," HEIGHT="72" HPOS="1263" VPOS="818" WIDTH="411" />
<SP HEIGHT="69" HPOS="1675" VPOS="818" WIDTH="34" />
<String CONTENT="by" HEIGHT="69" HPOS="1710" VPOS="818" WIDTH="72" />
<SP HEIGHT="68" HPOS="1783" VPOS="819" WIDTH="35" />
<String CONTENT="William" HEIGHT="58" HPOS="1819" VPOS="815" WIDTH="260" />
</TextLine>
<TextLine CS="1" HEIGHT="73" HPOS="78" STYLEREFS="StyleId-F679CC09-C538-498A-8F12-C00BB39382F5-" VPOS="897" WIDTH="2002">
<String CONTENT="Meade" HEIGHT="53" HPOS="78" VPOS="907" WIDTH="203" />
<SP HEIGHT="52" HPOS="282" VPOS="908" WIDTH="30" />
<String CONTENT="Fletcher" HEIGHT="53" HPOS="313" VPOS="906" WIDTH="262" />
<SP HEIGHT="33" HPOS="576" VPOS="925" WIDTH="37" />
<String CONTENT="&#8230;" CS="1" />
<SP />
<String CONTENT="Rev." HEIGHT="51" HPOS="748" VPOS="905" WIDTH="136" />
<SP HEIGHT="33" HPOS="885" VPOS="922" WIDTH="34" />
<String CONTENT="and" HEIGHT="51" HPOS="920" VPOS="904" WIDTH="111" />
<SP HEIGHT="66" HPOS="1032" VPOS="904" WIDTH="31" />
<String CONTENT="permanent" HEIGHT="65" HPOS="1064" VPOS="905" WIDTH="335" />
<SP HEIGHT="47" HPOS="1400" VPOS="905" WIDTH="30" />
<String CONTENT="ed." HEIGHT="52" HPOS="1431" VPOS="899" WIDTH="84" />
<SP HEIGHT="50" HPOS="1516" VPOS="901" WIDTH="74" />
<String CONTENT="By" HEIGHT="65" HPOS="1591" VPOS="901" WIDTH="90" />
<SP HEIGHT="65" HPOS="1682" VPOS="901" WIDTH="30" />
<String CONTENT="Basil" HEIGHT="54" HPOS="1713" VPOS="897" WIDTH="160" />
<SP HEIGHT="51" HPOS="1874" VPOS="899" WIDTH="31" />
<String CONTENT="Jones" HEIGHT="51" HPOS="1906" VPOS="899" WIDTH="174" />
</TextLine>
<TextLine CS="1" HEIGHT="157" HPOS="81" STYLEREFS="StyleId-F679CC09-C538-498A-8F12-C00BB39382F5-" VPOS="976" WIDTH="1976">
<String CONTENT="and" HEIGHT="51" HPOS="83" VPOS="987" WIDTH="110" />
<SP HEIGHT="51" HPOS="194" VPOS="987" WIDTH="34" />
<String CONTENT="the" HEIGHT="51" HPOS="229" VPOS="987" WIDTH="95" />
<SP HEIGHT="49" HPOS="325" VPOS="1003" WIDTH="32" />
<String CONTENT="publishers&#8217;" HEIGHT="69" HPOS="358" VPOS="983" WIDTH="338" />
<SP HEIGHT="52" HPOS="697" VPOS="983" WIDTH="32" />
<String CONTENT="editorial" HEIGHT="53" HPOS="730" VPOS="982" WIDTH="267" />
<SP HEIGHT="50" HPOS="998" VPOS="984" WIDTH="33" />
<String CONTENT="staff" HEIGHT="57" HPOS="1032" VPOS="977" WIDTH="136" />
<SP HEIGHT="55" HPOS="1169" VPOS="977" WIDTH="36" />
<String CONTENT="&#8230;" CS="1" />
<SP />
<String CONTENT="v," HEIGHT="44" HPOS="1341" VPOS="997" WIDTH="50" />
<SP HEIGHT="60" HPOS="1392" VPOS="981" WIDTH="35" />
<String CONTENT="20." HEIGHT="49" HPOS="1428" VPOS="981" WIDTH="82" />
<SP HEIGHT="55" HPOS="1511" VPOS="977" WIDTH="75" />
<String CONTENT="Chicago," HEIGHT="70" HPOS="1587" VPOS="976" WIDTH="270" />
<SP HEIGHT="67" HPOS="1858" VPOS="977" WIDTH="34" />
<String CONTENT="Callaghan" HEIGHT="156" HPOS="81" VPOS="977" WIDTH="1976" />
<SP HEIGHT="34" HPOS="235" VPOS="1083" WIDTH="24" />
<String CONTENT="and" HEIGHT="52" HPOS="260" VPOS="1064" WIDTH="113" />
<SP HEIGHT="52" HPOS="374" VPOS="1064" WIDTH="24" />
<String CONTENT="company," HEIGHT="51" HPOS="399" VPOS="1079" WIDTH="296" />
<SP HEIGHT="63" HPOS="696" VPOS="1066" WIDTH="27" />
<String CONTENT="1933." HEIGHT="49" HPOS="724" VPOS="1065" WIDTH="153" />
</TextLine>
<TextLine CS="1" HEIGHT="49" HPOS="156" VPOS="1137" WIDTH="567">
<String CONTENT="1" HEIGHT="38" HPOS="156" VPOS="1140" WIDTH="24" />
<SP />
<String CONTENT="p." HEIGHT="36" HPOS="213" VPOS="1150" WIDTH="42" />
<SP />
<String CONTENT="l.," CS="1" />
<SP HEIGHT="48" HPOS="330" VPOS="1137" WIDTH="31" />
<String CONTENT="587" HEIGHT="40" HPOS="362" VPOS="1137" WIDTH="84" />
<SP HEIGHT="47" HPOS="447" VPOS="1138" WIDTH="29" />
<String CONTENT="p." HEIGHT="37" HPOS="477" VPOS="1148" WIDTH="43" />
<SP HEIGHT="40" HPOS="521" VPOS="1137" WIDTH="55" />
<String CONTENT="24&#189;cm." CS="1" HEIGHT="41" HPOS="577" VPOS="1137" WIDTH="146" />
</TextLine>
<TextLine HEIGHT="55" HPOS="94" VPOS="1185" WIDTH="1848">
<String CONTENT="&#169;" HEIGHT="48" HPOS="94" VPOS="1192" WIDTH="50" />
<SP HEIGHT="48" HPOS="145" VPOS="1192" WIDTH="33" />
<String CONTENT="July" HEIGHT="40" HPOS="179" VPOS="1196" WIDTH="116" />
<SP HEIGHT="42" HPOS="296" VPOS="1194" WIDTH="29" />
<String CONTENT="20," HEIGHT="46" HPOS="326" VPOS="1194" WIDTH="70" />
<SP HEIGHT="46" HPOS="397" VPOS="1194" WIDTH="31" />
<String CONTENT="1933;" HEIGHT="46" HPOS="429" VPOS="1193" WIDTH="140" />
<SP HEIGHT="46" HPOS="570" VPOS="1193" WIDTH="33" />
<String CONTENT="2c." HEIGHT="41" HPOS="604" VPOS="1193" WIDTH="68" />
<SP HEIGHT="28" HPOS="673" VPOS="1204" WIDTH="32" />
<String CONTENT="and" HEIGHT="39" HPOS="706" VPOS="1193" WIDTH="96" />
<SP HEIGHT="39" HPOS="803" VPOS="1193" WIDTH="31" />
<String CONTENT="aff." HEIGHT="41" HPOS="835" VPOS="1190" WIDTH="81" />
<SP HEIGHT="39" HPOS="917" VPOS="1192" WIDTH="33" />
<String CONTENT="July" HEIGHT="46" HPOS="951" VPOS="1191" WIDTH="116" />
<SP HEIGHT="46" HPOS="1068" VPOS="1191" WIDTH="30" />
<String CONTENT="22;" HEIGHT="46" HPOS="1099" VPOS="1190" WIDTH="85" />
<SP HEIGHT="47" HPOS="1185" VPOS="1189" WIDTH="33" />
<String CONTENT="A" HEIGHT="39" HPOS="1219" VPOS="1189" WIDTH="40" />
<SP HEIGHT="39" HPOS="1260" VPOS="1189" WIDTH="31" />
<String CONTENT="64431;" HEIGHT="45" HPOS="1292" VPOS="1189" WIDTH="170" />
<SP HEIGHT="47" HPOS="1463" VPOS="1187" WIDTH="36" />
<String CONTENT="Callaghan" HEIGHT="47" HPOS="1500" VPOS="1187" WIDTH="272" />
<SP HEIGHT="40" HPOS="1773" VPOS="1185" WIDTH="31" />
<String CONTENT="&amp;" HEIGHT="40" HPOS="1805" VPOS="1185" WIDTH="37" />
<SP HEIGHT="40" HPOS="1843" VPOS="1185" WIDTH="30" />
<String CONTENT="co." HEIGHT="30" HPOS="1874" VPOS="1196" WIDTH="68" />
</TextLine>
<TextLine HEIGHT="65" HPOS="86" STYLEREFS="StyleId-E412D614-DE1A-442B-823A-D8833DA0B766-" VPOS="1297" WIDTH="499">
<String CONTENT="Grand," HEIGHT="64" HPOS="86" VPOS="1298" WIDTH="216" />
<SP HEIGHT="65" HPOS="303" VPOS="1297" WIDTH="29" />
<String CONTENT="Gordon." HEIGHT="54" HPOS="333" VPOS="1297" WIDTH="252" />
</TextLine>
<TextLine CS="1" HEIGHT="70" HPOS="163" STYLEREFS="StyleId-F679CC09-C538-498A-8F12-C00BB39382F5-" VPOS="1364" WIDTH="1862">
<String CONTENT="Colonel" HEIGHT="55" HPOS="163" VPOS="1373" WIDTH="229" />
<SP HEIGHT="54" HPOS="393" VPOS="1371" WIDTH="34" />
<String CONTENT="Weatherford" HEIGHT="55" HPOS="428" VPOS="1370" WIDTH="404" />
<SP HEIGHT="52" HPOS="833" VPOS="1370" WIDTH="33" />
<String CONTENT="and" HEIGHT="52" HPOS="867" VPOS="1369" WIDTH="105" />
<SP HEIGHT="52" HPOS="973" VPOS="1368" WIDTH="35" />
<String CONTENT="his" HEIGHT="54" HPOS="1009" VPOS="1367" WIDTH="90" />
<SP HEIGHT="54" HPOS="1100" VPOS="1367" WIDTH="34" />
<String CONTENT="friends," HEIGHT="68" HPOS="1135" VPOS="1366" WIDTH="236" />
<SP HEIGHT="67" HPOS="1372" VPOS="1367" WIDTH="33" />
<String CONTENT="by" HEIGHT="67" HPOS="1406" VPOS="1367" WIDTH="73" />
<SP HEIGHT="69" HPOS="1480" VPOS="1365" WIDTH="36" />
<String CONTENT="Gordon" HEIGHT="53" HPOS="1517" VPOS="1365" WIDTH="234" />
<SP HEIGHT="53" HPOS="1752" VPOS="1364" WIDTH="34" />
<String CONTENT="Grand" HEIGHT="53" HPOS="1787" VPOS="1364" WIDTH="198" />
<SP HEIGHT="52" HPOS="1986" VPOS="1365" WIDTH="39" />
<String CONTENT="&#8230;" CS="1" />
</TextLine>
<TextLine CS="1" HEIGHT="75" HPOS="91" STYLEREFS="StyleId-F679CC09-C538-498A-8F12-C00BB39382F5-" VPOS="1442" WIDTH="1997">
<String CONTENT="with" HEIGHT="55" HPOS="91" VPOS="1451" WIDTH="140" />
<SP HEIGHT="52" HPOS="232" VPOS="1451" WIDTH="48" />
<String CONTENT="drawings" HEIGHT="68" HPOS="281" VPOS="1449" WIDTH="287" />
<SP HEIGHT="53" HPOS="569" VPOS="1449" WIDTH="43" />
<String CONTENT="by" HEIGHT="68" HPOS="613" VPOS="1449" WIDTH="73" />
<SP HEIGHT="69" HPOS="687" VPOS="1448" WIDTH="48" />
<String CONTENT="J." HEIGHT="54" HPOS="736" VPOS="1448" WIDTH="56" />
<SP HEIGHT="54" HPOS="793" VPOS="1447" WIDTH="50" />
<String CONTENT="Alden" HEIGHT="54" HPOS="844" VPOS="1447" WIDTH="189" />
<SP HEIGHT="51" HPOS="1034" VPOS="1447" WIDTH="45" />
<String CONTENT="Twachtman." HEIGHT="53" HPOS="1080" VPOS="1446" WIDTH="387" />
<SP HEIGHT="53" HPOS="1468" VPOS="1443" WIDTH="83" />
<String CONTENT="New" HEIGHT="54" HPOS="1552" VPOS="1443" WIDTH="137" />
<SP HEIGHT="54" HPOS="1690" VPOS="1443" WIDTH="49" />
<String CONTENT="York," HEIGHT="68" HPOS="1740" VPOS="1442" WIDTH="179" />
<SP HEIGHT="68" HPOS="1920" VPOS="1442" WIDTH="45" />
<String CONTENT="The" HEIGHT="52" HPOS="1966" VPOS="1442" WIDTH="122" />
</TextLine>
<TextLine HEIGHT="69" HPOS="93" STYLEREFS="StyleId-F679CC09-C538-498A-8F12-C00BB39382F5-" VPOS="1528" WIDTH="704">
<String CONTENT="Derrydale" HEIGHT="69" HPOS="93" VPOS="1528" WIDTH="316" />
<SP HEIGHT="48" HPOS="410" VPOS="1547" WIDTH="29" />
<String CONTENT="press," HEIGHT="50" HPOS="440" VPOS="1545" WIDTH="172" />
<SP HEIGHT="63" HPOS="613" VPOS="1530" WIDTH="33" />
<String CONTENT="1933." HEIGHT="52" HPOS="647" VPOS="1528" WIDTH="150" />
</TextLine>
<TextLine CS="1" HEIGHT="51" HPOS="160" VPOS="1597" WIDTH="1075">
<String CONTENT="6" HEIGHT="39" HPOS="160" VPOS="1601" WIDTH="28" />
<SP />
<String CONTENT="p." HEIGHT="37" HPOS="212" VPOS="1611" WIDTH="43" />
<SP />
<String CONTENT="l.," CS="1" />
<SP HEIGHT="46" HPOS="328" VPOS="1600" WIDTH="26" />
<String CONTENT="242" HEIGHT="40" HPOS="355" VPOS="1599" WIDTH="85" />
<SP HEIGHT="48" HPOS="441" VPOS="1599" WIDTH="29" />
<String CONTENT="p.," HEIGHT="37" HPOS="471" VPOS="1610" WIDTH="57" />
<SP HEIGHT="47" HPOS="529" VPOS="1599" WIDTH="27" />
<String CONTENT="1" HEIGHT="39" HPOS="557" VPOS="1599" WIDTH="25" />
<SP HEIGHT="39" HPOS="583" VPOS="1599" WIDTH="27" />
<String CONTENT="l." CS="1" HEIGHT="9" HPOS="632" VPOS="1630" WIDTH="9" />
<SP HEIGHT="41" HPOS="642" VPOS="1598" WIDTH="53" />
<String CONTENT="front.," HEIGHT="47" HPOS="696" VPOS="1598" WIDTH="164" />
<SP HEIGHT="37" HPOS="861" VPOS="1608" WIDTH="28" />
<String CONTENT="plates." HEIGHT="46" HPOS="890" VPOS="1599" WIDTH="170" />
<SP HEIGHT="41" HPOS="1061" VPOS="1597" WIDTH="57" />
<String CONTENT="24cm." HEIGHT="40" HPOS="1119" VPOS="1597" WIDTH="116" />
</TextLine>
<TextLine CS="1" HEIGHT="49" HPOS="163" VPOS="1652" WIDTH="1924">
<String CONTENT="&#8220;Fourteen" HEIGHT="39" HPOS="163" VPOS="1658" WIDTH="271" />
<SP HEIGHT="37" HPOS="435" VPOS="1658" WIDTH="33" />
<String CONTENT="hundred" HEIGHT="39" HPOS="469" VPOS="1656" WIDTH="219" />
<SP HEIGHT="39" HPOS="689" VPOS="1656" WIDTH="38" />
<String CONTENT="and" HEIGHT="38" HPOS="728" VPOS="1656" WIDTH="95" />
<SP HEIGHT="40" HPOS="824" VPOS="1654" WIDTH="34" />
<String CONTENT="fifty" HEIGHT="47" HPOS="859" VPOS="1654" WIDTH="113" />
<SP HEIGHT="36" HPOS="973" VPOS="1665" WIDTH="32" />
<String CONTENT="copies" HEIGHT="48" HPOS="1006" VPOS="1653" WIDTH="161" />
<SP HEIGHT="29" HPOS="1168" VPOS="1664" WIDTH="38" />
<String CONTENT="&#8230;" CS="1" />
<SP />
<String CONTENT="printed" HEIGHT="47" HPOS="1292" VPOS="1654" WIDTH="191" />
<SP HEIGHT="38" HPOS="1484" VPOS="1654" WIDTH="40" />
<String CONTENT="&#8230;" CS="1" />
<SP />
<String CONTENT="at" HEIGHT="36" HPOS="1609" VPOS="1656" WIDTH="51" />
<SP HEIGHT="36" HPOS="1661" VPOS="1656" WIDTH="37" />
<String CONTENT="the" HEIGHT="38" HPOS="1699" VPOS="1654" WIDTH="80" />
<SP HEIGHT="38" HPOS="1780" VPOS="1654" WIDTH="38" />
<String CONTENT="Derrydale" HEIGHT="47" HPOS="1819" VPOS="1652" WIDTH="268" />
</TextLine>
<TextLine HEIGHT="49" HPOS="89" VPOS="1714" WIDTH="179">
<String CONTENT="press.&#8221;" HEIGHT="49" HPOS="89" VPOS="1714" WIDTH="179" />
</TextLine>
<TextLine HEIGHT="55" HPOS="96" VPOS="1768" WIDTH="1995">
<String CONTENT="&#169;" HEIGHT="52" HPOS="96" VPOS="1771" WIDTH="52" />
<SP HEIGHT="52" HPOS="149" VPOS="1771" WIDTH="26" />
<String CONTENT="May" HEIGHT="45" HPOS="176" VPOS="1777" WIDTH="114" />
<SP HEIGHT="47" HPOS="291" VPOS="1775" WIDTH="22" />
<String CONTENT="15," HEIGHT="47" HPOS="314" VPOS="1774" WIDTH="69" />
<SP HEIGHT="47" HPOS="384" VPOS="1774" WIDTH="25" />
<String CONTENT="1933;" HEIGHT="47" HPOS="410" VPOS="1773" WIDTH="141" />
<SP HEIGHT="48" HPOS="552" VPOS="1772" WIDTH="26" />
<String CONTENT="2c." HEIGHT="40" HPOS="579" VPOS="1772" WIDTH="66" />
<SP HEIGHT="38" HPOS="646" VPOS="1773" WIDTH="28" />
<String CONTENT="June" HEIGHT="38" HPOS="675" VPOS="1773" WIDTH="125" />
<SP HEIGHT="38" HPOS="801" VPOS="1772" WIDTH="25" />
<String CONTENT="8:" HEIGHT="41" HPOS="827" VPOS="1772" WIDTH="52" />
<SP HEIGHT="31" HPOS="880" VPOS="1782" WIDTH="29" />
<String CONTENT="aff." HEIGHT="41" HPOS="910" VPOS="1770" WIDTH="82" />
<SP HEIGHT="41" HPOS="993" VPOS="1770" WIDTH="26" />
<String CONTENT="June" HEIGHT="40" HPOS="1020" VPOS="1770" WIDTH="127" />
<SP HEIGHT="39" HPOS="1148" VPOS="1770" WIDTH="25" />
<String CONTENT="9;" HEIGHT="46" HPOS="1174" VPOS="1770" WIDTH="52" />
<SP HEIGHT="46" HPOS="1227" VPOS="1770" WIDTH="29" />
<String CONTENT="A" HEIGHT="38" HPOS="1257" VPOS="1770" WIDTH="39" />
<SP HEIGHT="39" HPOS="1297" VPOS="1769" WIDTH="25" />
<String CONTENT="63093:" HEIGHT="40" HPOS="1323" VPOS="1769" WIDTH="170" />
<SP HEIGHT="39" HPOS="1494" VPOS="1770" WIDTH="29" />
<String CONTENT="Derrydale" HEIGHT="46" HPOS="1524" VPOS="1770" WIDTH="270" />
<SP HEIGHT="37" HPOS="1795" VPOS="1779" WIDTH="27" />
<String CONTENT="press," HEIGHT="38" HPOS="1823" VPOS="1778" WIDTH="149" />
<SP HEIGHT="42" HPOS="1973" VPOS="1768" WIDTH="27" />
<String CONTENT="inc." HEIGHT="39" HPOS="2001" VPOS="1768" WIDTH="90" />
</TextLine>
<TextLine HEIGHT="50" HPOS="174" VPOS="1831" WIDTH="278">
<String CONTENT="(33-15536)" HEIGHT="50" HPOS="174" VPOS="1831" WIDTH="278" />
</TextLine>
<TextLine HEIGHT="64" HPOS="91" STYLEREFS="StyleId-E412D614-DE1A-442B-823A-D8833DA0B766-" VPOS="1931" WIDTH="799">
<String CONTENT="Hiller," HEIGHT="62" HPOS="91" VPOS="1933" WIDTH="203" />
<SP HEIGHT="61" HPOS="295" VPOS="1934" WIDTH="26" />
<String CONTENT="Ernest" HEIGHT="51" HPOS="322" VPOS="1934" WIDTH="219" />
<SP HEIGHT="52" HPOS="542" VPOS="1932" WIDTH="27" />
<String CONTENT="Theodore." HEIGHT="54" HPOS="570" VPOS="1931" WIDTH="320" />
</TextLine>
<TextLine CS="1" HEIGHT="72" HPOS="164" STYLEREFS="StyleId-F679CC09-C538-498A-8F12-C00BB39382F5-" VPOS="2005" WIDTH="1927">
<String CONTENT="Principles" HEIGHT="68" HPOS="164" VPOS="2009" WIDTH="320" />
<SP HEIGHT="34" HPOS="485" VPOS="2028" WIDTH="32" />
<String CONTENT="of" HEIGHT="54" HPOS="518" VPOS="2007" WIDTH="63" />
<SP HEIGHT="55" HPOS="582" VPOS="2007" WIDTH="28" />
<String CONTENT="sociology," HEIGHT="69" HPOS="611" VPOS="2008" WIDTH="304" />
<SP HEIGHT="70" HPOS="916" VPOS="2006" WIDTH="28" />
<String CONTENT="by" HEIGHT="70" HPOS="945" VPOS="2006" WIDTH="76" />
<SP HEIGHT="69" HPOS="1022" VPOS="2007" WIDTH="30" />
<String CONTENT="E." HEIGHT="53" HPOS="1053" VPOS="2007" WIDTH="68" />
<SP HEIGHT="52" HPOS="1122" VPOS="2008" WIDTH="32" />
<String CONTENT="T." HEIGHT="52" HPOS="1155" VPOS="2008" WIDTH="64" />
<SP HEIGHT="53" HPOS="1220" VPOS="2007" WIDTH="32" />
<String CONTENT="Hiller" HEIGHT="54" HPOS="1253" VPOS="2006" WIDTH="192" />
<SP HEIGHT="32" HPOS="1446" VPOS="2027" WIDTH="34" />
<String CONTENT="&#8230;" CS="1" />
<SP />
<String CONTENT="New" HEIGHT="54" HPOS="1617" VPOS="2005" WIDTH="138" />
<SP HEIGHT="53" HPOS="1756" VPOS="2005" WIDTH="30" />
<String CONTENT="York" HEIGHT="53" HPOS="1787" VPOS="2005" WIDTH="164" />
<SP HEIGHT="53" HPOS="1952" VPOS="2006" WIDTH="28" />
<String CONTENT="and" HEIGHT="53" HPOS="1981" VPOS="2006" WIDTH="110" />
</TextLine>
<TextLine HEIGHT="68" HPOS="95" STYLEREFS="StyleId-F679CC09-C538-498A-8F12-C00BB39382F5-" VPOS="2087" WIDTH="1072">
<String CONTENT="London," HEIGHT="64" HPOS="95" VPOS="2091" WIDTH="254" />
<SP HEIGHT="66" HPOS="350" VPOS="2089" WIDTH="26" />
<String CONTENT="Harper" HEIGHT="65" HPOS="377" VPOS="2089" WIDTH="232" />
<SP HEIGHT="49" HPOS="610" VPOS="2090" WIDTH="26" />
<String CONTENT="&amp;" HEIGHT="49" HPOS="637" VPOS="2090" WIDTH="45" />
<SP HEIGHT="53" HPOS="683" VPOS="2087" WIDTH="23" />
<String CONTENT="brothers," HEIGHT="67" HPOS="707" VPOS="2087" WIDTH="278" />
<SP HEIGHT="64" HPOS="986" VPOS="2090" WIDTH="29" />
<String CONTENT="1933." HEIGHT="50" HPOS="1016" VPOS="2089" WIDTH="151" />
</TextLine>
<TextLine HEIGHT="52" HPOS="167" VPOS="2158" WIDTH="1919">
<String CONTENT="xix," HEIGHT="46" HPOS="167" VPOS="2164" WIDTH="98" />
<SP HEIGHT="47" HPOS="266" VPOS="2163" WIDTH="27" />
<String CONTENT="661" HEIGHT="41" HPOS="294" VPOS="2162" WIDTH="83" />
<SP HEIGHT="47" HPOS="378" VPOS="2163" WIDTH="28" />
<String CONTENT="p." HEIGHT="37" HPOS="407" VPOS="2173" WIDTH="43" />
<SP HEIGHT="39" HPOS="451" VPOS="2162" WIDTH="55" />
<String CONTENT="22cm." HEIGHT="39" HPOS="507" VPOS="2162" WIDTH="115" />
<SP HEIGHT="47" HPOS="623" VPOS="2161" WIDTH="67" />
<String CONTENT="(Lettered" HEIGHT="48" HPOS="691" VPOS="2160" WIDTH="251" />
<SP HEIGHT="38" HPOS="943" VPOS="2162" WIDTH="28" />
<String CONTENT="on" HEIGHT="29" HPOS="972" VPOS="2171" WIDTH="61" />
<SP HEIGHT="29" HPOS="1034" VPOS="2171" WIDTH="26" />
<String CONTENT="cover:" HEIGHT="31" HPOS="1061" VPOS="2169" WIDTH="163" />
<SP HEIGHT="39" HPOS="1225" VPOS="2160" WIDTH="28" />
<String CONTENT="Harper&#8217;s" HEIGHT="48" HPOS="1254" VPOS="2159" WIDTH="234" />
<SP HEIGHT="29" HPOS="1489" VPOS="2170" WIDTH="26" />
<String CONTENT="social" HEIGHT="40" HPOS="1516" VPOS="2159" WIDTH="150" />
<SP HEIGHT="39" HPOS="1667" VPOS="2160" WIDTH="28" />
<String CONTENT="science" HEIGHT="41" HPOS="1696" VPOS="2158" WIDTH="185" />
<SP HEIGHT="30" HPOS="1882" VPOS="2169" WIDTH="28" />
<String CONTENT="series)" HEIGHT="48" HPOS="1911" VPOS="2159" WIDTH="175" />
</TextLine>
<TextLine HEIGHT="42" HPOS="169" VPOS="2218" WIDTH="416">
<String CONTENT="&#8220;First" HEIGHT="40" HPOS="169" VPOS="2220" WIDTH="161" />
<SP HEIGHT="37" HPOS="331" VPOS="2223" WIDTH="27" />
<String CONTENT="edition.&#8221;" HEIGHT="41" HPOS="359" VPOS="2218" WIDTH="226" />
</TextLine>
<TextLine HEIGHT="49" HPOS="169" VPOS="2273" WIDTH="1924">
<String CONTENT="&#8220;Selected" HEIGHT="41" HPOS="169" VPOS="2277" WIDTH="244" />
<SP HEIGHT="39" HPOS="414" VPOS="2277" WIDTH="31" />
<String CONTENT="bibliography&#8221;" HEIGHT="48" HPOS="446" VPOS="2274" WIDTH="365" />
<SP HEIGHT="40" HPOS="812" VPOS="2274" WIDTH="32" />
<String CONTENT="at" HEIGHT="37" HPOS="845" VPOS="2277" WIDTH="52" />
<SP HEIGHT="37" HPOS="898" VPOS="2277" WIDTH="29" />
<String CONTENT="end" HEIGHT="39" HPOS="928" VPOS="2275" WIDTH="91" />
<SP HEIGHT="39" HPOS="1020" VPOS="2275" WIDTH="30" />
<String CONTENT="of" HEIGHT="39" HPOS="1051" VPOS="2274" WIDTH="52" />
<SP HEIGHT="39" HPOS="1104" VPOS="2274" WIDTH="29" />
<String CONTENT="each" HEIGHT="38" HPOS="1134" VPOS="2275" WIDTH="119" />
<SP HEIGHT="38" HPOS="1254" VPOS="2275" WIDTH="29" />
<String CONTENT="chapter" HEIGHT="47" HPOS="1284" VPOS="2275" WIDTH="201" />
<SP HEIGHT="29" HPOS="1486" VPOS="2283" WIDTH="29" />
<String CONTENT="except" HEIGHT="45" HPOS="1516" VPOS="2276" WIDTH="170" />
<SP HEIGHT="38" HPOS="1687" VPOS="2276" WIDTH="29" />
<String CONTENT="chapter" HEIGHT="47" HPOS="1717" VPOS="2273" WIDTH="201" />
<SP HEIGHT="29" HPOS="1919" VPOS="2285" WIDTH="29" />
<String CONTENT="xxxv." HEIGHT="32" HPOS="1949" VPOS="2284" WIDTH="144" />
</TextLine>
<TextLine CS="1" HEIGHT="52" HPOS="101" VPOS="2331" WIDTH="1830">
<String CONTENT="&#169;" HEIGHT="52" HPOS="101" VPOS="2331" WIDTH="52" />
<SP HEIGHT="52" HPOS="154" VPOS="2331" WIDTH="27" />
<String CONTENT="June" HEIGHT="38" HPOS="182" VPOS="2336" WIDTH="128" />
<SP HEIGHT="39" HPOS="311" VPOS="2335" WIDTH="22" />
<String CONTENT="1," HEIGHT="46" HPOS="334" VPOS="2335" WIDTH="40" />
<SP HEIGHT="47" HPOS="375" VPOS="2334" WIDTH="25" />
<String CONTENT="1933;" HEIGHT="47" HPOS="401" VPOS="2333" WIDTH="139" />
<SP HEIGHT="46" HPOS="541" VPOS="2334" WIDTH="29" />
<String CONTENT="2c." HEIGHT="39" HPOS="571" VPOS="2334" WIDTH="67" />
<SP HEIGHT="39" HPOS="639" VPOS="2334" WIDTH="26" />
<String CONTENT="June" HEIGHT="38" HPOS="666" VPOS="2334" WIDTH="126" />
<SP HEIGHT="39" HPOS="793" VPOS="2333" WIDTH="25" />
<String CONTENT="1;" HEIGHT="45" HPOS="819" VPOS="2333" WIDTH="51" />
<SP HEIGHT="35" HPOS="871" VPOS="2343" WIDTH="30" />
<String CONTENT="aff." HEIGHT="40" HPOS="902" VPOS="2332" WIDTH="81" />
<SP HEIGHT="38" HPOS="984" VPOS="2333" WIDTH="28" />
<String CONTENT="June" HEIGHT="39" HPOS="1013" VPOS="2333" WIDTH="130" />
<SP HEIGHT="39" HPOS="1144" VPOS="2333" WIDTH="21" />
<String CONTENT="3;" HEIGHT="46" HPOS="1166" VPOS="2333" WIDTH="54" />
<SP HEIGHT="46" HPOS="1221" VPOS="2333" WIDTH="29" />
<String CONTENT="A" HEIGHT="38" HPOS="1251" VPOS="2333" WIDTH="41" />
<SP HEIGHT="40" HPOS="1293" VPOS="2331" WIDTH="25" />
<String CONTENT="62870;" CS="1" HEIGHT="48" HPOS="1319" VPOS="2331" WIDTH="170" />
<SP HEIGHT="46" HPOS="1490" VPOS="2333" WIDTH="30" />
<String CONTENT="Harper" HEIGHT="47" HPOS="1521" VPOS="2333" WIDTH="193" />
<SP HEIGHT="39" HPOS="1715" VPOS="2333" WIDTH="27" />
<String CONTENT="&amp;" HEIGHT="39" HPOS="1743" VPOS="2333" WIDTH="36" />
<SP HEIGHT="39" HPOS="1780" VPOS="2333" WIDTH="26" />
<String CONTENT="bros." HEIGHT="39" HPOS="1807" VPOS="2334" WIDTH="124" />
</TextLine>
<TextLine HEIGHT="50" HPOS="183" VPOS="2390" WIDTH="278">
<String CONTENT="(33-15631)" HEIGHT="50" HPOS="183" VPOS="2390" WIDTH="278" />
</TextLine>
<TextLine HEIGHT="65" HPOS="97" STYLEREFS="StyleId-E412D614-DE1A-442B-823A-D8833DA0B766-" VPOS="2493" WIDTH="798">
<String CONTENT="Jarrett," HEIGHT="61" HPOS="97" VPOS="2497" WIDTH="246" />
<SP HEIGHT="63" HPOS="344" VPOS="2495" WIDTH="26" />
<String CONTENT="Mary" HEIGHT="63" HPOS="371" VPOS="2495" WIDTH="174" />
<SP HEIGHT="63" HPOS="546" VPOS="2495" WIDTH="25" />
<String CONTENT="Cromwell." HEIGHT="56" HPOS="572" VPOS="2493" WIDTH="323" />
</TextLine>
<TextLine CS="1" HEIGHT="72" HPOS="171" STYLEREFS="StyleId-F679CC09-C538-498A-8F12-C00BB39382F5-" VPOS="2569" WIDTH="1865">
<String CONTENT="Chronic" HEIGHT="57" HPOS="171" VPOS="2571" WIDTH="247" />
<SP HEIGHT="53" HPOS="419" VPOS="2572" WIDTH="38" />
<String CONTENT="illness" HEIGHT="53" HPOS="458" VPOS="2572" WIDTH="192" />
<SP HEIGHT="54" HPOS="651" VPOS="2571" WIDTH="37" />
<String CONTENT="in" HEIGHT="53" HPOS="689" VPOS="2571" WIDTH="59" />
<SP HEIGHT="52" HPOS="749" VPOS="2572" WIDTH="38" />
<String CONTENT="New" HEIGHT="52" HPOS="788" VPOS="2572" WIDTH="139" />
<SP HEIGHT="53" HPOS="928" VPOS="2570" WIDTH="38" />
<String CONTENT="York" HEIGHT="53" HPOS="967" VPOS="2570" WIDTH="163" />
<SP HEIGHT="54" HPOS="1131" VPOS="2570" WIDTH="38" />
<String CONTENT="city," HEIGHT="71" HPOS="1170" VPOS="2569" WIDTH="133" />
<SP HEIGHT="69" HPOS="1304" VPOS="2571" WIDTH="37" />
<String CONTENT="by" HEIGHT="70" HPOS="1342" VPOS="2571" WIDTH="75" />
<SP HEIGHT="71" HPOS="1418" VPOS="2570" WIDTH="36" />
<String CONTENT="Mary" HEIGHT="70" HPOS="1455" VPOS="2570" WIDTH="172" />
<SP HEIGHT="71" HPOS="1628" VPOS="2569" WIDTH="38" />
<String CONTENT="C." HEIGHT="55" HPOS="1667" VPOS="2569" WIDTH="61" />
<SP HEIGHT="55" HPOS="1729" VPOS="2571" WIDTH="40" />
<String CONTENT="Jarrett" HEIGHT="56" HPOS="1770" VPOS="2571" WIDTH="225" />
<SP HEIGHT="49" HPOS="1996" VPOS="2578" WIDTH="40" />
<String CONTENT="&#8230;" CS="1" />
</TextLine>
<TextLine HEIGHT="71" HPOS="106" STYLEREFS="StyleId-F679CC09-C538-498A-8F12-C00BB39382F5-" VPOS="2650" WIDTH="1994">
<String CONTENT="[New" HEIGHT="66" HPOS="106" VPOS="2653" WIDTH="155" />
<SP HEIGHT="51" HPOS="262" VPOS="2652" WIDTH="36" />
<String CONTENT="York]" HEIGHT="67" HPOS="299" VPOS="2650" WIDTH="179" />
<SP HEIGHT="66" HPOS="479" VPOS="2651" WIDTH="40" />
<String CONTENT="Pub." HEIGHT="52" HPOS="520" VPOS="2650" WIDTH="142" />
<SP HEIGHT="52" HPOS="663" VPOS="2650" WIDTH="38" />
<String CONTENT="for" HEIGHT="52" HPOS="702" VPOS="2650" WIDTH="92" />
<SP HEIGHT="47" HPOS="795" VPOS="2655" WIDTH="34" />
<String CONTENT="the" HEIGHT="52" HPOS="830" VPOS="2650" WIDTH="96" />
<SP HEIGHT="53" HPOS="927" VPOS="2650" WIDTH="31" />
<String CONTENT="Welfare" HEIGHT="53" HPOS="959" VPOS="2650" WIDTH="260" />
<SP HEIGHT="35" HPOS="1220" VPOS="2668" WIDTH="34" />
<String CONTENT="council" HEIGHT="52" HPOS="1255" VPOS="2650" WIDTH="218" />
<SP HEIGHT="52" HPOS="1474" VPOS="2651" WIDTH="35" />
<String CONTENT="of" HEIGHT="52" HPOS="1510" VPOS="2651" WIDTH="63" />
<SP HEIGHT="52" HPOS="1574" VPOS="2651" WIDTH="34" />
<String CONTENT="New" HEIGHT="52" HPOS="1609" VPOS="2651" WIDTH="138" />
<SP HEIGHT="51" HPOS="1748" VPOS="2652" WIDTH="36" />
<String CONTENT="York" HEIGHT="51" HPOS="1785" VPOS="2652" WIDTH="163" />
<SP HEIGHT="53" HPOS="1949" VPOS="2652" WIDTH="32" />
<String CONTENT="city" HEIGHT="69" HPOS="1982" VPOS="2652" WIDTH="118" />
</TextLine>
<TextLine HEIGHT="69" HPOS="103" STYLEREFS="StyleId-F679CC09-C538-498A-8F12-C00BB39382F5-" VPOS="2728" WIDTH="1123">
<String CONTENT="by" HEIGHT="66" HPOS="103" VPOS="2731" WIDTH="72" />
<SP HEIGHT="68" HPOS="176" VPOS="2729" WIDTH="27" />
<String CONTENT="Columbia" HEIGHT="55" HPOS="204" VPOS="2728" WIDTH="297" />
<SP HEIGHT="34" HPOS="502" VPOS="2747" WIDTH="25" />
<String CONTENT="university" HEIGHT="68" HPOS="528" VPOS="2728" WIDTH="318" />
<SP HEIGHT="50" HPOS="847" VPOS="2746" WIDTH="25" />
<String CONTENT="press," HEIGHT="51" HPOS="873" VPOS="2746" WIDTH="174" />
<SP HEIGHT="65" HPOS="1048" VPOS="2732" WIDTH="26" />
<String CONTENT="1933." HEIGHT="51" HPOS="1075" VPOS="2730" WIDTH="151" />
</TextLine>
<TextLine CS="1" HEIGHT="50" HPOS="172" VPOS="2801" WIDTH="1929">
<String CONTENT="2" HEIGHT="39" HPOS="172" VPOS="2803" WIDTH="28" />
<SP />
<String CONTENT="v." CS="1" HEIGHT="8" HPOS="267" VPOS="2835" WIDTH="8" />
<SP HEIGHT="39" HPOS="276" VPOS="2804" WIDTH="64" />
<String CONTENT="diagrs." HEIGHT="46" HPOS="341" VPOS="2803" WIDTH="178" />
<SP HEIGHT="40" HPOS="520" VPOS="2801" WIDTH="62" />
<String CONTENT="24cm." HEIGHT="41" HPOS="583" VPOS="2801" WIDTH="117" />
<SP />
<String CONTENT="(Half-title:" HEIGHT="50" HPOS="775" VPOS="2801" WIDTH="299" />
<SP HEIGHT="41" HPOS="1075" VPOS="2802" WIDTH="36" />
<String CONTENT="Studies" HEIGHT="41" HPOS="1112" VPOS="2802" WIDTH="195" />
<SP HEIGHT="29" HPOS="1308" VPOS="2813" WIDTH="35" />
<String CONTENT="of" HEIGHT="40" HPOS="1344" VPOS="2802" WIDTH="51" />
<SP HEIGHT="41" HPOS="1396" VPOS="2802" WIDTH="33" />
<String CONTENT="the" HEIGHT="39" HPOS="1430" VPOS="2804" WIDTH="82" />
<SP HEIGHT="40" HPOS="1513" VPOS="2803" WIDTH="35" />
<String CONTENT="Research" HEIGHT="40" HPOS="1549" VPOS="2803" WIDTH="244" />
<SP HEIGHT="39" HPOS="1794" VPOS="2803" WIDTH="33" />
<String CONTENT="bureau" HEIGHT="41" HPOS="1828" VPOS="2803" WIDTH="185" />
<SP HEIGHT="31" HPOS="2014" VPOS="2815" WIDTH="34" />
<String CONTENT="of" HEIGHT="40" HPOS="2049" VPOS="2806" WIDTH="52" />
</TextLine>
<TextLine CS="1" HEIGHT="48" HPOS="105" VPOS="2858" WIDTH="769">
<String CONTENT="the" HEIGHT="39" HPOS="105" VPOS="2863" WIDTH="81" />
<SP HEIGHT="41" HPOS="187" VPOS="2861" WIDTH="26" />
<String CONTENT="Welfare" HEIGHT="42" HPOS="214" VPOS="2860" WIDTH="216" />
<SP HEIGHT="29" HPOS="431" VPOS="2870" WIDTH="26" />
<String CONTENT="council." CS="1" HEIGHT="41" HPOS="458" VPOS="2858" WIDTH="186" />
<SP HEIGHT="27" HPOS="660" VPOS="2871" WIDTH="58" />
<String CONTENT="no." HEIGHT="29" HPOS="719" VPOS="2870" WIDTH="74" />
<SP HEIGHT="40" HPOS="794" VPOS="2859" WIDTH="29" />
<String CONTENT="5)" HEIGHT="48" HPOS="824" VPOS="2858" WIDTH="50" />
</TextLine>
<TextLine HEIGHT="49" HPOS="177" VPOS="2916" WIDTH="1924">
<String CONTENT="&#8220;The" HEIGHT="38" HPOS="177" VPOS="2919" WIDTH="128" />
<SP HEIGHT="37" HPOS="306" VPOS="2928" WIDTH="27" />
<String CONTENT="picture" HEIGHT="48" HPOS="334" VPOS="2917" WIDTH="187" />
<SP HEIGHT="37" HPOS="522" VPOS="2927" WIDTH="27" />
<String CONTENT="presented" HEIGHT="47" HPOS="550" VPOS="2917" WIDTH="256" />
<SP HEIGHT="39" HPOS="807" VPOS="2917" WIDTH="27" />
<String CONTENT="is" HEIGHT="39" HPOS="835" VPOS="2917" WIDTH="42" />
<SP HEIGHT="29" HPOS="878" VPOS="2927" WIDTH="27" />
<String CONTENT="as" HEIGHT="29" HPOS="906" VPOS="2927" WIDTH="55" />
<SP HEIGHT="29" HPOS="962" VPOS="2927" WIDTH="28" />
<String CONTENT="of" HEIGHT="39" HPOS="991" VPOS="2917" WIDTH="51" />
<SP HEIGHT="39" HPOS="1043" VPOS="2917" WIDTH="28" />
<String CONTENT="the" HEIGHT="40" HPOS="1072" VPOS="2917" WIDTH="82" />
<SP HEIGHT="35" HPOS="1155" VPOS="2928" WIDTH="27" />
<String CONTENT="year" HEIGHT="36" HPOS="1183" VPOS="2927" WIDTH="117" />
<SP HEIGHT="38" HPOS="1301" VPOS="2917" WIDTH="27" />
<String CONTENT="1928." HEIGHT="40" HPOS="1329" VPOS="2916" WIDTH="128" />
<SP HEIGHT="38" HPOS="1458" VPOS="2918" WIDTH="56" />
<String CONTENT="Mimeographed" HEIGHT="49" HPOS="1515" VPOS="2916" WIDTH="394" />
<SP HEIGHT="39" HPOS="1910" VPOS="2919" WIDTH="27" />
<String CONTENT="drafts" HEIGHT="41" HPOS="1938" VPOS="2918" WIDTH="163" />
</TextLine>
<TextLine CS="1" HEIGHT="106" HPOS="106" VPOS="2973" WIDTH="1943">
<String CONTENT="of" HEIGHT="40" HPOS="106" VPOS="2976" WIDTH="52" />
<SP HEIGHT="39" HPOS="159" VPOS="2976" WIDTH="35" />
<String CONTENT="sections" HEIGHT="41" HPOS="195" VPOS="2974" WIDTH="208" />
<SP HEIGHT="29" HPOS="404" VPOS="2984" WIDTH="37" />
<String CONTENT="of" HEIGHT="40" HPOS="442" VPOS="2973" WIDTH="51" />
<SP HEIGHT="40" HPOS="494" VPOS="2973" WIDTH="36" />
<String CONTENT="the" HEIGHT="40" HPOS="531" VPOS="2973" WIDTH="82" />
<SP HEIGHT="29" HPOS="614" VPOS="2983" WIDTH="35" />
<String CONTENT="study" HEIGHT="46" HPOS="650" VPOS="2974" WIDTH="145" />
<SP HEIGHT="46" HPOS="796" VPOS="2974" WIDTH="35" />
<String CONTENT="have" HEIGHT="39" HPOS="832" VPOS="2974" WIDTH="124" />
<SP HEIGHT="39" HPOS="957" VPOS="2974" WIDTH="35" />
<String CONTENT="been" HEIGHT="39" HPOS="993" VPOS="2974" WIDTH="120" />
<SP HEIGHT="29" HPOS="1114" VPOS="2984" WIDTH="34" />
<String CONTENT="appearing" HEIGHT="49" HPOS="1149" VPOS="2973" WIDTH="266" />
<SP HEIGHT="38" HPOS="1416" VPOS="2984" WIDTH="34" />
<String CONTENT="since" HEIGHT="41" HPOS="1451" VPOS="2973" WIDTH="130" />
<SP HEIGHT="40" HPOS="1582" VPOS="2975" WIDTH="36" />
<String CONTENT="January," HEIGHT="48" HPOS="1619" VPOS="2975" WIDTH="236" />
<SP HEIGHT="47" HPOS="1856" VPOS="2976" WIDTH="38" />
<String CONTENT="1930" HEIGHT="42" HPOS="1895" VPOS="2975" WIDTH="114" />
<SP HEIGHT="41" HPOS="2010" VPOS="2976" WIDTH="39" />
<String CONTENT="&#8230;" CS="1" />
<SP />
<String CONTENT="One" HEIGHT="40" HPOS="107" VPOS="3033" WIDTH="103" />
<SP HEIGHT="29" HPOS="211" VPOS="3042" WIDTH="27" />
<String CONTENT="section" HEIGHT="41" HPOS="239" VPOS="3030" WIDTH="182" />
<SP HEIGHT="37" HPOS="422" VPOS="3042" WIDTH="34" />
<String CONTENT="[Vol." HEIGHT="48" HPOS="457" VPOS="3031" WIDTH="104" />
<SP HEIGHT="30" HPOS="562" VPOS="3039" WIDTH="30" />
<String CONTENT="II," CS="1" HEIGHT="16" HPOS="637" VPOS="3061" WIDTH="8" />
<SP HEIGHT="36" HPOS="646" VPOS="3041" WIDTH="30" />
<String CONTENT="chap." HEIGHT="46" HPOS="677" VPOS="3031" WIDTH="136" />
<SP HEIGHT="38" HPOS="814" VPOS="3031" WIDTH="30" />
<String CONTENT="3]" HEIGHT="48" HPOS="845" VPOS="3031" WIDTH="40" />
</TextLine>
<TextLine CS="1" HEIGHT="108" HPOS="108" VPOS="3030" WIDTH="1994">
<String CONTENT="&#8230;" CS="1" />
<SP />
<String CONTENT="was" HEIGHT="30" HPOS="1004" VPOS="3040" WIDTH="102" />
<SP HEIGHT="36" HPOS="1107" VPOS="3041" WIDTH="30" />
<String CONTENT="printed" HEIGHT="47" HPOS="1138" VPOS="3030" WIDTH="193" />
<SP HEIGHT="40" HPOS="1332" VPOS="3030" WIDTH="29" />
<String CONTENT="in" HEIGHT="40" HPOS="1362" VPOS="3030" WIDTH="49" />
<SP HEIGHT="39" HPOS="1412" VPOS="3031" WIDTH="31" />
<String CONTENT="1931" HEIGHT="40" HPOS="1444" VPOS="3031" WIDTH="113" />
<SP HEIGHT="49" HPOS="1558" VPOS="3032" WIDTH="33" />
<String CONTENT="[and" CS="1" HEIGHT="39" HPOS="1606" VPOS="3033" WIDTH="95" />
<SP HEIGHT="47" HPOS="1702" VPOS="3033" WIDTH="31" />
<String CONTENT="published" HEIGHT="48" HPOS="1734" VPOS="3032" WIDTH="255" />
<SP HEIGHT="38" HPOS="1990" VPOS="3035" WIDTH="30" />
<String CONTENT="under" HEIGHT="84" HPOS="108" VPOS="3045" WIDTH="1977" />
<SP HEIGHT="37" HPOS="195" VPOS="3091" WIDTH="31" />
<String CONTENT="title:" HEIGHT="40" HPOS="227" VPOS="3088" WIDTH="134" />
<SP HEIGHT="39" HPOS="362" VPOS="3088" WIDTH="36" />
<String CONTENT="The" HEIGHT="39" HPOS="399" VPOS="3088" WIDTH="100" />
<SP HEIGHT="29" HPOS="500" VPOS="3098" WIDTH="33" />
<String CONTENT="care" HEIGHT="30" HPOS="534" VPOS="3097" WIDTH="109" />
<SP HEIGHT="29" HPOS="644" VPOS="3098" WIDTH="32" />
<String CONTENT="of" HEIGHT="39" HPOS="677" VPOS="3087" WIDTH="51" />
<SP HEIGHT="40" HPOS="729" VPOS="3087" WIDTH="32" />
<String CONTENT="the" HEIGHT="39" HPOS="762" VPOS="3088" WIDTH="81" />
<SP HEIGHT="29" HPOS="844" VPOS="3098" WIDTH="32" />
<String CONTENT="chronic" HEIGHT="41" HPOS="877" VPOS="3086" WIDTH="196" />
<SP HEIGHT="30" HPOS="1074" VPOS="3097" WIDTH="33" />
<String CONTENT="sick" HEIGHT="40" HPOS="1108" VPOS="3087" WIDTH="102" />
<SP HEIGHT="40" HPOS="1211" VPOS="3087" WIDTH="33" />
<String CONTENT="in" HEIGHT="40" HPOS="1245" VPOS="3087" WIDTH="49" />
<SP HEIGHT="37" HPOS="1295" VPOS="3098" WIDTH="33" />
<String CONTENT="private" HEIGHT="48" HPOS="1329" VPOS="3087" WIDTH="190" />
<SP HEIGHT="39" HPOS="1520" VPOS="3090" WIDTH="34" />
<String CONTENT="homes" HEIGHT="40" HPOS="1555" VPOS="3090" WIDTH="165" />
<SP HEIGHT="39" HPOS="1721" VPOS="3089" WIDTH="30" />
<String CONTENT="for" HEIGHT="40" HPOS="1752" VPOS="3089" WIDTH="80" />
<SP HEIGHT="37" HPOS="1833" VPOS="3092" WIDTH="33" />
<String CONTENT="the" HEIGHT="41" HPOS="1867" VPOS="3090" WIDTH="80" />
<SP HEIGHT="30" HPOS="1948" VPOS="3101" WIDTH="33" />
<String CONTENT="aged" HEIGHT="46" HPOS="1982" VPOS="3092" WIDTH="120" />
</TextLine>
<TextLine CS="1" HEIGHT="52" HPOS="110" VPOS="3142" WIDTH="1319">
<String CONTENT="in" HEIGHT="40" HPOS="110" VPOS="3146" WIDTH="47" />
<SP HEIGHT="30" HPOS="158" VPOS="3156" WIDTH="23" />
<String CONTENT="and" HEIGHT="40" HPOS="182" VPOS="3145" WIDTH="95" />
<SP HEIGHT="40" HPOS="278" VPOS="3145" WIDTH="23" />
<String CONTENT="near" HEIGHT="30" HPOS="302" VPOS="3155" WIDTH="118" />
<SP HEIGHT="40" HPOS="421" VPOS="3144" WIDTH="23" />
<String CONTENT="New" HEIGHT="40" HPOS="445" VPOS="3144" WIDTH="116" />
<SP HEIGHT="40" HPOS="562" VPOS="3144" WIDTH="24" />
<String CONTENT="York" HEIGHT="40" HPOS="587" VPOS="3144" WIDTH="130" />
<SP HEIGHT="40" HPOS="718" VPOS="3144" WIDTH="23" />
<String CONTENT="city]&#8221;&#8212;Pref.," HEIGHT="51" HPOS="742" VPOS="3142" WIDTH="352" />
<SP HEIGHT="36" HPOS="1095" VPOS="3156" WIDTH="25" />
<String CONTENT="vol." HEIGHT="41" HPOS="1121" VPOS="3144" WIDTH="91" />
<SP HEIGHT="30" HPOS="1213" VPOS="3154" WIDTH="25" />
<String CONTENT="I," CS="1" HEIGHT="17" HPOS="1261" VPOS="3176" WIDTH="8" />
<SP HEIGHT="39" HPOS="1270" VPOS="3155" WIDTH="25" />
<String CONTENT="p." HEIGHT="39" HPOS="1296" VPOS="3155" WIDTH="43" />
<SP HEIGHT="41" HPOS="1340" VPOS="3144" WIDTH="24" />
<String CONTENT="ix." HEIGHT="42" HPOS="1365" VPOS="3144" WIDTH="64" />
</TextLine>
<TextLine CS="1" HEIGHT="47" HPOS="179" VPOS="3202" WIDTH="1927">
<String CONTENT="Contents.&#8212;I." HEIGHT="41" HPOS="179" VPOS="3203" WIDTH="370" />
<SP HEIGHT="39" HPOS="550" VPOS="3202" WIDTH="34" />
<String CONTENT="The" HEIGHT="39" HPOS="585" VPOS="3202" WIDTH="101" />
<SP HEIGHT="37" HPOS="687" VPOS="3212" WIDTH="36" />
<String CONTENT="problems" HEIGHT="46" HPOS="724" VPOS="3203" WIDTH="239" />
<SP HEIGHT="29" HPOS="964" VPOS="3213" WIDTH="36" />
<String CONTENT="of" HEIGHT="40" HPOS="1001" VPOS="3202" WIDTH="49" />
<SP HEIGHT="40" HPOS="1051" VPOS="3202" WIDTH="35" />
<String CONTENT="chronic" HEIGHT="39" HPOS="1087" VPOS="3203" WIDTH="196" />
<SP HEIGHT="40" HPOS="1284" VPOS="3202" WIDTH="35" />
<String CONTENT="illness.&#8212;II." CS="1" HEIGHT="42" HPOS="1320" VPOS="3202" WIDTH="298" />
<SP HEIGHT="39" HPOS="1619" VPOS="3205" WIDTH="33" />
<String CONTENT="The" HEIGHT="41" HPOS="1653" VPOS="3205" WIDTH="103" />
<SP HEIGHT="30" HPOS="1757" VPOS="3216" WIDTH="31" />
<String CONTENT="care" HEIGHT="32" HPOS="1789" VPOS="3215" WIDTH="113" />
<SP HEIGHT="29" HPOS="1903" VPOS="3218" WIDTH="31" />
<String CONTENT="of" HEIGHT="39" HPOS="1935" VPOS="3207" WIDTH="51" />
<SP HEIGHT="39" HPOS="1987" VPOS="3207" WIDTH="35" />
<String CONTENT="the" HEIGHT="40" HPOS="2023" VPOS="3208" WIDTH="83" />
</TextLine>
<TextLine HEIGHT="51" HPOS="110" VPOS="3257" WIDTH="1404">
<String CONTENT="chronic" HEIGHT="39" HPOS="110" VPOS="3260" WIDTH="194" />
<SP HEIGHT="29" HPOS="305" VPOS="3270" WIDTH="22" />
<String CONTENT="sick" HEIGHT="40" HPOS="328" VPOS="3259" WIDTH="102" />
<SP HEIGHT="39" HPOS="431" VPOS="3259" WIDTH="24" />
<String CONTENT="by" HEIGHT="46" HPOS="456" VPOS="3260" WIDTH="59" />
<SP HEIGHT="46" HPOS="516" VPOS="3260" WIDTH="23" />
<String CONTENT="different" HEIGHT="42" HPOS="540" VPOS="3257" WIDTH="227" />
<SP HEIGHT="39" HPOS="768" VPOS="3260" WIDTH="26" />
<String CONTENT="types" HEIGHT="45" HPOS="795" VPOS="3261" WIDTH="136" />
<SP HEIGHT="29" HPOS="932" VPOS="3269" WIDTH="24" />
<String CONTENT="of" HEIGHT="39" HPOS="957" VPOS="3259" WIDTH="51" />
<SP HEIGHT="39" HPOS="1009" VPOS="3259" WIDTH="23" />
<String CONTENT="voluntary" HEIGHT="47" HPOS="1033" VPOS="3260" WIDTH="262" />
<SP HEIGHT="36" HPOS="1296" VPOS="3271" WIDTH="23" />
<String CONTENT="agency." HEIGHT="37" HPOS="1320" VPOS="3271" WIDTH="194" />
</TextLine>
<TextLine CS="1" HEIGHT="56" HPOS="116" VPOS="3313" WIDTH="1989">
<String CONTENT="&#169;" HEIGHT="51" HPOS="116" VPOS="3313" WIDTH="51" />
<SP HEIGHT="51" HPOS="168" VPOS="3313" WIDTH="34" />
<String CONTENT="June" HEIGHT="38" HPOS="203" VPOS="3318" WIDTH="125" />
<SP HEIGHT="39" HPOS="329" VPOS="3317" WIDTH="32" />
<String CONTENT="10," HEIGHT="47" HPOS="362" VPOS="3316" WIDTH="68" />
<SP HEIGHT="46" HPOS="431" VPOS="3317" WIDTH="33" />
<String CONTENT="1933;" HEIGHT="46" HPOS="465" VPOS="3316" WIDTH="140" />
<SP HEIGHT="46" HPOS="606" VPOS="3316" WIDTH="34" />
<String CONTENT="2c." HEIGHT="38" HPOS="641" VPOS="3316" WIDTH="68" />
<SP HEIGHT="28" HPOS="710" VPOS="3327" WIDTH="33" />
<String CONTENT="each" HEIGHT="38" HPOS="744" VPOS="3317" WIDTH="118" />
<SP HEIGHT="38" HPOS="863" VPOS="3317" WIDTH="32" />
<String CONTENT="June" HEIGHT="39" HPOS="896" VPOS="3317" WIDTH="125" />
<SP HEIGHT="39" HPOS="1022" VPOS="3317" WIDTH="33" />
<String CONTENT="12;" CS="1" HEIGHT="47" HPOS="1084" VPOS="3316" WIDTH="54" />
<SP HEIGHT="36" HPOS="1139" VPOS="3327" WIDTH="37" />
<String CONTENT="aff." HEIGHT="40" HPOS="1177" VPOS="3317" WIDTH="81" />
<SP HEIGHT="39" HPOS="1259" VPOS="3318" WIDTH="34" />
<String CONTENT="June" HEIGHT="40" HPOS="1294" VPOS="3318" WIDTH="128" />
<SP HEIGHT="38" HPOS="1423" VPOS="3320" WIDTH="29" />
<String CONTENT="13;" HEIGHT="46" HPOS="1453" VPOS="3320" WIDTH="81" />
<SP HEIGHT="46" HPOS="1535" VPOS="3320" WIDTH="36" />
<String CONTENT="A" HEIGHT="40" HPOS="1572" VPOS="3320" WIDTH="44" />
<SP HEIGHT="40" HPOS="1617" VPOS="3320" WIDTH="30" />
<String CONTENT="62955;" CS="1" HEIGHT="41" HPOS="1648" VPOS="3320" WIDTH="142" />
<SP HEIGHT="48" HPOS="1819" VPOS="3321" WIDTH="36" />
<String CONTENT="Columbia" HEIGHT="41" HPOS="1856" VPOS="3321" WIDTH="249" />
</TextLine>
<TextLine HEIGHT="49" HPOS="183" VPOS="3372" WIDTH="658">
<String CONTENT="univ." HEIGHT="40" HPOS="183" VPOS="3373" WIDTH="128" />
<SP HEIGHT="36" HPOS="312" VPOS="3384" WIDTH="27" />
<String CONTENT="press." HEIGHT="37" HPOS="340" VPOS="3383" WIDTH="148" />
<SP HEIGHT="47" HPOS="489" VPOS="3374" WIDTH="72" />
<String CONTENT="(33-15627)" HEIGHT="49" HPOS="562" VPOS="3372" WIDTH="279" />
</TextLine>
<TextLine HEIGHT="64" HPOS="110" STYLEREFS="StyleId-E412D614-DE1A-442B-823A-D8833DA0B766-" VPOS="3463" WIDTH="565">
<String CONTENT="Kimble," HEIGHT="63" HPOS="110" VPOS="3463" WIDTH="249" />
<SP HEIGHT="62" HPOS="360" VPOS="3464" WIDTH="26" />
<String CONTENT="Ralph" HEIGHT="64" HPOS="387" VPOS="3463" WIDTH="190" />
<SP HEIGHT="53" HPOS="578" VPOS="3463" WIDTH="24" />
<String CONTENT="A." HEIGHT="56" HPOS="603" VPOS="3463" WIDTH="72" />
</TextLine>
<TextLine HEIGHT="79" HPOS="185" STYLEREFS="StyleId-F679CC09-C538-498A-8F12-C00BB39382F5-" VPOS="3538" WIDTH="1923">
<String CONTENT="Commemorative" HEIGHT="54" HPOS="185" VPOS="3538" WIDTH="509" />
<SP HEIGHT="51" HPOS="695" VPOS="3557" WIDTH="41" />
<String CONTENT="postage" HEIGHT="64" HPOS="737" VPOS="3545" WIDTH="236" />
<SP HEIGHT="35" HPOS="974" VPOS="3559" WIDTH="39" />
<String CONTENT="stamps" HEIGHT="64" HPOS="1014" VPOS="3546" WIDTH="217" />
<SP HEIGHT="33" HPOS="1232" VPOS="3561" WIDTH="42" />
<String CONTENT="of" HEIGHT="52" HPOS="1275" VPOS="3542" WIDTH="64" />
<SP HEIGHT="54" HPOS="1340" VPOS="3542" WIDTH="39" />
<String CONTENT="the" HEIGHT="52" HPOS="1380" VPOS="3544" WIDTH="99" />
<SP HEIGHT="54" HPOS="1480" VPOS="3544" WIDTH="37" />
<String CONTENT="United" HEIGHT="55" HPOS="1518" VPOS="3543" WIDTH="218" />
<SP HEIGHT="57" HPOS="1737" VPOS="3543" WIDTH="45" />
<String CONTENT="States," HEIGHT="71" HPOS="1783" VPOS="3543" WIDTH="206" />
<SP HEIGHT="67" HPOS="1990" VPOS="3547" WIDTH="41" />
<String CONTENT="by" HEIGHT="70" HPOS="2032" VPOS="3547" WIDTH="76" />
</TextLine>
<TextLine CS="1" HEIGHT="75" HPOS="116" STYLEREFS="StyleId-F679CC09-C538-498A-8F12-C00BB39382F5-" VPOS="3616" WIDTH="1888">
<String CONTENT="Ralph" HEIGHT="66" HPOS="116" VPOS="3616" WIDTH="192" />
<SP HEIGHT="51" HPOS="309" VPOS="3616" WIDTH="27" />
<String CONTENT="A." HEIGHT="52" HPOS="337" VPOS="3616" WIDTH="70" />
<SP HEIGHT="51" HPOS="408" VPOS="3617" WIDTH="32" />
<String CONTENT="Kimble" HEIGHT="53" HPOS="441" VPOS="3616" WIDTH="231" />
<SP HEIGHT="34" HPOS="673" VPOS="3635" WIDTH="34" />
<String CONTENT="&#8230;" CS="1" />
<SP />
<String CONTENT="New" HEIGHT="52" HPOS="835" VPOS="3618" WIDTH="139" />
<SP HEIGHT="52" HPOS="975" VPOS="3618" WIDTH="29" />
<String CONTENT="York," HEIGHT="67" HPOS="1005" VPOS="3618" WIDTH="181" />
<SP HEIGHT="66" HPOS="1187" VPOS="3619" WIDTH="30" />
<String CONTENT="Grosset" HEIGHT="55" HPOS="1218" VPOS="3619" WIDTH="231" />
<SP HEIGHT="49" HPOS="1453" VPOS="3624" WIDTH="28" />
<String CONTENT="&amp;" HEIGHT="49" HPOS="1482" VPOS="3624" WIDTH="46" />
<SP HEIGHT="51" HPOS="1529" VPOS="3622" WIDTH="26" />
<String CONTENT="Dunlap" HEIGHT="68" HPOS="1556" VPOS="3622" WIDTH="237" />
<SP HEIGHT="49" HPOS="1794" VPOS="3641" WIDTH="37" />
<String CONTENT="[1933]" CS="1" HEIGHT="65" HPOS="1852" VPOS="3626" WIDTH="152" />
</TextLine>
<TextLine CS="1" HEIGHT="52" HPOS="188" STYLEREFS="StyleId-F679CC09-C538-498A-8F12-C00BB39382F5-" VPOS="3687" WIDTH="1241">
<String CONTENT="xiii" HEIGHT="39" HPOS="188" VPOS="3688" WIDTH="90" />
<SP HEIGHT="48" HPOS="279" VPOS="3688" WIDTH="21" />
<String CONTENT="p.," HEIGHT="37" HPOS="301" VPOS="3699" WIDTH="58" />
<SP HEIGHT="45" HPOS="360" VPOS="3689" WIDTH="24" />
<String CONTENT="1" HEIGHT="39" HPOS="385" VPOS="3689" WIDTH="25" />
<SP />
<String CONTENT="l.," CS="1" />
<SP HEIGHT="47" HPOS="479" VPOS="3687" WIDTH="21" />
<String CONTENT="350" HEIGHT="41" HPOS="501" VPOS="3687" WIDTH="87" />
<SP HEIGHT="48" HPOS="589" VPOS="3688" WIDTH="21" />
<String CONTENT="p." HEIGHT="37" HPOS="611" VPOS="3699" WIDTH="43" />
<SP HEIGHT="39" HPOS="655" VPOS="3689" WIDTH="58" />
<String CONTENT="front.," HEIGHT="42" HPOS="714" VPOS="3689" WIDTH="162" />
<SP HEIGHT="38" HPOS="877" VPOS="3700" WIDTH="25" />
<String CONTENT="plates," HEIGHT="48" HPOS="903" VPOS="3691" WIDTH="171" />
<SP HEIGHT="38" HPOS="1075" VPOS="3701" WIDTH="25" />
<String CONTENT="ports." HEIGHT="45" HPOS="1101" VPOS="3693" WIDTH="149" />
<SP HEIGHT="39" HPOS="1251" VPOS="3691" WIDTH="61" />
<String CONTENT="21cm." HEIGHT="44" HPOS="1313" VPOS="3691" WIDTH="116" />
</TextLine>
<TextLine HEIGHT="50" HPOS="189" VPOS="3744" WIDTH="757">
<String CONTENT="&#8220;First" HEIGHT="41" HPOS="189" VPOS="3744" WIDTH="162" />
<SP HEIGHT="46" HPOS="352" VPOS="3746" WIDTH="22" />
<String CONTENT="printing," HEIGHT="48" HPOS="375" VPOS="3744" WIDTH="230" />
<SP HEIGHT="46" HPOS="606" VPOS="3745" WIDTH="27" />
<String CONTENT="May," HEIGHT="49" HPOS="634" VPOS="3745" WIDTH="125" />
<SP HEIGHT="48" HPOS="760" VPOS="3746" WIDTH="28" />
<String CONTENT="1933.&#8221;" HEIGHT="42" HPOS="789" VPOS="3746" WIDTH="157" />
</TextLine>
<TextLine HEIGHT="54" HPOS="192" VPOS="3800" WIDTH="1919">
<String CONTENT="&#8220;With" HEIGHT="41" HPOS="192" VPOS="3800" WIDTH="159" />
<SP HEIGHT="38" HPOS="352" VPOS="3802" WIDTH="28" />
<String CONTENT="one" HEIGHT="29" HPOS="381" VPOS="3812" WIDTH="87" />
<SP HEIGHT="28" HPOS="469" VPOS="3813" WIDTH="26" />
<String CONTENT="or" HEIGHT="29" HPOS="496" VPOS="3812" WIDTH="53" />
<SP HEIGHT="37" HPOS="550" VPOS="3804" WIDTH="23" />
<String CONTENT="two" HEIGHT="37" HPOS="574" VPOS="3804" WIDTH="95" />
<SP HEIGHT="29" HPOS="670" VPOS="3813" WIDTH="25" />
<String CONTENT="exceptions" HEIGHT="47" HPOS="696" VPOS="3803" WIDTH="279" />
<SP HEIGHT="38" HPOS="976" VPOS="3806" WIDTH="25" />
<String CONTENT="the" HEIGHT="39" HPOS="1002" VPOS="3805" WIDTH="81" />
<SP HEIGHT="30" HPOS="1084" VPOS="3814" WIDTH="27" />
<String CONTENT="stamps" HEIGHT="46" HPOS="1112" VPOS="3806" WIDTH="184" />
<SP HEIGHT="38" HPOS="1297" VPOS="3807" WIDTH="24" />
<String CONTENT="taken" HEIGHT="40" HPOS="1322" VPOS="3806" WIDTH="147" />
<SP HEIGHT="29" HPOS="1470" VPOS="3818" WIDTH="27" />
<String CONTENT="up" HEIGHT="38" HPOS="1498" VPOS="3816" WIDTH="63" />
<SP HEIGHT="46" HPOS="1562" VPOS="3808" WIDTH="25" />
<String CONTENT="here" HEIGHT="41" HPOS="1588" VPOS="3808" WIDTH="114" />
<SP HEIGHT="39" HPOS="1703" VPOS="3810" WIDTH="26" />
<String CONTENT="have" HEIGHT="39" HPOS="1730" VPOS="3810" WIDTH="123" />
<SP HEIGHT="40" HPOS="1854" VPOS="3809" WIDTH="25" />
<String CONTENT="been" HEIGHT="41" HPOS="1880" VPOS="3809" WIDTH="118" />
<SP HEIGHT="38" HPOS="1999" VPOS="3812" WIDTH="30" />
<String CONTENT="the" HEIGHT="40" HPOS="2030" VPOS="3811" WIDTH="81" />
</TextLine>
<TextLine HEIGHT="57" HPOS="121" VPOS="3856" WIDTH="1989">
<String CONTENT="subject" HEIGHT="47" HPOS="121" VPOS="3856" WIDTH="188" />
<SP HEIGHT="39" HPOS="310" VPOS="3858" WIDTH="38" />
<String CONTENT="of" HEIGHT="38" HPOS="349" VPOS="3858" WIDTH="52" />
<SP HEIGHT="39" HPOS="402" VPOS="3858" WIDTH="37" />
<String CONTENT="the" HEIGHT="38" HPOS="440" VPOS="3859" WIDTH="80" />
<SP HEIGHT="27" HPOS="521" VPOS="3870" WIDTH="38" />
<String CONTENT="nationally-known" HEIGHT="46" HPOS="560" VPOS="3858" WIDTH="465" />
<SP HEIGHT="41" HPOS="1026" VPOS="3858" WIDTH="41" />
<String CONTENT="Stamp" HEIGHT="50" HPOS="1068" VPOS="3858" WIDTH="167" />
<SP HEIGHT="45" HPOS="1236" VPOS="3863" WIDTH="38" />
<String CONTENT="talks" HEIGHT="40" HPOS="1275" VPOS="3862" WIDTH="131" />
<SP HEIGHT="39" HPOS="1407" VPOS="3863" WIDTH="38" />
<String CONTENT="broadcast" HEIGHT="41" HPOS="1446" VPOS="3863" WIDTH="259" />
<SP HEIGHT="40" HPOS="1706" VPOS="3864" WIDTH="40" />
<String CONTENT="from" HEIGHT="41" HPOS="1747" VPOS="3864" WIDTH="124" />
<SP HEIGHT="39" HPOS="1872" VPOS="3866" WIDTH="42" />
<String CONTENT="WMAQ" HEIGHT="47" HPOS="1915" VPOS="3866" WIDTH="195" />
</TextLine>
<TextLine HEIGHT="46" HPOS="123" VPOS="3912" WIDTH="1008">
<String CONTENT="in" HEIGHT="39" HPOS="123" VPOS="3912" WIDTH="44" />
<SP HEIGHT="39" HPOS="168" VPOS="3912" WIDTH="29" />
<String CONTENT="Chicago" HEIGHT="46" HPOS="198" VPOS="3912" WIDTH="207" />
<SP HEIGHT="29" HPOS="406" VPOS="3924" WIDTH="25" />
<String CONTENT="ever" HEIGHT="29" HPOS="432" VPOS="3924" WIDTH="112" />
<SP HEIGHT="28" HPOS="545" VPOS="3924" WIDTH="24" />
<String CONTENT="since" HEIGHT="40" HPOS="570" VPOS="3914" WIDTH="129" />
<SP HEIGHT="38" HPOS="700" VPOS="3915" WIDTH="24" />
<String CONTENT="3" HEIGHT="38" HPOS="725" VPOS="3915" WIDTH="17" />
<SP HEIGHT="40" HPOS="743" VPOS="3915" WIDTH="11" />
<String CONTENT="930.&#8221;&#8212;Introd." HEIGHT="43" HPOS="755" VPOS="3914" WIDTH="376" />
</TextLine>
<TextLine CS="1" HEIGHT="60" HPOS="125" VPOS="3966" WIDTH="1986">
<String CONTENT="&#169;" HEIGHT="51" HPOS="125" VPOS="3966" WIDTH="50" />
<SP HEIGHT="51" HPOS="176" VPOS="3966" WIDTH="33" />
<String CONTENT="June" HEIGHT="39" HPOS="210" VPOS="3970" WIDTH="124" />
<SP HEIGHT="38" HPOS="335" VPOS="3971" WIDTH="29" />
<String CONTENT="1," HEIGHT="43" HPOS="365" VPOS="3971" WIDTH="39" />
<SP HEIGHT="42" HPOS="405" VPOS="3972" WIDTH="31" />
<String CONTENT="1933:" HEIGHT="41" HPOS="437" VPOS="3971" WIDTH="139" />
<SP HEIGHT="40" HPOS="577" VPOS="3972" WIDTH="32" />
<String CONTENT="2c." HEIGHT="41" HPOS="610" VPOS="3972" WIDTH="67" />
<SP HEIGHT="31" HPOS="678" VPOS="3982" WIDTH="31" />
<String CONTENT="and" HEIGHT="38" HPOS="710" VPOS="3974" WIDTH="94" />
<SP HEIGHT="39" HPOS="805" VPOS="3974" WIDTH="32" />
<String CONTENT="aff." HEIGHT="42" HPOS="838" VPOS="3973" WIDTH="81" />
<SP HEIGHT="40" HPOS="920" VPOS="3975" WIDTH="31" />
<String CONTENT="June" HEIGHT="38" HPOS="952" VPOS="3975" WIDTH="125" />
<SP HEIGHT="38" HPOS="1078" VPOS="3976" WIDTH="31" />
<String CONTENT="3:" HEIGHT="40" HPOS="1110" VPOS="3976" WIDTH="53" />
<SP HEIGHT="41" HPOS="1164" VPOS="3975" WIDTH="34" />
<String CONTENT="A" HEIGHT="38" HPOS="1199" VPOS="3975" WIDTH="39" />
<SP HEIGHT="40" HPOS="1239" VPOS="3975" WIDTH="31" />
<String CONTENT="62860;" CS="1" HEIGHT="46" HPOS="1271" VPOS="3976" WIDTH="170" />
<SP HEIGHT="45" HPOS="1442" VPOS="3977" WIDTH="35" />
<String CONTENT="Grosset" HEIGHT="41" HPOS="1478" VPOS="3977" WIDTH="198" />
<SP HEIGHT="39" HPOS="1677" VPOS="3979" WIDTH="32" />
<String CONTENT="&amp;" HEIGHT="39" HPOS="1710" VPOS="3979" WIDTH="35" />
<SP HEIGHT="39" HPOS="1746" VPOS="3979" WIDTH="32" />
<String CONTENT="Dunlap," HEIGHT="46" HPOS="1779" VPOS="3980" WIDTH="208" />
<SP HEIGHT="46" HPOS="1988" VPOS="3980" WIDTH="32" />
<String CONTENT="inc." HEIGHT="41" HPOS="2021" VPOS="3980" WIDTH="90" />
</TextLine>
<TextLine CS="1" HEIGHT="40" HPOS="202" VPOS="4026" WIDTH="253">
<String CONTENT="(33-15523)" CS="1" HEIGHT="40" HPOS="202" VPOS="4026" WIDTH="253" />
</TextLine>
</TextBlock>
</PrintSpace>
</Page>
</Layout>
</alto>