2484 4405
1087 4071 134 52 1391

203 500 63 45 ix,
295 500 98 40 212,
428 500 54 49 [7]
512 509 42 37 p.
616 499 141 44 illus.,
787 499 178 46 diagrs.
1025 497 117 40 21cm.

140 553 1991 53 © July 28, 1933; 2c. and aff. Aug. 31; A 65623; S. D. Porteus, Honolulu.
215 613 278 48 (33-29789)

135 717 228 64 Powell,
392 716 257 54 Richard
679 717 128 62 Roy
833 714 237 65 Belden,
1102 720 171 49 1890-

210 792 168 55 Cases
421 792 112 52 and
576 791 290 53 materials
911 808 72 35 on
1027 791 97 51 the
1165 790 109 52 law
1319 789 66 53 of
1428 807 323 51 possessory
1796 795 221 61 estates,
2060 790 76 69 by

138 867 1901 70 Richard R. Powell … St. Paul, West publishing co., 1933.
209 944 115 45 xxii,
358 943 81 40 541
470 953 42 37 p.
572 941 56 41 26cm.
759 942 260 50 (Property
1051 941 174 47 series)

143 998 50 52 ©
222 1003 128 47 Sept.
374 1002 68 47 18,
467 1001 112 40 1933;
634 1001 65 39 2c.
727 1003 94 37 and
847 1000 82 41 aff.
956 1000 101 41 Oct.
1083 1000 82 40 12:
1195 1000 39 38 A
1258 999 170 46 65597;
1457 1000 134 39 West
1617 1000 106 47 pub.
1752 1010 68 30 co.

217 1057 278 49 (33-29788)

141 1144 202 53 Punch.
437 1165 50 33 v.
519 1149 115 61 185,
659 1164 89 33 no.
776 1149 152 62 1810,
957 1145 332 67 September
1316 1149 48 62 6,
1394 1148 148 50 1933.

144 1215 1996 52 © 1c. Oct. 31, 1933: A ad int. 18312; pubd. Sept. 6: Herbert Heather,
212 1276 208 40 London.
1932 1270 118 43 9188

139 1363 279 65 Scruggs,
447 1363 311 53 Anderson
786 1364 78 53 M.

213 1440 179 68 Glory
422 1440 64 53 of
514 1440 178 68 earth,
721 1440 73 69 by
822 1441 304 53 Anderson
1157 1441 77 52 M.
1269 1440 266 68 Scruggs.
1612 1439 354 68 Oglethorpe
143 1439 1970 147 University,
402 1520 123 66 Ga.,
555 1519 353 68 Oglethorpe
937 1518 319 68 university
1286 1536 156 49 press
1478 1522 191 63 [c1933]

211 1593 27 40 6
265 1577 117 64 pA,
415 1593 144 40 15-95
587 1603 42 39 p.
691 1592 144 41 22½cm.

212 1649 229 40 Author’s
471 1650 273 47 autograph
775 1661 60 28 on
864 1649 137 40 front
1031 1647 339 49 lining-paper.

211 1707 184 40 Poems.

147 1759 1980 108 © Apr. 20, 1933; 2c. and aff. Sept. 14; A 66471; Oglethorpe univ., Oglethorpe University, Ga. (33-28766)
142 1904 288 68 Seelman,
462 1909 219 51 Ernest
708 1907 189 64 Paris,
932 1909 169 53 1876-

215 1983 120 53 The
368 1983 110 53 law
512 1982 63 54 of
606 1983 133 53 libel
774 1984 113 52 and
920 1983 229 55 slander
1183 1983 61 53 in
1277 1984 93 53 the
1406 1988 144 48 state
1584 1982 64 54 of
1681 1983 139 53 New
1856 1982 181 69 York,
2070 1982 73 70 by

147 2060 1998 70 Ernest P. Seelman … Albany, N. Y., Printed for the author
146 2139 71 68 by
243 2139 54 53 J.
326 2140 65 51 B.
419 2139 163 69 Lyon
611 2157 297 51 company,
938 2142 150 50 1933.

211 2212 27 40 3
265 2222 44 37 p.
337 2212 41 40 1..
407 2212 244 46 v-xxxvii,
682 2212 83 40 742
798 2222 40 37 p.
902 2213 115 40 27cm.

214 2268 178 40 Pocket
417 2269 163 39 device
607 2281 59 28 on
691 2269 156 40 inside
874 2270 52 39 of
953 2269 120 40 back
1099 2279 155 30 cover.

151 2321 1997 53 © Oct. 10, 1933; 2c. and aff. Oct. 12; A 65628; E. P. Seelman, Brooklyn.
227 2382 279 48 (33-29784)

145 2473 392 65 Selwin-Tait,
568 2474 249 57 Monica.

218 2551 1930 70 Uncharted spaces, by Monica Selwin-Tait … London, New
150 2627 162 54 York
367 2634 118 61 [etc.]
524 2630 344 67 Longmans,
901 2630 186 54 Green
1122 2631 113 53 and
1267 2648 97 50 co.,
1399 2634 151 50 1933.

221 2702 25 40 3
273 2713 42 36 p.
363 2734 8 7 l.,
413 2701 85 41 314
524 2713 42 37 p.
627 2702 144 40 19½cm.

219 2756 227 42 “Printed
474 2758 47 39 in
550 2759 80 40 the
661 2759 177 41 United
870 2760 162 41 States
1061 2760 53 40 of
1140 2759 266 42 America.”

220 2813 161 42 “First
410 2813 227 42 edition.”

155 2866 1978 110 © Oct. 4, 1933; 2c. and aff. Oct. 7; A 65530; M. Selwin-Tait, % Elizabeth Marbury, New York. (33-28735)
149 3015 268 65 Soulsby,
448 3017 180 63 Hugh
660 3017 281 56 Graham.

310 3092 1841 70 … The right of search and the slave trade in Anglo-American
156 3168 282 67 relations,
474 3172 325 66 1814-1862,
837 3171 72 67 by
945 3171 181 68 Hugh
1163 3170 66 55 G.
1267 3169 261 72 Soulsby,
1561 3191 98 34 ph.
1698 3191 47 34 d.
1819 3170 333 71 Baltimore,

153 3247 120 53 The
305 3247 183 53 Johns
519 3247 268 69 Hopkins
820 3267 172 49 press,
1028 3252 149 49 1933.

228 3322 85 40 185
347 3332 41 37 p.
453 3322 55 39 24½cm.
669 3323 123 47 (The
828 3324 154 40 Johns
1019 3324 224 48 Hopkins
1280 3325 272 48 university
1590 3326 186 41 studies
1815 3327 47 39 in
1901 3325 250 41 historical

155 3377 1067 51 and political science … ser. LI, no. 2)
223 3433 373 49 Bibliography:
635 3446 40 38 p.
714 3436 214 40 177-181.

159 3485 1937 58 © Sept. 21, 1933; 2c. and aff. Sept. 27; A 66301; Johns Hopkins press.
239 3547 279 48 (33-29624)

157 3634 240 65 Sparks,
426 3633 255 57 William
711 3638 90 64 A.,
834 3637 171 54 1871-

225 3711 233 69 Danger
489 3713 209 68 ahead;
732 3733 31 34 a
794 3714 231 55 treatise
1055 3733 73 36 on
1162 3715 165 55 Bible
1359 3717 318 70 prophecy;
1711 3717 97 54 the
1838 3717 316 72 beginning

158 3788 63 51 of
245 3789 94 52 the
365 3791 106 51 end
501 3810 113 34 was
642 3789 249 56 foretold
919 3799 58 47 to
1001 3793 171 68 begin
1199 3794 140 53 with
1366 3795 255 54 Daniel’s
1650 3796 289 68 prophecy
1968 3797 185 52 which

158 3867 214 52 started
402 3886 72 33 on
501 3868 142 69 July
673 3872 84 65 28,
790 3872 160 64 1914;
986 3871 229 52 written
1246 3872 75 68 by
1352 3871 270 56 ex-Chief
1653 3873 63 53 of
1748 3873 182 69 police
1958 3875 90 53 W.
2081 3874 71 54 A.

162 3941 1893 80 Sparks … [Charleston, W. Va., Tribune printing co., 1933]
