2582 4453
1378 4123 134 51 1686

430 437 297 66 Goudard,
755 438 190 53 Marie
973 437 240 66 Lucien,
1242 439 181 52 sister.

562 504 1885 81 … Étude sur Les epistres morales d’Honoré d’Urfé … par
429 592 1991 149 soeur Marie Lucien Goudard … Washington, D. C., L’Université catholique d’Amérique, 1933.
496 744 541 51 4 p. l., 164 p. 23 cm .
497 805 67 40 At
594 804 126 41 head
756 804 51 40 of
840 803 109 42 title:
1012 803 339 42 L’Université
1385 805 278 47 catholique
1699 805 323 49 d’Amérique.

495 862 175 41 Thesis
711 862 109 49 (PH.
882 861 103 48 D.)—
989 861 223 42 Catholic
1243 862 272 49 university
1546 864 53 39 of
1626 863 238 49 America,
1895 864 129 42 1933.

428 934 2022 53 © July 20, 1933; 2c. Oct. 21; aff. Nov. 18; A 68206; Catholic univ. of
496 996 241 41 America.
808 996 283 47 (33-36235)

431 1100 180 67 Gray,
642 1100 157 56 John
831 1102 227 65 Henry,
1094 1104 173 50 1859-

497 1179 121 54 The
648 1178 297 54 valuation
977 1180 113 52 and
1120 1179 325 68 regulation
1475 1178 65 54 of
1569 1178 195 64 public
1793 1178 259 70 utilities,
2080 1179 35 53 by
2185 1179 157 55 John
2372 1180 77 53 H.

426 1258 2025 70 Gray … and Jack Levin … New York and London, Harper &
426 1339 280 66 brothers,
737 1341 153 50 1933.

498 1413 52 41 xi
586 1424 58 38 p.,
681 1412 25 40 1
765 1445 23 16 l.,
826 1413 83 40 143
948 1423 42 38 p.
1052 1412 56 40 18½
1141 1414 44 21 cm
1191 1444 8 7 .
1264 1411 228 51 [Current
1527 1412 243 41 economic
1807 1413 256 48 problems,
2102 1413 71 40 ed.
2211 1414 61 47 by
2310 1413 50 41 P.
2397 1414 53 41 T.

428 1472 208 48 Homan]

499 1530 165 40 “First
692 1527 229 43 edition.”

431 1596 52 53 ©
513 1601 111 39 Dec.
655 1601 39 41 6,
724 1599 141 48 1933;
898 1601 66 39 2c.
998 1601 112 39 Dec.
1139 1601 27 39 7;
1224 1599 82 41 aff.
1338 1600 110 39 Dec.
1481 1600 52 42 8;
1566 1600 40 38 A
1636 1599 172 43 67400;
1842 1600 193 48 Harper
2065 1599 37 41 &
2129 1600 126 40 bros.

508 1657 282 49 (33-36346)

432 1762 278 56 Gridiron
739 1763 150 66 club,
925 1764 400 67 Washington,
1354 1765 71 51 D.
1461 1765 60 53 C.

502 1841 374 70 Forty-eight
921 1841 280 56 Gridiron
1246 1860 194 50 years;
1489 1862 31 33 a
1568 1840 286 54 chronicle
1901 1841 230 52 written
2177 1839 154 53 from
2377 1839 75 53 its

432 1920 226 53 records
687 1920 93 54 for
804 1921 98 53 the
928 1939 97 35 use
1051 1920 64 54 of
1139 1921 277 52 members
1443 1920 63 54 of
1533 1921 97 52 the
1658 1920 280 55 Gridiron
1966 1919 146 66 club,
2138 1919 75 67 by
2242 1919 208 52 Ernest

432 1997 223 71 George
687 1999 256 68 Walker,
978 1999 217 53 former
1228 1999 281 55 Gridiron
1543 1999 295 67 president
1868 1999 112 52 and
2014 1997 127 54 first
2172 1998 277 55 Gridiron

431 2077 301 54 historian.
805 2077 407 70 Washington,
1249 2078 73 54 D.
1361 2078 83 69 C.,
1481 2078 160 53 Priv.
1678 2078 178 69 print.
1903 2112 12 34 [
1921 2084 17 22 c
1944 2081 133 50 1933]

504 2151 1828 52 2 p. l. , iii-vi, 303. [1] p. 2 port. (incl. front.) fold. tab. 23½ cm .
505 2209 291 42 Illustrated
831 2210 366 50 lining-papers.

433 2279 51 52 ©
519 2284 117 38 Nov.
672 2283 70 48 28,
776 2283 113 41 1933;
953 2283 66 40 2c.
1056 2284 95 39 and
1187 2282 81 40 aff.
1305 2283 119 40 Nov.
1458 2283 56 40 28;
1577 2283 41 38 A
1651 2282 144 41 67286;
1862 2282 229 41 Gridiron
2129 2283 123 41 club,
499 2282 1937 107 Washington.
754 2340 282 48 (33-36211)

435 2447 250 64 Hadert,
713 2446 187 55 Hans.

504 2522 632 69 Rezept-taschenbuch
1168 2523 99 51 für
1295 2524 91 52 die
1414 2523 435 66 lackindustrie,
1876 2542 111 34 von
2014 2523 165 52 Hans
2210 2523 242 52 Hadert.

435 2602 220 66 Berlin,
684 2601 68 55 O.
783 2602 207 52 Eisner
1019 2603 342 67 verlagsges.
1389 2621 73 33 m.
1491 2602 52 52 b.
1571 2602 72 65 h.,
1673 2605 153 50 1933.

504 2675 87 40 482
619 2686 43 38 p.
690 2675 111 42 incl.
832 2676 144 47 illus.,
1006 2676 170 40 tables.
1239 2676 55 39 16½
1328 2678 15 20 cm
1376 2708 8 8 .

507 2732 311 42 “Literatur”:
882 2745 43 38 p.
958 2732 219 42 448-451.

506 2789 319 51 Advertising
850 2793 183 38 matter:
1090 2801 44 38 p.
1161 2788 101 47 452,
1292 2789 219 43 462-482.

435 2860 2020 111 © Jan. 1, 1933; 1c. Oct. 17; A-Foreign 22418; Otto Eisner verlags-gcsellscliaft m. b. h, (33-36909)
436 3028 167 64 Hale,
636 3026 252 65 Clayton
919 3027 66 55 G.

433 3103 1991 149 An approach to fire insurance, by Clayton G. Hale … Philadelphia, Pa., The Spectator company [ c 1933]
505 3256 566 49 3 p. l. , 9-90 p. 18 cm .
506 3316 183 40 Folded
717 3315 157 40 forms
901 3315 231 40 mounted
1162 3326 59 29 on
1251 3313 365 49 lining-papers.

437 3369 51 52 ©
522 3374 118 39 Nov.
671 3372 69 42 29,
774 3371 114 41 1933;
951 3372 66 41 2c.
1053 3373 96 40 and
1182 3371 81 41 aff.
1297 3372 112 40 Dec.
1442 3373 24 38 1;
1531 3372 39 39 A
1605 3371 144 41 67336;
1813 3372 256 48 Spectator
2105 3383 66 29 co.
515 3430 283 48 (33-36345)

439 3534 291 65 Harding,
759 3535 235 53 Arthur
1022 3535 178 56 Leon.

509 3611 225 54 Double
776 3612 264 54 taxation
1085 3612 63 54 of
1191 3617 278 63 property
1513 3613 112 53 and
1670 3613 247 65 income;
1966 3631 32 33 a
2039 3611 174 67 study
2258 3611 59 52 in
2359 3610 96 53 the

438 3689 243 70 judicial
714 3690 387 54 delimitation
1136 3691 63 52 of
1232 3691 95 52 the
1360 3691 332 69 conflicting
1724 3691 197 52 claims
1953 3690 63 52 of
2049 3691 204 67 taxing
441 3689 1988 132 jurisdiction
705 3769 292 54 advanced
1046 3771 73 67 by
1165 3771 96 52 the
1313 3770 306 53 American
1667 3775 192 55 states,
1907 3771 75 66 by
2027 3770 226 52 Arthur
2299 3770 154 52 Leon

443 3846 2013 70 Harding … Cambridge, Mass., Harvard university press,
441 3930 151 49 1933.

513 4006 44 39 x,
588 3997 88 41 326
707 4010 41 37 p.
809 3997 56 40 23
869 4001 43 21 cm
917 4032 8 7 .
998 4000 302 47 (Half-title:
1335 4000 229 40 Harvard
1596 4002 187 40 studies
1817 4002 46 39 in
1897 4002 81 41 the
2011 4001 193 41 conflict
2238 4002 52 41 of
2321 4004 133 47 laws,

439 4057 91 41 vol.
593 4058 14 46 I)
