2484 4405
1089 4055 102 53 687

122 418 207 61 Hurst,
359 416 272 55 Edward.

193 493 121 52 The
343 489 274 55 technical
647 508 126 33 man
807 489 127 53 sells
963 489 89 52 his
1085 487 252 67 services,
1366 486 73 69 by
1472 484 254 53 Edward
1757 484 203 67 Hurst,
1992 500 40 35 s.
2065 502 49 34 b.

125 569 134 53 New
284 568 160 52 York
465 568 111 53 and
598 566 255 66 London,
878 564 425 54 McGraw-Hill
1326 562 145 55 book
1496 580 294 50 company,
1815 561 125 66 inc.,
1966 563 148 49 1933.

228 671 9 16 x,
270 639 87 41 239
386 649 42 38 p.
487 638 115 40 21cm.

130 710 52 51 ©
210 715 114 46 May
349 714 39 45 3,
417 712 111 40 1933;
585 712 67 39 2c.
681 712 113 46 May
822 711 51 46 8;
904 709 80 40 aff.
1016 711 114 46 May
1157 709 26 40 5;
1239 709 42 38 A
1307 708 143 40 61675;
1508 705 349 42 McGraw-Hill
1887 706 122 40 book
2038 715 82 39 co.,

195 770 90 41 inc.
356 768 278 49 (33-12219)

125 864 1968 153 I can wait, by the author of “Miss Tiverton goes out”. Indianapolis, The Bobbs-Merrill company [c1933]
193 1023 89 41 470
305 1034 44 38 p.
407 1021 117 42 20cm.

197 1079 160 41 “First
385 1077 226 43 edition.”

131 1133 51 53 ©
215 1139 113 46 May
358 1137 68 46 10,
458 1136 112 40 1933;
631 1137 67 39 2c.
730 1137 114 46 May
875 1136 53 39 13;
991 1134 82 40 aff.
1107 1135 113 47 May
1253 1135 55 39 15;
1369 1134 40 39 A
1441 1133 143 40 62668;
1647 1132 198 49 Christy
1876 1133 36 40 &
1944 1132 177 45 Moore,

196 1195 100 46 ltd.,
326 1194 210 40 London.
607 1191 279 49 (33-12239)

123 1297 230 64 Jacobs,
381 1296 210 53 Albert
623 1294 262 56 Charles.

202 1372 165 55 Cases
393 1372 111 54 and
530 1371 158 53 other
714 1369 287 56 materials
1025 1389 69 34 on
1123 1370 270 54 domestic
1420 1369 284 68 relations,
1729 1369 73 67 by
1830 1369 205 53 Albert
2061 1368 61 55 C.

130 1446 1705 71 Jacobs … Chicago, The Foundation press, inc., 1933.
198 1520 153 49 xlviii,
379 1520 98 49 994,
506 1520 85 51 [10]
621 1532 42 37 p.
717 1520 145 41 25½cm.
929 1520 252 47 (Lettered
1208 1533 60 30 on
1292 1531 163 32 cover:
1481 1520 282 49 University
1792 1521 235 40 casebook
130 1531 1974 94 series)

200 1635 187 41 “Select
418 1634 336 47 bibliography
784 1644 60 29 on
876 1633 233 40 domestic
1141 1632 261 41 relations”
1422 1647 8 28 :
1465 1644 42 37 p.
1539 1632 213 43 xvii-xx.

134 1692 52 51 ©
218 1696 111 47 Apr.
362 1695 69 46 30,
465 1694 139 40 1933:
639 1694 67 39 2c.
741 1694 112 46 May
886 1693 55 38 12;
1003 1692 81 40 aff.
1121 1693 114 47 May
1268 1692 28 40 5;
1355 1693 41 38 A
1429 1692 145 40 62615;
1636 1691 308 41 Foundation
1977 1701 149 38 press,

201 1752 89 40 inc.
361 1750 278 49 (33-12215)

128 1855 251 64 Jahnke,
410 1856 160 54 Otto.

206 1974 54 10 …
324 1932 120 52 Das
502 1930 450 53 welt-erwachen
1012 1930 78 52 im
1150 1928 395 70 Goethe-jahr,
1605 1931 153 66 1932,
1817 1948 110 35 von
1987 1929 142 56 Otto

130 2009 243 55 Jahnke.
454 2007 326 55 Frankfurt
836 2006 212 71 (Oder)
1106 2006 388 71 Selbstverlag
1538 2009 97 53 des
1681 2006 329 70 Verfassers,
2056 2006 70 59 O.

131 2088 244 66 Jahnke,
405 2090 148 50 1932.

203 2159 681 51 2 p. l., 7-157. [1] p. 19cm.
203 2218 62 40 At
289 2218 123 40 head
440 2217 52 40 of
517 2217 106 40 title
641 2227 9 30 :
679 2218 100 39 Aus
807 2217 84 40 der
918 2216 163 40 schule
1108 2215 181 40 meines
1316 2215 175 41 lebens.

481 2272 1653 48 CONTENTS. —Der Untergang der schlafenden welt : Allgemeines. Die
135 2331 292 46 entstehung
471 2331 86 39 der
601 2331 352 46 Sittengesetze.
1029 2329 184 40 Kultur
1257 2330 95 39 und
1400 2330 100 40 ehe.
1578 2329 88 41 Die
135 2329 1979 99 Charaktereigenschaften
399 2387 73 39 als
514 2387 289 40 fundament
846 2387 83 39 der
973 2387 101 39 ehe.
1148 2385 89 40 Die
1281 2385 273 48 erziehung.
1631 2385 304 49 Parteigeist,
135 2386 1978 97 egoismus
289 2445 98 39 und
440 2443 310 47 kastengeist.
830 2442 91 41 Die
974 2441 395 48 versinnlichung
1420 2444 114 39 oder
1585 2441 373 49 entgeistigung.
2039 2443 91 42 Die

135 2499 235 41 sinnliche
396 2499 134 44 liebe,
560 2501 87 39 das
673 2499 117 47 grab
820 2500 84 40 der
932 2498 468 41 menschheit.—Die
1427 2499 354 47 auferstehung
1810 2500 83 41 des
1923 2499 204 48 geistes:

139 2557 99 39 Das
272 2558 307 46 naturgesetz
615 2557 95 39 und
748 2556 77 40 die
860 2555 151 41 sünde
1043 2555 152 40 wider
1229 2556 93 40 den
1357 2555 137 49 geist.
1559 2556 96 41 Der
1689 2556 143 40 krebs
1868 2557 95 40 und
2002 2556 132 42 seine

135 2615 304 46 entstehung.
492 2614 90 40 Die
607 2612 488 49 lungentuberkulose
1120 2612 96 41 und
1242 2613 105 40 ihre
1370 2614 304 47 entstehung.
1726 2614 92 41 Die
1844 2615 293 47 entstehung

137 2671 85 40 der
260 2672 169 45 glatze.
499 2670 90 40 Die
628 2670 275 40 Zahnfäule.
974 2670 90 40 Die
1105 2668 210 45 blinden,
1358 2672 238 38 stummen
1639 2671 96 40 und
1778 2671 193 41 tauben.
2041 2671 91 42 Die

139 2726 144 41 irren.
354 2726 102 41 Das
500 2725 134 41 leben
678 2727 122 40 ohne
843 2726 135 48 liebe,
1023 2727 116 40 oder
1184 2726 85 40 der
1313 2727 178 40 andere
1535 2728 97 39 tod.
1706 2727 90 41 Die
1841 2728 165 40 schule
2050 2729 85 40 des

141 2783 173 41 lebens.
376 2783 219 46 Religion
627 2784 95 39 und
757 2782 179 41 kirche.
999 2782 172 41 Gesetz
1204 2784 97 39 und
1318 2783 117 51 ehe.
1494 2782 295 43 Völkerhass
1820 2785 95 40 und
140 2784 1978 96 völkerfriede.

364 2839 90 40 Die
481 2839 255 41 idealweit.

143 2894 1640 51 © Oct. 20, 1932; 1c . Dec. 14; A -Foreign 19050; O. Jahnke.
221 2954 277 48 (33-11994)

136 3055 232 66 Jaurès,
395 3058 148 53 Jean
571 3057 176 64 Léon,
777 3061 324 52 1859-1914.

140 3134 1994 153 Œuvres de Jean Jaurès; textes rassemblés, présentés et annotés par Max Bonnafous … v. Pour la paix. III. Le guêpier
138 3292 287 52 marocain
467 3293 364 67 (1906-1908)
915 3294 184 67 Paris,
1130 3294 225 67 Bieder,
1388 3298 150 51 1933.

211 3367 646 49 3 p. l., [3]-424 p. 25 ½ cm.
147 3427 52 51 ©
227 3431 110 41 Jan.
364 3432 69 45 23,
461 3431 141 46 1933;
691 3461 8 8 1c.
730 3432 116 47 May
872 3433 80 45 17;
984 3432 102 38 A-
1087 3431 207 48 Foreign
1324 3433 170 44 20979;
1528 3423 221 51 Éditions
1781 3435 191 40 Rieder.

142 3589 259 66 Jerman,
433 3592 138 52 Mrs.
602 3591 200 64 Sylvia
831 3593 164 64 Paul,
1029 3598 171 49 1903-

214 3668 245 53 Prelude
493 3675 57 47 to
587 3669 321 66 departure,
942 3670 76 68 by
1056 3669 199 68 Sylvia
1291 3671 146 52 Paul
1473 3672 253 53 Jerman.
1801 3672 137 53 New
1976 3674 162 53 York

148 3747 108 52 and
285 3746 256 60 London,
567 3746 232 68 Harper
825 3750 44 50 &
893 3747 278 67 brothers,
1200 3750 149 51 1933.

217 3820 776 50 viii p., 1 l., 267, [1] p. 19½cm.
218 3876 161 41 “First
406 3876 226 42 edition.”

153 3931 52 51 ©
233 3935 113 47 May
373 3936 67 45 12,
469 3935 112 40 1933;
638 3936 68 39 2c.
734 3936 114 47 May
875 3936 53 39 13;
987 3935 81 40 aff.
1097 3936 115 47 May
1239 3936 55 39 15;
1351 3937 41 38 A
1419 3937 144 40 62642;
1622 3940 193 48 Harper
1843 3941 36 40 &
1907 3942 124 41 bros.

230 3991 277 48 (33-12238)
