2582 4453
1343 4110 134 51 1388

476 490 627 49 4 p. l., 7-254 p. 19½cm.
406 550 52 51 ©
491 554 127 49 Sept.
647 555 70 45 26,
746 554 144 41 1933;
919 555 66 39 2c.
1019 556 126 46 Sept.
1177 556 81 40 28;
1291 555 80 41 aff.
1404 556 101 41 Oct.
1535 558 53 39 6;
1621 558 39 38 A
1689 558 171 46 66535;
1894 559 260 39 Macaulay
2182 569 66 29 co.

486 612 283 47 (33-28728)

401 709 257 70 Griffith,
687 716 156 53 John
874 716 168 54 Price
1073 716 231 66 Crozer,
1338 720 173 50 1856-

405 792 2017 151 The diseases of infants and children, by J. P. Crozer Griffith … and A. Graeme Mitchell … Philadelphia and London,
403 949 88 54 W.
529 949 65 52 B.
632 948 290 56 Saunders
957 967 296 51 company,
1292 953 150 50 1933.

474 1025 1835 51 1 p. l., v-xvi, 1155 p. illus., col. plates (1 double) diagrs. 25cm.
473 1082 180 40 “Third
690 1082 426 42 edition.”—Pref.

476 1138 351 42 “References”
858 1143 51 36 at
939 1140 91 39 end
1061 1140 50 40 of
1140 1143 127 37 most
1296 1140 52 41 of
1376 1141 83 39 the
1487 1142 245 47 chapters.

407 1192 51 52 ©
488 1198 121 45 Aug.
638 1196 70 47 30,
739 1196 114 40 1933;
913 1198 66 38 2c.
1012 1198 95 38 and
1139 1197 81 40 aff.
1254 1197 129 48 Sept.
1414 1199 52 40 1;
1499 1198 41 38 A
1570 1198 172 46 66544;
1776 1200 71 39 W.
1925 1231 6 7 B.
1966 1200 246 39 Saunders
2243 1212 67 29 co.

488 1255 283 48 (33-29626)

401 1352 368 71 Gruenberg,
799 1359 139 52 Mrs.
991 1356 237 56 Sidonie
1266 1359 332 66 (Matsner)
1638 1363 171 49 1881-

472 1435 262 68 Parents,
769 1436 278 68 children,
1082 1438 112 51 and
1229 1453 234 52 money;
1501 1436 265 70 learning
1798 1442 59 49 to
1891 1439 199 67 spend,
2125 1457 149 49 save,
2309 1439 113 54 and

402 1533 153 49 earn,
584 1514 74 69 by
691 1513 236 56 Sidonie
955 1514 262 54 Matsner
1246 1513 341 73 Gruenberg
1618 1517 112 52 and
1762 1515 310 69 Benjamin
2105 1515 63 56 C.
401 1515 1996 147 Gruenberg.
622 1593 138 53 New
790 1593 182 69 York,
1000 1593 121 53 The
1152 1593 224 70 Viking
1402 1612 176 50 press,
1608 1596 153 52 1933.

472 1668 85 46 xii,
586 1667 86 41 219
700 1676 44 39 p.
805 1667 147 41 21½cm.

478 1724 298 48 “Suggested
809 1724 285 49 readings”:
1125 1734 43 39 p.
1200 1724 100 41 213.

407 1780 51 52 ©
491 1786 127 46 Sept.
649 1785 69 41 25,
749 1784 115 40 1933
924 1785 66 39 2c.
1024 1784 128 48 Sept.
1183 1785 83 40 28;
1299 1783 81 42 aff.
1416 1785 129 47 Sept.
1576 1785 82 46 26;
1692 1785 40 39 A
1763 1785 172 40 66332:
1972 1785 42 41 S.
2049 1787 60 38 M.
2144 1785 282 49 Gruenberg

475 1843 95 38 and
602 1841 261 47 Benjamin
894 1841 48 41 C.
975 1842 296 45 Gruenberg,
1301 1842 117 38 New
1450 1842 143 38 York.
1667 1842 283 48 (33-28581)

401 1946 249 64 Hartge,
681 1947 198 52 Laura
909 1945 241 56 Estelle.

475 2023 173 55 Tides
692 2024 64 55 of
801 2023 123 70 life,
967 2025 75 68 by
1086 2026 192 51 Laura
1324 2024 215 53 Estelle
1582 2025 243 69 Hartge.
1904 2027 235 65 Boston,
2182 2026 240 52 Meador

402 2104 338 69 publishing
772 2122 299 51 company,
1106 2108 150 51 1933.

471 2180 56 41 80
557 2191 42 37 p.
631 2180 110 40 incl.
773 2180 150 39 front.
988 2179 147 40 19½cm.

472 2238 185 39 Poems.

407 2291 51 52 ©
490 2298 126 45 Sept.
645 2295 69 39 22.
743 2295 113 40 1933;
913 2297 65 37 2c.
1012 2296 127 46 Sept.
1167 2294 57 41 27:
1281 2294 83 41 aff.
1394 2294 101 41 Oct.
1523 2296 54 44 4;
1607 2294 41 38 A
1675 2294 145 39 66444:
1878 2294 50 39 L.
1959 2295 51 39 E.
2041 2294 201 44 Hartge.
474 2294 1934 98 Baltimore.
694 2353 256 46 (33-28764)

404 2456 331 65 Hirshfeld,
771 2457 279 55 Clarence
1083 2456 202 65 Floyd.

475 2536 293 51 Elements
793 2536 63 51 of
879 2536 354 67 heat-power
1257 2535 388 69 engineering,
1671 2535 73 68 by
1768 2534 262 53 William
2055 2536 70 52 N.
2152 2535 265 51 Barnard

500 2612 1920 57 … Frank O. Ellenwood … Clarence F. Hirshfeld … Part III.
403 2694 312 67 Auxiliary
763 2693 348 68 equipment,
1161 2694 159 67 plant
1369 2693 299 56 ensemble,
1712 2692 88 52 air
1844 2691 416 70 conditioning,
2307 2693 110 51 and

404 2772 429 68 refrigeration.
911 2773 70 52 3d
1010 2772 84 52 ed.
1125 2772 63 52 of
1215 2779 133 62 part
1375 2772 63 51 of
1466 2770 314 55 Hirshfeld
1808 2771 112 52 and
1950 2771 313 53 Barnard’s
403 2772 1991 133 Elements
619 2852 64 52 of
756 2862 312 57 heat-power
1099 2850 391 69 engineering,
1521 2851 341 68 completely
1895 2850 309 54 rewritten.
2283 2851 137 52 New

406 2932 180 57 York,
628 2932 157 54 John
828 2930 191 67 Wiley
1063 2935 45 49 &
1150 2949 147 39 sons,
1340 2931 137 66 inc.;
1522 2931 263 66 London,
1828 2931 301 67 Chapman
2172 2934 44 49 &
2258 2931 162 58 Hall,

405 3012 243 65 limited,
681 3014 151 49 1933.

474 3087 64 39 ix.
571 3085 234 41 781-1200
834 3096 40 36 p.
935 3085 130 38 illus.,
1111 3084 156 39 tables.
1312 3083 181 48 diagrs.
1553 3083 147 40 23½cm.

407 3140 51 52 ©
499 3144 101 40 Oct.
640 3144 39 39 6.
720 3142 112 40 1933;
902 3142 67 40 2c.
1010 3142 93 38 and
1144 3140 80 40 aff.
1267 3139 102 41 Oct.
1409 3140 82 42 10;
1534 3141 39 37 A
1613 3139 173 47 66589;
1827 3139 217 39 William
2085 3139 55 39 N.
2183 3138 241 43 Barnard,

478 3201 163 38 Frank
668 3200 50 39 O.
746 3199 295 40 Ellenwood.
1068 3199 166 39 Ithaca,
1279 3198 56 39 N.
1367 3198 46 37 Y.,
1455 3199 95 38 and
1578 3198 235 38 Clarence
1837 3197 50 39 F.
1914 3196 273 46 Hirshfeld,
2215 3193 207 42 Detroit.

403 3300 338 66 Hollander,
770 3302 270 54 Walther
1072 3301 194 64 Georg
1296 3298 285 56 Heinrich
1612 3316 133 47 von,
1778 3303 172 49 1892-

471 3383 120 52 Ten
630 3387 333 62 years—ten
1002 3380 159 67 days,
1196 3379 318 53 translated
1552 3378 154 52 from
1743 3379 95 52 the
1877 3379 251 55 German
2164 3377 64 53 of
402 3376 1993 138 Walther
592 3479 110 32 von
767 3458 327 54 Hollander
1155 3459 75 66 by
1294 3456 189 54 Lilian
1547 3458 379 66 Wonderley;
1993 3456 287 52 foreword
2344 3455 74 66 by

402 3539 215 55 Gerald
655 3539 210 55 Gould.
939 3539 138 51 New
1115 3537 179 65 York,
1329 3537 119 52 The
1487 3535 335 53 Macmillan
1859 3550 300 52 company,
2197 3535 151 50 1933.

474 3611 85 42 283
587 3622 28 37 p.,
673 3611 26 39 2
747 3644 8 7 l.
822 3610 144 40 19½cm.

408 3667 51 52 ©
492 3672 100 39 Oct.
625 3671 69 40 33.
752 3669 113 42 1933;
898 3672 64 36 2c.
995 3669 94 38 and
1122 3667 81 41 aff.
1237 3668 101 39 Oct.
1399 3668 25 37 14;
1485 3667 40 38 A
1555 3666 148 40 65659;
1761 3665 282 40 Macmillan
2075 3674 67 31 co.

486 3727 283 48 (33-29649)

401 3833 238 64 Jeffers,
673 3831 320 65 Robinson,
1027 3831 173 53 1887-

477 3912 145 55 Give
653 3931 145 49 your
827 3912 162 51 heart
1021 3916 57 47 to
1109 3910 95 52 the
1234 3909 197 54 hawks
1462 3910 113 52 and
1605 3909 164 52 other
1798 3925 193 50 poems
2019 3904 76 69 by
2123 3904 291 54 Robinson

406 3990 223 53 Jeffers.
709 3992 137 51 New
875 3989 180 67 York,
1084 3990 264 52 Random
1377 3989 190 66 house,
1598 3991 148 50 1933.
