2582 4453
1330 4116 67 52 620

358 420 184 66 Buck,
578 422 136 55 Carl
747 421 269 65 Darling,
1087 426 138 51 1866-

435 497 406 70 Comparative
869 515 292 51 grammar
1191 497 63 54 of
1284 496 187 55 Greek
1499 497 113 53 and
1640 497 193 70 Latin,
1861 497 77 69 by
1970 496 136 56 Carl
2136 498 249 68 Darling

363 575 2014 70 Buck … Chicago, Ill., The University of Chicago press [c1933]
433 647 97 49 xvi,
561 647 88 41 405
680 659 44 38 p.
785 648 181 49 diagrs.
1027 648 118 41 23cm.

436 706 251 41 “Selected
718 704 398 51 bibliography”:
1148 717 44 38 p.
1221 705 233 49 364-367;
1491 706 178 41 “Notes
1699 708 96 39 and
1829 706 332 41 references”:
2195 717 43 38 p.
361 707 2025 98 367-372.

368 834 52 53 ©
453 839 111 40 Jan.
595 838 70 48 24,
698 837 141 47 1933;
874 838 68 43 2c.
975 838 116 48 May
1122 838 53 46 2;
1211 836 83 41 aff.
1327 837 115 49 Apr.
1475 837 84 48 29;
1594 838 41 39 A
1667 837 171 49 61562;
1876 837 285 50 University
2195 838 52 41 of
436 837 1933 107 Chicago,
594 896 225 49 Chicago.
884 895 284 49 (33-11254)

363 997 2022 72 Callaghan’s Indiana digest, complete from 1 Blackford to
432 1078 1930 151 202 Indiana and from 1 to 92 Indiana appellate, also including
567 1158 252 54 Indiana
851 1160 111 52 law
994 1159 205 68 passed
1232 1177 157 50 upon
1422 1159 77 69 by
1531 1160 97 52 the
1661 1159 224 54 federal
1918 1165 190 48 courts
2143 1160 114 53 and
2290 1161 97 53 the

436 1236 1888 72 Supreme court of the United States, by Jesse C. Weaver …
474 1361 9 9 v.
529 1323 46 50 8.
622 1320 304 67 [Husband
970 1323 46 51 &
1055 1318 449 69 wife-Jettison]
1588 1319 272 71 Chicago,
1905 1321 324 70 Callaghan
2274 1322 113 53 and

435 1417 300 51 company,
765 1402 152 50 1933.

464 1474 515 50 1 p. l., 688 p. 26cm.
370 1542 52 53 ©
448 1547 130 40 June
601 1548 39 45 1,
666 1545 142 48 1933;
835 1545 67 41 2c.
928 1545 97 40 and
1051 1544 82 41 aff.
1161 1545 128 40 June
1314 1546 52 46 6;
1394 1545 43 39 A
1462 1545 171 48 62899;
1663 1545 274 49 Callaghan
1963 1547 36 40 &
2024 1559 68 29 co.

367 1653 208 63 Caton,
607 1651 208 55 James
842 1651 71 56 R.

437 1727 354 71 Legislative
827 1728 316 54 chronicles
1180 1728 66 53 of
1280 1727 98 54 the
1414 1727 118 71 city
1569 1728 65 54 of
1669 1728 378 71 Alexandria,
2082 1729 77 71 by
2194 1731 197 56 James

366 1810 69 53 R.
473 1808 202 56 Caton.
751 1805 378 70 Alexandria,
1162 1808 126 67 Va.,
1322 1807 386 56 Newell-Cole
1741 1826 299 52 company,
2074 1809 128 70 inc.,
2272 1814 117 51 1933.

439 1885 26 40 3
494 1895 44 37 p.
588 1914 23 17 l.,
639 1882 99 49 224,
768 1881 48 41 vi
843 1893 44 37 p.
946 1881 119 41 24cm.

442 1940 313 43 Cover-title:
786 1937 218 50 Jottings
1030 1939 131 40 from
1188 1939 83 41 the
1298 1940 176 39 annals
1502 1939 53 41 of
1581 1939 318 44 Alexandria.

443 1998 163 41 “First
628 1995 229 43 edition.”

373 2053 52 54 ©
453 2057 111 41 Jan.
589 2056 70 49 25,
687 2055 114 42 1933;
857 2055 68 41 2c.
953 2055 97 40 and
1077 2052 82 44 aff.
1188 2054 111 41 Jan.
1324 2054 84 42 27:
1437 2055 42 40 A
1506 2055 172 50 60058;
1707 2057 322 44 Newell-Cole
2056 2071 82 38 co.,
2167 2061 91 42 inc.

452 2115 285 50 (33-11221)

370 2215 2021 80 Chartres. Ce guide a été rédigé par L é on Gosset. Paris,
439 2298 306 68 Hachette,
809 2299 117 50 1931.

444 2375 70 47 71,
548 2393 55 30 [1]
633 2383 45 38 p.
736 2372 166 46 front.,
933 2370 145 48 illus.,
1108 2371 173 48 plates,
1312 2381 154 38 maps.
1555 2374 116 40 17½cm.
1744 2376 115 49 (Les
1890 2377 172 48 guides
2093 2379 137 42 bleus
374 2380 2003 100 illustrés)

376 2485 52 53 ©
455 2489 119 40 Nov.
631 2487 39 48 19,
697 2486 142 47 1931;
898 2497 36 29 1c.
962 2486 113 40 Dec.
1102 2486 84 47 28;
1215 2485 315 50 A-Foreign
1555 2488 173 49 15031;
1758 2490 243 42 Librairie
2029 2493 259 43 Hachette.

373 2588 287 67 Chaucer,
694 2589 298 65 Geoffrey,
1023 2588 53 53 d.
1112 2591 152 51 1400.

442 2672 123 53 The
598 2669 279 69 complete
911 2668 188 54 works
1135 2665 65 56 of
1234 2667 272 69 Geoffrey
1542 2667 273 57 Chaucer.
1895 2668 294 56 Student’s
372 2672 1997 147 Cambridge

620 2750 85 53 ed.
782 2748 216 53 Edited
1039 2748 74 68 by
1155 2748 65 53 F.
1265 2747 70 52 N.
1378 2744 312 55 Robinson.
1767 2749 236 65 Boston,
2047 2749 138 52 New
2230 2750 163 53 York

397 2835 121 62 [etc.]
551 2828 324 69 Houghton
901 2825 207 55 Mifflin
1137 2843 284 50 company
1471 2828 177 65 [c1933]

442 2915 66 37 xl,
544 2903 114 41 1133
694 2913 43 37 p.
798 2901 149 41 front.
977 2899 175 50 (port.)
1224 2899 147 40 21½cm.
1441 2898 303 50 (Half-title:
1778 2898 102 42 The
1918 2898 289 52 Cambridge
2243 2906 150 44 poets.

377 2960 249 44 Student’s
664 2960 98 47 ed.)

445 3019 352 48 Bibliography
817 3029 8 28 :
860 3029 43 37 p.
939 3015 251 52 [743]-746.

379 3074 52 53 ©
457 3078 114 48 Apr.
598 3078 69 46 13,
694 3076 142 48 1933;
863 3076 68 40 2c.
960 3077 115 46 May
1101 3076 53 46 1;
1183 3073 83 41 aff.
1294 3075 115 47 May
1435 3073 54 47 2;
1518 3071 40 41 A
1585 3071 171 48 61589;
1786 3073 266 47 Houghton
2080 3072 170 41 Mifflin
2276 3085 69 31 co.

458 3134 283 50 (33-11425)

374 3234 619 67 Clermont-Ferrand,
1024 3237 215 62 Royat.
1317 3235 78 55 Ce
1427 3234 173 70 guide
1633 3253 32 33 a
1726 3238 25 48 été
1812 3235 164 69 rédigé
2038 3255 108 50 par
2178 3236 216 54 Robert

442 3319 172 52 Dore.
690 3317 186 67 Paris,
907 3316 306 67 Hachette,
1280 3317 118 51 1931.

448 3393 55 41 64
530 3404 41 37 p.
627 3393 143 45 illus.,
798 3392 172 48 plates,
998 3401 154 38 maps.
1207 3389 146 40 17½cm.
1420 3388 115 48 (Les
1562 3387 170 49 guides
1760 3389 137 39 bleus
1925 3387 246 49 illustrés)

380 3445 52 53 ©
465 3450 103 42 Oct.
598 3450 40 48 7,
669 3449 141 46 1931;
873 3460 37 29 1c.
941 3449 113 40 Dec.
1084 3448 83 46 28;
1200 3445 314 49 A-Foreign
1545 3445 172 47 15029;
1752 3445 242 41 Librairie
2026 3446 256 43 Hachette.

377 3552 358 66 Clippinger,
769 3553 137 54 Erie
937 3549 321 68 Elsworth,
1323 3548 141 59 1875-

447 3631 250 54 Written
728 3629 110 54 and
866 3629 214 68 spoken
1110 3625 278 71 English;
1420 3646 32 33 a
1479 3621 276 70 complete
1782 3636 192 36 course

1999 3617 60 53 in
2089 3627 308 54 grammar,

378 3707 391 71 composition,
812 3707 112 54 and
967 3707 249 54 rhetoric
1254 3705 94 55 for
1384 3701 143 71 high
1568 3700 207 67 school,
1815 3697 73 69 by
1927 3693 138 54 Erie
2105 3687 287 56 Elsworth

379 3768 1993 151 Clippinger … Enl. ed. New York, Newark [etc.] Silver, Burdett
529 3865 112 53 and
671 3883 280 50 company
1004 3866 177 65 [c1933]

466 3936 133 47 lxxvi,
631 3936 86 40 564
748 3946 44 38 p.
882 3935 88 41 19cm.

382 3993 52 53 ©
462 3997 114 49 Apr.
631 3998 40 46 14,
699 3996 141 47 1933;
869 3996 68 41 2c.
963 3996 95 40 and
1086 3994 82 41 aff.
1194 3994 115 49 Apr.
1337 3993 83 47 25;
1450 3992 40 40 A
1518 3990 172 46 61467;
1723 3988 171 46 Silver,
1922 3983 214 42 Burdett
2161 3981 36 40 &
2222 3989 67 31 co.

444 4054 299 50 (33-11255)
