2484 4405
1030 4089 135 47 1155

164 511 359 46 Twenty-three
564 511 170 39 letters
777 511 197 39 written
1014 512 60 46 by
1117 512 116 39 Mrs.
1274 510 174 39 Louise
1492 510 156 40 Smith
1690 510 179 47 Clappe
1911 510 49 38 to
2001 509 86 38 her

90 567 158 48 sister,
276 568 139 46 Mary
442 567 135 48 Jane,
606 567 50 38 in
684 568 400 47 Massachusetts,
1113 566 275 48 1851-1852,
1414 567 50 39 in
1490 567 159 39 which
1677 568 84 38 she
1787 566 167 47 signed
90 567 1979 98 herself
219 626 180 39 “Dame
435 624 235 46 Shirley”.
731 625 132 46 They
898 634 125 29 were
1057 622 261 49 originally
1351 622 255 49 published
1641 623 199 47 serially
1873 623 49 40 in
1958 623 128 40 “The

92 681 203 40 Pioneer;
364 692 66 37 or,
472 680 271 41 California
785 681 219 47 monthly
1045 679 295 49 magazine”,
1383 681 235 47 January,
1663 680 422 49 1854-December,

94 738 114 42 1855;
265 739 255 48 published
550 738 50 39 in
629 738 122 40 book
777 738 128 39 form
936 738 49 39 in
1017 737 115 40 1922
1162 739 60 47 by
1250 738 52 39 T.
1334 738 48 40 C.
1414 737 193 40 Russell
1637 738 153 39 under
1820 736 107 41 title:
1987 737 100 41 The

94 796 190 47 Shirley
309 797 170 38 letters
505 795 128 40 from
660 793 272 43 California
959 794 154 40 mines
1140 794 49 40 in
1218 794 216 41 1851-52.

164 852 347 42 “References”:
574 853 92 41 vol.
721 884 8 17 I,
761 862 42 38 p.
839 852 113 50 [143]

97 911 1994 53 © Feb. 21, 1933; 2c. each July 24; aff. Aug. 12; A 63902; Grabhorn
161 982 148 38 press.
378 967 67 54 [©
475 969 345 48 introduction,
854 971 271 46 retrospect
1153 968 95 40 and
1279 970 153 47 notes]
1505 969 280 48 (33-21740)

91 1074 241 64 Clifton,
359 1076 137 51 Mrs.
525 1073 193 54 Violet
745 1075 174 61 Mary
952 1072 386 66 (Beauclerk)

163 1151 121 52 The
320 1150 147 53 book
502 1148 65 53 of
603 1150 225 67 Talbot,
863 1149 75 69 by
975 1148 195 55 Violet
1209 1147 242 56 Clifton.
1526 1148 259 69 London,
1822 1149 187 53 Faber
2048 1149 46 51 &

92 1229 186 52 Faber
303 1227 222 53 limited
559 1229 172 65 [1933]

164 1302 84 47 xii,
271 1300 98 48 439,
400 1300 53 51 [1]
479 1311 43 37 p.
546 1301 109 39 incl.
679 1299 136 40 front.
879 1302 161 45 ports.,
1066 1298 119 42 fold.
1210 1309 151 38 maps.
1414 1299 55 40 23½
1502 1300 45 23 cm
1551 1332 9 8 .

98 1356 1997 52 © 1c. July 6, 1933; A ad int. 17962; pubd. May 11; Harcourt, Brace &
169 1427 81 38 co.,
276 1416 104 49 inc.,
405 1417 117 40 New
545 1416 145 41 York.
761 1415 280 49 (33-22154)

92 1521 296 64 Coulomb,
420 1520 245 55 Charles
692 1520 322 63 Augustin.

165 1597 1912 70 American history for Pennsylvania … bk. 1, 2. [By]
91 1677 1977 147 Charles A. Coulomb … New York, The Macmillan company, 1933.
162 1830 30 40 2
217 1840 44 30 v.
318 1830 163 47 front.,
512 1829 128 41 illus.
700 1830 55 40 19½
788 1833 44 21 cm
837 1864 7 7 .

168 1884 128 39 “The
330 1885 107 39 text
466 1883 190 40 follows
691 1885 177 46 closely
903 1886 81 39 the
1019 1885 358 47 Pennsylvania
1413 1887 127 38 state
1574 1895 169 30 course
1776 1886 52 39 of
1862 1886 144 47 study
2042 1886 49 39 in

97 1939 147 42 social
273 1940 185 41 studies
484 1940 81 39 for
590 1942 148 46 grade
763 1941 92 40 five
883 1952 53 29 as
963 1941 164 40 issued
1154 1943 59 47 by
1242 1943 81 39 the
1355 1942 137 40 State
1519 1944 306 45 department
1853 1943 51 40 of
1932 1942 160 49 public

96 1996 531 43 instruction.”—Pref.

168 2056 196 40 “Places
392 2055 50 41 of
467 2055 202 41 historic
697 2055 205 41 interest
928 2056 50 39 in
1006 2057 389 47 Pennsylvania”:
1454 2069 42 30 v.
1522 2058 38 46 1,
1592 2058 267 48 Appendix,
1888 2070 43 38 p.
1959 2057 133 42 i-xii.

169 2115 223 38 Includes
422 2111 351 49 bibliography.

98 2169 1998 53 bk. 1, © Aug. 15, 1933; 2c. and aff. Aug. 16; bk. 2, © Aug. 22; 2c.
167 2233 95 38 and
290 2231 80 39 aff.
398 2231 120 47 Aug.
547 2231 55 39 23;
658 2231 42 38 A
727 2230 156 47 63917,
912 2230 147 40 65008;
1116 2230 281 40 Macmillan
1424 2241 67 30 co.
175 2288 279 48 (33-21744)

94 2378 208 64 Dacos,
333 2378 291 54 Fernand.

229 2455 1805 69 … Mesures radio-électriques élémentaires, par F. Dacos …
101 2533 1995 71 et M. Rousseau … préface de O. de Bast … Paris, Dunod,
102 2616 150 50 1933.

174 2687 26 38 2
247 2697 43 37 p.
373 2717 9 15 l,
436 2686 174 49 [7]-233
658 2697 43 37 p.
762 2686 142 48 illus.,
953 2686 180 48 diagrs.
1193 2686 56 41 19
1252 2689 44 22 cm
1301 2719 7 8 .
1379 2686 364 50 (Bibliothèque
1794 2687 302 50 scientifique

103 2743 144 46 belge.
311 2742 191 41 Section
532 2743 279 49 technique)

171 2799 447 48 “Bibliographie”:
651 2811 44 37 p.
740 2800 234 50 [229]-230.

103 2853 1578 54 © Mar. 27, 1933; 1c. June 24; A- Foreign 21366; Dunod.
167 2913 279 48 (33-21762)

98 3003 272 64 Dawson,
401 3002 298 67 Nicholas,
734 3008 324 51 1819-1903.

175 3079 303 54 Narrative
525 3080 63 53 of
633 3079 269 56 Nicholas
951 3081 370 70 “Cheyenne”
1368 3084 246 51 Dawson
1673 3081 319 70 (Overland
2038 3090 59 46 to

107 3156 321 56 California
457 3157 59 53 in
546 3158 78 52 ’41
654 3160 45 50 &
728 3158 98 71 ’49,
854 3160 111 53 and
993 3161 183 53 Texas
1203 3163 61 53 in
1295 3162 108 68 ’51)
1440 3162 142 54 with
1612 3181 71 34 an
1710 3159 388 56 introduction

105 3234 73 68 by
214 3234 234 54 Charles
480 3237 62 51 L.
578 3236 179 69 Camp
792 3239 111 51 and
937 3239 222 53 colored
1193 3241 287 67 drawings
1511 3240 74 69 by
1619 3239 227 54 Arvilla
1881 3240 217 53 Parker

169 3312 1930 75 … San Francisco, Printed & published by the Grabhorn press,
109 3392 149 49 1933.

175 3460 1906 56 6 p. l. , 100 p., 4 l. col. illus. 25½ cm . (The rare Americana series.
104 3527 74 30 no.
209 3518 49 47 7)

177 3574 134 42 First
344 3577 254 47 published
633 3579 146 39 about
814 3579 112 40 1901
963 3580 50 40 in
1048 3592 63 28 an
1148 3582 183 40 edition
1366 3583 52 39 of
1451 3583 111 47 fifty
1598 3584 170 48 copies,
1805 3583 118 41 with
1959 3586 109 39 title:

107 3631 271 41 California
413 3633 49 39 in
498 3633 82 41 ’41.
643 3636 158 40 Texas
835 3636 50 39 in
921 3637 83 40 ’51.
1068 3638 242 49 Memoirs,
1346 3641 60 45 by
1444 3640 229 40 Nicholas
1708 3643 224 41 Dawson.
1997 3643 100 39 The

104 3688 198 49 writing
330 3689 50 40 of
410 3691 81 39 the
518 3691 250 41 narrative
798 3703 100 30 was
926 3696 302 39 commenced
1258 3696 48 39 in
1337 3696 126 49 1894,
1494 3697 269 48 fifty-three
1796 3709 140 37 years
1968 3700 130 39 after

108 3746 80 42 the
219 3757 284 31 occurrence
533 3748 51 40 of
614 3760 129 29 some
773 3750 51 39 of
855 3751 83 40 the
964 3754 167 39 events
1165 3754 198 48 related,
1395 3756 94 38 and
1522 3756 81 39 the
1633 3757 148 39 latest
1811 3759 115 38 date
1953 3759 145 39 noted

107 3803 51 40 in
186 3805 81 38 the
296 3806 106 39 text
429 3805 42 40 is
502 3805 128 41 1901.

111 3860 51 51 ©
197 3866 113 46 May
343 3865 67 46 16,
445 3865 140 47 1933;
621 3867 64 38 2c.
722 3867 116 47 July
871 3868 82 45 24;
990 3868 81 41 aff.
1107 3869 119 47 Aug.
1262 3871 81 45 12;
1380 3871 40 38 A
1456 3871 169 47 63904;
1662 3871 256 41 Grabhorn
1953 3882 148 39 press.

183 3916 67 54 [©
279 3922 330 40 introduction
637 3924 95 39 and
761 3925 136 39 notes
927 3923 60 48 by
1017 3925 201 40 Charles
1250 3927 49 39 L.
1332 3927 152 48 Camp
1511 3930 95 38 and
1637 3930 189 39 colored
1858 3929 244 47 drawings

179 3978 59 46 by
265 3978 186 39 Arvilla
480 3979 198 49 Parker]
751 3980 279 48 (33-21739)
