2582 4453
1352 4063 101 53 752

465 450 375 41 CONTENTS.—I.
874 451 39 37 A
944 461 178 38 survey
1155 450 52 41 of
1240 449 206 41 Federal
1477 460 194 31 reserve
1700 448 292 50 policy.—II.
2023 448 102 41 The
2155 451 257 46 monetary

389 509 158 43 crisis.

394 565 52 52 ©
475 570 117 46 May
617 568 40 47 9,
686 567 140 46 1933;
857 567 69 40 2c.
954 568 118 39 each
1102 566 95 40 and
1227 564 84 43 aff.
1341 566 114 46 May
1483 564 82 47 15;
1598 565 41 38 A
1667 564 173 47 62679;
1871 563 257 41 President
2158 564 36 40 &
2221 564 192 39 fellows

465 626 52 41 of
558 626 232 39 Harvard
834 625 193 47 college,
1073 623 305 48 Cambridge,
1423 623 148 39 Mass.
1643 622 284 49 (33-13062)

387 727 388 67 Heidbreder,
807 729 188 64 Edna,
1028 733 172 50 1890-

467 854 56 10 …
571 807 184 56 Seven
796 807 416 69 psychologies,
1249 807 75 68 by
1364 806 170 53 Edna
1574 805 365 54 Heidbreder
1983 848 56 10 …
2121 802 295 57 Student’s

388 885 1594 68 ed. New York, London, The Century co. [ c 1933]
463 963 87 41 viii
584 975 58 36 p.,
674 963 27 39 2
771 995 7 11 l.,
813 961 146 41 3-450
992 973 42 37 p.
1097 962 131 39 illus.
1288 960 56 40 20½
1378 963 15 20 cm
1428 992 8 7 .
1507 959 126 48 (The
1668 960 219 49 Century
1920 959 296 50 psychology
2249 959 166 50 series,

394 1023 54 40 R.
477 1023 63 39 M.
569 1022 189 46 Elliott,
787 1020 184 47 editor)
1098 1018 130 50 $2.25

465 1080 131 39 “The
632 1078 275 41 discussion
943 1077 158 41 refers
1138 1076 297 49 specifically
1471 1078 50 39 to
1556 1075 260 42 American
1851 1074 536 51 psychology.”—Pref.

464 1135 352 42 “References”
836 1148 10 29 :
881 1147 42 38 p.
956 1135 219 41 431-439.

399 1192 52 52 ©
485 1196 115 48 Apr.
633 1196 68 46 18,
735 1195 142 41 1933:
912 1195 68 40 2c.
1014 1195 96 39 and
1144 1194 82 40 aff.
1261 1194 116 47 May
1410 1193 52 43 5;
1498 1194 42 38 A
1572 1193 172 47 62521;
1782 1194 218 49 Century
2031 1205 67 30 co.

475 1253 284 50 (33-13339)

392 1359 253 65 Hocker,
676 1359 256 53 Edward
963 1359 89 55 W.

466 1436 412 55 Germantown
931 1438 343 65 1683-1933;
1328 1436 94 53 the
1473 1436 200 53 record
1723 1436 131 52 that
1905 1454 30 34 a
1987 1437 431 69 Pennsylvania

395 1515 355 68 community
787 1515 104 53 has
928 1514 270 53 achieved
1237 1514 61 52 in
1335 1515 97 53 the
1470 1532 196 35 course
1703 1513 64 53 of
1804 1517 104 50 250
1943 1533 193 51 years;
2175 1515 173 69 being
2386 1534 32 34 a

396 1595 224 68 history
648 1593 64 54 of
740 1594 96 53 the
865 1593 203 69 people
1099 1592 64 54 of
1193 1592 430 70 Germantown,
1653 1593 211 53 Mount
1890 1593 151 70 Airy
2073 1595 112 52 and
396 1592 2001 134 Chestnut
535 1673 150 68 Hill,
720 1674 76 68 by
831 1672 257 53 Edward
1121 1672 91 54 W.
1250 1671 233 53 Hocker
1525 1715 56 10 …
1657 1671 432 70 Germantown,
397 1673 1997 148 Philadelphia,
580 1753 123 67 Pa.,
727 1752 122 52 The
877 1751 225 67 author,
1132 1752 152 52 1933.

464 1826 86 41 331
582 1836 45 38 p.
688 1825 150 41 front.
899 1825 57 41 23½
989 1827 15 21 cm
1039 1857 8 9 .

467 1883 228 41 “Edition
728 1882 53 41 of
810 1881 86 41 500
929 1881 204 48 copies.”

473 1939 393 42 “Authorities”:
898 1949 44 38 p.
971 1937 224 43 310-311.

402 1995 52 52 ©
482 2000 117 47 May
625 1999 68 45 15,
721 1999 142 43 1933;
893 1998 67 40 2c.
990 1999 114 47 May
1131 1998 83 46 19;
1246 1997 82 41 aff.
1356 1999 115 46 May
1500 1998 82 45 18;
1613 1999 41 37 A
1682 1998 172 47 61868;
1885 1999 51 38 E.
1967 1999 72 40 W.
2070 1999 208 47 Hocker,
468 1998 1935 105 Germantown,
764 2056 359 49 Philadelphia.
1194 2055 284 49 (33-13073)

393 2162 254 66 Höcker,
679 2163 146 53 Paul
857 2162 211 66 Oskar,
1103 2167 174 50 1865-

469 2240 154 54 Dina
654 2240 119 52 und
804 2242 100 52 der
933 2239 187 55 kleine
1148 2240 227 67 herzog,
1403 2258 200 33 roman
1631 2259 111 33 von
1772 2239 148 52 Paul
1952 2238 187 55 Oskar
2169 2238 246 54 Höcker.

401 2318 679 68 Berlin, Scherl [ c 1932]
467 2390 102 49 244,
605 2392 55 48 [1]
697 2402 42 37 p.
801 2390 56 41 19
860 2393 44 21 cm
909 2425 8 6 .

402 2448 2018 52 © Dec. 14, 1932; 1c. Mar. 22, 1933; A-Foreign 20310; August Scherl,
470 2521 41 36 g.
540 2522 60 27 m.
627 2510 42 42 b.
697 2512 45 37 h.
815 2510 282 45 (33-13183)

396 2612 293 66 Holstein,
721 2611 308 56 Friedrich
1059 2630 134 47 von,
1228 2614 327 57 1837-1909.

474 2734 57 10 …
569 2691 564 53 Lebensbekenntnis
1167 2691 60 52 in
1261 2690 183 54 briefe
1480 2710 74 34 an
1589 2691 122 53 eine
1749 2690 153 68 frau,
1938 2691 326 70 eingeleitet
2300 2691 120 53 und

398 2770 462 69 herausgegeben
888 2788 112 34 von
1025 2769 284 53 Helmuth
1338 2770 217 69 Rogge.
1619 2770 114 53 Mit
1763 2773 30 50 6
1821 2769 390 71 abbildungen
2240 2771 120 53 und
2388 2773 35 50 4

400 2848 1116 67 faksimiles. Berlin, Ullstein [ c 1932]
493 2934 41 35 1v,
565 2921 99 48 857,
698 2923 54 50 [1]
782 2933 45 38 p.
891 2923 164 47 front.,
1083 2925 167 46 ports.,
1279 2923 217 40 facsims.
1527 2923 135 48 (part
1690 2921 144 50 fold.)
1904 2923 57 41 26
1964 2925 44 22 cm
2013 2958 8 7 .

469 2980 135 40 Each
635 2980 245 40 facsimile
908 2981 236 46 preceded
1178 2981 62 46 by
1273 2980 101 41 leaf
1406 2980 122 40 with
1562 2980 291 48 descriptive
1890 2981 298 47 letterpress.

471 3037 202 41 “Dieses
714 3037 125 41 buch
883 3037 178 41 beruht
1106 3037 90 40 auf
1238 3039 91 39 den
1376 3037 203 48 briefen,
1625 3037 77 41 die
1749 3037 255 44 Friedrich
2053 3048 91 30 von
2192 3037 228 41 Holstein

404 3095 160 40 seiner
602 3094 174 41 kusine
817 3095 86 40 Ida
946 3105 91 29 von
1082 3093 298 49 Stülpnagel,
1422 3094 270 48 geborenen
1735 3105 92 30 von
1871 3094 342 42 Holtzendorff
2258 3127 46 9 …
400 3105 2005 87 geschrieben
685 3151 434 41 hat.”—Vorwort.

405 3206 1877 53 © Dec. 8, 1932; 1c. Feb. 23, 1933; A-Foreign 20031; Ullstein a.-g.
483 3267 283 48 (33-13164)

398 3357 160 65 Holt,
588 3358 230 54 Luther
847 3359 287 65 Emmett,
1166 3363 328 51 1855-1924.

470 3436 193 53 Holt’s
705 3436 261 55 Diseases
1009 3437 64 54 of
1115 3437 239 69 infancy
1398 3438 108 52 and
1553 3436 339 61 childhood;
1938 3456 30 34 a
2010 3437 273 53 textbook
2325 3437 94 52 for

401 3517 94 51 the
533 3535 94 34 use
665 3516 64 52 of
765 3517 259 52 students
1060 3518 109 51 and
1212 3515 420 69 practitioners,
1667 3517 77 68 by
1778 3516 96 54 the
1911 3517 114 54 late
2061 3516 65 54 L.
2164 3517 258 52 Emmett

400 3595 164 58 Holt,
657 3639 9 9 M.
741 3639 8 9 D.
787 3596 112 51 and
937 3596 153 51 John
1129 3596 312 62 Howland,
1532 3639 9 9 M.
1617 3615 39 47 D.;
1695 3596 220 53 revised
1951 3596 75 68 by
2061 3595 64 54 L.
2163 3595 256 53 Emmett

401 3673 164 63 Holt,
605 3673 70 68 jr.
723 3716 55 10 …
825 3675 110 51 and
979 3674 211 53 Rustin
1232 3674 302 54 McIntosh
1582 3718 56 9 …
1722 3676 128 51 10th
1895 3674 85 54 ed.
2057 3675 140 53 New
2238 3674 181 68 York,

401 3752 1359 70 London, D. Appleton and company [ c 1933]
472 3828 98 46 xix,
607 3828 114 40 1210
755 3839 42 37 p.
859 3828 127 39 illus.
1017 3829 136 47 (part
1187 3828 113 46 col.)
1342 3840 26 27 v
1401 3829 87 39 col.
1590 3860 8 12 pl.,
1632 3827 180 50 diagrs.
1872 3828 57 41 25
1932 3830 15 22 cm
1982 3860 9 8 .

473 3885 351 40 “References”
853 3888 50 38 at
931 3887 91 39 end
1051 3886 51 39 of
1127 3889 125 37 most
1280 3886 51 39 of
1359 3887 81 39 the
1466 3887 228 46 chapters

406 3940 52 52 ©
489 3946 112 45 May
629 3944 67 44 15,
726 3944 141 46 1933;
897 3945 65 39 2c.
994 3946 91 38 and
1118 3945 80 39 aff.
1230 3945 114 47 May
1372 3946 82 44 17;
1485 3945 39 38 A
1553 3944 171 47 62684;
1757 3946 57 40 D.
1844 3945 238 48 Appleton
2113 3945 36 39 &
2177 3956 67 30 co.

483 4000 281 48 (33-13033)
