2484 4405
1090 4080 134 49 1695

150 425 260 67 Sylvain,
442 427 236 55 Claude.

280 504 1862 68 … Un mariage dans les neiges. Paris, La Renaissance du
150 581 143 54 livre
365 587 150 62 [c1933]

216 653 1736 59 224 p. 17 ½ cm . ( On cover: Bibliothèque d’Ève; romans choisis)
151 705 2000 64 © June 15, 1933; 1c. Oct. 24; A- Foreign 22507; Renaissance du livre.
228 775 279 48 (33-36403)

149 880 161 66 Taft,
343 882 244 55 Charles
616 881 234 66 Phelps,
884 882 170 53 1897-

239 958 136 68 City
414 964 426 63 management;
883 961 95 51 the
1017 959 329 56 Cincinnati
1388 961 370 67 experiment,
1797 961 76 67 by
1913 960 238 55 Charles

151 1035 1994 71 P. Taft. New York, Farrar & Rinehart, incorporated [ c 1933]
222 1108 86 40 viii
334 1120 58 37 p.,
420 1110 25 39 1
491 1141 24 15 l.,
543 1109 85 41 275
655 1121 41 37 p.
758 1110 55 39 21
817 1112 43 21 cm
866 1143 8 7 .

224 1165 377 50 “Bibliography
632 1178 60 29 on
723 1168 83 40 the
839 1171 314 44 government
1186 1167 51 41 of
1270 1166 279 42 Cincinnati
1581 1170 96 38 and
1711 1170 82 39 the
1824 1170 99 47 city
1956 1171 195 40 charter

150 1223 299 41 movement”:
509 1235 41 37 p.
579 1223 216 41 249-250.

151 1277 51 52 ©
237 1282 117 39 Nov.
388 1280 68 42 29,
490 1281 112 40 1933;
664 1280 66 42 2c.
765 1283 95 38 and
894 1281 80 40 aff.
1012 1281 109 39 Dec.
1157 1282 51 45 1;
1243 1282 40 38 A
1317 1281 170 48 68363;
1524 1283 50 40 C.
1608 1284 51 39 P.
1694 1284 131 48 Taft,
1860 1284 291 41 Cincinnati.

229 1337 279 49 (33-36210)

151 1440 2000 71 Texas jurisprudence … a complete statement of the law and
222 1521 249 66 practice
497 1521 61 51 of
583 1521 95 52 the
705 1525 144 48 state
874 1520 63 52 of
963 1522 202 66 Texas,
1190 1522 74 68 by
1289 1522 260 54 William
1576 1525 77 51 M.
1682 1524 330 68 McKinney
2040 1524 111 52 and

223 1599 161 52 other
444 1600 254 67 lawyers.
775 1600 240 51 Volume
1276 1641 8 9 XXVIII.
1360 1601 171 53 Liens
1591 1607 58 46 to
1710 1604 443 51 Massachusetts

223 1676 1930 73 trusts … San Francisco, Bancroft-Whitney company,
225 1758 149 49 1933.

219 1828 100 47 viii,
354 1826 83 42 790
469 1838 43 38 p.
573 1828 55 39 24½
661 1830 44 21 cm
710 1861 8 8 .

155 1880 52 52 ©
239 1885 115 38 Nov.
389 1885 68 45 16,
494 1882 111 43 1933;
669 1886 67 38 2c.
771 1887 96 38 and
899 1884 81 41 aff.
1016 1886 112 40 Dec.
1163 1886 53 39 12;
1281 1887 40 38 A
1355 1886 143 41 68463;
1563 1888 489 48 Bancroft-Whitney
2089 1901 66 28 co.

152 1985 210 69 Thum,
392 1988 218 54 Ernest
641 1986 219 66 Edgar,
889 1991 169 50 1884-
1275 1988 82 54 ed.

225 2065 121 52 The
385 2064 147 53 book
574 2064 64 54 of
679 2065 261 54 stainless
981 2066 194 65 steels;
1220 2063 289 55 corrosion
1554 2061 270 71 resisting
1867 2063 114 52 and
2024 2062 133 51 heat

157 2140 1937 72 resisting chromium alloys, edited by Ernest E. Thum …
154 2216 327 72 Cleveland,
518 2219 85 67 O.,
640 2221 122 52 The
796 2221 305 53 American
1142 2219 211 70 society
1390 2219 94 53 for
1521 2219 136 53 steel
1692 2217 271 70 treating,
2003 2220 151 50 1933.

222 2292 83 49 xii,
335 2293 83 41 631
447 2303 44 37 p.
551 2293 142 41 illus..
723 2293 179 48 diagrs.
963 2293 54 40 23½
1052 2295 44 21 cm
1100 2326 9 8 .

227 2348 163 42 “First
420 2349 226 41 edition.”

223 2405 224 41 Includes
476 2405 392 49 bibliographies.

155 2460 51 52 ©
246 2465 117 38 Nov.
401 2465 39 45 3,
478 2464 112 41 1933;
658 2465 66 40 2c.
766 2466 96 38 and
899 2464 71 40 aff
1020 2465 117 39 Nov.
1178 2464 54 40 23;
1302 2465 39 37 A
1378 2463 170 43 67240;
1589 2464 158 40 Amer.
1786 2474 92 30 soc.
1918 2463 78 39 for
2036 2463 118 40 steel

223 2521 227 48 treating.
521 2520 281 50 (33-36369)

156 2625 311 65 Torrance,
495 2625 251 56 Arthur.

156 2698 1977 149 Junglemania, by Arthur Torrance … New York, The Macaulay company [ c 1933]
228 2851 56 40 10
307 2862 58 37 p.,
393 2852 25 39 1
466 2883 24 16 l.,
517 2851 173 41 11-310
715 2861 43 38 p.
813 2853 170 47 plates,
1012 2854 150 46 ports.
1219 2852 55 39 21½
1308 2853 44 22 cm
1356 2883 9 8 .

227 2906 128 42 “The
386 2911 135 43 story
551 2908 53 40 of
634 2919 28 30 a
695 2908 207 41 doctor’s
932 2909 310 47 experiences
1274 2908 49 39 in
1357 2908 81 40 the
1471 2907 403 47 jungle.”—Pref.

227 2963 333 40 Contents.—
565 2965 69 48 pt.
686 2996 11 9 I.
726 2965 318 49 Africa.—pt.
1118 2996 11 9 II.
1158 2964 202 42 Borneo.

158 3018 51 51 ©
238 3024 116 38 Nov.
382 3022 69 42 29,
482 3022 110 41 1933;
651 3023 64 40 2c.
747 3024 95 40 and
870 3023 82 40 aff.
980 3023 112 40 Dec.
1120 3023 26 39 2;
1204 3024 40 38 A
1272 3023 144 41 68364;
1475 3022 260 48 Macaulay
1762 3033 67 30 co.

236 3079 278 48 (33-36360)

159 3181 196 65 Tufts,
389 3184 204 53 James
624 3185 268 63 Hayden,
930 3187 170 50 1862-

228 3258 310 54 America’s
568 3259 170 54 social
769 3261 270 67 morality;
1101 3260 296 53 dilemmas
1426 3259 62 53 of
1518 3260 96 52 the
1644 3257 288 69 changing
1959 3275 182 37 mores.

157 3335 74 68 by
268 3336 193 54 James
496 3338 243 67 Hayden
778 3337 188 55 Tufts.
1042 3338 137 54 New
1220 3338 179 68 York,
1435 3337 74 52 H.
1549 3336 147 54 Holt
1732 3337 112 53 and
1880 3353 277 51 company

186 3418 132 48 [1933]

226 3498 44 32 x.
297 3486 144 41 3-376
468 3498 42 37 p.
571 3488 55 38 22
630 3491 42 20 cm
678 3521 8 7 .
784 3490 272 48 (Half-title:
1082 3489 258 40 American
1366 3488 146 41 social
1541 3489 184 40 science
1753 3489 178 47 series;
1960 3491 192 45 general

159 3543 171 49 editor,
361 3545 61 42 H.
453 3545 70 41 W.
555 3545 181 47 Odum)

161 3601 51 51 ©
242 3605 117 41 Nov.
389 3605 68 44 20,
491 3604 113 42 1933;
663 3605 64 41 2c.
762 3607 95 39 and
888 3605 82 41 aff.
1001 3606 117 39 Nov.
1149 3605 54 39 22;
1264 3606 39 38 A
1333 3605 143 40 68234;
1538 3606 168 47 Henry
1739 3606 118 40 Holt
1886 3606 37 40 &
1952 3615 82 35 co.,
2066 3606 90 39 inc.

240 3660 278 50 (33-36710)

162 3762 191 68 Tyler,
386 3766 315 53 Frederick
734 3767 355 64 Stansbury,
1124 3770 173 50 1882-

233 3842 121 55 The
396 3843 221 68 history
663 3845 112 51 and
822 3845 330 52 connection
1201 3844 63 53 of
1308 3845 96 52 the
1451 3843 710 69 Stansbury-Tyler-Adee

164 3915 265 72 families,
471 3922 281 66 compiled
796 3921 153 53 from
991 3923 95 51 the
1129 3923 226 51 records
1396 3923 74 65 by
1513 3922 311 52 Frederick
1866 3922 58 54 S.
1967 3923 191 66 Tyler.

160 3995 400 71 Washington,
590 3999 74 52 D.
694 3999 83 64 C.,
806 4003 150 49 1933.
