2582 4453
1341 4104 134 51 1688

389 409 251 58 Indiana
674 411 113 54 and
820 412 189 54 North
1043 416 223 49 eastern
1301 410 205 71 digest,
1541 411 270 71 covering
1845 413 77 52 all
1956 431 152 36 cases
2141 413 270 70 reported

458 491 63 54 in
567 492 251 53 Indiana
867 499 241 61 reports,
1158 491 248 53 Indiana
1459 493 290 67 appellate
1797 499 161 46 court
2007 499 242 62 reports,
2298 493 112 53 and

462 572 190 53 North
709 576 223 48 eastern
988 577 278 61 reporter,
1322 570 141 53 with
1519 578 230 46 current
1803 573 350 52 cumulative
2205 572 204 68 pocket

460 650 1952 139 service keeping the digest always to date … By the publisher’s editorial staff, v. 19-24. St. Paul, Minn., West
460 810 683 70 publishing co. [ c 1933]
458 900 29 41 6
519 912 43 30 v.
623 899 58 40 26
683 902 45 21 cm
732 930 8 9 .

729 982 115 31 CONTENTS.—v.
902 969 69 42 19.
1027 970 332 48 Intoxicating
1357 981 6 6 -
1413 970 610 48 liquors-Judgment.—v.
2078 968 72 42 20.
2202 969 213 42 Judicial

386 1030 298 41 saies-Libel
719 1030 97 39 and
849 1030 321 39 slander.—v.
1205 1026 73 43 21.
1314 1028 570 46 Licenses-Marshaling
1919 1030 159 38 assets
2110 1029 98 39 and
387 1026 2015 102 securities.—v.
659 1086 71 42 22.
787 1088 187 39 Master
1029 1088 95 39 and
1179 1089 324 37 servant.—v.
1559 1084 73 42 23.
1689 1085 598 49 Mayhem-Motions.—v.
2344 1083 72 43 24.

389 1144 266 49 Municipal
694 1144 353 48 corporations.

388 1214 41 28 v.
462 1201 70 50 19,
564 1202 70 47 20,
671 1197 52 53 ©
756 1203 120 40 Nov.
909 1202 56 39 24;
1029 1213 40 28 v.
1104 1201 159 48 21-24,
1300 1196 52 53 ©
1390 1202 117 38 Nov.
1540 1199 56 42 27;
1659 1200 68 41 2c.
1761 1200 117 41 each
1913 1201 96 39 and
2042 1200 109 41 affs.
2185 1200 112 39 Dec.
2331 1200 58 40 26;

464 1263 41 38 A
539 1261 328 42 67685-67690;
929 1262 135 39 West
1099 1262 109 47 pub.
1246 1272 67 29 co.

391 1380 277 66 Jacobus,
701 1380 231 55 Donald
965 1380 199 65 Lines,
1197 1380 175 54 1887-

463 1459 124 54 The
634 1458 284 69 Bulkeley
965 1461 348 67 genealogy;
1361 1459 143 53 Rev.
1552 1459 172 53 Peter
1772 1454 302 72 Bulkeley,
2121 1455 173 69 being
2346 1473 67 35 an

392 1545 240 48 account
673 1538 65 54 of
778 1537 93 55 his
913 1557 210 50 career,
1163 1539 92 53 his
1297 1544 281 63 ancestry,
1619 1539 98 52 the
1759 1542 264 62 ancestry
2065 1535 64 54 of
2171 1535 90 53 his
2301 1540 116 48 two

393 1616 189 69 wives,
627 1618 113 52 and
783 1617 90 54 his
915 1618 270 54 relatives
1226 1619 62 51 in
1331 1618 276 69 England
1655 1617 112 53 and
1812 1617 141 53 New
1995 1615 295 69 England,
390 1623 2003 141 together
615 1697 141 53 with
782 1716 32 34 a
838 1697 319 69 genealogy
1182 1696 64 55 of
1269 1697 89 53 his
1381 1697 376 53 descendants
1782 1696 255 68 through
2062 1696 98 53 the
2182 1695 234 53 seventh

392 1775 310 53 American
724 1776 356 69 generation,
1105 1775 284 69 compiled
1415 1776 77 68 by
1519 1775 233 54 Donald
1779 1775 173 53 Lines
1978 1775 269 67 Jacobus,
2328 1817 9 10 M.
2406 1817 9 10 A.

391 1852 141 55 New
559 1854 227 69 Haven,
812 1854 181 57 Conn.
1043 1856 124 52 [The
1190 1856 216 67 Tuttle,
1431 1855 341 53 Morehouse
1798 1857 46 51 &
1867 1853 218 71 Taylor
2112 1873 300 51 company]

392 1936 154 52 1933.

466 2019 82 50 vii,
579 2020 117 41 1066
723 2032 44 38 p.
828 2020 137 42 front.
1010 2022 136 49 (coat
1176 2022 52 42 of
1256 2023 158 47 arms)
1484 2021 57 40 24
1544 2025 45 21 cm
1593 2056 9 8 .

468 2096 226 41 Includes
734 2095 396 50 bibliographies.

469 2153 228 41 Lettered
727 2165 60 30 on
815 2164 170 30 cover:
1016 2153 192 48 Family
1238 2154 52 41 of
1315 2154 116 41 Rev.
1461 2154 144 41 Peter
1634 2154 250 48 Bulkeley.

394 2223 2025 53 © Nov. 29, 1933; 2c. and aff. Dec. 4; A 67372; D. L. Jacobus, New
463 2286 188 39 Haven.
724 2284 284 49 (33-36202)

395 2406 204 65 Joueo,
629 2406 65 55 P.

465 2482 1953 69 M é thode nouvelle de coupe pratique, par P. et A. Jouéo.
399 2562 772 68 [Paris] Hachette [ c 1933]
468 2634 86 42 186
582 2647 58 38 p.,
668 2637 25 38 1
744 2667 9 9 l.
814 2635 129 42 illus.
1005 2634 56 40 22½
1095 2638 44 21 cm
1143 2669 9 9 .

395 2704 2026 53 © June 28, 1933; 1c. Sept. 13; A-Foreign 22391; Librairie Hachette.
474 2765 283 49 (33-36968)

396 2885 339 69 Kankeleit,
766 2887 164 67 Otto,
964 2885 174 56 1887-

469 2964 110 54 Die
613 2964 423 69 schöpferische
1071 2965 191 54 macht
1297 2966 97 53 des
1428 2965 424 65 unbewussten;
1892 2965 122 53 ihre
2052 2965 370 69 auswirkung

399 3047 59 52 in
499 3045 101 53 der
638 3044 171 53 kunst
850 3044 117 52 und
1007 3043 60 52 in
1108 3043 100 54 der
1245 3043 307 53 modernen
1594 3044 493 70 psychotherapie,
2127 3064 109 34 von
2279 3042 141 56 Otto

399 3122 2015 69 Kankeleit … Mit beiträgen von Hans Fr. Blunck, Hermann
401 3201 2018 70 Claudius [u. a.] … und mit 17 abbildungen im text und auf
399 3285 30 49 8
461 3282 198 54 tafeln.
724 3280 201 55 Berlin
954 3281 117 52 und
1102 3280 259 70 Leipzig,
1391 3280 85 53 W.
1509 3281 69 53 de
1609 3279 252 71 Gruyter
1891 3283 45 50 &
1966 3300 97 49 co.,
2097 3285 150 50 1933.

468 3368 1113 50 2 p. l., 89 p. 8 pl. on 4 l., diagr. 22½ cm .
399 3441 53 52 ©
480 3446 119 45 Aug.
628 3446 38 38 1.
696 3444 113 40 1933;
867 3446 62 38 1c.
961 3444 104 40 Oct.
1094 3445 54 39 17;
1207 3445 38 38 A
1248 3443 270 47 -Foreign
1545 3443 145 41 22413;
1750 3445 186 40 Walter
1963 3446 59 39 de
2049 3445 211 40 Gruyter
2289 3446 38 40 &
2353 3456 66 30 co.

479 3502 283 50 (33-37186)

401 3623 187 67 Kaye,
618 3622 201 57 Louis.

472 3700 1946 71 The end of the trail, by Louis Kaye … London, Wright
400 3785 46 50 &
474 3782 215 51 Brown
723 3783 175 65 [1933]

469 3867 88 42 284
593 3879 44 38 p.
728 3867 29 41 19½
788 3869 45 22 cm
836 3899 10 10 .

401 3936 2000 108 © 1c. Nov. 25, 1933; A ad int. 18389; pubd. Sept. 29; Noel Norman, Hobart, Tasmania, Australia. (33-36949)
