2582 4453
1352 4104 137 50 1604

421 410 371 67 Chitambar,
821 410 317 56 Jashwant
1167 410 143 56 Rao.

488 491 301 52 Mahatma
816 490 263 56 Gandhi:
1110 489 88 54 his
1223 488 123 69 life,
1373 490 174 68 work,
1574 491 110 52 and
1712 490 295 69 influence,
2032 491 73 68 by
2132 493 302 54 Jashwant

419 568 1991 149 Rao Chitambar … foreword by John R. Mott … Philadelphia,
609 647 255 70 Chicago
903 653 138 63 [etc.]
1078 650 122 51 The
1231 648 158 55 John
1422 648 62 55 C.
1518 647 269 56 Winston
1818 666 283 50 company
2138 682 13 34 [
2155 654 19 22 c
2179 652 153 64 1933]

494 722 116 48 xvii,
641 721 87 41 266
757 732 42 38 p.
861 721 165 47 front.,
1057 721 129 42 illus.
1215 720 268 48 (facsims.)
1591 752 10 17 pl.,
1632 725 149 44 ports.
1843 721 56 40 20½
1932 724 44 21 cm
1981 753 9 9 .

495 781 102 39 The
630 782 180 38 author
842 780 91 39 has
965 780 140 39 made
1139 780 82 39 the
1255 779 228 40 material
1516 779 52 39 of
1600 780 76 39 his
1711 783 162 36 recent
1909 779 257 40 addresses
2200 779 49 39 in
2283 780 154 40 North

423 837 222 41 America
679 839 115 38 here
825 837 258 41 available.

493 894 381 49 Bibliography:
906 905 44 38 p.
979 894 219 41 261-262.

423 949 52 52 ©
500 954 119 40 Nov.
644 953 39 48 9,
709 953 114 41 1933;
877 954 68 39 2c.
972 953 96 40 and
1094 952 82 41 aff.
1203 954 118 39 Nov.
1349 954 81 45 11;
1459 953 40 38 A
1525 952 171 47 67073;
1726 952 131 41 John
1922 983 8 8 C.
1957 952 227 41 Winston
2208 963 68 30 co.

501 1011 283 48 (33-34116)

423 1111 249 67 Conger,
705 1112 230 66 George
965 1112 267 65 Perrigo,
1264 1115 134 50 1884-

492 1193 121 52 The
646 1191 266 54 horizons
946 1191 65 54 of
1042 1192 277 69 thought;
1356 1210 32 34 a
1420 1192 173 68 study
1625 1192 60 52 in
1718 1193 95 51 the
1846 1192 269 54 dualities
2148 1192 65 53 of
421 1192 1992 149 thinking,
569 1271 76 69 by
678 1272 223 68 George
932 1271 243 69 Perrigo

421 1271 1990 149 Conger … Princeton, Princeton university press, 1933.
495 1423 874 50 x p., 1 l., 367 p. diagrs. 23½ cm .
498 1480 1854 50 “A companion … to the author’s World of epitomization.”—Pref.
424 1536 52 52 ©
514 1541 102 41 Oct.
653 1541 70 47 30,
761 1540 141 47 1933;
939 1541 68 40 2c.
1045 1541 117 40 Nov.
1201 1540 55 40 15;
1324 1539 83 42 aff.
1444 1540 118 39 Nov.
1602 1540 82 47 14;
1724 1540 42 38 A
1802 1539 171 47 67151;
2014 1539 262 40 Princeton
2313 1537 130 43 univ.

492 1609 149 37 press.
714 1598 284 48 (33-34453)

424 1703 408 54 Connecticut.
907 1703 280 67 Supreme
1219 1709 161 47 court
1410 1703 65 63 of
1501 1721 202 36 errors.

499 1779 1935 71 Cases argued and determined … December, 1932-May,
424 1862 151 49 1933.
653 1877 50 35 v.
767 1863 117 48 116.
960 1860 91 66 By
1111 1859 257 53 Richard
1429 1862 77 51 H.
1567 1859 271 70 Phillips.
1913 1859 315 67 Hartford,
423 1859 1991 132 Published
653 1938 95 54 for

790 1939 98 53 the
925 1943 147 49 state
1115 1939 64 53 of
1223 1938 394 69 Connecticut,
1657 1939 76 69 by
1776 1941 67 51 E.
1889 1940 67 51 E.
1998 1938 213 54 Dissell
2253 1942 46 50 &
2341 1957 97 50 co.,

425 2020 152 50 1933.

557 2124 8 16 xv,
598 2092 88 41 866
714 2104 43 37 p,
818 2094 146 39 23½cm.

423 2146 52 52 ©
512 2150 101 41 Oct.
648 2150 69 47 10,
751 2150 142 47 1933;
929 2150 67 40 2c.
1032 2151 112 39 Dec.
1177 2152 53 44 1;
1267 2150 83 41 aff.
1384 2150 119 41 Nov.
1537 2150 83 47 29;
1657 2151 40 38 A
1732 2150 171 47 68357;
1942 2149 129 41 John
2105 2150 54 40 A.
2194 2150 247 47 Danaher,

495 2211 249 45 secretary
772 2208 51 40 of
850 2208 85 40 the
960 2211 129 37 state
1117 2208 52 39 of
1197 2207 332 48 Connecticut,
1558 2208 260 41 Hartford.

422 2294 306 68 Costigan,
761 2297 229 66 George
1020 2296 249 67 Purcell,
491 2297 948 134 1870-Cases
699 2378 112 52 and
851 2377 162 53 other
1049 2376 339 54 authorities
1423 2394 72 35 on
1532 2378 94 51 the
1663 2378 151 67 legal
1850 2376 324 69 profession
2211 2378 113 52 and
2361 2377 74 53 its

418 2455 1988 148 ethics, by George P. Costigan, jr. … being the 2d ed. of Costigan’s Cases
815 2533 1618 70 on legal ethics … St. Paul, West publishing co.,
423 2617 151 50 1933.

496 2686 131 50 xxiv,
658 2687 84 41 768
771 2698 42 37 p.
875 2687 55 40 26
934 2690 44 21 cm
983 2720 8 8 .
1063 2687 282 48 (American
1375 2688 237 39 casebook
1640 2687 178 47 series;
1848 2688 72 39 W.
1951 2687 56 40 K.
2035 2687 177 47 Vance,
2241 2687 195 46 general

422 2743 183 48 editor)

496 2803 177 40 “Table
702 2803 51 39 of
778 2803 139 40 other
944 2804 323 39 authorities”:
1328 2814 40 37 p.
1399 2803 256 40 xiii-xviii.

422 2857 57 52 ©
507 2862 127 47 Sept.
666 2861 68 42 19.
766 2862 141 47 1933;
939 2862 67 41 2c.
1037 2862 117 40 Nov.
1186 2862 54 40 16:
1301 2861 82 42 aff.
1412 2862 119 39 Nov.
1561 2861 82 47 18;
1676 2862 40 39 A
1748 2861 144 41 68180;
1953 2862 135 39 West
2119 2860 107 49 pub.
2257 2871 69 29 co.

500 2918 282 49 (33-34477)

419 3006 207 68 Czech,
658 3007 181 56 Erich
869 3010 246 65 Walter,
1148 3013 171 51 1890-

487 3087 189 54 Unser
709 3089 231 68 führer;
975 3089 91 55 ein
1097 3091 295 53 deutsches
1422 3089 390 70 jungen-und
1842 3088 447 66 madchenbuch,
2321 3105 111 35 von

416 3165 178 55 Erich
628 3168 518 69 Czech-Jochberg.
1223 3169 114 53 Mit
1373 3174 65 49 14
1469 3169 406 68 abbildungen.
1953 3166 295 67 Stuttgart
2288 3171 138 62 [etc.]

419 3245 1351 72 Union deutsche verlagsgesellschaft [ c 1933]
490 3318 69 49 94,
591 3321 54 48 [1]
676 3330 41 37 p.
779 3319 163 44 front.,
970 3323 172 47 plates,
1173 3325 149 45 ports.
1383 3321 54 39 21
1442 3323 44 21 cm
1492 3355 7 6 .

491 3377 192 41 “Dritte
715 3378 234 48 auflage.”

418 3430 1883 56 © July 14, 1933; 1c. Sept. 26; A-Foreign 22288; Union deutsche
485 3442 1934 97 verlagsgesellschaff.
997 3495 283 49 (33-34439)

414 3581 206 65 Dame,
650 3583 236 54 Arthur
915 3585 179 64 Kent,
1127 3587 173 51 1860-

484 3659 260 57 Practice
786 3663 113 53 and
942 3665 311 66 procedure
1297 3665 60 52 in
1397 3664 137 54 civil
1577 3665 113 53 and
1733 3661 264 55 criminal
2039 3679 152 35 cases
2234 3659 58 52 in
2333 3659 97 51 the

414 3735 243 58 inferior
710 3747 190 48 courts
952 3741 64 55 of
1067 3742 323 69 Nebraska;
1446 3743 304 67 including
1801 3737 460 58 administrative
2314 3737 111 53 and

411 3816 342 56 ministerial
791 3821 186 54 duties
1012 3821 64 54 of
1111 3822 232 69 justices
1380 3824 65 52 of
1481 3824 96 52 the
1614 3838 170 52 peace
1817 3821 113 52 and
1964 3823 211 61 county
2211 3816 220 68 judges,

406 3897 351 54 extradition
815 3901 389 69 proceedings,
1257 3920 219 50 powers
1531 3900 66 54 of
1649 3898 245 57 sheriffs,
1945 3896 316 54 constables
2313 3895 107 52 and

410 3973 180 69 police
629 3977 237 69 officers;
908 3980 119 53 also
1065 3981 94 53 the
1198 3981 298 54 Nebraska
1533 3980 113 56 law
1685 3978 64 56 of
1786 3979 250 52 eminent
2075 3973 249 60 domain,
2363 3971 63 54 of
