2484 4405
1068 4125 137 56 1437

140 479 463 65 Encyclopaedia
646 480 64 54 of
752 483 96 50 the
888 480 174 54 social
1106 479 256 68 sciences,
1404 479 472 70 editor-in-chief,
1921 481 209 52 Edwin

206 562 68 53 R.
319 562 70 51 A.
439 560 320 68 Seligman;
809 559 270 53 associate
1125 557 202 68 editor,
1371 558 180 53 Alvin
1596 560 275 55 Johnson,
1947 578 52 33 v.
2048 562 80 50 11.

204 634 591 72 Morbidity-Parties,
846 636 279 69 political.
1199 636 137 54 New
1389 635 181 68 York,
1622 638 122 51 The
1795 636 334 52 Macmillan

204 732 296 51 company,
528 718 151 50 1933.

202 789 98 48 xxi,
334 789 87 40 &39
450 800 41 37 p.
553 790 26 39 28
611 791 45 21 cm
660 821 8 9 .

139 839 1697 59 © Oct. 31, 1933; 2c. and aff. Nov. 1; A 66852; Macmillan co.
138 930 423 66 Encyclopedic
585 934 185 69 digest
793 933 66 53 of
884 933 240 53 Florida
1150 936 239 66 reports,
1415 932 170 70 being
1611 952 32 34 a
1668 934 275 68 complete
206 947 1901 137 encyclopedia
498 1013 112 52 and

643 1013 186 68 digest
861 1011 64 52 of
958 1014 77 50 all
1066 1012 98 51 the
1195 1010 240 55 Florida
1466 1030 124 34 case
1621 1012 110 52 law
1766 1012 111 52 and
1910 1011 217 54 federal

207 1089 276 56 decisions
524 1089 248 70 relating
812 1096 57 47 to
909 1091 96 51 the
1043 1091 138 50 laws
1220 1088 64 54 of
1322 1090 97 52 the
1458 1094 163 62 state,
1658 1089 181 54 under
1879 1090 96 53 the

204 1085 1902 141 editorial
398 1168 358 69 supervision
778 1168 63 53 of
863 1170 71 50 A.
958 1170 252 51 Hewson
1231 1166 215 55 Michie
1467 1168 115 52 and
1606 1166 210 55 Beirne
1839 1168 293 56 Stedman.

204 1247 241 53 Volume
504 1266 49 33 v.
653 1246 531 67 [Dower-Exempt]
1284 1245 479 70 Charlottesville,
1825 1248 125 66 Va.,
2010 1247 122 53 The

207 1324 212 54 Michie
475 1342 307 51 company;
840 1324 261 67 Atlanta,
1159 1322 122 69 Ga.,
1336 1326 122 50 The
1512 1323 286 55 Harrison
1852 1342 240 51 company

212 1436 12 35 [
229 1408 17 23 c
252 1406 151 65 1933]

205 1478 28 40 3
262 1489 42 38 p.
356 1508 22 17 l.,
409 1479 87 39 437
525 1487 42 38 p.
627 1477 57 40 24
686 1479 44 21 cm
735 1507 7 9 .

139 1529 51 53 ©
221 1534 102 42 Oct.
350 1535 40 47 2,
419 1533 140 47 1933;
590 1534 66 39 2c.
688 1532 101 42 Oct.
817 1534 54 46 4;
902 1532 82 42 aff.
1015 1533 102 40 Oct.
1147 1531 57 41 16;
1260 1532 42 40 A
1331 1532 170 47 65741;
1534 1532 180 40 Michie
1741 1543 67 31 co.

1840 1534 96 39 and
204 1528 1914 107 Harrison
317 1602 68 30 co.

138 1680 218 65 Fallon,
391 1680 232 55 Valère.

205 1750 1925 76 Principles of social economy, by Valère Fallon … translated
138 1827 1994 79 by Rev. John L. McNulty … revised and adapted for the
137 1904 1991 76 United States by Bert C. Goss … New York, Cincinnati [etc.]
136 1988 278 69 Benziger
444 1988 273 67 brothers,
751 1990 150 52 1933.

205 2057 117 50 xxii,
360 2059 86 41 576
480 2071 43 37 p.
587 2059 145 43 19½cm.

205 2116 348 49 Bibliography
581 2119 52 38 at
660 2117 91 40 end
780 2117 52 39 of
858 2119 126 39 most
1010 2117 52 39 of
1090 2118 81 39 the
1197 2117 241 48 chapters.

138 2173 53 52 ©
223 2176 127 50 Sept.
379 2177 70 46 18,
478 2177 114 40 1933;
650 2176 69 41 2c.
750 2177 102 40 Oct.
881 2176 30 40 9;
966 2176 83 40 aff.
1080 2177 105 40 Oct.
1215 2177 26 39 7;
1299 2178 43 39 A
1370 2177 150 40 65509;
1575 2177 237 51 Benziger
1839 2181 128 39 bros.

213 2233 280 50 (33-29954)

135 2309 163 64 Fast,
326 2309 256 53 Howard
611 2308 238 54 Melvin.

203 2385 136 53 Two
386 2385 231 67 valleys,
663 2383 74 70 by
782 2384 259 53 Howard
1087 2383 220 56 Melvin
1353 2386 156 52 Fast.
1584 2386 139 54 New
1770 2388 179 68 York,
1994 2388 138 54 Dial

134 2481 172 51 press,
331 2460 109 54 inc.;
498 2463 270 68 Toronto,
795 2461 68 55 G.
890 2461 54 55 J.
973 2461 270 70 McLeod,
1270 2463 121 68 ltd.,
1419 2467 149 51 1933.

204 2534 525 51 4 p. l ., 293 p. 20 cm .
139 2588 52 54 ©
225 2594 125 50 Sept.
381 2595 68 47 15,
480 2593 112 41 1933;
651 2593 68 41 2c.
753 2593 127 49 Sept.
909 2593 57 40 22;
1026 2593 82 42 aff.
1141 2594 100 41 Oct.
1275 2595 57 41 14;
1388 2595 44 40 A
1460 2595 146 42 66619;
1664 2597 59 40 H.
1758 2598 62 42 M.
1853 2598 133 49 Fast,
2017 2600 119 41 New

207 2651 143 41 York.
424 2650 280 51 (33-29998)

134 2725 303 54 Fickeisen
468 2725 52 53 &
548 2725 386 64 Richardson,
963 2729 112 50 Los
1103 2727 266 68 Angeles.

209 2803 303 57 Securities
541 2809 89 46 act
657 2803 63 52 of
752 2808 131 50 1933
915 2806 113 51 and
1057 2804 383 69 Corporation
1467 2806 65 54 of
1561 2807 227 70 foreign
139 2805 1967 134 bondholders
254 2887 105 62 act,

392 2886 132 49 1933;
587 2900 73 35 an
689 2881 248 69 analysis
969 2881 352 72 comprising
1348 2904 30 33 a
1410 2884 167 54 series
1610 2885 63 53 of
1702 2886 284 69 questions
2018 2890 113 52 and

138 2958 1994 78 answers, by Fickeisen & Richardson … and Kenneth Kennedy
199 3037 1565 74 … Los Angeles, Parker, Stone & Baird co., 1933.
211 3110 25 41 5
263 3122 42 37 p.
333 3113 44 46 l.,
404 3110 54 41 95
487 3122 42 37 p.
590 3112 146 40 25½cm.

210 3166 72 43 On
307 3179 140 30 cover:
501 3168 231 48 Analysis
756 3169 52 41 of
835 3168 263 42 Securities
1122 3171 81 40 act
1227 3169 52 42 of
1303 3170 130 42 1933.

140 3220 52 52 ©
217 3226 116 49 July
354 3227 70 40 26.
449 3226 112 40 1933;
615 3227 67 40 2c.
709 3226 128 49 Sept.
862 3228 28 39 6;
941 3228 82 40 aff.
1049 3229 116 48 July
1188 3229 56 41 31;
1297 3229 87 40 AA
1407 3231 173 40 128181;
1635 3231 226 42 Kenneth
1886 3234 248 50 Kennedy,

205 3281 93 42 Los
329 3283 217 47 Angeles.
619 3282 278 51 (33-24753)

135 3354 249 67 Franke,
418 3356 284 67 Walther,
740 3361 170 50 1890-

206 3431 319 54 Besondere
555 3434 378 54 kennzeichen:
993 3436 162 53 keine;
1220 3456 197 36 roman
1447 3458 111 35 von
1587 3440 264 55 Walther
138 3439 1991 126 Franke-Ruta.

369 3510 217 68 Berlin,
613 3512 249 54 Ullstein
893 3547 12 33 [
911 3520 17 21 c
934 3517 151 64 1933]

209 3582 1917 63 250, [1] p., 1 l. 16½ cm . (Half-title: Die gelben Ullstein-biicher. [168])
143 3633 1740 64 © Mar. 30, 1933; 1c. May 11; A-Foreign 20916: Ullstein a.-g.
218 3694 280 50 (33-29689)

142 3768 390 68 Fréminville,
561 3773 158 53 Yves
746 3774 187 53 Marie
959 3776 146 53 Paul
1134 3777 68 53 de
1230 3778 56 52 la
1312 3778 144 53 Poix
1485 3779 88 54 de.

272 3845 1859 72 … Dressage et monte à l’obstacle du cheval de concours. 45
145 3920 371 58 illustrations
552 3924 75 52 du
661 3923 282 71 capitaine
976 3928 341 70 d’Halewyn
1349 3938 53 46 et
1435 3934 33 48 4
1501 3933 267 67 planches
1800 3935 134 54 hors
1965 3942 165 49 texte.

145 3996 235 56 Préface
419 4002 75 53 du
533 4002 228 68 général
801 4004 236 53 Bucant.
1116 4005 182 69 Paris,
1339 4007 530 70 Berger-Levrault,
1913 4016 148 50 1932.
