2597 4403
1346 4066 104 51 226

436 456 298 67 chancery,
785 455 292 68 Orphans’
1127 460 180 61 court,
1357 454 113 53 and
1522 453 275 68 Supreme
1848 453 113 53 and
2010 453 377 70 Prerogative

437 540 191 47 courts
656 534 63 54 of
751 535 139 53 New
921 535 231 67 Jersey;
1190 533 278 68 Supreme
1499 539 178 62 court,
1710 533 184 55 Court
1922 532 62 53 in
2012 532 163 69 banc,
2208 532 181 55 Court

437 614 65 53 of
538 614 298 69 chancery,
873 612 279 70 Superior
1186 618 180 63 court,
1404 613 184 55 Court
1620 613 63 53 of
1718 614 232 69 general
1986 612 258 70 sessions,
438 613 1927 149 Orphans’

676 698 163 47 court
876 692 113 54 and
1027 693 184 55 Court
1243 692 63 53 of
1343 712 136 49 oyer
1515 693 112 53 and
1663 692 274 53 terminer
1972 693 63 52 of
2070 694 320 67 Delaware,

440 772 113 53 and
589 772 185 55 Court
802 772 64 53 of
899 773 238 68 appeals
1169 772 62 53 of
1265 772 333 69 Maryland,
1627 772 143 54 with
1801 772 110 70 key
1943 773 241 54 number
436 792 1929 113 annotations.

744 870 51 35 v.
834 854 118 50 162.
1029 851 616 70 October-December,
1682 855 152 51 1932.
1912 852 82 56 St.
2031 855 167 67 Paul,
2229 855 162 55 West

438 930 340 70 publishing
806 949 99 51 co.,
937 934 152 52 1933.

444 1006 98 48 xvi,
574 1004 114 43 1003
719 1016 44 38 p.
822 1005 60 41 26
882 1008 45 21 cm
930 1037 9 9 .

376 1074 52 53 ©
461 1079 111 40 Jan.
601 1078 71 48 24,
704 1076 115 42 1933
837 1088 9 36 ;
879 1078 68 40 2c.
981 1077 110 40 Feb.
1124 1078 84 48 13;
1243 1076 83 43 aff.
1359 1077 112 41 Feb.
1503 1078 83 48 15;
1621 1079 42 40 A
1694 1079 172 49 59522;
1900 1081 137 40 West
2068 1080 112 49 pub.
2213 1090 68 33 co.

371 1182 269 66 Aveline,
670 1182 240 57 Claude.

508 1256 1889 71 … La double mort de Frédéric Belot, roman. Paris, B.
371 1339 240 57 Grasset
639 1342 176 67 [1932]

442 1411 1329 54 2 p. l., [Vii]-xv, 256 p., 3 l. illus. (plans) 19 cm .
377 1468 52 53 ©
458 1472 118 48 July
603 1472 69 47 16,
701 1471 142 48 1932;
933 1504 8 8 1c.
969 1472 119 40 Nov.
1115 1471 54 47 9;
1200 1469 313 49 A-Foreign
1541 1470 171 47 18493;
1744 1468 227 41 Editions
2000 1469 224 40 Bernard
447 1468 1933 102 Grasset.
607 1529 253 48 (33-5866)

375 1634 172 64 Barr,
576 1632 214 55 Alfred
818 1632 328 55 Hamilton.

445 1712 58 54 A
545 1709 155 55 brief
745 1729 207 51 survey
997 1711 64 54 of
1104 1712 239 52 modern
1388 1709 297 70 painting;
1733 1715 160 48 notes
1937 1709 77 69 by
2058 1708 214 54 Alfred
2317 1709 77 53 H.

376 1791 171 69 Barr,
580 1791 90 69 jr.,
706 1789 249 55 director
990 1791 65 53 of
1090 1792 97 52 the
1222 1792 264 52 Museum
1522 1789 64 54 of
1620 1790 237 54 modern
1893 1795 108 62 art,
2036 1808 73 33 on
2145 1790 96 52 the
375 1807 1997 116 museum’s

606 1869 345 69 circulating
978 1867 321 56 exhibition
1327 1870 65 53 of
1420 1869 155 54 color
1603 1868 436 69 reproductions
2068 1867 65 54 of
2159 1869 236 53 modern

376 1947 315 70 paintings.
768 1949 141 53 New
941 1949 181 67 York,
1154 1950 123 52 The
1307 1949 265 53 Museum
1604 1948 65 54 of
1699 1948 237 53 modern
1969 1953 90 47 art
2099 1981 13 34 [
2116 1953 19 21 c
2140 1950 153 65 1932]

448 2022 287 49 cover-title,
783 2022 71 51 [14]
886 2033 43 38 p.
992 2021 148 43 25½cm.

381 2091 52 53 ©
471 2095 119 41 Nov.
627 2095 70 49 21,
736 2094 142 48 1932;
917 2095 69 41 2c.
1022 2096 97 39 and
1157 2094 82 41 aff.
1277 2095 121 42 Nov.
1435 2094 83 48 23;
1558 2094 42 40 A
1637 2093 171 49 57208;
1850 2095 224 39 Museum
2112 2093 52 41 of
2201 2093 200 40 modern

450 2154 94 46 art,
572 2153 119 40 New
717 2153 147 41 York.
938 2152 255 50 (33-5459)

377 2257 209 65 Basso,
615 2254 328 66 Hamilton,
976 2262 174 50 1904-

450 2333 390 71 Beauregard,
887 2333 97 56 the
1029 2340 165 63 great
1243 2333 216 70 Creole,
1508 2333 75 70 by
1630 2332 304 54 Hamilton
1982 2333 195 53 Basso.
2262 2332 138 55 New

382 2411 181 70 York,
593 2411 260 69 London,
890 2412 63 56 C.
990 2412 315 55 Scribner’s
1338 2430 146 50 sons,
1520 2414 150 54 1933.

448 2483 99 50 xiv,
577 2483 87 43 333
698 2495 43 39 p.
802 2485 166 47 front.,
1002 2485 145 48 illus.,
1181 2487 172 47 plates,
1388 2488 150 47 ports.
1598 2485 56 41 23
1657 2488 43 21 cm
1706 2518 8 8 .

449 2541 382 50 Bibliography:
867 2553 44 39 p.
947 2542 221 42 315-317.

386 2599 2018 52 © Feb. 24, 1933; 2c. Mar. 7; aff. Mar. 6; A 60500; Charles Scribner’s
453 2670 127 30 sons.
652 2659 254 49 (33-5468)

378 2762 196 67 Binet,
605 2764 161 54 Léon
797 2766 181 65 Rene,
1012 2770 174 50 1891-

450 2841 1950 72 La vie de la mante religieuse, par Léon Binet … Paris,
380 2921 182 70 Vigot
589 2922 199 69 freres,
819 2925 153 52 1931.

454 2998 27 40 3
508 3008 43 37 p.
615 3028 8 17 l.,
655 2996 161 51 [9]-92,
847 2997 56 50 [2]
932 3009 44 38 p.
1032 2997 130 43 illus.
1217 2997 59 41 24
1277 2999 46 22 cm
1327 3030 9 9 .

459 3053 423 50 “Bibliographie”
902 3066 9 29 :
943 3066 42 38 p.
1034 3054 177 51 [87]-92.

388 3106 52 53 ©
472 3111 104 42 Oct.
605 3113 39 45 7,
675 3111 143 49 1931;
910 3145 8 8 1c.
948 3113 110 40 Jan.
1090 3113 69 48 18,
1191 3113 142 48 1932;
1366 3113 314 49 A-Foreign
1709 3114 172 47 15318;
1916 3111 146 50 Vigot
2088 3113 172 40 freres.

468 3168 283 49 (32-32530)

385 3270 467 69 Binet-Valmer,
886 3274 284 67 Gustave,
1203 3276 173 55 1875-

383 3351 1998 149 … Une epouse et son destin, roman. [Paris] E. Flammarion [1932]
455 3503 507 50 283 p., 1 l. 18½cm.
457 3560 66 42 At
548 3561 127 40 head
702 3561 53 41 of
781 3561 137 41 title:
948 3560 381 47 Binet-Valmer.

391 3612 52 52 ©
480 3618 111 40 Jan.
626 3616 69 49 19,
732 3617 141 47 1933;
971 3651 8 8 1c.
1016 3619 110 39 Jan.
1163 3620 81 46 27;
1284 3620 314 48 A-Foreign
1633 3619 171 48 19468;
1844 3622 178 38 Ernest
2060 3618 347 42 Flammarion.

471 3671 253 50 (33-5868)

388 3776 176 66 Bliss,
592 3779 140 54 Mrs.
763 3779 249 55 Loretta
1042 3782 135 52 Ann
1217 3780 322 66 (Deering)
1580 3787 171 50 1895-

389 3855 1994 132 Meditations, by Loretta Ann Deering Bliss … with a foreword
575 3934 1832 72 by the Right Reverend Thomas Frank Gailor … and an
