2582 4453
1363 4089 136 50 1662

415 411 172 66 Rose,
618 410 245 67 Dwight
895 412 300 65 Chappell.

416 489 2016 148 The practical application of investment management, volume n. By Dwight C. Rose … New York and London,
415 646 233 69 Harper
683 650 46 50 &
760 648 261 53 brothers
1063 651 195 64 [c1933]

486 720 1159 51 ix p., 1 l., 286 p. incl. tables, diagrs. 22cm.
487 790 57 40 In
580 790 116 41 1928
733 793 139 40 there
908 793 245 47 appeared
1191 793 83 40 the
1311 794 221 39 author's
1570 793 122 40 book
1731 792 203 41 entitled
1974 792 65 38 “A
2080 792 236 41 scientific

415 802 2000 94 approach
627 852 49 37 to
706 848 297 42 investment
1034 849 385 48 management”.
1481 850 101 41 The
1615 851 168 40 writer
1814 861 109 30 now
1957 849 147 42 offers
2138 850 129 41 “The
416 861 2000 86 practical
565 907 303 49 application
903 908 50 40 of
986 907 294 41 investment
1314 908 386 49 management”,
1736 908 142 49 being
1910 919 42 29 v.
1987 907 25 39 2
2047 908 51 41 of
2132 910 83 40 the
415 909 1999 96 Investment
583 968 341 45 management
959 964 164 48 series,
1157 974 55 31 as
1248 975 29 30 a
1313 976 105 30 new
1454 966 96 39 and
1585 967 398 48 supplementary
2017 966 218 47 volume;
417 966 1998 106 allowing
526 1023 82 41 the
636 1023 229 48 previous
894 1024 136 39 work
1059 1027 49 36 to
1138 1024 187 40 remain
1355 1034 54 29 as
1438 1034 42 29 v.
1511 1024 25 39 1
1568 1023 50 41 of
1648 1025 82 39 the
1761 1024 303 41 Investment
2092 1028 340 46 management

414 1081 165 42 series,
641 1082 61 47 cf.
735 1082 275 40 Foreword.

417 1151 52 52 ©
495 1156 117 39 Nov.
638 1155 70 43 20,
733 1154 114 41 1933:
903 1154 67 41 2c.
997 1155 94 38 and
1117 1152 82 41 aff.
1226 1153 118 39 Nov.
1370 1153 59 39 23;
1481 1153 41 38 A
1547 1152 144 41 67221;
1748 1155 57 40 D.
1832 1154 48 40 G.
1909 1154 139 48 Rose,
2076 1154 359 45 Mainaroneck,

486 1213 57 42 N.
570 1213 53 40 Y.
696 1210 282 50 (33-35471)

415 1335 172 63 Rose,
617 1332 265 57 Pauline.

487 1412 122 53 The
649 1411 311 53 American
1001 1410 203 69 people
1246 1411 112 53 and
1401 1411 303 68 language,
1748 1409 93 54 for
1883 1409 400 55 intermediate
2324 1410 113 53 and

417 1489 2020 69 advanced foreign-born adults, by Pauline Rose … and Henry
417 1566 1995 150 Raymond Brush … Chicago, New York, Lyons & Carnahan [c1933]
487 1722 64 49 ix,
585 1720 86 42 299
705 1732 42 38 p.
810 1720 129 42 illus.
1001 1720 146 42 19½cm.

420 1789 52 52 ©
500 1794 114 47 Apr.
642 1793 69 45 22,
739 1791 114 41 1933;
910 1792 67 40 2c.
1006 1793 118 38 Nov.
1153 1791 81 47 16;
1266 1791 81 40 aff.
1377 1792 118 40 Nov.
1524 1792 53 38 11;
1637 1792 41 38 A
1705 1791 145 40 68117:
1909 1791 160 47 Lyons
2096 1791 37 40 &
2161 1790 276 41 Carnahan.

498 1848 282 51 (33-34961)

416 1967 370 66 Rosenbach,
816 1967 309 54 Abraham
1155 1969 57 54 S.
1238 1967 177 66 Wolf,
1446 1967 174 54 1876-

489 2045 183 72 Early
707 2045 310 54 American
1053 2045 307 55 children’s
1397 2044 194 72 books,
1628 2045 76 70 by
1742 2044 71 54 A.
1857 2044 57 56 S.
1951 2045 90 55 W.
2083 2043 354 69 Rosenbach,

418 2125 141 53 with
593 2125 486 69 bibliographical
1118 2125 380 69 descriptions
1535 2124 65 53 of
1636 2125 100 53 the
1771 2124 175 54 books
1985 2125 59 52 in
2082 2124 90 55 his
2211 2124 226 68 private

416 2204 328 68 collection;
785 2204 289 53 foreword
1111 2204 77 69 by
1224 2203 71 53 A.
1337 2204 256 53 Edward
1630 2203 261 54 Newton.
1966 2203 303 68 Portland,
2306 2202 130 68 Me.,

418 2283 120 53 The
571 2283 375 56 Southworth
973 2301 176 50 press,
1181 2285 152 50 1933.

490 2354 1745 54 lix, 354 p., 2 l. illus., plates (23 col.) facsims. (1 col.) 27cm.
493 2428 146 43 “Five
685 2430 222 39 hundred
956 2430 94 38 and
1099 2427 280 49 eighty-five
1425 2427 160 49 copies
1632 2438 60 30 on
1741 2427 206 48 Worthy
1994 2426 237 41 Aurelian
2274 2436 164 39 paper,

418 2486 264 41 numbered
709 2486 129 39 from
869 2486 23 38 1
922 2488 50 38 to
1001 2485 86 41 585
1116 2488 95 38 and
1243 2485 322 48 eighty-eight
1592 2485 161 48 copies
1782 2496 61 29 on
1874 2484 193 41 Zerkall
2097 2483 147 43 Halle
2272 2494 163 38 paper,

418 2540 2018 51 numbered from i to LXXXVIII. This is … copyright copy. [Signed]
419 2600 54 41 A.
506 2598 43 45 S.
580 2600 70 42 W.
678 2598 330 42 Rosenbach.”

490 2659 118 39 This
641 2670 133 37 copy,
808 2659 159 39 bound
1002 2658 51 39 in
1085 2659 94 39 full
1213 2658 82 48 pig
1326 2658 123 45 skin,
1484 2658 44 40 is
1561 2669 89 30 one
1682 2658 53 40 of
1768 2660 82 38 the
1885 2658 194 40 Zerkall
2113 2658 145 40 Halle
2291 2668 150 39 paper

421 2712 198 42 edition,
654 2714 120 40 with
806 2713 162 41 which
1000 2724 102 30 was
1135 2714 298 40 distributed
1466 2725 28 28 a
1528 2723 119 38 copy
1680 2713 53 41 of
1766 2713 115 41 ‘The
1915 2712 301 49 tragi-comic
2247 2712 192 49 history

420 2774 51 39 of
508 2775 82 39 the
627 2757 160 56 burial
825 2773 52 40 of
914 2774 127 39 (Took
1081 2772 200 41 Robin’.
1320 2772 358 49 Philadelphia,
1719 2774 53 38 B.
1811 2774 220 45 Warner,
2072 2772 127 41 1821.
2269 2772 171 40 Issued

417 2831 49 39 in
495 2831 96 48 slip
617 2842 125 29 case.

491 2884 255 50 Arranged
800 2884 426 50 chronologically,
1311 2884 249 50 1682-1836,
1615 2883 122 43 with
1793 2886 179 40 author
2027 2886 96 40 and
2178 2885 110 40 title
2342 2884 95 41 and

419 2942 215 50 printers
663 2945 95 39 and
786 2944 278 47 publishers
1093 2943 216 41 indexes.

491 2999 352 50 Bibliography:
898 3011 44 37 p.
969 3000 219 42 353-354.

423 3068 52 52 ©
511 3073 128 48 Sept.
673 3073 68 44 28,
774 3073 114 41 1933;
951 3073 66 40 2c.
1051 3073 119 40 Nov.
1203 3073 83 46 27;
1322 3072 81 40 aff.
1437 3073 119 40 Nov.
1591 3073 81 46 11;
1709 3073 40 39 A
1781 3071 171 43 67060;
1988 3073 54 41 A.
2080 3072 43 41 S.
2157 3073 72 40 W.
494 3072 1931 106 Rosenbach,
674 3131 357 48 Philadelphia.
1103 3130 283 48 (33-35027)

422 3250 227 63 Samat,
680 3250 149 53 Jean
860 3250 341 55 Toussaint.

556 3314 1882 81 … Le mort à la fenêtre; roman policier. Paris, Les Éditions
424 3404 66 55 de
522 3406 235 65 France,
785 3407 176 55 c1933.

492 3477 1513 49 3 p. l., 258 p. 18 ½ cm. (On cover: A ne pas lire la nuit)
425 3548 52 53 ©
506 3553 117 47 July
650 3553 67 41 10.
746 3552 141 43 1933;
976 3584 6 7 1c.
1014 3520 106 73 Oct.
1144 3553 82 41 14:
1257 3553 102 39 A-
1361 3553 208 46 Foreign
1598 3553 171 42 22362;
1801 3554 42 39 J.
1873 3554 52 38 T.
1958 3553 182 42 Samat,
2173 3553 269 46 Martigues

504 3610 549 47 (Bouches-du-Rhône)
1095 3611 201 39 France.
1369 3610 281 47 (33-36242)

424 3722 344 72 Schauffler,
800 3728 224 56 Robert
1055 3729 229 65 Haven,
1320 3729 171 56 1879-

493 3804 121 54 The
644 3805 290 54 unknown
966 3807 266 69 Brahms,
1265 3806 89 55 his
1387 3806 122 68 life,
1542 3808 294 53 character
1870 3808 112 53 and
2019 3807 215 67 works;
2267 3805 172 54 based

422 3882 2018 72 on new material, by Robert Haven Schauffler … New York,
423 3960 190 71 Dodd,
641 3962 171 55 Mead
843 3964 112 53 and
987 3982 300 52 company,
1322 3966 149 50 1933.
