2484 4405
1083 4091 99 48 599

94 458 420 65 Wellenkamp,
543 457 219 54 Bruno.

96 521 1977 160 Sehnsucht mit erfolg; roman von Bruno Wellenkamp. Berlin, Ullstein [ c 1932]
170 700 26 39 1
221 709 43 39 p.
323 729 9 16 l.,
358 696 157 49 5-285,
549 699 54 48 [1]
630 706 44 38 p.
733 694 57 42 20
792 697 46 22 cm
842 727 9 9 .

104 758 1745 61 © Oct. 27, 1932; 1c. Dec. 28; A — Foreign 19006; Ullstein a.-g.
179 825 279 52 (33-10938)

98 928 215 68 White,
342 930 270 52 Leonard
640 928 221 64 Dupee,
895 932 171 50 1891-

169 1007 257 68 Whitley
455 1005 247 54 councils
730 1004 59 55 in
819 1005 95 54 the
943 1002 223 54 British
1194 1001 136 55 civil
1358 998 211 56 service
1585 1017 12 48 ;
1629 1017 31 33 a
1689 996 171 70 study
1887 996 60 54 in
101 1014 1978 128 conciliation
396 1085 112 52 and
546 1082 360 68 arbitration,

942 1082 75 68 by
1054 1081 263 53 Leonard
1353 1080 71 52 D.
1461 1076 214 69 White,
1799 1119 10 9 PH.
1882 1119 10 10 D.
101 1073 1981 161 Chicago,
282 1163 114 61 Ill.,
422 1163 122 51 The
568 1158 339 72 University
930 1160 65 53 of
1022 1158 254 69 Chicago
1302 1176 158 50 press
1490 1189 14 33 [
1508 1162 17 22 c
1532 1158 134 50 1933
1671 1189 14 33 ]

173 1227 1930 59 xvii, 357 p. illus. 23 ½ cm . ( Half-title : Social science studies, directed
104 1297 62 48 by
196 1295 84 42 the
311 1293 159 43 Social
501 1291 186 43 science
720 1292 226 41 research
977 1288 275 44 committee
1284 1289 52 41 of
1366 1290 82 39 the
1481 1285 285 51 University
1797 1285 52 41 of
1882 1284 223 48 Chicago,

105 1364 74 30 no.
209 1351 123 50 xxv)

109 1420 52 53 ©
195 1424 108 42 Jan.
337 1424 69 47 24,
439 1423 140 47 1933;
615 1422 67 41 2c.
714 1422 113 48 May
859 1421 52 47 2;
947 1420 81 41 aff.
1061 1420 114 49 Apr.
1206 1418 82 50 29;
1322 1420 40 39 A
1393 1418 171 48 61557;
1601 1415 283 51 University
1915 1416 53 41 of
176 1415 1913 117 Chicago,
340 1482 223 47 Chicago.
638 1479 280 51 (33-11672)

105 1584 411 68 Whittemore,
542 1587 138 53 Mrs.
709 1585 259 54 Frances
995 1586 164 51 Dean
1198 1582 245 66 (Davis)
1480 1582 171 55 1857-

179 1660 222 72 George
430 1662 383 69 Washington
842 1663 59 51 in
932 1662 312 67 sculpture,
1272 1662 76 65 by
1376 1662 249 51 Frances
1653 1658 183 54 Davis
109 1657 1976 137 Whittemore.
354 1739 233 68 Boston,
622 1740 280 54 Marshall
938 1741 175 53 Jones
1148 1756 298 51 company,
1479 1741 152 49 1933.

185 1811 1322 53 xv, 203 p. XLVII pl. (incl. front.) on 16 l. 24 cm .
115 1881 52 52 ©
197 1884 113 49 Apr.
340 1885 68 47 25,
439 1885 139 46 1933;
610 1884 66 40 2c.
707 1883 113 49 Apr.
850 1884 82 46 26;
966 1883 81 39 aff.
1077 1883 115 48 Apr.
1222 1883 81 47 28;
1336 1883 40 38 A
1406 1882 170 46 62372;
1611 1883 50 39 F.
1691 1882 58 40 D.
1778 1881 334 47 Whittemore,

181 1941 208 50 Topeka,
421 1943 125 39 Kan.
616 1940 280 48 (33-11155)

113 2045 247 66 Wiliam,
391 2049 190 52 Franz
611 2046 233 65 Michel,
875 2052 171 49 1894-

183 2123 114 55 Des
338 2123 158 53 leben
535 2123 138 54 Jesu
714 2123 79 54 im
831 2123 172 53 lande
1040 2123 119 52 und
1200 2122 165 54 volke
1404 2123 199 68 Israel,
1644 2137 108 38 von
1799 2121 83 53 dr.
1925 2123 190 51 Franz

114 2201 213 55 Michel
356 2202 253 54 Willam.
676 2201 117 54 Mit
821 2205 66 48 33
921 2219 127 35 vom
1082 2199 285 56 Verfasser
1399 2200 174 53 selbst
1604 2200 105 52 auf
1712 2218 405 51 genommenen

116 2279 240 55 bildern.
419 2279 285 69 Freiburg
729 2279 78 53 im
833 2279 299 68 Breisgau,
1158 2278 226 54 Herder
1410 2281 45 50 &
1481 2297 98 50 co.,
1605 2297 52 50 g.
1683 2297 73 35 m.
1785 2278 51 53 b.
1863 2279 73 67 h.,
1965 2281 150 49 1933.

189 2352 896 53 xi, [1], 513, [1] p. plates. 20 ½ cm .
122 2417 1996 57 © Oct. 28, 1932; 1c. Feb. 23, 1933; A-Foreign 19936; Herder & co.,
190 2492 41 37 g.
260 2494 61 30 m.
349 2483 41 40 b.
419 2483 45 39 h.
535 2481 281 50 (33-10287)

116 2583 306 71 Williams,
456 2588 267 55 Gardner
752 2589 277 64 Stewart,
1064 2592 326 52 1866-1931.

189 2666 325 67 Hydraulic
547 2663 208 71 tables;
793 2668 97 51 the
923 2668 269 52 elements
1225 2664 66 56 of
1323 2665 245 69 gagings
1603 2666 115 53 and
1752 2666 97 51 the
1885 2664 237 54 friction

119 2743 66 53 of
208 2751 176 47 water
407 2743 232 70 flowing
662 2744 58 54 in
748 2745 179 68 pipes,
953 2744 324 68 aqueducts,
1301 2762 216 50 sewers,
1542 2748 119 64 etc.,
1687 2764 59 34 as
1772 2743 346 54 determined

121 2823 75 68 by
235 2824 94 52 the
369 2823 200 53 Hazen
612 2824 111 53 and
763 2823 288 54 Williams
1095 2822 251 54 formula
1389 2824 111 52 and
1540 2823 96 53 the
1677 2823 126 53 flow
1844 2823 65 52 of
1949 2828 176 48 water

123 2919 134 36 over
295 2902 382 67 sharp-edged
719 2902 112 54 and
873 2902 284 67 irregular
1197 2901 180 68 weirs,
1418 2902 111 52 and
1570 2902 97 53 the
1705 2899 268 72 quantity
124 2901 1977 149 discharged
408 2999 58 34 as
507 2979 349 57 determined
894 2981 76 68 by
1008 2980 229 54 Bazin’s
1275 2979 250 54 formula
1564 2981 113 52 and
1716 2980 410 70 experimental

126 3055 2001 155 investigations upon large models, by the late Gardner S. Williams … and the late Allen Hazen … 3d ed., rev. New
130 3215 177 70 York,
342 3218 55 53 J.
434 3217 192 68 Wiley
659 3219 46 50 &
738 3234 145 51 sons,
918 3215 136 68 inc.;
1093 3215 259 70 London,
1389 3215 301 69 Chapman
1725 3221 45 51 &
1807 3218 158 68 Hall,
129 3217 1973 147 limited,
294 3298 151 49 1933.

200 3369 27 40 2
258 3380 44 37 p.
370 3401 8 15 l.,
410 3367 148 48 iii-vi,
592 3368 84 39 115
708 3378 42 39 p.
810 3368 164 47 front.,
1008 3368 181 47 diagrs.
1218 3366 49 49 (1
1300 3368 144 48 fold.)
1512 3368 55 41 23½
1600 3371 15 22 cm
1649 3398 9 9 .
1774 3369 132 48 $2.00

135 3434 52 53 ©
220 3439 113 48 Apr.
365 3440 39 40 3.
438 3440 140 45 1933;
612 3442 67 37 2c.
711 3441 94 38 and
838 3439 81 39 aff.
951 3439 112 48 Apr.
1096 3440 53 45 6;
1185 3439 40 40 A
1256 3438 170 48 60914;
1460 3441 157 39 Jessie
1649 3442 53 39 B.
1734 3442 255 47 Williams,
2022 3442 109 39 Ann

203 3495 168 50 Arbor,
399 3498 93 38 and
519 3495 252 42 Elizabeth
799 3498 180 46 Hazen,
1004 3497 164 39 Dobbs
1196 3496 163 49 Ferry,
1387 3498 56 40 N.
1467 3498 55 40 Y.
1592 3497 250 51 (33-9106)

134 3597 301 69 Williams,
465 3600 154 53 John
651 3601 264 68 Francis,
948 3606 172 50 1894-

200 3675 260 57 William
490 3676 57 54 J.
575 3676 307 69 Williams,
913 3677 249 69 portrait
1194 3676 243 71 painter,
1468 3679 111 52 and
1611 3679 90 55 his
1731 3678 399 70 descendants;

136 3750 1995 81 family records, by John F. Williams, jr. … [Buffalo, Print,
135 3832 75 69 by
240 3833 61 54 C.
332 3832 63 55 C.
424 3835 206 66 Brock,
656 3841 20 22 c
681 3837 151 65 1933]

208 3908 27 39 4
264 3918 42 37 p.
371 3939 8 16 l.,
407 3906 129 50 3-55,
568 3908 52 49 [2]
651 3920 42 36 p.
752 3911 87 38 col.
867 3909 163 46 front.,
1059 3910 172 48 plates,
1261 3910 162 47 ports.,
1452 3908 229 50 facsims.,
1710 3909 169 42 forms.
1935 3910 60 41 26½
2024 3913 44 22 cm
2073 3943 9 8 .

211 3976 153 50 “Only
393 3978 87 41 100
507 3978 158 48 copies
695 3979 53 41 of
776 3980 99 40 this
903 3980 122 40 book
1055 3990 127 29 were
1212 3980 207 48 printed.
1477 3981 118 41 This
1623 3982 44 41 is
1694 3982 203 41 number
1928 3983 97 40 82.”
