2484 4405
1056 4098 131 49 1829

102 457 154 64 Kiss,
289 456 289 53 Edmund.

174 531 281 66 Frühling
497 531 55 50 in
601 528 268 66 Atlantis,
914 544 192 34 roman
1154 544 97 32 aus
1295 524 97 53 der
1435 521 267 54 blütezeit
1745 520 93 54 des
1882 520 208 52 reiches

103 608 267 59 Atlantis,
421 626 99 31 von
575 605 263 52 Edmund
892 604 147 51 Kiss.
1125 602 256 69 Leipzig,
1427 600 247 53 Koehler
1719 601 44 49 &
1810 598 281 68 Amelang

104 689 191 66 [c1933]

167 758 98 46 373,
302 758 54 48 [2]
391 768 40 36 p.
494 756 162 39 front.,
690 755 115 40 fold.
842 765 73 36 pl.,
951 754 117 39 fold.
1106 763 123 36 map.
1290 752 115 41 19cm.

96 815 50 52 ©
182 821 125 44 Sept.
340 818 68 38 14.
442 816 138 39 1933:
646 826 37 29 1c.
715 815 116 39 Nov.
865 814 49 38 21:
982 814 39 37 A
1023 812 269 45 -Foreign
1325 811 144 41 22780;
1532 811 211 40 Koehler
1777 811 36 38 &
1845 811 246 44 Amelang,

163 888 24 33 g.
230 888 58 26 m.
317 876 41 39 b.
385 876 44 37 h.
503 873 220 47 (34-351)

101 977 261 65 Lindley,
395 978 217 52 Ernest
642 975 240 65 Kidder,
914 979 172 49 1899-

171 1056 120 51 The
321 1056 298 52 Roosevelt
650 1053 337 54 revolution,
1016 1051 123 54 first
1170 1053 191 67 phase,
1390 1053 73 65 by
1492 1054 211 51 Ernest
1730 1053 72 51 K.
1833 1051 261 68 Lindley.

102 1136 138 50 New
277 1133 172 53 York,
480 1133 118 51 The
630 1132 216 67 Viking
877 1150 173 49 press,
1081 1133 150 49 1933.

168 1208 85 38 viii
280 1218 41 36 p.,
365 1208 26 38 2
439 1239 7 7 l.
488 1206 144 40 3-328
660 1217 40 36 p.
758 1205 114 39 21cm.

101 1260 50 52 ©
188 1265 116 38 Nov.
342 1265 68 46 13,
447 1262 140 46 1933;
624 1264 67 38 2c.
727 1263 116 38 Nov.
882 1261 81 46 10;
1004 1261 81 39 aff.
1124 1262 118 40 Nov.
1281 1262 80 46 14;
1402 1261 39 38 A
1480 1260 169 46 67153;
1692 1261 51 39 E.
1782 1260 59 40 K.
1879 1259 217 49 Lindley,

170 1320 241 41 Erwinna.
438 1321 83 38 Pa.

107 1408 318 66 McIntosh,
456 1408 207 54 Daniel
694 1409 176 63 Cobb,
902 1411 169 50 1882-
1284 1408 82 53 ed.

108 1486 1974 147 Agriculture for elementary schools, by Roy Arthur Ballinger …
434 1565 1667 68 Warren Lale Blizzard … [and others] Arranged
106 1642 2000 69 and edited by Daniel Cobb McIntosh … and Don Mathis Orr
166 1721 1938 69 … with an introduction by Hon. William H. Murray … New
115 1801 170 64 York,
320 1799 327 54 Cincinnati
708 1807 118 59 [etc.]
866 1800 308 52 American
1207 1799 146 53 book
1386 1818 280 50 company
1724 1802 175 65 [c1933]

177 1873 62 47 xi,
273 1875 70 47 [1],
372 1872 84 41 436
485 1884 42 36 p.
557 1872 108 41 incl.
696 1873 164 45 front.,
891 1872 129 41 illus.
1079 1873 125 47 port.
1262 1872 117 42 20cm.

177 1930 122 40 “For
329 1940 82 29 use
438 1929 48 38 in
517 1929 78 40 the
623 1930 295 46 elementary
946 1928 189 41 schools
1164 1930 50 38 of
1244 1930 80 40 the
1352 1930 232 41 southern
1615 1930 93 39 and
1739 1930 183 40 central
1954 1934 153 35 states

139 1988 15 38 of
189 1988 76 39 the
298 1985 291 50 Mississippi
624 1984 392 50 valley.”—Pref.

182 2045 216 39 Lettered
439 2055 57 28 un
534 2054 167 29 cover:
739 2043 101 39 The
875 2042 321 49 agricultural
1235 2043 204 48 faculty,
1479 2043 268 41 Oklahoma
1786 2043 319 47 agricultural

107 2102 92 38 and
236 2100 294 39 mechanical
569 2099 190 49 college.

210 2156 316 40 "References"
556 2160 51 36 at
635 2157 91 39 end
756 2155 52 41 of
833 2157 119 39 each
981 2155 200 49 chapter
1212 2159 168 45 except
1411 2156 200 49 chapter
1644 2156 40 41 9.

109 2209 51 51 ©
191 2215 117 38 Nov.
339 2214 69 39 23.
440 2213 111 40 1933:
614 2214 64 39 2c.
711 2215 95 37 and
839 2213 79 39 aff.
952 2213 116 40 Nov.
1101 2212 83 42 29:
1219 2214 41 38 A
1291 2213 170 47 67304;
1495 2214 158 39 Amer.
1687 2214 123 40 book
1842 2224 67 30 co.

185 2270 220 48 (34-476)

110 2360 189 65 Macy,
333 2361 185 64 Jesse,
557 2363 324 51 1842-1919.

183 2438 157 52 Jesse
373 2439 197 66 Macy:
606 2457 70 33 an
713 2437 476 70 autobiography,
1223 2440 190 52 edited
1448 2441 112 51 and
1596 2441 282 68 arranged
1913 2441 75 68 by
2021 2441 88 52 his

117 2515 282 68 daughter
453 2516 324 54 Katharine
829 2516 168 68 Macy
1111 2535 145 51 Noyes.
1335 2516 372 71 Springfield,
1760 2519 112 68 Ill.,

115 2518 1969 142 Baltimore,
310 2594 139 67 Md.,
478 2595 62 55 C.
568 2595 62 55 C.
657 2594 265 67 Thomas,
952 2597 151 51 1933.

178 2667 99 48 xix,
305 2668 85 39 192
417 2680 56 35 p.,
503 2670 19 36 1
576 2700 7 7 l.
639 2669 163 46 front.,
831 2672 162 44 ports.,
1023 2669 216 40 facsims.
1296 2671 115 39 24cm.

113 2720 51 52 ©
192 2726 113 47 May
330 2727 67 38 13.
425 2724 139 47 1933;
593 2726 67 39 2c.
687 2726 117 39 Nov.
833 2728 80 44 17;
943 2726 81 39 aff.
1052 2727 119 39 Nov.
1198 2727 82 47 16;
1309 2729 42 38 A
1378 2728 169 47 67185;
1579 2729 203 40 Charles
1810 2729 47 40 C.
1887 2729 222 39 Thomas.

120 2813 239 65 Martin,
386 2815 267 53 Caroline
681 2816 67 54 R.

186 2889 273 68 Hospital
485 2890 240 52 medical
751 2891 272 52 statistics;
1082 2910 29 33 a
1139 2889 154 54 brief
1318 2889 349 68 description
1695 2889 63 53 of
1784 2889 95 53 the
1906 2894 208 63 system

120 2968 132 51 used
284 2968 57 51 in
371 2967 94 53 the
494 2968 378 67 Department
904 2967 64 54 of
995 2968 280 68 hospitals
1305 2967 64 54 of
1399 2968 95 52 the
1526 2967 115 69 city
1672 2966 64 55 of
1765 2968 138 51 New
1938 2966 177 68 York,

121 3042 1711 71 by Caroline R. Martin … Philadelphia [etc.] J. B.
120 3045 1971 129 Lippincott
262 3141 279 51 company
597 3125 152 65 [1933]

190 3194 680 51 2 p. l ., 7-89, [5] p. 15½cm.
193 3251 154 41 Blank
375 3262 144 38 pages
548 3252 78 39 for
654 3253 371 40 “Memoranda”
1066 3252 83 50 ([5]
1181 3254 51 38 at
1262 3253 115 46 end);
1447 3252 162 40 folded
1642 3252 124 39 form
1798 3254 227 38 mounted
2057 3261 59 31 on

122 3316 39 37 p.
195 3307 54 51 [2]
280 3308 51 38 of
357 3318 151 30 cover.

121 3362 50 51 ©
199 3368 99 38 Oct.
324 3367 69 40 21.
421 3366 111 40 1933:
588 3367 65 39 2c.
682 3368 94 38 and
800 3366 84 41 aff.
910 3367 116 39 Nov.
1055 3368 25 38 3;
1138 3367 40 38 A
1205 3366 142 41 66885:
1405 3367 42 39 J.
1476 3368 53 39 B.
1558 3367 276 47 Lippincott
1864 3378 66 29 co.

198 3423 220 47 (34-440)

123 3509 226 67 Milton,
382 3512 173 65 John,
590 3515 325 50 1608-1674.

195 3590 120 51 The
359 3589 342 68 Cambridge
741 3591 353 67 manuscript
1138 3592 61 52 of
1242 3593 156 54 John
1438 3593 240 51 Milton:
1719 3592 246 68 Lycidas
2007 3592 112 52 and

126 3684 148 35 some
311 3667 64 51 of
410 3668 93 52 the
542 3670 161 50 other
739 3686 191 50 poems
970 3670 351 66 reproduced
1359 3669 153 52 from
1548 3670 95 52 the
1682 3671 282 67 collotype

128 3670 1967 141 facsimile,
370 3745 138 52 with
554 3766 28 32 a
628 3745 480 70 bibliographical
1152 3752 130 49 note
1326 3749 74 67 by
1444 3748 198 52 Frank
1684 3750 72 51 A.
1799 3751 322 52 Patterson.

186 3842 80 32 New
306 3824 177 53 York.
522 3825 140 52 Pub.
702 3825 92 51 for
832 3826 92 51 the
965 3826 302 52 Facsimile
1303 3832 123 46 text
1462 3827 209 65 society
1707 3828 75 68 by
1822 3826 297 56 Columbia

128 3901 316 68 university
471 3920 172 49 press,
672 3906 149 49 1933.

199 3975 27 35 5
252 3986 29 35 p
343 4005 5 4 l.,
394 3975 188 39 facsim.:
643 3976 83 49 [16]
758 3987 42 36 p.
857 3977 145 39 23½cm.
1071 3977 298 47 (Half-title:
1398 3978 100 39 The
1525 3978 243 40 facsimile
1798 3982 103 36 text
1932 3978 195 46 society.

157 4062 8 7 v.
225 4031 48 46 17)
