<alto xmlns="http://www.loc.gov/standards/alto/ns-v3#" xmlns:xlink="http://www.w3.org/1999/xlink" xmlns:xsi="http://www.w3.org/2001/XMLSchema-instance" xsi:schemaLocation="http://www.loc.gov/standards/alto/ns-v3# http://www.loc.gov/alto/v3/alto-3-0.xsd"><Description>
<MeasurementUnit>pixel</MeasurementUnit>
<sourceImageInformation>
<fileName>1933_v1_Part1.pdf</fileName>
</sourceImageInformation>
<OCRProcessing ID="IdOcr">
<ocrProcessingStep>
<processingDateTime>2019-01-03</processingDateTime>
<processingSoftware>
<softwareCreator>ABBYY</softwareCreator>
<softwareName>ABBYY Recognition Server</softwareName>
<softwareVersion>4.0</softwareVersion>
</processingSoftware>
</ocrProcessingStep>
</OCRProcessing>
</Description>
<Styles>
<ParagraphStyle ID="StyleId-FFFFFFFF-FFFF-FFFF-FFFF-FFFFFFFFFFFF-" ALIGN="Left" LEFT="0." RIGHT="0." FIRSTLINE="0."/>
<ParagraphStyle ID="StyleId-6EF5737A-DCEB-4126-A0CF-C5930BF7166A-" ALIGN="Left" LEFT="0." RIGHT="0." FIRSTLINE="0." LINESPACE="8.300000191"/>
<ParagraphStyle ID="StyleId-2DE44258-FD0B-41E1-B542-087C989B01A3-" ALIGN="Left" LEFT="0." RIGHT="0." FIRSTLINE="0." LINESPACE="12.19999981"/>
<ParagraphStyle ID="StyleId-CE3D254A-29D7-4DD7-B5F1-E0FC0EF29B05-" ALIGN="Left" LEFT="0." RIGHT="0." FIRSTLINE="-14." LINESPACE="8.619999886"/>
<ParagraphStyle ID="StyleId-C0E3A137-CE4F-4287-8A90-B599106709D0-" ALIGN="Left" LEFT="0." RIGHT="0." FIRSTLINE="-14." LINESPACE="12.19999981"/>
<ParagraphStyle ID="StyleId-50F26F0C-05DA-4C19-BA58-7A6AC4499BEE-" ALIGN="Left" LEFT="0." RIGHT="0." FIRSTLINE="-14." LINESPACE="11.06999969"/>
<ParagraphStyle ID="StyleId-5DDE65AF-512C-41E2-9B8E-095D6D99EF68-" ALIGN="Center" LEFT="0." RIGHT="0." FIRSTLINE="0." LINESPACE="11.89999962"/>
<ParagraphStyle ID="StyleId-0A81D7A5-6A62-4C52-915E-7768974C704D-" ALIGN="Left" LEFT="0." RIGHT="0." FIRSTLINE="0." LINESPACE="9.399999619"/>
<ParagraphStyle ID="StyleId-F7A0127F-6B48-4157-BB81-FE33E1E1A05B-" ALIGN="Block" LEFT="0." RIGHT="0." FIRSTLINE="-13." LINESPACE="10.63000011"/>
<ParagraphStyle ID="StyleId-E18C69F7-DBD7-48B1-805C-FCD96D0DA019-" ALIGN="Left" LEFT="0." RIGHT="0." FIRSTLINE="0." LINESPACE="11.64000034"/>
<ParagraphStyle ID="StyleId-98F15501-B611-4E83-8BB3-807E891F11F5-" ALIGN="Left" LEFT="0." RIGHT="0." FIRSTLINE="-14." LINESPACE="12.19999981"/>
<ParagraphStyle ID="StyleId-F4A78626-0BBC-4D12-94D9-A1AE75A9855F-" ALIGN="Left" LEFT="0." RIGHT="0." FIRSTLINE="0." LINESPACE="9.399999619"/>
<ParagraphStyle ID="StyleId-6A3F6F4C-D21B-4ADE-902F-7683F18ECEF3-" ALIGN="Left" LEFT="0." RIGHT="0." FIRSTLINE="0." LINESPACE="11.10000038"/>
</Styles>
<Layout>
<Page ID="Page1274" PHYSICAL_IMG_NR="1274" HEIGHT="4453" WIDTH="2582">
<TopMargin HEIGHT="402" WIDTH="2582" VPOS="0" HPOS="0">
</TopMargin>
<LeftMargin HEIGHT="3768" WIDTH="360" VPOS="402" HPOS="0">
</LeftMargin>
<RightMargin HEIGHT="3768" WIDTH="168" VPOS="402" HPOS="2414">
</RightMargin>
<BottomMargin HEIGHT="283" WIDTH="2582" VPOS="4170" HPOS="0">
</BottomMargin>
<PrintSpace HEIGHT="3768" WIDTH="2054" VPOS="402" HPOS="360">
<TextBlock ID="Page1274_Block1" HEIGHT="74" WIDTH="156" VPOS="4096" HPOS="1288" LANG="en-US" STYLEREFS="StyleId-9B8CF8AB-B54D-47D8-9A03-40D51DC4BA0B-">
<TextLine HEIGHT="54" WIDTH="135" VPOS="4105" HPOS="1298">
<String CONTENT="1274" HEIGHT="54" WIDTH="135" VPOS="4105" HPOS="1298"/>
</TextLine>
</TextBlock>
<TextBlock ID="Page1274_Block2" HEIGHT="3696" WIDTH="2054" VPOS="402" HPOS="360" LANG="en-US" CS="1" STYLEREFS="StyleId-E4C05CF0-AFB9-456A-98F6-C3FD4954773E-">
<Shape>
<Polygon POINTS="360,402 2414,402 2414,4027 1122,4027 1122,4098 360,4098 360,402"/>
</Shape>
<TextLine HEIGHT="50" WIDTH="813" VPOS="490" HPOS="446" CS="1">
<String CONTENT="316" HEIGHT="41" WIDTH="88" VPOS="490" HPOS="446"/>
<SP HEIGHT="49" WIDTH="32" VPOS="491" HPOS="535"/>
<String CONTENT="p." HEIGHT="38" WIDTH="44" VPOS="502" HPOS="568"/>
<SP HEIGHT="39" WIDTH="58" VPOS="491" HPOS="613"/>
<String CONTENT="front.," HEIGHT="47" WIDTH="167" VPOS="491" HPOS="672"/>
<SP HEIGHT="38" WIDTH="37" VPOS="501" HPOS="840"/>
<String CONTENT="plates." HEIGHT="48" WIDTH="173" VPOS="491" HPOS="878"/>
<SP HEIGHT="38" WIDTH="60" VPOS="493" HPOS="1052"/>
<String CS="1" CONTENT="19&#189;" HEIGHT="41" WIDTH="55" VPOS="490" HPOS="1113"/>
<String STYLE="superscript" CS="1" CONTENT="cm" HEIGHT="21" WIDTH="15" VPOS="493" HPOS="1201"/>
<String CONTENT="." HEIGHT="8" WIDTH="8" VPOS="524" HPOS="1251"/>
</TextLine>
<TextLine HEIGHT="42" WIDTH="427" VPOS="547" HPOS="449">
<String CONTENT="&#8220;First" HEIGHT="42" WIDTH="162" VPOS="547" HPOS="449"/>
<SP HEIGHT="37" WIDTH="34" VPOS="552" HPOS="612"/>
<String CONTENT="edition.&quot;" HEIGHT="41" WIDTH="229" VPOS="548" HPOS="647"/>
</TextLine>
<TextLine HEIGHT="53" WIDTH="2021" VPOS="615" HPOS="378" CS="1">
<String CONTENT="&#169;" HEIGHT="52" WIDTH="52" VPOS="615" HPOS="378"/>
<SP HEIGHT="52" WIDTH="31" VPOS="615" HPOS="431"/>
<String CONTENT="Sept." HEIGHT="47" WIDTH="128" VPOS="620" HPOS="463"/>
<SP HEIGHT="38" WIDTH="28" VPOS="620" HPOS="592"/>
<String CONTENT="1," HEIGHT="45" WIDTH="39" VPOS="620" HPOS="621"/>
<SP HEIGHT="45" WIDTH="28" VPOS="620" HPOS="661"/>
<String CS="1" CONTENT="1933;" HEIGHT="41" WIDTH="113" VPOS="618" HPOS="690"/>
<SP HEIGHT="45" WIDTH="29" VPOS="619" HPOS="833"/>
<String CS="1" CONTENT="2c." HEIGHT="39" WIDTH="52" VPOS="619" HPOS="863"/>
<SP HEIGHT="30" WIDTH="30" VPOS="629" HPOS="932"/>
<String CONTENT="and" HEIGHT="38" WIDTH="95" VPOS="620" HPOS="963"/>
<SP HEIGHT="38" WIDTH="29" VPOS="620" HPOS="1059"/>
<String CONTENT="aff." HEIGHT="40" WIDTH="81" VPOS="618" HPOS="1089"/>
<SP HEIGHT="40" WIDTH="32" VPOS="619" HPOS="1171"/>
<String CONTENT="Sept." HEIGHT="47" WIDTH="129" VPOS="619" HPOS="1204"/>
<SP HEIGHT="39" WIDTH="29" VPOS="620" HPOS="1334"/>
<String CONTENT="16;" HEIGHT="46" WIDTH="82" VPOS="619" HPOS="1364"/>
<SP HEIGHT="46" WIDTH="30" VPOS="619" HPOS="1447"/>
<!-- cceid 48874797-6CF9-1014-A6CF-A82867D68027 --><String CONTENT="A" HEIGHT="38" WIDTH="41" VPOS="619" HPOS="1478"/>
<SP HEIGHT="40" WIDTH="28" VPOS="619" HPOS="1520"/>
<String CS="1" CONTENT="65243;" HEIGHT="40" WIDTH="143" VPOS="619" HPOS="1549"/>
<SP HEIGHT="46" WIDTH="32" VPOS="620" HPOS="1721"/>
<String CONTENT="Edgar" HEIGHT="47" WIDTH="164" VPOS="620" HPOS="1754"/>
<SP HEIGHT="39" WIDTH="28" VPOS="620" HPOS="1919"/>
<String CONTENT="Rice" HEIGHT="41" WIDTH="119" VPOS="619" HPOS="1948"/>
<SP HEIGHT="40" WIDTH="27" VPOS="620" HPOS="2068"/>
<String CONTENT="Burroughs," HEIGHT="48" WIDTH="303" VPOS="620" HPOS="2096"/>
</TextLine>
<TextLine HEIGHT="48" WIDTH="446" VPOS="676" HPOS="445">
<String CONTENT="inc." HEIGHT="41" WIDTH="89" VPOS="676" HPOS="445"/>
<SP HEIGHT="47" WIDTH="72" VPOS="677" HPOS="535"/>
<String CONTENT="(33-24091)" HEIGHT="48" WIDTH="283" VPOS="676" HPOS="608"/>
</TextLine>
<TextLine HEIGHT="69" WIDTH="1039" VPOS="778" HPOS="373" STYLEREFS="StyleId-A3073E68-B026-4B70-86C3-EB6CC87192A9-">
<String CONTENT="California." HEIGHT="56" WIDTH="347" VPOS="778" HPOS="373"/>
<SP HEIGHT="53" WIDTH="73" VPOS="780" HPOS="721"/>
<String CONTENT="Laws," HEIGHT="66" WIDTH="187" VPOS="780" HPOS="795"/>
<SP HEIGHT="47" WIDTH="32" VPOS="799" HPOS="983"/>
<String CONTENT="statutes," HEIGHT="62" WIDTH="259" VPOS="785" HPOS="1016"/>
<SP HEIGHT="47" WIDTH="34" VPOS="800" HPOS="1276"/>
<String CONTENT="etc." HEIGHT="49" WIDTH="101" VPOS="786" HPOS="1311"/>
</TextLine>
<TextLine HEIGHT="149" WIDTH="1991" VPOS="857" HPOS="378" STYLEREFS="StyleId-8E31076A-7A88-45E7-AA02-9E647977EE88-" CS="1">
<String CONTENT="The" HEIGHT="53" WIDTH="120" VPOS="859" HPOS="449"/>
<SP HEIGHT="53" WIDTH="35" VPOS="859" HPOS="570"/>
<String CONTENT="Code" HEIGHT="53" WIDTH="155" VPOS="859" HPOS="606"/>
<SP HEIGHT="34" WIDTH="34" VPOS="877" HPOS="762"/>
<String CONTENT="of" HEIGHT="53" WIDTH="63" VPOS="857" HPOS="797"/>
<SP HEIGHT="54" WIDTH="31" VPOS="857" HPOS="861"/>
<String CONTENT="civil" HEIGHT="54" WIDTH="134" VPOS="857" HPOS="893"/>
<SP HEIGHT="67" WIDTH="35" VPOS="859" HPOS="1028"/>
<String CONTENT="procedure" HEIGHT="67" WIDTH="312" VPOS="859" HPOS="1064"/>
<SP HEIGHT="36" WIDTH="32" VPOS="877" HPOS="1377"/>
<String CONTENT="of" HEIGHT="54" WIDTH="63" VPOS="859" HPOS="1410"/>
<SP HEIGHT="52" WIDTH="31" VPOS="859" HPOS="1474"/>
<String CONTENT="the" HEIGHT="51" WIDTH="95" VPOS="860" HPOS="1506"/>
<SP HEIGHT="35" WIDTH="34" VPOS="877" HPOS="1602"/>
<String CONTENT="state" HEIGHT="47" WIDTH="145" VPOS="865" HPOS="1637"/>
<SP HEIGHT="33" WIDTH="34" VPOS="878" HPOS="1783"/>
<String CONTENT="of" HEIGHT="53" WIDTH="64" VPOS="858" HPOS="1818"/>
<SP HEIGHT="57" WIDTH="32" VPOS="858" HPOS="1883"/>
<String CONTENT="California," HEIGHT="68" WIDTH="346" VPOS="859" HPOS="1916"/>
<SP HEIGHT="48" WIDTH="32" VPOS="879" HPOS="2263"/>
<String CONTENT="approved" HEIGHT="128" WIDTH="1991" VPOS="878" HPOS="378"/>
<SP HEIGHT="52" WIDTH="28" VPOS="939" HPOS="596"/>
<String CONTENT="March" HEIGHT="52" WIDTH="203" VPOS="938" HPOS="625"/>
</TextLine>
<TextLine HEIGHT="69" WIDTH="1535" VPOS="937" HPOS="861" STYLEREFS="StyleId-8E31076A-7A88-45E7-AA02-9E647977EE88-">
<String CONTENT="11," HEIGHT="62" WIDTH="81" VPOS="943" HPOS="861"/>
<SP HEIGHT="62" WIDTH="30" VPOS="943" HPOS="943"/>
<String CONTENT="1872," HEIGHT="66" WIDTH="153" VPOS="939" HPOS="974"/>
<SP HEIGHT="47" WIDTH="26" VPOS="958" HPOS="1128"/>
<String CONTENT="with" HEIGHT="53" WIDTH="142" VPOS="937" HPOS="1155"/>
<SP HEIGHT="52" WIDTH="28" VPOS="938" HPOS="1298"/>
<String CONTENT="amendments" HEIGHT="55" WIDTH="391" VPOS="938" HPOS="1327"/>
<SP HEIGHT="36" WIDTH="28" VPOS="957" HPOS="1719"/>
<String CONTENT="up" HEIGHT="51" WIDTH="79" VPOS="955" HPOS="1748"/>
<SP HEIGHT="61" WIDTH="27" VPOS="945" HPOS="1828"/>
<String CONTENT="to" HEIGHT="46" WIDTH="59" VPOS="945" HPOS="1856"/>
<SP HEIGHT="46" WIDTH="25" VPOS="945" HPOS="1916"/>
<String CONTENT="the" HEIGHT="52" WIDTH="96" VPOS="939" HPOS="1942"/>
<SP HEIGHT="35" WIDTH="28" VPOS="956" HPOS="2039"/>
<String CONTENT="end" HEIGHT="52" WIDTH="108" VPOS="940" HPOS="2068"/>
<SP HEIGHT="53" WIDTH="28" VPOS="940" HPOS="2177"/>
<String CONTENT="of" HEIGHT="54" WIDTH="63" VPOS="939" HPOS="2206"/>
<SP HEIGHT="53" WIDTH="27" VPOS="939" HPOS="2270"/>
<String CONTENT="the" HEIGHT="52" WIDTH="98" VPOS="940" HPOS="2298"/>
</TextLine>
<TextLine HEIGHT="72" WIDTH="2013" VPOS="1015" HPOS="379" STYLEREFS="StyleId-8E31076A-7A88-45E7-AA02-9E647977EE88-">
<String CONTENT="regular" HEIGHT="68" WIDTH="229" VPOS="1017" HPOS="379"/>
<SP HEIGHT="35" WIDTH="36" VPOS="1035" HPOS="609"/>
<String CONTENT="session" HEIGHT="54" WIDTH="213" VPOS="1016" HPOS="646"/>
<SP HEIGHT="33" WIDTH="38" VPOS="1036" HPOS="860"/>
<String CONTENT="of" HEIGHT="53" WIDTH="63" VPOS="1016" HPOS="899"/>
<SP HEIGHT="53" WIDTH="36" VPOS="1016" HPOS="963"/>
<String CONTENT="the" HEIGHT="51" WIDTH="96" VPOS="1018" HPOS="1000"/>
<SP HEIGHT="52" WIDTH="38" VPOS="1017" HPOS="1097"/>
<String CONTENT="fiftieth" HEIGHT="54" WIDTH="218" VPOS="1015" HPOS="1136"/>
<SP HEIGHT="51" WIDTH="40" VPOS="1018" HPOS="1355"/>
<String CONTENT="Legislature," HEIGHT="67" WIDTH="378" VPOS="1018" HPOS="1396"/>
<SP HEIGHT="62" WIDTH="42" VPOS="1023" HPOS="1775"/>
<String CONTENT="1933;" HEIGHT="64" WIDTH="162" VPOS="1021" HPOS="1818"/>
<SP HEIGHT="68" WIDTH="41" VPOS="1017" HPOS="1981"/>
<String CONTENT="including" HEIGHT="70" WIDTH="301" VPOS="1017" HPOS="2023"/>
<SP HEIGHT="51" WIDTH="37" VPOS="1036" HPOS="2325"/>
<String CONTENT="a" HEIGHT="35" WIDTH="29" VPOS="1036" HPOS="2363"/>
</TextLine>
<TextLine HEIGHT="69" WIDTH="2016" VPOS="1096" HPOS="376" STYLEREFS="StyleId-8E31076A-7A88-45E7-AA02-9E647977EE88-">
<String CONTENT="legislative" HEIGHT="69" WIDTH="322" VPOS="1096" HPOS="376"/>
<SP HEIGHT="52" WIDTH="24" VPOS="1097" HPOS="699"/>
<String CONTENT="history" HEIGHT="68" WIDTH="224" VPOS="1096" HPOS="724"/>
<SP HEIGHT="50" WIDTH="23" VPOS="1114" HPOS="949"/>
<String CONTENT="of" HEIGHT="53" WIDTH="63" VPOS="1096" HPOS="973"/>
<SP HEIGHT="53" WIDTH="25" VPOS="1096" HPOS="1037"/>
<String CONTENT="code" HEIGHT="52" WIDTH="135" VPOS="1097" HPOS="1063"/>
<SP HEIGHT="34" WIDTH="25" VPOS="1115" HPOS="1199"/>
<String CONTENT="sections" HEIGHT="53" WIDTH="242" VPOS="1096" HPOS="1225"/>
<SP HEIGHT="34" WIDTH="24" VPOS="1115" HPOS="1468"/>
<String CONTENT="and" HEIGHT="52" WIDTH="113" VPOS="1098" HPOS="1493"/>
<SP HEIGHT="52" WIDTH="25" VPOS="1098" HPOS="1607"/>
<String CONTENT="citations&#8212;Supreme" HEIGHT="69" WIDTH="622" VPOS="1096" HPOS="1633"/>
<SP HEIGHT="37" WIDTH="25" VPOS="1116" HPOS="2256"/>
<String CONTENT="and" HEIGHT="55" WIDTH="110" VPOS="1098" HPOS="2282"/>
</TextLine>
<TextLine HEIGHT="71" WIDTH="2023" VPOS="1172" HPOS="374" STYLEREFS="StyleId-8E31076A-7A88-45E7-AA02-9E647977EE88-">
<String CONTENT="Appellate" HEIGHT="71" WIDTH="313" VPOS="1172" HPOS="374"/>
<SP HEIGHT="35" WIDTH="34" VPOS="1192" HPOS="688"/>
<String CONTENT="court" HEIGHT="47" WIDTH="162" VPOS="1180" HPOS="723"/>
<SP HEIGHT="53" WIDTH="35" VPOS="1174" HPOS="886"/>
<String CONTENT="decisions." HEIGHT="55" WIDTH="296" VPOS="1172" HPOS="922"/>
<SP HEIGHT="55" WIDTH="74" VPOS="1173" HPOS="1219"/>
<String CONTENT="San" HEIGHT="55" WIDTH="118" VPOS="1173" HPOS="1294"/>
<SP HEIGHT="52" WIDTH="37" VPOS="1174" HPOS="1413"/>
<String CONTENT="Francisco," HEIGHT="69" WIDTH="327" VPOS="1174" HPOS="1451"/>
<SP HEIGHT="69" WIDTH="37" VPOS="1174" HPOS="1779"/>
<String CONTENT="A." HEIGHT="53" WIDTH="70" VPOS="1174" HPOS="1817"/>
<SP HEIGHT="53" WIDTH="39" VPOS="1175" HPOS="1888"/>
<String CONTENT="V." HEIGHT="53" WIDTH="69" VPOS="1175" HPOS="1928"/>
<SP HEIGHT="52" WIDTH="39" VPOS="1175" HPOS="1998"/>
<String CONTENT="Lake" HEIGHT="55" WIDTH="154" VPOS="1174" HPOS="2038"/>
<SP HEIGHT="52" WIDTH="39" VPOS="1177" HPOS="2193"/>
<String CONTENT="&amp;" HEIGHT="51" WIDTH="49" VPOS="1177" HPOS="2233"/>
<SP HEIGHT="52" WIDTH="32" VPOS="1177" HPOS="2283"/>
<String CONTENT="co." HEIGHT="37" WIDTH="81" VPOS="1193" HPOS="2316"/>
</TextLine>
<TextLine HEIGHT="63" WIDTH="174" VPOS="1259" HPOS="385" STYLEREFS="StyleId-8E31076A-7A88-45E7-AA02-9E647977EE88-" CS="1">
<String STYLE="subscript" CONTENT="[" HEIGHT="33" WIDTH="11" VPOS="1289" HPOS="385"/>
<String STYLE="superscript" CONTENT="c" HEIGHT="20" WIDTH="17" VPOS="1261" HPOS="402"/>
<String CS="1" CONTENT="1933]" HEIGHT="49" WIDTH="132" VPOS="1259" HPOS="427"/>
</TextLine>
<TextLine HEIGHT="52" WIDTH="992" VPOS="1328" HPOS="446" CS="1">
<String CONTENT="2" HEIGHT="39" WIDTH="27" VPOS="1331" HPOS="446"/>
<SP HEIGHT="48" WIDTH="23" VPOS="1331" HPOS="474"/>
<String CONTENT="p." HEIGHT="37" WIDTH="43" VPOS="1342" HPOS="498"/>
<SP HEIGHT="40" WIDTH="23" VPOS="1331" HPOS="542"/>
<String CONTENT="l.," HEIGHT="46" WIDTH="46" VPOS="1331" HPOS="566"/>
<SP HEIGHT="35" WIDTH="25" VPOS="1342" HPOS="613"/>
<String CONTENT="vii-x" HEIGHT="40" WIDTH="131" VPOS="1330" HPOS="639"/>
<SP/>
<String CS="1" CONTENT="p.,"/>
<SP/>
<String CS="1" CONTENT="1"/>
<SP/>
<String CS="1" CONTENT="l.," HEIGHT="15" WIDTH="9" VPOS="1361" HPOS="970"/>
<SP HEIGHT="46" WIDTH="26" VPOS="1330" HPOS="980"/>
<String CONTENT="631," HEIGHT="46" WIDTH="100" VPOS="1330" HPOS="1007"/>
<SP HEIGHT="29" WIDTH="28" VPOS="1350" HPOS="1108"/>
<String CONTENT="[1]" HEIGHT="50" WIDTH="56" VPOS="1330" HPOS="1137"/>
<SP HEIGHT="39" WIDTH="28" VPOS="1341" HPOS="1194"/>
<String CONTENT="p." HEIGHT="37" WIDTH="42" VPOS="1341" HPOS="1223"/>
<SP HEIGHT="40" WIDTH="55" VPOS="1330" HPOS="1266"/>
<String CONTENT="19" HEIGHT="41" WIDTH="55" VPOS="1328" HPOS="1322"/>
<String STYLE="superscript" CONTENT="cm" HEIGHT="22" WIDTH="43" VPOS="1331" HPOS="1381"/>
<String CONTENT="." HEIGHT="7" WIDTH="9" VPOS="1362" HPOS="1429"/>
</TextLine>
<TextLine HEIGHT="49" WIDTH="1691" VPOS="1387" HPOS="450">
<String CONTENT="Lettered" HEIGHT="40" WIDTH="228" VPOS="1389" HPOS="450"/>
<SP HEIGHT="39" WIDTH="29" VPOS="1389" HPOS="679"/>
<String CONTENT="on" HEIGHT="29" WIDTH="60" VPOS="1399" HPOS="709"/>
<SP HEIGHT="29" WIDTH="30" VPOS="1399" HPOS="770"/>
<String CONTENT="cover:" HEIGHT="30" WIDTH="169" VPOS="1398" HPOS="801"/>
<SP HEIGHT="41" WIDTH="30" VPOS="1387" HPOS="971"/>
<String CONTENT="California" HEIGHT="41" WIDTH="276" VPOS="1387" HPOS="1002"/>
<SP HEIGHT="41" WIDTH="32" VPOS="1387" HPOS="1279"/>
<String CONTENT="Code" HEIGHT="41" WIDTH="129" VPOS="1387" HPOS="1312"/>
<SP HEIGHT="30" WIDTH="28" VPOS="1397" HPOS="1442"/>
<String CONTENT="of" HEIGHT="40" WIDTH="51" VPOS="1387" HPOS="1471"/>
<SP HEIGHT="40" WIDTH="31" VPOS="1387" HPOS="1523"/>
<String CONTENT="civil" HEIGHT="40" WIDTH="113" VPOS="1387" HPOS="1555"/>
<SP HEIGHT="47" WIDTH="29" VPOS="1389" HPOS="1669"/>
<String CONTENT="procedure," HEIGHT="48" WIDTH="280" VPOS="1388" HPOS="1699"/>
<SP HEIGHT="45" WIDTH="32" VPOS="1389" HPOS="1980"/>
<String CONTENT="1933." HEIGHT="41" WIDTH="128" VPOS="1387" HPOS="2013"/>
</TextLine>
<TextLine HEIGHT="42" WIDTH="1901" VPOS="1444" HPOS="449" CS="1">
<String CONTENT="With" HEIGHT="41" WIDTH="134" VPOS="1445" HPOS="449"/>
<SP HEIGHT="40" WIDTH="33" VPOS="1446" HPOS="584"/>
<String CONTENT="this" HEIGHT="41" WIDTH="99" VPOS="1445" HPOS="618"/>
<SP HEIGHT="40" WIDTH="32" VPOS="1445" HPOS="718"/>
<String CONTENT="is" HEIGHT="41" WIDTH="41" VPOS="1445" HPOS="751"/>
<SP HEIGHT="41" WIDTH="33" VPOS="1445" HPOS="793"/>
<String CS="1" CONTENT="bound:" HEIGHT="41" WIDTH="159" VPOS="1445" HPOS="827"/>
<SP HEIGHT="40" WIDTH="34" VPOS="1445" HPOS="1017"/>
<String CONTENT="The" HEIGHT="40" WIDTH="101" VPOS="1445" HPOS="1052"/>
<SP HEIGHT="40" WIDTH="34" VPOS="1445" HPOS="1154"/>
<String CONTENT="Probate" HEIGHT="40" WIDTH="209" VPOS="1445" HPOS="1189"/>
<SP HEIGHT="29" WIDTH="33" VPOS="1456" HPOS="1399"/>
<String CONTENT="code" HEIGHT="40" WIDTH="116" VPOS="1445" HPOS="1433"/>
<SP HEIGHT="30" WIDTH="32" VPOS="1455" HPOS="1550"/>
<String CONTENT="of" HEIGHT="41" WIDTH="51" VPOS="1444" HPOS="1583"/>
<SP HEIGHT="40" WIDTH="33" VPOS="1444" HPOS="1635"/>
<String CONTENT="the" HEIGHT="39" WIDTH="82" VPOS="1445" HPOS="1669"/>
<SP HEIGHT="29" WIDTH="33" VPOS="1456" HPOS="1752"/>
<String CONTENT="state" HEIGHT="38" WIDTH="130" VPOS="1447" HPOS="1786"/>
<SP HEIGHT="30" WIDTH="32" VPOS="1455" HPOS="1917"/>
<String CONTENT="of" HEIGHT="40" WIDTH="52" VPOS="1445" HPOS="1950"/>
<SP HEIGHT="41" WIDTH="32" VPOS="1445" HPOS="2003"/>
<String CONTENT="California" HEIGHT="42" WIDTH="275" VPOS="1444" HPOS="2036"/>
<SP HEIGHT="29" WIDTH="38" VPOS="1457" HPOS="2312"/>
<String CS="1" CONTENT="&#8230;"/>
</TextLine>
<TextLine HEIGHT="51" WIDTH="567" VPOS="1501" HPOS="377">
<String CONTENT="San" HEIGHT="39" WIDTH="96" VPOS="1504" HPOS="377"/>
<SP HEIGHT="39" WIDTH="29" VPOS="1503" HPOS="474"/>
<String CONTENT="Francisco" HEIGHT="41" WIDTH="263" VPOS="1502" HPOS="504"/>
<SP HEIGHT="38" WIDTH="32" VPOS="1514" HPOS="768"/>
<String CONTENT="[1933]" HEIGHT="51" WIDTH="143" VPOS="1501" HPOS="801"/>
</TextLine>
<TextLine HEIGHT="53" WIDTH="2019" VPOS="1569" HPOS="381" CS="1">
<String CONTENT="&#169;" HEIGHT="52" WIDTH="52" VPOS="1570" HPOS="381"/>
<SP HEIGHT="52" WIDTH="31" VPOS="1570" HPOS="434"/>
<String CONTENT="Aug." HEIGHT="47" WIDTH="118" VPOS="1575" HPOS="466"/>
<SP HEIGHT="39" WIDTH="30" VPOS="1575" HPOS="585"/>
<String CONTENT="24," HEIGHT="45" WIDTH="68" VPOS="1575" HPOS="616"/>
<SP HEIGHT="45" WIDTH="31" VPOS="1575" HPOS="685"/>
<String CONTENT="1933;" HEIGHT="46" WIDTH="142" VPOS="1574" HPOS="717"/>
<SP HEIGHT="46" WIDTH="31" VPOS="1574" HPOS="860"/>
<String CONTENT="2c." HEIGHT="40" WIDTH="67" VPOS="1574" HPOS="892"/>
<SP HEIGHT="30" WIDTH="30" VPOS="1584" HPOS="960"/>
<String CONTENT="and" HEIGHT="38" WIDTH="96" VPOS="1575" HPOS="991"/>
<SP HEIGHT="38" WIDTH="30" VPOS="1575" HPOS="1088"/>
<String CONTENT="aff." HEIGHT="41" WIDTH="83" VPOS="1573" HPOS="1119"/>
<SP HEIGHT="41" WIDTH="33" VPOS="1573" HPOS="1203"/>
<String CONTENT="Sept." HEIGHT="47" WIDTH="127" VPOS="1573" HPOS="1237"/>
<SP HEIGHT="38" WIDTH="33" VPOS="1574" HPOS="1365"/>
<String CONTENT="11;" HEIGHT="45" WIDTH="81" VPOS="1574" HPOS="1399"/>
<SP HEIGHT="45" WIDTH="33" VPOS="1574" HPOS="1481"/>
<!-- cceid 48879117-6CF9-1014-A6CF-A82867D68027 --><String CONTENT="A" HEIGHT="38" WIDTH="41" VPOS="1574" HPOS="1515"/>
<SP HEIGHT="39" WIDTH="29" VPOS="1573" HPOS="1557"/>
<String CONTENT="64976;" HEIGHT="48" WIDTH="171" VPOS="1572" HPOS="1587"/>
<SP HEIGHT="46" WIDTH="34" VPOS="1574" HPOS="1759"/>
<String CONTENT="A." HEIGHT="39" WIDTH="54" VPOS="1574" HPOS="1794"/>
<SP HEIGHT="39" WIDTH="33" VPOS="1574" HPOS="1849"/>
<String CONTENT="V." HEIGHT="40" WIDTH="51" VPOS="1574" HPOS="1883"/>
<SP HEIGHT="40" WIDTH="31" VPOS="1574" HPOS="1935"/>
<String CONTENT="Lake" HEIGHT="40" WIDTH="132" VPOS="1574" HPOS="1967"/>
<SP HEIGHT="40" WIDTH="30" VPOS="1574" HPOS="2100"/>
<String CONTENT="&amp;" HEIGHT="40" WIDTH="36" VPOS="1574" HPOS="2131"/>
<SP HEIGHT="40" WIDTH="28" VPOS="1574" HPOS="2168"/>
<String CONTENT="co." HEIGHT="31" WIDTH="68" VPOS="1583" HPOS="2197"/>
<SP HEIGHT="27" WIDTH="64" VPOS="1594" HPOS="2266"/>
<String CS="1" CONTENT="[&#169;" HEIGHT="53" WIDTH="53" VPOS="1569" HPOS="2347"/>
</TextLine>
<TextLine HEIGHT="50" WIDTH="688" VPOS="1630" HPOS="452">
<String CONTENT="new" HEIGHT="31" WIDTH="107" VPOS="1640" HPOS="452"/>
<SP HEIGHT="29" WIDTH="26" VPOS="1642" HPOS="560"/>
<String CONTENT="matter]" HEIGHT="46" WIDTH="196" VPOS="1634" HPOS="587"/>
<SP HEIGHT="50" WIDTH="72" VPOS="1630" HPOS="784"/>
<String CONTENT="(33-23819)" HEIGHT="48" WIDTH="283" VPOS="1630" HPOS="857"/>
</TextLine>
<TextLine HEIGHT="150" WIDTH="1990" VPOS="1732" HPOS="381" STYLEREFS="StyleId-8E31076A-7A88-45E7-AA02-9E647977EE88-" CS="1">
<String CONTENT="The" HEIGHT="52" WIDTH="121" VPOS="1735" HPOS="450"/>
<SP HEIGHT="51" WIDTH="29" VPOS="1737" HPOS="572"/>
<String CONTENT="Penal" HEIGHT="52" WIDTH="180" VPOS="1736" HPOS="602"/>
<SP HEIGHT="53" WIDTH="30" VPOS="1736" HPOS="783"/>
<String CONTENT="code" HEIGHT="55" WIDTH="135" VPOS="1734" HPOS="814"/>
<SP HEIGHT="36" WIDTH="30" VPOS="1753" HPOS="950"/>
<String CONTENT="of" HEIGHT="52" WIDTH="63" VPOS="1734" HPOS="981"/>
<SP HEIGHT="53" WIDTH="29" VPOS="1734" HPOS="1045"/>
<String CONTENT="the" HEIGHT="52" WIDTH="96" VPOS="1735" HPOS="1075"/>
<SP HEIGHT="33" WIDTH="31" VPOS="1754" HPOS="1172"/>
<String CONTENT="state" HEIGHT="47" WIDTH="146" VPOS="1740" HPOS="1204"/>
<SP HEIGHT="34" WIDTH="27" VPOS="1754" HPOS="1351"/>
<String CONTENT="of" HEIGHT="54" WIDTH="64" VPOS="1734" HPOS="1379"/>
<SP HEIGHT="55" WIDTH="31" VPOS="1734" HPOS="1444"/>
<String CONTENT="California," HEIGHT="71" WIDTH="346" VPOS="1732" HPOS="1476"/>
<SP HEIGHT="50" WIDTH="30" VPOS="1753" HPOS="1823"/>
<String CONTENT="approved" HEIGHT="66" WIDTH="295" VPOS="1736" HPOS="1854"/>
<SP HEIGHT="53" WIDTH="31" VPOS="1736" HPOS="2150"/>
<String CONTENT="February" HEIGHT="146" WIDTH="1990" VPOS="1736" HPOS="381"/>
<SP HEIGHT="61" WIDTH="38" VPOS="1821" HPOS="485"/>
<String CONTENT="14," HEIGHT="63" WIDTH="81" VPOS="1818" HPOS="524"/>
<SP HEIGHT="61" WIDTH="38" VPOS="1820" HPOS="606"/>
<String CONTENT="1872," HEIGHT="54" WIDTH="152" VPOS="1816" HPOS="645"/>
<SP HEIGHT="35" WIDTH="36" VPOS="1835" HPOS="798"/>
<String CONTENT="with" HEIGHT="52" WIDTH="141" VPOS="1814" HPOS="835"/>
</TextLine>
<TextLine HEIGHT="68" WIDTH="1385" VPOS="1814" HPOS="1015" STYLEREFS="StyleId-8E31076A-7A88-45E7-AA02-9E647977EE88-">
<String CONTENT="amendments" HEIGHT="52" WIDTH="391" VPOS="1815" HPOS="1015"/>
<SP HEIGHT="34" WIDTH="37" VPOS="1833" HPOS="1407"/>
<String CONTENT="up" HEIGHT="49" WIDTH="77" VPOS="1832" HPOS="1445"/>
<SP HEIGHT="61" WIDTH="36" VPOS="1820" HPOS="1523"/>
<String CONTENT="to" HEIGHT="46" WIDTH="58" VPOS="1820" HPOS="1560"/>
<SP HEIGHT="46" WIDTH="34" VPOS="1820" HPOS="1619"/>
<String CONTENT="the" HEIGHT="52" WIDTH="96" VPOS="1814" HPOS="1654"/>
<SP HEIGHT="36" WIDTH="34" VPOS="1832" HPOS="1751"/>
<String CONTENT="end" HEIGHT="53" WIDTH="108" VPOS="1815" HPOS="1786"/>
<SP HEIGHT="52" WIDTH="37" VPOS="1815" HPOS="1895"/>
<String CONTENT="of" HEIGHT="52" WIDTH="63" VPOS="1814" HPOS="1933"/>
<SP HEIGHT="52" WIDTH="35" VPOS="1814" HPOS="1997"/>
<String CONTENT="the" HEIGHT="52" WIDTH="96" VPOS="1815" HPOS="2033"/>
<SP HEIGHT="34" WIDTH="35" VPOS="1833" HPOS="2130"/>
<String CONTENT="regular" HEIGHT="68" WIDTH="234" VPOS="1814" HPOS="2166"/>
</TextLine>
<TextLine HEIGHT="71" WIDTH="2017" VPOS="1891" HPOS="377" STYLEREFS="StyleId-8E31076A-7A88-45E7-AA02-9E647977EE88-">
<String CONTENT="session" HEIGHT="54" WIDTH="213" VPOS="1894" HPOS="377"/>
<SP HEIGHT="35" WIDTH="36" VPOS="1913" HPOS="591"/>
<String CONTENT="of" HEIGHT="52" WIDTH="64" VPOS="1894" HPOS="628"/>
<SP HEIGHT="52" WIDTH="35" VPOS="1894" HPOS="693"/>
<String CONTENT="the" HEIGHT="52" WIDTH="96" VPOS="1894" HPOS="729"/>
<SP HEIGHT="53" WIDTH="34" VPOS="1893" HPOS="826"/>
<String CONTENT="fiftieth" HEIGHT="53" WIDTH="219" VPOS="1893" HPOS="861"/>
<SP HEIGHT="52" WIDTH="35" VPOS="1894" HPOS="1081"/>
<String CONTENT="Legislature," HEIGHT="70" WIDTH="379" VPOS="1891" HPOS="1117"/>
<SP HEIGHT="62" WIDTH="37" VPOS="1898" HPOS="1497"/>
<String CONTENT="1933;" HEIGHT="62" WIDTH="163" VPOS="1897" HPOS="1535"/>
<SP HEIGHT="66" WIDTH="39" VPOS="1893" HPOS="1699"/>
<String CONTENT="including" HEIGHT="69" WIDTH="302" VPOS="1893" HPOS="1739"/>
<SP HEIGHT="69" WIDTH="32" VPOS="1893" HPOS="2042"/>
<String CONTENT="legislative" HEIGHT="69" WIDTH="319" VPOS="1893" HPOS="2075"/>
</TextLine>
<TextLine HEIGHT="71" WIDTH="2021" VPOS="1970" HPOS="380" STYLEREFS="StyleId-8E31076A-7A88-45E7-AA02-9E647977EE88-">
<String CONTENT="history" HEIGHT="68" WIDTH="224" VPOS="1972" HPOS="380"/>
<SP HEIGHT="49" WIDTH="46" VPOS="1991" HPOS="605"/>
<String CONTENT="of" HEIGHT="54" WIDTH="64" VPOS="1972" HPOS="652"/>
<SP HEIGHT="53" WIDTH="45" VPOS="1972" HPOS="717"/>
<String CONTENT="code" HEIGHT="51" WIDTH="135" VPOS="1974" HPOS="763"/>
<SP HEIGHT="34" WIDTH="46" VPOS="1992" HPOS="899"/>
<String CONTENT="sections," HEIGHT="67" WIDTH="259" VPOS="1972" HPOS="946"/>
<SP HEIGHT="48" WIDTH="47" VPOS="1991" HPOS="1206"/>
<String CONTENT="citations&#8212;Supreme" HEIGHT="69" WIDTH="622" VPOS="1970" HPOS="1254"/>
<SP HEIGHT="35" WIDTH="48" VPOS="1990" HPOS="1877"/>
<String CONTENT="and" HEIGHT="52" WIDTH="112" VPOS="1973" HPOS="1926"/>
<SP HEIGHT="52" WIDTH="46" VPOS="1973" HPOS="2039"/>
<String CONTENT="Appellate" HEIGHT="69" WIDTH="315" VPOS="1972" HPOS="2086"/>
</TextLine>
<TextLine HEIGHT="149" WIDTH="1994" VPOS="2050" HPOS="379" STYLEREFS="StyleId-8E31076A-7A88-45E7-AA02-9E647977EE88-" CS="1">
<String CONTENT="court" HEIGHT="48" WIDTH="160" VPOS="2058" HPOS="379"/>
<SP HEIGHT="53" WIDTH="35" VPOS="2053" HPOS="540"/>
<String CONTENT="decisions," HEIGHT="67" WIDTH="296" VPOS="2052" HPOS="576"/>
<SP HEIGHT="48" WIDTH="35" VPOS="2071" HPOS="873"/>
<String CONTENT="and" HEIGHT="53" WIDTH="114" VPOS="2053" HPOS="909"/>
<SP HEIGHT="53" WIDTH="33" VPOS="2053" HPOS="1024"/>
<String CONTENT="an" HEIGHT="34" WIDTH="73" VPOS="2071" HPOS="1058"/>
<SP HEIGHT="34" WIDTH="33" VPOS="2071" HPOS="1132"/>
<String CONTENT="appendix" HEIGHT="70" WIDTH="294" VPOS="2050" HPOS="1166"/>
<SP HEIGHT="35" WIDTH="34" VPOS="2071" HPOS="1461"/>
<String CONTENT="covering" HEIGHT="70" WIDTH="270" VPOS="2050" HPOS="1496"/>
<SP HEIGHT="51" WIDTH="33" VPOS="2069" HPOS="1767"/>
<String CONTENT="certain" HEIGHT="55" WIDTH="217" VPOS="2050" HPOS="1801"/>
<SP HEIGHT="52" WIDTH="34" VPOS="2068" HPOS="2019"/>
<String CONTENT="penal" HEIGHT="69" WIDTH="168" VPOS="2051" HPOS="2054"/>
<SP/>
<String CONTENT="statutes" HEIGHT="128" WIDTH="1991" VPOS="2057" HPOS="382"/>
<SP HEIGHT="34" WIDTH="38" VPOS="2151" HPOS="504"/>
<String CONTENT="not" HEIGHT="47" WIDTH="101" VPOS="2138" HPOS="543"/>
<SP HEIGHT="53" WIDTH="39" VPOS="2132" HPOS="645"/>
<String CONTENT="incorporated" HEIGHT="67" WIDTH="404" VPOS="2132" HPOS="685"/>
</TextLine>
<TextLine HEIGHT="67" WIDTH="1269" VPOS="2131" HPOS="1131" STYLEREFS="StyleId-8E31076A-7A88-45E7-AA02-9E647977EE88-">
<String CONTENT="in" HEIGHT="52" WIDTH="58" VPOS="2132" HPOS="1131"/>
<SP HEIGHT="51" WIDTH="40" VPOS="2133" HPOS="1190"/>
<String CONTENT="Penal" HEIGHT="53" WIDTH="181" VPOS="2131" HPOS="1231"/>
<SP HEIGHT="55" WIDTH="39" VPOS="2131" HPOS="1413"/>
<String CONTENT="code." HEIGHT="53" WIDTH="151" VPOS="2133" HPOS="1453"/>
<SP HEIGHT="55" WIDTH="79" VPOS="2132" HPOS="1605"/>
<String CONTENT="San" HEIGHT="55" WIDTH="118" VPOS="2132" HPOS="1685"/>
<SP HEIGHT="53" WIDTH="40" VPOS="2132" HPOS="1804"/>
<String CONTENT="Francisco," HEIGHT="67" WIDTH="325" VPOS="2131" HPOS="1845"/>
<SP HEIGHT="67" WIDTH="39" VPOS="2131" HPOS="2171"/>
<String CONTENT="A." HEIGHT="52" WIDTH="71" VPOS="2131" HPOS="2211"/>
<SP HEIGHT="55" WIDTH="42" VPOS="2131" HPOS="2283"/>
<String CONTENT="V." HEIGHT="55" WIDTH="74" VPOS="2131" HPOS="2326"/>
</TextLine>
<TextLine HEIGHT="69" WIDTH="544" VPOS="2210" HPOS="379" STYLEREFS="StyleId-8E31076A-7A88-45E7-AA02-9E647977EE88-" CS="1">
<String CONTENT="Lake" HEIGHT="56" WIDTH="156" VPOS="2210" HPOS="379"/>
<SP HEIGHT="51" WIDTH="25" VPOS="2215" HPOS="536"/>
<String CONTENT="&amp;" HEIGHT="50" WIDTH="45" VPOS="2215" HPOS="562"/>
<SP HEIGHT="50" WIDTH="24" VPOS="2215" HPOS="608"/>
<String CONTENT="co." HEIGHT="36" WIDTH="79" VPOS="2230" HPOS="633"/>
<SP HEIGHT="32" WIDTH="33" VPOS="2247" HPOS="713"/>
<String CS="1" CONTENT="["/>
<String STYLE="superscript" CONTENT="c" HEIGHT="22" WIDTH="18" VPOS="2217" HPOS="765"/>
<String CS="1" CONTENT="1933]" HEIGHT="50" WIDTH="134" VPOS="2215" HPOS="789"/>
</TextLine>
<TextLine HEIGHT="51" WIDTH="827" VPOS="2284" HPOS="449" CS="1">
<String CONTENT="2" HEIGHT="38" WIDTH="26" VPOS="2287" HPOS="449"/>
<SP HEIGHT="47" WIDTH="25" VPOS="2287" HPOS="476"/>
<String CONTENT="p." HEIGHT="38" WIDTH="44" VPOS="2296" HPOS="502"/>
<SP HEIGHT="40" WIDTH="24" VPOS="2286" HPOS="547"/>
<String CS="1" CONTENT="l.," HEIGHT="12" WIDTH="24" VPOS="2317" HPOS="593"/>
<SP HEIGHT="31" WIDTH="26" VPOS="2298" HPOS="618"/>
<String CONTENT="vii-xi," HEIGHT="48" WIDTH="167" VPOS="2285" HPOS="645"/>
<SP HEIGHT="29" WIDTH="30" VPOS="2306" HPOS="813"/>
<String CONTENT="[1]," HEIGHT="49" WIDTH="72" VPOS="2286" HPOS="844"/>
<SP HEIGHT="46" WIDTH="27" VPOS="2286" HPOS="917"/>
<String CONTENT="639" HEIGHT="42" WIDTH="88" VPOS="2285" HPOS="945"/>
<SP HEIGHT="49" WIDTH="24" VPOS="2285" HPOS="1034"/>
<String CONTENT="p." HEIGHT="37" WIDTH="42" VPOS="2297" HPOS="1059"/>
<SP HEIGHT="39" WIDTH="55" VPOS="2286" HPOS="1102"/>
<String CS="1" CONTENT="19cm." HEIGHT="42" WIDTH="118" VPOS="2284" HPOS="1158"/>
</TextLine>
<TextLine HEIGHT="47" WIDTH="1327" VPOS="2342" HPOS="455" CS="1">
<String CONTENT="Lettered" HEIGHT="40" WIDTH="228" VPOS="2344" HPOS="455"/>
<SP HEIGHT="38" WIDTH="29" VPOS="2345" HPOS="684"/>
<String CONTENT="on" HEIGHT="28" WIDTH="59" VPOS="2355" HPOS="714"/>
<SP HEIGHT="29" WIDTH="28" VPOS="2355" HPOS="774"/>
<String CS="1" CONTENT="cover:" HEIGHT="30" WIDTH="141" VPOS="2354" HPOS="803"/>
<SP HEIGHT="41" WIDTH="30" VPOS="2343" HPOS="973"/>
<String CONTENT="California" HEIGHT="42" WIDTH="275" VPOS="2342" HPOS="1004"/>
<SP HEIGHT="40" WIDTH="30" VPOS="2343" HPOS="1280"/>
<String CONTENT="Penal" HEIGHT="39" WIDTH="150" VPOS="2343" HPOS="1311"/>
<SP HEIGHT="40" WIDTH="29" VPOS="2343" HPOS="1462"/>
<String CONTENT="code," HEIGHT="47" WIDTH="129" VPOS="2342" HPOS="1492"/>
<SP HEIGHT="47" WIDTH="30" VPOS="2342" HPOS="1622"/>
<String CONTENT="1933." HEIGHT="41" WIDTH="129" VPOS="2342" HPOS="1653"/>
</TextLine>
<TextLine HEIGHT="55" WIDTH="2018" VPOS="2408" HPOS="383" CS="1">
<String CONTENT="&#169;" HEIGHT="52" WIDTH="52" VPOS="2411" HPOS="383"/>
<SP HEIGHT="52" WIDTH="30" VPOS="2411" HPOS="436"/>
<String CONTENT="Aug." HEIGHT="45" WIDTH="119" VPOS="2415" HPOS="467"/>
<SP HEIGHT="40" WIDTH="30" VPOS="2414" HPOS="587"/>
<String CONTENT="24," HEIGHT="42" WIDTH="70" VPOS="2414" HPOS="618"/>
<SP HEIGHT="40" WIDTH="30" VPOS="2416" HPOS="689"/>
<String CS="1" CONTENT="1933:" HEIGHT="40" WIDTH="114" VPOS="2414" HPOS="720"/>
<SP HEIGHT="40" WIDTH="32" VPOS="2414" HPOS="862"/>
<String CONTENT="2c." HEIGHT="40" WIDTH="68" VPOS="2414" HPOS="895"/>
<SP HEIGHT="30" WIDTH="30" VPOS="2424" HPOS="964"/>
<String CONTENT="and" HEIGHT="39" WIDTH="95" VPOS="2414" HPOS="995"/>
<SP HEIGHT="39" WIDTH="30" VPOS="2414" HPOS="1091"/>
<String CONTENT="aff." HEIGHT="41" WIDTH="82" VPOS="2412" HPOS="1122"/>
<SP HEIGHT="40" WIDTH="35" VPOS="2413" HPOS="1205"/>
<String CONTENT="Sept." HEIGHT="47" WIDTH="127" VPOS="2413" HPOS="1241"/>
<SP HEIGHT="38" WIDTH="32" VPOS="2413" HPOS="1369"/>
<String CONTENT="11:" HEIGHT="39" WIDTH="83" VPOS="2413" HPOS="1402"/>
<SP HEIGHT="39" WIDTH="31" VPOS="2413" HPOS="1486"/>
<!-- cceid 4887DDF9-6CF9-1014-A6CF-A82867D68027 --><String CONTENT="A" HEIGHT="38" WIDTH="40" VPOS="2413" HPOS="1518"/>
<SP HEIGHT="40" WIDTH="30" VPOS="2412" HPOS="1559"/>
<String CONTENT="64975;" HEIGHT="46" WIDTH="172" VPOS="2412" HPOS="1590"/>
<SP HEIGHT="46" WIDTH="32" VPOS="2412" HPOS="1763"/>
<String CONTENT="A." HEIGHT="40" WIDTH="55" VPOS="2412" HPOS="1796"/>
<SP HEIGHT="39" WIDTH="29" VPOS="2413" HPOS="1852"/>
<String CONTENT="Y." HEIGHT="40" WIDTH="54" VPOS="2413" HPOS="1882"/>
<SP HEIGHT="40" WIDTH="31" VPOS="2413" HPOS="1937"/>
<String CONTENT="Lake" HEIGHT="40" WIDTH="132" VPOS="2413" HPOS="1969"/>
<SP HEIGHT="40" WIDTH="29" VPOS="2413" HPOS="2102"/>
<String CONTENT="&amp;" HEIGHT="40" WIDTH="35" VPOS="2413" HPOS="2132"/>
<SP HEIGHT="40" WIDTH="29" VPOS="2413" HPOS="2168"/>
<String CONTENT="co." HEIGHT="31" WIDTH="68" VPOS="2422" HPOS="2198"/>
<SP HEIGHT="29" WIDTH="63" VPOS="2432" HPOS="2267"/>
<String CS="1" CONTENT="[&#169;" HEIGHT="52" WIDTH="52" VPOS="2408" HPOS="2349"/>
</TextLine>
<TextLine HEIGHT="51" WIDTH="691" VPOS="2469" HPOS="453">
<String CONTENT="new" HEIGHT="29" WIDTH="107" VPOS="2482" HPOS="453"/>
<SP HEIGHT="29" WIDTH="30" VPOS="2482" HPOS="561"/>
<String CONTENT="matter]" HEIGHT="46" WIDTH="195" VPOS="2474" HPOS="592"/>
<SP HEIGHT="51" WIDTH="73" VPOS="2469" HPOS="788"/>
<String CONTENT="(33-23820)" HEIGHT="49" WIDTH="282" VPOS="2469" HPOS="862"/>
</TextLine>
<TextLine HEIGHT="67" WIDTH="539" VPOS="2574" HPOS="378" STYLEREFS="StyleId-A7D5FBD7-FE01-4753-A687-EDEF329614B3-">
<String CONTENT="Calland," HEIGHT="67" WIDTH="262" VPOS="2574" HPOS="378"/>
<SP HEIGHT="66" WIDTH="29" VPOS="2575" HPOS="641"/>
<String CONTENT="Annice." HEIGHT="56" WIDTH="246" VPOS="2574" HPOS="671"/>
</TextLine>
<TextLine HEIGHT="71" WIDTH="1948" VPOS="2651" HPOS="451" STYLEREFS="StyleId-8E31076A-7A88-45E7-AA02-9E647977EE88-">
<String CONTENT="Grape" HEIGHT="69" WIDTH="194" VPOS="2653" HPOS="451"/>
<SP HEIGHT="35" WIDTH="37" VPOS="2674" HPOS="646"/>
<String CONTENT="with" HEIGHT="53" WIDTH="141" VPOS="2653" HPOS="684"/>
<SP HEIGHT="52" WIDTH="36" VPOS="2654" HPOS="826"/>
<String CONTENT="thorn," HEIGHT="66" WIDTH="191" VPOS="2654" HPOS="863"/>
<SP HEIGHT="67" WIDTH="34" VPOS="2653" HPOS="1055"/>
<String CONTENT="by" HEIGHT="68" WIDTH="76" VPOS="2653" HPOS="1090"/>
<SP HEIGHT="68" WIDTH="35" VPOS="2653" HPOS="1167"/>
<String CONTENT="Annice" HEIGHT="54" WIDTH="222" VPOS="2651" HPOS="1203"/>
<SP HEIGHT="55" WIDTH="39" VPOS="2652" HPOS="1426"/>
<String CONTENT="Calland." HEIGHT="55" WIDTH="261" VPOS="2652" HPOS="1466"/>
<SP HEIGHT="55" WIDTH="77" VPOS="2651" HPOS="1728"/>
<String CONTENT="Carmel-by-the-sea," HEIGHT="69" WIDTH="593" VPOS="2651" HPOS="1806"/>
</TextLine>
<TextLine HEIGHT="69" WIDTH="377" VPOS="2731" HPOS="382" STYLEREFS="StyleId-8E31076A-7A88-45E7-AA02-9E647977EE88-">
<String CONTENT="Calif.," HEIGHT="69" WIDTH="196" VPOS="2731" HPOS="382"/>
<SP HEIGHT="62" WIDTH="29" VPOS="2738" HPOS="579"/>
<String CONTENT="1933." HEIGHT="50" WIDTH="150" VPOS="2737" HPOS="609"/>
</TextLine>
<TextLine HEIGHT="52" WIDTH="341" VPOS="2805" HPOS="455">
<String CONTENT="[65]" HEIGHT="52" WIDTH="85" VPOS="2805" HPOS="455"/>
<SP HEIGHT="41" WIDTH="31" VPOS="2816" HPOS="541"/>
<String CONTENT="p." HEIGHT="38" WIDTH="45" VPOS="2816" HPOS="573"/>
<SP HEIGHT="43" WIDTH="58" VPOS="2806" HPOS="619"/>
<String CONTENT="14" HEIGHT="39" WIDTH="56" VPOS="2806" HPOS="678"/>
<String STYLE="superscript" CONTENT="cm" HEIGHT="21" WIDTH="44" VPOS="2809" HPOS="737"/>
<String CONTENT="." HEIGHT="9" WIDTH="9" VPOS="2838" HPOS="787"/>
</TextLine>
<TextLine HEIGHT="40" WIDTH="192" VPOS="2865" HPOS="451">
<String CONTENT="Verses." HEIGHT="40" WIDTH="192" VPOS="2865" HPOS="451"/>
</TextLine>
<TextLine HEIGHT="53" WIDTH="2019" VPOS="2933" HPOS="383">
<String CONTENT="&#169;" HEIGHT="52" WIDTH="53" VPOS="2933" HPOS="383"/>
<SP HEIGHT="52" WIDTH="24" VPOS="2933" HPOS="437"/>
<String CONTENT="Aug." HEIGHT="46" WIDTH="121" VPOS="2937" HPOS="462"/>
<SP HEIGHT="40" WIDTH="23" VPOS="2938" HPOS="584"/>
<String CONTENT="5," HEIGHT="42" WIDTH="39" VPOS="2938" HPOS="608"/>
<SP HEIGHT="42" WIDTH="25" VPOS="2938" HPOS="648"/>
<String CONTENT="1933:" HEIGHT="42" WIDTH="142" VPOS="2937" HPOS="674"/>
<SP HEIGHT="41" WIDTH="24" VPOS="2938" HPOS="817"/>
<String CONTENT="2c." HEIGHT="40" WIDTH="68" VPOS="2938" HPOS="842"/>
<SP HEIGHT="39" WIDTH="24" VPOS="2937" HPOS="911"/>
<String CONTENT="Aug." HEIGHT="48" WIDTH="119" VPOS="2937" HPOS="936"/>
<SP HEIGHT="41" WIDTH="27" VPOS="2937" HPOS="1056"/>
<String CONTENT="9;" HEIGHT="43" WIDTH="52" VPOS="2937" HPOS="1084"/>
<SP HEIGHT="32" WIDTH="27" VPOS="2948" HPOS="1137"/>
<String CONTENT="aff." HEIGHT="41" WIDTH="82" VPOS="2937" HPOS="1165"/>
<SP HEIGHT="39" WIDTH="25" VPOS="2937" HPOS="1248"/>
<String CONTENT="Aug." HEIGHT="49" WIDTH="121" VPOS="2937" HPOS="1274"/>
<SP HEIGHT="40" WIDTH="24" VPOS="2937" HPOS="1396"/>
<String CONTENT="28;" HEIGHT="46" WIDTH="83" VPOS="2937" HPOS="1421"/>
<SP HEIGHT="46" WIDTH="27" VPOS="2937" HPOS="1505"/>
<!-- cceid 488826AB-6CF9-1014-A6CF-A82867D68027 --><String CONTENT="A" HEIGHT="39" WIDTH="42" VPOS="2937" HPOS="1533"/>
<SP HEIGHT="41" WIDTH="22" VPOS="2936" HPOS="1576"/>
<String CONTENT="65066;" HEIGHT="47" WIDTH="173" VPOS="2936" HPOS="1599"/>
<SP HEIGHT="47" WIDTH="27" VPOS="2936" HPOS="1773"/>
<String CONTENT="Annice" HEIGHT="40" WIDTH="185" VPOS="2936" HPOS="1801"/>
<SP HEIGHT="41" WIDTH="25" VPOS="2936" HPOS="1987"/>
<String CONTENT="Calland" HEIGHT="41" WIDTH="208" VPOS="2936" HPOS="2013"/>
<SP HEIGHT="40" WIDTH="25" VPOS="2936" HPOS="2222"/>
<String CONTENT="Price," HEIGHT="47" WIDTH="154" VPOS="2934" HPOS="2248"/>
</TextLine>
<TextLine HEIGHT="50" WIDTH="740" VPOS="2993" HPOS="452">
<String CONTENT="Carmel," HEIGHT="48" WIDTH="207" VPOS="2994" HPOS="452"/>
<SP HEIGHT="47" WIDTH="31" VPOS="2995" HPOS="660"/>
<String CONTENT="Calif." HEIGHT="41" WIDTH="145" VPOS="2994" HPOS="692"/>
<SP HEIGHT="48" WIDTH="70" VPOS="2995" HPOS="838"/>
<String CONTENT="(33-23960)" HEIGHT="50" WIDTH="283" VPOS="2993" HPOS="909"/>
</TextLine>
<TextLine HEIGHT="67" WIDTH="955" VPOS="3099" HPOS="379" STYLEREFS="StyleId-A7D5FBD7-FE01-4753-A687-EDEF329614B3-">
<String CONTENT="Cameron," HEIGHT="64" WIDTH="309" VPOS="3099" HPOS="379"/>
<SP HEIGHT="62" WIDTH="28" VPOS="3101" HPOS="689"/>
<String CONTENT="Lady" HEIGHT="67" WIDTH="167" VPOS="3099" HPOS="718"/>
<SP HEIGHT="67" WIDTH="26" VPOS="3099" HPOS="886"/>
<String CONTENT="Mary," HEIGHT="64" WIDTH="193" VPOS="3099" HPOS="913"/>
<SP HEIGHT="49" WIDTH="28" VPOS="3117" HPOS="1107"/>
<String CONTENT="pseud." HEIGHT="66" WIDTH="198" VPOS="3100" HPOS="1136"/>
</TextLine>
<TextLine HEIGHT="70" WIDTH="1948" VPOS="3176" HPOS="453" STYLEREFS="StyleId-8E31076A-7A88-45E7-AA02-9E647977EE88-" CS="1">
<String CONTENT="Mr." HEIGHT="53" WIDTH="110" VPOS="3177" HPOS="453"/>
<SP HEIGHT="52" WIDTH="41" VPOS="3178" HPOS="564"/>
<String CONTENT="Dayton," HEIGHT="67" WIDTH="253" VPOS="3178" HPOS="606"/>
<SP HEIGHT="65" WIDTH="39" VPOS="3179" HPOS="860"/>
<String CONTENT="darling!" HEIGHT="69" WIDTH="263" VPOS="3177" HPOS="900"/>
<SP HEIGHT="53" WIDTH="79" VPOS="3177" HPOS="1164"/>
<String CONTENT="By" HEIGHT="66" WIDTH="91" VPOS="3179" HPOS="1244"/>
<SP HEIGHT="67" WIDTH="40" VPOS="3178" HPOS="1336"/>
<String CONTENT="Lady" HEIGHT="69" WIDTH="166" VPOS="3177" HPOS="1377"/>
<SP HEIGHT="68" WIDTH="36" VPOS="3178" HPOS="1544"/>
<String CONTENT="Mary" HEIGHT="67" WIDTH="173" VPOS="3178" HPOS="1581"/>
<SP HEIGHT="68" WIDTH="40" VPOS="3177" HPOS="1755"/>
<String CONTENT="Cameron" HEIGHT="55" WIDTH="279" VPOS="3177" HPOS="1796"/>
<SP HEIGHT="36" WIDTH="46" VPOS="3192" HPOS="2076"/>
<String CS="1" CONTENT="&#8230;"/>
<SP HEIGHT="52" WIDTH="79" VPOS="3176" HPOS="2180"/>
<String CONTENT="New" HEIGHT="52" WIDTH="141" VPOS="3176" HPOS="2260"/>
</TextLine>
<TextLine HEIGHT="69" WIDTH="1121" VPOS="3255" HPOS="384" STYLEREFS="StyleId-8E31076A-7A88-45E7-AA02-9E647977EE88-" CS="1">
<String CONTENT="York," HEIGHT="66" WIDTH="178" VPOS="3255" HPOS="384"/>
<SP HEIGHT="65" WIDTH="31" VPOS="3256" HPOS="563"/>
<String CONTENT="Coward-McCann," HEIGHT="68" WIDTH="557" VPOS="3256" HPOS="595"/>
<SP HEIGHT="69" WIDTH="32" VPOS="3255" HPOS="1153"/>
<String CONTENT="inc." HEIGHT="55" WIDTH="105" VPOS="3255" HPOS="1186"/>
<SP HEIGHT="33" WIDTH="37" VPOS="3291" HPOS="1292"/>
<String STYLE="subscript" CONTENT="[" HEIGHT="33" WIDTH="12" VPOS="3291" HPOS="1330"/>
<String STYLE="superscript" CONTENT="c" HEIGHT="22" WIDTH="18" VPOS="3262" HPOS="1347"/>
<String CS="1" CONTENT="1933]" HEIGHT="50" WIDTH="134" VPOS="3259" HPOS="1371"/>
</TextLine>
<TextLine HEIGHT="49" WIDTH="442" VPOS="3329" HPOS="452" STYLEREFS="StyleId-8E31076A-7A88-45E7-AA02-9E647977EE88-" CS="1">
<String CONTENT="v," HEIGHT="38" WIDTH="43" VPOS="3338" HPOS="452"/>
<SP HEIGHT="46" WIDTH="27" VPOS="3330" HPOS="496"/>
<String CONTENT="311" HEIGHT="40" WIDTH="87" VPOS="3330" HPOS="524"/>
<SP HEIGHT="47" WIDTH="29" VPOS="3331" HPOS="612"/>
<String CONTENT="p." HEIGHT="38" WIDTH="44" VPOS="3340" HPOS="642"/>
<SP HEIGHT="40" WIDTH="59" VPOS="3331" HPOS="687"/>
<String CS="1" CONTENT="19&#189;" HEIGHT="42" WIDTH="56" VPOS="3329" HPOS="747"/>
<String STYLE="superscript" CONTENT="cm" HEIGHT="21" WIDTH="43" VPOS="3333" HPOS="836"/>
<String CONTENT="." HEIGHT="8" WIDTH="9" VPOS="3363" HPOS="885"/>
</TextLine>
<TextLine HEIGHT="50" WIDTH="1447" VPOS="3386" HPOS="455">
<String CONTENT="&#8220;First" HEIGHT="42" WIDTH="162" VPOS="3386" HPOS="455"/>
<SP HEIGHT="37" WIDTH="25" VPOS="3390" HPOS="618"/>
<String CONTENT="edition" HEIGHT="41" WIDTH="183" VPOS="3387" HPOS="644"/>
<SP HEIGHT="40" WIDTH="26" VPOS="3387" HPOS="828"/>
<String CONTENT="August" HEIGHT="49" WIDTH="191" VPOS="3387" HPOS="855"/>
<SP HEIGHT="40" WIDTH="25" VPOS="3388" HPOS="1047"/>
<String CONTENT="1933;" HEIGHT="48" WIDTH="142" VPOS="3387" HPOS="1073"/>
<SP HEIGHT="36" WIDTH="30" VPOS="3399" HPOS="1216"/>
<String CONTENT="reprinted" HEIGHT="49" WIDTH="249" VPOS="3387" HPOS="1247"/>
<SP HEIGHT="41" WIDTH="26" VPOS="3387" HPOS="1497"/>
<String CONTENT="August" HEIGHT="49" WIDTH="192" VPOS="3387" HPOS="1524"/>
<SP HEIGHT="41" WIDTH="24" VPOS="3387" HPOS="1717"/>
<String CONTENT="1933.&#8221;" HEIGHT="42" WIDTH="160" VPOS="3386" HPOS="1742"/>
</TextLine>
<TextLine HEIGHT="55" WIDTH="2019" VPOS="3445" HPOS="383">
<String CONTENT="&#169;" HEIGHT="52" WIDTH="52" VPOS="3445" HPOS="383"/>
<SP HEIGHT="52" WIDTH="29" VPOS="3445" HPOS="436"/>
<String CONTENT="Aug." HEIGHT="47" WIDTH="120" VPOS="3450" HPOS="466"/>
<SP HEIGHT="40" WIDTH="29" VPOS="3450" HPOS="587"/>
<String CONTENT="29," HEIGHT="47" WIDTH="68" VPOS="3450" HPOS="617"/>
<SP HEIGHT="45" WIDTH="30" VPOS="3452" HPOS="686"/>
<String CONTENT="1933;" HEIGHT="45" WIDTH="141" VPOS="3452" HPOS="717"/>
<SP HEIGHT="45" WIDTH="31" VPOS="3452" HPOS="859"/>
<String CONTENT="2c." HEIGHT="39" WIDTH="67" VPOS="3452" HPOS="891"/>
<SP HEIGHT="40" WIDTH="33" VPOS="3452" HPOS="959"/>
<String CONTENT="Sept." HEIGHT="48" WIDTH="128" VPOS="3452" HPOS="993"/>
<SP HEIGHT="41" WIDTH="30" VPOS="3453" HPOS="1122"/>
<String CONTENT="15;" HEIGHT="45" WIDTH="83" VPOS="3453" HPOS="1153"/>
<SP HEIGHT="35" WIDTH="31" VPOS="3463" HPOS="1237"/>
<String CONTENT="aff." HEIGHT="42" WIDTH="82" VPOS="3450" HPOS="1269"/>
<SP HEIGHT="40" WIDTH="35" VPOS="3452" HPOS="1352"/>
<String CONTENT="Sept." HEIGHT="47" WIDTH="128" VPOS="3452" HPOS="1388"/>
<SP HEIGHT="39" WIDTH="31" VPOS="3452" HPOS="1517"/>
<String CONTENT="14;" HEIGHT="46" WIDTH="81" VPOS="3451" HPOS="1549"/>
<SP HEIGHT="47" WIDTH="33" VPOS="3450" HPOS="1631"/>
<!-- cceid 488872B5-6CF9-1014-A6CF-A82867D68027 --><String CONTENT="A" HEIGHT="38" WIDTH="40" VPOS="3450" HPOS="1665"/>
<SP HEIGHT="40" WIDTH="30" VPOS="3449" HPOS="1706"/>
<String CONTENT="65239;" HEIGHT="48" WIDTH="171" VPOS="3449" HPOS="1737"/>
<SP HEIGHT="49" WIDTH="32" VPOS="3448" HPOS="1909"/>
<String CONTENT="Coward-McCann," HEIGHT="42" WIDTH="460" VPOS="3447" HPOS="1942"/>
</TextLine>
<TextLine HEIGHT="50" WIDTH="446" VPOS="3506" HPOS="450">
<String CONTENT="inc." HEIGHT="42" WIDTH="91" VPOS="3506" HPOS="450"/>
<SP HEIGHT="48" WIDTH="70" VPOS="3508" HPOS="542"/>
<String CONTENT="(33-23925)" HEIGHT="48" WIDTH="283" VPOS="3508" HPOS="613"/>
</TextLine>
<TextLine HEIGHT="72" WIDTH="1087" VPOS="3607" HPOS="377" STYLEREFS="StyleId-A7D5FBD7-FE01-4753-A687-EDEF329614B3-">
<String CONTENT="Coblentz," HEIGHT="69" WIDTH="299" VPOS="3607" HPOS="377"/>
<SP HEIGHT="63" WIDTH="31" VPOS="3613" HPOS="677"/>
<String CONTENT="Stanton" HEIGHT="54" WIDTH="255" VPOS="3613" HPOS="709"/>
<SP HEIGHT="54" WIDTH="32" VPOS="3612" HPOS="965"/>
<String CONTENT="Arthur," HEIGHT="67" WIDTH="254" VPOS="3612" HPOS="998"/>
<SP HEIGHT="61" WIDTH="35" VPOS="3618" HPOS="1253"/>
<String CONTENT="1896-" HEIGHT="51" WIDTH="175" VPOS="3616" HPOS="1289"/>
</TextLine>
<TextLine HEIGHT="72" WIDTH="1946" VPOS="3687" HPOS="454" STYLEREFS="StyleId-8E31076A-7A88-45E7-AA02-9E647977EE88-">
<String CONTENT="Songs" HEIGHT="72" WIDTH="185" VPOS="3687" HPOS="454"/>
<SP HEIGHT="34" WIDTH="45" VPOS="3709" HPOS="640"/>
<String CONTENT="of" HEIGHT="53" WIDTH="64" VPOS="3690" HPOS="686"/>
<SP HEIGHT="54" WIDTH="43" VPOS="3690" HPOS="751"/>
<String CONTENT="the" HEIGHT="51" WIDTH="97" VPOS="3693" HPOS="795"/>
<SP HEIGHT="35" WIDTH="43" VPOS="3709" HPOS="893"/>
<String CONTENT="redwoods" HEIGHT="53" WIDTH="296" VPOS="3693" HPOS="937"/>
<SP HEIGHT="35" WIDTH="47" VPOS="3711" HPOS="1234"/>
<String CONTENT="and" HEIGHT="53" WIDTH="114" VPOS="3693" HPOS="1282"/>
<SP HEIGHT="53" WIDTH="45" VPOS="3693" HPOS="1397"/>
<String CONTENT="other" HEIGHT="54" WIDTH="164" VPOS="3692" HPOS="1443"/>
<SP HEIGHT="50" WIDTH="45" VPOS="3709" HPOS="1608"/>
<String CONTENT="poems," HEIGHT="51" WIDTH="211" VPOS="3708" HPOS="1654"/>
<SP HEIGHT="70" WIDTH="43" VPOS="3688" HPOS="1866"/>
<String CONTENT="by" HEIGHT="70" WIDTH="77" VPOS="3688" HPOS="1910"/>
<SP HEIGHT="69" WIDTH="44" VPOS="3689" HPOS="1988"/>
<String CONTENT="Stanton" HEIGHT="55" WIDTH="248" VPOS="3689" HPOS="2033"/>
<SP HEIGHT="52" WIDTH="47" VPOS="3688" HPOS="2282"/>
<String CONTENT="A." HEIGHT="53" WIDTH="70" VPOS="3688" HPOS="2330"/>
</TextLine>
<TextLine HEIGHT="74" WIDTH="2019" VPOS="3767" HPOS="381" STYLEREFS="StyleId-8E31076A-7A88-45E7-AA02-9E647977EE88-" CS="1">
<String CONTENT="Coblentz" HEIGHT="56" WIDTH="275" VPOS="3767" HPOS="381"/>
<SP HEIGHT="33" WIDTH="45" VPOS="3790" HPOS="657"/>
<String CS="1" CONTENT="&#8230;"/>
<SP HEIGHT="52" WIDTH="79" VPOS="3772" HPOS="761"/>
<String CONTENT="Los" HEIGHT="53" WIDTH="111" VPOS="3772" HPOS="841"/>
<SP HEIGHT="52" WIDTH="39" VPOS="3773" HPOS="953"/>
<String CONTENT="Angeles," HEIGHT="68" WIDTH="268" VPOS="3773" HPOS="993"/>
<SP HEIGHT="65" WIDTH="43" VPOS="3774" HPOS="1262"/>
<String CONTENT="San" HEIGHT="55" WIDTH="118" VPOS="3774" HPOS="1306"/>
<SP HEIGHT="52" WIDTH="43" VPOS="3773" HPOS="1425"/>
<String CONTENT="Francisco," HEIGHT="65" WIDTH="328" VPOS="3770" HPOS="1469"/>
<SP HEIGHT="67" WIDTH="39" VPOS="3768" HPOS="1798"/>
<String CONTENT="Overland-outwest" HEIGHT="56" WIDTH="562" VPOS="3768" HPOS="1838"/>
</TextLine>
<TextLine HEIGHT="71" WIDTH="587" VPOS="3846" HPOS="378" STYLEREFS="StyleId-8E31076A-7A88-45E7-AA02-9E647977EE88-">
<String CONTENT="publications," HEIGHT="71" WIDTH="402" VPOS="3846" HPOS="378"/>
<SP HEIGHT="61" WIDTH="32" VPOS="3856" HPOS="781"/>
<String CONTENT="1933." HEIGHT="51" WIDTH="151" VPOS="3855" HPOS="814"/>
</TextLine>
<TextLine HEIGHT="52" WIDTH="925" VPOS="3922" HPOS="451" CS="1">
<String CONTENT="77" HEIGHT="39" WIDTH="56" VPOS="3922" HPOS="451"/>
<SP/>
<String CS="1" CONTENT="p.,"/>
<SP/>
<String CS="1" CONTENT="1"/>
<SP/>
<String CS="1" CONTENT="l."/>
<SP HEIGHT="40" WIDTH="29" VPOS="3923" HPOS="704"/>
<String CONTENT="incl." HEIGHT="42" WIDTH="111" VPOS="3923" HPOS="734"/>
<SP HEIGHT="29" WIDTH="25" VPOS="3936" HPOS="846"/>
<String CONTENT="mounted" HEIGHT="40" WIDTH="231" VPOS="3926" HPOS="872"/>
<SP HEIGHT="48" WIDTH="29" VPOS="3926" HPOS="1104"/>
<String CS="1" CONTENT="pl." HEIGHT="37" WIDTH="61" VPOS="3937" HPOS="1134"/>
<SP HEIGHT="41" WIDTH="60" VPOS="3925" HPOS="1196"/>
<String CONTENT="22" HEIGHT="40" WIDTH="56" VPOS="3925" HPOS="1257"/>
<String STYLE="superscript" CONTENT="cm" HEIGHT="21" WIDTH="43" VPOS="3928" HPOS="1316"/>
<String CONTENT="." HEIGHT="7" WIDTH="9" VPOS="3958" HPOS="1367"/>
</TextLine>
<TextLine HEIGHT="55" WIDTH="1877" VPOS="3973" HPOS="379" CS="1">
<String CONTENT="&#169;" HEIGHT="53" WIDTH="53" VPOS="3973" HPOS="379"/>
<SP HEIGHT="53" WIDTH="31" VPOS="3973" HPOS="433"/>
<String CONTENT="July" HEIGHT="48" WIDTH="119" VPOS="3979" HPOS="465"/>
<SP HEIGHT="46" WIDTH="27" VPOS="3981" HPOS="585"/>
<String CONTENT="26." HEIGHT="42" WIDTH="70" VPOS="3980" HPOS="613"/>
<SP HEIGHT="40" WIDTH="30" VPOS="3982" HPOS="684"/>
<String CONTENT="1933;" HEIGHT="47" WIDTH="142" VPOS="3981" HPOS="715"/>
<SP HEIGHT="45" WIDTH="32" VPOS="3983" HPOS="858"/>
<String CONTENT="2c." HEIGHT="40" WIDTH="67" VPOS="3983" HPOS="891"/>
<SP HEIGHT="28" WIDTH="32" VPOS="3995" HPOS="959"/>
<String CONTENT="and" HEIGHT="40" WIDTH="95" VPOS="3985" HPOS="992"/>
<SP HEIGHT="40" WIDTH="33" VPOS="3985" HPOS="1088"/>
<String CONTENT="aff." HEIGHT="42" WIDTH="82" VPOS="3983" HPOS="1122"/>
<SP HEIGHT="40" WIDTH="36" VPOS="3983" HPOS="1205"/>
<String CONTENT="Sept." HEIGHT="44" WIDTH="129" VPOS="3983" HPOS="1242"/>
<SP HEIGHT="39" WIDTH="34" VPOS="3983" HPOS="1372"/>
<String CONTENT="5:" HEIGHT="40" WIDTH="53" VPOS="3983" HPOS="1407"/>
<SP HEIGHT="42" WIDTH="34" VPOS="3983" HPOS="1461"/>
<!-- cceid 4888BE43-6CF9-1014-A6CF-A82867D68027 --><String CONTENT="A" HEIGHT="42" WIDTH="35" VPOS="3983" HPOS="1496"/>
<SP HEIGHT="43" WIDTH="36" VPOS="3982" HPOS="1532"/>
<String CONTENT="65112;" HEIGHT="44" WIDTH="174" VPOS="3981" HPOS="1569"/>
<SP HEIGHT="43" WIDTH="36" VPOS="3980" HPOS="1744"/>
<String CONTENT="Overland-outwest" HEIGHT="39" WIDTH="475" VPOS="3980" HPOS="1781"/>
</TextLine>
<TextLine HEIGHT="111" WIDTH="1936" VPOS="3977" HPOS="449" CS="1">
<String CONTENT="publications." HEIGHT="101" WIDTH="1936" VPOS="3977" HPOS="449"/>
<SP HEIGHT="49" WIDTH="71" VPOS="4038" HPOS="693"/>
<String CONTENT="(33-23959)" HEIGHT="50" WIDTH="282" VPOS="4038" HPOS="765"/>
</TextLine>
</TextBlock>
</PrintSpace>
</Page>
</Layout>
</alto>