2484 4405
0 0 0 0 941
431 456 220 43 CONTENTS.--Text:
679 459 101 39 The
804 457 208 51 opening
1037 458 52 40 of
1116 459 80 41 the
1222 460 123 39 book
1371 459 52 41 of
1449 460 82 39 the
1554 459 111 47 law,
1692 467 129 40 upon
1847 457 81 41 the
1955 459 140 42 walls

94 516 52 40 of
175 517 80 40 the
286 516 230 49 Supreme
546 518 136 37 court
711 514 53 41 of
792 516 81 39 the
904 514 400 43 commonwealth
1337 514 51 42 of
1417 513 375 51 Pennsylvania.
1851 514 101 41 The

94 507 1981 114 miracle
228 573 53 39 of
314 573 189 39 Geneva
524 583 8 35 ;
569 582 146 39 pages
747 572 128 39 from
909 572 80 41 the
1021 572 198 47 journal
1250 572 53 40 of
1334 582 62 31 an
1430 572 145 40 artist
1607 570 49 40 in
1691 571 190 41 Geneva
1916 571 177 49 during

96 630 80 39 the
199 630 179 48 eighth,
402 629 142 41 ninth
568 630 35 39 &
627 629 136 41 tenth
788 628 294 42 Assemblies
1108 629 51 41 of
1184 630 81 39 the
1289 630 190 46 League
1502 629 52 38 of
1578 628 208 46 nations,
1812 628 126 47 1927,
1963 627 129 50 1928,

95 685 127 41 1929.
283 684 344 50 Biographical
674 688 113 38 note
834 687 97 40 and
979 686 238 48 addenda,
1266 685 237 50 compiled
1551 686 62 48 by
1660 685 150 42 Edith
1860 688 233 38 Emerson

105 743 64 48 (p.
205 738 491 55 110-113)—Plates:
730 744 100 40 The
864 743 207 50 opening
1105 744 52 41 of
1190 745 82 39 the
1307 744 124 41 book
1463 744 51 41 of
1548 744 81 41 the
1664 746 109 37 law.
1835 743 260 47 Delegates

97 801 48 37 to
175 800 80 39 the
286 798 266 48 Assembly.
614 799 238 42 Members
884 800 52 42 of
966 801 83 39 the
1081 798 299 44 Secretariat
1411 800 95 41 and
1538 799 52 42 of
1620 801 81 39 the
1734 798 356 44 International

95 855 135 40 labor
261 855 144 43 office.
467 855 264 45 Observers
763 858 95 40 and
892 856 213 42 visitors.

98 909 53 53 ©
181 914 116 42 May
326 914 70 43 26,
426 914 142 43 1933:
601 916 68 39 2c.
700 915 128 42 June
856 918 57 40 3:
945 915 84 41 aff.
1061 916 128 41 June
1221 917 84 43 14;
1339 915 41 41 A
1411 916 144 40 63272
1572 927 11 35 ;
1615 917 55 39 V.
1703 915 200 48 Oakley,
169 906 1908 122 Philadelphia.
447 970 280 52 (33-16589)

91 1071 174 65 Pack,
294 1073 232 56 Arthur
551 1077 271 63 Newton,
854 1082 169 50 1893-

167 1151 295 67 Forestry;
503 1171 71 34 an
611 1154 280 52 economic
929 1152 309 69 challenge,
1276 1153 71 68 by
1383 1153 225 54 Arthur
1643 1153 237 54 Newton
1921 1152 170 55 Pack.

97 1227 134 54 New
267 1226 176 69 York,
474 1228 120 53 The
627 1227 332 56 Macmillan
991 1248 295 51 company,
1323 1233 148 51 1933.

164 1299 28 38 4
222 1310 44 36 p.
296 1300 45 42 l.,
371 1300 84 39 161
486 1310 45 39 p.
589 1300 58 40 20½
676 1302 44 23 cm
726 1333 9 8 .

99 1354 51 52 ©
177 1359 126 41 June
328 1360 68 47 13,
423 1360 114 42 1933
554 1371 10 37 ;
590 1361 69 40 2c.
685 1362 95 40 and
808 1361 82 41 aff.
918 1361 126 42 June
1070 1363 83 47 14;
1182 1363 42 39 A
1250 1363 170 47 63158;
1451 1363 282 42 Macmillan
1759 1375 68 30 co.

177 1415 277 51 (33-16451)

94 1519 335 68 Patterson,
460 1520 175 58 Caleb
662 1524 206 65 Perry,
899 1529 172 51 1880-

163 1597 1933 78 American government, by Caleb Perry Patterson … Rev.
98 1676 1904 77 Boston, New York [etc.] D. C. Heath and company [ c 1933]
165 1750 26 39 3
229 1760 44 37 p.
346 1781 10 17 l.,
398 1750 158 50 [v]-ix,
594 1752 87 40 938
718 1763 44 38 p.
821 1754 182 49 diagrs.
1060 1754 59 39 22½
1149 1756 46 22 cm
1199 1787 10 8 .
1277 1754 255 51 (Lettered
1570 1768 58 29 on
1669 1766 165 33 cover:
1873 1758 223 41 Political

95 1805 187 42 science
306 1807 176 48 series)

166 1863 376 50 Bibliography:
573 1876 44 37 p.
646 1865 218 42 893-903.

100 1916 51 52 ©
182 1922 124 41 June
337 1922 39 47 5,
404 1922 141 47 1933;
576 1924 68 39 2c.
674 1923 126 42 June
828 1925 82 40 12:
944 1925 83 42 aff.
1056 1927 128 40 June
1212 1928 83 46 10;
1325 1927 43 41 A
1396 1929 171 49 62944;
1600 1931 56 38 D.
1689 1931 50 40 C.
1769 1931 166 40 Heath
1965 1931 37 42 &
2031 1943 69 30 co.

176 1978 281 51 (33-16342)

96 2083 178 65 Penn,
304 2084 194 55 Julius
526 2087 333 63 Augustus,
891 2092 171 52 1865-

169 2160 58 51 A
251 2159 289 56 narrative
564 2163 64 51 of
652 2165 95 52 the
772 2164 302 69 campaign
1100 2163 61 55 in
1185 2168 273 53 northern
1484 2169 215 67 Luzon,
1725 2169 64 53 P.
1819 2170 68 68 I.,
1912 2170 64 52 of
2000 2171 96 54 the

101 2237 201 54 second
333 2238 295 70 battalion,
660 2241 134 52 34th
827 2243 70 53 U.
933 2242 57 56 S.
1025 2243 108 53 inf.
1168 2245 336 68 volunteers,
1538 2246 60 53 in
1632 2247 317 55 November
1986 2248 111 54 and

107 2315 319 69 December,
465 2319 149 67 1899,
652 2316 111 56 and
797 2320 279 70 January,
1115 2324 151 67 1900,
1301 2323 151 53 from
1486 2324 221 57 Manila
1742 2324 94 56 via
1872 2325 229 71 Aliaga,

106 2391 275 69 Victoria,
426 2394 249 69 Rosales,
718 2396 283 71 Bautista,
1047 2399 306 71 Dagupan,
1397 2401 119 54 San
1561 2403 239 70 Fabian,
1845 2405 257 68 Candon,

106 2469 353 70 Tangnadan
516 2472 311 72 mountain,
882 2475 296 70 Bangued,
1232 2479 83 54 La
1368 2479 133 68 Paz,
1554 2479 220 72 Banna,
1828 2482 271 72 Dingras,

103 2547 320 71 Manantin,
452 2549 190 70 Gaset,
672 2550 141 71 Pile,
842 2551 237 72 Abulug
1106 2559 57 50 to
1194 2556 233 69 Aparri.
1495 2558 49 52 By
1613 2558 194 58 Julius
1840 2561 66 55 A.
1939 2563 157 53 Penn

167 2626 1927 78 … Printed at request of veterans of the 34th U. S. inf. vol.
105 2704 113 51 For
248 2705 222 67 private
502 2706 349 56 circulation.
926 2709 282 71 [Batavia,
1242 2711 86 69 O.]
1363 2721 20 21 c
1388 2717 149 49 1933.

173 2775 57 40 47
263 2785 43 39 p.
369 2776 57 40 22½
457 2779 44 22 cm
506 2810 8 8 .

106 2830 52 52 ©
187 2837 114 47 May
326 2837 71 47 31,
427 2837 113 42 1933
558 2849 10 36 ;
600 2840 66 39 2c.
698 2841 95 39 and
822 2841 81 39 aff.
935 2842 126 41 June
1090 2843 55 47 2;
1177 2844 42 39 A
1249 2844 168 49 61991;
1452 2847 44 41 J.
1526 2847 55 41 A.
1613 2850 146 47 Penn,
1791 2850 225 51 Batavia,
2049 2854 51 40 O.

185 2892 279 50 (33-16704)

106 2982 221 66 [Ponet,
356 2985 168 53 Mme.
555 2986 236 53 Marthe
828 2988 401 70 (Bordeaux)]

235 3058 1865 81 … Le mystere des stigmatises, de Catherine Emmerich a
104 3135 241 55 Therese
370 3136 316 57 Neumann.
750 3141 185 71 Paris,
964 3144 66 53 B.
1059 3142 234 57 Grasset
1348 3149 151 67 [1933]

173 3208 649 53 5 p. l., 272 p., 1 l. 19 cm .
176 3265 230 41 Author’s
428 3268 179 47 pseud.,
635 3270 185 41 Jeanne
846 3271 309 52 Danemarie,
1185 3276 52 38 at
1265 3276 123 41 head
1416 3277 53 40 of
1493 3278 122 42 title.

176 3320 268 51 “Epilogue,
472 3333 89 39 par
586 3324 208 50 Georges
821 3326 225 49 Goyau”:
1074 3340 44 38 p.
1151 3350 9 30 [
1163 3330 235 52 245]-254.

176 3376 197 43 “Livres
406 3380 298 42 consultes”:
741 3392 43 38 p.
819 3383 218 42 265-269.

104 3437 1996 70 © Jan. 5, 1933; 1c. May 10; A-Foreign 20828; Editions Bernard
178 3499 212 42 Grasset.
462 3501 278 51 (33-16330)

103 3579 259 71 Procter,
390 3585 273 67 William,
695 3587 171 56 1872-

174 3660 320 72 Biological
521 3684 208 52 survey
756 3669 64 52 of
847 3670 98 53 the
970 3673 209 52 Mount
1206 3675 204 53 Desert
1439 3676 215 71 region,
1682 3680 315 56 conducted
2024 3684 78 68 by

105 3738 1996 93 William Procter … part v. A report of the organization,
105 3817 327 72 laboratory
463 3822 342 69 equipment,
838 3828 258 54 methods
1128 3831 112 52 and
1272 3833 211 54 station
1515 3836 124 53 lists
1669 3840 261 68 together
1961 3842 139 53 with

107 3913 31 33 a
178 3894 100 56 list
316 3898 64 53 of
420 3899 96 54 the
554 3901 219 55 marine
812 3905 196 70 fauna,
1051 3908 141 54 with
1235 3911 374 68 descriptions
1653 3918 110 52 and
1806 3921 187 67 places
2037 3922 63 52 of
