2582 4453
1277 4114 133 51 1908

322 436 282 53 National
633 436 282 64 advisory
944 435 224 54 council
1197 452 72 36 on
1298 436 170 51 radio
1494 435 58 52 in
1582 436 333 53 education.

457 512 1878 70 … Proceedings of the third annual assembly of National
324 592 272 69 advisory
647 593 222 53 council
922 611 72 34 on
1047 592 164 54 radio
1265 592 57 52 in
1375 592 323 68 education,
1749 592 127 56 inc.,
1930 595 150 49 1933.
2180 611 51 34 [v.
2285 594 49 64 3]

323 672 189 53 Radio
550 672 113 54 and
700 671 320 54 education.
1098 671 214 53 Edited
1349 672 74 67 by
1460 671 287 68 Levering
1780 673 210 66 Tyson.
2069 670 271 70 Chicago.

322 751 114 68 Ill.,
463 752 124 53 The
613 749 340 67 University
981 750 63 52 of
1074 750 255 68 Chicago
1355 767 159 51 press
1549 783 12 34 [
1566 756 18 21 c
1590 753 152 64 1933]

395 826 81 41 vii.
505 825 85 41 203
619 836 41 37 p.
719 826 180 47 diagrs.
957 825 55 40 23½
1045 827 44 21 cm
1096 857 8 9 .

325 893 52 52 ©
406 898 119 39 Nov.
554 896 69 47 28,
655 896 141 47 1933;
828 896 69 40 2c.
927 896 111 39 Dec.
1070 895 82 48 16;
1186 895 83 42 aff.
1300 896 111 39 Dec.
1443 895 82 46 15;
1559 895 39 39 A
1689 896 111 46 68513;
1836 894 284 48 Universtiy
2151 895 52 39 of
391 893 1932 108 Chicago,
550 954 226 47 Chicago.

324 1055 216 66 Oliver,
571 1059 277 52 Edmund
877 1057 226 65 Henry,
1137 1060 174 50 1882-

395 1137 203 54 Tracts
642 1136 93 53 for
777 1135 237 55 difficult
1054 1136 194 67 times;
1294 1136 296 56 Christian
1632 1137 298 52 literature
1972 1136 64 53 of
2077 1136 264 67 comfort,

323 1214 2017 70 challenge and reconstruction, by Edmund S. [!] Oliver … New
325 1294 181 68 York,
532 1295 210 53 Round
771 1294 153 53 table
951 1312 175 50 press,
1152 1296 127 66 inc.,
1309 1299 151 50 1933.

398 1366 85 50 xii,
512 1368 87 40 212
626 1379 43 37 p.
733 1367 56 41 19
792 1370 44 21 cm
841 1400 9 8 .

326 1427 52 52 ©
410 1432 119 40 Nov.
561 1432 70 40 23.
662 1432 142 42 1933;
839 1431 66 40 2c.
939 1433 96 39 and
1068 1431 82 41 aff.
1184 1433 111 39 Dec.
1329 1433 25 39 7;
1417 1432 41 39 A
1548 1431 112 48 68406;
1699 1432 172 40 Round
1906 1432 131 40 table
2069 1441 150 39 press,
2253 1431 91 40 inc.

407 1489 252 48 (34-1015)

324 1592 290 56 Orthovis
644 1610 309 50 company,
990 1595 270 67 Chicago.

393 1671 123 53 The
544 1671 215 53 animal
785 1671 308 70 kingdom;
1126 1692 29 33 a
1185 1671 258 55 truthful
1472 1673 391 67 presentation
1890 1673 65 53 of
1983 1671 214 55 animal
2225 1673 120 53 life.

323 1749 272 70 Chicago,
625 1750 113 67 Ill.,
767 1751 122 53 The
917 1750 278 55 Orthovis
1224 1769 282 51 company
1541 1785 12 34 [
1558 1757 18 21 c
1582 1755 133 49 1933
1722 1785 12 34 ]

397 1825 85 50 [35]
514 1837 43 37 p.
619 1825 88 41 col.
736 1824 130 42 illus.
927 1825 57 41 27½
1017 1827 45 22 cm
1066 1858 8 8 .

395 1883 116 40 Two
544 1884 331 46 ortho-scopes
908 1883 50 39 in
991 1883 173 47 pocket
1194 1884 232 39 mounted
1459 1894 60 29 on
1553 1883 340 49 lining-paper.

399 1942 84 38 “In
514 1940 99 40 this
641 1940 124 40 book
793 1941 137 39 there
959 1951 84 29 are
1071 1941 256 47 presented
1358 1939 150 41 views
1537 1941 52 39 of
1618 1941 193 40 habitat
1842 1950 179 38 groups
2049 1940 51 40 of
2128 1939 219 46 African,

325 1998 189 40 Asiatic
545 1999 95 39 and
672 1998 158 41 North
860 1998 259 40 American
1151 1998 211 40 animals
1393 1997 149 41 taken
1571 1998 129 40 from
1732 2008 175 36 among
1939 2000 82 38 the
2052 1997 214 42 exhibits
2297 2002 49 36 at

326 2057 81 40 the
435 2056 138 41 Field
601 2066 221 31 museum
851 2055 51 41 of
929 2056 201 40 natural
1158 2055 190 48 history
1376 2055 49 40 in
1454 2053 597 51 Chicago.”—Foreword.

329 2112 52 52 ©
412 2116 120 39 Nov.
562 2114 70 48 30,
664 2115 114 40 1933;
840 2115 67 40 2c.
940 2116 97 39 and
1068 2114 81 40 aff.
1184 2116 112 39 Dec.
1328 2114 56 40 26;
1446 2115 41 38 A
1519 2114 171 47 68620;
1728 2114 233 41 Orthovis
1992 2126 67 29 co.

409 2173 224 49 (34-632)

327 2277 185 65 Palm,
543 2278 175 63 Mary
746 2276 273 68 Borgias,
1049 2278 183 54 sister.

398 2353 122 54 The
555 2353 190 55 Jesuit
780 2353 265 54 missions
1079 2352 66 55 of
1180 2354 95 53 the
1312 2354 231 53 Illinois
1580 2359 260 64 county,
1880 2353 311 55 1673-1763
2251 2351 94 68 [by]

330 2429 1611 72 Sister Mary Borgias Palm … [Cleveland, c 1933]
401 2504 850 51 4 p. l., [11]-138 p. map. 23 cm .
397 2562 174 41 Thesis
611 2564 109 47 (PH.
781 2561 179 50 D.)—St.
992 2562 148 41 Louis
1170 2562 287 48 university,
1490 2561 130 42 1931.

404 2619 380 41 “References”:
821 2630 43 37 p.
904 2619 264 51 [103]-123;
1207 2619 380 48 Bibliography:
1626 2629 44 38 p.
1711 2618 250 51 [124]-134.

334 2675 52 52 ©
410 2680 118 39 Nov.
553 2679 69 41 22.
648 2679 114 40 1933;
816 2679 66 40 2c.
909 2680 94 39 and
1030 2679 82 42 aff.
1138 2680 117 39 Nov.
1281 2679 58 40 27;
1392 2680 40 38 A
1516 2678 113 48 68310;
1660 2678 156 41 Sister
1896 2712 7 7 M.
1930 2680 54 40 B.
2010 2680 153 42 Palm,
400 2678 1934 99 Cleveland.
602 2736 222 49 (34-639)

330 2839 289 66 Peardon,
648 2839 263 56 Thomas
937 2841 273 65 Preston,
1242 2844 173 50 1899-

399 2918 123 54 The
557 2918 310 55 transition
903 2918 60 54 in
1001 2917 248 71 English
1285 2918 298 56 historical
1621 2918 253 71 writing,
1914 2920 327 67 1760-1830,
2277 2921 74 68 by

330 2998 2021 70 Thomas Preston Peardon … New York, Columbia university
334 3095 183 49 press;
546 3077 260 56 London,
832 3077 65 52 P.
928 3075 57 56 S.
1014 3075 163 69 King
1202 3079 46 51 &
1271 3095 119 48 son,
1416 3078 123 64 ltd.,
1570 3080 150 51 1933.

399 3152 86 40 340
507 3163 42 37 p.
611 3151 55 41 23
670 3153 43 21 cm
721 3183 7 7 .
825 3150 279 48 (Half-title:
1128 3150 196 43 Studies
1348 3151 48 39 in
1420 3150 204 50 history,
1648 3151 270 41 economics
1941 3151 95 41 and
2061 3151 161 49 public
2245 3152 107 47 law,

331 3211 72 39 ed.
435 3210 59 47 by
525 3210 82 40 the
636 3209 209 47 Faculty
873 3209 51 40 of
953 3208 220 48 political
1203 3208 187 41 science
1419 3209 52 39 of
1500 3208 253 42 Columbia
1784 3209 274 47 university.
2129 3220 75 30 no.
2233 3208 111 49 390)

405 3267 171 41 Issued
605 3267 105 39 also
737 3277 56 30 as
819 3265 155 42 thesis
1003 3265 107 49 (PH.
1171 3265 35 49 D.)
1243 3265 254 42 Columbia
1527 3265 288 49 university.

404 3324 379 48 Bibliography:
822 3334 43 38 p.
898 3323 220 42 311-331.

337 3379 52 52 ©
422 3384 119 40 Nov.
573 3384 70 39 24.
677 3382 140 45 1933;
853 3382 65 39 2c.
954 3382 95 39 and
1083 3381 82 41 aff.
1199 3382 111 39 Dec.
1346 3382 82 46 14;
1464 3382 43 39 A
1539 3382 171 46 68481;
1749 3382 250 41 Columbia
2036 3381 131 42 univ.
2202 3390 149 39 press.

415 3440 222 46 (34-967)

337 3542 289 68 Philputt,
657 3545 206 53 James
889 3544 294 65 McBride,
1217 3548 328 51 1860-1932.

407 3623 188 53 “That
619 3624 136 67 they
781 3643 131 48 may
941 3624 73 52 all
1043 3624 66 52 be
1136 3624 167 57 one”;
1336 3623 464 70 autobiography
1826 3626 112 52 and
1966 3623 295 55 memorial
2289 3623 64 53 of

337 3701 195 53 James
562 3703 79 53 M.
674 3701 291 68 Philputt,
996 3703 219 68 apostle
1248 3702 63 53 of
1345 3703 296 56 Christian
1674 3703 195 68 unity;
1905 3702 190 54 edited
2126 3703 76 68 by
339 3702 1983 132 Lillian
498 3783 291 66 Reynolds
827 3782 271 68 Philputt
1141 3783 112 52 and
1294 3783 252 52 Herbert
1584 3784 321 52 Lockwood
1944 3783 244 54 Willett.
2268 3781 82 56 St.

339 3860 191 58 Louis,
558 3862 133 57 Mo.,
720 3860 295 54 Christian
1044 3861 179 54 board
1253 3861 63 51 of
1344 3861 352 67 publication
1732 3896 12 33 [
1750 3868 15 21 c
1774 3865 131 50 1933]

411 3932 86 40 314
525 3943 43 37 p.
629 3933 165 43 front.,
824 3937 149 44 ports.
1035 3934 57 40 20½
1123 3936 44 22 cm
1174 3967 7 7 .

341 3986 52 53 ©
422 3992 117 46 July
565 3991 69 46 20,
662 3991 114 40 1933;
834 3993 66 40 2c.
930 3993 110 38 Dec.
1070 3992 56 39 27;
1184 3991 82 40 off.
1296 3993 111 38 Dec.
1437 3991 55 39 26;
1552 3992 38 38 A
1618 3991 147 40 67739;
1819 3991 182 39 Lillian
2031 3991 55 40 R.
2116 3990 237 47 Philputt,

503 4048 548 36 Los Angeles. (34-1017)
