2484 4405
1082 4111 134 49 1505

104 475 336 68 Janowsky,
473 476 182 53 Oscar
685 470 217 64 Isaiah,
937 471 172 50 1900-

175 556 118 53 The
342 554 153 53 Jews
544 551 110 52 and
702 546 276 69 minority
1026 544 187 69 rights
1272 540 365 70 (1898-1919)
1694 539 74 65 by
1818 537 178 55 Oscar
2044 536 48 53 I.

105 615 1989 86 Janowsky … with a foreword by Judge Julian W. Mack. New
109 711 176 65 York,
321 708 295 58 Columbia
653 702 316 69 university
1003 718 185 51 press:
1225 698 257 56 London.
1516 699 66 51 P.
1618 695 55 55 S.
1707 693 162 70 King
1902 697 45 49 &
1978 709 119 40 son,

108 790 120 65 ltd.,
257 789 150 51 1933.

173 853 1929 69 4 p. l., 7-419 p. 23cm. (Half-title: Studies in history, economics and
106 933 162 50 public
305 932 110 46 law,
455 931 70 37 ed.
566 929 61 46 by
668 926 84 42 the
790 924 206 48 Faculty
1036 923 52 39 of
1128 919 219 50 political
1387 918 187 42 science
1614 918 53 39 of
1707 915 250 43 Columbia
107 913 1979 124 university.
359 997 73 31 no.
459 985 111 46 384)

181 1058 168 39 Issued
377 1056 104 40 also
508 1065 54 29 as
591 1050 151 43 thesis
780 1053 107 46 (PH.
948 1051 34 47 D.)
1020 1046 249 43 Columbia
1301 1044 286 49 university.

181 1113 373 48 Bibliography:
587 1120 42 37 p.
660 1108 215 42 391-411.

112 1180 53 52 ©
200 1185 129 39 June
361 1182 39 47 8,
436 1181 141 44 1933;
613 1179 67 40 2c.
716 1178 132 39 June
877 1176 82 46 27;
998 1174 81 40 aff.
1118 1174 128 40 June
1279 1173 85 47 24;
1399 1172 42 38 A
1477 1169 171 49 63429;
1687 1168 252 43 Columbia
1977 1166 130 41 univ.

181 1250 149 38 press.
400 1234 279 52 (33-31678)

114 1341 184 65 Kaye,
327 1342 70 52 D.
426 1338 268 66 Michael,
729 1339 170 49 1903-

180 1421 82 52 To
306 1417 111 54 live
462 1417 178 66 alone,
682 1433 31 34 a
756 1414 166 53 novel
965 1411 73 69 by
1081 1412 71 53 D.
1196 1409 248 55 Michael
1487 1408 180 70 Kaye.
1747 1405 138 55 New
1931 1404 176 68 York,

112 1495 306 55 Frederick
446 1495 72 52 A.
552 1492 202 56 Stokes
786 1508 296 50 company,
1115 1491 152 52 1933.

184 1565 578 54 5 p. l., 318 p. 19½cm.
119 1638 51 52 ©
200 1642 125 47 Sept.
352 1640 69 48 28,
449 1639 138 47 1933;
616 1639 66 40 2c.
711 1638 94 39 and
832 1636 79 40 aff.
941 1637 99 39 Oct.
1068 1637 53 44 4;
1152 1635 40 38 A
1218 1634 170 48 66448;
1417 1635 58 38 D.
1504 1633 62 42 M.
1594 1634 151 46 Kaye,
1774 1631 95 41 Los
1895 1629 219 48 Angeles.

199 1697 278 50 (33-31150)

118 1801 225 64 Keeler,
374 1801 201 63 Harry
603 1797 279 66 Stephen.

193 1880 120 51 The
367 1876 123 54 face
544 1876 63 52 of
659 1876 94 54 the
805 1893 131 34 man
991 1873 151 52 from
1198 1872 232 68 Saturn,
1483 1871 72 69 by
1610 1871 198 67 Harry
1863 1869 248 68 Stephen

124 1948 1723 74 Keeler … New York, E. P. Dutton & co., inc. [ c 1933]
192 2030 87 40 254
309 2039 45 38 p.
413 2028 145 42 19½cm.

198 2100 71 41 On
296 2103 125 44 t.-p.:
450 2100 187 39 Dutton
664 2098 105 41 clue
796 2098 228 48 mystery.

196 2157 162 40 “First
386 2155 226 43 edition.”

128 2223 51 52 ©
206 2228 113 39 Nov.
350 2227 39 47 1,
416 2226 139 46 1933;
583 2226 67 40 2c.
678 2226 94 39 and
799 2225 81 41 aff.
908 2224 117 41 Nov.
1052 2225 30 38 2;
1135 2224 43 39 A
1203 2223 169 49 65915;
1403 2225 52 38 E.
1484 2224 50 39 P.
1563 2224 188 39 Dutton
1779 2222 35 41 &
1842 2233 81 37 co.,
1952 2222 90 40 inc.

205 2282 280 50 (33-31657)

125 2386 249 65 Kimble,
404 2385 190 65 Ralph
622 2385 71 58 A.

194 2463 150 53 How
377 2466 58 49 to
470 2462 196 53 collect
698 2466 244 63 stamps;
982 2479 31 34 a
1047 2461 155 53 basic
1236 2479 193 36 course
1463 2459 63 54 of
1560 2458 343 55 instruction
1935 2459 62 53 in
2030 2458 96 56 the

130 2533 1995 79 world’s most popular pastime, by Ralph A. Kimble … Rev.
129 2614 1649 77 illustrated ed. New York, Grosset & Dunlap [ c 1933]
199 2687 1616 57 3 p. l., ix-xiv, 204 p. front., illus., plates, facsims. 21cm.
202 2765 287 41 Illustrated
519 2763 363 50 lining-papers.

204 2815 1926 60 “First printing, August, 1932 … Revised and enlarged edition, first
132 2878 230 50 printing,
397 2877 293 51 September,
721 2877 160 42 1933.”

139 2946 51 53 ©
218 2952 100 40 Oct.
343 2950 70 48 24,
439 2951 111 40 1933;
606 2951 68 41 2c.
701 2951 95 38 and
821 2950 83 41 aff.
932 2949 99 42 Oct.
1059 2950 83 47 26;
1170 2951 42 39 A
1237 2949 170 49 65843;
1438 2950 197 42 Grosset
1663 2952 37 39 &
1726 2951 208 48 Dunlap,
1963 2951 89 38 inc.

216 3006 278 50 (33-31139)

136 3107 304 68 Kraetzer,
468 3108 232 55 Arthur
731 3111 278 62 Furman,
1043 3114 172 49 1891-

209 3189 162 52 Your
401 3186 441 71 long-suffering
871 3188 272 70 stomach,
1174 3190 75 67 by
1279 3190 227 52 Arthur
1536 3190 66 53 F.
1632 3189 296 69 Kraetzer,
2015 3232 11 11 M.
2094 3209 40 47 D.;

143 3265 376 55 illustrations
551 3267 76 66 by
661 3266 66 53 F.
763 3265 69 55 G.
869 3265 238 71 Cooper.
1182 3266 139 54 New
1356 3266 179 70 York,
1570 3269 69 52 R.
1670 3269 80 53 M.
1784 3268 276 55 McBride
2094 3270 44 50 &

141 3360 294 52 company,
467 3346 150 50 1933.

210 3412 809 53 5 p. l., 3-120 p. illus. 19½cm.
215 3485 161 43 “First
408 3485 268 49 published,
713 3485 291 51 September,
1037 3486 160 42 1933.”

151 3550 51 52 ©
239 3556 126 47 Sept.
399 3555 69 47 27,
503 3556 139 46 1933;
677 3556 65 40 2c.
779 3558 95 38 and
909 3556 81 42 aff.
1026 3558 101 39 Oct.
1162 3558 82 47 26;
1282 3559 40 37 A
1356 3559 169 47 65847;
1563 3559 53 39 A.
1654 3559 50 39 F.
1740 3558 250 49 Kraetzer,
2027 3560 116 41 New

215 3613 142 38 York.
431 3611 279 51 (33-31450)

149 3712 130 67 Lee,
312 3715 220 55 Robert
563 3713 271 70 Edward,
867 3715 324 57 1807-1870.

257 3794 82 51 "To
367 3793 286 69 Markie”;
686 3795 94 53 the
809 3795 193 57 letters
1030 3795 63 54 of
1121 3797 215 53 Robert
1364 3799 66 51 E.
1459 3799 110 52 Lee
1599 3805 56 46 to
1687 3798 232 54 Martha
1951 3798 190 56 Custis

154 3868 285 60 Williams
469 3871 153 54 from
649 3873 95 53 the
772 3872 275 69 originals
1076 3874 61 53 in
1165 3875 94 53 the
1288 3874 372 69 Huntington
1689 3876 235 69 library,
1955 3876 183 56 edited

156 3942 1964 155 and with introduction by Avery Craven … Cambridge, Harvard university press, 1933.
