2575 4405
0 0 0 0 183
119 448 262 62 Hanson,
407 444 112 55 Val
544 444 64 55 T.

190 522 283 54 Practical
508 526 115 46 tree
657 534 236 51 surgery
927 514 141 54 with
1104 534 30 33 a
1170 514 157 52 short
1361 530 191 38 course
1585 509 61 56 in
1680 509 170 70 apple
1884 509 236 69 culture,

120 586 2000 81 by Val T. Hanson … Appleton, Wis., C. C. Nelson publishing
119 696 76 34 co.
235 710 12 34 [
252 683 19 22 c
276 678 133 49 1932
414 708 13 34 ]

187 746 28 40 2
243 757 43 38 p.
336 777 23 16 l.,
389 744 197 49 vii-xiv,
621 744 71 50 [1],
721 743 84 41 101
838 754 42 38 p.
938 742 131 42 illus.
1128 741 56 41 19½
1216 742 45 23 cm
1265 773 8 8 .

189 800 347 44 “References”
570 803 53 39 at
652 802 92 39 end
775 800 53 40 of
858 802 126 37 most
1015 799 52 40 of
1099 798 82 40 the
1211 797 240 47 chapters.

125 858 52 53 ©
210 864 127 47 Sept.
367 864 40 46 1,
438 860 140 48 1932;
609 859 66 41 2c.
708 861 110 39 Jan.
850 860 69 47 14,
951 858 140 46 1933;
1125 856 82 41 aff.
1240 856 110 40 Feb.
1383 856 81 46 13;
1499 855 41 40 A
1570 853 171 49 60249;
1777 854 49 41 C.
1860 854 49 41 C.
1942 853 179 40 Nelson

193 920 108 48 pub.
335 930 66 29 co.
472 917 251 49 (33-4431)

117 1007 355 67 Hathaway,
499 1008 277 54 Kenneth
805 1007 92 65 A.,
928 1011 172 51 1895-

190 1084 319 55 Television;
569 1105 31 33 a
629 1083 275 69 practical
932 1081 231 55 treatise
1191 1100 70 34 on
1290 1082 96 55 the
1416 1078 312 70 principles
1753 1096 155 51 upon
1936 1075 186 56 which

121 1164 95 54 the
248 1163 394 67 development
671 1161 63 53 of
766 1159 294 55 television
1092 1159 48 54 is
1170 1158 187 69 based,
1388 1157 75 69 by
1496 1156 267 53 Kenneth
1794 1158 70 50 A.
124 1155 1974 153 Hathaway

340 1234 1424 73 … Chicago, American technical society, 1933.
190 1313 29 38 4
245 1322 43 38 p.
338 1341 24 19 l.,
392 1311 87 40 169
506 1321 42 38 p.
606 1310 144 47 illus.,
779 1310 180 48 diagrs.
1016 1308 55 40 21½
1104 1311 45 21 cm
1154 1340 9 9 .

127 1368 52 51 ©
215 1371 112 41 Feb.
362 1371 68 45 13,
466 1369 141 47 1933;
644 1370 67 40 2c.
750 1369 110 40 Feb.
896 1369 82 46 15;
1016 1367 82 42 aff.
1135 1368 111 40 Feb.
1283 1367 82 47 16;
1404 1368 40 38 A
1480 1365 171 49 60296;
1689 1366 159 41 Amer.
1886 1363 240 42 technical

196 1439 92 29 soc.
360 1427 251 49 (33-4438)

124 1515 478 68 Hergesheimer,
635 1515 240 66 Joseph,
911 1520 171 50 1880-

193 1593 271 70 Tropical
518 1593 202 54 winter
797 1593 94 70 [by]
950 1593 219 68 Joseph
1221 1592 456 69 Hergesheimer.
1752 1592 139 53 New
1944 1590 184 68 York,

123 1676 71 54 A.
222 1675 71 53 A.
323 1673 226 68 Knopf,
579 1678 149 49 1933.

195 1747 28 40 2
246 1758 43 38 p.
337 1778 22 16 l.,
385 1746 88 41 326
497 1758 57 37 p.,
581 1747 25 39 1
652 1776 9 9 l.
722 1745 56 41 19½
810 1748 45 22 cm
860 1778 9 9 .

199 1804 146 41 Short
375 1803 190 42 stories.

197 1860 163 42 “First
395 1859 227 42 edition.”

131 1914 52 53 ©
214 1919 110 40 Jan.
354 1918 68 48 16,
454 1917 140 47 1933;
625 1918 67 39 2c.
724 1918 97 39 and
851 1917 82 41 aff.
965 1918 109 39 Jan.
1107 1917 82 46 18;
1223 1917 40 38 A
1295 1915 170 48 59649;
1500 1917 42 40 J.
1575 1913 387 51 Hergesheimer,
1996 1916 136 40 West

201 1975 215 48 Chester,
449 1976 83 38 Pa.
603 1974 282 49 (33-27002)

129 2062 323 67 Hochdorf,
482 2065 158 64 Max,
673 2069 172 50 1880-

195 2141 231 68 August
472 2140 202 68 Bebel;
724 2139 322 70 geschichte
1092 2140 154 53 einer
1292 2139 341 69 politischen
1718 2139 255 68 vernunft,
2020 2158 111 35 von

127 2219 139 52 Max
300 2218 323 53 Hochdorf.
699 2218 218 67 Berlin,
951 2218 217 68 Verlag
1202 2218 99 52 für
1331 2217 413 69 kulturpolitik
1777 2237 55 49 g.
1866 2236 73 35 m.
1972 2218 54 54 b.
2058 2218 76 69 h.,

131 2300 149 51 1932.

197 2370 89 42 358
313 2381 44 39 p.
414 2371 118 40 24cm.

135 2423 1983 109 © Nov. 10, 1932; 1c. Dec. 28; A -Foreign 18984; Verlag für kulturpolitik,
322 2495 40 37 g.
398 2496 60 29 m.
491 2484 42 40 b.
567 2484 45 38 h.
683 2483 252 49 (33-2960)

132 2580 220 64 James,
382 2582 137 52 Mrs.
551 2579 164 55 Alice
744 2579 66 56 L.

205 2654 274 70 Catering
519 2655 93 55 for
654 2661 141 60 two;
842 2655 246 54 comfort
1130 2654 113 53 and
1285 2674 265 50 economy
1595 2656 93 53 for
1732 2655 164 54 small
135 2657 1976 143 households,

346 2733 75 67 by
455 2732 162 52 Alice
650 2733 65 55 L.
751 2732 209 54 James.
1031 2731 137 54 New
1204 2731 112 53 and
1350 2750 113 37 rev.
1498 2733 84 53 ed.
1652 2733 137 53 New
1826 2733 163 53 York
2021 2736 113 53 and

138 2809 250 68 London,
426 2809 66 54 G.
531 2810 64 52 P.
634 2809 295 53 Putnam’s
965 2827 145 49 sons,
1150 2811 148 51 1932.

202 2879 567 50 4 p. l., 293 p. 16 ½cm .
140 2937 52 51 ©
219 2941 111 39 Dec.
355 2940 69 47 23,
451 2939 140 47 1932;
621 2940 65 40 2c.
713 2941 110 39 Jan.
849 2939 70 48 20,
946 2939 140 48 1933;
1116 2939 81 41 aff.
1226 2941 122 41 Mar.
1375 2941 52 47 1;
1457 2940 41 40 A
1524 2941 171 49 58961;
1726 2943 52 40 G.
1807 2944 52 40 P.
1887 2942 250 43 Putnam’s

211 3008 125 31 sons.
407 2997 250 48 (33-2880)

136 3084 197 66 Jones,
364 3086 254 53 Edward
645 3084 279 66 Richard,
955 3090 172 50 1882-

209 3163 171 51 Farm
418 3168 337 59 structures;
793 3182 31 33 a
860 3160 230 55 treatise
1125 3180 72 35 on
1234 3180 232 51 surveys
1502 3163 110 69 for,
1649 3164 113 54 and
1798 3164 226 68 designs
2058 3166 81 69 of,

139 3246 232 61 systems
403 3238 62 53 of
494 3239 137 52 land
663 3237 291 69 drainage,
984 3238 322 69 irrigation,
1338 3240 112 52 and
1482 3240 219 55 erosion
1735 3244 245 65 control;
140 3242 1975 129 subdivision

412 3316 63 53 of
501 3315 177 68 fields,
706 3315 283 69 planning
1014 3316 96 55 the
1140 3316 329 69 farmstead,
1498 3324 176 48 water
1704 3326 251 64 systems,
140 3322 1975 139 heating

264 3393 111 53 and
398 3393 361 68 ventilating,
782 3392 295 70 buildings
1100 3394 111 52 and
1236 3395 162 56 other
1418 3399 311 51 structures
1754 3415 71 34 on
1849 3398 95 54 the
1970 3399 170 70 farm,

140 3470 299 69 including
465 3488 215 51 sewage
707 3470 251 68 disposal
986 3477 249 63 systems.
1302 3470 446 71 Supplemented
1778 3474 141 55 with
1947 3476 193 69 handy

143 3547 275 69 practices
451 3548 60 53 in
546 3548 95 53 the
678 3554 90 47 art
800 3548 65 53 of
899 3547 176 68 doing
1107 3548 196 69 things
1336 3548 146 71 well,
1516 3549 139 53 with
1693 3552 299 69 problems,
141 3555 1976 138 references,

426 3625 379 55 illustrations
857 3625 112 53 and
1021 3624 132 55 field
1205 3627 284 54 exercises.
1578 3628 115 54 For
1744 3648 95 35 use
1888 3632 59 54 in
2000 3629 142 73 high

143 3702 234 68 schools,
414 3702 209 68 college
658 3702 161 56 short
855 3720 236 52 courses,
1129 3703 113 56 and
1278 3722 71 34 on
1386 3704 96 53 the
1519 3705 167 54 farm.
1760 3708 91 68 By
1887 3709 253 54 Edward

146 3778 1925 73 Richard Jones … 1st ed. Madison, Wis., The author, 1933.
212 3849 98 49 197,
362 3851 41 48 [3]
442 3861 44 38 p.
550 3850 128 41 illus.
708 3850 134 49 (incl.
879 3851 165 49 plans)
1088 3852 179 48 diagrs.
1328 3853 58 41 20½
1416 3857 44 21 cm
1465 3886 9 9 .

213 3907 348 40 “References”
593 3910 52 37 at
676 3909 92 39 end
800 3908 54 40 of
883 3910 125 38 most
1039 3908 52 40 of
1124 3908 82 41 the
1236 3910 241 48 chapters.

150 3963 52 51 ©
238 3968 109 40 Feb.
380 3966 40 42 9.
455 3967 113 40 1933;
631 3966 67 42 2c.
732 3968 97 39 and
863 3967 82 41 aff.
981 3967 111 41 Feb.
1127 3969 81 46 14;
1245 3968 41 39 A
1319 3968 170 49 60247;
1527 3971 53 40 E.
1616 3971 55 42 R.
1708 3973 161 49 Jones,
1905 3974 238 50 Madison,

219 4023 116 41 Wis.
407 4023 249 50 (33-4432)
