2575 4405
1080 4066 96 53 175

95 441 200 63 Shorr,
324 438 210 65 Philip,
567 442 171 50 1898-

168 518 225 54 Science
426 516 112 52 and
571 513 371 69 superstition
973 513 61 51 in
1066 512 96 53 the
1194 510 328 69 eighteenth
1555 514 262 63 century;
1855 526 31 33 a
1920 507 170 68 study

95 597 64 53 of
186 597 94 53 the
307 599 305 48 treatment
640 594 63 52 of
732 592 212 53 science
970 592 60 51 in
1058 595 111 47 two
1198 588 428 68 encyclopedias
1657 586 63 54 of
1752 585 338 54 1725-1750:

99 673 324 55 Chambers’
477 670 376 71 Cyclopedia:
904 669 239 53 London
1206 665 230 71 (1728);
1490 666 243 52 Zedler’s
1785 665 307 55 Universal

95 752 247 53 lexicon:
384 750 239 68 Leipzig
675 748 367 70 (1732-1750)
1092 747 75 68 by
1208 745 200 68 Philip
1453 745 197 67 Shorr,
1779 787 9 10 PH.
1869 787 9 10 D.
1953 744 139 52 New

99 830 177 68 York,
313 827 300 58 Columbia
646 827 319 68 university
999 844 184 50 press;
1222 825 257 66 London,
1513 827 64 50 P.
1613 824 56 54 S.
1703 823 161 69 King
1898 826 45 50 &
1976 840 117 50 son,

96 909 122 66 ltd.,
249 911 147 49 1932.

173 982 55 41 82
253 992 41 38 p.
349 979 116 42 23cm.
529 979 300 50 (Half-title:
857 976 194 43 Studies
1078 978 50 38 in
1154 976 203 49 history,
1384 974 267 44 economics
1680 976 95 40 and
1800 974 162 49 public
1990 975 107 50 law,

102 1041 70 39 ed.
201 1040 60 46 by
288 1039 82 39 the
398 1037 206 47 Faculty
631 1036 53 41 of
709 1035 219 49 political
956 1034 186 42 science
1171 1034 51 39 of
1250 1033 250 41 Columbia
1532 1032 285 48 university,
1847 1044 74 29 no.
1951 1030 111 47 364)

173 1096 169 40 Issued
370 1095 103 39 also
499 1104 53 29 as
580 1093 151 40 thesis
769 1093 106 48 (PH.
937 1092 33 47 D.)
1007 1091 251 40 Columbia
1286 1090 286 47 university.

171 1151 375 48 Bibliography:
577 1161 43 36 p.
649 1149 157 41 78-79.

105 1210 51 52 ©
192 1214 126 48 Sept.
352 1212 69 49 30,
455 1211 113 41 1932
586 1222 8 36 ;
630 1211 67 41 2c.
731 1212 97 39 and
861 1209 82 43 aff.
978 1210 108 39 Feb.
1122 1209 69 48 10,
1226 1208 139 48 1933;
1402 1209 39 39 A
1475 1208 170 47 59357;
1683 1208 251 41 Columbia
1969 1207 129 41 univ.

172 1280 149 38 press.
392 1267 249 50 (33-3916)

105 1370 214 66 Sibley,
349 1371 208 63 Henry
583 1369 311 65 Hastings,
927 1374 325 50 1811-1891.

172 1447 121 52 The
316 1446 323 54 unfinished
666 1447 460 67 autobiography
1151 1446 64 53 of
1240 1446 204 67 Henry
1468 1445 281 68 Hastings
1777 1446 213 67 Sibley,
103 1451 1969 142 together
340 1523 139 54 with
520 1543 31 34 a
590 1523 266 55 selection
896 1524 63 54 of
995 1523 253 54 hitherto
1286 1523 385 67 unpublished
1710 1524 193 52 letters
1946 1523 152 53 from

104 1600 1995 70 the thirties, edited by Theodore C. Biegen … Minneapolis,
105 1678 201 68 Minn.,
333 1680 121 53 The
481 1681 308 67 Voyageur
814 1698 175 49 press,
1015 1680 65 52 F.
1110 1681 67 51 T.
1204 1679 232 67 Phelps,
1466 1682 151 50 1932.

179 1751 29 39 4
228 1763 44 37 p.
331 1784 9 16 l.,
365 1751 115 42 3-75
503 1765 59 37 p.,
588 1754 24 38 1
657 1784 9 9 l.
692 1752 110 41 incl.
827 1752 135 39 front.
1006 1751 251 48 (mounted
1282 1753 149 48 port.)
1495 1752 146 41 25½cm.

182 1808 239 41 “Number
448 1808 54 40 23
528 1808 52 41 of
604 1809 81 41 the
711 1812 95 37 two
833 1809 222 40 hundred
1081 1808 182 49 special
1288 1809 203 48 copies.”

181 1865 101 40 The
314 1865 169 41 letters
517 1865 237 41 herewith
786 1865 256 49 published
1077 1875 125 31 were
1236 1866 197 40 written
1465 1866 213 41 between
1714 1866 113 40 1834
1862 1868 95 39 and
1993 1868 112 40 1844

113 1923 49 40 to
199 1922 213 48 Ramsay
452 1921 196 49 Crooks,
686 1922 109 41 who
833 1922 262 40 succeeded
1132 1920 128 42 John
1300 1921 151 42 Jacob
1490 1922 147 41 Astor
1675 1934 54 29 as
1767 1925 249 47 president
2056 1926 51 40 of

112 1979 81 41 the
219 1978 257 41 American
499 1978 84 41 fur
609 1988 249 37 company,
912 1978 61 47 cf.
1001 1990 44 37 p.
1069 1977 70 41 43.

113 2038 51 52 ©
197 2042 109 40 Dec.
337 2041 69 48 23,
437 2041 140 47 1932;
609 2041 67 40 2c.
708 2041 112 39 Dec.
850 2041 82 45 27;
967 2040 81 41 aff.
1082 2040 108 41 Feb.
1222 2040 40 47 9,
1294 2041 141 47 1933;
1469 2043 39 38 A
1542 2041 169 48 59370;
1747 2044 50 39 F.
1832 2044 51 41 T.
1917 2045 190 47 Phelps,

180 2097 335 48 Minneapolis.
596 2093 55 52 ©
680 2096 371 48 introductions,
1081 2100 138 37 notes
1252 2099 96 39 and
1378 2098 211 50 preface]

191 2154 250 49 (33-3854)

111 2256 214 66 Sollitt,
354 2260 140 51 Mrs.
521 2258 169 52 Edna
718 2256 334 58 Richolson.

180 2334 202 70 Dufay
408 2342 58 47 to
495 2334 331 68 Sweelinck,
855 2334 382 55 Netherlands
1263 2342 237 47 masters
1528 2335 65 55 of
1617 2337 196 69 music,
1839 2339 75 69 by
1943 2339 167 53 Edna

112 2412 1720 72 Richolson Sollitt … New York, I. Washburn, 1933.
181 2487 87 41 168
299 2499 44 37 p.
431 2486 116 41 19½cm.

118 2546 51 52 ©
204 2551 110 40 Jan.
348 2550 69 41 30.
452 2549 112 41 1933
583 2560 9 37 ;
628 2550 65 39 2c.
731 2550 113 42 Dec.
877 2550 69 48 23,
982 2550 140 48 1982;
1161 2551 82 40 aff.
1279 2552 111 39 Feb.
1425 2552 41 49 2,
1502 2552 139 49 1933;
1680 2554 41 39 A
1757 2554 169 48 60154;
1967 2558 52 40 E.
2057 2558 55 40 R.

188 2607 176 46 Sollitt,
399 2607 170 40 Forest
601 2607 143 47 Hills,
777 2607 38 39 L
862 2608 52 47 I.,
945 2608 56 40 N.
1034 2608 52 38 Y.
1158 2608 250 48 (33-3790)

117 2705 271 67 Spencer,
419 2709 145 52 Paul
593 2707 310 67 Richards,
936 2715 171 49 1890-

185 2783 292 70 Teaching
513 2785 247 68 manual,
801 2785 467 71 Thought-study
1310 2788 242 69 readers,
1590 2790 173 53 books
1801 2791 148 69 four,
1991 2791 124 72 five,

118 2860 1995 78 and six, by Paul R. Spencer … Chicago, New York, Lyons &
119 2937 304 56 Carnahan
473 2942 175 65 [c1932]

189 3009 62 49 vi,
277 3008 87 43 367
391 3022 42 37 p.
489 3010 143 49 illus.,
661 3012 179 48 diagrs.
896 3012 146 44 20½cm.

125 3065 51 52 ©
206 3070 108 40 Jan.
344 3071 40 46 3,
413 3070 141 44 1933;
585 3072 66 40 2c.
683 3072 111 41 Feb.
826 3072 80 47 15;
940 3072 82 41 aff.
1052 3073 111 42 Feb.
1193 3075 82 45 11;
1310 3076 38 38 A
1379 3075 170 49 59505;
1583 3077 159 48 Lyons
1773 3079 36 40 &
1841 3080 262 40 Carnahan

201 3126 250 51 (33-4719)

122 3228 232 65 Starke,
383 3230 284 66 Barbara,
698 3232 197 64 pseud.

193 3304 220 55 Second
452 3306 183 68 sister,
672 3305 75 70 by
788 3306 259 55 Barbara
1090 3307 223 57 Starke.
1388 3312 240 53 London
1696 3320 119 63 [etc.]
1860 3317 59 54 J.
1963 3317 154 67 Cape

127 3384 171 65 [1932]

191 3454 26 38 2
247 3465 42 37 p.
343 3487 22 16 l.,
396 3454 145 41 7-302
571 3467 43 37 p.
677 3456 148 42 19½cm.

128 3513 51 52 ©
243 3528 36 31 1c.
314 3518 109 41 Jan.
457 3519 39 47 5,
529 3518 141 49 1933;
706 3520 42 39 A
779 3522 64 39 ad
875 3520 86 42 int.
997 3523 170 48 17454;
1203 3524 145 47 pubd.
1380 3526 119 40 Nov.
1535 3528 40 47 7,
1609 3526 141 50 1932;
1788 3530 154 40 Helen
1979 3532 141 48 Card,

195 3574 307 48 Providence,
534 3576 56 40 R.
621 3577 37 38 I.
731 3576 251 50 (33-5180)

126 3675 183 66 Stein,
339 3678 247 55 Francis
612 3680 213 66 Julius,
856 3687 170 50 1858-

193 3752 338 56 Secretarial
554 3773 203 37 course.
817 3758 422 68 Philadelphia,
1264 3761 118 65 Pa.,
1408 3762 161 54 Stein
1588 3764 313 55 shorthand
1942 3769 156 50 [c1933]

196 3822 25 39 1
250 3833 43 37 p.
344 3855 23 17 l.,
397 3824 98 48 133,
529 3826 55 49 [1]
617 3837 43 37 p.
719 3827 116 42 18cm.

200 3878 923 53 “Copyright … by Francis Stein.”
133 3933 51 52 ©
216 3939 107 39 Jan.
355 3939 68 48 23,
456 3940 139 48 1933;
628 3942 67 41 2c.
727 3947 95 38 and
854 3944 82 41 aff.
968 3945 109 41 Jan.
1109 3947 82 46 26;
1225 3948 40 38 A
1297 3948 169 49 60032;
1502 3952 50 38 F.
1587 3951 148 48 Stein,
1769 3952 354 50 Philadelphia.

214 3993 250 53 (33-6246)
