2582 4453
1372 4117 134 54 1570

398 432 2019 224 The Book of knowledge; the children’s encyclopedia; editors-in-chief, Holland Thompson … Arthur Mee … with an introduction by John IT. Finley … New York, The Grolier
467 668 240 69 society;
743 669 257 67 London,
1035 669 121 54 The
1191 668 383 55 Educational
1611 668 145 53 book
1791 686 280 51 company
2113 672 195 65 [c1933]

470 741 57 41 20
555 753 44 30 v.
658 742 164 40 fronts.
864 741 68 48 (v.
963 744 41 45 1,
1034 743 40 47 3,
1107 742 27 40 8,
1178 742 70 47 13,
1282 742 69 48 16,
1386 741 81 47 18)
1495 740 127 42 illus.
1653 740 138 51 (part
1821 743 113 47 col.)
1962 745 158 46 plates
2147 742 138 50 (part
2317 744 101 48 col.,

422 797 800 50 1 double) ports., maps. 25cm.
471 857 163 48 Paged
668 854 358 49 continuously.

472 914 237 42 Contains
742 924 144 38 songs
915 913 121 41 with
1069 912 168 42 music.

407 985 52 52 ©
497 989 102 41 Oct.
635 988 69 47 20,
741 989 119 40 1933;
921 989 67 40 2c.
1026 989 120 39 each
1182 989 96 39 and
1315 987 82 40 aff.
1434 988 119 40 Nov.
1591 988 81 47 14;
1712 988 41 39 A
1789 988 170 48 67128;
2002 988 190 41 Grolier
2229 989 199 48 society,

474 1047 119 39 New
617 1046 145 47 York,
790 1047 96 39 and
912 1046 375 47 Amalgamated
1313 1055 140 38 press
1486 1045 164 49 (1922)
1684 1046 101 46 ltd.,
1814 1046 213 41 London.
2093 1042 68 54 [©
2189 1044 239 43 revisions

477 1105 96 39 and
610 1103 263 49 additions]
947 1102 284 49 (33-33499)

403 1206 281 69 Boschot,
721 1207 289 68 Adolphe,
1048 1209 172 55 1871-

403 1285 1997 150 … Das romantische leben Hector Berlioz’. Zürich und Leipzig, Orell Füssli [1932]
478 1437 1953 51 3 p. l., 349 p. mounted front., illus. (music) plates, ports., facsims.
419 1496 133 49 (inch
585 1497 178 47 music)
834 1496 117 42 23cm.

479 1554 65 42 At
570 1555 125 41 head
722 1553 53 41 of
801 1554 110 40 title
929 1564 8 30 :
967 1553 150 41 Adolf
1145 1553 225 41 Boschot.

481 1611 274 41 “Deutsche
785 1611 326 48 Übersetzung
1140 1620 93 31 von
1262 1610 136 41 Fritz
1429 1609 202 43 Bondi.”

482 1667 131 43 “Das
641 1668 337 41 französische
1008 1668 209 48 original
1249 1667 223 41 erschien
1504 1669 144 39 unter
1678 1669 107 39 dem
1818 1667 107 41 titel
1945 1677 10 31 :
1988 1667 118 41 ‘Une
2136 1668 77 41 vie
2245 1677 167 31 roman

410 1723 146 49 tique.
617 1725 185 42 Hector
831 1724 251 42 Berlioz’.”

412 1795 2021 52 © Sept. 15, 1932; 1c. Mar. 22, 1933; A-Foreign 22041; Orell Füssli
485 1857 179 47 verlag.
737 1856 283 49 (33-33438)

412 1959 257 67 Bouché,
701 1959 235 56 Benoît.

491 2036 1370 70 … La vie continue … Paris, Rieder, 1933.
490 2111 1577 50 254 p., 1 l. 18 ½c m. (Prosateurs français contemporains)
414 2167 52 52 ©
495 2173 115 47 May
637 2172 69 44 17,
735 2171 142 47 1933;
966 2204 7 7 1c.
1006 2172 128 47 Sept.
1163 2172 82 46 13;
1276 2171 102 39 A-
1382 2171 208 48 Foreign
1618 2171 173 48 22094;
1822 2171 227 41 Editions
2078 2171 191 41 Rieder.

496 2229 283 49 (33-33300)

415 2331 290 67 Boucher,
739 2334 263 63 Georges
1033 2332 323 67 Alphonse,
1392 2336 173 51 1865-

495 2458 56 9 …
589 2413 71 54 Je
693 2432 87 34 me
813 2412 279 54 souviens.
1170 2413 306 64 Montréal,
1509 2413 232 53 Arbour
1775 2417 46 50 &
1854 2414 258 66 Dupont,
2149 2416 150 50 1933.

491 2486 26 39 2
546 2497 45 38 p.
652 2517 9 18 l.,
693 2486 177 50 [7]-114
897 2497 57 38 p.,
982 2487 24 39 1
1058 2519 9 9 l.
1126 2487 139 40 front.
1307 2486 174 49 (port.)
1550 2486 119 42 21cm.

494 2543 64 41 At
583 2544 126 41 head
736 2544 53 40 of
815 2544 109 41 title
941 2554 10 31 :
980 2545 84 43 Dr.
1092 2544 210 48 Georges
1328 2545 54 39 A.
1409 2544 237 41 Boucher.

492 2600 186 43 Poems.

493 2657 338 43 Contents.—
835 2659 203 49 Québec.
1041 2683 61 5 —
1103 2660 75 40 Au
1209 2659 51 41 fil
1290 2661 84 40 des
1407 2659 152 48 jours.

421 2712 52 53 ©
504 2718 117 47 July
650 2718 39 47 7,
720 2718 141 46 1933;
893 2718 66 40 2c.
995 2718 129 48 Sept.
1154 2718 82 47 11;
1270 2718 103 39 A-
1375 2718 209 48 Foreign
1614 2717 172 47 22030;
1822 2718 54 40 G.
1906 2718 55 39 A.
1994 2718 236 45 Boucher,
492 2717 1931 104 Brockton,
620 2776 149 39 Mass.
840 2775 283 49 (33-33299)

423 2877 298 67 Brooklyn
753 2879 238 67 college.
1066 2883 172 67 Dept.
1271 2881 65 68 of
1365 2880 239 70 history.

490 2957 56 53 A
570 2957 256 69 syllabus
854 2959 113 53 and
995 2959 145 54 atlas
1167 2959 65 53 of
1255 2960 166 53 modern
1521 2960 308 68 European

1856 2959 224 67 history
2107 2957 154 53 from
2289 2956 151 55 1750.

424 3036 335 64 [Brooklyn]
795 3037 382 63 Department
1205 3038 66 53 of
1298 3037 241 63 history,
1570 3038 297 62 Brooklyn
1896 3036 231 64 college,
2158 3038 151 52 1933.

491 3111 57 40 34
577 3112 162 40 numb.
767 3112 30 40 1.
858 3122 152 38 maps.
1071 3112 147 41 27½cm.

494 3169 274 49 “Required
801 3170 204 48 reading
1035 3170 79 40 for
1146 3170 206 48 History
1384 3169 55 40 2”
1473 3172 97 39 and
1604 3171 258 48 “Optional
1895 3167 231 51 reading”;
2187 3169 61 39 2d
2281 3168 146 40 numb.

422 3226 114 40 leaf.

425 3281 54 53 ©
513 3286 127 48 Sept.
670 3286 71 47 25,
772 3285 114 41 1933;
946 3286 67 40 2c.
1045 3287 100 40 and
1173 3286 82 40 aff.
1288 3285 100 41 Oct.
1423 3286 54 40 10;
1538 3286 41 40 A
1610 3285 144 41 66676;
1816 3287 142 40 Jesse

1985 3287 56 39 D.
2075 3284 242 43 Clarkson
2347 3285 96 39 and

500 3342 225 41 Solomon
757 3343 51 39 F.
842 3344 183 47 Bloom,
1059 3343 263 49 Brooklyn.
1393 3343 283 49 (33-33282)

426 3448 272 66 Bunyan,
732 3449 175 65 John,
944 3451 328 53 1628-1688.

499 3527 122 53 The
664 3527 286 69 pilgrim’s
990 3547 283 49 progress,
1313 3529 76 68 by
1429 3531 157 54 John
1630 3532 277 64 Bunyan;
1950 3527 139 53 with
2133 3545 134 35 over
2308 3525 136 68 fifty

431 3604 381 56 illustrations
850 3607 76 67 by
964 3608 312 53 Frederick
1315 3610 268 52 Barnard
1623 3610 112 52 and
1775 3609 191 52 others
2004 3607 113 52 and
2157 3625 68 34 an
429 3605 1990 147 introductory
720 3685 185 55 notice
953 3685 64 53 of
1065 3688 95 53 the
1209 3688 224 53 author.
1509 3687 429 68 Philadelphia,
1989 3685 254 67 Chicago
2318 3688 120 62 [etc.]

429 3763 121 53 The
577 3765 157 55 John
763 3766 61 54 C.
850 3764 268 55 Winston
1145 3786 284 49 company
1479 3771 157 50 [c1933]

502 3836 1456 53 xii p., 1 l., 338 p. col. front., illus., col. plates. 22cm.
505 3895 288 41 Illustrated
829 3895 366 50 lining-papers.

429 3948 52 52 ©
510 3953 119 41 Nov.
659 3953 39 44 9,
729 3954 113 40 1933;
901 3954 67 42 2c.
998 3956 95 38 and
1123 3955 81 40 aff.
1235 3956 117 40 Nov.
1385 3956 51 39 11;
1499 3956 39 39 A
1569 3956 172 45 67074;
1774 3955 129 41 John
1934 3953 52 41 C.
2015 3952 226 41 Winston
2269 3962 69 30 co.

501 4005 68 56 [©
605 4010 243 41 foreword
887 4012 95 39 and
1019 4012 191 40 colored
1247 4012 348 51 illustrations]
1669 4011 283 50 (33-33295)
