2484 4405
1114 4094 98 49 611

153 433 297 57 Missouri.
528 437 450 54 Constitutional
1010 435 354 69 convention,
1431 435 116 53 1875.

225 517 245 53 Debates
505 517 63 52 of
602 517 94 52 the
733 516 269 53 Missouri
1041 514 452 56 Constitutional
1529 513 337 54 convention
1903 513 63 51 of
2003 511 153 71 1875,

154 592 1975 134 edited by Isidor Loeb … and Floyd C. Shoemaker … Volume II.
455 672 318 68 Columbia,
809 674 134 66 Mo.,
979 674 118 51 The
1140 672 160 54 State
1337 671 295 54 historical
1668 672 211 68 society
1918 670 62 52 of
156 670 1976 149 Missouri,
391 754 116 52 1932.

230 826 86 41 518
345 837 42 38 p.
446 826 146 41 23½cm.

163 893 51 52 ©
250 899 111 37 Dec.
427 898 38 45 15,
502 896 114 40 1932;
680 897 68 39 2c.
786 898 116 46 May
931 897 82 45 25;
1053 895 81 41 aff.
1172 897 113 46 May
1322 896 82 45 22;
1443 896 40 38 A
1520 895 169 46 61924;
1732 895 137 40 State
1906 892 253 42 historical

231 954 183 47 society
439 953 51 41 of
517 953 243 39 Missouri.

157 1058 213 63 Mosse,
403 1057 278 64 Georges.

229 1134 303 54 L’histoire
571 1134 276 54 inconnue
890 1136 74 51 du
1008 1135 205 66 peuple
1252 1134 226 68 hébreu,
1518 1152 105 49 par
1665 1134 250 67 Georges
1955 1136 201 51 Mossé.

160 1213 183 66 Paris,
371 1214 64 52 F.
464 1213 201 65 Alcan,
731 1216 116 51 1932.

230 1286 97 45 184,
363 1285 39 49 [9]
450 1295 43 37 p.
641 1287 57 37 19½cm.

228 1341 631 48 Running title: Adona ï .
229 1399 276 48 “Ouvrages
539 1398 271 41 consultés”:
873 1411 42 38 p.
952 1398 231 51 [187-189]

166 1467 50 51 ©
247 1471 100 40 Oct.
405 1471 39 47 15,
472 1469 140 47 1932;
673 1482 36 28 1c.
738 1472 116 39 Nov.
882 1471 82 46 26;
994 1470 310 49 A-Foreign
1333 1470 170 47 18744;
1536 1470 53 41 G.
1620 1472 172 44 Mossé,
1822 1470 119 40 Nice
234 1469 1930 105 (Alpes-Maritimes)

573 1528 198 39 France.
843 1528 279 47 (33-11128)

158 1631 227 64 Murch,
415 1630 328 57 Elizabeth.

233 1706 157 55 Ettie
414 1707 155 68 May,
593 1726 30 33 a
650 1714 153 61 story
828 1707 64 52 of
914 1706 133 54 civil
1071 1727 118 34 war
1213 1708 138 68 days
1376 1707 92 52 for
1491 1708 94 51 the
1611 1706 273 69 children,
1910 1707 71 67 by

163 1706 1974 131 Elizabeth
355 1784 222 54 Murch.
641 1786 230 66 Boston,
900 1786 236 54 Meador
1162 1785 334 68 publishing
1523 1803 96 49 co.,
1684 1788 117 51 1933.

231 1855 57 39 45
318 1866 41 37 p.
448 1855 115 42 19½cm.

166 1923 51 52 ©
245 1928 114 50 Apr.
386 1930 40 46 4,
485 1929 83 40 1933;
626 1930 67 40 2c.
721 1930 112 48 Apr.
863 1931 82 46 21;
977 1930 83 40 aff.
1089 1931 115 47 Apr.
1233 1930 82 47 29;
1345 1930 41 39 A
1415 1930 169 46 61527;
1618 1930 210 39 Edward
1859 1930 59 39 K.
1949 1930 212 48 Meador,

233 1986 196 40 Boston.
500 1987 279 49 (33-11063)

159 2091 281 54 National
472 2092 312 53 education
815 2092 359 54 association
1207 2092 64 53 of
1303 2093 102 52 the
1438 2092 219 54 United
1690 2093 223 55 States.
1988 2093 171 68 Dept.

231 2172 63 66 of
323 2173 353 65 supervisors
706 2172 114 52 and
847 2171 276 53 directors
1154 2172 63 66 of
1245 2172 359 53 instruction.

235 2246 276 55 Effective
539 2247 396 53 instructional
963 2246 350 68 leadership;
1348 2267 30 33 a
1407 2247 168 69 study
1606 2246 62 54 of
1696 2247 95 53 the
1818 2247 254 68 problem
2102 2246 62 53 of

166 2326 372 67 integration;
580 2325 93 52 the
711 2325 152 53 sixth
902 2324 283 70 yearbook
1222 2324 63 54 of
1321 2325 94 52 the
1454 2325 377 68 Department

1870 2323 62 54 of
167 2343 1971 113 supervisors
382 2402 109 52 and
533 2401 273 55 directors
842 2403 62 51 of
941 2401 337 55 instruction
1320 2402 61 52 of
1420 2404 93 52 the
1552 2402 270 55 National
1863 2402 298 54 education

165 2479 351 69 association,
559 2480 71 67 by
675 2499 31 33 a
751 2482 315 51 committee
1111 2480 63 51 of
1215 2480 93 53 the
1356 2480 374 67 department,
1774 2479 271 69 Rudolph
2090 2479 70 52 D.

167 2555 315 70 Lindquist,
536 2557 305 52 chairman.
935 2557 136 53 New
1131 2557 175 68 York,
1365 2557 223 56 Bureau
1646 2558 63 53 of
1765 2557 399 69 publications,

165 2635 277 53 Teachers
465 2637 225 65 college,
720 2635 297 54 Columbia
1047 2635 331 69 university,
1406 2638 148 49 1933.

237 2705 62 47 ix,
332 2706 86 40 183
447 2717 44 37 p.
550 2706 178 48 diagrs.
789 2706 146 41 23½cm.

236 2762 374 49 Bibliography:
646 2775 42 36 p.
721 2764 216 40 141-142.

171 2831 51 52 ©
249 2838 120 37 Mar.
425 2868 7 14 1,
458 2836 140 43 1933;
625 2837 66 39 2c.
716 2837 113 47 Apr.
854 2838 80 45 14;
962 2836 82 40 aff.
1069 2837 115 47 Apr.
1209 2836 82 45 20;
1320 2837 40 38 A
1384 2835 169 49 61394;
1582 2838 322 47 Department
1928 2838 51 40 of
239 2847 1910 86 supervisors

423 2894 36 39 &
485 2893 234 40 directors
747 2894 52 39 of
825 2894 308 47 instruction,
1162 2894 130 39 Natl,
1319 2894 257 40 education
1606 2905 127 30 assn.

250 2948 279 50 (33-11104)

165 3053 317 64 Noschese,
512 3053 308 65 Pasquale.

237 3133 82 51 La
359 3150 186 35 nuova
585 3132 230 53 tecnica.
891 3132 184 56 Unico
1117 3130 227 58 sistema
1384 3151 101 50 per
1524 3133 41 53 il
1607 3134 179 68 taglio
1828 3135 151 68 degli
2022 3135 139 53 abiti

168 3211 276 66 maschili,
487 3229 101 49 per
630 3213 279 65 produrre
949 3211 231 69 giacche
1221 3230 163 34 senza
1427 3212 194 68 grinze
1663 3218 148 48 sotto
1853 3213 50 53 le
1948 3215 214 52 ascelle.

169 3289 204 55 Studio
425 3289 278 68 originale
753 3290 90 52 del
891 3296 244 46 maestro
1187 3290 303 67 tagliatore
1539 3291 281 67 Pasquale
1868 3292 295 53 Noschese.

175 3368 253 65 [Milano,
460 3368 413 55 Stabilamento
904 3368 58 53 di
993 3368 110 52 arti
1134 3367 247 68 grafiche
1410 3370 70 52 A.
1511 3368 184 67 Rossi,
1723 3372 154 49 c1933]

239 3441 54 39 82
319 3452 42 37 p.,
402 3441 25 38 2
475 3473 8 7 1.
510 3440 109 40 inch
644 3441 149 40 front.
823 3440 170 48 (port.)
1028 3440 127 39 illus.
1216 3440 145 40 31½cm.

174 3493 51 52 ©
249 3499 108 39 Jan.
381 3498 69 47 25,
474 3498 139 47 1933;
671 3509 35 29 1c.
733 3499 109 39 Feb.
868 3498 52 47 8;
947 3497 310 48 A-Foreign
1310 3497 140 48 19601;
1478 3499 49 38 P.
1554 3499 254 47 Noschese,
1836 3498 158 47 Como,
2022 3498 145 48 Italy.

252 3555 278 48 (33-11124)

169 3656 1994 71 Nuevo tesoro de las familias; enciclopedia pr á ctica de la vida
240 3735 322 67 doméstica,
594 3753 112 34 una
738 3733 300 56 biblioteca
1071 3752 68 35 en
1171 3752 76 34 un
1281 3736 277 53 volumen.
1630 3735 208 53 Forma
1871 3739 112 49 este
2018 3734 146 54 libro

240 3810 1683 71 una concienzuda y habilísima recopilaci ó n de todos los
242 3813 1895 144 conocimientos necesarios para la buena marcha de una familia …
243 3965 1524 70 Editión ilustrada. Barcelona, B. Bauz á [c1931]
