2597 4403
0 0 0 0 198
411 407 285 65 Dobbert,
729 407 290 64 Gerhard,
1050 408 86 52 ed.

481 483 110 54 Die
631 491 122 46 rote
794 483 348 70 Wirtschaft,
1182 486 290 67 probleme
1512 489 119 51 und
1670 488 326 67 tatsachen;
2038 487 91 53 ein
411 489 1993 126 sammelwerk

606 563 461 69 herausgegeben
1107 582 113 35 von
1262 565 83 53 dr.
1388 564 266 56 Gerhard
1694 565 275 54 Dobbert.
2044 566 386 69 Königsberg,

410 642 116 68 Pr.,
555 643 118 54 und
702 642 220 67 Berlin,
953 642 619 71 Ost-Europa-verlag,
1603 648 149 51 1932.

483 729 645 50 x p., 1 l., 283 p. 22 ½ cm .
417 798 1903 54 © Oct. 1, 1932; 1c. Dec. 28; A -Foreign 19029; Ost-Europa-verlag.
497 859 252 49 (33-5320)

414 962 455 67 Eliat, H é l è ne.
487 1040 114 57 She
639 1042 191 54 would
869 1044 113 52 and
1021 1043 99 53 she
1157 1043 278 54 wouldn’t
1478 1044 109 68 [by]
1629 1043 219 56 Helene
1887 1043 189 69 Eliat;
2116 1044 317 54 translated

414 1120 75 70 by
521 1122 264 53 Bernard
817 1121 186 54 Miall.
1079 1122 141 54 New
1254 1124 182 67 York,
1466 1125 123 52 The
1620 1122 222 69 Viking
1873 1141 177 50 press,
2083 1128 152 49 1933.

486 1210 28 39 3
541 1220 43 37 p.
632 1240 24 17 l.,
683 1208 148 41 3-310
857 1219 57 38 p.,
943 1210 24 38 1
1016 1241 9 9 l.
1085 1209 57 41 19½
1175 1212 43 21 cm
1225 1242 9 9 .

420 1278 53 52 ©
501 1282 111 40 Feb.
641 1280 71 49 20,
739 1280 115 42 1933;
910 1280 70 43 2c.
1006 1283 97 39 and
1131 1280 83 43 aff.
1243 1282 113 41 Feb.
1383 1281 84 49 23;
1497 1281 42 40 A
1566 1280 171 49 59661;
1767 1280 182 51 Viking
1973 1291 150 40 press,
2153 1281 92 42 inc.

499 1339 253 49 (33-4546)

419 1442 220 67 Evans,
669 1444 249 53 Lawton
949 1445 222 64 Bryan,
1205 1448 173 51 1862-

486 1522 104 53 All
640 1521 175 54 about
865 1521 281 70 Georgia;
1200 1528 117 48 two
1365 1522 264 54 hundred
1678 1540 165 52 years
1895 1522 66 54 of
2011 1541 263 35 romance
2326 1523 114 57 and

418 1600 236 69 reality;
699 1620 33 35 a
772 1600 413 55 bi-centennial
1224 1600 235 70 tribute,
1498 1601 78 68 by
1616 1602 245 53 Lawton
1901 1603 69 53 B.
2013 1602 213 53 Evans.
2301 1602 141 54 New

420 1679 1811 70 York, Cincinnati [etc.] American book company [ c 1933]
492 1768 101 46 viii,
625 1767 58 41 99
713 1778 44 38 p.
818 1769 88 40 col.
938 1768 165 48 front.,
1137 1768 129 40 illus.
1328 1767 57 41 18½
1417 1769 45 21 cm
1467 1799 10 10 .

423 1836 53 52 ©
506 1840 97 39 Feb
647 1840 38 47 8,
715 1838 142 48 1933;
887 1839 69 41 2c.
985 1840 96 40 and
1110 1838 85 42 aff.
1224 1839 113 41 Feb.
1365 1839 84 48 17;
1479 1839 43 39 A
1549 1837 171 50 59537;
1752 1839 161 41 Amer.
1942 1839 125 41 book
2096 1850 69 30 co.

501 1897 254 49 (33-4703)

416 2002 294 65 Fletcher,
742 2002 260 56 William
1032 2003 229 55 Meade.

490 2080 352 70 Cyclopedia
878 2081 64 54 of
978 2081 96 53 the
1109 2083 111 51 law
1255 2081 63 53 of
1354 2080 229 70 private
1618 2080 415 70 corporations,
2066 2081 76 70 by
2176 2081 264 56 William

417 2160 2024 71 Meade Fletcher … Revised and permanent ed. By Basil
418 2237 2023 75 Jones and the publishers’ editorial staff … v. 16. Chicago,
420 2318 325 70 Callaghan
775 2320 113 52 and
919 2338 300 50 company,
1253 2323 152 51 1933.

493 2394 99 47 xix,
623 2393 115 40 1214
767 2405 43 37 p.
868 2394 58 39 24½
959 2396 44 21 cm
1009 2427 9 9 .

428 2462 51 52 ©
505 2466 112 41 Feb.
642 2466 68 47 13,
735 2464 114 42 1933;
904 2465 67 41 2c.
997 2466 96 39 and
1119 2465 81 41 aff.
1228 2465 112 42 Feb.
1366 2465 82 48 16;
1475 2466 41 38 A
1541 2465 171 49 60267;
1742 2465 272 48 Callaghan
2041 2465 37 41 &
2102 2475 68 31 co.

426 2570 173 64 Ford,
631 2571 156 52 Ford
815 2571 237 65 Madox,
1085 2572 174 52 1873-

493 2643 1954 71 The rash act, a novel, by Ford Madox Ford … New York,
428 2726 64 50 R.
523 2725 165 68 Long
714 2726 45 51 &
788 2724 67 54 R.
886 2725 69 54 R.
971 2723 225 69 Smith,
1226 2724 127 68 inc.,
1386 2728 151 49 1933.

494 2797 26 40 3
551 2807 43 38 p.
647 2828 23 17 l.,
700 2796 148 41 3-380
876 2808 42 38 p.
978 2796 59 41 20½
1067 2799 45 22 cm
1116 2828 9 9 .

430 2866 52 53 ©
514 2872 112 39 Feb.
658 2871 69 48 24,
759 2870 142 48 1933;
934 2871 68 41 2c.
1033 2872 95 39 and
1161 2870 81 40 aff.
1277 2871 111 40 Feb.
1419 2869 84 49 27;
1537 2871 40 38 A
1610 2870 171 48 60409;
1816 2870 53 41 F.
1901 2871 63 40 M.
1998 2870 142 47 Ford,
2175 2868 156 41 Paris.

509 2929 253 48 (33-4724)

428 3033 219 65 Frank,
680 3032 335 67 Leonhard,
1053 3038 172 50 1882-

497 3111 120 52 The
653 3110 235 69 singers,
921 3110 75 69 by
1031 3109 304 56 Leonhard
1371 3108 227 68 Frank;
1634 3108 316 57 translated
1987 3108 153 55 from
2174 3108 95 54 the
425 3105 1996 137 German

578 3188 35 53 by
676 3188 185 68 Cyrus
882 3188 237 53 Brooks.
1177 3188 139 54 New
1342 3187 178 70 York,
1544 3188 76 52 H.
1645 3188 145 52 Holt
1812 3186 112 55 and
1944 3204 279 52 company
2247 3220 13 35 [
2264 3192 19 23 c
2288 3188 153 66 1933]

497 3260 637 49 3 p. l., 3-288 p. 19 ½cm .
433 3331 53 52 ©
518 3335 112 40 Feb.
659 3335 70 48 24,
759 3334 142 46 1933;
934 3335 54 40 2c
1035 3335 112 41 Feb.
1177 3334 83 47 24;
1295 3334 81 40 aff.
1410 3334 112 41 Feb.
1551 3333 83 48 25;
1669 3335 39 38 A
1739 3332 172 48 59677;
1945 3335 169 47 Henry
2146 3332 120 41 Holt
2298 3332 36 41 &
2365 3342 82 38 co.,

501 3392 90 40 inc.
663 3392 253 48 (33-4730)

433 3494 308 67 Freeman,
773 3495 232 65 Hadley
1038 3493 295 68 Fairfield,
1370 3500 171 51 1893-

501 3574 123 53 The
659 3574 323 68 protection
1015 3573 66 54 of
1115 3573 360 55 trademarks
1512 3574 113 53 and
1663 3574 377 68 tradenames,
2078 3573 114 54 and
434 3576 1992 129 protection

602 3651 230 69 against
879 3650 201 55 unfair
1128 3650 392 70 competition,
1567 3650 61 54 in
1676 3651 256 68 Canada,
1978 3651 76 67 by
2102 3650 236 69 Hadley
2382 3650 67 52 F.

433 3728 1994 70 Freeman … [Cleveland, Printed by Freeman and Weidman]
429 3815 19 23 c
453 3812 152 51 1933.

502 3884 26 39 2
559 3896 41 36 p.
667 3915 9 17 l.,
703 3884 57 40 38
790 3894 42 38 p.
891 3884 56 40 23½
981 3886 15 21 cm
1031 3917 8 8 .

438 3950 52 53 ©
519 3955 110 40 Feb.
655 3955 41 46 4,
725 3953 141 48 1933;
895 3954 68 42 2c.
991 3955 95 39 and
1115 3953 82 41 aff.
1226 3953 111 41 Feb.
1365 3952 54 49 9;
1449 3953 42 39 A
1517 3952 170 48 60231;
1718 3953 61 39 H.
1810 3952 51 40 F.
1890 3952 253 48 Freeman,
2172 3950 276 43 Cleveland.

515 4011 253 48 (33-4408)
