2575 4405
1116 4077 65 49 99

125 429 145 54 New
309 428 183 69 Spain
527 428 114 53 and
675 428 95 52 the
807 426 529 69 Anglo-American
1373 430 164 63 west;
1576 424 298 54 historical
193 424 1900 135 contributions

191 500 1908 150 presented to Herbert Eugene Bolton … [Los Angeles,
387 580 158 55 Priv.
575 578 193 71 print.,
799 583 153 65 1932]

191 653 29 40 2
246 664 44 31 v.
349 652 148 40 front.
528 651 172 49 (port.)
764 651 60 40 26½
854 653 44 22 cm
903 683 10 10 .

196 707 1926 49 “A documentary collection … Volume I has been edited by Professors
124 764 1947 47 Charles W. Hackett … George P. Hammond … and J. Lloyd Mecham …
124 819 1998 49 volume II by Professors William C. Binkley … Cardinal Goodwin … and
124 879 44 40 J.
197 877 127 40 Fred
352 875 395 50 Rippy.”—Pref.

460 956 105 19 CONTENTS.—I.
598 933 118 39 New
751 932 177 47 Spain:
966 932 211 41 Herbert
1211 933 195 47 Eugene
1439 932 301 40 Bolton—an
1775 931 347 49 appreciation.

124 990 100 41 The
254 991 154 40 secret
435 988 148 43 visita
613 988 195 49 against
839 987 203 50 Viceroy
1072 989 248 48 Mendoza,
1351 990 61 47 by
1441 989 56 42 A.
1528 989 46 42 S.
1605 989 161 41 Aiton.
1824 988 211 41 Gonzalo
2064 989 61 41 de

126 1047 212 47 Aranda,
374 1046 108 40 first
517 1048 162 46 report
714 1046 52 40 of
800 1045 78 40 his
912 1045 210 41 services
1156 1045 50 40 in
1241 1046 118 39 New
1395 1046 163 48 Spain,
1592 1046 62 47 by
1690 1047 53 40 B.
1779 1046 71 42 W.
1885 1045 238 42 Wheeler.

127 1103 260 40 Francisco
421 1103 58 40 de
514 1102 250 47 Urdiñola,
801 1111 238 38 governor
1073 1101 51 40 of
1159 1102 169 40 Nueva
1364 1100 225 50 Vizcaya,
1625 1102 61 48 by
1723 1102 44 41 J.
1802 1102 52 41 L.
1889 1102 234 40 Mecham.

125 1160 100 39 The
256 1158 273 42 conviction
559 1158 51 40 of
641 1159 108 38 Don
780 1158 132 40 Juan
943 1159 59 39 de
1033 1158 169 48 Oñate,
1234 1158 119 40 New
1383 1157 229 41 Mexico’s
1642 1157 108 42 first
1782 1167 249 39 governor,
2064 1158 62 48 by

126 1215 52 41 G.
210 1217 50 39 P.
291 1215 289 40 Hammond.
640 1215 106 39 Don
777 1214 189 40 Andrés
997 1215 58 39 de
1087 1214 194 40 Arriola
1312 1215 97 39 and
1438 1215 81 39 the
1551 1213 287 49 occupation
1868 1214 51 42 of
127 1213 1980 99 Pensacola

270 1272 107 47 bay,
417 1271 61 47 by
519 1272 37 38 I.
596 1271 55 39 A.
691 1270 235 41 Leonard.
996 1270 165 48 Policy
1199 1271 52 39 of
1289 1272 82 38 the
1416 1271 210 47 Spanish
1665 1282 161 29 crown
1866 1270 261 49 regarding

128 1329 188 40 French
355 1328 396 40 encroachments
788 1327 130 39 from
958 1327 279 48 Louisiana,
1276 1327 276 48 1721-1762,
1592 1328 61 47 by
1694 1328 49 41 C.
1783 1328 72 40 W.
1897 1327 228 41 Hackett.

127 1385 101 40 The
271 1385 182 40 Sonora
492 1383 211 41 frontier
743 1383 53 40 of
834 1383 118 39 New
994 1383 162 48 Spain,
1197 1384 60 46 by
1298 1384 193 39 Donald
1531 1384 251 40 Rowland.
1850 1384 279 40 Alexander

128 1440 217 48 O’Reilly
377 1441 96 39 and
504 1441 81 39 the
620 1438 210 49 Spanish
862 1439 286 47 occupation
1180 1439 52 41 of
1262 1438 278 50 Louisiana,
1575 1439 275 49 1769-1770,
1882 1441 62 46 by
1977 1441 58 39 D.
2068 1439 59 41 K.

130 1496 166 48 Bjork.
356 1496 211 41 Antonio
601 1496 58 40 de
692 1494 193 41 Bonilla
920 1496 96 39 and
1051 1495 210 48 Spanish
1294 1495 140 49 plans
1467 1496 82 39 for
1579 1496 82 40 the
1695 1495 197 41 defense
1925 1496 52 40 of
2010 1497 118 38 New

129 1552 200 49 Mexico,
360 1551 275 49 1772-1778,
666 1552 61 48 by
758 1551 53 41 A.
846 1552 53 40 B.
931 1552 224 39 Thomas.
1216 1551 258 40 American
1504 1552 308 47 penetration
1843 1553 103 39 into
130 1553 1980 96 Spanish

248 1609 277 45 Louisiana,
566 1609 61 46 by
669 1608 260 41 Lawrence
971 1607 259 40 Kinnaird.
1302 1608 68 40 St.
1410 1608 148 40 Louis
1598 1608 179 48 during
1816 1609 81 39 the
1938 1608 190 41 British

129 1667 167 40 attack
323 1666 51 40 of
400 1665 127 47 1780,
554 1666 62 47 by
644 1665 55 40 A.
727 1666 51 39 P.
807 1664 217 41 Nasatir.
1084 1664 274 41 Alexander
1386 1664 321 49 McGillivray
1736 1666 98 40 and
1862 1667 83 39 the
1976 1666 153 41 Creek

128 1722 154 49 crisis,
314 1722 274 47 1783-1784,
619 1722 60 47 by
710 1721 130 40 John
870 1721 243 48 Caughey.
1172 1720 250 48 Napoleon
1451 1722 97 39 and
1578 1721 82 41 the
1689 1722 357 48 independence
2079 1722 50 40 of

130 1779 117 40 New
283 1777 163 50 Spain,
480 1779 60 47 by
575 1778 128 40 John
739 1777 353 47 Rydjord.—II.
1126 1777 100 40 The
1263 1777 433 48 Anglo-American
1730 1780 148 38 west:
1915 1778 119 41 Pike
2068 1788 62 29 on

130 1836 82 40 the
243 1845 153 38 upper
427 1833 309 49 Mississippi,
769 1832 276 50 1805-1806,
1078 1834 63 47 by
1174 1833 311 40 Wilhelmina
1523 1833 53 41 G.
1613 1834 271 41 Stockwell.
131 1835 1983 97 Adventures

299 1890 53 41 of
386 1890 182 48 George
605 1890 225 47 Nidever,
866 1890 60 47 by
963 1890 72 40 W.
1071 1889 62 41 H.
1168 1889 203 43 Ellison.
1434 1890 103 40 The
1570 1889 189 49 Oregon
1793 1890 252 41 memorial
2080 1890 50 41 of

131 1947 113 42 1838
280 1948 97 40 and
410 1946 65 41 its
511 1946 201 48 signers,
747 1946 61 46 by
843 1944 51 42 C.
928 1945 44 42 J.
1008 1946 238 40 Brosnan.
1309 1946 103 39 The
1446 1946 298 41 annexation
1778 1947 51 39 of
1862 1948 173 48 Texas,
2070 1948 60 47 by

132 2004 49 42 C.
213 2004 53 41 T.
299 2004 119 41 Neu.
478 2004 211 39 Thomas
724 2001 165 42 Oliver
923 2001 211 40 Larkin:
1170 2001 310 48 Description
1516 2002 51 41 of
1602 2002 286 48 California,
1924 2004 60 47 by
132 2002 1983 99 Cardinal

293 2059 246 41 Goodwin.
591 2059 40 39 A
655 2059 164 47 report
841 2058 128 40 from
995 2059 81 39 the
1101 2057 108 41 first
1237 2058 177 40 Indian
1438 2060 144 46 agent
1606 2059 52 40 of
1683 2060 82 39 the
1792 2069 155 38 upper
1969 2061 164 39 Platte

133 2117 95 40 and
251 2116 266 48 Arkansas,
540 2116 60 47 by
623 2116 52 40 L.
698 2115 56 39 R.
780 2114 180 41 Hafen.
1014 2114 267 40 Barstow’s
1306 2115 346 48 recollections,
1679 2117 62 46 by
1765 2116 56 41 R.
1846 2116 60 41 K.
1930 2116 201 48 Wyllys.

134 2173 207 48 Reports
374 2172 128 41 from
537 2183 28 29 a
599 2172 168 39 Texan
801 2173 145 45 agent
982 2171 50 39 in
1068 2170 118 40 New
1220 2170 201 49 Mexico,
1458 2171 128 49 1849,
1621 2173 62 46 by
1716 2173 72 40 W.
1825 2172 50 41 C.
1910 2172 222 46 Binkley.

133 2229 171 42 Josiah
333 2229 159 48 Gregg
516 2228 51 40 in
595 2226 288 48 California,
910 2228 62 47 by
1001 2226 52 43 O.
1081 2227 49 41 C.
1158 2227 113 48 Coy.
1328 2227 157 48 Diary
1510 2228 115 48 kept
1653 2230 65 46 by
1744 2229 116 39 Mrs.
1891 2228 158 41 Maria
2078 2228 56 43 A.

132 2286 240 49 Belshaw,
402 2286 61 48 by
494 2285 181 49 Joseph
705 2283 201 41 Ellison.
964 2281 238 50 Writings
1231 2284 98 39 and
1360 2285 327 47 cartography
1718 2285 52 40 of
1801 2285 211 40 Herbert
133 2285 1983 107 Eugene

275 2343 190 48 Bolton,
491 2343 61 47 by
577 2344 142 46 Mary
746 2342 124 39 Ross
907 2339 67 49 (p.
999 2339 230 49 245-252)
1292 2341 106 41 List
1424 2341 53 40 of
1501 2343 177 39 Bolton
1705 2343 238 40 students.

141 2404 51 53 ©
221 2409 111 40 Dec.
360 2408 69 49 27,
458 2407 113 41 1932;
629 2406 67 42 2c.
723 2407 125 39 each
874 2406 110 40 Jan.
1013 2407 40 46 3,
1083 2404 141 48 1933;
1256 2405 82 41 aff.
1370 2406 112 41 Feb.
1511 2406 53 48 2;
1595 2406 42 39 A
1666 2406 170 48 60148;
1871 2406 185 48 George
2084 2407 53 40 P.

207 2466 289 47 Hammond,
530 2465 95 40 Los
656 2464 220 48 Angeles.
948 2461 250 50 (33-3181)

135 2555 330 55 Oklahoma
494 2557 187 70 digest
715 2558 114 52 and
861 2562 213 48 statute
1106 2557 238 69 service;
1381 2577 31 33 a
1445 2558 211 54 service
1688 2559 186 54 which
204 2561 1907 129 supplements

421 2637 97 52 the
553 2637 186 68 digest
775 2637 114 53 and
923 2642 212 47 statute
1169 2637 379 53 annotations.
1624 2639 145 52 Part
1826 2639 128 53 I—A
207 2656 1904 127 complete

380 2715 187 69 digest
589 2715 64 53 of
675 2715 97 53 the
794 2720 230 48 current
1048 2714 323 55 Oklahoma
1395 2734 179 50 cases;
1600 2721 137 64 part
1805 2719 248 53 II—Notes
2075 2722 60 49 to

206 2793 418 68 constitutions,
664 2793 222 53 revised
925 2798 239 49 statutes
1208 2795 112 52 and
1360 2795 212 53 session
1611 2798 155 51 laws.
1840 2797 294 69 Prepared

207 2870 75 70 by
315 2872 208 52 Daniel
555 2874 89 53 W.
684 2872 285 66 Crockett,
1006 2872 237 53 assisted
1274 2873 76 69 by
1383 2874 97 53 the
1512 2874 322 68 publishers
1868 2875 269 54 editorial

206 2947 152 56 staff.
435 2953 133 50 1932
604 2953 212 51 annual
847 2952 240 52 volume.
1162 2951 418 72 Indianapolis,
1614 2954 121 53 The
209 2954 1904 128 Bobbs-Merrill

335 3048 281 49 company
649 3062 13 34 [
667 3036 18 21 c
690 3032 135 50 1932
830 3063 13 34 ]

232 3103 496 48 1 p. l., 603 p. 26 cm .
147 3154 51 53 ©
231 3159 111 40 Jan.
373 3159 69 47 12,
476 3158 140 49 1933;
650 3159 68 42 2c.
751 3160 112 41 Jan.
894 3160 83 48 21;
1012 3160 83 41 aff.
1129 3161 110 42 Jan.
1272 3160 83 49 20;
1389 3162 44 39 A
1465 3162 171 49 59057;
1672 3164 369 40 Bobbs-Merrill
2074 3175 67 31 co.

143 3301 227 54 Oxford
398 3304 116 52 and
541 3302 282 66 Asquith,
849 3305 238 65 Margot
1116 3306 280 65 Asquith,
1424 3316 256 48 countess
1708 3311 78 69 of.

211 3380 161 52 More
401 3381 311 68 memories,
741 3383 76 68 by
845 3383 166 67 Lady
1041 3383 247 55 Oxford.
1369 3387 362 66 [Instalment
1762 3393 29 48 5]

247 3455 61 38 (In
334 3450 200 44 London
562 3451 202 53 Sunday
790 3452 164 52 times,
984 3454 116 44 Dec.
1125 3455 43 51 4,
1198 3456 143 51 1932)

149 3505 1997 61 © 1c. Jan. 30, 1983; A ad int. 17460; pubd. Dec. 4, 1932; Emma Alice
218 3568 250 46 Margaret
495 3568 222 41 Tennant
745 3568 225 49 Asquith,
1001 3573 223 40 countess
1254 3572 50 41 of
1335 3574 187 40 Oxford
1552 3576 97 39 and
1677 3576 224 50 Asquith,
1932 3578 212 39 London.

146 3710 233 67 Phelps,
411 3713 313 67 Winthrop
755 3717 269 66 Morgan,
1058 3724 173 50 1894-

217 3789 120 53 The
377 3790 289 68 diagnosis
707 3794 114 52 and
859 3799 305 52 treatment
1202 3797 65 53 of
1304 3801 258 64 postural
1600 3799 234 70 defects,
1873 3801 75 70 by
147 3803 1975 131 Winthrop

376 3867 1707 80 Morgan Phelps … and Robert J. H. Kiphuth …
151 3941 369 72 Springfield,
551 3947 113 67 Ill.,
697 3947 333 71 Baltimore,
1063 3950 138 70 Md.,
1236 3950 61 55 C.
1333 3953 62 55 C.
1428 3954 265 70 Thomas,
1727 3961 151 51 1932.
