2582 4453
1355 4106 134 53 1756

426 407 85 55 De
541 408 84 54 La
655 408 185 65 Mare,
871 407 226 56 Walter
1127 408 175 66 John,
1337 407 171 55 1873-

491 486 123 53 The
649 486 128 53 lord
817 485 104 54 fish
982 486 94 67 [by]
1116 486 224 54 Walter
1376 487 88 53 De
1498 488 85 53 La
1617 488 192 58 Mare;
1849 487 323 54 illustrated
2211 488 74 68 by
2322 489 120 53 Rex

421 564 293 55 Whistler.
791 564 260 61 London,
1085 565 187 54 Faber
1304 568 48 50 &
1383 565 187 54 Faber
1608 569 174 65 [1933]

492 638 101 47 289,
627 641 55 48 [1]
716 650 42 37 p.
820 641 173 46 plates.
1055 640 49 39 21
1114 642 42 21 cm
1163 672 9 8 .

495 696 335 49 Head-pieces.

498 755 285 40 Illustrated
821 756 98 46 t.-p.
953 756 96 38 and
1082 754 367 49 lining-papers.

765 813 176 39 CONTENTS.—The
977 814 106 38 lord
1122 813 208 39 fish.—A
1371 822 157 39 penny
1567 824 26 29 a
1633 813 275 47 day.—The
1943 812 368 48 jacket.—Dick
2349 815 93 39 and

424 872 81 39 the
549 870 273 40 beanstalk.
839 893 59 4 —
917 869 305 41 Hodmadod.
1243 893 57 4 —
1318 870 102 40 The
1464 869 91 41 Old
1599 869 133 42 Lion.
1752 894 57 4 —
1830 870 177 41 Sambo
2049 872 94 39 and
2190 872 82 39 the
2313 882 133 29 snow

424 928 294 41 mountains.

428 997 52 52 ©
510 1002 68 40 1c.
607 1002 113 39 Dec.
750 1002 40 46 1,
820 1000 143 47 1933;
994 1001 41 38 A
1065 1001 61 39 ad
1156 1000 88 40 int.
1275 999 171 48 18407;
1479 1000 144 48 pubd.
1656 1000 102 41 Oct.
1789 1001 53 47 5;
1875 1002 190 39 Walter
2095 1002 73 39 De
2198 1002 68 39 La
2299 1002 150 47 Mare,

493 1059 214 48 Taplow,
737 1059 178 40 Bucks,
946 1058 238 47 England.
1260 1058 193 48 (34-71)

425 1160 290 67 Dencker,
752 1162 135 54 Carl
921 1161 206 66 Heinz,
1165 1164 171 50 1900-

556 1239 1887 71 … Bedeutung und ausslchten des kleinschleppers in der
424 1321 365 54 bäuerlichen
824 1319 616 68 familienwirtschaft,
1470 1340 110 34 von
1615 1322 61 54 C.
1708 1323 77 52 H.
1815 1321 264 54 Dencker
2108 1322 118 53 und
2257 1323 64 51 L.
2351 1323 91 54 W.

423 1400 150 53 Ries.
652 1401 219 66 Berlin,
904 1401 418 67 Beuth-verlag
1352 1419 38 48 g
1410 1419 56 33 m
1487 1399 35 53 b
1544 1400 56 67 h,
1633 1404 150 50 1933.

498 1475 57 39 40
582 1485 42 38 p.
687 1475 143 47 illus.,
861 1475 179 47 diagrs.
1103 1474 52 39 21
1162 1477 42 21 cm
1212 1507 8 7 .
1292 1473 226 49 (RKTL;
1547 1473 241 42 schriften
1816 1475 85 39 des
1929 1473 519 41 Reichskuratoriums

428 1533 83 37 für
541 1532 197 40 technik
766 1532 48 39 in
843 1535 85 38 der
955 1531 417 48 landwirtschaft,
1402 1531 93 44 hft.
1521 1531 82 46 42)

502 1591 120 39 “Die
653 1590 311 48 vorliegende
996 1590 158 40 arbeit
1186 1591 63 40 1st
1284 1591 88 40 das
1403 1589 224 49 ergebnis
1660 1589 135 41 einer
1826 1589 326 40 studienreise
2183 1591 119 38 durch
2367 1589 80 41 die

430 1647 2014 49 Rheinpfalz, Baden, Wurttemberg und die Schweiz … im märz d[ieses]
427 1703 494 53 j[ahres]”—Prelim,
949 1709 128 38 note.

501 1763 316 47 Advertising
844 1765 209 39 matter:
1083 1775 44 37 p.
1156 1763 161 41 43-46.

427 1818 2026 52 © July 24, 1933: 1c. Oct. 17; A-Foreign 22424; Reichskuratorium für
498 1880 197 40 technik
722 1881 49 39 in
800 1882 86 38 der
912 1880 418 47 landwirtschaft,
1360 1879 182 41 Berlin.
1615 1879 283 48 (33-38747)

425 1983 280 65 Dickson,
736 1987 167 54 Carr.

495 2062 124 54 The
651 2063 335 70 Bowstring
1018 2064 279 68 murders,
1330 2064 75 69 by
1440 2063 147 57 Carr
1621 2062 273 55 Dickson.
1965 2062 139 53 New
2140 2061 187 66 York,
2353 2062 95 52 W.

426 2141 251 55 Morrow
707 2145 46 50 &
784 2162 301 49 company,
1118 2147 152 50 1933.

496 2215 571 49 4 p. l., 280 p. 19½cm.
427 2269 50 52 ©
511 2275 112 39 Dec.
657 2274 38 41 6.
729 2274 141 47 1933;
905 2275 68 40 2c.
1006 2276 96 39 and
1136 2275 81 40 aff.
1252 2276 113 39 Dec.
1398 2275 83 47 12;
1517 2275 41 39 A
1591 2275 170 47 68475;
1796 2275 221 40 William
2050 2275 212 39 Morrow
2295 2275 36 40 &
2365 2286 82 36 co.,

494 2331 90 41 inc.
657 2332 283 49 (33-38222)

431 2433 232 67 [Digest
699 2435 63 52 of
796 2436 96 53 the
923 2435 220 55 United
1181 2436 191 56 States
1410 2437 278 67 Supreme
1722 2441 164 50 court
1919 2439 266 66 Reports]
2263 2436 182 55 Court

496 2515 151 52 rules
681 2512 330 71 (including
1047 2516 95 51 the
1180 2518 231 66 general
1447 2516 197 54 orders
1681 2516 60 52 in
1777 2516 383 69 bankrupt,
2198 2515 114 53 and
2347 2516 98 51 the

497 2592 1945 71 copyright rules) Supplement no. 1 … of v. 1-A of the
495 2671 204 69 Digest
767 2672 64 54 of
898 2673 94 53 the
1059 2674 218 53 United
1349 2675 190 56 States
1607 2675 278 68 Supreme
1950 2679 164 47 court
2177 2676 265 66 Reports.

495 2751 329 58 Rochester,
852 2754 69 52 N.
951 2754 91 57 Y.,
1070 2753 121 52 The
1220 2755 270 67 Lawyers
1518 2753 383 69 co-operative
1929 2753 339 69 publishing
493 2771 1926 128 company,
701 2834 152 52 1933.

490 2904 58 41 19
575 2915 42 39 p.
677 2905 56 42 24
737 2908 43 21 cm
787 2939 8 9 .

490 2962 301 42 Cover-title.

493 3019 118 40 This
637 3022 250 47 pamphlet
912 3021 41 40 is
979 3024 48 38 to
1051 3023 57 38 be
1132 3021 140 42 fitted
1297 3022 104 40 into
1427 3022 83 40 the
1534 3023 172 46 pocket
1733 3024 52 39 at
1812 3023 84 39 the
1919 3022 123 40 back
2068 3022 52 40 of
2146 3021 82 41 the
2254 3022 191 39 volume

420 3077 51 39 of
501 3078 81 40 the
611 3081 74 38 set
714 3081 49 38 to
793 3078 161 41 which
983 3079 42 40 it
1051 3078 212 49 belongs.

424 3129 52 53 ©
501 3135 112 40 Dec.
638 3136 69 40 14,
733 3135 141 44 1933;
901 3136 67 42 2c.
994 3136 112 41 Dec.
1205 3148 9 31 18;
1241 3136 82 41 aff.
1350 3138 112 39 Dec.
1487 3137 82 40 16:
1598 3137 39 38 A
1663 3136 142 41 67573
1825 3147 9 36 ;
1862 3137 231 47 Lawyers
2119 3133 325 50 co-operative

491 3193 108 47 pub.
632 3204 68 30 co.

422 3292 282 68 Douglas,
738 3296 246 55 Charles
1015 3295 293 68 Winfred,
1343 3298 172 53 1867-

494 3372 123 54 The
664 3374 294 69 midnight
1005 3394 167 40 mass,
1218 3395 195 49 poems
1462 3377 112 52 and
1622 3377 376 52 translations
2046 3377 75 66 by
2167 3374 273 55 Winfred

422 3449 275 71 Douglas.
771 3453 141 53 New
950 3452 180 69 York,
1166 3455 242 53 London
1470 3459 122 63 [etc.]
1639 3455 231 55 Oxford
1908 3455 320 68 university
2265 3472 175 51 press,

421 3532 152 50 1933.

494 3602 736 52 ix p., 1 l.. 82 p.. 1 l. 21½ cm .
421 3655 52 53 ©
503 3661 110 40 Dec.
645 3662 39 47 1,
714 3662 141 41 1933:
888 3664 68 39 2c.
986 3665 96 38 and
1113 3664 81 40 aff.
1226 3665 110 39 Dec.
1368 3665 82 46 12;
1482 3665 41 39 A
1554 3665 144 40 68456
1717 3676 9 36 ;
1760 3665 189 41 Oxford
1981 3665 130 41 univ.
2142 3674 150 39 press.
2325 3665 118 39 New

486 3718 145 44 York,
658 3718 89 41 inc.
822 3720 282 48 (33-38215)

418 3821 351 65 Durkheim,
803 3814 209 76 fimile,
1050 3826 327 54 1858-1917.

485 3888 189 66 fimile
707 3903 324 54 Durkheim
1065 3924 71 34 on
1170 3906 121 52 The
1325 3905 250 56 division
1608 3906 65 53 of
1704 3906 160 53 labor
1900 3905 54 53 in
1990 3905 240 68 society:
2265 3904 170 67 being

415 3999 26 33 a
482 3981 344 53 translation
866 3981 64 55 of
965 3983 89 53 his
1091 3986 85 49 De
1216 3986 52 51 la
1306 3983 250 55 division
1596 3987 76 52 du
1710 3985 210 52 travail
1957 3984 191 67 social,
2186 3984 136 52 with
2362 4002 71 34 an
