<alto xmlns="http://www.loc.gov/standards/alto/ns-v3#" xmlns:xsi="http://www.w3.org/2001/XMLSchema-instance" xsi:schemaLocation="http://www.loc.gov/standards/alto/ns-v3# http://www.loc.gov/alto/v3/alto-3-0.xsd"><Description>
<MeasurementUnit>pixel</MeasurementUnit>
<sourceImageInformation>
<fileName>1933_v1_Part1.pdf</fileName>
</sourceImageInformation>
<OCRProcessing ID="IdOcr">
<ocrProcessingStep>
<processingDateTime>2019-01-03</processingDateTime>
<processingSoftware>
<softwareCreator>ABBYY</softwareCreator>
<softwareName>ABBYY Recognition Server</softwareName>
<softwareVersion>4.0</softwareVersion>
</processingSoftware>
</ocrProcessingStep>
</OCRProcessing>
</Description>
<Styles>
<ParagraphStyle ALIGN="Left" FIRSTLINE="0." ID="StyleId-FFFFFFFF-FFFF-FFFF-FFFF-FFFFFFFFFFFF-" LEFT="0." RIGHT="0." />
<ParagraphStyle ALIGN="Left" FIRSTLINE="0." ID="StyleId-6EF5737A-DCEB-4126-A0CF-C5930BF7166A-" LEFT="0." LINESPACE="8.300000191" RIGHT="0." />
<ParagraphStyle ALIGN="Left" FIRSTLINE="0." ID="StyleId-2DE44258-FD0B-41E1-B542-087C989B01A3-" LEFT="0." LINESPACE="12.19999981" RIGHT="0." />
<ParagraphStyle ALIGN="Left" FIRSTLINE="-14." ID="StyleId-CE3D254A-29D7-4DD7-B5F1-E0FC0EF29B05-" LEFT="0." LINESPACE="8.619999886" RIGHT="0." />
<ParagraphStyle ALIGN="Left" FIRSTLINE="-14." ID="StyleId-C0E3A137-CE4F-4287-8A90-B599106709D0-" LEFT="0." LINESPACE="12.19999981" RIGHT="0." />
<ParagraphStyle ALIGN="Left" FIRSTLINE="-14." ID="StyleId-50F26F0C-05DA-4C19-BA58-7A6AC4499BEE-" LEFT="0." LINESPACE="11.06999969" RIGHT="0." />
<ParagraphStyle ALIGN="Center" FIRSTLINE="0." ID="StyleId-5DDE65AF-512C-41E2-9B8E-095D6D99EF68-" LEFT="0." LINESPACE="11.89999962" RIGHT="0." />
<ParagraphStyle ALIGN="Left" FIRSTLINE="0." ID="StyleId-0A81D7A5-6A62-4C52-915E-7768974C704D-" LEFT="0." LINESPACE="9.399999619" RIGHT="0." />
<ParagraphStyle ALIGN="Block" FIRSTLINE="-13." ID="StyleId-F7A0127F-6B48-4157-BB81-FE33E1E1A05B-" LEFT="0." LINESPACE="10.63000011" RIGHT="0." />
<ParagraphStyle ALIGN="Left" FIRSTLINE="0." ID="StyleId-E18C69F7-DBD7-48B1-805C-FCD96D0DA019-" LEFT="0." LINESPACE="11.64000034" RIGHT="0." />
<ParagraphStyle ALIGN="Left" FIRSTLINE="-14." ID="StyleId-98F15501-B611-4E83-8BB3-807E891F11F5-" LEFT="0." LINESPACE="12.19999981" RIGHT="0." />
<ParagraphStyle ALIGN="Left" FIRSTLINE="0." ID="StyleId-F4A78626-0BBC-4D12-94D9-A1AE75A9855F-" LEFT="0." LINESPACE="9.399999619" RIGHT="0." />
<ParagraphStyle ALIGN="Left" FIRSTLINE="0." ID="StyleId-6A3F6F4C-D21B-4ADE-902F-7683F18ECEF3-" LEFT="0." LINESPACE="11.10000038" RIGHT="0." />
</Styles>
<Layout>
<Page HEIGHT="4453" ID="Page1662" PHYSICAL_IMG_NR="1662" WIDTH="2582">
<TopMargin HEIGHT="400" HPOS="0" VPOS="0" WIDTH="2582">
</TopMargin>
<LeftMargin HEIGHT="3750" HPOS="0" VPOS="400" WIDTH="404">
</LeftMargin>
<RightMargin HEIGHT="3750" HPOS="2454" VPOS="400" WIDTH="128">
</RightMargin>
<BottomMargin HEIGHT="303" HPOS="0" VPOS="4150" WIDTH="2582">
</BottomMargin>
<PrintSpace HEIGHT="3750" HPOS="404" VPOS="400" WIDTH="2050">
<TextBlock HEIGHT="72" HPOS="1354" ID="Page1662_Block1" LANG="en-US" STYLEREFS="StyleId-00089F26-AD17-4A38-95DB-6089713799D9-" VPOS="4078" WIDTH="156">
<TextLine HEIGHT="50" HPOS="1363" VPOS="4089" WIDTH="136">
<String CONTENT="1662" HEIGHT="50" HPOS="1363" VPOS="4089" WIDTH="136" />
</TextLine>
</TextBlock>
<TextBlock CS="1" HEIGHT="3644" HPOS="404" ID="Page1662_Block2" LANG="en-US" STYLEREFS="StyleId-4864153D-8348-4554-86A8-5E5BD1C39AD7-" VPOS="400" WIDTH="2050">
<TextLine HEIGHT="67" HPOS="415" STYLEREFS="StyleId-3FB39CC0-B980-4F59-A93D-8898C60AE0B3-" VPOS="410" WIDTH="780">
<String CONTENT="Rose," HEIGHT="66" HPOS="415" VPOS="411" WIDTH="172" />
<SP HEIGHT="65" HPOS="588" VPOS="412" WIDTH="29" />
<String CONTENT="Dwight" HEIGHT="67" HPOS="618" VPOS="410" WIDTH="245" />
<SP HEIGHT="54" HPOS="864" VPOS="413" WIDTH="30" />
<String CONTENT="Chappell." HEIGHT="65" HPOS="895" VPOS="412" WIDTH="300" />
</TextLine>
<TextLine CS="1" HEIGHT="148" HPOS="416" STYLEREFS="StyleId-04D6E871-4778-48E1-97BB-A2EB0A103960-" VPOS="489" WIDTH="2016">
<String CONTENT="The" HEIGHT="54" HPOS="485" VPOS="489" WIDTH="121" />
<SP HEIGHT="51" HPOS="607" VPOS="508" WIDTH="40" />
<String CONTENT="practical" HEIGHT="69" HPOS="648" VPOS="490" WIDTH="278" />
<SP HEIGHT="51" HPOS="927" VPOS="491" WIDTH="40" />
<String CONTENT="application" HEIGHT="68" HPOS="968" VPOS="490" WIDTH="358" />
<SP HEIGHT="34" HPOS="1327" VPOS="510" WIDTH="39" />
<String CONTENT="of" HEIGHT="54" HPOS="1367" VPOS="490" WIDTH="63" />
<SP HEIGHT="53" HPOS="1431" VPOS="490" WIDTH="38" />
<String CONTENT="investment" HEIGHT="52" HPOS="1470" VPOS="492" WIDTH="344" />
<SP HEIGHT="47" HPOS="1815" VPOS="496" WIDTH="41" />
<String CONTENT="management," HEIGHT="64" HPOS="1857" VPOS="494" WIDTH="415" />
<SP HEIGHT="48" HPOS="2273" VPOS="507" WIDTH="40" />
<String CONTENT="volume" HEIGHT="130" HPOS="416" VPOS="490" WIDTH="1988" />
<SP HEIGHT="34" HPOS="544" VPOS="586" WIDTH="45" />
<String CONTENT="n." HEIGHT="34" HPOS="590" LANG="fi" VPOS="586" WIDTH="63" />
<SP HEIGHT="52" HPOS="654" VPOS="569" WIDTH="79" />
<String CONTENT="By" HEIGHT="68" HPOS="734" VPOS="569" WIDTH="92" />
<SP HEIGHT="68" HPOS="827" VPOS="569" WIDTH="45" />
<String CONTENT="Dwight" HEIGHT="68" HPOS="873" VPOS="569" WIDTH="242" />
<SP HEIGHT="56" HPOS="1116" VPOS="569" WIDTH="46" />
<String CONTENT="C." HEIGHT="56" HPOS="1163" VPOS="569" WIDTH="64" />
<SP HEIGHT="52" HPOS="1228" VPOS="570" WIDTH="44" />
<String CONTENT="Rose" HEIGHT="52" HPOS="1273" VPOS="570" WIDTH="148" />
<SP HEIGHT="34" HPOS="1422" VPOS="588" WIDTH="49" />
<String CONTENT="&#8230;" CS="1" />
<SP HEIGHT="52" HPOS="1530" VPOS="570" WIDTH="83" />
<String CONTENT="New" HEIGHT="52" HPOS="1614" VPOS="570" WIDTH="138" />
<SP HEIGHT="52" HPOS="1753" VPOS="569" WIDTH="49" />
<String CONTENT="York" HEIGHT="53" HPOS="1803" VPOS="569" WIDTH="163" />
<SP HEIGHT="52" HPOS="1967" VPOS="569" WIDTH="45" />
<String CONTENT="and" HEIGHT="53" HPOS="2013" VPOS="568" WIDTH="111" />
<SP HEIGHT="54" HPOS="2125" VPOS="567" WIDTH="48" />
<String CONTENT="London," HEIGHT="67" HPOS="2174" VPOS="567" WIDTH="258" />
</TextLine>
<TextLine HEIGHT="69" HPOS="415" STYLEREFS="StyleId-04D6E871-4778-48E1-97BB-A2EB0A103960-" VPOS="646" WIDTH="843">
<String CONTENT="Harper" HEIGHT="69" HPOS="415" VPOS="646" WIDTH="233" />
<SP HEIGHT="50" HPOS="649" VPOS="650" WIDTH="33" />
<String CONTENT="&amp;" HEIGHT="50" HPOS="683" VPOS="650" WIDTH="46" />
<SP HEIGHT="52" HPOS="730" VPOS="648" WIDTH="29" />
<String CONTENT="brothers" HEIGHT="53" HPOS="760" VPOS="648" WIDTH="261" />
<SP HEIGHT="48" HPOS="1022" VPOS="667" WIDTH="40" />
<String CONTENT="[c1933]" HEIGHT="64" HPOS="1063" VPOS="651" WIDTH="195" />
</TextLine>
<TextLine CS="1" HEIGHT="51" HPOS="486" VPOS="720" WIDTH="1159">
<String CONTENT="ix" HEIGHT="38" HPOS="486" VPOS="720" WIDTH="50" />
<SP HEIGHT="39" HPOS="537" VPOS="730" WIDTH="24" />
<String CONTENT="p.," HEIGHT="38" HPOS="562" VPOS="731" WIDTH="59" />
<SP HEIGHT="46" HPOS="622" VPOS="722" WIDTH="24" />
<String CONTENT="1" CS="1" />
<SP />
<String CONTENT="l.," CS="1" />
<SP />
<String CONTENT="286" HEIGHT="41" HPOS="769" VPOS="720" WIDTH="87" />
<SP HEIGHT="49" HPOS="857" VPOS="720" WIDTH="20" />
<String CONTENT="p." HEIGHT="37" HPOS="878" VPOS="732" WIDTH="43" />
<SP HEIGHT="39" HPOS="922" VPOS="722" WIDTH="28" />
<String CONTENT="incl." HEIGHT="42" HPOS="951" VPOS="720" WIDTH="110" />
<SP HEIGHT="38" HPOS="1062" VPOS="724" WIDTH="27" />
<String CONTENT="tables," HEIGHT="47" HPOS="1090" VPOS="722" WIDTH="170" />
<SP HEIGHT="47" HPOS="1261" VPOS="722" WIDTH="24" />
<String CONTENT="diagrs." HEIGHT="51" HPOS="1286" VPOS="720" WIDTH="182" />
<SP HEIGHT="40" HPOS="1469" VPOS="721" WIDTH="58" />
<String CONTENT="22cm." HEIGHT="41" HPOS="1528" VPOS="721" WIDTH="117" />
</TextLine>
<TextLine CS="1" HEIGHT="50" HPOS="487" VPOS="790" WIDTH="1829">
<String CONTENT="In" HEIGHT="40" HPOS="487" VPOS="790" WIDTH="57" />
<SP HEIGHT="38" HPOS="545" VPOS="793" WIDTH="34" />
<String CONTENT="1928" HEIGHT="41" HPOS="580" VPOS="790" WIDTH="116" />
<SP HEIGHT="42" HPOS="697" VPOS="790" WIDTH="35" />
<String CONTENT="there" HEIGHT="40" HPOS="733" VPOS="793" WIDTH="139" />
<SP HEIGHT="31" HPOS="873" VPOS="802" WIDTH="34" />
<String CONTENT="appeared" HEIGHT="47" HPOS="908" VPOS="793" WIDTH="245" />
<SP HEIGHT="39" HPOS="1154" VPOS="793" WIDTH="36" />
<String CONTENT="the" HEIGHT="40" HPOS="1191" VPOS="793" WIDTH="83" />
<SP HEIGHT="32" HPOS="1275" VPOS="801" WIDTH="35" />
<String CONTENT="author's" CS="1" HEIGHT="39" HPOS="1311" VPOS="794" WIDTH="221" />
<SP HEIGHT="40" HPOS="1533" VPOS="793" WIDTH="36" />
<String CONTENT="book" HEIGHT="40" HPOS="1570" VPOS="793" WIDTH="122" />
<SP HEIGHT="39" HPOS="1693" VPOS="794" WIDTH="37" />
<String CONTENT="entitled" HEIGHT="41" HPOS="1731" VPOS="792" WIDTH="203" />
<SP HEIGHT="39" HPOS="1935" VPOS="792" WIDTH="38" />
<String CONTENT="&#8220;A" HEIGHT="38" HPOS="1974" VPOS="792" WIDTH="65" />
<SP HEIGHT="40" HPOS="2040" VPOS="792" WIDTH="39" />
<String CONTENT="scientific" HEIGHT="41" HPOS="2080" VPOS="792" WIDTH="236" />
</TextLine>
<TextLine CS="1" HEIGHT="272" HPOS="415" VPOS="802" WIDTH="2017">
<String CONTENT="approach" HEIGHT="94" HPOS="415" VPOS="802" WIDTH="2000" />
<SP HEIGHT="40" HPOS="597" VPOS="849" WIDTH="29" />
<String CONTENT="to" HEIGHT="37" HPOS="627" VPOS="852" WIDTH="49" />
<SP HEIGHT="41" HPOS="677" VPOS="848" WIDTH="28" />
<String CONTENT="investment" HEIGHT="42" HPOS="706" VPOS="848" WIDTH="297" />
<SP HEIGHT="37" HPOS="1004" VPOS="853" WIDTH="29" />
<String CONTENT="management&#8221;." HEIGHT="48" HPOS="1034" VPOS="849" WIDTH="385" />
<SP HEIGHT="39" HPOS="1420" VPOS="850" WIDTH="60" />
<String CONTENT="The" HEIGHT="41" HPOS="1481" VPOS="850" WIDTH="101" />
<SP HEIGHT="30" HPOS="1583" VPOS="861" WIDTH="31" />
<String CONTENT="writer" HEIGHT="40" HPOS="1615" VPOS="851" WIDTH="168" />
<SP HEIGHT="28" HPOS="1784" VPOS="862" WIDTH="29" />
<String CONTENT="now" HEIGHT="30" HPOS="1814" VPOS="861" WIDTH="109" />
<SP HEIGHT="30" HPOS="1924" VPOS="861" WIDTH="32" />
<String CONTENT="offers" HEIGHT="42" HPOS="1957" VPOS="849" WIDTH="147" />
<SP HEIGHT="39" HPOS="2105" VPOS="852" WIDTH="32" />
<String CONTENT="&#8220;The" HEIGHT="41" HPOS="2138" VPOS="850" WIDTH="129" />
<SP HEIGHT="38" HPOS="2268" VPOS="862" WIDTH="30" />
<String CONTENT="practical" HEIGHT="86" HPOS="416" VPOS="861" WIDTH="2000" />
<SP HEIGHT="38" HPOS="535" VPOS="909" WIDTH="29" />
<String CONTENT="application" HEIGHT="49" HPOS="565" VPOS="907" WIDTH="303" />
<SP HEIGHT="29" HPOS="869" VPOS="919" WIDTH="33" />
<String CONTENT="of" HEIGHT="40" HPOS="903" VPOS="908" WIDTH="50" />
<SP HEIGHT="39" HPOS="954" VPOS="907" WIDTH="31" />
<String CONTENT="investment" HEIGHT="41" HPOS="986" VPOS="907" WIDTH="294" />
<SP HEIGHT="37" HPOS="1281" VPOS="911" WIDTH="32" />
<String CONTENT="management&#8221;," HEIGHT="49" HPOS="1314" VPOS="908" WIDTH="386" />
<SP HEIGHT="45" HPOS="1701" VPOS="909" WIDTH="34" />
<String CONTENT="being" HEIGHT="49" HPOS="1736" VPOS="908" WIDTH="142" />
<SP HEIGHT="38" HPOS="1879" VPOS="919" WIDTH="30" />
<String CONTENT="v." HEIGHT="29" HPOS="1910" VPOS="919" WIDTH="42" />
<SP HEIGHT="41" HPOS="1953" VPOS="907" WIDTH="33" />
<String CONTENT="2" HEIGHT="39" HPOS="1987" VPOS="907" WIDTH="25" />
<SP HEIGHT="42" HPOS="2013" VPOS="907" WIDTH="33" />
<String CONTENT="of" HEIGHT="41" HPOS="2047" VPOS="908" WIDTH="51" />
<SP HEIGHT="40" HPOS="2099" VPOS="908" WIDTH="32" />
<String CONTENT="the" HEIGHT="40" HPOS="2132" VPOS="910" WIDTH="83" />
<SP HEIGHT="41" HPOS="2216" VPOS="909" WIDTH="32" />
<String CONTENT="Investment" HEIGHT="96" HPOS="415" VPOS="909" WIDTH="1999" />
<SP HEIGHT="37" HPOS="548" VPOS="968" WIDTH="34" />
<String CONTENT="management" HEIGHT="45" HPOS="583" VPOS="968" WIDTH="341" />
<SP HEIGHT="37" HPOS="925" VPOS="968" WIDTH="33" />
<String CONTENT="series," HEIGHT="48" HPOS="959" VPOS="964" WIDTH="164" />
<SP HEIGHT="38" HPOS="1124" VPOS="974" WIDTH="32" />
<String CONTENT="as" HEIGHT="31" HPOS="1157" VPOS="974" WIDTH="55" />
<SP HEIGHT="30" HPOS="1213" VPOS="975" WIDTH="34" />
<String CONTENT="a" HEIGHT="30" HPOS="1248" VPOS="975" WIDTH="29" />
<SP HEIGHT="30" HPOS="1278" VPOS="975" WIDTH="34" />
<String CONTENT="new" HEIGHT="30" HPOS="1313" VPOS="976" WIDTH="105" />
<SP HEIGHT="30" HPOS="1419" VPOS="975" WIDTH="34" />
<String CONTENT="and" HEIGHT="39" HPOS="1454" VPOS="966" WIDTH="96" />
<SP HEIGHT="40" HPOS="1551" VPOS="966" WIDTH="33" />
<String CONTENT="supplementary" HEIGHT="48" HPOS="1585" VPOS="967" WIDTH="398" />
<SP HEIGHT="37" HPOS="1984" VPOS="977" WIDTH="32" />
<String CONTENT="volume;" HEIGHT="47" HPOS="2017" VPOS="966" WIDTH="218" />
<SP HEIGHT="36" HPOS="2236" VPOS="977" WIDTH="34" />
<String CONTENT="allowing" HEIGHT="106" HPOS="417" VPOS="966" WIDTH="1998" />
<SP HEIGHT="46" HPOS="499" VPOS="1026" WIDTH="26" />
<String CONTENT="the" HEIGHT="41" HPOS="526" VPOS="1023" WIDTH="82" />
<SP HEIGHT="38" HPOS="609" VPOS="1033" WIDTH="26" />
<String CONTENT="previous" HEIGHT="48" HPOS="636" VPOS="1023" WIDTH="229" />
<SP HEIGHT="30" HPOS="866" VPOS="1033" WIDTH="27" />
<String CONTENT="work" HEIGHT="39" HPOS="894" VPOS="1024" WIDTH="136" />
<SP HEIGHT="39" HPOS="1031" VPOS="1024" WIDTH="27" />
<String CONTENT="to" HEIGHT="36" HPOS="1059" VPOS="1027" WIDTH="49" />
<SP HEIGHT="29" HPOS="1109" VPOS="1034" WIDTH="28" />
<String CONTENT="remain" HEIGHT="40" HPOS="1138" VPOS="1024" WIDTH="187" />
<SP HEIGHT="29" HPOS="1326" VPOS="1034" WIDTH="28" />
<String CONTENT="as" HEIGHT="29" HPOS="1355" VPOS="1034" WIDTH="54" />
<SP HEIGHT="29" HPOS="1410" VPOS="1034" WIDTH="27" />
<String CONTENT="v." HEIGHT="29" HPOS="1438" VPOS="1034" WIDTH="42" />
<SP HEIGHT="39" HPOS="1481" VPOS="1024" WIDTH="29" />
<String CONTENT="1" HEIGHT="39" HPOS="1511" VPOS="1024" WIDTH="25" />
<SP HEIGHT="40" HPOS="1537" VPOS="1024" WIDTH="30" />
<String CONTENT="of" HEIGHT="41" HPOS="1568" VPOS="1023" WIDTH="50" />
<SP HEIGHT="40" HPOS="1619" VPOS="1023" WIDTH="28" />
<String CONTENT="the" HEIGHT="39" HPOS="1648" VPOS="1025" WIDTH="82" />
<SP HEIGHT="40" HPOS="1731" VPOS="1024" WIDTH="29" />
<String CONTENT="Investment" HEIGHT="41" HPOS="1761" VPOS="1024" WIDTH="303" />
<SP HEIGHT="39" HPOS="2065" VPOS="1025" WIDTH="26" />
<String CONTENT="management" HEIGHT="46" HPOS="2092" VPOS="1028" WIDTH="340" />
</TextLine>
<TextLine HEIGHT="48" HPOS="414" VPOS="1081" WIDTH="596">
<String CONTENT="series," HEIGHT="42" HPOS="414" VPOS="1081" WIDTH="165" />
<SP HEIGHT="30" HPOS="580" VPOS="1092" WIDTH="60" />
<String CONTENT="cf." HEIGHT="47" HPOS="641" VPOS="1082" WIDTH="61" />
<SP HEIGHT="40" HPOS="703" VPOS="1082" WIDTH="31" />
<String CONTENT="Foreword." HEIGHT="40" HPOS="735" VPOS="1082" WIDTH="275" />
</TextLine>
<TextLine CS="1" HEIGHT="52" HPOS="417" VPOS="1151" WIDTH="2018">
<String CONTENT="&#169;" HEIGHT="52" HPOS="417" VPOS="1151" WIDTH="52" />
<SP HEIGHT="52" HPOS="470" VPOS="1151" WIDTH="24" />
<String CONTENT="Nov." HEIGHT="39" HPOS="495" VPOS="1156" WIDTH="117" />
<SP HEIGHT="39" HPOS="613" VPOS="1155" WIDTH="24" />
<String CONTENT="20," HEIGHT="43" HPOS="638" VPOS="1155" WIDTH="70" />
<SP HEIGHT="43" HPOS="709" VPOS="1155" WIDTH="23" />
<String CONTENT="1933:" CS="1" HEIGHT="41" HPOS="733" VPOS="1154" WIDTH="114" />
<SP HEIGHT="41" HPOS="876" VPOS="1154" WIDTH="26" />
<String CONTENT="2c." HEIGHT="41" HPOS="903" VPOS="1154" WIDTH="67" />
<SP HEIGHT="31" HPOS="971" VPOS="1164" WIDTH="25" />
<String CONTENT="and" HEIGHT="38" HPOS="997" VPOS="1155" WIDTH="94" />
<SP HEIGHT="38" HPOS="1092" VPOS="1155" WIDTH="24" />
<String CONTENT="aff." HEIGHT="41" HPOS="1117" VPOS="1152" WIDTH="82" />
<SP HEIGHT="39" HPOS="1200" VPOS="1153" WIDTH="25" />
<String CONTENT="Nov." HEIGHT="39" HPOS="1226" VPOS="1153" WIDTH="118" />
<SP HEIGHT="39" HPOS="1345" VPOS="1153" WIDTH="24" />
<String CONTENT="23;" CS="1" HEIGHT="39" HPOS="1370" VPOS="1153" WIDTH="59" />
<SP HEIGHT="46" HPOS="1454" VPOS="1153" WIDTH="26" />
<String CONTENT="A" HEIGHT="38" HPOS="1481" VPOS="1153" WIDTH="41" />
<SP HEIGHT="41" HPOS="1523" VPOS="1152" WIDTH="23" />
<String CONTENT="67221;" CS="1" HEIGHT="41" HPOS="1547" VPOS="1152" WIDTH="144" />
<SP HEIGHT="45" HPOS="1720" VPOS="1155" WIDTH="27" />
<String CONTENT="D." HEIGHT="40" HPOS="1748" VPOS="1155" WIDTH="57" />
<SP HEIGHT="41" HPOS="1806" VPOS="1154" WIDTH="25" />
<String CONTENT="G." HEIGHT="40" HPOS="1832" VPOS="1154" WIDTH="48" />
<SP HEIGHT="39" HPOS="1881" VPOS="1154" WIDTH="27" />
<String CONTENT="Rose," HEIGHT="48" HPOS="1909" VPOS="1154" WIDTH="139" />
<SP HEIGHT="47" HPOS="2049" VPOS="1155" WIDTH="26" />
<String CONTENT="Mainaroneck," HEIGHT="45" HPOS="2076" VPOS="1154" WIDTH="359" />
</TextLine>
<TextLine HEIGHT="50" HPOS="486" VPOS="1210" WIDTH="492">
<String CONTENT="N." HEIGHT="42" HPOS="486" LANG="fr" VPOS="1213" WIDTH="57" />
<SP HEIGHT="42" HPOS="544" VPOS="1213" WIDTH="25" />
<String CONTENT="Y." HEIGHT="40" HPOS="570" LANG="fr" VPOS="1213" WIDTH="53" />
<SP HEIGHT="48" HPOS="624" VPOS="1212" WIDTH="71" />
<String CONTENT="(33-35471)" HEIGHT="50" HPOS="696" LANG="en-US" VPOS="1210" WIDTH="282" />
</TextLine>
<TextLine HEIGHT="66" HPOS="415" STYLEREFS="StyleId-3FB39CC0-B980-4F59-A93D-8898C60AE0B3-" VPOS="1332" WIDTH="467">
<String CONTENT="Rose," HEIGHT="63" HPOS="415" VPOS="1335" WIDTH="172" />
<SP HEIGHT="64" HPOS="588" VPOS="1334" WIDTH="28" />
<String CONTENT="Pauline." HEIGHT="57" HPOS="617" VPOS="1332" WIDTH="265" />
</TextLine>
<TextLine HEIGHT="70" HPOS="487" STYLEREFS="StyleId-04D6E871-4778-48E1-97BB-A2EB0A103960-" VPOS="1409" WIDTH="1950">
<String CONTENT="The" HEIGHT="53" HPOS="487" VPOS="1412" WIDTH="122" />
<SP HEIGHT="54" HPOS="610" VPOS="1411" WIDTH="38" />
<String CONTENT="American" HEIGHT="53" HPOS="649" VPOS="1411" WIDTH="311" />
<SP HEIGHT="50" HPOS="961" VPOS="1429" WIDTH="39" />
<String CONTENT="people" HEIGHT="69" HPOS="1001" VPOS="1410" WIDTH="203" />
<SP HEIGHT="35" HPOS="1205" VPOS="1429" WIDTH="40" />
<String CONTENT="and" HEIGHT="53" HPOS="1246" VPOS="1411" WIDTH="112" />
<SP HEIGHT="53" HPOS="1359" VPOS="1411" WIDTH="41" />
<String CONTENT="language," HEIGHT="68" HPOS="1401" VPOS="1411" WIDTH="303" />
<SP HEIGHT="70" HPOS="1705" VPOS="1409" WIDTH="42" />
<String CONTENT="for" HEIGHT="54" HPOS="1748" VPOS="1409" WIDTH="93" />
<SP HEIGHT="54" HPOS="1842" VPOS="1410" WIDTH="40" />
<String CONTENT="intermediate" HEIGHT="55" HPOS="1883" VPOS="1409" WIDTH="400" />
<SP HEIGHT="35" HPOS="2284" VPOS="1429" WIDTH="39" />
<String CONTENT="and" HEIGHT="53" HPOS="2324" VPOS="1410" WIDTH="113" />
</TextLine>
<TextLine CS="1" HEIGHT="69" HPOS="417" STYLEREFS="StyleId-04D6E871-4778-48E1-97BB-A2EB0A103960-" VPOS="1489" WIDTH="2020">
<String CONTENT="advanced" HEIGHT="53" HPOS="417" VPOS="1490" WIDTH="292" />
<SP HEIGHT="54" HPOS="710" VPOS="1489" WIDTH="34" />
<String CONTENT="foreign-born" HEIGHT="69" HPOS="745" VPOS="1489" WIDTH="402" />
<SP HEIGHT="34" HPOS="1148" VPOS="1508" WIDTH="33" />
<String CONTENT="adults," HEIGHT="68" HPOS="1182" VPOS="1489" WIDTH="210" />
<SP HEIGHT="68" HPOS="1393" VPOS="1489" WIDTH="27" />
<String CONTENT="by" HEIGHT="69" HPOS="1421" VPOS="1489" WIDTH="76" />
<SP HEIGHT="69" HPOS="1498" VPOS="1489" WIDTH="30" />
<String CONTENT="Pauline" HEIGHT="54" HPOS="1529" VPOS="1489" WIDTH="245" />
<SP HEIGHT="54" HPOS="1775" VPOS="1489" WIDTH="31" />
<String CONTENT="Rose" HEIGHT="54" HPOS="1807" VPOS="1489" WIDTH="147" />
<SP HEIGHT="34" HPOS="1955" VPOS="1509" WIDTH="38" />
<String CONTENT="&#8230;" CS="1" />
<SP HEIGHT="34" HPOS="2050" VPOS="1508" WIDTH="37" />
<String CONTENT="and" HEIGHT="53" HPOS="2088" VPOS="1489" WIDTH="113" />
<SP HEIGHT="53" HPOS="2202" VPOS="1489" WIDTH="30" />
<String CONTENT="Henry" HEIGHT="69" HPOS="2233" VPOS="1489" WIDTH="204" />
</TextLine>
<TextLine CS="1" HEIGHT="150" HPOS="417" STYLEREFS="StyleId-04D6E871-4778-48E1-97BB-A2EB0A103960-" VPOS="1566" WIDTH="1995">
<String CONTENT="Raymond" HEIGHT="68" HPOS="418" VPOS="1569" WIDTH="304" />
<SP HEIGHT="53" HPOS="723" VPOS="1569" WIDTH="46" />
<String CONTENT="Brush" HEIGHT="54" HPOS="770" VPOS="1568" WIDTH="193" />
<SP HEIGHT="52" HPOS="964" VPOS="1568" WIDTH="50" />
<String CONTENT="&#8230;" CS="1" />
<SP HEIGHT="56" HPOS="1071" VPOS="1566" WIDTH="82" />
<String CONTENT="Chicago," HEIGHT="70" HPOS="1154" VPOS="1566" WIDTH="272" />
<SP HEIGHT="68" HPOS="1427" VPOS="1568" WIDTH="43" />
<String CONTENT="New" HEIGHT="53" HPOS="1471" VPOS="1568" WIDTH="139" />
<SP HEIGHT="52" HPOS="1611" VPOS="1569" WIDTH="46" />
<String CONTENT="York," HEIGHT="69" HPOS="1658" VPOS="1567" WIDTH="181" />
<SP HEIGHT="68" HPOS="1840" VPOS="1568" WIDTH="44" />
<String CONTENT="Lyons" HEIGHT="68" HPOS="1885" VPOS="1568" WIDTH="193" />
<SP HEIGHT="52" HPOS="2079" VPOS="1570" WIDTH="44" />
<String CONTENT="&amp;" HEIGHT="51" HPOS="2124" VPOS="1570" WIDTH="51" />
<SP HEIGHT="55" HPOS="2176" VPOS="1567" WIDTH="44" />
<String CONTENT="Carnahan" HEIGHT="134" HPOS="417" VPOS="1567" WIDTH="1995" />
<SP HEIGHT="49" HPOS="534" VPOS="1667" WIDTH="34" />
<String CONTENT="[c1933]" CS="1" HEIGHT="65" HPOS="569" VPOS="1651" WIDTH="195" />
</TextLine>
<TextLine CS="1" HEIGHT="51" HPOS="487" VPOS="1720" WIDTH="660">
<String CONTENT="ix," HEIGHT="49" HPOS="487" VPOS="1722" WIDTH="64" />
<SP HEIGHT="50" HPOS="552" VPOS="1721" WIDTH="32" />
<String CONTENT="299" HEIGHT="42" HPOS="585" VPOS="1720" WIDTH="86" />
<SP HEIGHT="50" HPOS="672" VPOS="1720" WIDTH="32" />
<String CONTENT="p." HEIGHT="38" HPOS="705" VPOS="1732" WIDTH="42" />
<SP HEIGHT="41" HPOS="748" VPOS="1720" WIDTH="61" />
<String CONTENT="illus." HEIGHT="42" HPOS="810" VPOS="1720" WIDTH="129" />
<SP HEIGHT="41" HPOS="940" VPOS="1721" WIDTH="60" />
<String CONTENT="19&#189;cm." CS="1" HEIGHT="42" HPOS="1001" VPOS="1720" WIDTH="146" />
</TextLine>
<TextLine CS="1" HEIGHT="52" HPOS="420" VPOS="1789" WIDTH="2017">
<String CONTENT="&#169;" HEIGHT="52" HPOS="420" VPOS="1789" WIDTH="52" />
<SP HEIGHT="52" HPOS="473" VPOS="1789" WIDTH="26" />
<String CONTENT="Apr." HEIGHT="47" HPOS="500" VPOS="1794" WIDTH="114" />
<SP HEIGHT="40" HPOS="615" VPOS="1793" WIDTH="26" />
<String CONTENT="22," HEIGHT="45" HPOS="642" VPOS="1793" WIDTH="69" />
<SP HEIGHT="45" HPOS="712" VPOS="1793" WIDTH="26" />
<String CONTENT="1933;" CS="1" HEIGHT="41" HPOS="739" VPOS="1791" WIDTH="114" />
<SP HEIGHT="46" HPOS="881" VPOS="1792" WIDTH="28" />
<String CONTENT="2c." HEIGHT="40" HPOS="910" VPOS="1792" WIDTH="67" />
<SP HEIGHT="39" HPOS="978" VPOS="1793" WIDTH="27" />
<String CONTENT="Nov." HEIGHT="38" HPOS="1006" VPOS="1793" WIDTH="118" />
<SP HEIGHT="38" HPOS="1125" VPOS="1793" WIDTH="27" />
<String CONTENT="16;" HEIGHT="47" HPOS="1153" VPOS="1791" WIDTH="81" />
<SP HEIGHT="36" HPOS="1235" VPOS="1802" WIDTH="30" />
<String CONTENT="aff." HEIGHT="40" HPOS="1266" VPOS="1791" WIDTH="81" />
<SP HEIGHT="38" HPOS="1348" VPOS="1792" WIDTH="28" />
<String CONTENT="Nov." HEIGHT="40" HPOS="1377" VPOS="1792" WIDTH="118" />
<SP HEIGHT="40" HPOS="1496" VPOS="1792" WIDTH="27" />
<String CONTENT="11;" CS="1" HEIGHT="38" HPOS="1524" VPOS="1792" WIDTH="53" />
<SP HEIGHT="46" HPOS="1607" VPOS="1792" WIDTH="29" />
<String CONTENT="A" HEIGHT="38" HPOS="1637" VPOS="1792" WIDTH="41" />
<SP HEIGHT="40" HPOS="1679" VPOS="1791" WIDTH="25" />
<String CONTENT="68117:" CS="1" HEIGHT="40" HPOS="1705" VPOS="1791" WIDTH="145" />
<SP HEIGHT="39" HPOS="1878" VPOS="1791" WIDTH="30" />
<String CONTENT="Lyons" HEIGHT="47" HPOS="1909" VPOS="1791" WIDTH="160" />
<SP HEIGHT="40" HPOS="2070" VPOS="1791" WIDTH="25" />
<String CONTENT="&amp;" HEIGHT="40" HPOS="2096" VPOS="1791" WIDTH="37" />
<SP HEIGHT="41" HPOS="2134" VPOS="1790" WIDTH="26" />
<String CONTENT="Carnahan." HEIGHT="41" HPOS="2161" VPOS="1790" WIDTH="276" />
</TextLine>
<TextLine HEIGHT="51" HPOS="498" VPOS="1848" WIDTH="282">
<String CONTENT="(33-34961)" HEIGHT="51" HPOS="498" VPOS="1848" WIDTH="282" />
</TextLine>
<TextLine HEIGHT="66" HPOS="416" STYLEREFS="StyleId-04D6E871-4778-48E1-97BB-A2EB0A103960-" VPOS="1967" WIDTH="1204">
<String CONTENT="Rosenbach," HEIGHT="66" HPOS="416" LANG="de" VPOS="1967" WIDTH="370" />
<SP HEIGHT="65" HPOS="787" VPOS="1968" WIDTH="28" />
<String CONTENT="Abraham" HEIGHT="54" HPOS="816" LANG="en-US" VPOS="1967" WIDTH="309" />
<SP HEIGHT="54" HPOS="1126" VPOS="1969" WIDTH="28" />
<String CONTENT="S." HEIGHT="54" HPOS="1155" LANG="en-US" VPOS="1969" WIDTH="57" />
<SP HEIGHT="55" HPOS="1213" VPOS="1968" WIDTH="24" />
<String CONTENT="Wolf," HEIGHT="66" HPOS="1238" LANG="en-US" VPOS="1967" WIDTH="177" />
<SP HEIGHT="62" HPOS="1416" VPOS="1971" WIDTH="29" />
<String CONTENT="1876-" HEIGHT="54" HPOS="1446" LANG="en-US" VPOS="1967" WIDTH="174" />
</TextLine>
<TextLine HEIGHT="74" HPOS="489" STYLEREFS="StyleId-04D6E871-4778-48E1-97BB-A2EB0A103960-" VPOS="2043" WIDTH="1948">
<String CONTENT="Early" HEIGHT="72" HPOS="489" LANG="en-US" VPOS="2045" WIDTH="183" />
<SP HEIGHT="72" HPOS="673" VPOS="2045" WIDTH="33" />
<String CONTENT="American" HEIGHT="54" HPOS="707" LANG="en-US" VPOS="2045" WIDTH="310" />
<SP HEIGHT="36" HPOS="1018" VPOS="2064" WIDTH="34" />
<String CONTENT="children&#8217;s" HEIGHT="55" HPOS="1053" LANG="en-US" VPOS="2045" WIDTH="307" />
<SP HEIGHT="55" HPOS="1361" VPOS="2045" WIDTH="35" />
<String CONTENT="books," HEIGHT="72" HPOS="1397" LANG="en-US" VPOS="2044" WIDTH="194" />
<SP HEIGHT="71" HPOS="1592" VPOS="2045" WIDTH="35" />
<String CONTENT="by" HEIGHT="70" HPOS="1628" LANG="en-US" VPOS="2045" WIDTH="76" />
<SP HEIGHT="71" HPOS="1705" VPOS="2044" WIDTH="36" />
<String CONTENT="A." HEIGHT="54" HPOS="1742" LANG="en-US" VPOS="2044" WIDTH="71" />
<SP HEIGHT="56" HPOS="1814" VPOS="2044" WIDTH="42" />
<String CONTENT="S." HEIGHT="56" HPOS="1857" LANG="fr" VPOS="2044" WIDTH="57" />
<SP HEIGHT="54" HPOS="1915" VPOS="2045" WIDTH="35" />
<String CONTENT="W." HEIGHT="55" HPOS="1951" LANG="en-US" VPOS="2045" WIDTH="90" />
<SP HEIGHT="56" HPOS="2042" VPOS="2044" WIDTH="40" />
<String CONTENT="Rosenbach," HEIGHT="69" HPOS="2083" LANG="de" VPOS="2043" WIDTH="354" />
</TextLine>
<TextLine HEIGHT="70" HPOS="418" STYLEREFS="StyleId-04D6E871-4778-48E1-97BB-A2EB0A103960-" VPOS="2124" WIDTH="2019">
<String CONTENT="with" HEIGHT="53" HPOS="418" VPOS="2125" WIDTH="141" />
<SP HEIGHT="53" HPOS="560" VPOS="2126" WIDTH="32" />
<String CONTENT="bibliographical" HEIGHT="69" HPOS="593" VPOS="2125" WIDTH="486" />
<SP HEIGHT="53" HPOS="1080" VPOS="2126" WIDTH="37" />
<String CONTENT="descriptions" HEIGHT="69" HPOS="1118" VPOS="2125" WIDTH="380" />
<SP HEIGHT="38" HPOS="1499" VPOS="2141" WIDTH="35" />
<String CONTENT="of" HEIGHT="53" HPOS="1535" VPOS="2124" WIDTH="65" />
<SP HEIGHT="53" HPOS="1601" VPOS="2124" WIDTH="34" />
<String CONTENT="the" HEIGHT="53" HPOS="1636" VPOS="2125" WIDTH="100" />
<SP HEIGHT="53" HPOS="1737" VPOS="2125" WIDTH="33" />
<String CONTENT="books" HEIGHT="54" HPOS="1771" VPOS="2124" WIDTH="175" />
<SP HEIGHT="53" HPOS="1947" VPOS="2125" WIDTH="37" />
<String CONTENT="in" HEIGHT="52" HPOS="1985" VPOS="2125" WIDTH="59" />
<SP HEIGHT="53" HPOS="2045" VPOS="2124" WIDTH="36" />
<String CONTENT="his" HEIGHT="55" HPOS="2082" VPOS="2124" WIDTH="90" />
<SP HEIGHT="50" HPOS="2173" VPOS="2142" WIDTH="37" />
<String CONTENT="private" HEIGHT="68" HPOS="2211" VPOS="2124" WIDTH="226" />
</TextLine>
<TextLine HEIGHT="71" HPOS="416" STYLEREFS="StyleId-04D6E871-4778-48E1-97BB-A2EB0A103960-" VPOS="2202" WIDTH="2020">
<String CONTENT="collection;" HEIGHT="68" HPOS="416" VPOS="2204" WIDTH="328" />
<SP HEIGHT="68" HPOS="745" VPOS="2204" WIDTH="39" />
<String CONTENT="foreword" HEIGHT="53" HPOS="785" VPOS="2204" WIDTH="289" />
<SP HEIGHT="53" HPOS="1075" VPOS="2204" WIDTH="35" />
<String CONTENT="by" HEIGHT="69" HPOS="1111" VPOS="2204" WIDTH="77" />
<SP HEIGHT="70" HPOS="1189" VPOS="2203" WIDTH="34" />
<String CONTENT="A." HEIGHT="53" HPOS="1224" VPOS="2203" WIDTH="71" />
<SP HEIGHT="52" HPOS="1296" VPOS="2204" WIDTH="40" />
<String CONTENT="Edward" HEIGHT="53" HPOS="1337" VPOS="2204" WIDTH="256" />
<SP HEIGHT="54" HPOS="1594" VPOS="2203" WIDTH="35" />
<String CONTENT="Newton." HEIGHT="54" HPOS="1630" VPOS="2203" WIDTH="261" />
<SP HEIGHT="52" HPOS="1892" VPOS="2204" WIDTH="73" />
<String CONTENT="Portland," HEIGHT="68" HPOS="1966" VPOS="2203" WIDTH="303" />
<SP HEIGHT="69" HPOS="2270" VPOS="2202" WIDTH="35" />
<String CONTENT="Me.," HEIGHT="68" HPOS="2306" VPOS="2202" WIDTH="130" />
</TextLine>
<TextLine HEIGHT="68" HPOS="418" STYLEREFS="StyleId-04D6E871-4778-48E1-97BB-A2EB0A103960-" VPOS="2283" WIDTH="915">
<String CONTENT="The" HEIGHT="53" HPOS="418" VPOS="2283" WIDTH="120" />
<SP HEIGHT="56" HPOS="539" VPOS="2283" WIDTH="31" />
<String CONTENT="Southworth" HEIGHT="56" HPOS="571" VPOS="2283" WIDTH="375" />
<SP HEIGHT="68" HPOS="947" VPOS="2283" WIDTH="25" />
<String CONTENT="press," HEIGHT="50" HPOS="973" VPOS="2301" WIDTH="176" />
<SP HEIGHT="65" HPOS="1150" VPOS="2286" WIDTH="30" />
<String CONTENT="1933." HEIGHT="50" HPOS="1181" VPOS="2285" WIDTH="152" />
</TextLine>
<TextLine CS="1" HEIGHT="54" HPOS="490" VPOS="2354" WIDTH="1745">
<String CONTENT="lix," HEIGHT="50" HPOS="490" VPOS="2356" WIDTH="83" />
<SP HEIGHT="49" HPOS="574" VPOS="2357" WIDTH="29" />
<String CONTENT="354" HEIGHT="41" HPOS="604" VPOS="2357" WIDTH="87" />
<SP HEIGHT="47" HPOS="692" VPOS="2358" WIDTH="30" />
<String CONTENT="p.," HEIGHT="39" HPOS="723" VPOS="2367" WIDTH="58" />
<SP HEIGHT="50" HPOS="782" VPOS="2356" WIDTH="31" />
<String CONTENT="2" HEIGHT="40" HPOS="814" VPOS="2356" WIDTH="26" />
<SP />
<String CONTENT="l." CS="1" />
<SP />
<String CONTENT="illus.," HEIGHT="51" HPOS="963" VPOS="2357" WIDTH="144" />
<SP HEIGHT="40" HPOS="1108" VPOS="2368" WIDTH="30" />
<String CONTENT="plates" HEIGHT="48" HPOS="1139" VPOS="2357" WIDTH="159" />
<SP HEIGHT="48" HPOS="1299" VPOS="2357" WIDTH="41" />
<String CONTENT="(23" HEIGHT="50" HPOS="1341" VPOS="2355" WIDTH="79" />
<SP HEIGHT="41" HPOS="1421" VPOS="2355" WIDTH="33" />
<String CONTENT="col.)" HEIGHT="50" HPOS="1455" VPOS="2355" WIDTH="111" />
<SP HEIGHT="50" HPOS="1567" VPOS="2355" WIDTH="41" />
<String CONTENT="facsims." HEIGHT="41" HPOS="1609" VPOS="2355" WIDTH="217" />
<SP HEIGHT="50" HPOS="1827" VPOS="2355" WIDTH="27" />
<String CONTENT="(1" HEIGHT="50" HPOS="1855" VPOS="2355" WIDTH="50" />
<SP HEIGHT="41" HPOS="1906" VPOS="2355" WIDTH="30" />
<String CONTENT="col.)" HEIGHT="48" HPOS="1937" VPOS="2356" WIDTH="112" />
<SP HEIGHT="50" HPOS="2050" VPOS="2354" WIDTH="67" />
<String CONTENT="27cm." HEIGHT="43" HPOS="2118" VPOS="2354" WIDTH="117" />
</TextLine>
<TextLine HEIGHT="50" HPOS="493" VPOS="2426" WIDTH="1945">
<String CONTENT="&#8220;Five" HEIGHT="43" HPOS="493" VPOS="2428" WIDTH="146" />
<SP HEIGHT="41" HPOS="640" VPOS="2430" WIDTH="44" />
<String CONTENT="hundred" HEIGHT="39" HPOS="685" VPOS="2430" WIDTH="222" />
<SP HEIGHT="39" HPOS="908" VPOS="2430" WIDTH="47" />
<String CONTENT="and" HEIGHT="38" HPOS="956" VPOS="2430" WIDTH="94" />
<SP HEIGHT="39" HPOS="1051" VPOS="2430" WIDTH="47" />
<String CONTENT="eighty-five" HEIGHT="49" HPOS="1099" VPOS="2427" WIDTH="280" />
<SP HEIGHT="30" HPOS="1380" VPOS="2438" WIDTH="44" />
<String CONTENT="copies" HEIGHT="49" HPOS="1425" VPOS="2427" WIDTH="160" />
<SP HEIGHT="30" HPOS="1586" VPOS="2438" WIDTH="45" />
<String CONTENT="on" HEIGHT="30" HPOS="1632" VPOS="2438" WIDTH="60" />
<SP HEIGHT="40" HPOS="1693" VPOS="2427" WIDTH="47" />
<String CONTENT="Worthy" HEIGHT="48" HPOS="1741" VPOS="2427" WIDTH="206" />
<SP HEIGHT="48" HPOS="1948" VPOS="2427" WIDTH="45" />
<String CONTENT="Aurelian" HEIGHT="41" HPOS="1994" LANG="de" VPOS="2426" WIDTH="237" />
<SP HEIGHT="39" HPOS="2232" VPOS="2436" WIDTH="41" />
<String CONTENT="paper," HEIGHT="39" HPOS="2274" VPOS="2436" WIDTH="164" />
</TextLine>
<TextLine HEIGHT="50" HPOS="418" VPOS="2483" WIDTH="2017">
<String CONTENT="numbered" HEIGHT="41" HPOS="418" VPOS="2486" WIDTH="264" />
<SP HEIGHT="40" HPOS="683" VPOS="2486" WIDTH="25" />
<String CONTENT="from" HEIGHT="39" HPOS="709" VPOS="2486" WIDTH="129" />
<SP HEIGHT="39" HPOS="839" VPOS="2486" WIDTH="29" />
<String CONTENT="1" HEIGHT="38" HPOS="869" VPOS="2486" WIDTH="23" />
<SP HEIGHT="40" HPOS="893" VPOS="2486" WIDTH="28" />
<String CONTENT="to" HEIGHT="38" HPOS="922" VPOS="2488" WIDTH="50" />
<SP HEIGHT="41" HPOS="973" VPOS="2485" WIDTH="27" />
<String CONTENT="585" HEIGHT="41" HPOS="1001" VPOS="2485" WIDTH="86" />
<SP HEIGHT="40" HPOS="1088" VPOS="2486" WIDTH="27" />
<String CONTENT="and" HEIGHT="38" HPOS="1116" VPOS="2488" WIDTH="95" />
<SP HEIGHT="38" HPOS="1212" VPOS="2488" WIDTH="30" />
<String CONTENT="eighty-eight" HEIGHT="48" HPOS="1243" VPOS="2485" WIDTH="322" />
<SP HEIGHT="39" HPOS="1566" VPOS="2486" WIDTH="25" />
<String CONTENT="copies" HEIGHT="48" HPOS="1592" VPOS="2485" WIDTH="161" />
<SP HEIGHT="30" HPOS="1754" VPOS="2496" WIDTH="27" />
<String CONTENT="on" HEIGHT="29" HPOS="1782" VPOS="2496" WIDTH="61" />
<SP HEIGHT="39" HPOS="1844" VPOS="2485" WIDTH="29" />
<String CONTENT="Zerkall" HEIGHT="41" HPOS="1874" LANG="de" VPOS="2484" WIDTH="193" />
<SP HEIGHT="40" HPOS="2068" VPOS="2483" WIDTH="28" />
<String CONTENT="Halle" HEIGHT="43" HPOS="2097" VPOS="2483" WIDTH="147" />
<SP HEIGHT="38" HPOS="2245" VPOS="2494" WIDTH="26" />
<String CONTENT="paper," HEIGHT="38" HPOS="2272" VPOS="2494" WIDTH="163" />
</TextLine>
<TextLine CS="1" HEIGHT="51" HPOS="418" VPOS="2540" WIDTH="2018">
<String CONTENT="numbered" HEIGHT="42" HPOS="418" VPOS="2542" WIDTH="266" />
<SP HEIGHT="40" HPOS="685" VPOS="2543" WIDTH="39" />
<String CONTENT="from" HEIGHT="40" HPOS="725" VPOS="2543" WIDTH="129" />
<SP HEIGHT="29" HPOS="855" VPOS="2553" WIDTH="41" />
<String CONTENT="i" HEIGHT="29" HPOS="897" VPOS="2553" WIDTH="20" />
<SP HEIGHT="37" HPOS="918" VPOS="2546" WIDTH="40" />
<String CONTENT="to" HEIGHT="37" HPOS="959" VPOS="2546" WIDTH="49" />
<SP HEIGHT="31" HPOS="1009" VPOS="2552" WIDTH="41" />
<String CONTENT="LXXXVIII." CS="1" HEIGHT="8" HPOS="1285" VPOS="2574" WIDTH="9" />
<SP HEIGHT="40" HPOS="1295" VPOS="2542" WIDTH="71" />
<String CONTENT="This" HEIGHT="41" HPOS="1367" VPOS="2542" WIDTH="121" />
<SP HEIGHT="41" HPOS="1489" VPOS="2542" WIDTH="42" />
<String CONTENT="is" HEIGHT="40" HPOS="1532" VPOS="2542" WIDTH="41" />
<SP HEIGHT="29" HPOS="1574" VPOS="2553" WIDTH="48" />
<String CONTENT="&#8230;" CS="1" />
<SP HEIGHT="31" HPOS="1671" VPOS="2551" WIDTH="45" />
<String CONTENT="copyright" HEIGHT="47" HPOS="1717" VPOS="2542" WIDTH="255" />
<SP HEIGHT="39" HPOS="1973" VPOS="2543" WIDTH="42" />
<String CONTENT="copy." HEIGHT="39" HPOS="2016" VPOS="2551" WIDTH="132" />
<SP HEIGHT="29" HPOS="2149" VPOS="2562" WIDTH="77" />
<String CONTENT="[Signed]" HEIGHT="51" HPOS="2227" VPOS="2540" WIDTH="209" />
</TextLine>
<TextLine HEIGHT="45" HPOS="419" VPOS="2598" WIDTH="589">
<String CONTENT="A." HEIGHT="41" HPOS="419" LANG="en-US" VPOS="2600" WIDTH="54" />
<SP HEIGHT="43" HPOS="474" VPOS="2598" WIDTH="31" />
<String CONTENT="S." HEIGHT="45" HPOS="506" LANG="fr" VPOS="2598" WIDTH="43" />
<SP HEIGHT="43" HPOS="550" VPOS="2600" WIDTH="29" />
<String CONTENT="W." HEIGHT="42" HPOS="580" LANG="en-US" VPOS="2600" WIDTH="70" />
<SP HEIGHT="42" HPOS="651" VPOS="2600" WIDTH="26" />
<String CONTENT="Rosenbach.&#8221;" HEIGHT="42" HPOS="678" LANG="de" VPOS="2598" WIDTH="330" />
</TextLine>
<TextLine CS="1" HEIGHT="49" HPOS="490" VPOS="2658" WIDTH="1951">
<String CONTENT="This" HEIGHT="39" HPOS="490" LANG="en-US" VPOS="2659" WIDTH="118" />
<SP HEIGHT="29" HPOS="609" VPOS="2670" WIDTH="31" />
<String CONTENT="copy," HEIGHT="37" HPOS="641" LANG="en-US" VPOS="2670" WIDTH="133" />
<SP HEIGHT="46" HPOS="775" VPOS="2659" WIDTH="32" />
<String CONTENT="bound" HEIGHT="39" HPOS="808" LANG="en-US" VPOS="2659" WIDTH="159" />
<SP HEIGHT="40" HPOS="968" VPOS="2658" WIDTH="33" />
<String CONTENT="in" HEIGHT="39" HPOS="1002" LANG="en-US" VPOS="2658" WIDTH="51" />
<SP HEIGHT="38" HPOS="1054" VPOS="2659" WIDTH="30" />
<String CONTENT="full" HEIGHT="39" HPOS="1085" LANG="en-US" VPOS="2659" WIDTH="94" />
<SP HEIGHT="46" HPOS="1180" VPOS="2660" WIDTH="32" />
<String CONTENT="pig" HEIGHT="48" HPOS="1213" LANG="en-US" VPOS="2658" WIDTH="82" />
<SP HEIGHT="34" HPOS="1296" VPOS="2669" WIDTH="29" />
<String CONTENT="skin," HEIGHT="45" HPOS="1326" LANG="en-US" VPOS="2658" WIDTH="123" />
<SP HEIGHT="45" HPOS="1450" VPOS="2658" WIDTH="33" />
<String CONTENT="is" HEIGHT="40" HPOS="1484" LANG="en-US" VPOS="2658" WIDTH="44" />
<SP HEIGHT="29" HPOS="1529" VPOS="2669" WIDTH="31" />
<String CONTENT="one" HEIGHT="30" HPOS="1561" LANG="en-US" VPOS="2669" WIDTH="89" />
<SP HEIGHT="29" HPOS="1651" VPOS="2670" WIDTH="30" />
<String CONTENT="of" HEIGHT="40" HPOS="1682" LANG="en-US" VPOS="2658" WIDTH="53" />
<SP HEIGHT="40" HPOS="1736" VPOS="2658" WIDTH="31" />
<String CONTENT="the" HEIGHT="38" HPOS="1768" LANG="en-US" VPOS="2660" WIDTH="82" />
<SP HEIGHT="40" HPOS="1851" VPOS="2658" WIDTH="33" />
<String CONTENT="Zerkall" HEIGHT="40" HPOS="1885" LANG="de" VPOS="2658" WIDTH="194" />
<SP HEIGHT="39" HPOS="2080" VPOS="2658" WIDTH="32" />
<String CONTENT="Halle" CS="1" HEIGHT="40" HPOS="2113" LANG="de" VPOS="2658" WIDTH="145" />
<SP HEIGHT="37" HPOS="2259" VPOS="2669" WIDTH="31" />
<String CONTENT="paper" HEIGHT="39" HPOS="2291" LANG="en-US" VPOS="2668" WIDTH="150" />
</TextLine>
<TextLine HEIGHT="49" HPOS="421" VPOS="2712" WIDTH="2018">
<String CONTENT="edition," HEIGHT="42" HPOS="421" VPOS="2712" WIDTH="198" />
<SP HEIGHT="29" HPOS="620" VPOS="2725" WIDTH="33" />
<String CONTENT="with" HEIGHT="40" HPOS="654" VPOS="2714" WIDTH="120" />
<SP HEIGHT="38" HPOS="775" VPOS="2715" WIDTH="30" />
<String CONTENT="which" HEIGHT="41" HPOS="806" VPOS="2713" WIDTH="162" />
<SP HEIGHT="38" HPOS="969" VPOS="2715" WIDTH="30" />
<String CONTENT="was" HEIGHT="30" HPOS="1000" VPOS="2724" WIDTH="102" />
<SP HEIGHT="39" HPOS="1103" VPOS="2715" WIDTH="31" />
<String CONTENT="distributed" HEIGHT="40" HPOS="1135" VPOS="2714" WIDTH="298" />
<SP HEIGHT="39" HPOS="1434" VPOS="2715" WIDTH="31" />
<String CONTENT="a" HEIGHT="28" HPOS="1466" VPOS="2725" WIDTH="28" />
<SP HEIGHT="30" HPOS="1495" VPOS="2723" WIDTH="32" />
<String CONTENT="copy" HEIGHT="38" HPOS="1528" VPOS="2723" WIDTH="119" />
<SP HEIGHT="37" HPOS="1648" VPOS="2723" WIDTH="31" />
<String CONTENT="of" HEIGHT="41" HPOS="1680" VPOS="2713" WIDTH="53" />
<SP HEIGHT="39" HPOS="1734" VPOS="2713" WIDTH="31" />
<String CONTENT="&#8216;The" HEIGHT="41" HPOS="1766" VPOS="2713" WIDTH="115" />
<SP HEIGHT="38" HPOS="1882" VPOS="2716" WIDTH="32" />
<String CONTENT="tragi-comic" HEIGHT="49" HPOS="1915" VPOS="2712" WIDTH="301" />
<SP HEIGHT="38" HPOS="2217" VPOS="2715" WIDTH="29" />
<String CONTENT="history" HEIGHT="49" HPOS="2247" VPOS="2712" WIDTH="192" />
</TextLine>
<TextLine HEIGHT="64" HPOS="420" VPOS="2757" WIDTH="2020">
<String CONTENT="of" HEIGHT="39" HPOS="420" VPOS="2774" WIDTH="51" />
<SP HEIGHT="40" HPOS="472" VPOS="2774" WIDTH="35" />
<String CONTENT="the" HEIGHT="39" HPOS="508" VPOS="2775" WIDTH="82" />
<SP HEIGHT="40" HPOS="591" VPOS="2774" WIDTH="35" />
<String CONTENT="burial" HEIGHT="56" HPOS="627" VPOS="2757" WIDTH="160" />
<SP HEIGHT="38" HPOS="788" VPOS="2775" WIDTH="36" />
<String CONTENT="of" HEIGHT="40" HPOS="825" VPOS="2773" WIDTH="52" />
<SP HEIGHT="39" HPOS="878" VPOS="2773" WIDTH="35" />
<String CONTENT="(Took" HEIGHT="39" HPOS="914" VPOS="2774" WIDTH="127" />
<SP HEIGHT="38" HPOS="1042" VPOS="2774" WIDTH="38" />
<String CONTENT="Robin&#8217;." HEIGHT="41" HPOS="1081" VPOS="2772" WIDTH="200" />
<SP HEIGHT="39" HPOS="1282" VPOS="2774" WIDTH="37" />
<String CONTENT="Philadelphia," HEIGHT="49" HPOS="1320" VPOS="2772" WIDTH="358" />
<SP HEIGHT="46" HPOS="1679" VPOS="2774" WIDTH="39" />
<String CONTENT="B." HEIGHT="38" HPOS="1719" VPOS="2774" WIDTH="53" />
<SP HEIGHT="39" HPOS="1773" VPOS="2774" WIDTH="37" />
<String CONTENT="Warner," HEIGHT="45" HPOS="1811" VPOS="2774" WIDTH="220" />
<SP HEIGHT="45" HPOS="2032" VPOS="2774" WIDTH="39" />
<String CONTENT="1821." HEIGHT="41" HPOS="2072" VPOS="2772" WIDTH="127" />
<SP HEIGHT="38" HPOS="2200" VPOS="2773" WIDTH="68" />
<String CONTENT="Issued" HEIGHT="40" HPOS="2269" VPOS="2772" WIDTH="171" />
</TextLine>
<TextLine HEIGHT="48" HPOS="417" VPOS="2831" WIDTH="325">
<String CONTENT="in" HEIGHT="39" HPOS="417" VPOS="2831" WIDTH="49" />
<SP HEIGHT="29" HPOS="467" VPOS="2842" WIDTH="27" />
<String CONTENT="slip" HEIGHT="48" HPOS="495" VPOS="2831" WIDTH="96" />
<SP HEIGHT="37" HPOS="592" VPOS="2842" WIDTH="24" />
<String CONTENT="case." HEIGHT="29" HPOS="617" VPOS="2842" WIDTH="125" />
</TextLine>
<TextLine CS="1" HEIGHT="51" HPOS="491" VPOS="2883" WIDTH="1946">
<String CONTENT="Arranged" HEIGHT="50" HPOS="491" VPOS="2884" WIDTH="255" />
<SP HEIGHT="40" HPOS="747" VPOS="2887" WIDTH="52" />
<String CONTENT="chronologically," HEIGHT="50" HPOS="800" VPOS="2884" WIDTH="426" />
<SP HEIGHT="49" HPOS="1227" VPOS="2885" WIDTH="54" />
<String CONTENT="1682-1836," CS="1" HEIGHT="50" HPOS="1311" VPOS="2884" WIDTH="249" />
<SP HEIGHT="39" HPOS="1561" VPOS="2895" WIDTH="53" />
<String CONTENT="with" HEIGHT="43" HPOS="1615" VPOS="2883" WIDTH="122" />
<SP HEIGHT="40" HPOS="1738" VPOS="2885" WIDTH="54" />
<String CONTENT="author" HEIGHT="40" HPOS="1793" VPOS="2886" WIDTH="179" />
<SP HEIGHT="31" HPOS="1973" VPOS="2894" WIDTH="53" />
<String CONTENT="and" HEIGHT="40" HPOS="2027" VPOS="2886" WIDTH="96" />
<SP HEIGHT="40" HPOS="2124" VPOS="2886" WIDTH="53" />
<String CONTENT="title" HEIGHT="40" HPOS="2178" VPOS="2885" WIDTH="110" />
<SP HEIGHT="30" HPOS="2289" VPOS="2895" WIDTH="52" />
<String CONTENT="and" HEIGHT="41" HPOS="2342" VPOS="2884" WIDTH="95" />
</TextLine>
<TextLine HEIGHT="50" HPOS="419" VPOS="2942" WIDTH="890">
<String CONTENT="printers" HEIGHT="50" HPOS="419" VPOS="2942" WIDTH="215" />
<SP HEIGHT="30" HPOS="635" VPOS="2955" WIDTH="27" />
<String CONTENT="and" HEIGHT="39" HPOS="663" VPOS="2945" WIDTH="95" />
<SP HEIGHT="46" HPOS="759" VPOS="2945" WIDTH="26" />
<String CONTENT="publishers" HEIGHT="47" HPOS="786" VPOS="2944" WIDTH="278" />
<SP HEIGHT="41" HPOS="1065" VPOS="2943" WIDTH="27" />
<String CONTENT="indexes." HEIGHT="41" HPOS="1093" VPOS="2943" WIDTH="216" />
</TextLine>
<TextLine CS="1" HEIGHT="50" HPOS="491" VPOS="2999" WIDTH="697">
<String CONTENT="Bibliography:" CS="1" HEIGHT="50" HPOS="491" VPOS="2999" WIDTH="352" />
<SP HEIGHT="37" HPOS="870" VPOS="3011" WIDTH="27" />
<String CONTENT="p." HEIGHT="37" HPOS="898" VPOS="3011" WIDTH="44" />
<SP HEIGHT="41" HPOS="943" VPOS="3001" WIDTH="25" />
<String CONTENT="353-354." HEIGHT="42" HPOS="969" VPOS="3000" WIDTH="219" />
</TextLine>
<TextLine CS="1" HEIGHT="111" HPOS="423" VPOS="3068" WIDTH="2002">
<String CONTENT="&#169;" HEIGHT="52" HPOS="423" VPOS="3068" WIDTH="52" />
<SP HEIGHT="52" HPOS="476" VPOS="3068" WIDTH="34" />
<String CONTENT="Sept." HEIGHT="48" HPOS="511" VPOS="3073" WIDTH="128" />
<SP HEIGHT="40" HPOS="640" VPOS="3073" WIDTH="32" />
<String CONTENT="28," HEIGHT="44" HPOS="673" VPOS="3073" WIDTH="68" />
<SP HEIGHT="42" HPOS="742" VPOS="3075" WIDTH="31" />
<String CONTENT="1933;" CS="1" HEIGHT="41" HPOS="774" VPOS="3073" WIDTH="114" />
<SP HEIGHT="43" HPOS="917" VPOS="3073" WIDTH="33" />
<String CONTENT="2c." HEIGHT="40" HPOS="951" VPOS="3073" WIDTH="66" />
<SP HEIGHT="39" HPOS="1018" VPOS="3073" WIDTH="32" />
<String CONTENT="Nov." HEIGHT="40" HPOS="1051" VPOS="3073" WIDTH="119" />
<SP HEIGHT="40" HPOS="1171" VPOS="3073" WIDTH="31" />
<String CONTENT="27;" HEIGHT="46" HPOS="1203" VPOS="3073" WIDTH="83" />
<SP HEIGHT="36" HPOS="1287" VPOS="3083" WIDTH="34" />
<String CONTENT="aff." HEIGHT="40" HPOS="1322" VPOS="3072" WIDTH="81" />
<SP HEIGHT="39" HPOS="1404" VPOS="3073" WIDTH="32" />
<String CONTENT="Nov." HEIGHT="40" HPOS="1437" VPOS="3073" WIDTH="119" />
<SP HEIGHT="38" HPOS="1557" VPOS="3074" WIDTH="33" />
<String CONTENT="11;" HEIGHT="46" HPOS="1591" VPOS="3073" WIDTH="81" />
<SP HEIGHT="46" HPOS="1673" VPOS="3073" WIDTH="35" />
<String CONTENT="A" HEIGHT="39" HPOS="1709" VPOS="3073" WIDTH="40" />
<SP HEIGHT="40" HPOS="1750" VPOS="3072" WIDTH="30" />
<String CONTENT="67060;" HEIGHT="43" HPOS="1781" VPOS="3071" WIDTH="171" />
<SP HEIGHT="41" HPOS="1953" VPOS="3073" WIDTH="34" />
<String CONTENT="A." HEIGHT="41" HPOS="1988" VPOS="3073" WIDTH="54" />
<SP HEIGHT="42" HPOS="2043" VPOS="3072" WIDTH="36" />
<String CONTENT="S." HEIGHT="41" HPOS="2080" LANG="fr" VPOS="3072" WIDTH="43" />
<SP HEIGHT="40" HPOS="2124" VPOS="3073" WIDTH="32" />
<String CONTENT="W." HEIGHT="40" HPOS="2157" VPOS="3073" WIDTH="72" />
<SP HEIGHT="41" HPOS="2230" VPOS="3072" WIDTH="32" />
<String CONTENT="Rosenbach," HEIGHT="106" HPOS="494" VPOS="3072" WIDTH="1931" />
<SP HEIGHT="47" HPOS="631" VPOS="3131" WIDTH="42" />
<String CONTENT="Philadelphia." HEIGHT="48" HPOS="674" VPOS="3131" WIDTH="357" />
<SP HEIGHT="48" HPOS="1032" VPOS="3130" WIDTH="70" />
<String CONTENT="(33-35027)" HEIGHT="48" HPOS="1103" VPOS="3130" WIDTH="283" />
</TextLine>
<TextLine HEIGHT="63" HPOS="422" STYLEREFS="StyleId-3FB39CC0-B980-4F59-A93D-8898C60AE0B3-" VPOS="3250" WIDTH="779">
<String CONTENT="Samat," HEIGHT="63" HPOS="422" LANG="fi" VPOS="3250" WIDTH="227" />
<SP HEIGHT="63" HPOS="650" VPOS="3250" WIDTH="29" />
<String CONTENT="Jean" HEIGHT="53" HPOS="680" LANG="en-US" VPOS="3250" WIDTH="149" />
<SP HEIGHT="52" HPOS="830" VPOS="3250" WIDTH="29" />
<String CONTENT="Toussaint." HEIGHT="55" HPOS="860" LANG="de" VPOS="3250" WIDTH="341" />
</TextLine>
<TextLine CS="1" HEIGHT="81" HPOS="556" LANG="fr" STYLEREFS="StyleId-04D6E871-4778-48E1-97BB-A2EB0A103960-" VPOS="3314" WIDTH="1882">
<String CONTENT="&#8230;" CS="1" LANG="en-US" />
<SP HEIGHT="53" HPOS="556" VPOS="3326" WIDTH="30" />
<String CONTENT="Le" HEIGHT="54" HPOS="587" VPOS="3326" WIDTH="79" />
<SP HEIGHT="37" HPOS="667" VPOS="3343" WIDTH="22" />
<String CONTENT="mort" HEIGHT="47" HPOS="690" VPOS="3333" WIDTH="149" />
<SP HEIGHT="53" HPOS="840" VPOS="3327" WIDTH="26" />
<String CONTENT="&#224;" HEIGHT="51" HPOS="867" VPOS="3327" WIDTH="31" />
<SP HEIGHT="53" HPOS="899" VPOS="3325" WIDTH="24" />
<String CONTENT="la" HEIGHT="54" HPOS="924" VPOS="3325" WIDTH="55" />
<SP HEIGHT="54" HPOS="980" VPOS="3325" WIDTH="26" />
<String CONTENT="fen&#234;tre;" CS="1" HEIGHT="55" HPOS="1007" VPOS="3325" WIDTH="219" />
<SP HEIGHT="48" HPOS="1255" VPOS="3344" WIDTH="26" />
<String CONTENT="roman" HEIGHT="35" HPOS="1282" VPOS="3344" WIDTH="200" />
<SP HEIGHT="51" HPOS="1483" VPOS="3344" WIDTH="25" />
<String CONTENT="policier." HEIGHT="71" HPOS="1509" VPOS="3324" WIDTH="251" />
<SP HEIGHT="53" HPOS="1761" VPOS="3325" WIDTH="61" />
<String CONTENT="Paris," HEIGHT="70" HPOS="1823" VPOS="3324" WIDTH="185" />
<SP HEIGHT="69" HPOS="2009" VPOS="3325" WIDTH="24" />
<String CONTENT="Les" HEIGHT="54" HPOS="2034" VPOS="3325" WIDTH="108" />
<SP HEIGHT="64" HPOS="2143" VPOS="3314" WIDTH="25" />
<String CONTENT="&#201;ditions" HEIGHT="64" HPOS="2169" VPOS="3314" WIDTH="269" />
</TextLine>
<TextLine CS="1" HEIGHT="67" HPOS="424" LANG="fr" STYLEREFS="StyleId-04D6E871-4778-48E1-97BB-A2EB0A103960-" VPOS="3404" WIDTH="537">
<String CONTENT="de" HEIGHT="55" HPOS="424" VPOS="3404" WIDTH="66" />
<SP HEIGHT="53" HPOS="491" VPOS="3406" WIDTH="30" />
<String CONTENT="France," HEIGHT="65" HPOS="522" VPOS="3406" WIDTH="235" />
<SP HEIGHT="59" HPOS="758" VPOS="3412" WIDTH="26" />
<String CONTENT="c1933." CS="1" HEIGHT="55" HPOS="785" VPOS="3407" WIDTH="176" />
</TextLine>
<TextLine CS="1" HEIGHT="49" HPOS="492" VPOS="3477" WIDTH="1513">
<String CONTENT="3" HEIGHT="40" HPOS="492" LANG="fr" VPOS="3477" WIDTH="26" />
<SP HEIGHT="48" HPOS="519" VPOS="3477" WIDTH="24" />
<String CONTENT="p." HEIGHT="37" HPOS="544" LANG="fr" VPOS="3488" WIDTH="42" />
<SP />
<String CONTENT="l.," CS="1" LANG="fr" />
<SP />
<String CONTENT="258" HEIGHT="41" HPOS="684" LANG="fr" VPOS="3477" WIDTH="86" />
<SP HEIGHT="48" HPOS="771" VPOS="3477" WIDTH="22" />
<String CONTENT="p." HEIGHT="37" HPOS="794" LANG="fr" VPOS="3488" WIDTH="43" />
<SP HEIGHT="39" HPOS="838" VPOS="3478" WIDTH="54" />
<String CONTENT="18" CS="1" HEIGHT="40" HPOS="923" LANG="fr" VPOS="3477" WIDTH="26" />
<String CONTENT="&#189;" CS="1" LANG="en-US" />
<String CONTENT="cm." HEIGHT="39" HPOS="981" LANG="fr" VPOS="3479" WIDTH="58" />
<SP HEIGHT="48" HPOS="1040" VPOS="3478" WIDTH="63" />
<String CONTENT="(On" HEIGHT="48" HPOS="1104" LANG="en-US" VPOS="3478" WIDTH="96" />
<SP HEIGHT="30" HPOS="1201" VPOS="3490" WIDTH="25" />
<String CONTENT="cover:" HEIGHT="32" HPOS="1227" LANG="en-US" VPOS="3489" WIDTH="164" />
<SP HEIGHT="41" HPOS="1392" VPOS="3478" WIDTH="25" />
<String CONTENT="A" HEIGHT="39" HPOS="1418" LANG="fr" VPOS="3478" WIDTH="39" />
<SP HEIGHT="40" HPOS="1458" VPOS="3478" WIDTH="24" />
<String CONTENT="ne" HEIGHT="29" HPOS="1483" LANG="fr" VPOS="3489" WIDTH="61" />
<SP HEIGHT="37" HPOS="1545" VPOS="3489" WIDTH="22" />
<String CONTENT="pas" HEIGHT="37" HPOS="1568" LANG="fr" VPOS="3489" WIDTH="87" />
<SP HEIGHT="39" HPOS="1656" VPOS="3479" WIDTH="22" />
<String CONTENT="lire" HEIGHT="41" HPOS="1679" LANG="fr" VPOS="3477" WIDTH="93" />
<SP HEIGHT="39" HPOS="1773" VPOS="3479" WIDTH="24" />
<String CONTENT="la" HEIGHT="40" HPOS="1798" LANG="fr" VPOS="3479" WIDTH="46" />
<SP HEIGHT="29" HPOS="1845" VPOS="3490" WIDTH="26" />
<String CONTENT="nuit)" HEIGHT="48" HPOS="1872" LANG="fr" VPOS="3477" WIDTH="133" />
</TextLine>
<TextLine CS="1" HEIGHT="81" HPOS="425" VPOS="3520" WIDTH="2017">
<String CONTENT="&#169;" HEIGHT="53" HPOS="425" LANG="fr" VPOS="3548" WIDTH="52" />
<SP HEIGHT="53" HPOS="478" VPOS="3548" WIDTH="27" />
<String CONTENT="July" HEIGHT="47" HPOS="506" LANG="en-US" VPOS="3553" WIDTH="117" />
<SP HEIGHT="46" HPOS="624" VPOS="3554" WIDTH="25" />
<String CONTENT="10." HEIGHT="41" HPOS="650" LANG="fr" VPOS="3553" WIDTH="67" />
<SP HEIGHT="41" HPOS="718" VPOS="3553" WIDTH="27" />
<String CONTENT="1933;" HEIGHT="43" HPOS="746" LANG="fr" VPOS="3552" WIDTH="141" />
<SP HEIGHT="42" HPOS="888" VPOS="3553" WIDTH="29" />
<String CONTENT="1c." CS="1" HEIGHT="7" HPOS="976" LANG="fr" VPOS="3584" WIDTH="6" />
<SP HEIGHT="38" HPOS="983" VPOS="3553" WIDTH="30" />
<String CONTENT="Oct." HEIGHT="73" HPOS="1014" LANG="fr" VPOS="3520" WIDTH="106" />
<SP HEIGHT="72" HPOS="1121" VPOS="3520" WIDTH="22" />
<String CONTENT="14:" HEIGHT="41" HPOS="1144" LANG="fr" VPOS="3553" WIDTH="82" />
<SP HEIGHT="41" HPOS="1227" VPOS="3553" WIDTH="29" />
<String CONTENT="A-" HEIGHT="39" HPOS="1257" LANG="fr" VPOS="3553" WIDTH="102" />
<String CONTENT="Foreign" HEIGHT="46" HPOS="1361" LANG="en-US" VPOS="3553" WIDTH="208" />
<SP HEIGHT="38" HPOS="1570" VPOS="3554" WIDTH="27" />
<String CONTENT="22362;" HEIGHT="42" HPOS="1598" LANG="fr" VPOS="3553" WIDTH="171" />
<SP HEIGHT="41" HPOS="1770" VPOS="3554" WIDTH="30" />
<String CONTENT="J." HEIGHT="39" HPOS="1801" LANG="fr" VPOS="3554" WIDTH="42" />
<SP HEIGHT="38" HPOS="1844" VPOS="3554" WIDTH="28" />
<String CONTENT="T." HEIGHT="38" HPOS="1873" LANG="fr" VPOS="3554" WIDTH="52" />
<SP HEIGHT="39" HPOS="1926" VPOS="3553" WIDTH="31" />
<String CONTENT="Samat," HEIGHT="42" HPOS="1958" LANG="fi" VPOS="3553" WIDTH="182" />
<SP HEIGHT="41" HPOS="2141" VPOS="3554" WIDTH="31" />
<String CONTENT="Martigues" HEIGHT="46" HPOS="2173" LANG="fr" VPOS="3553" WIDTH="269" />
</TextLine>
<TextLine HEIGHT="47" HPOS="504" LANG="fr" VPOS="3610" WIDTH="1146">
<String CONTENT="(Bouches-du-Rh&#244;ne)" HEIGHT="47" HPOS="504" VPOS="3610" WIDTH="549" />
<SP HEIGHT="44" HPOS="1054" VPOS="3610" WIDTH="40" />
<String CONTENT="France." HEIGHT="39" HPOS="1095" VPOS="3611" WIDTH="201" />
<SP HEIGHT="47" HPOS="1297" VPOS="3610" WIDTH="71" />
<String CONTENT="(33-36242)" HEIGHT="47" HPOS="1369" VPOS="3610" WIDTH="281" />
</TextLine>
<TextLine HEIGHT="72" HPOS="424" LANG="fr" STYLEREFS="StyleId-04D6E871-4778-48E1-97BB-A2EB0A103960-" VPOS="3722" WIDTH="1067">
<String CONTENT="Schauffler," HEIGHT="72" HPOS="424" VPOS="3722" WIDTH="344" />
<SP HEIGHT="65" HPOS="769" VPOS="3729" WIDTH="30" />
<String CONTENT="Robert" HEIGHT="56" HPOS="800" VPOS="3728" WIDTH="224" />
<SP HEIGHT="55" HPOS="1025" VPOS="3729" WIDTH="29" />
<String CONTENT="Haven," HEIGHT="65" HPOS="1055" VPOS="3729" WIDTH="229" />
<SP HEIGHT="60" HPOS="1285" VPOS="3734" WIDTH="34" />
<String CONTENT="1879-" HEIGHT="56" HPOS="1320" VPOS="3729" WIDTH="171" />
</TextLine>
<TextLine HEIGHT="72" HPOS="493" STYLEREFS="StyleId-04D6E871-4778-48E1-97BB-A2EB0A103960-" VPOS="3804" WIDTH="1946">
<String CONTENT="The" HEIGHT="54" HPOS="493" LANG="fr" VPOS="3804" WIDTH="121" />
<SP HEIGHT="35" HPOS="615" VPOS="3823" WIDTH="28" />
<String CONTENT="unknown" HEIGHT="54" HPOS="644" LANG="en-US" VPOS="3805" WIDTH="290" />
<SP HEIGHT="52" HPOS="935" VPOS="3807" WIDTH="30" />
<String CONTENT="Brahms," HEIGHT="69" HPOS="966" LANG="fr" VPOS="3807" WIDTH="266" />
<SP HEIGHT="68" HPOS="1233" VPOS="3808" WIDTH="31" />
<String CONTENT="his" HEIGHT="55" HPOS="1265" LANG="en-US" VPOS="3806" WIDTH="89" />
<SP HEIGHT="53" HPOS="1355" VPOS="3808" WIDTH="31" />
<String CONTENT="life," HEIGHT="68" HPOS="1387" LANG="en-US" VPOS="3806" WIDTH="122" />
<SP HEIGHT="48" HPOS="1510" VPOS="3826" WIDTH="31" />
<String CONTENT="character" HEIGHT="53" HPOS="1542" LANG="en-US" VPOS="3808" WIDTH="294" />
<SP HEIGHT="34" HPOS="1837" VPOS="3826" WIDTH="32" />
<String CONTENT="and" HEIGHT="53" HPOS="1870" LANG="en-US" VPOS="3808" WIDTH="112" />
<SP HEIGHT="53" HPOS="1983" VPOS="3808" WIDTH="35" />
<String CONTENT="works;" HEIGHT="67" HPOS="2019" LANG="en-US" VPOS="3807" WIDTH="215" />
<SP HEIGHT="69" HPOS="2235" VPOS="3805" WIDTH="31" />
<String CONTENT="based" HEIGHT="54" HPOS="2267" LANG="en-US" VPOS="3805" WIDTH="172" />
</TextLine>
<TextLine CS="1" HEIGHT="72" HPOS="422" STYLEREFS="StyleId-04D6E871-4778-48E1-97BB-A2EB0A103960-" VPOS="3882" WIDTH="2018">
<String CONTENT="on" HEIGHT="34" HPOS="422" VPOS="3901" WIDTH="71" />
<SP HEIGHT="34" HPOS="494" VPOS="3902" WIDTH="31" />
<String CONTENT="new" HEIGHT="34" HPOS="526" VPOS="3903" WIDTH="122" />
<SP HEIGHT="34" HPOS="649" VPOS="3903" WIDTH="32" />
<String CONTENT="material," HEIGHT="67" HPOS="682" VPOS="3884" WIDTH="284" />
<SP HEIGHT="66" HPOS="967" VPOS="3885" WIDTH="30" />
<String CONTENT="by" HEIGHT="69" HPOS="998" VPOS="3885" WIDTH="76" />
<SP HEIGHT="68" HPOS="1075" VPOS="3886" WIDTH="31" />
<String CONTENT="Robert" HEIGHT="53" HPOS="1107" VPOS="3886" WIDTH="214" />
<SP HEIGHT="52" HPOS="1322" VPOS="3886" WIDTH="33" />
<String CONTENT="Haven" HEIGHT="52" HPOS="1356" VPOS="3886" WIDTH="206" />
<SP HEIGHT="57" HPOS="1563" VPOS="3884" WIDTH="39" />
<String CONTENT="Schauffler" HEIGHT="57" HPOS="1603" VPOS="3884" WIDTH="308" />
<SP HEIGHT="34" HPOS="1912" VPOS="3904" WIDTH="38" />
<String CONTENT="&#8230;" CS="1" />
<SP HEIGHT="52" HPOS="2007" VPOS="3886" WIDTH="75" />
<String CONTENT="New" HEIGHT="52" HPOS="2083" VPOS="3886" WIDTH="139" />
<SP HEIGHT="53" HPOS="2223" VPOS="3885" WIDTH="34" />
<String CONTENT="York," HEIGHT="70" HPOS="2258" VPOS="3882" WIDTH="182" />
</TextLine>
<TextLine HEIGHT="74" HPOS="423" STYLEREFS="StyleId-04D6E871-4778-48E1-97BB-A2EB0A103960-" VPOS="3960" WIDTH="1048">
<String CONTENT="Dodd," HEIGHT="71" HPOS="423" VPOS="3960" WIDTH="190" />
<SP HEIGHT="69" HPOS="614" VPOS="3962" WIDTH="26" />
<String CONTENT="Mead" HEIGHT="55" HPOS="641" VPOS="3962" WIDTH="171" />
<SP HEIGHT="53" HPOS="813" VPOS="3964" WIDTH="29" />
<String CONTENT="and" HEIGHT="53" HPOS="843" VPOS="3964" WIDTH="112" />
<SP HEIGHT="53" HPOS="956" VPOS="3964" WIDTH="30" />
<String CONTENT="company," HEIGHT="52" HPOS="987" VPOS="3982" WIDTH="300" />
<SP HEIGHT="65" HPOS="1288" VPOS="3967" WIDTH="33" />
<String CONTENT="1933." HEIGHT="50" HPOS="1322" VPOS="3966" WIDTH="149" />
</TextLine>
</TextBlock>
</PrintSpace>
</Page>
</Layout>
</alto>