2484 4405
1101 4098 100 48 889

103 508 1975 169 2d ed. … Rochester, N. Y., The Lawyers co-operative publishing company, 1933.
175 694 66 44 xi,
268 692 85 42 681
382 702 43 37 p.
485 689 57 40 26
544 690 45 23 cm
593 721 8 8 .

181 763 178 41 “Rules
393 762 54 39 of
477 760 215 49 practice
728 758 80 41 for
842 757 83 41 tlie
960 757 167 39 courts
1163 754 53 41 of
1249 752 168 49 equity
1454 751 55 40 of
1545 751 83 40 the
1667 747 179 43 United
1886 745 221 43 States”:

109 831 42 38 p.
198 819 234 52 [645]-667.

111 889 51 51 ©
198 892 128 41 June
356 890 69 47 15,
459 890 113 39 1933;
636 889 65 40 2c.
738 887 126 41 June
898 887 81 41 17;
1017 884 82 41 aff.
1136 884 126 40 June
1295 883 82 46 20;
1415 882 40 39 A
1490 879 169 47 63329;
1698 878 49 43 C,
1784 879 54 39 A.
1874 873 236 49 Keigwin,

178 947 335 50 Washington.
585 942 279 53 (33-15804)

109 1048 264 66 Kellogg,
402 1048 313 64 Winthrop
743 1045 183 65 Niles,
958 1050 171 50 1898-

187 1127 120 52 The
341 1145 104 49 ape
480 1124 113 54 and
627 1125 93 53 the
758 1121 182 67 child;
980 1142 31 33 a
1045 1120 172 68 study
1254 1118 63 55 of
1353 1114 447 57 environmental
1839 1113 274 55 influence

118 1192 1994 81 upon early behavior, by W. N. Kellogg … and L. A. Kellogg.
116 1283 133 52 New
286 1281 160 52 York
479 1279 111 54 and
625 1277 256 69 London,
914 1275 340 69 Whittlesey
1290 1275 190 65 house,
1510 1270 426 56 McGraw-Hill
1970 1269 143 53 book

115 1377 294 50 company,
440 1358 126 65 inc.,
601 1359 147 50 1933.

189 1442 96 51 xiv,
317 1445 87 40 314
434 1454 42 39 p.
509 1442 110 42 incl.
649 1441 165 50 front.,
846 1441 143 49 illus.,
1023 1440 180 50 diagrs.
1264 1441 170 48 plates.
1493 1439 56 40 22½
1582 1440 43 23 cm
1632 1471 7 9 .

187 1501 162 42 “First
380 1500 225 41 edition.”

189 1558 319 42 “References
537 1558 78 39 for
644 1556 194 42 further
869 1554 226 49 reading”:
1158 1566 42 37 p.
1229 1554 218 42 329-334.

124 1629 51 52 ©
205 1633 127 41 June
360 1633 68 46 12,
457 1632 140 42 1933;
629 1632 67 39 2c.
726 1630 126 41 June
880 1630 53 46 3;
965 1628 81 40 aff.
1077 1628 128 39 June
1235 1627 81 48 16;
1348 1627 41 39 A
1417 1627 171 46 64066;
1620 1625 352 42 McGraw-Hill
2003 1623 122 40 book

194 1701 82 36 co.,
308 1690 90 39 inc.
469 1689 281 47 (33-15777)

120 1790 301 69 Kennedy,
448 1791 154 55 John
627 1792 239 64 Joseph,
897 1796 169 49 1869-

194 1862 1930 77 Mystery, by J. J. Kennedy … Buffalo, N. Y., Pub. by the
124 1942 1387 74 author, printed by Wells the printer [ c 1933]
197 2032 26 40 3
252 2042 44 38 p.
325 2033 43 46 l.,
398 2031 85 40 197
511 2042 42 38 p.
611 2031 55 39 21
670 2033 43 21 cm
720 2063 7 8 .

129 2102 51 51 ©
210 2106 115 48 May
352 2106 69 47 23,
451 2104 141 48 1933;
621 2106 68 40 2c.
718 2105 96 40 and
843 2104 81 40 aff.
956 2105 115 47 May
1098 2104 83 47 26;
1213 2103 41 41 A
1284 2103 171 47 62784;
1487 2104 43 39 J.
1564 2104 41 39 J.
1637 2103 249 48 Kennedy,
1918 2100 209 41 Buffalo.

208 2162 282 48 (33-15776)

127 2263 186 65 Kyrk,
341 2265 199 63 Hazel,
571 2270 170 49 1888-

202 2337 1929 76 Economic problems of the family, by Hazel Kyrk … New
134 2418 161 53 York
324 2419 112 52 and
466 2419 258 66 London,
754 2418 235 70 Harper
1018 2421 51 50 &
1100 2417 280 70 brothers,
1414 2421 150 51 1933.

267 2502 551 51 xx p., 1 l., 500 p. 22 cm .
204 2560 162 43 “First
390 2560 226 43 edition.”

204 2616 294 50 “Suggested
530 2618 229 48 reading”
792 2621 54 38 at
876 2620 89 39 end
1003 2619 52 39 of
1086 2620 119 39 each
1237 2619 202 48 chapter
1470 2622 171 45 except
1674 2620 201 49 chapter
1953 2652 8 8 II.

137 2685 53 52 ©
218 2689 127 40 June
370 2690 39 44 1,
437 2689 140 47 1933;
607 2690 68 40 2c.
703 2689 129 42 June
855 2691 54 46 2;
939 2690 81 40 aff.
1050 2692 128 38 June
1205 2691 83 47 14;
1317 2691 39 38 A
1384 2691 172 47 64054;
1588 2693 58 40 H.
1675 2692 152 49 Kyrk,
1858 2690 223 49 Chicago.

215 2745 280 51 (33-15924)

135 2848 250 66 Laucks,
415 2852 236 52 Samuel
680 2852 56 55 S.

209 2925 124 56 Has
380 2928 355 67 prohibition
782 2928 214 55 failed?
1117 2932 108 67 [By]
1280 2929 229 56 Samuel
1559 2931 56 56 S.
1663 2932 240 54 Laucks.
2002 2967 11 32 r
2019 2933 125 52 Red

140 3003 164 68 Lion,
333 3005 120 67 Pa.,
482 3012 19 22 c
505 3009 133 49 1933]

209 3080 281 51 cover-title,
519 3082 56 40 40
602 3093 43 38 p.
704 3083 58 41 22½
794 3086 45 22 cm
842 3117 9 9 .

212 3136 212 45 “Second
449 3139 198 48 edition,
675 3139 233 45 revised.”

147 3205 58 53 ©
228 3210 121 41 Mar.
378 3212 38 44 7,
445 3211 142 46 1933;
615 3212 65 39 2c.
711 3213 95 40 and
834 3213 82 40 aff.
945 3214 127 39 June
1099 3215 83 46 19;
1214 3214 41 40 A
1283 3214 169 49 63322;
1488 3216 44 40 S.
1566 3217 44 41 S.
1641 3217 204 47 Laucks,
1876 3218 102 40 Red
2009 3217 134 46 Lion,

218 3266 81 42 Pa.
365 3263 66 53 [©
464 3279 106 29 new
601 3271 194 47 matter]
868 3270 281 48 (33-15922)

145 3367 235 64 League
409 3370 63 52 of
501 3370 256 53 nations.
834 3373 255 56 Council.

218 3443 118 55 The
371 3446 219 54 verdict
622 3448 63 52 of
718 3448 93 55 the
846 3450 255 67 League;
1140 3451 295 57 Colombia
1470 3456 111 51 and
1616 3455 149 53 Peru
1801 3461 57 47 at
1893 3457 247 60 Leticia;

149 3520 93 53 the
270 3521 198 55 official
495 3522 345 71 documents,
866 3527 139 53 with
1033 3535 158 47 notes
1220 3531 110 52 and
1361 3550 69 33 an
1460 3531 389 57 introduction
1879 3535 72 66 by
151 3535 1968 130 Manley

267 3593 1736 84 O. Hudson … Boston, World peace foundation, 1933.
158 3668 1974 110 5 p. l., 88 p., 1 l., iv p. incl. map. 20 cm . [World peace foundation publications]
230 3779 1918 72 “Report … adopted by the Council of the League of nations, March
159 3838 67 45 18,
251 3838 113 43 1933…
499 3841 269 43 Document
792 3843 48 41 C.
865 3845 98 41 194.
1018 3846 60 41 M.
1107 3846 67 42 91.
1231 3847 126 44 1933.
1484 3884 7 7 VII.
1543 3850 82 41 3”:
1662 3862 40 37 p.
1728 3853 157 43 17-55.

231 3895 134 45 “List
388 3899 52 40 of
464 3900 82 41 the
570 3899 240 50 principal
835 3902 172 42 official
1033 3904 339 44 documents”:
1400 3919 41 38 p.
1468 3909 71 41 88.

161 3963 51 52 ©
241 3969 113 48 May
381 3971 38 45 1,
447 3970 140 43 1933;
617 3972 67 40 2c.
713 3973 113 48 May
854 3974 52 47 8;
937 3975 82 41 aff.
1048 3976 127 39 June
1203 3976 81 48 19;
1315 3978 41 39 A
1384 3979 169 48 63311;
1584 3981 166 42 World
1780 3992 144 38 peace
228 3985 1908 81 foundation.
417 4026 279 48 (33-15785)
