2484 4405
1027 4109 98 48 891

73 453 206 64 Miner,
309 450 327 57 Genevieve
663 448 191 61 Fitch,
886 454 171 50 1906-

144 531 313 66 Libations,
494 530 74 66 by
607 528 318 56 Genevieve
962 526 170 54 Fitch
1168 526 205 51 Miner.
1450 527 233 63 Boston,
1720 524 122 51 The
75 522 1973 154 Christopher
310 606 334 70 publishing
676 607 171 52 house
887 640 12 33 [
904 612 18 21 c
928 610 132 49 1938
1066 639 12 33 ]

147 682 100 47 viii,
282 681 116 40 9-48
428 691 42 37 p.
531 680 54 39 21
589 683 44 20 cm
638 712 9 9 .

147 739 184 39 Poems.

79 806 51 51 ©
167 811 79 38 May
314 808 39 48 9,
391 809 139 45 1933;
567 809 66 38 2c.
671 808 125 39 June
831 808 52 46 8;
922 806 82 41 aff.
1042 807 129 39 June
1204 807 83 46 27;
1326 806 40 38 A
1402 804 170 47 62909;
1613 802 317 48 Christopher
1967 800 108 49 pub.

147 868 163 39 house.
383 865 280 48 (33-15889)

74 963 1976 152 Mississippi and Southern digest. July, 1933, cumulative pamphlet … St.
582 1049 164 65 Paul,
774 1049 161 53 West
963 1044 338 70 publishing
1330 1064 80 35 co.
1445 1077 13 35 [
1463 1049 18 22 c
1486 1047 153 63 1933]

145 1123 85 39 288
259 1133 41 36 p.
361 1122 56 38 24
420 1123 43 21 cm
469 1153 9 8 .

82 1187 1675 51 © July 14, 1933; 2c. and aff. July 29; A 63715; West pub. co.
75 1295 297 56 Missouri.
439 1297 183 64 Laws,
653 1300 258 62 statutes,
941 1300 100 47 etc.

145 1373 268 52 Missouri
456 1378 256 62 statutes,
756 1372 325 53 annotated.
1160 1374 347 50 Permanent
1544 1370 85 53 ed.
1710 1372 133 50 1933
76 1385 1977 120 cumulative

277 1449 1802 71 annual pocket parts for volumes 1-15 … St. Paul, West
77 1530 333 69 publishing
434 1549 107 49 co.;
569 1532 225 51 Kansas
821 1530 152 68 City,
996 1532 234 54 Vernon
1253 1532 111 52 law
1385 1530 149 53 book
1557 1547 78 38 co.
1709 1531 152 63 [c1933]

151 1606 58 38 15
235 1615 41 31 v.
336 1605 55 39 23½c
442 1607 26 20 m
473 1636 7 7 .

150 1663 156 38 These
334 1662 273 47 pamphlets
639 1670 83 31 are
754 1665 48 36 to
832 1662 56 38 be
918 1661 139 39 fitted
1089 1660 103 40 into
1225 1662 83 38 the
1337 1661 196 48 pockets
1566 1661 55 38 at
1650 1659 82 39 the
1764 1658 121 39 back
1916 1658 52 39 of
2000 1660 81 37 the

80 1721 213 37 volumes
322 1719 53 39 of
401 1721 82 37 the
510 1720 72 38 set
611 1721 48 37 to
689 1718 157 39 which
874 1719 115 46 they
1016 1718 185 47 belong.

84 1784 50 53 ©
162 1789 116 46 July
304 1788 68 46 13,
400 1788 139 45 1933;
568 1789 68 39 2c.
663 1789 117 38 each
807 1789 96 38 and
931 1787 81 40 aff.
1041 1788 117 47 July
1184 1788 83 45 29;
1298 1788 40 38 A
1366 1787 169 47 63707;
1566 1787 193 39 Vernon
1786 1787 95 38 law
1908 1785 76 40 bk.
2014 1793 66 31 co.

151 1845 94 39 and
275 1846 133 40 West
437 1846 107 47 pub.
575 1855 66 29 co.

76 1946 242 66 Morley,
348 1946 388 64 Christopher
764 1948 373 65 Darlington,
1169 1953 170 49 1890-

149 2026 309 53 Mandarin
513 2027 58 51 in
625 2027 363 65 Manhattan,
1045 2026 228 52 further
1326 2025 397 53 Translations
1779 2023 153 54 from
1986 2025 96 52 the

82 2105 257 66 Chinese,
378 2105 74 67 by
494 2104 376 69 Christopher
908 2105 240 67 Morley.
1225 2103 232 55 Garden
1497 2103 153 69 City,
1688 2103 71 55 N.
1800 2104 90 66 Y.,
82 2104 1971 146 Doubleday,
327 2183 199 53 Doran
551 2186 53 49 &
632 2202 298 49 company,
957 2183 126 68 inc.,
1116 2186 150 49 1933.

149 2259 29 39 4
204 2269 43 37 p.
309 2289 9 17 l.,
347 2257 84 41 179
458 2268 43 37 p.
561 2256 129 41 illus.
749 2257 56 40 20
808 2260 44 20 cm
857 2289 10 9 .

153 2314 1763 41 “These additional ‘Translations from the Chinese' … have been
81 2325 1980 95 accumulating
345 2372 79 40 for
453 2373 187 39 several
669 2383 141 36 years
839 2371 49 40 in
917 2372 82 40 the
1028 2372 262 48 ‘Saturday
1320 2372 175 40 review
1523 2373 51 39 of
1605 2371 315 41 literature'."

153 2429 162 41 “First
340 2428 225 42 edition.”

85 2497 51 52 ©
164 2502 126 39 June
316 2503 39 45 7,
384 2501 139 47 1933;
554 2501 66 39 2c.
649 2502 95 38 and
772 2500 80 40 aff.
883 2501 127 39 June
1037 2501 52 47 8;
1120 2501 43 39 A
1189 2501 170 47 63070;
1390 2500 318 50 Christopher
1737 2503 199 47 Morley,

154 2502 1911 105 Ros-lyn
265 2558 220 49 Heights,
516 2559 55 39 N.
602 2559 54 39 Y.
727 2557 279 49 (33-15682)

80 2662 1998 71 North eastern digest. July, 1933, cumulative pamphlet … St.
150 2742 164 64 Paul,
343 2742 159 53 West
533 2740 336 69 publishing
900 2760 78 35 co.
1018 2774 13 35 [
1036 2748 18 21 c
1059 2745 153 63 1933]

151 2815 87 39 148
270 2826 41 36 p.
372 2815 56 38 24
431 2816 43 21 cm
479 2844 7 7 .

87 2867 51 52 ©
166 2872 116 47 July
309 2871 68 47 18,
405 2871 113 40 1933;
575 2871 67 40 2c.
672 2872 95 39 and
795 2870 83 43 aff.
907 2872 115 47 July
1050 2872 83 47 29;
1164 2872 41 39 A
1234 2872 169 47 63713;
1434 2874 134 39 West
1596 2873 110 48 pub.
1736 2884 66 29 co.

81 2988 199 65 Ondis,
311 2989 190 52 Lewis
531 2989 314 64 Amedeus,
877 2994 172 49 1894-

153 3067 337 67 Phonology
527 3068 62 51 of
624 3068 94 51 the
757 3068 265 55 Cilentan
1059 3069 224 65 dialect,
1321 3069 139 53 with
1499 3088 30 33 a
1568 3071 155 51 word
1760 3071 170 52 index
1967 3073 108 51 and

85 3144 1759 72 dialect texts, by Lewis A. Ondis … New York [ c 1932 ]
155 3219 1923 49 2 p. l., [7]-128 p. pl. 20½ cm . (Publications of the Institute of French
86 3275 199 48 studies,
319 3275 115 47 inc.)

158 3332 168 40 Issued
356 3333 102 39 also
485 3343 53 29 as
566 3333 150 39 thesis
753 3333 107 47 (PH.
920 3333 34 46 D.)
992 3333 247 41 Columbia
1271 3334 282 48 university.

158 3389 95 39 “La
285 3390 145 39 lettre
463 3400 52 28 re
547 3389 191 48 sango”,
774 3390 223 41 Cilentan
1032 3391 100 39 tale
1173 3391 65 47 (p.
1273 3391 226 48 103-110)
1541 3391 47 39 in
1626 3391 237 48 Cilentan,
1899 3394 180 40 Italian

85 3446 95 38 and
212 3445 213 48 English.
487 3447 260 47 Examples
773 3447 52 39 of
854 3450 202 45 popular
1085 3449 169 47 poetry
1292 3448 67 48 (p.
1388 3448 228 48 111-123)
1654 3449 49 39 in
1732 3449 222 41 Cilentan
1985 3452 92 38 and

88 3501 195 42 Italian.

155 3557 375 50 Bibliography;
561 3571 42 37 p.
633 3561 217 41 124-128.

8 3619 5 57 j
89 3612 51 51 ©
168 3617 118 47 Aug.
311 3618 70 46 31,
409 3617 140 45 1932;
578 3618 67 40 2c.
674 3619 108 39 Jan.
812 3619 38 47 6,
879 3619 140 46 1933;
1051 3619 81 40 aff.
1161 3620 108 39 Jan.
1299 3619 51 42 5;
1381 3620 42 38 A
1450 3620 169 47 58719;
1652 3621 53 41 G.
1734 3621 49 40 L.

1812 3632 96 30 van
155 3621 1909 97 Roos-broeck,
377 3675 117 38 New
526 3675 143 39 York.
741 3675 279 49 (33-15895)

82 3777 380 65 Oppenheim,
495 3779 252 53 Edward
780 3780 264 64 Phillips.

152 3854 120 52 The
300 3873 130 33 man
460 3874 71 33 on
557 3857 93 51 the
680 3859 382 67 waterlogged
1090 3858 186 54 ketch.

163 3929 83 45 (In
275 3925 259 43 Pearson’s
567 3927 275 50 magazine,
874 3928 142 49 June,
1050 3930 144 49 1933)

89 3979 1989 58 © 1c. July 22. 1933; A ad int. 18034; pubd. June 1; E. P. Oppenheim,
155 4041 258 47 Reepham,
445 4042 219 47 Norfolk,
697 4044 235 47 England.
