<alto xmlns="http://www.loc.gov/standards/alto/ns-v3#" xmlns:xlink="http://www.w3.org/1999/xlink" xmlns:xsi="http://www.w3.org/2001/XMLSchema-instance" xsi:schemaLocation="http://www.loc.gov/standards/alto/ns-v3# http://www.loc.gov/alto/v3/alto-3-0.xsd"><Description>
<MeasurementUnit>pixel</MeasurementUnit>
<sourceImageInformation>
<fileName>1933_v1_Part1.pdf</fileName>
</sourceImageInformation>
<OCRProcessing ID="IdOcr">
<ocrProcessingStep>
<processingDateTime>2019-01-03</processingDateTime>
<processingSoftware>
<softwareCreator>ABBYY</softwareCreator>
<softwareName>ABBYY Recognition Server</softwareName>
<softwareVersion>4.0</softwareVersion>
</processingSoftware>
</ocrProcessingStep>
</OCRProcessing>
</Description>
<Styles>
<ParagraphStyle ID="StyleId-FFFFFFFF-FFFF-FFFF-FFFF-FFFFFFFFFFFF-" ALIGN="Left" LEFT="0." RIGHT="0." FIRSTLINE="0."/>
<ParagraphStyle ID="StyleId-6EF5737A-DCEB-4126-A0CF-C5930BF7166A-" ALIGN="Left" LEFT="0." RIGHT="0." FIRSTLINE="0." LINESPACE="8.300000191"/>
<ParagraphStyle ID="StyleId-2DE44258-FD0B-41E1-B542-087C989B01A3-" ALIGN="Left" LEFT="0." RIGHT="0." FIRSTLINE="0." LINESPACE="12.19999981"/>
<ParagraphStyle ID="StyleId-CE3D254A-29D7-4DD7-B5F1-E0FC0EF29B05-" ALIGN="Left" LEFT="0." RIGHT="0." FIRSTLINE="-14." LINESPACE="8.619999886"/>
<ParagraphStyle ID="StyleId-C0E3A137-CE4F-4287-8A90-B599106709D0-" ALIGN="Left" LEFT="0." RIGHT="0." FIRSTLINE="-14." LINESPACE="12.19999981"/>
<ParagraphStyle ID="StyleId-50F26F0C-05DA-4C19-BA58-7A6AC4499BEE-" ALIGN="Left" LEFT="0." RIGHT="0." FIRSTLINE="-14." LINESPACE="11.06999969"/>
<ParagraphStyle ID="StyleId-5DDE65AF-512C-41E2-9B8E-095D6D99EF68-" ALIGN="Center" LEFT="0." RIGHT="0." FIRSTLINE="0." LINESPACE="11.89999962"/>
<ParagraphStyle ID="StyleId-0A81D7A5-6A62-4C52-915E-7768974C704D-" ALIGN="Left" LEFT="0." RIGHT="0." FIRSTLINE="0." LINESPACE="9.399999619"/>
<ParagraphStyle ID="StyleId-F7A0127F-6B48-4157-BB81-FE33E1E1A05B-" ALIGN="Block" LEFT="0." RIGHT="0." FIRSTLINE="-13." LINESPACE="10.63000011"/>
<ParagraphStyle ID="StyleId-E18C69F7-DBD7-48B1-805C-FCD96D0DA019-" ALIGN="Left" LEFT="0." RIGHT="0." FIRSTLINE="0." LINESPACE="11.64000034"/>
<ParagraphStyle ID="StyleId-98F15501-B611-4E83-8BB3-807E891F11F5-" ALIGN="Left" LEFT="0." RIGHT="0." FIRSTLINE="-14." LINESPACE="12.19999981"/>
<ParagraphStyle ID="StyleId-F4A78626-0BBC-4D12-94D9-A1AE75A9855F-" ALIGN="Left" LEFT="0." RIGHT="0." FIRSTLINE="0." LINESPACE="9.399999619"/>
<ParagraphStyle ID="StyleId-6A3F6F4C-D21B-4ADE-902F-7683F18ECEF3-" ALIGN="Left" LEFT="0." RIGHT="0." FIRSTLINE="0." LINESPACE="11.10000038"/>
</Styles>
<Layout>
<Page ID="Page1774" PHYSICAL_IMG_NR="1774" HEIGHT="4453" WIDTH="2582">
<TopMargin HEIGHT="424" WIDTH="2582" VPOS="0" HPOS="0">
</TopMargin>
<LeftMargin HEIGHT="3760" WIDTH="362" VPOS="424" HPOS="0">
</LeftMargin>
<RightMargin HEIGHT="3760" WIDTH="174" VPOS="424" HPOS="2408">
</RightMargin>
<BottomMargin HEIGHT="269" WIDTH="2582" VPOS="4184" HPOS="0">
</BottomMargin>
<PrintSpace HEIGHT="3760" WIDTH="2046" VPOS="424" HPOS="362">
<TextBlock ID="Page1774_Block1" HEIGHT="76" WIDTH="158" VPOS="4108" HPOS="1302" LANG="en-US" STYLEREFS="StyleId-28A20C75-68D0-4D02-90AA-001689562671-">
<TextLine HEIGHT="56" WIDTH="138" VPOS="4119" HPOS="1313">
<String CONTENT="1774" HEIGHT="56" WIDTH="138" VPOS="4119" HPOS="1313"/>
</TextLine>
</TextBlock>
<TextBlock ID="Page1774_Block2" HEIGHT="3648" WIDTH="2046" VPOS="424" HPOS="362" LANG="en-US" CS="1" STYLEREFS="StyleId-97DC2A6C-4D49-4BF4-A36A-79CEB54EB409-">
<TextLine HEIGHT="49" WIDTH="993" VPOS="506" HPOS="446">
<String CONTENT="Errata" HEIGHT="39" WIDTH="181" VPOS="508" HPOS="446"/>
<SP HEIGHT="31" WIDTH="36" VPOS="516" HPOS="628"/>
<String CONTENT="slip" HEIGHT="48" WIDTH="94" VPOS="506" HPOS="665"/>
<SP HEIGHT="37" WIDTH="36" VPOS="517" HPOS="760"/>
<String CONTENT="mounted" HEIGHT="40" WIDTH="232" VPOS="507" HPOS="797"/>
<SP HEIGHT="40" WIDTH="35" VPOS="507" HPOS="1030"/>
<String CONTENT="on" HEIGHT="29" WIDTH="58" VPOS="517" HPOS="1066"/>
<SP HEIGHT="29" WIDTH="36" VPOS="517" HPOS="1125"/>
<String CONTENT="end-paper." HEIGHT="48" WIDTH="277" VPOS="507" HPOS="1162"/>
</TextLine>
<TextLine HEIGHT="51" WIDTH="658" VPOS="562" HPOS="445">
<String CONTENT="Bibliography" HEIGHT="49" WIDTH="353" VPOS="564" HPOS="445"/>
<SP HEIGHT="37" WIDTH="18" VPOS="575" HPOS="799"/>
<String CONTENT=":" HEIGHT="28" WIDTH="8" VPOS="575" HPOS="818"/>
<SP HEIGHT="39" WIDTH="35" VPOS="574" HPOS="827"/>
<String CONTENT="p." HEIGHT="39" WIDTH="44" VPOS="574" HPOS="863"/>
<SP HEIGHT="41" WIDTH="36" VPOS="565" HPOS="908"/>
<String CONTENT="70-73." HEIGHT="43" WIDTH="158" VPOS="562" HPOS="945"/>
</TextLine>
<TextLine HEIGHT="53" WIDTH="1964" VPOS="636" HPOS="374">
<String CONTENT="&#169;" HEIGHT="53" WIDTH="51" VPOS="636" HPOS="374"/>
<SP HEIGHT="53" WIDTH="26" VPOS="636" HPOS="426"/>
<String CONTENT="Nov." HEIGHT="40" WIDTH="118" VPOS="641" HPOS="453"/>
<SP HEIGHT="38" WIDTH="26" VPOS="641" HPOS="572"/>
<String CONTENT="17," HEIGHT="47" WIDTH="69" VPOS="640" HPOS="599"/>
<SP HEIGHT="46" WIDTH="26" VPOS="641" HPOS="669"/>
<String CONTENT="1933;" HEIGHT="46" WIDTH="141" VPOS="639" HPOS="696"/>
<SP HEIGHT="46" WIDTH="28" VPOS="639" HPOS="838"/>
<String CONTENT="2c." HEIGHT="40" WIDTH="68" VPOS="639" HPOS="867"/>
<SP HEIGHT="28" WIDTH="26" VPOS="651" HPOS="936"/>
<String CONTENT="and" HEIGHT="38" WIDTH="96" VPOS="640" HPOS="963"/>
<SP HEIGHT="39" WIDTH="26" VPOS="640" HPOS="1060"/>
<String CONTENT="aff." HEIGHT="41" WIDTH="82" VPOS="638" HPOS="1087"/>
<SP HEIGHT="39" WIDTH="26" VPOS="639" HPOS="1170"/>
<String CONTENT="Nov." HEIGHT="40" WIDTH="117" VPOS="639" HPOS="1197"/>
<SP HEIGHT="40" WIDTH="27" VPOS="639" HPOS="1315"/>
<String CONTENT="23" HEIGHT="41" WIDTH="55" VPOS="638" HPOS="1343"/>
<SP HEIGHT="47" WIDTH="18" VPOS="638" HPOS="1399"/>
<String CONTENT=";" HEIGHT="36" WIDTH="8" VPOS="649" HPOS="1418"/>
<SP HEIGHT="46" WIDTH="29" VPOS="639" HPOS="1427"/>
<!-- cceid 4AD5DE12-6CF9-1014-A6CF-A82867D68027 --><String CONTENT="A" HEIGHT="38" WIDTH="40" VPOS="639" HPOS="1457"/>
<SP HEIGHT="39" WIDTH="26" VPOS="639" HPOS="1498"/>
<String CONTENT="07236;" HEIGHT="49" WIDTH="171" VPOS="637" HPOS="1525"/>
<SP HEIGHT="47" WIDTH="33" VPOS="639" HPOS="1697"/>
<String CONTENT="S." HEIGHT="41" WIDTH="43" VPOS="639" HPOS="1731"/>
<SP HEIGHT="39" WIDTH="28" VPOS="640" HPOS="1775"/>
<String CONTENT="Peskind," HEIGHT="48" WIDTH="227" VPOS="638" HPOS="1804"/>
<SP HEIGHT="47" WIDTH="29" VPOS="639" HPOS="2032"/>
<String CONTENT="Cleveland." HEIGHT="41" WIDTH="276" VPOS="639" HPOS="2062"/>
</TextLine>
<TextLine HEIGHT="50" WIDTH="283" VPOS="697" HPOS="457">
<String CONTENT="(33-38978)" HEIGHT="50" WIDTH="283" VPOS="697" HPOS="457"/>
</TextLine>
<TextLine HEIGHT="67" WIDTH="681" VPOS="800" HPOS="375" STYLEREFS="StyleId-E8523D15-6A30-4617-9975-982E4E114698-">
<String CONTENT="Provol," HEIGHT="64" WIDTH="230" VPOS="803" HPOS="375"/>
<SP HEIGHT="64" WIDTH="27" VPOS="803" HPOS="606"/>
<String CONTENT="William" HEIGHT="56" WIDTH="258" VPOS="800" HPOS="634"/>
<SP HEIGHT="53" WIDTH="26" VPOS="801" HPOS="893"/>
<String CONTENT="Lee." HEIGHT="55" WIDTH="136" VPOS="801" HPOS="920"/>
</TextLine>
<TextLine HEIGHT="69" WIDTH="1953" VPOS="877" HPOS="443" STYLEREFS="StyleId-F695E937-D25F-43C2-BA43-461F32A50C2A-">
<String CONTENT="The" HEIGHT="52" WIDTH="123" VPOS="880" HPOS="443"/>
<SP HEIGHT="49" WIDTH="39" VPOS="897" HPOS="567"/>
<String CONTENT="pack" HEIGHT="68" WIDTH="146" VPOS="878" HPOS="607"/>
<SP HEIGHT="68" WIDTH="41" VPOS="878" HPOS="754"/>
<String CONTENT="peddler," HEIGHT="68" WIDTH="256" VPOS="878" HPOS="796"/>
<SP HEIGHT="68" WIDTH="38" VPOS="877" HPOS="1053"/>
<String CONTENT="by" HEIGHT="69" WIDTH="75" VPOS="877" HPOS="1092"/>
<SP HEIGHT="68" WIDTH="39" VPOS="878" HPOS="1168"/>
<String CONTENT="W." HEIGHT="53" WIDTH="90" VPOS="878" HPOS="1208"/>
<SP HEIGHT="52" WIDTH="39" VPOS="878" HPOS="1299"/>
<String CONTENT="Lee" HEIGHT="53" WIDTH="112" VPOS="878" HPOS="1339"/>
<SP HEIGHT="52" WIDTH="38" VPOS="879" HPOS="1452"/>
<String CONTENT="Provol" HEIGHT="52" WIDTH="214" VPOS="879" HPOS="1491"/>
<SP HEIGHT="51" WIDTH="46" VPOS="879" HPOS="1706"/>
<String CONTENT="&#8230;" HEIGHT="8" WIDTH="55" VPOS="922" HPOS="1753"/>
<SP HEIGHT="55" WIDTH="80" VPOS="877" HPOS="1809"/>
<String CONTENT="Greenville," HEIGHT="69" WIDTH="345" VPOS="877" HPOS="1890"/>
<SP HEIGHT="65" WIDTH="39" VPOS="881" HPOS="2236"/>
<String CONTENT="Pa.," HEIGHT="65" WIDTH="120" VPOS="881" HPOS="2276"/>
</TextLine>
<TextLine HEIGHT="69" WIDTH="1605" VPOS="957" HPOS="373" STYLEREFS="StyleId-F695E937-D25F-43C2-BA43-461F32A50C2A-">
<String CONTENT="Printed" HEIGHT="53" WIDTH="242" VPOS="959" HPOS="373"/>
<SP HEIGHT="53" WIDTH="35" VPOS="958" HPOS="616"/>
<String CONTENT="by" HEIGHT="67" WIDTH="76" VPOS="958" HPOS="652"/>
<SP HEIGHT="62" WIDTH="34" VPOS="963" HPOS="729"/>
<String CONTENT="the" HEIGHT="52" WIDTH="97" VPOS="958" HPOS="764"/>
<SP HEIGHT="51" WIDTH="35" VPOS="959" HPOS="862"/>
<String CONTENT="Beaver" HEIGHT="51" WIDTH="221" VPOS="959" HPOS="898"/>
<SP HEIGHT="48" WIDTH="37" VPOS="976" HPOS="1120"/>
<String CONTENT="printing" HEIGHT="69" WIDTH="265" VPOS="957" HPOS="1158"/>
<SP HEIGHT="51" WIDTH="34" VPOS="975" HPOS="1424"/>
<String CONTENT="company" HEIGHT="50" WIDTH="284" VPOS="975" HPOS="1459"/>
<SP HEIGHT="49" WIDTH="39" VPOS="976" HPOS="1744"/>
<String STYLE="subscript" CONTENT="[" HEIGHT="34" WIDTH="12" VPOS="990" HPOS="1784"/>
<String STYLE="superscript" CONTENT="c" HEIGHT="21" WIDTH="17" VPOS="963" HPOS="1802"/>
<String CONTENT="1933" HEIGHT="49" WIDTH="132" VPOS="960" HPOS="1826"/>
<String STYLE="subscript" CONTENT="]" HEIGHT="35" WIDTH="13" VPOS="990" HPOS="1965"/>
</TextLine>
<TextLine HEIGHT="50" WIDTH="803" VPOS="1031" HPOS="441" CS="1">
<String CONTENT="314" HEIGHT="39" WIDTH="87" VPOS="1034" HPOS="441"/>
<SP HEIGHT="47" WIDTH="37" VPOS="1034" HPOS="529"/>
<String CONTENT="p." HEIGHT="37" WIDTH="42" VPOS="1044" HPOS="567"/>
<SP HEIGHT="40" WIDTH="60" VPOS="1032" HPOS="610"/>
<String CONTENT="front," HEIGHT="41" WIDTH="152" VPOS="1032" HPOS="671"/>
<SP HEIGHT="49" WIDTH="27" VPOS="1032" HPOS="824"/>
<String CONTENT="(port.)" HEIGHT="49" WIDTH="175" VPOS="1032" HPOS="852"/>
<SP HEIGHT="48" WIDTH="67" VPOS="1031" HPOS="1028"/>
<String CS="1" CONTENT="23&#189;" HEIGHT="41" WIDTH="55" VPOS="1031" HPOS="1096"/>
<String STYLE="superscript" CONTENT="cm" HEIGHT="21" WIDTH="44" VPOS="1034" HPOS="1186"/>
<String CONTENT="." HEIGHT="9" WIDTH="9" VPOS="1064" HPOS="1235"/>
</TextLine>
<TextLine HEIGHT="49" WIDTH="417" VPOS="1090" HPOS="443">
<String CONTENT="Autobiography." HEIGHT="49" WIDTH="417" VPOS="1090" HPOS="443"/>
</TextLine>
<TextLine HEIGHT="42" WIDTH="427" VPOS="1147" HPOS="445">
<String CONTENT="&#8220;First" HEIGHT="40" WIDTH="162" VPOS="1149" HPOS="445"/>
<SP HEIGHT="37" WIDTH="34" VPOS="1152" HPOS="608"/>
<String CONTENT="edition.&#8221;" HEIGHT="41" WIDTH="229" VPOS="1147" HPOS="643"/>
</TextLine>
<TextLine HEIGHT="111" WIDTH="2004" VPOS="1216" HPOS="375" CS="1">
<String CONTENT="&#169;" HEIGHT="54" WIDTH="51" VPOS="1216" HPOS="375"/>
<SP HEIGHT="54" WIDTH="28" VPOS="1216" HPOS="427"/>
<String CONTENT="Nov." HEIGHT="41" WIDTH="119" VPOS="1220" HPOS="456"/>
<SP HEIGHT="40" WIDTH="27" VPOS="1220" HPOS="576"/>
<String CONTENT="28," HEIGHT="48" WIDTH="70" VPOS="1220" HPOS="604"/>
<SP HEIGHT="47" WIDTH="29" VPOS="1221" HPOS="675"/>
<String CONTENT="1933" HEIGHT="41" WIDTH="113" VPOS="1220" HPOS="705"/>
<SP HEIGHT="46" WIDTH="19" VPOS="1221" HPOS="819"/>
<String CONTENT=";" HEIGHT="37" WIDTH="8" VPOS="1230" HPOS="839"/>
<SP HEIGHT="48" WIDTH="29" VPOS="1219" HPOS="848"/>
<String CONTENT="2c." HEIGHT="41" WIDTH="68" VPOS="1219" HPOS="878"/>
<SP HEIGHT="40" WIDTH="29" VPOS="1220" HPOS="947"/>
<String CONTENT="Dec." HEIGHT="40" WIDTH="113" VPOS="1220" HPOS="977"/>
<SP HEIGHT="41" WIDTH="28" VPOS="1219" HPOS="1091"/>
<String CONTENT="14;" HEIGHT="48" WIDTH="83" VPOS="1219" HPOS="1120"/>
<SP HEIGHT="38" WIDTH="31" VPOS="1229" HPOS="1204"/>
<String CS="1" CONTENT="aff." HEIGHT="30" WIDTH="83" VPOS="1229" HPOS="1236"/>
<SP HEIGHT="40" WIDTH="29" VPOS="1219" HPOS="1320"/>
<String CONTENT="Dec." HEIGHT="40" WIDTH="110" VPOS="1219" HPOS="1350"/>
<SP HEIGHT="39" WIDTH="30" VPOS="1220" HPOS="1461"/>
<String CONTENT="13;" HEIGHT="48" WIDTH="83" VPOS="1219" HPOS="1492"/>
<SP HEIGHT="48" WIDTH="30" VPOS="1219" HPOS="1576"/>
<!-- cceid 4AD5E82C-6CF9-1014-A6CF-A82867D68027 --><String CONTENT="A" HEIGHT="39" WIDTH="41" VPOS="1219" HPOS="1607"/>
<SP HEIGHT="41" WIDTH="28" VPOS="1218" HPOS="1649"/>
<String CONTENT="67538;" HEIGHT="49" WIDTH="171" VPOS="1218" HPOS="1678"/>
<SP HEIGHT="48" WIDTH="32" VPOS="1219" HPOS="1850"/>
<String CONTENT="W." HEIGHT="41" WIDTH="70" VPOS="1219" HPOS="1883"/>
<SP HEIGHT="41" WIDTH="31" VPOS="1219" HPOS="1954"/>
<String CONTENT="L." HEIGHT="39" WIDTH="49" VPOS="1219" HPOS="1986"/>
<SP HEIGHT="39" WIDTH="31" VPOS="1219" HPOS="2036"/>
<String CONTENT="Provol," HEIGHT="49" WIDTH="190" VPOS="1218" HPOS="2068"/>
<SP HEIGHT="48" WIDTH="30" VPOS="1219" HPOS="2259"/>
<String CONTENT="Chicago." HEIGHT="108" WIDTH="1933" VPOS="1219" HPOS="446"/>
<SP HEIGHT="47" WIDTH="70" VPOS="1279" HPOS="578"/>
<String CONTENT="(33-39269)" HEIGHT="49" WIDTH="284" VPOS="1277" HPOS="649"/>
</TextLine>
<TextLine HEIGHT="67" WIDTH="1086" VPOS="1380" HPOS="375" STYLEREFS="StyleId-E8523D15-6A30-4617-9975-982E4E114698-">
<String CONTENT="Remer," HEIGHT="67" WIDTH="233" VPOS="1380" HPOS="375"/>
<SP HEIGHT="64" WIDTH="29" VPOS="1383" HPOS="609"/>
<String CONTENT="Charles" HEIGHT="56" WIDTH="249" VPOS="1381" HPOS="639"/>
<SP HEIGHT="52" WIDTH="27" VPOS="1383" HPOS="889"/>
<String CONTENT="Frederick," HEIGHT="66" WIDTH="339" VPOS="1380" HPOS="917"/>
<SP HEIGHT="59" WIDTH="30" VPOS="1387" HPOS="1257"/>
<String CONTENT="1889-" HEIGHT="49" WIDTH="173" VPOS="1385" HPOS="1288"/>
</TextLine>
<TextLine HEIGHT="71" WIDTH="1946" VPOS="1457" HPOS="449" STYLEREFS="StyleId-F695E937-D25F-43C2-BA43-461F32A50C2A-">
<String CONTENT="&#8230;" HEIGHT="10" WIDTH="56" VPOS="1502" HPOS="449"/>
<SP HEIGHT="53" WIDTH="43" VPOS="1459" HPOS="506"/>
<String CONTENT="A" HEIGHT="53" WIDTH="56" VPOS="1459" HPOS="550"/>
<SP HEIGHT="53" WIDTH="37" VPOS="1459" HPOS="607"/>
<String CONTENT="study" HEIGHT="69" WIDTH="172" VPOS="1459" HPOS="645"/>
<SP HEIGHT="54" WIDTH="39" VPOS="1474" HPOS="818"/>
<String CONTENT="of" HEIGHT="53" WIDTH="65" VPOS="1458" HPOS="858"/>
<SP HEIGHT="57" WIDTH="39" VPOS="1457" HPOS="924"/>
<String CONTENT="Chinese" HEIGHT="57" WIDTH="243" VPOS="1457" HPOS="964"/>
<SP HEIGHT="54" WIDTH="40" VPOS="1458" HPOS="1208"/>
<String CONTENT="boycotts," HEIGHT="70" WIDTH="278" VPOS="1458" HPOS="1249"/>
<SP HEIGHT="50" WIDTH="40" VPOS="1477" HPOS="1528"/>
<String CONTENT="with" HEIGHT="53" WIDTH="141" VPOS="1458" HPOS="1569"/>
<SP HEIGHT="54" WIDTH="40" VPOS="1458" HPOS="1711"/>
<String CONTENT="special" HEIGHT="69" WIDTH="212" VPOS="1458" HPOS="1752"/>
<SP HEIGHT="54" WIDTH="40" VPOS="1458" HPOS="1965"/>
<String CONTENT="reference" HEIGHT="55" WIDTH="287" VPOS="1458" HPOS="2006"/>
<SP HEIGHT="49" WIDTH="41" VPOS="1464" HPOS="2294"/>
<String CONTENT="to" HEIGHT="48" WIDTH="59" VPOS="1464" HPOS="2336"/>
</TextLine>
<TextLine HEIGHT="70" WIDTH="2020" VPOS="1536" HPOS="374" STYLEREFS="StyleId-F695E937-D25F-43C2-BA43-461F32A50C2A-" CS="1">
<String CONTENT="their" HEIGHT="54" WIDTH="149" VPOS="1537" HPOS="374"/>
<SP HEIGHT="35" WIDTH="46" VPOS="1557" HPOS="524"/>
<String CONTENT="economic" HEIGHT="55" WIDTH="286" VPOS="1537" HPOS="571"/>
<SP HEIGHT="35" WIDTH="45" VPOS="1556" HPOS="858"/>
<String CONTENT="effectiveness" HEIGHT="55" WIDTH="388" VPOS="1536" HPOS="904"/>
<SP HEIGHT="48" WIDTH="51" VPOS="1557" HPOS="1293"/>
<String CS="1" CONTENT="[by]" HEIGHT="69" WIDTH="93" VPOS="1537" HPOS="1362"/>
<SP HEIGHT="67" WIDTH="55" VPOS="1537" HPOS="1456"/>
<String CONTENT="C." HEIGHT="55" WIDTH="63" VPOS="1537" HPOS="1512"/>
<SP HEIGHT="53" WIDTH="49" VPOS="1537" HPOS="1576"/>
<String CONTENT="F." HEIGHT="54" WIDTH="67" VPOS="1537" HPOS="1626"/>
<SP HEIGHT="54" WIDTH="45" VPOS="1537" HPOS="1694"/>
<String CONTENT="Remer" HEIGHT="54" WIDTH="207" VPOS="1537" HPOS="1740"/>
<SP HEIGHT="34" WIDTH="52" VPOS="1557" HPOS="1948"/>
<String CONTENT="&#8230;" HEIGHT="10" WIDTH="57" VPOS="1581" HPOS="2001"/>
<SP HEIGHT="34" WIDTH="52" VPOS="1557" HPOS="2059"/>
<String CONTENT="with" HEIGHT="54" WIDTH="140" VPOS="1537" HPOS="2112"/>
<SP HEIGHT="52" WIDTH="46" VPOS="1539" HPOS="2253"/>
<String CONTENT="the" HEIGHT="53" WIDTH="94" VPOS="1538" HPOS="2300"/>
</TextLine>
<TextLine HEIGHT="69" WIDTH="2022" VPOS="1615" HPOS="374" STYLEREFS="StyleId-F695E937-D25F-43C2-BA43-461F32A50C2A-">
<String CONTENT="assistance" HEIGHT="54" WIDTH="306" VPOS="1616" HPOS="374"/>
<SP HEIGHT="35" WIDTH="41" VPOS="1635" HPOS="681"/>
<String CONTENT="of" HEIGHT="55" WIDTH="64" VPOS="1615" HPOS="723"/>
<SP HEIGHT="56" WIDTH="36" VPOS="1615" HPOS="788"/>
<String CONTENT="William" HEIGHT="55" WIDTH="264" VPOS="1616" HPOS="825"/>
<SP HEIGHT="52" WIDTH="41" VPOS="1617" HPOS="1090"/>
<String CONTENT="B." HEIGHT="52" WIDTH="68" VPOS="1617" HPOS="1132"/>
<SP HEIGHT="53" WIDTH="41" VPOS="1616" HPOS="1201"/>
<String CONTENT="Palmer" HEIGHT="54" WIDTH="233" VPOS="1615" HPOS="1243"/>
<SP HEIGHT="34" WIDTH="45" VPOS="1635" HPOS="1477"/>
<String CONTENT="&#8230;" HEIGHT="10" WIDTH="57" VPOS="1659" HPOS="1523"/>
<SP HEIGHT="52" WIDTH="83" VPOS="1617" HPOS="1581"/>
<String CONTENT="Baltimore," HEIGHT="69" WIDTH="337" VPOS="1615" HPOS="1665"/>
<SP HEIGHT="66" WIDTH="41" VPOS="1618" HPOS="2003"/>
<String CONTENT="The" HEIGHT="54" WIDTH="121" VPOS="1617" HPOS="2045"/>
<SP HEIGHT="55" WIDTH="43" VPOS="1616" HPOS="2167"/>
<String CONTENT="Johns" HEIGHT="54" WIDTH="185" VPOS="1616" HPOS="2211"/>
</TextLine>
<TextLine HEIGHT="70" WIDTH="661" VPOS="1695" HPOS="374" STYLEREFS="StyleId-F695E937-D25F-43C2-BA43-461F32A50C2A-">
<String CONTENT="Hopkins" HEIGHT="69" WIDTH="271" VPOS="1695" HPOS="374"/>
<SP HEIGHT="51" WIDTH="26" VPOS="1714" HPOS="646"/>
<String CONTENT="press," HEIGHT="51" WIDTH="177" VPOS="1714" HPOS="673"/>
<SP HEIGHT="65" WIDTH="30" VPOS="1698" HPOS="851"/>
<String CONTENT="1933." HEIGHT="52" WIDTH="153" VPOS="1697" HPOS="882"/>
</TextLine>
<TextLine HEIGHT="50" WIDTH="928" VPOS="1768" HPOS="445" CS="1">
<String CONTENT="xii," HEIGHT="48" WIDTH="81" VPOS="1770" HPOS="445"/>
<SP HEIGHT="46" WIDTH="30" VPOS="1772" HPOS="527"/>
<String CONTENT="306" HEIGHT="42" WIDTH="86" VPOS="1769" HPOS="558"/>
<SP HEIGHT="48" WIDTH="28" VPOS="1769" HPOS="645"/>
<String CONTENT="p." HEIGHT="38" WIDTH="42" VPOS="1779" HPOS="674"/>
<SP HEIGHT="38" WIDTH="61" VPOS="1771" HPOS="717"/>
<String CONTENT="double" HEIGHT="41" WIDTH="174" VPOS="1768" HPOS="779"/>
<SP HEIGHT="39" WIDTH="30" VPOS="1770" HPOS="954"/>
<String CONTENT="diagrs." HEIGHT="47" WIDTH="180" VPOS="1769" HPOS="985"/>
<SP HEIGHT="41" WIDTH="60" VPOS="1769" HPOS="1166"/>
<String CS="1" CONTENT="23&#189;cm." HEIGHT="40" WIDTH="146" VPOS="1769" HPOS="1227"/>
</TextLine>
<TextLine HEIGHT="106" WIDTH="2003" VPOS="1826" HPOS="376" CS="1">
<String CONTENT="At" HEIGHT="41" WIDTH="63" VPOS="1827" HPOS="445"/>
<SP HEIGHT="39" WIDTH="26" VPOS="1829" HPOS="509"/>
<String CONTENT="head" HEIGHT="39" WIDTH="123" VPOS="1829" HPOS="536"/>
<SP HEIGHT="39" WIDTH="27" VPOS="1829" HPOS="660"/>
<String CONTENT="of" HEIGHT="40" WIDTH="52" VPOS="1827" HPOS="688"/>
<SP HEIGHT="40" WIDTH="24" VPOS="1827" HPOS="741"/>
<String CONTENT="title:" HEIGHT="40" WIDTH="136" VPOS="1827" HPOS="766"/>
<SP HEIGHT="40" WIDTH="30" VPOS="1826" HPOS="903"/>
<String CONTENT="The" HEIGHT="41" WIDTH="101" VPOS="1826" HPOS="934"/>
<SP HEIGHT="41" WIDTH="31" VPOS="1826" HPOS="1036"/>
<String CONTENT="Walter" HEIGHT="41" WIDTH="186" VPOS="1826" HPOS="1068"/>
<SP HEIGHT="39" WIDTH="23" VPOS="1826" HPOS="1255"/>
<String CONTENT="Hines" HEIGHT="40" WIDTH="156" VPOS="1826" HPOS="1279"/>
<SP HEIGHT="40" WIDTH="27" VPOS="1826" HPOS="1436"/>
<String CONTENT="Page" HEIGHT="48" WIDTH="128" VPOS="1826" HPOS="1464"/>
<SP HEIGHT="30" WIDTH="29" VPOS="1837" HPOS="1593"/>
<String CONTENT="school" HEIGHT="41" WIDTH="161" VPOS="1826" HPOS="1623"/>
<SP HEIGHT="41" WIDTH="29" VPOS="1826" HPOS="1785"/>
<String CONTENT="of" HEIGHT="41" WIDTH="52" VPOS="1826" HPOS="1815"/>
<SP HEIGHT="39" WIDTH="26" VPOS="1826" HPOS="1868"/>
<String CONTENT="international" HEIGHT="42" WIDTH="351" VPOS="1826" HPOS="1895"/>
<SP HEIGHT="39" WIDTH="32" VPOS="1827" HPOS="2247"/>
<String CONTENT="relations," HEIGHT="105" WIDTH="2003" VPOS="1827" HPOS="376"/>
<SP HEIGHT="44" WIDTH="28" VPOS="1888" HPOS="518"/>
<String CONTENT="the" HEIGHT="39" WIDTH="82" VPOS="1887" HPOS="547"/>
<SP HEIGHT="41" WIDTH="28" VPOS="1885" HPOS="630"/>
<String CONTENT="Johns" HEIGHT="40" WIDTH="155" VPOS="1885" HPOS="659"/>
<SP HEIGHT="41" WIDTH="27" VPOS="1884" HPOS="815"/>
<String CONTENT="Hopkins" HEIGHT="48" WIDTH="224" VPOS="1884" HPOS="843"/>
<SP HEIGHT="30" WIDTH="30" VPOS="1894" HPOS="1068"/>
<String CONTENT="university." HEIGHT="46" WIDTH="287" VPOS="1884" HPOS="1099"/>
</TextLine>
<TextLine HEIGHT="50" WIDTH="712" VPOS="1940" HPOS="446">
<String CONTENT="Bibliography:" HEIGHT="49" WIDTH="377" VPOS="1941" HPOS="446"/>
<SP HEIGHT="39" WIDTH="35" VPOS="1950" HPOS="824"/>
<String CONTENT="p." HEIGHT="39" WIDTH="43" VPOS="1950" HPOS="860"/>
<SP HEIGHT="42" WIDTH="33" VPOS="1940" HPOS="904"/>
<String CONTENT="293-295." HEIGHT="42" WIDTH="220" VPOS="1940" HPOS="938"/>
</TextLine>
<TextLine HEIGHT="53" WIDTH="2020" VPOS="1997" HPOS="375">
<String CONTENT="&#169;" HEIGHT="53" WIDTH="51" VPOS="1997" HPOS="375"/>
<SP HEIGHT="53" WIDTH="23" VPOS="1997" HPOS="427"/>
<String CONTENT="Nov." HEIGHT="41" WIDTH="119" VPOS="2002" HPOS="451"/>
<SP HEIGHT="41" WIDTH="24" VPOS="2002" HPOS="571"/>
<String CONTENT="8," HEIGHT="46" WIDTH="39" VPOS="2002" HPOS="596"/>
<SP HEIGHT="46" WIDTH="24" VPOS="2002" HPOS="636"/>
<String CONTENT="1933" HEIGHT="40" WIDTH="114" VPOS="2001" HPOS="661"/>
<SP HEIGHT="39" WIDTH="18" VPOS="2002" HPOS="776"/>
<String CONTENT=":" HEIGHT="29" WIDTH="7" VPOS="2012" HPOS="795"/>
<SP HEIGHT="40" WIDTH="26" VPOS="2001" HPOS="803"/>
<String CONTENT="2c." HEIGHT="41" WIDTH="68" VPOS="2001" HPOS="830"/>
<SP HEIGHT="42" WIDTH="23" VPOS="2000" HPOS="899"/>
<String CONTENT="Nov." HEIGHT="40" WIDTH="119" VPOS="2000" HPOS="923"/>
<SP HEIGHT="38" WIDTH="24" VPOS="2002" HPOS="1043"/>
<String CONTENT="17;" HEIGHT="46" WIDTH="83" VPOS="2002" HPOS="1068"/>
<SP HEIGHT="37" WIDTH="26" VPOS="2011" HPOS="1152"/>
<String CONTENT="aff." HEIGHT="40" WIDTH="81" VPOS="2000" HPOS="1179"/>
<SP HEIGHT="39" WIDTH="25" VPOS="2001" HPOS="1261"/>
<String CONTENT="Nov." HEIGHT="39" WIDTH="119" VPOS="2001" HPOS="1287"/>
<SP HEIGHT="39" WIDTH="24" VPOS="2001" HPOS="1407"/>
<String CONTENT="27;" HEIGHT="46" WIDTH="83" VPOS="2001" HPOS="1432"/>
<SP HEIGHT="46" WIDTH="27" VPOS="2001" HPOS="1516"/>
<!-- cceid 4AD5F549-6CF9-1014-A6CF-A82867D68027 --><String CONTENT="A" HEIGHT="38" WIDTH="40" VPOS="2001" HPOS="1544"/>
<SP HEIGHT="39" WIDTH="24" VPOS="2001" HPOS="1585"/>
<String CONTENT="68335;" HEIGHT="47" WIDTH="171" VPOS="2001" HPOS="1610"/>
<SP HEIGHT="46" WIDTH="29" VPOS="2002" HPOS="1782"/>
<String CONTENT="Johns" HEIGHT="39" WIDTH="155" VPOS="2002" HPOS="1812"/>
<SP HEIGHT="39" WIDTH="25" VPOS="2002" HPOS="1968"/>
<String CONTENT="Hopkins" HEIGHT="49" WIDTH="223" VPOS="2001" HPOS="1994"/>
<SP HEIGHT="37" WIDTH="26" VPOS="2012" HPOS="2218"/>
<String CONTENT="press." HEIGHT="38" WIDTH="150" VPOS="2011" HPOS="2245"/>
</TextLine>
<TextLine HEIGHT="50" WIDTH="282" VPOS="2059" HPOS="453">
<String CONTENT="(33-38730)" HEIGHT="50" WIDTH="282" VPOS="2059" HPOS="453"/>
</TextLine>
<TextLine HEIGHT="73" WIDTH="2020" VPOS="2160" HPOS="374" STYLEREFS="StyleId-F695E937-D25F-43C2-BA43-461F32A50C2A-">
<String CONTENT="Review" HEIGHT="54" WIDTH="240" VPOS="2160" HPOS="374"/>
<SP HEIGHT="37" WIDTH="53" VPOS="2178" HPOS="615"/>
<String CONTENT="of" HEIGHT="52" WIDTH="63" VPOS="2163" HPOS="669"/>
<SP HEIGHT="53" WIDTH="52" VPOS="2163" HPOS="733"/>
<String CONTENT="medical" HEIGHT="54" WIDTH="244" VPOS="2163" HPOS="786"/>
<SP HEIGHT="65" WIDTH="55" VPOS="2167" HPOS="1031"/>
<String CONTENT="progress." HEIGHT="51" WIDTH="281" VPOS="2181" HPOS="1087"/>
<SP HEIGHT="47" WIDTH="97" VPOS="2168" HPOS="1369"/>
<String CONTENT="1933." HEIGHT="49" WIDTH="149" VPOS="2166" HPOS="1467"/>
<SP HEIGHT="50" WIDTH="91" VPOS="2166" HPOS="1617"/>
<String CONTENT="Philadelphia," HEIGHT="70" WIDTH="433" VPOS="2163" HPOS="1709"/>
<SP HEIGHT="68" WIDTH="55" VPOS="2165" HPOS="2143"/>
<String CONTENT="F." HEIGHT="51" WIDTH="66" VPOS="2165" HPOS="2199"/>
<SP HEIGHT="52" WIDTH="55" VPOS="2165" HPOS="2266"/>
<String CONTENT="A." HEIGHT="52" WIDTH="72" VPOS="2165" HPOS="2322"/>
</TextLine>
<TextLine HEIGHT="70" WIDTH="734" VPOS="2241" HPOS="444" STYLEREFS="StyleId-F695E937-D25F-43C2-BA43-461F32A50C2A-" CS="1">
<String CONTENT="Davis" HEIGHT="55" WIDTH="183" VPOS="2241" HPOS="444"/>
<SP HEIGHT="37" WIDTH="32" VPOS="2259" HPOS="628"/>
<String CONTENT="company" HEIGHT="52" WIDTH="284" VPOS="2259" HPOS="661"/>
<SP HEIGHT="49" WIDTH="36" VPOS="2262" HPOS="946"/>
<String CS="1" CONTENT="["/>
<String STYLE="superscript" CONTENT="c" HEIGHT="22" WIDTH="19" VPOS="2248" HPOS="1000"/>
<String CONTENT="1933]" HEIGHT="64" WIDTH="154" VPOS="2246" HPOS="1024"/>
</TextLine>
<TextLine HEIGHT="50" WIDTH="902" VPOS="2316" HPOS="442" STYLEREFS="StyleId-F695E937-D25F-43C2-BA43-461F32A50C2A-">
<String CONTENT="xii," HEIGHT="47" WIDTH="83" VPOS="2316" HPOS="442"/>
<SP HEIGHT="45" WIDTH="32" VPOS="2318" HPOS="526"/>
<String CONTENT="1012" HEIGHT="40" WIDTH="114" VPOS="2316" HPOS="559"/>
<SP HEIGHT="48" WIDTH="30" VPOS="2317" HPOS="674"/>
<String CONTENT="p." HEIGHT="37" WIDTH="41" VPOS="2328" HPOS="705"/>
<SP HEIGHT="39" WIDTH="61" VPOS="2317" HPOS="747"/>
<String CONTENT="illus.," HEIGHT="47" WIDTH="143" VPOS="2317" HPOS="809"/>
<SP HEIGHT="45" WIDTH="33" VPOS="2319" HPOS="953"/>
<String CONTENT="diagrs." HEIGHT="49" WIDTH="179" VPOS="2317" HPOS="987"/>
<SP HEIGHT="38" WIDTH="61" VPOS="2318" HPOS="1167"/>
<String CONTENT="26" HEIGHT="40" WIDTH="56" VPOS="2317" HPOS="1229"/>
<String STYLE="superscript" CONTENT="cm" HEIGHT="22" WIDTH="44" VPOS="2319" HPOS="1288"/>
<String CONTENT="." HEIGHT="6" WIDTH="7" VPOS="2350" HPOS="1337"/>
</TextLine>
<TextLine HEIGHT="46" WIDTH="1127" VPOS="2374" HPOS="372">
<String CONTENT="Editors" HEIGHT="40" WIDTH="198" VPOS="2374" HPOS="372"/>
<SP HEIGHT="29" WIDTH="19" VPOS="2385" HPOS="571"/>
<String CONTENT=":" HEIGHT="27" WIDTH="7" VPOS="2386" HPOS="591"/>
<SP HEIGHT="38" WIDTH="31" VPOS="2375" HPOS="599"/>
<String CONTENT="1933," HEIGHT="46" WIDTH="128" VPOS="2374" HPOS="631"/>
<SP HEIGHT="46" WIDTH="32" VPOS="2374" HPOS="760"/>
<String CONTENT="G." HEIGHT="40" WIDTH="52" VPOS="2374" HPOS="793"/>
<SP HEIGHT="38" WIDTH="31" VPOS="2376" HPOS="846"/>
<String CONTENT="M." HEIGHT="39" WIDTH="62" VPOS="2376" HPOS="878"/>
<SP HEIGHT="40" WIDTH="31" VPOS="2375" HPOS="941"/>
<String CONTENT="Piersol" HEIGHT="41" WIDTH="186" VPOS="2374" HPOS="973"/>
<SP HEIGHT="38" WIDTH="32" VPOS="2376" HPOS="1160"/>
<String CONTENT="and" HEIGHT="39" WIDTH="95" VPOS="2376" HPOS="1193"/>
<SP HEIGHT="39" WIDTH="28" VPOS="2376" HPOS="1289"/>
<String CONTENT="others." HEIGHT="39" WIDTH="181" VPOS="2376" HPOS="1318"/>
</TextLine>
<TextLine HEIGHT="52" WIDTH="1855" VPOS="2427" HPOS="375">
<String CONTENT="&#169;" HEIGHT="52" WIDTH="52" VPOS="2427" HPOS="375"/>
<SP HEIGHT="52" WIDTH="28" VPOS="2427" HPOS="428"/>
<String CONTENT="June" HEIGHT="39" WIDTH="129" VPOS="2432" HPOS="457"/>
<SP HEIGHT="38" WIDTH="23" VPOS="2433" HPOS="587"/>
<String CONTENT="12," HEIGHT="46" WIDTH="69" VPOS="2432" HPOS="611"/>
<SP HEIGHT="46" WIDTH="27" VPOS="2432" HPOS="681"/>
<String CONTENT="1933" HEIGHT="40" WIDTH="113" VPOS="2432" HPOS="709"/>
<SP HEIGHT="40" WIDTH="19" VPOS="2433" HPOS="823"/>
<String CONTENT=":" HEIGHT="30" WIDTH="7" VPOS="2443" HPOS="843"/>
<SP HEIGHT="41" WIDTH="29" VPOS="2432" HPOS="851"/>
<String CONTENT="2c." HEIGHT="40" WIDTH="66" VPOS="2432" HPOS="881"/>
<SP HEIGHT="38" WIDTH="29" VPOS="2433" HPOS="948"/>
<String CONTENT="Dec." HEIGHT="39" WIDTH="112" VPOS="2433" HPOS="978"/>
<SP HEIGHT="39" WIDTH="28" VPOS="2433" HPOS="1091"/>
<String CONTENT="8;" HEIGHT="44" WIDTH="52" VPOS="2433" HPOS="1120"/>
<SP HEIGHT="34" WIDTH="29" VPOS="2443" HPOS="1173"/>
<String CONTENT="aff." HEIGHT="40" WIDTH="83" VPOS="2432" HPOS="1203"/>
<SP HEIGHT="38" WIDTH="27" VPOS="2434" HPOS="1287"/>
<String CONTENT="Dec." HEIGHT="39" WIDTH="113" VPOS="2434" HPOS="1315"/>
<SP HEIGHT="40" WIDTH="27" VPOS="2432" HPOS="1429"/>
<String CONTENT="9;" HEIGHT="47" WIDTH="53" VPOS="2432" HPOS="1457"/>
<SP HEIGHT="46" WIDTH="30" VPOS="2433" HPOS="1511"/>
<!-- cceid 4AD60097-6CF9-1014-A6CF-A82867D68027 --><String CONTENT="A" HEIGHT="38" WIDTH="40" VPOS="2433" HPOS="1542"/>
<SP HEIGHT="39" WIDTH="27" VPOS="2432" HPOS="1583"/>
<String CONTENT="68464;" HEIGHT="47" WIDTH="171" VPOS="2432" HPOS="1611"/>
<SP HEIGHT="47" WIDTH="31" VPOS="2432" HPOS="1783"/>
<String CONTENT="F." HEIGHT="40" WIDTH="50" VPOS="2432" HPOS="1815"/>
<SP HEIGHT="40" WIDTH="28" VPOS="2432" HPOS="1866"/>
<String CONTENT="A." HEIGHT="40" WIDTH="55" VPOS="2432" HPOS="1895"/>
<SP HEIGHT="39" WIDTH="28" VPOS="2433" HPOS="1951"/>
<String CONTENT="Davis" HEIGHT="39" WIDTH="154" VPOS="2432" HPOS="1980"/>
<SP HEIGHT="29" WIDTH="27" VPOS="2442" HPOS="2135"/>
<String CONTENT="co." HEIGHT="32" WIDTH="67" VPOS="2441" HPOS="2163"/>
</TextLine>
<TextLine HEIGHT="49" WIDTH="283" VPOS="2488" HPOS="457">
<String CONTENT="(33-38979)" HEIGHT="49" WIDTH="283" VPOS="2488" HPOS="457"/>
</TextLine>
<TextLine HEIGHT="67" WIDTH="837" VPOS="2592" HPOS="375" STYLEREFS="StyleId-E8523D15-6A30-4617-9975-982E4E114698-">
<String CONTENT="Roemer," HEIGHT="66" WIDTH="269" VPOS="2592" HPOS="375"/>
<SP HEIGHT="64" WIDTH="31" VPOS="2594" HPOS="645"/>
<String CONTENT="Theodore," HEIGHT="67" WIDTH="324" VPOS="2592" HPOS="677"/>
<SP HEIGHT="61" WIDTH="36" VPOS="2598" HPOS="1002"/>
<String CONTENT="1889-" HEIGHT="49" WIDTH="173" VPOS="2598" HPOS="1039"/>
</TextLine>
<TextLine HEIGHT="70" WIDTH="1945" VPOS="2669" HPOS="447" STYLEREFS="StyleId-F695E937-D25F-43C2-BA43-461F32A50C2A-">
<String CONTENT="&#8230;" HEIGHT="9" WIDTH="57" VPOS="2714" HPOS="447"/>
<SP HEIGHT="53" WIDTH="32" VPOS="2670" HPOS="505"/>
<String CONTENT="The" HEIGHT="54" WIDTH="121" VPOS="2670" HPOS="538"/>
<SP HEIGHT="54" WIDTH="27" VPOS="2670" HPOS="660"/>
<String CONTENT="Ludwig-missionsverein" HEIGHT="70" WIDTH="732" VPOS="2669" HPOS="688"/>
<SP HEIGHT="37" WIDTH="27" VPOS="2689" HPOS="1421"/>
<String CONTENT="and" HEIGHT="56" WIDTH="114" VPOS="2670" HPOS="1449"/>
<SP HEIGHT="53" WIDTH="28" VPOS="2670" HPOS="1564"/>
<String CONTENT="the" HEIGHT="54" WIDTH="95" VPOS="2672" HPOS="1593"/>
<SP HEIGHT="37" WIDTH="29" VPOS="2689" HPOS="1689"/>
<String CONTENT="church" HEIGHT="52" WIDTH="210" VPOS="2671" HPOS="1719"/>
<SP HEIGHT="53" WIDTH="29" VPOS="2669" HPOS="1930"/>
<String CONTENT="in" HEIGHT="54" WIDTH="60" VPOS="2669" HPOS="1960"/>
<SP HEIGHT="47" WIDTH="28" VPOS="2676" HPOS="2021"/>
<String CONTENT="the" HEIGHT="54" WIDTH="95" VPOS="2670" HPOS="2050"/>
<SP HEIGHT="55" WIDTH="28" VPOS="2670" HPOS="2146"/>
<String CONTENT="United" HEIGHT="55" WIDTH="217" VPOS="2670" HPOS="2175"/>
</TextLine>
<TextLine HEIGHT="149" WIDTH="1997" VPOS="2746" HPOS="373" STYLEREFS="StyleId-F695E937-D25F-43C2-BA43-461F32A50C2A-" CS="1">
<String CONTENT="States" HEIGHT="57" WIDTH="190" VPOS="2746" HPOS="373"/>
<SP HEIGHT="51" WIDTH="35" VPOS="2750" HPOS="564"/>
<String CS="1" CONTENT="(1838-1918)" HEIGHT="68" WIDTH="342" VPOS="2750" HPOS="629"/>
<SP HEIGHT="68" WIDTH="41" VPOS="2750" HPOS="972"/>
<String CONTENT="&#8230;" HEIGHT="9" WIDTH="56" VPOS="2794" HPOS="1014"/>
<SP HEIGHT="53" WIDTH="31" VPOS="2750" HPOS="1071"/>
<String CONTENT="by" HEIGHT="68" WIDTH="74" VPOS="2750" HPOS="1103"/>
<SP HEIGHT="69" WIDTH="25" VPOS="2749" HPOS="1178"/>
<String CONTENT="Rev." HEIGHT="55" WIDTH="139" VPOS="2749" HPOS="1204"/>
<SP HEIGHT="54" WIDTH="27" VPOS="2750" HPOS="1344"/>
<String CONTENT="Theodore" HEIGHT="55" WIDTH="296" VPOS="2749" HPOS="1372"/>
<SP HEIGHT="52" WIDTH="24" VPOS="2750" HPOS="1669"/>
<String CONTENT="Roemer" HEIGHT="54" WIDTH="239" VPOS="2750" HPOS="1694"/>
<SP HEIGHT="33" WIDTH="31" VPOS="2769" HPOS="1934"/>
<String CONTENT="&#8230;" HEIGHT="10" WIDTH="56" VPOS="2793" HPOS="1966"/>
<SP HEIGHT="55" WIDTH="63" VPOS="2748" HPOS="2023"/>
<String CONTENT="Washington," HEIGHT="147" WIDTH="1996" VPOS="2748" HPOS="374"/>
</TextLine>
<TextLine HEIGHT="70" WIDTH="1575" VPOS="2827" HPOS="520" STYLEREFS="StyleId-F695E937-D25F-43C2-BA43-461F32A50C2A-">
<String CONTENT="D." HEIGHT="52" WIDTH="71" VPOS="2827" HPOS="520"/>
<SP HEIGHT="54" WIDTH="31" VPOS="2828" HPOS="592"/>
<String CONTENT="C.," HEIGHT="67" WIDTH="79" VPOS="2828" HPOS="624"/>
<SP HEIGHT="66" WIDTH="31" VPOS="2829" HPOS="704"/>
<String CONTENT="The" HEIGHT="53" WIDTH="122" VPOS="2828" HPOS="736"/>
<SP HEIGHT="56" WIDTH="29" VPOS="2827" HPOS="859"/>
<String CONTENT="Catholic" HEIGHT="56" WIDTH="263" VPOS="2827" HPOS="889"/>
<SP HEIGHT="35" WIDTH="28" VPOS="2848" HPOS="1153"/>
<String CONTENT="university" HEIGHT="70" WIDTH="318" VPOS="2827" HPOS="1182"/>
<SP HEIGHT="50" WIDTH="30" VPOS="2847" HPOS="1501"/>
<String CONTENT="of" HEIGHT="53" WIDTH="64" VPOS="2828" HPOS="1532"/>
<SP HEIGHT="53" WIDTH="31" VPOS="2828" HPOS="1597"/>
<String CONTENT="America," HEIGHT="66" WIDTH="281" VPOS="2829" HPOS="1629"/>
<SP HEIGHT="63" WIDTH="32" VPOS="2832" HPOS="1911"/>
<String CONTENT="1933." HEIGHT="49" WIDTH="151" VPOS="2831" HPOS="1944"/>
</TextLine>
<TextLine HEIGHT="52" WIDTH="1947" VPOS="2900" HPOS="445" CS="1">
<String CONTENT="3" HEIGHT="40" WIDTH="25" VPOS="2901" HPOS="445"/>
<SP HEIGHT="48" WIDTH="29" VPOS="2901" HPOS="471"/>
<String LANG="la" CONTENT="p." HEIGHT="38" WIDTH="43" VPOS="2911" HPOS="501"/>
<SP/>
<String LANG="la" CS="1" CONTENT="l."/>
<String CONTENT="," HEIGHT="16" WIDTH="9" VPOS="2933" HPOS="610"/>
<SP HEIGHT="49" WIDTH="30" VPOS="2900" HPOS="620"/>
<String CONTENT="ix-xii," HEIGHT="49" WIDTH="168" VPOS="2900" HPOS="651"/>
<SP HEIGHT="48" WIDTH="28" VPOS="2901" HPOS="820"/>
<String CONTENT="161," HEIGHT="50" WIDTH="99" VPOS="2900" HPOS="849"/>
<SP HEIGHT="32" WIDTH="33" VPOS="2920" HPOS="949"/>
<String CONTENT="[1]" HEIGHT="51" WIDTH="53" VPOS="2901" HPOS="983"/>
<SP HEIGHT="39" WIDTH="31" VPOS="2912" HPOS="1037"/>
<String CONTENT="p." HEIGHT="39" WIDTH="42" VPOS="2912" HPOS="1069"/>
<SP HEIGHT="42" WIDTH="57" VPOS="2902" HPOS="1112"/>
<String CONTENT="23" HEIGHT="42" WIDTH="55" VPOS="2902" HPOS="1170"/>
<String STYLE="superscript" CONTENT="cm" HEIGHT="22" WIDTH="44" VPOS="2904" HPOS="1229"/>
<String CONTENT="." HEIGHT="7" WIDTH="8" VPOS="2937" HPOS="1279"/>
<SP HEIGHT="49" WIDTH="68" VPOS="2902" HPOS="1288"/>
<String CONTENT="(The" HEIGHT="49" WIDTH="124" VPOS="2902" HPOS="1357"/>
<SP HEIGHT="42" WIDTH="30" VPOS="2903" HPOS="1482"/>
<String CONTENT="Catholic" HEIGHT="43" WIDTH="222" VPOS="2902" HPOS="1513"/>
<SP HEIGHT="31" WIDTH="29" VPOS="2914" HPOS="1736"/>
<String CONTENT="university" HEIGHT="49" WIDTH="272" VPOS="2903" HPOS="1766"/>
<SP HEIGHT="38" WIDTH="31" VPOS="2914" HPOS="2039"/>
<String CONTENT="of" HEIGHT="40" WIDTH="51" VPOS="2904" HPOS="2071"/>
<SP HEIGHT="40" WIDTH="30" VPOS="2904" HPOS="2123"/>
<String CONTENT="America." HEIGHT="45" WIDTH="238" VPOS="2902" HPOS="2154"/>
</TextLine>
<TextLine HEIGHT="51" WIDTH="1328" VPOS="2959" HPOS="376" CS="1">
<String CONTENT="Studies" HEIGHT="41" WIDTH="196" VPOS="2959" HPOS="376"/>
<SP HEIGHT="41" WIDTH="32" VPOS="2959" HPOS="573"/>
<String CONTENT="in" HEIGHT="40" WIDTH="49" VPOS="2959" HPOS="606"/>
<SP HEIGHT="39" WIDTH="32" VPOS="2960" HPOS="656"/>
<String CONTENT="American" HEIGHT="40" WIDTH="259" VPOS="2960" HPOS="689"/>
<SP HEIGHT="29" WIDTH="34" VPOS="2971" HPOS="949"/>
<String CONTENT="church" HEIGHT="41" WIDTH="182" VPOS="2961" HPOS="984"/>
<SP HEIGHT="39" WIDTH="33" VPOS="2962" HPOS="1167"/>
<String CONTENT="history," HEIGHT="48" WIDTH="204" VPOS="2960" HPOS="1201"/>
<SP HEIGHT="31" WIDTH="60" VPOS="2973" HPOS="1406"/>
<String CONTENT="vol." HEIGHT="40" WIDTH="93" VPOS="2962" HPOS="1467"/>
<SP HEIGHT="30" WIDTH="32" VPOS="2972" HPOS="1561"/>
<String CS="1" CONTENT="XVI)" HEIGHT="48" WIDTH="14" VPOS="2962" HPOS="1690"/>
</TextLine>
<TextLine HEIGHT="52" WIDTH="1402" VPOS="3016" HPOS="439" CS="1">
<String CONTENT="Thesis" HEIGHT="42" WIDTH="175" VPOS="3016" HPOS="439"/>
<SP HEIGHT="48" WIDTH="44" VPOS="3016" HPOS="615"/>
<String CS="1" CONTENT="(PH." HEIGHT="48" WIDTH="109" VPOS="3016" HPOS="660"/>
<SP HEIGHT="29" WIDTH="34" VPOS="3031" HPOS="770"/>
<String CS="1" CONTENT="D.)&#8212;Catholic" HEIGHT="48" WIDTH="330" VPOS="3017" HPOS="839"/>
<SP HEIGHT="30" WIDTH="33" VPOS="3030" HPOS="1170"/>
<String CONTENT="university" HEIGHT="49" WIDTH="274" VPOS="3019" HPOS="1204"/>
<SP HEIGHT="38" WIDTH="35" VPOS="3030" HPOS="1479"/>
<String CONTENT="of" HEIGHT="39" WIDTH="52" VPOS="3020" HPOS="1515"/>
<SP HEIGHT="39" WIDTH="33" VPOS="3020" HPOS="1568"/>
<String CONTENT="America." HEIGHT="42" WIDTH="239" VPOS="3019" HPOS="1602"/>
</TextLine>
<TextLine HEIGHT="41" WIDTH="128" VPOS="3075" HPOS="446">
<String CONTENT="Vita." HEIGHT="41" WIDTH="128" VPOS="3075" HPOS="446"/>
</TextLine>
<TextLine HEIGHT="50" WIDTH="720" VPOS="3132" HPOS="445">
<String CONTENT="Bibliography" HEIGHT="50" WIDTH="351" VPOS="3132" HPOS="445"/>
<SP HEIGHT="36" WIDTH="19" VPOS="3145" HPOS="797"/>
<String CONTENT=":" HEIGHT="28" WIDTH="8" VPOS="3145" HPOS="817"/>
<SP HEIGHT="38" WIDTH="39" VPOS="3144" HPOS="826"/>
<String CONTENT="p." HEIGHT="38" WIDTH="41" VPOS="3144" HPOS="866"/>
<SP HEIGHT="40" WIDTH="38" VPOS="3134" HPOS="908"/>
<String CONTENT="153-156." HEIGHT="42" WIDTH="218" VPOS="3132" HPOS="947"/>
</TextLine>
<TextLine HEIGHT="52" WIDTH="2020" VPOS="3191" HPOS="376">
<String CONTENT="&#169;" HEIGHT="52" WIDTH="51" VPOS="3191" HPOS="376"/>
<SP HEIGHT="52" WIDTH="34" VPOS="3191" HPOS="428"/>
<String CONTENT="Sept." HEIGHT="48" WIDTH="129" VPOS="3195" HPOS="463"/>
<SP HEIGHT="41" WIDTH="29" VPOS="3195" HPOS="593"/>
<String CONTENT="23," HEIGHT="45" WIDTH="70" VPOS="3195" HPOS="623"/>
<SP HEIGHT="43" WIDTH="31" VPOS="3197" HPOS="694"/>
<String CONTENT="1933" HEIGHT="39" WIDTH="114" VPOS="3196" HPOS="726"/>
<SP HEIGHT="45" WIDTH="17" VPOS="3196" HPOS="841"/>
<String CONTENT=";" HEIGHT="36" WIDTH="8" VPOS="3205" HPOS="859"/>
<SP HEIGHT="46" WIDTH="33" VPOS="3195" HPOS="868"/>
<String CONTENT="2c." HEIGHT="39" WIDTH="65" VPOS="3195" HPOS="902"/>
<SP HEIGHT="41" WIDTH="34" VPOS="3194" HPOS="968"/>
<String CONTENT="Oct." HEIGHT="41" WIDTH="101" VPOS="3194" HPOS="1003"/>
<SP HEIGHT="39" WIDTH="32" VPOS="3195" HPOS="1105"/>
<String CONTENT="21" HEIGHT="38" WIDTH="48" VPOS="3195" HPOS="1138"/>
<SP HEIGHT="39" WIDTH="25" VPOS="3196" HPOS="1187"/>
<String CONTENT=":" HEIGHT="30" WIDTH="7" VPOS="3205" HPOS="1213"/>
<SP HEIGHT="30" WIDTH="34" VPOS="3205" HPOS="1221"/>
<String CONTENT="aff." HEIGHT="39" WIDTH="81" VPOS="3195" HPOS="1256"/>
<SP HEIGHT="39" WIDTH="33" VPOS="3195" HPOS="1338"/>
<String CONTENT="Nov." HEIGHT="40" WIDTH="116" VPOS="3195" HPOS="1372"/>
<SP HEIGHT="36" WIDTH="35" VPOS="3197" HPOS="1489"/>
<String CONTENT="18;" HEIGHT="46" WIDTH="80" VPOS="3195" HPOS="1525"/>
<SP HEIGHT="45" WIDTH="34" VPOS="3196" HPOS="1606"/>
<!-- cceid 4AD60E99-6CF9-1014-A6CF-A82867D68027 --><String CONTENT="A" HEIGHT="38" WIDTH="40" VPOS="3196" HPOS="1641"/>
<SP HEIGHT="39" WIDTH="32" VPOS="3195" HPOS="1682"/>
<String CONTENT="68207;" HEIGHT="48" WIDTH="171" VPOS="3195" HPOS="1715"/>
<SP HEIGHT="47" WIDTH="36" VPOS="3196" HPOS="1887"/>
<String CONTENT="Catholic" HEIGHT="41" WIDTH="222" VPOS="3196" HPOS="1924"/>
<SP HEIGHT="29" WIDTH="33" VPOS="3207" HPOS="2147"/>
<String CONTENT="univ." HEIGHT="40" WIDTH="129" VPOS="3197" HPOS="2181"/>
<SP HEIGHT="29" WIDTH="33" VPOS="3208" HPOS="2311"/>
<String CONTENT="of" HEIGHT="39" WIDTH="51" VPOS="3197" HPOS="2345"/>
</TextLine>
<TextLine HEIGHT="49" WIDTH="594" VPOS="3251" HPOS="446">
<String CONTENT="America." HEIGHT="40" WIDTH="239" VPOS="3252" HPOS="446"/>
<SP HEIGHT="47" WIDTH="71" VPOS="3253" HPOS="686"/>
<String CONTENT="(33-38965)" HEIGHT="49" WIDTH="282" VPOS="3251" HPOS="758"/>
</TextLine>
<TextLine HEIGHT="68" WIDTH="1248" VPOS="3354" HPOS="375" STYLEREFS="StyleId-E8523D15-6A30-4617-9975-982E4E114698-">
<String CONTENT="Sampter," HEIGHT="67" WIDTH="297" VPOS="3354" HPOS="375"/>
<SP HEIGHT="63" WIDTH="24" VPOS="3358" HPOS="673"/>
<String CONTENT="Jessie" HEIGHT="55" WIDTH="193" VPOS="3357" HPOS="698"/>
<SP HEIGHT="52" WIDTH="29" VPOS="3359" HPOS="892"/>
<String CONTENT="Ethel," HEIGHT="65" WIDTH="197" VPOS="3357" HPOS="922"/>
<SP HEIGHT="61" WIDTH="29" VPOS="3361" HPOS="1120"/>
<String CONTENT="1883-" HEIGHT="49" WIDTH="173" VPOS="3361" HPOS="1150"/>
<SP HEIGHT="34" WIDTH="213" VPOS="3376" HPOS="1324"/>
<String CONTENT="ed." HEIGHT="53" WIDTH="85" VPOS="3359" HPOS="1538"/>
</TextLine>
<TextLine HEIGHT="70" WIDTH="1950" VPOS="3435" HPOS="443" STYLEREFS="StyleId-F695E937-D25F-43C2-BA43-461F32A50C2A-">
<String CONTENT="Modern" HEIGHT="53" WIDTH="244" VPOS="3435" HPOS="443"/>
<SP HEIGHT="51" WIDTH="33" VPOS="3436" HPOS="688"/>
<String CONTENT="Palestine;" HEIGHT="64" WIDTH="319" VPOS="3436" HPOS="722"/>
<SP HEIGHT="45" WIDTH="38" VPOS="3455" HPOS="1042"/>
<String CONTENT="a" HEIGHT="33" WIDTH="27" VPOS="3455" HPOS="1081"/>
<SP HEIGHT="33" WIDTH="37" VPOS="3455" HPOS="1109"/>
<String CONTENT="symposium," HEIGHT="68" WIDTH="371" VPOS="3435" HPOS="1147"/>
<SP HEIGHT="46" WIDTH="34" VPOS="3455" HPOS="1519"/>
<String CONTENT="edited" HEIGHT="53" WIDTH="189" VPOS="3436" HPOS="1554"/>
<SP HEIGHT="52" WIDTH="33" VPOS="3437" HPOS="1744"/>
<String CONTENT="by" HEIGHT="67" WIDTH="75" VPOS="3437" HPOS="1778"/>
<SP HEIGHT="67" WIDTH="33" VPOS="3437" HPOS="1854"/>
<String CONTENT="Jessie" HEIGHT="55" WIDTH="183" VPOS="3435" HPOS="1888"/>
<SP HEIGHT="56" WIDTH="35" VPOS="3436" HPOS="2072"/>
<String CONTENT="Sampter." HEIGHT="69" WIDTH="285" VPOS="3436" HPOS="2108"/>
</TextLine>
<TextLine HEIGHT="70" WIDTH="2021" VPOS="3514" HPOS="374" STYLEREFS="StyleId-F695E937-D25F-43C2-BA43-461F32A50C2A-">
<String CONTENT="New" HEIGHT="52" WIDTH="138" VPOS="3515" HPOS="374"/>
<SP HEIGHT="51" WIDTH="46" VPOS="3515" HPOS="513"/>
<String CONTENT="York," HEIGHT="60" WIDTH="181" VPOS="3514" HPOS="560"/>
<SP HEIGHT="59" WIDTH="45" VPOS="3515" HPOS="742"/>
<String CONTENT="Had" HEIGHT="52" WIDTH="133" VPOS="3515" HPOS="788"/>
<SP HEIGHT="52" WIDTH="9" VPOS="3515" HPOS="922"/>
<String CONTENT="assail," HEIGHT="55" WIDTH="183" VPOS="3515" HPOS="932"/>
<SP HEIGHT="52" WIDTH="46" VPOS="3518" HPOS="1116"/>
<String CONTENT="the" HEIGHT="52" WIDTH="96" VPOS="3515" HPOS="1163"/>
<SP HEIGHT="34" WIDTH="46" VPOS="3533" HPOS="1260"/>
<String CONTENT="women&#8217;s" HEIGHT="54" WIDTH="264" VPOS="3514" HPOS="1307"/>
<SP HEIGHT="51" WIDTH="46" VPOS="3516" HPOS="1572"/>
<String CONTENT="Zionist" HEIGHT="54" WIDTH="217" VPOS="3514" HPOS="1619"/>
<SP HEIGHT="48" WIDTH="46" VPOS="3521" HPOS="1837"/>
<String CONTENT="organization" HEIGHT="68" WIDTH="399" VPOS="3516" HPOS="1884"/>
<SP HEIGHT="35" WIDTH="46" VPOS="3535" HPOS="2284"/>
<String CONTENT="of" HEIGHT="55" WIDTH="64" VPOS="3515" HPOS="2331"/>
</TextLine>
<TextLine HEIGHT="57" WIDTH="468" VPOS="3594" HPOS="376" STYLEREFS="StyleId-F695E937-D25F-43C2-BA43-461F32A50C2A-">
<String CONTENT="America," HEIGHT="57" WIDTH="283" VPOS="3594" HPOS="376"/>
<SP HEIGHT="53" WIDTH="33" VPOS="3598" HPOS="660"/>
<String CONTENT="1933." HEIGHT="49" WIDTH="150" VPOS="3597" HPOS="694"/>
</TextLine>
<TextLine HEIGHT="49" WIDTH="1096" VPOS="3667" HPOS="443" CS="1">
<String LANG="la" CONTENT="xvii" HEIGHT="41" WIDTH="102" VPOS="3667" HPOS="443"/>
<SP HEIGHT="48" WIDTH="26" VPOS="3668" HPOS="546"/>
<String LANG="la" CONTENT="p.," HEIGHT="37" WIDTH="57" VPOS="3679" HPOS="573"/>
<SP HEIGHT="46" WIDTH="28" VPOS="3669" HPOS="631"/>
<String LANG="en-US" CONTENT="1" HEIGHT="38" WIDTH="18" VPOS="3669" HPOS="660"/>
<SP/>
<String LANG="en-US" CS="1" CONTENT="l.," HEIGHT="16" WIDTH="8" VPOS="3699" HPOS="749"/>
<SP HEIGHT="46" WIDTH="26" VPOS="3669" HPOS="758"/>
<String LANG="en-US" CONTENT="411" HEIGHT="38" WIDTH="85" VPOS="3669" HPOS="785"/>
<SP HEIGHT="47" WIDTH="29" VPOS="3669" HPOS="871"/>
<String LANG="en-US" CONTENT="p." HEIGHT="37" WIDTH="41" VPOS="3679" HPOS="901"/>
<SP HEIGHT="36" WIDTH="61" VPOS="3679" HPOS="943"/>
<String LANG="en-US" CONTENT="plates," HEIGHT="47" WIDTH="172" VPOS="3669" HPOS="1005"/>
<SP HEIGHT="37" WIDTH="27" VPOS="3679" HPOS="1178"/>
<String LANG="en-US" CONTENT="map." HEIGHT="37" WIDTH="126" VPOS="3678" HPOS="1206"/>
<SP HEIGHT="39" WIDTH="60" VPOS="3667" HPOS="1333"/>
<String LANG="en-US" CS="1" CONTENT="23&#189;c" HEIGHT="41" WIDTH="54" VPOS="3667" HPOS="1394"/>
<String STYLE="superscript" LANG="en-US" CONTENT="m" HEIGHT="21" WIDTH="27" VPOS="3670" HPOS="1499"/>
<String LANG="en-US" CONTENT="." HEIGHT="7" WIDTH="7" VPOS="3701" HPOS="1532"/>
</TextLine>
<TextLine HEIGHT="50" WIDTH="1948" VPOS="3725" HPOS="444">
<String CONTENT="This" HEIGHT="41" WIDTH="119" VPOS="3725" HPOS="444"/>
<SP HEIGHT="41" WIDTH="25" VPOS="3725" HPOS="564"/>
<String CONTENT="is" HEIGHT="42" WIDTH="41" VPOS="3725" HPOS="590"/>
<SP HEIGHT="39" WIDTH="26" VPOS="3728" HPOS="632"/>
<String CONTENT="the" HEIGHT="40" WIDTH="82" VPOS="3727" HPOS="659"/>
<SP HEIGHT="40" WIDTH="26" VPOS="3727" HPOS="742"/>
<String CONTENT="third" HEIGHT="41" WIDTH="131" VPOS="3726" HPOS="769"/>
<SP HEIGHT="38" WIDTH="25" VPOS="3728" HPOS="901"/>
<String CONTENT="edition." HEIGHT="41" WIDTH="199" VPOS="3726" HPOS="927"/>
<SP HEIGHT="40" WIDTH="60" VPOS="3727" HPOS="1127"/>
<String CONTENT="The" HEIGHT="41" WIDTH="101" VPOS="3726" HPOS="1188"/>
<SP HEIGHT="42" WIDTH="24" VPOS="3725" HPOS="1290"/>
<String CONTENT="first" HEIGHT="42" WIDTH="108" VPOS="3725" HPOS="1315"/>
<SP HEIGHT="38" WIDTH="24" VPOS="3729" HPOS="1424"/>
<String CONTENT="edition" HEIGHT="41" WIDTH="184" VPOS="3725" HPOS="1449"/>
<SP HEIGHT="31" WIDTH="26" VPOS="3736" HPOS="1634"/>
<String CONTENT="appeared" HEIGHT="48" WIDTH="242" VPOS="3727" HPOS="1661"/>
<SP HEIGHT="40" WIDTH="26" VPOS="3727" HPOS="1904"/>
<String CONTENT="under" HEIGHT="40" WIDTH="154" VPOS="3727" HPOS="1931"/>
<SP HEIGHT="38" WIDTH="25" VPOS="3729" HPOS="2086"/>
<String CONTENT="the" HEIGHT="40" WIDTH="80" VPOS="3727" HPOS="2112"/>
<SP HEIGHT="39" WIDTH="25" VPOS="3729" HPOS="2193"/>
<String CONTENT="title" HEIGHT="42" WIDTH="108" VPOS="3727" HPOS="2219"/>
<SP HEIGHT="41" WIDTH="24" VPOS="3728" HPOS="2328"/>
<String CONTENT="A" HEIGHT="40" WIDTH="39" VPOS="3728" HPOS="2353"/>
</TextLine>
<TextLine HEIGHT="49" WIDTH="2018" VPOS="3784" HPOS="374">
<String CONTENT="course" HEIGHT="31" WIDTH="171" VPOS="3794" HPOS="374"/>
<SP HEIGHT="41" WIDTH="37" VPOS="3784" HPOS="546"/>
<String CONTENT="in" HEIGHT="39" WIDTH="49" VPOS="3784" HPOS="584"/>
<SP HEIGHT="38" WIDTH="39" VPOS="3785" HPOS="634"/>
<String CONTENT="Zionism" HEIGHT="41" WIDTH="212" VPOS="3784" HPOS="674"/>
<SP HEIGHT="30" WIDTH="38" VPOS="3794" HPOS="887"/>
<String CONTENT="and" HEIGHT="38" WIDTH="96" VPOS="3786" HPOS="926"/>
<SP HEIGHT="38" WIDTH="37" VPOS="3786" HPOS="1023"/>
<String CONTENT="the" HEIGHT="39" WIDTH="81" VPOS="3785" HPOS="1061"/>
<SP HEIGHT="29" WIDTH="38" VPOS="3795" HPOS="1143"/>
<String CONTENT="second" HEIGHT="39" WIDTH="173" VPOS="3785" HPOS="1182"/>
<SP HEIGHT="39" WIDTH="40" VPOS="3785" HPOS="1356"/>
<String CONTENT="edition" HEIGHT="40" WIDTH="183" VPOS="3784" HPOS="1397"/>
<SP HEIGHT="28" WIDTH="40" VPOS="3795" HPOS="1581"/>
<String CONTENT="under" HEIGHT="40" WIDTH="153" VPOS="3785" HPOS="1622"/>
<SP HEIGHT="38" WIDTH="38" VPOS="3786" HPOS="1776"/>
<String CONTENT="the" HEIGHT="40" WIDTH="81" VPOS="3785" HPOS="1815"/>
<SP HEIGHT="39" WIDTH="38" VPOS="3786" HPOS="1897"/>
<String CONTENT="title" HEIGHT="41" WIDTH="109" VPOS="3784" HPOS="1936"/>
<SP HEIGHT="38" WIDTH="36" VPOS="3785" HPOS="2046"/>
<String CONTENT="A" HEIGHT="38" WIDTH="36" VPOS="3785" HPOS="2083"/>
<SP HEIGHT="48" WIDTH="41" VPOS="3785" HPOS="2120"/>
<String CONTENT="guide" HEIGHT="49" WIDTH="143" VPOS="3784" HPOS="2162"/>
<SP HEIGHT="37" WIDTH="38" VPOS="3788" HPOS="2306"/>
<String CONTENT="to" HEIGHT="37" WIDTH="47" VPOS="3788" HPOS="2345"/>
</TextLine>
<TextLine HEIGHT="48" WIDTH="513" VPOS="3841" HPOS="374">
<String CONTENT="Zionism," HEIGHT="40" WIDTH="226" VPOS="3842" HPOS="374"/>
<SP HEIGHT="30" WIDTH="61" VPOS="3852" HPOS="601"/>
<String CONTENT="cf." HEIGHT="48" WIDTH="60" VPOS="3841" HPOS="663"/>
<SP HEIGHT="40" WIDTH="31" VPOS="3842" HPOS="724"/>
<String CONTENT="Pref." HEIGHT="41" WIDTH="131" VPOS="3841" HPOS="756"/>
</TextLine>
<TextLine HEIGHT="50" WIDTH="710" VPOS="3898" HPOS="445">
<String CONTENT="Bibliography:" HEIGHT="48" WIDTH="380" VPOS="3899" HPOS="445"/>
<SP HEIGHT="38" WIDTH="33" VPOS="3910" HPOS="826"/>
<String CONTENT="p." HEIGHT="37" WIDTH="42" VPOS="3911" HPOS="860"/>
<SP HEIGHT="41" WIDTH="31" VPOS="3899" HPOS="903"/>
<String CONTENT="391-400." HEIGHT="42" WIDTH="220" VPOS="3898" HPOS="935"/>
</TextLine>
<TextLine HEIGHT="52" WIDTH="2016" VPOS="3953" HPOS="379" CS="1">
<String CONTENT="&#169;" HEIGHT="52" WIDTH="51" VPOS="3953" HPOS="379"/>
<SP HEIGHT="52" WIDTH="42" VPOS="3953" HPOS="431"/>
<String CONTENT="Aug." HEIGHT="44" WIDTH="118" VPOS="3959" HPOS="474"/>
<SP HEIGHT="38" WIDTH="42" VPOS="3959" HPOS="593"/>
<String CONTENT="18," HEIGHT="41" WIDTH="67" VPOS="3958" HPOS="636"/>
<SP HEIGHT="40" WIDTH="42" VPOS="3959" HPOS="704"/>
<String CONTENT="1933" HEIGHT="39" WIDTH="112" VPOS="3958" HPOS="747"/>
<SP HEIGHT="40" WIDTH="18" VPOS="3958" HPOS="860"/>
<String CONTENT=":" HEIGHT="29" WIDTH="8" VPOS="3969" HPOS="879"/>
<SP HEIGHT="39" WIDTH="44" VPOS="3959" HPOS="888"/>
<String CONTENT="2c." HEIGHT="39" WIDTH="67" VPOS="3959" HPOS="933"/>
<SP HEIGHT="40" WIDTH="41" VPOS="3958" HPOS="1001"/>
<String CONTENT="Oct." HEIGHT="39" WIDTH="102" VPOS="3958" HPOS="1043"/>
<SP HEIGHT="39" WIDTH="42" VPOS="3958" HPOS="1146"/>
<String CONTENT="23:" HEIGHT="39" WIDTH="81" VPOS="3958" HPOS="1189"/>
<SP HEIGHT="29" WIDTH="45" VPOS="3968" HPOS="1271"/>
<String CONTENT="aff." HEIGHT="40" WIDTH="80" VPOS="3957" HPOS="1317"/>
<SP HEIGHT="38" WIDTH="48" VPOS="3959" HPOS="1398"/>
<String CONTENT="Dec." HEIGHT="37" WIDTH="106" VPOS="3959" HPOS="1447"/>
<SP HEIGHT="39" WIDTH="41" VPOS="3957" HPOS="1554"/>
<String CONTENT="9:" HEIGHT="40" WIDTH="52" VPOS="3957" HPOS="1596"/>
<SP HEIGHT="40" WIDTH="45" VPOS="3957" HPOS="1649"/>
<!-- cceid 4AD6180F-6CF9-1014-A6CF-A82867D68027 --><String CONTENT="A" HEIGHT="38" WIDTH="36" VPOS="3957" HPOS="1695"/>
<SP HEIGHT="39" WIDTH="42" VPOS="3957" HPOS="1732"/>
<String CONTENT="68507:" HEIGHT="41" WIDTH="171" VPOS="3957" HPOS="1775"/>
<SP HEIGHT="40" WIDTH="44" VPOS="3958" HPOS="1947"/>
<String CS="1" CONTENT="Hadassah." HEIGHT="40" WIDTH="278" VPOS="3958" HPOS="1992"/>
<SP HEIGHT="39" WIDTH="42" VPOS="3959" HPOS="2271"/>
<String CONTENT="the" HEIGHT="39" WIDTH="81" VPOS="3958" HPOS="2314"/>
</TextLine>
<TextLine HEIGHT="49" WIDTH="1504" VPOS="4013" HPOS="448">
<String CONTENT="women&#8217;s" HEIGHT="41" WIDTH="229" VPOS="4015" HPOS="448"/>
<SP HEIGHT="39" WIDTH="23" VPOS="4016" HPOS="678"/>
<String CONTENT="Zionist" HEIGHT="41" WIDTH="186" VPOS="4015" HPOS="702"/>
<SP HEIGHT="38" WIDTH="24" VPOS="4017" HPOS="889"/>
<String CONTENT="organization" HEIGHT="46" WIDTH="338" VPOS="4014" HPOS="914"/>
<SP HEIGHT="29" WIDTH="27" VPOS="4025" HPOS="1253"/>
<String CONTENT="of" HEIGHT="39" WIDTH="52" VPOS="4015" HPOS="1281"/>
<SP HEIGHT="38" WIDTH="22" VPOS="4015" HPOS="1334"/>
<String CONTENT="America." HEIGHT="41" WIDTH="238" VPOS="4013" HPOS="1357"/>
<SP HEIGHT="48" WIDTH="74" VPOS="4014" HPOS="1596"/>
<String CONTENT="(33-39266)" HEIGHT="48" WIDTH="281" VPOS="4014" HPOS="1671"/>
</TextLine>
</TextBlock>
</PrintSpace>
</Page>
</Layout>
</alto>