<alto xmlns="http://www.loc.gov/standards/alto/ns-v3#" xmlns:xsi="http://www.w3.org/2001/XMLSchema-instance" xsi:schemaLocation="http://www.loc.gov/standards/alto/ns-v3# http://www.loc.gov/alto/v3/alto-3-0.xsd"><Description>
<MeasurementUnit>pixel</MeasurementUnit>
<sourceImageInformation>
<fileName>1933_v1_Part1.pdf</fileName>
</sourceImageInformation>
<OCRProcessing ID="IdOcr">
<ocrProcessingStep>
<processingDateTime>2019-01-03</processingDateTime>
<processingSoftware>
<softwareCreator>ABBYY</softwareCreator>
<softwareName>ABBYY Recognition Server</softwareName>
<softwareVersion>4.0</softwareVersion>
</processingSoftware>
</ocrProcessingStep>
</OCRProcessing>
</Description>
<Styles>
<ParagraphStyle ALIGN="Left" FIRSTLINE="0." ID="StyleId-FFFFFFFF-FFFF-FFFF-FFFF-FFFFFFFFFFFF-" LEFT="0." RIGHT="0." />
<ParagraphStyle ALIGN="Left" FIRSTLINE="0." ID="StyleId-6EF5737A-DCEB-4126-A0CF-C5930BF7166A-" LEFT="0." LINESPACE="8.300000191" RIGHT="0." />
<ParagraphStyle ALIGN="Left" FIRSTLINE="0." ID="StyleId-2DE44258-FD0B-41E1-B542-087C989B01A3-" LEFT="0." LINESPACE="12.19999981" RIGHT="0." />
<ParagraphStyle ALIGN="Left" FIRSTLINE="-14." ID="StyleId-CE3D254A-29D7-4DD7-B5F1-E0FC0EF29B05-" LEFT="0." LINESPACE="8.619999886" RIGHT="0." />
<ParagraphStyle ALIGN="Left" FIRSTLINE="-14." ID="StyleId-C0E3A137-CE4F-4287-8A90-B599106709D0-" LEFT="0." LINESPACE="12.19999981" RIGHT="0." />
<ParagraphStyle ALIGN="Left" FIRSTLINE="-14." ID="StyleId-50F26F0C-05DA-4C19-BA58-7A6AC4499BEE-" LEFT="0." LINESPACE="11.06999969" RIGHT="0." />
<ParagraphStyle ALIGN="Center" FIRSTLINE="0." ID="StyleId-5DDE65AF-512C-41E2-9B8E-095D6D99EF68-" LEFT="0." LINESPACE="11.89999962" RIGHT="0." />
<ParagraphStyle ALIGN="Left" FIRSTLINE="0." ID="StyleId-0A81D7A5-6A62-4C52-915E-7768974C704D-" LEFT="0." LINESPACE="9.399999619" RIGHT="0." />
<ParagraphStyle ALIGN="Block" FIRSTLINE="-13." ID="StyleId-F7A0127F-6B48-4157-BB81-FE33E1E1A05B-" LEFT="0." LINESPACE="10.63000011" RIGHT="0." />
<ParagraphStyle ALIGN="Left" FIRSTLINE="0." ID="StyleId-E18C69F7-DBD7-48B1-805C-FCD96D0DA019-" LEFT="0." LINESPACE="11.64000034" RIGHT="0." />
<ParagraphStyle ALIGN="Left" FIRSTLINE="-14." ID="StyleId-98F15501-B611-4E83-8BB3-807E891F11F5-" LEFT="0." LINESPACE="12.19999981" RIGHT="0." />
<ParagraphStyle ALIGN="Left" FIRSTLINE="0." ID="StyleId-F4A78626-0BBC-4D12-94D9-A1AE75A9855F-" LEFT="0." LINESPACE="9.399999619" RIGHT="0." />
<ParagraphStyle ALIGN="Left" FIRSTLINE="0." ID="StyleId-6A3F6F4C-D21B-4ADE-902F-7683F18ECEF3-" LEFT="0." LINESPACE="11.10000038" RIGHT="0." />
</Styles>
<Layout>
<Page HEIGHT="4405" ID="Page1095" PHYSICAL_IMG_NR="1095" WIDTH="2484">
<TopMargin HEIGHT="452" HPOS="0" VPOS="0" WIDTH="2484">
</TopMargin>
<LeftMargin HEIGHT="3621" HPOS="0" VPOS="452" WIDTH="102">
</LeftMargin>
<RightMargin HEIGHT="3621" HPOS="2284" VPOS="452" WIDTH="200">
</RightMargin>
<BottomMargin HEIGHT="332" HPOS="0" VPOS="4073" WIDTH="2484">
<TextBlock HEIGHT="97" HPOS="1025" ID="Page1095_Block1" LANG="en-US" STYLEREFS="StyleId-EFAA41AF-1B17-4126-85E3-729971151BCB-" VPOS="4101" WIDTH="277">
<TextLine HEIGHT="50" HPOS="1067" VPOS="4125" WIDTH="134">
<String CONTENT="1095" HEIGHT="50" HPOS="1067" VPOS="4125" WIDTH="134" />
</TextLine>
</TextBlock>
<GraphicalElement HEIGHT="332" HPOS="0" ID="Page1095_Block2" VPOS="4073" WIDTH="24" />
<GraphicalElement HEIGHT="39" HPOS="22" ID="Page1095_Block3" VPOS="4073" WIDTH="8" />
</BottomMargin>
<PrintSpace HEIGHT="3621" HPOS="102" VPOS="452" WIDTH="2182">
<TextBlock CS="1" HEIGHT="3621" HPOS="102" ID="Page1095_Block4" LANG="en-US" STYLEREFS="StyleId-341B89C0-E5E7-43B3-B0CF-61287FC0F013-" VPOS="452" WIDTH="2087">
<TextLine HEIGHT="77" HPOS="102" STYLEREFS="StyleId-ADCB78E2-178D-4B7E-944D-511032D16A73-" VPOS="463" WIDTH="1997">
<String CONTENT="Smith," HEIGHT="65" HPOS="102" LANG="de" VPOS="475" WIDTH="212" />
<SP HEIGHT="64" HPOS="315" VPOS="476" WIDTH="62" />
<String CONTENT="Jessica" HEIGHT="54" HPOS="378" LANG="de" VPOS="474" WIDTH="227" />
<SP HEIGHT="52" HPOS="606" VPOS="474" WIDTH="62" />
<String CONTENT="Belle" HEIGHT="53" HPOS="669" LANG="de" VPOS="472" WIDTH="157" />
<SP HEIGHT="64" HPOS="827" VPOS="472" WIDTH="74" />
<String CONTENT="(Welborn)" HEIGHT="67" HPOS="902" LANG="de" VPOS="469" WIDTH="335" />
<SP HEIGHT="66" HPOS="1238" VPOS="467" WIDTH="70" />
<String CONTENT="&#8220;Mrs." HEIGHT="54" HPOS="1309" LANG="de" VPOS="467" WIDTH="174" />
<SP HEIGHT="55" HPOS="1484" VPOS="466" WIDTH="61" />
<String CONTENT="L." HEIGHT="54" HPOS="1546" LANG="de" VPOS="466" WIDTH="66" />
<SP HEIGHT="55" HPOS="1613" VPOS="465" WIDTH="62" />
<String CONTENT="Worthington" HEIGHT="63" HPOS="1676" LANG="en-US" VPOS="463" WIDTH="423" />
</TextLine>
<TextLine HEIGHT="68" HPOS="171" LANG="de" STYLEREFS="StyleId-ADCB78E2-178D-4B7E-944D-511032D16A73-" VPOS="549" WIDTH="364">
<String CONTENT="Smith&#8221;," HEIGHT="68" HPOS="171" VPOS="549" WIDTH="252" />
<SP HEIGHT="47" HPOS="424" VPOS="570" WIDTH="26" />
<String CONTENT="ed." HEIGHT="54" HPOS="451" VPOS="553" WIDTH="84" />
</TextLine>
<TextLine HEIGHT="79" HPOS="179" STYLEREFS="StyleId-40BCADB5-A2BA-45F2-9091-AB66F7D1B322-" VPOS="617" WIDTH="1922">
<String CONTENT="Silk" HEIGHT="54" HPOS="179" VPOS="630" WIDTH="127" />
<SP HEIGHT="52" HPOS="307" VPOS="630" WIDTH="29" />
<String CONTENT="of" HEIGHT="53" HPOS="337" VPOS="629" WIDTH="62" />
<SP HEIGHT="53" HPOS="400" VPOS="629" WIDTH="28" />
<String CONTENT="the" HEIGHT="53" HPOS="429" VPOS="629" WIDTH="95" />
<SP HEIGHT="36" HPOS="525" VPOS="646" WIDTH="31" />
<String CONTENT="corn," HEIGHT="51" HPOS="557" VPOS="645" WIDTH="149" />
<SP HEIGHT="50" HPOS="707" VPOS="646" WIDTH="29" />
<String CONTENT="poems" HEIGHT="53" HPOS="737" VPOS="643" WIDTH="193" />
<SP HEIGHT="54" HPOS="931" VPOS="625" WIDTH="26" />
<String CONTENT="by" HEIGHT="68" HPOS="958" VPOS="625" WIDTH="74" />
<SP HEIGHT="51" HPOS="1033" VPOS="642" WIDTH="28" />
<String CONTENT="members" HEIGHT="54" HPOS="1062" VPOS="623" WIDTH="274" />
<SP HEIGHT="36" HPOS="1337" VPOS="641" WIDTH="30" />
<String CONTENT="of" HEIGHT="53" HPOS="1368" VPOS="621" WIDTH="62" />
<SP HEIGHT="52" HPOS="1431" VPOS="621" WIDTH="31" />
<String CONTENT="the" HEIGHT="50" HPOS="1463" VPOS="622" WIDTH="94" />
<SP HEIGHT="52" HPOS="1558" VPOS="620" WIDTH="31" />
<String CONTENT="Iowa" HEIGHT="53" HPOS="1590" VPOS="620" WIDTH="157" />
<SP HEIGHT="54" HPOS="1748" VPOS="618" WIDTH="33" />
<String CONTENT="federation" HEIGHT="54" HPOS="1782" VPOS="617" WIDTH="319" />
</TextLine>
<TextLine CS="1" HEIGHT="77" HPOS="111" STYLEREFS="StyleId-40BCADB5-A2BA-45F2-9091-AB66F7D1B322-" VPOS="695" WIDTH="1927">
<String CONTENT="of" HEIGHT="53" HPOS="111" VPOS="708" WIDTH="62" />
<SP HEIGHT="52" HPOS="174" VPOS="708" WIDTH="38" />
<String CONTENT="women&#8217;s" HEIGHT="55" HPOS="213" VPOS="706" WIDTH="258" />
<SP HEIGHT="37" HPOS="472" VPOS="724" WIDTH="40" />
<String CONTENT="clubs," HEIGHT="67" HPOS="513" VPOS="705" WIDTH="173" />
<SP HEIGHT="48" HPOS="687" VPOS="724" WIDTH="38" />
<String CONTENT="edited" HEIGHT="55" HPOS="726" VPOS="702" WIDTH="189" />
<SP HEIGHT="53" HPOS="916" VPOS="702" WIDTH="35" />
<String CONTENT="by" HEIGHT="68" HPOS="952" VPOS="702" WIDTH="74" />
<SP HEIGHT="68" HPOS="1027" VPOS="702" WIDTH="38" />
<String CONTENT="Mrs." HEIGHT="51" HPOS="1066" VPOS="702" WIDTH="137" />
<SP HEIGHT="52" HPOS="1204" VPOS="700" WIDTH="41" />
<String CONTENT="L." HEIGHT="51" HPOS="1246" VPOS="700" WIDTH="63" />
<SP HEIGHT="54" HPOS="1310" VPOS="698" WIDTH="41" />
<String CONTENT="Worthington" HEIGHT="68" HPOS="1352" VPOS="697" WIDTH="410" />
<SP HEIGHT="54" HPOS="1763" VPOS="695" WIDTH="39" />
<String CONTENT="Smith" HEIGHT="54" HPOS="1803" VPOS="695" WIDTH="190" />
<SP HEIGHT="54" HPOS="1994" VPOS="695" WIDTH="44" />
<String CONTENT="&#8230;" CS="1" />
</TextLine>
<TextLine HEIGHT="68" HPOS="109" STYLEREFS="StyleId-40BCADB5-A2BA-45F2-9091-AB66F7D1B322-" VPOS="780" WIDTH="999">
<String CONTENT="New" HEIGHT="52" HPOS="109" VPOS="785" WIDTH="137" />
<SP HEIGHT="52" HPOS="247" VPOS="784" WIDTH="31" />
<String CONTENT="York," HEIGHT="64" HPOS="279" VPOS="783" WIDTH="177" />
<SP HEIGHT="64" HPOS="457" VPOS="783" WIDTH="29" />
<String CONTENT="H." HEIGHT="54" HPOS="487" VPOS="783" WIDTH="74" />
<SP HEIGHT="55" HPOS="562" VPOS="782" WIDTH="32" />
<String CONTENT="Harrison" HEIGHT="55" HPOS="595" VPOS="780" WIDTH="284" />
<SP HEIGHT="50" HPOS="880" VPOS="798" WIDTH="34" />
<String CONTENT="[" HEIGHT="34" HPOS="915" STYLE="subscript" VPOS="814" WIDTH="12" />
<String CONTENT="c" HEIGHT="21" HPOS="933" STYLE="superscript" VPOS="788" WIDTH="18" />
<String CONTENT="1932" HEIGHT="49" HPOS="956" VPOS="782" WIDTH="133" />
<String CONTENT="]" HEIGHT="34" HPOS="1095" STYLE="subscript" VPOS="813" WIDTH="13" />
</TextLine>
<TextLine CS="1" HEIGHT="50" HPOS="177" VPOS="854" WIDTH="363">
<String CONTENT="112" HEIGHT="41" HPOS="177" VPOS="855" WIDTH="84" />
<SP HEIGHT="48" HPOS="262" VPOS="856" WIDTH="29" />
<String CONTENT="p." HEIGHT="37" HPOS="292" VPOS="867" WIDTH="43" />
<SP HEIGHT="41" HPOS="336" VPOS="855" WIDTH="57" />
<String CONTENT="22&#189;" CS="1" HEIGHT="40" HPOS="394" VPOS="854" WIDTH="56" />
<String CONTENT="cm" HEIGHT="22" HPOS="483" STYLE="superscript" VPOS="856" WIDTH="43" />
<String CONTENT="." HEIGHT="9" HPOS="531" VPOS="887" WIDTH="9" />
</TextLine>
<TextLine CS="1" HEIGHT="60" HPOS="111" VPOS="918" WIDTH="1996">
<String CONTENT="&#169;" HEIGHT="53" HPOS="111" VPOS="925" WIDTH="51" />
<SP HEIGHT="53" HPOS="163" VPOS="925" WIDTH="24" />
<String CONTENT="Oct." HEIGHT="40" HPOS="188" VPOS="930" WIDTH="100" />
<SP HEIGHT="38" HPOS="289" VPOS="930" WIDTH="23" />
<String CONTENT="1," HEIGHT="46" HPOS="313" VPOS="930" WIDTH="38" />
<SP HEIGHT="46" HPOS="352" VPOS="930" WIDTH="23" />
<String CONTENT="1932;" HEIGHT="47" HPOS="376" VPOS="928" WIDTH="140" />
<SP HEIGHT="47" HPOS="517" VPOS="928" WIDTH="24" />
<String CONTENT="2c." HEIGHT="40" HPOS="542" VPOS="928" WIDTH="66" />
<SP HEIGHT="39" HPOS="609" VPOS="928" WIDTH="24" />
<String CONTENT="July" HEIGHT="47" HPOS="634" VPOS="928" WIDTH="116" />
<SP HEIGHT="48" HPOS="751" VPOS="927" WIDTH="20" />
<String CONTENT="27," HEIGHT="47" HPOS="772" VPOS="927" WIDTH="69" />
<SP HEIGHT="47" HPOS="842" VPOS="927" WIDTH="24" />
<String CONTENT="1983;" HEIGHT="46" HPOS="867" VPOS="926" WIDTH="140" />
<SP />
<String CONTENT="aff." CS="1" />
<SP />
<String CONTENT="July" HEIGHT="47" HPOS="1145" VPOS="925" WIDTH="117" />
<SP HEIGHT="48" HPOS="1263" VPOS="924" WIDTH="19" />
<String CONTENT="28;" HEIGHT="47" HPOS="1283" VPOS="923" WIDTH="83" />
<SP HEIGHT="47" HPOS="1367" VPOS="923" WIDTH="25" />
<String CONTENT="A" HEIGHT="39" HPOS="1393" VPOS="923" WIDTH="41" />
<SP HEIGHT="40" HPOS="1435" VPOS="922" WIDTH="22" />
<String CONTENT="64553;" HEIGHT="48" HPOS="1458" VPOS="921" WIDTH="171" />
<SP HEIGHT="48" HPOS="1630" VPOS="921" WIDTH="24" />
<String CONTENT="Henry" HEIGHT="47" HPOS="1655" VPOS="921" WIDTH="171" />
<SP HEIGHT="47" HPOS="1827" VPOS="921" WIDTH="21" />
<String CONTENT="Harrison." HEIGHT="42" HPOS="1849" VPOS="918" WIDTH="258" />
</TextLine>
<TextLine HEIGHT="50" HPOS="187" VPOS="985" WIDTH="277">
<String CONTENT="(33-19930)" HEIGHT="50" HPOS="187" VPOS="985" WIDTH="277" />
</TextLine>
<TextLine HEIGHT="67" HPOS="105" STYLEREFS="StyleId-ADCB78E2-178D-4B7E-944D-511032D16A73-" VPOS="1086" WIDTH="834">
<String CONTENT="Sprigge," HEIGHT="66" HPOS="105" VPOS="1087" WIDTH="268" />
<SP HEIGHT="63" HPOS="374" VPOS="1090" WIDTH="33" />
<String CONTENT="Elizabeth," HEIGHT="65" HPOS="408" VPOS="1086" WIDTH="327" />
<SP HEIGHT="58" HPOS="736" VPOS="1093" WIDTH="35" />
<String CONTENT="1900-" HEIGHT="50" HPOS="772" VPOS="1091" WIDTH="167" />
</TextLine>
<TextLine HEIGHT="73" HPOS="180" STYLEREFS="StyleId-40BCADB5-A2BA-45F2-9091-AB66F7D1B322-" VPOS="1158" WIDTH="1927">
<String CONTENT="The&#8217;" HEIGHT="52" HPOS="180" VPOS="1166" WIDTH="128" />
<SP HEIGHT="48" HPOS="309" VPOS="1170" WIDTH="39" />
<String CONTENT="old" HEIGHT="52" HPOS="349" VPOS="1166" WIDTH="95" />
<SP HEIGHT="52" HPOS="445" VPOS="1166" WIDTH="45" />
<String CONTENT="man" HEIGHT="34" HPOS="491" VPOS="1184" WIDTH="132" />
<SP HEIGHT="52" HPOS="624" VPOS="1165" WIDTH="45" />
<String CONTENT="dies," HEIGHT="66" HPOS="670" VPOS="1165" WIDTH="136" />
<SP HEIGHT="47" HPOS="807" VPOS="1184" WIDTH="45" />
<String CONTENT="a" HEIGHT="33" HPOS="853" VPOS="1184" WIDTH="31" />
<SP HEIGHT="35" HPOS="885" VPOS="1182" WIDTH="43" />
<String CONTENT="novel" HEIGHT="50" HPOS="929" VPOS="1166" WIDTH="165" />
<SP HEIGHT="53" HPOS="1095" VPOS="1163" WIDTH="47" />
<String CONTENT="by" HEIGHT="66" HPOS="1143" VPOS="1163" WIDTH="75" />
<SP HEIGHT="66" HPOS="1219" VPOS="1163" WIDTH="44" />
<String CONTENT="Elizabeth" HEIGHT="53" HPOS="1264" VPOS="1161" WIDTH="303" />
<SP HEIGHT="55" HPOS="1568" VPOS="1160" WIDTH="50" />
<String CONTENT="Sprigge." HEIGHT="68" HPOS="1619" VPOS="1159" WIDTH="266" />
<SP HEIGHT="53" HPOS="1886" VPOS="1158" WIDTH="80" />
<String CONTENT="New" HEIGHT="53" HPOS="1967" VPOS="1158" WIDTH="140" />
</TextLine>
<TextLine HEIGHT="69" HPOS="116" STYLEREFS="StyleId-40BCADB5-A2BA-45F2-9091-AB66F7D1B322-" VPOS="1241" WIDTH="1201">
<String CONTENT="York," HEIGHT="69" HPOS="116" VPOS="1241" WIDTH="173" />
<SP HEIGHT="67" HPOS="290" VPOS="1243" WIDTH="29" />
<String CONTENT="The" HEIGHT="52" HPOS="320" VPOS="1243" WIDTH="121" />
<SP HEIGHT="53" HPOS="442" VPOS="1242" WIDTH="26" />
<String CONTENT="Macmillan" HEIGHT="53" HPOS="469" VPOS="1241" WIDTH="336" />
<SP HEIGHT="34" HPOS="806" VPOS="1259" WIDTH="27" />
<String CONTENT="company," HEIGHT="49" HPOS="834" VPOS="1259" WIDTH="298" />
<SP HEIGHT="61" HPOS="1133" VPOS="1244" WIDTH="32" />
<String CONTENT="1933." HEIGHT="49" HPOS="1166" VPOS="1244" WIDTH="151" />
</TextLine>
<TextLine CS="1" HEIGHT="50" HPOS="184" VPOS="1312" WIDTH="1020">
<String CONTENT="4" HEIGHT="38" HPOS="184" VPOS="1315" WIDTH="28" />
<SP />
<String CONTENT="p." CS="1" />
<SP />
<String CONTENT="l.," CS="1" />
<SP HEIGHT="47" HPOS="352" VPOS="1315" WIDTH="26" />
<String CONTENT="351" HEIGHT="39" HPOS="379" VPOS="1315" WIDTH="85" />
<SP HEIGHT="46" HPOS="465" VPOS="1316" WIDTH="23" />
<String CONTENT="p." HEIGHT="37" HPOS="489" VPOS="1325" WIDTH="42" />
<SP HEIGHT="40" HPOS="532" VPOS="1315" WIDTH="26" />
<String CONTENT="incl." HEIGHT="39" HPOS="559" VPOS="1315" WIDTH="109" />
<SP HEIGHT="38" HPOS="669" VPOS="1324" WIDTH="26" />
<String CONTENT="geneal." HEIGHT="49" HPOS="696" VPOS="1313" WIDTH="183" />
<SP HEIGHT="37" HPOS="880" VPOS="1317" WIDTH="26" />
<String CONTENT="tab." HEIGHT="40" HPOS="907" VPOS="1314" WIDTH="96" />
<SP HEIGHT="41" HPOS="1004" VPOS="1312" WIDTH="52" />
<String CONTENT="20&#189;" CS="1" HEIGHT="41" HPOS="1057" VPOS="1312" WIDTH="58" />
<String CONTENT="cm" HEIGHT="22" HPOS="1147" STYLE="superscript" VPOS="1314" WIDTH="44" />
<String CONTENT="." HEIGHT="9" HPOS="1195" VPOS="1344" WIDTH="9" />
</TextLine>
<TextLine CS="1" HEIGHT="53" HPOS="115" VPOS="1368" WIDTH="1690">
<String CONTENT="&#169;" HEIGHT="53" HPOS="115" VPOS="1368" WIDTH="51" />
<SP HEIGHT="53" HPOS="167" VPOS="1368" WIDTH="27" />
<String CONTENT="Aug." HEIGHT="47" HPOS="195" VPOS="1373" WIDTH="120" />
<SP HEIGHT="39" HPOS="316" VPOS="1373" WIDTH="26" />
<String CONTENT="1," HEIGHT="46" HPOS="343" VPOS="1373" WIDTH="39" />
<SP HEIGHT="46" HPOS="383" VPOS="1373" WIDTH="28" />
<String CONTENT="1933;" CS="1" HEIGHT="40" HPOS="412" VPOS="1372" WIDTH="112" />
<SP HEIGHT="46" HPOS="553" VPOS="1372" WIDTH="29" />
<String CONTENT="2c." HEIGHT="40" HPOS="583" VPOS="1372" WIDTH="65" />
<SP HEIGHT="29" HPOS="649" VPOS="1382" WIDTH="30" />
<String CONTENT="and" HEIGHT="38" HPOS="680" VPOS="1373" WIDTH="95" />
<SP />
<String CONTENT="aff." CS="1" />
<SP />
<String CONTENT="Aug." HEIGHT="47" HPOS="916" VPOS="1371" WIDTH="121" />
<SP HEIGHT="40" HPOS="1038" VPOS="1370" WIDTH="27" />
<String CONTENT="2;" HEIGHT="46" HPOS="1066" VPOS="1370" WIDTH="54" />
<SP HEIGHT="47" HPOS="1121" VPOS="1369" WIDTH="29" />
<String CONTENT="A" HEIGHT="39" HPOS="1151" VPOS="1369" WIDTH="41" />
<SP HEIGHT="40" HPOS="1193" VPOS="1369" WIDTH="26" />
<String CONTENT="64603;" HEIGHT="46" HPOS="1220" VPOS="1369" WIDTH="172" />
<SP HEIGHT="45" HPOS="1393" VPOS="1370" WIDTH="31" />
<String CONTENT="Macmillan" HEIGHT="40" HPOS="1425" VPOS="1368" WIDTH="282" />
<SP HEIGHT="28" HPOS="1708" VPOS="1379" WIDTH="27" />
<String CONTENT="co." HEIGHT="29" HPOS="1736" VPOS="1379" WIDTH="69" />
</TextLine>
<TextLine HEIGHT="50" HPOS="190" VPOS="1429" WIDTH="279">
<String CONTENT="(33-20286)" HEIGHT="50" HPOS="190" VPOS="1429" WIDTH="279" />
</TextLine>
<TextLine HEIGHT="65" HPOS="110" STYLEREFS="StyleId-ADCB78E2-178D-4B7E-944D-511032D16A73-" VPOS="1532" WIDTH="971">
<String CONTENT="Steffen," HEIGHT="65" HPOS="110" VPOS="1532" WIDTH="245" />
<SP HEIGHT="63" HPOS="356" VPOS="1534" WIDTH="27" />
<String CONTENT="Roscoe" HEIGHT="52" HPOS="384" VPOS="1534" WIDTH="221" />
<SP HEIGHT="54" HPOS="606" VPOS="1532" WIDTH="24" />
<String CONTENT="Turner," HEIGHT="65" HPOS="631" VPOS="1532" WIDTH="246" />
<SP HEIGHT="59" HPOS="878" VPOS="1538" WIDTH="31" />
<String CONTENT="1893-" HEIGHT="49" HPOS="910" VPOS="1537" WIDTH="171" />
</TextLine>
<TextLine CS="1" HEIGHT="74" HPOS="185" STYLEREFS="StyleId-40BCADB5-A2BA-45F2-9091-AB66F7D1B322-" VPOS="1604" WIDTH="1926">
<String CONTENT="Cases" HEIGHT="55" HPOS="185" VPOS="1610" WIDTH="167" />
<SP HEIGHT="34" HPOS="353" VPOS="1629" WIDTH="37" />
<String CONTENT="on" HEIGHT="34" HPOS="391" VPOS="1628" WIDTH="73" />
<SP HEIGHT="49" HPOS="465" VPOS="1613" WIDTH="36" />
<String CONTENT="the" HEIGHT="51" HPOS="502" VPOS="1611" WIDTH="95" />
<SP HEIGHT="50" HPOS="598" VPOS="1612" WIDTH="37" />
<String CONTENT="law" HEIGHT="50" HPOS="636" VPOS="1612" WIDTH="110" />
<SP HEIGHT="33" HPOS="747" VPOS="1629" WIDTH="37" />
<String CONTENT="of" HEIGHT="53" HPOS="785" VPOS="1609" WIDTH="64" />
<SP HEIGHT="64" HPOS="850" VPOS="1609" WIDTH="17" />
<String CONTENT="agency," HEIGHT="51" HPOS="868" VPOS="1627" WIDTH="252" />
<SP HEIGHT="68" HPOS="1121" VPOS="1608" WIDTH="35" />
<String CONTENT="by" HEIGHT="69" HPOS="1157" VPOS="1608" WIDTH="76" />
<SP HEIGHT="68" HPOS="1234" VPOS="1609" WIDTH="37" />
<String CONTENT="Roscoe" HEIGHT="52" HPOS="1272" VPOS="1609" WIDTH="214" />
<SP HEIGHT="53" HPOS="1487" VPOS="1608" WIDTH="37" />
<String CONTENT="T." HEIGHT="52" HPOS="1525" VPOS="1608" WIDTH="65" />
<SP HEIGHT="55" HPOS="1591" VPOS="1606" WIDTH="40" />
<String CONTENT="Steffen" HEIGHT="57" HPOS="1632" VPOS="1604" WIDTH="217" />
<SP HEIGHT="34" HPOS="1850" VPOS="1625" WIDTH="40" />
<String CONTENT="&#8230;" CS="1" />
<SP HEIGHT="56" HPOS="1949" VPOS="1605" WIDTH="78" />
<String CONTENT="St." HEIGHT="56" HPOS="2028" VPOS="1605" WIDTH="83" />
</TextLine>
<TextLine HEIGHT="70" HPOS="112" STYLEREFS="StyleId-40BCADB5-A2BA-45F2-9091-AB66F7D1B322-" VPOS="1686" WIDTH="1029">
<String CONTENT="Paul," HEIGHT="67" HPOS="112" VPOS="1689" WIDTH="164" />
<SP HEIGHT="67" HPOS="277" VPOS="1689" WIDTH="26" />
<String CONTENT="West" HEIGHT="53" HPOS="304" VPOS="1689" WIDTH="160" />
<SP HEIGHT="62" HPOS="465" VPOS="1694" WIDTH="28" />
<String CONTENT="publishing" HEIGHT="70" HPOS="494" VPOS="1686" WIDTH="335" />
<SP HEIGHT="50" HPOS="830" VPOS="1706" WIDTH="28" />
<String CONTENT="co.," HEIGHT="49" HPOS="859" VPOS="1706" WIDTH="98" />
<SP HEIGHT="64" HPOS="958" VPOS="1691" WIDTH="31" />
<String CONTENT="1933." HEIGHT="49" HPOS="990" VPOS="1690" WIDTH="151" />
</TextLine>
<TextLine HEIGHT="53" HPOS="185" VPOS="1758" WIDTH="1929">
<String CONTENT="xxix," HEIGHT="49" HPOS="185" VPOS="1762" WIDTH="133" />
<SP HEIGHT="49" HPOS="319" VPOS="1762" WIDTH="26" />
<String CONTENT="836" HEIGHT="41" HPOS="346" VPOS="1762" WIDTH="87" />
<SP HEIGHT="49" HPOS="434" VPOS="1762" WIDTH="21" />
<String CONTENT="p." HEIGHT="37" HPOS="456" VPOS="1774" WIDTH="43" />
<SP HEIGHT="38" HPOS="500" VPOS="1764" WIDTH="54" />
<String CONTENT="diagrs." HEIGHT="48" HPOS="555" VPOS="1762" WIDTH="179" />
<SP HEIGHT="40" HPOS="735" VPOS="1763" WIDTH="53" />
<String CONTENT="26" HEIGHT="40" HPOS="789" VPOS="1762" WIDTH="59" />
<String CONTENT="cm" HEIGHT="21" HPOS="848" STYLE="superscript" VPOS="1764" WIDTH="44" />
<String CONTENT="." HEIGHT="8" HPOS="897" VPOS="1794" WIDTH="9" />
<SP HEIGHT="48" HPOS="907" VPOS="1762" WIDTH="64" />
<String CONTENT="(American" HEIGHT="50" HPOS="972" VPOS="1760" WIDTH="283" />
<SP HEIGHT="30" HPOS="1256" VPOS="1771" WIDTH="25" />
<String CONTENT="casebook" HEIGHT="41" HPOS="1282" VPOS="1760" WIDTH="236" />
<SP HEIGHT="40" HPOS="1519" VPOS="1760" WIDTH="25" />
<String CONTENT="series;" HEIGHT="47" HPOS="1545" VPOS="1758" WIDTH="178" />
<SP HEIGHT="45" HPOS="1724" VPOS="1760" WIDTH="28" />
<String CONTENT="W." HEIGHT="40" HPOS="1753" VPOS="1760" WIDTH="72" />
<SP HEIGHT="40" HPOS="1826" VPOS="1759" WIDTH="29" />
<String CONTENT="R." HEIGHT="40" HPOS="1856" VPOS="1759" WIDTH="55" />
<SP HEIGHT="40" HPOS="1912" VPOS="1759" WIDTH="27" />
<String CONTENT="Vance," HEIGHT="47" HPOS="1940" VPOS="1759" WIDTH="174" />
</TextLine>
<TextLine HEIGHT="51" HPOS="114" VPOS="1818" WIDTH="409">
<String CONTENT="general" HEIGHT="47" HPOS="114" VPOS="1822" WIDTH="196" />
<SP HEIGHT="38" HPOS="311" VPOS="1822" WIDTH="28" />
<String CONTENT="editor)" HEIGHT="49" HPOS="340" VPOS="1818" WIDTH="183" />
</TextLine>
<TextLine CS="1" HEIGHT="50" HPOS="187" VPOS="1874" WIDTH="1149">
<String CONTENT="&#8220;Table" HEIGHT="39" HPOS="187" VPOS="1878" WIDTH="176" />
<SP HEIGHT="30" HPOS="364" VPOS="1888" WIDTH="23" />
<String CONTENT="of" HEIGHT="41" HPOS="388" VPOS="1877" WIDTH="52" />
<SP HEIGHT="39" HPOS="441" VPOS="1877" WIDTH="21" />
<String CONTENT="law" HEIGHT="39" HPOS="463" VPOS="1878" WIDTH="96" />
<SP HEIGHT="29" HPOS="560" VPOS="1887" WIDTH="22" />
<String CONTENT="review" HEIGHT="41" HPOS="583" VPOS="1876" WIDTH="178" />
<SP HEIGHT="29" HPOS="762" VPOS="1887" WIDTH="22" />
<String CONTENT="articles&#8221;:" CS="1" HEIGHT="41" HPOS="785" VPOS="1875" WIDTH="224" />
<SP HEIGHT="38" HPOS="1040" VPOS="1886" WIDTH="26" />
<String CONTENT="p." HEIGHT="37" HPOS="1067" VPOS="1887" WIDTH="45" />
<SP HEIGHT="29" HPOS="1113" VPOS="1887" WIDTH="22" />
<String CONTENT="xi-xvii." HEIGHT="42" HPOS="1136" VPOS="1874" WIDTH="200" />
</TextLine>
<TextLine CS="1" HEIGHT="51" HPOS="121" VPOS="1932" WIDTH="1698">
<String CONTENT="&#169;" HEIGHT="51" HPOS="121" VPOS="1932" WIDTH="51" />
<SP HEIGHT="51" HPOS="173" VPOS="1932" WIDTH="25" />
<String CONTENT="July" HEIGHT="46" HPOS="199" VPOS="1937" WIDTH="118" />
<SP HEIGHT="47" HPOS="318" VPOS="1936" WIDTH="21" />
<String CONTENT="17," HEIGHT="46" HPOS="340" VPOS="1936" WIDTH="68" />
<SP HEIGHT="46" HPOS="409" VPOS="1936" WIDTH="25" />
<String CONTENT="1933;" HEIGHT="47" HPOS="435" VPOS="1935" WIDTH="140" />
<SP HEIGHT="47" HPOS="576" VPOS="1935" WIDTH="27" />
<String CONTENT="2c." HEIGHT="41" HPOS="604" VPOS="1935" WIDTH="67" />
<SP HEIGHT="29" HPOS="672" VPOS="1947" WIDTH="25" />
<String CONTENT="and" HEIGHT="40" HPOS="698" VPOS="1935" WIDTH="95" />
<SP />
<String CONTENT="aff." CS="1" />
<SP />
<String CONTENT="July" HEIGHT="47" HPOS="929" VPOS="1934" WIDTH="116" />
<SP HEIGHT="47" HPOS="1046" VPOS="1934" WIDTH="24" />
<String CONTENT="29;" HEIGHT="46" HPOS="1071" VPOS="1934" WIDTH="83" />
<SP HEIGHT="47" HPOS="1155" VPOS="1933" WIDTH="28" />
<String CONTENT="A" HEIGHT="39" HPOS="1184" VPOS="1933" WIDTH="41" />
<SP HEIGHT="40" HPOS="1226" VPOS="1933" WIDTH="25" />
<String CONTENT="63720;" HEIGHT="47" HPOS="1252" VPOS="1932" WIDTH="170" />
<SP HEIGHT="45" HPOS="1423" VPOS="1934" WIDTH="28" />
<String CONTENT="West" HEIGHT="39" HPOS="1452" VPOS="1934" WIDTH="135" />
<SP HEIGHT="46" HPOS="1588" VPOS="1935" WIDTH="24" />
<String CONTENT="pub." HEIGHT="48" HPOS="1613" VPOS="1933" WIDTH="110" />
<SP HEIGHT="28" HPOS="1724" VPOS="1944" WIDTH="25" />
<String CONTENT="co." HEIGHT="29" HPOS="1750" VPOS="1944" WIDTH="69" />
</TextLine>
<TextLine HEIGHT="50" HPOS="198" VPOS="1992" WIDTH="278">
<String CONTENT="(33-19950)" HEIGHT="50" HPOS="198" VPOS="1992" WIDTH="278" />
</TextLine>
<TextLine HEIGHT="64" HPOS="116" STYLEREFS="StyleId-ADCB78E2-178D-4B7E-944D-511032D16A73-" VPOS="2096" WIDTH="729">
<String CONTENT="Stock," HEIGHT="64" HPOS="116" VPOS="2096" WIDTH="196" />
<SP HEIGHT="63" HPOS="313" VPOS="2097" WIDTH="27" />
<String CONTENT="Harry" HEIGHT="63" HPOS="341" VPOS="2097" WIDTH="201" />
<SP HEIGHT="63" HPOS="543" VPOS="2097" WIDTH="25" />
<String CONTENT="Thomas." HEIGHT="54" HPOS="569" VPOS="2097" WIDTH="276" />
</TextLine>
<TextLine HEIGHT="69" HPOS="192" STYLEREFS="StyleId-40BCADB5-A2BA-45F2-9091-AB66F7D1B322-" VPOS="2171" WIDTH="1927">
<String CONTENT="Better" HEIGHT="52" HPOS="192" VPOS="2173" WIDTH="197" />
<SP HEIGHT="33" HPOS="390" VPOS="2192" WIDTH="38" />
<String CONTENT="meetings" HEIGHT="67" HPOS="429" VPOS="2173" WIDTH="274" />
<SP HEIGHT="53" HPOS="704" VPOS="2172" WIDTH="41" />
<String CONTENT="for" HEIGHT="54" HPOS="746" VPOS="2172" WIDTH="94" />
<SP HEIGHT="47" HPOS="841" VPOS="2178" WIDTH="37" />
<String CONTENT="the" HEIGHT="51" HPOS="879" VPOS="2174" WIDTH="96" />
<SP HEIGHT="48" HPOS="976" VPOS="2192" WIDTH="38" />
<String CONTENT="young" HEIGHT="49" HPOS="1015" VPOS="2191" WIDTH="194" />
<SP HEIGHT="49" HPOS="1210" VPOS="2191" WIDTH="38" />
<String CONTENT="people&#8217;s" HEIGHT="69" HPOS="1249" VPOS="2171" WIDTH="246" />
<SP HEIGHT="34" HPOS="1496" VPOS="2191" WIDTH="38" />
<String CONTENT="society," HEIGHT="68" HPOS="1535" VPOS="2171" WIDTH="229" />
<SP HEIGHT="66" HPOS="1765" VPOS="2172" WIDTH="37" />
<String CONTENT="by" HEIGHT="67" HPOS="1803" VPOS="2172" WIDTH="76" />
<SP HEIGHT="68" HPOS="1880" VPOS="2171" WIDTH="40" />
<String CONTENT="Harry" HEIGHT="67" HPOS="1921" VPOS="2171" WIDTH="198" />
</TextLine>
<TextLine CS="1" HEIGHT="146" HPOS="120" STYLEREFS="StyleId-40BCADB5-A2BA-45F2-9091-AB66F7D1B322-" VPOS="2249" WIDTH="1975">
<String CONTENT="Thomas" HEIGHT="52" HPOS="122" VPOS="2250" WIDTH="247" />
<SP HEIGHT="55" HPOS="370" VPOS="2249" WIDTH="29" />
<String CONTENT="Stock." HEIGHT="55" HPOS="400" VPOS="2249" WIDTH="190" />
<SP HEIGHT="51" HPOS="591" VPOS="2251" WIDTH="61" />
<String CONTENT="Boston," HEIGHT="66" HPOS="653" VPOS="2251" WIDTH="234" />
<SP HEIGHT="66" HPOS="888" VPOS="2251" WIDTH="29" />
<String CONTENT="International" HEIGHT="53" HPOS="918" VPOS="2250" WIDTH="421" />
<SP HEIGHT="50" HPOS="1340" VPOS="2252" WIDTH="27" />
<String CONTENT="society" HEIGHT="65" HPOS="1368" VPOS="2251" WIDTH="213" />
<SP HEIGHT="47" HPOS="1582" VPOS="2269" WIDTH="27" />
<String CONTENT="of" HEIGHT="54" HPOS="1610" VPOS="2249" WIDTH="63" />
<SP HEIGHT="55" HPOS="1674" VPOS="2249" WIDTH="27" />
<String CONTENT="Christian" HEIGHT="55" HPOS="1702" VPOS="2249" WIDTH="296" />
<SP HEIGHT="34" HPOS="1999" VPOS="2268" WIDTH="27" />
<String CONTENT="endeavor" HEIGHT="114" HPOS="120" VPOS="2267" WIDTH="1975" />
<SP HEIGHT="48" HPOS="330" VPOS="2347" WIDTH="32" />
<String CONTENT="[" HEIGHT="34" HPOS="363" VPOS="2361" WIDTH="13" />
<String CONTENT="c" HEIGHT="21" HPOS="381" STYLE="superscript" VPOS="2335" WIDTH="18" />
<String CONTENT="1933]" HEIGHT="63" HPOS="404" VPOS="2331" WIDTH="152" />
</TextLine>
<TextLine CS="1" HEIGHT="53" HPOS="194" VPOS="2398" WIDTH="581">
<String CONTENT="vii," HEIGHT="48" HPOS="194" VPOS="2399" WIDTH="82" />
<SP HEIGHT="47" HPOS="277" VPOS="2400" WIDTH="29" />
<String CONTENT="134," HEIGHT="50" HPOS="307" VPOS="2398" WIDTH="97" />
<SP HEIGHT="29" HPOS="405" VPOS="2422" WIDTH="34" />
<String CONTENT="[2]" HEIGHT="51" HPOS="440" VPOS="2400" WIDTH="54" />
<SP HEIGHT="38" HPOS="495" VPOS="2411" WIDTH="31" />
<String CONTENT="p." HEIGHT="38" HPOS="527" VPOS="2411" WIDTH="43" />
<SP HEIGHT="40" HPOS="571" VPOS="2401" WIDTH="59" />
<String CONTENT="18&#189;" CS="1" HEIGHT="42" HPOS="631" VPOS="2399" WIDTH="55" />
<String CONTENT="cm" HEIGHT="21" HPOS="719" STYLE="superscript" VPOS="2403" WIDTH="43" />
<String CONTENT="." HEIGHT="9" HPOS="766" VPOS="2432" WIDTH="9" />
</TextLine>
<TextLine CS="1" HEIGHT="51" HPOS="199" VPOS="2454" WIDTH="1730">
<String CONTENT="&#8220;Prepared" HEIGHT="49" HPOS="199" VPOS="2454" WIDTH="272" />
<SP HEIGHT="39" HPOS="472" VPOS="2457" WIDTH="38" />
<String CONTENT="at" HEIGHT="38" HPOS="511" VPOS="2458" WIDTH="52" />
<SP HEIGHT="39" HPOS="564" VPOS="2457" WIDTH="34" />
<String CONTENT="the" HEIGHT="41" HPOS="599" VPOS="2457" WIDTH="83" />
<SP HEIGHT="30" HPOS="683" VPOS="2468" WIDTH="36" />
<String CONTENT="request" HEIGHT="45" HPOS="720" VPOS="2460" WIDTH="192" />
<SP HEIGHT="38" HPOS="913" VPOS="2460" WIDTH="39" />
<String CONTENT="of" HEIGHT="41" HPOS="953" VPOS="2457" WIDTH="51" />
<SP HEIGHT="40" HPOS="1005" VPOS="2457" WIDTH="36" />
<String CONTENT="the" HEIGHT="40" HPOS="1042" VPOS="2457" WIDTH="83" />
<SP HEIGHT="41" HPOS="1126" VPOS="2456" WIDTH="37" />
<String CONTENT="Educational" HEIGHT="42" HPOS="1164" VPOS="2456" WIDTH="325" />
<SP HEIGHT="39" HPOS="1490" VPOS="2458" WIDTH="37" />
<String CONTENT="council" HEIGHT="41" HPOS="1528" VPOS="2457" WIDTH="189" />
<SP HEIGHT="41" HPOS="1718" VPOS="2457" WIDTH="38" />
<String CONTENT="of" HEIGHT="41" HPOS="1757" VPOS="2457" WIDTH="52" />
<SP HEIGHT="41" HPOS="1810" VPOS="2457" WIDTH="39" />
<String CONTENT="the" HEIGHT="39" HPOS="1850" VPOS="2459" WIDTH="79" />
</TextLine>
<TextLine CS="1" HEIGHT="103" HPOS="127" VPOS="2458" WIDTH="1978">
<String CONTENT="International" HEIGHT="94" HPOS="127" VPOS="2458" WIDTH="1978" />
<SP HEIGHT="39" HPOS="349" VPOS="2514" WIDTH="26" />
<String CONTENT="society" HEIGHT="48" HPOS="376" VPOS="2513" WIDTH="182" />
<SP HEIGHT="36" HPOS="559" VPOS="2525" WIDTH="26" />
<String CONTENT="of" HEIGHT="41" HPOS="586" VPOS="2513" WIDTH="52" />
<SP HEIGHT="41" HPOS="639" VPOS="2512" WIDTH="25" />
<String CONTENT="Christian" HEIGHT="42" HPOS="665" VPOS="2511" WIDTH="250" />
<SP HEIGHT="30" HPOS="916" VPOS="2524" WIDTH="25" />
<String CONTENT="endeavor.&#8221;&#8212;Foreword." HEIGHT="42" HPOS="942" VPOS="2513" WIDTH="624" />
</TextLine>
<TextLine HEIGHT="51" HPOS="198" VPOS="2569" WIDTH="648">
<String CONTENT="Includes" HEIGHT="43" HPOS="198" VPOS="2569" WIDTH="225" />
<SP HEIGHT="40" HPOS="424" VPOS="2571" WIDTH="30" />
<String CONTENT="bibliographies." HEIGHT="50" HPOS="455" VPOS="2570" WIDTH="391" />
</TextLine>
<TextLine CS="1" HEIGHT="52" HPOS="129" VPOS="2624" WIDTH="1998">
<String CONTENT="&#169;" HEIGHT="52" HPOS="129" VPOS="2624" WIDTH="55" />
<SP HEIGHT="52" HPOS="185" VPOS="2624" WIDTH="30" />
<String CONTENT="July" HEIGHT="47" HPOS="216" VPOS="2629" WIDTH="116" />
<SP HEIGHT="47" HPOS="333" VPOS="2629" WIDTH="29" />
<String CONTENT="1," HEIGHT="47" HPOS="363" VPOS="2629" WIDTH="38" />
<SP HEIGHT="47" HPOS="402" VPOS="2629" WIDTH="33" />
<String CONTENT="1983;" CS="1" HEIGHT="40" HPOS="436" VPOS="2628" WIDTH="113" />
<SP HEIGHT="46" HPOS="577" VPOS="2629" WIDTH="33" />
<String CONTENT="2c." HEIGHT="39" HPOS="611" VPOS="2629" WIDTH="68" />
<SP HEIGHT="39" HPOS="680" VPOS="2629" WIDTH="34" />
<String CONTENT="July" HEIGHT="47" HPOS="715" VPOS="2629" WIDTH="115" />
<SP HEIGHT="48" HPOS="831" VPOS="2628" WIDTH="31" />
<String CONTENT="24;" HEIGHT="47" HPOS="863" VPOS="2628" WIDTH="82" />
<SP />
<String CONTENT="aff." CS="1" />
<SP />
<String CONTENT="July" HEIGHT="48" HPOS="1100" VPOS="2628" WIDTH="117" />
<SP HEIGHT="47" HPOS="1218" VPOS="2629" WIDTH="31" />
<String CONTENT="22;" HEIGHT="47" HPOS="1250" VPOS="2628" WIDTH="83" />
<SP HEIGHT="46" HPOS="1334" VPOS="2629" WIDTH="35" />
<String CONTENT="A" HEIGHT="38" HPOS="1370" VPOS="2629" WIDTH="40" />
<SP HEIGHT="40" HPOS="1411" VPOS="2629" WIDTH="32" />
<String CONTENT="64421;" HEIGHT="47" HPOS="1444" VPOS="2629" WIDTH="170" />
<SP HEIGHT="46" HPOS="1615" VPOS="2630" WIDTH="36" />
<String CONTENT="Internatl." HEIGHT="40" HPOS="1652" LANG="de" VPOS="2629" WIDTH="256" />
<SP HEIGHT="40" HPOS="1909" VPOS="2629" WIDTH="35" />
<String CONTENT="soc." HEIGHT="31" HPOS="1945" VPOS="2640" WIDTH="94" />
<SP HEIGHT="30" HPOS="2040" VPOS="2641" WIDTH="34" />
<String CONTENT="of" HEIGHT="42" HPOS="2075" VPOS="2629" WIDTH="52" />
</TextLine>
<TextLine CS="1" HEIGHT="49" HPOS="199" VPOS="2684" WIDTH="882">
<String CONTENT="Christian" HEIGHT="41" HPOS="199" VPOS="2685" WIDTH="249" />
<SP HEIGHT="28" HPOS="449" VPOS="2696" WIDTH="27" />
<String CONTENT="endeavor." HEIGHT="38" HPOS="477" VPOS="2687" WIDTH="254" />
<SP />
<String CONTENT="(33-20276)" HEIGHT="49" HPOS="802" VPOS="2684" WIDTH="279" />
</TextLine>
<TextLine CS="1" HEIGHT="71" HPOS="199" STYLEREFS="StyleId-40BCADB5-A2BA-45F2-9091-AB66F7D1B322-" VPOS="2785" WIDTH="1926">
<String CONTENT="So" HEIGHT="56" HPOS="199" VPOS="2785" WIDTH="76" />
<SP HEIGHT="47" HPOS="276" VPOS="2793" WIDTH="35" />
<String CONTENT="this" HEIGHT="54" HPOS="312" VPOS="2786" WIDTH="115" />
<SP HEIGHT="53" HPOS="428" VPOS="2787" WIDTH="37" />
<String CONTENT="is" HEIGHT="53" HPOS="466" VPOS="2787" WIDTH="47" />
<SP HEIGHT="35" HPOS="514" VPOS="2805" WIDTH="35" />
<String CONTENT="missions!" HEIGHT="54" HPOS="550" VPOS="2786" WIDTH="283" />
<SP HEIGHT="68" HPOS="834" VPOS="2786" WIDTH="87" />
<String CONTENT="[By]" HEIGHT="68" HPOS="922" VPOS="2788" WIDTH="126" />
<SP HEIGHT="67" HPOS="1049" VPOS="2787" WIDTH="44" />
<String CONTENT="Harry" HEIGHT="69" HPOS="1094" VPOS="2787" WIDTH="201" />
<SP HEIGHT="68" HPOS="1296" VPOS="2788" WIDTH="37" />
<String CONTENT="Thomas" HEIGHT="54" HPOS="1334" VPOS="2787" WIDTH="249" />
<SP HEIGHT="56" HPOS="1584" VPOS="2787" WIDTH="41" />
<String CONTENT="Stock" HEIGHT="56" HPOS="1626" VPOS="2787" WIDTH="175" />
<SP HEIGHT="54" HPOS="1802" VPOS="2788" WIDTH="44" />
<String CONTENT="&#8230;" CS="1" />
<SP HEIGHT="55" HPOS="1904" VPOS="2788" WIDTH="80" />
<String CONTENT="New" HEIGHT="55" HPOS="1985" VPOS="2788" WIDTH="140" />
</TextLine>
<TextLine HEIGHT="70" HPOS="132" STYLEREFS="StyleId-40BCADB5-A2BA-45F2-9091-AB66F7D1B322-" VPOS="2864" WIDTH="1994">
<String CONTENT="York," HEIGHT="68" HPOS="132" VPOS="2864" WIDTH="176" />
<SP HEIGHT="66" HPOS="309" VPOS="2866" WIDTH="36" />
<String CONTENT="Missionary" HEIGHT="69" HPOS="346" VPOS="2865" WIDTH="347" />
<SP HEIGHT="50" HPOS="694" VPOS="2884" WIDTH="38" />
<String CONTENT="education" HEIGHT="53" HPOS="733" VPOS="2865" WIDTH="300" />
<SP HEIGHT="33" HPOS="1034" VPOS="2884" WIDTH="37" />
<String CONTENT="movement" HEIGHT="47" HPOS="1072" VPOS="2871" WIDTH="320" />
<SP HEIGHT="48" HPOS="1393" VPOS="2871" WIDTH="38" />
<String CONTENT="of" HEIGHT="55" HPOS="1432" VPOS="2864" WIDTH="65" />
<SP HEIGHT="55" HPOS="1498" VPOS="2864" WIDTH="39" />
<String CONTENT="the" HEIGHT="52" HPOS="1538" VPOS="2867" WIDTH="96" />
<SP HEIGHT="54" HPOS="1635" VPOS="2867" WIDTH="36" />
<String CONTENT="United" HEIGHT="54" HPOS="1672" VPOS="2867" WIDTH="219" />
<SP HEIGHT="56" HPOS="1892" VPOS="2866" WIDTH="44" />
<String CONTENT="States" HEIGHT="56" HPOS="1937" VPOS="2866" WIDTH="189" />
</TextLine>
<TextLine HEIGHT="68" HPOS="129" STYLEREFS="StyleId-40BCADB5-A2BA-45F2-9091-AB66F7D1B322-" VPOS="2941" WIDTH="600">
<String CONTENT="and" HEIGHT="53" HPOS="129" VPOS="2942" WIDTH="112" />
<SP HEIGHT="55" HPOS="242" VPOS="2941" WIDTH="27" />
<String CONTENT="Canada" HEIGHT="55" HPOS="270" VPOS="2941" WIDTH="235" />
<SP HEIGHT="47" HPOS="506" VPOS="2962" WIDTH="30" />
<String CONTENT="[" HEIGHT="34" HPOS="537" VPOS="2975" WIDTH="13" />
<String CONTENT="c" HEIGHT="21" HPOS="555" STYLE="superscript" VPOS="2949" WIDTH="18" />
<String CONTENT="1933]" HEIGHT="64" HPOS="577" VPOS="2945" WIDTH="152" />
</TextLine>
<TextLine CS="1" HEIGHT="51" HPOS="201" VPOS="3014" WIDTH="527">
<String CONTENT="1" HEIGHT="39" HPOS="201" VPOS="3014" WIDTH="26" />
<SP />
<String CONTENT="p." CS="1" />
<SP />
<String CONTENT="l.," CS="1" />
<SP HEIGHT="51" HPOS="370" VPOS="3014" WIDTH="27" />
<String CONTENT="62" HEIGHT="41" HPOS="398" VPOS="3014" WIDTH="56" />
<SP HEIGHT="49" HPOS="455" VPOS="3014" WIDTH="24" />
<String CONTENT="p." HEIGHT="38" HPOS="480" VPOS="3025" WIDTH="44" />
<SP HEIGHT="40" HPOS="525" VPOS="3016" WIDTH="57" />
<String CONTENT="18&#189;" CS="1" HEIGHT="42" HPOS="583" VPOS="3015" WIDTH="56" />
<String CONTENT="cm" HEIGHT="22" HPOS="671" STYLE="superscript" VPOS="3017" WIDTH="45" />
<String CONTENT="." HEIGHT="8" HPOS="720" VPOS="3050" WIDTH="8" />
</TextLine>
<TextLine HEIGHT="49" HPOS="202" VPOS="3071" WIDTH="774">
<String CONTENT="&#8220;Reference" HEIGHT="41" HPOS="202" VPOS="3071" WIDTH="291" />
<SP HEIGHT="29" HPOS="494" VPOS="3083" WIDTH="28" />
<String CONTENT="sources&#8221;:" HEIGHT="40" HPOS="523" VPOS="3072" WIDTH="250" />
<SP HEIGHT="38" HPOS="774" VPOS="3082" WIDTH="28" />
<String CONTENT="p." HEIGHT="38" HPOS="803" VPOS="3082" WIDTH="44" />
<SP HEIGHT="42" HPOS="848" VPOS="3071" WIDTH="27" />
<String CONTENT="3-4." HEIGHT="42" HPOS="876" VPOS="3071" WIDTH="100" />
</TextLine>
<TextLine CS="1" HEIGHT="58" HPOS="134" STYLEREFS="StyleId-E9C0B5A5-74A6-41AE-892B-8CDB8C895317-" VPOS="3124" WIDTH="1996">
<String CONTENT="&#169;" HEIGHT="54" HPOS="134" VPOS="3124" WIDTH="51" />
<SP HEIGHT="54" HPOS="186" VPOS="3124" WIDTH="34" />
<String CONTENT="July" HEIGHT="48" HPOS="221" VPOS="3131" WIDTH="117" />
<SP HEIGHT="49" HPOS="339" VPOS="3130" WIDTH="32" />
<String CONTENT="6," HEIGHT="48" HPOS="372" VPOS="3130" WIDTH="38" />
<SP HEIGHT="47" HPOS="411" VPOS="3131" WIDTH="35" />
<String CONTENT="1933;" CS="1" HEIGHT="42" HPOS="447" VPOS="3129" WIDTH="112" />
<SP HEIGHT="47" HPOS="588" VPOS="3131" WIDTH="36" />
<String CONTENT="2c." HEIGHT="40" HPOS="625" VPOS="3131" WIDTH="66" />
<SP HEIGHT="29" HPOS="692" VPOS="3142" WIDTH="37" />
<String CONTENT="and" HEIGHT="40" HPOS="730" VPOS="3131" WIDTH="94" />
<SP />
<String CONTENT="aff." CS="1" />
<SP />
<String CONTENT="July" HEIGHT="48" HPOS="980" VPOS="3132" WIDTH="115" />
<SP HEIGHT="48" HPOS="1096" VPOS="3132" WIDTH="35" />
<String CONTENT="21;" HEIGHT="47" HPOS="1132" VPOS="3132" WIDTH="82" />
<SP HEIGHT="47" HPOS="1215" VPOS="3132" WIDTH="37" />
<String CONTENT="A" HEIGHT="39" HPOS="1253" VPOS="3132" WIDTH="41" />
<SP HEIGHT="39" HPOS="1295" VPOS="3132" WIDTH="34" />
<String CONTENT="64407;" HEIGHT="48" HPOS="1330" VPOS="3132" WIDTH="169" />
<SP HEIGHT="46" HPOS="1500" VPOS="3134" WIDTH="39" />
<String CONTENT="Missionary" HEIGHT="50" HPOS="1540" VPOS="3132" WIDTH="296" />
<SP HEIGHT="40" HPOS="1837" VPOS="3142" WIDTH="34" />
<String CONTENT="education" HEIGHT="43" HPOS="1872" VPOS="3130" WIDTH="258" />
</TextLine>
<TextLine CS="1" HEIGHT="49" HPOS="202" STYLEREFS="StyleId-E9C0B5A5-74A6-41AE-892B-8CDB8C895317-" VPOS="3189" WIDTH="1321">
<String CONTENT="movement" HEIGHT="38" HPOS="202" VPOS="3190" WIDTH="270" />
<SP HEIGHT="38" HPOS="473" VPOS="3190" WIDTH="26" />
<String CONTENT="of" HEIGHT="39" HPOS="500" VPOS="3189" WIDTH="52" />
<SP HEIGHT="39" HPOS="553" VPOS="3189" WIDTH="26" />
<String CONTENT="the" HEIGHT="39" HPOS="580" VPOS="3189" WIDTH="84" />
<SP HEIGHT="38" HPOS="665" VPOS="3190" WIDTH="26" />
<String CONTENT="U." HEIGHT="38" HPOS="692" VPOS="3190" WIDTH="55" />
<SP />
<String CONTENT="S." HEIGHT="41" HPOS="781" VPOS="3189" WIDTH="44" />
<SP />
<String CONTENT="and" HEIGHT="39" HPOS="854" VPOS="3189" WIDTH="96" />
<SP HEIGHT="41" HPOS="951" VPOS="3189" WIDTH="29" />
<String CONTENT="Canada." HEIGHT="41" HPOS="981" VPOS="3189" WIDTH="214" />
<SP HEIGHT="48" HPOS="1196" VPOS="3190" WIDTH="72" />
<String CONTENT="(33-19914)" CS="1" HEIGHT="48" HPOS="1269" VPOS="3190" WIDTH="254" />
</TextLine>
<TextLine HEIGHT="65" HPOS="129" STYLEREFS="StyleId-6D0C43B3-0695-467E-93D9-01E706E6C7DB-" VPOS="3277" WIDTH="618">
<String CONTENT="Strachey," HEIGHT="65" HPOS="129" VPOS="3277" WIDTH="308" />
<SP HEIGHT="63" HPOS="438" VPOS="3279" WIDTH="31" />
<String CONTENT="Richard." HEIGHT="56" HPOS="470" VPOS="3278" WIDTH="277" />
</TextLine>
<TextLine CS="1" HEIGHT="71" HPOS="265" STYLEREFS="StyleId-A3CB62FC-BEC5-41D1-9EA5-3795E5A1F8AF-" VPOS="3353" WIDTH="1861">
<String CONTENT="&#8230;" CS="1" />
<SP HEIGHT="53" HPOS="265" VPOS="3353" WIDTH="37" />
<String CONTENT="Many" HEIGHT="68" HPOS="303" VPOS="3353" WIDTH="181" />
<SP HEIGHT="65" HPOS="485" VPOS="3356" WIDTH="29" />
<String CONTENT="happy" HEIGHT="67" HPOS="515" VPOS="3356" WIDTH="198" />
<SP HEIGHT="48" HPOS="714" VPOS="3374" WIDTH="33" />
<String CONTENT="returns." HEIGHT="49" HPOS="748" VPOS="3361" WIDTH="242" />
<SP HEIGHT="52" HPOS="991" VPOS="3357" WIDTH="67" />
<String CONTENT="New" HEIGHT="53" HPOS="1059" VPOS="3357" WIDTH="140" />
<SP HEIGHT="52" HPOS="1200" VPOS="3358" WIDTH="37" />
<String CONTENT="York," HEIGHT="66" HPOS="1238" VPOS="3358" WIDTH="178" />
<SP HEIGHT="65" HPOS="1417" VPOS="3359" WIDTH="33" />
<String CONTENT="Harcourt," HEIGHT="65" HPOS="1451" VPOS="3359" WIDTH="310" />
<SP HEIGHT="64" HPOS="1762" VPOS="3360" WIDTH="34" />
<String CONTENT="Brace" HEIGHT="52" HPOS="1797" VPOS="3360" WIDTH="179" />
<SP HEIGHT="34" HPOS="1977" VPOS="3378" WIDTH="36" />
<String CONTENT="and" HEIGHT="54" HPOS="2014" VPOS="3358" WIDTH="112" />
</TextLine>
<TextLine HEIGHT="63" HPOS="136" STYLEREFS="StyleId-A3CB62FC-BEC5-41D1-9EA5-3795E5A1F8AF-" VPOS="3436" WIDTH="505">
<String CONTENT="company" HEIGHT="50" HPOS="136" VPOS="3448" WIDTH="278" />
<SP HEIGHT="48" HPOS="415" VPOS="3450" WIDTH="33" />
<String CONTENT="[" HEIGHT="33" HPOS="449" VPOS="3465" WIDTH="13" />
<String CONTENT="c" HEIGHT="21" HPOS="467" STYLE="superscript" VPOS="3439" WIDTH="18" />
<String CONTENT="1933]" HEIGHT="63" HPOS="489" VPOS="3436" WIDTH="152" />
</TextLine>
<TextLine CS="1" HEIGHT="51" HPOS="210" STYLEREFS="StyleId-E9C0B5A5-74A6-41AE-892B-8CDB8C895317-" VPOS="3502" WIDTH="620">
<String CONTENT="6" HEIGHT="40" HPOS="210" VPOS="3502" WIDTH="26" />
<SP />
<String CONTENT="p." CS="1" />
<SP />
<String CONTENT="l.," CS="1" />
<SP />
<String CONTENT="3-262" HEIGHT="42" HPOS="409" VPOS="3502" WIDTH="145" />
<SP HEIGHT="49" HPOS="555" VPOS="3504" WIDTH="26" />
<String CONTENT="p." HEIGHT="37" HPOS="582" VPOS="3516" WIDTH="43" />
<SP HEIGHT="39" HPOS="626" VPOS="3506" WIDTH="59" />
<String CONTENT="19&#189;" CS="1" HEIGHT="40" HPOS="686" VPOS="3506" WIDTH="55" />
<String CONTENT="cm" HEIGHT="22" HPOS="774" STYLE="superscript" VPOS="3507" WIDTH="43" />
<String CONTENT="." HEIGHT="9" HPOS="821" VPOS="3537" WIDTH="9" />
</TextLine>
<TextLine HEIGHT="44" HPOS="212" STYLEREFS="StyleId-E9C0B5A5-74A6-41AE-892B-8CDB8C895317-" VPOS="3558" WIDTH="414">
<String CONTENT="&#8220;First" HEIGHT="42" HPOS="212" VPOS="3558" WIDTH="161" />
<SP HEIGHT="39" HPOS="374" VPOS="3562" WIDTH="26" />
<String CONTENT="edition.&#8221;" HEIGHT="42" HPOS="401" VPOS="3560" WIDTH="225" />
</TextLine>
<TextLine CS="1" HEIGHT="61" HPOS="141" STYLEREFS="StyleId-E9C0B5A5-74A6-41AE-892B-8CDB8C895317-" VPOS="3610" WIDTH="1993">
<String CONTENT="&#169;" HEIGHT="53" HPOS="141" VPOS="3610" WIDTH="51" />
<SP HEIGHT="53" HPOS="193" VPOS="3610" WIDTH="24" />
<String CONTENT="Aug." HEIGHT="48" HPOS="218" VPOS="3616" WIDTH="118" />
<SP HEIGHT="40" HPOS="337" VPOS="3617" WIDTH="22" />
<String CONTENT="3," HEIGHT="46" HPOS="360" VPOS="3617" WIDTH="40" />
<SP HEIGHT="45" HPOS="401" VPOS="3618" WIDTH="24" />
<String CONTENT="1933;" CS="1" HEIGHT="40" HPOS="426" VPOS="3617" WIDTH="113" />
<SP HEIGHT="46" HPOS="567" VPOS="3618" WIDTH="25" />
<String CONTENT="2c." HEIGHT="40" HPOS="593" VPOS="3618" WIDTH="67" />
<SP HEIGHT="29" HPOS="661" VPOS="3629" WIDTH="23" />
<String CONTENT="and" HEIGHT="38" HPOS="685" VPOS="3620" WIDTH="95" />
<SP />
<String CONTENT="aff." CS="1" />
<SP />
<String CONTENT="Aug." HEIGHT="48" HPOS="914" VPOS="3619" WIDTH="120" />
<SP HEIGHT="42" HPOS="1035" VPOS="3619" WIDTH="24" />
<String CONTENT="5;" HEIGHT="47" HPOS="1060" VPOS="3619" WIDTH="53" />
<SP HEIGHT="46" HPOS="1114" VPOS="3620" WIDTH="25" />
<String CONTENT="A" HEIGHT="39" HPOS="1140" VPOS="3620" WIDTH="41" />
<SP HEIGHT="40" HPOS="1182" VPOS="3620" WIDTH="23" />
<String CONTENT="64647;" HEIGHT="48" HPOS="1206" VPOS="3620" WIDTH="170" />
<SP HEIGHT="46" HPOS="1377" VPOS="3622" WIDTH="26" />
<String CONTENT="Harcourt," HEIGHT="47" HPOS="1404" VPOS="3622" WIDTH="261" />
<SP HEIGHT="47" HPOS="1666" VPOS="3622" WIDTH="24" />
<String CONTENT="Brace" HEIGHT="41" HPOS="1691" VPOS="3622" WIDTH="157" />
<SP HEIGHT="41" HPOS="1849" VPOS="3622" WIDTH="22" />
<String CONTENT="&amp;" HEIGHT="41" HPOS="1872" VPOS="3622" WIDTH="38" />
<SP HEIGHT="41" HPOS="1911" VPOS="3622" WIDTH="21" />
<String CONTENT="co.," HEIGHT="37" HPOS="1933" VPOS="3634" WIDTH="82" />
<SP HEIGHT="48" HPOS="2016" VPOS="3623" WIDTH="25" />
<String CONTENT="inc." HEIGHT="40" HPOS="2042" VPOS="3623" WIDTH="92" />
</TextLine>
<TextLine HEIGHT="49" HPOS="218" STYLEREFS="StyleId-E9C0B5A5-74A6-41AE-892B-8CDB8C895317-" VPOS="3673" WIDTH="278">
<String CONTENT="(33-20279)" HEIGHT="49" HPOS="218" VPOS="3673" WIDTH="278" />
</TextLine>
<TextLine CS="1" HEIGHT="134" HPOS="141" LANG="de" STYLEREFS="StyleId-37C3B92C-DF60-4663-A8C1-26CE2A56AFCC-" VPOS="3761" WIDTH="1968">
<String CONTENT="Stuttgart." HEIGHT="65" HPOS="141" VPOS="3761" WIDTH="326" />
<SP HEIGHT="52" HPOS="468" VPOS="3765" WIDTH="73" />
<String CONTENT="Technische" HEIGHT="54" HPOS="542" VPOS="3765" WIDTH="361" />
<SP HEIGHT="52" HPOS="904" VPOS="3767" WIDTH="68" />
<String CONTENT="hochschule." HEIGHT="54" HPOS="973" LANG="en-US" VPOS="3767" WIDTH="375" />
<SP HEIGHT="51" HPOS="1349" VPOS="3770" WIDTH="77" />
<String CONTENT="Verkehrswissenschaftliches" HEIGHT="126" HPOS="209" VPOS="3769" WIDTH="1900" />
</TextLine>
<TextLine HEIGHT="70" HPOS="408" STYLEREFS="StyleId-37C3B92C-DF60-4663-A8C1-26CE2A56AFCC-" VPOS="3842" WIDTH="686">
<String CONTENT="institut" HEIGHT="53" HPOS="408" VPOS="3842" WIDTH="231" />
<SP HEIGHT="66" HPOS="640" VPOS="3844" WIDTH="26" />
<String CONTENT="f&#252;r" HEIGHT="66" HPOS="667" LANG="de" VPOS="3844" WIDTH="101" />
<SP HEIGHT="52" HPOS="769" VPOS="3845" WIDTH="27" />
<String CONTENT="luftfahrt." HEIGHT="67" HPOS="797" VPOS="3845" WIDTH="297" />
</TextLine>
<TextLine CS="1" HEIGHT="132" HPOS="141" LANG="de" STYLEREFS="StyleId-310C0508-1C91-456F-8B52-5BE3344BF022-" VPOS="3918" WIDTH="1969">
<String CONTENT="Forschungsergebnisse" HEIGHT="70" HPOS="209" VPOS="3918" WIDTH="683" />
<SP HEIGHT="52" HPOS="893" VPOS="3923" WIDTH="36" />
<String CONTENT="des" HEIGHT="53" HPOS="930" VPOS="3923" WIDTH="95" />
<SP HEIGHT="51" HPOS="1026" VPOS="3926" WIDTH="37" />
<String CONTENT="Vorkehrswissenschaftlichen" HEIGHT="55" HPOS="1064" VPOS="3924" WIDTH="873" />
<SP HEIGHT="33" HPOS="1938" VPOS="3946" WIDTH="33" />
<String CONTENT="Instituts" HEIGHT="123" HPOS="141" VPOS="3927" WIDTH="1969" />
</TextLine>
<TextLine HEIGHT="76" HPOS="304" LANG="de" STYLEREFS="StyleId-310C0508-1C91-456F-8B52-5BE3344BF022-" VPOS="3996" WIDTH="1831">
<String CONTENT="f&#252;r" HEIGHT="53" HPOS="304" VPOS="3996" WIDTH="97" />
<SP HEIGHT="50" HPOS="402" VPOS="3998" WIDTH="41" />
<String CONTENT="luftfahrt" HEIGHT="54" HPOS="444" VPOS="3997" WIDTH="285" />
<SP HEIGHT="48" HPOS="730" VPOS="4004" WIDTH="42" />
<String CONTENT="an" HEIGHT="34" HPOS="773" VPOS="4019" WIDTH="73" />
<SP HEIGHT="52" HPOS="847" VPOS="4001" WIDTH="42" />
<String CONTENT="der" HEIGHT="52" HPOS="890" VPOS="4001" WIDTH="99" />
<SP HEIGHT="47" HPOS="990" VPOS="4007" WIDTH="43" />
<String CONTENT="technischen" HEIGHT="53" HPOS="1034" VPOS="4002" WIDTH="361" />
<SP HEIGHT="50" HPOS="1396" VPOS="4005" WIDTH="42" />
<String CONTENT="hochschule" HEIGHT="53" HPOS="1439" VPOS="4005" WIDTH="339" />
<SP HEIGHT="55" HPOS="1779" VPOS="4005" WIDTH="44" />
<String CONTENT="Stuttgart," HEIGHT="67" HPOS="1824" VPOS="4005" WIDTH="311" />
</TextLine>
</TextBlock>
</PrintSpace>
</Page>
</Layout>
</alto>