2484 4405
1042 4111 136 54 1827

117 471 367 67 Culbertson,
516 472 129 66 Ely,
675 476 172 49 1891-

182 547 1869 70 Libro azul de “bridge” por contrato, por Ely Culbertson …
117 628 219 53 version
373 629 304 51 castellana
717 629 68 51 de
823 626 137 54 Luis
999 628 70 51 A.
1108 626 167 52 Lara.
1351 626 138 53 New
1529 626 180 66 York,
1747 626 258 66 London,
2042 625 70 53 D.

115 706 575 68 Appleton-Century
730 724 297 49 company,
1062 705 401 68 incorporated
1522 707 174 63 [c1933]

317 811 8 16 xxxv,
362 778 84 41 550
482 790 41 37 p.
585 778 145 42 16½cm.

184 835 244 42 “Primera
468 834 230 43 ediciôn.”

112 903 50 51 ©
191 908 112 39 Dec.
333 907 67 46 15,
430 908 139 45 1933;
600 907 66 39 2c.
698 908 111 39 Dec.
839 907 81 46 19;
953 906 81 40 aff.
1065 907 111 38 Dec.
1208 905 81 47 20;
1322 907 43 38 A
1393 905 169 47 67620;
1596 906 179 46 Bridge
1805 906 165 46 world,
2002 905 105 45 inc.,

178 964 116 40 New
327 965 143 38 York.
541 964 221 48 (34-466)

116 1081 199 65 Davis,
343 1083 227 52 Horace
597 1083 67 54 B.

182 1159 187 53 Labor
409 1159 113 53 and
562 1159 155 67 steel,
757 1158 74 68 by
873 1159 226 52 Horace
1142 1159 67 52 B.
1252 1158 197 53 Davis.
1525 1159 137 52 New
1706 1158 181 67 York,

113 1158 1979 131 International
402 1236 324 68 publishers
765 1240 192 64 [c1933]

179 1307 1764 51 304 p. 1 illus., plates, pert. 19½cm. [Labor and industry series]
181 1366 101 40 The
313 1366 107 40 first
450 1377 144 30 seven
626 1365 226 49 chapters
883 1366 51 40 of
966 1365 98 41 this
1094 1365 135 40 work
1261 1376 124 29 were
1418 1365 264 40 submitted
1716 1369 47 36 to
1799 1366 77 37 the
1909 1365 204 48 Faculty

112 1423 51 40 of
194 1422 214 49 political
444 1422 185 41 science
661 1426 52 38 ai
746 1421 250 43 Columbia
1033 1421 272 49 university
1337 1423 49 40 in
1418 1421 182 50 partial
1632 1421 282 42 fulfillment
1948 1423 51 40 of
2034 1422 79 41 the

115 1480 347 47 requirements
487 1481 78 39 for
591 1480 80 41 the
695 1481 170 47 degree
892 1481 50 38 of
967 1481 167 39 doctor
1160 1481 50 38 of
1237 1479 299 48 philosophy,
1598 1479 60 48 cf.
1685 1488 42 38 p.
1756 1479 68 40 13.

183 1537 292 41 “Reference
505 1535 165 42 notes”:
733 1548 42 37 p.
806 1535 219 42 272-282.

112 1604 49 51 ©
191 1609 109 39 Dec.
326 1608 68 46 20,
421 1578 143 69 19331
589 1609 66 38 2c.
683 1609 94 38 and
805 1607 80 39 aff.
914 1608 109 39 Dec.
1051 1607 57 41 28;
1163 1608 43 38 A
1231 1606 169 47 68662;
1432 1608 258 39 Internatl.
1719 1607 160 47 pubrs.
1908 1617 81 36 co.,
2019 1607 89 39 inc.

190 1665 219 48 (34-471)

114 1784 84 51 De
231 1784 170 63 Jong,
434 1784 188 52 Ymen
655 1784 193 64 Peter,
884 1783 172 54 1876-

187 1860 120 52 The
348 1859 212 68 primer
599 1862 228 51 manual
868 1859 62 52 of
973 1859 192 54 sacred
1204 1858 220 69 history
1489 1859 92 68 [by]
1627 1859 135 51 Lev.
1810 1858 69 57 Y.
1919 1860 64 52 P.
2026 1858 85 54 De

114 1938 1333 69 Jong, TH . D . Grand Rapids, Mich. [c1933]
176 2012 502 50 3 pt. in 1 V. 20cm.
182 2067 127 40 Title
337 2066 126 40 from
495 2078 153 29 cover.

179 2129 131 38 Each
338 2130 112 45 part
479 2128 88 39 has
597 2128 180 47 special
808 2131 95 44 t.-p.

455 2184 248 39 CONTENTS.—Primer
745 2184 49 40 of
835 2184 243 40 reformed
1120 2184 256 47 doctrines,
1419 2184 119 41 with
1579 2184 249 48 questions
1870 2187 95 37 and
109 2196 1986 91 suggestions.

391 2242 85 38 Bk.
535 2273 7 7 1.
574 2241 88 41 Old
689 2242 281 39 Testament
998 2242 77 38 for
1101 2241 191 47 juniors;
1350 2253 23 28 a
1406 2244 197 38 manual
1633 2243 50 39 of
1712 2245 168 37 sacred
1909 2243 201 46 history,

109 2297 118 39 with
263 2298 248 47 questions
547 2299 95 38 and
680 2299 316 47 suggestions.
1065 2299 88 41 Bk.
1255 2330 7 7 III.
1332 2299 89 40 Old
1459 2300 282 40 Testament
1780 2301 76 38 for
1896 2300 185 40 seniors;

109 2365 26 28 a
165 2357 198 37 manual
391 2356 51 39 of
469 2357 168 38 sacred
666 2355 201 48 history,
898 2355 120 41 with
1045 2356 250 47 questions
1325 2357 96 39 and
1450 2357 319 48 suggestions.

114 2407 50 52 ©
202 2412 126 47 Sept.
392 2443 8 9 1.
434 2411 139 47 1933;
609 2414 66 39 2c.
710 2413 95 39 and
841 2412 80 40 aff.
959 2413 125 47 Sept.
1122 2414 50 45 5;
1210 2414 40 38 A
1284 2413 143 40 65109;
1490 2415 54 39 Y.
1579 2415 49 39 P.
1665 2416 71 38 De
1771 2416 137 46 Jong,
1947 2416 163 39 Grand

180 2469 197 47 Rapids,
406 2470 144 38 Mich.
620 2469 279 48 (33-36382)

116 2584 233 68 Duffus,
380 2587 221 54 Robert
632 2587 245 66 Luther,
912 2591 169 51 1888-

184 2663 123 55 Our
332 2666 260 66 starving
617 2666 260 54 libraries;
935 2666 213 54 studies
1177 2668 56 51 in
1263 2674 93 46 ten
1384 2668 305 55 American
1717 2670 392 54 communities

114 2742 210 68 during
346 2743 94 52 the
463 2744 322 66 depression
810 2763 179 48 years,
1012 2745 74 67 by
1110 2747 67 51 R.
1204 2748 63 50 L.
1291 2747 225 52 Duffus.
1594 2749 214 50 Boston
1834 2750 110 50 and
1971 2750 136 52 New

117 2818 177 69 York,
321 2820 319 68 Houghton
668 2822 201 53 Mifflin
900 2841 297 49 company,
1228 2828 149 50 1933.

188 2889 517 52 2 p. l ., 148 p. 19cm.
114 2946 50 51 ©
196 2952 110 39 Dec.
336 2951 67 41 15.
433 2951 139 46 1933;
604 2951 65 39 2c.
701 2953 110 38 Dec.
841 2953 82 46 28;
957 2952 82 41 aff.
1070 2954 111 39 Dec.
1212 2954 81 46 27;
1328 2954 40 38 A
1399 2954 168 46 68601;
1602 2955 54 40 R.
1690 2954 47 39 L.
1771 2954 190 48 Duffus,
1994 2957 116 38 New

180 3008 143 38 York.
394 3008 220 47 (34-387)

117 3123 185 66 Eddy,
335 3126 148 53 Fred
515 3127 71 63 J.,
620 3126 171 54 1867-

186 3202 1924 72 The right to live (a Magna charta for the race) … By F. J.
119 3279 186 66 Eddy.
370 3281 127 53 Van
526 3282 177 67 Nuys,
735 3283 195 66 Calif.,
958 3287 153 49 1933.

187 3353 283 41 cover-title.
500 3355 53 39 75
582 3365 41 37 p.
685 3355 144 40 25½cm.

115 3404 50 52 ©
195 3410 99 40 Oct.
323 3411 37 45 7,
389 3410 139 41 1933;
557 3413 66 38 2c.
653 3412 99 40 Oct.
782 3413 80 40 12:
894 3412 80 41 aff.
1004 3414 111 40 Dec.
1145 3414 51 40 8;
1226 3414 40 38 A
1294 3415 169 46 68489;
1495 3415 50 38 F.
1577 3416 41 38 J.
1648 3416 151 45 Eddy,
1829 3416 106 38 Van
1962 3417 149 44 Nuys,

182 3466 141 41 Calif.
396 3468 220 47 (34-325)

119 3581 186 67 Eddy,
336 3587 137 51 Mrs.
506 3587 172 62 Mary
709 3587 253 65 (Baker)
1005 3592 324 50 1821-1910.

188 3661 1923 75 Terugblik en inblik, door Mary Baker Eddy … English-
119 3737 191 54 Dutch
347 3739 84 54 eel.
507 3742 232 67 Boston,
778 3743 85 53 De
902 3743 348 54 Beheerders
1288 3746 230 67 volgens
1558 3746 107 53 den
1705 3745 272 55 uitersten
2018 3747 94 53 wil

121 3833 107 34 van
258 3816 169 68 Mary
458 3818 188 53 Baker
676 3820 67 54 G.
774 3822 174 66 Eddy
982 3825 193 64 [c1933]

189 3888 81 47 xii,
301 3890 70 48 [1],
400 3891 67 46 95,
495 3892 69 41 95.
597 3895 54 46 [1]
681 3904 41 37 p.
786 3895 143 39 19½cm.

193 3946 157 48 Paged
380 3948 49 38 in
458 3948 258 49 duplicate.

192 4002 165 41 Added
387 4007 97 46 t.-p.:
545 4004 366 50 Retrospection
941 4008 96 40 and
1067 4009 364 49 introspection.
