2582 4453
447 459 256 65 Church,
732 459 208 64 Peggy
967 459 183 54 Pond.

515 532 1945 71 Foretaste [by] Peggy Pond Church. Writers’ editions.
445 613 180 55 Santa
655 614 97 68 Fe,
780 613 68 53 N.
879 614 79 51 M.
994 648 12 34 [
1012 620 18 21 c
1035 616 135 49 1933
1177 647 11 34 ]

515 684 708 51 5 p. l., 3-73, [1] p. 19½ cm .
517 743 1369 49 “Two hundred fifty copies … have been handset
1919 744 48 41 in
2000 746 179 41 Caslon
2210 746 77 41 old
2322 747 139 46 style,

446 802 195 49 printed
669 803 96 40 and
796 803 161 40 bound
987 803 61 47 by
1079 803 83 39 the
1191 802 161 47 Rydal
1381 812 138 39 press
1548 803 52 40 of
1629 802 159 41 which
1819 803 100 41 this
1949 803 42 42 is
2019 815 75 30 no.
2125 803 70 43 75."
2286 804 176 49 Signed

443 862 62 48 by
543 863 82 38 the
665 862 194 39 author.

516 920 186 40 Poems.

447 991 51 52 ©
534 996 112 39 Dec.
682 996 68 39 14,
788 994 113 40 1933:
965 995 69 39 2c.
1070 995 94 38 and
1201 993 79 40 aff.
1319 994 113 39 Dec.
1468 993 82 41 19:
1588 994 39 38 A
1664 993 171 41 68538:
1874 994 50 39 P.
1962 994 50 41 P.
2050 994 209 47 Church,
2297 994 171 49 Otowi,

561 1087 7 6 N.
604 1054 63 38 M.
739 1052 194 48 (34-27)

449 1172 194 64 Clark,
672 1173 142 62 May
840 1172 276 54 Roberts.

518 1248 241 54 Eternal
798 1254 178 64 quest,
1015 1247 72 70 by
1126 1246 139 71 May
1306 1247 242 55 Roberts
1588 1246 192 56 Clark.
1856 1244 427 71 Philadelphia,
448 1246 1994 136 Dorrance

641 1330 45 50 &
717 1348 96 45 co.,
842 1328 107 53 inc.
983 1362 13 34 [
1002 1335 18 21 c
1026 1330 134 49 1933
1166 1361 13 35 ]

516 1401 88 40 136
628 1413 43 37 p.
734 1400 56 40 19
793 1403 43 21 cm
841 1434 9 8 .
922 1400 303 51 (Half-title:
1251 1401 386 49 Contemporary
1663 1404 137 46 poets
1824 1402 51 39 of
1902 1402 264 46 Dorrance,
2192 1403 110 46 116)

517 1459 393 49 “Chapter-head
933 1469 164 38 poems
1122 1458 129 40 from
1277 1460 81 39 the
1384 1459 326 47 unpublished
1735 1462 154 45 novel,
1914 1461 165 39 ‘Taka’
2101 1459 23 13 ”:
2183 1471 40 37 p.
2247 1457 217 45 111-119.

448 1530 52 53 ©
530 1537 111 39 Dec.
669 1536 39 41 2.
737 1535 143 46 1933;
910 1536 67 39 2c.
1005 1535 112 40 Dec.
1148 1536 51 39 7:
1230 1534 83 42 aff.
1342 1535 113 40 Dec.
1484 1534 82 46 13;
1597 1535 39 38 A
1666 1533 171 43 67509;
1869 1536 249 39 Dorrance
2147 1536 36 39 &
2212 1546 82 35 co.,
2324 1535 92 40 inc.

526 1592 194 49 (34-25)

450 1713 273 64 Cozzens,
757 1713 205 53 James
994 1712 207 56 Gould.

584 1786 1884 72 … Ein schiff geht unter, roman. Berlin [etc.] P. Zsolnay,
453 1870 152 53 1933.

515 1940 570 51 131, [1] p. 19 × 11 cm .
516 2000 63 40 At
609 2000 127 40 head
766 1999 52 40 of
848 1999 137 41 title:
1020 1999 44 41 J.
1098 1999 53 41 G.
1183 2000 224 41 Cozzens.

519 2058 245 41 "Deutsch
797 2069 93 29 von
922 2056 157 42 Annie
1112 2056 214 42 Polzer.”

447 2116 2025 53 © June 1. 1933: 1c. Nov. 21: A-Foreign 22804: Paul Zsolnay verlag,
518 2190 103 36 a.-g.
699 2178 193 48 (34-35)

451 2300 287 63 Creange,
773 2299 226 63 Henry.

519 2376 122 53 The
667 2376 192 68 guilds
886 2376 65 53 of
976 2376 287 66 America,
1288 2376 75 68 by
1388 2377 205 67 Henry
1620 2377 274 67 Creange.
1977 2378 271 66 [Weston,
2274 2378 192 58 Mass.,

446 2461 18 21 c
470 2459 152 64 1933]

523 2528 91 41 xiii
641 2538 58 37 p.,
726 2528 26 39 5
801 2560 22 15 l.,
850 2528 86 39 205
960 2538 42 37 p.
1066 2526 180 47 diagrs.
1275 2526 48 44 (1
1351 2526 133 43 fold.,
1513 2527 49 40 in
1589 2528 197 48 pocket)
1856 2528 55 41 27
1915 2530 43 21 cm
1965 2561 7 8 .

525 2584 353 41 “References”
904 2588 50 37 at
981 2585 92 40 end
1101 2586 51 38 of
1176 2596 132 29 some
1333 2585 52 39 of
1410 2586 82 40 the
1519 2586 243 47 chapters.

449 2639 51 52 ©
533 2646 111 39 Dec.
675 2644 39 41 8.
746 2644 113 41 1933:
919 2643 65 41 2c.
1017 2645 112 39 Dec.
1162 2644 51 40 8:
1248 2644 81 40 aff.
1361 2645 113 39 Dec.
1506 2645 82 40 14:
1623 2645 40 38 A
1694 2644 170 40 67541:
1899 2645 58 38 H.
1993 2645 230 40 Creange.
2256 2644 214 40 Weston.

521 2703 144 39 Mass.
739 2702 194 46 (34-45)

451 2819 263 65 Crowell,
764 2819 191 54 Olivia
1004 2820 288 55 Stockton
1325 2820 309 66 (Murray):
1723 2822 140 52 "Mrs.
1910 2821 254 53 Preston
2212 2822 69 53 R.
519 2821 1924 138 Crowell,”
738 2898 172 53 1870-

523 2976 176 58 Stow,
740 2978 466 55 Massachusetts,
1251 2982 329 54 1683-1933,
1621 2978 283 69 compiled
1945 2978 61 52 in
2043 2979 183 51 honor
2267 2978 63 52 of
2370 2979 96 51 the

444 3062 113 46 two
598 3055 263 54 hundred
902 3055 217 54 fiftieth
1162 3057 375 68 anniversary
1577 3057 65 53 of
1679 3057 96 53 the
1813 3062 171 47 town.
2064 3054 174 70 Stow,
2277 3056 192 67 Mass.,

446 3135 138 52 Rev.
612 3135 113 53 and
753 3134 140 54 Mrs.
921 3136 64 52 P.
1015 3135 69 53 R.
1114 3135 247 55 Crowell
1393 3169 13 33 [
1411 3141 18 21 c
1434 3137 154 65 1933]

517 3208 65 49 ix,
613 3210 84 39 111
727 3221 43 37 p.
831 3210 166 46 front.,
1027 3212 173 46 plates,
1230 3213 165 46 ports.,
1425 3220 125 38 map,
1580 3210 192 41 facsim.
1813 3210 49 49 (7
1913 3210 35 48 l.)
2015 3209 60 41 26½
2105 3211 44 22 cm
2155 3241 9 9 .

517 3267 215 41 Written
770 3268 61 47 by
870 3267 160 41 Olivia
1073 3268 45 41 S.
1157 3268 205 41 Crowell
1403 3267 120 41 with
1563 3270 81 38 the
1683 3267 354 41 collaboration
2076 3267 52 41 of
2165 3267 207 41 Preston
2411 3266 56 42 R.

446 3324 221 41 Crowell.

519 3381 404 49 “Genealogies”:
954 3394 43 37 p.
1026 3382 191 42 93-111.

447 3435 51 52 ©
525 3441 112 40 Dec.
664 3442 40 46 7,
729 3440 142 47 1933;
898 3441 68 40 2c.
992 3442 112 39 Dec.
1131 3440 53 47 9;
1213 3440 81 40 aff.
1321 3441 113 39 Dec.
1461 3440 51 40 8:
1541 3440 40 39 A
1607 3440 171 41 67435:
1808 3440 161 41 Olivia
1999 3440 45 41 S.
2072 3439 220 46 Crowell,
2323 3439 145 45 Stow,

514 3498 146 40 Mass.
736 3498 282 48 (33-38014)

449 3611 281 68 Davison,
758 3614 324 56 Archibald
1111 3615 358 67 Thompson,
1500 3619 134 51 1883-

516 3694 333 54 Protestant
875 3696 209 54 church
1113 3696 178 53 music
1317 3695 57 54 in
1401 3695 267 54 America
1703 3695 109 69 [by]
1845 3694 319 55 Archibald
2191 3695 65 52 T.

446 3692 1990 149 Davison … Boston. Mass., E. C. Schirmer music co. [c1933]
519 3843 63 49 ix,
615 3845 85 41 182
732 3857 42 37 p.
837 3847 128 40 illus.
995 3847 205 48 (music)
1270 3848 53 39 21½
1358 3850 45 21 cm
1409 3881 8 7 .

522 3903 160 40 “Four
710 3904 125 40 brief
859 3905 111 38 lists
997 3904 52 40 of
1074 3906 190 47 hymns,
1289 3905 239 44 anthems,
1556 3916 151 33 organ
1733 3903 259 42 selections
2018 3904 93 39 and
2139 3902 164 47 junior
2331 3903 133 40 choir

448 3959 316 42 selections”:
797 3972 42 37 p.
870 3961 218 42 173-175.

444 4012 52 53 ©
572 4028 71 31 Nov.
672 4019 68 45 24,
770 4019 141 41 1933:
942 4020 66 40 2c.
1039 4021 112 40 Dec.
1179 4021 51 44 8;
1263 4020 80 40 aff.
1376 4022 110 38 Dec.
1517 4021 52 42 9;
1601 4022 39 38 A
1670 4021 172 39 68446:

1878 4021 47 37 E.
1959 4019 47 41 C.
2040 4018 244 41 Schirmer
2316 4016 152 41 music

515 4086 66 32 co.
658 4076 193 48 (34-53)
