2582 4453
1322 4099 136 54 1704

366 407 270 68 Kendall,
668 407 249 57 Charles
949 407 221 64 Edgar,
1205 409 174 51 1853-

436 487 57 53 A
518 487 175 68 study
718 486 64 55 of
809 486 97 55 the
933 485 277 54 domestic
1236 491 176 48 water
1437 487 215 67 supply
1681 485 63 54 of
1768 485 377 66 Winchester,

367 485 1997 148 Massachusetts,
666 566 76 67 by
772 564 239 56 Charles
1043 565 70 52 E.
1142 564 273 53 Kendall.
1481 564 379 67 Winchester,
1890 564 192 67 Mass.,
2110 564 280 55 Winslow

368 663 156 50 press
565 678 13 34 [
583 651 17 21 c
605 647 156 64 1933]

439 714 862 54 4 p. l., 26 p. plates, ports. 23 cm.
441 786 75 43 On
543 798 143 32 cover:
747 789 170 40 Water
946 786 356 43 conservation.

371 844 52 53 ©
462 848 101 41 Oct.
600 848 70 47 12,
707 845 116 42 1933;
888 847 67 39 2c.
995 846 97 39 and
1128 845 53 40 aff.
1249 846 118 40 Nov.
1405 846 83 47 27;
1529 847 40 38 A
1605 846 172 48 68336;
1819 846 50 42 C.
1908 848 52 38 E.
1999 847 226 48 Kendall,
439 847 1939 106 Winchester,
678 906 147 39 Mass.
898 903 284 48 (33-36964)

369 1005 243 69 Kunitz,
638 1008 250 65 Stanley
915 1007 276 64 Jasspon,
1223 1010 173 50 1904-
1611 1009 85 53 ed.

438 1087 260 54 Authors
735 1088 177 68 today
948 1088 114 52 and
1096 1087 322 68 yesterday,
1454 1106 31 33 a
1521 1088 341 67 companion
1899 1088 226 55 volume
2161 1093 57 48 to
370 1089 1995 148 Living

506 1167 255 68 authors,
796 1167 191 53 edited
1020 1166 75 68 by
1134 1165 238 69 Stanley
1407 1167 56 54 J.
1497 1166 249 68 Kunitz;
1785 1168 261 53 Howard
2079 1167 312 68 Haycraft,

370 1245 316 71 managing
713 1245 203 69 editor,
945 1245 232 57 Wilbur
1206 1245 63 57 C.
1300 1244 271 70 Hadden,
1601 1245 269 55 editorial
1900 1246 270 56 assistant;
371 1246 1996 135 illustrated
594 1326 142 54 with
771 1329 103 51 320
910 1325 399 69 photographs
1345 1326 113 53 and
1493 1325 309 68 drawings.
1879 1326 138 53 New
2055 1326 179 66 York,
2269 1328 119 52 The

370 1406 77 56 H.
473 1407 91 54 W.
592 1405 228 56 Wilson
845 1423 300 50 company,
1177 1408 152 50 1933.

445 1479 81 47 vii,
561 1479 71 50 [1],
664 1478 87 42 726
779 1490 44 37 p.
885 1478 131 42 illus.
1043 1477 202 49 (ports.)
1314 1477 57 41 26
1373 1480 44 21 cm
1423 1511 8 8 .

448 1537 178 42 “Short
662 1538 233 40 accounts
930 1536 51 40 of
1017 1536 82 41 the
1133 1535 124 41 lives
1292 1536 96 40 and
1422 1535 162 41 works
1619 1535 52 41 of
1706 1545 131 31 some
1871 1534 87 42 320
1994 1536 194 41 writers
2226 1536 50 41 of
2314 1539 79 38 the

375 1594 258 41 twentieth
662 1593 446 49 century.”—Pref.

448 1651 167 42 “Joint
659 1652 148 40 index
853 1655 48 37 to
945 1651 313 48 biographies
1301 1651 51 39 in
1394 1650 219 41 Authors
1659 1651 148 48 today
1850 1651 96 40 and
1991 1653 262 47 yesterday
2299 1653 94 40 and

377 1707 174 51 Living
576 1708 234 42 authors”:
870 1720 43 37 p.
944 1708 252 51 [721]-726.

373 1779 53 52 ©
457 1784 112 39 Dec.
599 1784 41 45 4,
671 1782 142 47 1933;
846 1782 66 40 2c.
944 1783 112 39 Dec.
1089 1782 55 39 15;
1205 1781 81 41 aff.
1319 1782 114 41 Dec.
1463 1781 82 46 13;
1579 1781 42 39 A
1651 1780 172 49 67540;
1858 1782 60 39 H.
1950 1783 72 39 W.
2054 1782 189 40 Wilson
2273 1792 68 30 co.

453 1840 283 49 (33-27467)

372 1943 267 67 Lavisse,
674 1944 242 65 Ernest,
953 1945 330 52 1842-1922.

507 2021 1619 68 … Histoire de France; cours moyen deuxième année
2151 2028 57 47 et
375 2021 1996 134 certificat
550 2101 284 68 d’études;
878 2101 175 54 classe
1092 2102 70 52 de
1199 2101 32 53 7
1235 2107 19 22 e
1293 2102 96 52 des
1428 2100 182 70 lycées
1650 2107 56 47 et
1743 2102 240 69 collèges
2037 2103 267 68 (garçons
2344 2109 54 46 et

375 2180 2023 70 jeunes filles) avec la collaboration de Pierre Conard … Paris,
373 2260 73 53 A.
480 2259 188 68 Colin,
701 2262 153 51 1933.

449 2331 1473 51 2 p. l., 348 p. illus. (incl. ports., maps, plans) 19 ½ cm .
377 2388 53 52 ©
467 2392 118 48 July
620 2391 69 47 10,
727 2391 141 46 1933;
968 2424 7 7 1c.
1014 2391 102 40 Oct.
1153 2391 83 46 24;
1276 2390 103 39 A-
1381 2390 210 49 Foreign
1628 2391 172 47 22544;
1842 2393 116 38 Max
1996 2392 194 41 Leclerc
2227 2393 37 40 &
2301 2394 100 45 cie.,

443 2449 156 41 Paris.
672 2448 283 49 (33-37249)

377 2552 286 63 Lawyers
689 2551 401 64 co-operative
1118 2550 345 65 publishing
1490 2567 310 48 company.

449 2630 186 53 Index
671 2635 59 48 to
765 2629 97 54 the
897 2647 125 36 new
1058 2629 252 53 Probate
1346 2629 140 54 code
1519 2628 65 55 of
1622 2628 170 69 Ohio,
1828 2630 142 53 with
2006 2631 244 68 parallel

379 2629 2000 134 references
624 2714 59 48 to
709 2707 155 57 Ohio
887 2707 456 70 jurisprudence.
1419 2708 328 68 Rochester,
1773 2708 70 54 N.
1871 2709 91 68 Y.,
1987 2710 122 53 The
2133 2710 270 69 Lawyers

377 2788 390 69 co-operative
798 2787 340 70 publishing
1168 2804 301 51 company,
1503 2790 152 50 1932.

447 2862 83 41 102
565 2873 41 39 p.
669 2861 57 41 24
728 2864 45 22 cm
778 2893 10 10 .

377 2916 53 54 ©
463 2921 114 49 Apr.
610 2921 70 47 25,
713 2920 143 47 1932;
891 2921 69 40 2c.
993 2919 114 49 Apr.
1141 2919 83 48 26;
1262 2918 82 42 aff.
1378 2919 114 49 Apr.
1527 2919 83 48 27;
1646 2919 41 40 A
1718 2919 174 48 49761;
1929 2920 232 48 Lawyers
450 2929 1936 91 co-operative
613 2979 110 48 pub.
756 2990 67 29 co.
896 2977 283 49 (33-35696)

379 3082 275 66 Leblanc,
685 3081 284 67 Maurice,
1005 3085 172 50 1864-

511 3160 1885 69 … La femme aux deux sourires, par Maurice Leblanc. Paris,
380 3241 512 68 P. Lafitte [ c 1933]
453 3311 1750 52 256 p. 19 cm. (His Aventures extraordinaires d’Arsène Lupin)
379 3370 53 52 ©
461 3373 113 49 Apr.
608 3373 68 47 12,
707 3372 142 42 1933:
883 3373 66 39 1c.
981 3372 103 40 Oct.
1114 3372 83 46 24;
1231 3371 315 48 A-Foreign
1575 3370 173 48 22499;
1782 3371 247 40 Librairie
2056 3371 259 41 Hachette.

459 3430 283 50 (33-37206)

382 3535 135 64 Lee,
544 3534 148 54 Jack
721 3535 75 57 H.

452 3613 161 53 West
638 3611 63 53 of
726 3612 245 53 Powder
996 3611 170 68 river,
1189 3613 142 51 tales
1357 3611 63 53 of
1444 3611 95 53 the
1567 3610 95 53 far
1686 3611 162 54 West
1871 3610 124 54 told
2020 3609 59 54 in
2105 3608 295 55 narrative

385 3709 174 51 verse,
595 3691 74 68 by
706 3690 279 53 “Powder
1023 3689 212 54 River”
1271 3690 149 55 Jack
1457 3691 76 52 H.
1571 3690 139 66 Lee;
1751 3688 140 53 with
1931 3708 31 34 a
1998 3688 290 53 foreword
2324 3687 74 71 by

384 3770 295 68 Courtney
703 3770 168 68 Riley
899 3769 240 69 Cooper,
1166 3770 111 53 and
1303 3768 140 54 with
1468 3769 384 54 illustrations
1875 3769 75 68 by
1975 3769 149 53 Paul
2146 3767 252 55 Honoré.

383 3848 138 55 New
553 3849 181 65 York,
760 3849 376 68 Huntington
1169 3868 156 49 press
1359 3882 12 34 [
1378 3854 17 21 c
1401 3851 152 64 1933]

452 3920 479 52 204 p. illus. 19½ cm.
385 3976 2016 53 © Oct. 13, 1933; 2c. and aff. Dec. 1; A 67323; J. H . Lee, Deer Lodge,
450 4038 152 41 Mont.
674 4037 282 49 (33-36941)
