2582 4453
1277 4111 103 54 470

303 426 196 64 Stout,
532 426 147 56 Rex.

378 502 206 53 Forest
616 501 119 69 fire,
767 501 77 70 by
877 502 124 52 Rex
1038 500 187 55 Stout.
1298 500 139 53 New
1474 499 184 70 York,
1692 500 218 53 Farrar
1947 501 46 51 &
2026 499 304 69 Rinehart,

306 580 635 70 incorporated [ c 1933]
378 654 27 41 3
431 666 44 37 p.
502 655 45 48 l.,
574 653 147 42 3-305
745 664 44 38 p.
850 653 56 41 19½
939 655 45 22 cm
988 685 10 9 .

311 723 52 53 ©
401 728 116 48 Apr.
554 728 69 46 13,
662 725 141 47 1933;
844 727 67 40 2c.
949 727 96 39 and
1085 725 83 41 aff.
1207 726 114 48 Apr.
1360 726 83 46 14;
1483 726 41 39 A
1561 724 172 48 62032;
1774 726 55 38 R.
1872 725 156 47 Stout,
2069 726 260 46 Brewster,

382 786 56 39 N.
469 786 53 39 Y.
594 782 253 50 (33-9099)

327 886 250 65 [Turner,
607 887 157 55 John
793 884 225 71 Victor]
1056 892 174 50 1900-

379 967 123 53 The
555 965 342 69 foursquare
947 966 250 65 murder,
1248 965 76 68 by
1377 962 195 57 David
1624 965 193 54 Hume
1893 965 216 68 [pseud.]
2189 967 138 51 New

309 1045 181 68 York,
515 1046 68 54 R.
612 1046 80 52 M.
719 1044 279 55 McBride
1023 1049 44 50 &
1093 1063 300 49 company,
1423 1048 151 51 1933.

379 1120 102 46 318,
521 1121 57 48 [1]
617 1130 44 37 p.
721 1118 57 41 19½
810 1121 45 22 cm
860 1151 9 9 .

313 1187 52 53 ©
393 1193 127 38 Mar.
543 1192 71 47 28,
642 1190 114 42 1933;
813 1190 68 41 2c.
909 1191 116 48 Apr.
1052 1190 82 46 12;
1164 1190 84 40 aff.
1275 1189 114 49 Apr.
1418 1190 84 47 10;
1531 1190 43 39 A
1601 1188 173 49 60981;
1805 1190 43 40 J.
1879 1190 54 41 V.
1962 1190 202 48 Turner,
2196 1190 136 48 Deal,

383 1250 145 48 Kent,
561 1250 238 48 England.
871 1247 253 51 (33-8986)

310 1352 129 55 Van
467 1351 283 67 Buskirk,
782 1353 205 65 Edgar
1012 1351 355 67 Flandreau,
1398 1358 173 50 1883-

380 1427 1890 72 The science of everyday life, by Edgar F. Van Buskirk …
312 1507 1958 69 and Edith Lillian Smith … assisted by Walter L. Nourse …
311 1586 236 66 Boston,
583 1585 138 53 New
759 1585 162 54 York
978 1591 122 63 [etc.]
1142 1585 321 68 Houghton
1499 1583 204 56 Mifflin
1741 1604 280 51 company
2063 1620 13 34 [
2081 1592 18 22 c
2105 1588 153 66 1933]

378 1657 118 50 xvii,
517 1658 72 50 [1],
609 1657 99 49 620,
727 1657 121 41 xviii
867 1669 43 37 p.
972 1658 88 42 col.
1077 1658 166 49 front.,
1262 1657 130 42 illus.
1421 1658 135 49 (incl.
1573 1658 164 50 maps)
1765 1659 87 41 col.
1870 1658 158 50 plates
2058 1659 48 49 (1
2126 1661 199 48 double)

309 1714 183 50 diagrs.
555 1715 58 41 19½
645 1717 44 22 cm
694 1747 10 10 .

384 1773 149 41 “New
561 1771 229 44 edition.”

369 1831 230 41 Includes
628 1828 398 50 bibliographies.

316 1901 52 53 ©
397 1907 122 38 Mar.
547 1905 69 46 27,
644 1904 142 47 1933;
815 1904 68 42 2c.
911 1905 97 40 and
1035 1903 83 41 aff.
1146 1904 114 48 Apr.
1288 1905 53 46 3;
1372 1904 40 38 A
1440 1903 171 47 61188;
1643 1903 267 48 Houghton
1938 1902 169 42 Mifflin
2135 1915 68 29 co.
2266 1899 70 53 [©

385 1962 334 42 introduction
751 1963 97 39 and
878 1961 313 50 corrections]
1265 1961 253 49 (33-8772)

309 2066 298 66 Wadsley,
637 2066 185 56 Olive.

384 2147 410 66 Tournament,
826 2164 31 35 a
886 2146 168 53 novel
1083 2145 76 69 by
1191 2144 169 56 Olive
1391 2145 290 68 Wadsley.
1757 2146 140 53 New
1930 2144 181 69 York,
2143 2147 191 67 Dodd,

311 2226 174 53 Mead
512 2228 46 51 &
585 2243 301 50 company,
916 2228 151 51 1933.

385 2301 26 39 3
442 2310 44 38 p.
515 2300 45 47 l.,
590 2299 89 40 314
706 2308 44 39 p.
811 2298 57 41 19
869 2300 46 21 cm
919 2330 10 9 .

320 2353 52 53 ©
405 2357 115 48 Apr.
554 2357 39 47 6,
626 2356 142 48 1933;
803 2356 67 41 2c.
903 2358 97 39 and
1031 2356 83 41 aff.
1148 2356 115 48 Apr.
1294 2355 83 48 12;
1413 2356 41 40 A
1486 2355 172 49 60988;
1695 2357 155 47 Dodd,
1886 2357 142 40 Mead
2062 2356 37 41 &
2131 2365 82 32 co.
2248 2356 91 41 inc.

397 2413 253 50 (33-8985)

311 2518 295 66 Webster,
635 2518 255 65 Hutton,
924 2518 172 56 1875-

316 2593 1997 151 Modern European civilization, by Hutton Webster … Boston, New York [etc.] D. C. Heath and company [ c 1933]
389 2747 166 48 xxxvi,
588 2747 87 41 795
704 2757 45 38 p.
809 2747 86 40 col.
928 2747 164 48 front.,
1127 2747 143 48 illus.,
1301 2748 173 47 plates,
1505 2749 165 46 ports.,
1705 2757 150 39 maps,
1890 2747 181 49 diagrs.
2131 2747 58 42 20
2191 2750 45 22 cm
2240 2780 10 9 .

392 2804 149 41 “This
574 2804 150 41 latest
759 2804 213 41 revision
1004 2804 53 41 of
1088 2805 83 40 the
1206 2803 220 42 author’s
1461 2804 203 42 Modern
1698 2804 262 49 European
1994 2804 204 49 history,
2234 2804 108 43 first

318 2860 258 48 published
611 2860 51 41 in
695 2860 130 50 1920,
862 2862 91 40 has
987 2860 120 42 been
1143 2872 52 30 so
1232 2862 253 41 extensive
1519 2863 96 39 and
1651 2872 52 31 so
1741 2862 242 48 thorough
2019 2863 112 41 that
2168 2873 28 31 a
2233 2872 106 32 new

321 2917 108 43 title
464 2929 155 31 seems
650 2921 49 39 to
732 2917 55 43 be
821 2917 315 50 appropriate
1169 2918 83 42 for
1282 2918 136 43 what
1451 2918 42 42 is
1527 2918 352 51 substantially
1912 2932 28 29 a
1973 2929 108 32 new
320 2918 2022 98 book.”—Pref.

391 3030 349 50 “Suggestions
774 3031 81 42 for
887 3032 198 42 further
1119 3031 204 50 study”:
1359 3042 44 39 p.
1435 3031 314 50 xxv-xxxiv;
1786 3032 341 51 bibliography
2162 3037 52 38 at
2247 3034 94 42 end

319 3088 54 40 of
398 3092 127 38 most
552 3088 52 42 of
629 3089 81 41 the
738 3090 244 48 chapters.

325 3142 52 53 ©
410 3149 123 40 Mar.
565 3147 70 42 24.
667 3147 142 47 1933;
842 3148 67 41 2c.
943 3150 95 39 and
1072 3149 82 40 aff.
1186 3150 116 47 Apr.
1334 3151 53 45 1;
1422 3149 41 39 A
1494 3149 172 48 60866;
1702 3150 61 40 H.
1797 3150 235 49 Webster,
2067 3148 274 50 Princeton,

391 3205 57 40 N.
477 3205 44 40 J.
592 3205 254 49 (33-8959)

320 3305 266 67 Weigall,
617 3309 237 53 Arthur
887 3309 256 54 Edward
1176 3310 220 54 Pearse
1427 3310 235 63 Brome,
1698 3316 170 50 1880-

392 3383 331 55 Alexander
765 3385 96 54 the
905 3385 181 56 Great
1148 3385 94 71 [by]
1290 3386 228 54 Arthur
1557 3387 269 71 Weigall.
1906 3387 140 54 New
2089 3388 165 54 York
2296 3391 46 51 &

322 3462 259 65 London,
609 3462 68 56 G.
705 3463 65 54 P.
798 3463 299 55 Putnam’s
1124 3482 150 51 sons,
1304 3467 150 55 1933.

394 3535 482 50 xv, 352 p. 24 ½cm .
327 3589 52 53 ©
410 3596 122 40 Mar.
561 3596 69 41 31.
661 3594 142 48 1933;
835 3596 65 40 2c.
933 3597 95 39 and
1058 3596 83 40 aff.
1170 3597 113 49 Apr.
1312 3599 54 40 4:
1399 3598 43 40 A
1469 3597 171 49 60902;
1674 3599 54 40 A.
1760 3600 54 39 E.
1844 3601 50 39 P.
1926 3601 54 39 B.
2012 3598 221 47 Weigall.
2268 3599 76 41 So.

395 3652 302 47 Holmwood,
733 3653 196 48 Surrey,
962 3654 238 47 England.
1273 3654 252 49 (33-8960)

319 3752 262 56 Welfare
611 3755 225 55 council
862 3758 65 53 of
953 3758 147 52 New
1126 3758 163 53 York
1319 3758 141 65 city.
1535 3760 285 55 Research
1848 3760 231 55 bureau.

455 3834 1880 74 … Brooklyn house numbers in health areas … [New York]
323 3912 283 53 Research
639 3912 232 67 bureau,
904 3914 260 55 Welfare
1198 3916 220 56 council
1453 3917 64 53 of
1550 3919 139 52 New
1724 3918 164 53 York
1920 3918 134 67 city.
2089 3922 150 50 1932.

396 3984 82 46 vii,
512 3984 87 43 140
629 3996 43 38 p.
732 3986 56 41 23
792 3989 44 21 cm
841 4019 9 9 .
921 3987 220 48 (Section
1175 3990 26 39 3
1234 3989 53 40 of
1320 3989 156 48 Study
1508 3990 57 40 10
1596 3991 52 41 of
1680 3991 81 40 the
1795 3992 244 39 Research
2072 3992 183 40 bureau
2291 3992 51 39 of

326 4041 81 41 the
438 4042 218 42 Welfare
688 4044 214 48 council)
