2582 4453
1345 4136 136 50 1396

459 524 71 49 95,
562 524 55 51 [1]
646 536 43 37 p.
716 525 108 40 incl.
853 525 151 41 front.
1033 525 51 48 (2
1109 524 150 50 port.)
1297 525 144 48 illus.,
1470 524 182 49 diagrs.
1713 536 63 38 pl.
1836 524 56 41 19cm.

395 594 52 51 ©
477 598 130 47 Sept.
632 598 69 46 28,
730 597 139 48 1933;
899 598 67 40 2c.
997 598 129 48 Sept.
1153 598 83 46 30;
1266 597 82 41 aff.
1380 599 128 48 Sept.
1535 598 83 47 29;
1649 599 42 38 A
1717 598 143 40 66373;
1961 631 8 8 C.
1998 598 163 42 Clark.
2191 596 229 50 Chicago.

469 655 284 49 (33-28920)

391 756 230 69 Clarke,
656 758 158 56 Eliot
849 758 335 69 Charming,
1220 763 172 52 1845-

464 838 351 56 Astronomy
853 837 151 53 from
1039 857 29 33 a
1107 837 224 69 dipper,
1368 837 72 69 by
1474 836 159 54 Eliot
1672 837 60 55 C.
1772 836 238 67 Clarke;
2049 835 141 53 with
2226 836 192 55 charts

391 915 71 70 by
491 915 96 56 the
617 916 221 53 author.
899 916 136 52 New
1067 916 86 56 ed.
1183 916 142 52 with
1355 921 113 48 two
1497 916 321 54 additional
1850 916 279 68 chapters.
2197 915 218 54 Boston

386 996 114 53 and
536 994 136 53 New
713 994 180 69 York,
927 995 318 68 Houghton
1279 992 206 56 Mifflin
1521 1013 279 51 company
1842 997 194 66 [c1933]

458 1080 1504 53 4 p. l., vii-viii, 72, [1] p. incl. illus., plates. 12½ ½ 21½cm.
461 1139 203 41 Printed
697 1140 51 40 in
781 1140 110 40 blue
924 1140 98 40 ink.

394 1210 53 54 ©
478 1215 130 49 Sept.
637 1215 70 47 22,
736 1214 142 48 1933;
910 1214 67 42 2C.
1011 1213 129 50 Sept.
1169 1214 83 48 27;
1285 1214 81 41 aff.
1402 1214 127 49 Sept.
1560 1214 83 48 25;
1675 1214 41 40 A
1745 1213 172 49 66291;
1951 1215 266 48 Houghton
2249 1213 170 41 Mifflin

467 1285 66 29 co.
607 1272 283 49 (33-28434)

391 1377 245 67 Claudy,
669 1379 136 53 Carl
837 1379 221 65 Harry,
1093 1377 173 55 1879-

579 1457 1838 69 … Treasures of darkness, a mystery; illustrated by F. T.
394 1537 1998 149 Chapman … Garden City, N. Y., Doubleday, Doran & company, inc., 1933.
468 1689 938 51 5 p. l., 3-288 p. col. front. 20½cm.
471 1751 64 39 At
562 1750 124 40 head
715 1750 52 40 of
795 1750 137 40 title:
962 1750 115 41 Carl
1104 1749 62 42 H.
1194 1749 204 48 Claudy.

471 1807 205 41 “Junior
707 1807 194 41 books.”

470 1864 147 43 “This
646 1865 40 41 is
715 1876 28 30 a
770 1865 175 41 Junior
973 1867 217 46 mystery
1218 1865 109 40 club
1356 1864 166 42 book.”

469 1923 164 42 “First
666 1923 228 41 edition.”

399 1990 51 53 ©
482 1995 101 41 Oct.
611 1997 40 46 4,
681 1995 113 41 1933;
853 1996 68 40 2c.
950 1997 95 39 and
1076 1995 81 40 aff.
1190 1995 103 41 Oct.
1322 1997 51 45 7;
1405 1995 41 39 A
1475 1995 171 46 65491;
1680 1996 48 40 C.
1760 1996 61 39 H.
1850 1995 203 49 Claudy,
2084 1994 339 50 Washington.

476 2053 284 50 (33-28724)
2209 2052 120 43 9220

393 2158 250 64 Damon,
675 2159 281 54 Kenneth
988 2158 205 56 Finch.

468 2238 285 68 Program
793 2243 159 49 notes
994 2236 96 55 for
1128 2237 97 54 the
1263 2237 235 53 listener
1536 2242 59 49 to
1634 2237 209 68 music;
1886 2254 30 35 a
1957 2238 173 68 study
2169 2237 65 53 of
2273 2237 150 54 their

399 2316 399 68 development
845 2317 115 54 and
1005 2316 166 54 effect
1215 2334 157 51 upon
1419 2316 95 53 the
1563 2316 278 54 listener’s
1889 2317 282 54 reactions
2218 2324 58 46 to
400 2336 1999 112 unfamiliar
688 2395 198 69 music,
911 2396 76 68 by
1015 2396 271 53 Kenneth
1314 2396 65 52 F.
1406 2396 248 68 Damon,
1679 2414 99 34 ph.
1806 2415 48 34 d.
1932 2396 139 53 New
2100 2396 164 53 York
2290 2396 135 69 city,

400 2476 151 52 1933.

471 2549 26 39 2
524 2560 43 37 p.
594 2548 28 40 l.,
667 2549 56 41 76
750 2560 44 38 p.
856 2550 117 42 23cm.

472 2606 379 49 Bibliography:
883 2618 30 38 p.
957 2606 158 43 72-75.

405 2673 52 52 ©
491 2677 122 47 Aug.
646 2679 40 45 3,
721 2678 141 47 1933;
899 2679 67 40 2c.
1002 2680 96 39 and
1132 2678 82 41 aff.
1254 2679 126 48 Sept.
1418 2679 81 46 11;
1536 2678 41 39 A
1611 2678 171 47 65318;
1819 2678 60 39 K.
1916 2678 51 40 F.
2002 2678 204 47 Damon,
469 2678 1941 104 Bronxville,

623 2736 57 40 N.
705 2736 52 39 Y.
831 2736 282 48 (33-28741)

404 2858 104 49 [De
537 2841 84 52 La
649 2841 274 64 Pasture,
952 2840 221 55 Edmée
1204 2839 312 55 Elizabeth
1542 2838 252 69 Monica]
1832 2843 171 50 1890-

472 2917 130 71 Gay
633 2919 125 69 life,
789 2919 76 71 by
899 2921 67 53 F.
1001 2920 79 53 M.
1116 2920 283 55 Delafield
1462 2920 192 70 [pseud.]
1756 2919 139 54 New
1932 2918 164 55 York
2130 2919 112 54 and
401 2919 2000 147 London,
559 3000 237 68 Harper
821 3003 46 50 &
891 3001 282 67 brothers,
1204 3003 151 51 1933.

469 3075 27 38 4
524 3084 41 37 p.
617 3105 8 6 l.,
671 3074 86 40 326
784 3085 44 37 p.
890 3073 54 41 21½cm.

471 3130 164 42 “First
664 3130 230 43 edition.”

404 3198 51 53 ©
486 3203 102 41 Oct.
616 3203 39 47 6,
683 3203 114 41 1933;
855 3204 66 40 2c.
952 3203 102 41 Oct.
1082 3204 25 40 6
1127 3215 8 28 :
1166 3203 82 41 aff.
1279 3204 102 41 Oct.
1409 3203 53 47 9;
1492 3204 42 38 A
1561 3203 171 47 66548;
1765 3203 256 39 Elizabeth
2050 3201 192 41 Monica
474 3201 1933 106 Dashwood,

655 3261 323 48 Cullompton,
1010 3261 318 49 Devonshire,
1359 3262 237 47 England.
1668 3259 283 50 (33-28738)
2216 3256 123 43 9222

398 3361 200 68 Dinin,
634 3365 257 66 Samuel,
930 3367 172 51 1902-

404 3440 2018 153 Judaism in a changing civilization, by Samuel Dinin … New York city, Teachers college, Columbia university, 1933.
474 3608 44 36 x,
553 3597 85 40 213
673 3608 42 37 p.
778 3598 145 40 23½cm.
997 3599 266 47 (Teachers
1298 3600 194 46 college,
1529 3597 255 42 Columbia
1820 3595 290 47 university.
400 3593 2009 101 Contributions
560 3655 49 39 to
639 3654 274 48 education,
945 3665 74 31 no.
1052 3656 110 46 563)

476 3710 275 50 Originally
782 3712 198 41 written
1010 3714 48 38 in
1091 3714 77 39 six
1197 3715 151 48 parts.
1409 3713 119 40 This
1559 3714 191 38 volume
1783 3709 210 42 consists
2025 3708 52 41 of
2106 3709 81 39 the
2219 3706 206 49 original

402 3768 134 41 sixth
568 3772 109 46 part
710 3772 95 38 and
837 3782 61 29 an
930 3770 342 49 introductory
1303 3773 202 47 chapter
1538 3770 159 41 which
1731 3767 319 42 summarizes
2084 3767 80 40 the
2199 3766 104 40 first
2337 3764 91 40 five

402 3828 152 47 parts,
584 3827 82 41 the
694 3828 234 48 complete
959 3831 104 38 text
1091 3829 53 41 of
1171 3829 159 41 which
1360 3828 100 40 will
1489 3829 57 40 be
1576 3827 258 50 published
1863 3828 143 38 later.

474 3884 170 40 Issued
674 3886 104 40 also
807 3896 54 29 as
892 3886 152 41 thesis
1084 3887 108 47 (PH.
1255 3889 33 47 D.)
1328 3886 255 41 Columbia
1614 3884 289 47 university.

471 3940 353 42 “References”
854 3946 51 37 at
935 3944 90 39 end
1057 3944 53 40 of
1137 3946 119 39 each
1289 3944 217 48 chapter.

402 4007 54 55 ©
493 4014 114 46 May
637 4013 69 46 23,
741 4013 140 47 1933;
916 4015 68 40 2c.
1017 4016 122 47 July
1167 4016 83 47 27;
1285 4015 84 41 aff.
1404 4016 117 47 July
1553 4014 86 46 28;
1678 4014 38 39 A
1751 4012 171 46 64544;
1960 4011 242 40 Teachers
2236 4008 194 48 college,

471 4068 255 44 Columbia
757 4070 131 42 univ.
958 4071 285 50 (33-28752)
