2582 4453
1371 4112 133 51 1498

498 504 84 47 xii,
612 505 86 40 367
729 515 42 37 p.
832 504 165 47 front.,
1029 505 172 48 plates,
1233 506 164 46 ports.,
1428 504 26 39 2
1483 505 119 43 fold.
1633 516 150 38 maps.
1846 506 115 41 24cm.

499 561 350 41 “References”:
914 572 41 38 p.
988 561 220 42 338-350.

425 616 53 52 ©
510 621 102 40 Oct.
642 620 70 47 21,
744 620 114 40 1933;
918 620 66 40 2c.
1017 621 97 39 and
1144 619 83 41 aff.
1261 620 101 41 Oct.
1393 621 55 39 31;
1511 621 41 38 A
1583 620 144 41 65900;
1788 622 249 40 Williams
2065 622 36 41 &
2132 622 210 41 Wilkins
2375 634 66 31 co.

506 677 282 48 (33-31648)

425 778 317 68 Appleton,
771 781 221 64 Joseph
1024 782 165 52 Luke
1220 782 82 65 T.,
1335 785 173 50 1888-

494 858 289 54 Bacterial
813 858 297 69 infection,
1139 859 142 53 with
1309 859 212 68 special
1549 859 290 54 reference
1865 865 60 50 to
1953 861 195 53 dental
2177 862 265 68 practice,

422 937 2021 151 by J. L. T. Appleton, jr. … 2d ed., thoroughly rev. Illustrated with 122 engravings and 4 colored plates. Philadelphia,
422 1097 115 53 Lea
573 1098 45 51 &
654 1095 263 70 Febiger,
956 1098 151 50 1933.

495 1170 1309 51 xvi, [17]—654 p. illus., 4 col. pl., diagrs. 24½cm.
427 1240 53 53 ©
511 1245 126 48 Sept.
666 1243 69 48 20,
763 1243 142 43 1933;
936 1244 65 40 2c.
1034 1244 126 48 Sept.
1190 1242 81 49 21;
1303 1242 82 42 aff.
1415 1242 102 42 Oct.
1545 1241 82 49 19;
1658 1243 40 39 A
1726 1243 171 48 65720;
1928 1243 97 41 Lea
2055 1244 36 40 &
2119 1243 217 50 Febiger.

505 1302 283 48 (33-31147)

423 1403 336 69 Armitage,
796 1406 203 66 Merle,
1037 1408 171 51 1893-

496 1483 309 54 Henrietta
838 1481 198 70 Shore,
1064 1483 76 69 by
1170 1483 182 53 Merle
1382 1483 332 69 Armitage:
1748 1502 69 34 an
1853 1482 199 54 article
2080 1484 76 68 by
2189 1483 255 55 Edward

422 1562 234 54 Weston;
713 1561 296 70 appraisal
1031 1562 35 53 by
1129 1561 288 70 Reginald
1443 1561 243 54 Poland.
1748 1563 140 52 New
1912 1561 181 69 York,
2120 1562 67 53 E.
2210 1561 235 71 Weyhe,

426 1644 152 51 1933.

494 1713 1594 52 6 p. l., 54 p. incl. front., illus., plates (part col.) 28cm.
498 1785 1947 49 “Two hundred numbered copies of this book … have been printed
476 1841 1799 50 … by the Will A. Kistler company … This is … copyright copy.”
494 1900 309 48 Descriptive
830 1900 284 47 letterpress
1142 1911 60 29 on
1230 1910 165 30 versos
1421 1899 168 49 facing
1615 1900 82 40 the
1727 1899 170 49 plates.

428 1969 53 52 ©
515 1974 127 48 Sept.
676 1974 69 47 15,
778 1974 114 40 1933;
954 1973 67 40 2c.
1057 1973 129 48 Sept.
1218 1973 25 39 6;
1306 1972 82 41 aff.
1423 1973 101 41 Oct.
1558 1974 55 40 18;
1676 1973 42 39 A
1749 1973 148 40 66686;
1957 1973 62 40 M.
2053 1971 266 49 Armitage,
2354 1971 93 42 Los

499 2032 222 47 Angeles.
794 2030 282 50 (33-31120)

426 2135 265 66 Aulaire,
719 2138 141 53 Mrs.
893 2137 164 63 Ingri
1095 2137 408 65 (Mortenson)
1541 2137 35 52 d'.

503 2215 112 55 Ola
647 2216 113 52 and
797 2215 263 53 Blakken
1096 2216 113 52 and
1242 2214 161 68 Line,
1439 2214 153 68 Sine,
1625 2214 194 69 Trine,
1853 2215 76 67 by
1962 2215 166 67 Ingri
2164 2217 46 50 &
2246 2214 198 68 Edgar

431 2294 178 54 Parin
642 2293 316 55 d’Aulaire.
1035 2294 234 56 Garden
1302 2294 153 68 City,
1486 2295 68 54 N.
1588 2294 91 67 Y.,
1709 2294 359 67 Doubleday,
2099 2295 199 51 Doran
2332 2293 112 53 and

428 2391 299 51 company,
758 2374 422 69 incorporated,
1213 2378 150 50 1933.

505 2448 84 49 [39]
622 2456 43 39 p.
726 2446 130 42 illus.
886 2447 135 50 (part
1050 2447 112 48 col.)
1232 2447 117 42 31cm.

505 2505 291 41 Illustrated
823 2507 98 45 t.-p.
949 2506 96 39 and
1071 2504 352 50 lining-papers
1451 2504 49 39 in
1527 2505 171 40 colors.

504 2561 163 42 “First
694 2562 229 42 edition.”

432 2629 53 52 ©
515 2634 101 40 Oct.
646 2634 70 47 25,
746 2634 142 47 1933;
918 2634 68 40 2c.
1015 2635 96 39 and
1141 2634 82 40 aff.
1255 2635 102 40 Oct.
1386 2633 83 47 26;
1501 2634 42 39 A
1570 2633 171 42 66834;
1774 2634 301 47 Doubleday,
2106 2634 166 40 Doran
2303 2633 39 40 &
2367 2641 82 34 co.,

501 2691 89 40 inc.
664 2691 281 49 (33-31423)

428 2792 214 68 Ayres,
672 2794 175 65 Ruby
875 2794 271 66 Mildred,
1179 2797 173 52 1883-

505 2871 173 57 Come
716 2879 58 49 to
810 2892 97 51 my
945 2874 270 70 wedding
1257 2874 109 70 [by]
1410 2874 171 69 Ruby
1618 2875 79 54 M.
1739 2875 200 67 Ayres.
2017 2873 229 57 Garden
2292 2872 151 69 City.

433 2953 69 52 N.
534 2953 90 67 Y.,
653 2953 359 68 Doubleday,
1041 2956 199 51 Doran
1269 2958 46 51 &
1345 2972 299 50 company,
1672 2953 126 68 inc.,
1831 2957 149 51 1933.

505 3026 558 50 5 p. l., 309 p. 19½cm.
505 3084 163 41 “First
700 3084 228 42 edition.”

433 3151 53 52 ©
517 3156 119 40 Nov.
669 3157 39 45 3,
742 3156 141 42 1933;
919 3157 64 41 2c.
1020 3159 95 38 and
1149 3157 81 41 aff.
1265 3158 116 39 Nov.
1417 3158 52 43 2;
1505 3158 41 38 A
1579 3156 137 41 65911;
1788 3157 140 48 Ruby
1964 3157 61 39 M.
2061 3156 154 47 Ayres
2249 3153 200 47 Pocock,

499 3213 305 48 Weybridge,
840 3214 194 49 Surrey,
1069 3215 238 49 England.
1379 3214 281 49 (33-31656)

428 3315 308 66 Barthold,
766 3318 171 53 Allen
965 3319 311 65 Jennings.

503 3391 293 57 Student’s
854 3395 276 68 practical
1191 3399 232 51 manual
1479 3396 64 54 of
1599 3397 224 53 French
1884 3393 472 70 pronunciation;
2415 3411 32 34 a

429 3470 275 54 scientific
746 3473 231 54 method
1017 3475 63 52 of
1121 3472 269 71 phonetic
1427 3475 343 53 instruction
1813 3473 170 54 based
2024 3491 70 36 on
2135 3472 95 54 the
431 3472 1990 130 international

738 3550 270 69 phonetic
1059 3553 289 68 alphabet,
1397 3553 360 68 exemplified
1807 3553 74 66 by
1932 3551 197 54 fifteen
2182 3549 263 53 hundred

429 3625 223 55 French
691 3629 186 53 words
911 3629 183 53 which
1130 3631 143 53 offer
1305 3631 151 54 little
1490 3651 64 34 or
1586 3650 72 35 no
1692 3631 347 66 vocabulary
2075 3629 278 66 difficulty
2385 3633 60 48 to

430 3703 2016 74 the beginning French student, by Allen J. Barthold … New
435 3782 159 53 York
623 3786 111 52 and
764 3786 260 69 London,
1053 3788 234 69 Harper
1315 3792 45 49 &
1388 3788 279 67 brothers,
1697 3792 151 49 1933.

502 3856 102 49 viii,
637 3858 85 41 128
753 3870 42 38 p.
858 3860 127 42 illus.
1047 3861 146 42 21½cm.

504 3914 162 43 “First
700 3916 230 42 edition.”

432 3981 52 53 ©
515 3986 103 41 Oct.
677 3987 40 47 18,
749 3988 16 38 3
778 3988 111 43 933;
923 3988 65 41 2c.
1023 3988 102 42 Oct.
1157 3988 82 43 21:
1273 3989 84 41 aff.
1390 3990 102 40 Oct.
1524 3990 82 47 20;
1642 3991 39 38 A
1713 3989 171 46 66711;
1919 3989 195 48 Harper
2146 3989 35 39 &
2211 3989 125 39 bros.

511 4043 282 50 (33-31288)
