2484 4405
1049 4084 132 48 1699

95 436 239 64 Buttell,
361 436 173 64 Mary
562 435 274 61 Frances,
866 431 181 56 sister.

228 500 1861 77 … The rhetoric of St. Hilary of Poitiers … by Sister Mary
95 576 1971 160 Frances Buttell … Washington, D. C., The Catholic university of America, 1933.
165 738 96 48 xiv,
302 737 86 42 175
429 749 42 37 p.
531 737 58 39 24
590 738 44 22 cm
641 768 8 9 .
718 737 125 47 (The
886 735 224 42 Catholic
1151 732 273 49 university
1465 733 53 41 of
1559 732 238 40 America.
1858 729 234 43 Patristic

94 795 200 42 studies,
352 795 92 41 vol.
676 792 14 48 XXXVIII)

164 853 173 41 Thesis
373 853 109 47 (PH.
543 848 327 52 D.)—Catholic
899 847 271 51 university
1199 848 52 41 of
1281 847 237 43 America.

166 909 348 50 Bibliography:
573 920 42 37 p.
644 907 179 41 xi-xiv.

97 969 51 51 ©
173 973 117 39 Nov.
315 971 69 48 27,
409 971 112 39 1933;
576 970 66 39 2c.
669 969 95 39 and
789 967 82 42 aff.
898 967 110 40 Dec.
1034 967 23 38 1;
1116 966 39 38 A
1181 966 141 39 67341;
1381 964 221 41 Catholic
1627 965 129 39 univ.
1785 964 51 40 of
1861 962 236 41 America.

172 1027 278 49 (33-36992)
1858 1018 149 42 11132

101 1129 335 66 Chapelain,
466 1129 203 55 Raoul.

229 1199 1864 76 … Les perles sanglantes. Paris, La Renaissance du livre
102 1290 192 65 [c1933]

172 1359 86 41 252
282 1370 58 37 p.,
363 1358 24 39 1
435 1389 8 9 l.
503 1356 56 40 19
561 1359 43 21 cm
610 1388 8 6 .
689 1356 95 42 (On
810 1364 163 32 cover:
997 1353 65 42 Le
1086 1353 170 48 disque
1283 1351 172 49 rouge)

102 1406 1997 59 © June 10, 1933; 1c . Oct. 24; A-Foreign 22511; Renaissance du livre.
175 1473 278 49 (33-37209)

103 1574 296 56 Chemical
427 1576 115 52 and
570 1572 431 66 metallurgical
1030 1571 403 66 engineering.

173 1652 121 53 The
325 1651 271 55 chemical
628 1650 311 69 engineer’s
972 1651 167 67 plant
1168 1648 309 65 notebook;
1516 1666 31 35 a
1580 1646 221 53 critical
1834 1644 267 54 selection

104 1728 63 53 of
193 1728 229 69 helpful
450 1730 243 67 articles,
717 1729 368 67 time-saving
1113 1728 189 52 charts
1330 1726 112 53 and
1472 1725 162 54 other
1663 1725 136 52 data
1825 1724 183 52 sheets
2038 1722 63 54 of

103 1802 1977 385 proved value to production men in the wide range of industries served by chemical engineering and technology. Compiled by editors of and contributors to Chemical & metallurgical engineering. New York city, Chemical & metallurgical engineering [ c 1933]
176 2189 84 41 128
292 2202 42 37 p.
395 2191 142 47 illus.,
569 2191 180 49 diagrs.
809 2191 56 40 28
869 2193 43 21 cm
916 2225 8 7 .

177 2245 176 42 Pocket
380 2248 227 40 mounted
635 2260 60 28 on
723 2247 121 41 back
871 2257 141 32 cover
1036 2247 80 41 for
1144 2248 274 40 additional
1444 2247 132 41 data.

177 2301 231 44 Material
449 2305 248 47 reprinted
736 2304 127 41 from
905 2304 128 42 “The
1073 2306 138 47 plant
1252 2304 266 41 notebook”
1561 2306 95 38 and
1698 2306 139 40 other
1876 2308 138 46 parts
2055 2307 51 40 of

110 2358 241 43 Chemical
382 2362 36 40 &
443 2362 358 49 metallurgical
829 2361 325 50 engineering,
1213 2362 60 47 cf.
1303 2362 273 42 Foreword.

179 2416 257 44 Foreword
467 2419 166 48 signed:
697 2418 178 49 Sidney
905 2419 55 41 D.
993 2418 336 49 Kirkpatrick,
1361 2420 171 41 editor.

179 2475 226 43 Includes
441 2476 391 49 bibliographies.

111 2526 2000 115 © Oct. 15, 1933; 1c. Nov. 13; 1c. Nov. 22; aff. Oct. 30; A 67233; McGraw-Hill pub. co., inc., New York. (33-36965)
111 2688 272 67 Chicago.
446 2696 264 63 Century
735 2696 63 51 of
821 2710 278 49 progress
1127 2693 424 55 international
1577 2692 352 66 exposition,
1953 2697 152 51 1933.

180 2771 121 53 The
344 2769 198 55 official
586 2769 248 69 pictures
876 2770 64 53 of
983 2791 28 33 a
1060 2770 253 69 Century
1358 2770 64 53 of
1467 2787 261 53 progress
1770 2770 338 71 exposition,

114 2844 1975 232 Chicago, 1933; introduction by James Weber Linn; photographs by Kaufmann & Fabry co., official photographers. Chicago, The Reuben H. Donnelley corporation [ c 1933]
173 3072 1934 59 10 p., 11., [152] p. of illus. (incl. ports.; part col.) col. plates. 34½ × 26 cm .
117 3130 50 54 ©
202 3136 101 42 Oct.
336 3135 69 49 19,
439 3136 113 40 1933;
615 3137 68 41 2c.
717 3138 96 38 and
848 3136 82 43 aff.
963 3136 118 40 Nov.
1117 3137 56 38 24;
1237 3137 40 39 A
1311 3137 141 41 68401;
1520 3137 197 43 Reuben
1753 3140 59 39 H.
1848 3139 269 42 Donnellev

186 3204 124 38 corp.
385 3193 279 49 (33-36900)

124 3292 359 71 Christman,
515 3297 255 55 William
801 3299 266 66 Weaver,
1099 3302 173 50 1865-

180 3373 158 55 Wild
382 3379 233 63 pasture
659 3375 152 69 pine,
854 3376 76 68 by
974 3376 90 54 W.
1111 3377 90 54 W.
1250 3374 346 57 Christman.
1678 3377 267 68 [Albany,
1990 3376 124 54 The

114 3450 190 70 Argus
336 3470 298 52 company,
665 3459 18 22 c
688 3457 152 64 1933]

186 3523 587 53 6 p. l. , 3-73 p. 20½ cm .
187 3581 286 43 Illustrated
515 3586 99 45 t.-p.

188 3637 184 44 Poems.

121 3689 50 51 ©
195 3695 112 42 Dec.
332 3696 40 47 2,
398 3696 112 42 1933;
567 3697 65 40 2c.
660 3699 96 38 and
782 3698 82 40 aff.
892 3698 111 41 Dec.
1030 3699 53 46 5;
1113 3700 39 38 A
1178 3699 172 47 68388;
1378 3699 160 48 Argus
1564 3709 81 38 co.,
1672 3699 92 41 inc.

204 3751 277 51 (33-36934)

129 3840 263 68 Cornish,
423 3844 226 66 George
676 3844 274 59 William.

202 3917 241 58 Cornish
484 3922 63 52 of
587 3922 127 53 “the
757 3923 215 53 Yard”.
1049 3925 344 53 Instalment
1430 3928 48 49 2.
1554 3926 120 53 The
1714 3923 232 72 blazing
1985 3925 139 57 shed

124 3994 278 57 sensation
422 3999 11 52 !
