2484 4405
0 0 0 0 771
90 412 279 57 National
399 409 237 55 district
666 404 247 65 heating
944 400 378 57 association.

163 486 1862 73 Handbook of the National district heating association …
92 582 72 52 2d
199 582 86 51 ed.
355 576 342 68 Greenville,
732 574 86 68 O.,
852 574 119 52 The
1006 571 274 54 National
1317 568 227 53 district
1578 565 237 68 heating
92 563 1971 164 association,
267 662 150 49 1932.

166 746 64 47 xi,
257 745 88 40 538
370 755 43 37 p.
466 743 144 41 illus.,
637 739 158 41 tables
820 737 50 48 (2
897 736 144 47 fold.)
1077 734 183 49 diagrs.
1285 734 49 48 (1
1362 732 145 48 fold.)
1569 731 57 41 23½
1657 734 18 20 cm
1708 763 10 9 .

165 813 311 48 Advertising
507 815 205 36 matter:
749 819 41 39 p.
821 806 217 42 478-530.

102 885 51 53 ©
184 889 125 39 June
338 887 38 45 1,
407 884 140 46 1932;
579 883 67 39 2c.
676 881 112 48 Apr.
820 881 68 44 14,
920 878 139 46 1933;
1094 877 82 41 aff.
1208 878 114 46 May
1352 875 81 48 15;
1467 876 39 37 A
1538 874 169 46 61839;
1742 874 116 40 Natl.
1904 871 197 43 district

168 943 200 47 heating
399 952 126 31 assn.
597 937 280 49 (33-13479)

94 1048 146 53 New
268 1045 161 53 York
498 1041 163 69 (City)
747 1038 288 56 Charters.

167 1122 331 54 Annotated
524 1120 359 68 supplement
908 1124 57 47 to
992 1116 168 55 Ash’s
1187 1116 309 53 annotated
1522 1118 225 65 greater
1771 1115 138 52 New
1935 1114 164 52 York

99 1193 1938 77 charter, 5th edition, 1931-1932, together with appendixes …
101 1271 1976 159 By Peter J. Baxter … New York, Baker, Voorhis and company, 1933.
176 1445 641 52 1 p. l. , ii, 150 p. 24½ cm .
176 1517 294 44 Cover-title.

179 1577 117 39 This
331 1575 247 49 pamphlet
613 1574 41 39 is
691 1577 48 36 to
774 1574 55 38 be
865 1571 215 41 inserted
1118 1572 100 39 into
1254 1572 82 39 the
1371 1572 170 48 pocket
1577 1573 51 38 at
1664 1571 84 39 the
1780 1571 123 39 back
1938 1571 51 38 of
2025 1569 82 41 the

109 1636 189 38 volume
325 1633 51 40 of
405 1632 80 40 the
513 1637 72 34 set
615 1634 48 37 to
692 1629 157 41 which
878 1629 39 40 it
945 1627 211 50 belongs.

112 1699 53 52 ©
201 1704 129 39 June
362 1702 41 46 5,
442 1701 112 40 1933
572 1712 9 30 ;
620 1700 69 42 2c.
725 1699 97 41 and
858 1698 82 40 aff.
978 1698 128 40 June
1142 1698 54 46 6;
1235 1699 41 38 A
1312 1697 172 48 62900;
1523 1698 127 40 Rose
1686 1697 117 49 Ash,
1840 1696 269 49 executrix,

180 1763 156 37 estate
365 1760 51 39 of
445 1758 143 39 Mark
617 1758 114 45 Ash,
763 1756 115 39 New
908 1756 143 40 York.

108 1863 145 52 New
282 1862 160 52 York
508 1861 191 66 (State)
782 1859 184 67 Laws,
993 1863 258 64 statutes,
1280 1866 101 46 etc.

178 1938 374 70 McKinney’s
607 1938 388 53 consolidated
1049 1937 139 54 laws
1241 1937 62 52 of
1357 1939 137 53 New
1549 1937 180 70 York,
1783 1938 325 54 annotated.

110 2011 2001 81 April, 1933. [Quarterly supplement] … Northport, N. Y.,
112 2095 1124 73 Edward Thompson company [ c 1933]
185 2186 282 49 cover-title,
498 2185 58 41 90
583 2197 43 37 p.
685 2186 55 40 23
744 2187 44 22 cm
793 2217 9 9 .

121 2255 51 52 ©
197 2260 113 46 Apr.
396 2288 8 17 18,
431 2257 140 47 1933;
599 2256 67 42 2c.
694 2257 94 40 and
815 2256 80 39 aff.
925 2257 128 39 June
1078 2256 52 47 7;
1160 2257 39 37 A
1227 2256 170 46 63066;
1428 2257 210 41 Edward
1666 2258 275 48 Thompson
1968 2270 68 30 co.

116 2358 332 66 O’Donnell,
482 2358 225 66 Elliott,
742 2359 170 55 1872-

190 2437 209 54 Ghosts
430 2438 63 53 of
524 2436 258 69 London,
812 2437 75 67 by
917 2434 212 55 Elliott
1162 2434 337 55 O’Donnell.
1566 2434 139 52 New
1738 2433 179 65 York,
1949 2434 68 51 E.
2049 2433 66 53 P.

120 2515 224 53 Dutton
370 2519 45 49 &
442 2535 97 47 co.,
566 2515 108 52 inc.
709 2548 13 34 [
724 2521 20 21 c
749 2517 153 65 1933]

192 2602 60 47 vi,
284 2602 86 40 280
399 2611 41 39 p.
500 2600 55 40 22½
589 2603 43 20 cm
638 2634 8 8 .

193 2673 163 40 “First
384 2671 226 42 edition.”

129 2739 51 52 ©
210 2745 113 46 May
349 2743 68 48 16,
447 2742 110 40 1933
577 2752 8 36 ;
615 2743 67 38 2c.
712 2742 100 45 and
836 2741 82 41 aff.
948 2743 114 46 May
1090 2741 82 46 18;
1203 2740 42 39 A
1272 2739 170 49 61859;
1475 2742 51 37 E.
1558 2741 51 39 P.
1639 2740 187 42 Dutton
1856 2741 35 39 &
1920 2752 81 36 co.,
2033 2739 90 43 inc.

205 2800 279 49 (33-13471)

125 2901 120 54 The
284 2900 150 55 Ohio
469 2903 108 50 law
615 2905 271 63 reporter.
961 2900 243 53 Volume
1446 2943 8 8 XXXVII.
1529 2902 56 51 A
1622 2900 215 71 weekly
1875 2899 247 70 journal,

196 2978 302 70 published
528 2979 61 51 in
619 2980 94 51 the
745 2978 234 54 interest
1009 2979 64 51 of
1100 2980 97 51 the
1228 2980 150 67 legal
1408 2978 324 69 profession
1762 2979 59 52 in
1852 2981 96 50 the
1977 2983 147 49 state

196 3058 63 52 of
288 3056 166 55 Ohio.
519 3058 218 53 Vinton
825 3101 9 10 R.
868 3056 280 69 Shepard,
1178 3058 201 53 editor.
1447 3057 347 70 Cincinnati,
1824 3059 120 52 The
1974 3057 151 56 Ohio

197 3137 108 53 law
334 3141 255 65 reporter
617 3154 296 53 company,
943 3138 148 52 1933.

201 3227 83 39 xiv
311 3237 58 37 p.,
398 3228 25 36 1
489 3256 8 16 l.,
527 3224 84 40 614
640 3236 43 37 p.
739 3225 55 42 23½
829 3228 14 20 cm
877 3257 9 9 .

137 3293 53 52 ©
217 3298 125 39 June
367 3295 71 49 20,
465 3295 140 47 1933;
632 3297 67 41 2c.
727 3296 126 41 June
880 3297 83 46 22;
992 3296 82 42 aff.
1105 3298 126 39 June
1257 3298 83 46 21;
1369 3298 43 39 A
1438 3297 172 47 63339;
1640 3297 122 42 Ohio
1789 3301 98 38 law
1912 3302 222 44 reporter

205 3366 67 28 co.

133 3453 192 68 Ohlin,
351 3455 188 55 Bertil
566 3455 314 64 Gotthard,
910 3462 168 49 1899-

207 3532 419 70 Interregional
681 3533 113 54 and
850 3532 410 56 international
1317 3534 181 69 trade,
1554 3534 75 69 by
1689 3535 184 54 Bertil
1934 3534 195 57 Ohlin.

140 3609 362 70 Cambridge,
527 3608 272 56 Harvard
827 3610 320 71 university
1171 3629 176 51 press,
1376 3614 151 54 1933.

211 3697 115 47 xvii,
364 3696 85 41 617
485 3707 43 37 p.
590 3696 179 48 diagrs.
829 3696 55 40 22½
918 3700 43 20 cm
967 3729 7 8 .
1046 3697 297 49 (Half-title:
1385 3698 226 41 Harvard
1654 3701 240 40 economic
1935 3700 200 51 studies,

145 3753 88 43 vol.
427 3753 13 50 XXXIX)

219 3822 371 50 Bibliography:
617 3834 43 37 p.
706 3823 231 51 [595]-603.

149 3890 51 52 ©
226 3897 112 46 Apr.
364 3895 69 48 28,
460 3896 139 46 1933;
629 3897 66 39 2c.
724 3897 112 48 May
863 3897 51 46 5;
945 3897 79 39 aff.
1054 3898 115 48 May
1195 3899 52 45 8;
1277 3898 40 38 A
1344 3896 169 49 62583;
1543 3898 256 44 President
1825 3903 95 38 and
1948 3899 192 43 fellows

215 3952 53 39 of
293 3952 228 41 Harvard
547 3954 192 46 college,
766 3953 301 48 Cambridge,
1095 3955 148 40 Mass.
1316 3954 281 50 (33-13582)
