2484 4405
1061 4031 101 50 691

95 396 239 65 Naylor,
365 395 185 53 Nellie
582 395 156 63 May,
774 397 170 51 1885-

267 464 1821 74 … Introductory chemistry with household applications, by
98 541 1993 75 Nellie M. Naylor … and Amy Le Vesconte … New York,
97 628 255 66 London,
380 626 122 52 The
529 624 254 68 Century
811 640 79 36 co.
924 625 193 64 [c1933]

168 710 30 28 x,
234 698 86 41 367
340 710 42 36 p.
444 698 141 48 illus.,
609 697 169 47 plates,
805 695 179 48 diagrs.
1039 694 146 40 20½cm.
1251 694 124 48 (The
1400 691 215 49 Century
1639 691 262 48 chemistry
1928 691 162 47 series,

101 757 39 39 J.
170 755 221 49 Kendall,
421 754 180 47 editor)
726 752 130 49 $2.60

168 812 147 40 Table
341 822 58 28 on
429 811 333 46 lining-paper.

105 867 51 51 ©
184 871 113 47 Apr.
326 870 68 47 21,
424 869 112 40 1933;
595 869 66 39 2c.
691 869 95 38 and
815 867 79 40 aff.
927 868 113 46 May
1069 865 25 41 5;
1155 865 40 39 A
1223 864 142 41 62522;
1425 863 213 49 Century
1667 875 67 29 co.

182 926 278 49 (33-12005)

97 1032 144 51 New
268 1032 227 61 Jersey.
570 1031 182 64 Laws,
780 1034 255 61 statutes,
1065 1034 100 47 etc.

167 1107 138 53 New
349 1108 199 68 Jersey
593 1112 210 48 statute
848 1105 226 54 service.
1149 1107 156 67 May,
1351 1108 151 64 1933,
1547 1102 342 54 cumulative
99 1120 1969 134 pamphlet,
309 1185 333 68 containing
671 1185 95 52 the
802 1184 193 68 public
1030 1190 118 47 acts
1184 1184 62 53 of
1283 1203 30 32 a
1348 1184 229 68 general
1611 1183 112 51 and
1758 1187 335 62 permanent

99 1259 1994 73 nature of the regular session, approved January 17 to April 12,
101 1339 1994 149 1933, with annotations construing the laws and with cumulative table and index … Newark, Soney & Sage co.; St. Paul,
99 1502 159 53 West
283 1499 334 69 publishing
641 1518 98 48 co.,
769 1502 149 51 1933.

175 1575 83 39 201
289 1585 41 37 p.
392 1574 144 39 23½cm.

109 1627 52 52 ©
195 1633 113 45 May
337 1631 38 47 5,
407 1630 113 40 1933;
580 1630 68 39 2c.
679 1630 125 39 June
835 1630 82 45 13;
951 1628 82 41 aff.
1066 1629 127 40 June
1225 1629 81 46 14;
1340 1629 40 38 A
1412 1628 169 46 63213;
1620 1626 155 49 Soney
1808 1627 37 39 &
1879 1627 124 48 Sage
2033 1636 67 31 co.

177 1688 94 39 and
298 1689 136 39 West
458 1688 108 46 pub.
594 1698 66 30 co.

101 1773 144 51 New
282 1777 210 63 Jersey
528 1775 203 68 digest,
769 1775 326 65 annotated,
1132 1773 268 69 covering
1438 1774 76 51 all
1550 1792 149 34 cases
1737 1774 264 68 reported
2036 1772 61 52 in

173 1855 137 52 New
365 1854 201 66 Jersey
621 1859 222 62 reports
899 1853 112 51 and
1068 1852 262 54 Atlantic
1387 1857 270 63 reporter.
1732 1852 157 68 May,
1948 1854 151 66 1933,

173 1929 1926 70 cumulative pamphlet … Newark, Soney & Sage co.; St.
174 2012 165 68 Paul,
363 2013 159 54 West
546 2009 334 70 publishing
906 2029 77 36 co.
1058 2013 153 64 [c1933]

176 2087 54 39 92
260 2098 43 36 p.
359 2087 116 39 24cm.

113 2139 51 51 ©
195 2145 114 44 May
336 2143 68 46 12,
434 2141 112 41 1933;
606 2142 65 39 2c.
703 2142 125 38 June
858 2142 54 38 13;
972 2140 83 40 aff.
1085 2141 127 39 June
1241 2141 55 38 14;
1355 2141 41 38 A
1426 2140 141 40 63212;
1632 2140 155 47 Soney
1816 2140 37 40 &
1884 2140 121 47 Sage
2036 2151 66 29 co.

180 2201 94 38 and
302 2200 132 39 West
462 2199 109 47 pub.
599 2209 65 28 co.

107 2290 144 53 New
277 2289 160 52 York
465 2290 210 51 annual
701 2287 494 69 digest, covering
1221 2288 76 51 all
1323 2289 265 66 reported
1615 2288 276 53 decisions
1917 2288 64 52 of
2006 2287 94 53 the

177 2365 1927 228 courts of New York. May, 1933, cumulative quarterly pamphlet, with cumulative table of cases digested … Supplementing and continuing New York annual digest, 1932.
179 2603 306 52 Rochester
528 2604 111 51 and
685 2603 138 52 New
867 2602 162 53 York
1072 2602 135 69 city,
1250 2603 120 52 The
1412 2604 267 68 Lawyers
1722 2604 383 68 co-operative

179 2681 335 69 publishing
554 2699 307 50 company;
908 2683 83 54 St.
1035 2682 166 68 Paul,
1240 2682 159 54 West
1439 2681 334 69 publishing
1813 2701 108 48 co.;
1966 2684 139 53 New

182 2760 161 52 York
368 2758 134 69 city,
529 2758 204 70 Baker,
759 2760 244 54 Voorhis
1032 2763 45 50 &
1103 2778 80 36 co.
1234 2763 175 63 [c1933]

184 2836 84 37 122
298 2846 42 36 p.
400 2834 115 41 24cm.

120 2888 51 51 ©
205 2892 112 46 May
407 2921 8 16 18,
449 2890 139 45 1933;
622 2890 65 39 2c.
721 2891 126 38 June
878 2891 82 45 13;
995 2889 83 41 aff.
1110 2890 126 39 June
1268 2891 81 46 14;
1384 2890 42 39 A
1458 2890 169 46 63210;
1663 2891 133 40 West
1830 2890 108 49 pub.
1973 2902 67 30 co.
2074 2892 36 40 &

187 2948 227 46 Lawyers
445 2945 321 48 co-operative
797 2947 107 47 pub.
938 2957 66 29 co.

112 3038 144 52 New
283 3037 161 52 York
473 3037 345 53 conference
847 3052 72 37 on
948 3036 258 64 hospital
1234 3037 371 65 accounting.

183 3113 362 69 Accounting
580 3116 112 51 and
727 3114 253 53 business
1018 3115 310 68 procedure
1366 3114 93 52 for
1494 3115 296 69 hospitals,
1826 3118 281 66 prepared

117 3195 73 65 by
224 3195 139 52 New
399 3193 162 53 York
597 3193 327 52 conference
961 3213 72 33 on
1070 3193 251 67 hospital
1360 3193 355 69 accounting,
1751 3194 250 53 Herbert
2039 3196 68 53 R.

119 3271 202 67 Sands,
364 3271 323 66 consulting
730 3276 352 47 accountant.
1159 3271 137 52 New
1341 3270 162 53 York
1545 3270 134 69 city,
1721 3272 217 53 United
119 3274 1965 141 hospital
290 3351 146 52 fund
463 3349 63 53 of
554 3350 138 52 New
721 3349 162 53 York
932 3352 176 63 [c1933]

187 3419 1190 51 3 p. l., v-xiii, 195 p. forms (2 fold.) 26cm.
124 3475 51 51 ©
204 3480 114 46 Apr.
347 3479 69 47 29,
446 3479 112 39 1933;
617 3479 67 39 2c.
715 3480 95 38 and
841 3478 82 43 aff.
954 3480 112 46 May
1093 3478 28 38 4
1139 3489 9 28 :
1180 3478 41 38 A
1251 3477 143 41 61627;
1455 3479 178 39 United
1664 3478 211 48 hospital
1907 3479 123 41 fund
2061 3481 52 39 of

191 3536 116 39 New
340 3536 144 40 York.
554 3535 278 48 (33-12253)

122 3624 230 65 [North,
385 3624 183 54 Grace
598 3626 140 62 May]
791 3626 170 54 1876-

190 3699 1922 72 The phantom town, by Carol Norton [pseud.] … New York,
123 3777 264 68 Chicago,
421 3779 67 50 A.
523 3779 61 50 L.
620 3779 146 52 Burt
799 3796 274 50 company
1129 3780 173 65 [c1933]

189 3847 84 41 272
305 3859 43 36 p.
380 3848 108 40 incl.
519 3849 149 40 front.
728 3848 145 42 19½cm.
936 3850 233 48 [Mystery
1200 3850 95 39 and
1327 3851 267 39 adventure
1629 3851 150 40 series
1809 3853 78 38 for
1920 3852 117 48 girls]

127 3904 51 51 ©
210 3909 111 46 May
349 3908 39 46 9,
418 3908 112 40 1933;
589 3909 66 39 2c.
686 3910 94 38 and
810 3909 83 41 aff.
922 3910 113 46 May
1065 3910 54 37 11;
1178 3909 40 38 A
1248 3908 141 40 61691;
1449 3910 52 38 A.
1535 3910 50 39 L.
1616 3910 125 40 Burt
1768 3921 69 29 co.

204 3963 277 49 (33-12110)
