2484 4405
1087 4072 133 50 1353

145 434 241 63 Adams,
421 433 274 64 Herbert,
732 431 170 52 1874-

217 511 118 51 The
372 515 227 61 strange
638 508 229 52 murder
905 508 62 53 of
1004 507 241 65 Hatton,
1330 549 9 10 K.
1415 549 9 9 C.
1484 507 33 51 [by]
1618 506 249 52 Herbert
1904 505 233 52 Adams.

147 584 1501 69 Philadelphia, J. B. Lippincott company [ c 1933]
219 658 87 41 320
331 670 43 37 p.
434 659 55 40 19
493 660 44 21 cm
541 689 9 10 .

151 698 1991 66 © Sept. 11. 1933; 2c. and aff. Sept. 28; A 66358; J. B. Lippincott co.
229 772 278 47 (33-23692)

145 872 270 67 Alarcón,
442 876 187 51 Pedro
657 874 259 53 Antonio
945 876 87 62 de,
1066 877 323 49 1833-1891.

278 949 1865 70 … El final de Norma, edited with introduction, foot-notes of
146 1031 242 52 unusual
416 1030 184 52 words
631 1031 109 51 and
772 1029 234 53 difficult
1034 1029 430 67 constructions,
1493 1029 343 67 vocabulary
1865 1028 64 54 of
1958 1030 185 52 words

147 1108 1995 69 of high frequency, and exercises by Paul T. Manchester … and
148 1185 1995 68 José D. Hernández … New York & London, The Century
148 1283 77 35 co. [c1933]
217 1339 96 47 xiv,
342 1339 85 39 225
456 1350 42 36 p.
558 1339 163 40 front.,
751 1338 127 39 illus.
908 1336 184 48 (maps)
1133 1338 169 46 plates.
1363 1337 54 39 19
1421 1339 42 20 cm
1468 1369 8 7 .
1549 1338 124 43 (The
1704 1338 214 48 Century
1947 1340 195 38 modern

148 1398 236 47 language
414 1396 163 47 series,
605 1396 58 40 K.
695 1395 272 47 McKenzie,
997 1393 182 46 editor)
1305 1392 128 49 $1.35

219 1454 161 41 “First
412 1453 258 49 printing.”

153 1508 51 52 ©
230 1513 111 47 Apr.
367 1513 67 38 21.
463 1512 137 39 1933;
630 1512 66 39 2c.
723 1512 94 38 and
844 1510 80 40 aff.
954 1510 111 47 May
1092 1510 50 40 5:
1172 1511 39 37 A
1238 1510 142 39 62517;
1438 1511 214 45 Century
1680 1522 64 27 co.
1827 1507 51 51 [©
222 1511 1908 105 introduction,
364 1570 274 40 foot-notes,

669 1568 292 46 vocabulary
991 1568 94 38 and
1116 1566 238 40 exercises
1383 1568 95 38 and
1508 1568 65 38 all
1604 1568 321 46 explanatory
1954 1569 192 45 matter]

234 1626 278 47 (33-25656)

151 1727 314 54 American
494 1728 109 51 law
629 1729 234 61 reports
890 1727 342 53 annotated.

224 1804 360 53 Cumulative
624 1803 169 52 index
834 1804 61 51 of
934 1804 93 51 the
1065 1804 308 51 American
1411 1806 109 49 law
1560 1810 219 61 reports
1819 1806 325 52 annotated,

153 1885 135 49 vols.
347 1884 186 53 82-86,
590 1882 326 68 combining
972 1900 149 35 cases
1179 1882 112 52 and
1350 1883 378 51 annotations.
1823 1885 323 53 Rochester.

154 1962 67 50 N.
255 1961 53 50 Y.,
373 1962 119 51 The
522 1962 266 65 Lawyers
818 1960 381 68 co-operative
1232 1960 333 70 publishing
1593 1980 306 51 company:
154 1963 1963 144 North-port,

341 2041 64 50 L.
444 2040 66 58 I.,
549 2042 69 51 N.
662 2042 89 55 Y.,
790 2040 251 51 Edward
1085 2040 329 67 Thompson
1456 2059 306 49 company;
1809 2041 116 54 San
155 2045 1967 139 Francisco,

349 2117 193 58 Calif.,
576 2117 583 66 Bancroft-Whitney
1192 2136 296 49 company,
1524 2121 149 50 1933.

220 2192 84 38 335
334 2202 42 36 p.
440 2192 54 38 24
499 2194 43 20 cm
548 2223 7 7 .

224 2248 70 40 On
323 2258 139 29 cover:
519 2248 295 46 Temporary
843 2247 296 39 cumulative
1169 2247 320 46 index-digest
1520 2248 50 39 of
1599 2248 52 38 A.
1683 2249 46 36 L.
1809 2280 6 6 R.
1847 2249 115 39 vols.
1994 2250 156 38 82-86.

157 2299 54 52 ©
245 2304 99 40 Oct.
382 2305 67 44 17,
486 2304 139 41 1933;
665 2304 65 40 2c.
768 2305 94 38 and
899 2303 81 39 aff.
1019 2303 101 40 Oct,
1158 2303 80 40 19:
1279 2305 37 37 A
1354 2304 170 40 66696:
1566 2304 227 47 Lawyers
1830 2305 321 47 co-operative

222 2361 108 47 pub.
359 2371 80 36 co.,
470 2361 209 39 Edward
708 2360 273 46 Thompson
1010 2371 81 30 co.,
1123 2361 94 38 and
1249 2360 487 48 Bancroft-Whitney
1765 2373 65 28 co.

154 2462 272 54 Arizona.
504 2466 274 64 Supreme
810 2470 174 48 court.

225 2540 1924 69 Report of cases argued and determined … from March 21,
159 2622 149 64 1932,
342 2626 57 45 to
434 2619 244 54 October
710 2624 49 62 3,
795 2623 149 48 1932.
1019 2621 162 53 Alice
1216 2622 79 50 M.
1331 2621 272 68 Birdsall,
1636 2632 273 58 reporter,
1984 2643 46 34 v.
2074 2628 73 49 10.

158 2697 116 55 San
304 2698 319 54 Francisco,
653 2697 583 67 Bancroft-Whitney
1266 2717 296 50 company,
1594 2703 149 50 1933.

222 2772 163 45 xxxvi,
415 2771 89 39 610
529 2782 41 36 p.
632 2771 58 39 22½
721 2774 42 19 cm
771 2804 7 7 .

159 2824 51 51 ©
238 2828 126 47 Sept.
389 2829 68 45 21,
482 2827 112 40 1933;
648 2828 66 39 2c.
740 2828 95 39 and
860 2827 80 40 aff.
969 2828 98 39 Oct.
1095 2829 55 38 17;
1204 2828 42 38 A
1269 2828 168 41 65673:
1466 2829 133 39 Alice
1625 2830 60 37 M.
1715 2830 228 48 Birdsall,
1969 2832 78 39 for
2075 2834 79 39 the

227 2885 173 39 benefit
429 2885 51 39 of
509 2884 83 40 the
618 2886 129 37 state
776 2884 50 39 of
855 2883 223 46 Arizona,
1111 2884 229 41 Phoenix,
1372 2884 126 39 Ariz.

153 2988 237 63 Austin,
422 2988 188 54 Anne.

225 3067 57 52 A
314 3066 215 52 wicked
564 3083 238 48 woman,
836 3066 75 66 by
944 3066 167 51 Anne
1146 3065 228 53 Austin.
1450 3067 136 52 New
1626 3068 178 59 York,
1841 3071 119 50 The
157 3072 1968 125 Macmillan
388 3160 295 51 company,
716 3147 150 51 1933.

229 3216 608 50 4 p. l., 3-371 p. 19½- cm .
163 3272 51 52 ©
250 3276 100 41 Oct.
386 3276 39 42 3,
462 3275 138 44 1933;
636 3275 67 38 2c.
739 3275 93 38 and
871 3274 81 41 aff.
990 3274 101 40 Oct.
1129 3275 53 45 4;
1220 3275 40 37 A
1297 3274 136 40 66431:
1505 3277 54 39 A.
1596 3277 190 42 Austin,
1825 3280 148 45 Eagle
2011 3281 144 41 Bock.

233 3332 142 40 Calif.
447 3329 278 49 (33-25974)

156 3418 318 66 Bachman,
507 3420 198 51 Frank
737 3418 405 65 Puterbaugh,
1179 3419 171 53 1871-

229 3497 319 53 Education
575 3497 111 51 and
711 3495 370 53 certification
1109 3495 64 52 of
1197 3497 344 69 elementary
1566 3499 268 68 teachers,
1859 3501 74 68 by
1958 3504 196 53 Frank

159 3573 1994 75 P. Bachman … Nashville, Tenn., Division of surveys and
160 3653 127 53 field
325 3653 228 55 studies,
589 3651 220 66 George
845 3652 269 67 Peabody
1149 3652 209 68 college
1397 3652 92 53 for
1525 3654 269 68 teachers,
1832 3660 148 52 1933.

229 3739 45 36 x,
293 3727 86 41 225
396 3737 42 38 p.
498 3725 152 49 diagr.
707 3725 56 39 22½cm.
922 3724 225 50 ([George
1178 3725 225 49 Peabody
1432 3728 178 48 college
1641 3728 78 41 for
1749 3731 233 50 teachers,
161 3735 1976 90 Nashville.

347 3784 222 40 Division
603 3784 49 39 of
686 3793 201 36 surveys
922 3784 93 38 and
1051 3782 113 40 field
1199 3782 199 50 studies]
1463 3784 136 41 Field
1634 3788 146 47 study
1812 3798 74 33 no.
1923 3791 50 47 5)

232 3843 333 44 “Documents,
604 3840 291 45 catalogues,
933 3839 160 40 books,
1132 3840 93 38 and
1265 3840 274 47 magazines
1576 3844 115 38 used
1730 3844 48 40 in
1817 3846 97 41 this
1950 3850 173 48 study”:

161 3910 42 37 p.
232 3898 216 42 189-199.

167 3953 1973 106 © Aug. 28. 1933; 2c. and aff. Sept. 14: A 65219; F. P. Bachman. Nashville. (33-25667)
