2540 4453
1183 4101 99 48 303

263 527 86 42 126
386 537 43 38 p.
489 524 143 49 illus.,
671 525 173 49 plates,
882 522 166 51 ports.,
1086 519 191 41 facsim.
1343 517 54 40 23½
1433 519 43 22 cm
1481 549 9 9 .
1569 515 331 52 ([Weymouth
1939 513 253 41 historical

192 586 197 49 society]
449 584 116 41 Pub.
597 594 75 31 no.
702 582 51 48 6)

195 626 2003 68 © Feb. 8, 1933; 2c. Feb. 11; aff. Feb. 24; A 60361; B. Torrey, Weymouth,
263 702 147 39 Mass.
481 696 252 51 (33-4956)

189 803 259 64 Vachell,
481 802 228 53 Horace
743 795 319 66 Annesley.

259 880 220 55 Vicars’
513 878 167 55 walk.
755 877 162 67 chap.
955 878 30 49 9
1029 871 377 72 (contd.)-11.

298 958 60 38 (In
386 948 345 53 Birmingham
762 947 190 52 weekly
983 949 127 49 post,
1140 943 119 43 Feb.
1291 943 70 50 18,
1395 942 143 50 1933)

200 1011 2001 65 © 1c. Apr. 17, 1933; A ad int. 17699; pubd. Feb. 18; H. A. Vachell, Bath,
269 1084 239 47 England.

199 1187 223 64 Vercel,
453 1185 214 64 Roger.

269 1251 1930 78 Du Guesclin, par Roger Vercel … Paris, A. Michel [ c 1932 ]
268 1326 1468 56 2 p. l., [7]—316 p., 1 l. 19 cm . (Les vies authentiques)
269 1389 378 49 Bibliography:
676 1399 43 38 p.
755 1386 114 51 [313]

207 1454 1891 60 © Nov. 14, 1932; 1c. Jan. 7, 1933; A-Foreign 19296; Albin Michel.
282 1522 254 48 (33-6336)

205 1624 301 65 Vichniac,
536 1624 183 57 Marc.

336 1696 1006 73 … Lénine. Paris, A. Colin, 1932.
274 1769 1504 54 2 p. l., 266 p., 1 l. 20 cm . (On cover Ames et visages)
211 1824 2002 59 © Nov. 9, 1932; 1c. Jan. 31, 1933; A-Foreign 19533; Max Leclerc & cie.
290 1890 252 50 (33-6917)

207 1991 255 67 Villiers,
492 1992 154 55 Alan
675 1993 72 64 J.,
779 1997 172 49 1903-

281 2069 184 55 Grain
490 2087 143 51 race,
659 2070 75 68 by
759 2070 154 53 Alan
941 2069 252 55 Villiers.
1257 2069 139 53 New
1424 2068 180 65 York,
1632 2068 63 55 C.
1727 2065 314 57 Scribner’s
2065 2084 147 48 sons,

212 2153 153 50 1933.

285 2216 1244 55 viii p., 2 l., 331 p. front., plates, ports. 22 cm .
288 2276 147 41 “This
468 2278 135 47 story
639 2276 52 43 of
723 2278 84 41 the
840 2288 184 39 voyage
1058 2276 52 42 of
1144 2278 83 40 the
1260 2275 323 43 four-masted
1620 2276 183 48 barque
1839 2275 178 42 Parma
2053 2276 48 40 in
2137 2277 80 40 the

218 2334 142 49 grain
390 2334 138 41 ‘race’
561 2333 52 43 of
644 2335 83 41 the
758 2336 98 40 last
886 2334 53 42 of
969 2334 83 43 the
1084 2333 335 50 sailing-ships
1451 2333 128 42 from
1613 2333 254 41 Australia
1900 2337 50 39 to
1982 2334 82 41 the
218 2334 1984 99 English

335 2392 206 40 channel
564 2391 260 51 completes
849 2392 81 41 the
955 2390 191 51 picture
1169 2391 159 40 which
1355 2391 21 38 I
1401 2393 74 40 set
1500 2394 84 38 out
1611 2393 48 38 to
1684 2391 109 49 give
1817 2390 53 41 of
1893 2391 81 42 the
1998 2390 218 50 graceful

220 2447 129 42 wind
373 2448 135 51 ships
533 2447 167 45 before
725 2448 83 43 the
831 2448 99 42 last
953 2448 54 42 of
1030 2449 130 42 them
1187 2447 326 51 departed—a
1540 2448 189 50 picture
1755 2448 159 41 which
1939 2458 101 32 was
2066 2449 152 50 begun

219 2506 52 41 in
306 2507 276 40 ‘Falmouth
615 2506 79 41 for
729 2506 182 41 orders’
946 2508 97 39 and
1078 2506 261 41 continued
1376 2506 48 39 in
1462 2505 87 49 ‘By
1585 2516 107 38 way
1729 2505 52 42 of
1813 2516 117 39 cape
1966 2506 256 40 Horn’.”—

220 2565 274 43 Foreword.

223 2627 2000 57 © Mar. 3, 1933; 2c. Mar. 8; aff. Mar. 7; A 59804: Charles Scribner’s
290 2703 126 31 sons.
487 2690 280 50 (33-27072)

218 2795 122 52 The
366 2813 125 36 war
521 2794 167 70 diary
718 2795 63 52 of
813 2814 31 33 a
875 2793 223 55 British
1130 2794 238 53 airman.
1449 2794 365 69 [Instalment
1841 2798 49 65 4]

326 2871 62 39 (In
412 2865 202 44 London
643 2866 201 51 Sunday
873 2864 244 54 pictorial,
1147 2866 114 42 Dec.
1290 2867 41 49 4,
1363 2866 144 51 1932)

228 2917 1999 60 © 1c. Feb. 2, 1933; A ad int. 17529; pubd. Dec. 4, 1932; Gladys Maud
297 2983 252 40 Cockburn
579 2982 177 49 Lange,
787 2982 322 49 Manchester,
1141 2984 235 46 England.

226 3081 413 70 Washington,
670 3086 70 55 D.
772 3087 62 54 C.
908 3086 322 65 Inaugural
1259 3084 358 68 committee,
1651 3091 152 52 1933.

297 3159 219 57 Official
548 3179 271 53 program
850 3162 65 54 of
943 3163 96 54 the
1070 3160 306 71 inaugural
1409 3161 336 58 ceremonies
1777 3160 303 71 inducting
2109 3161 120 54 into

229 3236 149 55 office
415 3239 281 53 Franklin
736 3241 70 51 D.
847 3239 318 71 Roosevelt,
1202 3241 291 67 president
1533 3240 63 52 of
1634 3240 98 55 the
1769 3238 215 56 United
2025 3238 206 70 States,

227 3316 157 53 John
413 3315 68 52 N.
513 3314 239 71 Garner,
780 3318 122 53 vice
929 3317 290 68 president
1245 3317 66 53 of
1339 3320 96 51 the
1464 3317 220 55 United
1714 3316 206 69 States,
1949 3317 203 53 March
2179 3320 52 65 4,

233 3396 149 49 1933.
453 3392 416 71 [Washington,
900 3395 69 51 D.
1003 3393 79 69 C.,
1111 3394 272 54 Ransdell
1410 3394 418 70 incorporated,
1857 3401 19 22 c
1880 3397 133 50 1933]

298 3463 57 41 64
384 3474 43 38 p.
488 3461 129 45 illus.
645 3464 133 49 (incl.
810 3464 175 48 ports.)
1054 3465 56 40 28
1113 3468 44 21 cm
1162 3498 8 8 .

304 3517 1128 53 “Copyright … by Inaugural committee.”
239 3576 51 52 ©
320 3580 108 39 Feb.
459 3581 68 45 11,
556 3579 140 48 1933;
727 3580 66 41 2c.
823 3583 95 38 and
947 3581 83 42 aff.
1059 3580 109 40 Feb.
1199 3581 83 47 28;
1312 3582 41 39 A
1382 3580 170 50 59725;
1586 3583 206 40 General
1821 3581 263 51 inaugural

306 3594 1912 90 committee,
515 3636 335 50 Washington.
920 3636 251 50 (33-5470)

235 3739 308 66 Waxman,
572 3740 206 66 Percy.

236 3811 1978 232 What price Mallorca, with a glance at Menorca, Ibiza, For-mentera and Cabrera, by Percy Waxman … New York, Farrar & Rinehart incorporated [ c 1933 ]
