2582 4453
1345 4108 101 49 936

383 500 93 52 die
508 499 288 54 Deutsche
828 499 372 68 gesellschaft
1233 499 101 53 für
1366 500 460 67 rassenhygiene,
1858 518 111 35 von
2006 500 86 53 dr.
2123 499 277 56 Wilhelm

384 577 1539 68 Hartnacke … München, J. F. Lehmann, 1932.
457 652 86 41 104
570 664 44 38 p.
674 650 58 43 20½
765 654 44 21 cm
813 683 10 10 .

386 706 2017 53 © July 23, 1932; 1c. Aug. 20; A-Foreign 17773; J. F. Lehmanns verlag.
464 768 282 49 (33-15950)

378 856 227 67 Heidel,
634 855 257 58 William
922 857 253 64 Arthur,
1207 860 173 51 1868-

451 936 123 53 The
604 936 193 54 heroic
829 956 102 50 age
963 936 65 53 of
1059 936 242 67 science;
1334 938 97 52 the
1464 937 352 69 conception,
1846 938 199 67 ideals,
2077 938 109 52 and
380 939 1997 131 methods
517 1017 65 53 of
615 1017 215 53 science
865 1034 210 51 among
1109 1017 98 54 the
1243 1016 227 54 ancient
1503 1018 234 68 Greeks,
1771 1018 76 68 by
1877 1017 264 55 William
2177 1018 226 53 Arthur

379 1095 1997 151 Heidel … Baltimore, Pub. for Carnegie institution of Washington by the Williams & Wilkins company, 1933.
455 1253 81 47 vii,
566 1253 85 40 203
679 1263 43 37 p.
778 1251 56 41 23
838 1254 44 21 cm
889 1283 7 8 .
964 1253 100 48 (On
1089 1261 141 32 verso
1260 1253 51 48 of
1341 1254 121 47 t.-p.:
1491 1251 240 50 Carnegie
1754 1251 287 42 institution
2072 1251 52 41 of
385 1250 2008 100 Washington.
541 1309 309 41 Publication
879 1320 75 30 no.
983 1310 113 49 442)

388 1363 52 53 ©
471 1368 117 47 May
614 1368 71 47 23,
716 1367 115 41 1933
849 1378 9 36 ;
890 1368 67 40 2c.
989 1367 97 41 and
1116 1367 83 41 aff.
1231 1369 114 47 May
1375 1367 83 48 29;
1492 1368 41 39 A
1563 1367 172 49 62806;
1771 1367 237 49 Carnegie
2038 1367 284 41 institution
2354 1368 53 40 of

456 1425 338 48 Washington.
866 1425 283 48 (33-16188)

381 1500 128 64 His,
539 1498 294 68 Wilhelm,
865 1506 172 50 1863-

453 1580 57 53 A
554 1578 253 56 German
853 1581 197 52 doctor
1095 1587 59 46 at
1198 1580 96 53 the
1341 1580 161 53 front
1557 1579 138 71 (Die
1742 1580 161 52 front
1948 1579 100 54 der
2093 1579 182 70 arzte)
2330 1579 77 70 by

382 1658 304 54 Professor
717 1660 103 52 Dr.
850 1659 276 54 Wilhelm
1156 1659 142 68 His;
1329 1659 318 54 translated
1679 1659 154 53 from
1860 1659 98 55 the
1986 1658 251 70 original
382 1659 1999 132 German

547 1737 1860 71 by Colonel Gustavus M. Blech … and Brigadier General
383 1817 2024 71 Jefferson B. Kean … American ed. Washington, D. C., The
385 1897 275 54 National
687 1896 214 55 service
928 1896 338 70 publishing
1292 1915 283 51 company
1650 1900 152 66 [c1933]

456 1973 28 40 7
517 1983 43 38 p.
630 2004 9 17 l.,
672 1972 89 41 230
792 1982 44 38 p.
870 1971 111 42 incl.
1015 1982 153 39 maps,
1229 1972 150 40 front.
1409 1972 174 48 (port.)
1652 1972 57 41 23½
1741 1975 17 21 cm
1793 2005 7 8 .

390 2027 2016 53 © June 16, 1933 ; 2c. June 20; aff. June 19; A 64113; Natl. service pub.
457 2101 67 29 co.
597 2089 282 49 (33-16553)

385 2165 301 66 Hoffman,
714 2165 278 55 Thurlow
1019 2166 199 55 Weed.

456 2243 436 69 Fore-hitchin’,
943 2243 75 70 by
1069 2244 276 53 Thurlow
1395 2245 179 54 Weed
1624 2242 298 55 Hoffman.
1998 2245 236 66 Boston,
2285 2243 121 54 The

387 2322 380 69 Christopher
798 2321 338 71 publishing
1166 2323 173 54 house
1376 2357 13 34 [
1394 2329 17 22 c
1418 2325 152 66 1933]

455 2398 90 41 358
571 2409 44 38 p.
674 2398 56 40 21
734 2400 45 22 cm
784 2429 9 10 .

391 2452 55 53 ©
474 2458 127 39 June
630 2457 69 46 14,
729 2456 114 41 1933
862 2466 8 37 ;
902 2456 68 41 2c.
1000 2457 96 38 and
1127 2455 83 41 aff.
1240 2455 118 48 July
1387 2456 53 47 1;
1473 2456 41 39 A
1543 2455 172 43 63463;
1750 2456 319 48 Christopher
2100 2455 110 49 pub.
2242 2457 164 38 house.

473 2514 282 49 (33-16733)

385 2589 172 65 Holy,
584 2590 260 54 Thomas
872 2589 314 65 Celestine,
1217 2591 172 54 1887-

460 2667 305 53 Financial
803 2672 184 48 status
1025 2668 64 53 of
1130 2667 152 55 Ohio
1320 2667 118 68 city
1478 2668 113 53 and
1631 2668 541 68 exempted-village
2212 2668 191 53 school

389 2745 2014 70 districts, by T. C. Holy … and D. H. Sutton … Columbus,
391 2822 87 69 O.,
504 2825 121 52 The
655 2824 151 55 Ohio
832 2830 147 48 state
1006 2824 322 69 university
1360 2858 13 34 [
1379 2830 17 22 c
1402 2828 136 50 1932
1543 2859 12 32 ]

462 2896 103 50 viii,
593 2898 55 41 75
674 2908 44 39 p.
778 2896 55 41 23½
868 2899 15 21 cm
916 2931 9 8 .
993 2898 298 49 (Half-title:
1320 2897 138 52 [Ohio
1487 2900 130 40 state
1643 2898 291 50 university]
1995 2898 197 42 Bureau
2219 2898 52 43 of
392 2901 1998 95 educational

639 2957 241 40 research.
940 2954 342 51 Monographs,
1341 2967 75 31 no.
1446 2955 79 48 13)

465 3013 74 41 On
566 3024 169 31 cover;
766 3012 124 43 Ohio
917 3015 130 40 state
1072 3012 276 49 university
1374 3013 202 42 studies.

394 3068 2014 53 © Mar. 13, 1933; 2c. and aff. June 12; A 63181; Bureau of educational
462 3130 240 46 research,
734 3129 121 41 Ohio
885 3130 130 39 state
1043 3128 145 47 univ.,
1219 3128 276 40 Columbus.
1568 3127 282 49 (33-27832)

386 3205 254 66 Hooper,
670 3205 254 55 Wallace
953 3203 249 66 Dudley.

460 3283 326 70 Operating
829 3290 146 48 costs
1018 3284 62 53 of
1125 3283 273 70 retailing
1439 3285 121 51 coal
1606 3283 59 53 in
1711 3284 329 69 Columbus,
2083 3286 34 51 by
2199 3288 88 53 W.
2333 3288 71 51 D.

388 3364 254 68 Hooper.
720 3362 330 67 Columbus,
1082 3365 121 50 The
1235 3363 151 55 Ohio
1418 3367 146 49 state
1595 3364 321 68 university
1947 3382 175 49 press,
2154 3367 149 49 1932.

466 3441 59 45 iv,
550 3440 58 39 43
634 3450 41 37 p.
731 3438 180 47 diagrs.
965 3438 55 38 25
1025 3441 43 20 cm
1073 3469 8 8 .
1148 3438 100 48 (On
1271 3448 164 30 cover:
1464 3437 138 49 [Ohio
1629 3440 130 38 state
1786 3435 287 51 university]
2132 3438 196 40 Bureau
2358 3439 52 41 of

392 3497 223 40 business
645 3496 225 40 research
899 3495 341 48 monographs,
1298 3505 75 30 no.
1403 3495 82 49 20)

465 3554 151 40 “Ohio
647 3556 129 38 state
806 3553 273 47 university
1108 3552 232 41 studies.”

397 3606 2012 53 © Apr. l. 1932 ; 2c. May 15, 1933; aff. June 5; A 63052; Ohio state
466 3669 143 45 univ.,
644 3668 275 41 Columbus.
991 3666 283 50 (32-27763)

391 3741 156 55 Iowa
578 3744 111 52 and
723 3744 187 52 North
942 3748 240 48 western
1215 3742 204 69 digest,
1451 3743 269 69 covering
1752 3744 79 52 all
1863 3763 149 35 cases
2046 3742 265 70 reported
2343 3742 57 53 in

462 3822 158 53 Iowa
658 3828 240 63 reports.
936 3823 186 53 North
1162 3828 238 47 western
1440 3828 258 62 reporter
1735 3823 111 52 and
1887 3824 75 51 all
2002 3823 62 52 of
2100 3823 97 52 the
2232 3822 172 52 north

463 3905 237 49 western
737 3907 173 48 states
947 3907 221 62 reports
1203 3902 151 53 from
1393 3903 94 52 the
1521 3902 229 52 earliest
1783 3902 183 67 times,
2000 3902 139 53 with
2177 3907 229 48 current

462 3980 345 52 cumulative
838 3982 204 67 pocket
1070 3981 211 53 service
1311 3982 247 68 keeping
1587 3982 114 54 this
1731 3982 188 67 digest
1946 3982 211 67 always
2188 3985 58 47 to
2273 3981 131 53 date
