2484 4405
1041 4088 99 52 829

90 435 237 65 Forbes,
356 438 137 52 Mrs.
524 433 209 54 Rosita
768 433 205 67 (Torr)

159 513 181 68 Eight
377 510 282 70 republics
697 511 60 52 in
792 512 195 51 search
1024 510 63 55 of
1126 529 31 33 a
1195 510 223 67 future;
1459 510 290 53 evolution
1784 513 46 50 &
89 503 1972 148 revolution

244 591 60 51 in
342 589 183 56 South
557 589 283 67 America,
875 590 75 65 by
986 588 201 55 Rosita
1222 590 240 65 Forbes;
1502 588 140 53 with
1680 608 31 33 a
1745 588 231 68 preface
2010 588 76 69 by

91 667 275 55 Viscount
418 666 365 56 D’Abernon.
856 669 240 53 London
1156 674 139 61 [etc.]
1355 666 215 57 Cassell
1622 667 113 53 and
1787 685 298 51 company,

88 747 104 55 ltd.
224 750 172 64 [1933]

161 816 950 56 xii, 340 p. incl. front. (map) 22 cm .
437 877 161 40 CONTENTS.—The
627 876 364 48 revolutionary
1019 874 1072 51 idea.—Brazil.—Uruguay.—Paraguay.—

90 929 1404 59 Argentina.—Chile.—Bolivia.—Peru.—Ecuador.—On
1531 933 191 42 diverse
1755 934 251 42 frontiers.

97 999 1991 62 © 1c. June 1, 1933; A ad int. 17846; pubd. Apr. 6; Joan Rosita McGrath,
166 1064 211 40 London.
447 1062 280 49 (33-15132)

92 1165 262 66 Galopin,
383 1164 282 67 Arnould,
696 1170 172 51 1865-

224 1237 1868 78 … La résurrection d’Edgar Pipe; roman. Paris, A. Michel
97 1354 14 35 [
115 1328 18 23 c
139 1325 151 63 1933]

161 1396 100 49 319,
332 1415 12 31 [1]
374 1406 42 39 p.
477 1394 56 40 19
535 1397 46 20 cm
584 1425 9 8 .

100 1463 1718 58 © Jan. 27, 1933; 1c. Apr. 4; A-Foreign 20520; Albin Michel.
174 1525 278 48 (33-14321)

91 1626 264 65 Gielgud,
382 1627 109 54 Val
519 1627 222 65 Henry,
771 1633 171 50 1900-

166 1706 196 54 Under
396 1707 259 66 London,
689 1707 76 67 by
798 1707 115 53 Val
946 1706 251 70 Gielgud
1234 1709 114 52 and
1381 1708 146 54 Holt
1562 1709 249 54 Marvell
1868 1710 195 68 [pseud.]

98 1783 272 68 [London]
408 1783 145 54 Rich
584 1787 50 49 &
668 1786 229 66 Cowan,
928 1786 102 53 ltd.
1088 1790 151 63 [1933]

163 1856 98 48 287,
296 1874 11 31 [1]
383 1868 43 37 p.
486 1856 55 41 19
544 1859 44 21 cm
594 1889 8 8 .

101 1922 1996 59 © 1c. May 18, 1933; A ad int. 17840; pubd. Mar. 23; V. H. Gielgud and
163 1983 113 41 Eric
307 1983 296 49 Mascliwitz,
640 1984 213 42 London.
922 1984 281 52 (33-15497)

90 2072 259 66 Harvey,
376 2072 255 55 William
659 2075 205 65 Fryer,
895 2080 170 50 1885-

159 2152 203 52 Moods
395 2152 111 52 and
539 2158 181 48 tenses
758 2153 92 68 [by
853 2188 13 33 3
903 2154 262 55 William
1196 2157 181 52 Fryer
1409 2157 251 68 Harvey.
1737 2158 248 67 Oxford,
2019 2163 68 52 B.

94 2227 325 68 Blackwell,
453 2235 148 49 1933.

161 2312 145 36 xxxv,
337 2302 99 48 223,
469 2304 55 49 [1]
554 2314 42 37 p.
657 2303 56 40 20
715 2305 44 22 cm
764 2336 9 7 .

166 2358 147 41 Short
338 2358 190 43 stories.

98 2424 1992 63 © 1c. Apr. 25, 1933; A ad int. 17861; pubd. Feb. 23; W. F. Harvey,
168 2485 200 48 Oxford,
406 2486 235 48 England.
711 2486 278 50 (33-15494)

89 2575 251 65 Heaton,
369 2576 189 56 Willis
587 2579 219 65 Edgar.

222 2653 1867 82 … Heaton on Surrogates’ courts. 5th ed. (Myers) v. 1-5
117 2732 1970 83 [and] Index volume. Supplement, 1930-1933 … Albany,
150 2850 9 10 N.
192 2811 89 66 Y.,
311 2811 112 52 and
508 2830 81 33 New
619 2814 177 68 York,
884 2858 9 9 N.
926 2818 90 65 Y.,
1044 2817 281 53 Matthew
1353 2819 227 54 Bender
1607 2825 45 50 &
1677 2840 297 53 company,
91 2818 1972 144 incorporated,
476 2893 150 50 1933.

162 2963 29 39 6
216 2974 42 28 v.
316 2962 56 40 25½
404 2964 45 23 cm
452 2994 9 8 .

163 3018 297 44 Cover-title.

163 3075 62 40 At
254 3076 124 39 head
407 3077 51 40 of
487 3076 134 41 title:
652 3078 128 42 1933.

165 3131 154 40 These
349 3133 272 48 pamphlets
653 3145 84 29 are
766 3138 48 38 to
846 3137 55 39 be
932 3137 138 41 fitted
1102 3139 102 41 into
1238 3140 80 40 the
1349 3141 196 49 pockets
1578 3147 52 38 at
1662 3144 85 42 the
1774 3145 122 41 back
1926 3147 54 41 of
2009 3149 84 41 the

95 3188 214 41 volumes
337 3190 51 39 of
415 3190 80 41 the
524 3194 73 37 set
625 3194 47 38 to
700 3192 159 41 which
887 3196 114 46 they
1028 3196 184 48 belong.

101 3252 1994 67 © June 28, 1933; 2c. each and aff. June 29; A 64182; Matthew Bender
166 3313 37 40 &
230 3325 82 37 co.,
344 3316 91 41 inc.
496 3313 70 53 [©
597 3317 247 42 additions
875 3322 97 38 and
1002 3322 226 50 changes]

225 3404 1866 85 … Heaton on Surrogates’ courts. 5th ed. v. 6 [and] Table
94 3479 1996 91 of cases. Supplement, 1933 … Albany, N. Y., and New York,
154 3602 10 9 N.
201 3559 88 57 Y.,
325 3560 279 54 Matthew
641 3565 226 53 Bender
903 3586 298 50 company,
1237 3573 419 64 incorporated,
1696 3579 150 51 1933.

167 3633 31 39 2
220 3644 45 29 v.
318 3633 59 40 25½cm.

167 3689 293 43 Cover-title.

165 3745 65 40 At
256 3746 124 41 head
409 3747 53 42 of
489 3748 135 42 title:
655 3749 127 45 1933.

170 3802 153 40 These
353 3805 273 48 pamphlets
657 3818 83 29 are
770 3811 48 38 to
849 3811 57 39 be
935 3811 138 40 fitted
1105 3812 102 41 into
1239 3815 83 40 the
1351 3816 196 49 pockets
1578 3822 52 37 at
1662 3821 82 40 the
1775 3822 122 39 back
1928 3822 54 41 of
2011 3825 83 41 the

99 3858 214 41 volumes
339 3860 53 39 of
418 3860 80 41 the
526 3865 76 38 set
628 3866 48 38 to
704 3864 158 41 which
889 3868 115 47 they
1031 3869 184 49 belong.

103 3909 52 53 ©
180 3915 127 40 June
329 3916 68 47 28,
422 3916 141 44 1933;
589 3920 68 39 2c.
682 3921 116 40 each
823 3924 96 39 and
944 3924 84 41 aff.
1053 3925 128 41 June
1204 3927 83 47 29;
1314 3929 42 39 A
1379 3929 171 49 64182;
1578 3933 238 42 Matthew
1840 3936 194 40 Bender
2056 3938 38 40 &

170 3981 81 36 co.,
281 3972 89 40 inc.
435 3970 68 54 [©
533 3975 245 43 additions
808 3980 96 39 and
933 3981 223 51 changes]
