<alto xmlns="http://www.loc.gov/standards/alto/ns-v3#" xmlns:xsi="http://www.w3.org/2001/XMLSchema-instance" xsi:schemaLocation="http://www.loc.gov/standards/alto/ns-v3# http://www.loc.gov/alto/v3/alto-3-0.xsd"><Description>
<MeasurementUnit>pixel</MeasurementUnit>
<sourceImageInformation>
<fileName>1933_v1_Part1.pdf</fileName>
</sourceImageInformation>
<OCRProcessing ID="IdOcr">
<ocrProcessingStep>
<processingDateTime>2019-01-03</processingDateTime>
<processingSoftware>
<softwareCreator>ABBYY</softwareCreator>
<softwareName>ABBYY Recognition Server</softwareName>
<softwareVersion>4.0</softwareVersion>
</processingSoftware>
</ocrProcessingStep>
</OCRProcessing>
</Description>
<Styles>
<ParagraphStyle ALIGN="Left" FIRSTLINE="0." ID="StyleId-FFFFFFFF-FFFF-FFFF-FFFF-FFFFFFFFFFFF-" LEFT="0." RIGHT="0." />
<ParagraphStyle ALIGN="Left" FIRSTLINE="0." ID="StyleId-6EF5737A-DCEB-4126-A0CF-C5930BF7166A-" LEFT="0." LINESPACE="8.300000191" RIGHT="0." />
<ParagraphStyle ALIGN="Left" FIRSTLINE="0." ID="StyleId-2DE44258-FD0B-41E1-B542-087C989B01A3-" LEFT="0." LINESPACE="12.19999981" RIGHT="0." />
<ParagraphStyle ALIGN="Left" FIRSTLINE="-14." ID="StyleId-CE3D254A-29D7-4DD7-B5F1-E0FC0EF29B05-" LEFT="0." LINESPACE="8.619999886" RIGHT="0." />
<ParagraphStyle ALIGN="Left" FIRSTLINE="-14." ID="StyleId-C0E3A137-CE4F-4287-8A90-B599106709D0-" LEFT="0." LINESPACE="12.19999981" RIGHT="0." />
<ParagraphStyle ALIGN="Left" FIRSTLINE="-14." ID="StyleId-50F26F0C-05DA-4C19-BA58-7A6AC4499BEE-" LEFT="0." LINESPACE="11.06999969" RIGHT="0." />
<ParagraphStyle ALIGN="Center" FIRSTLINE="0." ID="StyleId-5DDE65AF-512C-41E2-9B8E-095D6D99EF68-" LEFT="0." LINESPACE="11.89999962" RIGHT="0." />
<ParagraphStyle ALIGN="Left" FIRSTLINE="0." ID="StyleId-0A81D7A5-6A62-4C52-915E-7768974C704D-" LEFT="0." LINESPACE="9.399999619" RIGHT="0." />
<ParagraphStyle ALIGN="Block" FIRSTLINE="-13." ID="StyleId-F7A0127F-6B48-4157-BB81-FE33E1E1A05B-" LEFT="0." LINESPACE="10.63000011" RIGHT="0." />
<ParagraphStyle ALIGN="Left" FIRSTLINE="0." ID="StyleId-E18C69F7-DBD7-48B1-805C-FCD96D0DA019-" LEFT="0." LINESPACE="11.64000034" RIGHT="0." />
<ParagraphStyle ALIGN="Left" FIRSTLINE="-14." ID="StyleId-98F15501-B611-4E83-8BB3-807E891F11F5-" LEFT="0." LINESPACE="12.19999981" RIGHT="0." />
<ParagraphStyle ALIGN="Left" FIRSTLINE="0." ID="StyleId-F4A78626-0BBC-4D12-94D9-A1AE75A9855F-" LEFT="0." LINESPACE="9.399999619" RIGHT="0." />
<ParagraphStyle ALIGN="Left" FIRSTLINE="0." ID="StyleId-6A3F6F4C-D21B-4ADE-902F-7683F18ECEF3-" LEFT="0." LINESPACE="11.10000038" RIGHT="0." />
</Styles>
<Layout>
<Page HEIGHT="4453" ID="Page1594" PHYSICAL_IMG_NR="1594" WIDTH="2582">
<TopMargin HEIGHT="383" HPOS="0" VPOS="0" WIDTH="2582">
</TopMargin>
<LeftMargin HEIGHT="3817" HPOS="0" VPOS="383" WIDTH="337">
</LeftMargin>
<RightMargin HEIGHT="3817" HPOS="2508" VPOS="383" WIDTH="74">
</RightMargin>
<BottomMargin HEIGHT="253" HPOS="0" VPOS="4200" WIDTH="2582">
</BottomMargin>
<PrintSpace HEIGHT="3817" HPOS="337" VPOS="383" WIDTH="2171">
<TextBlock HEIGHT="72" HPOS="1312" ID="Page1594_Block1" LANG="en-US" STYLEREFS="StyleId-941EC510-DD92-4DF1-BB98-14A114DBCE15-" VPOS="4128" WIDTH="158">
<TextLine HEIGHT="51" HPOS="1322" VPOS="4138" WIDTH="137">
<String CONTENT="1594" HEIGHT="51" HPOS="1322" VPOS="4138" WIDTH="137" />
</TextLine>
</TextBlock>
<TextBlock CS="1" HEIGHT="3690" HPOS="337" ID="Page1594_Block2" STYLEREFS="StyleId-B0ECABE9-D0C6-484D-B92C-3528E33BBFF9-" VPOS="383" WIDTH="2171">
<TextLine HEIGHT="66" HPOS="376" LANG="en-US" STYLEREFS="StyleId-AE3943DB-546A-4887-A5FE-97731CB27719-" VPOS="436" WIDTH="699">
<String CONTENT="Masson-Oursel," HEIGHT="66" HPOS="376" VPOS="436" WIDTH="504" />
<SP HEIGHT="65" HPOS="881" VPOS="437" WIDTH="27" />
<String CONTENT="Paul." HEIGHT="55" HPOS="909" VPOS="436" WIDTH="166" />
</TextLine>
<TextLine CS="1" HEIGHT="73" HPOS="510" STYLEREFS="StyleId-941EC510-DD92-4DF1-BB98-14A114DBCE15-" VPOS="512" WIDTH="1889">
<String CONTENT="&#8230;" CS="1" LANG="en-US" />
<SP HEIGHT="51" HPOS="510" VPOS="515" WIDTH="32" />
<String CONTENT="L&#8217;Inde" HEIGHT="54" HPOS="543" LANG="fr" VPOS="514" WIDTH="217" />
<SP HEIGHT="35" HPOS="761" VPOS="533" WIDTH="29" />
<String CONTENT="antique" HEIGHT="69" HPOS="791" LANG="en-US" VPOS="514" WIDTH="233" />
<SP HEIGHT="34" HPOS="1025" VPOS="533" WIDTH="27" />
<String CONTENT="et" HEIGHT="47" HPOS="1053" LANG="fr" VPOS="520" WIDTH="55" />
<SP HEIGHT="51" HPOS="1109" VPOS="517" WIDTH="27" />
<String CONTENT="la" HEIGHT="51" HPOS="1137" LANG="en-US" VPOS="517" WIDTH="57" />
<SP HEIGHT="35" HPOS="1195" VPOS="532" WIDTH="25" />
<String CONTENT="civilisation" HEIGHT="56" HPOS="1221" LANG="en-US" VPOS="512" WIDTH="352" />
<SP HEIGHT="52" HPOS="1574" VPOS="515" WIDTH="24" />
<String CONTENT="indienne." HEIGHT="54" HPOS="1599" LANG="fr" VPOS="515" WIDTH="285" />
<SP HEIGHT="51" HPOS="1885" VPOS="518" WIDTH="65" />
<String CONTENT="Avec" HEIGHT="53" HPOS="1951" LANG="fr" VPOS="518" WIDTH="157" />
<SP HEIGHT="52" HPOS="2109" VPOS="519" WIDTH="29" />
<String CONTENT="5" HEIGHT="49" HPOS="2139" LANG="fr" VPOS="519" WIDTH="28" />
<SP HEIGHT="51" HPOS="2168" VPOS="519" WIDTH="30" />
<String CONTENT="cartes," HEIGHT="62" HPOS="2199" LANG="fr" VPOS="523" WIDTH="200" />
</TextLine>
<TextLine CS="1" HEIGHT="135" HPOS="378" LANG="fr" STYLEREFS="StyleId-941EC510-DD92-4DF1-BB98-14A114DBCE15-" VPOS="590" WIDTH="2019">
<String CONTENT="24" HEIGHT="51" HPOS="378" VPOS="596" WIDTH="70" />
<SP HEIGHT="57" HPOS="449" VPOS="590" WIDTH="29" />
<String CONTENT="figures" HEIGHT="71" HPOS="479" VPOS="590" WIDTH="211" />
<SP HEIGHT="35" HPOS="691" VPOS="613" WIDTH="37" />
<String CONTENT="au" HEIGHT="35" HPOS="729" VPOS="612" WIDTH="69" />
<SP HEIGHT="47" HPOS="799" VPOS="599" WIDTH="36" />
<String CONTENT="trait" HEIGHT="52" HPOS="836" VPOS="594" WIDTH="143" />
<SP HEIGHT="47" HPOS="980" VPOS="599" WIDTH="34" />
<String CONTENT="et" HEIGHT="47" HPOS="1015" VPOS="599" WIDTH="54" />
<SP HEIGHT="49" HPOS="1070" VPOS="597" WIDTH="37" />
<String CONTENT="16" HEIGHT="49" HPOS="1108" VPOS="597" WIDTH="64" />
<SP HEIGHT="65" HPOS="1173" VPOS="597" WIDTH="35" />
<String CONTENT="planches" HEIGHT="68" HPOS="1209" VPOS="594" WIDTH="272" />
<SP HEIGHT="52" HPOS="1482" VPOS="595" WIDTH="33" />
<String CONTENT="hors" HEIGHT="52" HPOS="1516" VPOS="595" WIDTH="133" />
<SP HEIGHT="47" HPOS="1650" VPOS="600" WIDTH="36" />
<String CONTENT="texte," HEIGHT="63" HPOS="1687" VPOS="599" WIDTH="173" />
<SP HEIGHT="50" HPOS="1861" VPOS="613" WIDTH="33" />
<String CONTENT="par" HEIGHT="50" HPOS="1895" VPOS="613" WIDTH="107" />
<SP HEIGHT="51" HPOS="2003" VPOS="598" WIDTH="35" />
<String CONTENT="P." HEIGHT="51" HPOS="2039" VPOS="598" WIDTH="66" />
<SP HEIGHT="52" HPOS="2106" VPOS="596" WIDTH="34" />
<String CONTENT="Masson-Oursel" HEIGHT="129" HPOS="379" VPOS="596" WIDTH="2018" />
<SP HEIGHT="50" HPOS="587" VPOS="674" WIDTH="48" />
<String CONTENT="&#8230;" CS="1" />
</TextLine>
<TextLine CS="1" HEIGHT="71" HPOS="740" LANG="fr" STYLEREFS="StyleId-941EC510-DD92-4DF1-BB98-14A114DBCE15-" VPOS="672" WIDTH="1598">
<String CONTENT="H." HEIGHT="51" HPOS="740" VPOS="674" WIDTH="77" />
<SP HEIGHT="53" HPOS="818" VPOS="672" WIDTH="44" />
<String CONTENT="de" HEIGHT="55" HPOS="863" VPOS="672" WIDTH="71" />
<SP HEIGHT="54" HPOS="935" VPOS="673" WIDTH="37" />
<String CONTENT="Willman-Grabowska" HEIGHT="55" HPOS="973" VPOS="672" WIDTH="667" />
<SP HEIGHT="35" HPOS="1641" VPOS="692" WIDTH="47" />
<String CONTENT="&#8230;" CS="1" />
<SP HEIGHT="52" HPOS="1747" VPOS="675" WIDTH="47" />
<String CONTENT="Philippe" HEIGHT="70" HPOS="1795" VPOS="673" WIDTH="280" />
<SP HEIGHT="56" HPOS="2076" VPOS="674" WIDTH="41" />
<String CONTENT="Stern" HEIGHT="56" HPOS="2118" LANG="en-US" VPOS="674" WIDTH="172" />
<SP HEIGHT="34" HPOS="2291" VPOS="694" WIDTH="47" />
<String CONTENT="&#8230;" CS="1" />
</TextLine>
<TextLine HEIGHT="70" HPOS="377" LANG="fr" STYLEREFS="StyleId-941EC510-DD92-4DF1-BB98-14A114DBCE15-" VPOS="751" WIDTH="1192">
<String CONTENT="Paris," HEIGHT="68" HPOS="377" VPOS="751" WIDTH="188" />
<SP HEIGHT="67" HPOS="566" VPOS="752" WIDTH="24" />
<String CONTENT="La" HEIGHT="52" HPOS="591" VPOS="752" WIDTH="85" />
<SP HEIGHT="52" HPOS="677" VPOS="753" WIDTH="27" />
<String CONTENT="Renaissance" HEIGHT="53" HPOS="705" VPOS="752" WIDTH="382" />
<SP HEIGHT="52" HPOS="1088" VPOS="752" WIDTH="28" />
<String CONTENT="du" HEIGHT="52" HPOS="1117" VPOS="752" WIDTH="77" />
<SP HEIGHT="51" HPOS="1195" VPOS="753" WIDTH="27" />
<String CONTENT="livre," HEIGHT="69" HPOS="1223" VPOS="752" WIDTH="164" />
<SP HEIGHT="66" HPOS="1388" VPOS="755" WIDTH="28" />
<String CONTENT="1933." HEIGHT="50" HPOS="1417" VPOS="755" WIDTH="152" />
</TextLine>
<TextLine CS="1" HEIGHT="51" HPOS="447" LANG="fr" VPOS="826" WIDTH="1957">
<String CONTENT="xxii" HEIGHT="40" HPOS="447" VPOS="826" WIDTH="106" />
<SP HEIGHT="49" HPOS="554" VPOS="826" WIDTH="30" />
<String CONTENT="p.," HEIGHT="38" HPOS="585" VPOS="837" WIDTH="57" />
<SP HEIGHT="45" HPOS="643" VPOS="828" WIDTH="32" />
<String CONTENT="1" HEIGHT="37" HPOS="676" VPOS="828" WIDTH="25" />
<SP />
<String CONTENT="l.," CS="1" />
<SP HEIGHT="46" HPOS="777" VPOS="827" WIDTH="31" />
<String CONTENT="497," HEIGHT="47" HPOS="809" VPOS="826" WIDTH="101" />
<SP HEIGHT="29" HPOS="911" VPOS="846" WIDTH="35" />
<String CONTENT="[8]" CS="1" HEIGHT="29" HPOS="947" VPOS="846" WIDTH="55" />
<SP HEIGHT="38" HPOS="1003" VPOS="837" WIDTH="34" />
<String CONTENT="p.," HEIGHT="37" HPOS="1038" VPOS="837" WIDTH="58" />
<SP HEIGHT="47" HPOS="1097" VPOS="827" WIDTH="31" />
<String CONTENT="1" HEIGHT="38" HPOS="1129" VPOS="827" WIDTH="23" />
<SP HEIGHT="38" HPOS="1153" VPOS="827" WIDTH="32" />
<String CONTENT="l." CS="1" HEIGHT="8" HPOS="1207" VPOS="857" WIDTH="8" />
<SP HEIGHT="38" HPOS="1216" VPOS="827" WIDTH="61" />
<String CONTENT="illus." HEIGHT="39" HPOS="1278" VPOS="827" WIDTH="130" />
<SP HEIGHT="49" HPOS="1409" VPOS="826" WIDTH="28" />
<String CONTENT="(incl." HEIGHT="49" HPOS="1438" VPOS="826" WIDTH="135" />
<SP HEIGHT="37" HPOS="1574" VPOS="838" WIDTH="32" />
<String CONTENT="plans)" HEIGHT="48" HPOS="1607" VPOS="827" WIDTH="168" />
<SP HEIGHT="48" HPOS="1776" VPOS="827" WIDTH="40" />
<String CONTENT="XVI" CS="1" />
<SP HEIGHT="38" HPOS="1904" VPOS="837" WIDTH="31" />
<String CONTENT="pl." HEIGHT="47" HPOS="1936" VPOS="828" WIDTH="61" />
<SP HEIGHT="28" HPOS="1998" VPOS="840" WIDTH="34" />
<String CONTENT="on" HEIGHT="30" HPOS="2033" VPOS="838" WIDTH="62" />
<SP HEIGHT="40" HPOS="2096" VPOS="828" WIDTH="30" />
<String CONTENT="8" HEIGHT="40" HPOS="2127" VPOS="828" WIDTH="29" />
<SP />
<String CONTENT="l.," CS="1" />
<SP HEIGHT="36" HPOS="2232" VPOS="839" WIDTH="32" />
<String CONTENT="maps" HEIGHT="39" HPOS="2265" LANG="en-US" VPOS="838" WIDTH="139" />
</TextLine>
<TextLine CS="1" HEIGHT="51" HPOS="386" LANG="fr" VPOS="882" WIDTH="1970">
<String CONTENT="(1" HEIGHT="48" HPOS="386" VPOS="885" WIDTH="47" />
<SP HEIGHT="39" HPOS="434" VPOS="884" WIDTH="45" />
<String CONTENT="fold.)" HEIGHT="48" HPOS="480" LANG="en-US" VPOS="884" WIDTH="146" />
<SP HEIGHT="48" HPOS="627" VPOS="884" WIDTH="80" />
<String CONTENT="20" CS="1" HEIGHT="39" HPOS="708" VPOS="884" WIDTH="29" />
<String CONTENT="&#189;" CS="1" LANG="en-US" />
<String CONTENT="cm" HEIGHT="21" HPOS="798" STYLE="superscript" VPOS="885" WIDTH="44" />
<String CONTENT="." HEIGHT="8" HPOS="848" VPOS="916" WIDTH="8" />
<SP HEIGHT="49" HPOS="857" VPOS="884" WIDTH="84" />
<String CONTENT="(L'&#233;volution" HEIGHT="51" HPOS="942" VPOS="882" WIDTH="332" />
<SP HEIGHT="38" HPOS="1275" VPOS="885" WIDTH="43" />
<String CONTENT="de" HEIGHT="38" HPOS="1319" VPOS="885" WIDTH="61" />
<SP HEIGHT="39" HPOS="1381" VPOS="884" WIDTH="42" />
<String CONTENT="l'humanit&#233;," HEIGHT="49" HPOS="1424" VPOS="883" WIDTH="303" />
<SP HEIGHT="36" HPOS="1728" VPOS="896" WIDTH="48" />
<String CONTENT="synth&#232;se" HEIGHT="49" HPOS="1777" VPOS="884" WIDTH="230" />
<SP HEIGHT="29" HPOS="2008" VPOS="896" WIDTH="45" />
<String CONTENT="collective" HEIGHT="42" HPOS="2054" VPOS="884" WIDTH="254" />
<SP HEIGHT="29" HPOS="2309" VPOS="897" WIDTH="47" />
<String CONTENT="&#8230;" CS="1" />
</TextLine>
<TextLine HEIGHT="51" HPOS="378" LANG="fr" VPOS="940" WIDTH="176">
<String CONTENT="[XXVI])" HEIGHT="51" HPOS="378" VPOS="940" WIDTH="176" />
</TextLine>
<TextLine CS="1" HEIGHT="51" HPOS="450" LANG="fr" VPOS="997" WIDTH="817">
<String CONTENT="&#8220;Bibliographie&#8221;:" CS="1" HEIGHT="49" HPOS="450" VPOS="997" WIDTH="425" />
<SP HEIGHT="38" HPOS="905" VPOS="1009" WIDTH="31" />
<String CONTENT="p." HEIGHT="38" HPOS="937" VPOS="1009" WIDTH="44" />
<SP HEIGHT="29" HPOS="982" VPOS="1018" WIDTH="32" />
<String CONTENT="[463]-477." CS="1" HEIGHT="50" HPOS="1028" VPOS="998" WIDTH="239" />
</TextLine>
<TextLine CS="1" HEIGHT="53" HPOS="378" LANG="fr" VPOS="1064" WIDTH="2025">
<String CONTENT="&#169;" HEIGHT="53" HPOS="378" VPOS="1064" WIDTH="52" />
<SP HEIGHT="53" HPOS="431" VPOS="1064" WIDTH="26" />
<String CONTENT="July" HEIGHT="47" HPOS="458" LANG="en-US" VPOS="1070" WIDTH="117" />
<SP HEIGHT="48" HPOS="576" VPOS="1069" WIDTH="22" />
<String CONTENT="5," HEIGHT="46" HPOS="599" VPOS="1069" WIDTH="39" />
<SP HEIGHT="45" HPOS="639" VPOS="1070" WIDTH="25" />
<String CONTENT="1933;" CS="1" HEIGHT="40" HPOS="665" VPOS="1069" WIDTH="115" />
<SP />
<String CONTENT="1c." CS="1" />
<SP HEIGHT="41" HPOS="905" VPOS="1068" WIDTH="26" />
<String CONTENT="Oct." HEIGHT="41" HPOS="932" VPOS="1068" WIDTH="103" />
<SP HEIGHT="40" HPOS="1036" VPOS="1069" WIDTH="25" />
<String CONTENT="24;" HEIGHT="47" HPOS="1062" VPOS="1069" WIDTH="82" />
<SP HEIGHT="46" HPOS="1145" VPOS="1070" WIDTH="28" />
<String CONTENT="A-" HEIGHT="37" HPOS="1174" VPOS="1070" WIDTH="101" />
<String CONTENT="Foreign" HEIGHT="49" HPOS="1279" LANG="en-US" VPOS="1068" WIDTH="210" />
<SP HEIGHT="39" HPOS="1490" VPOS="1070" WIDTH="25" />
<String CONTENT="22516;" HEIGHT="47" HPOS="1516" VPOS="1070" WIDTH="172" />
<SP HEIGHT="47" HPOS="1689" VPOS="1070" WIDTH="28" />
<String CONTENT="La" HEIGHT="40" HPOS="1718" VPOS="1070" WIDTH="69" />
<SP HEIGHT="40" HPOS="1788" VPOS="1070" WIDTH="28" />
<String CONTENT="Renaissance" HEIGHT="40" HPOS="1817" VPOS="1070" WIDTH="335" />
<SP HEIGHT="38" HPOS="2153" VPOS="1072" WIDTH="21" />
<String CONTENT="du" HEIGHT="38" HPOS="2175" VPOS="1072" WIDTH="66" />
<SP HEIGHT="40" HPOS="2242" VPOS="1070" WIDTH="23" />
<String CONTENT="livre." HEIGHT="40" HPOS="2266" VPOS="1070" WIDTH="137" />
</TextLine>
<TextLine HEIGHT="50" HPOS="458" LANG="fr" VPOS="1126" WIDTH="285">
<String CONTENT="(33-23940)" HEIGHT="50" HPOS="458" VPOS="1126" WIDTH="285" />
</TextLine>
<TextLine HEIGHT="68" HPOS="375" STYLEREFS="StyleId-941EC510-DD92-4DF1-BB98-14A114DBCE15-" VPOS="1230" WIDTH="1172">
<String CONTENT="Mayers," HEIGHT="67" HPOS="375" LANG="en-US" VPOS="1230" WIDTH="260" />
<SP HEIGHT="66" HPOS="636" VPOS="1231" WIDTH="31" />
<String CONTENT="Laurence" HEIGHT="56" HPOS="668" LANG="fr" VPOS="1231" WIDTH="305" />
<SP HEIGHT="55" HPOS="974" VPOS="1231" WIDTH="32" />
<String CONTENT="Hampson," HEIGHT="67" HPOS="1007" LANG="fr" VPOS="1231" WIDTH="329" />
<SP HEIGHT="61" HPOS="1337" VPOS="1237" WIDTH="34" />
<String CONTENT="1887-" HEIGHT="55" HPOS="1372" LANG="fr" VPOS="1233" WIDTH="175" />
</TextLine>
<TextLine HEIGHT="70" HPOS="445" STYLEREFS="StyleId-941EC510-DD92-4DF1-BB98-14A114DBCE15-" VPOS="1311" WIDTH="1953">
<String CONTENT="What" HEIGHT="55" HPOS="445" LANG="fr" VPOS="1311" WIDTH="179" />
<SP HEIGHT="47" HPOS="625" VPOS="1318" WIDTH="38" />
<String CONTENT="we" HEIGHT="35" HPOS="664" LANG="en-US" VPOS="1332" WIDTH="82" />
<SP HEIGHT="37" HPOS="747" VPOS="1330" WIDTH="36" />
<String CONTENT="are" HEIGHT="34" HPOS="784" LANG="en-US" VPOS="1330" WIDTH="95" />
<SP HEIGHT="34" HPOS="880" VPOS="1330" WIDTH="37" />
<String CONTENT="and" HEIGHT="52" HPOS="918" LANG="en-US" VPOS="1313" WIDTH="114" />
<SP HEIGHT="52" HPOS="1033" VPOS="1313" WIDTH="38" />
<String CONTENT="why;" HEIGHT="68" HPOS="1072" LANG="en-US" VPOS="1312" WIDTH="160" />
<SP HEIGHT="50" HPOS="1233" VPOS="1330" WIDTH="41" />
<String CONTENT="a" HEIGHT="34" HPOS="1275" LANG="fr" VPOS="1330" WIDTH="31" />
<SP HEIGHT="35" HPOS="1307" VPOS="1330" WIDTH="36" />
<String CONTENT="study," HEIGHT="68" HPOS="1344" LANG="en-US" VPOS="1313" WIDTH="192" />
<SP HEIGHT="48" HPOS="1537" VPOS="1332" WIDTH="38" />
<String CONTENT="with" HEIGHT="54" HPOS="1576" LANG="en-US" VPOS="1312" WIDTH="143" />
<SP HEIGHT="54" HPOS="1720" VPOS="1312" WIDTH="37" />
<String CONTENT="illustrations," HEIGHT="68" HPOS="1758" LANG="fr" VPOS="1312" WIDTH="403" />
<SP HEIGHT="48" HPOS="2162" VPOS="1332" WIDTH="37" />
<String CONTENT="of" HEIGHT="53" HPOS="2200" LANG="en-US" VPOS="1312" WIDTH="63" />
<SP HEIGHT="53" HPOS="2264" VPOS="1312" WIDTH="37" />
<String CONTENT="the" HEIGHT="52" HPOS="2302" LANG="en-US" VPOS="1314" WIDTH="96" />
</TextLine>
<TextLine CS="1" HEIGHT="134" HPOS="377" LANG="en-US" STYLEREFS="StyleId-941EC510-DD92-4DF1-BB98-14A114DBCE15-" VPOS="1390" WIDTH="1998">
<String CONTENT="relation" HEIGHT="54" HPOS="379" LANG="fr" VPOS="1390" WIDTH="244" />
<SP HEIGHT="35" HPOS="624" VPOS="1411" WIDTH="29" />
<String CONTENT="of" HEIGHT="55" HPOS="654" VPOS="1391" WIDTH="64" />
<SP HEIGHT="53" HPOS="719" VPOS="1391" WIDTH="30" />
<String CONTENT="the" HEIGHT="53" HPOS="750" VPOS="1391" WIDTH="97" />
<SP HEIGHT="35" HPOS="848" VPOS="1410" WIDTH="29" />
<String CONTENT="endocrine" HEIGHT="54" HPOS="878" VPOS="1391" WIDTH="305" />
<SP HEIGHT="51" HPOS="1184" VPOS="1409" WIDTH="28" />
<String CONTENT="glands" HEIGHT="69" HPOS="1213" VPOS="1391" WIDTH="207" />
<SP HEIGHT="47" HPOS="1421" VPOS="1398" WIDTH="28" />
<String CONTENT="to" HEIGHT="47" HPOS="1450" VPOS="1398" WIDTH="58" />
<SP HEIGHT="52" HPOS="1509" VPOS="1392" WIDTH="29" />
<String CONTENT="human" HEIGHT="53" HPOS="1539" VPOS="1392" WIDTH="214" />
<SP HEIGHT="35" HPOS="1754" VPOS="1410" WIDTH="32" />
<String CONTENT="conduct" HEIGHT="54" HPOS="1787" VPOS="1392" WIDTH="245" />
<SP HEIGHT="47" HPOS="2033" VPOS="1397" WIDTH="29" />
<String CONTENT="and" HEIGHT="53" HPOS="2063" VPOS="1392" WIDTH="114" />
<SP HEIGHT="53" HPOS="2178" VPOS="1392" WIDTH="30" />
<String CONTENT="dispositional" HEIGHT="132" HPOS="377" VPOS="1392" WIDTH="1998" />
</TextLine>
<TextLine HEIGHT="70" HPOS="643" LANG="en-US" STYLEREFS="StyleId-941EC510-DD92-4DF1-BB98-14A114DBCE15-" VPOS="1469" WIDTH="1753">
<String CONTENT="traits," HEIGHT="67" HPOS="643" VPOS="1471" WIDTH="187" />
<SP HEIGHT="47" HPOS="831" VPOS="1491" WIDTH="31" />
<String CONTENT="with" HEIGHT="53" HPOS="863" VPOS="1471" WIDTH="142" />
<SP HEIGHT="53" HPOS="1006" VPOS="1471" WIDTH="29" />
<String CONTENT="special" HEIGHT="69" HPOS="1036" VPOS="1470" WIDTH="213" />
<SP HEIGHT="53" HPOS="1250" VPOS="1470" WIDTH="29" />
<String CONTENT="reference" HEIGHT="55" HPOS="1280" VPOS="1469" WIDTH="288" />
<SP HEIGHT="47" HPOS="1569" VPOS="1477" WIDTH="32" />
<String CONTENT="to" HEIGHT="47" HPOS="1602" VPOS="1477" WIDTH="58" />
<SP HEIGHT="47" HPOS="1661" VPOS="1477" WIDTH="29" />
<String CONTENT="the" HEIGHT="52" HPOS="1691" VPOS="1472" WIDTH="97" />
<SP HEIGHT="53" HPOS="1789" VPOS="1471" WIDTH="30" />
<String CONTENT="influence" HEIGHT="54" HPOS="1820" VPOS="1471" WIDTH="278" />
<SP HEIGHT="35" HPOS="2099" VPOS="1489" WIDTH="28" />
<String CONTENT="of" HEIGHT="55" HPOS="2128" VPOS="1469" WIDTH="64" />
<SP HEIGHT="69" HPOS="2193" VPOS="1469" WIDTH="29" />
<String CONTENT="gland" HEIGHT="66" HPOS="2223" VPOS="1472" WIDTH="173" />
</TextLine>
<TextLine CS="1" HEIGHT="70" HPOS="378" LANG="en-US" STYLEREFS="StyleId-941EC510-DD92-4DF1-BB98-14A114DBCE15-" VPOS="1549" WIDTH="2019">
<String CONTENT="derangements" HEIGHT="68" HPOS="378" VPOS="1551" WIDTH="437" />
<SP HEIGHT="33" HPOS="816" VPOS="1570" WIDTH="32" />
<String CONTENT="on" HEIGHT="33" HPOS="849" VPOS="1570" WIDTH="72" />
<SP HEIGHT="53" HPOS="922" VPOS="1550" WIDTH="29" />
<String CONTENT="behavior," HEIGHT="69" HPOS="952" VPOS="1549" WIDTH="293" />
<SP HEIGHT="68" HPOS="1246" VPOS="1550" WIDTH="30" />
<String CONTENT="by" HEIGHT="68" HPOS="1277" VPOS="1550" WIDTH="76" />
<SP HEIGHT="66" HPOS="1354" VPOS="1552" WIDTH="28" />
<String CONTENT="Laurence" HEIGHT="52" HPOS="1383" VPOS="1552" WIDTH="293" />
<SP HEIGHT="53" HPOS="1677" VPOS="1551" WIDTH="29" />
<String CONTENT="H." HEIGHT="53" HPOS="1707" VPOS="1551" WIDTH="78" />
<SP HEIGHT="53" HPOS="1786" VPOS="1551" WIDTH="32" />
<String CONTENT="Mayers," HEIGHT="67" HPOS="1819" VPOS="1551" WIDTH="250" />
<SP HEIGHT="48" HPOS="2070" VPOS="1569" WIDTH="30" />
<String CONTENT="M." CS="1" HEIGHT="10" HPOS="2157" VPOS="1593" WIDTH="10" />
<SP HEIGHT="33" HPOS="2168" VPOS="1570" WIDTH="35" />
<String CONTENT="D." CS="1" HEIGHT="9" HPOS="2241" VPOS="1594" WIDTH="9" />
<SP HEIGHT="33" HPOS="2251" VPOS="1570" WIDTH="34" />
<String CONTENT="and" HEIGHT="52" HPOS="2286" VPOS="1552" WIDTH="111" />
</TextLine>
<TextLine HEIGHT="70" HPOS="378" LANG="en-US" STYLEREFS="StyleId-941EC510-DD92-4DF1-BB98-14A114DBCE15-" VPOS="1628" WIDTH="2023">
<String CONTENT="Arthur" HEIGHT="53" HPOS="378" VPOS="1630" WIDTH="227" />
<SP HEIGHT="52" HPOS="606" VPOS="1631" WIDTH="40" />
<String CONTENT="D." HEIGHT="53" HPOS="647" VPOS="1631" WIDTH="72" />
<SP HEIGHT="54" HPOS="720" VPOS="1630" WIDTH="42" />
<String CONTENT="Welton." HEIGHT="55" HPOS="763" VPOS="1629" WIDTH="250" />
<SP HEIGHT="54" HPOS="1014" VPOS="1630" WIDTH="75" />
<String CONTENT="New" HEIGHT="53" HPOS="1090" VPOS="1630" WIDTH="140" />
<SP HEIGHT="53" HPOS="1231" VPOS="1630" WIDTH="43" />
<String CONTENT="York," HEIGHT="68" HPOS="1275" VPOS="1629" WIDTH="182" />
<SP HEIGHT="68" HPOS="1458" VPOS="1629" WIDTH="46" />
<String CONTENT="Sears" HEIGHT="56" HPOS="1505" VPOS="1629" WIDTH="168" />
<SP HEIGHT="49" HPOS="1674" VPOS="1648" WIDTH="43" />
<String CONTENT="publishing" HEIGHT="69" HPOS="1718" VPOS="1628" WIDTH="339" />
<SP HEIGHT="50" HPOS="2058" VPOS="1647" WIDTH="42" />
<String CONTENT="company," HEIGHT="50" HPOS="2101" VPOS="1648" WIDTH="300" />
</TextLine>
<TextLine HEIGHT="69" HPOS="377" LANG="en-US" STYLEREFS="StyleId-941EC510-DD92-4DF1-BB98-14A114DBCE15-" VPOS="1709" WIDTH="341">
<String CONTENT="inc." HEIGHT="56" HPOS="377" VPOS="1709" WIDTH="108" />
<SP HEIGHT="34" HPOS="486" VPOS="1744" WIDTH="35" />
<String CONTENT="[" HEIGHT="34" HPOS="522" STYLE="subscript" VPOS="1744" WIDTH="14" />
<String CONTENT="c" HEIGHT="23" HPOS="538" STYLE="superscript" VPOS="1715" WIDTH="21" />
<String CONTENT="1933" HEIGHT="51" HPOS="563" VPOS="1713" WIDTH="136" />
<String CONTENT="]" HEIGHT="35" HPOS="704" STYLE="subscript" VPOS="1743" WIDTH="14" />
</TextLine>
<TextLine HEIGHT="50" HPOS="449" LANG="en-US" VPOS="1782" WIDTH="1222">
<String CONTENT="xiii," HEIGHT="50" HPOS="449" VPOS="1782" WIDTH="103" />
<SP HEIGHT="48" HPOS="553" VPOS="1784" WIDTH="29" />
<String CONTENT="15-340" HEIGHT="42" HPOS="583" VPOS="1782" WIDTH="177" />
<SP HEIGHT="49" HPOS="761" VPOS="1782" WIDTH="27" />
<String CONTENT="p." HEIGHT="38" HPOS="789" VPOS="1793" WIDTH="43" />
<SP HEIGHT="42" HPOS="833" VPOS="1782" WIDTH="26" />
<String CONTENT="incl." HEIGHT="42" HPOS="860" VPOS="1782" WIDTH="111" />
<SP HEIGHT="37" HPOS="972" VPOS="1794" WIDTH="27" />
<String CONTENT="pl." HEIGHT="48" HPOS="1000" VPOS="1783" WIDTH="62" />
<SP HEIGHT="41" HPOS="1063" VPOS="1783" WIDTH="60" />
<String CONTENT="front.," HEIGHT="46" HPOS="1124" VPOS="1783" WIDTH="165" />
<SP HEIGHT="38" HPOS="1290" VPOS="1794" WIDTH="28" />
<String CONTENT="plates." HEIGHT="49" HPOS="1319" VPOS="1783" WIDTH="173" />
<SP HEIGHT="41" HPOS="1493" VPOS="1782" WIDTH="60" />
<String CONTENT="21" HEIGHT="40" HPOS="1554" VPOS="1782" WIDTH="55" />
<String CONTENT="cm" HEIGHT="22" HPOS="1612" STYLE="superscript" VPOS="1784" WIDTH="45" />
<String CONTENT="." HEIGHT="9" HPOS="1662" VPOS="1814" WIDTH="9" />
</TextLine>
<TextLine CS="1" HEIGHT="52" HPOS="379" LANG="en-US" VPOS="1852" WIDTH="2022">
<String CONTENT="&#169;" HEIGHT="52" HPOS="379" VPOS="1852" WIDTH="52" />
<SP HEIGHT="52" HPOS="432" VPOS="1852" WIDTH="32" />
<String CONTENT="Oct." HEIGHT="41" HPOS="465" VPOS="1856" WIDTH="102" />
<SP HEIGHT="41" HPOS="568" VPOS="1856" WIDTH="29" />
<String CONTENT="26," HEIGHT="48" HPOS="598" VPOS="1856" WIDTH="69" />
<SP HEIGHT="48" HPOS="668" VPOS="1856" WIDTH="31" />
<String CONTENT="1933:" CS="1" HEIGHT="41" HPOS="700" VPOS="1855" WIDTH="115" />
<SP HEIGHT="42" HPOS="843" VPOS="1856" WIDTH="33" />
<String CONTENT="2c." HEIGHT="40" HPOS="877" VPOS="1856" WIDTH="68" />
<SP HEIGHT="39" HPOS="946" VPOS="1857" WIDTH="30" />
<String CONTENT="Nov." HEIGHT="39" HPOS="977" VPOS="1857" WIDTH="119" />
<SP HEIGHT="38" HPOS="1097" VPOS="1857" WIDTH="32" />
<String CONTENT="1;" HEIGHT="46" HPOS="1130" VPOS="1857" WIDTH="53" />
<SP HEIGHT="37" HPOS="1184" VPOS="1866" WIDTH="33" />
<String CONTENT="aff." HEIGHT="41" HPOS="1218" VPOS="1855" WIDTH="81" />
<SP HEIGHT="41" HPOS="1300" VPOS="1855" WIDTH="35" />
<String CONTENT="Oct." HEIGHT="41" HPOS="1336" VPOS="1855" WIDTH="101" />
<SP HEIGHT="41" HPOS="1438" VPOS="1855" WIDTH="32" />
<String CONTENT="28;" HEIGHT="48" HPOS="1471" VPOS="1855" WIDTH="83" />
<SP HEIGHT="48" HPOS="1555" VPOS="1855" WIDTH="33" />
<String CONTENT="A" HEIGHT="39" HPOS="1589" VPOS="1855" WIDTH="43" />
<SP HEIGHT="40" HPOS="1633" VPOS="1855" WIDTH="29" />
<String CONTENT="66856;" HEIGHT="48" HPOS="1663" VPOS="1854" WIDTH="172" />
<SP HEIGHT="47" HPOS="1836" VPOS="1855" WIDTH="38" />
<String CONTENT="Sears" HEIGHT="40" HPOS="1875" VPOS="1855" WIDTH="143" />
<SP HEIGHT="37" HPOS="2019" VPOS="1865" WIDTH="32" />
<String CONTENT="pub." HEIGHT="47" HPOS="2052" VPOS="1855" WIDTH="109" />
<SP HEIGHT="29" HPOS="2162" VPOS="1865" WIDTH="32" />
<String CONTENT="co.," HEIGHT="36" HPOS="2195" VPOS="1865" WIDTH="83" />
<SP HEIGHT="46" HPOS="2279" VPOS="1855" WIDTH="30" />
<String CONTENT="inc." HEIGHT="39" HPOS="2310" VPOS="1855" WIDTH="91" />
</TextLine>
<TextLine CS="1" HEIGHT="49" HPOS="456" LANG="en-US" VPOS="1913" WIDTH="283">
<String CONTENT="(33-33448)" CS="1" HEIGHT="49" HPOS="456" VPOS="1913" WIDTH="283" />
</TextLine>
<TextLine HEIGHT="66" HPOS="374" LANG="en-US" STYLEREFS="StyleId-AE3943DB-546A-4887-A5FE-97731CB27719-" VPOS="2018" WIDTH="851">
<String CONTENT="Mehlinger," HEIGHT="66" HPOS="374" VPOS="2018" WIDTH="354" />
<SP HEIGHT="65" HPOS="729" VPOS="2019" WIDTH="34" />
<String CONTENT="Eva" HEIGHT="53" HPOS="764" VPOS="2019" WIDTH="130" />
<SP HEIGHT="54" HPOS="895" VPOS="2018" WIDTH="32" />
<String CONTENT="Aronson." HEIGHT="57" HPOS="928" VPOS="2018" WIDTH="297" />
</TextLine>
<TextLine HEIGHT="70" HPOS="445" LANG="en-US" STYLEREFS="StyleId-941EC510-DD92-4DF1-BB98-14A114DBCE15-" VPOS="2095" WIDTH="1955">
<String CONTENT="Poems" HEIGHT="52" HPOS="445" VPOS="2098" WIDTH="204" />
<SP HEIGHT="34" HPOS="650" VPOS="2116" WIDTH="49" />
<String CONTENT="of" HEIGHT="53" HPOS="700" VPOS="2096" WIDTH="64" />
<SP HEIGHT="52" HPOS="765" VPOS="2096" WIDTH="48" />
<String CONTENT="love" HEIGHT="52" HPOS="814" VPOS="2097" WIDTH="126" />
<SP HEIGHT="34" HPOS="941" VPOS="2115" WIDTH="50" />
<String CONTENT="and" HEIGHT="52" HPOS="992" VPOS="2098" WIDTH="114" />
<SP HEIGHT="54" HPOS="1107" VPOS="2096" WIDTH="48" />
<String CONTENT="beauty," HEIGHT="68" HPOS="1156" VPOS="2096" WIDTH="230" />
<SP HEIGHT="67" HPOS="1387" VPOS="2096" WIDTH="47" />
<String CONTENT="by" HEIGHT="69" HPOS="1435" VPOS="2096" WIDTH="75" />
<SP HEIGHT="69" HPOS="1511" VPOS="2096" WIDTH="50" />
<String CONTENT="Eva" HEIGHT="53" HPOS="1562" VPOS="2096" WIDTH="127" />
<SP HEIGHT="53" HPOS="1690" VPOS="2096" WIDTH="48" />
<String CONTENT="Aronson" HEIGHT="53" HPOS="1739" VPOS="2096" WIDTH="267" />
<SP HEIGHT="52" HPOS="2007" VPOS="2095" WIDTH="49" />
<String CONTENT="Mehlinger." HEIGHT="69" HPOS="2057" VPOS="2095" WIDTH="343" />
</TextLine>
<TextLine CS="1" HEIGHT="69" HPOS="379" LANG="en-US" STYLEREFS="StyleId-941EC510-DD92-4DF1-BB98-14A114DBCE15-" VPOS="2175" WIDTH="1278">
<String CONTENT="[Boston," HEIGHT="66" HPOS="379" VPOS="2178" WIDTH="255" />
<SP HEIGHT="65" HPOS="635" VPOS="2177" WIDTH="26" />
<String CONTENT="Print," HEIGHT="54" HPOS="662" VPOS="2175" WIDTH="189" />
<SP HEIGHT="53" HPOS="852" VPOS="2176" WIDTH="25" />
<String CONTENT="by" HEIGHT="67" HPOS="878" VPOS="2176" WIDTH="77" />
<SP HEIGHT="68" HPOS="956" VPOS="2175" WIDTH="26" />
<String CONTENT="Shore" HEIGHT="56" HPOS="983" VPOS="2175" WIDTH="182" />
<SP HEIGHT="53" HPOS="1166" VPOS="2176" WIDTH="22" />
<String CONTENT="brothers," HEIGHT="66" HPOS="1189" VPOS="2175" WIDTH="283" />
<SP HEIGHT="59" HPOS="1473" VPOS="2182" WIDTH="23" />
<String CONTENT="c" HEIGHT="21" HPOS="1497" STYLE="superscript" VPOS="2182" WIDTH="19" />
<String CONTENT="1933]" CS="1" HEIGHT="50" HPOS="1522" VPOS="2178" WIDTH="135" />
</TextLine>
<TextLine CS="1" HEIGHT="50" HPOS="447" LANG="en-US" STYLEREFS="StyleId-941EC510-DD92-4DF1-BB98-14A114DBCE15-" VPOS="2250" WIDTH="564">
<String CONTENT="105" HEIGHT="41" HPOS="447" VPOS="2251" WIDTH="90" />
<SP HEIGHT="49" HPOS="538" VPOS="2251" WIDTH="46" />
<String CONTENT="p.," HEIGHT="38" HPOS="585" LANG="fr" VPOS="2262" WIDTH="58" />
<SP HEIGHT="47" HPOS="644" VPOS="2251" WIDTH="50" />
<String CONTENT="1" HEIGHT="39" HPOS="695" VPOS="2251" WIDTH="25" />
<SP HEIGHT="39" HPOS="721" VPOS="2251" WIDTH="47" />
<String CONTENT="l." CS="1" HEIGHT="9" HPOS="792" VPOS="2282" WIDTH="9" />
<SP HEIGHT="40" HPOS="802" VPOS="2251" WIDTH="58" />
<String CONTENT="15&#189;c" CS="1" HEIGHT="41" HPOS="861" VPOS="2250" WIDTH="60" />
<String CONTENT="m" HEIGHT="22" HPOS="968" STYLE="superscript" VPOS="2252" WIDTH="28" />
<String CONTENT="." HEIGHT="9" HPOS="1002" VPOS="2282" WIDTH="9" />
</TextLine>
<TextLine HEIGHT="53" HPOS="378" LANG="en-US" VPOS="2319" WIDTH="2022">
<String CONTENT="&#169;" HEIGHT="53" HPOS="378" VPOS="2319" WIDTH="52" />
<SP HEIGHT="53" HPOS="431" VPOS="2319" WIDTH="38" />
<String CONTENT="Oct." HEIGHT="41" HPOS="470" VPOS="2324" WIDTH="102" />
<SP HEIGHT="41" HPOS="573" VPOS="2324" WIDTH="34" />
<String CONTENT="28," HEIGHT="41" HPOS="608" VPOS="2324" WIDTH="69" />
<SP HEIGHT="40" HPOS="678" VPOS="2325" WIDTH="38" />
<String CONTENT="1933:" HEIGHT="41" HPOS="717" VPOS="2323" WIDTH="141" />
<SP HEIGHT="39" HPOS="859" VPOS="2323" WIDTH="38" />
<String CONTENT="2c." HEIGHT="40" HPOS="898" VPOS="2323" WIDTH="68" />
<SP HEIGHT="41" HPOS="967" VPOS="2323" WIDTH="35" />
<String CONTENT="Oct." HEIGHT="41" HPOS="1003" VPOS="2323" WIDTH="103" />
<SP HEIGHT="40" HPOS="1107" VPOS="2324" WIDTH="35" />
<String CONTENT="30;" HEIGHT="47" HPOS="1143" VPOS="2323" WIDTH="84" />
<SP HEIGHT="36" HPOS="1228" VPOS="2334" WIDTH="39" />
<String CONTENT="aff." HEIGHT="42" HPOS="1268" VPOS="2322" WIDTH="83" />
<SP HEIGHT="41" HPOS="1352" VPOS="2323" WIDTH="36" />
<String CONTENT="Nov." HEIGHT="40" HPOS="1389" VPOS="2323" WIDTH="119" />
<SP HEIGHT="41" HPOS="1509" VPOS="2322" WIDTH="37" />
<String CONTENT="9;" HEIGHT="47" HPOS="1547" VPOS="2322" WIDTH="52" />
<SP HEIGHT="47" HPOS="1600" VPOS="2322" WIDTH="39" />
<String CONTENT="A" HEIGHT="39" HPOS="1640" VPOS="2322" WIDTH="41" />
<SP HEIGHT="40" HPOS="1682" VPOS="2322" WIDTH="34" />
<String CONTENT="66997;" HEIGHT="48" HPOS="1717" VPOS="2321" WIDTH="173" />
<SP HEIGHT="45" HPOS="1891" VPOS="2324" WIDTH="39" />
<String CONTENT="E." HEIGHT="37" HPOS="1931" VPOS="2324" WIDTH="51" />
<SP HEIGHT="39" HPOS="1983" VPOS="2322" WIDTH="38" />
<String CONTENT="A." HEIGHT="40" HPOS="2022" VPOS="2322" WIDTH="54" />
<SP HEIGHT="39" HPOS="2077" VPOS="2323" WIDTH="37" />
<String CONTENT="Mehlinger," HEIGHT="48" HPOS="2115" VPOS="2320" WIDTH="285" />
</TextLine>
<TextLine HEIGHT="50" HPOS="448" LANG="en-US" VPOS="2380" WIDTH="558">
<String CONTENT="Boston." HEIGHT="40" HPOS="448" VPOS="2382" WIDTH="198" />
<SP HEIGHT="48" HPOS="647" VPOS="2382" WIDTH="74" />
<String CONTENT="(33-33479)" HEIGHT="50" HPOS="722" VPOS="2380" WIDTH="284" />
</TextLine>
<TextLine HEIGHT="67" HPOS="375" LANG="en-US" STYLEREFS="StyleId-941EC510-DD92-4DF1-BB98-14A114DBCE15-" VPOS="2483" WIDTH="980">
<String CONTENT="Melamed," HEIGHT="67" HPOS="375" VPOS="2483" WIDTH="312" />
<SP HEIGHT="65" HPOS="688" VPOS="2485" WIDTH="29" />
<String CONTENT="Samuel" HEIGHT="54" HPOS="718" VPOS="2485" WIDTH="240" />
<SP HEIGHT="52" HPOS="959" VPOS="2485" WIDTH="28" />
<String CONTENT="Max," HEIGHT="64" HPOS="988" VPOS="2485" WIDTH="161" />
<SP HEIGHT="61" HPOS="1150" VPOS="2488" WIDTH="31" />
<String CONTENT="1885-" HEIGHT="50" HPOS="1182" VPOS="2488" WIDTH="173" />
</TextLine>
<TextLine HEIGHT="72" HPOS="446" LANG="en-US" STYLEREFS="StyleId-941EC510-DD92-4DF1-BB98-14A114DBCE15-" VPOS="2559" WIDTH="1954">
<String CONTENT="Spinoza" HEIGHT="69" HPOS="446" VPOS="2562" WIDTH="253" />
<SP HEIGHT="36" HPOS="700" VPOS="2579" WIDTH="48" />
<String CONTENT="and" HEIGHT="53" HPOS="749" VPOS="2562" WIDTH="114" />
<SP HEIGHT="53" HPOS="864" VPOS="2562" WIDTH="48" />
<String CONTENT="Buddha;" HEIGHT="65" HPOS="913" VPOS="2562" WIDTH="280" />
<SP HEIGHT="46" HPOS="1194" VPOS="2581" WIDTH="50" />
<String CONTENT="visions" HEIGHT="55" HPOS="1245" VPOS="2560" WIDTH="214" />
<SP HEIGHT="34" HPOS="1460" VPOS="2581" WIDTH="46" />
<String CONTENT="of" HEIGHT="54" HPOS="1507" VPOS="2560" WIDTH="65" />
<SP HEIGHT="54" HPOS="1573" VPOS="2560" WIDTH="46" />
<String CONTENT="a" HEIGHT="33" HPOS="1620" VPOS="2581" WIDTH="30" />
<SP HEIGHT="53" HPOS="1651" VPOS="2561" WIDTH="49" />
<String CONTENT="dead" HEIGHT="54" HPOS="1701" VPOS="2560" WIDTH="144" />
<SP HEIGHT="55" HPOS="1846" VPOS="2560" WIDTH="47" />
<String CONTENT="God," HEIGHT="69" HPOS="1894" VPOS="2560" WIDTH="148" />
<SP HEIGHT="69" HPOS="2043" VPOS="2560" WIDTH="44" />
<String CONTENT="by" HEIGHT="69" HPOS="2088" VPOS="2560" WIDTH="76" />
<SP HEIGHT="70" HPOS="2165" VPOS="2559" WIDTH="47" />
<String CONTENT="S." HEIGHT="56" HPOS="2213" LANG="fr" VPOS="2559" WIDTH="57" />
<SP HEIGHT="53" HPOS="2271" VPOS="2560" WIDTH="46" />
<String CONTENT="M." HEIGHT="53" HPOS="2318" VPOS="2560" WIDTH="82" />
</TextLine>
<TextLine HEIGHT="72" HPOS="375" LANG="en-US" STYLEREFS="StyleId-941EC510-DD92-4DF1-BB98-14A114DBCE15-" VPOS="2638" WIDTH="2025">
<String CONTENT="Melamed." HEIGHT="54" HPOS="375" VPOS="2642" WIDTH="303" />
<SP HEIGHT="56" HPOS="679" VPOS="2640" WIDTH="77" />
<String CONTENT="Chicago," HEIGHT="70" HPOS="757" VPOS="2640" WIDTH="273" />
<SP HEIGHT="69" HPOS="1031" VPOS="2641" WIDTH="50" />
<String CONTENT="Ill,," HEIGHT="68" HPOS="1082" VPOS="2641" WIDTH="114" />
<SP HEIGHT="67" HPOS="1197" VPOS="2642" WIDTH="51" />
<String CONTENT="The" HEIGHT="53" HPOS="1249" VPOS="2641" WIDTH="122" />
<SP HEIGHT="54" HPOS="1372" VPOS="2641" WIDTH="50" />
<String CONTENT="University" HEIGHT="71" HPOS="1423" VPOS="2639" WIDTH="342" />
<SP HEIGHT="51" HPOS="1766" VPOS="2659" WIDTH="50" />
<String CONTENT="of" HEIGHT="55" HPOS="1817" VPOS="2638" WIDTH="65" />
<SP HEIGHT="57" HPOS="1883" VPOS="2638" WIDTH="51" />
<String CONTENT="Chicago" HEIGHT="70" HPOS="1935" VPOS="2639" WIDTH="255" />
<SP HEIGHT="52" HPOS="2191" VPOS="2657" WIDTH="50" />
<String CONTENT="press" HEIGHT="51" HPOS="2242" VPOS="2658" WIDTH="158" />
</TextLine>
<TextLine HEIGHT="64" HPOS="380" LANG="en-US" STYLEREFS="StyleId-941EC510-DD92-4DF1-BB98-14A114DBCE15-" VPOS="2725" WIDTH="196">
<String CONTENT="[" HEIGHT="33" HPOS="380" VPOS="2756" WIDTH="13" />
<String CONTENT="c" HEIGHT="22" HPOS="398" STYLE="superscript" VPOS="2728" WIDTH="18" />
<String CONTENT="1933]" HEIGHT="64" HPOS="422" VPOS="2725" WIDTH="154" />
</TextLine>
<TextLine CS="1" HEIGHT="49" HPOS="446" LANG="en-US" VPOS="2796" WIDTH="486">
<String CONTENT="xi," HEIGHT="48" HPOS="446" VPOS="2796" WIDTH="65" />
<SP HEIGHT="47" HPOS="512" VPOS="2797" WIDTH="39" />
<String CONTENT="391" HEIGHT="41" HPOS="552" VPOS="2796" WIDTH="85" />
<SP HEIGHT="48" HPOS="638" VPOS="2797" WIDTH="41" />
<String CONTENT="p." HEIGHT="38" HPOS="680" VPOS="2807" WIDTH="43" />
<SP HEIGHT="41" HPOS="724" VPOS="2796" WIDTH="59" />
<String CONTENT="23&#189;" CS="1" HEIGHT="40" HPOS="784" VPOS="2796" WIDTH="57" />
<String CONTENT="cm" HEIGHT="22" HPOS="873" STYLE="superscript" VPOS="2797" WIDTH="45" />
<String CONTENT="." HEIGHT="8" HPOS="924" VPOS="2829" WIDTH="8" />
</TextLine>
<TextLine CS="1" HEIGHT="49" HPOS="448" LANG="en-US" VPOS="2852" WIDTH="1056">
<String CONTENT="&#8220;Notes" HEIGHT="39" HPOS="448" VPOS="2856" WIDTH="178" />
<SP HEIGHT="30" HPOS="627" VPOS="2864" WIDTH="27" />
<String CONTENT="and" HEIGHT="39" HPOS="655" VPOS="2855" WIDTH="96" />
<SP HEIGHT="40" HPOS="752" VPOS="2854" WIDTH="29" />
<String CONTENT="bibliography&#8221;:" CS="1" HEIGHT="49" HPOS="782" VPOS="2852" WIDTH="370" />
<SP HEIGHT="37" HPOS="1182" VPOS="2864" WIDTH="30" />
<String CONTENT="p." HEIGHT="37" HPOS="1213" VPOS="2864" WIDTH="42" />
<SP HEIGHT="40" HPOS="1256" VPOS="2853" WIDTH="28" />
<String CONTENT="367-382." HEIGHT="41" HPOS="1285" VPOS="2852" WIDTH="219" />
</TextLine>
<TextLine CS="1" HEIGHT="53" HPOS="380" LANG="en-US" VPOS="2909" WIDTH="2023">
<String CONTENT="&#169;" HEIGHT="53" HPOS="380" VPOS="2909" WIDTH="52" />
<SP HEIGHT="53" HPOS="433" VPOS="2909" WIDTH="24" />
<String CONTENT="Oct." HEIGHT="42" HPOS="458" VPOS="2914" WIDTH="102" />
<SP HEIGHT="40" HPOS="561" VPOS="2915" WIDTH="23" />
<String CONTENT="10," HEIGHT="48" HPOS="585" VPOS="2913" WIDTH="69" />
<SP HEIGHT="47" HPOS="655" VPOS="2914" WIDTH="23" />
<String CONTENT="1933;" CS="1" HEIGHT="42" HPOS="679" VPOS="2912" WIDTH="116" />
<SP HEIGHT="47" HPOS="821" VPOS="2912" WIDTH="24" />
<String CONTENT="2c." HEIGHT="41" HPOS="846" VPOS="2912" WIDTH="66" />
<SP HEIGHT="41" HPOS="913" VPOS="2912" WIDTH="25" />
<String CONTENT="Oct." HEIGHT="41" HPOS="939" VPOS="2912" WIDTH="102" />
<SP HEIGHT="40" HPOS="1042" VPOS="2912" WIDTH="24" />
<String CONTENT="14;" CS="1" HEIGHT="40" HPOS="1067" VPOS="2912" WIDTH="56" />
<SP HEIGHT="37" HPOS="1150" VPOS="2923" WIDTH="26" />
<String CONTENT="aff." HEIGHT="42" HPOS="1177" VPOS="2911" WIDTH="83" />
<SP HEIGHT="42" HPOS="1261" VPOS="2911" WIDTH="25" />
<String CONTENT="Oct." HEIGHT="42" HPOS="1287" VPOS="2911" WIDTH="102" />
<SP HEIGHT="41" HPOS="1390" VPOS="2912" WIDTH="24" />
<String CONTENT="13;" CS="1" HEIGHT="41" HPOS="1415" VPOS="2911" WIDTH="55" />
<SP HEIGHT="48" HPOS="1497" VPOS="2911" WIDTH="26" />
<String CONTENT="A" HEIGHT="40" HPOS="1524" VPOS="2911" WIDTH="41" />
<SP HEIGHT="42" HPOS="1566" VPOS="2910" WIDTH="22" />
<String CONTENT="66634;" CS="1" HEIGHT="42" HPOS="1589" VPOS="2910" WIDTH="147" />
<SP HEIGHT="49" HPOS="1763" VPOS="2911" WIDTH="27" />
<String CONTENT="University" HEIGHT="50" HPOS="1791" VPOS="2910" WIDTH="285" />
<SP HEIGHT="37" HPOS="2077" VPOS="2923" WIDTH="23" />
<String CONTENT="of" HEIGHT="42" HPOS="2101" VPOS="2910" WIDTH="53" />
<SP HEIGHT="43" HPOS="2155" VPOS="2909" WIDTH="21" />
<String CONTENT="Chicago," HEIGHT="50" HPOS="2177" VPOS="2909" WIDTH="226" />
</TextLine>
<TextLine HEIGHT="50" HPOS="448" LANG="en-US" VPOS="2969" WIDTH="584">
<String CONTENT="Chicago." HEIGHT="47" HPOS="448" VPOS="2972" WIDTH="223" />
<SP HEIGHT="48" HPOS="672" VPOS="2970" WIDTH="76" />
<String CONTENT="(33-33467)" HEIGHT="49" HPOS="749" VPOS="2969" WIDTH="283" />
</TextLine>
<TextLine HEIGHT="67" HPOS="377" LANG="en-US" STYLEREFS="StyleId-AE3943DB-546A-4887-A5FE-97731CB27719-" VPOS="3074" WIDTH="608">
<String CONTENT="Miller," HEIGHT="67" HPOS="377" VPOS="3074" WIDTH="211" />
<SP HEIGHT="65" HPOS="589" VPOS="3076" WIDTH="29" />
<String CONTENT="Max," HEIGHT="65" HPOS="619" VPOS="3076" WIDTH="160" />
<SP HEIGHT="63" HPOS="780" VPOS="3078" WIDTH="29" />
<String CONTENT="1901-" HEIGHT="51" HPOS="810" VPOS="3077" WIDTH="175" />
</TextLine>
<TextLine CS="1" HEIGHT="71" HPOS="511" LANG="en-US" STYLEREFS="StyleId-941EC510-DD92-4DF1-BB98-14A114DBCE15-" VPOS="3151" WIDTH="1884">
<String CONTENT="&#8230;" CS="1" />
<SP HEIGHT="52" HPOS="511" VPOS="3154" WIDTH="41" />
<String CONTENT="The" HEIGHT="52" HPOS="553" VPOS="3154" WIDTH="122" />
<SP HEIGHT="53" HPOS="676" VPOS="3153" WIDTH="36" />
<String CONTENT="beginning" HEIGHT="70" HPOS="713" VPOS="3152" WIDTH="319" />
<SP HEIGHT="50" HPOS="1033" VPOS="3171" WIDTH="35" />
<String CONTENT="of" HEIGHT="54" HPOS="1069" VPOS="3151" WIDTH="65" />
<SP HEIGHT="55" HPOS="1135" VPOS="3151" WIDTH="36" />
<String CONTENT="a" HEIGHT="34" HPOS="1172" VPOS="3172" WIDTH="33" />
<SP HEIGHT="35" HPOS="1206" VPOS="3171" WIDTH="34" />
<String CONTENT="mortal;" HEIGHT="63" HPOS="1241" VPOS="3153" WIDTH="239" />
<SP HEIGHT="63" HPOS="1481" VPOS="3153" WIDTH="40" />
<String CONTENT="illustrated" HEIGHT="53" HPOS="1522" VPOS="3153" WIDTH="328" />
<SP HEIGHT="52" HPOS="1851" VPOS="3153" WIDTH="37" />
<String CONTENT="by" HEIGHT="68" HPOS="1889" VPOS="3153" WIDTH="75" />
<SP HEIGHT="66" HPOS="1965" VPOS="3155" WIDTH="37" />
<String CONTENT="John" HEIGHT="55" HPOS="2003" VPOS="3154" WIDTH="155" />
<SP HEIGHT="55" HPOS="2159" VPOS="3153" WIDTH="43" />
<String CONTENT="Sloan." HEIGHT="55" HPOS="2203" VPOS="3153" WIDTH="192" />
</TextLine>
<TextLine HEIGHT="68" HPOS="379" LANG="en-US" STYLEREFS="StyleId-941EC510-DD92-4DF1-BB98-14A114DBCE15-" VPOS="3231" WIDTH="1310">
<String CONTENT="New" HEIGHT="52" HPOS="379" VPOS="3233" WIDTH="139" />
<SP HEIGHT="53" HPOS="519" VPOS="3233" WIDTH="23" />
<String CONTENT="York," HEIGHT="67" HPOS="543" VPOS="3232" WIDTH="182" />
<SP HEIGHT="65" HPOS="726" VPOS="3234" WIDTH="23" />
<String CONTENT="E." HEIGHT="52" HPOS="750" LANG="fr" VPOS="3234" WIDTH="67" />
<SP HEIGHT="51" HPOS="818" VPOS="3235" WIDTH="25" />
<String CONTENT="P." HEIGHT="51" HPOS="844" VPOS="3235" WIDTH="66" />
<SP HEIGHT="52" HPOS="911" VPOS="3234" WIDTH="24" />
<String CONTENT="Dutton" HEIGHT="52" HPOS="936" VPOS="3234" WIDTH="227" />
<SP HEIGHT="51" HPOS="1164" VPOS="3235" WIDTH="23" />
<String CONTENT="&amp;" HEIGHT="51" HPOS="1188" VPOS="3235" WIDTH="46" />
<SP HEIGHT="51" HPOS="1235" VPOS="3235" WIDTH="21" />
<String CONTENT="co.," HEIGHT="47" HPOS="1257" VPOS="3251" WIDTH="100" />
<SP HEIGHT="67" HPOS="1358" VPOS="3231" WIDTH="23" />
<String CONTENT="inc.," HEIGHT="68" HPOS="1382" VPOS="3231" WIDTH="128" />
<SP HEIGHT="63" HPOS="1511" VPOS="3236" WIDTH="25" />
<String CONTENT="1933." HEIGHT="50" HPOS="1537" VPOS="3235" WIDTH="152" />
</TextLine>
<TextLine CS="1" HEIGHT="50" HPOS="450" LANG="en-US" VPOS="3305" WIDTH="1485">
<String CONTENT="vii" HEIGHT="39" HPOS="450" VPOS="3307" WIDTH="67" />
<SP HEIGHT="48" HPOS="518" VPOS="3307" WIDTH="25" />
<String CONTENT="p.," HEIGHT="37" HPOS="544" LANG="fr" VPOS="3318" WIDTH="58" />
<SP HEIGHT="46" HPOS="603" VPOS="3307" WIDTH="26" />
<String CONTENT="1" HEIGHT="39" HPOS="630" VPOS="3307" WIDTH="24" />
<SP />
<String CONTENT="l.," CS="1" />
<SP HEIGHT="47" HPOS="727" VPOS="3307" WIDTH="27" />
<String CONTENT="11-253" HEIGHT="40" HPOS="755" VPOS="3306" WIDTH="177" />
<SP HEIGHT="48" HPOS="933" VPOS="3306" WIDTH="22" />
<String CONTENT="p." HEIGHT="37" HPOS="956" VPOS="3317" WIDTH="43" />
<SP HEIGHT="41" HPOS="1000" VPOS="3306" WIDTH="26" />
<String CONTENT="incl." HEIGHT="40" HPOS="1027" VPOS="3306" WIDTH="110" />
<SP />
<String CONTENT="front." CS="1" />
<SP HEIGHT="49" HPOS="1318" VPOS="3305" WIDTH="28" />
<String CONTENT="(port.)" HEIGHT="49" HPOS="1347" VPOS="3305" WIDTH="174" />
<SP HEIGHT="48" HPOS="1522" VPOS="3306" WIDTH="35" />
<String CONTENT="plates." HEIGHT="48" HPOS="1558" VPOS="3306" WIDTH="171" />
<SP HEIGHT="38" HPOS="1730" VPOS="3307" WIDTH="57" />
<String CONTENT="19&#189;" CS="1" HEIGHT="41" HPOS="1788" VPOS="3305" WIDTH="59" />
<String CONTENT="cm" HEIGHT="22" HPOS="1876" STYLE="superscript" VPOS="3307" WIDTH="44" />
<String CONTENT="." HEIGHT="8" HPOS="1927" VPOS="3338" WIDTH="8" />
</TextLine>
<TextLine HEIGHT="48" HPOS="449" LANG="en-US" VPOS="3363" WIDTH="415">
<String CONTENT="Autobiography." HEIGHT="48" HPOS="449" VPOS="3363" WIDTH="415" />
</TextLine>
<TextLine HEIGHT="42" HPOS="450" LANG="en-US" VPOS="3419" WIDTH="423">
<String CONTENT="&#8220;First" HEIGHT="40" HPOS="450" VPOS="3421" WIDTH="166" />
<SP HEIGHT="38" HPOS="617" VPOS="3423" WIDTH="26" />
<String CONTENT="edition.&#8221;" HEIGHT="41" HPOS="644" VPOS="3419" WIDTH="229" />
</TextLine>
<TextLine CS="1" HEIGHT="52" HPOS="381" LANG="en-US" VPOS="3474" WIDTH="2020">
<String CONTENT="&#169;" HEIGHT="52" HPOS="381" VPOS="3474" WIDTH="52" />
<SP HEIGHT="52" HPOS="434" VPOS="3474" WIDTH="26" />
<String CONTENT="Nov." HEIGHT="39" HPOS="461" VPOS="3479" WIDTH="117" />
<SP HEIGHT="39" HPOS="579" VPOS="3478" WIDTH="27" />
<String CONTENT="15," HEIGHT="47" HPOS="607" VPOS="3477" WIDTH="69" />
<SP HEIGHT="46" HPOS="677" VPOS="3478" WIDTH="27" />
<String CONTENT="1933;" HEIGHT="46" HPOS="705" VPOS="3477" WIDTH="141" />
<SP HEIGHT="46" HPOS="847" VPOS="3477" WIDTH="27" />
<String CONTENT="2c." HEIGHT="40" HPOS="875" VPOS="3477" WIDTH="67" />
<SP HEIGHT="40" HPOS="943" VPOS="3477" WIDTH="26" />
<String CONTENT="Nov." HEIGHT="40" HPOS="970" VPOS="3477" WIDTH="120" />
<SP HEIGHT="40" HPOS="1091" VPOS="3477" WIDTH="27" />
<String CONTENT="17;" CS="1" HEIGHT="39" HPOS="1119" VPOS="3477" WIDTH="56" />
<SP HEIGHT="36" HPOS="1203" VPOS="3487" WIDTH="28" />
<String CONTENT="aff." HEIGHT="41" HPOS="1232" VPOS="3475" WIDTH="82" />
<SP HEIGHT="39" HPOS="1315" VPOS="3477" WIDTH="26" />
<String CONTENT="Nov." HEIGHT="39" HPOS="1342" VPOS="3477" WIDTH="119" />
<SP HEIGHT="39" HPOS="1462" VPOS="3477" WIDTH="27" />
<String CONTENT="16;" HEIGHT="48" HPOS="1490" VPOS="3475" WIDTH="83" />
<SP HEIGHT="47" HPOS="1574" VPOS="3476" WIDTH="28" />
<String CONTENT="A" HEIGHT="39" HPOS="1603" VPOS="3476" WIDTH="42" />
<SP HEIGHT="41" HPOS="1646" VPOS="3475" WIDTH="25" />
<String CONTENT="68126;" HEIGHT="48" HPOS="1672" VPOS="3475" WIDTH="171" />
<SP HEIGHT="46" HPOS="1844" VPOS="3477" WIDTH="30" />
<String CONTENT="E." HEIGHT="39" HPOS="1875" LANG="fr" VPOS="3477" WIDTH="53" />
<SP HEIGHT="40" HPOS="1929" VPOS="3476" WIDTH="26" />
<String CONTENT="P." HEIGHT="40" HPOS="1956" VPOS="3476" WIDTH="51" />
<SP HEIGHT="40" HPOS="2008" VPOS="3476" WIDTH="28" />
<String CONTENT="Dutton" HEIGHT="39" HPOS="2037" VPOS="3476" WIDTH="191" />
<SP HEIGHT="40" HPOS="2229" VPOS="3475" WIDTH="25" />
<String CONTENT="&amp;" HEIGHT="40" HPOS="2255" VPOS="3475" WIDTH="36" />
<SP HEIGHT="41" HPOS="2292" VPOS="3475" WIDTH="25" />
<String CONTENT="co.," HEIGHT="37" HPOS="2318" VPOS="3483" WIDTH="83" />
</TextLine>
<TextLine HEIGHT="50" HPOS="448" LANG="en-US" VPOS="3534" WIDTH="446">
<String CONTENT="inc." HEIGHT="41" HPOS="448" VPOS="3535" WIDTH="90" />
<SP HEIGHT="48" HPOS="539" VPOS="3536" WIDTH="71" />
<String CONTENT="(33-33492)" HEIGHT="50" HPOS="611" VPOS="3534" WIDTH="283" />
</TextLine>
<TextLine HEIGHT="73" HPOS="379" LANG="en-US" STYLEREFS="StyleId-941EC510-DD92-4DF1-BB98-14A114DBCE15-" VPOS="3633" WIDTH="2017">
<String CONTENT="Missouri" HEIGHT="56" HPOS="379" VPOS="3634" WIDTH="284" />
<SP HEIGHT="52" HPOS="664" VPOS="3638" WIDTH="48" />
<String CONTENT="digest." HEIGHT="69" HPOS="713" VPOS="3637" WIDTH="203" />
<SP HEIGHT="48" HPOS="917" VPOS="3640" WIDTH="78" />
<String CONTENT="1933" HEIGHT="50" HPOS="996" VPOS="3639" WIDTH="134" />
<SP HEIGHT="49" HPOS="1131" VPOS="3641" WIDTH="47" />
<String CONTENT="cumulative" HEIGHT="53" HPOS="1179" VPOS="3637" WIDTH="348" />
<SP HEIGHT="35" HPOS="1528" VPOS="3655" WIDTH="47" />
<String CONTENT="annual" HEIGHT="51" HPOS="1576" VPOS="3639" WIDTH="212" />
<SP HEIGHT="66" HPOS="1789" VPOS="3639" WIDTH="49" />
<String CONTENT="pocket" HEIGHT="68" HPOS="1839" VPOS="3637" WIDTH="203" />
<SP HEIGHT="62" HPOS="2043" VPOS="3643" WIDTH="46" />
<String CONTENT="parts" HEIGHT="64" HPOS="2090" VPOS="3641" WIDTH="161" />
<SP HEIGHT="57" HPOS="2252" VPOS="3633" WIDTH="50" />
<String CONTENT="for" HEIGHT="55" HPOS="2303" VPOS="3633" WIDTH="93" />
</TextLine>
<TextLine CS="1" HEIGHT="71" HPOS="451" LANG="en-US" STYLEREFS="StyleId-941EC510-DD92-4DF1-BB98-14A114DBCE15-" VPOS="3714" WIDTH="1709">
<String CONTENT="vols." HEIGHT="53" HPOS="451" LANG="fr" VPOS="3717" WIDTH="137" />
<SP HEIGHT="50" HPOS="589" VPOS="3720" WIDTH="44" />
<String CONTENT="1-30" HEIGHT="52" HPOS="634" VPOS="3717" WIDTH="136" />
<SP HEIGHT="51" HPOS="771" VPOS="3717" WIDTH="41" />
<String CONTENT="&#8230;" CS="1" />
<SP HEIGHT="55" HPOS="869" VPOS="3715" WIDTH="82" />
<String CONTENT="St." HEIGHT="55" HPOS="952" VPOS="3715" WIDTH="84" />
<SP HEIGHT="52" HPOS="1037" VPOS="3718" WIDTH="39" />
<String CONTENT="Paul," HEIGHT="60" HPOS="1077" VPOS="3716" WIDTH="167" />
<SP HEIGHT="59" HPOS="1245" VPOS="3717" WIDTH="34" />
<String CONTENT="West" HEIGHT="55" HPOS="1280" VPOS="3717" WIDTH="164" />
<SP HEIGHT="63" HPOS="1445" VPOS="3722" WIDTH="35" />
<String CONTENT="publishing" HEIGHT="71" HPOS="1481" VPOS="3714" WIDTH="339" />
<SP HEIGHT="53" HPOS="1821" VPOS="3732" WIDTH="37" />
<String CONTENT="co." HEIGHT="37" HPOS="1859" VPOS="3732" WIDTH="80" />
<SP HEIGHT="35" HPOS="1940" VPOS="3748" WIDTH="42" />
<String CONTENT="[" CS="1" />
<String CONTENT="c" HEIGHT="21" HPOS="2001" STYLE="superscript" VPOS="3721" WIDTH="19" />
<String CONTENT="1933]" CS="1" HEIGHT="51" HPOS="2025" VPOS="3717" WIDTH="135" />
</TextLine>
<TextLine HEIGHT="41" HPOS="442" LANG="en-US" STYLEREFS="StyleId-941EC510-DD92-4DF1-BB98-14A114DBCE15-" VPOS="3791" WIDTH="339">
<String CONTENT="30" HEIGHT="40" HPOS="442" VPOS="3792" WIDTH="60" />
<SP HEIGHT="40" HPOS="503" VPOS="3792" WIDTH="41" />
<String CONTENT="v." HEIGHT="29" HPOS="545" VPOS="3803" WIDTH="43" />
<SP HEIGHT="40" HPOS="589" VPOS="3792" WIDTH="74" />
<String CONTENT="25" HEIGHT="41" HPOS="664" VPOS="3791" WIDTH="56" />
<String CONTENT="cm" HEIGHT="21" HPOS="724" STYLE="superscript" VPOS="3794" WIDTH="45" />
<String CONTENT="." HEIGHT="8" HPOS="773" VPOS="3822" WIDTH="8" />
</TextLine>
<TextLine HEIGHT="42" HPOS="449" LANG="en-US" VPOS="3848" WIDTH="299">
<String CONTENT="Cover-title." HEIGHT="42" HPOS="449" VPOS="3848" WIDTH="299" />
</TextLine>
<TextLine HEIGHT="50" HPOS="451" LANG="en-US" VPOS="3902" WIDTH="1948">
<String CONTENT="These" HEIGHT="39" HPOS="451" VPOS="3906" WIDTH="157" />
<SP HEIGHT="37" HPOS="609" VPOS="3915" WIDTH="28" />
<String CONTENT="pamphlets" HEIGHT="46" HPOS="638" VPOS="3906" WIDTH="277" />
<SP HEIGHT="30" HPOS="916" VPOS="3915" WIDTH="30" />
<String CONTENT="are" HEIGHT="30" HPOS="947" VPOS="3915" WIDTH="86" />
<SP HEIGHT="37" HPOS="1034" VPOS="3907" WIDTH="28" />
<String CONTENT="to" HEIGHT="37" HPOS="1063" VPOS="3907" WIDTH="48" />
<SP HEIGHT="40" HPOS="1112" VPOS="3904" WIDTH="30" />
<String CONTENT="be" HEIGHT="40" HPOS="1143" VPOS="3904" WIDTH="60" />
<SP HEIGHT="39" HPOS="1204" VPOS="3904" WIDTH="26" />
<String CONTENT="fitted" HEIGHT="40" HPOS="1231" VPOS="3903" WIDTH="140" />
<SP HEIGHT="39" HPOS="1372" VPOS="3904" WIDTH="31" />
<String CONTENT="into" HEIGHT="40" HPOS="1404" VPOS="3904" WIDTH="102" />
<SP HEIGHT="38" HPOS="1507" VPOS="3906" WIDTH="31" />
<String CONTENT="the" HEIGHT="39" HPOS="1539" VPOS="3904" WIDTH="87" />
<SP HEIGHT="40" HPOS="1627" VPOS="3912" WIDTH="24" />
<String CONTENT="pockets" HEIGHT="48" HPOS="1652" VPOS="3904" WIDTH="200" />
<SP HEIGHT="29" HPOS="1853" VPOS="3914" WIDTH="29" />
<String CONTENT="at" HEIGHT="39" HPOS="1883" VPOS="3904" WIDTH="51" />
<SP HEIGHT="39" HPOS="1935" VPOS="3904" WIDTH="31" />
<String CONTENT="the" HEIGHT="40" HPOS="1967" VPOS="3903" WIDTH="82" />
<SP HEIGHT="40" HPOS="2050" VPOS="3903" WIDTH="30" />
<String CONTENT="back" HEIGHT="40" HPOS="2081" VPOS="3902" WIDTH="122" />
<SP HEIGHT="41" HPOS="2204" VPOS="3902" WIDTH="30" />
<String CONTENT="of" HEIGHT="41" HPOS="2235" VPOS="3902" WIDTH="53" />
<SP HEIGHT="39" HPOS="2289" VPOS="3902" WIDTH="29" />
<String CONTENT="the" HEIGHT="39" HPOS="2319" VPOS="3902" WIDTH="80" />
</TextLine>
<TextLine HEIGHT="47" HPOS="382" LANG="en-US" VPOS="3961" WIDTH="1128">
<String CONTENT="volumes" HEIGHT="38" HPOS="382" VPOS="3963" WIDTH="214" />
<SP HEIGHT="29" HPOS="597" VPOS="3973" WIDTH="27" />
<String CONTENT="of" HEIGHT="40" HPOS="625" VPOS="3962" WIDTH="52" />
<SP HEIGHT="40" HPOS="678" VPOS="3962" WIDTH="25" />
<String CONTENT="the" HEIGHT="39" HPOS="704" VPOS="3963" WIDTH="83" />
<SP HEIGHT="29" HPOS="788" VPOS="3973" WIDTH="22" />
<String CONTENT="set" HEIGHT="38" HPOS="811" VPOS="3964" WIDTH="76" />
<SP HEIGHT="38" HPOS="888" VPOS="3964" WIDTH="27" />
<String CONTENT="to" HEIGHT="37" HPOS="916" VPOS="3965" WIDTH="48" />
<SP HEIGHT="30" HPOS="965" VPOS="3972" WIDTH="26" />
<String CONTENT="which" HEIGHT="40" HPOS="992" VPOS="3961" WIDTH="159" />
<SP HEIGHT="39" HPOS="1152" VPOS="3961" WIDTH="27" />
<String CONTENT="they" HEIGHT="47" HPOS="1180" VPOS="3961" WIDTH="115" />
<SP HEIGHT="47" HPOS="1296" VPOS="3961" WIDTH="26" />
<String CONTENT="belong." HEIGHT="47" HPOS="1323" VPOS="3961" WIDTH="187" />
</TextLine>
<TextLine CS="1" HEIGHT="52" HPOS="381" LANG="en-US" VPOS="4015" WIDTH="1960">
<String CONTENT="&#169;" HEIGHT="52" HPOS="381" VPOS="4015" WIDTH="52" />
<SP HEIGHT="52" HPOS="434" VPOS="4015" WIDTH="26" />
<String CONTENT="Oct." HEIGHT="40" HPOS="461" VPOS="4019" WIDTH="101" />
<SP HEIGHT="38" HPOS="563" VPOS="4019" WIDTH="24" />
<String CONTENT="20," HEIGHT="42" HPOS="588" VPOS="4018" WIDTH="68" />
<SP HEIGHT="40" HPOS="657" VPOS="4020" WIDTH="24" />
<String CONTENT="1933:" CS="1" HEIGHT="40" HPOS="682" VPOS="4018" WIDTH="114" />
<SP HEIGHT="41" HPOS="824" VPOS="4018" WIDTH="26" />
<String CONTENT="2c." HEIGHT="40" HPOS="851" VPOS="4018" WIDTH="67" />
<SP HEIGHT="29" HPOS="919" VPOS="4029" WIDTH="24" />
<String CONTENT="each" HEIGHT="39" HPOS="944" VPOS="4019" WIDTH="119" />
<SP HEIGHT="39" HPOS="1064" VPOS="4018" WIDTH="23" />
<String CONTENT="Nov." HEIGHT="39" HPOS="1088" VPOS="4018" WIDTH="118" />
<SP HEIGHT="39" HPOS="1207" VPOS="4018" WIDTH="25" />
<String CONTENT="17;" CS="1" HEIGHT="40" HPOS="1233" VPOS="4018" WIDTH="55" />
<SP HEIGHT="36" HPOS="1316" VPOS="4028" WIDTH="28" />
<String CONTENT="aff." HEIGHT="41" HPOS="1345" VPOS="4016" WIDTH="81" />
<SP HEIGHT="39" HPOS="1427" VPOS="4018" WIDTH="25" />
<String CONTENT="Nov." HEIGHT="39" HPOS="1453" VPOS="4018" WIDTH="117" />
<SP HEIGHT="38" HPOS="1571" VPOS="4018" WIDTH="26" />
<String CONTENT="18;" HEIGHT="47" HPOS="1598" VPOS="4017" WIDTH="81" />
<SP HEIGHT="48" HPOS="1680" VPOS="4016" WIDTH="26" />
<String CONTENT="A" HEIGHT="40" HPOS="1707" VPOS="4016" WIDTH="43" />
<SP HEIGHT="41" HPOS="1751" VPOS="4016" WIDTH="22" />
<String CONTENT="68192:" HEIGHT="42" HPOS="1774" VPOS="4016" WIDTH="171" />
<SP HEIGHT="42" HPOS="1946" VPOS="4016" WIDTH="27" />
<String CONTENT="West" HEIGHT="41" HPOS="1974" VPOS="4016" WIDTH="140" />
<SP HEIGHT="46" HPOS="2115" VPOS="4018" WIDTH="20" />
<String CONTENT="pub." HEIGHT="47" HPOS="2136" VPOS="4017" WIDTH="110" />
<SP HEIGHT="29" HPOS="2247" VPOS="4026" WIDTH="23" />
<String CONTENT="co." HEIGHT="29" HPOS="2271" VPOS="4025" WIDTH="70" />
</TextLine>
</TextBlock>
</PrintSpace>
</Page>
</Layout>
</alto>