2484 4405
1022 4041 98 53 979

156 394 128 64 Boak,
316 395 230 53 Arthur
579 395 250 53 Edward
860 394 270 65 Romilly,
1164 399 170 51 1888-
1544 395 85 54 ed.

179 471 268 69 Karanis,
480 472 93 52 the
609 471 253 69 temples,
897 472 124 52 coin
1056 471 227 67 hoards,
1317 472 284 52 botanical
1639 471 111 54 and
1787 472 307 67 zoölogical

112 544 1983 75 reports, seasons 1924-31, edited by Arthur E. R. Boak … Ann
111 625 203 64 Arbor,
346 625 333 66 University
710 622 65 55 of
805 624 295 67 Michigan
1137 642 172 50 press,
1344 628 150 49 1933.

179 698 62 47 xi,
278 696 54 43 93
368 708 40 38 p.
475 699 156 46 plates.
681 697 103 41 fold.
835 707 124 37 map,
997 696 102 41 fold.
1152 698 153 47 plans,
1342 698 103 39 fold.
1497 697 178 47 diagrs.
1741 696 55 41 28
1799 699 43 21 cm
1849 728 7 8 .
111 695 1984 104 (Half-title:
269 752 279 48 University
578 754 50 39 of
659 751 244 51 Michigan
934 753 199 39 studies.
1193 752 310 41 Humanistic
1532 754 162 39 series,
1758 755 89 39 vol.
1878 761 123 38 xxx)

179 809 240 50 Prepared
449 810 152 39 under
630 810 81 40 the
739 808 234 42 direction
1003 808 52 41 of
1084 810 81 39 the
1197 808 279 49 University
1506 810 51 39 of
1587 808 242 49 Michigan
1863 810 231 41 Institute

107 867 52 39 of
186 866 380 48 archaeological
597 866 235 41 research,
891 867 60 47 cf.
981 865 271 42 Foreword.

104 919 1988 112 “The previous report … [was published under title:] Karanis: topographical and architectural report of excavations during the seasons
105 1032 1571 52 1924-28 … volume xxv of the Humanistics series.”—p. v.
107 1089 51 51 ©
194 1093 128 40 June
353 1093 39 45 6,
427 1093 113 39 1933;
603 1093 67 41 2c.
707 1093 125 41 June
866 1093 81 46 19;
985 1093 82 39 aff.
1106 1093 115 47 July
1254 1094 53 45 1;
1345 1093 40 39 A
1421 1093 169 47 64207;
1630 1092 249 42 Graduate
1914 1094 177 46 school,

177 1148 278 50 University
485 1150 51 39 of
564 1149 260 49 Michigan,
854 1150 108 38 Ann
991 1150 170 40 Arbor.
1232 1149 278 49 (33-17548)

98 1239 231 64 Bowen,
360 1240 301 64 Marjorie,
691 1239 194 69 pseud.

172 1316 120 52 The
320 1314 178 55 stolen
530 1315 175 68 bride,
734 1314 73 70 by
837 1313 276 69 Marjorie
1145 1315 222 52 Bowen.
1438 1315 254 67 London,
1723 1315 63 53 L.
1819 1314 267 69 Dickson,

102 1390 237 70 limited,
375 1395 146 50 1933.

169 1464 86 40 300
290 1474 42 39 p.
397 1464 53 39 19½
483 1466 44 21 cm
532 1496 9 8 .

104 1520 1983 55 © 1c. May 8, 1933; A ad int. 17890; pubd. Apr. 21; Lovat Dickson, ltd.
177 1581 278 49 (33-18219)

95 1669 346 66 Braginton,
470 1672 173 62 Mary
671 1669 281 57 Victoria.

167 1745 1918 72 The supernatural in Seneca’s tragedies … by Mary V.
97 1821 1965 151 Braginton. Menasha, Wis., George Banta publishing company [ c 1933]
162 1975 26 39 3
216 1986 41 37 p.
286 1976 44 45 l.,
359 1974 56 41 98
441 1985 42 38 p.
541 1975 55 40 23
599 1978 44 20 cm
648 2007 9 8 .

164 2031 170 42 Thesis
378 2034 104 46 (PH.
547 2033 223 43 D.)—Yale
804 2033 283 47 university,
1122 2033 127 42 1923.

99 2083 52 53 ©
183 2090 112 45 May
322 2089 70 47 25,
422 2089 139 46 1933;
594 2090 66 40 2c.
692 2090 128 39 June
846 2090 81 46 16;
961 2089 81 41 aff.
1074 2091 127 39 June
1231 2089 81 48 15;
1346 2090 40 39 A
1416 2090 168 47 64005;
1620 2092 61 38 M.
1714 2092 53 39 Y.
1800 2091 282 46 Braginton,

170 2144 257 48 Rockford,
461 2147 75 39 Ill.
606 2145 278 49 (33-17556)

89 2216 440 67 Breckinridge,
563 2220 366 65 Sophonisba
962 2223 268 61 Preston,
1268 2228 61 48 1866-

162 2297 237 54 Women
431 2296 60 53 in
521 2298 95 52 the
647 2297 293 54 twentieth
974 2302 261 64 century;
1270 2318 30 33 a
1333 2300 170 67 study
1535 2298 64 52 of
1630 2296 147 56 their
1811 2300 273 68 political,

90 2374 172 53 social
294 2375 112 52 and
438 2375 280 53 economic
749 2373 299 70 activities,
1075 2376 76 68 by
1185 2374 358 71 Sophonisba
1574 2379 66 51 P.
1672 2376 412 71 Breckinridge

91 2451 1967 149 … 1st ed. New York and London, McGraw-Hill book company, inc., 1933.
161 2604 64 48 xi,
266 2605 85 41 364
391 2616 41 37 p.
492 2605 55 40 23½
581 2607 43 21 cm
630 2636 8 8 .
716 2605 251 49 (Lettered
1008 2617 62 30 on
1109 2616 160 32 cover:
1310 2608 181 40 Recent
1529 2607 148 42 social
1719 2609 166 40 trends
90 2617 1973 97 monographs)

162 2717 289 42 “Published
481 2719 152 39 under
663 2719 81 40 the
773 2718 235 42 direction
1039 2719 51 41 of
1120 2721 80 40 the
1231 2719 292 43 President’s
1556 2722 222 41 research
1808 2723 272 41 committee

90 2787 60 29 on
176 2776 146 41 social
349 2774 531 43 trends.”—Foreword
906 2777 59 47 by
992 2777 79 40 the
1099 2775 286 43 committee.

93 2830 54 51 ©
181 2834 126 40 June
340 2834 69 46 26,
443 2833 114 40 1933;
619 2834 67 39 2c.
723 2833 128 41 June
882 2834 82 47 20;
1001 2834 81 40 aff.
1121 2836 126 40 June
1281 2835 81 48 28;
1400 2836 41 39 A
1476 2836 169 47 63407;
1683 2836 294 42 President’s
156 2844 1908 90 research
357 2890 275 41 committee
659 2902 62 28 on
747 2890 149 41 social
925 2892 181 47 trends,
1137 2891 117 41 New
1282 2892 145 39 York.
1495 2893 281 49 (33-17527)

88 2962 251 67 Cerruti,
372 2963 288 56 Giovanni
688 2964 284 69 Battista,
1007 2972 324 51 1850-1914.

221 3042 1860 74 … Nel paese dei veleni e fra i cacciatori di teste; viaggi e
91 3124 321 48 avventure.
486 3119 120 54 Con
640 3120 67 53 47
742 3120 378 53 illustrazioni
1160 3120 151 55 fuori
1348 3128 159 48 testo.
1579 3128 47 48 2.
1662 3124 84 55 ed.
1784 3145 31 34 a
1852 3144 132 36 cura
2022 3127 56 53 di

91 3198 209 52 Paride
333 3198 241 51 Forniti.
645 3198 255 67 Firenze,
933 3199 67 51 R.
1036 3199 325 68 Bemporad
1394 3203 46 51 &
1472 3201 158 68 figlio
1671 3206 170 65 [1931]

157 3270 98 46 xxi,
288 3269 83 42 291
404 3281 41 37 p.
504 3270 135 40 front.
682 3270 171 49 (port.)
893 3272 170 47 plates.
1126 3273 56 38 24
1185 3274 43 21 cm
1233 3302 8 11 .

161 3327 64 38 At
250 3327 126 40 head
403 3327 52 40 of
481 3325 136 42 title:
646 3326 238 50 Capitono
914 3328 53 40 G.
998 3329 55 39 B.
1081 3328 209 42 Cerruti.

420 3384 96 37 CONTENTS.—Il
570 3382 226 49 capitano
833 3383 53 41 G.
923 3385 52 39 B.
1013 3385 194 41 Cerruti
1255 3386 134 48 (note
1425 3387 473 49 biografiche)—Nel
1936 3401 143 37 paese

88 3439 74 39 dei
197 3438 153 43 veleni
384 3440 77 39 fra
496 3439 15 39 i
546 3439 137 40 sakai
727 3440 133 49 (note
894 3441 48 39 di
976 3452 64 28 un
1074 3443 166 41 colono
1274 3444 73 39 del
1384 3445 349 49 Perak)—Fra
1771 3447 11 39 i
1818 3446 259 43 cacciatori

89 3495 47 39 di
166 3498 134 38 teste.
359 3498 20 36 I
409 3496 157 45 viaggi
594 3497 73 38 del
697 3495 226 50 capitano
952 3497 53 41 G.
1033 3499 53 40 B.
1117 3498 193 43 Cerruti
1338 3511 29 29 a
1394 3500 134 41 Nias.

90 3549 1986 59 © Dec. 31, 1931; 1c. Feb. 13, 1932; A-Foreign 15771; R. Bemporad e f°.
165 3608 278 50 (33-17803)

84 3683 272 65 Chicago.
431 3687 270 50 Museum
725 3685 62 52 of
809 3685 227 55 science
1059 3688 115 52 and
1198 3688 278 65 industry
1498 3691 259 56 founded
1782 3696 79 64 by
1883 3695 193 54 Julius

151 3762 363 56 Rosenwald.

156 3842 170 52 From
372 3859 290 34 cave-man
707 3845 57 48 to
810 3842 291 67 engineer;
1152 3843 93 55 the
1292 3846 262 52 Museum
1600 3847 64 54 of
1707 3851 211 54 science
1964 3852 108 53 and

88 3919 262 67 industry
376 3918 251 52 founded
653 3917 73 59 by
752 3917 191 55 Julius
970 3920 359 58 Rosenwald,
1355 3941 71 33 an
1454 3924 328 57 institution
1809 3934 57 50 to
1894 3932 185 51 reveal
