2484 4405
1064 4097 131 49 1831

110 455 317 64 Prokosch,
458 455 257 65 Eduard,
746 453 172 54 1876-

182 523 1859 73 An outline of German historical grammar, by E. Prokosch …
111 609 136 54 New
282 608 177 69 York,
490 607 226 54 Oxford
747 606 313 69 university
1090 625 174 50 press,
1299 607 148 52 1933.

179 679 60 48 vi,
269 680 84 39 127
382 690 42 38 p.
485 690 135 37 maps
650 679 47 47 (1
730 679 197 46 double)
967 678 179 48 diagrs.
1207 679 116 40 21cm.

186 738 127 39 ‘‘The
345 740 193 45 present
571 737 121 40 book
724 736 40 40 is
796 736 81 39 far
907 736 127 39 from
1067 735 141 48 being
1239 747 26 29 a
1298 746 128 29 mere
1459 746 105 28 new
1595 734 182 40 edition
1810 733 52 40 of

112 734 1993 106 [the author’s ‘The sounds and history of the German language'] … In a sense
163 846 1942 57 … [it] may be considered a precursor of the author's comprehensive
110 921 244 39 grammar
384 911 51 39 of
463 911 81 39 the
575 908 256 41 Germanic
857 907 501 49 languages.”—Pref.

183 969 68 39 “A
279 968 96 40 few
408 967 157 40 works
595 967 50 38 of
676 965 273 39 reference”:
1012 975 42 37 p.
1086 965 98 39 103.

114 1037 1993 53 © Dec. 7, 1933; 2c. and aff. Dec. 28; A 68614; Oxford univ. press, New
181 1099 142 41 York.
354 1099 90 38 inc.
515 1096 219 49 (84-423)

118 1200 244 65 Rachet,
390 1201 166 64 Jean,
586 1203 169 49 1894-

186 1276 105 53 Les
323 1276 402 66 hémorroïdes,
758 1275 319 69 diagnostic
1114 1281 50 47 et
1198 1275 346 67 traitement,
1575 1293 106 49 par
1716 1275 144 53 Jean
1896 1273 215 53 Rächet

177 1351 1935 71 … Avec 16 figures dans le texte. Paris, G. Doin & cie, 1933.
189 1424 1926 53 3 p. l., [3]-80 p. incl. illus., plates. 27cm. (Half-title: La pratique
121 1482 231 42 médicale
379 1483 243 47 illustrée)

116 1551 1886 52 © June 22, 1933; 1c. Nov. 17; A-Foreign 22665; Gaston Doin & cie.
196 1612 220 48 (34-438)

122 1716 255 63 Ranson,
406 1715 256 54 Richard
692 1717 68 54 R.

191 1790 245 53 Electric
475 1795 232 62 meters;
751 1811 29 33 a
823 1792 273 67 practical
1140 1791 228 54 treatise
1411 1810 70 35 on
1525 1792 437 53 direct-current
2004 1791 109 53 and

121 1866 603 71 alternating-current
772 1875 222 62 meters,
1040 1876 437 46 measurements
1525 1869 63 54 of
1637 1888 189 50 power
1876 1870 111 53 and

121 1888 1972 125 resistance,
406 1946 239 69 reading
673 1948 112 52 and
813 1948 213 68 testing
1053 1946 64 54 of
1146 1947 310 52 watt-hour
1487 1948 111 53 and
1629 1947 240 70 graphic
1897 1953 222 59 meters,

122 2021 1870 73 by Richard R. Ranson … Chicago, American technical
121 2044 1972 126 society,
314 2105 150 50 1934.

190 2173 85 42 232
307 2186 41 36 p.
411 2175 139 48 illus.,
583 2175 178 47 diagrs.
823 2176 144 40 21½cm.

192 2230 132 41 Each
354 2233 201 46 chapter
583 2233 94 39 and
707 2233 82 39 the
819 2233 142 40 index
991 2233 123 39 have
1144 2232 103 41 also
1280 2235 224 45 separate
1536 2232 189 49 paging.

123 2285 52 51 ©
205 2291 109 38 Dec.
344 2291 68 39 21.
443 2289 139 41 1933:
615 2291 65 39 2c.
711 2293 95 37 and
837 2291 81 40 aff:.
949 2292 111 40 Dec.
1091 2290 83 42 26;
1207 2292 39 37 A
1277 2291 169 46 68582;
1480 2293 157 38 Amer.
1669 2293 236 39 technical
1942 2302 91 30 soc.

199 2346 219 48 (34-435)

126 2449 223 64 Reiser,
378 2450 239 64 Joseph.

194 2526 458 68 L’organisation
693 2529 75 52 du
806 2529 250 53 contrôle
1094 2536 52 46 et
1186 2530 50 52 la
1277 2530 297 68 technique
1613 2532 94 52 des
1747 2530 380 54 vérifications

125 2606 2003 82 comptables, par Joseph Reiser … 3. éd. Paris, Dunod, 1933.
194 2679 99 45 viii,
327 2679 85 40 246
442 2691 42 36 p.
517 2680 109 42 incl.
658 2682 169 45 tables,
861 2681 178 49 diagrs.
1099 2681 116 41 25cm.

196 2736 389 48 ‘‘Bibliographie
618 2737 275 41 consultée”:
955 2750 40 37 p.
1033 2738 231 49 [Vii]—viii.

127 2788 51 51 ©
207 2793 126 39 June
359 2793 68 40 30.
485 2794 110 39 1933:
686 2828 6 7 1c.
723 2795 115 38 Nov.
870 2797 53 38 17;
981 2796 102 38 A-
1086 2796 207 48 Foreign
1321 2797 170 46 22660;
1525 2798 186 39 Dunod.

207 2850 219 47 (34-472)

131 2952 190 65 Slane,
350 2954 227 53 Odillon
606 2956 65 54 B.

198 3030 446 55 Reminiscences
679 3034 63 51 of
777 3034 155 67 early
965 3035 224 66 Peoria,
1224 3036 296 68 including
1555 3037 212 52 Indian
1802 3038 215 55 stories,
2050 3038 72 67 by

132 3106 1789 77 Odillon B. Slane … [Evanston, Ill.] Priv. print., 1933.
204 3179 55 42 57
287 3191 56 37 p.,
372 3183 21 38 1
445 3215 6 6 l.
513 3183 141 47 illus.,
685 3188 146 43 ports.
893 3185 115 41 20cm.

206 3238 144 40 ‘‘This
385 3239 106 40 first
529 3240 181 40 edition
748 3241 52 40 of
836 3242 84 40 500
957 3242 335 49 copies—fifty
1328 3245 158 39 bound
1525 3245 48 39 in
1613 3245 174 40 boards
1825 3247 94 38 and
1956 3247 86 39 450
2079 3247 49 39 in

137 3297 1990 52 paper—was printed on the presses … of the Evanston News-index,
137 3351 261 48 Evanston,
439 3353 202 47 Illinois,
680 3356 93 38 and
813 3356 81 40 the
931 3360 111 43 type
1081 3357 114 39 then
1235 3359 308 41 distributed.
1607 3359 117 40 This
1763 3370 116 37 copy
1919 3359 40 40 is
136 3371 1972 74 number
241 3406 100 41 31.”

131 3459 51 52 ©
210 3465 110 40 Dec.
377 3466 37 41 15.
443 3466 138 41 1933:
612 3468 65 40 2c.
708 3470 108 39 Dec.
844 3470 82 45 26;
957 3470 79 40 aff.
1066 3472 111 39 Dec.
1207 3472 81 41 22;
1319 3472 39 38 A
1387 3472 168 40 67719:
1588 3473 50 40 O.
1670 3474 51 38 B.
1754 3473 156 44 Slane,
1940 3473 187 46 Peoria,

200 3522 72 39 Ill.
347 3523 221 48 (34-305)

134 3622 278 67 Stonkus,
443 3626 271 58 Aleksas.

207 3698 198 54 Pitche
439 3707 197 49 trouve
670 3722 71 32 un
779 3703 130 71 ami,
944 3724 103 50 par
1084 3707 148 54 Alek
1264 3707 265 55 Stonkus.
1607 3709 202 69 [Paris]
1848 3710 281 56 Hachette

141 3780 171 65 [1933]

203 3848 55 39 24
290 3860 43 37 p.
393 3850 128 41 illus.
582 3853 267 42 27×29½cm.

204 3906 286 42 Illustrated
525 3911 95 47 t.-p.

135 3961 1911 61 © July 12, 1933; 1c. Νο v 1 7: A-Foreign 22710: Librairie Hachette.
212 4022 220 53 (34-354)
