2582 4453
1360 4121 134 51 1430

411 445 185 66 Long,
628 447 176 64 Huey
833 444 223 66 Pierce,
1092 448 173 49 1893-

488 523 194 68 Every
722 541 133 35 man
897 542 31 34 a
968 523 172 68 king;
1184 522 97 54 the
1324 523 464 68 autobiography
1829 522 62 54 of
1931 522 172 69 Huey
2144 523 67 52 P.
2249 522 183 70 Long.

416 600 1541 69 New Orleans, La., National book co., inc. [ c 1933]
491 672 101 51 viii,
619 674 86 40 343
732 686 43 37 p.
836 673 166 48 front.,
1031 674 143 45 illus.,
1205 674 172 49 plates,
1405 677 149 46 ports.
1615 673 147 42 20½cm.

420 729 52 52 ©
511 734 101 40 Oct.
650 733 39 47 9,
727 733 141 41 1933:
905 733 68 38 2c.
1013 732 100 40 Oct.
1152 732 81 41 11:
1273 731 82 41 aff.
1394 731 101 40 Oct.
1534 731 81 47 12;
1656 732 40 39 A
1734 731 171 48 65569;
1947 733 58 38 H.
2046 732 50 42 P.
2135 732 146 48 Long,
2319 733 118 40 New

489 791 219 40 Orleans.
781 788 282 49 (33-29663)

411 891 340 55 Louisiana.
826 893 186 66 Laws,
1047 896 261 63 statutes,
1345 898 101 47 etc.

486 968 248 54 Revised
769 967 153 55 Civil
956 968 135 53 code
1127 967 64 55 of
1225 968 330 69 Louisiana,
1592 968 141 53 with
1768 969 410 68 amendments,
414 968 1996 149 including

548 1048 96 52 the
679 1047 211 53 session
927 1046 64 53 of
1024 1048 96 52 the
1156 1046 361 69 Legislature
1555 1046 64 54 of
1657 1050 151 50 1920.
1883 1047 123 54 The
2043 1048 391 54 amendments

415 1127 114 52 and
579 1126 221 69 repeals
850 1125 66 54 of
966 1125 228 54 articles
1244 1127 104 67 by.
1367 1125 341 69 subsequent
1754 1124 378 71 legislatures,
2183 1126 254 69 through

417 1207 152 67 1932,
596 1205 120 53 will
743 1205 66 53 be
837 1203 184 55 found
1049 1205 60 53 in
1137 1204 95 54 the
1261 1203 312 71 appendix,
1600 1204 191 55 edited
1818 1205 74 70 by
1924 1205 67 53 E.
2020 1205 74 54 D.
2127 1204 307 56 Saunders.

412 1285 74 53 2d
514 1284 103 68 ed.,
645 1284 192 53 edited
864 1285 75 68 by
967 1283 69 53 R.
1065 1283 77 54 H.
1172 1283 192 68 Marr;
1395 1283 294 69 appendix
1720 1284 285 68 prepared
2032 1285 76 68 by
2137 1284 296 54 Theodore

414 1363 198 53 Roehl.
690 1363 140 54 New
864 1362 263 69 Orleans,
1159 1363 65 52 F.
1261 1363 66 53 F.
1361 1361 244 54 Hansell
1640 1364 46 51 &
1715 1362 140 69 bro.,
1885 1363 124 68 ltd.,
2044 1366 153 50 1933.

490 1435 897 53 1 p. l., 11, xliii, [3]-689 p. 21½cm.
418 1492 52 52 ©
499 1497 127 47 Sept.
652 1496 69 45 27,
748 1496 113 40 1933;
917 1496 67 40 2c.
1012 1496 102 40 Oct.
1141 1496 82 45 12;
1252 1495 82 40 aff.
1362 1495 103 41 Oct.
1492 1496 81 45 11;
1602 1495 40 39 A
1667 1494 172 47 66590;
1870 1495 49 39 F.
1949 1495 49 39 F.
2027 1495 206 40 Hansell
2260 1496 36 39 &
2321 1496 114 47 bro.,

486 1553 88 40 ltd.
641 1549 69 53 [©
740 1552 260 50 appendix]
1074 1552 283 48 (33-29786)

412 1655 366 68 MacCorkle,
807 1657 212 55 Stuart
1050 1655 358 67 Alexander,
1441 1661 173 50 1903-

551 1731 1882 71 … American policy of recognition towards Mexico, by
413 1810 1997 150 Stuart Alexander MacCorkle … Baltimore, The Johns. Hopkins press, 1933.
488 1965 84 40 119
608 1975 42 37 p.
711 1965 56 38 24½
801 1967 15 21 cm
851 1996 8 8 .
934 1965 124 46 (The
1096 1963 155 41 Johns
1290 1962 222 49 Hopkins
1551 1963 273 47 university
1863 1963 188 41 studies
2091 1963 48 40 in
2179 1963 253 41 historical

415 2020 1046 50 and political science … ser. LI, no. 3)
487 2079 169 42 Issued
690 2079 103 41 also
826 2090 54 30 as
914 2079 153 41 thesis
1109 2080 109 46 (PH.
1283 2080 33 48 D.)
1359 2079 155 41 Johns
1547 2077 224 50 Hopkins
1805 2077 285 49 university.

485 2136 378 49 Bibliography:
893 2147 44 38 p.
968 2135 219 43 109-113.

418 2192 52 52 ©
500 2199 127 45 Sept.
655 2197 69 46 22,
752 2196 114 40 1933;
923 2196 67 41 2c.
1017 2199 96 37 and
1141 2195 81 41 aff.
1254 2196 127 47 Sept.
1410 2196 82 40 27:
1524 2196 39 38 A
1591 2195 172 40 66281:
1795 2196 154 39 Johns
1978 2194 224 49 Hopkins
2229 2202 150 41 press.

496 2254 282 47 (33-29777)

413 2360 301 64 Marriott,
746 2358 207 55 Victor
984 2359 277 65 Edward,
1293 2362 172 50 1882-

485 2436 122 53 The
646 2436 256 69 Chicago
942 2436 247 69 primer;
1231 2437 213 53 church
1485 2436 113 53 and
1639 2436 117 69 city
1797 2436 398 68 approaching
2236 2454 31 34 a
2308 2453 123 35 new

414 2532 113 50 era,
557 2515 75 68 by
662 2515 204 53 Victor
895 2515 257 53 Edward
1184 2513 292 55 Marriott.
1543 2515 275 68 Chicago,
1848 2515 115 66 Ill.,
1994 2514 255 68 Chicago
413 2514 1993 147 Congregational
810 2594 197 65 union,
1043 2596 151 50 1932.

489 2665 56 41 56
574 2677 42 38 p.
679 2665 128 42 illus.
838 2666 186 49 (maps)
1061 2666 155 50 diagr.
1278 2666 56 41 23
1338 2669 43 20 cm
1386 2699 8 8 .

493 2722 347 49 “Suggestions
870 2723 80 40 for
978 2723 199 41 further
1208 2723 205 50 reading
1443 2724 96 40 and
1573 2724 175 47 study”:
1811 2735 42 38 p.
1884 2723 160 41 52-56.

418 2777 52 52 ©
503 2783 129 46 Sept.
663 2783 39 44 1,
733 2780 113 41 1933:
907 2782 67 40 2c.
1005 2782 95 39 and
1131 2781 80 40 aff.
1247 2782 127 47 Sept.
1405 2782 83 46 14;
1521 2781 39 39 A
1591 2781 172 42 65242;
1798 2781 210 47 Chicago
2039 2781 398 47 congregational

487 2838 162 40 union.
721 2837 283 50 (33-29665)

413 2945 157 65 Moll,
602 2946 221 53 Ernest
857 2946 248 64 George,
1139 2948 170 50 1900-

486 3022 1942 69 The appreciation of poetry, by Ernest G. Moll … New
421 3100 177 67 York,
626 3101 65 53 F.
722 3101 57 55 S.
807 3100 201 57 Crofts
1035 3103 51 51 &
1114 3120 98 47 co.,
1243 3104 151 50 1933.

487 3175 116 47 xvii,
635 3175 85 41 266
752 3186 41 38 p.
855 3175 145 40 19½cm.

420 3228 52 52 ©
498 3232 102 41 Oct.
626 3233 38 46 5,
691 3232 114 40 1933:
859 3233 68 39 2c.
953 3234 95 38 and
1075 3232 81 41 aff.
1184 3232 101 40 Oct.
1312 3234 52 43 7;
1393 3233 40 38 A
1459 3232 170 40 65487:
1661 3232 49 39 F.
1742 3232 43 40 S.
1814 3232 166 41 Crofts
2006 3234 37 39 &
2067 3244 84 29 co.,
2178 3233 90 39 inc.

498 3289 283 49 (33-29697)

415 3381 283 53 National
729 3381 333 54 recreation
1094 3380 380 55 association.

489 3459 120 53 The
655 3477 123 35 new
823 3459 204 54 leisure
1073 3457 324 69 challenges
1441 3458 95 54 the
1581 3458 236 54 schools.
1914 3457 163 57 Shall
2124 3458 311 54 recreation

419 3537 193 53 enrich
654 3556 64 33 or
759 3536 350 68 impoverish
1153 3536 140 53 life?
1374 3537 188 53 Based
1603 3555 72 35 on
1717 3556 31 34 a
1789 3537 173 67 study
2005 3537 163 53 made
2210 3535 95 55 for
2343 3536 94 53 the

421 3615 273 53 National
720 3615 316 54 recreation
1061 3614 341 54 association
1427 3616 76 66 by
1527 3614 235 68 Eugene
1787 3615 65 52 T.
1878 3615 159 66 Lies;
2065 3614 139 54 with
2231 3634 30 33 a

421 3613 1991 133 foreword
607 3693 75 67 by
713 3693 155 54 John
902 3693 76 52 H.
1012 3693 227 68 Finley,
1343 3736 8 9 LL.
1423 3735 9 10 D.
1508 3692 406 70 Washington,
1943 3693 70 53 D.
2048 3691 82 70 C.,
2163 3692 271 54 National
420 3771 301 54 education
755 3771 340 54 association

1129 3770 883 70 of the United States [ c 1933]
486 3844 734 49 326 p.. 1 l. plates. 23½cm.
492 3900 348 49 Bibliography:
901 3912 40 37 p.
990 3901 237 50 [304]-314.

423 3955 52 52 ©
510 3960 128 47 Sept.
671 3959 67 47 16,
773 3960 140 40 1933:
946 3961 65 38 2c.
1049 3960 127 47 Sept.
1208 3960 82 41 25;
1325 3959 81 40 aff.
1443 3960 129 47 Sept.
1604 3959 82 47 26;
1723 3959 38 39 A
1794 3959 171 46 65,366;
2001 3959 131 40 Natl.
2167 3955 270 44 recreation

493 4027 142 30 assn.,
670 4016 102 40 inc..
805 4017 114 38 New
957 4017 141 38 York.
1173 4015 281 48 (33-29516)
