2484 4405
1108 4071 98 48 615

135 428 214 64 Swain,
378 427 219 64 Joseph
626 427 198 63 Ward,
858 430 170 49 1891-

138 499 1997 148 Beginning the twentieth century; a history of the generation that made the war, by Joseph Ward Swain … New
142 658 178 68 York,
344 659 91 53 W.
459 660 90 52 W.
574 658 223 53 Norton
823 660 50 50 &
901 674 297 50 company,
1224 656 109 52 inc.
1383 658 173 63 [c1933]

212 730 64 49 xi,
308 730 84 41 631
424 742 42 37 p.
527 730 172 41 double
729 730 164 48 front.,
923 740 138 37 maps
1090 729 136 48 (part
1256 728 197 48 double)
1523 727 115 40 24cm.

214 787 162 42 “First
406 787 227 42 edition.”

214 844 374 50 Bibliography:
621 855 43 39 p.
694 842 216 43 615-624.

145 915 52 52 ©
223 919 114 47 Apr.
364 917 69 47 27,
461 916 139 41 1933;
631 917 67 39 2c.
726 917 114 46 May
867 916 52 45 1;
949 914 82 40 aff.
1058 914 115 48 Apr.
1200 913 83 47 29;
1314 913 41 39 A
1382 913 171 47 62446;
1584 915 71 38 W.
1684 915 70 38 W.
1784 914 186 39 Norton
1998 914 37 39 &
2061 923 82 37 co.,

211 975 91 41 inc.
372 973 280 49 (33-11240)

137 1075 289 65 Sypherd,
457 1075 227 55 Wilbur
713 1075 198 60 Owen,
944 1075 172 54 1877-

212 1147 1869 73 The engineer’s manual of English [by] W. O. Sypherd …
148 1230 148 69 [and]
342 1229 224 55 Sharon
608 1229 226 51 Brown.
913 1227 268 68 Chicago,
1222 1227 235 53 Atlanta
1509 1230 138 65 [etc.]
1729 1226 177 68 Scott,
142 1227 1979 134 Foresman

305 1307 110 53 and
448 1325 276 49 company
779 1308 176 65 [c1933]

212 1378 65 47 xi,
309 1378 85 40 515
422 1389 43 37 p.
521 1377 179 48 diagrs.
791 1378 85 39 17cm.

212 1435 376 49 Bibliography:
620 1446 42 37 p.
693 1433 216 42 507-510.

148 1506 52 52 ©
231 1510 112 48 Apr.
374 1510 69 46 21,
475 1508 112 41 1933;
648 1509 68 39 2c.
749 1509 94 38 and
876 1507 82 40 aff.
990 1508 112 47 Apr.
1136 1507 81 46 24;
1253 1506 41 39 A
1324 1506 171 48 62262;
1532 1507 148 47 Scott,
1714 1508 265 39 Foresman
2012 1507 38 40 &
2080 1518 66 29 co.

225 1567 279 47 (33-11113)

141 1669 324 65 Trommer,
499 1668 269 55 Caroline
798 1667 177 55 Julia.

218 1743 298 69 Directing
560 1746 282 65 language
887 1762 189 49 power
1123 1746 59 51 in
1228 1744 96 53 the
1368 1746 343 64 elementary
1760 1742 188 53 school
1995 1742 151 54 child

147 1823 248 68 through
421 1828 171 63 story,
618 1821 456 68 dramatization,
1099 1822 113 52 and
1236 1825 217 65 poetry,
1480 1821 73 68 by
1579 1820 267 55 Caroline
1869 1821 54 53 J.

147 1822 1998 144 Trommer … and Teresa A. Regan … New York, The Macmillan
149 1996 293 50 company,
474 1980 150 51 1933.

217 2049 70 39 xii
314 2061 57 37 p.,
397 2051 24 38 1
471 2081 22 15 l.,
520 2049 86 41 497
633 2060 41 37 p.
702 2049 109 40 incl.
837 2049 163 47 front.,
1030 2049 129 43 illus.
1216 2049 115 40 20cm.

217 2107 225 40 Includes
480 2104 390 50 bibliographies.

153 2177 52 52 ©
232 2181 115 48 Apr.
374 2181 69 47 25,
472 2180 139 47 1933;
642 2181 67 39 2c.
738 2180 96 39 and
862 2179 83 43 aff.
973 2179 113 47 Apr.
1116 2178 83 46 26;
1232 2179 39 38 A
1300 2178 169 47 62320;
1502 2179 282 39 Macmillan
1811 2190 67 29 co.

230 2238 278 49 (33-11103)

154 2341 263 67 [Tucker,
448 2342 147 65 Don]

221 2417 121 52 The
373 2422 208 48 master
612 2417 99 53 dot
741 2417 259 66 method;
1036 2417 189 66 speed,
1255 2417 433 67 thoroughness,
1720 2417 235 53 results!
2035 2419 115 50 For

150 2494 243 68 ukulele,
422 2493 326 69 banjo-uke,
775 2495 161 67 tiple,
965 2495 330 66 uke-guitar
1325 2495 112 52 and
1468 2497 76 50 all
1573 2495 372 53 instruments
1973 2496 170 52 tuned

151 2571 1600 70 “uke” … [Winnipeg, Bulman bros. limited, 1933]
225 2645 284 48 cover-title,
539 2646 56 40 39
625 2657 42 37 p.
728 2646 128 40 illus.
916 2644 117 42 23cm.

226 2702 339 40 Introduction
592 2703 194 48 signed:
817 2702 108 40 Don
950 2701 203 48 Tucker,
1181 2703 83 40 the
1291 2704 191 39 author.

157 2757 52 52 ©
270 2772 35 29 1c.
337 2762 122 39 Mar.
490 2760 68 47 29,
590 2760 140 40 1933:
764 2759 41 39 A
836 2761 61 38 ad
929 2759 85 40 int.
1048 2758 170 46 17669;
1254 2760 142 47 pubd.
1429 2762 122 39 Mar.
1583 2761 81 46 15;
1701 2763 57 37 D.
1790 2762 203 48 Tucker,
224 2764 1913 101 Winnipeg,

408 2818 264 46 Manitoba,
702 2817 213 40 Canada.
986 2817 281 48 (33-11421)

151 2921 246 65 Tucker,
423 2919 301 54 Theodore
754 2920 293 65 Frederic,
1079 2926 172 49 1899-

227 3000 111 55 Sex
376 2998 299 54 education
712 2998 60 51 in
806 2999 246 66 schools;
1093 3017 72 34 an
1202 3000 351 65 experiment
1590 3000 59 52 in
1687 3002 345 67 elementary
155 3002 1971 142 instruction,
482 3077 74 67 by
589 3077 295 52 Theodore
917 3078 65 53 F.

1017 3077 1132 56 Tucker and Muriel Pout … with a
158 3154 1995 71 foreword by William Brown … London, G. Howe, ltd., 1933.
227 3230 26 39 3
279 3240 43 37 p.
370 3260 23 15 l.,
421 3228 160 47 ix-xv,
611 3229 173 39 17-144
810 3240 43 37 p.
942 3228 87 40 19cm.

233 3285 1921 49 “An extensive experiment … undertaken in elementary schools in
161 3341 1477 48 Wales … conducted by the Alliance of honour.”—Pref.
229 3399 374 49 Bibliography:
637 3410 43 37 p.
702 3399 217 41 139-140.

163 3453 52 52 ©
274 3468 37 30 1c.
340 3457 114 48 Apr.
484 3458 69 46 12,
584 3457 140 46 1933;
757 3457 41 39 A
827 3459 61 38 ad
919 3457 85 40 int.
1037 3456 170 46 17681;
1242 3458 140 46 pubd.
1416 3458 110 40 Feb.
1589 3459 51 44 16;
1675 3459 52 38 T.
1760 3459 51 39 F.
1844 3459 188 39 Tucker
2063 3459 96 40 and

231 3514 175 40 Muriel
438 3515 131 47 Lucy
600 3514 153 40 Grace
784 3513 225 40 Helvetia
1043 3514 139 44 Pout,
1214 3514 227 40 Windsor
1473 3515 156 47 Place,
1663 3515 201 46 Cardiff,
1897 3515 176 40 Wales.

241 3571 280 47 (33-11820)

158 3671 245 66 Turner,
429 3673 100 54 Sir
556 3674 227 64 George
809 3674 351 65 Robertson,
1191 3680 169 49 1855-

228 3751 1868 72 Mary Stuart; forgotten forgeries, by Sir George Turner …
161 3830 257 65 London,
448 3830 145 53 Rich
623 3835 45 49 &
700 3832 228 65 Cowan,
958 3832 104 51 ltd.
1152 3835 118 64 [1933]

233 3903 87 40 320
346 3914 41 36 p.
416 3902 109 42 inch
553 3904 148 40 front.
729 3903 173 48 (port.)
970 3903 147 42 22½cm.

234 3960 40 39 A
301 3959 301 41 vindication
628 3961 51 39 of
707 3962 141 46 Mary
880 3961 183 48 Stuart,
1091 3962 148 39 based
1269 3973 58 28 on
1358 3963 81 38 the
1468 3962 216 48 analysis
1713 3962 51 41 of
1794 3963 163 40 eleven
1989 3964 170 39 letters
