2597 4403
1266 4091 102 49 288

314 494 2024 71 an introduction by Charles Clayton Morrison … Chicago,
313 574 1476 70 New York, Willett, Clark & company [ c 1932]
385 651 558 50 3 p. l., 328 p. 20½ cm .
387 711 148 40 “This
561 708 342 43 conversation
932 708 149 40 about
1112 708 102 40 God
1244 718 100 30 was
1373 706 250 50 projected
1651 707 61 48 by
1739 708 84 40 the
1852 705 253 43 Christian
2134 708 203 48 century

314 763 1882 53 and … appeared in its pages … in the year 1932.”—Introd., p. 9.
320 824 52 52 ©
402 828 112 39 Dec.
543 827 40 46 3,
614 825 113 41 1932;
787 825 68 40 2c.
886 825 112 41 Feb.
1027 824 71 47 25,
1128 823 142 48 1933;
1303 823 73 41 aff.
1418 824 110 39 Feb.
1560 823 55 41 23;
1675 824 41 39 A
1746 823 172 48 60424;
1952 824 204 48 Willett,
2190 824 149 41 Clark

386 885 37 40 &
448 895 68 30 co.
581 882 253 50 (33-6053)

315 971 308 68 Williams,
657 971 336 67 Valentine,
1030 977 172 50 1883-

384 1052 144 68 Fog,
562 1050 76 69 by
670 1050 308 55 Valentine
1012 1048 291 55 Williams
1337 1048 115 55 and
1485 1048 264 69 Dorothy
1784 1046 138 55 Rice
1959 1047 167 56 Sims.
313 1048 2002 136 Boston
445 1129 113 53 and
591 1128 139 54 New
764 1127 179 70 York,
974 1128 321 69 Houghton
1323 1124 206 55 Mifflin
1563 1144 297 52 company,
1895 1128 151 51 1933.

383 1200 673 51 2 p. l., [3]-294 p. 19½ cm .
321 1258 53 53 ©
405 1264 123 39 Mar.
559 1263 40 47 8,
630 1261 142 42 1933;
806 1262 67 40 2c.
906 1262 123 39 Mar.
1061 1261 82 42 15;
1177 1260 83 41 aff.
1293 1262 123 39 Mar.
1449 1260 82 47 14;
1566 1260 40 39 A
1638 1259 171 48 60616;
1844 1261 54 39 V.
1930 1259 259 49 Williams,
2221 1261 119 39 New

388 1320 145 48 York,
562 1321 96 39 and
686 1320 222 47 Dorothy
936 1318 118 41 Rice
1082 1318 140 49 Sims,
1251 1318 137 46 Deal,
1417 1318 55 39 N.
1503 1319 42 40 J.
1613 1317 252 49 (33-6260)

315 1409 242 67 Wilson,
586 1409 156 55 John
771 1410 245 66 Harold,
1048 1416 174 49 1900-

384 1486 1953 71 The craft of exposition, by J. Harold Wilson … and Robert
317 1564 2018 70 S. Newdick … Boston, New York [etc.] D. C. Heath and
314 1663 283 51 company
631 1678 14 35 [
647 1651 20 22 c
672 1648 154 65 1933]

384 1729 44 36 x,
460 1718 86 42 147
574 1729 44 38 p.
680 1719 56 41 19½
770 1721 44 21 cm
819 1751 9 9 .

318 1773 52 53 ©
405 1777 111 42 Jan.
549 1778 70 48 23,
653 1777 141 48 1933;
830 1777 68 41 2c.
933 1778 112 39 Feb.
1076 1777 54 47 2;
1167 1776 83 42 aff.
1285 1778 122 40 Mar.
1443 1777 55 40 15;
1562 1777 42 39 A
1637 1776 171 48 59224;
1846 1777 43 41 J.
1924 1778 62 40 H.
2020 1776 189 42 Wilson
2242 1778 97 40 and

387 1836 184 40 Robert
598 1835 73 41 AY.
700 1835 247 42 Newdick.
981 1835 276 48 Columbus,
1291 1833 51 42 O.
1415 1834 252 49 (33-3315)

315 1924 400 67 Woodworth,
745 1925 226 54 Robert
1002 1924 293 67 Sessions,
1327 1930 173 50 1869-

448 2000 1890 72 … Adjustment and mastery; problems in psychology, by
313 2079 2025 153 Robert S. Woodworth … Baltimore, The Williams & Wilkins company in cooperation with the Century of progress
313 2242 342 69 exposition,
689 2245 152 50 1933.

419 2350 8 14 v,
459 2318 87 41 137
576 2329 44 37 p.
681 2317 155 49 diagr.
897 2316 57 41 19
956 2318 44 22 cm
1006 2348 8 8 .
1086 2318 66 48 (A
1182 2318 206 47 century
1418 2317 52 41 of
1501 2326 225 39 progress
1756 2317 177 48 series)

317 2372 52 53 ©
402 2377 112 40 Feb.
546 2378 39 47 7,
617 2375 142 49 1933;
792 2375 68 41 2c.
894 2377 96 39 and
1023 2376 83 42 aff.
1140 2377 111 39 Feb.
1285 2377 82 47 13;
1402 2376 42 39 A
1473 2376 172 47 59400;
1740 2376 184 41 Williams
1957 2377 37 40 &
2087 2375 151 41 Wilkins
2269 2388 69 30 co.

396 2434 254 49 (33-5419)

313 2526 201 64 Wray,
547 2525 250 56 Charles
826 2525 228 65 Henry.

314 2603 2020 148 … Real estate subdividing in New Jersey, with special reference to Middlesex county, by Charles Henry Wray, M. A. New
313 2757 361 69 Brunswick,
698 2759 72 53 N.
798 2760 76 66 J.,
902 2764 153 49 1932.

391 2830 85 41 178
510 2843 44 38 p.
613 2833 29 39 4
673 2844 62 38 pl.
770 2845 63 30 on
863 2833 26 40 3
945 2866 23 16 l.,
1003 2834 182 49 diagrs.
1246 2833 55 40 23
1306 2836 15 21 cm
1354 2866 9 8 .
1438 2834 243 49 (Bulletin
1716 2834 51 41 of
1800 2834 84 41 the
1917 2834 199 43 Bureau
2151 2834 53 43 of
316 2847 2004 82 economic
506 2890 97 40 and
635 2890 224 42 business
890 2892 229 40 research
1150 2891 54 41 of
1233 2890 212 51 Rutgers
1476 2891 275 49 university.
1826 2902 92 31 ser.
2014 2924 9 17 III,
2054 2904 77 31 no.
2163 2894 50 48 1)

391 2945 73 42 On
493 2958 169 31 cover:
696 2948 214 49 Rutgers
938 2948 290 49 university.
1290 2949 217 41 Bulletin.
1581 2960 90 31 ser.
1761 2980 9 17 IX,
1799 2960 76 31 no.
1906 2949 41 41 6.

317 3002 52 52 ©
395 3007 113 40 Dec.
532 3008 70 45 31,
628 3007 113 39 1932;
796 3007 68 41 2c.
889 3008 95 39 and
1011 3006 83 41 aff.
1121 3006 112 41 Feb.
1259 3007 68 47 16,
1355 3006 141 48 1933;
1525 3007 41 39 A
1591 3007 170 47 60451;
1791 3008 197 40 Bureau
2016 3008 51 40 of
2092 3006 244 43 economic

388 3065 96 38 and
519 3064 224 40 business
780 3064 227 41 research
1044 3064 53 40 of
1131 3064 214 48 Rutgers
1379 3064 288 48 university,
1703 3065 121 39 New
1857 3065 305 47 Brunswick,
2199 3066 58 42 N.
2294 3066 44 40 J.

396 3121 252 48 (33-5912)

314 3195 259 67 Wright,
605 3198 192 54 Bruce
828 3196 296 69 Simpson,
1158 3199 172 55 1879-

387 3273 249 56 Chancel
673 3274 273 57 windows
987 3276 111 69 [by]
1138 3276 186 53 Bruce
1361 3274 58 57 S.
1455 3274 249 70 Wright.
1778 3274 315 71 Nashville,

315 3275 1996 146 Cokesbury press [ c 1933]
385 3423 465 50 152 p., 1 l. 19 cm .
317 3479 52 53 ©
398 3484 111 41 Feb.
533 3485 40 43 4,
601 3485 141 46 1933;
770 3485 66 39 2c.
865 3488 95 38 and
988 3486 82 41 aff.
1099 3486 110 40 Feb.
1237 3487 83 47 20;
1350 3488 39 38 A
1416 3487 172 47 59602;
1679 3486 209 41 Whitmore
1915 3488 36 40 &
1980 3486 173 48 Smith,
386 3487 1929 96 Nashville.
587 3542 252 48 (33-6347)

311 3617 232 64 Young,
577 3619 66 54 G.
676 3620 79 54 M.

384 3693 1947 75 Gibbon, by G. M. Young … [London] P. Davies, limited,
315 3778 151 52 1932.

389 3850 84 41 182
502 3861 42 37 p.
603 3850 150 41 front.
813 3850 58 40 20
871 3853 45 21 cm
922 3883 8 8 .

389 3907 442 48 “Bibliographical
865 3907 168 42 note”:
1064 3919 43 37 p.
1138 3908 218 43 174-175.

319 3960 52 52 ©
456 3997 8 8 1c.
490 3965 110 40 Jan.
627 3966 68 45 17,
723 3964 112 41 1933;
892 3965 39 39 A
958 3967 61 38 ad
1046 3966 86 40 int.
1159 3965 142 40 17422;
1359 3966 141 48 pubd.
1531 3968 118 39 Nov.
1676 3968 68 46 17,
1773 3966 141 47 1932;
1945 3967 55 38 D.
2030 3967 238 47 Appleton
2298 3967 34 40 &

392 4032 81 36 co.,
499 4023 117 39 New
642 4022 144 41 York.
859 4021 252 48 (33-4587)
