2575 4405
1091 4077 101 49 219

203 508 323 47 “Principaux
560 508 282 39 documents
876 508 49 39 et
959 514 237 38 ouvrages
1230 505 299 42 consults”:
1567 515 42 38 p.
1663 503 235 52 [247]-250.

136 562 1978 108 © Nov. 16, 1932; 1c. Jan. 9, 1933; A-Foreign 19259; Librairie Gallimard. (33-5563)
131 726 234 64 McKee,
394 726 207 63 Henry
627 726 278 54 Stewart.

197 800 1934 70 Degenerate democracy, by Henry S. McKee … introduction
130 882 73 68 by
235 881 199 52 Lionel
463 882 73 53 D.
568 880 161 53 Edie.
806 881 138 52 New
978 880 177 67 York,
1188 882 248 51 Thomas
1469 882 72 53 Y.
1575 881 245 55 Crowell
1851 898 278 50 company

134 964 192 64 [1933]

201 1034 70 38 xii
301 1043 56 37 p.,
389 1034 26 38 2
465 1063 8 7 l.,
518 1033 144 40 3-143
695 1042 42 38 p.
801 1032 56 40 19½
889 1035 16 21 cm
939 1064 8 8 .

135 1087 51 53 ©
221 1092 108 39 Feb.
363 1090 69 48 24,
466 1089 141 48 1933;
641 1090 67 40 2c.
743 1091 123 41 Mar.
898 1089 53 48 2;
987 1089 83 42 aff.
1105 1090 123 40 Mar.
1261 1090 52 47 1;
1350 1090 41 39 A
1424 1088 170 48 60472;
1632 1089 61 40 H.
1730 1089 45 41 S.
1811 1089 193 47 McKee,
2041 1092 92 39 Los

201 1148 219 48 Angeles.
491 1147 250 49 (33-5318)

133 1253 224 63 Magre,
387 1251 280 65 Maurice,
699 1251 172 55 1877-

262 1326 1657 69 … La mort et la vie future. Paris, Fasquelle [ c 1932 ]
201 1403 29 39 2
255 1414 42 37 p.
347 1435 23 16 l.,
416 1403 163 40 [7]-252
603 1413 59 38 p.,
689 1402 24 39 1
763 1432 8 7 l.
833 1401 55 40 18½
920 1404 45 21 cm
969 1433 10 9 .

202 1457 695 50 Bibliotheque-Charpentier.

137 1513 1997 52 © Nov. 25, 1932; 1c. Jan. 7, 1933; A-Foreign 19292; Fasquelle éditeurs.
214 1575 250 48 (33-5425)

129 1677 220 65 Makin,
379 1677 255 55 William
665 1679 72 64 J.,
771 1683 173 49 1894-

203 1753 1932 70 Red sea nights [by] William J. Makin … New York, R. M.
132 1832 274 53 McBride
437 1832 45 50 &
510 1849 298 51 company,
841 1834 151 51 1933.

203 1916 45 32 x.
274 1905 85 40 327
384 1915 42 38 p.
455 1904 48 40 in
509 1906 55 39 cl.
590 1906 136 39 front.
797 1905 172 48 plates.
1025 1905 56 40 22½
1114 1906 44 22 cm
1161 1935 9 9 .

206 1964 336 39 Illustrations
570 1964 95 39 and
695 1973 137 38 maps
861 1972 59 31 on
951 1962 363 49 lining-papers.

139 2016 51 52 ©
220 2020 110 41 Feb.
359 2021 68 46 15,
457 2019 141 48 1933;
628 2021 66 39 2c.
726 2020 110 40 Feb.
868 2020 83 47 16;
982 2020 82 41 aff.
1096 2020 111 40 Feb.
1237 2020 82 47 17;
1351 2020 41 39 A
1422 2019 170 48 59558;

1626 2021 71 40 W.
1729 2021 44 40 J.
1805 2020 183 48 Makin,
205 2021 1915 96 London.
382 2076 250 48 (33-4930)

135 2180 225 64 Mason,
388 2178 211 55 Alfred
630 2179 254 53 Edward
914 2178 296 66 Woodley,
1241 2184 171 50 1865-

205 2257 121 53 The
367 2257 287 68 sapphire,
695 2258 75 68 by
810 2259 71 52 A.
926 2259 67 52 E.
1033 2259 89 54 W.
1165 2259 221 52 Mason.
1461 2257 234 55 Garden
1738 2258 153 68 City,
1932 2260 70 53 N.
2056 2260 81 56 Y.,

136 2336 354 68 Doubleday,
518 2338 199 52 Doran
743 2341 45 50 &
815 2355 297 50 company,
1139 2336 126 68 inc.,
1295 2341 151 50 1933.

208 2411 26 38 5
267 2421 43 36 p.
363 2441 24 16 l.,
418 2410 86 40 304
535 2421 42 37 p.
639 2410 55 40 19½
726 2412 44 21 cm
776 2443 8 8 .

209 2466 161 41 “First
406 2466 226 41 edition.”

141 2520 51 53 ©
222 2525 111 41 Feb.
393 2557 9 16 6,
431 2524 140 48 1933;
601 2525 66 40 2c.
698 2526 95 39 and
824 2524 82 41 aff.
936 2525 109 39 Feb.
1076 2525 83 47 27;
1189 2525 42 39 A
1260 2523 170 49 59716;
1463 2525 299 48 Doubleday,
1794 2525 166 40 Doran
1992 2526 36 40 &
2056 2535 83 37 co.,

211 2581 88 41 inc.
371 2581 250 49 (33-4988)

138 2682 219 66 Meyer,
390 2686 230 53 Conrad
652 2683 354 66 Ferdinand,
1040 2689 326 51 1825-1898.

270 2760 1869 70 … Huttens letzte tage. An historical-critical ed., by Robert
139 2838 2004 70 Bruce Roulston … Baltimore, The Johns Hopkins press,
139 2919 149 50 1933.

209 2989 136 49 xviii,
377 2988 85 43 238
491 3001 44 37 p.
598 2988 55 43 23½
688 2993 43 21 cm
736 3022 9 9 .

208 3046 102 40 The
352 3049 105 38 text
499 3046 54 41 of
594 3047 81 40 the
717 3047 122 45 first,
885 3046 147 47 third,
1078 3045 112 41 fifth
1236 3047 96 40 and
1377 3048 139 39 tenth
1560 3046 211 41 editions
1814 3046 43 40 is
1903 3046 140 48 given
2090 3046 51 40 in

140 3103 203 47 parallel
373 3103 216 40 columns
630 3104 66 47 (p.
727 3103 169 49 2-205)
968 3104 99 39 The
1099 3102 238 49 variants,
1371 3103 126 47 only,
1531 3103 52 40 of
1617 3104 81 39 the
1734 3103 188 48 second,
1956 3102 185 48 fourth,

143 3158 147 49 sixth,
326 3161 214 43 seventh,
576 3160 167 47 eighth
781 3161 95 38 and
912 3160 144 40 ninth
1090 3159 212 41 editions
1339 3170 81 29 are
1458 3159 139 48 given
1648 3159 66 48 (p.
1750 3158 229 49 206-219)
2026 3161 119 38 each

141 3216 182 40 edition
350 3216 141 47 being
514 3218 255 45 compared
795 3217 122 40 with
941 3217 83 40 the
1048 3227 89 30 one
1164 3215 332 50 immediately
1521 3215 272 48 preceding,
1852 3216 62 47 cf.
1943 3215 200 45 Introd.,

141 3281 42 38 p.
218 3272 62 40 ix.

215 3327 249 49 Excerpts,
491 3328 202 41 relative
720 3330 48 38 to
795 3330 84 39 the
902 3338 152 38 poem,
1082 3326 208 43 selected
1317 3328 128 41 from
1472 3326 206 49 Meyer’s
1706 3329 435 47 correspondence:

143 3394 41 38 p.
217 3382 215 42 220-236.

213 3440 129 41 “The
367 3441 211 40 editions
604 3441 53 40 of
681 3440 206 48 Meyer’s
913 3440 218 41 Hutten”
1149 3450 10 31 :
1186 3451 43 37 p.
1258 3440 193 42 xiv-xv.

147 3494 51 52 ©
234 3499 109 40 Feb.
373 3498 70 47 20,
477 3498 113 41 1933;
652 3499 68 40 2c.
754 3500 96 39 and
884 3498 82 41 aff.
1000 3500 111 39 Feb.
1144 3499 83 46 28;
1264 3498 41 39 A
1338 3498 171 47 59724;
1546 3499 154 40 Johns
1735 3498 222 48 Hopkins
1992 3509 150 37 press,

234 3551 51 52 [©
326 3558 233 45 contents,
600 3555 345 47 introduction,
986 3556 86 39 list
1111 3556 52 39 of
1200 3555 225 47 editions,
1466 3556 80 39 the
1588 3558 345 46 arrangement
1970 3555 54 40 of
2063 3555 82 40 the

216 3614 131 46 text;
376 3622 43 39 p.
447 3612 87 40 220
562 3615 47 38 to
638 3612 100 49 238]
811 3611 252 51 (33-5167)

142 3712 299 65 Michigan
479 3715 203 68 digest,
718 3716 267 68 covering
1023 3718 76 50 all
1137 3734 150 36 cases
1323 3715 266 67 reported
1627 3715 60 53 in
1722 3715 298 69 Michigan
212 3733 1904 127 reports
405 3795 112 51 and
551 3795 187 51 North
773 3799 240 48 western
1047 3799 275 63 reporter,
1356 3793 141 53 with
1533 3799 230 47 current
1796 3793 345 55 cumulative

212 3871 1928 149 pocket service keeping this digest always to date … Compiled and edited by the publisher’s editorial staff, v. 7.
