2484 4405
1056 4081 134 50 1169

145 432 495 64 Addressograph
677 431 367 64 multigraph
1082 431 392 64 corporation,
1514 431 326 54 Cleveland.

220 511 224 66 Names,
479 510 95 53 the
608 509 108 67 key
752 515 57 46 to
845 511 159 66 sales,
1041 511 186 51 where
1262 515 57 46 to
1354 516 94 61 get
1483 510 94 51 the
1612 508 158 68 right
1804 527 192 37 names
2032 511 111 51 and

147 588 126 53 how
300 595 57 46 to
385 607 95 34 use
508 589 168 52 them.
758 587 347 68 [Cleveland,
1132 588 480 67 Addressograph
1641 586 356 68 multigraph
149 606 1973 128 corporation,
459 674 17 20 c
482 670 150 63 1932]

218 740 57 40 72
302 750 41 37 p.
405 740 142 46 illus.,
573 740 103 39 fold.
720 740 153 47 diagr.
933 739 55 40 19
992 742 43 20 cm
1041 773 9 8 .

148 807 50 51 ©
226 812 116 47 July
365 812 39 45 1,
429 810 140 47 1932;
597 812 67 39 2c.
690 812 96 38 and
812 810 82 40 aff.
921 811 116 46 July
1063 810 38 46 8,
1130 810 140 46 1933;
1299 810 42 38 A
1366 809 169 47 63519;
217 808 1912 109 Addressograph-multigraph
397 869 321 48 corporation.
791 868 279 49 (33-21774)

141 988 316 53 American
498 988 278 52 institute
816 987 63 52 of
919 987 228 64 mining
1186 988 114 51 and
1341 986 412 64 metallurgical
1812 986 330 64 engineers.

210 1068 273 51 Institute
515 1067 63 67 of
604 1067 201 52 metals
833 1065 266 54 division.

211 1144 404 53 Transactions
641 1145 63 51 of
730 1144 94 52 the
850 1145 306 51 American
1183 1144 260 52 institute
1471 1144 61 51 of
1558 1143 224 68 mining
1806 1144 112 51 and
139 1144 1979 147 metallurgical
409 1223 290 69 engineers
736 1223 457 68 (incorporated)
1279 1243 51 33 v.
1362 1227 114 49 104.
1552 1223 274 53 Institute
1854 1222 62 53 of
1941 1224 202 51 metals

140 1302 265 67 division,
449 1305 149 49 1933.
675 1304 217 66 Papers
935 1303 110 51 and
1088 1302 342 54 discussions
1471 1302 297 68 presented
1811 1302 194 52 before
2047 1302 94 52 the

142 1381 248 54 division
435 1387 58 47 at
538 1382 275 68 meetings
858 1382 131 51 held
1037 1387 56 46 at
1142 1379 248 68 Buffalo,
1435 1381 262 68 October,
1745 1384 133 49 1932
1924 1382 111 51 and
2083 1387 58 47 at

139 1463 138 52 New
314 1462 177 67 York,
527 1461 313 68 February,
878 1464 151 64 1933,
1063 1460 140 53 with
1241 1462 277 52 abstracts
1556 1462 111 51 and
1702 1460 341 54 discussions
2078 1461 63 52 of

138 1559 151 35 some
325 1558 207 50 papers
568 1560 70 33 on
675 1559 160 50 gases
870 1540 60 51 in
966 1542 201 50 metals
1204 1541 299 67 presented
1539 1542 60 51 in
1638 1541 314 66 February,
1991 1543 148 49 1932.

139 1618 1226 68 New York, N. Y., The Institute [ c 1933]
209 1694 86 40 366
322 1704 43 37 p.
422 1694 141 46 illus.,
592 1694 169 47 tables,
791 1693 180 48 diagrs.
1029 1693 146 40 23½cm.

144 1761 52 52 ©
224 1766 127 47 Sept.
377 1765 39 45 2,
443 1764 139 45 1933;
610 1764 54 39 2c
704 1765 95 38 and
825 1762 81 41 aff.
937 1764 127 46 Sept.
1092 1764 52 44 7;
1175 1763 37 39 A
1238 1764 170 46 65155;
1439 1764 158 40 Amer.
1625 1764 227 40 institute
1880 1764 52 40 of
1958 1763 186 49 mining

211 1822 36 40 &
274 1821 358 48 metallurgical
660 1821 265 47 engineers,
953 1820 105 48 inc.,
1089 1821 118 38 New
1235 1821 145 39 York.

135 1926 276 64 Bennett,
440 1927 306 62 Margaret
777 1924 224 56 Elaine.

140 2002 1996 149 College and life; problems of self-discovery and self-direction, by M. E. Bennett … with the editorial cooperation of
137 2161 1976 146 Lewis M. Terman … 1st ed. New York and London, McGraw-Hill book company, inc., 1933.
206 2313 96 48 xiv,
335 2313 89 40 456
453 2325 43 37 p.
557 2312 142 48 illus.,
733 2312 179 48 diagrs.
972 2312 54 41 23½
1060 2315 45 21 cm
1110 2345 9 9 .

213 2370 347 40 “References”
600 2372 51 38 at
691 2371 92 39 end
819 2370 54 40 of
912 2371 119 39 each
1069 2371 229 46 chapter;
1341 2369 297 49 “Suggested
1678 2372 120 38 tests
1838 2373 95 38 and
1973 2371 165 49 rating

141 2427 154 41 scales
329 2428 80 40 for
443 2438 28 29 a
509 2429 225 46 personal
769 2427 271 48 inventory,
1078 2428 238 48 prepared
1352 2428 60 47 by
1449 2428 141 47 Mary
1626 2429 52 38 E.
1715 2428 390 48 Herschberger”:

139 2492 41 38 p.
207 2483 217 45 426-427.

140 2551 52 53 ©
217 2556 119 48 Aug.
362 2557 38 47 1,
427 2556 112 40 1933;
594 2556 66 39 2c.
687 2557 94 38 and
807 2555 81 40 aff.
915 2556 119 48 Aug.
1061 2557 25 39 3;
1143 2556 41 38 A
1209 2555 170 49 64606;
1410 2553 352 43 McGraw-Hill
1788 2558 123 39 book
1938 2569 81 35 co.,
2047 2558 92 39 inc.

217 2613 279 48 (33-21748)

137 2715 200 67 [Bond,
369 2717 147 52 Paul
547 2717 262 66 Stanley]
847 2715 171 53 1879-

203 2794 120 53 The
353 2796 67 51 R.
451 2794 68 55 O.
547 2797 64 51 T.
645 2796 60 54 C.
735 2796 248 51 manual.
1058 2794 296 70 Infantry.
1431 2798 130 51 16th
1593 2798 84 52 ed.
1752 2799 56 52 A
1838 2803 123 48 text
1987 2798 148 53 book

133 2872 93 53 for
267 2873 95 52 the
402 2874 241 51 Reserve
684 2870 207 57 officers
931 2874 260 69 training
1229 2894 180 49 corps.
1485 2877 127 53 Vol.
1733 2918 11 25 III,
1847 2919 9 9 IV.
131 2878 1974 141 Washington,
387 2954 71 51 D.
499 2952 80 66 C.,
617 2952 120 52 The
773 2953 274 53 National
1084 2953 212 53 service
1332 2954 336 69 publishing
1706 2975 77 34 co.
1830 2990 11 33 [
1847 2963 17 20 c
1871 2959 150 63 1933]

204 3026 27 38 2
257 3037 42 28 v.
356 3026 126 39 illus.
513 3025 130 48 (incl.
674 3028 162 47 maps)
872 3027 180 46 diagrs.
1111 3027 56 38 24
1170 3029 44 20 cm
1220 3060 8 7 .

470 3092 116 30 CONTENTS.—v.
683 3113 9 9 III.
723 3083 73 40 1st
829 3094 115 36 year
977 3084 371 40 advanced.—v.
1381 3091 71 34 IV.
1484 3085 93 39 2nd
1611 3095 116 38 year
1760 3088 248 39 advanced.

134 3164 41 29 v.
271 3184 7 15 III,
311 3148 51 52 ©
394 3153 118 46 Aug.
543 3153 69 46 12,
643 3152 113 41 1933;
815 3153 67 40 2c.
914 3154 95 39 and
1041 3153 81 40 aff,
1154 3154 120 47 Aug.
1304 3154 82 48 25;
1419 3166 42 29 v.
1547 3187 8 16 IV,
1591 3152 50 52 ©
1674 3157 118 48 Aug.
1826 3157 81 47 24;
1941 3159 68 41 2c.
2041 3159 96 40 and

204 3210 81 39 aff.
316 3210 119 47 Aug.
466 3210 81 42 29;
581 3211 39 37 A
651 3210 157 45 64858,
839 3210 171 47 65034;
1041 3212 119 39 Natl.
1205 3212 182 40 service
1419 3214 107 46 pub.
1560 3224 66 29 co.
1692 3211 68 53 [©
1794 3215 252 49 revisions]

127 3322 311 69 Boreham,
470 3328 198 52 Frank
698 3327 274 65 William,
1006 3329 172 53 1871-

201 3405 120 52 The
351 3405 194 53 drums
576 3404 64 53 of
668 3407 168 51 dawn
873 3406 108 67 [by]
1020 3406 64 52 F.
1117 3408 90 52 W.
1240 3408 301 54 Boreham.
1617 3409 139 54 New
1788 3410 180 70 York,
129 3412 1979 123 Cincinnati
398 3489 119 60 [etc.]
553 3484 121 50 The
701 3483 315 69 Abingdon
1044 3502 157 49 press
1238 3518 13 34 [
1256 3491 19 22 c
1279 3487 152 66 1933]

199 3557 86 40 272
319 3568 44 36 p.
423 3555 146 41 19½cm.

201 3615 195 47 Essays.

135 3681 52 52 ©
221 3686 119 47 Aug.
377 3686 39 44 1,
451 3685 140 47 1933;
629 3685 67 39 2c.
735 3686 94 38 and
867 3684 83 41 aff.
986 3685 121 48 Aug.
1144 3686 53 47 9;
1236 3686 41 39 A
1314 3686 170 48 64680;
1525 3689 51 40 F.
1615 3691 71 40 W.
1726 3693 257 48 Boreham,
200 3696 1917 94 Melbourne,
425 3741 231 48 Victoria,
689 3742 267 40 Australia.
1028 3742 281 49 (33-21731)

127 3842 261 65 Buchan,
415 3845 173 64 John,
618 3844 173 52 1875-

197 3920 1920 70 The massacre of Glencoe, by John Buchan … New York,
128 3998 68 54 G.
226 4000 65 52 P.
321 3998 295 53 Putnam’s
648 4017 145 39 sons,
827 4001 151 51 1933.
