<alto xmlns="http://www.loc.gov/standards/alto/ns-v3#" xmlns:xlink="http://www.w3.org/1999/xlink" xmlns:xsi="http://www.w3.org/2001/XMLSchema-instance" xsi:schemaLocation="http://www.loc.gov/standards/alto/ns-v3# http://www.loc.gov/alto/v3/alto-3-0.xsd"><Description>
<MeasurementUnit>pixel</MeasurementUnit>
<sourceImageInformation>
<fileName>1933_v1_Part1.pdf</fileName>
</sourceImageInformation>
<OCRProcessing ID="IdOcr">
<ocrProcessingStep>
<processingDateTime>2019-01-03</processingDateTime>
<processingSoftware>
<softwareCreator>ABBYY</softwareCreator>
<softwareName>ABBYY Recognition Server</softwareName>
<softwareVersion>4.0</softwareVersion>
</processingSoftware>
</ocrProcessingStep>
</OCRProcessing>
</Description>
<Styles>
<ParagraphStyle ID="StyleId-FFFFFFFF-FFFF-FFFF-FFFF-FFFFFFFFFFFF-" ALIGN="Left" LEFT="0." RIGHT="0." FIRSTLINE="0."/>
<ParagraphStyle ID="StyleId-6EF5737A-DCEB-4126-A0CF-C5930BF7166A-" ALIGN="Left" LEFT="0." RIGHT="0." FIRSTLINE="0." LINESPACE="8.300000191"/>
<ParagraphStyle ID="StyleId-2DE44258-FD0B-41E1-B542-087C989B01A3-" ALIGN="Left" LEFT="0." RIGHT="0." FIRSTLINE="0." LINESPACE="12.19999981"/>
<ParagraphStyle ID="StyleId-CE3D254A-29D7-4DD7-B5F1-E0FC0EF29B05-" ALIGN="Left" LEFT="0." RIGHT="0." FIRSTLINE="-14." LINESPACE="8.619999886"/>
<ParagraphStyle ID="StyleId-C0E3A137-CE4F-4287-8A90-B599106709D0-" ALIGN="Left" LEFT="0." RIGHT="0." FIRSTLINE="-14." LINESPACE="12.19999981"/>
<ParagraphStyle ID="StyleId-50F26F0C-05DA-4C19-BA58-7A6AC4499BEE-" ALIGN="Left" LEFT="0." RIGHT="0." FIRSTLINE="-14." LINESPACE="11.06999969"/>
<ParagraphStyle ID="StyleId-5DDE65AF-512C-41E2-9B8E-095D6D99EF68-" ALIGN="Center" LEFT="0." RIGHT="0." FIRSTLINE="0." LINESPACE="11.89999962"/>
<ParagraphStyle ID="StyleId-0A81D7A5-6A62-4C52-915E-7768974C704D-" ALIGN="Left" LEFT="0." RIGHT="0." FIRSTLINE="0." LINESPACE="9.399999619"/>
<ParagraphStyle ID="StyleId-F7A0127F-6B48-4157-BB81-FE33E1E1A05B-" ALIGN="Block" LEFT="0." RIGHT="0." FIRSTLINE="-13." LINESPACE="10.63000011"/>
<ParagraphStyle ID="StyleId-E18C69F7-DBD7-48B1-805C-FCD96D0DA019-" ALIGN="Left" LEFT="0." RIGHT="0." FIRSTLINE="0." LINESPACE="11.64000034"/>
<ParagraphStyle ID="StyleId-98F15501-B611-4E83-8BB3-807E891F11F5-" ALIGN="Left" LEFT="0." RIGHT="0." FIRSTLINE="-14." LINESPACE="12.19999981"/>
<ParagraphStyle ID="StyleId-F4A78626-0BBC-4D12-94D9-A1AE75A9855F-" ALIGN="Left" LEFT="0." RIGHT="0." FIRSTLINE="0." LINESPACE="9.399999619"/>
<ParagraphStyle ID="StyleId-6A3F6F4C-D21B-4ADE-902F-7683F18ECEF3-" ALIGN="Left" LEFT="0." RIGHT="0." FIRSTLINE="0." LINESPACE="11.10000038"/>
</Styles>
<Layout>
<Page ID="Page1755" PHYSICAL_IMG_NR="1755" HEIGHT="4405" WIDTH="2484">
<TopMargin HEIGHT="430" WIDTH="2484" VPOS="0" HPOS="0">
</TopMargin>
<LeftMargin HEIGHT="3763" WIDTH="102" VPOS="430" HPOS="0">
</LeftMargin>
<RightMargin HEIGHT="3763" WIDTH="328" VPOS="430" HPOS="2156">
</RightMargin>
<BottomMargin HEIGHT="212" WIDTH="2484" VPOS="4193" HPOS="0">
</BottomMargin>
<PrintSpace HEIGHT="3763" WIDTH="2054" VPOS="430" HPOS="102">
<TextBlock ID="Page1755_Block1" HEIGHT="88" WIDTH="275" VPOS="4105" HPOS="1044" LANG="en-US" CS="1" STYLEREFS="StyleId-A862EB0D-F503-465C-817C-2E78DC9C6544-">
<TextLine HEIGHT="48" WIDTH="133" VPOS="4105" HPOS="1073" CS="1">
<String CS="1" CONTENT="1755" HEIGHT="48" WIDTH="133" VPOS="4105" HPOS="1073"/>
</TextLine>
</TextBlock>
<TextBlock ID="Page1755_Block2" HEIGHT="3651" WIDTH="2054" VPOS="430" HPOS="102" LANG="en-US" CS="1" STYLEREFS="StyleId-D9929D2C-362B-4837-BF3F-AFC48FE55170-">
<TextLine HEIGHT="54" WIDTH="1923" VPOS="520" HPOS="197" CS="1">
<String CONTENT="&#8220;These" HEIGHT="39" WIDTH="182" VPOS="530" HPOS="197"/>
<SP HEIGHT="29" WIDTH="26" VPOS="540" HPOS="380"/>
<String CONTENT="notes" HEIGHT="38" WIDTH="138" VPOS="531" HPOS="407"/>
<SP HEIGHT="29" WIDTH="30" VPOS="539" HPOS="546"/>
<String CS="1" CONTENT="&#8230;"/>
<SP HEIGHT="28" WIDTH="31" VPOS="539" HPOS="623"/>
<String CONTENT="were" HEIGHT="30" WIDTH="126" VPOS="537" HPOS="655"/>
<SP HEIGHT="37" WIDTH="26" VPOS="537" HPOS="782"/>
<String CONTENT="published" HEIGHT="48" WIDTH="255" VPOS="526" HPOS="809"/>
<SP HEIGHT="39" WIDTH="28" VPOS="527" HPOS="1065"/>
<String CONTENT="as" HEIGHT="28" WIDTH="55" VPOS="537" HPOS="1094"/>
<SP HEIGHT="29" WIDTH="27" VPOS="536" HPOS="1150"/>
<String CONTENT="a" HEIGHT="29" WIDTH="26" VPOS="536" HPOS="1178"/>
<SP HEIGHT="29" WIDTH="29" VPOS="536" HPOS="1205"/>
<String CONTENT="series" HEIGHT="39" WIDTH="150" VPOS="525" HPOS="1235"/>
<SP HEIGHT="29" WIDTH="28" VPOS="535" HPOS="1386"/>
<String CONTENT="of" HEIGHT="40" WIDTH="50" VPOS="524" HPOS="1415"/>
<SP HEIGHT="39" WIDTH="26" VPOS="524" HPOS="1466"/>
<String CONTENT="fifty" HEIGHT="48" WIDTH="111" VPOS="523" HPOS="1493"/>
<SP HEIGHT="36" WIDTH="26" VPOS="535" HPOS="1605"/>
<String CONTENT="weekly" HEIGHT="48" WIDTH="184" VPOS="522" HPOS="1632"/>
<SP HEIGHT="37" WIDTH="28" VPOS="533" HPOS="1817"/>
<String CONTENT="articles" HEIGHT="42" WIDTH="197" VPOS="520" HPOS="1846"/>
<SP HEIGHT="39" WIDTH="27" VPOS="522" HPOS="2044"/>
<String CONTENT="in" HEIGHT="38" WIDTH="48" VPOS="522" HPOS="2072"/>
</TextLine>
<TextLine HEIGHT="54" WIDTH="1996" VPOS="579" HPOS="124">
<String CONTENT="the" HEIGHT="38" WIDTH="84" VPOS="589" HPOS="124"/>
<SP HEIGHT="41" WIDTH="37" VPOS="586" HPOS="209"/>
<String CONTENT="Sunday" HEIGHT="47" WIDTH="196" VPOS="586" HPOS="247"/>
<SP HEIGHT="36" WIDTH="35" VPOS="597" HPOS="444"/>
<String CONTENT="editions" HEIGHT="40" WIDTH="209" VPOS="585" HPOS="480"/>
<SP HEIGHT="31" WIDTH="35" VPOS="594" HPOS="690"/>
<String CONTENT="of" HEIGHT="39" WIDTH="52" VPOS="584" HPOS="726"/>
<SP HEIGHT="40" WIDTH="34" VPOS="584" HPOS="779"/>
<String CONTENT="the" HEIGHT="38" WIDTH="81" VPOS="586" HPOS="814"/>
<SP HEIGHT="40" WIDTH="37" VPOS="583" HPOS="896"/>
<String CONTENT="Honolulu" HEIGHT="40" WIDTH="250" VPOS="583" HPOS="934"/>
<SP HEIGHT="29" WIDTH="36" VPOS="593" HPOS="1185"/>
<String CONTENT="advertiser," HEIGHT="47" WIDTH="285" VPOS="581" HPOS="1222"/>
<SP HEIGHT="48" WIDTH="37" VPOS="580" HPOS="1508"/>
<String CONTENT="from" HEIGHT="39" WIDTH="128" VPOS="580" HPOS="1546"/>
<SP HEIGHT="38" WIDTH="38" VPOS="580" HPOS="1675"/>
<String CONTENT="April," HEIGHT="48" WIDTH="152" VPOS="579" HPOS="1714"/>
<SP HEIGHT="46" WIDTH="37" VPOS="581" HPOS="1867"/>
<String CONTENT="1932," HEIGHT="48" WIDTH="127" VPOS="579" HPOS="1905"/>
<SP HEIGHT="44" WIDTH="39" VPOS="583" HPOS="2033"/>
<String CONTENT="to" HEIGHT="36" WIDTH="47" VPOS="583" HPOS="2073"/>
</TextLine>
<TextLine HEIGHT="52" WIDTH="529" VPOS="641" HPOS="127">
<String CONTENT="April," HEIGHT="49" WIDTH="147" VPOS="644" HPOS="127"/>
<SP HEIGHT="45" WIDTH="29" VPOS="646" HPOS="275"/>
<String CONTENT="1933.&#8221;&#8212;Pref." HEIGHT="42" WIDTH="351" VPOS="641" HPOS="305"/>
</TextLine>
<TextLine HEIGHT="51" WIDTH="978" VPOS="697" HPOS="194">
<String CONTENT="Bibliography" HEIGHT="48" WIDTH="348" VPOS="700" HPOS="194"/>
<SP HEIGHT="39" WIDTH="25" VPOS="709" HPOS="543"/>
<String CONTENT="at" HEIGHT="37" WIDTH="51" VPOS="702" HPOS="569"/>
<SP HEIGHT="37" WIDTH="24" VPOS="702" HPOS="621"/>
<String CONTENT="end" HEIGHT="39" WIDTH="90" VPOS="699" HPOS="646"/>
<SP HEIGHT="39" WIDTH="27" VPOS="699" HPOS="737"/>
<String CONTENT="of" HEIGHT="39" WIDTH="52" VPOS="698" HPOS="765"/>
<SP HEIGHT="39" WIDTH="22" VPOS="698" HPOS="818"/>
<String CONTENT="each" HEIGHT="39" WIDTH="117" VPOS="698" HPOS="841"/>
<SP HEIGHT="38" WIDTH="27" VPOS="698" HPOS="959"/>
<String CONTENT="article." HEIGHT="39" WIDTH="185" VPOS="697" HPOS="987"/>
</TextLine>
<TextLine HEIGHT="114" WIDTH="1982" VPOS="767" HPOS="129" CS="1">
<String CONTENT="&#169;" HEIGHT="52" WIDTH="51" VPOS="772" HPOS="129"/>
<SP HEIGHT="52" WIDTH="27" VPOS="772" HPOS="181"/>
<String CONTENT="Aug." HEIGHT="46" WIDTH="120" VPOS="777" HPOS="209"/>
<SP HEIGHT="39" WIDTH="28" VPOS="776" HPOS="330"/>
<String CONTENT="23," HEIGHT="45" WIDTH="68" VPOS="776" HPOS="359"/>
<SP HEIGHT="45" WIDTH="29" VPOS="776" HPOS="428"/>
<String CONTENT="1933;" HEIGHT="45" WIDTH="140" VPOS="774" HPOS="458"/>
<SP HEIGHT="44" WIDTH="30" VPOS="775" HPOS="599"/>
<String CONTENT="2c." HEIGHT="38" WIDTH="66" VPOS="775" HPOS="630"/>
<SP HEIGHT="30" WIDTH="29" VPOS="783" HPOS="697"/>
<String CONTENT="and" HEIGHT="39" WIDTH="96" VPOS="773" HPOS="727"/>
<SP HEIGHT="39" WIDTH="28" VPOS="773" HPOS="824"/>
<String CONTENT="aff." HEIGHT="40" WIDTH="81" VPOS="771" HPOS="853"/>
<SP HEIGHT="38" WIDTH="29" VPOS="771" HPOS="935"/>
<String CONTENT="Nov." HEIGHT="39" WIDTH="117" VPOS="771" HPOS="965"/>
<SP HEIGHT="38" WIDTH="32" VPOS="771" HPOS="1083"/>
<String CONTENT="8;" HEIGHT="45" WIDTH="51" VPOS="771" HPOS="1116"/>
<SP HEIGHT="46" WIDTH="31" VPOS="770" HPOS="1168"/>
<!-- cceid 4ACEA6D4-6CF9-1014-A6CF-A82867D68027 --><String CONTENT="A" HEIGHT="37" WIDTH="41" VPOS="770" HPOS="1200"/>
<SP HEIGHT="40" WIDTH="27" VPOS="768" HPOS="1242"/>
<String CONTENT="66967;" HEIGHT="46" WIDTH="170" VPOS="768" HPOS="1270"/>
<SP HEIGHT="45" WIDTH="34" VPOS="769" HPOS="1441"/>
<String LANG="la" CONTENT="E." HEIGHT="38" WIDTH="50" VPOS="769" HPOS="1476"/>
<SP HEIGHT="39" WIDTH="32" VPOS="768" HPOS="1527"/>
<String CONTENT="H." HEIGHT="39" WIDTH="60" VPOS="768" HPOS="1560"/>
<SP HEIGHT="38" WIDTH="31" VPOS="769" HPOS="1621"/>
<String CONTENT="Bryan," HEIGHT="45" WIDTH="178" VPOS="769" HPOS="1653"/>
<SP HEIGHT="46" WIDTH="30" VPOS="768" HPOS="1832"/>
<String CONTENT="jr.," HEIGHT="46" WIDTH="74" VPOS="768" HPOS="1863"/>
<SP HEIGHT="46" WIDTH="32" VPOS="767" HPOS="1938"/>
<String CONTENT="Honolulu." HEIGHT="106" WIDTH="1917" VPOS="767" HPOS="194"/>
<SP HEIGHT="48" WIDTH="70" VPOS="833" HPOS="311"/>
<String CONTENT="(33-38184)" HEIGHT="50" WIDTH="278" VPOS="831" HPOS="382"/>
</TextLine>
<TextLine HEIGHT="67" WIDTH="863" VPOS="947" HPOS="125" STYLEREFS="StyleId-22CE9A5D-FAD6-4233-9E40-7C8911DBE8E1-">
<String CONTENT="Burns," HEIGHT="64" WIDTH="214" VPOS="950" HPOS="125"/>
<SP HEIGHT="63" WIDTH="28" VPOS="951" HPOS="340"/>
<String CONTENT="Cecil" HEIGHT="55" WIDTH="153" VPOS="949" HPOS="369"/>
<SP HEIGHT="51" WIDTH="27" VPOS="950" HPOS="523"/>
<String CONTENT="Delisle," HEIGHT="65" WIDTH="234" VPOS="947" HPOS="551"/>
<SP HEIGHT="62" WIDTH="31" VPOS="950" HPOS="786"/>
<String CONTENT="1879-" HEIGHT="50" WIDTH="170" VPOS="949" HPOS="818"/>
</TextLine>
<TextLine HEIGHT="73" WIDTH="1935" VPOS="1020" HPOS="193" STYLEREFS="StyleId-0E0265CC-9DD3-4507-9830-1D3B988C7BEE-">
<String CONTENT="The" HEIGHT="51" WIDTH="120" VPOS="1028" HPOS="193"/>
<SP HEIGHT="52" WIDTH="30" VPOS="1027" HPOS="314"/>
<String CONTENT="horizon" HEIGHT="52" WIDTH="234" VPOS="1027" HPOS="345"/>
<SP HEIGHT="34" WIDTH="28" VPOS="1044" HPOS="580"/>
<String CONTENT="of" HEIGHT="52" WIDTH="64" VPOS="1026" HPOS="609"/>
<SP HEIGHT="52" WIDTH="28" VPOS="1026" HPOS="674"/>
<String CONTENT="experience;" HEIGHT="68" WIDTH="356" VPOS="1025" HPOS="703"/>
<SP HEIGHT="48" WIDTH="34" VPOS="1043" HPOS="1060"/>
<String CONTENT="a" HEIGHT="34" WIDTH="31" VPOS="1046" HPOS="1095"/>
<SP HEIGHT="37" WIDTH="30" VPOS="1043" HPOS="1127"/>
<String CONTENT="study" HEIGHT="66" WIDTH="171" VPOS="1023" HPOS="1158"/>
<SP HEIGHT="49" WIDTH="29" VPOS="1040" HPOS="1330"/>
<String CONTENT="of" HEIGHT="53" WIDTH="64" VPOS="1021" HPOS="1360"/>
<SP HEIGHT="53" WIDTH="29" VPOS="1021" HPOS="1425"/>
<String CONTENT="the" HEIGHT="52" WIDTH="94" VPOS="1022" HPOS="1455"/>
<SP HEIGHT="34" WIDTH="30" VPOS="1040" HPOS="1550"/>
<String CONTENT="modern" HEIGHT="53" WIDTH="234" VPOS="1021" HPOS="1581"/>
<SP HEIGHT="33" WIDTH="31" VPOS="1039" HPOS="1816"/>
<String CONTENT="mind," HEIGHT="67" WIDTH="177" VPOS="1020" HPOS="1848"/>
<SP HEIGHT="67" WIDTH="32" VPOS="1020" HPOS="2026"/>
<String CONTENT="by" HEIGHT="67" WIDTH="69" VPOS="1020" HPOS="2059"/>
</TextLine>
<TextLine HEIGHT="68" WIDTH="1866" VPOS="1100" HPOS="127" STYLEREFS="StyleId-0E0265CC-9DD3-4507-9830-1D3B988C7BEE-">
<String CONTENT="C." HEIGHT="55" WIDTH="61" VPOS="1105" HPOS="127"/>
<SP HEIGHT="51" WIDTH="30" VPOS="1107" HPOS="189"/>
<String CONTENT="Delisle" HEIGHT="52" WIDTH="214" VPOS="1106" HPOS="220"/>
<SP HEIGHT="51" WIDTH="29" VPOS="1107" HPOS="435"/>
<String CONTENT="Burns." HEIGHT="51" WIDTH="205" VPOS="1107" HPOS="465"/>
<SP HEIGHT="52" WIDTH="74" VPOS="1105" HPOS="671"/>
<String CONTENT="London," HEIGHT="64" WIDTH="258" VPOS="1104" HPOS="746"/>
<SP HEIGHT="67" WIDTH="30" VPOS="1101" HPOS="1005"/>
<String CONTENT="G." HEIGHT="55" WIDTH="69" VPOS="1101" HPOS="1036"/>
<SP HEIGHT="50" WIDTH="29" VPOS="1104" HPOS="1106"/>
<String CONTENT="Allen" HEIGHT="52" WIDTH="171" VPOS="1102" HPOS="1136"/>
<SP HEIGHT="49" WIDTH="28" VPOS="1104" HPOS="1308"/>
<String CONTENT="&amp;" HEIGHT="49" WIDTH="50" VPOS="1104" HPOS="1337"/>
<SP HEIGHT="53" WIDTH="32" VPOS="1101" HPOS="1388"/>
<String CONTENT="Unwin," HEIGHT="67" WIDTH="229" VPOS="1100" HPOS="1421"/>
<SP HEIGHT="66" WIDTH="28" VPOS="1101" HPOS="1651"/>
<String CONTENT="ltd." HEIGHT="52" WIDTH="103" VPOS="1100" HPOS="1680"/>
<SP HEIGHT="34" WIDTH="37" VPOS="1132" HPOS="1784"/>
<String CONTENT="[1933]" HEIGHT="63" WIDTH="171" VPOS="1103" HPOS="1822"/>
</TextLine>
<TextLine HEIGHT="51" WIDTH="816" VPOS="1190" HPOS="192" CS="1">
<String LANG="en-US" CONTENT="3" HEIGHT="40" WIDTH="25" VPOS="1194" HPOS="192"/>
<SP HEIGHT="47" WIDTH="33" VPOS="1194" HPOS="218"/>
<String LANG="la" CONTENT="p." HEIGHT="37" WIDTH="42" VPOS="1204" HPOS="252"/>
<SP/>
<String LANG="la" CS="1" CONTENT="l."/>
<String LANG="en-US" CONTENT="," HEIGHT="16" WIDTH="8" VPOS="1223" HPOS="363"/>
<SP HEIGHT="30" WIDTH="35" VPOS="1211" HPOS="372"/>
<String LANG="en-US" CONTENT="[9]-372" HEIGHT="51" WIDTH="175" VPOS="1190" HPOS="408"/>
<SP HEIGHT="48" WIDTH="33" VPOS="1191" HPOS="584"/>
<String LANG="la" CONTENT="p.," HEIGHT="37" WIDTH="57" VPOS="1202" HPOS="618"/>
<SP HEIGHT="46" WIDTH="35" VPOS="1193" HPOS="676"/>
<String LANG="en-US" CONTENT="1" HEIGHT="37" WIDTH="23" VPOS="1193" HPOS="712"/>
<SP/>
<String LANG="en-US" CS="1" CONTENT="l."/>
<SP HEIGHT="41" WIDTH="59" VPOS="1190" HPOS="802"/>
<String LANG="en-US" CS="1" CONTENT="22&#189;" HEIGHT="40" WIDTH="56" VPOS="1190" HPOS="862"/>
<String STYLE="superscript" LANG="en-US" CONTENT="cm" HEIGHT="22" WIDTH="44" VPOS="1192" HPOS="950"/>
<String LANG="en-US" CONTENT="." HEIGHT="9" WIDTH="9" VPOS="1222" HPOS="999"/>
</TextLine>
<TextLine HEIGHT="55" WIDTH="2000" VPOS="1257" HPOS="128" CS="1">
<String CONTENT="&#169;" HEIGHT="52" WIDTH="51" VPOS="1260" HPOS="128"/>
<SP/>
<String CS="1" CONTENT="1c."/>
<SP HEIGHT="39" WIDTH="22" VPOS="1265" HPOS="272"/>
<String CONTENT="Nov." HEIGHT="38" WIDTH="117" VPOS="1265" HPOS="295"/>
<SP HEIGHT="39" WIDTH="25" VPOS="1264" HPOS="413"/>
<String CONTENT="7," HEIGHT="45" WIDTH="37" VPOS="1264" HPOS="439"/>
<SP HEIGHT="45" WIDTH="26" VPOS="1264" HPOS="477"/>
<String CONTENT="1983" HEIGHT="40" WIDTH="112" VPOS="1262" HPOS="504"/>
<SP HEIGHT="45" WIDTH="18" VPOS="1264" HPOS="617"/>
<String CONTENT=";" HEIGHT="36" WIDTH="8" VPOS="1273" HPOS="636"/>
<SP HEIGHT="46" WIDTH="25" VPOS="1263" HPOS="645"/>
<!-- cceid 4ACEBDE3-6CF9-1014-A6CF-A82867D68027 --><String CONTENT="A" HEIGHT="38" WIDTH="41" VPOS="1263" HPOS="671"/>
<SP HEIGHT="38" WIDTH="23" VPOS="1263" HPOS="713"/>
<String CONTENT="ad" HEIGHT="39" WIDTH="62" VPOS="1263" HPOS="737"/>
<SP HEIGHT="40" WIDTH="22" VPOS="1262" HPOS="800"/>
<String CONTENT="int." HEIGHT="39" WIDTH="87" VPOS="1262" HPOS="823"/>
<SP HEIGHT="39" WIDTH="25" VPOS="1262" HPOS="911"/>
<String CONTENT="18318;" HEIGHT="45" WIDTH="169" VPOS="1261" HPOS="937"/>
<SP HEIGHT="36" WIDTH="28" VPOS="1271" HPOS="1107"/>
<String CONTENT="pubd." HEIGHT="46" WIDTH="140" VPOS="1261" HPOS="1136"/>
<SP HEIGHT="39" WIDTH="31" VPOS="1260" HPOS="1277"/>
<String CONTENT="Sept." HEIGHT="46" WIDTH="128" VPOS="1260" HPOS="1309"/>
<SP HEIGHT="40" WIDTH="25" VPOS="1259" HPOS="1438"/>
<String CONTENT="10;" HEIGHT="46" WIDTH="80" VPOS="1258" HPOS="1464"/>
<SP HEIGHT="45" WIDTH="28" VPOS="1259" HPOS="1545"/>
<String CONTENT="W." HEIGHT="39" WIDTH="71" VPOS="1259" HPOS="1574"/>
<SP HEIGHT="39" WIDTH="25" VPOS="1259" HPOS="1646"/>
<String CONTENT="W." HEIGHT="38" WIDTH="71" VPOS="1259" HPOS="1672"/>
<SP HEIGHT="39" WIDTH="26" VPOS="1257" HPOS="1744"/>
<String CONTENT="Norton" HEIGHT="39" WIDTH="187" VPOS="1257" HPOS="1771"/>
<SP HEIGHT="37" WIDTH="25" VPOS="1258" HPOS="1959"/>
<String CONTENT="&amp;" HEIGHT="37" WIDTH="35" VPOS="1258" HPOS="1985"/>
<SP HEIGHT="38" WIDTH="25" VPOS="1258" HPOS="2021"/>
<String CONTENT="co.," HEIGHT="37" WIDTH="81" VPOS="1266" HPOS="2047"/>
</TextLine>
<TextLine HEIGHT="49" WIDTH="713" VPOS="1319" HPOS="195">
<String CONTENT="inc.," HEIGHT="47" WIDTH="104" VPOS="1321" HPOS="195"/>
<SP HEIGHT="47" WIDTH="26" VPOS="1321" HPOS="300"/>
<String CONTENT="New" HEIGHT="39" WIDTH="118" VPOS="1321" HPOS="327"/>
<SP HEIGHT="40" WIDTH="25" VPOS="1320" HPOS="446"/>
<String CONTENT="York." HEIGHT="39" WIDTH="143" VPOS="1320" HPOS="472"/>
<SP HEIGHT="47" WIDTH="71" VPOS="1320" HPOS="616"/>
<String CONTENT="(34-117)" HEIGHT="48" WIDTH="220" VPOS="1319" HPOS="688"/>
</TextLine>
<TextLine HEIGHT="71" WIDTH="1281" VPOS="1432" HPOS="126" STYLEREFS="StyleId-22CE9A5D-FAD6-4233-9E40-7C8911DBE8E1-">
<String CONTENT="Busch," HEIGHT="66" WIDTH="216" VPOS="1437" HPOS="126"/>
<SP HEIGHT="64" WIDTH="27" VPOS="1439" HPOS="343"/>
<String CONTENT="Mrs." HEIGHT="52" WIDTH="139" VPOS="1439" HPOS="371"/>
<SP HEIGHT="56" WIDTH="26" VPOS="1435" HPOS="511"/>
<String CONTENT="Bonnie" HEIGHT="55" WIDTH="224" VPOS="1433" HPOS="538"/>
<SP HEIGHT="65" WIDTH="30" VPOS="1435" HPOS="763"/>
<String CONTENT="(Melbourne)" HEIGHT="68" WIDTH="402" VPOS="1432" HPOS="794"/>
<SP HEIGHT="64" WIDTH="39" VPOS="1435" HPOS="1197"/>
<String CONTENT="1884-" HEIGHT="51" WIDTH="170" VPOS="1437" HPOS="1237"/>
</TextLine>
<TextLine HEIGHT="70" WIDTH="1557" VPOS="1513" HPOS="261" STYLEREFS="StyleId-0E0265CC-9DD3-4507-9830-1D3B988C7BEE-" CS="1">
<String CS="1" CONTENT="&#8230;"/>
<SP HEIGHT="53" WIDTH="37" VPOS="1517" HPOS="261"/>
<String CONTENT="Waiting." HEIGHT="67" WIDTH="279" VPOS="1516" HPOS="299"/>
<SP HEIGHT="52" WIDTH="68" VPOS="1515" HPOS="579"/>
<String CONTENT="New" HEIGHT="52" WIDTH="140" VPOS="1515" HPOS="648"/>
<SP HEIGHT="52" WIDTH="35" VPOS="1515" HPOS="789"/>
<String CONTENT="York," HEIGHT="67" WIDTH="179" VPOS="1514" HPOS="825"/>
<SP HEIGHT="66" WIDTH="32" VPOS="1515" HPOS="1005"/>
<String CONTENT="The" HEIGHT="52" WIDTH="122" VPOS="1514" HPOS="1038"/>
<SP HEIGHT="53" WIDTH="33" VPOS="1513" HPOS="1161"/>
<String CONTENT="Acadia" HEIGHT="52" WIDTH="223" VPOS="1513" HPOS="1195"/>
<SP HEIGHT="48" WIDTH="33" VPOS="1531" HPOS="1419"/>
<String CONTENT="press," HEIGHT="49" WIDTH="175" VPOS="1530" HPOS="1453"/>
<SP HEIGHT="62" WIDTH="37" VPOS="1515" HPOS="1629"/>
<String CONTENT="1933." HEIGHT="48" WIDTH="151" VPOS="1515" HPOS="1667"/>
</TextLine>
<TextLine HEIGHT="52" WIDTH="866" VPOS="1586" HPOS="201" CS="1">
<String LANG="la" CONTENT="viii" HEIGHT="41" WIDTH="88" VPOS="1588" HPOS="201"/>
<SP HEIGHT="47" WIDTH="20" VPOS="1590" HPOS="290"/>
<String LANG="la" CONTENT="p.," HEIGHT="37" WIDTH="59" VPOS="1600" HPOS="311"/>
<SP HEIGHT="45" WIDTH="24" VPOS="1591" HPOS="371"/>
<String LANG="en-US" CONTENT="1" HEIGHT="37" WIDTH="23" VPOS="1591" HPOS="396"/>
<SP/>
<String LANG="en-US" CS="1" CONTENT="l.," HEIGHT="16" WIDTH="8" VPOS="1620" HPOS="485"/>
<SP HEIGHT="46" WIDTH="25" VPOS="1590" HPOS="494"/>
<String LANG="en-US" CONTENT="11-255," HEIGHT="50" WIDTH="186" VPOS="1586" HPOS="520"/>
<SP HEIGHT="30" WIDTH="29" VPOS="1608" HPOS="707"/>
<String LANG="en-US" CS="1" CONTENT="[1]" HEIGHT="30" WIDTH="11" VPOS="1608" HPOS="781"/>
<SP HEIGHT="39" WIDTH="24" VPOS="1599" HPOS="793"/>
<String LANG="en-US" CONTENT="p." HEIGHT="38" WIDTH="42" VPOS="1599" HPOS="818"/>
<SP HEIGHT="40" WIDTH="62" VPOS="1588" HPOS="861"/>
<String LANG="en-US" CS="1" CONTENT="19&#189;" HEIGHT="40" WIDTH="54" VPOS="1586" HPOS="924"/>
<String STYLE="superscript" LANG="en-US" CONTENT="cm" HEIGHT="21" WIDTH="43" VPOS="1588" HPOS="1011"/>
<String LANG="en-US" CONTENT="." HEIGHT="8" WIDTH="8" VPOS="1618" HPOS="1059"/>
</TextLine>
<TextLine HEIGHT="43" WIDTH="871" VPOS="1659" HPOS="199">
<String CONTENT="At" HEIGHT="41" WIDTH="64" VPOS="1661" HPOS="199"/>
<SP HEIGHT="39" WIDTH="22" VPOS="1663" HPOS="264"/>
<String CONTENT="head" HEIGHT="40" WIDTH="126" VPOS="1662" HPOS="287"/>
<SP HEIGHT="39" WIDTH="26" VPOS="1662" HPOS="414"/>
<String CONTENT="of" HEIGHT="40" WIDTH="53" VPOS="1661" HPOS="441"/>
<SP HEIGHT="41" WIDTH="20" VPOS="1661" HPOS="495"/>
<String CONTENT="title:" HEIGHT="43" WIDTH="135" VPOS="1659" HPOS="516"/>
<SP HEIGHT="41" WIDTH="28" VPOS="1660" HPOS="652"/>
<String CONTENT="Bonnie" HEIGHT="41" WIDTH="187" VPOS="1660" HPOS="681"/>
<SP HEIGHT="41" WIDTH="25" VPOS="1659" HPOS="869"/>
<String CONTENT="Busch." HEIGHT="41" WIDTH="175" VPOS="1659" HPOS="895"/>
</TextLine>
<TextLine HEIGHT="53" WIDTH="2002" VPOS="1728" HPOS="131">
<String CONTENT="&#169;" HEIGHT="51" WIDTH="51" VPOS="1730" HPOS="131"/>
<SP HEIGHT="51" WIDTH="26" VPOS="1730" HPOS="183"/>
<String CONTENT="Dec." HEIGHT="39" WIDTH="111" VPOS="1735" HPOS="210"/>
<SP HEIGHT="37" WIDTH="27" VPOS="1736" HPOS="322"/>
<String CONTENT="1," HEIGHT="44" WIDTH="38" VPOS="1736" HPOS="350"/>
<SP HEIGHT="45" WIDTH="26" VPOS="1735" HPOS="389"/>
<String CONTENT="1933;" HEIGHT="47" WIDTH="140" VPOS="1733" HPOS="416"/>
<SP HEIGHT="47" WIDTH="27" VPOS="1733" HPOS="557"/>
<String CONTENT="2c." HEIGHT="39" WIDTH="67" VPOS="1733" HPOS="585"/>
<SP HEIGHT="39" WIDTH="25" VPOS="1732" HPOS="653"/>
<String CONTENT="Nov." HEIGHT="40" WIDTH="118" VPOS="1732" HPOS="679"/>
<SP HEIGHT="39" WIDTH="26" VPOS="1732" HPOS="798"/>
<String CONTENT="29;" HEIGHT="47" WIDTH="82" VPOS="1731" HPOS="825"/>
<SP HEIGHT="36" WIDTH="29" VPOS="1742" HPOS="908"/>
<String CONTENT="aff." HEIGHT="41" WIDTH="82" VPOS="1730" HPOS="938"/>
<SP HEIGHT="39" WIDTH="26" VPOS="1732" HPOS="1021"/>
<String CONTENT="Dec." HEIGHT="38" WIDTH="113" VPOS="1732" HPOS="1048"/>
<SP HEIGHT="40" WIDTH="28" VPOS="1730" HPOS="1162"/>
<String CONTENT="6;" HEIGHT="46" WIDTH="51" VPOS="1730" HPOS="1191"/>
<SP HEIGHT="46" WIDTH="29" VPOS="1730" HPOS="1243"/>
<!-- cceid 4ACED830-6CF9-1014-A6CF-A82867D68027 --><String CONTENT="A" HEIGHT="38" WIDTH="41" VPOS="1730" HPOS="1273"/>
<SP HEIGHT="39" WIDTH="25" VPOS="1730" HPOS="1315"/>
<String CONTENT="68537;" HEIGHT="41" WIDTH="170" VPOS="1729" HPOS="1341"/>
<SP HEIGHT="40" WIDTH="31" VPOS="1730" HPOS="1512"/>
<String CONTENT="Bonnie" HEIGHT="40" WIDTH="188" VPOS="1728" HPOS="1544"/>
<SP HEIGHT="38" WIDTH="24" VPOS="1730" HPOS="1733"/>
<String CONTENT="Busch." HEIGHT="39" WIDTH="175" VPOS="1729" HPOS="1758"/>
<SP HEIGHT="37" WIDTH="29" VPOS="1730" HPOS="1934"/>
<String CONTENT="Miami" HEIGHT="38" WIDTH="169" VPOS="1729" HPOS="1964"/>
</TextLine>
<TextLine HEIGHT="50" WIDTH="658" VPOS="1788" HPOS="198">
<String CONTENT="Beach," HEIGHT="47" WIDTH="174" VPOS="1791" HPOS="198"/>
<SP HEIGHT="47" WIDTH="27" VPOS="1791" HPOS="373"/>
<String CONTENT="Fla." HEIGHT="38" WIDTH="101" VPOS="1791" HPOS="401"/>
<SP HEIGHT="47" WIDTH="73" VPOS="1790" HPOS="503"/>
<String CONTENT="(33-38220)" HEIGHT="49" WIDTH="279" VPOS="1788" HPOS="577"/>
</TextLine>
<TextLine HEIGHT="68" WIDTH="427" VPOS="1907" HPOS="136" STYLEREFS="StyleId-22CE9A5D-FAD6-4233-9E40-7C8911DBE8E1-">
<String CONTENT="Child," HEIGHT="66" WIDTH="187" VPOS="1909" HPOS="136"/>
<SP HEIGHT="65" WIDTH="23" VPOS="1910" HPOS="324"/>
<String CONTENT="Philip." HEIGHT="68" WIDTH="215" VPOS="1907" HPOS="348"/>
</TextLine>
<TextLine HEIGHT="153" WIDTH="1973" VPOS="1980" HPOS="133" STYLEREFS="StyleId-0E0265CC-9DD3-4507-9830-1D3B988C7BEE-" CS="1">
<String CONTENT="The" HEIGHT="53" WIDTH="119" VPOS="1986" HPOS="201"/>
<SP HEIGHT="35" WIDTH="33" VPOS="2004" HPOS="321"/>
<String CONTENT="village" HEIGHT="69" WIDTH="208" VPOS="1985" HPOS="355"/>
<SP HEIGHT="36" WIDTH="34" VPOS="2002" HPOS="564"/>
<String CONTENT="of" HEIGHT="54" WIDTH="62" VPOS="1983" HPOS="599"/>
<SP HEIGHT="54" WIDTH="34" VPOS="1983" HPOS="662"/>
<String CONTENT="souls," HEIGHT="70" WIDTH="167" VPOS="1984" HPOS="697"/>
<SP HEIGHT="71" WIDTH="31" VPOS="1983" HPOS="865"/>
<String CONTENT="by" HEIGHT="70" WIDTH="73" VPOS="1983" HPOS="897"/>
<SP HEIGHT="69" WIDTH="35" VPOS="1984" HPOS="971"/>
<String CONTENT="Philip" HEIGHT="71" WIDTH="201" VPOS="1981" HPOS="1007"/>
<SP HEIGHT="71" WIDTH="36" VPOS="1981" HPOS="1209"/>
<String CONTENT="Child." HEIGHT="56" WIDTH="188" VPOS="1981" HPOS="1246"/>
<SP HEIGHT="53" WIDTH="70" VPOS="1982" HPOS="1435"/>
<String CONTENT="London," HEIGHT="70" WIDTH="257" VPOS="1980" HPOS="1506"/>
<SP HEIGHT="69" WIDTH="32" VPOS="1981" HPOS="1764"/>
<String CONTENT="T." HEIGHT="53" WIDTH="65" VPOS="1981" HPOS="1797"/>
<SP HEIGHT="54" WIDTH="35" VPOS="1980" HPOS="1863"/>
<String CONTENT="Butterworth" HEIGHT="137" WIDTH="1973" VPOS="1980" HPOS="133"/>
<SP HEIGHT="68" WIDTH="35" VPOS="2065" HPOS="314"/>
<String CONTENT="[1933]" HEIGHT="66" WIDTH="172" VPOS="2067" HPOS="350"/>
</TextLine>
<TextLine HEIGHT="51" WIDTH="740" VPOS="2134" HPOS="199" CS="1">
<String CONTENT="4" HEIGHT="37" WIDTH="28" VPOS="2138" HPOS="199"/>
<SP HEIGHT="46" WIDTH="30" VPOS="2138" HPOS="228"/>
<String LANG="la" CONTENT="p." HEIGHT="37" WIDTH="41" VPOS="2147" HPOS="259"/>
<SP/>
<String LANG="la" CS="1" CONTENT="l."/>
<String CONTENT="," HEIGHT="16" WIDTH="8" VPOS="2168" HPOS="369"/>
<SP HEIGHT="46" WIDTH="29" VPOS="2138" HPOS="378"/>
<String CONTENT="11-315," HEIGHT="47" WIDTH="186" VPOS="2135" HPOS="408"/>
<SP HEIGHT="30" WIDTH="35" VPOS="2155" HPOS="595"/>
<String CONTENT="[1]" HEIGHT="48" WIDTH="55" VPOS="2137" HPOS="631"/>
<SP HEIGHT="39" WIDTH="33" VPOS="2146" HPOS="687"/>
<String CONTENT="p." HEIGHT="37" WIDTH="41" VPOS="2146" HPOS="721"/>
<SP HEIGHT="39" WIDTH="59" VPOS="2137" HPOS="763"/>
<String CONTENT="19" HEIGHT="41" WIDTH="56" VPOS="2134" HPOS="823"/>
<String STYLE="superscript" CONTENT="cm" HEIGHT="21" WIDTH="43" VPOS="2136" HPOS="882"/>
<String CONTENT="." HEIGHT="8" WIDTH="8" VPOS="2167" HPOS="931"/>
</TextLine>
<TextLine HEIGHT="109" WIDTH="1983" VPOS="2203" HPOS="135" CS="1">
<String CONTENT="&#169;" HEIGHT="52" WIDTH="51" VPOS="2203" HPOS="135"/>
<SP/>
<String CS="1" CONTENT="1c."/>
<SP HEIGHT="38" WIDTH="24" VPOS="2208" HPOS="277"/>
<String CONTENT="Dec." HEIGHT="40" WIDTH="113" VPOS="2208" HPOS="302"/>
<SP HEIGHT="40" WIDTH="22" VPOS="2208" HPOS="416"/>
<String CONTENT="15," HEIGHT="47" WIDTH="68" VPOS="2207" HPOS="439"/>
<SP HEIGHT="46" WIDTH="24" VPOS="2208" HPOS="508"/>
<String CONTENT="1933" HEIGHT="40" WIDTH="112" VPOS="2206" HPOS="533"/>
<SP HEIGHT="45" WIDTH="18" VPOS="2207" HPOS="646"/>
<String CONTENT=";" HEIGHT="36" WIDTH="7" VPOS="2216" HPOS="665"/>
<SP HEIGHT="46" WIDTH="26" VPOS="2206" HPOS="673"/>
<!-- cceid 4ACEEE10-6CF9-1014-A6CF-A82867D68027 --><String CONTENT="A" HEIGHT="38" WIDTH="41" VPOS="2206" HPOS="700"/>
<SP HEIGHT="38" WIDTH="23" VPOS="2206" HPOS="742"/>
<String CONTENT="ad" HEIGHT="39" WIDTH="62" VPOS="2206" HPOS="766"/>
<SP HEIGHT="40" WIDTH="22" VPOS="2205" HPOS="829"/>
<String CONTENT="int." HEIGHT="41" WIDTH="87" VPOS="2205" HPOS="852"/>
<SP HEIGHT="40" WIDTH="24" VPOS="2206" HPOS="940"/>
<String CONTENT="18474;" HEIGHT="46" WIDTH="171" VPOS="2205" HPOS="965"/>
<SP HEIGHT="37" WIDTH="27" VPOS="2215" HPOS="1137"/>
<String CONTENT="pubd." HEIGHT="47" WIDTH="141" VPOS="2205" HPOS="1165"/>
<SP HEIGHT="40" WIDTH="28" VPOS="2204" HPOS="1307"/>
<String CONTENT="Oct." HEIGHT="40" WIDTH="101" VPOS="2204" HPOS="1336"/>
<SP HEIGHT="38" WIDTH="25" VPOS="2206" HPOS="1438"/>
<String CONTENT="17;" HEIGHT="46" WIDTH="82" VPOS="2205" HPOS="1464"/>
<SP HEIGHT="46" WIDTH="27" VPOS="2205" HPOS="1547"/>
<String LANG="la" CONTENT="P." HEIGHT="38" WIDTH="50" VPOS="2205" HPOS="1575"/>
<SP HEIGHT="38" WIDTH="26" VPOS="2205" HPOS="1626"/>
<String CONTENT="A." HEIGHT="40" WIDTH="54" VPOS="2205" HPOS="1653"/>
<SP HEIGHT="41" WIDTH="27" VPOS="2204" HPOS="1708"/>
<String CONTENT="G." HEIGHT="40" WIDTH="51" VPOS="2204" HPOS="1736"/>
<SP HEIGHT="40" WIDTH="27" VPOS="2205" HPOS="1788"/>
<String CONTENT="Child," HEIGHT="46" WIDTH="156" VPOS="2205" HPOS="1816"/>
<SP HEIGHT="46" WIDTH="26" VPOS="2205" HPOS="1973"/>
<String CONTENT="Cambridge," HEIGHT="107" WIDTH="1916" VPOS="2205" HPOS="202"/>
<SP HEIGHT="46" WIDTH="27" VPOS="2265" HPOS="382"/>
<String CONTENT="Mass." HEIGHT="38" WIDTH="147" VPOS="2265" HPOS="410"/>
<SP HEIGHT="47" WIDTH="69" VPOS="2264" HPOS="558"/>
<String CONTENT="(34-182)" HEIGHT="49" WIDTH="220" VPOS="2262" HPOS="628"/>
</TextLine>
<TextLine HEIGHT="69" WIDTH="1268" VPOS="2375" HPOS="136" STYLEREFS="StyleId-0E0265CC-9DD3-4507-9830-1D3B988C7BEE-">
<String CONTENT="Courths," HEIGHT="69" WIDTH="276" VPOS="2375" HPOS="136"/>
<SP HEIGHT="63" WIDTH="26" VPOS="2381" HPOS="413"/>
<String CONTENT="Frau" HEIGHT="51" WIDTH="159" VPOS="2381" HPOS="440"/>
<SP HEIGHT="53" WIDTH="21" VPOS="2379" HPOS="600"/>
<String CONTENT="Hedwig" HEIGHT="65" WIDTH="251" VPOS="2376" HPOS="622"/>
<SP HEIGHT="64" WIDTH="29" VPOS="2378" HPOS="874"/>
<String CONTENT="(Mahler)" HEIGHT="65" WIDTH="291" VPOS="2377" HPOS="904"/>
<SP HEIGHT="64" WIDTH="35" VPOS="2378" HPOS="1196"/>
<String CONTENT="1867-" HEIGHT="53" WIDTH="172" VPOS="2378" HPOS="1232"/>
</TextLine>
<TextLine HEIGHT="148" WIDTH="1972" VPOS="2457" HPOS="133" STYLEREFS="StyleId-0E0265CC-9DD3-4507-9830-1D3B988C7BEE-" CS="1">
<String CONTENT="Es" HEIGHT="53" WIDTH="79" VPOS="2458" HPOS="204"/>
<SP HEIGHT="52" WIDTH="32" VPOS="2459" HPOS="284"/>
<String CONTENT="irrt" HEIGHT="51" WIDTH="110" VPOS="2459" HPOS="317"/>
<SP HEIGHT="51" WIDTH="33" VPOS="2459" HPOS="428"/>
<String CONTENT="der" HEIGHT="51" WIDTH="99" VPOS="2459" HPOS="462"/>
<SP HEIGHT="35" WIDTH="31" VPOS="2475" HPOS="562"/>
<String CONTENT="mensch," HEIGHT="63" WIDTH="246" VPOS="2459" HPOS="594"/>
<SP HEIGHT="45" WIDTH="33" VPOS="2477" HPOS="841"/>
<String CONTENT="roman" HEIGHT="34" WIDTH="198" VPOS="2475" HPOS="875"/>
<SP HEIGHT="33" WIDTH="34" VPOS="2476" HPOS="1074"/>
<String CONTENT="von" HEIGHT="34" WIDTH="109" VPOS="2475" HPOS="1109"/>
<SP HEIGHT="51" WIDTH="34" VPOS="2458" HPOS="1219"/>
<String CONTENT="H." HEIGHT="52" WIDTH="76" VPOS="2458" HPOS="1254"/>
<SP HEIGHT="54" WIDTH="37" VPOS="2457" HPOS="1331"/>
<String CONTENT="Courths-Mahler." HEIGHT="54" WIDTH="517" VPOS="2457" HPOS="1369"/>
<SP HEIGHT="50" WIDTH="74" VPOS="2458" HPOS="1887"/>
<String CONTENT="Leipzig," HEIGHT="148" WIDTH="1972" VPOS="2457" HPOS="133"/>
<SP HEIGHT="67" WIDTH="26" VPOS="2537" HPOS="243"/>
<String CONTENT="F." HEIGHT="53" WIDTH="64" VPOS="2537" HPOS="270"/>
<SP HEIGHT="53" WIDTH="30" VPOS="2537" HPOS="335"/>
<String CONTENT="Rothbarth" HEIGHT="52" WIDTH="328" VPOS="2536" HPOS="366"/>
<SP HEIGHT="66" WIDTH="34" VPOS="2537" HPOS="695"/>
<String CONTENT="[" HEIGHT="33" WIDTH="12" VPOS="2570" HPOS="730"/>
<String STYLE="superscript" CONTENT="c" HEIGHT="21" WIDTH="18" VPOS="2542" HPOS="747"/>
<String CONTENT="1933]" HEIGHT="63" WIDTH="151" VPOS="2540" HPOS="770"/>
</TextLine>
<TextLine HEIGHT="49" WIDTH="360" VPOS="2609" HPOS="208" CS="1">
<String CONTENT="192" HEIGHT="40" WIDTH="84" VPOS="2609" HPOS="208"/>
<SP HEIGHT="48" WIDTH="25" VPOS="2610" HPOS="293"/>
<String CONTENT="p." HEIGHT="37" WIDTH="43" VPOS="2621" HPOS="319"/>
<SP HEIGHT="41" WIDTH="58" VPOS="2609" HPOS="363"/>
<String CS="1" CONTENT="18&#189;c"/>
<String STYLE="superscript" CONTENT="m" HEIGHT="20" WIDTH="28" VPOS="2612" HPOS="527"/>
<String CONTENT="." HEIGHT="8" WIDTH="8" VPOS="2642" HPOS="560"/>
</TextLine>
<TextLine HEIGHT="51" WIDTH="2002" VPOS="2677" HPOS="136" CS="1">
<String CONTENT="&#169;" HEIGHT="51" WIDTH="51" VPOS="2677" HPOS="136"/>
<SP HEIGHT="51" WIDTH="31" VPOS="2677" HPOS="188"/>
<String CONTENT="June" HEIGHT="39" WIDTH="126" VPOS="2681" HPOS="220"/>
<SP HEIGHT="38" WIDTH="29" VPOS="2682" HPOS="347"/>
<String CONTENT="10," HEIGHT="47" WIDTH="68" VPOS="2680" HPOS="377"/>
<SP HEIGHT="45" WIDTH="30" VPOS="2682" HPOS="446"/>
<String CONTENT="1933;" HEIGHT="46" WIDTH="140" VPOS="2680" HPOS="477"/>
<SP/>
<String CS="1" CONTENT="1c."/>
<SP HEIGHT="40" WIDTH="33" VPOS="2680" HPOS="720"/>
<String CONTENT="Oct." HEIGHT="40" WIDTH="99" VPOS="2680" HPOS="754"/>
<SP HEIGHT="37" WIDTH="33" VPOS="2682" HPOS="854"/>
<String CONTENT="17;" HEIGHT="46" WIDTH="81" VPOS="2681" HPOS="888"/>
<SP HEIGHT="46" WIDTH="34" VPOS="2681" HPOS="970"/>
<!-- cceid 4ACF04BB-6CF9-1014-A6CF-A82867D68027 --><String CONTENT="A-Foreign" HEIGHT="48" WIDTH="311" VPOS="2679" HPOS="1005"/>
<SP HEIGHT="38" WIDTH="30" VPOS="2680" HPOS="1317"/>
<String CONTENT="22450;" HEIGHT="47" WIDTH="172" VPOS="2679" HPOS="1348"/>
<SP HEIGHT="46" WIDTH="35" VPOS="2680" HPOS="1521"/>
<String CONTENT="Friedrich" HEIGHT="40" WIDTH="254" VPOS="2679" HPOS="1557"/>
<SP HEIGHT="38" WIDTH="32" VPOS="2680" HPOS="1812"/>
<String CONTENT="Rothbarth." HEIGHT="40" WIDTH="293" VPOS="2679" HPOS="1845"/>
</TextLine>
<TextLine HEIGHT="49" WIDTH="279" VPOS="2737" HPOS="216">
<String CONTENT="(33-39300)" HEIGHT="49" WIDTH="279" VPOS="2737" HPOS="216"/>
</TextLine>
<TextLine HEIGHT="70" WIDTH="1735" VPOS="2854" HPOS="137" STYLEREFS="StyleId-22CE9A5D-FAD6-4233-9E40-7C8911DBE8E1-">
<String CONTENT="Daughters" HEIGHT="63" WIDTH="346" VPOS="2855" HPOS="137"/>
<SP HEIGHT="37" WIDTH="23" VPOS="2871" HPOS="484"/>
<String CONTENT="of" HEIGHT="52" WIDTH="63" VPOS="2855" HPOS="508"/>
<SP HEIGHT="52" WIDTH="27" VPOS="2855" HPOS="572"/>
<String CONTENT="the" HEIGHT="53" WIDTH="103" VPOS="2855" HPOS="600"/>
<SP HEIGHT="53" WIDTH="27" VPOS="2855" HPOS="704"/>
<String CONTENT="American" HEIGHT="54" WIDTH="317" VPOS="2854" HPOS="732"/>
<SP HEIGHT="35" WIDTH="27" VPOS="2872" HPOS="1050"/>
<String CONTENT="revolution." HEIGHT="53" WIDTH="352" VPOS="2854" HPOS="1078"/>
<SP HEIGHT="50" WIDTH="72" VPOS="2858" HPOS="1431"/>
<String CONTENT="Mississippi." HEIGHT="68" WIDTH="368" VPOS="2856" HPOS="1504"/>
</TextLine>
<TextLine HEIGHT="132" WIDTH="1978" VPOS="2930" HPOS="137" STYLEREFS="StyleId-0E0265CC-9DD3-4507-9830-1D3B988C7BEE-" CS="1">
<String CONTENT="Historical" HEIGHT="54" WIDTH="315" VPOS="2930" HPOS="211"/>
<SP HEIGHT="52" WIDTH="28" VPOS="2932" HPOS="527"/>
<String CONTENT="directory" HEIGHT="67" WIDTH="286" VPOS="2932" HPOS="556"/>
<SP HEIGHT="48" WIDTH="25" VPOS="2951" HPOS="843"/>
<String CONTENT="of" HEIGHT="53" WIDTH="64" VPOS="2932" HPOS="869"/>
<SP HEIGHT="52" WIDTH="23" VPOS="2932" HPOS="934"/>
<String CONTENT="the" HEIGHT="52" WIDTH="95" VPOS="2932" HPOS="958"/>
<SP HEIGHT="52" WIDTH="25" VPOS="2932" HPOS="1054"/>
<String CONTENT="Daughters" HEIGHT="67" WIDTH="329" VPOS="2932" HPOS="1080"/>
<SP HEIGHT="34" WIDTH="26" VPOS="2951" HPOS="1410"/>
<String CONTENT="of" HEIGHT="53" WIDTH="63" VPOS="2932" HPOS="1437"/>
<SP HEIGHT="53" WIDTH="22" VPOS="2932" HPOS="1501"/>
<String CONTENT="the" HEIGHT="52" WIDTH="96" VPOS="2933" HPOS="1524"/>
<SP HEIGHT="51" WIDTH="24" VPOS="2933" HPOS="1621"/>
<String CONTENT="American" HEIGHT="52" WIDTH="309" VPOS="2932" HPOS="1646"/>
<SP HEIGHT="33" WIDTH="25" VPOS="2951" HPOS="1956"/>
<String CONTENT="revolution" HEIGHT="111" WIDTH="1978" VPOS="2951" HPOS="137"/>
</TextLine>
<TextLine HEIGHT="69" WIDTH="1772" VPOS="3010" HPOS="361" STYLEREFS="StyleId-0E0265CC-9DD3-4507-9830-1D3B988C7BEE-" CS="1">
<String CONTENT="in" HEIGHT="52" WIDTH="61" VPOS="3010" HPOS="361"/>
<SP HEIGHT="52" WIDTH="38" VPOS="3010" HPOS="423"/>
<String CONTENT="Mississippi" HEIGHT="68" WIDTH="351" VPOS="3010" HPOS="462"/>
<SP HEIGHT="52" WIDTH="45" VPOS="3010" HPOS="814"/>
<String CS="1" CONTENT="&#8230;"/>
<SP HEIGHT="47" WIDTH="46" VPOS="3014" HPOS="917"/>
<String CONTENT="1932/33." HEIGHT="63" WIDTH="257" VPOS="3013" HPOS="964"/>
<SP HEIGHT="51" WIDTH="72" VPOS="3012" HPOS="1222"/>
<String CONTENT="Macon," HEIGHT="67" WIDTH="225" VPOS="3012" HPOS="1295"/>
<SP HEIGHT="67" WIDTH="40" VPOS="3012" HPOS="1521"/>
<String CONTENT="Ga.," HEIGHT="67" WIDTH="123" VPOS="3012" HPOS="1562"/>
<SP HEIGHT="65" WIDTH="40" VPOS="3014" HPOS="1686"/>
<String CONTENT="Press" HEIGHT="50" WIDTH="167" VPOS="3014" HPOS="1727"/>
<SP HEIGHT="35" WIDTH="39" VPOS="3029" HPOS="1895"/>
<String CONTENT="of" HEIGHT="53" WIDTH="65" VPOS="3010" HPOS="1935"/>
<SP HEIGHT="53" WIDTH="36" VPOS="3010" HPOS="2001"/>
<String CONTENT="the" HEIGHT="52" WIDTH="95" VPOS="3011" HPOS="2038"/>
</TextLine>
<TextLine HEIGHT="69" WIDTH="902" VPOS="3088" HPOS="140" STYLEREFS="StyleId-0E0265CC-9DD3-4507-9830-1D3B988C7BEE-">
<String CONTENT="J." HEIGHT="52" WIDTH="54" VPOS="3091" HPOS="140"/>
<SP HEIGHT="52" WIDTH="25" VPOS="3090" HPOS="195"/>
<String CONTENT="W." HEIGHT="52" WIDTH="91" VPOS="3090" HPOS="221"/>
<SP HEIGHT="50" WIDTH="28" VPOS="3091" HPOS="313"/>
<String CONTENT="Burke" HEIGHT="55" WIDTH="192" VPOS="3088" HPOS="342"/>
<SP HEIGHT="34" WIDTH="28" VPOS="3109" HPOS="535"/>
<String CONTENT="company," HEIGHT="52" WIDTH="298" VPOS="3105" HPOS="564"/>
<SP HEIGHT="64" WIDTH="29" VPOS="3092" HPOS="863"/>
<String CONTENT="1933." HEIGHT="49" WIDTH="149" VPOS="3092" HPOS="893"/>
</TextLine>
<TextLine HEIGHT="49" WIDTH="361" VPOS="3175" HPOS="207" CS="1">
<String CONTENT="156" HEIGHT="41" WIDTH="83" VPOS="3175" HPOS="207"/>
<SP HEIGHT="37" WIDTH="25" VPOS="3187" HPOS="295"/>
<String CONTENT="p." HEIGHT="37" WIDTH="43" VPOS="3187" HPOS="321"/>
<SP HEIGHT="41" WIDTH="57" VPOS="3175" HPOS="365"/>
<String CS="1" CONTENT="23&#189;" HEIGHT="41" WIDTH="54" VPOS="3175" HPOS="423"/>
<String STYLE="superscript" CONTENT="cm" HEIGHT="20" WIDTH="44" VPOS="3178" HPOS="511"/>
<String CONTENT="." HEIGHT="8" WIDTH="8" VPOS="3207" HPOS="560"/>
</TextLine>
<TextLine HEIGHT="110" WIDTH="1978" VPOS="3244" HPOS="145" CS="1">
<String CONTENT="&#8220;Published" HEIGHT="42" WIDTH="290" VPOS="3244" HPOS="216"/>
<SP HEIGHT="40" WIDTH="25" VPOS="3246" HPOS="507"/>
<String CONTENT="by" HEIGHT="48" WIDTH="63" VPOS="3246" HPOS="533"/>
<SP HEIGHT="48" WIDTH="25" VPOS="3246" HPOS="597"/>
<String CONTENT="Horseshoe" HEIGHT="42" WIDTH="276" VPOS="3246" HPOS="623"/>
<SP HEIGHT="40" WIDTH="27" VPOS="3248" HPOS="900"/>
<String CONTENT="Robertson" HEIGHT="41" WIDTH="272" VPOS="3247" HPOS="928"/>
<SP HEIGHT="29" WIDTH="28" VPOS="3259" HPOS="1201"/>
<String CONTENT="chapter," HEIGHT="48" WIDTH="215" VPOS="3249" HPOS="1230"/>
<SP HEIGHT="46" WIDTH="28" VPOS="3249" HPOS="1446"/>
<String CONTENT="Daughters" HEIGHT="48" WIDTH="279" VPOS="3249" HPOS="1475"/>
<SP HEIGHT="29" WIDTH="30" VPOS="3260" HPOS="1755"/>
<String CONTENT="of" HEIGHT="42" WIDTH="51" VPOS="3247" HPOS="1786"/>
<SP HEIGHT="41" WIDTH="28" VPOS="3247" HPOS="1838"/>
<String CONTENT="the" HEIGHT="41" WIDTH="80" VPOS="3249" HPOS="1867"/>
<SP HEIGHT="41" WIDTH="30" VPOS="3249" HPOS="1948"/>
<String CONTENT="American" HEIGHT="92" WIDTH="1978" VPOS="3249" HPOS="145"/>
<SP HEIGHT="27" WIDTH="28" VPOS="3314" HPOS="253"/>
<String CONTENT="revolution," HEIGHT="48" WIDTH="286" VPOS="3302" HPOS="282"/>
<SP HEIGHT="45" WIDTH="31" VPOS="3305" HPOS="569"/>
<String CONTENT="West" HEIGHT="39" WIDTH="133" VPOS="3305" HPOS="601"/>
<SP HEIGHT="41" WIDTH="27" VPOS="3303" HPOS="735"/>
<String CONTENT="Point," HEIGHT="49" WIDTH="156" VPOS="3303" HPOS="763"/>
<SP HEIGHT="48" WIDTH="28" VPOS="3304" HPOS="920"/>
<String CONTENT="Mississippi.&#8221;" HEIGHT="50" WIDTH="339" VPOS="3304" HPOS="949"/>
</TextLine>
<TextLine HEIGHT="64" WIDTH="960" VPOS="3344" HPOS="138">
<String CONTENT="Compiler:" HEIGHT="47" WIDTH="266" VPOS="3361" HPOS="138"/>
<SP HEIGHT="38" WIDTH="30" VPOS="3362" HPOS="405"/>
<String CONTENT="1932/33," HEIGHT="64" WIDTH="215" VPOS="3344" HPOS="436"/>
<SP HEIGHT="46" WIDTH="29" VPOS="3361" HPOS="652"/>
<String CONTENT="Allie" HEIGHT="41" WIDTH="129" VPOS="3361" HPOS="682"/>
<SP HEIGHT="39" WIDTH="25" VPOS="3363" HPOS="812"/>
<String CONTENT="E." HEIGHT="38" WIDTH="53" VPOS="3363" HPOS="838"/>
<SP HEIGHT="38" WIDTH="30" VPOS="3363" HPOS="892"/>
<String CONTENT="Miller." HEIGHT="41" WIDTH="175" VPOS="3361" HPOS="923"/>
</TextLine>
<TextLine HEIGHT="53" WIDTH="1998" VPOS="3425" HPOS="145">
<String CONTENT="&#169;" HEIGHT="51" WIDTH="49" VPOS="3425" HPOS="145"/>
<SP HEIGHT="51" WIDTH="30" VPOS="3425" HPOS="195"/>
<String CONTENT="Oct." HEIGHT="40" WIDTH="101" VPOS="3430" HPOS="226"/>
<SP HEIGHT="39" WIDTH="26" VPOS="3431" HPOS="328"/>
<String CONTENT="11," HEIGHT="46" WIDTH="68" VPOS="3431" HPOS="355"/>
<SP HEIGHT="46" WIDTH="27" VPOS="3431" HPOS="424"/>
<String CONTENT="1933;" HEIGHT="47" WIDTH="140" VPOS="3430" HPOS="452"/>
<SP HEIGHT="45" WIDTH="29" VPOS="3432" HPOS="593"/>
<String CONTENT="2c." HEIGHT="38" WIDTH="67" VPOS="3432" HPOS="623"/>
<SP HEIGHT="39" WIDTH="25" VPOS="3431" HPOS="691"/>
<String CONTENT="Nov." HEIGHT="39" WIDTH="117" VPOS="3431" HPOS="717"/>
<SP HEIGHT="38" WIDTH="28" VPOS="3432" HPOS="835"/>
<String CONTENT="3" HEIGHT="38" WIDTH="25" VPOS="3432" HPOS="864"/>
<SP HEIGHT="44" WIDTH="18" VPOS="3432" HPOS="890"/>
<String CONTENT=";" HEIGHT="35" WIDTH="7" VPOS="3441" HPOS="909"/>
<SP HEIGHT="35" WIDTH="30" VPOS="3441" HPOS="917"/>
<String CONTENT="aff." HEIGHT="41" WIDTH="82" VPOS="3430" HPOS="948"/>
<SP HEIGHT="38" WIDTH="28" VPOS="3432" HPOS="1031"/>
<String CONTENT="Nov." HEIGHT="38" WIDTH="118" VPOS="3432" HPOS="1060"/>
<SP HEIGHT="38" WIDTH="28" VPOS="3432" HPOS="1179"/>
<String CONTENT="4;" HEIGHT="46" WIDTH="53" VPOS="3432" HPOS="1208"/>
<SP HEIGHT="46" WIDTH="31" VPOS="3432" HPOS="1262"/>
<!-- cceid 4ACF1ADC-6CF9-1014-A6CF-A82867D68027 --><String CONTENT="A" HEIGHT="38" WIDTH="41" VPOS="3432" HPOS="1294"/>
<SP HEIGHT="39" WIDTH="25" VPOS="3432" HPOS="1336"/>
<String CONTENT="68235;" HEIGHT="47" WIDTH="170" VPOS="3431" HPOS="1362"/>
<SP HEIGHT="45" WIDTH="31" VPOS="3433" HPOS="1533"/>
<String CONTENT="Horseshoe" HEIGHT="39" WIDTH="276" VPOS="3433" HPOS="1565"/>
<SP HEIGHT="38" WIDTH="29" VPOS="3433" HPOS="1842"/>
<String CONTENT="Robertson" HEIGHT="39" WIDTH="271" VPOS="3433" HPOS="1872"/>
</TextLine>
<TextLine HEIGHT="49" WIDTH="1329" VPOS="3487" HPOS="209">
<String CONTENT="chapter," HEIGHT="47" WIDTH="212" VPOS="3487" HPOS="209"/>
<SP HEIGHT="46" WIDTH="25" VPOS="3488" HPOS="422"/>
<String CONTENT="D." HEIGHT="38" WIDTH="56" VPOS="3488" HPOS="448"/>
<SP HEIGHT="39" WIDTH="25" VPOS="3487" HPOS="505"/>
<String CONTENT="A." HEIGHT="41" WIDTH="54" VPOS="3487" HPOS="531"/>
<SP HEIGHT="41" WIDTH="25" VPOS="3487" HPOS="586"/>
<String CONTENT="R.," HEIGHT="47" WIDTH="69" VPOS="3487" HPOS="612"/>
<SP HEIGHT="47" WIDTH="25" VPOS="3487" HPOS="682"/>
<String CONTENT="West" HEIGHT="40" WIDTH="135" VPOS="3487" HPOS="708"/>
<SP HEIGHT="39" WIDTH="24" VPOS="3488" HPOS="844"/>
<String CONTENT="Point," HEIGHT="47" WIDTH="155" VPOS="3487" HPOS="869"/>
<SP HEIGHT="45" WIDTH="28" VPOS="3489" HPOS="1025"/>
<String CONTENT="Miss." HEIGHT="40" WIDTH="133" VPOS="3487" HPOS="1054"/>
<SP HEIGHT="47" WIDTH="70" VPOS="3489" HPOS="1188"/>
<String CONTENT="(33-38692)" HEIGHT="48" WIDTH="279" VPOS="3488" HPOS="1259"/>
</TextLine>
<TextLine HEIGHT="67" WIDTH="925" VPOS="3601" HPOS="145" STYLEREFS="StyleId-22CE9A5D-FAD6-4233-9E40-7C8911DBE8E1-">
<String CONTENT="De" HEIGHT="53" WIDTH="84" VPOS="3601" HPOS="145"/>
<SP HEIGHT="53" WIDTH="24" VPOS="3603" HPOS="230"/>
<String CONTENT="Jong," HEIGHT="64" WIDTH="171" VPOS="3603" HPOS="255"/>
<SP HEIGHT="63" WIDTH="27" VPOS="3604" HPOS="427"/>
<String CONTENT="Ymen" HEIGHT="53" WIDTH="188" VPOS="3604" HPOS="455"/>
<SP HEIGHT="51" WIDTH="27" VPOS="3605" HPOS="644"/>
<String CONTENT="Peter," HEIGHT="63" WIDTH="194" VPOS="3605" HPOS="672"/>
<SP HEIGHT="61" WIDTH="32" VPOS="3607" HPOS="867"/>
<String CONTENT="1876-" HEIGHT="54" WIDTH="170" VPOS="3603" HPOS="900"/>
</TextLine>
<TextLine HEIGHT="71" WIDTH="1927" VPOS="3681" HPOS="210" STYLEREFS="StyleId-0E0265CC-9DD3-4507-9830-1D3B988C7BEE-">
<String CONTENT="The" HEIGHT="52" WIDTH="121" VPOS="3681" HPOS="210"/>
<SP HEIGHT="55" WIDTH="27" VPOS="3681" HPOS="332"/>
<String CONTENT="Compendium" HEIGHT="68" WIDTH="416" VPOS="3681" HPOS="360"/>
<SP HEIGHT="33" WIDTH="28" VPOS="3702" HPOS="777"/>
<String CONTENT="studied" HEIGHT="52" WIDTH="225" VPOS="3683" HPOS="806"/>
<SP HEIGHT="53" WIDTH="27" VPOS="3682" HPOS="1032"/>
<String CONTENT="in" HEIGHT="53" WIDTH="62" VPOS="3682" HPOS="1060"/>
<SP HEIGHT="46" WIDTH="25" VPOS="3689" HPOS="1123"/>
<String CONTENT="the" HEIGHT="52" WIDTH="94" VPOS="3683" HPOS="1149"/>
<SP HEIGHT="51" WIDTH="25" VPOS="3685" HPOS="1244"/>
<String CONTENT="light" HEIGHT="69" WIDTH="152" VPOS="3682" HPOS="1270"/>
<SP HEIGHT="46" WIDTH="27" VPOS="3690" HPOS="1423"/>
<String CONTENT="of" HEIGHT="53" WIDTH="63" VPOS="3683" HPOS="1451"/>
<SP HEIGHT="54" WIDTH="25" VPOS="3683" HPOS="1515"/>
<String CONTENT="the" HEIGHT="52" WIDTH="98" VPOS="3685" HPOS="1541"/>
<SP HEIGHT="55" WIDTH="28" VPOS="3685" HPOS="1640"/>
<String CONTENT="Scriptures" HEIGHT="68" WIDTH="325" VPOS="3684" HPOS="1669"/>
<SP HEIGHT="34" WIDTH="29" VPOS="3704" HPOS="1995"/>
<String CONTENT="and" HEIGHT="52" WIDTH="112" VPOS="3686" HPOS="2025"/>
</TextLine>
<TextLine HEIGHT="73" WIDTH="1997" VPOS="3758" HPOS="142" STYLEREFS="StyleId-0E0265CC-9DD3-4507-9830-1D3B988C7BEE-">
<String CONTENT="the" HEIGHT="53" WIDTH="94" VPOS="3758" HPOS="142"/>
<SP HEIGHT="52" WIDTH="24" VPOS="3760" HPOS="237"/>
<String CONTENT="Reformed" HEIGHT="54" WIDTH="310" VPOS="3759" HPOS="262"/>
<SP HEIGHT="51" WIDTH="23" VPOS="3762" HPOS="573"/>
<String CONTENT="standards." HEIGHT="51" WIDTH="320" VPOS="3762" HPOS="597"/>
<SP HEIGHT="47" WIDTH="75" VPOS="3768" HPOS="918"/>
<String CONTENT="3d" HEIGHT="53" WIDTH="71" VPOS="3762" HPOS="994"/>
<SP HEIGHT="53" WIDTH="22" VPOS="3762" HPOS="1066"/>
<String CONTENT="enl." HEIGHT="53" WIDTH="107" VPOS="3762" HPOS="1089"/>
<SP HEIGHT="35" WIDTH="25" VPOS="3780" HPOS="1197"/>
<String CONTENT="ed." HEIGHT="51" WIDTH="84" VPOS="3763" HPOS="1223"/>
<SP HEIGHT="49" WIDTH="75" VPOS="3765" HPOS="1308"/>
<String CONTENT="By" HEIGHT="65" WIDTH="90" VPOS="3765" HPOS="1384"/>
<SP HEIGHT="65" WIDTH="23" VPOS="3765" HPOS="1475"/>
<String CONTENT="Rev." HEIGHT="51" WIDTH="137" VPOS="3765" HPOS="1499"/>
<SP HEIGHT="51" WIDTH="26" VPOS="3765" HPOS="1637"/>
<String CONTENT="Y." HEIGHT="51" WIDTH="70" VPOS="3765" HPOS="1664"/>
<SP HEIGHT="50" WIDTH="26" VPOS="3766" HPOS="1735"/>
<String CONTENT="P." HEIGHT="50" WIDTH="65" VPOS="3766" HPOS="1762"/>
<SP HEIGHT="51" WIDTH="25" VPOS="3765" HPOS="1828"/>
<String CONTENT="De" HEIGHT="51" WIDTH="86" VPOS="3765" HPOS="1854"/>
<SP HEIGHT="54" WIDTH="24" VPOS="3765" HPOS="1941"/>
<String CONTENT="Jong," HEIGHT="66" WIDTH="173" VPOS="3765" HPOS="1966"/>
</TextLine>
<TextLine HEIGHT="69" WIDTH="1054" VPOS="3836" HPOS="180" STYLEREFS="StyleId-0E0265CC-9DD3-4507-9830-1D3B988C7BEE-" CS="1">
<String CS="1" CONTENT="D." HEIGHT="9" WIDTH="9" VPOS="3879" HPOS="180"/>
<SP HEIGHT="33" WIDTH="27" VPOS="3855" HPOS="190"/>
<String CS="1" CONTENT="D." HEIGHT="9" WIDTH="9" VPOS="3878" HPOS="256"/>
<SP HEIGHT="55" WIDTH="75" VPOS="3836" HPOS="266"/>
<String CONTENT="Grand" HEIGHT="55" WIDTH="199" VPOS="3836" HPOS="342"/>
<SP HEIGHT="52" WIDTH="28" VPOS="3839" HPOS="542"/>
<String CONTENT="Rapids," HEIGHT="67" WIDTH="238" VPOS="3838" HPOS="571"/>
<SP HEIGHT="59" WIDTH="28" VPOS="3840" HPOS="810"/>
<String CONTENT="Mich.," HEIGHT="64" WIDTH="192" VPOS="3839" HPOS="839"/>
<SP HEIGHT="58" WIDTH="28" VPOS="3845" HPOS="1032"/>
<String STYLE="superscript" CONTENT="c" HEIGHT="21" WIDTH="18" VPOS="3845" HPOS="1061"/>
<String CONTENT="1933." HEIGHT="49" WIDTH="151" VPOS="3844" HPOS="1083"/>
</TextLine>
<TextLine HEIGHT="47" WIDTH="302" VPOS="3909" HPOS="217">
<String CONTENT="45" HEIGHT="39" WIDTH="57" VPOS="3909" HPOS="217"/>
<SP HEIGHT="47" WIDTH="25" VPOS="3909" HPOS="275"/>
<String CONTENT="p." HEIGHT="37" WIDTH="43" VPOS="3919" HPOS="301"/>
<SP HEIGHT="41" WIDTH="57" VPOS="3909" HPOS="345"/>
<String CONTENT="20" HEIGHT="40" WIDTH="57" VPOS="3909" HPOS="403"/>
<String STYLE="superscript" CONTENT="cm" HEIGHT="21" WIDTH="42" VPOS="3912" HPOS="463"/>
<String CONTENT="." HEIGHT="7" WIDTH="7" VPOS="3942" HPOS="512"/>
</TextLine>
<TextLine HEIGHT="58" WIDTH="1997" VPOS="3974" HPOS="149" CS="1">
<String CONTENT="&#169;" HEIGHT="51" WIDTH="50" VPOS="3974" HPOS="149"/>
<SP HEIGHT="51" WIDTH="31" VPOS="3974" HPOS="200"/>
<String CONTENT="Sept." HEIGHT="47" WIDTH="125" VPOS="3980" HPOS="232"/>
<SP HEIGHT="37" WIDTH="29" VPOS="3982" HPOS="358"/>
<String CONTENT="18," HEIGHT="40" WIDTH="67" VPOS="3981" HPOS="388"/>
<SP HEIGHT="38" WIDTH="29" VPOS="3983" HPOS="456"/>
<String CONTENT="1933;" HEIGHT="48" WIDTH="140" VPOS="3980" HPOS="486"/>
<SP HEIGHT="45" WIDTH="30" VPOS="3983" HPOS="627"/>
<String CONTENT="2c." HEIGHT="39" WIDTH="66" VPOS="3983" HPOS="658"/>
<SP HEIGHT="29" WIDTH="28" VPOS="3993" HPOS="725"/>
<String CONTENT="and" HEIGHT="38" WIDTH="95" VPOS="3984" HPOS="754"/>
<SP HEIGHT="38" WIDTH="28" VPOS="3984" HPOS="850"/>
<String CONTENT="aff." HEIGHT="40" WIDTH="80" VPOS="3982" HPOS="879"/>
<SP HEIGHT="40" WIDTH="34" VPOS="3983" HPOS="960"/>
<String CONTENT="Sept." HEIGHT="48" WIDTH="128" VPOS="3983" HPOS="995"/>
<SP HEIGHT="38" WIDTH="28" VPOS="3985" HPOS="1124"/>
<String CONTENT="28:" HEIGHT="41" WIDTH="82" VPOS="3983" HPOS="1153"/>
<SP HEIGHT="40" WIDTH="32" VPOS="3984" HPOS="1236"/>
<!-- cceid 4ACF2FB4-6CF9-1014-A6CF-A82867D68027 --><String CONTENT="A" HEIGHT="38" WIDTH="41" VPOS="3984" HPOS="1269"/>
<SP HEIGHT="39" WIDTH="26" VPOS="3984" HPOS="1311"/>
<String CS="1" CONTENT="65390:" HEIGHT="40" WIDTH="143" VPOS="3984" HPOS="1338"/>
<SP HEIGHT="38" WIDTH="30" VPOS="3985" HPOS="1508"/>
<String CONTENT="Y." HEIGHT="39" WIDTH="54" VPOS="3985" HPOS="1539"/>
<SP HEIGHT="38" WIDTH="30" VPOS="3986" HPOS="1594"/>
<String CONTENT="P." HEIGHT="39" WIDTH="51" VPOS="3986" HPOS="1625"/>
<SP HEIGHT="39" WIDTH="29" VPOS="3986" HPOS="1677"/>
<String CONTENT="De" HEIGHT="40" WIDTH="71" VPOS="3986" HPOS="1707"/>
<SP HEIGHT="41" WIDTH="29" VPOS="3986" HPOS="1779"/>
<String CONTENT="Jong," HEIGHT="46" WIDTH="138" VPOS="3986" HPOS="1809"/>
<SP HEIGHT="45" WIDTH="31" VPOS="3986" HPOS="1948"/>
<String CONTENT="Grand" HEIGHT="40" WIDTH="166" VPOS="3986" HPOS="1980"/>
</TextLine>
<TextLine HEIGHT="44" WIDTH="720" VPOS="4036" HPOS="218">
<String CONTENT="Rapids," HEIGHT="44" WIDTH="194" VPOS="4036" HPOS="218"/>
<SP HEIGHT="42" WIDTH="32" VPOS="4038" HPOS="413"/>
<String CONTENT="Mich." HEIGHT="40" WIDTH="140" VPOS="4037" HPOS="446"/>
<SP HEIGHT="40" WIDTH="71" VPOS="4039" HPOS="587"/>
<String CONTENT="(33-38207)" HEIGHT="41" WIDTH="279" VPOS="4039" HPOS="659"/>
</TextLine>
</TextBlock>
</PrintSpace>
</Page>
</Layout>
</alto>