2484 4405
1078 4071 135 53 1567

195 494 25 39 2
250 506 41 28 v.
353 494 141 46 illus.,
526 494 85 39 col.
643 494 170 47 plates.
873 493 117 40 28cm.

197 552 160 47 Paged
387 551 354 47 continuously.

196 609 99 38 The
324 607 207 48 original
559 607 214 47 Century
800 606 273 47 dictionary
1101 617 102 29 was
1229 605 161 40 edited
1418 606 61 47 by
1505 605 216 40 William
1748 604 198 48 Dwight
127 604 1983 109 Whitney.

132 720 51 51 ©
219 724 117 39 Nov.
373 722 38 47 8,
448 722 111 41 1933;
626 722 66 39 2c.
729 722 119 39 each
883 721 117 39 Nov.
1037 721 25 40 8;
1130 720 81 40 aff.
1249 720 115 40 Nov.
1404 719 52 47 9;
1495 720 41 38 A
1602 719 139 46 67017;
1782 721 55 37 D.
234 719 1899 107 Appleton-Century
436 791 80 34 co.,
544 778 89 40 inc.

703 774 67 54 [©
798 789 104 28 new
929 777 228 40 material]
1248 777 280 47 (33-32755)

130 850 229 67 Philby,
388 855 199 63 Harry
614 854 84 54 St.
727 851 154 55 John
911 852 270 66 Bridger,
1212 856 171 50 1885-

131 929 1972 149 Harun al Rashid, by H. St. J. B. Philby … with a frontispiece. [London] P. Davies, limited, 1933.
200 1084 87 40 159
313 1096 29 36 p.
412 1084 150 39 front.
618 1084 117 39 20cm.

132 1137 2001 51 © 1c. Oct. 7, 1933; A ad int. 18277; pubd. Aug. 10; D. Appleton-Century
198 1208 81 35 co.,
306 1197 105 46 inc.,
439 1198 119 38 New
583 1197 142 38 York.
799 1196 279 47 (33-33283)

132 1269 1998 70 Popular science library. Editor-in-chief, Garrett P. Serviss …
343 1349 1787 68 Illustrated … New York, P. F. Collier & son company
207 1430 192 65 [c1933]

201 1502 56 40 10
286 1514 41 28 v.
387 1504 85 39 col.
504 1503 189 44 fronts.,
726 1502 142 46 illus.,
902 1504 170 45 plates,
1107 1504 163 45 ports.,
1304 1513 150 36 maps,
1489 1502 179 46 diagrs.
1729 1501 115 40 20cm.

133 1555 51 51 ©
212 1560 116 39 Nov.
356 1560 40 44 2,
423 1558 140 47 1933;
592 1560 65 39 2c.
687 1560 119 39 each
833 1560 115 38 Nov.
978 1558 81 46 10;
1090 1558 83 41 aff.
1202 1560 117 39 Nov.
1348 1560 83 40 11:
1461 1560 40 37 A
1528 1559 171 46 67054;
1731 1559 48 39 P.
1811 1559 49 38 F.
1892 1558 179 40 Collier
2100 1559 34 40 &

201 1626 85 29 son
314 1626 66 29 co.
445 1612 68 53 [©
542 1626 104 29 new
675 1618 103 37 text
807 1617 94 38 and
929 1616 330 39 illustrations
1289 1617 94 38 and
1413 1615 226 49 revision]

133 1690 243 64 Reeder,
407 1690 271 64 Rudolph
709 1691 144 63 Rex,
889 1693 172 49 1859-

205 1768 285 67 Training
530 1769 176 66 youth
752 1768 93 52 for
888 1769 95 52 the
1024 1788 123 33 new
1191 1768 170 53 social
1404 1769 184 60 order,
1630 1768 75 67 by
1747 1768 273 67 Rudolph
2064 1769 67 52 R.

134 1846 1801 68 Reeder … Yellow Springs, O., The Antioch press, 1933.
204 1919 872 48 4 p. l., 248 p. incl. plates. 22cm.
211 1976 1922 50 “The results of … [the] first effort were published under the title,
140 2034 1994 49 ‘How two hundred children live and learn’ … [This book is written] to
140 2089 139 49 bring
319 2101 64 38 up
421 2093 48 37 to
509 2093 111 40 date
661 2093 95 38 and
797 2092 310 47 re-interpret
1150 2092 79 39 the
1271 2091 260 48 principles
1574 2093 93 38 and
1710 2091 212 48 practice
1962 2091 51 40 of
2054 2093 80 39 the

137 2146 182 40 former
346 2147 351 49 treatise.”—p.
727 2147 159 43 18-19.

138 2199 50 52 ©
225 2204 101 40 Oct.
361 2205 39 44 2,
437 2205 113 40 1933;
615 2206 66 40 2c.
719 2207 101 39 Oct.
856 2206 55 39 20;
976 2207 82 39 aff.
1190 2238 7 7 Oct.
1236 2208 81 44 23;
1356 2207 41 39 A
1430 2206 170 45 66734;
1640 2207 208 39 Antioch
1885 2215 134 39 press
2055 2215 84 38 co.,

207 2260 181 40 Yellow
420 2261 212 49 Springs.
662 2262 51 40 O.
785 2263 279 46 (33-32370)

137 2335 253 65 Renard,
418 2336 261 55 Maurice
710 2338 124 64 Ch.,
866 2342 172 49 1888-

215 2456 56 10 …
329 2413 143 55 Sous
525 2416 56 51 la
631 2416 162 67 neige
847 2435 121 34 rose
1033 2417 216 66 (contes
1300 2417 337 66 normands)
1701 2415 440 68 Elbeuf-Paris,

135 2490 65 51 P.
232 2491 210 64 Duval,
475 2494 152 51 1933.

207 2560 27 41 3
261 2575 43 38 p.
369 2595 8 17 l.,
410 2563 176 51 [9]-194
612 2577 59 38 p.,
703 2567 24 40 1
776 2600 8 7 l.
845 2567 127 41 illus.
1033 2567 147 41 20½cm.

140 2618 2000 55 © Aug. 14, 1933; 1c. Sept. 11; A-Foreign 22129; M. C. Renard, Caen,
209 2679 198 40 France.
479 2680 280 48 (33-32761)

137 2753 157 66 Rice,
328 2756 197 53 Elmer
559 2757 175 64 Cook,
768 2760 171 50 1868-

209 2832 1925 72 The national standard squab book, by Elmer C. Rice … a
141 2906 275 69 practical
457 2913 230 50 manual
726 2911 203 69 giving
970 2914 276 67 complete
1287 2916 111 51 and
1440 2915 214 67 precise
1696 2915 307 54 directions
2045 2916 94 53 for

141 2984 92 54 the
266 2986 357 54 installation
659 2990 112 51 and
804 2998 397 60 management
1238 2991 63 53 of
1337 3011 30 33 a
1400 2993 308 53 successful
1744 2994 176 67 squab
1957 2996 179 66 plant.

145 3064 1991 71 Facts from experiences of many … illustrated with new
142 3141 252 54 sketches
447 3143 112 53 and
612 3143 129 54 half
792 3151 130 48 tone
976 3145 182 69 plates
1214 3147 152 53 from
1418 3148 394 70 photographs
1865 3150 271 69 specially

143 3219 161 53 made
335 3221 95 51 for
458 3221 114 53 this
602 3222 172 52 work.
841 3222 365 70 Cambridge,
1237 3226 190 65 Mass.,
1455 3227 120 54 The
1605 3227 242 69 Murray
1877 3229 263 69 printing

141 3315 279 50 company
476 3301 173 65 [c1933]

215 3369 26 38 2
265 3379 43 37 p.
368 3401 8 15 l.,
403 3370 145 41 9-416
571 3383 43 37 p.
674 3371 136 42 front.
854 3374 170 48 (port.)
1062 3375 127 40 illus.
1249 3375 145 41 20½cm.

216 3426 354 48 “Fifty-fourth
600 3429 226 41 edition.”

148 3479 50 52 ©
231 3484 107 40 Feb.
371 3486 38 44 5,
440 3484 139 48 1933;
611 3487 67 39 2c.
711 3487 100 40 Oct.
843 3487 80 42 28;
957 3487 81 40 aff.
1071 3488 103 40 Oct.
1206 3489 81 45 26;
1319 3491 40 37 A
1390 3491 170 46 65862;
1594 3493 52 39 E.
1680 3492 48 42 C.
1762 3493 128 43 Rice,
1923 3495 220 48 Melrose,

218 3542 142 38 Mass.
426 3537 67 53 [©
524 3553 106 29 new
657 3545 193 47 matter]
924 3544 279 48 (33-31675)

145 3604 274 67 Richard,
453 3608 223 54 Gaston
711 3608 262 68 Charles,
1010 3610 171 55 1875-

219 3724 56 10 …
321 3682 269 69 Monique
633 3689 53 48 et
727 3704 101 34 son
870 3686 311 68 chauffeur,
1224 3707 213 35 roman.
1518 3690 184 71 Paris,
1747 3692 71 53 A.
1863 3692 280 70 Lemerre,

149 3762 147 51 1933.

216 3832 710 54 3 p. l., [9]-255, [1] p. 19cm.
217 3889 62 40 At
305 3891 122 39 head
454 3890 51 40 of
532 3891 132 40 title:
696 3891 289 46 Gaston-Ch.
1013 3894 230 44 Richard.

151 3941 1995 66 © June 13, 1933; 1c. Sept. 13: A-Foreign 22102; Librairie Alphonse
215 4003 237 42 Lemerre.
522 4006 279 48 (33-33110)
