2597 4403
1286 4084 99 50 102

334 400 341 67 Sabastian,
705 402 156 57 Inez.

337 485 2001 148 A wife on leave, by Inez Sabastian … New York, The Macaulay company [ c 1933]
406 648 596 50 3 p. l., 9-314 p. 19 cm .
342 718 52 53 ©
420 722 111 41 Feb.
557 723 40 47 1,
622 722 113 42 1933;
791 723 69 41 2c.
885 724 112 41 Feb.
1019 725 55 46 4;
1101 723 84 42 aff.
1210 724 113 42 Feb.
1346 724 84 47 25;
1458 724 42 40 A
1522 723 173 49 59293;
1722 726 114 39 Inez
1861 725 217 48 Klumph
2104 725 258 50 McCleary

412 780 238 49 Gerhard,
685 781 119 41 New
838 781 145 40 York.
1060 780 253 50 (33-2938)

337 882 399 69 Schlesinger,
766 885 236 55 Arthur
1031 884 205 67 Meier,
1269 890 173 52 1888-

332 962 2005 150 … The rise of the city, 1878-1898, by Arthur Meier Schlesinger … New York, The Macmillan company, 1933.
404 1130 86 41 xvi
518 1141 57 38 p.,
608 1131 24 39 1
683 1162 23 16 l.,
735 1128 88 42 494
851 1141 43 38 p.
955 1129 165 50 front.,
1150 1131 172 49 plates,
1353 1131 166 48 ports.,
1548 1141 126 39 map,
1702 1130 219 42 facsims.
1982 1128 57 40 22
2041 1130 45 22 cm
2091 1160 10 9 .
2171 1127 67 50 (A
335 1128 2007 108 history
471 1188 54 41 of
550 1187 262 41 American
838 1187 102 41 life.
1002 1189 94 40 vol.
1124 1188 58 48 x)

408 1258 233 42 “Critical
670 1269 144 38 essay
841 1268 63 31 on
930 1257 355 43 authorities”:
1316 1270 45 38 p.
1386 1258 222 43 437-474.

339 1326 52 53 ©
421 1331 111 40 Jan.
561 1331 69 47 17,
660 1329 143 49 1933;
832 1331 70 40 2c.
930 1332 96 39 and
1055 1330 85 41 aff.
1169 1330 111 42 Jan.
1309 1330 83 48 18;
1424 1329 43 41 A
1494 1329 172 49 59017;
1698 1330 286 41 Macmillan
2014 1341 67 31 co.

418 1388 253 49 (33-2887)

334 1493 300 67 Simenon,
667 1494 283 65 Georges,
982 1499 174 51 1903-

403 1575 124 54 The
567 1577 293 52 crossroad
898 1575 281 70 murders,
1220 1575 74 71 by
1338 1573 250 71 Georges
1631 1573 286 57 Simenon.
1996 1574 139 55 New
2178 1573 182 72 York,

335 1653 217 71 Covici,
582 1654 209 55 Friede
827 1689 13 35 [
845 1661 18 22 c
868 1657 155 66 1933]

401 1740 90 42 240
517 1751 46 39 p.
619 1740 60 42 20
680 1743 45 22 cm
729 1774 10 9 .

339 1812 52 53 ©
423 1817 114 41 Jan.
565 1817 72 48 24,
668 1815 144 49 1933;
843 1818 67 39 2c.
944 1817 113 41 Feb.
1089 1817 53 47 1;
1177 1815 84 43 aff.
1291 1816 112 41 Jan.
1433 1816 84 48 31;
1550 1816 44 40 A
1624 1814 172 50 60114;
1832 1815 178 48 Covici,
2045 1813 188 49 Friede,
2267 1813 93 43 inc.

417 1874 254 49 (33-2626)

332 1977 296 67 Simpson,
659 1981 142 52 Mrs.
834 1977 313 55 Elizabeth
1187 1978 359 66 (Murphey)
1587 1983 173 51 1899-

409 2057 314 69 Bluegrass
770 2059 205 53 houses
1026 2059 115 53 and
1189 2058 153 54 their
1388 2057 312 55 traditions
1756 2058 111 67 [by]
1922 2056 308 54 Elizabeth
2278 2054 83 54 M.

337 2133 1958 71 Simpson; with an introduction by William H. Townsend …
334 2212 347 71 Lexington,
711 2215 136 69 Ky.,
875 2215 428 69 Transylvania
1332 2233 177 51 press,
1540 2217 153 51 1932.

407 2301 28 41 8
460 2313 45 39 p.
553 2333 25 18 l.,
603 2301 88 42 408
716 2313 45 39 p.
818 2302 131 42 illus.
1008 2301 57 43 25
1069 2305 45 22 cm
1117 2335 10 9 .

409 2373 165 43 “First
605 2375 143 41 trade
779 2374 229 42 edition.”

340 2443 2018 53 © Dec. 19, 1932; 2c. and aff. Jan. 26, 1933; A 60026; E. M. Simpson,
409 2505 288 49 Lexington,
729 2505 93 48 Ky.
893 2503 253 50 (33-3050)

331 2606 192 54 South
558 2614 225 47 eastern
815 2613 277 64 reporter.
1170 2608 171 55 Cases
1375 2607 219 70 argued
1628 2608 114 53 and
1775 2607 356 54 determined
2161 2607 64 54 in
2255 2607 100 53 the

406 2685 279 70 Supreme
718 2693 191 48 courts
944 2688 63 52 of
1043 2689 237 67 appeals
1315 2686 65 54 of
1411 2686 274 70 Virginia
1721 2687 115 53 and
1867 2687 163 55 West
2063 2685 293 71 Virginia,

407 2764 279 70 Supreme
715 2772 193 49 courts
936 2767 64 54 of
1030 2768 191 54 North
1250 2767 273 56 Carolina
1556 2767 114 53 and
1700 2766 186 56 South
1917 2766 294 69 Carolina,
2241 2766 115 53 and

407 2844 280 71 Supreme
722 2853 165 47 court
923 2847 114 52 and
1073 2846 184 55 Court
1290 2846 64 53 of
1391 2848 237 68 appeals
1663 2846 64 53 of
1763 2846 271 70 Georgia,
2068 2846 144 53 with
2245 2845 111 68 key

402 2927 242 52 number
687 2925 385 54 annotations,
1148 2944 51 33 v.
1249 2930 117 49 165.
1444 2925 714 70 September-November,
2201 2928 154 51 1932.

408 3003 84 56 St.
520 3006 169 68 Paul,
715 3007 162 54 West
904 3006 341 69 publishing
1271 3026 99 49 co.,
1401 3008 152 51 1932.

404 3086 99 48 xvi,
531 3085 89 42 990
647 3097 44 38 p.
747 3086 60 41 26
807 3089 46 21 cm
858 3120 9 8 .

339 3154 53 52 ©
422 3158 112 40 Dec.
562 3157 70 47 27,
661 3156 142 49 1932;
833 3157 68 42 2c.
930 3158 111 41 Jan.
1070 3158 69 49 11,
1169 3157 142 48 1933;
1344 3156 81 41 aff.
1456 3158 111 41 Jan.
1595 3156 83 49 12;
1708 3156 43 41 A
1779 3156 172 48 58885;
1982 3156 138 42 West
2148 3156 111 49 pub.
2289 3164 69 33 co.

332 3262 317 63 Spectator
677 3277 103 49 co.,
808 3264 142 52 New
980 3263 179 54 York.

405 3339 136 54 Fire
576 3338 302 55 insurance
914 3342 158 66 laws,
1106 3346 159 47 taxes
1304 3340 115 53 and
1454 3339 136 68 fees,
1625 3338 338 71 containing
1996 3359 32 34 a
2065 3340 189 69 digest
2289 3337 65 55 of

333 3419 97 54 the
465 3424 291 64 statutory
794 3419 413 68 requirements
1242 3420 62 53 in
1340 3420 96 53 the
1473 3418 221 57 United
1732 3418 190 56 States
1961 3418 114 53 and
2114 3418 239 56 Canada

334 3497 252 70 relating
624 3504 60 48 to
726 3496 102 55 fire
869 3498 300 53 insurance
1212 3498 327 69 companies
1580 3498 114 53 and
1736 3503 218 64 agents,
1995 3497 142 54 with
2178 3515 175 52 many

335 3577 329 66 quotations
710 3576 155 54 from
909 3578 97 52 the
1048 3582 272 62 statutes;
1370 3578 119 52 also
1536 3596 32 35 a
1612 3576 375 70 compilation
2032 3576 64 54 of
2141 3581 212 66 county

335 3654 2017 150 and municipal taxes and fees. 32d annual ed., revised to December 1, 1932 … Philadelphia, Chicago [etc.] The Spectator
334 3831 300 51 company,
666 3817 151 50 1932.

406 3873 589 64 2 p. l., 7-760 p. 24 cm .
339 3954 52 53 ©
425 3959 111 40 Jan.
569 3959 69 47 13,
672 3957 142 49 1933;
849 3958 69 41 2c.
952 3958 111 41 Jan.
1094 3957 83 49 19;
1212 3958 83 42 aff.
1331 3959 111 41 Jan.
1475 3958 84 48 20;
1594 3959 42 39 A
1669 3958 170 48 59033;
1880 3959 255 48 Spectator
2169 3968 69 31 co.
