2484 4405
1109 4124 132 50 1875

195 546 233 56 sentials
469 548 62 51 of
572 566 289 49 grammar
904 546 111 55 and
1058 551 225 63 syntax,
1324 547 111 52 and
1476 544 364 68 vocabulary,
1879 545 74 66 by
1995 546 197 52 Bruno

195 620 1992 74 Meinecke … Boston, New York [etc.] Allyn and Bacon [ c 1933]
268 696 85 41 xxi
378 708 57 37 p.,
463 699 23 37 1
534 728 22 16 l.,
582 696 85 41 720
693 708 58 37 p.,
778 698 23 38 1
848 728 22 16 l.,
897 695 85 42 229
1006 708 42 37 p.
1103 696 164 41 front.,
1297 696 142 47 illus.,
1464 696 171 50 plates,
1662 704 136 39 maps
1827 694 135 49 (part
1988 696 196 47 double)

198 754 145 42 19½cm.

271 809 343 50 Bibliography:
675 820 42 37 p.
749 808 215 42 702-706.

199 866 52 52 ©
283 871 123 47 Sept.
437 871 38 40 9,
505 870 112 38 1933;
675 870 66 38 2c.
773 868 126 47 Sept.
927 866 60 42 30;
1041 865 82 42 aff.
1155 868 127 46 Sept.
1312 867 55 38 28;
1426 868 35 36 A
1493 867 144 39 66382;
1695 867 143 46 Allyn
1869 867 34 39 &
1939 868 171 38 Bacon.

275 925 278 43 (33-31289)

194 1024 192 67 Clark,
419 1027 181 64 Floyd
631 1026 271 66 Barzilia,
936 1029 171 52 1886-

263 1100 1870 73 The economics of distribution, by Floyd Barzilia Clark …
195 1180 1436 73 College Station, Tex., A. and M. press [ c 1933]
261 1253 85 42 192
374 1266 41 37 p.
476 1253 25 41 21½
564 1257 43 21 cm
613 1287 9 9 .

262 1310 323 47 Preliminary
619 1312 183 39 edition
837 1311 52 39 of
921 1311 80 40 the
1035 1310 191 48 portion
1261 1311 51 40 of
1346 1311 81 40 the
1459 1309 219 43 author’s
1709 1310 101 38 The
1842 1310 266 48 expansion
2143 1310 46 40 of

192 1366 240 42 economic
470 1371 223 44 concepts
732 1367 156 41 which
927 1366 42 41 is
1006 1366 309 49 predestined
1355 1370 48 37 to
1441 1367 190 40 become
1668 1369 111 45 part
1818 1375 73 31 in.
1953 1367 62 47 cf.
194 1363 1980 106 Foreword.

196 1478 51 51 ©
274 1481 118 41 July
417 1485 39 43 6,
484 1482 113 39 1933;
654 1483 65 38 2c.
749 1482 116 47 July
892 1481 58 40 10;
1004 1481 81 41 aff.
1116 1482 117 46 July
1259 1481 55 38 24;
1372 1481 40 38 A
1441 1479 143 42 63673;
1644 1481 50 39 F.
1725 1481 54 38 B.
1808 1480 163 40 Clark.
2001 1478 192 46 College

263 1536 205 48 Station,
503 1539 113 39 Tex.
685 1538 282 52 (33-31455)

196 1640 394 65 Cruikshank,
619 1642 197 51 Frank
846 1641 239 55 Xavier.

260 1717 262 68 Military
555 1718 150 52 basic
737 1735 207 53 course,
977 1719 282 68 prepared
1294 1719 111 51 and
1440 1715 301 71 published
1774 1718 75 67 by
1885 1717 194 52 Frank
2111 1717 76 53 X.

194 1790 1821 76 Cruikshank … [Chicago, Barnard & Miller print, 1933]
259 1864 85 42 252
378 1876 43 37 p.
482 1866 143 45 illus.,
660 1866 179 48 diagrs.
900 1866 145 42 16½cm.

260 1923 72 40 On
373 1934 140 30 cover:
586 1923 265 48 Simplified
894 1921 307 44 instruction.

262 1979 1295 52 “Text … for junior R. O. T. C. work.”—Pref.
261 2035 1926 54 “A revised edition of … queries and answers entitled ‘ROTC basic
190 2092 333 50 course’.”—p.
560 2094 55 49 [6]

260 2149 181 43 Music:
483 2162 42 37 p.
563 2151 215 41 231-251.

259 2206 348 50 Bibliography:
674 2219 44 37 p.
754 2207 99 42 252.

192 2263 51 51 ©
275 2267 125 50 Sept.
430 2269 68 40 16.
525 2268 114 40 1933;
696 2269 67 39 2c.
792 2268 102 40 Oct.
925 2268 54 39 14;
1036 2268 84 40 aff.
1151 2269 128 46 Sept.
1308 2269 53 38 21;
1422 2268 37 39 A
1489 2268 143 42 65683;
1694 2271 49 38 F.
1775 2271 57 38 X.
1863 2269 325 43 Cruikshank,

261 2324 221 47 Chicago.
557 2325 280 48 (33-30604)

190 2411 201 65 Davis,
419 2413 221 55 Harold
666 2414 253 64 Thayer,
949 2419 170 50 1892-
1334 2434 177 49 comp.

260 2489 204 55 Tables
495 2490 63 52 of
587 2491 95 53 the
713 2490 204 69 higher
946 2493 423 53 mathematical
1403 2493 305 69 functions,
1742 2495 297 69 computed
2076 2494 108 55 and

191 2566 1996 74 compiled under the direction of Harold T. Davis … with the
190 2645 1993 78 co-operation of: Muriel E. Adams: Catherine Bennett … [and
191 2726 206 68 others]
476 2728 241 52 Volume
783 2772 10 9 I.
867 2730 428 68 Bloomington,
1331 2732 149 54 Ind.,
1517 2732 121 54 The
1676 2733 297 68 Principia
2012 2752 175 51 press,

187 2804 108 53 inc.
332 2837 12 35 [
350 2810 18 22 c
373 2808 152 63 1933]

256 2876 1379 54 xiii, 377 p. II facsim. (inch front.) diagrs. 25½ cm .
258 2930 289 43 “Published
578 2944 53 29 as
661 2944 24 29 a
720 2933 326 43 contribution
1077 2936 52 39 of
1160 2937 81 40 the
1272 2938 281 40 Waterman
1585 2938 224 40 institute
1842 2940 77 38 for
188 2937 1994 103 scientific-research,
459 2989 207 40 Indiana
699 2990 313 50 university.”

252 3044 348 50 Bibliography:
661 3048 89 40 vol.
805 3079 8 16 I,
844 3059 43 37 p.
918 3048 217 42 149-176.

187 3102 51 51 ©
267 3106 101 41 Oct.
396 3108 67 42 15,
491 3107 112 40 1933;
661 3109 66 39 2c.
755 3109 111 39 Dec.
895 3108 53 40 21;
1007 3109 81 40 aff.
1118 3110 111 41 Dec.
1258 3111 54 39 20;
1370 3111 40 38 A
1438 3110 143 42 67649;
1640 3112 244 48 Principia
1915 3123 134 38 press.
2093 3114 89 40 inc.

267 3162 218 50 (34-176)

187 3249 574 69 Delarue-Mardrus,
791 3257 170 53 Mme.
991 3256 196 66 Lucie,
1220 3261 172 49 1880-

315 3329 1872 73 … François et la liberté, roman. Paris, J. Ferenczi et fils
187 3409 172 65 [1933]

252 3479 26 40 3
306 3490 43 39 p.
413 3512 7 14 l.,
454 3480 174 50 [9]-245
657 3493 57 37 p.,
743 3483 24 39 1
819 3515 9 8 l.
888 3482 55 43 19
947 3487 41 21 cm
995 3517 8 7 .

186 3531 1830 60 © Apr. 25. 1933; 1c. Nov. 17; A- Foreign 22715; J. Ferenczi & fils.
263 3592 220 45 (34-918)

186 3679 1993 86 Diccionario enciclopédico abreviado. versiones de la mayor í a
255 3760 1926 162 de las voces en francés, italiano, inglés y alem á n; este diccionario contiene 130,000 art í culos. 4.500,000 palabras y
256 3918 309 55 30,000.000
605 3920 67 53 de
713 3923 189 52 letras.
1002 3927 183 53 10,000
1227 3925 411 69 fotograbados
1678 3947 66 34 en
1785 3948 174 50 negro
2001 3950 37 48 y
2082 3933 99 51 150

255 3993 1900 84 laminas en color … Madrid [etc.] Espasa-Calpe, s. a. [1932]
