2484 4405
1100 4096 132 48 1115

169 447 163 64 Carr,
364 446 153 54 John
548 445 277 57 Dickson.

239 524 121 51 The
410 523 132 52 mad
592 523 190 52 hatter
833 525 269 64 mystery,
1154 520 74 69 by
1279 520 156 54 John
1488 518 252 53 Dickson
1794 516 161 55 Carr.
2029 516 138 54 New

171 602 161 52 York
359 602 111 51 and
497 600 258 67 London,
781 599 233 68 Harper
1039 602 46 50 &
1111 598 277 67 brothers,
1417 599 151 52 1933.

241 690 26 40 5
293 701 42 38 p.
398 722 8 15 l.,
433 690 89 40 300
546 700 42 37 p.
643 688 128 40 illus.
828 687 58 41 19½
916 689 43 22 cm
966 721 8 8 .

242 760 39 39 A
306 760 192 47 Harper
523 760 161 39 sealed
710 760 216 45 mystery
952 760 134 45 story
1123 757 66 49 (p.
1215 756 204 41 215-300
1445 755 188 48 sealed)

244 816 160 41 “First
435 815 227 41 edition.”

175 883 51 51 ©
258 888 116 46 Aug.
409 888 37 41 8,
481 887 139 41 1933:
654 887 66 39 2c.
753 886 119 47 Aug.
905 886 51 46 8;
993 885 80 40 aff.
1106 886 119 47 Aug.
1260 885 81 46 10;
1376 885 40 38 A
1449 884 169 46 64696;
1655 885 43 41 J.
1732 886 57 39 D.
1822 885 136 47 Carr,
1994 883 175 41 Union-

242 947 141 44 town,
417 945 81 39 Pa.
569 943 279 48 (33-20825)

167 1045 325 66 Charteris,
523 1046 208 64 Leslie,
767 1048 169 52 1907-

238 1123 121 53 The
408 1122 258 69 brighter
718 1123 332 63 buccaneer;
1105 1141 153 34 more
1308 1121 238 55 “Saint”
1596 1119 217 70 stories,
1861 1121 75 69 by
1984 1120 185 55 Leslie

170 1201 310 55 Charteris.
553 1201 257 68 London,
841 1201 239 53 Hodder
1112 1201 111 53 and
1257 1199 342 69 Stoughton,
1628 1198 222 55 limited
1886 1201 172 66 [1933]

239 1292 85 39 317
351 1301 43 37 p.
451 1289 116 41 19cm.

174 1356 1995 52 © 1c. July 27, 1933; A ad int. 18060; pubd. June 1; L. Charteris, London.
251 1417 278 50 (33-20831)

168 1518 150 67 Cole,
350 1521 225 64 George
603 1517 263 65 Douglas
889 1521 276 64 Howard,
1198 1524 169 51 1889-

239 1600 56 52 A
319 1600 182 53 lesson
527 1599 59 52 in
613 1599 188 67 crime,
829 1600 113 52 and
969 1599 162 52 other
1159 1598 199 53 stories
1407 1598 92 68 [by]
1533 1599 69 55 G.
1630 1600 73 53 D.
1729 1599 77 53 H.
1834 1602 46 50 &
1903 1600 80 53 M.
2012 1598 152 56 Cole.

170 1678 258 67 London,
463 1678 141 53 Pub.
644 1677 93 52 for
773 1679 95 50 the
905 1676 190 56 Crime
1131 1677 146 66 club,
1311 1678 123 67 ltd.,
1467 1678 76 67 by
1575 1678 91 54 W.
1703 1676 218 56 Collins
1956 1697 129 34 sons
2121 1681 45 51 &

169 1774 97 48 co.,
292 1757 102 54 ltd.
448 1761 150 62 [1933]

239 1843 86 41 284
354 1853 43 38 p.
457 1843 55 40 19
515 1845 43 22 cm
564 1875 8 9 .

176 1910 1996 53 © 1c. July 25, 1933; A ad int. 18041; pubd. May 29; G. D. H. Cole and
242 1972 246 46 Margaret
521 1972 159 39 Isabel
712 1970 125 49 Cole,
872 1972 200 45 Oxford,
1107 1973 236 46 England.
1414 1970 280 49 (33-20813)

167 2075 303 55 Columbia
510 2076 351 64 university.
938 2077 277 54 Teachers
1254 2078 225 66 college.
1554 2077 275 53 Institute
1869 2078 63 67 of
239 2077 1905 131 educational

447 2156 273 54 research.
795 2155 264 53 Division
1093 2157 64 67 of
1185 2157 367 67 psychology.

238 2233 310 69 Language
590 2235 290 68 learning;
925 2253 291 51 summary
1258 2235 63 52 of
1362 2254 32 33 a
1434 2240 196 63 report
1668 2239 59 48 to
1769 2236 97 51 the
169 2235 1974 130 International
380 2312 287 69 auxiliary
696 2315 282 67 language
1011 2314 338 53 association
1381 2315 58 51 in
1469 2316 96 51 the
1595 2314 217 55 United
1846 2314 207 67 States,
168 2313 1975 146 incorporated,
570 2393 74 67 by
692 2393 264 52 Division
1006 2393 63 51 of
1118 2394 368 68 psychology,
1535 2394 273 52 Institute
1856 2392 63 53 of
168 2394 1975 128 educational
386 2473 274 66 research,
699 2473 276 52 Teachers
1016 2474 229 67 college,
1283 2472 299 56 Columbia
1621 2472 334 69 university.
2030 2473 139 53 New

171 2549 161 53 York
381 2549 133 69 city,
563 2552 278 52 Teachers
889 2553 228 67 college,
1167 2552 301 55 Columbia
1516 2552 335 70 university,
1901 2555 151 50 1933.

240 2625 100 47 viii,
372 2625 56 39 59
455 2636 43 37 p.
557 2625 54 40 23½
645 2627 42 21 cm
693 2658 6 7 .

174 2682 1998 163 “The work was directed and supervised by Dr. Edward L. Thorndike and carried out chiefly by Dr. Laura H. V. Kennon … The summary, made up of excerpts from the full report, was worked out. by
171 2852 155 39 Helen
359 2852 43 41 S.
434 2852 393 43 Eaton.”-—Pref.

177 2917 51 52 ©
255 2923 115 47 July
396 2923 68 47 18,
491 2923 139 46 1933;
659 2924 64 39 2c.
753 2924 115 47 July
894 2925 82 45 27;
1007 2924 79 40 aff.
1117 2925 116 47 July
1260 2925 81 46 28;
1371 2925 40 38 A
1438 2924 170 47 64536;
1640 2926 256 39 Internatl.
1925 2923 247 48 auxiliary

247 2980 238 47 language
515 2990 141 37 assn.,
688 2982 116 37 New
833 2982 144 39 York.
1050 2981 280 48 (33-20436)

174 3081 282 67 [Conklin,
493 3082 300 69 Franklin]
836 3089 170 50 1909-

242 3158 120 53 The
386 3165 89 47 art
497 3160 62 53 of
583 3161 171 53 social
778 3162 290 68 climbing,
1091 3163 75 67 by
1187 3164 166 52 Felix
1374 3164 95 53 Du
1493 3165 189 66 Barry
1727 3162 215 70 [pseud.]
174 3163 1970 140 Newark,

319 3238 71 52 N.
417 3239 75 66 J.,
519 3239 120 52 The
667 3240 249 54 Conklin
945 3259 297 49 company,
1270 3244 151 50 1933.

247 3322 96 50 123,
380 3325 54 49 [1]
466 3336 43 37 p.
568 3324 146 42 20½cm.

249 3394 161 41 “First
440 3394 256 42 American
725 3397 227 41 edition.”

178 3461 51 52 ©
259 3467 115 46 July
402 3466 67 45 29,
500 3467 139 41 1933:
669 3468 66 40 2c.
766 3468 127 39 June
919 3468 81 41 28:
1033 3468 82 42 aff.
1145 3469 119 48 Aug.
1294 3470 53 45 1;
1379 3470 40 38 A
1449 3469 169 48 63769;
1653 3471 205 41 Conklin
1887 3483 83 31 co.,
2000 3473 91 40 inc.

254 3523 278 47 (33-20865)

172 3627 277 64 Conyers,
477 3629 137 51 Mrs.
645 3628 300 54 Dorothea
983 3630 277 64 (Smyth)

244 3704 54 53 A
354 3705 199 52 Meave
609 3712 151 47 must
816 3725 211 50 marry,
1084 3707 77 69 by
1217 3709 291 54 Dorothea
1570 3712 268 67 Conyers.
1912 3713 260 69 London,

173 3782 364 54 Hutchinson
565 3788 45 49 &
638 3803 96 46 co.,
762 3786 103 54 ltd.
899 3790 171 64 [1933]

244 3855 25 39 2
296 3866 42 37 p.
365 3858 43 44 l.,
437 3856 145 41 9-288
607 3866 43 38 p.
713 3858 56 40 19½
801 3860 44 22 cm
850 3890 8 9 .

177 3922 1998 58 © 1c. Aug. 5, 1933; A ad int. 18073; pubd. June 9; Minnie Dorothea
244 3984 174 46 White,
447 3986 328 48 Ballingrane,
805 3988 189 48 County
1024 3988 253 48 Limerick,
1308 3990 209 41 Iceland.
1591 3992 281 51 (33-20812)
