<alto xmlns="http://www.loc.gov/standards/alto/ns-v3#" xmlns:xlink="http://www.w3.org/1999/xlink" xmlns:xsi="http://www.w3.org/2001/XMLSchema-instance" xsi:schemaLocation="http://www.loc.gov/standards/alto/ns-v3# http://www.loc.gov/alto/v3/alto-3-0.xsd"><Description>
<MeasurementUnit>pixel</MeasurementUnit>
<sourceImageInformation>
<fileName>1933_v1_Part1.pdf</fileName>
</sourceImageInformation>
<OCRProcessing ID="IdOcr">
<ocrProcessingStep>
<processingDateTime>2019-01-03</processingDateTime>
<processingSoftware>
<softwareCreator>ABBYY</softwareCreator>
<softwareName>ABBYY Recognition Server</softwareName>
<softwareVersion>4.0</softwareVersion>
</processingSoftware>
</ocrProcessingStep>
</OCRProcessing>
</Description>
<Styles>
<ParagraphStyle ID="StyleId-FFFFFFFF-FFFF-FFFF-FFFF-FFFFFFFFFFFF-" ALIGN="Left" LEFT="0." RIGHT="0." FIRSTLINE="0."/>
<ParagraphStyle ID="StyleId-6EF5737A-DCEB-4126-A0CF-C5930BF7166A-" ALIGN="Left" LEFT="0." RIGHT="0." FIRSTLINE="0." LINESPACE="8.300000191"/>
<ParagraphStyle ID="StyleId-2DE44258-FD0B-41E1-B542-087C989B01A3-" ALIGN="Left" LEFT="0." RIGHT="0." FIRSTLINE="0." LINESPACE="12.19999981"/>
<ParagraphStyle ID="StyleId-CE3D254A-29D7-4DD7-B5F1-E0FC0EF29B05-" ALIGN="Left" LEFT="0." RIGHT="0." FIRSTLINE="-14." LINESPACE="8.619999886"/>
<ParagraphStyle ID="StyleId-C0E3A137-CE4F-4287-8A90-B599106709D0-" ALIGN="Left" LEFT="0." RIGHT="0." FIRSTLINE="-14." LINESPACE="12.19999981"/>
<ParagraphStyle ID="StyleId-50F26F0C-05DA-4C19-BA58-7A6AC4499BEE-" ALIGN="Left" LEFT="0." RIGHT="0." FIRSTLINE="-14." LINESPACE="11.06999969"/>
<ParagraphStyle ID="StyleId-5DDE65AF-512C-41E2-9B8E-095D6D99EF68-" ALIGN="Center" LEFT="0." RIGHT="0." FIRSTLINE="0." LINESPACE="11.89999962"/>
<ParagraphStyle ID="StyleId-0A81D7A5-6A62-4C52-915E-7768974C704D-" ALIGN="Left" LEFT="0." RIGHT="0." FIRSTLINE="0." LINESPACE="9.399999619"/>
<ParagraphStyle ID="StyleId-F7A0127F-6B48-4157-BB81-FE33E1E1A05B-" ALIGN="Block" LEFT="0." RIGHT="0." FIRSTLINE="-13." LINESPACE="10.63000011"/>
<ParagraphStyle ID="StyleId-E18C69F7-DBD7-48B1-805C-FCD96D0DA019-" ALIGN="Left" LEFT="0." RIGHT="0." FIRSTLINE="0." LINESPACE="11.64000034"/>
<ParagraphStyle ID="StyleId-98F15501-B611-4E83-8BB3-807E891F11F5-" ALIGN="Left" LEFT="0." RIGHT="0." FIRSTLINE="-14." LINESPACE="12.19999981"/>
<ParagraphStyle ID="StyleId-F4A78626-0BBC-4D12-94D9-A1AE75A9855F-" ALIGN="Left" LEFT="0." RIGHT="0." FIRSTLINE="0." LINESPACE="9.399999619"/>
<ParagraphStyle ID="StyleId-6A3F6F4C-D21B-4ADE-902F-7683F18ECEF3-" ALIGN="Left" LEFT="0." RIGHT="0." FIRSTLINE="0." LINESPACE="11.10000038"/>
</Styles>
<Layout>
<Page ID="Page1170" PHYSICAL_IMG_NR="1170" HEIGHT="4453" WIDTH="2582">
<TopMargin HEIGHT="448" WIDTH="2582" VPOS="0" HPOS="0">
</TopMargin>
<LeftMargin HEIGHT="3676" WIDTH="269" VPOS="448" HPOS="0">
</LeftMargin>
<RightMargin HEIGHT="3676" WIDTH="155" VPOS="448" HPOS="2427">
</RightMargin>
<BottomMargin HEIGHT="329" WIDTH="2582" VPOS="4124" HPOS="0">
<TextBlock ID="Page1170_Block1" HEIGHT="96" WIDTH="292" VPOS="4143" HPOS="1258" LANG="en-US" STYLEREFS="StyleId-BE1B91D0-26F1-4A24-A3A7-089A96565935-">
<TextLine HEIGHT="54" WIDTH="136" VPOS="4147" HPOS="1312">
<String CONTENT="1170" HEIGHT="54" WIDTH="136" VPOS="4147" HPOS="1312"/>
</TextLine>
</TextBlock>
</BottomMargin>
<PrintSpace HEIGHT="3676" WIDTH="2158" VPOS="448" HPOS="269">
<TextBlock ID="Page1170_Block2" HEIGHT="3676" WIDTH="2073" VPOS="448" HPOS="354" LANG="en-US" CS="1" STYLEREFS="StyleId-0F1A6871-BF7B-46C1-8A2F-8013E8647838-">
<TextLine HEIGHT="108" WIDTH="2022" VPOS="545" HPOS="368" CS="1">
<String CONTENT="xii" HEIGHT="40" WIDTH="71" VPOS="546" HPOS="437"/>
<SP HEIGHT="48" WIDTH="21" VPOS="546" HPOS="509"/>
<String CONTENT="p.," HEIGHT="39" WIDTH="60" VPOS="556" HPOS="531"/>
<SP HEIGHT="48" WIDTH="23" VPOS="547" HPOS="592"/>
<String CONTENT="1" HEIGHT="39" WIDTH="25" VPOS="547" HPOS="616"/>
<SP HEIGHT="40" WIDTH="26" VPOS="546" HPOS="642"/>
<String CS="1" CONTENT="l.," HEIGHT="17" WIDTH="24" VPOS="577" HPOS="688"/>
<SP HEIGHT="49" WIDTH="23" VPOS="545" HPOS="713"/>
<String CONTENT="15-176" HEIGHT="43" WIDTH="177" VPOS="545" HPOS="737"/>
<SP HEIGHT="49" WIDTH="22" VPOS="546" HPOS="915"/>
<String CONTENT="p." HEIGHT="39" WIDTH="42" VPOS="556" HPOS="938"/>
<SP HEIGHT="40" WIDTH="56" VPOS="548" HPOS="981"/>
<String CONTENT="illus." HEIGHT="42" WIDTH="128" VPOS="547" HPOS="1038"/>
<SP HEIGHT="50" WIDTH="28" VPOS="547" HPOS="1167"/>
<String CONTENT="(incl." HEIGHT="50" WIDTH="133" VPOS="547" HPOS="1196"/>
<SP HEIGHT="39" WIDTH="26" VPOS="557" HPOS="1330"/>
<String CONTENT="ports.," HEIGHT="47" WIDTH="166" VPOS="549" HPOS="1357"/>
<SP HEIGHT="38" WIDTH="24" VPOS="558" HPOS="1524"/>
<String CONTENT="maps," HEIGHT="41" WIDTH="152" VPOS="558" HPOS="1549"/>
<SP HEIGHT="51" WIDTH="25" VPOS="548" HPOS="1702"/>
<String CONTENT="facsim.)" HEIGHT="49" WIDTH="217" VPOS="548" HPOS="1728"/>
<SP HEIGHT="49" WIDTH="62" VPOS="548" HPOS="1946"/>
<String CS="1" CONTENT="19&#189;" HEIGHT="42" WIDTH="57" VPOS="547" HPOS="2009"/>
<String STYLE="superscript" CONTENT="cm" HEIGHT="22" WIDTH="44" VPOS="550" HPOS="2099"/>
<String CONTENT="." HEIGHT="9" WIDTH="9" VPOS="581" HPOS="2148"/>
<SP/>
<String CONTENT="(Half-title:" HEIGHT="96" WIDTH="2022" VPOS="549" HPOS="368"/>
<SP HEIGHT="41" WIDTH="30" VPOS="604" HPOS="493"/>
<String CONTENT="&#8220;Great" HEIGHT="41" WIDTH="183" VPOS="603" HPOS="524"/>
<SP HEIGHT="38" WIDTH="29" VPOS="606" HPOS="708"/>
<String CONTENT="occasions&#8221;)" HEIGHT="50" WIDTH="304" VPOS="603" HPOS="738"/>
</TextLine>
<TextLine HEIGHT="55" WIDTH="2016" VPOS="673" HPOS="373" CS="1">
<String CONTENT="&#169;" HEIGHT="52" WIDTH="55" VPOS="673" HPOS="373"/>
<SP HEIGHT="52" WIDTH="27" VPOS="673" HPOS="429"/>
<String CONTENT="July" HEIGHT="47" WIDTH="116" VPOS="678" HPOS="457"/>
<SP HEIGHT="48" WIDTH="28" VPOS="677" HPOS="574"/>
<String CONTENT="21," HEIGHT="47" WIDTH="69" VPOS="677" HPOS="603"/>
<SP HEIGHT="46" WIDTH="30" VPOS="678" HPOS="673"/>
<String CS="1" CONTENT="1933;" HEIGHT="40" WIDTH="114" VPOS="677" HPOS="704"/>
<SP HEIGHT="47" WIDTH="31" VPOS="677" HPOS="847"/>
<String CONTENT="2c." HEIGHT="40" WIDTH="66" VPOS="677" HPOS="879"/>
<SP HEIGHT="38" WIDTH="30" VPOS="678" HPOS="946"/>
<String CONTENT="Aug." HEIGHT="48" WIDTH="122" VPOS="678" HPOS="977"/>
<SP HEIGHT="39" WIDTH="29" VPOS="679" HPOS="1100"/>
<String CONTENT="7;" HEIGHT="46" WIDTH="53" VPOS="679" HPOS="1130"/>
<SP/>
<String CS="1" CONTENT="aff."/>
<SP HEIGHT="38" WIDTH="31" VPOS="679" HPOS="1299"/>
<String CONTENT="Aug." HEIGHT="48" WIDTH="121" VPOS="679" HPOS="1331"/>
<SP HEIGHT="39" WIDTH="29" VPOS="680" HPOS="1453"/>
<String CONTENT="3;" HEIGHT="46" WIDTH="54" VPOS="680" HPOS="1483"/>
<SP HEIGHT="47" WIDTH="32" VPOS="679" HPOS="1538"/>
<!-- cceid 47B08A75-6CF9-1014-A6CF-A82867D68027 --><String CONTENT="A" HEIGHT="40" WIDTH="43" VPOS="679" HPOS="1571"/>
<SP HEIGHT="40" WIDTH="27" VPOS="679" HPOS="1615"/>
<String CONTENT="63825;" HEIGHT="48" WIDTH="172" VPOS="679" HPOS="1643"/>
<SP HEIGHT="47" WIDTH="34" VPOS="680" HPOS="1816"/>
<String CONTENT="J." HEIGHT="41" WIDTH="47" VPOS="680" HPOS="1851"/>
<SP HEIGHT="41" WIDTH="27" VPOS="680" HPOS="1899"/>
<String CONTENT="Buchan," HEIGHT="48" WIDTH="219" VPOS="680" HPOS="1927"/>
<SP HEIGHT="47" WIDTH="29" VPOS="681" HPOS="2147"/>
<String CONTENT="London." HEIGHT="40" WIDTH="212" VPOS="681" HPOS="2177"/>
</TextLine>
<TextLine HEIGHT="48" WIDTH="282" VPOS="735" HPOS="452">
<String CONTENT="(33-21860)" HEIGHT="48" WIDTH="282" VPOS="735" HPOS="452"/>
</TextLine>
<TextLine HEIGHT="70" WIDTH="767" VPOS="850" HPOS="365" STYLEREFS="StyleId-BE8D85A0-D717-4BB6-B450-91BC40E6877A-">
<String CONTENT="Buchler," HEIGHT="68" WIDTH="274" VPOS="850" HPOS="365"/>
<SP HEIGHT="64" WIDTH="29" VPOS="854" HPOS="640"/>
<String CONTENT="Samuel," HEIGHT="66" WIDTH="257" VPOS="854" HPOS="670"/>
<SP HEIGHT="63" WIDTH="30" VPOS="857" HPOS="928"/>
<String CONTENT="1884-" HEIGHT="50" WIDTH="173" VPOS="857" HPOS="959"/>
</TextLine>
<TextLine HEIGHT="69" WIDTH="1947" VPOS="934" HPOS="443" STYLEREFS="StyleId-EC8E2544-ADBA-4390-9DCA-808D3F173799-">
<String CONTENT="&#8220;Cohen" HEIGHT="54" WIDTH="233" VPOS="934" HPOS="443"/>
<SP HEIGHT="35" WIDTH="25" VPOS="953" HPOS="677"/>
<String CONTENT="comes" HEIGHT="36" WIDTH="183" VPOS="953" HPOS="703"/>
<SP HEIGHT="55" WIDTH="27" VPOS="934" HPOS="887"/>
<String CONTENT="first&#8221;" HEIGHT="53" WIDTH="161" VPOS="934" HPOS="915"/>
<SP HEIGHT="51" WIDTH="29" VPOS="936" HPOS="1077"/>
<String CONTENT="and" HEIGHT="53" WIDTH="113" VPOS="935" HPOS="1107"/>
<SP HEIGHT="53" WIDTH="28" VPOS="935" HPOS="1221"/>
<String CONTENT="other" HEIGHT="54" WIDTH="164" VPOS="935" HPOS="1250"/>
<SP HEIGHT="34" WIDTH="26" VPOS="954" HPOS="1415"/>
<String CONTENT="cases;" HEIGHT="49" WIDTH="179" VPOS="954" HPOS="1442"/>
<SP HEIGHT="47" WIDTH="32" VPOS="956" HPOS="1622"/>
<String CONTENT="stories" HEIGHT="53" WIDTH="200" VPOS="936" HPOS="1655"/>
<SP HEIGHT="33" WIDTH="29" VPOS="956" HPOS="1856"/>
<String CONTENT="of" HEIGHT="53" WIDTH="66" VPOS="936" HPOS="1886"/>
<SP HEIGHT="56" WIDTH="26" VPOS="936" HPOS="1953"/>
<String CONTENT="controversies" HEIGHT="54" WIDTH="410" VPOS="938" HPOS="1980"/>
</TextLine>
<TextLine HEIGHT="72" WIDTH="2016" VPOS="1012" HPOS="372" STYLEREFS="StyleId-EC8E2544-ADBA-4390-9DCA-808D3F173799-">
<String CONTENT="before" HEIGHT="53" WIDTH="196" VPOS="1012" HPOS="372"/>
<SP HEIGHT="46" WIDTH="33" VPOS="1019" HPOS="569"/>
<String CONTENT="the" HEIGHT="52" WIDTH="97" VPOS="1014" HPOS="603"/>
<SP HEIGHT="52" WIDTH="32" VPOS="1014" HPOS="701"/>
<String CONTENT="New" HEIGHT="52" WIDTH="139" VPOS="1014" HPOS="734"/>
<SP HEIGHT="52" WIDTH="34" VPOS="1015" HPOS="874"/>
<String CONTENT="York" HEIGHT="53" WIDTH="164" VPOS="1014" HPOS="909"/>
<SP HEIGHT="55" WIDTH="32" VPOS="1014" HPOS="1074"/>
<String CONTENT="Jewish" HEIGHT="55" WIDTH="218" VPOS="1014" HPOS="1107"/>
<SP HEIGHT="52" WIDTH="32" VPOS="1015" HPOS="1326"/>
<String CONTENT="court" HEIGHT="48" WIDTH="162" VPOS="1020" HPOS="1359"/>
<SP HEIGHT="47" WIDTH="31" VPOS="1020" HPOS="1522"/>
<String CONTENT="of" HEIGHT="53" WIDTH="65" VPOS="1014" HPOS="1554"/>
<SP HEIGHT="54" WIDTH="32" VPOS="1014" HPOS="1620"/>
<String CONTENT="arbitration," HEIGHT="71" WIDTH="363" VPOS="1012" HPOS="1653"/>
<SP HEIGHT="67" WIDTH="29" VPOS="1016" HPOS="2017"/>
<String CONTENT="by" HEIGHT="68" WIDTH="77" VPOS="1016" HPOS="2047"/>
<SP HEIGHT="68" WIDTH="32" VPOS="1016" HPOS="2125"/>
<String CONTENT="Samuel" HEIGHT="56" WIDTH="230" VPOS="1016" HPOS="2158"/>
</TextLine>
<TextLine HEIGHT="71" WIDTH="1688" VPOS="1092" HPOS="372" STYLEREFS="StyleId-EC8E2544-ADBA-4390-9DCA-808D3F173799-" CS="1">
<String CONTENT="Buchler" HEIGHT="54" WIDTH="251" VPOS="1092" HPOS="372"/>
<SP HEIGHT="33" WIDTH="35" VPOS="1114" HPOS="624"/>
<String CS="1" CONTENT="&#8230;"/>
<SP HEIGHT="53" WIDTH="78" VPOS="1094" HPOS="718"/>
<String CONTENT="New" HEIGHT="52" WIDTH="140" VPOS="1094" HPOS="797"/>
<SP HEIGHT="52" WIDTH="31" VPOS="1095" HPOS="938"/>
<String CONTENT="York," HEIGHT="68" WIDTH="181" VPOS="1093" HPOS="970"/>
<SP HEIGHT="65" WIDTH="30" VPOS="1096" HPOS="1152"/>
<String CONTENT="The" HEIGHT="53" WIDTH="123" VPOS="1094" HPOS="1183"/>
<SP HEIGHT="54" WIDTH="28" VPOS="1095" HPOS="1307"/>
<String CONTENT="Vanguard" HEIGHT="68" WIDTH="322" VPOS="1095" HPOS="1336"/>
<SP HEIGHT="67" WIDTH="30" VPOS="1096" HPOS="1659"/>
<String CONTENT="press" HEIGHT="50" WIDTH="157" VPOS="1113" HPOS="1690"/>
<SP HEIGHT="47" WIDTH="36" VPOS="1116" HPOS="1848"/>
<String CS="1" CONTENT="[c1933]" HEIGHT="65" WIDTH="175" VPOS="1098" HPOS="1885"/>
</TextLine>
<TextLine HEIGHT="49" WIDTH="778" VPOS="1180" HPOS="444" STYLEREFS="StyleId-EC8E2544-ADBA-4390-9DCA-808D3F173799-" CS="1">
<String CONTENT="xviii" HEIGHT="39" WIDTH="123" VPOS="1180" HPOS="444"/>
<SP HEIGHT="48" WIDTH="25" VPOS="1180" HPOS="568"/>
<String CONTENT="p.," HEIGHT="37" WIDTH="57" VPOS="1191" HPOS="594"/>
<SP HEIGHT="46" WIDTH="25" VPOS="1181" HPOS="652"/>
<String CONTENT="1" HEIGHT="38" WIDTH="24" VPOS="1181" HPOS="678"/>
<SP HEIGHT="39" WIDTH="25" VPOS="1180" HPOS="703"/>
<String CS="1" CONTENT="l.," HEIGHT="18" WIDTH="22" VPOS="1211" HPOS="751"/>
<SP HEIGHT="49" WIDTH="25" VPOS="1180" HPOS="774"/>
<String CONTENT="21-256" HEIGHT="40" WIDTH="175" VPOS="1180" HPOS="800"/>
<SP HEIGHT="49" WIDTH="23" VPOS="1180" HPOS="976"/>
<String CONTENT="p." HEIGHT="37" WIDTH="44" VPOS="1192" HPOS="1000"/>
<SP HEIGHT="40" WIDTH="59" VPOS="1181" HPOS="1045"/>
<String CONTENT="20" HEIGHT="41" WIDTH="56" VPOS="1180" HPOS="1105"/>
<String STYLE="superscript" CONTENT="cm" HEIGHT="22" WIDTH="45" VPOS="1183" HPOS="1164"/>
<String CONTENT="." HEIGHT="9" WIDTH="9" VPOS="1213" HPOS="1213"/>
</TextLine>
<TextLine HEIGHT="55" WIDTH="2020" VPOS="1248" HPOS="375" CS="1">
<String CONTENT="&#169;" HEIGHT="53" WIDTH="52" VPOS="1248" HPOS="375"/>
<SP HEIGHT="53" WIDTH="26" VPOS="1248" HPOS="428"/>
<String CONTENT="May" HEIGHT="46" WIDTH="116" VPOS="1255" HPOS="455"/>
<SP HEIGHT="46" WIDTH="24" VPOS="1255" HPOS="572"/>
<String CONTENT="18," HEIGHT="47" WIDTH="69" VPOS="1253" HPOS="597"/>
<SP HEIGHT="46" WIDTH="27" VPOS="1254" HPOS="667"/>
<String CONTENT="1933;" HEIGHT="48" WIDTH="142" VPOS="1253" HPOS="695"/>
<SP HEIGHT="47" WIDTH="27" VPOS="1254" HPOS="838"/>
<String CONTENT="2c." HEIGHT="40" WIDTH="66" VPOS="1254" HPOS="866"/>
<SP HEIGHT="39" WIDTH="28" VPOS="1255" HPOS="933"/>
<String CONTENT="July" HEIGHT="47" WIDTH="117" VPOS="1255" HPOS="962"/>
<SP HEIGHT="48" WIDTH="26" VPOS="1254" HPOS="1080"/>
<String CONTENT="8;" HEIGHT="47" WIDTH="52" VPOS="1254" HPOS="1107"/>
<SP/>
<String CS="1" CONTENT="aff."/>
<SP HEIGHT="40" WIDTH="27" VPOS="1255" HPOS="1274"/>
<String CONTENT="May" HEIGHT="47" WIDTH="116" VPOS="1255" HPOS="1302"/>
<SP HEIGHT="47" WIDTH="24" VPOS="1255" HPOS="1419"/>
<String CS="1" CONTENT="29;" HEIGHT="41" WIDTH="57" VPOS="1253" HPOS="1444"/>
<SP HEIGHT="39" WIDTH="27" VPOS="1256" HPOS="1529"/>
<!-- cceid 47B0E33F-6CF9-1014-A6CF-A82867D68027 --><String CONTENT="A" HEIGHT="38" WIDTH="41" VPOS="1256" HPOS="1557"/>
<SP HEIGHT="40" WIDTH="26" VPOS="1254" HPOS="1599"/>
<String CONTENT="63553;" HEIGHT="48" WIDTH="171" VPOS="1254" HPOS="1626"/>
<SP HEIGHT="47" WIDTH="29" VPOS="1255" HPOS="1798"/>
<String CONTENT="Vanguard" HEIGHT="48" WIDTH="267" VPOS="1255" HPOS="1828"/>
<SP HEIGHT="47" WIDTH="26" VPOS="1255" HPOS="2096"/>
<String CONTENT="press," HEIGHT="37" WIDTH="151" VPOS="1265" HPOS="2123"/>
<SP HEIGHT="47" WIDTH="26" VPOS="1255" HPOS="2275"/>
<String CONTENT="inc." HEIGHT="41" WIDTH="93" VPOS="1255" HPOS="2302"/>
</TextLine>
<TextLine HEIGHT="48" WIDTH="283" VPOS="1312" HPOS="452">
<String CONTENT="(33-21755)" HEIGHT="48" WIDTH="283" VPOS="1312" HPOS="452"/>
</TextLine>
<TextLine HEIGHT="69" WIDTH="1139" VPOS="1429" HPOS="367" STYLEREFS="StyleId-BE8D85A0-D717-4BB6-B450-91BC40E6877A-">
<String CONTENT="Burgess," HEIGHT="68" WIDTH="285" VPOS="1429" HPOS="367"/>
<SP HEIGHT="64" WIDTH="28" VPOS="1433" HPOS="653"/>
<String CONTENT="John" HEIGHT="54" WIDTH="156" VPOS="1432" HPOS="682"/>
<SP HEIGHT="54" WIDTH="27" VPOS="1432" HPOS="839"/>
<String CONTENT="William," HEIGHT="69" WIDTH="277" VPOS="1429" HPOS="867"/>
<SP HEIGHT="62" WIDTH="31" VPOS="1436" HPOS="1145"/>
<String CONTENT="1844-1931." HEIGHT="51" WIDTH="329" VPOS="1435" HPOS="1177"/>
</TextLine>
<TextLine HEIGHT="71" WIDTH="1885" VPOS="1511" HPOS="444" STYLEREFS="StyleId-EC8E2544-ADBA-4390-9DCA-808D3F173799-" CS="1">
<String CONTENT="The" HEIGHT="53" WIDTH="122" VPOS="1511" HPOS="444"/>
<SP HEIGHT="52" WIDTH="27" VPOS="1511" HPOS="567"/>
<String CONTENT="foundations" HEIGHT="55" WIDTH="376" VPOS="1511" HPOS="595"/>
<SP HEIGHT="34" WIDTH="27" VPOS="1532" HPOS="972"/>
<String CONTENT="of" HEIGHT="53" WIDTH="65" VPOS="1512" HPOS="1000"/>
<SP HEIGHT="68" WIDTH="24" VPOS="1512" HPOS="1066"/>
<String CONTENT="political" HEIGHT="68" WIDTH="261" VPOS="1512" HPOS="1091"/>
<SP HEIGHT="52" WIDTH="26" VPOS="1514" HPOS="1353"/>
<String CONTENT="science," HEIGHT="68" WIDTH="231" VPOS="1513" HPOS="1380"/>
<SP HEIGHT="70" WIDTH="23" VPOS="1511" HPOS="1612"/>
<String CONTENT="by" HEIGHT="70" WIDTH="77" VPOS="1511" HPOS="1636"/>
<SP HEIGHT="67" WIDTH="24" VPOS="1514" HPOS="1714"/>
<String CONTENT="John" HEIGHT="55" WIDTH="160" VPOS="1513" HPOS="1739"/>
<SP HEIGHT="54" WIDTH="23" VPOS="1514" HPOS="1900"/>
<String CONTENT="W." HEIGHT="54" WIDTH="90" VPOS="1514" HPOS="1924"/>
<SP HEIGHT="52" WIDTH="29" VPOS="1515" HPOS="2015"/>
<String CONTENT="Burgess" HEIGHT="67" WIDTH="251" VPOS="1515" HPOS="2045"/>
<SP HEIGHT="33" WIDTH="32" VPOS="1533" HPOS="2297"/>
<String CS="1" CONTENT="&#8230;"/>
</TextLine>
<TextLine HEIGHT="69" WIDTH="2017" VPOS="1591" HPOS="375" STYLEREFS="StyleId-EC8E2544-ADBA-4390-9DCA-808D3F173799-" CS="1">
<String CONTENT="with" HEIGHT="53" WIDTH="141" VPOS="1591" HPOS="375"/>
<SP HEIGHT="53" WIDTH="45" VPOS="1592" HPOS="517"/>
<String CONTENT="an" HEIGHT="34" WIDTH="72" VPOS="1611" HPOS="563"/>
<SP HEIGHT="53" WIDTH="46" VPOS="1591" HPOS="636"/>
<String CONTENT="introduction" HEIGHT="54" WIDTH="396" VPOS="1591" HPOS="683"/>
<SP HEIGHT="52" WIDTH="44" VPOS="1593" HPOS="1080"/>
<String CONTENT="by" HEIGHT="67" WIDTH="77" VPOS="1593" HPOS="1125"/>
<SP HEIGHT="67" WIDTH="43" VPOS="1593" HPOS="1203"/>
<String CONTENT="Nicholas" HEIGHT="56" WIDTH="273" VPOS="1591" HPOS="1247"/>
<SP HEIGHT="52" WIDTH="47" VPOS="1593" HPOS="1521"/>
<String CONTENT="Murray" HEIGHT="67" WIDTH="245" VPOS="1593" HPOS="1569"/>
<SP HEIGHT="67" WIDTH="43" VPOS="1593" HPOS="1815"/>
<String CONTENT="Butler" HEIGHT="52" WIDTH="205" VPOS="1593" HPOS="1859"/>
<SP HEIGHT="37" WIDTH="49" VPOS="1609" HPOS="2065"/>
<String CS="1" CONTENT="&#8230;"/>
<SP HEIGHT="53" WIDTH="78" VPOS="1593" HPOS="2173"/>
<String CONTENT="New" HEIGHT="53" WIDTH="140" VPOS="1593" HPOS="2252"/>
</TextLine>
<TextLine HEIGHT="69" WIDTH="1251" VPOS="1671" HPOS="374" STYLEREFS="StyleId-EC8E2544-ADBA-4390-9DCA-808D3F173799-">
<String CONTENT="York," HEIGHT="68" WIDTH="179" VPOS="1671" HPOS="374"/>
<SP HEIGHT="65" WIDTH="29" VPOS="1674" HPOS="554"/>
<String CONTENT="Columbia" HEIGHT="56" WIDTH="303" VPOS="1672" HPOS="584"/>
<SP HEIGHT="35" WIDTH="26" VPOS="1691" HPOS="888"/>
<String CONTENT="university" HEIGHT="69" WIDTH="323" VPOS="1671" HPOS="915"/>
<SP HEIGHT="50" WIDTH="25" VPOS="1690" HPOS="1239"/>
<String CONTENT="press," HEIGHT="50" WIDTH="177" VPOS="1690" HPOS="1265"/>
<SP HEIGHT="62" WIDTH="30" VPOS="1677" HPOS="1443"/>
<String CONTENT="1933." HEIGHT="49" WIDTH="151" VPOS="1676" HPOS="1474"/>
</TextLine>
<TextLine HEIGHT="50" WIDTH="908" VPOS="1759" HPOS="446" STYLEREFS="StyleId-EC8E2544-ADBA-4390-9DCA-808D3F173799-" CS="1">
<String CONTENT="viii" HEIGHT="40" WIDTH="88" VPOS="1759" HPOS="446"/>
<SP HEIGHT="48" WIDTH="24" VPOS="1759" HPOS="535"/>
<String CONTENT="p.," HEIGHT="38" WIDTH="58" VPOS="1770" HPOS="560"/>
<SP HEIGHT="48" WIDTH="23" VPOS="1760" HPOS="619"/>
<String CONTENT="2" HEIGHT="39" WIDTH="28" VPOS="1760" HPOS="643"/>
<SP HEIGHT="39" WIDTH="23" VPOS="1760" HPOS="672"/>
<String CONTENT="l.," HEIGHT="46" WIDTH="45" VPOS="1761" HPOS="696"/>
<SP HEIGHT="30" WIDTH="29" VPOS="1779" HPOS="742"/>
<String CS="1" CONTENT="[3]-158" HEIGHT="50" WIDTH="179" VPOS="1759" HPOS="772"/>
<SP HEIGHT="49" WIDTH="24" VPOS="1759" HPOS="952"/>
<String CONTENT="p.," HEIGHT="37" WIDTH="58" VPOS="1771" HPOS="977"/>
<SP HEIGHT="48" WIDTH="24" VPOS="1760" HPOS="1036"/>
<String CONTENT="1" HEIGHT="40" WIDTH="25" VPOS="1760" HPOS="1061"/>
<SP HEIGHT="40" WIDTH="23" VPOS="1760" HPOS="1087"/>
<String CS="1" CONTENT="l." HEIGHT="8" WIDTH="8" VPOS="1792" HPOS="1133"/>
<SP HEIGHT="40" WIDTH="63" VPOS="1760" HPOS="1142"/>
<String CS="1" CONTENT="23&#189;" HEIGHT="41" WIDTH="56" VPOS="1759" HPOS="1206"/>
<String STYLE="superscript" CONTENT="cm" HEIGHT="22" WIDTH="44" VPOS="1761" HPOS="1295"/>
<String CONTENT="." HEIGHT="9" WIDTH="9" VPOS="1792" HPOS="1345"/>
</TextLine>
<TextLine HEIGHT="50" WIDTH="1940" VPOS="1830" HPOS="446">
<String CONTENT="A" HEIGHT="40" WIDTH="43" VPOS="1832" HPOS="446"/>
<SP HEIGHT="40" WIDTH="30" VPOS="1832" HPOS="490"/>
<String CONTENT="revision," HEIGHT="50" WIDTH="228" VPOS="1830" HPOS="521"/>
<SP HEIGHT="46" WIDTH="32" VPOS="1834" HPOS="750"/>
<String CONTENT="to" HEIGHT="38" WIDTH="48" VPOS="1834" HPOS="783"/>
<SP HEIGHT="41" WIDTH="32" VPOS="1831" HPOS="832"/>
<String CONTENT="July" HEIGHT="49" WIDTH="117" VPOS="1831" HPOS="865"/>
<SP HEIGHT="48" WIDTH="32" VPOS="1832" HPOS="983"/>
<String CONTENT="1914," HEIGHT="48" WIDTH="129" VPOS="1831" HPOS="1016"/>
<SP HEIGHT="37" WIDTH="33" VPOS="1842" HPOS="1146"/>
<String CONTENT="of" HEIGHT="40" WIDTH="52" VPOS="1831" HPOS="1180"/>
<SP HEIGHT="40" WIDTH="31" VPOS="1831" HPOS="1233"/>
<String CONTENT="the" HEIGHT="40" WIDTH="83" VPOS="1832" HPOS="1265"/>
<SP HEIGHT="31" WIDTH="30" VPOS="1841" HPOS="1349"/>
<String CONTENT="chapters" HEIGHT="48" WIDTH="229" VPOS="1831" HPOS="1380"/>
<SP HEIGHT="29" WIDTH="32" VPOS="1842" HPOS="1610"/>
<String CONTENT="relating" HEIGHT="49" WIDTH="213" VPOS="1831" HPOS="1643"/>
<SP HEIGHT="46" WIDTH="30" VPOS="1834" HPOS="1857"/>
<String CONTENT="to" HEIGHT="38" WIDTH="48" VPOS="1834" HPOS="1888"/>
<SP HEIGHT="38" WIDTH="33" VPOS="1833" HPOS="1937"/>
<String CONTENT="the" HEIGHT="40" WIDTH="82" VPOS="1831" HPOS="1971"/>
<SP HEIGHT="30" WIDTH="29" VPOS="1842" HPOS="2054"/>
<String CONTENT="nation" HEIGHT="42" WIDTH="170" VPOS="1831" HPOS="2084"/>
<SP HEIGHT="31" WIDTH="33" VPOS="1842" HPOS="2255"/>
<String CONTENT="and" HEIGHT="39" WIDTH="97" VPOS="1833" HPOS="2289"/>
</TextLine>
<TextLine HEIGHT="108" WIDTH="1998" VPOS="1888" HPOS="375" CS="1">
<String CONTENT="the" HEIGHT="40" WIDTH="82" VPOS="1890" HPOS="376"/>
<SP HEIGHT="29" WIDTH="29" VPOS="1901" HPOS="459"/>
<String CONTENT="state" HEIGHT="37" WIDTH="130" VPOS="1893" HPOS="489"/>
<SP HEIGHT="40" WIDTH="28" VPOS="1890" HPOS="620"/>
<String CONTENT="from" HEIGHT="40" WIDTH="130" VPOS="1890" HPOS="649"/>
<SP HEIGHT="37" WIDTH="31" VPOS="1892" HPOS="780"/>
<String CONTENT="the" HEIGHT="40" WIDTH="83" VPOS="1890" HPOS="812"/>
<SP HEIGHT="30" WIDTH="29" VPOS="1900" HPOS="896"/>
<String CONTENT="author&#8217;s" HEIGHT="41" WIDTH="221" VPOS="1889" HPOS="926"/>
<SP HEIGHT="38" WIDTH="30" VPOS="1892" HPOS="1148"/>
<String CONTENT="treatise" HEIGHT="40" WIDTH="204" VPOS="1890" HPOS="1179"/>
<SP HEIGHT="31" WIDTH="29" VPOS="1899" HPOS="1384"/>
<String CONTENT="on" HEIGHT="29" WIDTH="60" VPOS="1900" HPOS="1414"/>
<SP HEIGHT="39" WIDTH="31" VPOS="1889" HPOS="1475"/>
<String CONTENT="&#8220;Political" HEIGHT="41" WIDTH="256" VPOS="1888" HPOS="1507"/>
<SP HEIGHT="39" WIDTH="32" VPOS="1890" HPOS="1764"/>
<String CONTENT="science" HEIGHT="41" WIDTH="187" VPOS="1889" HPOS="1797"/>
<SP HEIGHT="29" WIDTH="30" VPOS="1899" HPOS="1985"/>
<String CONTENT="and" HEIGHT="40" WIDTH="96" VPOS="1889" HPOS="2016"/>
<SP HEIGHT="40" WIDTH="31" VPOS="1889" HPOS="2113"/>
<String CONTENT="comparative" HEIGHT="88" WIDTH="1998" VPOS="1900" HPOS="375"/>
<SP HEIGHT="29" WIDTH="24" VPOS="1959" HPOS="475"/>
<String CONTENT="constitutional" HEIGHT="40" WIDTH="374" VPOS="1948" HPOS="500"/>
<SP HEIGHT="39" WIDTH="27" VPOS="1949" HPOS="875"/>
<String CONTENT="law&#8221;" HEIGHT="41" WIDTH="124" VPOS="1947" HPOS="903"/>
<SP HEIGHT="49" WIDTH="27" VPOS="1947" HPOS="1028"/>
<String CONTENT="published" HEIGHT="49" WIDTH="258" VPOS="1947" HPOS="1056"/>
<SP HEIGHT="41" WIDTH="25" VPOS="1947" HPOS="1315"/>
<String CONTENT="in" HEIGHT="40" WIDTH="50" VPOS="1947" HPOS="1341"/>
<SP HEIGHT="39" WIDTH="25" VPOS="1948" HPOS="1392"/>
<String CONTENT="1890." HEIGHT="42" WIDTH="129" VPOS="1946" HPOS="1418"/>
<SP HEIGHT="31" WIDTH="60" VPOS="1957" HPOS="1548"/>
<String CONTENT="cf." HEIGHT="48" WIDTH="61" VPOS="1948" HPOS="1609"/>
<SP HEIGHT="41" WIDTH="27" VPOS="1947" HPOS="1671"/>
<String CONTENT="Pref." HEIGHT="41" WIDTH="133" VPOS="1947" HPOS="1699"/>
</TextLine>
<TextLine HEIGHT="52" WIDTH="2018" VPOS="2017" HPOS="376" CS="1">
<String CONTENT="&#169;" HEIGHT="52" WIDTH="52" VPOS="2017" HPOS="376"/>
<SP HEIGHT="52" WIDTH="34" VPOS="2017" HPOS="429"/>
<String CONTENT="Aug." HEIGHT="48" WIDTH="121" VPOS="2021" HPOS="464"/>
<SP HEIGHT="40" WIDTH="33" VPOS="2021" HPOS="586"/>
<String CONTENT="15," HEIGHT="47" WIDTH="70" VPOS="2021" HPOS="620"/>
<SP HEIGHT="47" WIDTH="33" VPOS="2021" HPOS="691"/>
<String CONTENT="1933;" HEIGHT="46" WIDTH="142" VPOS="2020" HPOS="725"/>
<SP HEIGHT="45" WIDTH="35" VPOS="2021" HPOS="868"/>
<String CONTENT="2c." HEIGHT="40" WIDTH="67" VPOS="2021" HPOS="904"/>
<SP HEIGHT="38" WIDTH="35" VPOS="2022" HPOS="972"/>
<String CONTENT="Aug." HEIGHT="47" WIDTH="120" VPOS="2022" HPOS="1008"/>
<SP HEIGHT="39" WIDTH="35" VPOS="2021" HPOS="1129"/>
<String CONTENT="14;" HEIGHT="46" WIDTH="82" VPOS="2021" HPOS="1165"/>
<SP/>
<String CS="1" CONTENT="aff."/>
<SP HEIGHT="40" WIDTH="35" VPOS="2021" HPOS="1369"/>
<String CONTENT="Aug." HEIGHT="47" WIDTH="122" VPOS="2021" HPOS="1405"/>
<SP HEIGHT="40" WIDTH="33" VPOS="2021" HPOS="1528"/>
<String CONTENT="19;" HEIGHT="47" WIDTH="82" VPOS="2019" HPOS="1562"/>
<SP HEIGHT="46" WIDTH="37" VPOS="2020" HPOS="1645"/>
<!-- cceid 47B13864-6CF9-1014-A6CF-A82867D68027 --><String CONTENT="A" HEIGHT="39" WIDTH="41" VPOS="2020" HPOS="1683"/>
<SP HEIGHT="40" WIDTH="33" VPOS="2020" HPOS="1725"/>
<String CONTENT="64788;" HEIGHT="47" WIDTH="172" VPOS="2020" HPOS="1759"/>
<SP HEIGHT="48" WIDTH="39" VPOS="2019" HPOS="1932"/>
<String CONTENT="Columbia" HEIGHT="42" WIDTH="254" VPOS="2019" HPOS="1972"/>
<SP HEIGHT="29" WIDTH="35" VPOS="2031" HPOS="2227"/>
<String CONTENT="univ." HEIGHT="40" WIDTH="131" VPOS="2019" HPOS="2263"/>
</TextLine>
<TextLine HEIGHT="50" WIDTH="510" VPOS="2078" HPOS="442" CS="1">
<String CONTENT="press." HEIGHT="37" WIDTH="151" VPOS="2090" HPOS="442"/>
<SP HEIGHT="49" WIDTH="74" VPOS="2079" HPOS="594"/>
<String CONTENT="(33-21769)" HEIGHT="50" WIDTH="283" VPOS="2078" HPOS="669"/>
<SP/>
</TextLine>
<TextLine HEIGHT="66" WIDTH="1055" VPOS="2197" HPOS="369" STYLEREFS="StyleId-BE8D85A0-D717-4BB6-B450-91BC40E6877A-">
<String CONTENT="Burt," HEIGHT="65" WIDTH="171" VPOS="2197" HPOS="369"/>
<SP HEIGHT="63" WIDTH="30" VPOS="2199" HPOS="541"/>
<String CONTENT="Maxwell" HEIGHT="53" WIDTH="274" VPOS="2198" HPOS="572"/>
<SP HEIGHT="55" WIDTH="30" VPOS="2198" HPOS="847"/>
<String CONTENT="Struthers," HEIGHT="65" WIDTH="337" VPOS="2198" HPOS="878"/>
<SP HEIGHT="61" WIDTH="34" VPOS="2202" HPOS="1216"/>
<String CONTENT="1882-" HEIGHT="50" WIDTH="173" VPOS="2201" HPOS="1251"/>
</TextLine>
<TextLine HEIGHT="71" WIDTH="1950" VPOS="2276" HPOS="442" STYLEREFS="StyleId-EC8E2544-ADBA-4390-9DCA-808D3F173799-">
<String CONTENT="Entertaining" HEIGHT="71" WIDTH="416" VPOS="2276" HPOS="442"/>
<SP HEIGHT="64" WIDTH="28" VPOS="2283" HPOS="859"/>
<String CONTENT="the" HEIGHT="54" WIDTH="98" VPOS="2278" HPOS="888"/>
<SP HEIGHT="54" WIDTH="30" VPOS="2278" HPOS="987"/>
<String CONTENT="islanders," HEIGHT="68" WIDTH="299" VPOS="2278" HPOS="1018"/>
<SP HEIGHT="68" WIDTH="31" VPOS="2278" HPOS="1318"/>
<String CONTENT="by" HEIGHT="69" WIDTH="74" VPOS="2278" HPOS="1350"/>
<SP HEIGHT="69" WIDTH="35" VPOS="2278" HPOS="1425"/>
<String CONTENT="Struthers" HEIGHT="55" WIDTH="299" VPOS="2278" HPOS="1461"/>
<SP HEIGHT="50" WIDTH="32" VPOS="2281" HPOS="1761"/>
<String CONTENT="Burt." HEIGHT="50" WIDTH="165" VPOS="2281" HPOS="1794"/>
<SP HEIGHT="52" WIDTH="75" VPOS="2278" HPOS="1960"/>
<String CONTENT="New" HEIGHT="52" WIDTH="140" VPOS="2278" HPOS="2036"/>
<SP HEIGHT="53" WIDTH="34" VPOS="2277" HPOS="2177"/>
<String CONTENT="York," HEIGHT="70" WIDTH="180" VPOS="2276" HPOS="2212"/>
</TextLine>
<TextLine HEIGHT="67" WIDTH="775" VPOS="2357" HPOS="372" STYLEREFS="StyleId-EC8E2544-ADBA-4390-9DCA-808D3F173799-">
<String CONTENT="C." HEIGHT="54" WIDTH="62" VPOS="2359" HPOS="372"/>
<SP HEIGHT="55" WIDTH="35" VPOS="2357" HPOS="435"/>
<String CONTENT="Scribner&#8217;s" HEIGHT="56" WIDTH="315" VPOS="2357" HPOS="471"/>
<SP HEIGHT="35" WIDTH="29" VPOS="2378" HPOS="787"/>
<String CONTENT="sons," HEIGHT="47" WIDTH="147" VPOS="2377" HPOS="817"/>
<SP HEIGHT="59" WIDTH="32" VPOS="2365" HPOS="965"/>
<String CONTENT="1933." HEIGHT="52" WIDTH="149" VPOS="2361" HPOS="998"/>
</TextLine>
<TextLine HEIGHT="49" WIDTH="620" VPOS="2446" HPOS="447" CS="1">
<String CONTENT="5" HEIGHT="39" WIDTH="25" VPOS="2447" HPOS="447"/>
<SP/>
<String CS="1" CONTENT="p."/>
<SP/>
<String CS="1" CONTENT="l.," HEIGHT="15" WIDTH="8" VPOS="2478" HPOS="607"/>
<SP HEIGHT="46" WIDTH="28" VPOS="2447" HPOS="616"/>
<String CS="1" CONTENT="3-158" HEIGHT="40" WIDTH="148" VPOS="2447" HPOS="645"/>
<SP HEIGHT="48" WIDTH="24" VPOS="2447" HPOS="794"/>
<String CONTENT="p." HEIGHT="37" WIDTH="43" VPOS="2458" HPOS="819"/>
<SP HEIGHT="38" WIDTH="56" VPOS="2448" HPOS="863"/>
<String CS="1" CONTENT="19&#189;" HEIGHT="40" WIDTH="59" VPOS="2446" HPOS="920"/>
<String STYLE="superscript" CONTENT="cm" HEIGHT="21" WIDTH="45" VPOS="2449" HPOS="1009"/>
<String CONTENT="." HEIGHT="7" WIDTH="8" VPOS="2480" HPOS="1059"/>
</TextLine>
<TextLine HEIGHT="53" WIDTH="2019" VPOS="2514" HPOS="377">
<String CONTENT="&#169;" HEIGHT="53" WIDTH="53" VPOS="2514" HPOS="377"/>
<SP HEIGHT="53" WIDTH="29" VPOS="2514" HPOS="431"/>
<String CONTENT="Sept." HEIGHT="48" WIDTH="127" VPOS="2519" HPOS="461"/>
<SP HEIGHT="40" WIDTH="28" VPOS="2519" HPOS="589"/>
<String CONTENT="8." HEIGHT="40" WIDTH="39" VPOS="2519" HPOS="618"/>
<SP HEIGHT="40" WIDTH="27" VPOS="2519" HPOS="658"/>
<String CONTENT="1933;" HEIGHT="47" WIDTH="141" VPOS="2518" HPOS="686"/>
<SP HEIGHT="45" WIDTH="29" VPOS="2520" HPOS="828"/>
<String CONTENT="2c." HEIGHT="39" WIDTH="68" VPOS="2520" HPOS="858"/>
<SP HEIGHT="30" WIDTH="26" VPOS="2529" HPOS="927"/>
<String CONTENT="and" HEIGHT="40" WIDTH="97" VPOS="2519" HPOS="954"/>
<SP HEIGHT="39" WIDTH="26" VPOS="2519" HPOS="1052"/>
<String CONTENT="aff." HEIGHT="40" WIDTH="81" VPOS="2518" HPOS="1079"/>
<SP HEIGHT="40" WIDTH="30" VPOS="2518" HPOS="1161"/>
<String CONTENT="Sept." HEIGHT="48" WIDTH="130" VPOS="2518" HPOS="1192"/>
<SP HEIGHT="41" WIDTH="26" VPOS="2518" HPOS="1323"/>
<String CONTENT="12;" HEIGHT="47" WIDTH="83" VPOS="2518" HPOS="1350"/>
<SP HEIGHT="48" WIDTH="28" VPOS="2517" HPOS="1434"/>
<!-- cceid 47B18D86-6CF9-1014-A6CF-A82867D68027 --><String CONTENT="A" HEIGHT="40" WIDTH="42" VPOS="2517" HPOS="1463"/>
<SP HEIGHT="40" WIDTH="25" VPOS="2517" HPOS="1506"/>
<String CONTENT="65194;" HEIGHT="47" WIDTH="172" VPOS="2517" HPOS="1532"/>
<SP HEIGHT="47" WIDTH="31" VPOS="2517" HPOS="1705"/>
<String CONTENT="Charles" HEIGHT="41" WIDTH="204" VPOS="2517" HPOS="1737"/>
<SP HEIGHT="41" WIDTH="30" VPOS="2517" HPOS="1942"/>
<String CONTENT="Scribner&#8217;s" HEIGHT="42" WIDTH="266" VPOS="2516" HPOS="1973"/>
<SP HEIGHT="29" WIDTH="27" VPOS="2528" HPOS="2240"/>
<String CONTENT="sons." HEIGHT="32" WIDTH="128" VPOS="2525" HPOS="2268"/>
</TextLine>
<TextLine HEIGHT="69" WIDTH="1128" VPOS="2633" HPOS="371" STYLEREFS="StyleId-BE8D85A0-D717-4BB6-B450-91BC40E6877A-">
<String CONTENT="Chambers," HEIGHT="68" WIDTH="346" VPOS="2633" HPOS="371"/>
<SP HEIGHT="63" WIDTH="28" VPOS="2638" HPOS="718"/>
<String CONTENT="David" HEIGHT="55" WIDTH="194" VPOS="2636" HPOS="747"/>
<SP HEIGHT="54" WIDTH="26" VPOS="2637" HPOS="942"/>
<String CONTENT="Laurance," HEIGHT="65" WIDTH="326" VPOS="2637" HPOS="969"/>
<SP HEIGHT="60" WIDTH="30" VPOS="2642" HPOS="1296"/>
<String CONTENT="1879-" HEIGHT="54" WIDTH="172" VPOS="2637" HPOS="1327"/>
</TextLine>
<TextLine HEIGHT="70" WIDTH="1886" VPOS="2716" HPOS="507" STYLEREFS="StyleId-EC8E2544-ADBA-4390-9DCA-808D3F173799-" CS="1">
<String CS="1" CONTENT="&#8230;"/>
<SP HEIGHT="53" WIDTH="29" VPOS="2719" HPOS="507"/>
<String CONTENT="Indiana," HEIGHT="61" WIDTH="269" VPOS="2718" HPOS="537"/>
<SP HEIGHT="42" WIDTH="22" VPOS="2737" HPOS="807"/>
<String CONTENT="a" HEIGHT="34" WIDTH="32" VPOS="2737" HPOS="830"/>
<SP HEIGHT="52" WIDTH="21" VPOS="2719" HPOS="863"/>
<String CONTENT="Hoosier" HEIGHT="54" WIDTH="248" VPOS="2717" HPOS="885"/>
<SP HEIGHT="52" WIDTH="20" VPOS="2719" HPOS="1134"/>
<String CONTENT="history," HEIGHT="68" WIDTH="240" VPOS="2718" HPOS="1155"/>
<SP HEIGHT="68" WIDTH="22" VPOS="2718" HPOS="1396"/>
<String CONTENT="by" HEIGHT="68" WIDTH="78" VPOS="2718" HPOS="1419"/>
<SP HEIGHT="67" WIDTH="20" VPOS="2719" HPOS="1498"/>
<String CONTENT="David" HEIGHT="54" WIDTH="196" VPOS="2717" HPOS="1519"/>
<SP HEIGHT="52" WIDTH="21" VPOS="2719" HPOS="1716"/>
<String CONTENT="Laurance" HEIGHT="51" WIDTH="296" VPOS="2719" HPOS="1738"/>
<SP HEIGHT="56" WIDTH="26" VPOS="2717" HPOS="2035"/>
<String CONTENT="Chambers," HEIGHT="68" WIDTH="331" VPOS="2716" HPOS="2062"/>
</TextLine>
<TextLine HEIGHT="150" WIDTH="1994" VPOS="2796" HPOS="374" STYLEREFS="StyleId-EC8E2544-ADBA-4390-9DCA-808D3F173799-" CS="1">
<String CONTENT="based" HEIGHT="54" WIDTH="170" VPOS="2797" HPOS="377"/>
<SP HEIGHT="53" WIDTH="34" VPOS="2799" HPOS="548"/>
<String CONTENT="on" HEIGHT="34" WIDTH="73" VPOS="2818" HPOS="583"/>
<SP HEIGHT="47" WIDTH="31" VPOS="2804" HPOS="657"/>
<String CONTENT="the" HEIGHT="52" WIDTH="96" VPOS="2799" HPOS="689"/>
<SP HEIGHT="34" WIDTH="31" VPOS="2817" HPOS="786"/>
<String CONTENT="mural" HEIGHT="52" WIDTH="188" VPOS="2799" HPOS="818"/>
<SP HEIGHT="67" WIDTH="33" VPOS="2799" HPOS="1007"/>
<String CONTENT="paintings" HEIGHT="69" WIDTH="298" VPOS="2797" HPOS="1041"/>
<SP HEIGHT="35" WIDTH="33" VPOS="2816" HPOS="1340"/>
<String CONTENT="of" HEIGHT="53" WIDTH="65" VPOS="2796" HPOS="1374"/>
<SP HEIGHT="55" WIDTH="31" VPOS="2796" HPOS="1440"/>
<String CONTENT="Thomas" HEIGHT="54" WIDTH="251" VPOS="2797" HPOS="1472"/>
<SP HEIGHT="53" WIDTH="33" VPOS="2797" HPOS="1724"/>
<String CONTENT="Hart" HEIGHT="52" WIDTH="156" VPOS="2797" HPOS="1758"/>
<SP HEIGHT="51" WIDTH="35" VPOS="2797" HPOS="1915"/>
<String CONTENT="Benton." HEIGHT="51" WIDTH="244" VPOS="2797" HPOS="1951"/>
<SP HEIGHT="34" WIDTH="80" VPOS="2829" HPOS="2196"/>
<String CONTENT="[Indianapolis," HEIGHT="150" WIDTH="1994" VPOS="2796" HPOS="374"/>
<SP HEIGHT="66" WIDTH="26" VPOS="2879" HPOS="720"/>
<String CONTENT="The" HEIGHT="53" WIDTH="122" VPOS="2878" HPOS="747"/>
<SP HEIGHT="52" WIDTH="26" VPOS="2879" HPOS="870"/>
<String CONTENT="Bobbs-Merrill" HEIGHT="56" WIDTH="449" VPOS="2876" HPOS="897"/>
<SP HEIGHT="55" WIDTH="26" VPOS="2877" HPOS="1347"/>
<String CONTENT="company]" HEIGHT="51" WIDTH="299" VPOS="2894" HPOS="1374"/>
<SP HEIGHT="64" WIDTH="34" VPOS="2880" HPOS="1674"/>
<String CONTENT="1933." HEIGHT="52" WIDTH="152" VPOS="2879" HPOS="1709"/>
</TextLine>
<TextLine HEIGHT="51" WIDTH="944" VPOS="2957" HPOS="446" STYLEREFS="StyleId-EC8E2544-ADBA-4390-9DCA-808D3F173799-" CS="1">
<String CONTENT="cover-title," HEIGHT="48" WIDTH="287" VPOS="2958" HPOS="446"/>
<SP HEIGHT="47" WIDTH="25" VPOS="2959" HPOS="734"/>
<String CONTENT="47," HEIGHT="47" WIDTH="71" VPOS="2959" HPOS="760"/>
<SP HEIGHT="29" WIDTH="31" VPOS="2979" HPOS="832"/>
<String CS="1" CONTENT="[1]" HEIGHT="30" WIDTH="10" VPOS="2978" HPOS="907"/>
<SP HEIGHT="39" WIDTH="29" VPOS="2969" HPOS="918"/>
<String CONTENT="p." HEIGHT="38" WIDTH="43" VPOS="2969" HPOS="948"/>
<SP HEIGHT="41" WIDTH="60" VPOS="2958" HPOS="992"/>
<String CONTENT="illus." HEIGHT="42" WIDTH="129" VPOS="2958" HPOS="1053"/>
<SP HEIGHT="42" WIDTH="58" VPOS="2958" HPOS="1183"/>
<String CS="1" CONTENT="30&#189;" HEIGHT="42" WIDTH="58" VPOS="2957" HPOS="1242"/>
<String STYLE="superscript" CONTENT="cm" HEIGHT="22" WIDTH="45" VPOS="2960" HPOS="1332"/>
<String CONTENT="." HEIGHT="9" WIDTH="9" VPOS="2989" HPOS="1381"/>
</TextLine>
<TextLine HEIGHT="50" WIDTH="1215" VPOS="3029" HPOS="451">
<String CONTENT="At" HEIGHT="41" WIDTH="63" VPOS="3029" HPOS="451"/>
<SP HEIGHT="40" WIDTH="25" VPOS="3030" HPOS="515"/>
<String CONTENT="head" HEIGHT="40" WIDTH="126" VPOS="3030" HPOS="541"/>
<SP HEIGHT="39" WIDTH="25" VPOS="3031" HPOS="668"/>
<String CONTENT="of" HEIGHT="39" WIDTH="52" VPOS="3031" HPOS="694"/>
<SP HEIGHT="40" WIDTH="23" VPOS="3031" HPOS="747"/>
<String CONTENT="title:" HEIGHT="40" WIDTH="136" VPOS="3031" HPOS="771"/>
<SP HEIGHT="40" WIDTH="26" VPOS="3031" HPOS="908"/>
<String CONTENT="A" HEIGHT="39" WIDTH="42" VPOS="3031" HPOS="935"/>
<SP HEIGHT="40" WIDTH="23" VPOS="3031" HPOS="978"/>
<String CONTENT="story" HEIGHT="45" WIDTH="137" VPOS="3034" HPOS="1002"/>
<SP HEIGHT="48" WIDTH="21" VPOS="3031" HPOS="1140"/>
<String CONTENT="in" HEIGHT="39" WIDTH="52" VPOS="3031" HPOS="1162"/>
<SP HEIGHT="39" WIDTH="22" VPOS="3031" HPOS="1215"/>
<String CONTENT="form" HEIGHT="41" WIDTH="130" VPOS="3031" HPOS="1238"/>
<SP HEIGHT="29" WIDTH="25" VPOS="3041" HPOS="1369"/>
<String CONTENT="and" HEIGHT="40" WIDTH="97" VPOS="3031" HPOS="1395"/>
<SP HEIGHT="40" WIDTH="24" VPOS="3031" HPOS="1493"/>
<String CONTENT="word." HEIGHT="40" WIDTH="148" VPOS="3031" HPOS="1518"/>
</TextLine>
<TextLine HEIGHT="52" WIDTH="697" VPOS="3087" HPOS="447">
<String CONTENT="Text" HEIGHT="41" WIDTH="127" VPOS="3087" HPOS="447"/>
<SP HEIGHT="38" WIDTH="23" VPOS="3090" HPOS="575"/>
<String CONTENT="on" HEIGHT="30" WIDTH="61" VPOS="3098" HPOS="599"/>
<SP HEIGHT="37" WIDTH="28" VPOS="3099" HPOS="661"/>
<String CONTENT="p." HEIGHT="37" WIDTH="43" VPOS="3099" HPOS="690"/>
<SP HEIGHT="31" WIDTH="28" VPOS="3107" HPOS="734"/>
<String CONTENT="[2-3]" HEIGHT="51" WIDTH="115" VPOS="3088" HPOS="763"/>
<SP HEIGHT="39" WIDTH="30" VPOS="3100" HPOS="879"/>
<String CONTENT="of" HEIGHT="40" WIDTH="52" VPOS="3089" HPOS="910"/>
<SP HEIGHT="40" WIDTH="24" VPOS="3089" HPOS="963"/>
<String CONTENT="cover." HEIGHT="31" WIDTH="156" VPOS="3099" HPOS="988"/>
</TextLine>
<TextLine HEIGHT="53" WIDTH="1860" VPOS="3143" HPOS="448">
<String CONTENT="The" HEIGHT="40" WIDTH="103" VPOS="3146" HPOS="448"/>
<SP HEIGHT="30" WIDTH="28" VPOS="3156" HPOS="552"/>
<String CONTENT="mural" HEIGHT="39" WIDTH="161" VPOS="3147" HPOS="581"/>
<SP HEIGHT="47" WIDTH="30" VPOS="3147" HPOS="743"/>
<String CONTENT="paintings" HEIGHT="50" WIDTH="252" VPOS="3145" HPOS="774"/>
<SP HEIGHT="31" WIDTH="27" VPOS="3157" HPOS="1027"/>
<String CONTENT="represent" HEIGHT="47" WIDTH="252" VPOS="3149" HPOS="1055"/>
<SP HEIGHT="40" WIDTH="29" VPOS="3147" HPOS="1308"/>
<String CONTENT="Indiana" HEIGHT="41" WIDTH="212" VPOS="3146" HPOS="1338"/>
<SP HEIGHT="31" WIDTH="28" VPOS="3156" HPOS="1551"/>
<String CONTENT="at" HEIGHT="38" WIDTH="52" VPOS="3148" HPOS="1580"/>
<SP HEIGHT="38" WIDTH="29" VPOS="3148" HPOS="1633"/>
<String CONTENT="the" HEIGHT="40" WIDTH="82" VPOS="3146" HPOS="1663"/>
<SP HEIGHT="41" WIDTH="28" VPOS="3145" HPOS="1746"/>
<String CONTENT="Chicago" HEIGHT="48" WIDTH="212" VPOS="3145" HPOS="1775"/>
<SP HEIGHT="29" WIDTH="29" VPOS="3156" HPOS="1988"/>
<String CONTENT="exposition." HEIGHT="50" WIDTH="290" VPOS="3143" HPOS="2018"/>
</TextLine>
<TextLine HEIGHT="53" WIDTH="1876" VPOS="3212" HPOS="379" CS="1">
<String CONTENT="&#169;" HEIGHT="52" WIDTH="52" VPOS="3212" HPOS="379"/>
<SP HEIGHT="52" WIDTH="29" VPOS="3212" HPOS="432"/>
<String CONTENT="June" HEIGHT="40" WIDTH="128" VPOS="3217" HPOS="462"/>
<SP HEIGHT="39" WIDTH="26" VPOS="3218" HPOS="591"/>
<String CONTENT="15," HEIGHT="47" WIDTH="69" VPOS="3218" HPOS="618"/>
<SP HEIGHT="46" WIDTH="31" VPOS="3219" HPOS="688"/>
<String CS="1" CONTENT="1933;" HEIGHT="40" WIDTH="112" VPOS="3218" HPOS="720"/>
<SP HEIGHT="39" WIDTH="31" VPOS="3220" HPOS="861"/>
<String CONTENT="2c." HEIGHT="39" WIDTH="66" VPOS="3220" HPOS="893"/>
<SP HEIGHT="29" WIDTH="30" VPOS="3230" HPOS="960"/>
<String CONTENT="and" HEIGHT="38" WIDTH="95" VPOS="3221" HPOS="991"/>
<SP HEIGHT="38" WIDTH="30" VPOS="3221" HPOS="1087"/>
<String CONTENT="aff." HEIGHT="40" WIDTH="82" VPOS="3219" HPOS="1118"/>
<SP HEIGHT="39" WIDTH="30" VPOS="3220" HPOS="1201"/>
<String CONTENT="June" HEIGHT="40" WIDTH="131" VPOS="3220" HPOS="1232"/>
<SP HEIGHT="40" WIDTH="25" VPOS="3220" HPOS="1364"/>
<String CS="1" CONTENT="19;" HEIGHT="40" WIDTH="56" VPOS="3219" HPOS="1390"/>
<SP HEIGHT="40" WIDTH="32" VPOS="3220" HPOS="1473"/>
<!-- cceid 47B1E3FE-6CF9-1014-A6CF-A82867D68027 --><String CONTENT="A" HEIGHT="38" WIDTH="41" VPOS="3220" HPOS="1506"/>
<SP HEIGHT="39" WIDTH="28" VPOS="3219" HPOS="1548"/>
<String CONTENT="63300;" HEIGHT="47" WIDTH="172" VPOS="3217" HPOS="1577"/>
<SP HEIGHT="47" WIDTH="33" VPOS="3217" HPOS="1750"/>
<String CONTENT="Bobbs-Merrill" HEIGHT="41" WIDTH="371" VPOS="3216" HPOS="1784"/>
<SP HEIGHT="38" WIDTH="29" VPOS="3218" HPOS="2156"/>
<String CONTENT="co." HEIGHT="30" WIDTH="69" VPOS="3227" HPOS="2186"/>
</TextLine>
<TextLine HEIGHT="48" WIDTH="282" VPOS="3275" HPOS="456" CS="1">
<String CONTENT="(33-21760)" HEIGHT="48" WIDTH="282" VPOS="3275" HPOS="456"/>
<SP/>
</TextLine>
<TextLine HEIGHT="69" WIDTH="1037" VPOS="3395" HPOS="370" STYLEREFS="StyleId-BE8D85A0-D717-4BB6-B450-91BC40E6877A-">
<String CONTENT="Davidson," HEIGHT="67" WIDTH="322" VPOS="3395" HPOS="370"/>
<SP HEIGHT="63" WIDTH="26" VPOS="3399" HPOS="693"/>
<String CONTENT="Helen" HEIGHT="55" WIDTH="186" VPOS="3397" HPOS="720"/>
<SP HEIGHT="53" WIDTH="27" VPOS="3399" HPOS="907"/>
<String CONTENT="Mehard," HEIGHT="67" WIDTH="269" VPOS="3397" HPOS="935"/>
<SP HEIGHT="62" WIDTH="29" VPOS="3402" HPOS="1205"/>
<String CONTENT="1890-" HEIGHT="51" WIDTH="172" VPOS="3401" HPOS="1235"/>
</TextLine>
<TextLine HEIGHT="152" WIDTH="2020" VPOS="3471" HPOS="373" STYLEREFS="StyleId-EC8E2544-ADBA-4390-9DCA-808D3F173799-" CS="1">
<String CONTENT="The" HEIGHT="54" WIDTH="122" VPOS="3474" HPOS="446"/>
<SP HEIGHT="51" WIDTH="29" VPOS="3493" HPOS="569"/>
<String CONTENT="growth" HEIGHT="68" WIDTH="226" VPOS="3476" HPOS="599"/>
<SP HEIGHT="53" WIDTH="33" VPOS="3476" HPOS="826"/>
<String CONTENT="of" HEIGHT="53" WIDTH="64" VPOS="3476" HPOS="860"/>
<SP HEIGHT="52" WIDTH="31" VPOS="3476" HPOS="925"/>
<String CONTENT="European" HEIGHT="69" WIDTH="308" VPOS="3476" HPOS="957"/>
<SP HEIGHT="52" WIDTH="31" VPOS="3478" HPOS="1266"/>
<String CONTENT="ideas" HEIGHT="54" WIDTH="156" VPOS="3477" HPOS="1298"/>
<SP HEIGHT="55" WIDTH="31" VPOS="3475" HPOS="1455"/>
<String CONTENT="into" HEIGHT="55" WIDTH="122" VPOS="3475" HPOS="1487"/>
<SP HEIGHT="54" WIDTH="33" VPOS="3475" HPOS="1610"/>
<String CONTENT="local" HEIGHT="54" WIDTH="146" VPOS="3475" HPOS="1644"/>
<SP HEIGHT="53" WIDTH="32" VPOS="3474" HPOS="1791"/>
<String CONTENT="American" HEIGHT="54" WIDTH="308" VPOS="3473" HPOS="1824"/>
<SP HEIGHT="52" WIDTH="29" VPOS="3473" HPOS="2133"/>
<String CONTENT="institutions," HEIGHT="150" WIDTH="1996" VPOS="3471" HPOS="373"/>
<SP HEIGHT="67" WIDTH="38" VPOS="3554" HPOS="541"/>
<String CONTENT="by" HEIGHT="69" WIDTH="74" VPOS="3554" HPOS="580"/>
<SP HEIGHT="68" WIDTH="38" VPOS="3555" HPOS="655"/>
<String CONTENT="Helen" HEIGHT="52" WIDTH="185" VPOS="3555" HPOS="694"/>
<SP HEIGHT="51" WIDTH="39" VPOS="3555" HPOS="880"/>
<String CONTENT="Mehard" HEIGHT="53" WIDTH="245" VPOS="3555" HPOS="920"/>
<SP HEIGHT="53" WIDTH="41" VPOS="3555" HPOS="1166"/>
<String CONTENT="Davidson" HEIGHT="54" WIDTH="298" VPOS="3555" HPOS="1208"/>
<SP HEIGHT="34" WIDTH="46" VPOS="3574" HPOS="1507"/>
<String CS="1" CONTENT="&#8230;"/>
<SP HEIGHT="54" WIDTH="78" VPOS="3554" HPOS="1611"/>
<String CONTENT="Book" HEIGHT="53" WIDTH="164" VPOS="3553" HPOS="1690"/>
<SP HEIGHT="53" WIDTH="35" VPOS="3553" HPOS="1855"/>
<String CS="1" CONTENT="I." HEIGHT="10" WIDTH="10" VPOS="3594" HPOS="1919"/>
<SP HEIGHT="34" WIDTH="82" VPOS="3586" HPOS="1930"/>
<String CONTENT="[Pittsburgh," HEIGHT="72" WIDTH="380" VPOS="3548" HPOS="2013"/>
</TextLine>
<TextLine HEIGHT="65" WIDTH="176" VPOS="3635" HPOS="373" STYLEREFS="StyleId-EC8E2544-ADBA-4390-9DCA-808D3F173799-">
<String STYLE="superscript" CONTENT="c" HEIGHT="22" WIDTH="18" VPOS="3638" HPOS="373"/>
<String CONTENT="1929]" HEIGHT="65" WIDTH="152" VPOS="3635" HPOS="397"/>
</TextLine>
<TextLine HEIGHT="51" WIDTH="656" VPOS="3704" HPOS="442" CS="1">
<String CONTENT="1" HEIGHT="39" WIDTH="25" VPOS="3704" HPOS="442"/>
<SP HEIGHT="49" WIDTH="34" VPOS="3704" HPOS="468"/>
<String CS="1" CONTENT="p."/>
<SP/>
<String CS="1" CONTENT="l.," HEIGHT="17" WIDTH="9" VPOS="3736" HPOS="618"/>
<SP HEIGHT="48" WIDTH="36" VPOS="3705" HPOS="628"/>
<String CONTENT="5-229" HEIGHT="41" WIDTH="147" VPOS="3705" HPOS="665"/>
<SP HEIGHT="50" WIDTH="31" VPOS="3705" HPOS="813"/>
<String CONTENT="p." HEIGHT="37" WIDTH="43" VPOS="3718" HPOS="845"/>
<SP HEIGHT="40" WIDTH="61" VPOS="3707" HPOS="889"/>
<String CS="1" CONTENT="23&#189;" HEIGHT="41" WIDTH="56" VPOS="3707" HPOS="951"/>
<String STYLE="superscript" CONTENT="cm" HEIGHT="23" WIDTH="45" VPOS="3709" HPOS="1040"/>
<String CONTENT="." HEIGHT="8" WIDTH="8" VPOS="3740" HPOS="1090"/>
</TextLine>
<TextLine HEIGHT="55" WIDTH="1945" VPOS="3774" HPOS="445">
<String CONTENT="Book" HEIGHT="40" WIDTH="136" VPOS="3777" HPOS="445"/>
<SP HEIGHT="39" WIDTH="25" VPOS="3778" HPOS="582"/>
<String LANG="fi" CONTENT="n" HEIGHT="29" WIDTH="40" VPOS="3788" HPOS="608"/>
<SP HEIGHT="38" WIDTH="26" VPOS="3779" HPOS="649"/>
<String CONTENT="has" HEIGHT="40" WIDTH="88" VPOS="3779" HPOS="676"/>
<SP HEIGHT="38" WIDTH="27" VPOS="3782" HPOS="765"/>
<String CONTENT="title:" HEIGHT="43" WIDTH="137" VPOS="3779" HPOS="793"/>
<SP HEIGHT="41" WIDTH="26" VPOS="3781" HPOS="931"/>
<String CONTENT="The" HEIGHT="40" WIDTH="103" VPOS="3781" HPOS="958"/>
<SP HEIGHT="37" WIDTH="25" VPOS="3792" HPOS="1062"/>
<String CONTENT="growth" HEIGHT="47" WIDTH="191" VPOS="3782" HPOS="1088"/>
<SP HEIGHT="39" WIDTH="27" VPOS="3782" HPOS="1280"/>
<String CONTENT="of" HEIGHT="40" WIDTH="52" VPOS="3781" HPOS="1308"/>
<SP HEIGHT="40" WIDTH="23" VPOS="3781" HPOS="1361"/>
<String CONTENT="local" HEIGHT="39" WIDTH="126" VPOS="3782" HPOS="1385"/>
<SP HEIGHT="41" WIDTH="27" VPOS="3780" HPOS="1512"/>
<String CONTENT="institutions" HEIGHT="42" WIDTH="313" VPOS="3778" HPOS="1540"/>
<SP HEIGHT="42" WIDTH="26" VPOS="3777" HPOS="1854"/>
<String CONTENT="into" HEIGHT="41" WIDTH="107" VPOS="3777" HPOS="1881"/>
<SP HEIGHT="38" WIDTH="22" VPOS="3779" HPOS="1989"/>
<String CONTENT="the" HEIGHT="38" WIDTH="82" VPOS="3779" HPOS="2012"/>
<SP HEIGHT="41" WIDTH="26" VPOS="3776" HPOS="2095"/>
<String CONTENT="form" HEIGHT="39" WIDTH="128" VPOS="3776" HPOS="2122"/>
<SP HEIGHT="29" WIDTH="30" VPOS="3786" HPOS="2251"/>
<String CONTENT="of" HEIGHT="41" WIDTH="52" VPOS="3774" HPOS="2282"/>
<SP HEIGHT="41" WIDTH="26" VPOS="3774" HPOS="2335"/>
<String CONTENT="a" HEIGHT="30" WIDTH="28" VPOS="3785" HPOS="2362"/>
</TextLine>
<TextLine HEIGHT="53" WIDTH="2020" VPOS="3831" HPOS="373" CS="1">
<String CONTENT="nation," HEIGHT="49" WIDTH="184" VPOS="3834" HPOS="373"/>
<SP HEIGHT="47" WIDTH="32" VPOS="3836" HPOS="558"/>
<String CONTENT="1607-1789;" HEIGHT="47" WIDTH="290" VPOS="3836" HPOS="591"/>
<SP HEIGHT="44" WIDTH="33" VPOS="3839" HPOS="882"/>
<String CONTENT="book" HEIGHT="39" WIDTH="124" VPOS="3839" HPOS="916"/>
<SP HEIGHT="39" WIDTH="29" VPOS="3839" HPOS="1041"/>
<String CS="1" CONTENT="III"/>
<SP HEIGHT="38" WIDTH="27" VPOS="3840" HPOS="1135"/>
<String CONTENT="has" HEIGHT="39" WIDTH="91" VPOS="3840" HPOS="1163"/>
<SP HEIGHT="37" WIDTH="31" VPOS="3842" HPOS="1255"/>
<String CONTENT="title:" HEIGHT="41" WIDTH="136" VPOS="3838" HPOS="1287"/>
<SP HEIGHT="40" WIDTH="34" VPOS="3839" HPOS="1424"/>
<String CONTENT="The" HEIGHT="38" WIDTH="103" VPOS="3839" HPOS="1459"/>
<SP HEIGHT="39" WIDTH="33" VPOS="3838" HPOS="1563"/>
<String CONTENT="development" HEIGHT="46" WIDTH="337" VPOS="3838" HPOS="1597"/>
<SP HEIGHT="37" WIDTH="31" VPOS="3839" HPOS="1935"/>
<String CONTENT="of" HEIGHT="40" WIDTH="52" VPOS="3835" HPOS="1967"/>
<SP HEIGHT="40" WIDTH="29" VPOS="3835" HPOS="2020"/>
<String CONTENT="the" HEIGHT="40" WIDTH="82" VPOS="3835" HPOS="2050"/>
<SP HEIGHT="30" WIDTH="30" VPOS="3844" HPOS="2133"/>
<String CONTENT="spirit" HEIGHT="49" WIDTH="143" VPOS="3832" HPOS="2164"/>
<SP HEIGHT="38" WIDTH="31" VPOS="3835" HPOS="2308"/>
<String CONTENT="of" HEIGHT="42" WIDTH="53" VPOS="3831" HPOS="2340"/>
</TextLine>
<TextLine HEIGHT="50" WIDTH="623" VPOS="3892" HPOS="369">
<String CONTENT="nationality," HEIGHT="50" WIDTH="313" VPOS="3892" HPOS="369"/>
<SP HEIGHT="47" WIDTH="30" VPOS="3895" HPOS="683"/>
<String CONTENT="1789-1877." HEIGHT="43" WIDTH="278" VPOS="3894" HPOS="714"/>
</TextLine>
<TextLine HEIGHT="43" WIDTH="628" VPOS="3951" HPOS="442">
<String CONTENT="Includes" HEIGHT="41" WIDTH="225" VPOS="3951" HPOS="442"/>
<SP HEIGHT="40" WIDTH="35" VPOS="3952" HPOS="668"/>
<String CONTENT="&#8220;References&#8221;." HEIGHT="42" WIDTH="366" VPOS="3952" HPOS="704"/>
</TextLine>
<TextLine HEIGHT="56" WIDTH="2020" VPOS="4020" HPOS="376" CS="1">
<String CONTENT="&#169;" HEIGHT="52" WIDTH="52" VPOS="4021" HPOS="376"/>
<SP HEIGHT="52" WIDTH="26" VPOS="4021" HPOS="429"/>
<String CONTENT="Feb." HEIGHT="41" WIDTH="110" VPOS="4026" HPOS="456"/>
<SP HEIGHT="39" WIDTH="27" VPOS="4028" HPOS="567"/>
<String CONTENT="1." HEIGHT="41" WIDTH="38" VPOS="4028" HPOS="595"/>
<SP HEIGHT="40" WIDTH="27" VPOS="4029" HPOS="634"/>
<String CS="1" CONTENT="1930;" HEIGHT="41" WIDTH="115" VPOS="4027" HPOS="662"/>
<SP HEIGHT="46" WIDTH="27" VPOS="4029" HPOS="804"/>
<String CONTENT="2c." HEIGHT="39" WIDTH="66" VPOS="4029" HPOS="832"/>
<SP HEIGHT="40" WIDTH="29" VPOS="4028" HPOS="899"/>
<String CONTENT="Feb." HEIGHT="40" WIDTH="110" VPOS="4028" HPOS="929"/>
<SP HEIGHT="38" WIDTH="26" VPOS="4030" HPOS="1040"/>
<String CONTENT="2," HEIGHT="45" WIDTH="40" VPOS="4030" HPOS="1067"/>
<SP HEIGHT="46" WIDTH="27" VPOS="4029" HPOS="1108"/>
<String CONTENT="1933;" HEIGHT="48" WIDTH="143" VPOS="4028" HPOS="1136"/>
<SP HEIGHT="37" WIDTH="29" VPOS="4039" HPOS="1280"/>
<String CONTENT="aff." HEIGHT="41" WIDTH="82" VPOS="4028" HPOS="1310"/>
<SP HEIGHT="40" WIDTH="27" VPOS="4028" HPOS="1393"/>
<String CONTENT="Feb." HEIGHT="40" WIDTH="111" VPOS="4028" HPOS="1421"/>
<SP HEIGHT="41" WIDTH="27" VPOS="4027" HPOS="1533"/>
<String CS="1" CONTENT="18;" HEIGHT="41" WIDTH="62" VPOS="4026" HPOS="1561"/>
<SP HEIGHT="41" WIDTH="30" VPOS="4026" HPOS="1647"/>
<!-- cceid 47B23733-6CF9-1014-A6CF-A82867D68027 --><String CONTENT="A" HEIGHT="38" WIDTH="38" VPOS="4026" HPOS="1678"/>
<SP HEIGHT="39" WIDTH="27" VPOS="4025" HPOS="1717"/>
<String CONTENT="59589;" HEIGHT="48" WIDTH="171" VPOS="4023" HPOS="1745"/>
<SP HEIGHT="47" WIDTH="31" VPOS="4024" HPOS="1917"/>
<String LANG="fi" CONTENT="H." HEIGHT="39" WIDTH="60" VPOS="4024" HPOS="1949"/>
<SP HEIGHT="39" WIDTH="28" VPOS="4024" HPOS="2010"/>
<String CONTENT="M." HEIGHT="39" WIDTH="63" VPOS="4024" HPOS="2039"/>
<SP HEIGHT="40" WIDTH="26" VPOS="4023" HPOS="2103"/>
<String CONTENT="Davidson," HEIGHT="46" WIDTH="266" VPOS="4020" HPOS="2130"/>
</TextLine>
<TextLine HEIGHT="41" WIDTH="656" VPOS="4083" HPOS="442" CS="1">
<String CONTENT="Pittsburgh." HEIGHT="41" WIDTH="301" VPOS="4083" HPOS="442"/>
<SP HEIGHT="39" WIDTH="71" VPOS="4085" HPOS="744"/>
<String CS="1" CONTENT="(33-21737)" HEIGHT="39" WIDTH="259" VPOS="4085" HPOS="839"/>
</TextLine>
</TextBlock>
</PrintSpace>
</Page>
</Layout>
</alto>