<alto xmlns="http://www.loc.gov/standards/alto/ns-v3#" xmlns:xlink="http://www.w3.org/1999/xlink" xmlns:xsi="http://www.w3.org/2001/XMLSchema-instance" xsi:schemaLocation="http://www.loc.gov/standards/alto/ns-v3# http://www.loc.gov/alto/v3/alto-3-0.xsd"><Description>
<MeasurementUnit>pixel</MeasurementUnit>
<sourceImageInformation>
<fileName>1933_v1_Part1.pdf</fileName>
</sourceImageInformation>
<OCRProcessing ID="IdOcr">
<ocrProcessingStep>
<processingDateTime>2019-01-03</processingDateTime>
<processingSoftware>
<softwareCreator>ABBYY</softwareCreator>
<softwareName>ABBYY Recognition Server</softwareName>
<softwareVersion>4.0</softwareVersion>
</processingSoftware>
</ocrProcessingStep>
</OCRProcessing>
</Description>
<Styles>
<ParagraphStyle ID="StyleId-FFFFFFFF-FFFF-FFFF-FFFF-FFFFFFFFFFFF-" ALIGN="Left" LEFT="0." RIGHT="0." FIRSTLINE="0."/>
<ParagraphStyle ID="StyleId-6EF5737A-DCEB-4126-A0CF-C5930BF7166A-" ALIGN="Left" LEFT="0." RIGHT="0." FIRSTLINE="0." LINESPACE="8.300000191"/>
<ParagraphStyle ID="StyleId-2DE44258-FD0B-41E1-B542-087C989B01A3-" ALIGN="Left" LEFT="0." RIGHT="0." FIRSTLINE="0." LINESPACE="12.19999981"/>
<ParagraphStyle ID="StyleId-CE3D254A-29D7-4DD7-B5F1-E0FC0EF29B05-" ALIGN="Left" LEFT="0." RIGHT="0." FIRSTLINE="-14." LINESPACE="8.619999886"/>
<ParagraphStyle ID="StyleId-C0E3A137-CE4F-4287-8A90-B599106709D0-" ALIGN="Left" LEFT="0." RIGHT="0." FIRSTLINE="-14." LINESPACE="12.19999981"/>
<ParagraphStyle ID="StyleId-50F26F0C-05DA-4C19-BA58-7A6AC4499BEE-" ALIGN="Left" LEFT="0." RIGHT="0." FIRSTLINE="-14." LINESPACE="11.06999969"/>
<ParagraphStyle ID="StyleId-5DDE65AF-512C-41E2-9B8E-095D6D99EF68-" ALIGN="Center" LEFT="0." RIGHT="0." FIRSTLINE="0." LINESPACE="11.89999962"/>
<ParagraphStyle ID="StyleId-0A81D7A5-6A62-4C52-915E-7768974C704D-" ALIGN="Left" LEFT="0." RIGHT="0." FIRSTLINE="0." LINESPACE="9.399999619"/>
<ParagraphStyle ID="StyleId-F7A0127F-6B48-4157-BB81-FE33E1E1A05B-" ALIGN="Block" LEFT="0." RIGHT="0." FIRSTLINE="-13." LINESPACE="10.63000011"/>
<ParagraphStyle ID="StyleId-E18C69F7-DBD7-48B1-805C-FCD96D0DA019-" ALIGN="Left" LEFT="0." RIGHT="0." FIRSTLINE="0." LINESPACE="11.64000034"/>
<ParagraphStyle ID="StyleId-98F15501-B611-4E83-8BB3-807E891F11F5-" ALIGN="Left" LEFT="0." RIGHT="0." FIRSTLINE="-14." LINESPACE="12.19999981"/>
<ParagraphStyle ID="StyleId-F4A78626-0BBC-4D12-94D9-A1AE75A9855F-" ALIGN="Left" LEFT="0." RIGHT="0." FIRSTLINE="0." LINESPACE="9.399999619"/>
<ParagraphStyle ID="StyleId-6A3F6F4C-D21B-4ADE-902F-7683F18ECEF3-" ALIGN="Left" LEFT="0." RIGHT="0." FIRSTLINE="0." LINESPACE="11.10000038"/>
</Styles>
<Layout>
<Page ID="Page204" PHYSICAL_IMG_NR="204" HEIGHT="4403" WIDTH="2597">
<TopMargin HEIGHT="388" WIDTH="2597" VPOS="0" HPOS="0">
</TopMargin>
<LeftMargin HEIGHT="3829" WIDTH="308" VPOS="388" HPOS="0">
</LeftMargin>
<RightMargin HEIGHT="3829" WIDTH="237" VPOS="388" HPOS="2360">
</RightMargin>
<BottomMargin HEIGHT="186" WIDTH="2597" VPOS="4217" HPOS="0">
</BottomMargin>
<PrintSpace HEIGHT="3829" WIDTH="2052" VPOS="388" HPOS="308">
<TextBlock ID="Page204_Block1" HEIGHT="150" WIDTH="250" VPOS="4067" HPOS="1222" LANG="en-US" STYLEREFS="StyleId-85392527-4C3B-4D26-9736-915E6C0D2FF4-">
<TextLine HEIGHT="52" WIDTH="107" VPOS="4073" HPOS="1283">
<String CONTENT="204" HEIGHT="52" WIDTH="107" VPOS="4073" HPOS="1283"/>
</TextLine>
</TextBlock>
<TextBlock ID="Page204_Block2" HEIGHT="3746" WIDTH="2052" VPOS="388" HPOS="308" LANG="en-US" CS="1" STYLEREFS="StyleId-83799621-4400-4D12-AC81-8FD36ED89CD9-">
<Shape>
<Polygon POINTS="308,388 2360,388 2360,4134 308,4134 308,388"/>
</Shape>
<TextLine HEIGHT="102" WIDTH="2021" VPOS="472" HPOS="326" CS="1">
<String CS="1" CONTENT="CONTENTS.&#8212;v." HEIGHT="29" WIDTH="43" VPOS="486" HPOS="741"/>
<SP HEIGHT="41" WIDTH="42" VPOS="475" HPOS="785"/>
<String CONTENT="32." HEIGHT="41" WIDTH="74" VPOS="475" HPOS="828"/>
<SP HEIGHT="40" WIDTH="40" VPOS="476" HPOS="903"/>
<String CONTENT="Public" HEIGHT="41" WIDTH="172" VPOS="475" HPOS="944"/>
<SP HEIGHT="30" WIDTH="39" VPOS="486" HPOS="1117"/>
<String CONTENT="service" HEIGHT="42" WIDTH="186" VPOS="474" HPOS="1157"/>
<SP HEIGHT="31" WIDTH="39" VPOS="485" HPOS="1344"/>
<String CONTENT="commissions-Religious" HEIGHT="49" WIDTH="622" VPOS="473" HPOS="1384"/>
<SP HEIGHT="30" WIDTH="40" VPOS="485" HPOS="2007"/>
<String CONTENT="societies.&#8212;v." HEIGHT="102" WIDTH="2021" VPOS="472" HPOS="326"/>
</TextLine>
<TextLine HEIGHT="109" WIDTH="2005" VPOS="529" HPOS="323" CS="1">
<String CONTENT="33." HEIGHT="42" WIDTH="74" VPOS="532" HPOS="407"/>
<SP HEIGHT="41" WIDTH="35" VPOS="533" HPOS="482"/>
<String CONTENT="Remainders-Set-off" HEIGHT="43" WIDTH="532" VPOS="530" HPOS="518"/>
<SP HEIGHT="41" WIDTH="33" VPOS="530" HPOS="1051"/>
<String CONTENT="and" HEIGHT="40" WIDTH="97" VPOS="532" HPOS="1085"/>
<SP HEIGHT="40" WIDTH="35" VPOS="532" HPOS="1183"/>
<String CONTENT="counter-claim.&#8212;v." HEIGHT="42" WIDTH="493" VPOS="530" HPOS="1219"/>
<SP HEIGHT="41" WIDTH="35" VPOS="531" HPOS="1713"/>
<String CONTENT="34." HEIGHT="43" WIDTH="75" VPOS="529" HPOS="1749"/>
<SP HEIGHT="41" WIDTH="36" VPOS="531" HPOS="1825"/>
<String CONTENT="Sheriffs" HEIGHT="42" WIDTH="206" VPOS="530" HPOS="1862"/>
<SP HEIGHT="30" WIDTH="37" VPOS="541" HPOS="2069"/>
<String CONTENT="and" HEIGHT="39" WIDTH="96" VPOS="532" HPOS="2107"/>
<SP HEIGHT="39" WIDTH="35" VPOS="532" HPOS="2204"/>
<String CONTENT="constables-Stipulations." HEIGHT="99" WIDTH="2005" VPOS="539" HPOS="323"/>
</TextLine>
<TextLine HEIGHT="54" WIDTH="1126" VPOS="641" HPOS="323" CS="1">
<String CONTENT="v." HEIGHT="28" WIDTH="41" VPOS="660" HPOS="323"/>
<SP HEIGHT="40" WIDTH="27" VPOS="648" HPOS="365"/>
<String CONTENT="32." HEIGHT="42" WIDTH="69" VPOS="647" HPOS="393"/>
<SP HEIGHT="52" WIDTH="29" VPOS="643" HPOS="463"/>
<String CONTENT="&#169;" HEIGHT="52" WIDTH="52" VPOS="643" HPOS="493"/>
<SP HEIGHT="52" WIDTH="28" VPOS="643" HPOS="546"/>
<String CONTENT="Jan." HEIGHT="39" WIDTH="110" VPOS="648" HPOS="575"/>
<SP HEIGHT="39" WIDTH="26" VPOS="646" HPOS="686"/>
<String CONTENT="23," HEIGHT="47" WIDTH="70" VPOS="646" HPOS="713"/>
<SP HEIGHT="45" WIDTH="27" VPOS="648" HPOS="784"/>
<String CONTENT="1933;" HEIGHT="47" WIDTH="142" VPOS="645" HPOS="812"/>
<SP HEIGHT="35" WIDTH="28" VPOS="657" HPOS="955"/>
<String CONTENT="v." HEIGHT="29" WIDTH="44" VPOS="658" HPOS="984"/>
<SP HEIGHT="41" WIDTH="24" VPOS="646" HPOS="1029"/>
<String CONTENT="33," HEIGHT="47" WIDTH="71" VPOS="646" HPOS="1054"/>
<SP HEIGHT="47" WIDTH="25" VPOS="646" HPOS="1126"/>
<String CONTENT="34," HEIGHT="48" WIDTH="71" VPOS="646" HPOS="1152"/>
<SP HEIGHT="53" WIDTH="30" VPOS="641" HPOS="1224"/>
<String CONTENT="&#169;" HEIGHT="52" WIDTH="57" VPOS="641" HPOS="1255"/>
<SP HEIGHT="52" WIDTH="23" VPOS="641" HPOS="1313"/>
<String CONTENT="Jan." HEIGHT="41" WIDTH="112" VPOS="646" HPOS="1337"/>
</TextLine>
<TextLine HEIGHT="49" WIDTH="866" VPOS="644" HPOS="1477">
<String CONTENT="24;" HEIGHT="47" WIDTH="83" VPOS="646" HPOS="1477"/>
<SP HEIGHT="48" WIDTH="28" VPOS="645" HPOS="1561"/>
<String CONTENT="2c." HEIGHT="42" WIDTH="69" VPOS="645" HPOS="1590"/>
<SP HEIGHT="31" WIDTH="25" VPOS="656" HPOS="1660"/>
<String CONTENT="each" HEIGHT="40" WIDTH="119" VPOS="646" HPOS="1686"/>
<SP HEIGHT="40" WIDTH="28" VPOS="644" HPOS="1806"/>
<String CONTENT="Feb." HEIGHT="41" WIDTH="112" VPOS="644" HPOS="1835"/>
<SP HEIGHT="39" WIDTH="27" VPOS="646" HPOS="1948"/>
<String CONTENT="13;" HEIGHT="47" WIDTH="81" VPOS="645" HPOS="1976"/>
<SP HEIGHT="36" WIDTH="32" VPOS="656" HPOS="2058"/>
<String CONTENT="affs." HEIGHT="42" WIDTH="110" VPOS="644" HPOS="2091"/>
<SP HEIGHT="40" WIDTH="28" VPOS="645" HPOS="2202"/>
<String CONTENT="Feb." HEIGHT="41" WIDTH="112" VPOS="645" HPOS="2231"/>
</TextLine>
<TextLine HEIGHT="50" WIDTH="953" VPOS="702" HPOS="391" CS="1">
<String CONTENT="15;" HEIGHT="46" WIDTH="84" VPOS="706" HPOS="391"/>
<SP HEIGHT="46" WIDTH="31" VPOS="706" HPOS="476"/>
<!-- cceid 3A5C1061-6CF9-1014-A6CF-A82867D68027 --><String CONTENT="A" HEIGHT="39" WIDTH="41" VPOS="706" HPOS="508"/>
<SP HEIGHT="40" WIDTH="30" VPOS="705" HPOS="550"/>
<String CS="1" CONTENT="59491-59493;" HEIGHT="43" WIDTH="322" VPOS="702" HPOS="581"/>
<SP HEIGHT="47" WIDTH="33" VPOS="704" HPOS="933"/>
<String CONTENT="West" HEIGHT="40" WIDTH="138" VPOS="704" HPOS="967"/>
<SP HEIGHT="46" WIDTH="27" VPOS="705" HPOS="1106"/>
<String CONTENT="pub." HEIGHT="47" WIDTH="111" VPOS="704" HPOS="1134"/>
<SP HEIGHT="29" WIDTH="30" VPOS="715" HPOS="1246"/>
<String CONTENT="co." HEIGHT="30" WIDTH="67" VPOS="714" HPOS="1277"/>
</TextLine>
<TextLine HEIGHT="71" WIDTH="1665" VPOS="799" HPOS="321" STYLEREFS="StyleId-2C4C0F67-92C0-40D2-89A4-09578DC1F20A-">
<String CONTENT="Oxford" HEIGHT="54" WIDTH="230" VPOS="801" HPOS="321"/>
<SP HEIGHT="52" WIDTH="25" VPOS="803" HPOS="552"/>
<String CONTENT="and" HEIGHT="52" WIDTH="117" VPOS="803" HPOS="578"/>
<SP HEIGHT="53" WIDTH="27" VPOS="802" HPOS="696"/>
<String CONTENT="Asquith," HEIGHT="66" WIDTH="283" VPOS="800" HPOS="724"/>
<SP HEIGHT="63" WIDTH="27" VPOS="802" HPOS="1008"/>
<String CONTENT="Margot" HEIGHT="64" WIDTH="241" VPOS="802" HPOS="1036"/>
<SP HEIGHT="53" WIDTH="25" VPOS="801" HPOS="1278"/>
<String CONTENT="Asquith," HEIGHT="66" WIDTH="283" VPOS="799" HPOS="1304"/>
<SP HEIGHT="44" WIDTH="30" VPOS="821" HPOS="1588"/>
<String CONTENT="countess" HEIGHT="50" WIDTH="257" VPOS="807" HPOS="1619"/>
<SP HEIGHT="38" WIDTH="27" VPOS="819" HPOS="1877"/>
<String CONTENT="of." HEIGHT="69" WIDTH="81" VPOS="801" HPOS="1905"/>
</TextLine>
<TextLine HEIGHT="71" WIDTH="1672" VPOS="878" HPOS="389" STYLEREFS="StyleId-01014EA4-ACE2-4CB5-9FE5-18CE24B2BAA9-" CS="1">
<String CONTENT="More" HEIGHT="53" WIDTH="165" VPOS="880" HPOS="389"/>
<SP HEIGHT="34" WIDTH="28" VPOS="898" HPOS="555"/>
<String CONTENT="memories," HEIGHT="70" WIDTH="318" VPOS="879" HPOS="584"/>
<SP HEIGHT="69" WIDTH="31" VPOS="880" HPOS="903"/>
<String CONTENT="by" HEIGHT="69" WIDTH="76" VPOS="880" HPOS="935"/>
<SP HEIGHT="68" WIDTH="32" VPOS="881" HPOS="1012"/>
<String CONTENT="Lady" HEIGHT="68" WIDTH="167" VPOS="880" HPOS="1045"/>
<SP HEIGHT="68" WIDTH="33" VPOS="880" HPOS="1213"/>
<String CONTENT="Oxford." HEIGHT="57" WIDTH="250" VPOS="878" HPOS="1247"/>
<SP HEIGHT="34" WIDTH="80" VPOS="913" HPOS="1498"/>
<String CONTENT="[Instalment" HEIGHT="66" WIDTH="364" VPOS="881" HPOS="1579"/>
<SP HEIGHT="48" WIDTH="33" VPOS="885" HPOS="1944"/>
<String CONTENT="10]" HEIGHT="65" WIDTH="83" VPOS="882" HPOS="1978"/>
</TextLine>
<TextLine HEIGHT="54" WIDTH="1132" VPOS="950" HPOS="404" STYLEREFS="StyleId-01014EA4-ACE2-4CB5-9FE5-18CE24B2BAA9-" CS="1">
<String CONTENT="(In" HEIGHT="48" WIDTH="84" VPOS="956" HPOS="404"/>
<SP HEIGHT="43" WIDTH="25" VPOS="951" HPOS="489"/>
<String CONTENT="London" HEIGHT="44" WIDTH="205" VPOS="951" HPOS="515"/>
<SP HEIGHT="45" WIDTH="26" VPOS="950" HPOS="721"/>
<String CONTENT="Sunday" HEIGHT="53" WIDTH="204" VPOS="950" HPOS="748"/>
<SP HEIGHT="46" WIDTH="27" VPOS="957" HPOS="953"/>
<String CONTENT="times," HEIGHT="50" WIDTH="165" VPOS="952" HPOS="981"/>
<SP HEIGHT="51" WIDTH="26" VPOS="951" HPOS="1147"/>
<String CONTENT="Jan." HEIGHT="43" WIDTH="115" VPOS="951" HPOS="1174"/>
<SP HEIGHT="42" WIDTH="26" VPOS="952" HPOS="1290"/>
<String CONTENT="8," HEIGHT="51" WIDTH="42" VPOS="952" HPOS="1317"/>
<SP HEIGHT="51" WIDTH="29" VPOS="952" HPOS="1360"/>
<String CONTENT="1933)" HEIGHT="50" WIDTH="146" VPOS="951" HPOS="1390"/>
</TextLine>
<TextLine HEIGHT="110" WIDTH="2004" VPOS="1008" HPOS="325" STYLEREFS="StyleId-01014EA4-ACE2-4CB5-9FE5-18CE24B2BAA9-" CS="1">
<String CONTENT="&#169;" HEIGHT="53" WIDTH="52" VPOS="1008" HPOS="325"/>
<SP/>
<String CS="1" CONTENT="1c."/>
<SP HEIGHT="40" WIDTH="32" VPOS="1013" HPOS="481"/>
<String CONTENT="Mar." HEIGHT="40" WIDTH="124" VPOS="1013" HPOS="514"/>
<SP HEIGHT="41" WIDTH="32" VPOS="1012" HPOS="639"/>
<String CONTENT="6," HEIGHT="48" WIDTH="39" VPOS="1012" HPOS="672"/>
<SP HEIGHT="47" WIDTH="33" VPOS="1013" HPOS="712"/>
<String CONTENT="1933;" HEIGHT="48" WIDTH="141" VPOS="1011" HPOS="746"/>
<SP HEIGHT="47" WIDTH="34" VPOS="1012" HPOS="888"/>
<!-- cceid 3A5DAC42-6CF9-1014-A6CF-A82867D68027 --><String CONTENT="A" HEIGHT="39" WIDTH="43" VPOS="1012" HPOS="923"/>
<SP HEIGHT="40" WIDTH="31" VPOS="1012" HPOS="967"/>
<String CONTENT="ad" HEIGHT="39" WIDTH="61" VPOS="1014" HPOS="999"/>
<SP HEIGHT="40" WIDTH="31" VPOS="1013" HPOS="1061"/>
<String CONTENT="int." HEIGHT="40" WIDTH="89" VPOS="1013" HPOS="1093"/>
<SP HEIGHT="40" WIDTH="32" VPOS="1013" HPOS="1183"/>
<String CONTENT="17512;" HEIGHT="48" WIDTH="172" VPOS="1010" HPOS="1216"/>
<SP HEIGHT="39" WIDTH="35" VPOS="1022" HPOS="1389"/>
<String CONTENT="pubd." HEIGHT="50" WIDTH="142" VPOS="1011" HPOS="1425"/>
<SP HEIGHT="39" WIDTH="35" VPOS="1013" HPOS="1568"/>
<String CONTENT="Jan" HEIGHT="39" WIDTH="97" VPOS="1013" HPOS="1604"/>
<SP HEIGHT="41" WIDTH="47" VPOS="1011" HPOS="1702"/>
<String CONTENT="8;" HEIGHT="47" WIDTH="53" VPOS="1011" HPOS="1750"/>
<SP HEIGHT="46" WIDTH="37" VPOS="1012" HPOS="1804"/>
<String CONTENT="Emma" HEIGHT="39" WIDTH="170" VPOS="1012" HPOS="1842"/>
<SP HEIGHT="41" WIDTH="34" VPOS="1010" HPOS="2013"/>
<String CONTENT="Alice" HEIGHT="42" WIDTH="135" VPOS="1009" HPOS="2048"/>
<SP HEIGHT="40" WIDTH="33" VPOS="1011" HPOS="2184"/>
<String CONTENT="Margaret" HEIGHT="107" WIDTH="1937" VPOS="1011" HPOS="392"/>
</TextLine>
<TextLine HEIGHT="51" WIDTH="1693" VPOS="1067" HPOS="564" STYLEREFS="StyleId-01014EA4-ACE2-4CB5-9FE5-18CE24B2BAA9-">
<String CONTENT="Tennant" HEIGHT="41" WIDTH="230" VPOS="1070" HPOS="564"/>
<SP HEIGHT="41" WIDTH="27" VPOS="1069" HPOS="795"/>
<String CONTENT="Asquith," HEIGHT="50" WIDTH="225" VPOS="1068" HPOS="823"/>
<SP HEIGHT="39" WIDTH="33" VPOS="1078" HPOS="1049"/>
<String CONTENT="countess" HEIGHT="39" WIDTH="228" VPOS="1071" HPOS="1083"/>
<SP HEIGHT="30" WIDTH="32" VPOS="1080" HPOS="1312"/>
<String CONTENT="of" HEIGHT="40" WIDTH="52" VPOS="1070" HPOS="1345"/>
<SP HEIGHT="40" WIDTH="32" VPOS="1069" HPOS="1398"/>
<String CONTENT="Oxford" HEIGHT="40" WIDTH="188" VPOS="1069" HPOS="1431"/>
<SP HEIGHT="39" WIDTH="33" VPOS="1070" HPOS="1620"/>
<String CONTENT="and" HEIGHT="39" WIDTH="95" VPOS="1070" HPOS="1654"/>
<SP HEIGHT="40" WIDTH="33" VPOS="1069" HPOS="1750"/>
<String CONTENT="Asquith," HEIGHT="50" WIDTH="224" VPOS="1067" HPOS="1784"/>
<SP HEIGHT="48" WIDTH="34" VPOS="1068" HPOS="2009"/>
<String CONTENT="London." HEIGHT="41" WIDTH="213" VPOS="1068" HPOS="2044"/>
</TextLine>
<TextLine HEIGHT="73" WIDTH="2025" VPOS="1199" HPOS="319" STYLEREFS="StyleId-01014EA4-ACE2-4CB5-9FE5-18CE24B2BAA9-">
<String CONTENT="Pacific" HEIGHT="58" WIDTH="215" VPOS="1199" HPOS="319"/>
<SP HEIGHT="54" WIDTH="34" VPOS="1203" HPOS="535"/>
<String CONTENT="digest," HEIGHT="69" WIDTH="206" VPOS="1203" HPOS="570"/>
<SP HEIGHT="49" WIDTH="34" VPOS="1222" HPOS="777"/>
<String CONTENT="covering" HEIGHT="70" WIDTH="272" VPOS="1201" HPOS="812"/>
<SP HEIGHT="50" WIDTH="32" VPOS="1221" HPOS="1085"/>
<String CONTENT="all" HEIGHT="53" WIDTH="77" VPOS="1203" HPOS="1118"/>
<SP HEIGHT="54" WIDTH="35" VPOS="1204" HPOS="1196"/>
<String CONTENT="cases" HEIGHT="37" WIDTH="152" VPOS="1221" HPOS="1232"/>
<SP HEIGHT="35" WIDTH="32" VPOS="1222" HPOS="1385"/>
<String CONTENT="reported" HEIGHT="69" WIDTH="269" VPOS="1202" HPOS="1418"/>
<SP HEIGHT="53" WIDTH="32" VPOS="1202" HPOS="1688"/>
<String CONTENT="in" HEIGHT="52" WIDTH="62" VPOS="1202" HPOS="1721"/>
<SP HEIGHT="52" WIDTH="31" VPOS="1204" HPOS="1784"/>
<String CONTENT="Pacific" HEIGHT="57" WIDTH="215" VPOS="1200" HPOS="1816"/>
<SP HEIGHT="36" WIDTH="32" VPOS="1221" HPOS="2032"/>
<String CONTENT="reporter," HEIGHT="66" WIDTH="279" VPOS="1206" HPOS="2065"/>
</TextLine>
<TextLine HEIGHT="72" WIDTH="1952" VPOS="1278" HPOS="391" STYLEREFS="StyleId-01014EA4-ACE2-4CB5-9FE5-18CE24B2BAA9-">
<String CONTENT="volumes" HEIGHT="52" WIDTH="254" VPOS="1283" HPOS="391"/>
<SP HEIGHT="49" WIDTH="31" VPOS="1286" HPOS="646"/>
<String CONTENT="1-300," HEIGHT="67" WIDTH="189" VPOS="1283" HPOS="678"/>
<SP HEIGHT="50" WIDTH="28" VPOS="1300" HPOS="868"/>
<String CONTENT="and" HEIGHT="53" WIDTH="113" VPOS="1282" HPOS="897"/>
<SP HEIGHT="53" WIDTH="29" VPOS="1282" HPOS="1011"/>
<String CONTENT="all" HEIGHT="52" WIDTH="77" VPOS="1283" HPOS="1041"/>
<SP HEIGHT="52" WIDTH="28" VPOS="1283" HPOS="1119"/>
<String CONTENT="of" HEIGHT="53" WIDTH="64" VPOS="1282" HPOS="1148"/>
<SP HEIGHT="52" WIDTH="27" VPOS="1282" HPOS="1213"/>
<String CONTENT="the" HEIGHT="53" WIDTH="96" VPOS="1282" HPOS="1241"/>
<SP HEIGHT="52" WIDTH="25" VPOS="1284" HPOS="1338"/>
<String CONTENT="Pacific" HEIGHT="59" WIDTH="216" VPOS="1278" HPOS="1364"/>
<SP HEIGHT="37" WIDTH="26" VPOS="1300" HPOS="1581"/>
<String CONTENT="states" HEIGHT="49" WIDTH="174" VPOS="1286" HPOS="1608"/>
<SP HEIGHT="34" WIDTH="27" VPOS="1300" HPOS="1783"/>
<String CONTENT="reports" HEIGHT="63" WIDTH="226" VPOS="1287" HPOS="1811"/>
<SP HEIGHT="55" WIDTH="25" VPOS="1280" HPOS="2038"/>
<String CONTENT="from" HEIGHT="54" WIDTH="157" VPOS="1280" HPOS="2064"/>
<SP HEIGHT="47" WIDTH="23" VPOS="1286" HPOS="2222"/>
<String CONTENT="the" HEIGHT="53" WIDTH="97" VPOS="1280" HPOS="2246"/>
</TextLine>
<TextLine HEIGHT="73" WIDTH="1951" VPOS="1358" HPOS="392" STYLEREFS="StyleId-01014EA4-ACE2-4CB5-9FE5-18CE24B2BAA9-" CS="1">
<String CONTENT="earliest" HEIGHT="54" WIDTH="230" VPOS="1360" HPOS="392"/>
<SP HEIGHT="47" WIDTH="36" VPOS="1367" HPOS="623"/>
<String CONTENT="times" HEIGHT="55" WIDTH="167" VPOS="1360" HPOS="660"/>
<SP HEIGHT="33" WIDTH="45" VPOS="1382" HPOS="828"/>
<String CS="1" CONTENT="&#8230;"/>
<SP HEIGHT="56" WIDTH="81" VPOS="1359" HPOS="931"/>
<String CONTENT="Compiled" HEIGHT="71" WIDTH="305" VPOS="1359" HPOS="1013"/>
<SP HEIGHT="52" WIDTH="39" VPOS="1362" HPOS="1319"/>
<String CONTENT="and" HEIGHT="53" WIDTH="115" VPOS="1361" HPOS="1359"/>
<SP HEIGHT="53" WIDTH="40" VPOS="1361" HPOS="1475"/>
<String CONTENT="edited" HEIGHT="54" WIDTH="192" VPOS="1360" HPOS="1516"/>
<SP HEIGHT="53" WIDTH="36" VPOS="1361" HPOS="1709"/>
<String CONTENT="by" HEIGHT="70" WIDTH="77" VPOS="1361" HPOS="1746"/>
<SP HEIGHT="66" WIDTH="38" VPOS="1365" HPOS="1824"/>
<String CONTENT="the" HEIGHT="53" WIDTH="97" VPOS="1361" HPOS="1863"/>
<SP HEIGHT="50" WIDTH="38" VPOS="1379" HPOS="1961"/>
<String CONTENT="publisher&#8217;s" HEIGHT="71" WIDTH="343" VPOS="1358" HPOS="2000"/>
</TextLine>
<TextLine HEIGHT="73" WIDTH="1954" VPOS="1437" HPOS="389" STYLEREFS="StyleId-01014EA4-ACE2-4CB5-9FE5-18CE24B2BAA9-">
<String CONTENT="editorial" HEIGHT="55" WIDTH="270" VPOS="1440" HPOS="389"/>
<SP HEIGHT="51" WIDTH="45" VPOS="1444" HPOS="660"/>
<String CONTENT="staff," HEIGHT="57" WIDTH="152" VPOS="1437" HPOS="706"/>
<SP HEIGHT="34" WIDTH="75" VPOS="1460" HPOS="859"/>
<String CONTENT="v." HEIGHT="36" WIDTH="51" VPOS="1460" HPOS="935"/>
<SP HEIGHT="52" WIDTH="47" VPOS="1444" HPOS="987"/>
<String CONTENT="32-34." HEIGHT="50" WIDTH="191" VPOS="1444" HPOS="1035"/>
<SP HEIGHT="56" WIDTH="75" VPOS="1441" HPOS="1227"/>
<String CONTENT="St." HEIGHT="56" WIDTH="84" VPOS="1441" HPOS="1303"/>
<SP HEIGHT="51" WIDTH="47" VPOS="1444" HPOS="1388"/>
<String CONTENT="Paul," HEIGHT="66" WIDTH="169" VPOS="1443" HPOS="1436"/>
<SP HEIGHT="67" WIDTH="42" VPOS="1442" HPOS="1606"/>
<String CONTENT="West" HEIGHT="55" WIDTH="162" VPOS="1442" HPOS="1649"/>
<SP HEIGHT="65" WIDTH="43" VPOS="1445" HPOS="1812"/>
<String CONTENT="publishing" HEIGHT="70" WIDTH="341" VPOS="1440" HPOS="1856"/>
<SP HEIGHT="52" WIDTH="44" VPOS="1458" HPOS="2198"/>
<String CONTENT="co.," HEIGHT="49" WIDTH="100" VPOS="1460" HPOS="2243"/>
</TextLine>
<TextLine HEIGHT="65" WIDTH="341" VPOS="1523" HPOS="391" STYLEREFS="StyleId-01014EA4-ACE2-4CB5-9FE5-18CE24B2BAA9-">
<String CONTENT="1932," HEIGHT="65" WIDTH="155" VPOS="1523" HPOS="391"/>
<SP HEIGHT="64" WIDTH="29" VPOS="1524" HPOS="547"/>
<String CONTENT="1933." HEIGHT="51" WIDTH="155" VPOS="1523" HPOS="577"/>
</TextLine>
<TextLine HEIGHT="41" WIDTH="277" VPOS="1594" HPOS="396" CS="1">
<String CONTENT="3" HEIGHT="40" WIDTH="28" VPOS="1595" HPOS="396"/>
<SP/>
<String CONTENT="v." HEIGHT="29" WIDTH="43" VPOS="1605" HPOS="453"/>
<SP HEIGHT="40" WIDTH="55" VPOS="1594" HPOS="497"/>
<String CONTENT="26" HEIGHT="40" WIDTH="57" VPOS="1594" HPOS="553"/>
<String STYLE="superscript" CONTENT="cm" HEIGHT="21" WIDTH="44" VPOS="1596" HPOS="614"/>
<String CONTENT="." HEIGHT="8" WIDTH="8" VPOS="1627" HPOS="665"/>
</TextLine>
<TextLine HEIGHT="100" WIDTH="2025" VPOS="1649" HPOS="325" CS="1">
<String CS="1" CONTENT="CONTENTS.&#8212;v." HEIGHT="29" WIDTH="43" VPOS="1663" HPOS="741"/>
<SP HEIGHT="41" WIDTH="42" VPOS="1651" HPOS="785"/>
<String CONTENT="32." HEIGHT="42" WIDTH="75" VPOS="1650" HPOS="828"/>
<SP HEIGHT="40" WIDTH="39" VPOS="1652" HPOS="904"/>
<String CONTENT="Public" HEIGHT="41" WIDTH="174" VPOS="1651" HPOS="944"/>
<SP HEIGHT="29" WIDTH="37" VPOS="1663" HPOS="1119"/>
<String CONTENT="service" HEIGHT="42" WIDTH="188" VPOS="1650" HPOS="1157"/>
<SP HEIGHT="31" WIDTH="38" VPOS="1661" HPOS="1346"/>
<String CONTENT="commissions-Religious" HEIGHT="49" WIDTH="622" VPOS="1650" HPOS="1385"/>
<SP HEIGHT="30" WIDTH="41" VPOS="1661" HPOS="2008"/>
<String CONTENT="societies.&#8212;v." HEIGHT="100" WIDTH="2025" VPOS="1649" HPOS="325"/>
</TextLine>
<TextLine HEIGHT="44" WIDTH="1942" VPOS="1706" HPOS="407">
<String CONTENT="33." HEIGHT="43" WIDTH="73" VPOS="1707" HPOS="407"/>
<SP HEIGHT="41" WIDTH="37" VPOS="1709" HPOS="481"/>
<String CONTENT="Remainders-Set-off" HEIGHT="41" WIDTH="531" VPOS="1708" HPOS="519"/>
<SP HEIGHT="40" WIDTH="33" VPOS="1708" HPOS="1051"/>
<String CONTENT="and" HEIGHT="39" WIDTH="96" VPOS="1711" HPOS="1085"/>
<SP HEIGHT="39" WIDTH="36" VPOS="1711" HPOS="1182"/>
<String CONTENT="counter-claim.&#8212;v." HEIGHT="41" WIDTH="494" VPOS="1708" HPOS="1219"/>
<SP HEIGHT="41" WIDTH="35" VPOS="1708" HPOS="1714"/>
<String CONTENT="34." HEIGHT="43" WIDTH="75" VPOS="1706" HPOS="1750"/>
<SP HEIGHT="41" WIDTH="36" VPOS="1708" HPOS="1826"/>
<String CONTENT="Sheriffs" HEIGHT="42" WIDTH="207" VPOS="1707" HPOS="1863"/>
<SP HEIGHT="30" WIDTH="36" VPOS="1718" HPOS="2071"/>
<String CONTENT="and" HEIGHT="39" WIDTH="97" VPOS="1709" HPOS="2108"/>
<SP HEIGHT="39" WIDTH="35" VPOS="1709" HPOS="2206"/>
<String CONTENT="con-" HEIGHT="31" WIDTH="107" VPOS="1716" HPOS="2242"/>
</TextLine>
<TextLine HEIGHT="51" WIDTH="563" VPOS="1765" HPOS="319">
<String CONTENT="stables-Stipulations." HEIGHT="51" WIDTH="563" VPOS="1765" HPOS="319"/>
</TextLine>
<TextLine HEIGHT="54" WIDTH="2023" VPOS="1818" HPOS="326">
<String CONTENT="v." HEIGHT="29" WIDTH="41" VPOS="1835" HPOS="326"/>
<SP HEIGHT="40" WIDTH="27" VPOS="1824" HPOS="368"/>
<String CONTENT="32," HEIGHT="47" WIDTH="70" VPOS="1823" HPOS="396"/>
<SP HEIGHT="53" WIDTH="29" VPOS="1819" HPOS="467"/>
<String CONTENT="&#169;" HEIGHT="53" WIDTH="52" VPOS="1819" HPOS="497"/>
<SP HEIGHT="53" WIDTH="27" VPOS="1819" HPOS="550"/>
<String CONTENT="Jan." HEIGHT="39" WIDTH="111" VPOS="1825" HPOS="578"/>
<SP HEIGHT="39" WIDTH="25" VPOS="1823" HPOS="690"/>
<String CONTENT="23," HEIGHT="48" WIDTH="70" VPOS="1823" HPOS="716"/>
<SP HEIGHT="46" WIDTH="27" VPOS="1825" HPOS="787"/>
<String CONTENT="1933;" HEIGHT="50" WIDTH="142" VPOS="1822" HPOS="815"/>
<SP HEIGHT="38" WIDTH="28" VPOS="1834" HPOS="958"/>
<String CONTENT="v." HEIGHT="29" WIDTH="44" VPOS="1835" HPOS="987"/>
<SP HEIGHT="40" WIDTH="25" VPOS="1824" HPOS="1032"/>
<String CONTENT="33," HEIGHT="47" WIDTH="70" VPOS="1824" HPOS="1058"/>
<SP HEIGHT="47" WIDTH="26" VPOS="1824" HPOS="1129"/>
<String CONTENT="34," HEIGHT="49" WIDTH="71" VPOS="1823" HPOS="1156"/>
<SP HEIGHT="54" WIDTH="30" VPOS="1818" HPOS="1228"/>
<String CONTENT="&#169;" HEIGHT="53" WIDTH="57" VPOS="1818" HPOS="1259"/>
<SP HEIGHT="53" WIDTH="22" VPOS="1818" HPOS="1317"/>
<String CONTENT="Jan." HEIGHT="41" WIDTH="113" VPOS="1823" HPOS="1340"/>
<SP HEIGHT="41" WIDTH="26" VPOS="1823" HPOS="1454"/>
<String CONTENT="24;" HEIGHT="48" WIDTH="84" VPOS="1823" HPOS="1481"/>
<SP HEIGHT="49" WIDTH="28" VPOS="1822" HPOS="1566"/>
<String CONTENT="2c." HEIGHT="43" WIDTH="68" VPOS="1822" HPOS="1595"/>
<SP HEIGHT="31" WIDTH="25" VPOS="1834" HPOS="1664"/>
<String CONTENT="each" HEIGHT="40" WIDTH="119" VPOS="1824" HPOS="1690"/>
<SP HEIGHT="39" WIDTH="29" VPOS="1823" HPOS="1810"/>
<String CONTENT="Feb." HEIGHT="41" WIDTH="112" VPOS="1823" HPOS="1840"/>
<SP HEIGHT="41" WIDTH="27" VPOS="1823" HPOS="1953"/>
<String CONTENT="13;" HEIGHT="46" WIDTH="81" VPOS="1823" HPOS="1981"/>
<SP HEIGHT="36" WIDTH="32" VPOS="1833" HPOS="2063"/>
<String CONTENT="affs." HEIGHT="43" WIDTH="109" VPOS="1821" HPOS="2096"/>
<SP HEIGHT="41" WIDTH="28" VPOS="1822" HPOS="2206"/>
<String CONTENT="Feb." HEIGHT="42" WIDTH="114" VPOS="1822" HPOS="2235"/>
</TextLine>
<TextLine HEIGHT="51" WIDTH="1860" VPOS="1878" HPOS="396" CS="1">
<String CONTENT="15;" HEIGHT="47" WIDTH="83" VPOS="1881" HPOS="396"/>
<SP HEIGHT="46" WIDTH="38" VPOS="1882" HPOS="480"/>
<!-- cceid 3A601DD9-6CF9-1014-A6CF-A82867D68027 --><String CONTENT="A" HEIGHT="39" WIDTH="42" VPOS="1882" HPOS="519"/>
<SP HEIGHT="40" WIDTH="34" VPOS="1881" HPOS="562"/>
<String CONTENT="59473-59475;" HEIGHT="49" WIDTH="351" VPOS="1880" HPOS="597"/>
<SP HEIGHT="48" WIDTH="38" VPOS="1881" HPOS="949"/>
<String CONTENT="West" HEIGHT="41" WIDTH="139" VPOS="1881" HPOS="988"/>
<SP HEIGHT="46" WIDTH="31" VPOS="1883" HPOS="1128"/>
<String CONTENT="pub." HEIGHT="49" WIDTH="112" VPOS="1880" HPOS="1160"/>
<SP HEIGHT="30" WIDTH="37" VPOS="1892" HPOS="1273"/>
<String CONTENT="co." HEIGHT="30" WIDTH="68" VPOS="1892" HPOS="1311"/>
<SP/>
<String CONTENT="1394-1396" HEIGHT="43" WIDTH="276" VPOS="1878" HPOS="1980"/>
</TextLine>
<TextLine HEIGHT="70" WIDTH="1379" VPOS="1969" HPOS="318" STYLEREFS="StyleId-2C4C0F67-92C0-40D2-89A4-09578DC1F20A-">
<String CONTENT="Pascal," HEIGHT="68" WIDTH="227" VPOS="1969" HPOS="318"/>
<SP HEIGHT="64" WIDTH="26" VPOS="1973" HPOS="546"/>
<String CONTENT="Paul" HEIGHT="54" WIDTH="148" VPOS="1973" HPOS="573"/>
<SP HEIGHT="54" WIDTH="27" VPOS="1973" HPOS="722"/>
<String CONTENT="Victor" HEIGHT="56" WIDTH="207" VPOS="1971" HPOS="750"/>
<SP HEIGHT="53" WIDTH="26" VPOS="1973" HPOS="958"/>
<String CONTENT="Henri," HEIGHT="66" WIDTH="207" VPOS="1973" HPOS="985"/>
<SP HEIGHT="63" WIDTH="30" VPOS="1976" HPOS="1193"/>
<String CONTENT="1880-" HEIGHT="51" WIDTH="174" VPOS="1975" HPOS="1224"/>
<SP HEIGHT="35" WIDTH="212" VPOS="1989" HPOS="1399"/>
<String CONTENT="ed." HEIGHT="55" WIDTH="85" VPOS="1972" HPOS="1612"/>
</TextLine>
<TextLine HEIGHT="70" WIDTH="1953" VPOS="2050" HPOS="391" STYLEREFS="StyleId-01014EA4-ACE2-4CB5-9FE5-18CE24B2BAA9-">
<String CONTENT="Traite" HEIGHT="55" WIDTH="199" VPOS="2051" HPOS="391"/>
<SP HEIGHT="55" WIDTH="32" VPOS="2051" HPOS="591"/>
<String CONTENT="de" HEIGHT="54" WIDTH="72" VPOS="2051" HPOS="624"/>
<SP HEIGHT="35" WIDTH="28" VPOS="2071" HPOS="697"/>
<String CONTENT="chimie" HEIGHT="55" WIDTH="207" VPOS="2051" HPOS="726"/>
<SP HEIGHT="34" WIDTH="29" VPOS="2071" HPOS="934"/>
<String CONTENT="minerale," HEIGHT="69" WIDTH="293" VPOS="2051" HPOS="964"/>
<SP HEIGHT="50" WIDTH="33" VPOS="2070" HPOS="1258"/>
<String CONTENT="publie" HEIGHT="69" WIDTH="198" VPOS="2051" HPOS="1292"/>
<SP HEIGHT="35" WIDTH="30" VPOS="2071" HPOS="1491"/>
<String CONTENT="sous" HEIGHT="35" WIDTH="130" VPOS="2070" HPOS="1522"/>
<SP HEIGHT="53" WIDTH="30" VPOS="2052" HPOS="1653"/>
<String CONTENT="la" HEIGHT="52" WIDTH="57" VPOS="2052" HPOS="1684"/>
<SP HEIGHT="53" WIDTH="30" VPOS="2051" HPOS="1742"/>
<String CONTENT="direction" HEIGHT="55" WIDTH="281" VPOS="2050" HPOS="1773"/>
<SP HEIGHT="53" WIDTH="34" VPOS="2051" HPOS="2055"/>
<String CONTENT="de" HEIGHT="53" WIDTH="69" VPOS="2051" HPOS="2090"/>
<SP HEIGHT="52" WIDTH="31" VPOS="2052" HPOS="2160"/>
<String CONTENT="Paul" HEIGHT="54" WIDTH="152" VPOS="2050" HPOS="2192"/>
</TextLine>
<TextLine HEIGHT="133" WIDTH="2026" VPOS="2130" HPOS="320" STYLEREFS="StyleId-01014EA4-ACE2-4CB5-9FE5-18CE24B2BAA9-" CS="1">
<String CONTENT="Pascal" HEIGHT="54" WIDTH="205" VPOS="2130" HPOS="320"/>
<SP HEIGHT="51" WIDTH="42" VPOS="2132" HPOS="526"/>
<String CS="1" CONTENT="&#8230;"/>
<SP HEIGHT="33" WIDTH="43" VPOS="2150" HPOS="626"/>
<String CONTENT="secretaire" HEIGHT="55" WIDTH="300" VPOS="2131" HPOS="670"/>
<SP HEIGHT="51" WIDTH="37" VPOS="2149" HPOS="971"/>
<String CONTENT="general," HEIGHT="68" WIDTH="252" VPOS="2132" HPOS="1009"/>
<SP HEIGHT="67" WIDTH="34" VPOS="2133" HPOS="1262"/>
<String CONTENT="Paul" HEIGHT="51" WIDTH="151" VPOS="2133" HPOS="1297"/>
<SP HEIGHT="51" WIDTH="38" VPOS="2133" HPOS="1449"/>
<String CONTENT="Baud" HEIGHT="53" WIDTH="169" VPOS="2131" HPOS="1488"/>
<SP HEIGHT="53" WIDTH="43" VPOS="2131" HPOS="1658"/>
<String CS="1" CONTENT="&#8230;"/>
<SP HEIGHT="47" WIDTH="76" VPOS="2137" HPOS="1760"/>
<String CONTENT="t." HEIGHT="47" WIDTH="42" VPOS="2137" HPOS="1837"/>
<SP HEIGHT="35" WIDTH="36" VPOS="2149" HPOS="1880"/>
<String CONTENT="v." HEIGHT="35" WIDTH="53" VPOS="2149" HPOS="1917"/>
<SP HEIGHT="56" WIDTH="40" VPOS="2130" HPOS="1971"/>
<String CONTENT="Carbone&#8212;silicium" HEIGHT="133" WIDTH="2022" VPOS="2130" HPOS="324"/>
<SP HEIGHT="33" WIDTH="16" VPOS="2229" HPOS="576"/>
<String CONTENT="&#8212;" HEIGHT="5" WIDTH="73" VPOS="2244" HPOS="593"/>
</TextLine>
<TextLine HEIGHT="150" WIDTH="2025" VPOS="2210" HPOS="319" STYLEREFS="StyleId-01014EA4-ACE2-4CB5-9FE5-18CE24B2BAA9-" CS="1">
<String CONTENT="titane" HEIGHT="54" WIDTH="182" VPOS="2210" HPOS="685"/>
<SP HEIGHT="34" WIDTH="17" VPOS="2230" HPOS="868"/>
<String CONTENT="&#8212;" HEIGHT="6" WIDTH="74" VPOS="2243" HPOS="886"/>
<SP HEIGHT="51" WIDTH="16" VPOS="2229" HPOS="961"/>
<String CONTENT="germanium" HEIGHT="70" WIDTH="364" VPOS="2210" HPOS="978"/>
<SP HEIGHT="33" WIDTH="15" VPOS="2230" HPOS="1343"/>
<String CONTENT="&#8212;zirconium&#8212;celtium&#8212;ammonium." HEIGHT="132" WIDTH="1998" VPOS="2210" HPOS="319"/>
<SP HEIGHT="51" WIDTH="74" VPOS="2291" HPOS="499"/>
<String CONTENT="Par" HEIGHT="51" WIDTH="118" VPOS="2291" HPOS="574"/>
<SP HEIGHT="33" WIDTH="26" VPOS="2309" HPOS="693"/>
<String CONTENT="mm." HEIGHT="33" WIDTH="132" VPOS="2309" HPOS="720"/>
<SP HEIGHT="53" WIDTH="31" VPOS="2293" HPOS="853"/>
<String CONTENT="J." HEIGHT="53" WIDTH="57" VPOS="2293" HPOS="885"/>
<SP HEIGHT="53" WIDTH="29" VPOS="2292" HPOS="943"/>
<String CONTENT="Amiel," HEIGHT="69" WIDTH="211" VPOS="2290" HPOS="973"/>
<SP HEIGHT="66" WIDTH="29" VPOS="2293" HPOS="1185"/>
<String CONTENT="J." HEIGHT="53" WIDTH="56" VPOS="2293" HPOS="1215"/>
<SP HEIGHT="50" WIDTH="31" VPOS="2294" HPOS="1272"/>
<String CONTENT="Bardet," HEIGHT="69" WIDTH="237" VPOS="2291" HPOS="1304"/>
<SP HEIGHT="68" WIDTH="28" VPOS="2292" HPOS="1542"/>
<String CONTENT="M." HEIGHT="52" WIDTH="79" VPOS="2292" HPOS="1571"/>
<SP HEIGHT="51" WIDTH="32" VPOS="2293" HPOS="1651"/>
<String CONTENT="Billy" HEIGHT="71" WIDTH="161" VPOS="2289" HPOS="1684"/>
<SP HEIGHT="51" WIDTH="34" VPOS="2309" HPOS="1846"/>
<String CS="1" CONTENT="[et" HEIGHT="47" WIDTH="55" VPOS="2296" HPOS="1899"/>
<SP HEIGHT="48" WIDTH="29" VPOS="2296" HPOS="1955"/>
<String CONTENT="al.]" HEIGHT="67" WIDTH="91" VPOS="2291" HPOS="1985"/>
<SP HEIGHT="66" WIDTH="78" VPOS="2292" HPOS="2077"/>
<String CONTENT="Paris," HEIGHT="71" WIDTH="188" VPOS="2289" HPOS="2156"/>
</TextLine>
<TextLine HEIGHT="70" WIDTH="640" VPOS="2369" HPOS="318" STYLEREFS="StyleId-01014EA4-ACE2-4CB5-9FE5-18CE24B2BAA9-">
<String CONTENT="Masson" HEIGHT="54" WIDTH="235" VPOS="2369" HPOS="318"/>
<SP HEIGHT="51" WIDTH="23" VPOS="2373" HPOS="554"/>
<String CONTENT="&amp;" HEIGHT="51" WIDTH="49" VPOS="2373" HPOS="578"/>
<SP HEIGHT="53" WIDTH="25" VPOS="2373" HPOS="628"/>
<String CONTENT="cie.," HEIGHT="70" WIDTH="118" VPOS="2369" HPOS="654"/>
<SP HEIGHT="66" WIDTH="30" VPOS="2373" HPOS="773"/>
<String CONTENT="1932." HEIGHT="53" WIDTH="154" VPOS="2373" HPOS="804"/>
</TextLine>
<TextLine HEIGHT="51" WIDTH="1428" VPOS="2443" HPOS="395" CS="1">
<String CONTENT="4" HEIGHT="39" WIDTH="30" VPOS="2445" HPOS="395"/>
<SP/>
<String CONTENT="p." HEIGHT="37" WIDTH="43" VPOS="2455" HPOS="450"/>
<SP HEIGHT="41" WIDTH="27" VPOS="2444" HPOS="494"/>
<String CS="1" CONTENT="l.," HEIGHT="16" WIDTH="23" VPOS="2476" HPOS="543"/>
<SP HEIGHT="30" WIDTH="29" VPOS="2463" HPOS="567"/>
<String CONTENT="[xi]-xxiii," HEIGHT="50" WIDTH="255" VPOS="2443" HPOS="597"/>
<SP HEIGHT="48" WIDTH="28" VPOS="2445" HPOS="853"/>
<String CONTENT="871" HEIGHT="41" WIDTH="84" VPOS="2445" HPOS="882"/>
<SP HEIGHT="48" WIDTH="27" VPOS="2446" HPOS="967"/>
<String CONTENT="p." HEIGHT="37" WIDTH="42" VPOS="2457" HPOS="995"/>
<SP HEIGHT="40" WIDTH="55" VPOS="2444" HPOS="1038"/>
<String CONTENT="illus.," HEIGHT="47" WIDTH="145" VPOS="2444" HPOS="1094"/>
<SP HEIGHT="44" WIDTH="28" VPOS="2447" HPOS="1240"/>
<String CONTENT="tables," HEIGHT="48" WIDTH="172" VPOS="2444" HPOS="1269"/>
<SP HEIGHT="46" WIDTH="27" VPOS="2446" HPOS="1442"/>
<String CONTENT="diagrs." HEIGHT="48" WIDTH="180" VPOS="2446" HPOS="1470"/>
<SP HEIGHT="40" WIDTH="54" VPOS="2444" HPOS="1651"/>
<String CONTENT="26" HEIGHT="40" WIDTH="60" VPOS="2444" HPOS="1706"/>
<String STYLE="superscript" CS="1" CONTENT="cm" HEIGHT="20" WIDTH="16" VPOS="2447" HPOS="1765"/>
<String CONTENT="." HEIGHT="9" WIDTH="9" VPOS="2475" HPOS="1814"/>
</TextLine>
<TextLine HEIGHT="54" WIDTH="1961" VPOS="2497" HPOS="326" CS="1">
<String CONTENT="&#169;" HEIGHT="52" WIDTH="52" VPOS="2497" HPOS="326"/>
<SP HEIGHT="52" WIDTH="29" VPOS="2497" HPOS="379"/>
<String CONTENT="Nov." HEIGHT="41" WIDTH="120" VPOS="2502" HPOS="409"/>
<SP HEIGHT="40" WIDTH="27" VPOS="2503" HPOS="530"/>
<String CONTENT="12," HEIGHT="49" WIDTH="70" VPOS="2501" HPOS="558"/>
<SP HEIGHT="47" WIDTH="29" VPOS="2503" HPOS="629"/>
<String CONTENT="1932;" HEIGHT="50" WIDTH="142" VPOS="2500" HPOS="659"/>
<SP/>
<String CS="1" CONTENT="1c."/>
<SP HEIGHT="42" WIDTH="29" VPOS="2502" HPOS="904"/>
<String CONTENT="Feb." HEIGHT="42" WIDTH="113" VPOS="2502" HPOS="934"/>
<SP HEIGHT="40" WIDTH="27" VPOS="2504" HPOS="1048"/>
<String CONTENT="10," HEIGHT="48" WIDTH="71" VPOS="2502" HPOS="1076"/>
<SP HEIGHT="47" WIDTH="29" VPOS="2503" HPOS="1148"/>
<String CONTENT="1933;" HEIGHT="48" WIDTH="142" VPOS="2502" HPOS="1178"/>
<SP HEIGHT="47" WIDTH="31" VPOS="2503" HPOS="1321"/>
<!-- cceid 3A61A929-6CF9-1014-A6CF-A82867D68027 --><String CONTENT="A-Foreign" HEIGHT="49" WIDTH="314" VPOS="2502" HPOS="1353"/>
<SP HEIGHT="39" WIDTH="28" VPOS="2503" HPOS="1668"/>
<String CONTENT="19655;" HEIGHT="47" WIDTH="172" VPOS="2501" HPOS="1697"/>
<SP HEIGHT="46" WIDTH="33" VPOS="2502" HPOS="1870"/>
<String CONTENT="Masson" HEIGHT="40" WIDTH="198" VPOS="2502" HPOS="1904"/>
<SP HEIGHT="41" WIDTH="31" VPOS="2501" HPOS="2103"/>
<String CONTENT="&amp;" HEIGHT="41" WIDTH="38" VPOS="2501" HPOS="2135"/>
<SP HEIGHT="41" WIDTH="27" VPOS="2501" HPOS="2174"/>
<String CONTENT="cie." HEIGHT="42" WIDTH="85" VPOS="2499" HPOS="2202"/>
</TextLine>
<TextLine HEIGHT="136" WIDTH="1991" VPOS="2631" HPOS="326" STYLEREFS="StyleId-19474DEF-7F20-4234-B863-10702999FF91-" CS="1">
<String CONTENT="Philadelphia." HEIGHT="67" WIDTH="425" VPOS="2631" HPOS="326"/>
<SP HEIGHT="53" WIDTH="77" VPOS="2635" HPOS="752"/>
<String CONTENT="Free" HEIGHT="54" WIDTH="148" VPOS="2635" HPOS="830"/>
<SP HEIGHT="55" WIDTH="39" VPOS="2634" HPOS="979"/>
<String CONTENT="library." HEIGHT="66" WIDTH="247" VPOS="2634" HPOS="1019"/>
<SP HEIGHT="52" WIDTH="72" VPOS="2636" HPOS="1267"/>
<String CONTENT="Edwin" HEIGHT="54" WIDTH="216" VPOS="2634" HPOS="1340"/>
<SP HEIGHT="52" WIDTH="37" VPOS="2636" HPOS="1557"/>
<String CONTENT="A." HEIGHT="54" WIDTH="72" VPOS="2636" HPOS="1595"/>
<SP HEIGHT="55" WIDTH="38" VPOS="2635" HPOS="1668"/>
<String CONTENT="Fleisher" HEIGHT="54" WIDTH="264" VPOS="2634" HPOS="1707"/>
<SP HEIGHT="35" WIDTH="35" VPOS="2654" HPOS="1972"/>
<String CONTENT="music" HEIGHT="38" WIDTH="183" VPOS="2653" HPOS="2008"/>
<SP HEIGHT="37" WIDTH="38" VPOS="2654" HPOS="2192"/>
<String CONTENT="collection." HEIGHT="125" WIDTH="1925" VPOS="2642" HPOS="392"/>
</TextLine>
<TextLine HEIGHT="71" WIDTH="1949" VPOS="2790" HPOS="393" STYLEREFS="StyleId-01014EA4-ACE2-4CB5-9FE5-18CE24B2BAA9-">
<String CONTENT="The" HEIGHT="54" WIDTH="123" VPOS="2790" HPOS="393"/>
<SP HEIGHT="53" WIDTH="28" VPOS="2791" HPOS="517"/>
<String CONTENT="Edwin" HEIGHT="54" WIDTH="214" VPOS="2790" HPOS="546"/>
<SP HEIGHT="53" WIDTH="28" VPOS="2791" HPOS="761"/>
<String CONTENT="A." HEIGHT="54" WIDTH="73" VPOS="2791" HPOS="790"/>
<SP HEIGHT="53" WIDTH="30" VPOS="2792" HPOS="864"/>
<String CONTENT="Fleisher" HEIGHT="54" WIDTH="261" VPOS="2792" HPOS="895"/>
<SP HEIGHT="34" WIDTH="28" VPOS="2812" HPOS="1157"/>
<String CONTENT="music" HEIGHT="54" WIDTH="181" VPOS="2792" HPOS="1186"/>
<SP HEIGHT="35" WIDTH="28" VPOS="2811" HPOS="1368"/>
<String CONTENT="collection" HEIGHT="54" WIDTH="298" VPOS="2793" HPOS="1397"/>
<SP HEIGHT="52" WIDTH="29" VPOS="2793" HPOS="1696"/>
<String CONTENT="in" HEIGHT="52" WIDTH="61" VPOS="2793" HPOS="1726"/>
<SP HEIGHT="47" WIDTH="29" VPOS="2798" HPOS="1788"/>
<String CONTENT="the" HEIGHT="53" WIDTH="96" VPOS="2792" HPOS="1818"/>
<SP HEIGHT="52" WIDTH="29" VPOS="2793" HPOS="1915"/>
<String CONTENT="Free" HEIGHT="52" WIDTH="143" VPOS="2793" HPOS="1945"/>
<SP HEIGHT="51" WIDTH="30" VPOS="2794" HPOS="2089"/>
<String CONTENT="library" HEIGHT="69" WIDTH="222" VPOS="2792" HPOS="2120"/>
</TextLine>
<TextLine HEIGHT="72" WIDTH="1645" VPOS="2867" HPOS="325" STYLEREFS="StyleId-01014EA4-ACE2-4CB5-9FE5-18CE24B2BAA9-">
<String CONTENT="of" HEIGHT="54" WIDTH="65" VPOS="2867" HPOS="325"/>
<SP HEIGHT="54" WIDTH="31" VPOS="2867" HPOS="391"/>
<String CONTENT="Philadelphia." HEIGHT="70" WIDTH="432" VPOS="2868" HPOS="423"/>
<SP HEIGHT="52" WIDTH="66" VPOS="2871" HPOS="856"/>
<String CONTENT="Philadelphia," HEIGHT="69" WIDTH="434" VPOS="2870" HPOS="923"/>
<SP HEIGHT="67" WIDTH="32" VPOS="2872" HPOS="1358"/>
<String CONTENT="Priv." HEIGHT="54" WIDTH="161" VPOS="2871" HPOS="1391"/>
<SP HEIGHT="49" WIDTH="31" VPOS="2890" HPOS="1553"/>
<String CONTENT="print.," HEIGHT="68" WIDTH="197" VPOS="2871" HPOS="1585"/>
<SP HEIGHT="64" WIDTH="33" VPOS="2874" HPOS="1783"/>
<String CONTENT="1933." HEIGHT="50" WIDTH="153" VPOS="2874" HPOS="1817"/>
</TextLine>
<TextLine HEIGHT="52" WIDTH="942" VPOS="2942" HPOS="399" STYLEREFS="StyleId-01014EA4-ACE2-4CB5-9FE5-18CE24B2BAA9-" CS="1">
<String CONTENT="xxii," HEIGHT="49" WIDTH="120" VPOS="2942" HPOS="399"/>
<SP HEIGHT="47" WIDTH="27" VPOS="2944" HPOS="520"/>
<String CONTENT="493" HEIGHT="42" WIDTH="88" VPOS="2942" HPOS="548"/>
<SP HEIGHT="51" WIDTH="24" VPOS="2942" HPOS="637"/>
<String CONTENT="p." HEIGHT="39" WIDTH="44" VPOS="2954" HPOS="662"/>
<SP HEIGHT="41" WIDTH="55" VPOS="2943" HPOS="707"/>
<String CONTENT="front.," HEIGHT="49" WIDTH="167" VPOS="2943" HPOS="763"/>
<SP HEIGHT="39" WIDTH="27" VPOS="2955" HPOS="931"/>
<String CONTENT="plates." HEIGHT="51" WIDTH="175" VPOS="2943" HPOS="959"/>
<SP HEIGHT="41" WIDTH="57" VPOS="2944" HPOS="1135"/>
<String CS="1" CONTENT="25&#189;c" HEIGHT="41" WIDTH="57" VPOS="2944" HPOS="1193"/>
<String STYLE="superscript" CONTENT="m" HEIGHT="22" WIDTH="28" VPOS="2946" HPOS="1300"/>
<String CONTENT="." HEIGHT="10" WIDTH="10" VPOS="2976" HPOS="1331"/>
</TextLine>
<TextLine HEIGHT="55" WIDTH="1942" VPOS="2997" HPOS="401" CS="1">
<String CONTENT="&#8220;700" HEIGHT="44" WIDTH="114" VPOS="2997" HPOS="401"/>
<SP HEIGHT="41" WIDTH="22" VPOS="3000" HPOS="516"/>
<String CONTENT="numbered" HEIGHT="42" WIDTH="265" VPOS="3000" HPOS="539"/>
<SP HEIGHT="39" WIDTH="27" VPOS="3002" HPOS="805"/>
<String CONTENT="copies" HEIGHT="49" WIDTH="160" VPOS="3001" HPOS="833"/>
<SP HEIGHT="29" WIDTH="28" VPOS="3013" HPOS="994"/>
<String CS="1" CONTENT="&#8230;"/>
<SP HEIGHT="38" WIDTH="27" VPOS="3013" HPOS="1070"/>
<String CONTENT="printed" HEIGHT="50" WIDTH="197" VPOS="3001" HPOS="1098"/>
<SP HEIGHT="41" WIDTH="25" VPOS="3002" HPOS="1296"/>
<String CONTENT="on" HEIGHT="30" WIDTH="60" VPOS="3013" HPOS="1322"/>
<SP HEIGHT="30" WIDTH="24" VPOS="3012" HPOS="1383"/>
<String CONTENT="all-rag" HEIGHT="49" WIDTH="180" VPOS="3002" HPOS="1408"/>
<SP HEIGHT="38" WIDTH="22" VPOS="3013" HPOS="1589"/>
<String CONTENT="paper," HEIGHT="40" WIDTH="163" VPOS="3011" HPOS="1612"/>
<SP HEIGHT="36" WIDTH="27" VPOS="3013" HPOS="1776"/>
<String CONTENT="of" HEIGHT="41" WIDTH="52" VPOS="3001" HPOS="1804"/>
<SP HEIGHT="39" WIDTH="25" VPOS="3001" HPOS="1857"/>
<String CONTENT="which" HEIGHT="42" WIDTH="159" VPOS="3000" HPOS="1883"/>
<SP HEIGHT="40" WIDTH="26" VPOS="3002" HPOS="2043"/>
<String CONTENT="500" HEIGHT="41" WIDTH="87" VPOS="3002" HPOS="2070"/>
<SP HEIGHT="41" WIDTH="24" VPOS="3002" HPOS="2158"/>
<String CONTENT="copies" HEIGHT="50" WIDTH="160" VPOS="3002" HPOS="2183"/>
</TextLine>
<TextLine HEIGHT="51" WIDTH="1102" VPOS="3057" HPOS="329">
<String CONTENT="are" HEIGHT="31" WIDTH="84" VPOS="3066" HPOS="329"/>
<SP HEIGHT="40" WIDTH="24" VPOS="3057" HPOS="414"/>
<String CONTENT="for" HEIGHT="42" WIDTH="80" VPOS="3057" HPOS="439"/>
<SP HEIGHT="29" WIDTH="25" VPOS="3069" HPOS="520"/>
<String CONTENT="sale.&#8221;" HEIGHT="41" WIDTH="148" VPOS="3058" HPOS="546"/>
<SP HEIGHT="39" WIDTH="51" VPOS="3058" HPOS="695"/>
<String CONTENT="This" HEIGHT="41" WIDTH="120" VPOS="3058" HPOS="747"/>
<SP HEIGHT="29" WIDTH="24" VPOS="3070" HPOS="868"/>
<String CONTENT="copy" HEIGHT="38" WIDTH="121" VPOS="3070" HPOS="893"/>
<SP HEIGHT="37" WIDTH="24" VPOS="3070" HPOS="1015"/>
<String CONTENT="not" HEIGHT="38" WIDTH="85" VPOS="3062" HPOS="1040"/>
<SP HEIGHT="38" WIDTH="24" VPOS="3062" HPOS="1126"/>
<String CONTENT="numbered." HEIGHT="42" WIDTH="280" VPOS="3059" HPOS="1151"/>
</TextLine>
<TextLine HEIGHT="56" WIDTH="1945" VPOS="3111" HPOS="400">
<String CONTENT="Classified;" HEIGHT="52" WIDTH="284" VPOS="3111" HPOS="400"/>
<SP HEIGHT="48" WIDTH="30" VPOS="3115" HPOS="685"/>
<String CONTENT="includes" HEIGHT="42" WIDTH="220" VPOS="3115" HPOS="716"/>
<SP HEIGHT="40" WIDTH="29" VPOS="3117" HPOS="937"/>
<String CONTENT="dates" HEIGHT="40" WIDTH="140" VPOS="3117" HPOS="967"/>
<SP HEIGHT="29" WIDTH="31" VPOS="3128" HPOS="1108"/>
<String CONTENT="of" HEIGHT="41" WIDTH="52" VPOS="3116" HPOS="1140"/>
<SP HEIGHT="40" WIDTH="26" VPOS="3116" HPOS="1193"/>
<String CONTENT="composer," HEIGHT="38" WIDTH="263" VPOS="3127" HPOS="1220"/>
<SP HEIGHT="46" WIDTH="30" VPOS="3118" HPOS="1484"/>
<String CONTENT="title" HEIGHT="41" WIDTH="110" VPOS="3116" HPOS="1515"/>
<SP HEIGHT="29" WIDTH="28" VPOS="3128" HPOS="1626"/>
<String CONTENT="of" HEIGHT="41" WIDTH="51" VPOS="3116" HPOS="1655"/>
<SP HEIGHT="41" WIDTH="28" VPOS="3116" HPOS="1707"/>
<String CONTENT="each" HEIGHT="40" WIDTH="119" VPOS="3117" HPOS="1736"/>
<SP HEIGHT="39" WIDTH="27" VPOS="3117" HPOS="1856"/>
<String CONTENT="work" HEIGHT="41" WIDTH="137" VPOS="3116" HPOS="1884"/>
<SP HEIGHT="40" WIDTH="28" VPOS="3116" HPOS="2022"/>
<String CONTENT="in" HEIGHT="40" WIDTH="51" VPOS="3116" HPOS="2051"/>
<SP HEIGHT="30" WIDTH="29" VPOS="3128" HPOS="2103"/>
<String CONTENT="original" HEIGHT="50" WIDTH="212" VPOS="3117" HPOS="2133"/>
</TextLine>
<TextLine HEIGHT="54" WIDTH="2016" VPOS="3170" HPOS="329">
<String CONTENT="language," HEIGHT="51" WIDTH="255" VPOS="3170" HPOS="329"/>
<SP HEIGHT="37" WIDTH="37" VPOS="3183" HPOS="585"/>
<String CONTENT="with" HEIGHT="40" WIDTH="121" VPOS="3172" HPOS="623"/>
<SP HEIGHT="39" WIDTH="39" VPOS="3173" HPOS="745"/>
<String CONTENT="English" HEIGHT="50" WIDTH="203" VPOS="3173" HPOS="785"/>
<SP HEIGHT="40" WIDTH="37" VPOS="3174" HPOS="989"/>
<String CONTENT="translation," HEIGHT="48" WIDTH="314" VPOS="3173" HPOS="1027"/>
<SP HEIGHT="38" WIDTH="38" VPOS="3185" HPOS="1342"/>
<String CONTENT="publisher," HEIGHT="49" WIDTH="265" VPOS="3174" HPOS="1381"/>
<SP HEIGHT="47" WIDTH="37" VPOS="3174" HPOS="1647"/>
<String CONTENT="instrumentation," HEIGHT="47" WIDTH="451" VPOS="3174" HPOS="1685"/>
<SP HEIGHT="47" WIDTH="40" VPOS="3174" HPOS="2137"/>
<String CONTENT="length" HEIGHT="50" WIDTH="167" VPOS="3174" HPOS="2178"/>
</TextLine>
<TextLine HEIGHT="51" WIDTH="2013" VPOS="3229" HPOS="331">
<String CONTENT="of" HEIGHT="40" WIDTH="52" VPOS="3229" HPOS="331"/>
<SP HEIGHT="41" WIDTH="24" VPOS="3229" HPOS="384"/>
<String CONTENT="time" HEIGHT="42" WIDTH="118" VPOS="3229" HPOS="409"/>
<SP HEIGHT="30" WIDTH="27" VPOS="3241" HPOS="528"/>
<String CONTENT="required" HEIGHT="47" WIDTH="226" VPOS="3230" HPOS="556"/>
<SP HEIGHT="39" WIDTH="28" VPOS="3231" HPOS="783"/>
<String CONTENT="for" HEIGHT="40" WIDTH="79" VPOS="3231" HPOS="812"/>
<SP HEIGHT="38" WIDTH="26" VPOS="3241" HPOS="892"/>
<String CONTENT="performance," HEIGHT="48" WIDTH="356" VPOS="3231" HPOS="919"/>
<SP HEIGHT="47" WIDTH="28" VPOS="3232" HPOS="1276"/>
<String CONTENT="date" HEIGHT="41" WIDTH="115" VPOS="3232" HPOS="1305"/>
<SP HEIGHT="31" WIDTH="27" VPOS="3242" HPOS="1421"/>
<String CONTENT="of" HEIGHT="42" WIDTH="52" VPOS="3230" HPOS="1449"/>
<SP HEIGHT="41" WIDTH="26" VPOS="3230" HPOS="1502"/>
<String CONTENT="composition," HEIGHT="49" WIDTH="335" VPOS="3231" HPOS="1529"/>
<SP HEIGHT="38" WIDTH="28" VPOS="3241" HPOS="1865"/>
<String CONTENT="and" HEIGHT="39" WIDTH="97" VPOS="3233" HPOS="1894"/>
<SP HEIGHT="41" WIDTH="29" VPOS="3231" HPOS="1992"/>
<String CONTENT="information" HEIGHT="42" WIDTH="322" VPOS="3231" HPOS="2022"/>
</TextLine>
<TextLine HEIGHT="51" WIDTH="902" VPOS="3286" HPOS="330">
<String CONTENT="relating" HEIGHT="50" WIDTH="213" VPOS="3286" HPOS="330"/>
<SP HEIGHT="46" WIDTH="25" VPOS="3290" HPOS="544"/>
<String CONTENT="to" HEIGHT="39" WIDTH="51" VPOS="3290" HPOS="570"/>
<SP HEIGHT="41" WIDTH="26" VPOS="3288" HPOS="622"/>
<String CONTENT="its" HEIGHT="41" WIDTH="65" VPOS="3288" HPOS="649"/>
<SP HEIGHT="41" WIDTH="25" VPOS="3288" HPOS="715"/>
<String CONTENT="first" HEIGHT="41" WIDTH="108" VPOS="3288" HPOS="741"/>
<SP HEIGHT="46" WIDTH="26" VPOS="3291" HPOS="850"/>
<String CONTENT="performance." HEIGHT="49" WIDTH="355" VPOS="3288" HPOS="877"/>
</TextLine>
<TextLine HEIGHT="53" WIDTH="1942" VPOS="3343" HPOS="401">
<String CONTENT="The" HEIGHT="41" WIDTH="102" VPOS="3344" HPOS="401"/>
<SP HEIGHT="42" WIDTH="31" VPOS="3343" HPOS="504"/>
<String CONTENT="information" HEIGHT="42" WIDTH="323" VPOS="3343" HPOS="536"/>
<SP HEIGHT="39" WIDTH="29" VPOS="3345" HPOS="860"/>
<String CONTENT="for" HEIGHT="40" WIDTH="80" VPOS="3345" HPOS="890"/>
<SP HEIGHT="38" WIDTH="31" VPOS="3347" HPOS="971"/>
<String CONTENT="the" HEIGHT="41" WIDTH="83" VPOS="3346" HPOS="1003"/>
<SP HEIGHT="31" WIDTH="31" VPOS="3356" HPOS="1087"/>
<String CONTENT="majority" HEIGHT="49" WIDTH="237" VPOS="3344" HPOS="1119"/>
<SP HEIGHT="37" WIDTH="31" VPOS="3356" HPOS="1357"/>
<String CONTENT="of" HEIGHT="40" WIDTH="52" VPOS="3345" HPOS="1389"/>
<SP HEIGHT="40" WIDTH="28" VPOS="3345" HPOS="1442"/>
<String CONTENT="compositions" HEIGHT="49" WIDTH="345" VPOS="3346" HPOS="1471"/>
<SP HEIGHT="40" WIDTH="31" VPOS="3346" HPOS="1817"/>
<String CONTENT="has" HEIGHT="41" WIDTH="90" VPOS="3346" HPOS="1849"/>
<SP HEIGHT="41" WIDTH="30" VPOS="3346" HPOS="1940"/>
<String CONTENT="been" HEIGHT="42" WIDTH="118" VPOS="3346" HPOS="1971"/>
<SP HEIGHT="29" WIDTH="30" VPOS="3358" HPOS="2090"/>
<String CONTENT="supplied" HEIGHT="50" WIDTH="222" VPOS="3346" HPOS="2121"/>
</TextLine>
<TextLine HEIGHT="52" WIDTH="2012" VPOS="3400" HPOS="331">
<String CONTENT="by" HEIGHT="47" WIDTH="60" VPOS="3401" HPOS="331"/>
<SP HEIGHT="47" WIDTH="29" VPOS="3401" HPOS="392"/>
<String CONTENT="Karl" HEIGHT="40" WIDTH="125" VPOS="3401" HPOS="422"/>
<SP HEIGHT="41" WIDTH="28" VPOS="3400" HPOS="548"/>
<String CONTENT="Geiringer." HEIGHT="50" WIDTH="270" VPOS="3400" HPOS="577"/>
<SP HEIGHT="40" WIDTH="58" VPOS="3402" HPOS="848"/>
<String CONTENT="The" HEIGHT="41" WIDTH="103" VPOS="3402" HPOS="907"/>
<SP HEIGHT="30" WIDTH="29" VPOS="3413" HPOS="1011"/>
<String CONTENT="material" HEIGHT="41" WIDTH="230" VPOS="3402" HPOS="1041"/>
<SP HEIGHT="40" WIDTH="27" VPOS="3402" HPOS="1272"/>
<String CONTENT="has" HEIGHT="40" WIDTH="91" VPOS="3403" HPOS="1300"/>
<SP HEIGHT="40" WIDTH="28" VPOS="3403" HPOS="1392"/>
<String CONTENT="been" HEIGHT="41" WIDTH="120" VPOS="3403" HPOS="1421"/>
<SP HEIGHT="31" WIDTH="27" VPOS="3412" HPOS="1542"/>
<String CONTENT="cataloged" HEIGHT="49" WIDTH="254" VPOS="3403" HPOS="1570"/>
<SP HEIGHT="40" WIDTH="30" VPOS="3403" HPOS="1825"/>
<String CONTENT="by" HEIGHT="47" WIDTH="61" VPOS="3404" HPOS="1856"/>
<SP HEIGHT="48" WIDTH="29" VPOS="3403" HPOS="1918"/>
<String CONTENT="Edith" HEIGHT="42" WIDTH="150" VPOS="3403" HPOS="1948"/>
<SP HEIGHT="41" WIDTH="30" VPOS="3404" HPOS="2099"/>
<String CONTENT="Werber." HEIGHT="40" WIDTH="213" VPOS="3405" HPOS="2130"/>
</TextLine>
<TextLine HEIGHT="50" WIDTH="1016" VPOS="3458" HPOS="329" CS="1">
<String CONTENT="cf." HEIGHT="48" WIDTH="62" VPOS="3458" HPOS="329"/>
<SP HEIGHT="43" WIDTH="27" VPOS="3458" HPOS="392"/>
<String CONTENT="Tref.," HEIGHT="49" WIDTH="146" VPOS="3458" HPOS="420"/>
<SP HEIGHT="37" WIDTH="28" VPOS="3470" HPOS="567"/>
<String CONTENT="signed:" HEIGHT="49" WIDTH="197" VPOS="3459" HPOS="596"/>
<SP HEIGHT="40" WIDTH="27" VPOS="3459" HPOS="794"/>
<String CONTENT="Edwin" HEIGHT="41" WIDTH="174" VPOS="3459" HPOS="822"/>
<SP HEIGHT="39" WIDTH="27" VPOS="3460" HPOS="997"/>
<String CONTENT="A." HEIGHT="40" WIDTH="54" VPOS="3460" HPOS="1025"/>
<SP HEIGHT="40" WIDTH="29" VPOS="3460" HPOS="1080"/>
<String CONTENT="Fleisher." HEIGHT="42" WIDTH="235" VPOS="3459" HPOS="1110"/>
</TextLine>
<TextLine HEIGHT="52" WIDTH="1475" VPOS="3514" HPOS="331" CS="1">
<String CONTENT="&#169;" HEIGHT="52" WIDTH="52" VPOS="3514" HPOS="331"/>
<SP HEIGHT="52" WIDTH="29" VPOS="3514" HPOS="384"/>
<String CONTENT="Feb." HEIGHT="41" WIDTH="112" VPOS="3518" HPOS="414"/>
<SP HEIGHT="40" WIDTH="25" VPOS="3519" HPOS="527"/>
<String CONTENT="4," HEIGHT="46" WIDTH="40" VPOS="3519" HPOS="553"/>
<SP HEIGHT="47" WIDTH="27" VPOS="3518" HPOS="594"/>
<String CONTENT="1933;" HEIGHT="46" WIDTH="142" VPOS="3517" HPOS="622"/>
<SP HEIGHT="46" WIDTH="29" VPOS="3517" HPOS="765"/>
<String CONTENT="2c." HEIGHT="40" WIDTH="69" VPOS="3517" HPOS="795"/>
<SP HEIGHT="29" WIDTH="27" VPOS="3528" HPOS="865"/>
<String CONTENT="and" HEIGHT="39" WIDTH="95" VPOS="3518" HPOS="893"/>
<SP HEIGHT="39" WIDTH="29" VPOS="3518" HPOS="989"/>
<String CONTENT="aff." HEIGHT="41" WIDTH="83" VPOS="3516" HPOS="1019"/>
<SP HEIGHT="41" WIDTH="28" VPOS="3516" HPOS="1103"/>
<String CONTENT="Feb." HEIGHT="41" WIDTH="110" VPOS="3516" HPOS="1132"/>
<SP HEIGHT="41" WIDTH="29" VPOS="3516" HPOS="1243"/>
<String CS="1" CONTENT="8;" HEIGHT="36" WIDTH="9" VPOS="3527" HPOS="1317"/>
<SP HEIGHT="47" WIDTH="30" VPOS="3516" HPOS="1327"/>
<!-- cceid 3A630094-6CF9-1014-A6CF-A82867D68027 --><String CONTENT="A" HEIGHT="39" WIDTH="40" VPOS="3516" HPOS="1358"/>
<SP HEIGHT="40" WIDTH="27" VPOS="3516" HPOS="1399"/>
<String CONTENT="59332;" HEIGHT="49" WIDTH="171" VPOS="3515" HPOS="1427"/>
<SP HEIGHT="47" WIDTH="32" VPOS="3517" HPOS="1599"/>
<String CONTENT="Edwin" HEIGHT="41" WIDTH="174" VPOS="3516" HPOS="1632"/>
</TextLine>
<TextLine HEIGHT="106" WIDTH="1927" VPOS="3517" HPOS="399" CS="1">
<String CONTENT="A." HEIGHT="42" WIDTH="56" VPOS="3517" HPOS="1832"/>
<SP HEIGHT="41" WIDTH="30" VPOS="3518" HPOS="1889"/>
<String CONTENT="Fleisher," HEIGHT="48" WIDTH="233" VPOS="3517" HPOS="1920"/>
<SP HEIGHT="47" WIDTH="30" VPOS="3518" HPOS="2154"/>
<String CONTENT="Philadelphia." HEIGHT="106" WIDTH="1927" VPOS="3517" HPOS="399"/>
<SP HEIGHT="48" WIDTH="71" VPOS="3575" HPOS="609"/>
<String CONTENT="(33-4966)" HEIGHT="51" WIDTH="253" VPOS="3572" HPOS="681"/>
</TextLine>
<TextLine HEIGHT="65" WIDTH="471" VPOS="3664" HPOS="328" STYLEREFS="StyleId-2C4C0F67-92C0-40D2-89A4-09578DC1F20A-">
<String CONTENT="Price," HEIGHT="65" WIDTH="187" VPOS="3664" HPOS="328"/>
<SP HEIGHT="63" WIDTH="27" VPOS="3666" HPOS="516"/>
<String CONTENT="Wesley." HEIGHT="64" WIDTH="255" VPOS="3664" HPOS="544"/>
</TextLine>
<TextLine HEIGHT="148" WIDTH="1990" VPOS="3737" HPOS="329" STYLEREFS="StyleId-01014EA4-ACE2-4CB5-9FE5-18CE24B2BAA9-" CS="1">
<String CONTENT="Death" HEIGHT="54" WIDTH="188" VPOS="3741" HPOS="400"/>
<SP HEIGHT="55" WIDTH="25" VPOS="3740" HPOS="589"/>
<String CONTENT="is" HEIGHT="54" WIDTH="49" VPOS="3740" HPOS="615"/>
<SP HEIGHT="38" WIDTH="23" VPOS="3759" HPOS="665"/>
<String CONTENT="a" HEIGHT="34" WIDTH="31" VPOS="3763" HPOS="689"/>
<SP HEIGHT="38" WIDTH="27" VPOS="3759" HPOS="721"/>
<String CONTENT="stowaway," HEIGHT="63" WIDTH="324" VPOS="3746" HPOS="749"/>
<SP HEIGHT="69" WIDTH="23" VPOS="3740" HPOS="1074"/>
<String CONTENT="by" HEIGHT="69" WIDTH="75" VPOS="3740" HPOS="1098"/>
<SP HEIGHT="69" WIDTH="26" VPOS="3740" HPOS="1174"/>
<String CONTENT="Wesley" HEIGHT="70" WIDTH="225" VPOS="3739" HPOS="1201"/>
<SP HEIGHT="70" WIDTH="26" VPOS="3739" HPOS="1427"/>
<String CONTENT="Price." HEIGHT="58" WIDTH="182" VPOS="3738" HPOS="1454"/>
<SP HEIGHT="57" WIDTH="60" VPOS="3739" HPOS="1637"/>
<String CONTENT="New" HEIGHT="55" WIDTH="138" VPOS="3739" HPOS="1698"/>
<SP HEIGHT="54" WIDTH="28" VPOS="3739" HPOS="1837"/>
<String CONTENT="York," HEIGHT="69" WIDTH="179" VPOS="3739" HPOS="1866"/>
<SP HEIGHT="69" WIDTH="23" VPOS="3739" HPOS="2046"/>
<String CONTENT="W." HEIGHT="54" WIDTH="89" VPOS="3739" HPOS="2070"/>
<SP HEIGHT="57" WIDTH="30" VPOS="3737" HPOS="2160"/>
<String CONTENT="Godwin," HEIGHT="145" WIDTH="1990" VPOS="3737" HPOS="329"/>
<SP HEIGHT="62" WIDTH="35" VPOS="3820" HPOS="462"/>
<String CONTENT="inc.," HEIGHT="65" WIDTH="128" VPOS="3820" HPOS="498"/>
<SP HEIGHT="63" WIDTH="36" VPOS="3822" HPOS="627"/>
<String CONTENT="1933." HEIGHT="51" WIDTH="151" VPOS="3821" HPOS="664"/>
</TextLine>
<TextLine HEIGHT="49" WIDTH="373" VPOS="3889" HPOS="398" STYLEREFS="StyleId-01014EA4-ACE2-4CB5-9FE5-18CE24B2BAA9-" CS="1">
<String CONTENT="288" HEIGHT="42" WIDTH="88" VPOS="3889" HPOS="398"/>
<SP HEIGHT="48" WIDTH="30" VPOS="3890" HPOS="487"/>
<String CONTENT="p." HEIGHT="38" WIDTH="43" VPOS="3900" HPOS="518"/>
<SP HEIGHT="40" WIDTH="60" VPOS="3890" HPOS="562"/>
<String CS="1" CONTENT="19&#189;" HEIGHT="41" WIDTH="27" VPOS="3889" HPOS="653"/>
<String STYLE="superscript" CONTENT="cm" HEIGHT="22" WIDTH="44" VPOS="3892" HPOS="712"/>
<String CONTENT="." HEIGHT="8" WIDTH="8" VPOS="3923" HPOS="763"/>
</TextLine>
<TextLine HEIGHT="53" WIDTH="2011" VPOS="3945" HPOS="333">
<String CONTENT="&#169;" HEIGHT="52" WIDTH="52" VPOS="3946" HPOS="333"/>
<SP HEIGHT="52" WIDTH="33" VPOS="3946" HPOS="386"/>
<String CONTENT="Feb" HEIGHT="40" WIDTH="97" VPOS="3950" HPOS="420"/>
<SP HEIGHT="40" WIDTH="44" VPOS="3950" HPOS="518"/>
<String CONTENT="21," HEIGHT="48" WIDTH="71" VPOS="3950" HPOS="563"/>
<SP HEIGHT="47" WIDTH="31" VPOS="3951" HPOS="635"/>
<String CONTENT="1933;" HEIGHT="47" WIDTH="142" VPOS="3951" HPOS="667"/>
<SP HEIGHT="48" WIDTH="34" VPOS="3950" HPOS="810"/>
<String CONTENT="2c." HEIGHT="42" WIDTH="68" VPOS="3950" HPOS="845"/>
<SP HEIGHT="42" WIDTH="31" VPOS="3950" HPOS="914"/>
<String CONTENT="Feb." HEIGHT="40" WIDTH="111" VPOS="3950" HPOS="946"/>
<SP HEIGHT="40" WIDTH="32" VPOS="3950" HPOS="1058"/>
<String CONTENT="27;" HEIGHT="48" WIDTH="83" VPOS="3950" HPOS="1091"/>
<SP HEIGHT="38" WIDTH="34" VPOS="3960" HPOS="1175"/>
<String CONTENT="aff." HEIGHT="42" WIDTH="83" VPOS="3949" HPOS="1210"/>
<SP HEIGHT="40" WIDTH="33" VPOS="3951" HPOS="1294"/>
<String CONTENT="Feb." HEIGHT="40" WIDTH="112" VPOS="3951" HPOS="1328"/>
<SP HEIGHT="42" WIDTH="30" VPOS="3949" HPOS="1441"/>
<String CONTENT="25;" HEIGHT="48" WIDTH="85" VPOS="3949" HPOS="1472"/>
<SP HEIGHT="47" WIDTH="32" VPOS="3950" HPOS="1558"/>
<!-- cceid 3A655D60-6CF9-1014-A6CF-A82867D68027 --><String CONTENT="A" HEIGHT="40" WIDTH="41" VPOS="3950" HPOS="1591"/>
<SP HEIGHT="40" WIDTH="32" VPOS="3950" HPOS="1633"/>
<String CONTENT="59689;" HEIGHT="50" WIDTH="171" VPOS="3948" HPOS="1666"/>
<SP HEIGHT="47" WIDTH="35" VPOS="3951" HPOS="1838"/>
<String CONTENT="William" HEIGHT="42" WIDTH="216" VPOS="3949" HPOS="1874"/>
<SP HEIGHT="41" WIDTH="35" VPOS="3949" HPOS="2091"/>
<String CONTENT="Godwin," HEIGHT="52" WIDTH="217" VPOS="3945" HPOS="2127"/>
</TextLine>
<TextLine HEIGHT="50" WIDTH="413" VPOS="4006" HPOS="401">
<String CONTENT="inc." HEIGHT="41" WIDTH="88" VPOS="4007" HPOS="401"/>
<SP HEIGHT="48" WIDTH="71" VPOS="4008" HPOS="490"/>
<String CONTENT="(33-4725)" HEIGHT="50" WIDTH="252" VPOS="4006" HPOS="562"/>
</TextLine>
</TextBlock>
</PrintSpace>
</Page>
</Layout>
</alto>