2582 4453
1320 4174 134 51 1818

452 563 99 49 xix,
581 564 219 49 [21]-213,
833 565 55 48 [1]
916 575 42 38 p.
1020 564 165 47 front.,
1211 564 127 40 illus.
1371 564 189 48 (plans)
1589 566 172 45 plates,
1789 564 25 39 5
1840 566 123 47 port,
1991 574 59 30 on
2077 566 21 37 1
2129 546 63 67 pi
2250 564 122 42 18½cm
2372 566 8 19 1
2387 600 7 7 .

392 623 116 47 (Les
543 622 330 48 pelerinages)

453 682 63 39 At
541 681 126 40 head
693 680 52 40 of
770 680 137 41 title:
937 680 60 42 H.
1025 678 256 50 Cheramy,
1340 713 7 8 P.
1406 714 7 7 S.
1473 714 7 7 S.

382 751 1961 52 © Nov. 2. 1033; 1c. Nov. 1(1; A-Foreign 22054 ; Ernest Flammarion.
461 812 222 49 (34-343)

383 928 119 53 The
553 927 376 57 Cumulative
976 929 297 53 loose-leaf
1317 928 256 55 business
1619 929 432 69 encyclopedia;
2101 928 296 55 editor-in-

456 1007 1940 69 chief, Harry T. Collings … Philadelphia, Chicago [etc.]
455 1085 123 55 The
605 1086 159 54 John
791 1085 64 56 C.
884 1087 268 54 Winston
1183 1105 282 49 company
1499 1120 12 34 [
1517 1092 17 21 c
1540 1089 153 63 1933]

458 1159 55 40 10
540 1170 42 29 v.
644 1158 176 41 fronts.
851 1159 48 47 (1
927 1160 115 40 col.:
1072 1172 42 28 v.
1143 1161 51 45 8)
1234 1160 142 45 illus.,
1406 1161 172 48 plates,
1608 1164 164 45 ports.,
1802 1158 194 50 diagrs..
2027 1159 168 41 forms.
2256 1160 55 39 22½
2345 1164 42 20 cm
2393 1194 8 9 .

459 1216 262 42 Published
762 1216 113 43 1925
914 1218 156 41 under
1108 1220 137 40 title:
1287 1218 234 42 Business
1560 1218 186 48 library
1786 1218 78 40 for
1904 1218 222 41 business
2162 1229 121 31 men.

727 1308 8 8 CONTENTS.
754 1298 59 4 —
830 1282 32 34 I.
916 1276 101 42 The
1069 1277 254 41 executive
1376 1277 223 41 business
1651 1276 416 47 administration,
2122 1277 59 47 by
2236 1278 52 39 A.
2342 1277 59 40 H.

386 1331 328 42 Church.—II.
747 1333 311 43 Production,
1093 1335 60 46 by
1188 1334 51 40 E.
1276 1334 58 40 H.
1373 1334 129 40 Fish.
1566 1334 278 46 Personnel,
1881 1334 58 47 by
1974 1335 70 38 W.
2084 1335 44 38 L.
2166 1335 235 41 Fletcher.

387 1390 114 42 Cost
530 1391 305 49 accounting,
867 1392 60 48 by
954 1390 44 42 J.
1031 1392 48 40 L.
1111 1390 414 42 Nicholson.—hi.
1555 1391 193 42 Income
1777 1394 101 38 tax.
1907 1393 60 47 by
1997 1391 43 41 J.
2071 1387 52 46 (5.
2158 1392 244 43 Herndon,

385 1449 62 48 jr.
515 1447 365 50 Corporations,
921 1450 60 47 by
1020 1448 54 41 It.
1113 1449 43 41 J.
1197 1448 224 42 Bennett.
1494 1449 314 48 Accounting,
1849 1451 59 45 by
1951 1449 54 41 N.
2047 1450 57 39 H.
2146 1451 258 47 Prouty.—

386 1514 71 34 IV.
490 1507 234 41 Business
751 1508 285 45 economics,
1068 1507 61 47 by
1158 1507 60 39 H.
1249 1506 51 40 T.
1334 1505 229 51 Codings.
1623 1507 240 49 Banking,
1896 1508 59 47 by
1991 1508 48 39 F.
2072 1508 198 41 Parker.
387 1509 1999 97 Finance
566 1566 96 40 and
691 1566 309 45 investment,
1029 1565 60 47 by
1122 1565 45 39 L.
1200 1565 48 40 P.
1280 1565 356 47 Stradley.—V.
1669 1565 292 49 Marketing,
1991 1567 59 45 by
2079 1566 50 39 F.
2159 1566 51 40 E.
2241 1565 160 41 Clark.

388 1622 382 49 Salesmanship,
801 1624 60 47 by
890 1622 54 44 R.
977 1623 46 39 L.
1056 1622 163 41 Wood.
1280 1621 565 45 Credits—Collections,
1875 1624 57 47 by
1967 1624 44 40 S.
2042 1625 53 39 It.
2126 1624 115 40 Hall
2276 1625 126 49 [and]

389 1682 48 41 P.
482 1682 59 40 H.
588 1680 381 49 Nystrom.—VI.
1014 1679 330 49 Advertising,
1388 1680 60 47 by
1492 1678 47 42 C.
1587 1680 199 41 Ellison.
1861 1679 437 51 Correspondence,
2344 1683 58 47 by

387 1739 49 41 I’.
470 1740 44 40 S.
547 1738 187 42 Keiser.
795 1738 144 41 Office
972 1741 354 45 management,
1359 1738 61 47 by
1452 1738 52 39 A.
1537 1737 59 40 H.
1632 1737 364 41 Church.—vii.
2029 1739 282 48 Insurance,
2344 1741 58 47 by

389 1798 44 40 S.
467 1797 44 41 S.
543 1797 245 41 Huebner.
847 1796 121 40 Real
996 1796 171 45 estate,
1199 1796 60 46 by
1289 1796 70 39 W.
1392 1793 48 42 C.
1472 1795 193 41 Harris.
1724 1796 168 40 Public
1922 1796 222 42 utilities,
2175 1798 61 48 by
2266 1797 51 41 T.
2349 1799 53 39 R.

389 1854 431 48 Snaveley.—VIII.
851 1852 428 50 Transportation,
1313 1853 59 46 by
1405 1852 55 44 A.
1493 1851 185 43 Colton.
1743 1854 206 50 Foreign
1982 1856 155 40 trade,
2170 1856 60 47 by
2265 1855 52 41 B.
2352 1855 50 41 O.

388 1913 393 49 Hough.—IX—X.
809 1910 320 43 Commercial
1157 1911 108 46 law,
1296 1911 60 46 by
1384 1910 55 40 U.
1467 1909 50 41 E.
1548 1909 171 43 Crane.

387 1982 52 52 ©
473 1986 109 39 Jan.
615 1986 70 40 25.
718 1985 141 40 1933;
894 1985 68 39 2c.
991 1984 122 41 each
1146 1983 112 39 Dec.
1292 1984 82 45 18;
1410 1982 109 41 affs.
1553 1984 113 39 Dec.
1700 1984 82 47 16;
1818 1984 40 39 A
1892 1985 350 41 67722-67731;
2279 1985 128 40 John

456 2045 47 39 C.
534 2043 225 40 Winston
789 2052 68 30 co.
939 2037 52 53 [©
1022 2039 240 42 revisions
1293 2041 94 38 and
1419 2040 263 51 additions]

464 2101 223 49 (34-328)

389 2222 248 63 Cuzacq,
666 2221 181 56 Rene.

517 2297 1890 70 … L’Adour et ses gaves; couverture d’apres un tableau de
384 2397 71 34 m.
492 2378 203 57 Gueit;
733 2396 250 51 ouvrage
1019 2396 135 35 orne
1189 2378 68 53 de
1293 2377 99 53 167
1426 2376 447 69 heliogravures.
1949 2377 281 68 Aurillac,
384 2376 1998 136 Editions
561 2458 71 53 U.
665 2457 56 56 S.
751 2458 77 53 H.
855 2457 91 68 A.,
975 2460 151 51 1933.

454 2530 1952 53 2 p. l. , [7]—203, [3] p. illus. 25 cm . (On cover: Collection Les belles
384 2589 204 41 rivieres
619 2591 58 39 de
708 2590 202 41 France.
975 2590 82 50 [2])

388 2656 2015 53 © Sept. l. 1933; 1c. Oct. 28; A-Foreign 22639; Union sociale de la
453 2718 456 48 Haute-Auvergne.
984 2718 223 48 (34-359)

387 2835 213 66 Dohm,
630 2838 188 64 Batti,
850 2837 172 53 1897-

461 2913 292 70 Stielauge
795 2914 100 55 der
937 2913 252 55 urkrebs.
1270 2914 144 53 Eine
1457 2912 237 55 chronik
1737 2933 101 34 aus
1880 2912 250 54 urzeiten
2175 2929 228 37 unserer

389 2994 148 69 erde,
568 3011 111 35 von
714 2993 162 54 Batti
911 2993 205 54 Dohm.
1188 2993 108 53 Mit
1334 2994 386 67 zeichnungen
1756 3011 105 34 von
1898 2991 248 69 Magnus
2181 2990 219 53 Weide-

387 3072 1385 68 mann. Leipzig, Koehler & Amelang [ c 1933]
457 3127 832 65 272 p. front. Cillus., pl. 19 cm .
387 3216 1959 53 © Sept. 28. 1933: 1c. Nov. 21 : A-Foreign 22779; Koehler & Amelang.
464 3278 222 48 (34-353)

386 3397 190 64 Eddy,
608 3399 139 52 Mrs.
780 3399 173 62 Mary
986 3397 256 65 (Baker)
1286 3400 324 50 1821-1910.

458 3475 181 56 Early
683 3494 175 40 verso,
902 3476 73 68 by
1019 3477 173 67 Mary
1237 3476 190 52 Baker
1470 3476 192 68 Eddy,
1707 3476 274 67 gathered
2028 3475 150 53 from
388 3491 1987 130 newspapers
640 3555 111 51 and

796 3554 326 68 magazines
1167 3556 231 67 printed
1444 3555 214 67 during
1701 3555 94 51 the
1842 3554 196 68 period
2091 3552 307 54 1840-1871

386 3630 140 53 with
559 3652 71 33 an
661 3633 400 68 introductory
1091 3633 239 68 critique
1363 3633 227 54 written
1623 3634 75 67 by
1729 3633 227 54 Gilbert
1988 3635 61 53 C.
2084 3632 316 67 Carpenter

446 3709 1952 72 … [West Barrington, R. I.] Priv. print, for the Association
384 3791 937 69 of Christian scientists [ c 1933]
471 3865 55 38 [52]
574 3876 42 37 p.
677 3866 115 40 19cm.

457 3923 65 38 “A
570 3922 185 40 limited
804 3924 183 39 edition
1033 3925 51 39 of
1130 3934 89 29 one
1265 3923 220 40 hundred
1534 3922 159 49 copies
1740 3922 51 41 of
1895 3921 40 39 this
1982 3920 122 40 book
2149 3921 91 39 has
2286 3922 116 37 been

378 3978 237 48 printed.”

381 4045 2017 52 © Feb. l. 1933: 2c. Feb. 11 : aff. Feb. 10: A 59381 ; Gilbert C. Carpenter,
449 4106 75 52 jr.,
556 4109 134 39 West
720 4110 313 49 Barrington,
1065 4111 52 38 R.
1150 4112 37 40 I.
