2582 4453
1354 4119 102 53 748

393 418 219 66 Cohen,
643 419 222 54 Morris
891 418 287 66 Raphael,
464 424 883 128 1880-Law
647 498 115 53 and
806 498 96 55 the
946 497 175 55 social
1163 498 198 67 order;

1407 516 189 51 essays
1639 498 60 53 in
1742 498 151 69 legal
1936 497 368 72 philosophy,
2344 499 75 71 by

393 577 215 54 Morris
641 578 68 54 R.
746 577 213 55 Cohen.
1036 578 139 53 New
1211 577 181 69 York,
1426 578 313 69 Harcourt,
1773 580 182 52 Brace
1989 580 113 53 and
2137 596 282 54 company

398 661 196 65 [1933]

465 733 86 50 xii,
579 732 89 43 403
695 744 44 38 p.
801 732 148 43 23½cm.

467 805 165 43 “First
659 804 230 43 edition.”

468 862 237 43 “Notes”:
734 875 44 38 p.
804 863 220 43 371-390.

399 933 52 54 ©
482 939 116 48 May
623 939 41 46 4,
694 938 142 47 1933;
867 940 68 40 2c.
965 940 97 39 and
1091 938 83 41 aff.
1205 940 115 47 May
1348 940 83 46 13;
1463 939 41 39 A
1533 938 172 48 61795;
1739 940 62 39 M.
1832 940 56 40 R.
1919 939 178 48 Cohen,
2128 940 119 39 New
2275 938 147 42 York.

477 995 284 50 (33-13199)

394 1100 367 57 Conference
813 1119 74 37 on
937 1102 276 55 financial
1263 1103 117 54 and
1433 1102 291 66 fiduciary
1774 1105 277 64 matters,
2105 1103 316 70 Brooklyn,

466 1184 153 52 1933.

465 1261 164 54 More
668 1263 115 52 and
821 1262 186 54 better
1045 1263 178 66 wills;
1264 1267 415 66 testamentary
1715 1260 411 58 benefactions.
2201 1263 222 68 Papers

395 1342 302 68 presented
742 1347 59 48 at
843 1342 97 53 the
982 1342 156 53 sixth
1181 1340 257 56 biennial
1483 1341 354 56 Conference
1878 1361 74 35 on
1994 1340 271 57 financial
2308 1345 113 53 and

395 1420 283 70 fiduciary
724 1426 237 50 matters
1009 1422 141 54 with
1198 1440 153 36 some
1397 1422 474 70 supplementary
1914 1420 285 73 material,
2245 1421 177 55 Hotel

398 1500 83 56 St.
514 1500 244 71 George,
786 1500 318 70 Brooklyn,
1132 1502 70 53 N.
1234 1502 91 56 Y.,
1354 1502 203 53 March
1588 1505 192 66 21-22,
1811 1505 155 67 1933,
1996 1502 192 56 edited
2215 1504 77 69 by
399 1505 2001 131 Alfred

554 1581 1870 70 Williams Anthony … New York, Committee on financial
396 1663 114 53 and
562 1661 284 70 fiduciary
897 1667 256 64 matters,
1204 1662 245 53 Federal
1500 1661 222 55 council
1773 1662 65 55 of
1888 1662 98 54 the
2035 1664 275 55 churches
2358 1662 65 57 of

398 1741 199 57 Christ
627 1743 59 52 in
716 1741 289 69 America,
1036 1745 153 50 1933.

469 1817 87 42 108
584 1828 43 39 p.
688 1817 117 41 21cm.
877 1815 158 50 (Wise
1064 1816 162 50 public
1255 1816 167 50 giving
1448 1816 167 50 series,
1644 1829 74 30 no.
1746 1817 83 49 41)

470 1888 383 44 “References”:
885 1901 43 38 p.
960 1890 101 42 100.

401 1959 52 54 ©
480 1966 114 39 May
619 1964 40 47 9,
686 1964 141 45 1933;
855 1964 67 40 2c.
949 1965 97 39 and
1072 1963 82 41 aff.
1183 1964 115 48 May
1323 1964 82 46 12;
1435 1964 41 39 A
1502 1964 172 47 62623;
1703 1965 174 41 Alfred
1904 1966 246 41 Williams
2177 1966 244 49 Anthony,

468 2023 119 40 New
623 2022 147 40 York.
842 2021 284 49 (33-13204)

396 2124 375 69 Conyngton,
802 2126 280 68 Thomas,
1117 2131 174 52 1855-

471 2207 1948 70 Business law, by Thomas Conyngton … [and] Louis O.
399 2286 2021 70 Bergh … revised by Louis O. Bergh. 3d rev. ed. New York,
399 2366 123 53 The
547 2367 230 53 Ronald
807 2384 159 50 press
993 2384 285 51 company
1310 2401 12 34 [
1327 2372 19 23 c
1350 2369 133 50 1933]

474 2439 1031 50 1 p. l., xviii, 600 p. incl. forms. 21cm.
402 2509 52 53 ©
485 2515 115 47 May
629 2514 68 47 15,
727 2513 142 47 1933;
901 2515 68 38 2c.
1000 2514 114 48 May
1144 2514 82 46 18;
1259 2513 83 40 aff.
1374 2515 114 47 May
1518 2514 82 46 17;
1633 2514 41 38 A
1703 2513 171 47 61861;
1909 2514 192 40 Ronald
2130 2523 138 40 press
2298 2524 69 31 co.

481 2572 283 48 (33-13220)

398 2673 231 68 Cowell,
661 2675 225 65 Henry,
920 2674 474 55 1897-ed.

469 2754 311 53 American
815 2770 321 51 composers
1172 2772 72 35 on
1281 2753 309 54 American
1625 2752 208 70 music;
1872 2772 32 35 a
1939 2751 355 72 symposium

400 2753 1997 134 edited
561 2831 76 70 by
681 2831 205 70 Henry
933 2832 231 55 Cowell.
1251 2830 305 70 [Stanford
1599 2832 360 70 University,
2005 2830 176 60 Calif.]
400 2833 1997 134 Stanford
563 2910 323 71 university
913 2931 176 50 press,
1120 2915 153 51 1933.

471 2988 86 49 xii,
586 2988 90 41 226
703 2999 43 38 p.
807 2987 131 42 illus.
966 2986 205 50 (music)
1209 2987 181 49 diagrs.
1450 2988 118 39 22cm.

468 3061 288 48 Composers
791 3060 241 42 reviewed
1067 3061 194 41 include
1297 3061 115 41 Carl
1447 3061 227 49 Ruggles,
1711 3061 192 49 Adolph
1941 3061 172 48 Weiss,
2150 3061 140 43 Colin
397 3063 2007 103 Mc-Phee,

577 3119 164 48 Edgar
775 3119 197 47 Varese,
1009 3119 165 39 Aaron
1210 3117 233 49 Copland,
1482 3119 171 48 Henry
1688 3118 194 48 Cowell,
1921 3119 105 48 Roy
2061 3118 194 48 Harris,
397 3119 2006 105 Wallingford

652 3175 222 49 Riegger,
911 3175 160 49 Roger
1111 3174 235 50 Sessions,
1386 3175 43 41 J.
1468 3174 43 42 J.
1549 3175 200 48 Becker,
1787 3175 170 49 Henry
1994 3176 172 47 Brant,
2204 3175 216 41 Howard

400 3233 220 48 Hanson,
652 3232 172 42 Carlos
856 3233 217 47 Salzedo,
1104 3231 172 43 Carlos
1306 3232 205 47 Chavez,
1543 3231 199 42 Nicolas
1774 3231 292 49 Slonimsky,
2099 3232 134 41 Ruth

398 3232 2009 105 Crawford,
559 3289 204 43 Charles
797 3290 188 48 Seeger,
1017 3290 189 41 Walter
1237 3289 171 41 Piston
1439 3290 96 39 and
1569 3289 49 41 C.
1653 3289 54 41 E.
1739 3290 123 40 Ives.

475 3345 1416 51 “Biographical notes on composers … together with
1918 3343 111 43 lists
2056 3346 52 40 of
2136 3343 130 43 their
401 3345 2003 110 principal
561 3403 218 43 works”:
812 3415 44 39 p.
885 3403 220 42 201-218.

405 3472 52 53 ©
491 3478 114 48 Apr.
638 3478 69 46 28,
741 3477 142 46 1933;
919 3478 67 40 2c.
1021 3478 114 46 May
1167 3476 82 47 10;
1286 3475 82 41 aff.
1404 3477 115 47 May
1553 3476 52 46 8;
1641 3476 41 39 A
1716 3476 172 47 62606;
1925 3477 163 39 Board
2123 3477 52 40 of
2210 3478 212 38 trustees

476 3535 52 40 of
561 3536 82 39 the
677 3535 185 40 Leland
898 3534 237 41 Stanford
1169 3533 165 48 junior
1371 3533 144 48 univ.,
1554 3533 236 41 Stanford
1824 3533 299 49 University,
2160 3534 145 41 Calif.

483 3592 283 48 (33-13037)

401 3692 331 70 Crawford,
761 3695 172 54 Finla
962 3695 154 66 Goff,
1149 3699 173 51 1894-

474 3775 294 68 Readings
795 3776 60 52 in
884 3776 307 53 American
1219 3780 392 64 government,
1637 3774 76 69 by
1741 3773 173 55 Finla
1943 3774 136 56 Goff
2110 3774 307 56 Crawford

464 3853 1585 67 … Rev. ed. New York, F. S. Crofts & co., 1933.
473 3938 77 36 xv,
583 3927 88 41 756
698 3938 42 37 p.
802 3928 128 40 illus.
960 3928 161 48 (map)
1159 3928 181 48 diagrs.
1401 3927 117 40 24cm.

407 3993 54 52 ©
492 3999 114 47 May
636 3999 68 45 12,
736 3999 141 48 1933;
909 4001 68 40 2c.
1008 4000 95 40 and
1135 3999 82 42 aff.
1250 4001 114 45 May
1393 3999 83 46 18;
1510 3999 39 38 A
1580 3998 172 47 61853;
1786 3998 52 40 F.
1874 3997 43 41 S.
1951 3997 167 42 Crofts
2149 3996 36 41 &
2214 4008 83 30 co.,
2330 3997 90 40 inc.

483 4054 283 53 (33-13059)
