2582 4453
1322 4147 99 55 576

353 474 336 64 Lawrence,
719 473 287 63 Margery
1034 471 76 56 H.

425 551 123 53 The
582 549 288 53 madonna
907 548 65 53 of
1007 566 168 35 seven
1211 564 216 50 moons,
1461 547 77 68 by
1572 546 276 68 Margery
1882 544 323 53 Lawrence.
355 546 1996 152 Indianapolis,

730 628 122 52 The
882 624 447 56 Bobbs-Merrill
1359 642 283 51 company
1718 626 133 51 [c1933]

424 704 88 41 404
545 714 44 39 p.
650 702 58 41 19½
738 704 45 23 cm
787 734 9 9 .

429 761 165 42 “First
622 758 229 44 edition.”

361 817 51 52 ©
442 821 116 47 Apr.
586 820 70 48 12,
685 818 142 47 1933;
858 818 68 40 2c.
955 818 114 47 Apr.
1099 817 82 45 15;
1214 815 82 41 aff.
1324 816 115 48 Apr.
1469 816 83 47 24;
1584 815 41 40 A
1655 814 171 48 61501;
1859 816 228 46 Margery
2118 814 262 41 Lawrence

429 878 177 47 Towle,
644 878 218 39 London.
930 873 284 50 (33-10599)

355 983 134 64 Lee,
520 983 198 63 Roger
747 980 225 65 Irving,
1005 983 173 52 1881-

493 1054 1883 71 … The fundamentals of good medical care; an outline of
359 1137 95 53 the
500 1137 434 53 fundamentals
977 1136 64 53 of
1084 1136 150 67 good
1278 1135 244 53 medical
1565 1154 126 34 care
1735 1135 112 53 and
1893 1154 73 34 an
2009 1135 259 53 estimate
2311 1134 64 55 of

358 1217 97 53 the
480 1216 214 54 service
722 1214 265 70 required
1015 1220 59 49 to
1102 1216 215 67 supply
1344 1214 98 54 the
1470 1213 241 55 medical
1741 1213 172 55 needs
1939 1213 64 55 of
2032 1213 97 55 the
2156 1213 220 57 United

363 1293 209 70 States,
594 1296 76 67 by
693 1295 194 67 Roger
911 1294 50 53 I.
986 1293 130 68 Lee,
1200 1336 10 9 M.
1274 1335 30 25 D.,
1331 1293 113 53 and
1468 1293 187 53 Lewis
1679 1293 262 55 Webster
1965 1292 195 68 Jones,
2273 1336 10 10 PH.
2349 1335 30 26 D.,

360 1373 238 53 assisted
635 1373 76 69 by
748 1372 262 54 Barbara
1047 1372 193 54 Jones.
1316 1370 275 69 Chicago,
1626 1371 115 67 Ill.,
1777 1372 120 52 The
1936 1371 342 69 University
2314 1372 64 55 of

360 1452 257 68 Chicago
646 1469 160 51 press
841 1454 174 65 [1933]

435 1534 77 40 xv,
540 1525 87 41 302
653 1537 44 38 p.
725 1525 112 41 incl.
863 1523 172 42 tables.
1096 1522 57 41 23½
1186 1525 43 21 cm
1235 1556 9 8 .
1316 1522 362 50 (Publications
1703 1522 53 43 of
1783 1524 83 41 the
1894 1522 289 45 Committee
2209 1537 60 29 on
2299 1527 82 42 the

363 1586 130 38 costs
522 1583 53 41 of
601 1583 210 41 medical
840 1592 140 31 care:
1011 1592 77 31 no.
1117 1580 82 50 22)

436 1639 310 42 “Statistical
777 1638 333 43 references”:
1143 1650 43 37 p.
1215 1637 221 43 300-302.

365 1696 51 52 ©
442 1700 109 40 Jan.
575 1700 71 45 31,
671 1698 140 42 1933:
837 1697 68 40 2c.
930 1698 114 46 May
1068 1695 54 48 2;
1149 1695 83 41 aff.
1256 1696 115 47 Apr.
1395 1695 84 47 29;
1504 1694 41 40 A
1570 1695 172 47 61576;
1770 1696 285 50 University
2081 1697 51 40 of
2158 1696 225 52 Chicago,

434 1756 226 49 Chicago.
731 1754 283 50 (33-27132)

357 1859 289 67 Marquis,
673 1859 265 54 Thomas
960 1857 225 66 Bailey,
1217 1863 172 50 1869-

432 1937 1886 72 Custer soldiers not buried … by Thomas B. Marquis …
359 2018 253 68 Hardin,
637 2019 203 67 Mont.,
868 2019 206 55 Custer
1099 2018 180 52 battle
1305 2035 275 54 museum,
1607 2024 18 22 c
1630 2021 152 51 1933.

435 2093 817 52 cover-title. [4] p. 23½ × 12½ cm .
367 2149 51 52 ©
450 2153 97 40 Feb
592 2152 69 48 16,
691 2152 141 46 1933;
864 2151 68 41 2c.
962 2153 95 38 and
1089 2150 82 41 aff.
1203 2151 111 41 Feb.
1344 2150 84 48 20;
1461 2151 40 39 A
1532 2150 172 49 59566;
1736 2149 53 43 T.
1821 2152 54 39 B.
1908 2152 236 48 Marquis,
2176 2152 208 48 Hardin,

434 2212 138 39 Mont.
657 2211 14 48 (CA
758 2208 174 42 33-251
954 2207 236 48 Unrev’d)

429 2313 1889 72 Which Indian killed Custer? … By Thomas B. Marquis …
359 2393 253 67 Hardin,
638 2395 201 64 Mont.,
869 2394 206 55 Custer
1102 2393 180 52 battle
1309 2411 276 50 museum,
1613 2401 17 21 c
1636 2396 152 51 1933.

435 2467 781 50 cover-title, [4] p. 23 × 12½cm.
367 2523 51 52 ©
450 2527 112 39 Feb.
592 2526 68 46 16,
692 2525 141 43 1933;
865 2524 67 41 2c.
963 2527 95 38 and
1089 2524 84 41 aff.
1204 2525 112 39 Feb.
1346 2524 83 48 20;
1462 2525 36 39 A
1533 2524 173 49 59567;
1739 2526 52 40 T.
1822 2526 53 39 B.
1909 2525 236 50 Marquis,
2176 2526 208 50 Hardin,

437 2585 149 39 Mont.
659 2585 14 48 (CA
760 2581 177 42 33-250
955 2582 238 49 Unrev’d)

361 2690 257 62 Matson,
647 2687 240 56 Samuel
914 2687 199 57 Louis.

434 2765 284 70 Eighteen
760 2766 284 68 proposed
1083 2767 138 52 laws
1260 2767 129 52 that
1428 2767 119 53 will
1586 2767 186 53 better
1807 2768 96 53 the
1941 2769 286 56 economic
2267 2771 113 52 and

361 2844 2020 74 social conditions of the people, copyright … by Sam Matson
423 2925 1426 71 … Berkeley, Calif., The People united, 1932.
436 3002 56 39 64
526 3013 42 36 p.
630 3002 55 40 17
689 3003 44 21 cm
739 3033 7 9 .
865 2998 132 51 $0.50

369 3054 51 52 ©
454 3059 111 39 Dec.
597 3057 40 46 9,
669 3057 142 43 1932;
843 3057 71 40 2c.,
943 3060 94 38 and
1070 3057 81 41 aff.
1185 3058 112 40 Dec.
1330 3057 82 48 16;
1447 3058 40 39 A
1518 3058 172 49 57493;
1728 3059 44 41 S.
1806 3061 50 39 L.
1891 3061 208 49 Matson,
2134 3062 250 49 Berkeley,

438 3115 145 41 Calif,
655 3116 14 48 (CA
757 3114 174 41 33-271
950 3115 238 48 Unrev’d)

362 3218 303 66 Michigan
695 3221 286 63 academy
1010 3220 64 53 of
1099 3220 247 65 science,
1375 3225 131 49 arts
1533 3223 115 51 and
1677 3222 232 57 letters.

362 3298 1994 148 Papers … Editors, Eugene S. McCartney … Peter Okkelberg
602 3378 1778 75 … Volumes XVII, XVIII … Ann Arbor, University of
362 3455 302 70 Michigan
689 3475 177 50 press,
895 3460 148 50 1933.

436 3531 27 39 2
493 3542 43 30 v.
596 3531 143 47 illus.,
773 3531 171 48 plates,
978 3543 139 37 maps
1143 3532 136 48 (part
1311 3532 144 48 fold.)
1498 3534 156 40 tables
1684 3533 135 49 (part
1851 3535 146 49 fold.)
2038 3535 180 49 diagrs.
2248 3536 136 50 (part

366 3587 142 47 fold.)
578 3589 55 38 24
637 3590 45 21 cm
687 3621 8 8 .

369 3655 41 30 v.
442 3646 67 45 17,
542 3640 56 53 ©
627 3647 120 38 Mar.
779 3646 68 41 16.
877 3644 141 47 1933;
1051 3647 67 40 2c.
1149 3647 113 47 May
1294 3646 81 47 15;
1409 3646 81 41 aff.
1522 3647 119 49 Apr.,
1667 3647 82 47 22;
1783 3661 40 28 v.
1857 3649 68 43 18,
1960 3645 58 52 ©
2047 3651 121 40 Mar.
2199 3650 82 48 29;
2314 3650 69 40 2c.

441 3703 112 46 May
596 3703 81 41 15:
722 3702 82 40 aff.
847 3704 113 46 Apr.
1002 3703 83 47 26;
1129 3704 40 38 A
1212 3703 157 49 61823,
1413 3704 171 47 61824;
1631 3705 251 41 Graduate
1924 3707 176 47 school,
2147 3707 140 42 Univ.
2332 3708 53 40 of

440 3759 260 49 Michigan,
738 3761 107 39 Ann
882 3760 171 43 Arbor.

363 3858 339 55 Minnesota
745 3864 112 52 and
902 3865 184 52 North
1136 3871 237 47 western
1420 3866 204 69 digest,
1668 3869 269 69 covering
1981 3870 77 52 all
2102 3888 151 36 cases
434 3889 1919 119 reported

670 3941 52 52 in
757 3944 322 52 Minnesota
1113 3950 240 62 reports.
1382 3947 188 52 North
1600 3951 237 49 western
1867 3954 259 62 reporter
2156 3948 112 53 and
2301 3951 76 51 all

434 4020 64 51 of
532 4020 95 52 the
662 4022 171 52 north
871 4028 237 47 western
1146 4029 174 47 states
1356 4030 222 63 reports
1615 4025 150 53 from
1802 4027 93 52 the
1930 4026 231 55 earliest
2195 4027 183 67 times,
