2582 4453
1348 4106 102 49 684

382 415 289 67 Denman,
704 416 279 56 Clarence
1013 415 268 67 Phillips.

456 494 121 55 The
618 492 273 57 secession
930 500 319 48 movement
1287 492 59 53 in
1385 491 301 71 Alabama,
1726 493 74 68 by
1841 491 270 57 Clarence
2150 492 252 70 Phillips

385 568 1995 151 Denman … Montgomery, Alabama state department of archives and history, 1933.
456 735 104 50 xiii,
591 735 88 42 190
709 747 44 38 p.
783 735 110 42 incl.
927 735 164 50 front.,
1126 736 128 41 illus.
1283 735 190 50 (maps)
1542 736 145 41 19½cm.

445 808 131 41 “The
616 810 197 47 greater
853 807 193 49 portion
1087 807 53 41 of
1183 806 98 43 this
1324 809 300 48 monograph
1669 819 99 30 was
1810 807 266 44 submitted
2118 821 55 30 as
2217 809 178 50 partial

385 865 286 43 fulfillment
706 864 52 43 of
791 866 84 41 the
910 864 354 49 requirements
1300 865 80 40 for
1414 866 84 40 the
1530 867 174 47 degree
1738 866 53 40 of
1824 867 168 40 doctor
2029 867 51 40 of
2115 866 286 51 philosophy

386 927 52 38 at
468 924 83 41 the
582 922 284 50 University
895 922 52 41 of
977 920 248 52 Michigan
1254 921 49 41 in
1335 923 141 48 June,
1506 921 354 45 1930.”—Pref.

457 979 381 51 Bibliography:
872 991 42 38 p.
949 977 218 45 173-179.

392 1054 52 53 ©
471 1059 116 47 May
612 1057 41 49 6,
679 1057 116 41 1933;
850 1056 68 40 2c.
948 1058 114 46 May
1088 1054 52 48 8;
1171 1054 82 41 aff.
1283 1056 115 46 May
1424 1054 53 41 9;
1507 1054 41 38 A
1576 1054 171 47 61659;
1779 1054 49 41 C.
1857 1055 50 38 P.
1937 1055 236 49 Denman,
2204 1053 202 48 Oxford,

462 1115 53 41 O.
582 1113 286 52 (33-12119)

386 1218 376 69 Dieseldorff,
792 1217 201 56 Erwin
1022 1217 165 58 Paul.

455 1298 196 56 Kunst
683 1299 119 53 und
835 1296 246 71 religion
1113 1297 101 53 der
1246 1296 378 70 Mayavblker
1734 1338 10 10 III.
1819 1295 111 55 Die
1963 1296 309 71 datierung
2305 1296 100 55 der

385 1370 2016 82 tempel, von E. P. Dieseldorff … Mit 177 abbildungen.
411 1457 197 56 [Coban
666 1456 429 70 (Guatemala)]
1145 1457 92 52 Im
1281 1456 377 71 selbstverlag
1703 1457 96 55 des
1843 1456 343 71 verfassers;
385 1458 1997 136 buchhandlerische

811 1536 397 71 auslieferung
1234 1536 213 54 durch:
1472 1538 64 52 L.
1565 1535 436 56 Friederichsen
2027 1540 46 51 &
2098 1555 100 50 co.,
385 1539 1997 149 Hamburg,
580 1622 152 53 1933.

461 1704 1444 58 2 p. l., [8]-52, [2] p. illus., 73 pl. (part fold.) 25½cm.
462 1779 309 51 Descriptive
799 1780 287 46 letterpress
1115 1789 61 30 on
1206 1788 170 30 versos
1403 1775 169 51 facing
1602 1777 86 41 the
1714 1777 173 49 plates.

395 1849 52 53 ©
490 1853 110 40 Feb.
643 1851 69 49 18,
755 1851 141 46 1933;
971 1861 36 30 1c.
1052 1850 114 48 May
1209 1850 81 45 11;
1335 1847 314 50 A-Foreign
1690 1847 172 48 20934;
1909 1848 53 42 E.
2006 1849 51 40 P.
2100 1846 298 43 Dieseldorff.

463 1909 178 49 Coban,
675 1903 1643 47 Guatemala.4621

388 2014 254 56 District
670 2015 64 52 of
762 2011 325 59 Columbia.
1165 2013 180 53 Court
1374 2012 64 68 of
1463 2011 253 70 appeals.

459 2089 1948 76 Reports of cases adjudged … from January 25, 1932, to
388 2174 299 70 February
735 2178 48 65 6,
832 2176 152 50 1933.
1060 2172 189 68 Floyd
1296 2172 68 54 E.
1410 2172 281 70 Huntley,
1738 2175 275 65 reporter.
2086 2172 168 55 With
2298 2171 109 69 key

388 2247 2019 79 number annotations, v. 61 … St. Paul, West publishing co.,
391 2338 153 51 1933.

463 2424 103 48 viii,
594 2423 88 42 433
712 2434 45 38 p.
812 2422 148 40 26½cm.

397 2479 52 53 ©
481 2484 116 46 May
623 2479 70 49 20,
724 2480 141 46 1933;
897 2480 66 39 2c.
996 2479 131 40 June
1152 2478 82 46 13;
1267 2476 83 41 aff.
1380 2478 128 39 June
1537 2476 82 48 14;
1651 2479 41 38 A
1722 2476 171 48 63206;
1928 2478 134 40 West
2090 2476 110 50 pub.
2231 2488 69 31 co.

390 2584 279 67 Drinker,
703 2583 155 58 Cecil
889 2584 179 62 Kent,
1105 2584 170 53 1887-

460 2661 396 73 Lymphatics,
885 2658 203 72 lymph
1119 2658 113 54 and
1263 2657 175 54 tissue
1468 2654 161 70 fluid,
1657 2653 76 71 by
1766 2652 156 56 Cecil
1951 2652 74 54 K.

389 2649 1997 241 Drinker … and Madeleine E. Field … Baltimore, The Williams & Wilkins company, 1933.
461 2920 77 40 xv,
565 2908 88 43 254
678 2919 45 39 p.
783 2907 145 49 illus.,
954 2904 174 51 plates,
1155 2903 179 49 diagrs.
1395 2899 118 44 21cm.

464 2980 380 52 “Bibliography
871 2979 96 39 and
995 2975 181 44 author
1201 2973 204 42 index”:
1433 2983 44 38 p.
1506 2970 219 44 191-228.

399 3051 52 53 ©
481 3055 116 49 Apr.
626 3053 71 49 21,
728 3052 141 46 1933;
903 3051 68 40 2c.
1003 3047 97 43 and
1131 3047 83 41 aff.
1247 3048 115 47 May
1392 3047 51 45 1;
1478 3046 41 38 A
1550 3043 171 47 62415;
1757 3041 246 42 Williams
2033 3041 37 41 &
2100 3039 210 42 Wilkins
2344 3049 68 31 co.

477 3110 283 51 (33-12006)

391 3215 287 66 Dyssord,
709 3215 275 64 Jacques.

561 3280 1844 78 … Londres secret. Paris, Éditions de La Madeleine [c1932]
465 3368 85 49 xii,
579 3366 86 41 256
693 3376 58 39 p.,
779 3365 27 40 2
855 3397 7 9 l.
923 3364 148 41 19½cm.

397 3445 52 53 ©
487 3448 102 42 Oct.
625 3446 71 50 20,
732 3446 141 41 1932:
942 3457 37 29 1c.
1017 3444 109 41 Jan.
1164 3445 39 45 7,
1241 3442 142 47 1933;
1421 3439 313 50 A-Foreign
1771 3437 171 47 19287;
2025 3433 182 43 Éditions
2244 3434 60 40 de
2341 3430 69 40 La

467 3504 286 42 Madeleine.
825 3500 282 51 (33-12030)

393 3610 326 65 Ferguson,
747 3611 141 52 Mrs.
918 3607 177 54 Anna
1131 3604 237 69 (Fitch)

465 3687 128 53 Bits
635 3684 65 56 of
742 3683 350 71 philosophy
1135 3684 152 52 from
1330 3683 96 53 the
1468 3682 195 53 letters
1707 3678 112 53 and
1861 3674 230 71 journal
2132 3671 65 53 of
2238 3671 171 54 Anna

395 3761 1379 75 Fitch Ferguson … [Concord, Mass., c1933]
467 3841 56 41 92
553 3853 42 37 p.
655 3842 137 39 front.
835 3840 173 49 (port.)
1048 3840 169 47 plates.
1279 3836 146 42 20½cm.

467 3912 257 42 “Tributes
754 3914 48 39 to
830 3913 136 39 Anna
998 3910 129 41 from
1154 3911 88 39 her
1268 3906 247 43 friends”:
1547 3917 44 38 p.
1620 3903 130 44 5-20.

399 3982 52 56 ©
480 3987 114 48 Apr.
623 3985 69 46 28,
721 3984 141 47 1933;
893 3984 68 41 2c.
991 3983 114 48 May
1134 3982 52 48 8;
1219 3981 82 42 aff.
1331 3983 115 46 May
1475 3979 53 48 6;
1560 3979 40 40 A
1629 3977 171 46 61653;
1832 3977 54 39 A.
1918 3974 50 41 F.
2000 3974 262 47 Ferguson,
465 3969 1927 122 Concord,
624 4043 146 41 Mass.
843 4039 283 52 (33-12295)
