2484 4405
1102 4114 134 49 1519

155 463 216 65 White,
398 464 217 55 Frank.

289 538 1864 69 … White on corporations … state of New York. Bender
157 618 83 52 ed.
318 617 315 68 Corporate
663 618 260 52 taxation
955 617 58 52 in
1043 618 139 52 New
1214 617 179 66 York,
1424 616 140 53 with
1594 618 95 51 the
1721 618 272 53 remedial
157 636 1973 112 procedure
398 701 59 47 to
499 703 213 46 correct
754 694 276 54 excessive
1073 695 113 52 and
1227 695 195 67 illegal
1463 700 159 48 taxes
1662 696 113 51 and
1817 696 180 53 forms
2039 696 113 53 and

158 773 1990 68 precedents, by Henry M. Powell … [v. 9. Corporate taxation]
158 851 248 68 Albany,
434 853 69 52 N.
533 852 88 67 Y.,
651 852 110 52 and
788 853 137 52 New
955 850 180 68 York,
1163 854 70 52 N.
1262 852 89 66 Y.,
1377 851 279 53 Matthew
1683 852 226 53 Bender
1937 856 44 50 &
158 870 1971 128 company,
359 930 417 67 incorporated,
811 933 148 50 1933.

223 1004 62 40 vi.
314 1003 79 40 501
427 1014 41 38 p.
527 1003 54 41 26½
585 1006 43 20 cm
635 1036 7 7 .

159 1056 51 52 ©
235 1061 117 39 Nov.
377 1060 41 40 4.
442 1059 112 40 1933;
608 1060 68 39 2c.
701 1060 95 38 and
822 1069 80 31 aff.
929 1059 115 39 Nov.
1073 1058 25 40 6;
1153 1059 41 39 A
1219 1058 143 40 66947;
1418 1060 237 39 Matthew
1681 1060 191 39 Bender
1898 1059 35 41 &
1957 1071 82 36 co.,
2067 1061 88 40 inc.

157 1147 350 64 Widdemer,
537 1149 324 61 Margaret.

156 1221 1977 149 … Golden rain. New York, Farrar & Rinehart, incorporated [ c 1933]
225 1374 625 49 3 p. l., 3-279 p. 19½ cm .
159 1429 52 52 ©
238 1433 99 42 Oct.
363 1434 69 47 26,
459 1433 113 41 1933;
625 1433 68 40 2c.
721 1432 100 41 Oct.
847 1432 82 48 30;
959 1432 81 41 aff.
1069 1432 100 41 Oct.
1198 1432 55 41 27;
1308 1432 43 40 A
1375 1431 170 48 66802;
1576 1432 62 41 M.
1666 1430 290 48 Widdemer,
225 1428 1917 110 Larchmout,
402 1491 56 40 N.
490 1492 51 38 Y.
613 1490 280 48 (33-31152)

160 1577 305 66 Williams,
495 1578 270 65 Michael,
800 1582 170 53 1878-
1113 1580 83 54 ed.

226 1656 123 53 The
380 1656 146 53 book
557 1654 65 55 of
655 1656 295 55 Christian
983 1655 245 69 classics,
1261 1655 190 54 edited
1485 1654 142 54 with
1661 1674 72 33 an
1769 1652 387 55 introduction

159 1732 1868 70 by Michael Williams. New York, Liveright, inc. [ c 1933]
229 1807 102 39 xvii
356 1817 57 38 p.,
441 1807 27 39 2
515 1838 21 15 l.,
563 1806 145 41 3-466
733 1817 42 37 p.
837 1808 55 38 22½
925 1809 44 21 cm
975 1839 8 8 .

162 1861 52 51 ©
250 1867 121 38 Mar.
408 1866 69 45 20,
515 1866 140 46 1933;
693 1866 67 41 2c.
797 1866 118 47 Aug.
953 1865 82 48 25;
1075 1866 83 40 aff.
1196 1866 120 47 Aug.
1353 1865 82 47 29;
1475 1865 42 39 A
1552 1864 172 46 66011;
1765 1862 251 48 Liveright
2053 1864 108 47 pub.

227 1922 321 47 corporation,
581 1923 118 39 New
735 1924 139 38 York.
947 1922 280 48 (33-30706)

160 2008 306 70 Williams,
498 2011 246 66 Stanley
773 2012 275 66 Thomas,
1082 2016 173 50 1888-

164 2087 1972 150 … American literature, by Stanley T. Williams. Philadelphia & London, J. B. Lippincott company, 1933.
229 2242 87 40 166
341 2253 41 37 p.
441 2242 143 40 18½cm.
653 2243 125 48 (The
805 2243 127 40 hour
958 2243 210 47 library)

259 2299 133 39 "First
423 2299 226 41 edition.”

165 2350 51 52 ©
255 2355 127 47 Sept.
414 2355 69 47 28,
519 2355 113 41 1933;
695 2356 67 40 2c.
798 2357 94 39 and
928 2356 80 40 aff.
1046 2356 102 40 Oct.
1184 2357 81 45 14;
1302 2356 42 38 A
1377 2355 171 46 66605;
1589 2355 45 40 S.
1668 2355 52 39 T.
1756 2352 256 48 Williams,
2048 2353 116 39 New

235 2412 185 39 Haven.
492 2411 279 49 (33-27349)

163 2499 293 64 Wingate,
485 2499 154 53 John
669 2500 306 66 Williams,
1009 2507 171 50 1899-

294 2575 1809 73 … Retail merchandise control, by John W. Wingate …
162 2657 138 53 New
331 2656 178 67 York,
538 2658 449 62 Prentice-Hall,
1017 2659 126 60 inc.,
1175 2661 149 50 1933.

233 2740 77 38 xv,
337 2731 87 40 478
452 2742 42 37 p.
555 2731 142 49 illus.,
727 2732 179 48 diagrs.
965 2733 146 40 23½cm.
1183 2731 274 49 (Retailing
1485 2731 176 47 series)

235 2788 227 41 Lettered
490 2799 58 29 on
577 2799 138 30 cover:
773 2789 133 40 With
935 2790 232 39 Personal
1197 2799 223 38 progress
1448 2788 209 41 records.

238 2846 260 39 “Personal
542 2856 223 38 progress
810 2846 222 41 records”
1079 2857 60 29 on
1184 2846 298 47 detachable,
1528 2847 139 38 extra
1712 2844 262 40 numbered
2018 2854 143 38 pages

164 2902 252 49 following
441 2904 120 39 each
587 2904 202 47 chapter
827 2904 104 48 (28)

237 2960 347 40 “References”
616 2963 51 38 at
697 2962 89 39 end
818 2961 51 39 of
897 2961 118 40 each
1043 2961 215 47 chapter.
1322 2960 303 48 “Important
1654 2969 195 30 sources
1879 2959 52 40 of
166 2957 1981 99 statistical
268 3018 118 40 data
413 3028 61 29 on
501 3018 307 47 department
835 3021 130 38 store
992 3016 282 49 operation”:
1334 3028 42 37 p.
1404 3017 101 41 459.

169 3071 50 52 ©
249 3076 127 47 Sept.
402 3076 68 46 31,
496 3075 112 40 1933;
665 3076 65 40 2c.
761 3075 128 48 Sept.
914 3076 83 46 25;
1026 3075 81 40 aff.
1139 3076 127 47 Sept.
1294 3076 82 46 28;
1406 3076 40 38 A
1473 3074 169 47 65401;
1672 3072 375 48 Prentice-Hall,
2075 3072 90 39 inc.

245 3132 280 50 (33-30286)

166 3207 242 65 Wittke,
442 3209 133 54 Carl
610 3208 334 64 Frederick,
980 3212 171 50 1892-

235 3283 1926 71 A history of Canada, by Carl Wittke … Rev. ed. New
168 3359 179 69 York,
370 3362 66 52 F.
464 3362 57 55 S.
548 3362 200 55 Crofts
773 3366 46 50 &
843 3382 97 48 co.,
969 3367 152 49 1933.

241 3433 1414 51 7 p. l. , 3-443 p. fold. front., maps (1 double) 24 cm .
245 3489 155 42 Select
435 3491 337 49 bibliography
806 3495 52 37 at
893 3493 91 39 end
1021 3493 51 40 of
1107 3493 120 39 each
1261 3493 215 48 chapter.

173 3543 50 52 ©
254 3548 101 40 Oct.
384 3548 38 47 6,
450 3548 114 40 1933;
619 3549 68 40 2c.
715 3550 95 38 and
839 3548 81 41 aff.
951 3549 100 41 Oct.
1081 3550 82 45 11;
1194 3550 42 38 A
1262 3549 147 40 66559;
1464 3550 50 38 F.
1548 3550 42 38 S.
1622 3549 167 40 Crofts
1818 3548 35 40 &
1881 3559 82 34 co.,
1994 3548 90 40 inc.

248 3604 279 48 (33-29185)

169 3678 195 54 World
398 3679 337 54 committee
769 3680 95 53 for
898 3681 103 53 the
1035 3680 239 54 victims
1307 3681 64 53 of
1404 3681 257 54 German
1694 3680 266 54 fascism.

239 3754 120 55 The
398 3756 194 54 brown
635 3758 146 53 book
820 3759 64 53 of
922 3759 96 53 the
1060 3759 197 53 Hitler
1294 3765 185 48 terror
1522 3760 112 52 and
1674 3757 96 55 the
1810 3757 252 69 burning
2101 3756 64 55 of

171 3832 95 53 the
316 3834 327 69 Reichstag,
692 3837 282 68 prepared
1027 3837 74 66 by
1152 3837 95 53 the
1297 3837 203 53 World
1554 3836 317 54 committee
1925 3836 94 53 for
2071 3836 94 53 the

174 3908 223 55 victims
443 3911 63 53 of
553 3912 249 55 German
847 3912 251 65 fascism,
1147 3914 138 53 with
1335 3933 71 34 an
1454 3914 390 53 introduction
1890 3913 75 68 by
2011 3912 150 54 Lord

170 3984 240 70 Marley.
483 3988 139 53 New
650 3989 180 68 York,
858 3990 71 53 A.
958 3990 71 53 A.
1058 3990 226 68 Knopf,
1314 3994 151 51 1933.
