2484 4405
1121 4043 98 49 633

194 386 237 64 Angulo
457 387 310 65 Martínez,
798 386 161 66 Luis,
993 392 171 49 1896-

328 460 1618 71 … Legislatión de la iglesia sobre la intención en la
194 461 1974 132 aplicación
356 542 67 52 de
457 541 55 52 la
550 547 160 48 santa
747 539 156 53 misa.
978 540 183 53 Breve
1194 537 243 70 sinopsis
1471 538 271 56 histórica
1778 558 37 49 y
1852 540 340 51 comentario

194 616 1976 147 canónico … Por el rev. Luis Angulo Martínez … Washington, D. C., The Catholic university of America, 1931.
262 753 1926 62 vii, 103, [1] p. 22½ cm . (The Cathoiic university of America. Canon
192 823 95 40 law
318 822 186 41 studies.
577 834 75 29 no.
683 822 81 49 62)

260 881 172 39 Thesis
470 881 65 47 (J.
593 914 9 9 C.
660 879 326 48 D.)—Catholic
1017 879 270 49 university
1316 880 52 40 of
1395 880 235 48 America,
1660 880 127 43 1931.

261 936 138 41 Vida.

263 992 382 50 “Bibliografia”:
706 1004 44 37 p.
779 993 158 41 92-96.

196 1051 52 52 ©
279 1056 114 46 May
422 1055 69 46 20,
522 1054 140 45 1931;
694 1054 67 39 2c.
792 1055 95 38 and
917 1053 82 41 aff.
1030 1053 113 48 Apr.
1176 1053 68 47 19,
1276 1053 140 47 1933;
1450 1053 41 38 A
1522 1053 170 47 62280;
1728 1052 222 42 Catholic
1980 1053 130 40 univ.
2143 1053 51 41 of

261 1111 236 40 America.
569 1110 279 49 (33-11560)

189 1215 214 53 Annali
434 1215 149 52 della
613 1216 185 53 Yasca
827 1215 297 52 nazionale
1156 1233 99 49 per
1286 1216 51 50 le
1369 1213 317 69 esperienze
1719 1215 60 52 di
1812 1215 376 52 architettura

254 1294 202 52 navale
499 1293 61 53 in
604 1293 200 53 Roma.
895 1312 51 33 v.
992 1297 46 48 1.
1132 1294 199 67 Roma,
1376 1293 237 52 Istituto
1657 1291 336 71 poligrafico
2038 1294 150 53 dello

255 1379 167 61 stato,
452 1376 150 48 1931.

261 1461 27 28 v
316 1460 57 37 p.,
401 1450 24 38 1
453 1450 44 46 l.,
525 1448 59 40 99
608 1459 42 36 p.
706 1447 143 48 illus.,
876 1448 57 39 46
960 1447 104 40 fold.
1108 1447 179 47 diagrs.
1343 1448 56 40 27½
1431 1450 15 21 cm
1481 1480 8 9 .

193 1503 52 52 ©
277 1507 115 46 July
424 1504 69 49 15,
525 1504 141 46 1932;
758 1534 7 8 1c.
800 1504 120 48 Aug.
951 1505 53 45 4;
1040 1504 311 47 A-Foreign
1384 1504 169 46 17627;
1589 1505 124 39 Ente
1746 1505 156 39 Yasca
1936 1504 254 42 nazionale

260 1573 84 38 per
369 1564 44 39 le
437 1561 275 49 esperienze
738 1561 49 39 di
814 1561 326 40 architettura
1168 1562 174 39 navale
1369 1561 50 39 in
1447 1562 167 46 Roma,
1643 1562 167 40 Roma.

186 1663 275 68 Antoine,
490 1664 220 66 André,
744 1668 170 51 1858-

319 1740 1869 72 … Le théâtre, par Antoine. Paris, Les Éditions de France,
186 1828 17 21 c
209 1824 150 50 1932.

257 1890 1930 52 3 p. l., ii, 515, [1] p. 20½ cm . (La troisième rÉpublique de 1870 á nos
186 1949 161 50 jours)

191 2006 51 53 ©
284 2010 111 40 Dec.
435 2007 70 49 30,
546 2006 140 44 1932;
788 2040 8 8 1c.
839 2008 121 40 Mar.
1002 2006 69 49 10,
1114 2006 140 48 1933;
1296 2006 311 50 A-Foreign
1648 2008 170 49 20215;
1864 2008 224 43 Editions
2130 2009 58 42 de

258 2068 199 39 France.
527 2064 279 50 (33-11545)

182 2168 349 67 Arnspiger,
561 2170 241 64 Varney
831 2167 198 67 Clyde,
1061 2174 172 50 1896-

257 2246 333 68 Measuring
630 2248 96 53 the
768 2245 384 54 effectiveness
1192 2247 64 52 of
1297 2247 182 52 sound
1524 2247 248 67 pictures
1815 2267 60 35 as
1917 2251 265 67 teaching

184 2323 1995 73 aids, by Varney C. Arnspiger … Professor George D. Strayer,
184 2420 255 50 sponsor.
521 2402 139 53 New
709 2402 163 53 York
919 2402 134 66 city,
1099 2401 280 53 Teachers
1429 2403 227 66 college,
1705 2403 303 56 Columbia
182 2407 1968 141 university,
443 2482 152 51 1933.

257 2551 82 50 vii,
378 2553 84 40 156
500 2564 44 38 p.
603 2551 181 51 diagrs.
843 2551 146 41 23½cm.
1067 2551 265 49 (Teachers
1372 2552 191 50 college,
1605 2551 251 44 Columbia
1895 2556 285 52 university.

186 2608 367 43 Contributions
581 2612 50 38 to
656 2609 259 41 education.
958 2621 73 29 no.
1061 2609 110 48 565)

259 2665 1920 51 “The present study is … in the fields of natural science and music
186 2723 50 40 in
261 2724 174 49 grades
460 2725 26 39 5
511 2724 97 40 and
634 2724 40 46 7,
700 2721 466 50 respectively.”—p.
1194 2722 40 40 9.

256 2779 171 42 Issued
451 2781 103 40 also
580 2790 55 30 as
662 2780 152 39 thesis
850 2779 107 47 (PH.
1015 2779 35 48 D.)
1086 2777 252 42 Columbia
1366 2778 285 51 university.

186 2834 1976 107 Bibliography: p. 95; Bibliography at end of “Typical unit of instruction … for the unit amphibian” (p. 106-107)
187 2949 50 52 ©
270 2954 120 39 Mar.
422 2952 69 47 25,
523 2951 139 46 1933;
697 2950 67 39 2c.
796 2949 113 47 Apr.
941 2949 82 41 14;
1058 2948 83 40 aff.
1174 2948 112 48 Apr.
1319 2948 82 47 20;
1435 2949 40 39 A
1509 2950 168 49 61397;
1713 2953 240 42 Teachers
1986 2958 192 48 college,

254 3008 250 42 Columbia
533 3007 129 40 univ.
732 3005 281 49 (33-11601)

178 3099 374 56 Association
580 3100 63 52 of
672 3096 316 55 American
1019 3096 399 55 universities.

309 3175 1865 77 … Journal of proceedings and addresses of the thirty-fourth
179 3261 209 51 annual
425 3257 347 66 conference,
807 3255 133 52 held
978 3259 58 48 at
1069 3255 95 51 the
1202 3254 161 54 State
1398 3255 318 71 university
1752 3261 63 51 of
1851 3262 174 70 Iowa,
181 3267 1970 123 November
433 3339 81 65 10,
545 3339 80 64 11,
656 3338 81 64 12,
768 3337 150 49 1932.
995 3332 270 69 Chicago,
1294 3333 114 67 Ill.,
1435 3334 120 53 The
1582 3337 338 72 University
1947 3343 63 51 of
177 3344 1974 141 Chicago
341 3434 156 50 press
531 3416 172 65 [1933]

247 3491 87 39 166
365 3500 43 37 p.
470 3489 56 38 24
528 3491 15 20 cm
577 3518 8 8 .

183 3544 52 52 ©
269 3548 121 38 Mar.
423 3547 40 45 7,
495 3545 140 45 1933;
670 3544 67 39 2c.
772 3544 113 46 May
917 3543 53 46 2;
1006 3541 80 40 aff.
1122 3540 113 48 Apr.
1269 3541 82 47 29;
1386 3541 43 40 A
1461 3543 170 48 61555;
1670 3546 280 52 University
1984 3553 52 39 of
250 3554 1909 97 Chicago,
413 3602 222 46 Chicago.

176 3691 263 66 Babbitt,
473 3690 243 56 Charles
748 3688 198 63 Jacob,
983 3691 325 51 1856-1913.

247 3772 121 52 The
396 3770 108 52 law
535 3765 232 70 applied
794 3772 59 46 to
881 3767 182 48 motor
1095 3762 258 69 vehicles,
1386 3764 72 68 by
1490 3764 235 57 Charles
1753 3770 54 55 J.
1840 3772 237 57 Babbitt

176 3849 101 53 4th
316 3847 103 67 ed.,
457 3846 74 67 by
569 3845 95 51 the
704 3840 335 70 publishers’
1079 3838 264 54 editorial
1383 3840 147 54 staff.
1608 3844 322 74 Rochester,
1972 3852 67 55 N.
2085 3856 88 58 Y.,

177 3926 120 51 The
326 3925 265 65 Lawyers
623 3918 377 69 co-operative
1032 3915 333 70 publishing
1396 3937 295 52 company,
1727 3928 150 55 1933.
