2582 4453
1339 4135 101 53 572

366 534 162 54 those
562 551 208 35 causes.
848 533 140 54 New
1024 533 183 68 York,
1241 535 70 52 N.
1349 534 92 66 Y.,
1476 532 317 68 Fiduciary
1829 534 244 66 counsel,
2108 532 127 69 inc.,
2268 532 124 54 The

367 612 1138 71 Estate planning corporation [ c 1932]
441 690 27 40 3
496 699 43 38 p.
569 689 44 47 l.,
641 689 70 46 37,
745 688 54 50 [1]
831 698 43 38 p.
932 687 155 50 diagr.
1145 688 149 40 25½cm.

374 752 53 53 ©
456 757 112 40 Jan.
595 756 71 48 16,
694 754 142 49 1933;
865 755 67 41 2c.
962 757 97 39 and
1087 755 84 41 aff.
1200 756 111 40 Jan.
1340 756 83 47 24;
1453 756 41 39 A
1522 754 173 49 60009;
1728 755 50 41 C.
1808 754 267 48 Davidson,
2103 756 117 39 New
2249 754 147 41 York.

450 814 14 49 (CA
552 813 178 41 33-246
747 812 238 49 Unrev’d)

370 918 294 66 Donham,
691 920 58 55 S.
775 919 225 65 Agnes,
1028 919 173 55 1871-

445 995 304 72 Spending
786 997 97 53 the
922 996 210 70 family
1170 997 237 68 income,
1445 996 75 70 by
1562 994 57 57 S.
1659 996 196 70 Agnes
1893 995 287 55 Donham.
2255 997 140 54 New

371 1078 104 67 ed.,
525 1077 342 69 completely
917 1095 114 35 rev.
1120 1078 236 65 Boston,
1404 1076 199 69 Little,
1652 1078 232 66 Brown,
1933 1076 114 54 and
2095 1093 301 52 company,

374 1160 152 51 1933.

443 1230 86 44 xiv
553 1242 60 40 p.,
637 1231 31 42 2
690 1232 45 49 l.,
761 1230 147 43 3-222
934 1241 44 39 p.
1039 1229 181 51 diagrs.
1280 1229 59 43 19½
1369 1231 44 24 cm
1419 1263 9 9 .

445 1289 382 50 Bibliography:
858 1300 44 38 p.
931 1288 221 42 213-216.

378 1358 53 53 ©
458 1363 115 48 Apr.
600 1363 70 47 21,
699 1361 142 47 1933;
871 1362 68 40 2c.
967 1362 96 40 and
1092 1361 83 40 aff.
1203 1361 115 48 Apr.
1346 1362 85 47 24;
1461 1361 42 39 A
1529 1361 173 47 62286;
1733 1360 166 49 Little,
1928 1362 194 47 Brown,

2152 1363 96 39 and
445 1370 1938 98 company.
663 1419 284 50 (33-27146)

372 1522 285 67 Douglas,
689 1524 148 53 Paul
867 1524 279 65 Howard,
1179 1528 173 51 1892-

374 1601 2002 149 … Standards of unemployment insurance, by Paul H. Douglas … Chicago,
939 1678 1454 73 Ill., The University of Chicago press [ c 1933]
445 1757 98 48 xiv,
574 1757 86 41 251
692 1767 43 38 p.
795 1756 156 48 diagr.
1009 1757 55 40 23½
1099 1759 43 21 cm
1148 1788 8 8 .
1227 1755 188 49 (Social
1445 1755 186 41 service
1662 1755 340 50 monographs,
2033 1768 75 30 no.
2139 1756 81 48 19)

449 1814 449 49 “Bibliographical
929 1813 171 42 note”:
1134 1825 43 37 p.
1209 1812 219 42 198-199.

380 1883 53 53 ©
457 1888 111 40 Jan.
592 1888 70 49 24,
686 1886 141 47 1933;
853 1887 68 39 2c.
947 1887 115 47 May
1085 1885 53 49 2;
1165 1885 82 41 aff.
1272 1886 115 48 Apr.
1411 1885 83 48 29;
1521 1887 41 39 A
1587 1887 171 47 61577;
1787 1887 285 49 University
2097 1889 53 40 of
2175 1888 226 48 Chicago,

450 1944 225 50 Chicago.
746 1944 284 49 (33-27082)

375 2049 216 66 Eager,
620 2049 240 56 Samuel
887 2046 297 59 Watkins.

447 2128 273 55 Bender’s
764 2128 183 53 forms
993 2127 94 54 for
1127 2128 97 53 the
1267 2127 411 55 Consolidated
1722 2130 137 52 laws
1902 2128 64 55 of
2006 2130 99 53 the
2144 2134 148 50 state
2334 2130 65 55 of

375 2208 141 53 New
560 2208 182 67 York,
783 2207 142 53 with
969 2208 381 69 explanatory
1393 2213 160 48 notes
1597 2209 113 52 and
1752 2228 151 35 cross
1946 2209 335 70 references,
2323 2210 76 69 by

375 2287 1999 149 Samuel W. Eager … and Samuel M. Hesson … v. 4. Membership corporations
1021 2372 59 47 to
1138 2368 113 52 and
1311 2368 304 70 including
1673 2369 398 70 Partnership.
2147 2371 252 70 Albany,

378 2446 71 54 N.
495 2449 91 66 Y.,
629 2446 140 55 New
811 2446 183 69 York,
1037 2448 70 53 N.
1153 2448 91 67 Y.,
1287 2447 282 54 Matthew
1612 2450 230 52 Bender
1884 2453 47 51 &
1972 2470 300 51 company,
378 2451 1996 146 incorporated,
789 2529 151 50 1933.

451 2614 82 35 xx,
566 2602 87 41 637
718 2634 8 8 p.
786 2600 57 40 24
846 2603 45 21 cm
895 2633 9 8 .

385 2669 53 53 ©
468 2674 115 47 May
610 2673 72 47 24,
711 2671 114 41 1933;
885 2670 67 42 2c.
984 2673 96 39 and
1110 2671 83 42 aff.
1224 2673 115 46 May
1369 2671 83 49 25;
1485 2673 41 39 A
1556 2672 172 49 61927;
1761 2674 241 41 Matthew
2031 2676 194 40 Bender
2254 2676 36 41 &
2320 2686 83 38 co.,

453 2729 92 42 inc.

380 2832 166 67 Falk,
575 2832 226 56 Isidore
832 2834 259 64 Sydney,
1124 2838 174 50 1899-

516 2911 1886 74 … The costs of medical care; a summary of investigations on
382 2994 97 53 the
512 2992 286 56 economic
830 2997 220 63 aspects
1083 2991 65 54 of
1179 2993 96 53 the
1306 2998 341 63 prevention
1679 2995 111 53 and
1826 3014 127 36 care
1986 2994 64 54 of
2082 2996 211 68 illness,
2327 2995 73 69 by

383 3074 49 53 I.
467 3073 57 56 S.
558 3072 167 67 Falk,
845 3116 10 10 PH.
925 3114 29 26 D.,
988 3072 60 55 C.
1082 3070 192 55 Rufus
1306 3073 229 65 Rorem,
1655 3117 10 10 PH.
1736 3114 29 26 D.,
1834 3117 10 10 C.
1916 3117 9 9 P.
2001 3116 28 24 A.,
2060 3074 235 53 Martha
2328 3076 70 52 D.

383 3150 2018 72 Ring; with a foreword by Ray Lyman Wilbur … Chicago,
383 3232 113 68 Ill.,
525 3232 123 54 The
674 3229 342 70 University
1042 3230 65 54 of
1135 3229 254 70 Chicago
1419 3248 158 50 press
1631 3234 153 65 [1933]

454 3304 138 49 xviii,
621 3305 85 41 623
734 3315 42 38 p.
807 3305 110 39 incl.
947 3304 171 48 tables,
1147 3304 182 48 diagrs.
1385 3303 85 49 23|
1474 3306 44 22 cm
1523 3336 9 8 .
1598 3303 361 49 (Publications
1988 3303 52 40 of
2067 3304 83 40 the
385 3304 2000 100 Committee

488 3373 61 31 on
577 3363 83 41 the
687 3364 129 39 costs
845 3362 52 40 of
924 3362 207 41 medical
1160 3371 139 33 care:
1333 3372 76 30 no.
1438 3360 81 48 27)

456 3421 41 39 A
523 3430 250 38 summary
798 3419 53 42 of
875 3421 83 39 the
981 3419 93 41 five
1100 3430 144 37 years
1271 3419 52 41 of
1347 3418 350 49 investigation
1722 3419 61 48 by
1810 3419 82 40 the
1919 3417 289 43 Committee
2233 3429 60 29 on
2322 3419 79 39 the

385 3480 129 39 costs
548 3478 53 41 of
634 3477 206 41 medical
876 3487 127 32 care.

389 3532 53 53 ©
466 3537 111 40 Feb.
601 3537 69 47 28,
696 3535 141 47 1933;
863 3537 68 39 2c.
956 3536 114 47 May
1093 3534 55 49 2;
1174 3535 81 41 aff.
1280 3536 115 47 Apr.
1419 3533 83 49 29;
1530 3535 41 39 A
1595 3533 171 49 61559;
1793 3533 285 49 University
2103 3533 54 41 of
2180 3532 225 48 Chicago,

459 3593 225 48 Chicago.
757 3592 283 50 (33-27129)
2196 3587 118 44 3861

384 3693 1991 152 … The incidence of illness and the receipt and costs of medical care among
910 3777 449 68 representative
1394 3775 281 68 families;
1712 3775 359 68 experiences
2105 3774 62 53 in
2201 3774 200 53 twelve

385 3855 357 55 consecutive
780 3856 230 54 months
1052 3855 215 69 during
1310 3858 328 64 1928-1931,
1677 3854 77 69 by
1795 3855 48 51 I.
1889 3854 56 55 S.
1989 3853 167 66 Falk,
2284 3895 9 9 PH.
2373 3894 28 23 D.,

385 3933 299 69 Margaret
717 3935 63 55 C.
814 3935 190 68 Klem,
1036 3935 237 53 Nathan
1308 3933 182 67 Sinai,
1560 3978 8 9 D.
1643 3976 10 10 P.
1741 3976 9 9 H.
1829 3931 272 69 Chicago,
2135 3931 114 67 Ill.,
2281 3932 120 51 The

384 4010 341 73 University
756 4012 65 55 of
851 4011 256 71 Chicago
1137 4031 158 50 press
1332 4016 174 65 [1933]
