<alto xmlns="http://www.loc.gov/standards/alto/ns-v3#" xmlns:xlink="http://www.w3.org/1999/xlink" xmlns:xsi="http://www.w3.org/2001/XMLSchema-instance" xsi:schemaLocation="http://www.loc.gov/standards/alto/ns-v3# http://www.loc.gov/alto/v3/alto-3-0.xsd"><Description>
<MeasurementUnit>pixel</MeasurementUnit>
<sourceImageInformation>
<fileName>1933_v1_Part1.pdf</fileName>
</sourceImageInformation>
<OCRProcessing ID="IdOcr">
<ocrProcessingStep>
<processingDateTime>2019-01-03</processingDateTime>
<processingSoftware>
<softwareCreator>ABBYY</softwareCreator>
<softwareName>ABBYY Recognition Server</softwareName>
<softwareVersion>4.0</softwareVersion>
</processingSoftware>
</ocrProcessingStep>
</OCRProcessing>
</Description>
<Styles>
<ParagraphStyle ID="StyleId-FFFFFFFF-FFFF-FFFF-FFFF-FFFFFFFFFFFF-" ALIGN="Left" LEFT="0." RIGHT="0." FIRSTLINE="0."/>
<ParagraphStyle ID="StyleId-6EF5737A-DCEB-4126-A0CF-C5930BF7166A-" ALIGN="Left" LEFT="0." RIGHT="0." FIRSTLINE="0." LINESPACE="8.300000191"/>
<ParagraphStyle ID="StyleId-2DE44258-FD0B-41E1-B542-087C989B01A3-" ALIGN="Left" LEFT="0." RIGHT="0." FIRSTLINE="0." LINESPACE="12.19999981"/>
<ParagraphStyle ID="StyleId-CE3D254A-29D7-4DD7-B5F1-E0FC0EF29B05-" ALIGN="Left" LEFT="0." RIGHT="0." FIRSTLINE="-14." LINESPACE="8.619999886"/>
<ParagraphStyle ID="StyleId-C0E3A137-CE4F-4287-8A90-B599106709D0-" ALIGN="Left" LEFT="0." RIGHT="0." FIRSTLINE="-14." LINESPACE="12.19999981"/>
<ParagraphStyle ID="StyleId-50F26F0C-05DA-4C19-BA58-7A6AC4499BEE-" ALIGN="Left" LEFT="0." RIGHT="0." FIRSTLINE="-14." LINESPACE="11.06999969"/>
<ParagraphStyle ID="StyleId-5DDE65AF-512C-41E2-9B8E-095D6D99EF68-" ALIGN="Center" LEFT="0." RIGHT="0." FIRSTLINE="0." LINESPACE="11.89999962"/>
<ParagraphStyle ID="StyleId-0A81D7A5-6A62-4C52-915E-7768974C704D-" ALIGN="Left" LEFT="0." RIGHT="0." FIRSTLINE="0." LINESPACE="9.399999619"/>
<ParagraphStyle ID="StyleId-F7A0127F-6B48-4157-BB81-FE33E1E1A05B-" ALIGN="Block" LEFT="0." RIGHT="0." FIRSTLINE="-13." LINESPACE="10.63000011"/>
<ParagraphStyle ID="StyleId-E18C69F7-DBD7-48B1-805C-FCD96D0DA019-" ALIGN="Left" LEFT="0." RIGHT="0." FIRSTLINE="0." LINESPACE="11.64000034"/>
<ParagraphStyle ID="StyleId-98F15501-B611-4E83-8BB3-807E891F11F5-" ALIGN="Left" LEFT="0." RIGHT="0." FIRSTLINE="-14." LINESPACE="12.19999981"/>
<ParagraphStyle ID="StyleId-F4A78626-0BBC-4D12-94D9-A1AE75A9855F-" ALIGN="Left" LEFT="0." RIGHT="0." FIRSTLINE="0." LINESPACE="9.399999619"/>
<ParagraphStyle ID="StyleId-6A3F6F4C-D21B-4ADE-902F-7683F18ECEF3-" ALIGN="Left" LEFT="0." RIGHT="0." FIRSTLINE="0." LINESPACE="11.10000038"/>
</Styles>
<Layout>
<Page ID="Page463" PHYSICAL_IMG_NR="463" HEIGHT="4453" WIDTH="2540">
<TopMargin HEIGHT="434" WIDTH="2540" VPOS="0" HPOS="0">
</TopMargin>
<LeftMargin HEIGHT="3642" WIDTH="118" VPOS="434" HPOS="0">
</LeftMargin>
<RightMargin HEIGHT="3642" WIDTH="398" VPOS="434" HPOS="2142">
</RightMargin>
<BottomMargin HEIGHT="377" WIDTH="2540" VPOS="4076" HPOS="0">
<TextBlock ID="Page463_Block1" HEIGHT="70" WIDTH="124" VPOS="4076" HPOS="1056" LANG="en-US" STYLEREFS="StyleId-1A3C07ED-F19D-4538-963A-01137AB3014C-">
<TextLine HEIGHT="49" WIDTH="102" VPOS="4087" HPOS="1067">
<String CONTENT="463" HEIGHT="49" WIDTH="102" VPOS="4087" HPOS="1067"/>
</TextLine>
</TextBlock>
<GraphicalElement ID="Page463_Block2" HEIGHT="23" WIDTH="2540" VPOS="4430" HPOS="0"/>
</BottomMargin>
<PrintSpace HEIGHT="3642" WIDTH="2024" VPOS="434" HPOS="118">
<TextBlock ID="Page463_Block3" HEIGHT="3642" WIDTH="2024" VPOS="434" HPOS="118" LANG="en-US" CS="1" STYLEREFS="StyleId-8C0D493C-5690-44FB-A880-014447DD906F-">
<TextLine HEIGHT="64" WIDTH="623" VPOS="445" HPOS="135" STYLEREFS="StyleId-7E1CE7B4-99E5-425C-AD82-658A2A8F5DD2-" LANG="de" CS="1">
<String CS="1" CONTENT="Jungers," HEIGHT="64" WIDTH="275" VPOS="445" HPOS="135"/>
<SP HEIGHT="63" WIDTH="27" VPOS="446" HPOS="411"/>
<String CONTENT="Th" HEIGHT="52" WIDTH="87" VPOS="445" HPOS="439"/>
<String LANG="en-US" CS="1" CONTENT="&#233;"/>
<String CONTENT="odore." HEIGHT="54" WIDTH="193" VPOS="446" HPOS="565"/>
</TextLine>
<TextLine HEIGHT="144" WIDTH="1936" VPOS="520" HPOS="136" STYLEREFS="StyleId-ECE1CF49-4B6A-41CF-AD05-1E35F450F5FD-" CS="1">
<String LANG="de" CONTENT="&#8230;" HEIGHT="10" WIDTH="57" VPOS="562" HPOS="212"/>
<SP HEIGHT="51" WIDTH="40" VPOS="522" HPOS="270"/>
<String LANG="de" CONTENT="L&#8217;histoire" HEIGHT="54" WIDTH="305" VPOS="520" HPOS="311"/>
<SP HEIGHT="52" WIDTH="37" VPOS="522" HPOS="617"/>
<String LANG="de" CONTENT="du" HEIGHT="51" WIDTH="77" VPOS="522" HPOS="655"/>
<SP HEIGHT="49" WIDTH="38" VPOS="540" HPOS="733"/>
<String LANG="en-US" CONTENT="petit" HEIGHT="67" WIDTH="146" VPOS="522" HPOS="772"/>
<SP HEIGHT="53" WIDTH="37" VPOS="522" HPOS="919"/>
<String LANG="de" CONTENT="Nicolas." HEIGHT="54" WIDTH="248" VPOS="521" HPOS="957"/>
<SP HEIGHT="51" WIDTH="73" VPOS="523" HPOS="1206"/>
<String LANG="de" CONTENT="Paris," HEIGHT="67" WIDTH="186" VPOS="522" HPOS="1280"/>
<SP HEIGHT="65" WIDTH="36" VPOS="524" HPOS="1467"/>
<String LANG="de" CONTENT="Les" HEIGHT="52" WIDTH="107" VPOS="524" HPOS="1504"/>
<SP HEIGHT="52" WIDTH="39" VPOS="524" HPOS="1612"/>
<String LANG="en-US" CS="1" CONTENT="&#338;uvres" HEIGHT="34" WIDTH="165" VPOS="542" HPOS="1733"/>
<SP HEIGHT="34" WIDTH="39" VPOS="542" HPOS="1899"/>
<String LANG="en-US" CS="1" CONTENT="repr&#233;sentatives," HEIGHT="122" WIDTH="1936" VPOS="542" HPOS="136"/>
<SP HEIGHT="61" WIDTH="32" VPOS="603" HPOS="459"/>
<String LANG="de" CONTENT="1932." HEIGHT="49" WIDTH="151" VPOS="602" HPOS="492"/>
</TextLine>
<TextLine HEIGHT="49" WIDTH="767" VPOS="669" HPOS="209" LANG="de">
<String CONTENT="284" HEIGHT="41" WIDTH="85" VPOS="669" HPOS="209"/>
<SP HEIGHT="47" WIDTH="22" VPOS="671" HPOS="295"/>
<String CONTENT="p.," HEIGHT="37" WIDTH="59" VPOS="681" HPOS="318"/>
<SP HEIGHT="46" WIDTH="25" VPOS="672" HPOS="378"/>
<String CONTENT="1" HEIGHT="37" WIDTH="24" VPOS="672" HPOS="404"/>
<SP HEIGHT="37" WIDTH="27" VPOS="672" HPOS="429"/>
<String CONTENT="1." HEIGHT="39" WIDTH="30" VPOS="672" HPOS="457"/>
<SP HEIGHT="41" WIDTH="24" VPOS="670" HPOS="488"/>
<String CONTENT="incl." HEIGHT="41" WIDTH="109" VPOS="670" HPOS="513"/>
<SP HEIGHT="41" WIDTH="26" VPOS="670" HPOS="623"/>
<String CONTENT="front." HEIGHT="42" WIDTH="150" VPOS="670" HPOS="650"/>
<SP HEIGHT="38" WIDTH="59" VPOS="673" HPOS="801"/>
<String CONTENT="19" HEIGHT="39" WIDTH="55" VPOS="671" HPOS="861"/>
<String STYLE="superscript" CONTENT="cm" HEIGHT="21" WIDTH="42" VPOS="673" HPOS="919"/>
<String CONTENT="." HEIGHT="10" WIDTH="10" VPOS="702" HPOS="966"/>
</TextLine>
<TextLine HEIGHT="52" WIDTH="1992" VPOS="725" HPOS="140" LANG="de" CS="1">
<String CONTENT="&#169;" HEIGHT="51" WIDTH="50" VPOS="725" HPOS="140"/>
<SP HEIGHT="51" WIDTH="31" VPOS="725" HPOS="191"/>
<String LANG="en-US" CONTENT="July" HEIGHT="47" WIDTH="114" VPOS="728" HPOS="223"/>
<SP HEIGHT="46" WIDTH="28" VPOS="729" HPOS="338"/>
<String CONTENT="15," HEIGHT="46" WIDTH="68" VPOS="729" HPOS="367"/>
<SP HEIGHT="46" WIDTH="29" VPOS="729" HPOS="436"/>
<String CONTENT="1932;" HEIGHT="48" WIDTH="140" VPOS="727" HPOS="466"/>
<SP HEIGHT="46" WIDTH="31" VPOS="729" HPOS="607"/>
<String CS="1" CONTENT="1c." HEIGHT="8" WIDTH="8" VPOS="761" HPOS="697"/>
<SP HEIGHT="40" WIDTH="28" VPOS="729" HPOS="706"/>
<String CONTENT="Nov." HEIGHT="40" WIDTH="118" VPOS="729" HPOS="735"/>
<SP HEIGHT="42" WIDTH="27" VPOS="727" HPOS="854"/>
<String CONTENT="9;" HEIGHT="48" WIDTH="54" VPOS="727" HPOS="882"/>
<SP HEIGHT="47" WIDTH="30" VPOS="728" HPOS="937"/>
<!-- cceid 3F01A657-6CF9-1014-A6CF-A82867D68027 --><String LANG="en-US" CONTENT="A" HEIGHT="39" WIDTH="40" VPOS="728" HPOS="968"/>
<String CONTENT="-Foreign" HEIGHT="48" WIDTH="268" VPOS="728" HPOS="1009"/>
<SP HEIGHT="37" WIDTH="30" VPOS="731" HPOS="1278"/>
<String CONTENT="18502;" HEIGHT="48" WIDTH="170" VPOS="728" HPOS="1309"/>
<SP HEIGHT="46" WIDTH="33" VPOS="730" HPOS="1480"/>
<String CONTENT="Georges" HEIGHT="47" WIDTH="210" VPOS="730" HPOS="1514"/>
<SP HEIGHT="41" WIDTH="29" VPOS="729" HPOS="1725"/>
<String CONTENT="Celestin" HEIGHT="41" WIDTH="213" VPOS="729" HPOS="1755"/>
<SP HEIGHT="40" WIDTH="31" VPOS="731" HPOS="1969"/>
<String CONTENT="Cr" HEIGHT="40" WIDTH="62" VPOS="731" HPOS="2001"/>
<String LANG="en-US" CS="1" CONTENT="&#232;"/>
<String CONTENT="s." HEIGHT="31" WIDTH="37" VPOS="742" HPOS="2095"/>
</TextLine>
<TextLine HEIGHT="49" WIDTH="248" VPOS="784" HPOS="218" LANG="de" CS="1">
<String CONTENT="(33-8939)" HEIGHT="49" WIDTH="248" VPOS="784" HPOS="218"/>
<SP/>
</TextLine>
<TextLine HEIGHT="66" WIDTH="1041" VPOS="857" HPOS="134" LANG="de">
<String CONTENT="Kawakami," HEIGHT="66" WIDTH="364" VPOS="857" HPOS="134"/>
<SP HEIGHT="64" WIDTH="27" VPOS="859" HPOS="499"/>
<String CONTENT="Kiyoshi" HEIGHT="63" WIDTH="251" VPOS="858" HPOS="527"/>
<SP HEIGHT="53" WIDTH="27" VPOS="858" HPOS="779"/>
<String CONTENT="Karl," HEIGHT="65" WIDTH="163" VPOS="858" HPOS="807"/>
<SP HEIGHT="58" WIDTH="31" VPOS="865" HPOS="971"/>
<String CONTENT="1875-" HEIGHT="56" WIDTH="172" VPOS="858" HPOS="1003"/>
</TextLine>
<TextLine HEIGHT="71" WIDTH="1928" VPOS="933" HPOS="204">
<String CONTENT="Manchoukuo," HEIGHT="69" WIDTH="418" VPOS="934" HPOS="204"/>
<SP HEIGHT="49" WIDTH="25" VPOS="954" HPOS="623"/>
<String CONTENT="child" HEIGHT="54" WIDTH="155" VPOS="934" HPOS="649"/>
<SP HEIGHT="52" WIDTH="23" VPOS="936" HPOS="805"/>
<String CONTENT="of" HEIGHT="54" WIDTH="64" VPOS="934" HPOS="829"/>
<SP HEIGHT="53" WIDTH="22" VPOS="934" HPOS="894"/>
<String CONTENT="conflict," HEIGHT="70" WIDTH="242" VPOS="933" HPOS="917"/>
<SP HEIGHT="68" WIDTH="24" VPOS="935" HPOS="1160"/>
<String CONTENT="by" HEIGHT="69" WIDTH="75" VPOS="935" HPOS="1185"/>
<SP HEIGHT="69" WIDTH="24" VPOS="935" HPOS="1261"/>
<String CONTENT="K." HEIGHT="53" WIDTH="75" VPOS="935" HPOS="1286"/>
<SP HEIGHT="52" WIDTH="26" VPOS="936" HPOS="1362"/>
<String CONTENT="K." HEIGHT="52" WIDTH="74" VPOS="936" HPOS="1389"/>
<SP HEIGHT="52" WIDTH="26" VPOS="936" HPOS="1464"/>
<String LANG="de" CONTENT="Kawakami" HEIGHT="54" WIDTH="342" VPOS="935" HPOS="1491"/>
<SP HEIGHT="53" WIDTH="31" VPOS="936" HPOS="1834"/>
<String CONTENT="&#8230;" HEIGHT="11" WIDTH="57" VPOS="979" HPOS="1866"/>
<SP HEIGHT="55" WIDTH="66" VPOS="937" HPOS="1924"/>
<String CONTENT="New" HEIGHT="56" WIDTH="141" VPOS="937" HPOS="1991"/>
</TextLine>
<TextLine HEIGHT="70" WIDTH="1190" VPOS="1012" HPOS="138">
<String CONTENT="York," HEIGHT="69" WIDTH="176" VPOS="1012" HPOS="138"/>
<SP HEIGHT="68" WIDTH="24" VPOS="1013" HPOS="315"/>
<String CONTENT="The" HEIGHT="54" WIDTH="121" VPOS="1012" HPOS="340"/>
<SP HEIGHT="54" WIDTH="24" VPOS="1012" HPOS="462"/>
<String CONTENT="Macmillan" HEIGHT="54" WIDTH="335" VPOS="1012" HPOS="487"/>
<SP HEIGHT="35" WIDTH="26" VPOS="1031" HPOS="823"/>
<String CONTENT="company," HEIGHT="52" WIDTH="297" VPOS="1030" HPOS="850"/>
<SP HEIGHT="65" WIDTH="28" VPOS="1016" HPOS="1148"/>
<String CONTENT="1933." HEIGHT="52" WIDTH="151" VPOS="1015" HPOS="1177"/>
</TextLine>
<TextLine HEIGHT="52" WIDTH="1258" VPOS="1085" HPOS="205" CS="1">
<String CONTENT="viii" HEIGHT="40" WIDTH="86" VPOS="1086" HPOS="205"/>
<SP HEIGHT="47" WIDTH="24" VPOS="1087" HPOS="292"/>
<String CONTENT="p.," HEIGHT="40" WIDTH="58" VPOS="1097" HPOS="317"/>
<SP HEIGHT="50" WIDTH="25" VPOS="1087" HPOS="376"/>
<String CONTENT="3" HEIGHT="40" WIDTH="26" VPOS="1087" HPOS="402"/>
<SP HEIGHT="40" WIDTH="25" VPOS="1087" HPOS="429"/>
<String CS="1" CONTENT="l.," HEIGHT="17" WIDTH="23" VPOS="1117" HPOS="475"/>
<SP HEIGHT="48" WIDTH="27" VPOS="1086" HPOS="499"/>
<String CONTENT="311" HEIGHT="40" WIDTH="83" VPOS="1086" HPOS="527"/>
<SP HEIGHT="47" WIDTH="28" VPOS="1087" HPOS="611"/>
<String CONTENT="p." HEIGHT="38" WIDTH="44" VPOS="1096" HPOS="640"/>
<SP HEIGHT="38" WIDTH="56" VPOS="1096" HPOS="685"/>
<String CONTENT="plates," HEIGHT="46" WIDTH="171" VPOS="1088" HPOS="742"/>
<SP HEIGHT="37" WIDTH="26" VPOS="1096" HPOS="914"/>
<String CONTENT="ports.," HEIGHT="45" WIDTH="162" VPOS="1089" HPOS="941"/>
<SP HEIGHT="46" WIDTH="28" VPOS="1088" HPOS="1104"/>
<String CONTENT="diagr." HEIGHT="49" WIDTH="154" VPOS="1085" HPOS="1133"/>
<SP HEIGHT="43" WIDTH="56" VPOS="1085" HPOS="1288"/>
<String CONTENT="21" HEIGHT="40" WIDTH="57" VPOS="1085" HPOS="1345"/>
<String STYLE="superscript" CONTENT="cm" HEIGHT="22" WIDTH="44" VPOS="1088" HPOS="1405"/>
<String CONTENT="." HEIGHT="10" WIDTH="10" VPOS="1118" HPOS="1453"/>
</TextLine>
<TextLine HEIGHT="52" WIDTH="1921" VPOS="1141" HPOS="209">
<String CONTENT="&#8220;Sequel" HEIGHT="49" WIDTH="200" VPOS="1141" HPOS="209"/>
<SP HEIGHT="39" WIDTH="44" VPOS="1143" HPOS="410"/>
<String CONTENT="to" HEIGHT="37" WIDTH="48" VPOS="1145" HPOS="455"/>
<SP HEIGHT="29" WIDTH="49" VPOS="1153" HPOS="504"/>
<String CONTENT="&#8230;" HEIGHT="9" WIDTH="47" VPOS="1173" HPOS="554"/>
<SP HEIGHT="29" WIDTH="50" VPOS="1163" HPOS="602"/>
<String CONTENT="[the" HEIGHT="48" WIDTH="96" VPOS="1144" HPOS="653"/>
<SP HEIGHT="29" WIDTH="46" VPOS="1154" HPOS="750"/>
<String CONTENT="author&#8217;s]" HEIGHT="51" WIDTH="233" VPOS="1141" HPOS="797"/>
<SP HEIGHT="49" WIDTH="47" VPOS="1143" HPOS="1031"/>
<String CONTENT="Japan" HEIGHT="47" WIDTH="160" VPOS="1143" HPOS="1079"/>
<SP HEIGHT="30" WIDTH="47" VPOS="1152" HPOS="1240"/>
<String CONTENT="speaks" HEIGHT="47" WIDTH="173" VPOS="1143" HPOS="1288"/>
<SP HEIGHT="29" WIDTH="47" VPOS="1154" HPOS="1462"/>
<String CONTENT="on" HEIGHT="29" WIDTH="59" VPOS="1154" HPOS="1510"/>
<SP HEIGHT="39" WIDTH="47" VPOS="1145" HPOS="1570"/>
<String CONTENT="the" HEIGHT="39" WIDTH="82" VPOS="1145" HPOS="1618"/>
<SP HEIGHT="42" WIDTH="49" VPOS="1142" HPOS="1701"/>
<String CONTENT="Sino-Japanese" HEIGHT="51" WIDTH="379" VPOS="1142" HPOS="1751"/>
</TextLine>
<TextLine HEIGHT="41" WIDTH="376" VPOS="1199" HPOS="133">
<String CONTENT="crisis.&#8221;&#8212;Pref." HEIGHT="41" WIDTH="376" VPOS="1199" HPOS="133"/>
</TextLine>
<TextLine HEIGHT="109" WIDTH="1975" VPOS="1253" HPOS="139" CS="1">
<String CONTENT="&#169;" HEIGHT="51" WIDTH="50" VPOS="1253" HPOS="139"/>
<SP HEIGHT="51" WIDTH="29" VPOS="1253" HPOS="190"/>
<String CONTENT="Apr." HEIGHT="46" WIDTH="111" VPOS="1258" HPOS="220"/>
<SP HEIGHT="37" WIDTH="29" VPOS="1259" HPOS="332"/>
<String CONTENT="4," HEIGHT="45" WIDTH="40" VPOS="1259" HPOS="362"/>
<SP HEIGHT="45" WIDTH="29" VPOS="1259" HPOS="403"/>
<String CONTENT="1933;" HEIGHT="47" WIDTH="139" VPOS="1256" HPOS="433"/>
<SP HEIGHT="46" WIDTH="30" VPOS="1257" HPOS="573"/>
<String CONTENT="2c." HEIGHT="40" WIDTH="66" VPOS="1257" HPOS="604"/>
<SP HEIGHT="28" WIDTH="29" VPOS="1268" HPOS="671"/>
<String CONTENT="and" HEIGHT="38" WIDTH="96" VPOS="1259" HPOS="701"/>
<SP HEIGHT="38" WIDTH="29" VPOS="1259" HPOS="798"/>
<String CONTENT="aff." HEIGHT="40" WIDTH="82" VPOS="1257" HPOS="828"/>
<SP HEIGHT="8" WIDTH="9" VPOS="1289" HPOS="911"/>
<String CONTENT="Apr." HEIGHT="47" WIDTH="112" VPOS="1258" HPOS="941"/>
<SP HEIGHT="40" WIDTH="30" VPOS="1257" HPOS="1054"/>
<String CONTENT="5;" HEIGHT="47" WIDTH="51" VPOS="1257" HPOS="1085"/>
<SP HEIGHT="46" WIDTH="32" VPOS="1258" HPOS="1137"/>
<!-- cceid 3F024BAA-6CF9-1014-A6CF-A82867D68027 --><String CONTENT="A" HEIGHT="38" WIDTH="41" VPOS="1258" HPOS="1170"/>
<SP HEIGHT="39" WIDTH="28" VPOS="1258" HPOS="1212"/>
<String CONTENT="61215;" HEIGHT="46" WIDTH="171" VPOS="1257" HPOS="1241"/>
<SP HEIGHT="45" WIDTH="30" VPOS="1258" HPOS="1413"/>
<String CONTENT="K." HEIGHT="40" WIDTH="58" VPOS="1258" HPOS="1444"/>
<SP HEIGHT="39" WIDTH="30" VPOS="1259" HPOS="1503"/>
<String CONTENT="K." HEIGHT="41" WIDTH="58" VPOS="1259" HPOS="1534"/>
<SP HEIGHT="41" WIDTH="31" VPOS="1259" HPOS="1593"/>
<String LANG="de" CONTENT="Kawakami," HEIGHT="46" WIDTH="305" VPOS="1259" HPOS="1625"/>
<SP HEIGHT="44" WIDTH="31" VPOS="1261" HPOS="1931"/>
<String CONTENT="Washington." HEIGHT="101" WIDTH="1907" VPOS="1260" HPOS="207"/>
<SP HEIGHT="47" WIDTH="70" VPOS="1314" HPOS="386"/>
<String CONTENT="(33-8957)" HEIGHT="48" WIDTH="249" VPOS="1314" HPOS="457"/>
</TextLine>
<TextLine HEIGHT="65" WIDTH="461" VPOS="1387" HPOS="130" STYLEREFS="StyleId-7E1CE7B4-99E5-425C-AD82-658A2A8F5DD2-">
<String CONTENT="Klaus," HEIGHT="65" WIDTH="204" VPOS="1387" HPOS="130"/>
<SP HEIGHT="64" WIDTH="27" VPOS="1388" HPOS="335"/>
<String CONTENT="Albert." HEIGHT="57" WIDTH="228" VPOS="1388" HPOS="363"/>
</TextLine>
<TextLine HEIGHT="68" WIDTH="1918" VPOS="1464" HPOS="211" STYLEREFS="StyleId-ECE1CF49-4B6A-41CF-AD05-1E35F450F5FD-">
<String LANG="en-US" CONTENT="&#8230;" HEIGHT="10" WIDTH="56" VPOS="1508" HPOS="211"/>
<SP HEIGHT="52" WIDTH="55" VPOS="1466" HPOS="268"/>
<String LANG="en-US" CONTENT="Die" HEIGHT="54" WIDTH="109" VPOS="1464" HPOS="324"/>
<SP HEIGHT="53" WIDTH="49" VPOS="1465" HPOS="434"/>
<String LANG="de" CONTENT="hungernden," HEIGHT="67" WIDTH="391" VPOS="1465" HPOS="484"/>
<SP HEIGHT="48" WIDTH="48" VPOS="1484" HPOS="876"/>
<String LANG="de" CONTENT="ein" HEIGHT="53" WIDTH="92" VPOS="1465" HPOS="925"/>
<SP HEIGHT="34" WIDTH="50" VPOS="1484" HPOS="1018"/>
<String LANG="en-US" CONTENT="arbeitslosenroman." HEIGHT="54" WIDTH="586" VPOS="1465" HPOS="1069"/>
<SP HEIGHT="51" WIDTH="85" VPOS="1468" HPOS="1656"/>
<String LANG="en-US" CONTENT="Berlin," HEIGHT="63" WIDTH="218" VPOS="1467" HPOS="1742"/>
<SP HEIGHT="62" WIDTH="49" VPOS="1468" HPOS="1961"/>
<String LANG="de" CONTENT="Der" HEIGHT="52" WIDTH="118" VPOS="1468" HPOS="2011"/>
</TextLine>
<TextLine HEIGHT="69" WIDTH="781" VPOS="1541" HPOS="135" STYLEREFS="StyleId-ECE1CF49-4B6A-41CF-AD05-1E35F450F5FD-">
<String LANG="de" CONTENT="B&#252;cherkreis" HEIGHT="54" WIDTH="377" VPOS="1541" HPOS="135"/>
<SP HEIGHT="49" WIDTH="28" VPOS="1561" HPOS="513"/>
<String LANG="en-US" CONTENT="gmbh," HEIGHT="67" WIDTH="192" VPOS="1543" HPOS="542"/>
<SP HEIGHT="62" WIDTH="29" VPOS="1546" HPOS="735"/>
<String LANG="en-US" CONTENT="1932." HEIGHT="50" WIDTH="151" VPOS="1546" HPOS="765"/>
</TextLine>
<TextLine HEIGHT="50" WIDTH="614" VPOS="1614" HPOS="205" CS="1">
<String CONTENT="3" HEIGHT="40" WIDTH="28" VPOS="1614" HPOS="205"/>
<SP HEIGHT="50" WIDTH="24" VPOS="1614" HPOS="234"/>
<String CONTENT="p." HEIGHT="38" WIDTH="43" VPOS="1626" HPOS="259"/>
<SP HEIGHT="38" WIDTH="27" VPOS="1616" HPOS="303"/>
<String CONTENT="l.," HEIGHT="46" WIDTH="44" VPOS="1616" HPOS="331"/>
<SP HEIGHT="48" WIDTH="24" VPOS="1614" HPOS="376"/>
<String CONTENT="9-205" HEIGHT="41" WIDTH="143" VPOS="1614" HPOS="401"/>
<SP HEIGHT="48" WIDTH="24" VPOS="1616" HPOS="545"/>
<String CONTENT="p." HEIGHT="38" WIDTH="44" VPOS="1626" HPOS="570"/>
<SP HEIGHT="39" WIDTH="58" VPOS="1617" HPOS="615"/>
<String CS="1" CONTENT="19&#189;" HEIGHT="40" WIDTH="56" VPOS="1614" HPOS="674"/>
<String STYLE="superscript" CONTENT="cm" HEIGHT="21" WIDTH="43" VPOS="1617" HPOS="762"/>
<String CONTENT="." HEIGHT="9" WIDTH="10" VPOS="1647" HPOS="809"/>
</TextLine>
<TextLine HEIGHT="55" WIDTH="1993" VPOS="1668" HPOS="137" CS="1">
<String LANG="en-US" CONTENT="&#169;" HEIGHT="51" WIDTH="50" VPOS="1668" HPOS="137"/>
<SP HEIGHT="51" WIDTH="27" VPOS="1668" HPOS="188"/>
<String LANG="en-US" CONTENT="June" HEIGHT="40" WIDTH="127" VPOS="1672" HPOS="216"/>
<SP HEIGHT="37" WIDTH="23" VPOS="1674" HPOS="344"/>
<String LANG="en-US" CONTENT="1," HEIGHT="44" WIDTH="40" VPOS="1674" HPOS="368"/>
<SP HEIGHT="45" WIDTH="27" VPOS="1673" HPOS="409"/>
<String LANG="en-US" CONTENT="1932;" HEIGHT="48" WIDTH="138" VPOS="1671" HPOS="437"/>
<SP HEIGHT="45" WIDTH="30" VPOS="1674" HPOS="576"/>
<String LANG="en-US" CS="1" CONTENT="1c." HEIGHT="8" WIDTH="8" VPOS="1704" HPOS="665"/>
<SP HEIGHT="40" WIDTH="29" VPOS="1672" HPOS="674"/>
<String LANG="en-US" CONTENT="Sept." HEIGHT="48" WIDTH="128" VPOS="1672" HPOS="704"/>
<SP HEIGHT="40" WIDTH="26" VPOS="1674" HPOS="833"/>
<String LANG="en-US" CONTENT="7;" HEIGHT="45" WIDTH="53" VPOS="1674" HPOS="860"/>
<SP HEIGHT="46" WIDTH="28" VPOS="1673" HPOS="914"/>
<!-- cceid 3F02EB0C-6CF9-1014-A6CF-A82867D68027 --><String LANG="en-US" CONTENT="A-Foreign" HEIGHT="48" WIDTH="309" VPOS="1672" HPOS="943"/>
<SP HEIGHT="37" WIDTH="26" VPOS="1675" HPOS="1253"/>
<String LANG="en-US" CONTENT="17971;" HEIGHT="48" WIDTH="170" VPOS="1672" HPOS="1280"/>
<SP HEIGHT="45" WIDTH="31" VPOS="1675" HPOS="1451"/>
<String LANG="de" CONTENT="B&#252;cherkreis," HEIGHT="48" WIDTH="337" VPOS="1673" HPOS="1483"/>
<SP HEIGHT="37" WIDTH="29" VPOS="1686" HPOS="1821"/>
<String LANG="en-US" CONTENT="g." HEIGHT="37" WIDTH="41" VPOS="1686" HPOS="1851"/>
<SP HEIGHT="29" WIDTH="27" VPOS="1687" HPOS="1893"/>
<String LANG="en-US" CONTENT="m." HEIGHT="27" WIDTH="59" VPOS="1687" HPOS="1921"/>
<SP HEIGHT="39" WIDTH="29" VPOS="1676" HPOS="1981"/>
<String LANG="en-US" CONTENT="b." HEIGHT="41" WIDTH="43" VPOS="1676" HPOS="2011"/>
<SP HEIGHT="40" WIDTH="27" VPOS="1677" HPOS="2055"/>
<String LANG="en-US" CONTENT="h." HEIGHT="40" WIDTH="47" VPOS="1677" HPOS="2083"/>
</TextLine>
<TextLine HEIGHT="52" WIDTH="249" VPOS="1727" HPOS="215">
<String CONTENT="(33-8936)" HEIGHT="52" WIDTH="249" VPOS="1727" HPOS="215"/>
</TextLine>
<TextLine HEIGHT="66" WIDTH="965" VPOS="1802" HPOS="130" STYLEREFS="StyleId-ECE1CF49-4B6A-41CF-AD05-1E35F450F5FD-">
<String CONTENT="Landis," HEIGHT="66" WIDTH="238" VPOS="1802" HPOS="130"/>
<SP HEIGHT="64" WIDTH="27" VPOS="1804" HPOS="369"/>
<String CONTENT="Benson" HEIGHT="53" WIDTH="234" VPOS="1804" HPOS="397"/>
<SP HEIGHT="53" WIDTH="26" VPOS="1804" HPOS="632"/>
<String CONTENT="Young," HEIGHT="64" WIDTH="232" VPOS="1804" HPOS="659"/>
<SP HEIGHT="58" WIDTH="32" VPOS="1810" HPOS="892"/>
<String CONTENT="1897-" HEIGHT="56" WIDTH="170" VPOS="1804" HPOS="925"/>
</TextLine>
<TextLine HEIGHT="70" WIDTH="1924" VPOS="1878" HPOS="201" STYLEREFS="StyleId-ECE1CF49-4B6A-41CF-AD05-1E35F450F5FD-">
<String CONTENT="Rural" HEIGHT="51" WIDTH="181" VPOS="1880" HPOS="201"/>
<SP HEIGHT="53" WIDTH="25" VPOS="1880" HPOS="383"/>
<String CONTENT="adult" HEIGHT="53" WIDTH="162" VPOS="1880" HPOS="409"/>
<SP HEIGHT="48" WIDTH="25" VPOS="1886" HPOS="572"/>
<String CONTENT="education," HEIGHT="69" WIDTH="316" VPOS="1878" HPOS="598"/>
<SP HEIGHT="67" WIDTH="24" VPOS="1880" HPOS="915"/>
<String CONTENT="by" HEIGHT="68" WIDTH="73" VPOS="1880" HPOS="940"/>
<SP HEIGHT="67" WIDTH="27" VPOS="1881" HPOS="1014"/>
<String CONTENT="Benson" HEIGHT="52" WIDTH="225" VPOS="1881" HPOS="1042"/>
<SP HEIGHT="52" WIDTH="26" VPOS="1880" HPOS="1268"/>
<String CONTENT="Y." HEIGHT="53" WIDTH="70" VPOS="1880" HPOS="1295"/>
<SP HEIGHT="52" WIDTH="26" VPOS="1881" HPOS="1366"/>
<String CONTENT="Landis" HEIGHT="55" WIDTH="216" VPOS="1880" HPOS="1393"/>
<SP HEIGHT="34" WIDTH="33" VPOS="1901" HPOS="1610"/>
<String CONTENT="&#8230;" HEIGHT="9" WIDTH="56" VPOS="1926" HPOS="1644"/>
<SP HEIGHT="34" WIDTH="33" VPOS="1901" HPOS="1701"/>
<String CONTENT="and" HEIGHT="52" WIDTH="111" VPOS="1882" HPOS="1735"/>
<SP HEIGHT="53" WIDTH="24" VPOS="1882" HPOS="1847"/>
<String CONTENT="John" HEIGHT="53" WIDTH="157" VPOS="1882" HPOS="1872"/>
<SP HEIGHT="51" WIDTH="25" VPOS="1883" HPOS="2030"/>
<String CONTENT="D." HEIGHT="54" WIDTH="69" VPOS="1883" HPOS="2056"/>
</TextLine>
<TextLine HEIGHT="70" WIDTH="1748" VPOS="1956" HPOS="133" STYLEREFS="StyleId-ECE1CF49-4B6A-41CF-AD05-1E35F450F5FD-">
<String CONTENT="Willard" HEIGHT="54" WIDTH="247" VPOS="1957" HPOS="133"/>
<SP HEIGHT="52" WIDTH="29" VPOS="1959" HPOS="381"/>
<String CONTENT="&#8230;" HEIGHT="11" WIDTH="56" VPOS="2000" HPOS="411"/>
<SP HEIGHT="55" WIDTH="65" VPOS="1956" HPOS="468"/>
<String CONTENT="New" HEIGHT="53" WIDTH="134" VPOS="1956" HPOS="534"/>
<SP HEIGHT="52" WIDTH="29" VPOS="1957" HPOS="669"/>
<String CONTENT="York," HEIGHT="67" WIDTH="176" VPOS="1957" HPOS="699"/>
<SP HEIGHT="66" WIDTH="24" VPOS="1958" HPOS="876"/>
<String CONTENT="The" HEIGHT="51" WIDTH="121" VPOS="1958" HPOS="901"/>
<SP HEIGHT="52" WIDTH="25" VPOS="1957" HPOS="1023"/>
<String CONTENT="Macmillan" HEIGHT="53" WIDTH="331" VPOS="1957" HPOS="1049"/>
<SP HEIGHT="34" WIDTH="26" VPOS="1976" HPOS="1381"/>
<String CONTENT="company," HEIGHT="50" WIDTH="295" VPOS="1976" HPOS="1408"/>
<SP HEIGHT="64" WIDTH="28" VPOS="1962" HPOS="1704"/>
<String CONTENT="1933." HEIGHT="50" WIDTH="148" VPOS="1961" HPOS="1733"/>
</TextLine>
<TextLine HEIGHT="53" WIDTH="1631" VPOS="2026" HPOS="199" STYLEREFS="StyleId-ECE1CF49-4B6A-41CF-AD05-1E35F450F5FD-" CS="1">
<String CONTENT="xiii," HEIGHT="50" WIDTH="103" VPOS="2026" HPOS="199"/>
<SP HEIGHT="48" WIDTH="25" VPOS="2028" HPOS="303"/>
<String CONTENT="229" HEIGHT="40" WIDTH="87" VPOS="2027" HPOS="329"/>
<SP HEIGHT="50" WIDTH="23" VPOS="2027" HPOS="417"/>
<String CONTENT="p." HEIGHT="39" WIDTH="42" VPOS="2038" HPOS="441"/>
<SP HEIGHT="41" WIDTH="54" VPOS="2028" HPOS="484"/>
<String CONTENT="201" HEIGHT="41" WIDTH="84" VPOS="2028" HPOS="539"/>
<String STYLE="superscript" CONTENT="cm" HEIGHT="21" WIDTH="43" VPOS="2030" HPOS="627"/>
<String CONTENT="." HEIGHT="9" WIDTH="8" VPOS="2060" HPOS="676"/>
<SP/>
<String CONTENT="(Half-title:" HEIGHT="51" WIDTH="301" VPOS="2028" HPOS="754"/>
<SP HEIGHT="41" WIDTH="24" VPOS="2030" HPOS="1056"/>
<String CONTENT="Studies" HEIGHT="40" WIDTH="195" VPOS="2030" HPOS="1081"/>
<SP HEIGHT="40" WIDTH="27" VPOS="2030" HPOS="1277"/>
<String CONTENT="in" HEIGHT="40" WIDTH="50" VPOS="2030" HPOS="1305"/>
<SP HEIGHT="29" WIDTH="25" VPOS="2041" HPOS="1356"/>
<String CONTENT="adult" HEIGHT="39" WIDTH="138" VPOS="2032" HPOS="1382"/>
<SP HEIGHT="37" WIDTH="26" VPOS="2034" HPOS="1521"/>
<String CONTENT="education)" HEIGHT="48" WIDTH="282" VPOS="2031" HPOS="1548"/>
</TextLine>
<TextLine HEIGHT="48" WIDTH="1923" VPOS="2085" HPOS="203">
<String CONTENT="&#8220;The" HEIGHT="39" WIDTH="128" VPOS="2085" HPOS="203"/>
<SP HEIGHT="29" WIDTH="33" VPOS="2095" HPOS="332"/>
<String CONTENT="results" HEIGHT="39" WIDTH="178" VPOS="2086" HPOS="366"/>
<SP HEIGHT="29" WIDTH="34" VPOS="2096" HPOS="545"/>
<String CONTENT="of" HEIGHT="39" WIDTH="53" VPOS="2086" HPOS="580"/>
<SP HEIGHT="39" WIDTH="34" VPOS="2086" HPOS="634"/>
<String CONTENT="a" HEIGHT="29" WIDTH="27" VPOS="2096" HPOS="669"/>
<SP HEIGHT="30" WIDTH="35" VPOS="2095" HPOS="697"/>
<String CONTENT="research" HEIGHT="38" WIDTH="225" VPOS="2087" HPOS="733"/>
<SP HEIGHT="46" WIDTH="34" VPOS="2087" HPOS="959"/>
<String CONTENT="project" HEIGHT="47" WIDTH="187" VPOS="2086" HPOS="994"/>
<SP HEIGHT="37" WIDTH="36" VPOS="2089" HPOS="1182"/>
<String CONTENT="of" HEIGHT="38" WIDTH="52" VPOS="2087" HPOS="1219"/>
<SP HEIGHT="39" WIDTH="33" VPOS="2087" HPOS="1272"/>
<String CONTENT="the" HEIGHT="39" WIDTH="81" VPOS="2087" HPOS="1306"/>
<SP HEIGHT="39" WIDTH="35" VPOS="2087" HPOS="1388"/>
<String CONTENT="American" HEIGHT="41" WIDTH="256" VPOS="2086" HPOS="1424"/>
<SP HEIGHT="29" WIDTH="36" VPOS="2099" HPOS="1681"/>
<String CONTENT="association" HEIGHT="41" WIDTH="294" VPOS="2088" HPOS="1718"/>
<SP HEIGHT="38" WIDTH="33" VPOS="2091" HPOS="2013"/>
<String CONTENT="for" HEIGHT="39" WIDTH="79" VPOS="2091" HPOS="2047"/>
</TextLine>
<TextLine HEIGHT="43" WIDTH="718" VPOS="2140" HPOS="130">
<String CONTENT="adult" HEIGHT="39" WIDTH="138" VPOS="2142" HPOS="130"/>
<SP HEIGHT="37" WIDTH="30" VPOS="2144" HPOS="269"/>
<String CONTENT="education.&#8221;&#8212;Introd." HEIGHT="43" WIDTH="548" VPOS="2140" HPOS="300"/>
</TextLine>
<TextLine HEIGHT="51" WIDTH="696" VPOS="2196" HPOS="202">
<String CONTENT="Bibliography:" HEIGHT="50" WIDTH="375" VPOS="2197" HPOS="202"/>
<SP HEIGHT="38" WIDTH="29" VPOS="2208" HPOS="578"/>
<String CONTENT="p." HEIGHT="38" WIDTH="42" VPOS="2208" HPOS="608"/>
<SP HEIGHT="41" WIDTH="28" VPOS="2197" HPOS="651"/>
<String CONTENT="203-223." HEIGHT="43" WIDTH="218" VPOS="2196" HPOS="680"/>
</TextLine>
<TextLine HEIGHT="51" WIDTH="1991" VPOS="2255" HPOS="136" CS="1">
<String CONTENT="&#169;" HEIGHT="51" WIDTH="50" VPOS="2255" HPOS="136"/>
<SP HEIGHT="51" WIDTH="31" VPOS="2255" HPOS="187"/>
<String CONTENT="Apr." HEIGHT="48" WIDTH="113" VPOS="2258" HPOS="219"/>
<SP HEIGHT="39" WIDTH="30" VPOS="2260" HPOS="333"/>
<String CONTENT="11," HEIGHT="46" WIDTH="68" VPOS="2260" HPOS="364"/>
<SP HEIGHT="46" WIDTH="31" VPOS="2260" HPOS="433"/>
<String CONTENT="1933;" HEIGHT="47" WIDTH="140" VPOS="2257" HPOS="465"/>
<SP HEIGHT="46" WIDTH="32" VPOS="2258" HPOS="606"/>
<String CONTENT="2c." HEIGHT="41" WIDTH="67" VPOS="2258" HPOS="639"/>
<SP HEIGHT="31" WIDTH="30" VPOS="2268" HPOS="707"/>
<String CONTENT="and" HEIGHT="38" WIDTH="95" VPOS="2259" HPOS="738"/>
<SP HEIGHT="38" WIDTH="32" VPOS="2259" HPOS="834"/>
<String CONTENT="aff." HEIGHT="41" WIDTH="80" VPOS="2257" HPOS="867"/>
<SP HEIGHT="40" WIDTH="32" VPOS="2258" HPOS="948"/>
<String CONTENT="Apr." HEIGHT="47" WIDTH="114" VPOS="2258" HPOS="981"/>
<SP HEIGHT="39" WIDTH="32" VPOS="2259" HPOS="1096"/>
<String CONTENT="12;" HEIGHT="46" WIDTH="82" VPOS="2258" HPOS="1129"/>
<SP HEIGHT="46" WIDTH="30" VPOS="2258" HPOS="1212"/>
<!-- cceid 3F038888-6CF9-1014-A6CF-A82867D68027 --><String CONTENT="A" HEIGHT="39" WIDTH="41" VPOS="2258" HPOS="1243"/>
<SP HEIGHT="39" WIDTH="31" VPOS="2258" HPOS="1285"/>
<String CONTENT="60969;" HEIGHT="48" WIDTH="170" VPOS="2257" HPOS="1317"/>
<SP HEIGHT="45" WIDTH="34" VPOS="2260" HPOS="1488"/>
<String CONTENT="Amer." HEIGHT="39" WIDTH="158" VPOS="2260" HPOS="1523"/>
<SP HEIGHT="30" WIDTH="32" VPOS="2269" HPOS="1682"/>
<String CS="1" CONTENT="assn." HEIGHT="30" WIDTH="116" VPOS="2269" HPOS="1715"/>
<SP HEIGHT="39" WIDTH="31" VPOS="2261" HPOS="1845"/>
<String CONTENT="for" HEIGHT="38" WIDTH="79" VPOS="2261" HPOS="1877"/>
<SP HEIGHT="29" WIDTH="31" VPOS="2271" HPOS="1957"/>
<String CONTENT="adult" HEIGHT="40" WIDTH="138" VPOS="2260" HPOS="1989"/>
</TextLine>
<TextLine HEIGHT="48" WIDTH="942" VPOS="2314" HPOS="203">
<String CONTENT="education," HEIGHT="47" WIDTH="270" VPOS="2315" HPOS="203"/>
<SP HEIGHT="46" WIDTH="29" VPOS="2316" HPOS="474"/>
<String CONTENT="New" HEIGHT="38" WIDTH="116" VPOS="2316" HPOS="504"/>
<SP HEIGHT="38" WIDTH="29" VPOS="2316" HPOS="621"/>
<String CONTENT="York." HEIGHT="39" WIDTH="143" VPOS="2315" HPOS="651"/>
<SP HEIGHT="47" WIDTH="70" VPOS="2315" HPOS="795"/>
<String CONTENT="(33-27108)" HEIGHT="48" WIDTH="279" VPOS="2314" HPOS="866"/>
</TextLine>
<TextLine HEIGHT="63" WIDTH="643" VPOS="2382" HPOS="127">
<String CONTENT="Lane," HEIGHT="63" WIDTH="177" VPOS="2382" HPOS="127"/>
<SP HEIGHT="62" WIDTH="29" VPOS="2383" HPOS="305"/>
<String CONTENT="Tamar," HEIGHT="61" WIDTH="233" VPOS="2383" HPOS="335"/>
<SP HEIGHT="56" WIDTH="29" VPOS="2388" HPOS="569"/>
<String CONTENT="1895-" HEIGHT="50" WIDTH="171" VPOS="2386" HPOS="599"/>
</TextLine>
<TextLine HEIGHT="71" WIDTH="1926" VPOS="2459" HPOS="200" STYLEREFS="StyleId-ECE1CF49-4B6A-41CF-AD05-1E35F450F5FD-" CS="1">
<String CS="1" CONTENT="Hey" HEIGHT="53" WIDTH="91" VPOS="2460" HPOS="200"/>
<SP HEIGHT="55" WIDTH="45" VPOS="2459" HPOS="332"/>
<String CONTENT="diddle" HEIGHT="55" WIDTH="195" VPOS="2459" HPOS="378"/>
<SP HEIGHT="51" WIDTH="44" VPOS="2462" HPOS="574"/>
<String CONTENT="diddle," HEIGHT="66" WIDTH="212" VPOS="2462" HPOS="619"/>
<SP HEIGHT="68" WIDTH="43" VPOS="2460" HPOS="832"/>
<String CONTENT="by" HEIGHT="68" WIDTH="76" VPOS="2460" HPOS="876"/>
<SP HEIGHT="65" WIDTH="42" VPOS="2463" HPOS="953"/>
<String CONTENT="Tamar" HEIGHT="52" WIDTH="212" VPOS="2463" HPOS="996"/>
<SP HEIGHT="52" WIDTH="41" VPOS="2463" HPOS="1209"/>
<String CONTENT="Lane" HEIGHT="53" WIDTH="156" VPOS="2463" HPOS="1251"/>
<SP HEIGHT="33" WIDTH="49" VPOS="2484" HPOS="1408"/>
<String CONTENT="&#8230;" HEIGHT="10" WIDTH="55" VPOS="2507" HPOS="1458"/>
<SP HEIGHT="54" WIDTH="78" VPOS="2463" HPOS="1514"/>
<String CONTENT="New" HEIGHT="53" WIDTH="138" VPOS="2463" HPOS="1593"/>
<SP HEIGHT="52" WIDTH="46" VPOS="2464" HPOS="1732"/>
<String CONTENT="York," HEIGHT="67" WIDTH="179" VPOS="2463" HPOS="1779"/>
<SP HEIGHT="65" WIDTH="44" VPOS="2465" HPOS="1959"/>
<String CONTENT="The" HEIGHT="53" WIDTH="122" VPOS="2464" HPOS="2004"/>
</TextLine>
<TextLine HEIGHT="67" WIDTH="639" VPOS="2539" HPOS="129" STYLEREFS="StyleId-ECE1CF49-4B6A-41CF-AD05-1E35F450F5FD-">
<String CONTENT="Adelphi" HEIGHT="67" WIDTH="253" VPOS="2539" HPOS="129"/>
<SP HEIGHT="67" WIDTH="30" VPOS="2539" HPOS="383"/>
<String CONTENT="press," HEIGHT="49" WIDTH="173" VPOS="2557" HPOS="414"/>
<SP HEIGHT="62" WIDTH="30" VPOS="2544" HPOS="588"/>
<String CONTENT="1932." HEIGHT="49" WIDTH="149" VPOS="2543" HPOS="619"/>
</TextLine>
<TextLine HEIGHT="49" WIDTH="337" VPOS="2611" HPOS="203">
<String CONTENT="284" HEIGHT="41" WIDTH="85" VPOS="2612" HPOS="203"/>
<SP HEIGHT="47" WIDTH="31" VPOS="2613" HPOS="289"/>
<String CONTENT="p." HEIGHT="37" WIDTH="43" VPOS="2623" HPOS="321"/>
<SP HEIGHT="40" WIDTH="58" VPOS="2612" HPOS="365"/>
<String CONTENT="20" HEIGHT="40" WIDTH="57" VPOS="2611" HPOS="424"/>
<String STYLE="superscript" CONTENT="cm" HEIGHT="21" WIDTH="44" VPOS="2613" HPOS="483"/>
<String CONTENT="." HEIGHT="8" WIDTH="8" VPOS="2644" HPOS="532"/>
</TextLine>
<TextLine HEIGHT="54" WIDTH="1994" VPOS="2665" HPOS="135">
<String CONTENT="&#169;" HEIGHT="53" WIDTH="52" VPOS="2665" HPOS="135"/>
<SP HEIGHT="53" WIDTH="31" VPOS="2665" HPOS="188"/>
<String CONTENT="June" HEIGHT="39" WIDTH="127" VPOS="2670" HPOS="220"/>
<SP HEIGHT="38" WIDTH="28" VPOS="2671" HPOS="348"/>
<String CONTENT="1," HEIGHT="45" WIDTH="39" VPOS="2671" HPOS="377"/>
<SP HEIGHT="45" WIDTH="30" VPOS="2671" HPOS="417"/>
<String CONTENT="1932;" HEIGHT="43" WIDTH="140" VPOS="2669" HPOS="448"/>
<SP HEIGHT="43" WIDTH="32" VPOS="2669" HPOS="589"/>
<String CONTENT="2c." HEIGHT="40" WIDTH="64" VPOS="2669" HPOS="622"/>
<SP HEIGHT="28" WIDTH="34" VPOS="2680" HPOS="687"/>
<String CONTENT="and" HEIGHT="38" WIDTH="95" VPOS="2671" HPOS="722"/>
<SP HEIGHT="38" WIDTH="30" VPOS="2671" HPOS="818"/>
<String CONTENT="aff." HEIGHT="40" WIDTH="82" VPOS="2669" HPOS="849"/>
<SP HEIGHT="39" WIDTH="33" VPOS="2670" HPOS="932"/>
<String CONTENT="Jan." HEIGHT="39" WIDTH="109" VPOS="2670" HPOS="966"/>
<SP HEIGHT="39" WIDTH="30" VPOS="2670" HPOS="1076"/>
<String CONTENT="3," HEIGHT="46" WIDTH="40" VPOS="2670" HPOS="1107"/>
<SP HEIGHT="45" WIDTH="31" VPOS="2671" HPOS="1148"/>
<String CONTENT="1933;" HEIGHT="48" WIDTH="141" VPOS="2669" HPOS="1180"/>
<SP HEIGHT="47" WIDTH="33" VPOS="2670" HPOS="1322"/>
<!-- cceid 3F042D86-6CF9-1014-A6CF-A82867D68027 --><String CONTENT="A" HEIGHT="39" WIDTH="41" VPOS="2670" HPOS="1356"/>
<SP HEIGHT="39" WIDTH="31" VPOS="2670" HPOS="1398"/>
<String CONTENT="59368;" HEIGHT="49" WIDTH="171" VPOS="2668" HPOS="1430"/>
<SP HEIGHT="46" WIDTH="33" VPOS="2671" HPOS="1602"/>
<String CONTENT="Tamar" HEIGHT="39" WIDTH="180" VPOS="2671" HPOS="1636"/>
<SP HEIGHT="38" WIDTH="30" VPOS="2672" HPOS="1817"/>
<String CONTENT="Lane," HEIGHT="47" WIDTH="145" VPOS="2672" HPOS="1848"/>
<SP HEIGHT="37" WIDTH="33" VPOS="2682" HPOS="1994"/>
<String CONTENT="sole" HEIGHT="39" WIDTH="101" VPOS="2673" HPOS="2028"/>
</TextLine>
<TextLine HEIGHT="51" WIDTH="1500" VPOS="2726" HPOS="203" CS="1">
<String CONTENT="owner" HEIGHT="29" WIDTH="161" VPOS="2737" HPOS="203"/>
<SP HEIGHT="28" WIDTH="30" VPOS="2737" HPOS="365"/>
<String CONTENT="of" HEIGHT="38" WIDTH="51" VPOS="2727" HPOS="396"/>
<SP HEIGHT="38" WIDTH="29" VPOS="2727" HPOS="448"/>
<String CONTENT="Adelphi" HEIGHT="47" WIDTH="206" VPOS="2727" HPOS="478"/>
<SP HEIGHT="46" WIDTH="31" VPOS="2727" HPOS="685"/>
<String CONTENT="press," HEIGHT="38" WIDTH="149" VPOS="2736" HPOS="717"/>
<SP HEIGHT="47" WIDTH="33" VPOS="2727" HPOS="867"/>
<String CONTENT="Hollywood," HEIGHT="49" WIDTH="300" VPOS="2726" HPOS="901"/>
<SP HEIGHT="48" WIDTH="34" VPOS="2727" HPOS="1202"/>
<String CONTENT="Calif." HEIGHT="40" WIDTH="145" VPOS="2727" HPOS="1237"/>
<SP HEIGHT="40" WIDTH="135" VPOS="2727" HPOS="1383"/>
<String CS="1" CONTENT="(33-8991)" HEIGHT="51" WIDTH="139" VPOS="2726" HPOS="1564"/>
</TextLine>
<TextLine HEIGHT="66" WIDTH="1030" VPOS="2792" HPOS="128" STYLEREFS="StyleId-7E1CE7B4-99E5-425C-AD82-658A2A8F5DD2-" CS="1">
<String LANG="en-US" CONTENT="Lawler," HEIGHT="65" WIDTH="243" VPOS="2792" HPOS="128"/>
<SP HEIGHT="63" WIDTH="30" VPOS="2794" HPOS="372"/>
<String LANG="en-US" CONTENT="Eugene" HEIGHT="63" WIDTH="241" VPOS="2794" HPOS="403"/>
<SP HEIGHT="55" WIDTH="27" VPOS="2793" HPOS="645"/>
<String LANG="de" CS="1" CONTENT="Stallcup," HEIGHT="65" WIDTH="279" VPOS="2793" HPOS="673"/>
<SP HEIGHT="58" WIDTH="32" VPOS="2800" HPOS="953"/>
<String LANG="en-US" CONTENT="1893-" HEIGHT="49" WIDTH="172" VPOS="2799" HPOS="986"/>
</TextLine>
<TextLine HEIGHT="73" WIDTH="1927" VPOS="2869" HPOS="199" STYLEREFS="StyleId-ECE1CF49-4B6A-41CF-AD05-1E35F450F5FD-">
<String CONTENT="A" HEIGHT="52" WIDTH="55" VPOS="2871" HPOS="199"/>
<SP HEIGHT="52" WIDTH="27" VPOS="2871" HPOS="255"/>
<String CONTENT="technique" HEIGHT="68" WIDTH="297" VPOS="2870" HPOS="283"/>
<SP HEIGHT="53" WIDTH="31" VPOS="2869" HPOS="581"/>
<String CONTENT="for" HEIGHT="54" WIDTH="93" VPOS="2869" HPOS="613"/>
<SP HEIGHT="34" WIDTH="29" VPOS="2889" HPOS="707"/>
<String CONTENT="computing" HEIGHT="70" WIDTH="334" VPOS="2869" HPOS="737"/>
<SP HEIGHT="65" WIDTH="27" VPOS="2874" HPOS="1072"/>
<String CONTENT="the" HEIGHT="52" WIDTH="95" VPOS="2872" HPOS="1100"/>
<SP HEIGHT="32" WIDTH="29" VPOS="2892" HPOS="1196"/>
<String CONTENT="amount" HEIGHT="48" WIDTH="234" VPOS="2879" HPOS="1226"/>
<SP HEIGHT="48" WIDTH="28" VPOS="2879" HPOS="1461"/>
<String CONTENT="of" HEIGHT="53" WIDTH="64" VPOS="2871" HPOS="1490"/>
<SP HEIGHT="53" WIDTH="27" VPOS="2871" HPOS="1555"/>
<String CONTENT="new" HEIGHT="34" WIDTH="123" VPOS="2891" HPOS="1583"/>
<SP HEIGHT="36" WIDTH="30" VPOS="2889" HPOS="1707"/>
<String CONTENT="aid" HEIGHT="55" WIDTH="95" VPOS="2871" HPOS="1738"/>
<SP HEIGHT="53" WIDTH="29" VPOS="2873" HPOS="1834"/>
<String CONTENT="required" HEIGHT="69" WIDTH="262" VPOS="2873" HPOS="1864"/>
</TextLine>
<TextLine HEIGHT="72" WIDTH="1995" VPOS="2947" HPOS="131" STYLEREFS="StyleId-ECE1CF49-4B6A-41CF-AD05-1E35F450F5FD-" CS="1">
<String CONTENT="for" HEIGHT="52" WIDTH="92" VPOS="2949" HPOS="131"/>
<SP HEIGHT="33" WIDTH="36" VPOS="2969" HPOS="224"/>
<String CONTENT="state" HEIGHT="47" WIDTH="143" VPOS="2955" HPOS="261"/>
<SP HEIGHT="34" WIDTH="37" VPOS="2967" HPOS="405"/>
<String CONTENT="equalization" HEIGHT="69" WIDTH="379" VPOS="2948" HPOS="443"/>
<SP HEIGHT="49" WIDTH="37" VPOS="2967" HPOS="823"/>
<String CONTENT="programs," HEIGHT="50" WIDTH="315" VPOS="2967" HPOS="861"/>
<SP HEIGHT="66" WIDTH="36" VPOS="2950" HPOS="1177"/>
<String CONTENT="by" HEIGHT="68" WIDTH="75" VPOS="2950" HPOS="1214"/>
<SP HEIGHT="68" WIDTH="38" VPOS="2950" HPOS="1290"/>
<String CONTENT="Eugene" HEIGHT="68" WIDTH="234" VPOS="2950" HPOS="1329"/>
<SP HEIGHT="56" WIDTH="38" VPOS="2947" HPOS="1564"/>
<String LANG="de" CS="1" CONTENT="Stallcup" HEIGHT="72" WIDTH="261" VPOS="2947" HPOS="1603"/>
<SP HEIGHT="67" WIDTH="35" VPOS="2952" HPOS="1865"/>
<String CONTENT="Lawler" HEIGHT="56" WIDTH="225" VPOS="2950" HPOS="1901"/>
</TextLine>
<TextLine HEIGHT="74" WIDTH="1992" VPOS="3027" HPOS="135" STYLEREFS="StyleId-ECE1CF49-4B6A-41CF-AD05-1E35F450F5FD-">
<String CONTENT="&#8230;" HEIGHT="10" WIDTH="54" VPOS="3069" HPOS="135"/>
<SP HEIGHT="52" WIDTH="76" VPOS="3027" HPOS="190"/>
<String CONTENT="Published" HEIGHT="53" WIDTH="312" VPOS="3027" HPOS="267"/>
<SP HEIGHT="51" WIDTH="32" VPOS="3028" HPOS="580"/>
<String CONTENT="with" HEIGHT="52" WIDTH="141" VPOS="3027" HPOS="613"/>
<SP HEIGHT="51" WIDTH="32" VPOS="3028" HPOS="755"/>
<String CONTENT="the" HEIGHT="53" WIDTH="95" VPOS="3027" HPOS="788"/>
<SP HEIGHT="34" WIDTH="33" VPOS="3046" HPOS="884"/>
<String CONTENT="approval" HEIGHT="65" WIDTH="279" VPOS="3029" HPOS="918"/>
<SP HEIGHT="51" WIDTH="33" VPOS="3029" HPOS="1198"/>
<String CONTENT="of" HEIGHT="52" WIDTH="64" VPOS="3028" HPOS="1232"/>
<SP HEIGHT="53" WIDTH="33" VPOS="3028" HPOS="1297"/>
<String CONTENT="Professor" HEIGHT="54" WIDTH="301" VPOS="3028" HPOS="1331"/>
<SP HEIGHT="53" WIDTH="31" VPOS="3029" HPOS="1633"/>
<String CONTENT="Paul" HEIGHT="53" WIDTH="148" VPOS="3029" HPOS="1665"/>
<SP HEIGHT="52" WIDTH="33" VPOS="3031" HPOS="1814"/>
<String CONTENT="R." HEIGHT="54" WIDTH="69" VPOS="3031" HPOS="1848"/>
<SP HEIGHT="55" WIDTH="33" VPOS="3030" HPOS="1918"/>
<String CONTENT="Mort," HEIGHT="71" WIDTH="175" VPOS="3030" HPOS="1952"/>
</TextLine>
<TextLine HEIGHT="149" WIDTH="1972" VPOS="3104" HPOS="128" STYLEREFS="StyleId-ECE1CF49-4B6A-41CF-AD05-1E35F450F5FD-" CS="1">
<String CONTENT="sponsor." HEIGHT="50" WIDTH="252" VPOS="3123" HPOS="128"/>
<SP HEIGHT="52" WIDTH="69" VPOS="3105" HPOS="381"/>
<String CONTENT="New" HEIGHT="52" WIDTH="138" VPOS="3105" HPOS="451"/>
<SP HEIGHT="51" WIDTH="34" VPOS="3105" HPOS="590"/>
<String CONTENT="York" HEIGHT="52" WIDTH="163" VPOS="3105" HPOS="625"/>
<SP HEIGHT="51" WIDTH="31" VPOS="3106" HPOS="789"/>
<String CONTENT="city," HEIGHT="71" WIDTH="132" VPOS="3104" HPOS="821"/>
<SP HEIGHT="68" WIDTH="32" VPOS="3107" HPOS="954"/>
<String CONTENT="Teachers" HEIGHT="53" WIDTH="278" VPOS="3107" HPOS="987"/>
<SP HEIGHT="34" WIDTH="34" VPOS="3126" HPOS="1266"/>
<String CONTENT="college," HEIGHT="70" WIDTH="227" VPOS="3106" HPOS="1301"/>
<SP HEIGHT="69" WIDTH="35" VPOS="3107" HPOS="1529"/>
<String CONTENT="Columbia" HEIGHT="55" WIDTH="299" VPOS="3107" HPOS="1565"/>
<SP HEIGHT="35" WIDTH="33" VPOS="3127" HPOS="1865"/>
<String CONTENT="university," HEIGHT="143" WIDTH="1971" VPOS="3110" HPOS="129"/>
<SP HEIGHT="62" WIDTH="30" VPOS="3189" HPOS="260"/>
<String CONTENT="1932." HEIGHT="50" WIDTH="148" VPOS="3187" HPOS="291"/>
</TextLine>
<TextLine HEIGHT="52" WIDTH="1920" VPOS="3257" HPOS="200" CS="1">
<String CONTENT="vii," HEIGHT="48" WIDTH="80" VPOS="3258" HPOS="200"/>
<SP HEIGHT="47" WIDTH="34" VPOS="3259" HPOS="281"/>
<String CONTENT="46" HEIGHT="40" WIDTH="58" VPOS="3258" HPOS="316"/>
<SP HEIGHT="48" WIDTH="35" VPOS="3258" HPOS="375"/>
<String CONTENT="p." HEIGHT="38" WIDTH="42" VPOS="3268" HPOS="411"/>
<SP HEIGHT="39" WIDTH="66" VPOS="3259" HPOS="454"/>
<String CONTENT="diagrs." HEIGHT="47" WIDTH="178" VPOS="3258" HPOS="521"/>
<SP HEIGHT="48" WIDTH="26" VPOS="3257" HPOS="700"/>
<String CONTENT="(part" HEIGHT="48" WIDTH="135" VPOS="3257" HPOS="727"/>
<SP HEIGHT="39" WIDTH="34" VPOS="3259" HPOS="863"/>
<String CONTENT="fold.)" HEIGHT="48" WIDTH="143" VPOS="3257" HPOS="898"/>
<SP HEIGHT="48" WIDTH="72" VPOS="3257" HPOS="1042"/>
<String CS="1" CONTENT="23&#189;" HEIGHT="40" WIDTH="55" VPOS="3259" HPOS="1115"/>
<String STYLE="superscript" CONTENT="cm" HEIGHT="21" WIDTH="43" VPOS="3262" HPOS="1203"/>
<String CONTENT="." HEIGHT="10" WIDTH="10" VPOS="3290" HPOS="1252"/>
<SP HEIGHT="47" WIDTH="73" VPOS="3258" HPOS="1263"/>
<String CONTENT="(Teachers" HEIGHT="47" WIDTH="265" VPOS="3258" HPOS="1337"/>
<SP HEIGHT="30" WIDTH="36" VPOS="3271" HPOS="1603"/>
<String CONTENT="college," HEIGHT="49" WIDTH="192" VPOS="3260" HPOS="1640"/>
<SP HEIGHT="48" WIDTH="37" VPOS="3261" HPOS="1833"/>
<String CONTENT="Columbia" HEIGHT="45" WIDTH="249" VPOS="3261" HPOS="1871"/>
</TextLine>
<TextLine HEIGHT="51" WIDTH="1319" VPOS="3313" HPOS="133">
<String CONTENT="university." HEIGHT="47" WIDTH="279" VPOS="3315" HPOS="133"/>
<SP HEIGHT="40" WIDTH="57" VPOS="3315" HPOS="413"/>
<String CONTENT="Contributions" HEIGHT="43" WIDTH="365" VPOS="3313" HPOS="471"/>
<SP HEIGHT="38" WIDTH="27" VPOS="3318" HPOS="837"/>
<String CONTENT="to" HEIGHT="38" WIDTH="48" VPOS="3318" HPOS="865"/>
<SP HEIGHT="29" WIDTH="26" VPOS="3327" HPOS="914"/>
<String CONTENT="education," HEIGHT="50" WIDTH="270" VPOS="3314" HPOS="941"/>
<SP HEIGHT="36" WIDTH="26" VPOS="3328" HPOS="1212"/>
<String CONTENT="no." HEIGHT="31" WIDTH="75" VPOS="3326" HPOS="1239"/>
<SP HEIGHT="40" WIDTH="26" VPOS="3317" HPOS="1315"/>
<String CONTENT="547)" HEIGHT="48" WIDTH="110" VPOS="3316" HPOS="1342"/>
</TextLine>
<TextLine HEIGHT="49" WIDTH="1926" VPOS="3371" HPOS="200">
<String CONTENT="&#8220;The" HEIGHT="38" WIDTH="126" VPOS="3373" HPOS="200"/>
<SP HEIGHT="40" WIDTH="34" VPOS="3371" HPOS="327"/>
<String CONTENT="independent" HEIGHT="48" WIDTH="322" VPOS="3371" HPOS="362"/>
<SP HEIGHT="37" WIDTH="33" VPOS="3374" HPOS="685"/>
<String CONTENT="school" HEIGHT="40" WIDTH="162" VPOS="3372" HPOS="719"/>
<SP HEIGHT="40" WIDTH="32" VPOS="3373" HPOS="882"/>
<String CONTENT="districts" HEIGHT="42" WIDTH="219" VPOS="3371" HPOS="915"/>
<SP HEIGHT="29" WIDTH="33" VPOS="3384" HPOS="1135"/>
<String CONTENT="of" HEIGHT="40" WIDTH="52" VPOS="3373" HPOS="1169"/>
<SP HEIGHT="41" WIDTH="31" VPOS="3373" HPOS="1222"/>
<String CONTENT="Oklahoma" HEIGHT="42" WIDTH="269" VPOS="3372" HPOS="1254"/>
<SP HEIGHT="31" WIDTH="32" VPOS="3383" HPOS="1524"/>
<String CONTENT="were" HEIGHT="31" WIDTH="128" VPOS="3384" HPOS="1557"/>
<SP HEIGHT="30" WIDTH="31" VPOS="3385" HPOS="1686"/>
<String CONTENT="chosen" HEIGHT="42" WIDTH="178" VPOS="3374" HPOS="1718"/>
<SP HEIGHT="41" WIDTH="29" VPOS="3375" HPOS="1897"/>
<String CONTENT="for" HEIGHT="42" WIDTH="81" VPOS="3375" HPOS="1927"/>
<SP HEIGHT="40" WIDTH="31" VPOS="3378" HPOS="2009"/>
<String CONTENT="the" HEIGHT="42" WIDTH="85" VPOS="3378" HPOS="2041"/>
</TextLine>
<TextLine HEIGHT="50" WIDTH="831" VPOS="3427" HPOS="132">
<String CONTENT="purpose" HEIGHT="37" WIDTH="201" VPOS="3440" HPOS="132"/>
<SP HEIGHT="29" WIDTH="28" VPOS="3439" HPOS="334"/>
<String CONTENT="of" HEIGHT="40" WIDTH="52" VPOS="3428" HPOS="363"/>
<SP HEIGHT="41" WIDTH="26" VPOS="3428" HPOS="416"/>
<String CONTENT="this" HEIGHT="40" WIDTH="99" VPOS="3429" HPOS="443"/>
<SP HEIGHT="30" WIDTH="26" VPOS="3439" HPOS="543"/>
<String CONTENT="study.&#8221;&#8212;p." HEIGHT="50" WIDTH="293" VPOS="3427" HPOS="570"/>
<SP HEIGHT="39" WIDTH="28" VPOS="3430" HPOS="864"/>
<String CONTENT="10." HEIGHT="42" WIDTH="70" VPOS="3428" HPOS="893"/>
</TextLine>
<TextLine HEIGHT="51" WIDTH="1370" VPOS="3485" HPOS="202" CS="1">
<String CONTENT="Issued" HEIGHT="39" WIDTH="167" VPOS="3487" HPOS="202"/>
<SP HEIGHT="38" WIDTH="23" VPOS="3487" HPOS="370"/>
<String CONTENT="also" HEIGHT="39" WIDTH="102" VPOS="3486" HPOS="394"/>
<SP HEIGHT="29" WIDTH="23" VPOS="3496" HPOS="497"/>
<String CONTENT="as" HEIGHT="29" WIDTH="54" VPOS="3496" HPOS="521"/>
<SP HEIGHT="37" WIDTH="24" VPOS="3488" HPOS="576"/>
<String CONTENT="thesis" HEIGHT="40" WIDTH="151" VPOS="3485" HPOS="601"/>
<SP HEIGHT="48" WIDTH="27" VPOS="3486" HPOS="753"/>
<String CS="1" CONTENT="(PH." HEIGHT="48" WIDTH="106" VPOS="3486" HPOS="781"/>
<SP HEIGHT="30" WIDTH="23" VPOS="3496" HPOS="888"/>
<String CS="1" CONTENT="D.)" HEIGHT="47" WIDTH="35" VPOS="3486" HPOS="943"/>
<SP HEIGHT="47" WIDTH="30" VPOS="3486" HPOS="979"/>
<String CONTENT="Columbia" HEIGHT="41" WIDTH="250" VPOS="3486" HPOS="1010"/>
<SP HEIGHT="29" WIDTH="26" VPOS="3497" HPOS="1261"/>
<String CONTENT="university." HEIGHT="50" WIDTH="284" VPOS="3486" HPOS="1288"/>
</TextLine>
<TextLine HEIGHT="109" WIDTH="1970" VPOS="3539" HPOS="135" CS="1">
<String CONTENT="&#169;" HEIGHT="51" WIDTH="50" VPOS="3539" HPOS="135"/>
<SP HEIGHT="51" WIDTH="27" VPOS="3539" HPOS="186"/>
<String CONTENT="Nov." HEIGHT="38" WIDTH="115" VPOS="3544" HPOS="214"/>
<SP HEIGHT="36" WIDTH="29" VPOS="3545" HPOS="330"/>
<String CONTENT="14," HEIGHT="45" WIDTH="68" VPOS="3544" HPOS="360"/>
<SP HEIGHT="45" WIDTH="27" VPOS="3544" HPOS="429"/>
<String CONTENT="1932;" HEIGHT="47" WIDTH="140" VPOS="3543" HPOS="457"/>
<SP HEIGHT="47" WIDTH="28" VPOS="3543" HPOS="598"/>
<String CONTENT="2c." HEIGHT="40" WIDTH="67" VPOS="3543" HPOS="627"/>
<SP HEIGHT="42" WIDTH="27" VPOS="3541" HPOS="695"/>
<String CONTENT="Mar." HEIGHT="43" WIDTH="122" VPOS="3541" HPOS="723"/>
<SP HEIGHT="41" WIDTH="27" VPOS="3543" HPOS="846"/>
<String CONTENT="28," HEIGHT="48" WIDTH="69" VPOS="3543" HPOS="874"/>
<SP HEIGHT="45" WIDTH="27" VPOS="3546" HPOS="944"/>
<String CONTENT="1933;" HEIGHT="48" WIDTH="140" VPOS="3542" HPOS="972"/>
<SP HEIGHT="36" WIDTH="30" VPOS="3554" HPOS="1113"/>
<String CONTENT="aff." HEIGHT="40" WIDTH="81" VPOS="3543" HPOS="1144"/>
<SP HEIGHT="37" WIDTH="31" VPOS="3546" HPOS="1226"/>
<String CONTENT="Mar." HEIGHT="38" WIDTH="121" VPOS="3546" HPOS="1258"/>
<SP HEIGHT="39" WIDTH="27" VPOS="3546" HPOS="1380"/>
<String CONTENT="3;" HEIGHT="46" WIDTH="53" VPOS="3546" HPOS="1408"/>
<SP HEIGHT="47" WIDTH="28" VPOS="3545" HPOS="1462"/>
<!-- cceid 3F04CE64-6CF9-1014-A6CF-A82867D68027 --><String CONTENT="A" HEIGHT="39" WIDTH="41" VPOS="3545" HPOS="1491"/>
<SP HEIGHT="40" WIDTH="27" VPOS="3545" HPOS="1533"/>
<String CONTENT="61259;" HEIGHT="48" WIDTH="170" VPOS="3546" HPOS="1561"/>
<SP HEIGHT="46" WIDTH="30" VPOS="3548" HPOS="1732"/>
<String CONTENT="Teachers" HEIGHT="41" WIDTH="240" VPOS="3547" HPOS="1763"/>
<SP HEIGHT="30" WIDTH="28" VPOS="3559" HPOS="2004"/>
<String CONTENT="college," HEIGHT="98" WIDTH="1904" VPOS="3549" HPOS="201"/>
<SP HEIGHT="46" WIDTH="34" VPOS="3600" HPOS="317"/>
<String CONTENT="Columbia" HEIGHT="40" WIDTH="253" VPOS="3600" HPOS="352"/>
<SP HEIGHT="29" WIDTH="30" VPOS="3610" HPOS="606"/>
<String CONTENT="univ." HEIGHT="41" WIDTH="129" VPOS="3599" HPOS="637"/>
<SP HEIGHT="47" WIDTH="69" VPOS="3601" HPOS="767"/>
<String CONTENT="(33-8791)" HEIGHT="49" WIDTH="249" VPOS="3599" HPOS="837"/>
</TextLine>
<TextLine HEIGHT="68" WIDTH="777" VPOS="3670" HPOS="131" STYLEREFS="StyleId-7E1CE7B4-99E5-425C-AD82-658A2A8F5DD2-">
<String CONTENT="Leblanc," HEIGHT="67" WIDTH="265" VPOS="3670" HPOS="131"/>
<SP HEIGHT="63" WIDTH="29" VPOS="3674" HPOS="397"/>
<String CONTENT="Maurice," HEIGHT="66" WIDTH="279" VPOS="3672" HPOS="427"/>
<SP HEIGHT="58" WIDTH="30" VPOS="3680" HPOS="707"/>
<String CONTENT="1864-" HEIGHT="49" WIDTH="170" VPOS="3679" HPOS="738"/>
</TextLine>
<TextLine HEIGHT="76" WIDTH="1916" VPOS="3749" HPOS="204" STYLEREFS="StyleId-ECE1CF49-4B6A-41CF-AD05-1E35F450F5FD-" CS="1">
<String CONTENT="&#8230;" HEIGHT="9" WIDTH="55" VPOS="3794" HPOS="204"/>
<SP HEIGHT="52" WIDTH="42" VPOS="3751" HPOS="260"/>
<String LANG="de" CONTENT="De" HEIGHT="52" WIDTH="86" VPOS="3751" HPOS="303"/>
<SP HEIGHT="33" WIDTH="35" VPOS="3770" HPOS="390"/>
<String CONTENT="minuit" HEIGHT="56" WIDTH="209" VPOS="3749" HPOS="426"/>
<SP HEIGHT="47" WIDTH="37" VPOS="3758" HPOS="636"/>
<String CS="1" CONTENT="&#224;"/>
<SP HEIGHT="34" WIDTH="39" VPOS="3771" HPOS="705"/>
<String CONTENT="sept" HEIGHT="61" WIDTH="122" VPOS="3758" HPOS="745"/>
<SP HEIGHT="51" WIDTH="36" VPOS="3753" HPOS="868"/>
<String CONTENT="heures," HEIGHT="67" WIDTH="216" VPOS="3753" HPOS="905"/>
<SP HEIGHT="49" WIDTH="38" VPOS="3771" HPOS="1122"/>
<String CONTENT="par" HEIGHT="49" WIDTH="107" VPOS="3771" HPOS="1161"/>
<SP HEIGHT="52" WIDTH="35" VPOS="3754" HPOS="1269"/>
<String CONTENT="Maurice" HEIGHT="55" WIDTH="256" VPOS="3754" HPOS="1305"/>
<SP HEIGHT="51" WIDTH="35" VPOS="3756" HPOS="1562"/>
<String CONTENT="Leblanc." HEIGHT="55" WIDTH="263" VPOS="3754" HPOS="1598"/>
<SP HEIGHT="51" WIDTH="72" VPOS="3758" HPOS="1862"/>
<String CONTENT="Paris," HEIGHT="69" WIDTH="185" VPOS="3756" HPOS="1935"/>
</TextLine>
<TextLine HEIGHT="69" WIDTH="526" VPOS="3829" HPOS="133" STYLEREFS="StyleId-ECE1CF49-4B6A-41CF-AD05-1E35F450F5FD-" CS="1">
<String CONTENT="P." HEIGHT="53" WIDTH="60" VPOS="3829" HPOS="133"/>
<SP HEIGHT="52" WIDTH="28" VPOS="3830" HPOS="194"/>
<String CONTENT="Lafitte" HEIGHT="53" WIDTH="210" VPOS="3829" HPOS="223"/>
<SP HEIGHT="62" WIDTH="33" VPOS="3835" HPOS="434"/>
<String CS="1" CONTENT="[c1932]" HEIGHT="64" WIDTH="150" VPOS="3834" HPOS="509"/>
</TextLine>
<TextLine HEIGHT="48" WIDTH="1420" VPOS="3902" HPOS="200" CS="1">
<String CONTENT="220" HEIGHT="39" WIDTH="87" VPOS="3902" HPOS="200"/>
<SP HEIGHT="48" WIDTH="25" VPOS="3902" HPOS="288"/>
<String CONTENT="p.." HEIGHT="37" WIDTH="57" VPOS="3913" HPOS="314"/>
<SP HEIGHT="41" WIDTH="27" VPOS="3902" HPOS="372"/>
<String CONTENT="2" HEIGHT="38" WIDTH="26" VPOS="3902" HPOS="400"/>
<SP HEIGHT="39" WIDTH="27" VPOS="3902" HPOS="427"/>
<String CS="1" CONTENT="l." HEIGHT="8" WIDTH="8" VPOS="3934" HPOS="477"/>
<SP/>
<String CONTENT="19" HEIGHT="39" WIDTH="54" VPOS="3903" HPOS="548"/>
<String STYLE="superscript" CONTENT="cm" HEIGHT="21" WIDTH="45" VPOS="3905" HPOS="605"/>
<String CONTENT="." HEIGHT="9" WIDTH="8" VPOS="3935" HPOS="654"/>
<SP/>
<String CONTENT="(His" HEIGHT="44" WIDTH="114" VPOS="3904" HPOS="734"/>
<SP HEIGHT="39" WIDTH="27" VPOS="3904" HPOS="849"/>
<String CONTENT="Aventures" HEIGHT="40" WIDTH="271" VPOS="3904" HPOS="877"/>
<SP HEIGHT="29" WIDTH="29" VPOS="3915" HPOS="1149"/>
<String CONTENT="extraordinaires)" HEIGHT="45" WIDTH="441" VPOS="3905" HPOS="1179"/>
</TextLine>
<TextLine HEIGHT="56" WIDTH="1873" VPOS="3955" HPOS="135" CS="1">
<String CONTENT="&#169;" HEIGHT="51" WIDTH="50" VPOS="3955" HPOS="135"/>
<SP HEIGHT="51" WIDTH="30" VPOS="3955" HPOS="186"/>
<String CONTENT="July" HEIGHT="47" WIDTH="116" VPOS="3960" HPOS="217"/>
<SP HEIGHT="47" WIDTH="28" VPOS="3960" HPOS="334"/>
<String CONTENT="6," HEIGHT="46" WIDTH="38" VPOS="3960" HPOS="363"/>
<SP HEIGHT="44" WIDTH="29" VPOS="3962" HPOS="402"/>
<String CONTENT="1932;" HEIGHT="48" WIDTH="141" VPOS="3959" HPOS="432"/>
<SP HEIGHT="44" WIDTH="30" VPOS="3963" HPOS="574"/>
<String CS="1" CONTENT="1c." HEIGHT="8" WIDTH="6" VPOS="3994" HPOS="664"/>
<SP HEIGHT="39" WIDTH="30" VPOS="3963" HPOS="671"/>
<String CONTENT="Nov." HEIGHT="40" WIDTH="117" VPOS="3963" HPOS="702"/>
<SP HEIGHT="42" WIDTH="29" VPOS="3961" HPOS="820"/>
<String CONTENT="9;" HEIGHT="47" WIDTH="53" VPOS="3961" HPOS="850"/>
<SP HEIGHT="45" WIDTH="32" VPOS="3963" HPOS="904"/>
<!-- cceid 3F057381-6CF9-1014-A6CF-A82867D68027 --><String CONTENT="A-Foreign" HEIGHT="48" WIDTH="308" VPOS="3963" HPOS="937"/>
<SP HEIGHT="37" WIDTH="30" VPOS="3965" HPOS="1246"/>
<String CONTENT="18508;" HEIGHT="48" WIDTH="169" VPOS="3963" HPOS="1277"/>
<SP HEIGHT="47" WIDTH="33" VPOS="3964" HPOS="1447"/>
<String CONTENT="Librairie" HEIGHT="41" WIDTH="240" VPOS="3963" HPOS="1481"/>
<SP HEIGHT="39" WIDTH="30" VPOS="3965" HPOS="1722"/>
<String CONTENT="Hachette." HEIGHT="42" WIDTH="255" VPOS="3964" HPOS="1753"/>
</TextLine>
<TextLine HEIGHT="51" WIDTH="249" VPOS="4015" HPOS="211" CS="1">
<String CONTENT="(33-8926)" HEIGHT="51" WIDTH="249" VPOS="4015" HPOS="211"/>
<SP/>
</TextLine>
</TextBlock>
</PrintSpace>
</Page>
</Layout>
</alto>