2582 4453
1234 4138 105 50 430

331 531 28 40 2
385 542 43 38 p.
478 562 22 16 l.,
528 530 99 48 859,
661 531 53 51 [1]
744 540 43 39 p.
845 530 144 48 illus.,
1020 531 171 42 tables,
1221 530 181 49 cliagrs.
1460 531 117 40 26cm.

263 584 2019 53 © Dec. 21, 1932; 1c . Mar. 30, 1933; A-Foreign 20422; Julius Springer.
257 676 221 67 Evans,
509 678 156 55 John
698 679 227 64 Henry,
994 682 136 51 1872-

328 756 221 69 Joseph
577 756 212 67 Smith,
817 775 73 35 an
914 757 312 53 American
1251 757 269 68 prophet,
1544 756 77 68 by
1648 756 159 55 John
1834 756 204 68 Henry
2065 757 215 52 Evans.

258 833 141 55 New
428 834 180 69 York,
637 835 121 54 The
785 835 340 54 Macmillan
1155 853 300 51 company,
1485 838 154 50 1933.

335 908 52 39 xi
419 917 58 38 p.,
512 907 26 40 2
592 940 23 15 l.,
647 906 148 43 3-447
827 919 45 38 p.
932 908 167 49 front.,
1132 910 174 49 plates,
1340 912 167 46 ports.,
1541 908 193 41 facsim.
1793 908 119 41 24cm.

340 964 376 51 Bibliography:
747 978 44 38 p.
821 965 222 43 435-437.

266 1020 52 53 ©
349 1026 122 40 Mar.
499 1025 71 47 28,
599 1024 115 41 1933;
772 1024 67 41 2c.
870 1026 97 39 and
995 1024 82 41 aff.
1108 1026 124 39 Mar.
1261 1023 60 41 29;
1376 1024 41 39 A
1445 1024 141 40 61131;
1652 1023 283 42 Macmillan
1965 1034 69 31 co.

344 1082 254 50 (33-8271)

259 1172 231 66 Ewing,
519 1173 158 55 John
705 1173 299 57 Bertwell.

332 1250 1766 71 Job insurance [by] John Bertwell Ewing. Norman,
262 1249 1996 150 University
508 1331 65 54 of
601 1330 327 56 Oklahoma
955 1350 178 50 press,
1163 1335 153 50 1933.

336 1404 101 49 263,
475 1405 55 50 [1]
564 1417 45 38 p.
669 1404 148 43 23½cm.

339 1460 451 51 “Bibliographical
817 1461 168 43 notes”:
1045 1473 45 38 p.
1119 1460 219 43 255-258.

269 1516 52 53 ©
357 1523 127 38 Mar.
517 1521 69 46 16,
624 1520 114 41 1933;
803 1520 67 41 2c.
908 1522 96 39 and
1041 1520 83 41 aff.
1162 1522 124 40 Mar.
1322 1519 83 48 25;
1444 1521 43 38 A
1520 1519 172 49 60797;
1732 1519 286 49 University
2056 1521 52 39 of
338 1519 1931 100 Oklahoma
508 1589 150 38 press.
730 1578 254 48 (33-8080)

263 1668 268 66 Ferrero,
563 1668 350 67 Guglielmo,
980 1669 138 56 1871-

399 1746 1887 70 … Sudore e sangue; romanzo. [Milano] A. Mondadori, 1930.
340 1819 1543 51 3 p. l ., [9]-385 p., 1 l. 19cm. (His Gli Ultimi barbari)
341 1877 103 43 The
475 1879 136 40 third
645 1880 192 40 volume
868 1879 52 41 of
951 1890 29 29 a
1015 1880 259 47 tetralogy,
1309 1879 51 41 of
1391 1879 162 40 which
1585 1879 94 41 “Le
1713 1879 94 41 due
1838 1878 190 42 verità”
2060 1879 97 40 and
2192 1878 98 42 “La

273 1934 178 43 rivolta
482 1937 77 40 del
588 1935 177 50 figlio”,
794 1937 158 41 under
979 1938 83 40 the
1092 1936 252 42 collective
1372 1936 125 48 title,
1529 1936 99 41 “La
1656 1940 135 37 terza
1820 1936 200 48 Roma”,
2049 1937 130 40 form
2208 1937 83 41 the

271 1994 108 42 first
408 1997 129 47 part.

273 2049 52 54 ©
359 2055 115 48 May
505 2053 70 49 30,
608 2052 115 42 1930;
815 2061 38 33 1c.
887 2053 112 40 Feb.
1032 2052 39 48 8,
1104 2051 115 42 1933;
1282 2051 314 49 A-Foreign
1629 2050 149 43 19630;
1840 2052 125 41 Casa
2029 2050 175 43 editrice
2237 2053 55 40 A.

342 2111 303 41 Mondadori.
718 2110 254 49 (33-8830)

266 2201 174 66 Ford,
472 2201 306 55 Jeremiah
812 2201 185 55 Denis
1029 2200 315 68 Matthias,
1415 2202 139 54 1873-
1768 2202 87 55 ed.

338 2279 225 54 Letters
588 2280 64 54 of
673 2280 97 54 the
795 2287 164 47 court
981 2280 65 55 of
1068 2281 159 54 John
1328 2323 12 26 III,
1361 2280 143 69 king
1528 2280 64 54 of
1617 2281 285 67 Portugal;
1959 2280 98 53 the
269 2280 1996 147 Portuguese
472 2363 142 63 text,

648 2358 1579 68 edited with an introduction by J. D. M. Ford …
272 2436 2020 70 and L. G. Moffatt … Cambridge, Mass., Harvard university
271 2535 176 49 press,
477 2520 154 50 1933.

345 2589 101 48 xix,
475 2590 86 40 169
589 2601 44 38 p.
694 2589 147 41 24½cm.

349 2648 68 37 “A
455 2646 289 50 companion
780 2646 191 42 volume
1007 2650 49 37 to
1093 2658 91 29 our
1222 2647 191 41 Letters
1451 2647 53 41 of
1539 2646 131 42 John
1771 2678 10 15 III,
1816 2647 117 50 king
1970 2647 52 41 of
2060 2647 236 50 Portugal

279 2703 1999 100 (Harvard university press … 1931). Like that work it contains material found
593 2762 50 39 in
673 2763 83 40 the
787 2762 147 40 noted
967 2760 154 42 Palha
1155 2762 269 46 collection,
1458 2762 160 40 which
1650 2762 43 41 is
1726 2772 108 31 now
1866 2763 50 39 in
1948 2764 82 39 the
2062 2763 232 41 Harvard

277 2818 2019 52 college library … This [Volume] comprises one letter by … [the] king
278 2877 97 39 and
403 2887 89 30 one
520 2877 223 40 hundred
772 2877 97 40 and
898 2879 201 57 seventy
1129 2876 138 42 three
1297 2876 61 50 by
1386 2877 197 41 exalted
1609 2887 295 41 personages
1934 2877 53 42 of
2015 2878 78 41 his
2119 2878 177 50 family

279 2932 2018 54 and court … [the] letters ranging in date from 1524 to 1562 … The
279 2994 140 48 great
443 2993 238 48 majority
709 2993 53 41 of
789 2994 136 40 these
954 2992 437 41 communications
1420 3003 127 31 were
1576 2995 108 39 sent
1713 2996 49 37 to
1790 2993 213 42 Antonio
2032 2995 59 41 de
2119 2994 177 42 Ataide

330 3049 1456 44 … conde da Castanheira. John’s chancellor.”—Introd.
282 3106 51 52 ©
364 3111 123 39 Mar.
515 3110 68 41 16.
613 3108 141 47 1933;
785 3109 66 40 2c.
883 3109 123 40 Mar.
1034 3108 82 46 20;
1148 3107 83 42 aff.
1262 3108 122 39 Mar.
1413 3108 83 45 21;
1527 3108 41 38 A
1597 3107 172 48 60736;
1802 3108 256 41 President
2088 3110 97 39 and
349 3109 1933 98 fellows
498 3167 51 38 of
578 3168 232 38 Harvard
841 3160 193 54 collegè,
1067 3165 304 47 Cambridge,
1404 3166 147 39 Mass.
1624 3165 251 48 (33-8090)

275 3256 123 54 The
426 3255 390 68 Fortnightly
841 3259 223 51 review,
1140 3275 89 34 no.
1257 3256 121 69 797,
1402 3275 54 34 n.
1482 3275 62 49 s.,
1568 3259 158 66 May,
1754 3260 152 50 1933.

283 3328 51 52 ©
395 3344 37 29 1c.
466 3334 113 46 May
611 3333 39 46 8,
682 3332 141 47 1933;
858 3334 39 37 A
929 3334 62 38 ad
1020 3332 87 41 int.
1141 3332 169 41 17776;
1346 3332 144 47 pubd.
1524 3333 114 46 May
1715 3343 8 30 1;
1758 3330 314 49 Fortnightly
2106 3331 192 40 review,

372 3391 81 47 ltd.,
483 3391 216 39 London.

279 3477 264 65 Frateili,
573 3476 283 66 Arnaldo,
889 3482 172 50 1888-

414 3554 1824 69 … Capogiro; romanzo. 2. ed. Milano, Y. Bompiani, 1932.
354 3627 101 49 287,
488 3647 55 31 [1]
574 3640 44 38 p.
708 3628 88 42 19cm.

286 3682 51 52 ©
373 3687 111 40 Dec.
518 3688 38 45 1,
591 3685 141 47 1932;
797 3697 37 29 1c.
868 3687 110 39 Jan.
1013 3686 68 47 12,
1115 3685 142 47 1933;
1292 3685 313 48 A-Foreign
1637 3684 172 48 19405;
1848 3685 103 42 Soc.
1985 3695 75 30 an.
2096 3683 204 43 éditrice

354 3743 260 42 Valentino
644 3743 258 49 Bompiani
932 3744 37 41 &
995 3754 37 30 c.
1104 3743 253 49 (33-8833)

281 3818 234 67 Fulton,
546 3819 264 55 Maurice
843 3820 279 66 Garland,
1189 3817 139 57 1877-
1541 3836 181 51 comp.

356 3898 260 69 Writing
653 3898 471 69 craftsmanship,
1164 3899 216 53 models
1419 3899 112 54 and
1571 3898 288 67 readings,
1898 3897 285 68 compiled
2222 3898 76 67 by

286 3974 1987 148 Maurice Garland Fulton … Rev. ed. New York, The Macmillan company, 1933.
