2582 4453
1351 4136 135 50 1450

400 448 283 63 Brittain,
717 447 157 55 Vera
904 448 194 63 Mary.

471 525 329 61 Testament
829 524 64 52 of
921 524 209 69 youth;
1164 543 70 34 an
1267 524 537 71 autobiographical
1834 526 173 69 study
2037 525 64 52 of
2130 525 97 52 the
2254 541 163 52 years

407 606 324 65 1900-1925,
762 602 76 70 by
868 603 152 53 Vera
1053 602 275 55 Brittain.
1394 604 259 68 London,
1685 605 70 53 V.
1787 602 293 71 Gollancz,
2111 604 123 68 ltd.,
2267 606 150 51 1933.

473 674 899 52 661 p., 1 l. illus. (music) 20 cm .
474 735 183 41 Music:
691 746 43 38 p.
769 734 208 51 [78]-[80]

404 785 2016 60 © 1c. Sept. 13, 1983; A ad int. 18172; pubd. Aug. 28; Yera Brittain,
476 851 214 40 London.
761 850 284 49 (33-30135)

400 942 266 64 Broster,
700 942 273 65 Dorothy
1007 941 316 57 Kathleen.

475 1018 274 59 Almond,
802 1018 137 53 wild
994 1019 250 68 almond,
1296 1017 76 71 by
1423 1018 72 53 D.
1548 1019 75 52 K.
1678 1018 251 55 Broster.
2018 1018 260 68 London,
2328 1017 92 55 W.

402 1095 383 71 Heinemann,
816 1098 105 53 ltd.
958 1101 173 64 [1933]

474 1171 630 53 5 p. l., 357, [1] p. 19 cm .
477 1232 140 48 Maps
645 1242 61 30 on
735 1229 365 52 lining-papers.

409 1280 2015 59 © 1c. Sept. 22, 1933; A ad int. 18205; pubd. July 24; D. K. Broster,
474 1346 214 41 London.
759 1345 283 48 (33-29806)

407 1430 383 66 Callaghan’s
817 1435 250 53 Indiana
1098 1434 206 71 digest,
1332 1437 278 67 complete
1639 1436 154 52 from
1825 1440 27 49 1
1882 1436 322 53 Blackford
2233 1442 59 46 to
2319 1436 103 52 202

478 1513 251 54 Indiana
760 1514 112 53 and
904 1514 155 52 from
1091 1519 24 47 1
1146 1520 58 48 to
1235 1517 66 51 92
1331 1515 251 54 Indiana
1611 1515 331 69 Appellate,
1973 1515 118 53 also
2120 1512 304 71 including

478 1593 251 53 Indiana
762 1594 111 53 law
904 1593 205 69 passed
1141 1610 156 52 upon
1328 1594 76 68 by
1434 1595 98 52 the
1565 1593 222 55 federal
1818 1598 189 51 courts
2042 1593 113 53 and
2187 1593 94 53 the
478 1591 1920 148 Supreme
711 1678 162 49 court

913 1670 1448 71 of the United States, by Jesse C. Weaver …
476 1769 52 36 v.
582 1754 79 50 13.
752 1750 750 72 [Receivers-Subrogation]
1612 1752 273 70 Chicago,
1936 1751 323 70 Callaghan
2311 1751 112 53 and

478 1846 300 55 company,
810 1835 152 51 1933.

477 1903 539 52 1 p. l., 589 p. 26 cm .
410 1956 52 52 ©
491 1961 102 42 Oct.
620 1963 70 47 31,
718 1962 115 42 1933;
890 1963 68 40 2c.
986 1964 96 39 and
1109 1962 84 41 aff.
1220 1962 120 41 Nov.
1366 1962 55 46 4;
1450 1962 42 39 A
1519 1961 172 48 65943;
1723 1962 272 49 Callaghan
2022 1963 37 40 &
2088 1973 66 29 co.

409 2051 153 67 Cole,
591 2052 228 66 George
850 2052 264 66 Douglas
1145 2052 276 66 Howard,
1456 2054 171 51 1889-

407 2122 1994 156 … The intelligent man’s review of Europe to-day. London, V. Gollancz, ltd., 1933.
482 2282 87 42 864
592 2295 43 38 p.
662 2283 111 42 incl.
799 2283 144 49 illus.,
969 2283 171 47 tables,
1165 2282 181 50 diagrs.
1402 2282 174 40 double
1602 2290 126 39 map.
1783 2277 55 43 19
1841 2279 43 23 cm
1890 2310 8 8 .

483 2333 1470 56 At head of title: G. D. H. Cole … and Margaret Cole.
484 2397 378 52 Bibliography:
898 2410 44 37 p.
992 2396 235 51 [835]-842.

412 2446 2020 61 © 1c. Sept. 15, 1933; A ad int. 18234: pubd. Sept. 11; G. D. H. Cole and
481 2516 252 47 Margaret
768 2513 127 48 Cole,
932 2514 214 39 London.
1221 2511 283 49 (33-29936)

410 2605 177 65 Cook,
619 2605 145 55 Glen
798 2604 266 56 Charles.

485 2680 325 54 Handbook
871 2698 72 35 on
1004 2678 269 68 teaching
1333 2676 323 55 vocational
1717 2673 367 71 agriculture,
2145 2671 75 69 by
2282 2668 145 57 Glen

414 2750 1761 76 Charles Cook … edited by L. L. Scranton … 1st ed.
411 2748 1991 157 [Danville,
593 2837 112 66 Ill.,
734 2836 307 56 Interstate
1057 2833 282 72 printing
1367 2852 77 35 co.]
1502 2836 150 50 1933.

484 2907 1396 57 406, [4] p. incl. illus., plates, forms. front. 23½ cm .
485 2968 351 45 “References”
868 2974 52 37 at
948 2970 93 39 end
1071 2968 52 41 of
1148 2969 122 40 each
1300 2968 230 48 chapter;
1564 2967 70 39 “A
1662 2964 184 50 partial
1876 2965 85 40 list
1990 2963 53 41 of
2074 2965 105 39 text
2210 2963 96 39 and
412 2959 2002 110 reference

612 3027 209 43 books”:
853 3039 43 37 p.
926 3026 234 48 365-368;
1195 3024 367 51 “Agricultural
1593 3020 336 51 magazines”:
1964 3032 43 38 p.
2038 3018 221 44 368-369.

414 3082 52 52 ©
498 3086 126 48 Sept.
652 3084 70 48 20,
751 3084 142 47 1933;
921 3084 67 40 2c.
1017 3085 96 39 and
1141 3083 83 40 aff.
1253 3082 103 43 Oct,
1383 3083 54 46 6;
1467 3083 42 38 A
1535 3081 172 41 66488;
1739 3080 271 41 Interstate
2037 3077 218 49 printing
2284 3087 67 31 co.

492 3141 282 50 (33-30095)

412 3234 205 64 Cruso,
648 3232 294 57 Solomon.

480 3311 121 53 The
629 3311 111 53 last
765 3309 66 53 of
856 3310 95 53 the
978 3309 147 69 Japs
1153 3309 112 53 and
1293 3309 94 53 the
1414 3307 172 66 Jews,
1612 3306 77 68 by
1718 3302 272 58 Solomon
2017 3301 198 57 Cruso.
2290 3298 138 54 New

411 3387 1127 71 York, H. W. Lefkowitz, inc. [ c 1933]
481 3463 99 48 333,
616 3464 54 50 [1]
707 3473 42 40 p.
811 3462 56 41 19½
899 3465 45 22 cm
949 3493 9 10 .

414 3517 52 53 ©
498 3523 104 41 Oct.
635 3522 68 47 16,
736 3521 141 47 1933;
911 3521 68 40 2c.
1010 3521 97 39 and
1138 3519 83 41 aff.
1255 3519 103 43 Oct.
1391 3519 83 41 18:
1509 3517 42 40 A
1582 3516 171 47 66680;
1791 3516 218 40 Herman
2042 3514 70 39 W.
2148 3509 283 48 Lefkowitz,

479 3579 92 41 inc.
644 3578 284 49 (33-30141)

412 3668 202 66 Davis,
647 3668 200 55 Elmer
879 3667 261 67 Holmes,
1174 3669 173 53 1890-

482 3748 151 52 Bare
664 3744 204 72 living,
899 3745 76 71 by
1009 3745 197 55 Elmer
1238 3744 181 56 Davis
1456 3743 116 54 and
1606 3740 135 71 Guy
1774 3739 162 54 Holt.
2012 3735 418 71 Indianapolis,

411 3826 121 53 The
563 3824 447 56 Bobbs-Merrill
1044 3843 283 51 company
1363 3857 12 34 [
1381 3829 18 22 c
1405 3826 154 64 1933]

480 3898 597 50 3 p. l., 9-313 p. 20 cm .
482 3957 163 42 “First
675 3956 228 43 edition.”

414 4012 52 52 ©
501 4015 102 42 Oct.
637 4017 67 46 11,
740 4014 141 49 1933;
918 4016 67 40 2c.
1018 4016 96 39 and
1148 4015 81 40 aff.
1266 4013 103 44 Oct.
1403 4014 85 38 18:
1526 4012 42 40 A
1602 4010 171 42 66678:
1810 4009 163 40 Elmer
2008 4005 153 42 Davis
2196 4005 97 41 and
2328 4003 107 48 Guy

483 4074 131 48 Holt,
650 4072 119 41 New
800 4073 144 40 York.
1017 4071 283 50 (33-30146)
