2582 4453
1299 4202 139 53 1034

352 513 317 68 Morrison,
700 517 229 65 George
958 518 280 63 Herbert,
1269 523 329 51 1866-1928.

426 594 124 54 The
584 594 192 70 gentle
814 600 91 49 art
942 594 66 53 of
1043 594 241 71 making
1320 597 219 69 happy,
1576 597 78 69 by
1690 595 225 72 George
1953 597 78 53 H.
2070 598 307 56 Morrison.

356 673 141 54 New
533 673 166 54 York
757 678 121 63 [etc.]
920 674 270 69 Fleming
1225 674 78 54 H.
1342 675 200 53 Revell
1577 693 284 52 company
1903 678 193 67 [c1933]

423 762 56 40 59
507 772 45 38 p.
612 761 118 42 17cm.

359 830 51 53 ©
447 835 117 48 July
599 837 39 45 1,
675 834 141 48 1933;
855 835 68 40 2c.
959 836 97 39 and
1093 834 82 41 aff.
1213 835 117 48 July
1365 836 53 47 8;
1457 835 42 40 A
1535 835 145 41 63506;
1746 836 225 49 Fleming
2005 838 61 39 H.
2104 838 168 39 Revell
2310 846 67 31 co.

448 888 56 53 [©
529 893 261 49 foreword]
865 892 284 49 (33-18903)

352 995 286 66 Moulton,
667 997 225 54 Harold
922 997 206 64 Glenn,
1158 1001 173 50 1883-

428 1090 426 52 International
890 1088 287 54 economic
1211 1107 286 50 recovery,
1530 1090 75 67 by
1639 1090 77 53 H.
1753 1089 68 56 G.
1857 1090 282 53 Moulton.
358 1088 2000 147 [Minneapolis]
674 1168 123 52 The
830 1167 342 68 University
1205 1167 67 54 of
1302 1168 329 53 Minnesota
1666 1187 158 49 press
1886 1172 152 65 [1933]

434 1256 58 40 25
522 1267 42 38 p.
623 1256 118 40 23cm.
813 1255 303 50 (Half-title:
1147 1256 102 40 The
1282 1256 109 48 Day
1425 1257 96 39 and
1553 1257 125 39 hour
1711 1256 152 41 series
1897 1257 52 40 of
1980 1257 85 40 the
2098 1256 285 52 University

357 1314 52 41 of
438 1314 292 48 Minnesota,
761 1325 74 29 no.
865 1312 53 49 4)

360 1381 52 52 ©
439 1386 115 48 Apr.
581 1384 69 47 18,
678 1385 113 40 1933;
849 1385 66 39 2c.
944 1385 116 47 May
1085 1386 53 45 1;
1168 1383 83 44 aff.
1279 1384 114 48 Apr.
1420 1384 83 48 28;
1533 1385 41 39 A
1601 1384 171 48 61602;
1805 1384 285 50 University
2116 1386 54 39 of
428 1384 1935 107 Minnesota,
586 1442 341 49 Minneapolis.
999 1442 284 50 (33-18651)

352 1546 260 56 Munich.
690 1547 366 55 Technische
1102 1547 377 55 hochschule.
1556 1548 458 67 Hydraulisches
2080 1549 210 52 institut
2297 1591 9 10 .

423 1625 415 71 Mitteilungen
883 1627 97 53 des
1024 1626 470 67 Hydraulischen
1541 1626 260 54 instituts
1845 1627 100 53 der
1989 1627 390 53 Technischen

353 1706 344 54 hochschule
742 1706 307 53 München.
1133 1706 485 70 Herausgegeben
1663 1725 132 35 vom
1837 1705 542 54 institutsvorstand

355 1786 2023 70 D. Thoma … hft. 6 … München und Berlin, R. Oldenbourg,
357 1869 153 52 1933.

433 1953 1155 50 2 p. l., 60 p. front., illus., diagrs. 28 ½ cm.
364 2022 1820 52 © Feb. 23, 1933; 1c. May 11; A -Foreign 20955; R. Oldenbourg.
355 2145 263 67 Nichols,
648 2145 319 56 Frederick
997 2147 249 65 George,
1278 2147 172 56 1878-

536 2222 1846 73 … Commercial education in the high school, by Frederick
358 2303 2024 73 G. Nichols … New York and London, D. Appleton-Century
358 2402 300 51 company,
690 2384 406 67 incorporated
1135 2385 194 66 [c1933]

429 2460 100 47 xxi,
570 2460 86 39 514
695 2469 42 38 p.
800 2457 181 49 diagrs.
1042 2459 118 40 21cm.
1231 2458 125 45 (The
1396 2457 217 48 Century
1652 2458 277 40 vocational
1968 2457 175 47 series)

364 2528 51 53 ©
448 2533 118 47 July
595 2532 40 47 3,
667 2531 141 46 1933;
840 2531 69 40 2c.
940 2531 97 39 and
1068 2529 84 41 aff.
1183 2530 118 48 July
1332 2529 52 47 8;
1417 2529 42 40 A
1490 2529 172 48 63513;
1696 2531 59 40 D.
1786 2530 481 48 Appleton-Century
2298 2540 83 36 co.,

433 2590 92 40 inc.
598 2588 284 51 (33-18919)

357 2694 225 64 Ogden,
612 2694 204 54 James
849 2693 255 64 Gordon,
1138 2697 171 50 1865-
1525 2692 85 56 ed.

432 2770 1947 71 Popular science, edited by J. Gordon Ogden … New York,
361 2852 121 53 The
512 2850 342 70 University
883 2851 230 68 society,
1144 2850 404 68 incorporated
1599 2854 179 65 [c1933]

431 2927 98 49 xiv,
552 2927 56 40 348
662 2938 42 37 p.
766 2927 86 40 col.
876 2926 165 48 front.,
1066 2925 130 41 illus.
1225 2925 134 48 (incl.
1385 2924 176 49 ports.)
1594 2925 158 49 plates
1781 2924 50 48 (2
1856 2924 173 40 double
2053 2923 113 48 col.)
2199 2923 180 49 diagrs.

364 2985 113 40 19cm.
549 2983 326 49 (Leadership
909 2983 166 41 series.
1139 3002 57 31 [v.
1231 2981 70 52 7])

367 3053 52 52 ©
447 3058 116 47 May
587 3057 70 47 22,
684 3057 114 40 1933;
855 3057 68 41 2c.
952 3056 127 40 June
1107 3056 52 48 6;
1190 3055 82 41 aff.
1301 3056 128 40 June
1456 3056 82 46 17;
1568 3055 41 39 A
1637 3055 171 47 64020;
1840 3053 284 50 University
2153 3063 107 38 soc.,
2290 3054 91 40 inc.

449 3115 283 48 (33-18807)

360 3219 387 65 Oppenheim,
780 3220 256 52 Edward
1065 3218 266 65 Phillips.

431 3298 121 53 The
578 3298 181 53 battle
786 3297 64 55 of
876 3299 97 53 the
998 3299 191 54 suites.

440 3384 86 50 (In
555 3382 265 44 Pearson’s
854 3383 278 52 magazine,
1165 3382 135 52 July,
1335 3381 145 51 1933)

369 3452 2011 54 © 1c. Aug. 23, 1933; A ad int. 18131; pubd. July 1; E. P. Oppenheim,
440 3515 261 47 Reepham,
737 3514 223 48 Norfolk,
997 3514 237 48 England.

361 3614 253 69 Palmer,
642 3619 160 52 Leon
831 3617 223 67 Carlos,
1085 3623 172 50 1883-

436 3695 195 53 Youth
661 3696 113 52 and
797 3696 96 53 the
920 3696 242 68 church;
1191 3716 31 33 a
1245 3696 232 52 manual
1504 3695 94 54 for
1621 3695 219 53 leaders
1868 3693 63 54 of
1955 3712 194 50 young
2174 3693 202 69 people

365 3772 1986 148 in the home, the church, and the community, by Leon C. Palmer … Milwaukee, Wis., Morehouse publishing co., 1933.
439 3936 624 52 3 p. l., 217, [1] p. 19cm.
444 4007 349 49 Bibliography
818 4011 52 38 at
897 4010 92 40 end
1018 4009 52 40 of
1094 4010 126 39 most
1248 4009 52 40 of
1327 4009 81 40 the
1436 4009 242 48 chapters.

371 4076 51 53 ©
453 4081 129 39 June
606 4081 69 45 26,
705 4081 113 40 1933;
877 4081 67 40 2c.
973 4080 130 40 June
1127 4079 83 47 30;
1241 4079 83 41 aff.
1355 4079 115 48 July
1499 4079 52 47 8;
1582 4079 41 39 A
1653 4078 170 48 63557;
1857 4079 287 40 Morehouse
2173 4076 110 49 pub.
2311 4085 69 33 co.

450 4137 282 50 (33-18646)
