2582 4453
1323 4130 135 49 1696

453 495 56 39 17
544 506 43 37 p.
650 493 56 40 22
710 496 44 21 cm
759 526 9 8 .

385 548 54 53 ©
464 554 118 38 Nov.
609 552 70 41 23.
706 551 113 42 1933;
877 552 67 40 2c.
972 554 95 38 and
1095 551 81 41 aff.
1203 553 117 38 Nov.
1346 552 57 39 24;
1458 553 41 38 A
1526 551 144 42 68297;
1730 553 51 40 F.
1809 553 45 40 S.
1883 553 159 47 Tyler,
2075 552 334 50 Washington.

464 608 283 49 (33-36200)

387 713 71 55 U.
498 715 58 54 S.
628 716 193 52 Naval
859 716 293 66 academy,
1189 715 344 68 Annapolis.
1610 717 159 66 Dept.
1826 717 64 67 of
1928 716 288 54 electrical
457 717 1928 144 engineering
723 795 116 52 and
867 795 248 67 physics.

454 871 243 70 Physics
728 871 253 68 manual,
1014 872 72 53 U.
1122 870 57 57 S.
1212 871 190 54 Naval
1434 872 290 70 academy,
1758 872 385 68 Department
2175 872 66 55 of
383 872 2003 131 electrical
607 950 390 70 engineering,
1067 951 285 69 prepared
1411 949 95 54 for
1560 951 95 53 the
1710 951 385 68 Department
2152 951 65 55 of
383 951 2004 131 electrical
582 1030 390 69 engineering,
1001 1030 73 54 U.
1107 1028 57 57 S.
1194 1030 189 52 Naval
1413 1030 290 69 academy,
1733 1028 95 55 for
1857 1048 96 35 use
1984 1030 61 53 in
2075 1029 334 55 connection

384 1107 141 55 with
557 1110 96 52 the
685 1107 330 71 prescribed
1045 1108 274 54 textbook
1349 1108 62 53 in
1443 1109 249 69 physics.
1765 1111 136 50 1933
1934 1109 87 54 ed.
2096 1109 314 68 [Menasha,

383 1185 161 72 Wis.,
578 1188 245 53 Printed
853 1188 75 70 by
963 1186 223 72 George
1221 1188 191 52 Banta
1447 1186 341 72 publishing
1821 1206 301 53 company,
2158 1194 17 21 c
2181 1191 134 51 1933]

453 1262 988 50 4 p. l., 346 p. illus., diagrs. 22½ cm .
456 1319 298 50 Supersedes
786 1321 65 40 its
882 1320 204 47 Physics
1116 1320 266 48 pamphlet.

454 1376 229 43 Lettered
721 1389 59 29 on
816 1388 167 30 cover:
1025 1377 203 47 Physics
1266 1376 215 47 manual,
1520 1376 80 40 for
1637 1378 83 40 the
1757 1376 297 42 instruction
2092 1377 55 41 of
384 1377 2009 100 midshipmen.

384 1490 52 52 ©
468 1495 120 46 Aug.
619 1495 70 40 31.
724 1493 113 42 1933;
899 1495 67 40 2c.
999 1495 119 39 Nov.
1150 1494 54 40 13;
1267 1494 81 40 aff.
1379 1494 118 39 Nov.
1530 1494 57 40 27;
1647 1495 40 38 A
1719 1494 148 41 67358:
1928 1495 55 40 U.
2019 1495 43 41 S.
2094 1497 148 38 naval
453 1495 1939 98 institute.
638 1548 68 55 [©
735 1555 198 45 general
964 1551 227 50 revision]
1266 1550 283 48 (33-36362)

385 1658 209 64 Viney,
624 1657 181 57 René.

383 1735 1997 149 … Sylvette et la méchante aux yeux doux. Paris, La Renaissance du livre [ c 1933]
453 1874 1956 75 2 p. l., [7]-222, [2] p. 17 ½cm. ( On cover: Bibliothèque d’Ève; romans
387 1954 205 47 choisis)

382 2009 54 52 ©
468 2014 127 39 June
625 2013 68 41 15.
727 2012 142 41 1933:
962 2045 8 8 1c.
1003 2012 103 41 Oct.
1139 2012 84 40 24:
1258 2013 103 38 A-
1363 2010 208 49 Foreign
1603 2010 174 42 22506:
1811 2010 333 42 Renaissance
2175 2013 63 39 du
2273 2011 135 41 livre.

461 2069 285 52 (33-36408)

384 2175 250 67 Vindry,
663 2176 167 58 Noël.

513 2253 1619 70 … Le piège aux diamants. Paris, Gallimard [1933]
457 2328 784 51 2 p. l., [7]-220 p., 1 l. 18 ½ cm .
381 2382 53 53 ©
472 2388 123 39 June
625 2387 71 40 21.
729 2386 142 45 1933:
964 2419 8 7 1c.
1009 2387 129 48 Sept.
1170 2386 82 41 13:
1286 2386 103 39 A-
1391 2385 210 47 Foreign
1632 2384 172 42 22097:
1841 2384 244 42 Librairie
2120 2384 288 41 Gallimard.

463 2442 284 51 (33-36402)

404 2552 222 65 [Welch,
656 2552 251 54 Francis
935 2551 240 68 Xavier]
1211 2552 84 53 ed.

458 2630 440 70 Supplemental
946 2637 159 45 notes
1152 2630 94 52 for
1294 2649 95 33 use
1439 2630 140 51 with
1629 2630 171 55 Cases
1847 2648 73 33 on
1966 2629 194 68 public
2204 2629 202 68 utility

382 2708 1998 150 regulation. Cumulative supplement for the year 1933 (Combining leading cases reported during the previous year) …
380 2867 1842 71 Washington. D. C., Public utilities reports, inc. [ c 1933]
450 2943 287 48 cover-title,
892 2943 70 41 68.
1000 2954 41 38 p.
1104 2942 56 41 25
1165 2945 43 22 cm
1215 2975 6 6 .

450 3001 120 39 This
595 3001 252 47 pamphlet
874 3001 42 39 is
942 3004 48 37 to
1014 3001 58 40 be
1096 3000 140 40 fitted
1259 2999 104 41 into
1391 2999 83 41 the
1499 3000 172 48 pocket
1697 3002 51 38 at
1775 3000 85 43 the
1883 2999 123 40 back
2030 2999 51 40 of
2107 2999 85 41 the
2215 2999 191 40 volume

379 3057 51 41 of
462 3059 81 40 the
573 3062 73 37 set
678 3062 48 36 to
760 3058 159 40 which
950 3057 40 42 it
1022 3058 212 48 belongs.

382 3111 54 52 ©
466 3116 118 39 Nov.
618 3117 38 46 7,
688 3114 112 42 1933:
864 3115 67 40 2c.
965 3116 96 39 and
1092 3114 82 42 aff.
1208 3115 117 39 Nov.
1360 3114 59 40 18:
1476 3114 40 39 A
1549 3113 145 41 68217:
1754 3112 171 42 Public
1959 3113 208 41 utilities
2201 3115 189 46 reports.

452 3171 90 41 inc.

387 3260 237 67 [White,
657 3262 261 54 Herbert
951 3261 217 68 Oliver]
1207 3265 174 51 1885-

451 3341 121 52 The
620 3359 133 33 man
802 3341 136 65 they
984 3339 255 54 couldn't
1285 3340 172 67 hang,
1503 3340 76 67 by
1627 3339 200 55 Oliver
1874 3339 238 68 Martyn
2184 3339 214 67 [pseud.]

386 3420 135 52 New
552 3419 181 56 York,
762 3419 88 53 W.
881 3419 253 52 Morrow
1163 3421 44 50 &
1268 3438 66 38 co.,
1365 3421 152 50 1933.

453 3493 51 40 ix
531 3505 58 37 p.,
619 3495 23 38 1
696 3526 6 7 l.,
748 3493 82 41 301
862 3504 44 37 p.
968 3492 56 41 19½
1056 3496 45 21 cm
1106 3526 8 7 .

384 3546 53 52 ©
473 3552 117 39 Nov.
626 3553 39 39 8.
702 3550 140 43 1933:
879 3550 67 41 2c.
983 3553 96 38 and
1115 3550 82 41 aff.
1234 3551 116 39 Nov.
1389 3549 81 41 10:
1509 3551 38 38 A
1583 3549 173 45 66980;
1795 3551 60 40 H.
1891 3551 51 40 O.
1981 3550 178 40 White.
2195 3548 208 42 Belfast.

456 3609 212 39 Ireland.
741 3608 283 47 (33-36232)

386 3699 215 65 White,
631 3701 259 53 Terence
923 3699 310 66 Hanbury.

454 3776 282 53 Farewell
768 3777 280 56 Victoria,
1078 3778 77 68 by
1186 3778 65 52 T.
1286 3777 78 52 H.
1397 3776 213 54 White.
1681 3776 259 69 London,
1976 3774 238 70 Collins,
2251 3777 149 50 1933.

453 3847 86 42 252
568 3860 43 38 p.
673 3849 56 41 19
733 3852 44 21 cm
783 3885 7 8 .

457 3905 225 42 Includes
708 3917 25 30 a
762 3908 136 39 short
926 3910 205 38 account
1159 3907 52 39 of
1238 3908 82 39 the
1350 3907 120 40 Zulu
1499 3917 116 29 war.

386 3960 2000 110 © 1c. Nov. 22. 1933; A ad int. 18392; pubd. Sept. 25; T. H. White, Burwash. Sussex. England. (33-37025)
