2575 4405
1071 4038 65 50 71

100 393 158 63 Savi,
287 394 138 52 Mrs.
457 391 176 52 Ethel
661 388 295 57 Winifred
994 386 330 67 (Bryning)
1363 391 171 51 1865-

172 468 150 54 Glad
358 485 148 52 rags,
539 467 73 69 by
647 467 67 52 E.
751 466 88 52 W.
877 464 155 56 Savi.
1101 463 256 68 London,
1391 460 366 56 Hutchinson
1790 462 45 50 &
1869 478 96 50 co.,
2000 460 103 54 ltd.

106 549 172 66 [1932]

169 617 26 40 3
226 627 42 38 p.
336 646 9 18 l.,
375 615 174 42 11-288
579 626 44 38 p.
684 614 148 42 19½cm.

105 663 2002 65 © 1c. Jan. 3, 1933; A ad int. 17313; pubd. Nov. 5, 1932; E. W. Savi,
170 734 213 39 London.
454 731 252 51 (33-1962)

100 807 215 67 Smith,
345 809 116 64 Jay
486 808 279 53 Braisted
795 808 141 55 Roe.

173 884 365 57 Cumulative
579 888 365 66 supplement
984 889 59 49 to
1090 885 220 55 Second
1354 883 218 53 edition
1614 883 64 54 of
1721 883 139 53 New
1901 884 205 67 Jersey

101 966 366 68 corporation
491 967 126 66 law,
644 967 311 51 1923-1932
986 1006 55 12 …
1067 963 262 70 together
1351 963 142 54 with
1518 982 31 34 a
1572 963 279 69 complete
1872 961 234 55 treatise

101 1063 71 34 on
203 1045 97 52 the
330 1047 109 52 law
470 1045 64 52 of
563 1046 139 52 New
731 1045 204 67 Jersey
964 1042 269 70 building
1262 1043 114 52 and
1405 1045 131 50 loan
1570 1041 385 69 associations,
1988 1042 119 52 also

101 1122 203 54 liberal
349 1127 158 50 notes
552 1142 157 49 upon
753 1127 327 65 mortgages
1128 1124 112 51 and
1285 1140 158 50 upon
1487 1122 329 68 insolvency
1863 1123 112 51 and
101 1136 1981 121 receivers

337 1200 301 70 including
663 1203 347 67 precedents.
1086 1203 92 67 By
1202 1203 56 54 J.
1287 1204 66 51 B.
1382 1203 68 52 R.
1483 1200 191 58 Smith
1706 1243 57 10 …
1841 1199 266 69 Newark,

100 1282 72 52 N.
198 1283 77 65 J.,
302 1279 188 70 Soney
515 1285 49 50 &
591 1281 151 68 Sage
766 1298 102 50 co.,
895 1283 151 51 1933.

169 1355 136 47 xviii,
338 1354 114 42 1328
482 1366 43 37 p.
585 1355 56 39 24
644 1357 45 21 cm
694 1387 8 9 .

106 1407 51 53 ©
183 1412 109 41 Jan.
317 1412 39 49 6,
382 1410 112 42 1933;
548 1412 67 40 2c.
640 1413 96 38 and
762 1410 81 41 aff.
871 1411 111 40 Jan.
1006 1410 82 48 10;
1116 1411 41 39 A
1182 1411 170 48 58761;
1384 1411 155 48 Soney
1565 1415 36 41 &
1629 1411 123 47 Sage
1778 1421 65 30 co.

102 1484 189 53 South
334 1484 237 55 Dakota
612 1485 113 53 and
767 1485 190 53 North
998 1489 240 50 western
1279 1484 204 69 digest,
1524 1484 270 70 covering
1835 1485 78 53 all
1955 1503 151 35 cases

173 1563 266 70 reported
476 1563 61 52 in
577 1563 184 55 South
796 1563 233 55 Dakota
1066 1567 241 65 reports,
1345 1564 190 53 North
1572 1567 244 51 western
1849 1568 259 65 reporter

173 1643 112 52 and
316 1644 77 51 all
422 1642 64 53 of
515 1643 96 53 the
638 1643 172 53 north
842 1647 239 51 western
1112 1647 172 51 states
1315 1647 223 64 reports
1567 1641 155 56 from
1751 1643 98 54 the
1879 1643 230 55 earliest

171 1721 183 68 times,
391 1720 140 54 with
569 1727 230 48 current
836 1721 347 56 cumulative
1218 1723 205 68 pocket
1458 1721 213 57 service
1706 1722 249 71 keeping
1991 1724 116 54 this

173 1799 187 69 digest
389 1801 212 66 always
632 1806 60 47 to
723 1801 133 52 date
893 1843 56 10 …
1031 1800 300 69 Compiled
1364 1803 112 52 and
1508 1801 192 55 edited
1729 1802 76 67 by
1836 1803 97 53 the
170 1800 1913 134 publisher’s

414 1878 271 54 editorial
709 1876 154 56 staff.
938 1895 51 37 v.
1018 1883 188 50 18-20.
1283 1880 85 55 St.
1392 1882 168 67 Paul,
1582 1884 164 54 West
1769 1881 340 71 publishing

174 1977 78 34 co.
285 1991 13 34 [
303 1962 19 23 c
325 1959 136 51 1932
466 1990 14 35 ]

171 2038 29 40 3
227 2048 44 29 v.
328 2035 58 41 26
387 2038 46 23 cm
436 2069 9 9 .

512 2104 45 30 CONTENTS.—v.
590 2092 72 42 18.
695 2093 799 44 Garnishment-Homestead.—v.
1531 2095 73 43 19.
105 2091 1991 102 Homicide-Inspection.—v.

358 2148 74 43 20.
462 2151 279 41 Insurance.

107 2202 51 52 ©
190 2207 111 40 Dec.
333 2205 69 49 23,
435 2206 141 48 1932;
609 2208 68 40 2c.
709 2207 122 40 each
862 2208 111 39 Jan.
1004 2208 69 47 11,
1106 2208 141 48 1933;
1283 2208 109 42 affs.
1427 2210 110 41 Jan.
1569 2209 82 48 12;
1686 2210 42 39 A
1760 2209 349 48 58863-58865;

174 2264 136 39 West
340 2262 108 50 pub.
480 2274 68 31 co.

101 2331 189 53 South
340 2334 239 51 western
626 2337 275 63 reporter.
979 2332 219 57 Second
1246 2333 185 55 series.
1509 2334 170 58 Cases
1728 2337 217 70 argued
1994 2336 113 54 and

174 2407 352 57 determined
566 2411 62 51 in
669 2412 97 52 the
809 2412 279 69 Supreme
1128 2417 189 50 courts
1359 2414 63 54 of
1463 2414 315 69 Arkansas,
1815 2414 292 70 Missouri,

172 2488 330 69 Tennessee,
538 2491 114 51 and
685 2491 215 66 Texas;
939 2490 209 56 Courts
1184 2492 63 53 of
1283 2494 236 67 appeals
1551 2492 65 56 of
1649 2495 310 69 Kentucky
1994 2496 114 53 and

173 2565 301 70 Missouri;
520 2567 207 55 Courts
770 2569 65 52 of
874 2569 136 55 civil
1050 2571 113 52 and
1204 2570 264 54 criminal
1510 2574 234 68 appeals
1786 2575 113 51 and
172 2571 1911 129 Commission

442 2645 62 54 of
537 2649 234 65 appeals
805 2647 65 54 of
904 2649 201 67 Texas,
1138 2649 143 53 with
1311 2651 110 68 key
1452 2651 239 53 number
1726 2653 379 54 annotations,

174 2740 49 33 v.
255 2726 65 49 52
359 2724 128 68 (2d)
526 2725 334 68 September
889 2727 424 54 13-November
1344 2732 46 64 1,
1420 2733 152 50 1932.
1646 2733 350 53 Permanent
2021 2733 85 55 ed.

175 2799 84 55 St.
291 2803 166 67 Paul,
485 2804 162 54 West
674 2804 339 71 publishing
1044 2826 97 48 co.,
1175 2810 152 50 1932.

174 2875 96 47 xvi,
299 2873 115 43 1204
441 2886 44 39 p.
540 2876 60 40 26
600 2879 47 21 cm
649 2908 7 8 .

107 2926 51 53 ©
189 2932 113 40 Dec.
331 2931 39 46 9,
402 2931 112 43 1932;
573 2934 69 41 2c.
672 2934 110 41 Jan.
814 2935 69 46 11,
914 2936 114 41 1933;
1088 2936 83 42 aff.
1203 2938 110 41 Jan.
1344 2938 83 48 12;
1460 2940 42 38 A
1530 2938 171 50 58882;
1735 2941 135 41 West
1901 2943 110 47 pub.
2044 2953 66 32 co.

110 3057 237 66 [Street,
377 3056 153 57 Cecil
556 3060 157 53 John
743 3061 264 69 Charles]
1044 3068 171 50 1884-

174 3133 104 55 Dr.
315 3135 284 69 Priestley
634 3139 124 66 lays
795 3158 32 33 a
864 3144 153 64 trap,
1050 3140 78 69 by
1162 3141 158 54 John
1357 3142 203 55 Rhode
1619 3145 195 68 [pseud.]
1913 3146 57 54 A
2006 3147 102 53 Dr.

103 3212 284 69 Priestley
414 3214 277 55 detective
715 3222 176 62 story.
954 3217 139 54 New
1122 3219 181 68 York,
1326 3220 193 69 Dodd,
1542 3221 174 56 Mead
1742 3225 47 52 &
1814 3242 299 51 company,

103 3292 150 51 1933.

171 3363 561 51 3 p. l., 301 p. 19½cm.
108 3414 51 53 ©
185 3420 111 41 Jan.
321 3422 39 46 3,
387 3419 141 50 1933;
555 3422 68 41 2c.
650 3424 109 41 Jan.
786 3424 52 46 5;
868 3424 81 41 aff.
977 3424 110 43 Jan.
1114 3427 82 46 14;
1224 3427 42 39 A
1292 3427 171 49 57967;
1492 3430 154 49 Dodd,
1675 3432 142 40 Mead
1844 3432 37 41 &
1908 3442 81 38 co.,
2017 3434 89 41 inc.

185 3474 250 52 (33-1633)

103 3543 217 66 Street,
351 3544 51 55 J.
436 3545 292 68 Fletcher,
762 3553 173 50 1880-

172 3619 170 54 Brief
380 3619 127 56 bird
551 3622 369 71 biographies
957 3634 72 52 <a
1068 3626 175 71 guide
1283 3633 58 51 to
1383 3629 158 56 birds
1582 3632 256 71 through
1880 3634 229 56 habitat

102 3698 367 56 associations>
545 3701 76 69 by
664 3701 55 55 J.
767 3704 267 55 Fletcher
1080 3704 203 56 Street.
1366 3709 139 53 New
1553 3709 180 70 York,
1780 3711 237 56 Grosset
2060 3716 46 51 &

100 3774 236 70 Dunlap
374 3809 14 34 [
391 3782 19 23 c
415 3781 152 64 1933]

174 3846 86 42 160
286 3858 43 38 p.
385 3848 128 43 illus.
570 3851 58 41 26
630 3853 44 22 cm
679 3885 8 7 .

106 3899 51 52 ©
185 3905 110 41 Jan.
323 3907 40 44 3,
391 3905 141 50 1933;
561 3909 68 42 2c.
658 3912 94 39 and
781 3910 83 42 aff.
892 3913 111 41 Jan.
1031 3913 52 48 5;
1114 3913 41 40 A
1184 3915 170 49 58672;
1386 3917 44 41 J.
1460 3917 50 42 F.
1543 3918 173 50 Street,
1748 3920 355 49 Philadelphia.

183 3960 249 51 (33-1936)
