2582 4453
1327 4110 134 49 1338

385 428 174 67 Bliss,
590 430 210 63 Henry
828 429 247 64 Evelyn,
1109 427 173 54 1870-

457 507 123 53 The
612 507 396 68 organization
1042 504 64 53 of
1137 504 334 68 knowledge
1503 502 60 53 in
1596 503 260 55 libraries
1889 505 112 52 and
2034 504 96 53 the
388 502 2011 152 subject-approach
715 590 58 47 to
810 583 188 69 books,
1036 583 71 69 by
1147 583 201 68 Henry
1383 582 225 69 Evelyn
1646 581 167 55 Bliss.
1891 582 135 52 New
2069 582 178 68 York,
2283 583 120 53 The

387 664 74 51 H.
499 663 88 53 W.
625 661 221 54 Wilson
882 679 298 50 company,
1218 663 151 50 1933.

456 738 97 46 xvi,
584 738 86 40 335
701 748 43 37 p.
805 738 54 38 22½
893 738 44 22 cm
943 768 8 8 .

466 795 146 40 “This
643 794 123 41 book
798 804 102 30 was
931 792 262 49 originally
1225 793 237 48 prepared
1495 803 55 30 as
1582 794 82 39 the
1697 794 175 39 second
1905 794 191 39 volume
2129 794 51 40 of
2212 805 26 29 a
2273 794 133 40 work

391 863 58 30 on
487 850 159 42 which
684 852 81 39 the
803 851 178 40 author
1019 851 89 39 has
1145 850 117 39 been
1299 850 215 47 engaged
1551 849 79 41 for
1668 860 115 31 over
1819 852 81 39 ten
1938 861 156 37 years.
2161 852 101 39 The
2300 851 101 41 first

390 910 194 39 volume
617 918 102 30 was
755 907 256 49 published
1047 908 48 38 in
1133 906 115 41 1929
1285 917 54 30 as
1378 907 113 39 ‘The
1528 906 340 48 organization
1905 907 51 41 of
1992 908 283 49 knowledge
2311 908 94 40 and

391 967 81 39 the
500 969 181 44 system
712 966 51 39 of
793 966 81 39 the
904 962 481 49 sciences’.”—Pref.,
1415 975 43 38 p.
1488 975 45 29 x.

463 1023 445 46 “Bibliographical
939 1020 166 41 notes”:
1167 1031 28 38 p.
1243 1020 237 50 [313]-319.

395 1076 52 52 ©
480 1080 128 48 Sept.
640 1080 68 46 14,
740 1078 113 41 1933
882 1079 66 40 2c.
984 1079 128 47 Sept.
1143 1079 83 45 21;
1261 1079 83 39 aff.
1377 1078 128 47 Sept.
1537 1078 81 46 19;
1652 1079 41 38 A
1724 1078 171 47 65316;
1929 1080 60 39 H.
2020 1080 70 40 W.
2123 1078 187 42 Wilson
2342 1089 67 31 co.

472 1137 282 48 (33-25337)

386 1239 247 68 Bonain,
671 1239 288 67 Adolphe,
1002 1243 171 50 1869-

460 1319 267 54 L’oreille
750 1325 56 47 et
830 1338 83 35 ses
936 1319 296 68 maladies,
1256 1318 303 54 l’audition
1584 1325 56 48 et
1663 1337 83 36 ses
1772 1319 268 69 troubles,
2067 1319 78 55 les
2170 1338 238 50 organes

391 1397 2018 71 de 1’ équilibre, par A. Bonain … avec 153 figures, dont 20
391 1479 270 69 planches
695 1497 67 34 en
797 1478 273 52 couleurs.
1148 1477 184 68 Paris,
1367 1476 68 55 G.
1470 1475 155 55 Doin
1659 1480 45 50 &
1737 1497 27 34 c
1770 1477 32 28 ie
1807 1520 11 25 ,
1855 1481 151 50 1933.

462 1552 1112 49 2 p. l., ii, 294 p. illus. (part col.) 27 cm .
396 1608 2018 52 © Nov. 24, 1932; 1c. July 18, 1933; A- Foreign 21513; Gaston Doin &
468 1669 84 41 cie.
625 1668 282 49 (33-25314)

388 1770 348 68 Buchholtz,
771 1770 321 67 Johannes,
1131 1777 171 49 1882-

392 1851 1992 147 … Susanne, roman; herausgegeben von J. Sandmeier. München, Beck [ c 1932]
461 2005 686 50 3 p. l., [3]-443, [1] p. 20cm
469 2061 339 49 “Berechtigte
880 2062 299 48 übertragung
1213 2071 89 31 aus
1339 2062 106 39 dem
1480 2060 266 42 dänischen
1782 2071 90 30 von
1910 2061 42 41 J.
1992 2061 284 42 Sandmeier
2311 2063 98 40 und

396 2119 45 42 S.
469 2120 356 47 Angermann.”

397 2173 2016 53 © Oct. 28, 1932; 1c. June 19, 1933; A-Foreign 21275; C. H. Beck'sche
466 2236 581 47 Verlagsbuchhandlung
1088 2236 183 48 (Oskar
1304 2236 154 47 Beck)
1539 2235 281 48 (33-20673)

391 2335 293 69 Caldwell,
719 2339 274 66 Erskine,
1030 2342 172 50 1903-

526 2416 1811 71 … We are the living. New York, The Viking press, 1933.
467 2489 98 48 viii,
596 2490 86 40 264
710 2501 44 37 p.
814 2490 57 40 20
875 2493 43 21 cm
924 2523 8 8 .

464 2547 66 40 At
559 2548 124 39 head
715 2548 52 39 of
798 2548 135 41 title:
969 2547 140 42 Brief
1140 2548 176 41 stories
1347 2548 62 47 by
1440 2547 210 42 Erskine
1683 2546 247 43 Caldwell.

397 2600 52 53 ©
492 2606 128 48 Sept.
659 2607 70 45 25,
769 2606 142 48 1933;
952 2608 66 40 2c.
1063 2608 128 47 Sept.
1231 2608 83 46 28;
1356 2607 83 41 aff.
1483 2608 128 48 Sept.
1651 2607 82 47 26;
1776 2608 40 39 A
1855 2608 171 46 66334;
2070 2609 51 38 E.
2164 2607 249 42 Caldwell,

469 2664 173 39 Mount
671 2664 207 47 Vernon,
910 2665 90 40 Me.
1075 2665 282 47 (33-25381)

392 2752 224 66 Clamp,
646 2755 187 53 Helen
862 2756 176 64 Mary
1068 2755 330 57 Elizabeth.

465 2830 1943 72 The legion of the desert, by H. M. E. Clamp … London,
395 2906 187 58 Hurst
609 2912 46 51 &
684 2910 285 70 Blackett,
999 2912 105 54 ltd.
1158 2914 154 67 [1933]

466 2981 88 43 288
582 2994 44 39 p.
688 2983 56 41 19
748 2986 43 22 cm
796 3016 10 10 .

469 3039 214 43 “Second
718 3042 334 48 impression.”

397 3093 52 52 ©
481 3099 65 39 1c.
583 3099 127 48 Sept.
743 3100 68 45 16,
844 3098 114 42 1933;
1019 3102 40 37 A
1090 3103 63 42 ad
1182 3101 73 40 int.
1303 3102 141 40 18181;
1508 3103 142 48 pubd.
1684 3103 117 48 July
1833 3104 82 46 21;
1951 3104 58 38 H.
2045 3104 61 40 M.
2142 3105 50 37 E.
2228 3104 184 47 Clamp,

465 3154 285 49 Orpington,
782 3157 142 41 Kent.
956 3159 238 46 England.
1266 3159 282 47 (33-29494)

392 3241 359 70 Crawshaw,
784 3248 151 54 Fred
966 3249 226 67 Duane,
1227 3253 173 51 1874-

462 3323 1946 74 Problems in wood-turning. by Fred D. Crawshaw … Rev.
392 3403 84 52 ed.
553 3403 224 61 Peoria,
808 3405 114 57 Ill.,
953 3406 123 54 The
1106 3407 239 53 Manual
1379 3413 117 49 arts
1529 3427 157 50 press
1904 3443 12 33 [c1933]

463 3475 650 53 63 p. illus. 13½ × 20 cm .
463 3534 119 41 Part
610 3535 53 40 of
688 3537 82 39 the
797 3537 331 42 illustrations
1156 3550 84 30 are
1266 3541 264 39 numbered
1559 3551 54 30 as
1641 3542 171 47 plates.

394 3587 52 52 ©
474 3593 118 48 May
614 3594 70 48 24,
711 3594 113 41 1933;
881 3596 67 40 2c.
979 3596 128 48 Sept.
1135 3597 54 38 25;
1247 3597 81 41 aff.
1361 3599 128 47 Sept.
1517 3599 57 39 22;
1630 3600 39 38 A
1696 3599 144 41 66252;
1898 3600 202 38 Manual
2128 3603 104 36 arts
2261 3607 151 39 press.

473 3649 282 48 (33-25319)

392 3737 222 68 Curtis,
645 3741 237 56 Arthur
909 3743 167 67 Hale,
1108 3747 83 54 ed.

462 3816 1885 79 Obstetrics and gynecology. edited by Arthur Hale Curtis …
388 3893 1992 161 Volume III [and] General index to volumes I to III … Philadelphia and London, W. B. Saunders company, 1933.
