2484 4405
1062 4054 132 50 1561

130 409 275 67 Abrams,
435 413 130 63 Ray
595 410 322 65 Hamilton,
949 414 174 50 1896-

194 482 1930 76 Preachers present arms, by Ray H. Abrams … New York,
126 568 204 52 Round
359 566 151 53 table
538 584 174 49 press,
741 566 125 66 inc.,
897 568 149 51 1938.

195 640 98 49 xix,
339 640 88 40 297
471 651 42 37 p.
572 640 146 40 23½cm.

195 697 42 40 A
265 697 146 48 study
441 697 51 40 of
521 698 82 39 the
631 696 240 40 war-time
900 694 238 43 attitudes
1169 697 96 39 and
1296 694 244 41 activities
1571 695 51 41 of
1651 695 82 40 the
1762 694 235 41 churches
2028 695 94 39 and

126 755 82 39 the
234 755 160 47 clergy
420 753 49 40 in
497 755 83 39 the
608 754 178 40 United
816 753 175 48 States,
1020 752 275 41 1914-1918.

196 811 170 41 Issued
395 812 102 39 also
525 821 53 29 as
608 810 152 41 thesis
798 809 107 48 (PH.
965 809 34 47 D.)
1037 808 283 48 University
1348 809 51 40 of
1427 807 373 49 Pennsylvania.

196 868 375 49 Bibliography:
601 879 42 37 p.
671 867 218 41 281-288.

128 922 52 52 ©
210 927 101 41 Oct.
338 927 41 47 2,
409 926 140 46 1933;
579 927 68 39 2c.
676 926 97 39 and
801 925 83 40 aff.
915 924 100 42 Oct.
1047 925 82 46 12;
1160 924 43 40 A
1231 924 170 47 65571;
1435 924 173 41 Round
1637 925 132 40 table
1798 933 136 39 press.
1978 923 92 39 inc.

203 982 280 51 (33-27432)

128 1070 889 66 Addressograph-multigraph
1051 1069 392 66 corporation,
1475 1070 324 54 Cleveland.

197 1149 222 53 Letters
457 1168 58 34 as
551 1149 252 53 business
840 1148 280 66 builders;
1162 1148 357 69 suggestions
1559 1149 94 52 for
1690 1148 282 69 planning
2011 1148 112 52 and

126 1224 1972 152 writing letters that win … [Cleveland, Addressograph-multigraph corporation, c1933]
191 1379 62 47 iv,
283 1379 58 41 72
366 1390 41 38 p.
467 1380 125 39 illus.
651 1379 115 41 19cm.

128 1431 51 53 ©
217 1435 125 51 Sept.
377 1437 39 46 1,
451 1436 113 41 1933;
627 1436 67 41 2c.
730 1437 97 40 and
860 1436 81 42 aff.
980 1436 127 48 Sept.
1142 1435 83 48 20;
1263 1436 40 39 A
1337 1434 172 48 66155;
194 1430 1916 114 Addressograph-multigraph
376 1504 127 37 corp.
573 1494 13 47 (CA
672 1493 174 41 33-782
865 1492 235 49 Unrev'd)

125 1582 214 66 Beach,
371 1582 207 65 Robin,
615 1587 170 49 1889-

192 1658 122 54 The
337 1665 159 63 story
522 1660 62 53 of
611 1660 314 68 electricity
952 1662 110 52 and
1092 1662 368 67 magnetism;
1492 1660 336 67 harnessing
1855 1661 266 53 invisible

126 1736 1993 72 energy for the service of mankind, by Robin Beach … and
127 1813 1995 71 Ernest J. Streubel … with additions by Adam Ward. New
128 1889 178 70 York,
331 1892 66 53 P.
424 1894 66 52 F.
520 1893 213 55 Collier
759 1896 46 51 &
830 1913 101 34 son
959 1912 282 50 company
1273 1898 193 64 [c1933]

196 1963 1927 54 2 p. l., 3-412 p. col. front., illus., plates, ports., diagrs. 20cm. (Added
129 2022 1849 52 t.-p.: Popular science library, editor-in-chief, G. P. Serviss … v. 6)
199 2079 331 51 Frontispiece
556 2081 341 48 accompanied
925 2081 60 49 by
1013 2083 155 48 guard
1197 2083 134 40 sheet
1360 2083 119 40 with
1506 2083 294 49 descriptive
1828 2085 296 49 letterpress.

197 2137 289 43 Illustrated
521 2138 361 49 lining-papers.

130 2191 53 52 ©
210 2195 120 41 Nov.
356 2196 42 46 2,
426 2196 142 46 1933;
597 2196 68 39 2c.
693 2195 119 40 Nov.
840 2194 85 48 10;
955 2195 82 41 aff.
1067 2196 121 40 Nov.
1216 2197 83 44 11;
1330 2197 43 38 A
1400 2196 171 49 67054;
1604 2199 52 39 P.
1686 2199 52 38 F.
1770 2198 179 41 Collier
1978 2200 38 40 &
2043 2210 87 30 son

193 2263 68 30 co.
325 2248 68 55 [©
424 2262 105 30 new
559 2254 106 38 text
694 2253 95 39 and
817 2251 333 42 illustrations
1178 2254 95 38 and
1305 2253 226 50 revision]

206 2308 279 50 (33-33261)

127 2390 210 66 Belloc,
366 2391 194 57 Peter.

197 2467 194 53 Below
426 2466 246 69 bridges,
707 2468 75 67 by
817 2469 167 53 Peter
1022 2470 213 52 Belloc.
1309 2470 258 66 London,
1603 2470 305 55 Constable
1944 2475 46 50 &
2026 2491 98 47 co.,

125 2544 103 53 ltd.
266 2548 172 66 [1933]

196 2616 662 52 3 p. l., 255, [1] p. 19½cm.
129 2671 51 52 ©
239 2687 35 29 1c.
309 2675 125 50 Sept.
464 2676 69 48 30,
563 2676 140 47 1933;
735 2677 40 38 A
805 2676 62 40 ad
896 2676 86 40 int.
1012 2677 171 46 18237;
1215 2678 143 46 pubd.
1388 2678 120 48 Aug.
1536 2678 55 48 3;
1624 2680 50 39 P.
1706 2680 176 48 Belloc,
1915 2681 212 41 London.

209 2731 279 51 (33-32773)

127 2807 183 65 Bond,
341 2808 335 53 Alexander
707 2809 249 65 Russell,
992 2810 171 52 1876-

196 2884 120 53 The
362 2890 158 63 story
566 2886 63 52 of
677 2884 346 69 mechanics;
1071 2888 98 52 the
1214 2888 214 53 science
1473 2888 63 54 of
1585 2891 224 66 captive
1857 2891 155 54 force
2061 2911 62 34 or

126 2961 394 69 development
558 2963 63 52 of
656 2964 259 52 machine
953 2984 191 49 power
1180 2966 61 51 in
1279 2966 116 53 this
1432 2967 308 54 industrial
1781 2988 120 49 age,
1939 2971 76 66 by
2052 2971 69 51 A.

125 3038 1996 75 Russell Bond … with additions by Albert A. Hopkins … New
127 3115 178 70 York,
330 3117 66 53 P.
424 3118 66 51 F.
518 3116 216 55 Collier
758 3122 46 49 &
827 3138 101 33 son
955 3138 281 50 company
1269 3125 192 65 [c1933]

199 3189 1929 60 2 p. l., 3-420 p. col. front., illus., plates, diagrs. 20cm. (Added t.-p.:
133 3245 1778 60 Popular science library, editor-in-chief, G. P. Serviss … v. 5)
202 3302 330 51 Frontispiece
559 3305 341 47 accompanied
929 3306 59 48 by
1018 3307 156 47 guard
1201 3309 136 40 sheet
1363 3310 119 39 with
1510 3310 293 50 descriptive
1831 3314 297 50 letterpress.

200 3361 286 42 Illustrated
517 3361 362 49 lining-papers.

133 3416 50 51 ©
212 3420 116 39 Nov.
359 3420 40 44 2,
427 3419 113 39 1933;
598 3419 67 39 2c.
693 3419 119 39 Nov.
842 3417 81 47 10;
956 3418 81 41 aff.
1068 3420 119 39 Nov.
1218 3421 84 46 11;
1332 3422 40 38 A
1401 3422 171 50 67054;
1606 3425 48 40 P.
1688 3426 51 40 F.
1771 3427 179 40 Collier
1977 3429 38 40 &
2043 3439 87 31 son

198 3486 67 30 co.
345 3472 54 55 [©
426 3487 106 28 new
560 3478 106 37 text
692 3476 96 39 and
816 3474 331 42 illustrations
1176 3479 97 38 and
1304 3479 225 50 revision]

209 3531 278 50 (33-33262)

131 3608 160 64 Brill,
322 3606 200 57 Edith.

201 3683 1918 83 Three maids of Islington, by Edith Brill … [London]
129 3762 233 70 Wright
390 3768 44 50 &
466 3766 211 51 Brown
714 3767 170 64 [1933]

202 3837 84 41 287
316 3848 42 38 p.
419 3836 115 41 19cm.

133 3890 1982 111 © 1c. Mar. 22, 1933; A ad int. 17600; pubd. Jan. 27; Edith May Timperley,
314 3950 231 47 Romiley,
571 3960 72 29 nr.
671 3949 271 49 Stockport,
969 3949 247 48 Cheshire,
1244 3952 236 47 England.
1548 3956 279 54 (33-34619)
