2597 4403
1371 4117 66 49 38

379 435 237 66 Molloy,
647 436 260 55 William
939 435 298 56 Fillmore.

453 511 191 56 Silver
669 513 182 70 King,
878 513 91 54 his
998 531 129 35 own
1154 518 161 64 story
1346 555 56 10 …
1458 513 95 69 [by]
1586 514 91 53 W.
1707 514 66 52 F.
1802 513 241 70 Molloy,
2072 513 339 69 chronicler,

380 591 131 69 plus
538 591 230 54 Arthur
795 591 224 70 Butler,
1048 589 238 56 trainer.
1359 591 326 70 [Norwood,
1717 590 88 70 O.]
1845 590 191 57 Silver
2065 592 165 71 King
379 610 2004 122 associates
588 704 13 35 [
604 677 21 22 c
629 673 154 66 1932]

450 745 102 48 viii,
581 744 89 42 379
697 755 44 38 p.
800 744 174 49 plates,
1007 746 151 47 ports.
1219 743 119 42 24cm.

385 800 53 52 ©
466 805 121 41 Nov.
615 804 40 49 8,
683 803 144 48 1932;
857 803 68 42 2c.
954 805 98 39 and
1080 803 84 41 aff.
1193 804 118 39 Nov.
1343 802 83 49 19;
1457 803 41 40 A
1527 804 171 47 58655;
1734 804 160 41 Silver
1922 804 133 49 King
2083 804 331 41 associates—

455 862 183 48 Myrtle
670 862 201 40 Monroe
903 861 183 49 Molloy
1119 862 97 39 and
1250 861 167 41 Wilda
1449 862 176 40 Butler
1660 861 224 50 Gingras,
1920 862 101 40 sole
2053 871 205 38 owners,
454 863 1942 105 Norwood,
636 919 52 41 O.
760 917 255 51 (33-1841)

379 1015 253 54 Nevada
682 1017 113 52 and
847 1013 216 57 Pacific
1115 1016 206 70 digest,
1372 1016 273 70 covering
1692 1018 79 51 all
1822 1036 153 35 cases
2026 1018 269 69 reported
2346 1016 63 53 in

451 1096 241 53 Nevada
724 1101 244 64 reports,
1005 1099 332 66 1865-1931,
1369 1093 217 59 Pacific
1617 1101 279 64 reporter,
1928 1098 256 53 volumes
2218 1099 190 67 1-300,

455 1177 113 52 and
603 1177 80 52 all
716 1176 63 53 of
812 1176 100 53 the
942 1173 215 59 Pacific
1191 1180 176 49 states
1400 1180 228 65 reports
1659 1176 157 53 from
1847 1178 98 52 the
1978 1177 231 54 earliest
2239 1177 168 54 times

458 1298 56 9 …
597 1254 304 70 Compiled
941 1256 114 53 and
1093 1255 192 54 edited
1322 1256 76 69 by
1433 1257 98 52 the
1565 1256 344 69 publisher’s
1947 1257 270 54 editorial
2253 1254 138 57 staff.

452 1353 52 34 v.
533 1338 189 49 29-31.
804 1334 83 56 St.
914 1335 171 69 Paul,
1113 1337 163 54 West
1303 1334 343 72 publishing
1674 1355 99 50 co.,
1804 1340 153 49 1932.

450 1411 29 41 3
506 1422 43 29 v.
607 1410 57 41 26
667 1413 45 21 cm
717 1443 9 9 .

796 1479 46 30 CONTENTS.—v.
883 1466 74 42 29.
999 1467 586 41 Names-Partition.—v.
1628 1466 73 43 30.
383 1467 2032 99 Partnership-Pleading.—v.
456 1523 74 42 31.

559 1524 415 48 Pledges-Public
997 1526 158 45 lands.

382 1593 43 31 v.
450 1581 71 51 29,
548 1582 70 48 30,
648 1577 51 53 ©
728 1583 114 40 Dec.
867 1581 70 49 28,
965 1580 143 49 1932;
1138 1593 43 29 v.
1207 1582 71 48 31,
1309 1577 51 53 ©
1389 1581 114 42 Dec.
1531 1581 83 48 29;
1644 1581 67 42 2c.
1738 1582 124 40 each
1888 1582 112 41 Jan.
2028 1583 71 47 11,
2128 1581 113 43 1933;
2302 1582 107 41 affs.

456 1640 111 41 Jan.
599 1640 83 47 12;
717 1640 43 40 A
789 1638 352 49 58818-58820;
1177 1640 138 40 West
1344 1638 111 49 pub.
1489 1649 68 31 co.

382 1730 147 54 New
577 1730 183 54 York.
839 1731 297 54 Chamber
1184 1731 65 53 of
1298 1747 329 39 commerce
1675 1730 65 54 of
1787 1730 104 55 the
1937 1734 164 52 state
2148 1732 66 54 of
2260 1732 148 54 New

451 1811 183 53 York.
714 1811 342 53 Committee
1091 1829 73 35 on
1197 1811 362 54 commercial
1589 1811 320 54 education.

455 1887 226 71 Survey
718 1887 66 55 of
822 1888 166 54 adult
1027 1888 286 54 technical
1353 1888 306 54 education
1698 1888 62 54 in
1798 1888 99 54 the
1937 1889 141 53 New
2120 1889 166 55 York
381 1889 2006 132 industrial
666 1986 149 35 area.

887 1967 143 54 New
1064 1967 167 54 York
1267 1967 136 71 city,
1442 1966 287 56 Chamber
1765 1966 66 56 of
1865 1985 311 37 commerce
2212 1967 66 54 of
2314 1969 98 53 the

379 2051 148 50 state
556 2045 66 56 of
647 2047 142 53 New
816 2045 184 70 York,
1028 2052 19 22 c
1052 2049 153 50 1933.

452 2120 101 50 179,
591 2120 56 52 [1]
680 2130 45 39 p.
785 2119 132 42 illus.
947 2120 160 49 (map)
1151 2120 182 48 diagrs.
1395 2117 58 42 22½
1487 2121 45 22 cm
1535 2151 10 9 .

453 2179 102 41 The
589 2188 178 39 survey
800 2188 104 30 was
938 2179 270 39 conducted
1241 2177 62 49 by
1337 2176 54 44 O.
1426 2177 72 42 W.
1535 2176 229 42 Eshbach
1799 2188 56 30 as
1890 2177 216 42 director
2139 2178 155 40 under
2329 2179 83 40 the

384 2236 226 48 auspices
652 2236 53 40 of
745 2236 84 41 the
870 2234 292 43 Committee
1206 2245 61 31 on
1311 2234 309 42 commercial
1662 2234 261 41 education
1968 2236 98 40 and
2109 2235 67 41 its
2223 2234 191 47 Special

381 2293 291 41 committee,
736 2294 62 47 cf.
828 2303 44 38 p.
902 2292 101 42 3-4.

800 2351 70 49 CONTENTS.—pt.
936 2382 11 10 I.
991 2349 261 48 Summary
1296 2350 97 40 and
1436 2348 457 51 conclusions.—pt.
1978 2381 11 10 II.
2035 2348 256 42 Facilities
2332 2348 81 42 for

384 2408 140 41 adult
553 2408 244 41 technical
826 2407 413 49 education.—pt.
1333 2438 11 10 III.
1378 2405 158 50 Study
1565 2407 53 40 of
1643 2410 199 45 present
1872 2407 299 41 enrolments
2200 2407 98 40 and
2329 2407 84 41 the

385 2465 339 41 effectiveness
765 2465 53 41 of
858 2466 141 40 adult
1040 2464 244 41 technical
1325 2463 412 51 education.—pt.
1841 2495 11 10 IV.
1896 2463 275 41 Industrial
385 2474 2009 97 occupations,
563 2524 121 40 need
717 2522 81 41 for

830 2522 245 41 technical
1107 2521 276 49 education,
1420 2521 97 41 and
1552 2520 261 42 education
1848 2521 50 40 in
1934 2521 244 47 industry.

389 2578 51 52 ©
472 2583 111 39 Jan.
614 2583 39 44 5,
684 2582 142 45 1933;
859 2581 67 40 2c.
959 2583 96 38 and
1086 2580 84 40 aff.
1202 2581 111 40 Jan.
1344 2582 54 45 7;
1430 2580 43 39 A
1502 2581 172 47 57828;
1709 2581 243 40 Chamber
1981 2581 53 40 of
2064 2589 265 32 commerce
2361 2580 52 40 of

458 2640 83 41 the
567 2641 132 38 state
726 2638 53 41 of
805 2638 120 40 New
949 2638 146 39 York.
1169 2636 254 50 (33-1727)

383 2735 345 66 Nicholson,
757 2736 242 64 Sydney
1028 2736 195 64 Hugo.

454 2814 233 69 Hymns
719 2814 227 53 ancient
975 2814 114 53 and
1118 2814 256 52 modern.
1441 2815 57 52 A
1527 2813 312 70 plainsong
1865 2814 348 67 hymnbook.
383 2815 2000 132 Musical
551 2896 86 52 ed.
701 2894 217 53 Edited
945 2894 97 52 for
1067 2894 97 53 the
1192 2893 304 69 compilers
1524 2894 76 68 by
1630 2892 234 71 Sydney
1891 2894 77 53 H.
1999 2894 314 53 Nicholson
2347 2936 56 10 …

385 2974 262 69 London,
675 2973 266 56 William
972 2974 219 55 Clowes
1224 2973 114 53 and
1368 2991 148 39 sons,
1544 2972 245 69 limited,
1821 2976 153 50 1932.

455 3050 132 47 xxiv,
617 3048 89 42 292
732 3060 45 38 p.
834 3048 56 41 22½
923 3049 46 23 cm
972 3080 9 8 .

462 3107 209 41 Musical
700 3116 136 31 score
862 3105 296 41 constitutes
1185 3105 85 40 the
1295 3106 196 46 greater
1518 3107 114 46 part
1659 3104 54 41 of
1739 3104 99 41 this
1867 3104 138 40 book.

391 3160 2003 109 © 1c. Jan. 11, 1933; A ad int. 17360; pubd. Nov. 15, 1932; S. H. Nicholson, Chislehurst, Kent, England.
385 3324 207 65 Noble,
622 3326 209 63 Henry
863 3324 230 64 George
1123 3323 302 63 Stebbins,
1459 3328 174 50 1859-

460 3404 123 52 The
628 3402 160 54 stock
834 3402 319 69 exchange:
1201 3401 75 54 its
1323 3402 286 53 economic
1657 3401 282 68 function,
1985 3402 75 69 by
2107 3402 78 53 H.
2234 3401 69 56 G.
2354 3401 58 56 S.

390 3483 183 53 Noble
607 3525 58 10 …
733 3482 141 53 New
905 3481 166 53 York
1099 3482 114 52 and
1243 3482 262 67 London,
1533 3481 237 69 Harper
1798 3483 47 50 &
1874 3480 281 69 brothers,
2189 3484 151 50 1933.

457 3555 633 53 viii p., 1 l., 91 p. 21 cm .
461 3615 166 40 “First
653 3613 230 41 edition.”

393 3668 51 53 ©
477 3673 111 40 Jan.
617 3672 39 49 3,
687 3670 143 47 1933;
861 3670 69 40 2c.
961 3670 110 41 Jan.
1105 3671 51 46 7;
1189 3670 83 41 aff.
1303 3670 110 40 Jan.
1446 3669 83 49 10;
1562 3670 43 40 A
1633 3670 171 47 58766;
1837 3671 60 39 H.
1932 3670 53 41 G.
2019 3669 46 42 S.
2096 3669 166 48 Noble,
2294 3670 119 41 New

460 3729 145 40 York.
679 3727 253 49 (33-1542)

390 3830 236 64 Oregon
682 3831 113 53 and
848 3828 215 58 Pacific
1115 3829 206 70 digest,
1373 3831 272 69 covering
1694 3831 79 53 all
1822 3850 153 36 cases
2026 3831 268 69 reported
2345 3829 64 53 in

462 3909 233 70 Oregon
729 3914 241 65 reports,
1008 3912 330 56 1853-1931,
1372 3907 215 58 Pacific
1622 3915 275 63 reporter,
1929 3910 254 53 volumes
2219 3911 189 67 1-300,

462 3989 113 52 and
609 3991 76 51 all
720 3990 63 52 of
815 3991 95 52 the
947 3987 213 55 Pacific
1192 3994 176 48 states
1402 3994 224 63 reports
1661 3989 154 53 from
1849 3990 98 52 the
1980 3989 231 53 earliest
2241 3988 167 55 times
