2484 4405
1106 4089 99 50 533

153 438 174 64 Seidl,
356 438 242 65 Walter,
630 443 171 50 1905-

222 519 212 52 Romeo
483 516 78 52 im
613 514 320 69 fegefeuer;
987 529 217 50 roman,
1252 530 112 35 von
1411 510 224 56 Walter
1684 508 176 57 Seidl.
1935 510 216 68 Berlin,

153 597 68 52 E.
249 596 161 54 Reiss
445 628 13 34 [
462 601 19 21 c
487 597 151 63 1932]

224 670 29 39 2
277 680 43 38 p.
383 700 8 16 l.,
419 667 157 48 7-817,
607 668 53 49 [1]
691 678 44 37 p.
793 666 57 41 19
852 669 44 21 cm
901 698 8 9 .

226 727 196 39 “Erstes
450 724 75 41 bis
552 724 175 41 drittes
757 722 251 42 tausend.”

158 778 1979 111 © Oct. 20, 1932; 1c. Feb. 23, 1933; A -Foreign 19913; Erich Reiss verlag,
344 850 40 39 g.
411 851 60 31 m.
498 840 41 40 b.
565 838 47 42 h.
681 837 280 50 (33-10237)

152 945 202 64 Serge,
383 943 224 56 Victor.

286 1017 1191 70 … Ville conquise. Paris, Rieder, 1932.
231 1090 1804 53 289, [1] p. 18 ½c m . ( On cover: Prosateurs fran ç ais contemporains)
231 1149 64 43 At
318 1150 125 42 head
468 1149 52 41 of
541 1149 138 41 title:
708 1148 348 49 Victor-Serge.

156 1211 1997 54 © Nov. 10, 1932; 1c. Jan. 31, 1933; A -Foreign 19558; Éditions Rieder.
240 1271 250 51 (33-9952)

154 1373 252 66 Shirley,
431 1376 172 62 Mary
629 1375 326 62 Margaret,
984 1377 172 50 1899-

225 1453 124 52 The
377 1450 125 55 first
530 1458 113 47 two
673 1469 163 52 years
854 1470 11 48 ;
899 1470 31 33 a
962 1451 173 68 study
1165 1451 64 52 of
1258 1448 352 71 twenty-five
1638 1450 210 66 babies,
1878 1451 75 67 by
1984 1452 171 69 Mary

154 1529 1979 150 M. Shirley … Volume II. Intellectual development. Minneapolis,
381 1608 1306 69 The University of Minnesota press [ c 1933]
229 1681 1932 51 xvi, 513 p. incl. front. plates, tables, diagrs., forms. 20 cm . (Half-title:
160 1740 280 49 University
476 1740 52 41 of
562 1740 289 40 Minnesota.
916 1740 101 38 The
1053 1740 236 39 Institute
1325 1739 51 41 of
1411 1740 130 40 child
1578 1739 216 40 welfare.
1860 1739 298 49 Monograph

157 1797 152 41 series
335 1809 79 29 no.
523 1796 13 47 VII)

162 1850 52 53 ©
250 1855 113 47 May
396 1854 41 46 2,
470 1853 141 47 1933;
647 1853 68 40 2c.
750 1854 114 47 May
898 1853 53 46 8;
988 1852 81 40 aff.
1107 1854 114 46 May
1256 1853 51 46 6;
1346 1853 40 38 A
1422 1852 171 47 61655;
1633 1852 282 49 University
1950 1852 54 41 of
229 1852 1912 105 Minnesota,

441 1909 335 49 Minneapolis.

154 2011 272 69 Skinner,
457 2013 261 55 Thomas
745 2013 333 65 Lawrence,
1112 2016 172 52 1886-

228 2091 123 53 The
381 2089 458 70 Redemptorists
869 2090 60 53 in
962 2089 97 54 the
1090 2089 179 69 West,
1302 2089 75 69 by
1412 2090 65 52 T.
1511 2089 66 53 L.
1617 2087 266 71 Skinner,
1955 2133 11 11 C.
2063 2134 10 10 SS.
2146 2133 11 11 R.

161 2166 1446 71 St. Louis, Mo., Redemptorists fathers [ c 1933]
227 2239 915 51 xiii, 514 p. front. (port.) 23½cm.
228 2297 373 49 Bibliography:
630 2308 46 38 p.
702 2297 217 42 497-499.

164 2352 52 53 ©
247 2358 122 40 Mar.
398 2356 70 48 28,
500 2356 140 47 1933;
673 2357 66 39 2c.
771 2357 96 39 and
899 2356 80 39 aff.
1012 2357 123 38 Mar.
1166 2355 83 45 30;
1282 2355 42 40 A
1354 2355 171 47 60848;
1560 2355 363 49 Redemptorist
1952 2356 208 41 fathers.

242 2412 250 50 (33-9783)

156 2515 215 66 Smith,
400 2517 252 64 Thorne,
685 2522 171 50 1893-

230 2592 154 55 Rain
430 2594 61 54 in
537 2595 97 54 the
679 2595 269 68 doorway
1018 2595 94 68 [by]
1165 2594 230 54 Thorne
1440 2592 221 69 Smith;
1708 2594 328 54 illustrated
2083 2593 72 70 by

161 2670 248 55 Herbert
443 2672 196 54 Roese.
712 2672 233 56 Garden
981 2672 156 68 City,
1172 2673 72 52 N.
1283 2672 90 66 Y.,
1409 2673 358 67 Doubleday,
1804 2673 199 53 Doran
2042 2674 107 53 and

158 2768 297 50 company,
487 2749 126 68 inc.,
646 2753 152 51 1933.

232 2822 27 41 5
286 2833 43 38 p.
380 2854 24 16 l.,
433 2822 86 41 304
547 2834 43 38 p.
651 2822 127 42 illus.
838 2822 57 41 20
898 2824 44 23 cm
946 2854 10 10 .

234 2878 288 43 Illustrated
551 2881 100 48 t.-p.

234 2935 163 42 “First
423 2935 226 42 edition.”

164 2988 52 53 ©
241 2993 113 48 Apr.
382 2992 68 49 12,
476 2993 113 40 1933;
644 2992 66 41 2c.
738 2994 94 39 and
860 2992 82 41 aff.
968 2992 114 49 Apr.
1110 2993 81 46 15;
1221 2992 39 39 A
1287 2991 170 48 62226;
1487 2993 51 41 T.
1570 2992 170 49 Smith,
1773 2993 151 41 Santa
1952 2995 205 47 Monica,

233 3049 144 41 Calif.
447 3049 249 48 (33-9683)

158 3138 188 57 South
350 3140 211 64 worth,
591 3141 139 54 Mrs.
763 3139 293 56 Gertrude
1095 3139 161 67 (Van
1286 3138 208 66 Duyn)

226 3216 1929 73 American history. Complete ed. … From the discovery of
159 3294 1971 132 America to the present day, by Gertrude Van Duyn Southworth …
512 3373 1643 73 and John Van Duyn Southworth … Syracuse,
159 3452 71 52 N.
278 3453 90 54 Y.,
415 3452 138 53 New
602 3452 163 53 York
835 3457 121 63 [etc.]
1009 3452 264 69 Iroquois
1320 3452 337 71 publishing
1702 3472 300 52 company,
2046 3455 106 54 inc.

183 3533 175 65 [ c 1933]
235 3603 88 40 viii
348 3613 59 38 p.,
437 3604 25 39 1
509 3635 23 15 l.,
559 3603 84 41 455
670 3615 43 38 p.
769 3605 86 40 col.
881 3604 164 48 front.,
1074 3604 129 41 illus.
1232 3605 183 49 (maps)
1455 3605 170 49 plates.
1685 3605 55 40 21½
1774 3607 44 22 cm
1822 3637 8 9 .

167 3656 51 53 ©
247 3660 119 49 Apr.
392 3661 69 47 15,
491 3660 116 41 1933;
664 3661 67 40 2c.
763 3662 114 47 Apr.
908 3661 82 47 19;
1025 3661 82 40 aff.
1140 3662 114 48 Apr.
1285 3662 83 46 17;
1401 3662 41 39 A
1473 3662 169 47 62203;
1679 3662 224 49 Iroquois
1931 3664 108 47 pub.
2074 3673 81 37 co.,

233 3716 91 42 inc.
394 3717 248 49 (33-9856)

160 3806 252 65 Spinoza
436 3808 278 54 institute
742 3809 66 54 of
835 3808 295 67 America,
1160 3809 131 66 inc.,
1319 3811 140 52 New
1490 3810 177 55 York.

231 3884 229 53 Baruch
490 3882 278 71 Spinoza;
798 3887 291 52 addresses
1117 3887 113 52 and
1256 3904 279 51 messages
1563 3886 286 54 delivered
1878 3889 113 52 and
2020 3888 135 54 read

163 3966 57 48 at
247 3962 97 52 the
372 3961 229 70 College
626 3962 65 53 of
717 3963 97 53 the
841 3963 116 68 city
984 3962 64 55 of
1076 3964 139 52 New
1246 3962 180 66 York,
1455 3983 72 34 on
1554 3964 97 53 the
1679 3964 258 54 occasion
1966 3964 65 54 of
2059 3966 99 54 the
