2484 4405
1069 4097 136 50 1609

133 528 115 51 also
286 523 183 55 duties
507 524 63 51 of
609 523 337 62 constables;
987 521 246 68 practice
1271 523 111 51 and
1423 520 179 52 forms
1641 520 56 51 in
1739 520 134 52 New
1913 520 215 68 Jersey.

133 597 1994 73 8th ed. By A. Van Doren Honeyman … Newark, N. J., Soney
131 683 44 49 &
203 680 146 67 Sage
377 698 97 48 co.,
505 682 147 50 1933.

199 752 38 47 9,
271 753 70 48 [2],
371 751 173 40 10-560
572 763 42 36 p.
674 749 53 40 23½
762 752 42 21 cm
811 782 7 7 .

200 792 1297 63 “Abbreviated references": p. [1] following p. 9.
134 881 51 51 ©
215 885 116 39 Nov.
363 885 37 45 1,
430 883 112 39 1933;
601 884 65 38 2c.
698 883 94 38 and
822 881 81 40 aff.
936 882 116 40 Nov.
1083 881 82 41 10:
1199 881 39 38 A
1268 880 170 47 66973;
1472 881 53 39 A.
1557 882 51 38 V.
1642 882 301 46 Honeyman.

201 882 1917 100 Plain-field.
357 941 52 37 N.
444 941 43 38 J.
561 938 279 48 (33-33941)

133 1045 316 63 Isserman,
483 1040 334 54 Ferdinand
850 1042 230 63 Myron,
1117 1044 171 49 1898-

202 1120 201 53 Rebels
448 1121 112 51 and
603 1119 205 65 saints;
857 1120 95 52 the
994 1119 173 53 social
1210 1138 250 48 message
1503 1119 63 52 of
1609 1120 95 52 the
1747 1121 273 65 prophets
2064 1122 63 51 of

132 1196 1996 70 Israel, by Ferdinand M. Isserman … introduction by William
133 1275 1568 68 Scarlett … St. Louis, The Bethany press [ c 1933]
204 1349 85 41 152
317 1359 42 38 p.
420 1349 54 40 20
479 1351 42 21 cm
527 1381 9 9 .

136 1417 51 52 ©
221 1423 127 46 Sept.
380 1421 68 47 15,
481 1420 111 41 1933;
653 1421 67 39 2c.
754 1419 99 41 Oct.
887 1420 51 40 G:
974 1418 81 42 aff.
1089 1419 101 41 Oct.
1226 1419 50 43 5;
1310 1420 44 41 A
1382 1419 171 47 65477;
1590 1419 51 41 F.
1674 1420 61 39 M.
1770 1420 261 46 Isserman,
2068 1420 65 41 St.

202 1478 160 41 Louis.
436 1478 279 49 (33-34449)

133 1583 248 63 Jarrett,
412 1583 193 51 Lorna
635 1580 262 56 Hooleia.

201 1659 1929 67 Hawaii and its people, by Lorna H. Jarrett … Honolulu,
132 1738 246 63 Hawaii,
406 1738 295 53 Honolulu
731 1738 406 65 star-bulletin,
1165 1738 121 65 ltd.,
1315 1742 149 48 1933.

224 1809 1302 48 iv p., 1 l., 319 p. incl. illus. (maps) tables. 22 cm .
206 1869 240 47 “Chapter
577 1900 8 14 VIII,
622 1868 323 39 Government
979 1868 95 39 and
1109 1866 272 48 education,
1415 1868 89 39 has
1536 1868 118 39 been
1689 1867 196 39 written
1919 1867 59 48 by
2014 1868 118 39 Miss

136 1925 152 40 Helen
321 1924 378 42 Pratt.”—Pref.

205 1982 348 49 Bibliography
581 1984 51 39 at
659 1983 92 40 end
781 1982 50 42 of
859 1984 117 39 each
1005 1983 215 47 chapter.

135 2051 51 53 ©
218 2057 127 47 Sept.
372 2056 69 47 29,
469 2056 141 46 1933;
639 2056 67 39 2c.
734 2057 96 38 and
857 2055 81 39 aff.
967 2056 119 39 Nov.
1116 2055 51 47 8;
1198 2055 45 40 A
1267 2054 170 46 66968;
1469 2055 50 41 L.
1550 2055 57 38 H.
1640 2055 203 47 Jarrett,
1872 2054 262 40 Honolulu.

213 2113 279 48 (33-34115)

133 2214 196 66 Jones,
361 2214 190 55 Olivia
582 2217 190 63 Mary,
807 2214 171 54 1872-

205 2293 270 67 Inspired
502 2293 276 67 children,
804 2293 76 68 by
910 2292 167 55 Olive
1107 2293 80 53 M.
1218 2293 191 53 Jones.
1484 2293 139 54 New
1654 2293 164 52 York
1846 2294 112 52 and
136 2293 1976 145 London,
293 2371 233 67 Harper
553 2373 51 50 &
634 2371 278 67 brothers,
945 2374 150 50 1933.

203 2444 96 46 xiv,
333 2443 86 40 186
448 2453 42 37 p.
552 2443 146 41 19½cm.

206 2501 126 38 “The
367 2499 107 41 first
508 2501 211 39 detailed
755 2499 295 49 description
1085 2499 53 41 of
1173 2501 80 40 the
1288 2500 237 41 influence
1560 2499 51 41 of
1646 2502 81 38 the
1764 2500 185 40 Oxford
1983 2509 151 39 group

135 2556 1385 49 movement … upon the lives of children.”—Introd.
207 2614 160 40 “First
401 2614 225 41 edition.”

136 2668 2000 105 CONTENTS. — pt. 1. True stories of children’s spiritual experience. —pt. 2. The
433 2737 133 38 way;
598 2728 108 39 how
733 2728 218 39 children
980 2727 137 40 learn
1148 2730 49 38 to
1227 2727 141 40 know
1398 2726 115 41 God.

137 2780 53 51 ©
216 2784 115 39 Nov.
361 2786 68 44 10,
457 2784 139 47 1933;
626 2786 66 38 2c.
721 2785 115 38 Nov.
867 2785 80 41 13;
979 2785 81 40 aff.
1087 2785 118 38 Nov.
1235 2785 81 46 14;
1347 2784 42 39 A
1415 2783 170 48 67092;
1617 2784 194 47 Harper
1839 2784 38 40 &
1902 2784 126 40 bros.

219 2841 278 47 (33-34594)

135 2943 258 65 Jousset,
422 2943 258 55 Thérèse
709 2945 72 54 A.

265 3018 1866 69 … Etude et traitement de la méningite tuberculeuse. Préface
136 3095 1628 71 du cl r André Jousset … Paris, Masson et c ie , 1933.
204 3167 80 46 vii,
313 3168 84 40 152
426 3180 44 36 p.
525 3168 128 42 illus.
707 3169 56 40 25
767 3171 42 22 cm
815 3202 9 8 .

206 3225 418 49 “Bibliographie”:
691 3238 43 36 p.
775 3227 247 49 [141]-150.

139 3282 1748 52 © July 8, 1933; 1c. Sept. 21; A- Foreign 22157; Masson & cie.
220 3343 279 48 (33-34141)

137 3445 228 64 Knapp,
395 3447 242 52 Forrest
665 3447 235 55 Lamar.

207 3522 350 68 Leadership
608 3523 300 53 education
958 3523 59 53 in
1067 3524 96 52 the
1213 3524 210 53 church
1480 3557 12 33 t
1495 3523 94 69 by]
1645 3524 232 53 Forrest
1926 3525 211 52 Lamar

139 3599 1998 71 Knapp … New York, Cincinnati [etc.] The Abingdon press
185 3680 151 65 [c1933]

208 3749 85 42 278
317 3761 43 37 p.
420 3749 178 50 diagrs.
658 3750 55 41 20½c
763 3753 26 22 m
795 3783 9 9 .
868 3751 114 50 [The
1006 3750 253 50 Abingdon
1284 3751 229 50 religious
1539 3752 258 42 education
1824 3754 143 49 texts,
1995 3753 42 41 J.
2065 3754 69 41 W.

142 3807 256 47 Langdale,
433 3809 194 46 general
663 3808 155 41 editor;
884 3808 179 41 Guides
1100 3810 49 39 to
1186 3808 250 41 Christian
1469 3809 289 48 leadership,
1794 3810 51 39 P.
1881 3810 60 39 H.
1978 3809 156 47 Vieth,

136 3863 172 49 editor]

208 3918 346 49 Bibliography:
614 3931 43 37 p.
685 3920 217 41 275-278.

143 3971 51 51 ©
222 3976 117 46 Aug.
370 3977 69 45 21,
469 3976 140 42 1933;
641 3978 66 38 2c.
739 3978 94 38 and
863 3988 81 28 aff.
978 3978 100 40 Oct.
1109 3978 54 39 10;
1224 3978 40 39 A
1294 3978 170 41 65548;
1496 3978 256 47 Abingdon
1781 3989 148 38 press,
1960 3978 91 41 inc.

219 4032 277 48 (33-34598)
