<alto xmlns="http://www.loc.gov/standards/alto/ns-v3#" xmlns:xlink="http://www.w3.org/1999/xlink" xmlns:xsi="http://www.w3.org/2001/XMLSchema-instance" xsi:schemaLocation="http://www.loc.gov/standards/alto/ns-v3# http://www.loc.gov/alto/v3/alto-3-0.xsd"><Description>
<MeasurementUnit>pixel</MeasurementUnit>
<sourceImageInformation>
<fileName>1933_v1_Part1.pdf</fileName>
</sourceImageInformation>
<OCRProcessing ID="IdOcr">
<ocrProcessingStep>
<processingDateTime>2019-01-03</processingDateTime>
<processingSoftware>
<softwareCreator>ABBYY</softwareCreator>
<softwareName>ABBYY Recognition Server</softwareName>
<softwareVersion>4.0</softwareVersion>
</processingSoftware>
</ocrProcessingStep>
</OCRProcessing>
</Description>
<Styles>
<ParagraphStyle ID="StyleId-FFFFFFFF-FFFF-FFFF-FFFF-FFFFFFFFFFFF-" ALIGN="Left" LEFT="0." RIGHT="0." FIRSTLINE="0."/>
<ParagraphStyle ID="StyleId-6EF5737A-DCEB-4126-A0CF-C5930BF7166A-" ALIGN="Left" LEFT="0." RIGHT="0." FIRSTLINE="0." LINESPACE="8.300000191"/>
<ParagraphStyle ID="StyleId-2DE44258-FD0B-41E1-B542-087C989B01A3-" ALIGN="Left" LEFT="0." RIGHT="0." FIRSTLINE="0." LINESPACE="12.19999981"/>
<ParagraphStyle ID="StyleId-CE3D254A-29D7-4DD7-B5F1-E0FC0EF29B05-" ALIGN="Left" LEFT="0." RIGHT="0." FIRSTLINE="-14." LINESPACE="8.619999886"/>
<ParagraphStyle ID="StyleId-C0E3A137-CE4F-4287-8A90-B599106709D0-" ALIGN="Left" LEFT="0." RIGHT="0." FIRSTLINE="-14." LINESPACE="12.19999981"/>
<ParagraphStyle ID="StyleId-50F26F0C-05DA-4C19-BA58-7A6AC4499BEE-" ALIGN="Left" LEFT="0." RIGHT="0." FIRSTLINE="-14." LINESPACE="11.06999969"/>
<ParagraphStyle ID="StyleId-5DDE65AF-512C-41E2-9B8E-095D6D99EF68-" ALIGN="Center" LEFT="0." RIGHT="0." FIRSTLINE="0." LINESPACE="11.89999962"/>
<ParagraphStyle ID="StyleId-0A81D7A5-6A62-4C52-915E-7768974C704D-" ALIGN="Left" LEFT="0." RIGHT="0." FIRSTLINE="0." LINESPACE="9.399999619"/>
<ParagraphStyle ID="StyleId-F7A0127F-6B48-4157-BB81-FE33E1E1A05B-" ALIGN="Block" LEFT="0." RIGHT="0." FIRSTLINE="-13." LINESPACE="10.63000011"/>
<ParagraphStyle ID="StyleId-E18C69F7-DBD7-48B1-805C-FCD96D0DA019-" ALIGN="Left" LEFT="0." RIGHT="0." FIRSTLINE="0." LINESPACE="11.64000034"/>
<ParagraphStyle ID="StyleId-98F15501-B611-4E83-8BB3-807E891F11F5-" ALIGN="Left" LEFT="0." RIGHT="0." FIRSTLINE="-14." LINESPACE="12.19999981"/>
<ParagraphStyle ID="StyleId-F4A78626-0BBC-4D12-94D9-A1AE75A9855F-" ALIGN="Left" LEFT="0." RIGHT="0." FIRSTLINE="0." LINESPACE="9.399999619"/>
<ParagraphStyle ID="StyleId-6A3F6F4C-D21B-4ADE-902F-7683F18ECEF3-" ALIGN="Left" LEFT="0." RIGHT="0." FIRSTLINE="0." LINESPACE="11.10000038"/>
</Styles>
<Layout>
<Page ID="Page1784" PHYSICAL_IMG_NR="1784" HEIGHT="4453" WIDTH="2582">
<TopMargin HEIGHT="480" WIDTH="2582" VPOS="0" HPOS="0">
</TopMargin>
<LeftMargin HEIGHT="3776" WIDTH="323" VPOS="480" HPOS="0">
</LeftMargin>
<RightMargin HEIGHT="3776" WIDTH="178" VPOS="480" HPOS="2404">
</RightMargin>
<BottomMargin HEIGHT="197" WIDTH="2582" VPOS="4256" HPOS="0">
</BottomMargin>
<PrintSpace HEIGHT="3776" WIDTH="2081" VPOS="480" HPOS="323">
<TextBlock ID="Page1784_Block1" HEIGHT="72" WIDTH="156" VPOS="4184" HPOS="1296" LANG="en-US" STYLEREFS="StyleId-707D2507-EF6C-469A-8DAA-4BCE8C9A8DA3-">
<TextLine HEIGHT="53" WIDTH="137" VPOS="4193" HPOS="1305">
<String CONTENT="1784" HEIGHT="53" WIDTH="137" VPOS="4193" HPOS="1305"/>
</TextLine>
</TextBlock>
<TextBlock ID="Page1784_Block2" HEIGHT="3668" WIDTH="2081" VPOS="480" HPOS="323" LANG="en-US" CS="1" STYLEREFS="StyleId-FE8B3BAF-7808-4F47-883E-717A89B7DB03-">
<TextLine HEIGHT="65" WIDTH="944" VPOS="491" HPOS="366" STYLEREFS="StyleId-65CE3312-D9DE-4D38-9C82-C40F94B02E40-">
<String CONTENT="Hurlbut," HEIGHT="65" WIDTH="281" VPOS="491" HPOS="366"/>
<SP HEIGHT="64" WIDTH="28" VPOS="492" HPOS="648"/>
<String CONTENT="Stephen" HEIGHT="64" WIDTH="266" VPOS="492" HPOS="677"/>
<SP HEIGHT="53" WIDTH="27" VPOS="492" HPOS="944"/>
<String CONTENT="Augustus." HEIGHT="64" WIDTH="338" VPOS="492" HPOS="972"/>
</TextLine>
<TextLine HEIGHT="72" WIDTH="1949" VPOS="566" HPOS="438" STYLEREFS="StyleId-707D2507-EF6C-469A-8DAA-4BCE8C9A8DA3-">
<String CONTENT="With" HEIGHT="55" WIDTH="164" VPOS="567" HPOS="438"/>
<SP HEIGHT="55" WIDTH="33" VPOS="567" HPOS="603"/>
<String CONTENT="Caesar" HEIGHT="56" WIDTH="209" VPOS="567" HPOS="637"/>
<SP HEIGHT="54" WIDTH="30" VPOS="569" HPOS="847"/>
<String CONTENT="in" HEIGHT="52" WIDTH="61" VPOS="569" HPOS="878"/>
<SP HEIGHT="52" WIDTH="34" VPOS="568" HPOS="940"/>
<String CONTENT="France," HEIGHT="68" WIDTH="237" VPOS="568" HPOS="975"/>
<SP HEIGHT="67" WIDTH="32" VPOS="569" HPOS="1213"/>
<String CONTENT="being" HEIGHT="72" WIDTH="168" VPOS="566" HPOS="1246"/>
<SP HEIGHT="64" WIDTH="31" VPOS="574" HPOS="1415"/>
<String CONTENT="the" HEIGHT="51" WIDTH="93" VPOS="572" HPOS="1447"/>
<SP HEIGHT="34" WIDTH="33" VPOS="588" HPOS="1541"/>
<String CONTENT="narrative" HEIGHT="56" WIDTH="291" VPOS="567" HPOS="1575"/>
<SP HEIGHT="35" WIDTH="32" VPOS="588" HPOS="1867"/>
<String CONTENT="of" HEIGHT="55" WIDTH="62" VPOS="568" HPOS="1900"/>
<SP HEIGHT="55" WIDTH="33" VPOS="568" HPOS="1963"/>
<String CONTENT="a" HEIGHT="33" WIDTH="28" VPOS="590" HPOS="1997"/>
<SP HEIGHT="49" WIDTH="35" VPOS="588" HPOS="2026"/>
<String CONTENT="personally" HEIGHT="69" WIDTH="325" VPOS="568" HPOS="2062"/>
</TextLine>
<TextLine HEIGHT="71" WIDTH="2017" VPOS="646" HPOS="369" STYLEREFS="StyleId-707D2507-EF6C-469A-8DAA-4BCE8C9A8DA3-">
<String CONTENT="conducted" HEIGHT="55" WIDTH="313" VPOS="646" HPOS="369"/>
<SP HEIGHT="53" WIDTH="38" VPOS="646" HPOS="683"/>
<String CONTENT="tour" HEIGHT="47" WIDTH="130" VPOS="652" HPOS="722"/>
<SP HEIGHT="45" WIDTH="40" VPOS="656" HPOS="853"/>
<String CONTENT="through" HEIGHT="69" WIDTH="251" VPOS="647" HPOS="894"/>
<SP HEIGHT="53" WIDTH="40" VPOS="648" HPOS="1146"/>
<String CONTENT="the" HEIGHT="53" WIDTH="95" VPOS="648" HPOS="1187"/>
<SP HEIGHT="35" WIDTH="39" VPOS="666" HPOS="1283"/>
<String CONTENT="seventh" HEIGHT="54" WIDTH="233" VPOS="648" HPOS="1323"/>
<SP HEIGHT="53" WIDTH="41" VPOS="648" HPOS="1557"/>
<String CONTENT="book" HEIGHT="53" WIDTH="144" VPOS="648" HPOS="1599"/>
<SP HEIGHT="53" WIDTH="37" VPOS="648" HPOS="1744"/>
<String CONTENT="of" HEIGHT="53" WIDTH="63" VPOS="648" HPOS="1782"/>
<SP HEIGHT="52" WIDTH="39" VPOS="648" HPOS="1846"/>
<String CONTENT="the" HEIGHT="54" WIDTH="93" VPOS="649" HPOS="1886"/>
<SP HEIGHT="56" WIDTH="41" VPOS="647" HPOS="1980"/>
<String CONTENT="Gallic" HEIGHT="55" WIDTH="188" VPOS="647" HPOS="2022"/>
<SP HEIGHT="34" WIDTH="40" VPOS="667" HPOS="2211"/>
<String CONTENT="War," HEIGHT="51" WIDTH="134" VPOS="666" HPOS="2252"/>
</TextLine>
<TextLine HEIGHT="66" WIDTH="2019" VPOS="724" HPOS="367" STYLEREFS="StyleId-707D2507-EF6C-469A-8DAA-4BCE8C9A8DA3-" CS="1">
<String CONTENT="by" HEIGHT="65" WIDTH="73" VPOS="725" HPOS="367"/>
<SP HEIGHT="66" WIDTH="27" VPOS="724" HPOS="441"/>
<String CONTENT="Stephen" HEIGHT="66" WIDTH="255" VPOS="724" HPOS="469"/>
<SP HEIGHT="51" WIDTH="25" VPOS="726" HPOS="725"/>
<String CONTENT="A." HEIGHT="55" WIDTH="70" VPOS="726" HPOS="751"/>
<SP HEIGHT="55" WIDTH="27" VPOS="726" HPOS="822"/>
<String CONTENT="Hurlbut" HEIGHT="55" WIDTH="262" VPOS="726" HPOS="850"/>
<SP HEIGHT="47" WIDTH="31" VPOS="734" HPOS="1113"/>
<String CS="1" CONTENT="&#8230;"/>
<SP HEIGHT="54" WIDTH="59" VPOS="726" HPOS="1202"/>
<String CONTENT="Washington," HEIGHT="64" WIDTH="402" VPOS="726" HPOS="1262"/>
<SP HEIGHT="63" WIDTH="28" VPOS="727" HPOS="1665"/>
<String CONTENT="D." HEIGHT="54" WIDTH="70" VPOS="727" HPOS="1694"/>
<SP HEIGHT="56" WIDTH="29" VPOS="726" HPOS="1765"/>
<String CONTENT="C.," HEIGHT="64" WIDTH="81" VPOS="726" HPOS="1795"/>
<SP HEIGHT="62" WIDTH="26" VPOS="728" HPOS="1877"/>
<String CONTENT="The" HEIGHT="53" WIDTH="120" VPOS="728" HPOS="1904"/>
<SP HEIGHT="56" WIDTH="27" VPOS="726" HPOS="2025"/>
<String CONTENT="St." HEIGHT="56" WIDTH="82" VPOS="726" HPOS="2053"/>
<SP HEIGHT="52" WIDTH="30" VPOS="728" HPOS="2136"/>
<String CONTENT="Albans" HEIGHT="54" WIDTH="219" VPOS="726" HPOS="2167"/>
</TextLine>
<TextLine HEIGHT="65" WIDTH="362" VPOS="808" HPOS="365" STYLEREFS="StyleId-707D2507-EF6C-469A-8DAA-4BCE8C9A8DA3-">
<String CONTENT="press," HEIGHT="50" WIDTH="174" VPOS="823" HPOS="365"/>
<SP HEIGHT="64" WIDTH="34" VPOS="808" HPOS="540"/>
<String CONTENT="1933." HEIGHT="54" WIDTH="152" VPOS="808" HPOS="575"/>
</TextLine>
<TextLine HEIGHT="51" WIDTH="1312" VPOS="877" HPOS="437" CS="1">
<String CONTENT="4" HEIGHT="39" WIDTH="28" VPOS="878" HPOS="437"/>
<SP/>
<String CONTENT="p." HEIGHT="38" WIDTH="43" VPOS="888" HPOS="494"/>
<SP/>
<String CS="1" CONTENT="l.,"/>
<SP HEIGHT="48" WIDTH="28" VPOS="877" HPOS="610"/>
<String CONTENT="24" HEIGHT="40" WIDTH="56" VPOS="877" HPOS="639"/>
<SP HEIGHT="48" WIDTH="29" VPOS="878" HPOS="696"/>
<String CONTENT="p." HEIGHT="38" WIDTH="43" VPOS="888" HPOS="726"/>
<SP HEIGHT="38" WIDTH="56" VPOS="888" HPOS="770"/>
<String CONTENT="plates," HEIGHT="48" WIDTH="172" VPOS="878" HPOS="827"/>
<SP HEIGHT="30" WIDTH="29" VPOS="890" HPOS="1000"/>
<String CONTENT="maps" HEIGHT="39" WIDTH="138" VPOS="888" HPOS="1030"/>
<SP HEIGHT="44" WIDTH="27" VPOS="878" HPOS="1169"/>
<String CONTENT="(part" HEIGHT="49" WIDTH="136" VPOS="878" HPOS="1197"/>
<SP HEIGHT="39" WIDTH="28" VPOS="881" HPOS="1334"/>
<String CONTENT="double)" HEIGHT="48" WIDTH="200" VPOS="880" HPOS="1363"/>
<SP HEIGHT="48" WIDTH="66" VPOS="880" HPOS="1564"/>
<String CONTENT="17" HEIGHT="39" WIDTH="55" VPOS="882" HPOS="1631"/>
<String STYLE="superscript" CONTENT="cm" HEIGHT="22" WIDTH="44" VPOS="883" HPOS="1690"/>
<String CONTENT="." HEIGHT="7" WIDTH="8" VPOS="914" HPOS="1741"/>
</TextLine>
<TextLine HEIGHT="52" WIDTH="1945" VPOS="935" HPOS="439">
<String CONTENT="&#8220;A" HEIGHT="38" WIDTH="69" VPOS="937" HPOS="439"/>
<SP HEIGHT="39" WIDTH="23" VPOS="936" HPOS="509"/>
<String CONTENT="list" HEIGHT="42" WIDTH="85" VPOS="935" HPOS="533"/>
<SP HEIGHT="38" WIDTH="26" VPOS="939" HPOS="619"/>
<String CONTENT="of" HEIGHT="40" WIDTH="52" VPOS="936" HPOS="646"/>
<SP HEIGHT="39" WIDTH="26" VPOS="936" HPOS="699"/>
<String CONTENT="ancient" HEIGHT="41" WIDTH="195" VPOS="936" HPOS="726"/>
<SP HEIGHT="37" WIDTH="27" VPOS="940" HPOS="922"/>
<String CONTENT="names" HEIGHT="31" WIDTH="168" VPOS="946" HPOS="950"/>
<SP HEIGHT="40" WIDTH="27" VPOS="937" HPOS="1119"/>
<String CONTENT="&amp;" HEIGHT="40" WIDTH="35" VPOS="937" HPOS="1147"/>
<SP HEIGHT="40" WIDTH="26" VPOS="937" HPOS="1183"/>
<String CONTENT="modern" HEIGHT="38" WIDTH="201" VPOS="939" HPOS="1210"/>
<SP HEIGHT="37" WIDTH="25" VPOS="949" HPOS="1412"/>
<String CONTENT="places" HEIGHT="47" WIDTH="162" VPOS="939" HPOS="1438"/>
<SP HEIGHT="39" WIDTH="27" VPOS="939" HPOS="1601"/>
<String CONTENT="in" HEIGHT="39" WIDTH="50" VPOS="939" HPOS="1629"/>
<SP HEIGHT="38" WIDTH="25" VPOS="940" HPOS="1680"/>
<String CONTENT="France" HEIGHT="40" WIDTH="187" VPOS="940" HPOS="1706"/>
<SP HEIGHT="31" WIDTH="27" VPOS="950" HPOS="1894"/>
<String CONTENT="and" HEIGHT="39" WIDTH="94" VPOS="942" HPOS="1922"/>
<SP HEIGHT="39" WIDTH="29" VPOS="942" HPOS="2017"/>
<String CONTENT="the" HEIGHT="39" WIDTH="81" VPOS="942" HPOS="2047"/>
<SP HEIGHT="30" WIDTH="27" VPOS="951" HPOS="2129"/>
<String CONTENT="adjacent" HEIGHT="46" WIDTH="227" VPOS="941" HPOS="2157"/>
</TextLine>
<TextLine HEIGHT="52" WIDTH="502" VPOS="993" HPOS="365" CS="1">
<String CONTENT="lands&#8221;:" HEIGHT="43" WIDTH="200" VPOS="993" HPOS="365"/>
<SP HEIGHT="37" WIDTH="30" VPOS="1005" HPOS="566"/>
<String CONTENT="p." HEIGHT="37" WIDTH="43" VPOS="1005" HPOS="597"/>
<SP HEIGHT="31" WIDTH="34" VPOS="1014" HPOS="641"/>
<String CS="1" CONTENT="[21]-24." HEIGHT="49" WIDTH="178" VPOS="994" HPOS="689"/>
</TextLine>
<TextLine HEIGHT="110" WIDTH="2009" VPOS="1065" HPOS="367" CS="1">
<String CONTENT="&#169;" HEIGHT="52" WIDTH="52" VPOS="1065" HPOS="367"/>
<SP HEIGHT="52" WIDTH="27" VPOS="1065" HPOS="420"/>
<String CONTENT="Dec." HEIGHT="38" WIDTH="111" VPOS="1071" HPOS="448"/>
<SP HEIGHT="37" WIDTH="28" VPOS="1072" HPOS="560"/>
<String CONTENT="15," HEIGHT="46" WIDTH="68" VPOS="1070" HPOS="589"/>
<SP HEIGHT="45" WIDTH="27" VPOS="1071" HPOS="658"/>
<String CONTENT="1933;" HEIGHT="43" WIDTH="142" VPOS="1069" HPOS="686"/>
<SP HEIGHT="42" WIDTH="28" VPOS="1070" HPOS="829"/>
<String CONTENT="2c." HEIGHT="39" WIDTH="67" VPOS="1070" HPOS="858"/>
<SP HEIGHT="28" WIDTH="28" VPOS="1081" HPOS="926"/>
<String CONTENT="and" HEIGHT="39" WIDTH="95" VPOS="1070" HPOS="955"/>
<SP HEIGHT="39" WIDTH="28" VPOS="1070" HPOS="1051"/>
<String CONTENT="aff." HEIGHT="39" WIDTH="80" VPOS="1069" HPOS="1080"/>
<SP HEIGHT="37" WIDTH="29" VPOS="1071" HPOS="1161"/>
<String CONTENT="Dec." HEIGHT="39" WIDTH="112" VPOS="1071" HPOS="1191"/>
<SP HEIGHT="38" WIDTH="27" VPOS="1072" HPOS="1304"/>
<String CONTENT="18;" HEIGHT="46" WIDTH="82" VPOS="1070" HPOS="1332"/>
<SP HEIGHT="45" WIDTH="29" VPOS="1071" HPOS="1415"/>
<!-- cceid 4AD89F4C-6CF9-1014-A6CF-A82867D68027 --><String CONTENT="A" HEIGHT="38" WIDTH="41" VPOS="1071" HPOS="1445"/>
<SP HEIGHT="38" WIDTH="25" VPOS="1071" HPOS="1487"/>
<String CS="1" CONTENT="67588;" HEIGHT="41" WIDTH="145" VPOS="1070" HPOS="1513"/>
<SP HEIGHT="45" WIDTH="33" VPOS="1072" HPOS="1686"/>
<String CONTENT="8." HEIGHT="39" WIDTH="43" VPOS="1072" HPOS="1720"/>
<SP HEIGHT="38" WIDTH="28" VPOS="1073" HPOS="1764"/>
<String CONTENT="A." HEIGHT="38" WIDTH="53" VPOS="1073" HPOS="1793"/>
<SP HEIGHT="39" WIDTH="28" VPOS="1072" HPOS="1847"/>
<String CONTENT="Hurlbut," HEIGHT="47" WIDTH="232" VPOS="1072" HPOS="1876"/>
<SP HEIGHT="46" WIDTH="28" VPOS="1073" HPOS="2109"/>
<String CONTENT="Washington." HEIGHT="98" WIDTH="1942" VPOS="1069" HPOS="434"/>
<SP HEIGHT="48" WIDTH="73" VPOS="1127" HPOS="532"/>
<String CONTENT="(34-98)" HEIGHT="48" WIDTH="194" VPOS="1127" HPOS="606"/>
</TextLine>
<TextLine HEIGHT="65" WIDTH="1474" VPOS="1232" HPOS="366" STYLEREFS="StyleId-5360CD6F-A581-43E6-B43B-65265BB34B5C-">
<String CONTENT="Iowa." HEIGHT="52" WIDTH="176" VPOS="1233" HPOS="366"/>
<SP HEIGHT="53" WIDTH="72" VPOS="1232" HPOS="543"/>
<String CONTENT="State" HEIGHT="54" WIDTH="167" VPOS="1232" HPOS="616"/>
<SP HEIGHT="54" WIDTH="28" VPOS="1232" HPOS="784"/>
<String CONTENT="hoard" HEIGHT="53" WIDTH="179" VPOS="1232" HPOS="813"/>
<SP HEIGHT="54" WIDTH="26" VPOS="1232" HPOS="993"/>
<String CONTENT="of" HEIGHT="65" WIDTH="63" VPOS="1232" HPOS="1020"/>
<SP HEIGHT="65" WIDTH="26" VPOS="1232" HPOS="1084"/>
<String CONTENT="educational" HEIGHT="54" WIDTH="364" VPOS="1232" HPOS="1111"/>
<SP HEIGHT="52" WIDTH="28" VPOS="1234" HPOS="1476"/>
<String CONTENT="examiners." HEIGHT="54" WIDTH="335" VPOS="1234" HPOS="1505"/>
</TextLine>
<TextLine HEIGHT="73" WIDTH="1894" VPOS="1309" HPOS="498" STYLEREFS="StyleId-707D2507-EF6C-469A-8DAA-4BCE8C9A8DA3-" CS="1">
<String CS="1" CONTENT="&#8230;"/>
<SP HEIGHT="55" WIDTH="37" VPOS="1310" HPOS="498"/>
<String CONTENT="Guide" HEIGHT="55" WIDTH="189" VPOS="1310" HPOS="536"/>
<SP HEIGHT="55" WIDTH="34" VPOS="1309" HPOS="726"/>
<String CONTENT="for" HEIGHT="55" WIDTH="94" VPOS="1309" HPOS="761"/>
<SP HEIGHT="47" WIDTH="32" VPOS="1317" HPOS="856"/>
<String CONTENT="teaching" HEIGHT="68" WIDTH="269" VPOS="1311" HPOS="889"/>
<SP HEIGHT="52" WIDTH="32" VPOS="1327" HPOS="1159"/>
<String CONTENT="geography" HEIGHT="69" WIDTH="338" VPOS="1311" HPOS="1192"/>
<SP HEIGHT="68" WIDTH="31" VPOS="1312" HPOS="1531"/>
<String CONTENT="in" HEIGHT="52" WIDTH="59" VPOS="1312" HPOS="1563"/>
<SP HEIGHT="48" WIDTH="34" VPOS="1317" HPOS="1623"/>
<String CONTENT="the" HEIGHT="54" WIDTH="99" VPOS="1312" HPOS="1658"/>
<SP HEIGHT="35" WIDTH="29" VPOS="1331" HPOS="1758"/>
<String CONTENT="elementary" HEIGHT="68" WIDTH="349" VPOS="1313" HPOS="1788"/>
<SP HEIGHT="52" WIDTH="31" VPOS="1330" HPOS="2138"/>
<String CONTENT="grades." HEIGHT="70" WIDTH="222" VPOS="1312" HPOS="2170"/>
</TextLine>
<TextLine HEIGHT="73" WIDTH="2027" VPOS="1388" HPOS="366" STYLEREFS="StyleId-707D2507-EF6C-469A-8DAA-4BCE8C9A8DA3-">
<String CONTENT="Issued" HEIGHT="53" WIDTH="200" VPOS="1391" HPOS="366"/>
<SP HEIGHT="54" WIDTH="32" VPOS="1390" HPOS="567"/>
<String CONTENT="by" HEIGHT="69" WIDTH="75" VPOS="1390" HPOS="600"/>
<SP HEIGHT="67" WIDTH="33" VPOS="1392" HPOS="676"/>
<String CONTENT="Board" HEIGHT="53" WIDTH="196" VPOS="1391" HPOS="710"/>
<SP HEIGHT="53" WIDTH="32" VPOS="1391" HPOS="907"/>
<String CONTENT="of" HEIGHT="56" WIDTH="66" VPOS="1388" HPOS="940"/>
<SP HEIGHT="56" WIDTH="29" VPOS="1388" HPOS="1007"/>
<String CONTENT="educational" HEIGHT="54" WIDTH="365" VPOS="1390" HPOS="1037"/>
<SP HEIGHT="52" WIDTH="33" VPOS="1392" HPOS="1403"/>
<String CONTENT="examiners," HEIGHT="69" WIDTH="337" VPOS="1391" HPOS="1437"/>
<SP HEIGHT="68" WIDTH="31" VPOS="1392" HPOS="1775"/>
<String CONTENT="Agnes" HEIGHT="69" WIDTH="197" VPOS="1392" HPOS="1807"/>
<SP HEIGHT="57" WIDTH="33" VPOS="1391" HPOS="2005"/>
<String CONTENT="Samuelson," HEIGHT="70" WIDTH="354" VPOS="1391" HPOS="2039"/>
</TextLine>
<TextLine HEIGHT="71" WIDTH="2028" VPOS="1469" HPOS="366" STYLEREFS="StyleId-707D2507-EF6C-469A-8DAA-4BCE8C9A8DA3-" CS="1">
<String CONTENT="president." HEIGHT="68" WIDTH="309" VPOS="1470" HPOS="366"/>
<SP HEIGHT="51" WIDTH="94" VPOS="1471" HPOS="676"/>
<String CONTENT="Prepared" HEIGHT="68" WIDTH="296" VPOS="1470" HPOS="771"/>
<SP HEIGHT="54" WIDTH="46" VPOS="1469" HPOS="1068"/>
<String CONTENT="by" HEIGHT="69" WIDTH="75" VPOS="1469" HPOS="1115"/>
<SP HEIGHT="69" WIDTH="48" VPOS="1469" HPOS="1191"/>
<String CONTENT="Clara" HEIGHT="55" WIDTH="172" VPOS="1469" HPOS="1240"/>
<SP HEIGHT="52" WIDTH="51" VPOS="1471" HPOS="1413"/>
<String CONTENT="M." HEIGHT="53" WIDTH="81" VPOS="1471" HPOS="1465"/>
<SP HEIGHT="54" WIDTH="47" VPOS="1471" HPOS="1547"/>
<String CONTENT="Wallace" HEIGHT="54" WIDTH="254" VPOS="1471" HPOS="1595"/>
<SP HEIGHT="33" WIDTH="54" VPOS="1491" HPOS="1850"/>
<String CS="1" CONTENT="&#8230;"/>
<SP HEIGHT="35" WIDTH="56" VPOS="1505" HPOS="1962"/>
<String CS="1" CONTENT="[and]" HEIGHT="67" WIDTH="132" VPOS="1472" HPOS="2038"/>
<SP HEIGHT="68" WIDTH="53" VPOS="1471" HPOS="2171"/>
<String CONTENT="Olive" HEIGHT="56" WIDTH="169" VPOS="1471" HPOS="2225"/>
</TextLine>
<TextLine HEIGHT="70" WIDTH="1819" VPOS="1549" HPOS="364" STYLEREFS="StyleId-707D2507-EF6C-469A-8DAA-4BCE8C9A8DA3-" CS="1">
<String CONTENT="Pearl" HEIGHT="53" WIDTH="173" VPOS="1550" HPOS="364"/>
<SP HEIGHT="52" WIDTH="28" VPOS="1550" HPOS="538"/>
<String CONTENT="Ritter" HEIGHT="52" WIDTH="192" VPOS="1550" HPOS="567"/>
<SP HEIGHT="32" WIDTH="36" VPOS="1570" HPOS="760"/>
<String CS="1" CONTENT="&#8230;"/>
<SP HEIGHT="53" WIDTH="78" VPOS="1549" HPOS="855"/>
<String CONTENT="Des" HEIGHT="54" WIDTH="116" VPOS="1549" HPOS="934"/>
<SP HEIGHT="54" WIDTH="30" VPOS="1549" HPOS="1051"/>
<String CONTENT="Moines," HEIGHT="68" WIDTH="242" VPOS="1549" HPOS="1082"/>
<SP HEIGHT="67" WIDTH="31" VPOS="1550" HPOS="1325"/>
<String CONTENT="The" HEIGHT="54" WIDTH="123" VPOS="1550" HPOS="1357"/>
<SP HEIGHT="35" WIDTH="31" VPOS="1569" HPOS="1481"/>
<String CONTENT="state" HEIGHT="49" WIDTH="146" VPOS="1555" HPOS="1513"/>
<SP HEIGHT="36" WIDTH="31" VPOS="1568" HPOS="1660"/>
<String CONTENT="of" HEIGHT="53" WIDTH="66" VPOS="1550" HPOS="1692"/>
<SP HEIGHT="52" WIDTH="29" VPOS="1550" HPOS="1759"/>
<String CONTENT="Iowa" HEIGHT="52" WIDTH="160" VPOS="1551" HPOS="1789"/>
<SP HEIGHT="49" WIDTH="38" VPOS="1569" HPOS="1950"/>
<String CONTENT="[" HEIGHT="34" WIDTH="13" VPOS="1584" HPOS="1989"/>
<String STYLE="superscript" CONTENT="c" HEIGHT="21" WIDTH="17" VPOS="1557" HPOS="2007"/>
<String CONTENT="1933]" HEIGHT="65" WIDTH="152" VPOS="1554" HPOS="2031"/>
</TextLine>
<TextLine HEIGHT="50" WIDTH="371" VPOS="1623" HPOS="433" CS="1">
<String CONTENT="173" HEIGHT="42" WIDTH="86" VPOS="1624" HPOS="433"/>
<SP HEIGHT="48" WIDTH="28" VPOS="1625" HPOS="520"/>
<String CONTENT="p." HEIGHT="38" WIDTH="45" VPOS="1635" HPOS="549"/>
<SP HEIGHT="43" WIDTH="57" VPOS="1623" HPOS="595"/>
<String CS="1" CONTENT="22&#189;" HEIGHT="40" WIDTH="57" VPOS="1623" HPOS="653"/>
<String STYLE="superscript" CONTENT="cm" HEIGHT="23" WIDTH="47" VPOS="1625" HPOS="743"/>
<String CONTENT="." HEIGHT="10" WIDTH="11" VPOS="1654" HPOS="793"/>
</TextLine>
<TextLine HEIGHT="42" WIDTH="1079" VPOS="1680" HPOS="433">
<String CONTENT="At" HEIGHT="39" WIDTH="64" VPOS="1683" HPOS="433"/>
<SP HEIGHT="40" WIDTH="24" VPOS="1682" HPOS="498"/>
<String CONTENT="head" HEIGHT="40" WIDTH="126" VPOS="1682" HPOS="523"/>
<SP HEIGHT="39" WIDTH="25" VPOS="1683" HPOS="650"/>
<String CONTENT="of" HEIGHT="39" WIDTH="52" VPOS="1682" HPOS="676"/>
<SP HEIGHT="39" WIDTH="27" VPOS="1682" HPOS="729"/>
<String CONTENT="title:" HEIGHT="41" WIDTH="137" VPOS="1681" HPOS="757"/>
<SP HEIGHT="41" WIDTH="30" VPOS="1681" HPOS="895"/>
<String CONTENT="State" HEIGHT="41" WIDTH="137" VPOS="1681" HPOS="926"/>
<SP HEIGHT="31" WIDTH="29" VPOS="1691" HPOS="1064"/>
<String CONTENT="of" HEIGHT="41" WIDTH="53" VPOS="1681" HPOS="1094"/>
<SP HEIGHT="39" WIDTH="26" VPOS="1681" HPOS="1148"/>
<String CONTENT="Iowa." HEIGHT="39" WIDTH="146" VPOS="1682" HPOS="1175"/>
<SP HEIGHT="39" WIDTH="61" VPOS="1681" HPOS="1322"/>
<String CONTENT="1933." HEIGHT="42" WIDTH="128" VPOS="1680" HPOS="1384"/>
</TextLine>
<TextLine HEIGHT="50" WIDTH="662" VPOS="1737" HPOS="434">
<String CONTENT="Includes" HEIGHT="41" WIDTH="229" VPOS="1739" HPOS="434"/>
<SP HEIGHT="40" WIDTH="34" VPOS="1739" HPOS="664"/>
<String CONTENT="bibliographies." HEIGHT="50" WIDTH="397" VPOS="1737" HPOS="699"/>
</TextLine>
<TextLine HEIGHT="52" WIDTH="1749" VPOS="1793" HPOS="365" CS="1">
<String CONTENT="&#169;" HEIGHT="52" WIDTH="54" VPOS="1793" HPOS="365"/>
<SP HEIGHT="52" WIDTH="26" VPOS="1793" HPOS="420"/>
<String CONTENT="Nov." HEIGHT="39" WIDTH="118" VPOS="1798" HPOS="447"/>
<SP HEIGHT="40" WIDTH="29" VPOS="1797" HPOS="566"/>
<String CONTENT="9," HEIGHT="47" WIDTH="38" VPOS="1797" HPOS="596"/>
<SP HEIGHT="45" WIDTH="29" VPOS="1799" HPOS="635"/>
<String CONTENT="1933:" HEIGHT="41" WIDTH="141" VPOS="1796" HPOS="665"/>
<SP HEIGHT="39" WIDTH="30" VPOS="1798" HPOS="807"/>
<String CONTENT="2c." HEIGHT="38" WIDTH="66" VPOS="1798" HPOS="838"/>
<SP HEIGHT="28" WIDTH="29" VPOS="1808" HPOS="905"/>
<String CONTENT="and" HEIGHT="39" WIDTH="96" VPOS="1797" HPOS="935"/>
<SP HEIGHT="39" WIDTH="28" VPOS="1797" HPOS="1032"/>
<String CS="1" CONTENT="aff." HEIGHT="40" WIDTH="83" VPOS="1796" HPOS="1061"/>
<SP HEIGHT="40" WIDTH="27" VPOS="1796" HPOS="1145"/>
<String CS="1" CONTENT="Nov"/>
<String LANG="el" CONTENT="." HEIGHT="8" WIDTH="8" VPOS="1829" HPOS="1285"/>
<SP HEIGHT="39" WIDTH="28" VPOS="1798" HPOS="1294"/>
<String CONTENT="13;" HEIGHT="46" WIDTH="82" VPOS="1797" HPOS="1323"/>
<SP HEIGHT="46" WIDTH="31" VPOS="1797" HPOS="1406"/>
<!-- cceid 4AD8A94D-6CF9-1014-A6CF-A82867D68027 --><String CONTENT="A" HEIGHT="38" WIDTH="40" VPOS="1797" HPOS="1438"/>
<SP HEIGHT="39" WIDTH="28" VPOS="1797" HPOS="1479"/>
<String CONTENT="67114;" HEIGHT="46" WIDTH="171" VPOS="1797" HPOS="1508"/>
<SP HEIGHT="46" WIDTH="35" VPOS="1797" HPOS="1680"/>
<String CONTENT="State" HEIGHT="40" WIDTH="137" VPOS="1797" HPOS="1716"/>
<SP HEIGHT="29" WIDTH="29" VPOS="1808" HPOS="1854"/>
<String CONTENT="of" HEIGHT="40" WIDTH="52" VPOS="1797" HPOS="1884"/>
<SP HEIGHT="39" WIDTH="30" VPOS="1797" HPOS="1937"/>
<String CONTENT="Iowa." HEIGHT="39" WIDTH="146" VPOS="1798" HPOS="1968"/>
</TextLine>
<TextLine HEIGHT="49" WIDTH="283" VPOS="1869" HPOS="445" CS="1">
<String CS="1" CONTENT="(33-28264)" HEIGHT="49" WIDTH="283" VPOS="1869" HPOS="445"/>
</TextLine>
<TextLine HEIGHT="66" WIDTH="1015" VPOS="1972" HPOS="365" STYLEREFS="StyleId-65CE3312-D9DE-4D38-9C82-C40F94B02E40-">
<String CONTENT="Jaenicken," HEIGHT="64" WIDTH="344" VPOS="1974" HPOS="365"/>
<SP HEIGHT="63" WIDTH="31" VPOS="1975" HPOS="710"/>
<String CONTENT="Frederick" HEIGHT="55" WIDTH="319" VPOS="1972" HPOS="742"/>
<SP HEIGHT="52" WIDTH="31" VPOS="1973" HPOS="1062"/>
<String CONTENT="Herman." HEIGHT="56" WIDTH="286" VPOS="1974" HPOS="1094"/>
</TextLine>
<TextLine HEIGHT="70" WIDTH="1945" VPOS="2051" HPOS="440" STYLEREFS="StyleId-707D2507-EF6C-469A-8DAA-4BCE8C9A8DA3-">
<String CONTENT="Silent" HEIGHT="56" WIDTH="185" VPOS="2053" HPOS="440"/>
<SP HEIGHT="46" WIDTH="39" VPOS="2060" HPOS="626"/>
<String CONTENT="night," HEIGHT="69" WIDTH="188" VPOS="2052" HPOS="666"/>
<SP HEIGHT="68" WIDTH="38" VPOS="2053" HPOS="855"/>
<String CONTENT="holy" HEIGHT="67" WIDTH="137" VPOS="2053" HPOS="894"/>
<SP HEIGHT="50" WIDTH="38" VPOS="2070" HPOS="1032"/>
<String CONTENT="night;" HEIGHT="68" WIDTH="198" VPOS="2052" HPOS="1071"/>
<SP HEIGHT="54" WIDTH="43" VPOS="2059" HPOS="1270"/>
<String CONTENT="the" HEIGHT="53" WIDTH="95" VPOS="2052" HPOS="1314"/>
<SP HEIGHT="35" WIDTH="42" VPOS="2071" HPOS="1410"/>
<String CONTENT="story" HEIGHT="60" WIDTH="159" VPOS="2060" HPOS="1453"/>
<SP HEIGHT="49" WIDTH="39" VPOS="2071" HPOS="1613"/>
<String CONTENT="of" HEIGHT="54" WIDTH="64" VPOS="2051" HPOS="1653"/>
<SP HEIGHT="54" WIDTH="40" VPOS="2051" HPOS="1718"/>
<String CONTENT="a" HEIGHT="34" WIDTH="30" VPOS="2071" HPOS="1759"/>
<SP HEIGHT="52" WIDTH="42" VPOS="2053" HPOS="1790"/>
<String CONTENT="lovely" HEIGHT="68" WIDTH="189" VPOS="2052" HPOS="1833"/>
<SP HEIGHT="67" WIDTH="40" VPOS="2053" HPOS="2023"/>
<String CONTENT="Christmas" HEIGHT="55" WIDTH="321" VPOS="2053" HPOS="2064"/>
</TextLine>
<TextLine HEIGHT="69" WIDTH="2021" VPOS="2131" HPOS="363" STYLEREFS="StyleId-707D2507-EF6C-469A-8DAA-4BCE8C9A8DA3-" CS="1">
<String CONTENT="song," HEIGHT="48" WIDTH="159" VPOS="2152" HPOS="363"/>
<SP HEIGHT="66" WIDTH="30" VPOS="2133" HPOS="523"/>
<String CONTENT="by" HEIGHT="66" WIDTH="75" VPOS="2133" HPOS="554"/>
<SP HEIGHT="65" WIDTH="30" VPOS="2134" HPOS="630"/>
<String CONTENT="Frederick" HEIGHT="54" WIDTH="313" VPOS="2131" HPOS="661"/>
<SP HEIGHT="53" WIDTH="28" VPOS="2132" HPOS="975"/>
<String CONTENT="H." HEIGHT="51" WIDTH="76" VPOS="2134" HPOS="1004"/>
<SP HEIGHT="52" WIDTH="33" VPOS="2134" HPOS="1081"/>
<String CONTENT="Jaenicken" HEIGHT="55" WIDTH="314" VPOS="2131" HPOS="1115"/>
<SP HEIGHT="34" WIDTH="38" VPOS="2151" HPOS="1430"/>
<String CS="1" CONTENT="&#8230;"/>
<SP HEIGHT="55" WIDTH="81" VPOS="2131" HPOS="1526"/>
<String CONTENT="Chicago" HEIGHT="68" WIDTH="253" VPOS="2131" HPOS="1608"/>
<SP HEIGHT="48" WIDTH="38" VPOS="2152" HPOS="1862"/>
<String CS="1" CONTENT="[The" HEIGHT="52" WIDTH="119" VPOS="2133" HPOS="1920"/>
<SP HEIGHT="51" WIDTH="34" VPOS="2133" HPOS="2040"/>
<String CONTENT="Frederick" HEIGHT="54" WIDTH="309" VPOS="2131" HPOS="2075"/>
</TextLine>
<TextLine HEIGHT="67" WIDTH="936" VPOS="2211" HPOS="365" STYLEREFS="StyleId-707D2507-EF6C-469A-8DAA-4BCE8C9A8DA3-">
<String CONTENT="H." HEIGHT="53" WIDTH="75" VPOS="2211" HPOS="365"/>
<SP HEIGHT="53" WIDTH="27" VPOS="2214" HPOS="441"/>
<String CONTENT="Jaenicken" HEIGHT="56" WIDTH="317" VPOS="2211" HPOS="469"/>
<SP HEIGHT="34" WIDTH="25" VPOS="2230" HPOS="787"/>
<String CONTENT="company," HEIGHT="49" WIDTH="300" VPOS="2229" HPOS="813"/>
<SP HEIGHT="61" WIDTH="36" VPOS="2217" HPOS="1114"/>
<String CONTENT="1933." HEIGHT="50" WIDTH="150" VPOS="2214" HPOS="1151"/>
</TextLine>
<TextLine HEIGHT="49" WIDTH="1302" VPOS="2283" HPOS="442" CS="1">
<String CONTENT="5" HEIGHT="38" WIDTH="25" VPOS="2284" HPOS="442"/>
<SP/>
<String CONTENT="p." HEIGHT="36" WIDTH="42" VPOS="2295" HPOS="494"/>
<SP/>
<String CS="1" CONTENT="l.,"/>
<SP HEIGHT="47" WIDTH="24" VPOS="2285" HPOS="607"/>
<String CONTENT="37" HEIGHT="40" WIDTH="56" VPOS="2285" HPOS="632"/>
<SP HEIGHT="46" WIDTH="25" VPOS="2286" HPOS="689"/>
<String CONTENT="p." HEIGHT="37" WIDTH="43" VPOS="2295" HPOS="715"/>
<SP HEIGHT="37" WIDTH="60" VPOS="2295" HPOS="759"/>
<String CONTENT="plates" HEIGHT="48" WIDTH="158" VPOS="2284" HPOS="820"/>
<SP HEIGHT="47" WIDTH="25" VPOS="2285" HPOS="979"/>
<String CONTENT="(incl." HEIGHT="48" WIDTH="136" VPOS="2284" HPOS="1005"/>
<SP HEIGHT="28" WIDTH="26" VPOS="2295" HPOS="1142"/>
<String CONTENT="music)" HEIGHT="47" WIDTH="179" VPOS="2283" HPOS="1169"/>
<SP HEIGHT="48" WIDTH="35" VPOS="2283" HPOS="1349"/>
<String CONTENT="ports." HEIGHT="44" WIDTH="150" VPOS="2287" HPOS="1385"/>
<SP HEIGHT="41" WIDTH="60" VPOS="2284" HPOS="1536"/>
<String CS="1" CONTENT="18&#189;" HEIGHT="41" WIDTH="56" VPOS="2284" HPOS="1597"/>
<String STYLE="superscript" CS="1" CONTENT="cm" HEIGHT="22" WIDTH="15" VPOS="2285" HPOS="1686"/>
<String CONTENT="." HEIGHT="8" WIDTH="9" VPOS="2317" HPOS="1735"/>
</TextLine>
<TextLine HEIGHT="48" WIDTH="1836" VPOS="2342" HPOS="442" CS="1">
<String CONTENT="&quot;Silent" HEIGHT="41" WIDTH="185" VPOS="2342" HPOS="442"/>
<SP HEIGHT="36" WIDTH="30" VPOS="2347" HPOS="628"/>
<String CONTENT="night," HEIGHT="48" WIDTH="154" VPOS="2342" HPOS="659"/>
<SP HEIGHT="44" WIDTH="30" VPOS="2343" HPOS="814"/>
<String CONTENT="holy" HEIGHT="46" WIDTH="111" VPOS="2343" HPOS="845"/>
<SP HEIGHT="36" WIDTH="29" VPOS="2353" HPOS="957"/>
<String CONTENT="night&#8221;" HEIGHT="46" WIDTH="168" VPOS="2342" HPOS="987"/>
<SP HEIGHT="46" WIDTH="40" VPOS="2342" HPOS="1156"/>
<String CONTENT="(words" HEIGHT="44" WIDTH="185" VPOS="2344" HPOS="1197"/>
<SP HEIGHT="29" WIDTH="29" VPOS="2352" HPOS="1383"/>
<String CONTENT="and" HEIGHT="38" WIDTH="94" VPOS="2343" HPOS="1413"/>
<SP HEIGHT="38" WIDTH="29" VPOS="2343" HPOS="1508"/>
<String CS="1" CONTENT="music):" HEIGHT="46" WIDTH="180" VPOS="2342" HPOS="1538"/>
<SP HEIGHT="28" WIDTH="32" VPOS="2353" HPOS="1756"/>
<String CONTENT="verso" HEIGHT="29" WIDTH="139" VPOS="2352" HPOS="1789"/>
<SP HEIGHT="28" WIDTH="31" VPOS="2353" HPOS="1929"/>
<String CONTENT="of" HEIGHT="38" WIDTH="52" VPOS="2342" HPOS="1961"/>
<SP HEIGHT="39" WIDTH="26" VPOS="2342" HPOS="2014"/>
<String CONTENT="3d" HEIGHT="39" WIDTH="58" VPOS="2342" HPOS="2041"/>
<SP HEIGHT="47" WIDTH="33" VPOS="2342" HPOS="2100"/>
<String CONTENT="plate." HEIGHT="47" WIDTH="144" VPOS="2342" HPOS="2134"/>
</TextLine>
<TextLine HEIGHT="53" WIDTH="1562" VPOS="2396" HPOS="367" CS="1">
<String CONTENT="&#169;" HEIGHT="53" WIDTH="51" VPOS="2396" HPOS="367"/>
<SP HEIGHT="53" WIDTH="34" VPOS="2396" HPOS="419"/>
<String CONTENT="Oct." HEIGHT="40" WIDTH="100" VPOS="2401" HPOS="454"/>
<SP HEIGHT="37" WIDTH="35" VPOS="2403" HPOS="555"/>
<String CONTENT="15." HEIGHT="40" WIDTH="68" VPOS="2402" HPOS="591"/>
<SP HEIGHT="40" WIDTH="32" VPOS="2402" HPOS="660"/>
<String CONTENT="1933:" HEIGHT="41" WIDTH="143" VPOS="2400" HPOS="693"/>
<SP HEIGHT="40" WIDTH="34" VPOS="2401" HPOS="837"/>
<String CONTENT="2c." HEIGHT="39" WIDTH="67" VPOS="2401" HPOS="872"/>
<SP HEIGHT="28" WIDTH="34" VPOS="2412" HPOS="940"/>
<String CONTENT="and" HEIGHT="38" WIDTH="95" VPOS="2402" HPOS="975"/>
<SP HEIGHT="38" WIDTH="34" VPOS="2402" HPOS="1071"/>
<String CONTENT="aff." HEIGHT="40" WIDTH="81" VPOS="2400" HPOS="1106"/>
<SP HEIGHT="38" WIDTH="33" VPOS="2401" HPOS="1188"/>
<String CS="1" CONTENT="Nov." HEIGHT="28" WIDTH="72" VPOS="2412" HPOS="1269"/>
<SP HEIGHT="39" WIDTH="33" VPOS="2400" HPOS="1342"/>
<String CONTENT="27:" HEIGHT="41" WIDTH="83" VPOS="2400" HPOS="1376"/>
<SP HEIGHT="40" WIDTH="35" VPOS="2401" HPOS="1460"/>
<!-- cceid 4AD8B726-6CF9-1014-A6CF-A82867D68027 --><String CONTENT="A" HEIGHT="38" WIDTH="41" VPOS="2401" HPOS="1496"/>
<SP HEIGHT="39" WIDTH="31" VPOS="2400" HPOS="1538"/>
<String CS="1" CONTENT="68341:" HEIGHT="40" WIDTH="172" VPOS="2400" HPOS="1570"/>
<SP HEIGHT="40" WIDTH="37" VPOS="2400" HPOS="1743"/>
<String CONTENT="F." HEIGHT="40" WIDTH="52" VPOS="2400" HPOS="1781"/>
<SP HEIGHT="39" WIDTH="33" VPOS="2401" HPOS="1834"/>
<String CONTENT="H." HEIGHT="39" WIDTH="61" VPOS="2401" HPOS="1868"/>
</TextLine>
<TextLine HEIGHT="109" WIDTH="1937" VPOS="2398" HPOS="435" CS="1">
<String CONTENT="Jaenicken," HEIGHT="42" WIDTH="282" VPOS="2400" HPOS="1964"/>
<SP HEIGHT="44" WIDTH="36" VPOS="2398" HPOS="2247"/>
<String CONTENT="Chicago." HEIGHT="106" WIDTH="1937" VPOS="2398" HPOS="435"/>
<SP HEIGHT="49" WIDTH="70" VPOS="2458" HPOS="568"/>
<String CONTENT="(34-52)" HEIGHT="49" WIDTH="193" VPOS="2458" HPOS="639"/>
</TextLine>
<TextLine HEIGHT="67" WIDTH="1153" VPOS="2561" HPOS="363" STYLEREFS="StyleId-65CE3312-D9DE-4D38-9C82-C40F94B02E40-">
<String CONTENT="Johnson," HEIGHT="67" WIDTH="286" VPOS="2561" HPOS="363"/>
<SP HEIGHT="64" WIDTH="31" VPOS="2564" HPOS="650"/>
<String CONTENT="Frederick" HEIGHT="54" WIDTH="319" VPOS="2562" HPOS="682"/>
<SP HEIGHT="53" WIDTH="28" VPOS="2564" HPOS="1002"/>
<String CONTENT="William," HEIGHT="65" WIDTH="278" VPOS="2562" HPOS="1031"/>
<SP HEIGHT="60" WIDTH="34" VPOS="2567" HPOS="1310"/>
<String CONTENT="1888-" HEIGHT="49" WIDTH="171" VPOS="2566" HPOS="1345"/>
</TextLine>
<TextLine HEIGHT="151" WIDTH="2000" VPOS="2639" HPOS="363" STYLEREFS="StyleId-707D2507-EF6C-469A-8DAA-4BCE8C9A8DA3-" CS="1">
<String CONTENT="Easily" HEIGHT="67" WIDTH="202" VPOS="2642" HPOS="435"/>
<SP HEIGHT="68" WIDTH="34" VPOS="2641" HPOS="638"/>
<String CONTENT="interpolated" HEIGHT="68" WIDTH="387" VPOS="2641" HPOS="673"/>
<SP HEIGHT="52" WIDTH="34" VPOS="2642" HPOS="1061"/>
<String CONTENT="trigonometric" HEIGHT="68" WIDTH="434" VPOS="2640" HPOS="1096"/>
<SP HEIGHT="48" WIDTH="34" VPOS="2645" HPOS="1531"/>
<String CONTENT="tables," HEIGHT="68" WIDTH="199" VPOS="2640" HPOS="1566"/>
<SP HEIGHT="49" WIDTH="35" VPOS="2659" HPOS="1766"/>
<String CONTENT="with" HEIGHT="51" WIDTH="139" VPOS="2640" HPOS="1802"/>
<SP HEIGHT="51" WIDTH="36" VPOS="2640" HPOS="1942"/>
<String CONTENT="Non-interpolating" HEIGHT="151" WIDTH="2000" VPOS="2639" HPOS="363"/>
<SP HEIGHT="69" WIDTH="26" VPOS="2721" HPOS="550"/>
<String CONTENT="logs," HEIGHT="68" WIDTH="141" VPOS="2721" HPOS="577"/>
</TextLine>
<TextLine HEIGHT="70" WIDTH="1582" VPOS="2719" HPOS="744" STYLEREFS="StyleId-707D2507-EF6C-469A-8DAA-4BCE8C9A8DA3-" CS="1">
<String CONTENT="cologs" HEIGHT="68" WIDTH="190" VPOS="2721" HPOS="744"/>
<SP HEIGHT="34" WIDTH="26" VPOS="2739" HPOS="935"/>
<String CONTENT="and" HEIGHT="52" WIDTH="112" VPOS="2721" HPOS="962"/>
<SP HEIGHT="52" WIDTH="28" VPOS="2721" HPOS="1075"/>
<String CONTENT="antilogs" HEIGHT="67" WIDTH="250" VPOS="2720" HPOS="1104"/>
<SP HEIGHT="33" WIDTH="31" VPOS="2740" HPOS="1355"/>
<String CS="1" CONTENT="&#8230;"/>
<SP HEIGHT="52" WIDTH="30" VPOS="2720" HPOS="1443"/>
<String CONTENT="by" HEIGHT="68" WIDTH="75" VPOS="2720" HPOS="1474"/>
<SP HEIGHT="68" WIDTH="25" VPOS="2720" HPOS="1550"/>
<String CONTENT="Frederick" HEIGHT="55" WIDTH="312" VPOS="2719" HPOS="1576"/>
<SP HEIGHT="53" WIDTH="24" VPOS="2719" HPOS="1889"/>
<String CONTENT="IV." HEIGHT="52" WIDTH="88" VPOS="2720" HPOS="1914"/>
<SP HEIGHT="55" WIDTH="28" VPOS="2719" HPOS="2003"/>
<String CONTENT="Johnson" HEIGHT="55" WIDTH="262" VPOS="2719" HPOS="2032"/>
<SP HEIGHT="33" WIDTH="31" VPOS="2739" HPOS="2295"/>
<String CS="1" CONTENT="&#8230;"/>
</TextLine>
<TextLine HEIGHT="153" WIDTH="1999" VPOS="2797" HPOS="364" STYLEREFS="StyleId-707D2507-EF6C-469A-8DAA-4BCE8C9A8DA3-" CS="1">
<String CONTENT="San" HEIGHT="56" WIDTH="117" VPOS="2799" HPOS="365"/>
<SP HEIGHT="53" WIDTH="39" VPOS="2800" HPOS="483"/>
<String CONTENT="Francisco," HEIGHT="66" WIDTH="327" VPOS="2800" HPOS="523"/>
<SP HEIGHT="67" WIDTH="39" VPOS="2799" HPOS="851"/>
<String CONTENT="Calif.," HEIGHT="57" WIDTH="196" VPOS="2798" HPOS="891"/>
<SP HEIGHT="54" WIDTH="38" VPOS="2801" HPOS="1088"/>
<String CONTENT="The" HEIGHT="53" WIDTH="120" VPOS="2799" HPOS="1127"/>
<SP HEIGHT="56" WIDTH="42" VPOS="2797" HPOS="1248"/>
<String CONTENT="Simplified" HEIGHT="70" WIDTH="326" VPOS="2797" HPOS="1291"/>
<SP HEIGHT="52" WIDTH="36" VPOS="2799" HPOS="1618"/>
<String CONTENT="series" HEIGHT="52" WIDTH="172" VPOS="2800" HPOS="1655"/>
<SP HEIGHT="49" WIDTH="37" VPOS="2818" HPOS="1828"/>
<String CONTENT="publishing" HEIGHT="70" WIDTH="337" VPOS="2797" HPOS="1866"/>
<SP HEIGHT="50" WIDTH="37" VPOS="2817" HPOS="2204"/>
<String CONTENT="company," HEIGHT="133" WIDTH="1999" VPOS="2817" HPOS="364"/>
<SP HEIGHT="59" WIDTH="31" VPOS="2884" HPOS="536"/>
<String CONTENT="1933." HEIGHT="51" WIDTH="152" VPOS="2882" HPOS="568"/>
</TextLine>
<TextLine HEIGHT="54" WIDTH="1947" VPOS="2952" HPOS="438" CS="1">
<String CONTENT="[112]," HEIGHT="50" WIDTH="130" VPOS="2956" HPOS="438"/>
<SP HEIGHT="36" WIDTH="27" VPOS="2967" HPOS="569"/>
<String CONTENT="x," HEIGHT="35" WIDTH="45" VPOS="2967" HPOS="597"/>
<SP HEIGHT="46" WIDTH="27" VPOS="2956" HPOS="643"/>
<String CONTENT="44," HEIGHT="46" WIDTH="70" VPOS="2956" HPOS="671"/>
<SP HEIGHT="31" WIDTH="32" VPOS="2973" HPOS="742"/>
<String CONTENT="[88]" HEIGHT="51" WIDTH="84" VPOS="2953" HPOS="775"/>
<SP HEIGHT="37" WIDTH="31" VPOS="2966" HPOS="860"/>
<String CONTENT="p." HEIGHT="36" WIDTH="43" VPOS="2966" HPOS="892"/>
<SP HEIGHT="39" WIDTH="60" VPOS="2955" HPOS="936"/>
<String CONTENT="diagr." HEIGHT="47" WIDTH="155" VPOS="2954" HPOS="997"/>
<SP HEIGHT="40" WIDTH="59" VPOS="2954" HPOS="1153"/>
<String CS="1" CONTENT="24&#189;" HEIGHT="38" WIDTH="55" VPOS="2954" HPOS="1213"/>
<String STYLE="superscript" CS="1" CONTENT="cm" HEIGHT="21" WIDTH="15" VPOS="2955" HPOS="1302"/>
<String CONTENT="." HEIGHT="7" WIDTH="8" VPOS="2986" HPOS="1353"/>
<SP HEIGHT="44" WIDTH="69" VPOS="2955" HPOS="1362"/>
<String CONTENT="(Lettered" HEIGHT="46" WIDTH="254" VPOS="2953" HPOS="1432"/>
<SP HEIGHT="39" WIDTH="28" VPOS="2954" HPOS="1687"/>
<String CONTENT="on" HEIGHT="30" WIDTH="58" VPOS="2963" HPOS="1716"/>
<SP HEIGHT="29" WIDTH="29" VPOS="2964" HPOS="1775"/>
<String CONTENT="cover:" HEIGHT="30" WIDTH="164" VPOS="2964" HPOS="1805"/>
<SP HEIGHT="40" WIDTH="26" VPOS="2953" HPOS="1970"/>
<String CONTENT="The" HEIGHT="40" WIDTH="101" VPOS="2953" HPOS="1997"/>
<SP HEIGHT="30" WIDTH="29" VPOS="2963" HPOS="2099"/>
<String CONTENT="simplified" HEIGHT="48" WIDTH="256" VPOS="2952" HPOS="2129"/>
</TextLine>
<TextLine HEIGHT="49" WIDTH="365" VPOS="3013" HPOS="363">
<String CONTENT="series," HEIGHT="47" WIDTH="167" VPOS="3015" HPOS="363"/>
<SP HEIGHT="37" WIDTH="34" VPOS="3025" HPOS="531"/>
<String CONTENT="no." HEIGHT="30" WIDTH="76" VPOS="3024" HPOS="566"/>
<SP HEIGHT="40" WIDTH="33" VPOS="3014" HPOS="643"/>
<String CONTENT="7)" HEIGHT="48" WIDTH="51" VPOS="3013" HPOS="677"/>
</TextLine>
<TextLine HEIGHT="48" WIDTH="609" VPOS="3071" HPOS="435">
<String CONTENT="Text" HEIGHT="39" WIDTH="126" VPOS="3073" HPOS="435"/>
<SP HEIGHT="38" WIDTH="25" VPOS="3074" HPOS="562"/>
<String CONTENT="on" HEIGHT="29" WIDTH="61" VPOS="3082" HPOS="588"/>
<SP HEIGHT="40" WIDTH="26" VPOS="3071" HPOS="650"/>
<String CONTENT="lining-papers." HEIGHT="48" WIDTH="367" VPOS="3071" HPOS="677"/>
</TextLine>
<TextLine HEIGHT="51" WIDTH="1262" VPOS="3126" HPOS="436">
<String CONTENT="Blank" HEIGHT="40" WIDTH="162" VPOS="3130" HPOS="436"/>
<SP HEIGHT="47" WIDTH="25" VPOS="3130" HPOS="599"/>
<String CONTENT="pages" HEIGHT="38" WIDTH="147" VPOS="3139" HPOS="625"/>
<SP HEIGHT="41" WIDTH="24" VPOS="3128" HPOS="773"/>
<String CONTENT="for" HEIGHT="40" WIDTH="80" VPOS="3128" HPOS="798"/>
<SP HEIGHT="36" WIDTH="28" VPOS="3131" HPOS="879"/>
<String CONTENT="&quot;Notes&#8221;" HEIGHT="41" WIDTH="206" VPOS="3127" HPOS="908"/>
<SP HEIGHT="45" WIDTH="38" VPOS="3127" HPOS="1115"/>
<String CONTENT="([3]" HEIGHT="50" WIDTH="81" VPOS="3127" HPOS="1154"/>
<SP HEIGHT="51" WIDTH="29" VPOS="3126" HPOS="1236"/>
<String CONTENT="following" HEIGHT="49" WIDTH="254" VPOS="3126" HPOS="1266"/>
<SP HEIGHT="38" WIDTH="24" VPOS="3137" HPOS="1521"/>
<String CONTENT="p." HEIGHT="37" WIDTH="42" VPOS="3137" HPOS="1546"/>
<SP HEIGHT="39" WIDTH="26" VPOS="3128" HPOS="1589"/>
<String CONTENT="44)" HEIGHT="47" WIDTH="82" VPOS="3127" HPOS="1616"/>
</TextLine>
<TextLine HEIGHT="47" WIDTH="798" VPOS="3185" HPOS="437">
<String CONTENT="Includes" HEIGHT="39" WIDTH="227" VPOS="3189" HPOS="437"/>
<SP HEIGHT="30" WIDTH="34" VPOS="3197" HPOS="665"/>
<String CONTENT="advertising" HEIGHT="47" WIDTH="305" VPOS="3185" HPOS="700"/>
<SP HEIGHT="35" WIDTH="34" VPOS="3197" HPOS="1006"/>
<String CONTENT="matter." HEIGHT="38" WIDTH="194" VPOS="3187" HPOS="1041"/>
</TextLine>
<TextLine HEIGHT="54" WIDTH="2021" VPOS="3241" HPOS="367">
<String CONTENT="&#169;" HEIGHT="52" WIDTH="54" VPOS="3243" HPOS="367"/>
<SP HEIGHT="52" WIDTH="26" VPOS="3243" HPOS="422"/>
<String CONTENT="Aug." HEIGHT="45" WIDTH="121" VPOS="3248" HPOS="449"/>
<SP HEIGHT="39" WIDTH="28" VPOS="3248" HPOS="571"/>
<String CONTENT="18," HEIGHT="42" WIDTH="68" VPOS="3246" HPOS="600"/>
<SP HEIGHT="41" WIDTH="29" VPOS="3247" HPOS="669"/>
<String CONTENT="1933:" HEIGHT="42" WIDTH="141" VPOS="3244" HPOS="699"/>
<SP HEIGHT="41" WIDTH="31" VPOS="3245" HPOS="841"/>
<String CONTENT="2c." HEIGHT="39" WIDTH="66" VPOS="3245" HPOS="873"/>
<SP HEIGHT="40" WIDTH="31" VPOS="3244" HPOS="940"/>
<String CONTENT="Oct." HEIGHT="40" WIDTH="102" VPOS="3244" HPOS="972"/>
<SP HEIGHT="39" WIDTH="28" VPOS="3244" HPOS="1075"/>
<String CONTENT="2;" HEIGHT="46" WIDTH="53" VPOS="3244" HPOS="1104"/>
<SP HEIGHT="35" WIDTH="31" VPOS="3255" HPOS="1158"/>
<String CONTENT="aff." HEIGHT="40" WIDTH="83" VPOS="3243" HPOS="1190"/>
<SP HEIGHT="39" WIDTH="29" VPOS="3244" HPOS="1274"/>
<String CONTENT="Jan." HEIGHT="39" WIDTH="112" VPOS="3244" HPOS="1304"/>
<SP HEIGHT="40" WIDTH="27" VPOS="3243" HPOS="1417"/>
<String CONTENT="2," HEIGHT="46" WIDTH="39" VPOS="3243" HPOS="1445"/>
<SP HEIGHT="45" WIDTH="31" VPOS="3244" HPOS="1485"/>
<String CONTENT="1934:" HEIGHT="43" WIDTH="141" VPOS="3242" HPOS="1517"/>
<SP HEIGHT="41" WIDTH="31" VPOS="3244" HPOS="1659"/>
<!-- cceid 4AD8C051-6CF9-1014-A6CF-A82867D68027 --><String CONTENT="A" HEIGHT="38" WIDTH="41" VPOS="3244" HPOS="1691"/>
<SP HEIGHT="39" WIDTH="29" VPOS="3243" HPOS="1733"/>
<String CONTENT="66458;" HEIGHT="46" WIDTH="170" VPOS="3242" HPOS="1763"/>
<SP HEIGHT="45" WIDTH="34" VPOS="3243" HPOS="1934"/>
<String CONTENT="F." HEIGHT="40" WIDTH="50" VPOS="3243" HPOS="1969"/>
<SP HEIGHT="39" WIDTH="34" VPOS="3244" HPOS="2020"/>
<String CONTENT="W." HEIGHT="38" WIDTH="67" VPOS="3244" HPOS="2055"/>
<SP HEIGHT="39" WIDTH="31" VPOS="3242" HPOS="2123"/>
<String CONTENT="Johnson." HEIGHT="41" WIDTH="233" VPOS="3241" HPOS="2155"/>
</TextLine>
<TextLine HEIGHT="54" WIDTH="1319" VPOS="3297" HPOS="441">
<String CONTENT="San" HEIGHT="39" WIDTH="96" VPOS="3305" HPOS="441"/>
<SP HEIGHT="39" WIDTH="33" VPOS="3304" HPOS="538"/>
<String CONTENT="Francisco." HEIGHT="41" WIDTH="274" VPOS="3302" HPOS="572"/>
<SP HEIGHT="29" WIDTH="70" VPOS="3322" HPOS="847"/>
<String CONTENT="[&#169;" HEIGHT="54" WIDTH="68" VPOS="3297" HPOS="918"/>
<SP HEIGHT="52" WIDTH="32" VPOS="3297" HPOS="987"/>
<String CONTENT="new" HEIGHT="28" WIDTH="107" VPOS="3313" HPOS="1020"/>
<SP HEIGHT="28" WIDTH="30" VPOS="3313" HPOS="1128"/>
<String CONTENT="material]" HEIGHT="49" WIDTH="244" VPOS="3301" HPOS="1159"/>
<SP HEIGHT="48" WIDTH="72" VPOS="3302" HPOS="1404"/>
<String CONTENT="(33-29993)" HEIGHT="48" WIDTH="283" VPOS="3299" HPOS="1477"/>
</TextLine>
<TextLine HEIGHT="67" WIDTH="804" VPOS="3405" HPOS="368" STYLEREFS="StyleId-65CE3312-D9DE-4D38-9C82-C40F94B02E40-">
<String CONTENT="Kipling," HEIGHT="67" WIDTH="261" VPOS="3405" HPOS="368"/>
<SP HEIGHT="64" WIDTH="28" VPOS="3407" HPOS="630"/>
<String CONTENT="Rudyard," HEIGHT="64" WIDTH="306" VPOS="3407" HPOS="659"/>
<SP HEIGHT="59" WIDTH="33" VPOS="3412" HPOS="966"/>
<String CONTENT="1865-" HEIGHT="50" WIDTH="172" VPOS="3409" HPOS="1000"/>
</TextLine>
<TextLine HEIGHT="73" WIDTH="1945" VPOS="3478" HPOS="441" STYLEREFS="StyleId-707D2507-EF6C-469A-8DAA-4BCE8C9A8DA3-">
<String CONTENT="Bonfires" HEIGHT="56" WIDTH="257" VPOS="3483" HPOS="441"/>
<SP HEIGHT="36" WIDTH="47" VPOS="3503" HPOS="699"/>
<String CONTENT="on" HEIGHT="33" WIDTH="68" VPOS="3502" HPOS="747"/>
<SP HEIGHT="46" WIDTH="48" VPOS="3489" HPOS="816"/>
<String CONTENT="the" HEIGHT="52" WIDTH="93" VPOS="3483" HPOS="865"/>
<SP HEIGHT="52" WIDTH="48" VPOS="3483" HPOS="959"/>
<String CONTENT="ice," HEIGHT="68" WIDTH="98" VPOS="3483" HPOS="1008"/>
<SP HEIGHT="68" WIDTH="45" VPOS="3483" HPOS="1107"/>
<String CONTENT="by" HEIGHT="68" WIDTH="73" VPOS="3483" HPOS="1153"/>
<SP HEIGHT="69" WIDTH="46" VPOS="3482" HPOS="1227"/>
<String CONTENT="Rudyard" HEIGHT="69" WIDTH="277" VPOS="3481" HPOS="1274"/>
<SP HEIGHT="52" WIDTH="48" VPOS="3481" HPOS="1552"/>
<String CONTENT="Kipling." HEIGHT="69" WIDTH="265" VPOS="3480" HPOS="1601"/>
<SP HEIGHT="55" WIDTH="84" VPOS="3479" HPOS="1867"/>
<String CONTENT="Garden" HEIGHT="55" WIDTH="231" VPOS="3479" HPOS="1952"/>
<SP HEIGHT="56" WIDTH="48" VPOS="3478" HPOS="2184"/>
<String CONTENT="City," HEIGHT="70" WIDTH="153" VPOS="3478" HPOS="2233"/>
</TextLine>
<TextLine HEIGHT="69" WIDTH="1549" VPOS="3561" HPOS="369" STYLEREFS="StyleId-707D2507-EF6C-469A-8DAA-4BCE8C9A8DA3-">
<String CONTENT="N." HEIGHT="52" WIDTH="65" VPOS="3563" HPOS="369"/>
<SP HEIGHT="52" WIDTH="33" VPOS="3563" HPOS="435"/>
<String CONTENT="Y.," HEIGHT="65" WIDTH="90" VPOS="3563" HPOS="469"/>
<SP HEIGHT="65" WIDTH="28" VPOS="3563" HPOS="560"/>
<String CONTENT="Doubleday," HEIGHT="68" WIDTH="357" VPOS="3562" HPOS="589"/>
<SP HEIGHT="68" WIDTH="30" VPOS="3562" HPOS="947"/>
<String CONTENT="Doran" HEIGHT="52" WIDTH="195" VPOS="3562" HPOS="978"/>
<SP HEIGHT="51" WIDTH="29" VPOS="3563" HPOS="1174"/>
<String CONTENT="&amp;" HEIGHT="49" WIDTH="43" VPOS="3563" HPOS="1204"/>
<SP HEIGHT="50" WIDTH="29" VPOS="3563" HPOS="1248"/>
<String CONTENT="company," HEIGHT="52" WIDTH="299" VPOS="3578" HPOS="1278"/>
<SP HEIGHT="68" WIDTH="28" VPOS="3561" HPOS="1578"/>
<String CONTENT="inc.," HEIGHT="68" WIDTH="128" VPOS="3561" HPOS="1607"/>
<SP HEIGHT="65" WIDTH="31" VPOS="3564" HPOS="1736"/>
<String CONTENT="1933." HEIGHT="50" WIDTH="150" VPOS="3562" HPOS="1768"/>
</TextLine>
<TextLine HEIGHT="49" WIDTH="295" VPOS="3635" HPOS="455" STYLEREFS="StyleId-707D2507-EF6C-469A-8DAA-4BCE8C9A8DA3-" CS="1">
<String CS="1" CONTENT="[8]" HEIGHT="49" WIDTH="41" VPOS="3635" HPOS="455"/>
<SP HEIGHT="38" WIDTH="31" VPOS="3646" HPOS="497"/>
<String CONTENT="p." HEIGHT="37" WIDTH="43" VPOS="3646" HPOS="529"/>
<SP HEIGHT="39" WIDTH="61" VPOS="3636" HPOS="573"/>
<String CONTENT="19" HEIGHT="40" WIDTH="55" VPOS="3635" HPOS="635"/>
<String STYLE="superscript" CONTENT="cm" HEIGHT="21" WIDTH="43" VPOS="3637" HPOS="692"/>
<String CONTENT="." HEIGHT="7" WIDTH="8" VPOS="3669" HPOS="742"/>
</TextLine>
<TextLine HEIGHT="39" WIDTH="159" VPOS="3695" HPOS="439">
<String CONTENT="Poem." HEIGHT="39" WIDTH="159" VPOS="3695" HPOS="439"/>
</TextLine>
<TextLine HEIGHT="55" WIDTH="2019" VPOS="3749" HPOS="368">
<String CONTENT="&#169;" HEIGHT="53" WIDTH="52" VPOS="3751" HPOS="368"/>
<SP HEIGHT="53" WIDTH="36" VPOS="3751" HPOS="421"/>
<String CONTENT="Dec." HEIGHT="37" WIDTH="111" VPOS="3758" HPOS="458"/>
<SP HEIGHT="39" WIDTH="35" VPOS="3756" HPOS="570"/>
<String CONTENT="5." HEIGHT="41" WIDTH="39" VPOS="3756" HPOS="606"/>
<SP HEIGHT="41" WIDTH="36" VPOS="3756" HPOS="646"/>
<String CONTENT="1933;" HEIGHT="42" WIDTH="140" VPOS="3755" HPOS="683"/>
<SP HEIGHT="43" WIDTH="37" VPOS="3754" HPOS="824"/>
<String CONTENT="2c." HEIGHT="40" WIDTH="66" VPOS="3754" HPOS="862"/>
<SP HEIGHT="28" WIDTH="36" VPOS="3765" HPOS="929"/>
<String CONTENT="and" HEIGHT="39" WIDTH="93" VPOS="3754" HPOS="966"/>
<SP HEIGHT="39" WIDTH="38" VPOS="3754" HPOS="1060"/>
<String CONTENT="aff." HEIGHT="40" WIDTH="80" VPOS="3752" HPOS="1099"/>
<SP HEIGHT="38" WIDTH="39" VPOS="3754" HPOS="1180"/>
<String CONTENT="Dec." HEIGHT="39" WIDTH="110" VPOS="3754" HPOS="1220"/>
<SP HEIGHT="40" WIDTH="36" VPOS="3753" HPOS="1331"/>
<String CONTENT="7:" HEIGHT="40" WIDTH="51" VPOS="3753" HPOS="1368"/>
<SP HEIGHT="40" WIDTH="38" VPOS="3753" HPOS="1420"/>
<!-- cceid 4AD8C97B-6CF9-1014-A6CF-A82867D68027 --><String CONTENT="A" HEIGHT="39" WIDTH="39" VPOS="3753" HPOS="1459"/>
<SP HEIGHT="40" WIDTH="35" VPOS="3752" HPOS="1499"/>
<String CONTENT="67478;" HEIGHT="42" WIDTH="172" VPOS="3752" HPOS="1535"/>
<SP HEIGHT="42" WIDTH="38" VPOS="3752" HPOS="1708"/>
<String CONTENT="It." HEIGHT="40" WIDTH="54" VPOS="3752" HPOS="1747"/>
<SP HEIGHT="40" WIDTH="37" VPOS="3752" HPOS="1802"/>
<String CONTENT="Kipling." HEIGHT="49" WIDTH="214" VPOS="3751" HPOS="1840"/>
<SP HEIGHT="40" WIDTH="38" VPOS="3753" HPOS="2055"/>
<String CONTENT="Bateman&#8217;s," HEIGHT="47" WIDTH="293" VPOS="3749" HPOS="2094"/>
</TextLine>
<TextLine HEIGHT="48" WIDTH="1025" VPOS="3810" HPOS="436">
<String CONTENT="Burwash," HEIGHT="40" WIDTH="256" VPOS="3814" HPOS="436"/>
<SP HEIGHT="39" WIDTH="34" VPOS="3815" HPOS="693"/>
<String CONTENT="Sussex." HEIGHT="38" WIDTH="194" VPOS="3815" HPOS="728"/>
<SP HEIGHT="40" WIDTH="33" VPOS="3813" HPOS="923"/>
<String CONTENT="England." HEIGHT="46" WIDTH="233" VPOS="3812" HPOS="957"/>
<SP HEIGHT="44" WIDTH="76" VPOS="3811" HPOS="1191"/>
<String CONTENT="(34-99)" HEIGHT="45" WIDTH="193" VPOS="3810" HPOS="1268"/>
</TextLine>
<TextLine HEIGHT="66" WIDTH="1295" VPOS="3914" HPOS="367" STYLEREFS="StyleId-65CE3312-D9DE-4D38-9C82-C40F94B02E40-" CS="1">
<String CONTENT="Lawton," HEIGHT="64" WIDTH="268" VPOS="3914" HPOS="367"/>
<SP HEIGHT="60" WIDTH="24" VPOS="3918" HPOS="636"/>
<String CONTENT="John" HEIGHT="53" WIDTH="155" VPOS="3917" HPOS="661"/>
<SP HEIGHT="53" WIDTH="26" VPOS="3916" HPOS="817"/>
<String CONTENT="Julian," HEIGHT="65" WIDTH="220" VPOS="3914" HPOS="844"/>
<SP HEIGHT="60" WIDTH="29" VPOS="3919" HPOS="1065"/>
<String CS="1" CONTENT="187-4-comp." HEIGHT="64" WIDTH="567" VPOS="3916" HPOS="1095"/>
</TextLine>
<TextLine HEIGHT="70" WIDTH="1950" VPOS="3990" HPOS="435" STYLEREFS="StyleId-707D2507-EF6C-469A-8DAA-4BCE8C9A8DA3-">
<String CONTENT="The" HEIGHT="51" WIDTH="121" VPOS="3995" HPOS="435"/>
<SP HEIGHT="55" WIDTH="30" VPOS="3993" HPOS="557"/>
<String CONTENT="Seamans" HEIGHT="55" WIDTH="272" VPOS="3993" HPOS="588"/>
<SP HEIGHT="52" WIDTH="32" VPOS="3993" HPOS="861"/>
<String CONTENT="family" HEIGHT="67" WIDTH="207" VPOS="3993" HPOS="894"/>
<SP HEIGHT="67" WIDTH="30" VPOS="3993" HPOS="1102"/>
<String CONTENT="in" HEIGHT="51" WIDTH="55" VPOS="3993" HPOS="1133"/>
<SP HEIGHT="51" WIDTH="30" VPOS="3993" HPOS="1189"/>
<String CONTENT="America" HEIGHT="53" WIDTH="265" VPOS="3992" HPOS="1220"/>
<SP HEIGHT="34" WIDTH="31" VPOS="4011" HPOS="1486"/>
<String CONTENT="as" HEIGHT="35" WIDTH="59" VPOS="4011" HPOS="1518"/>
<SP HEIGHT="53" WIDTH="30" VPOS="3993" HPOS="1578"/>
<String CONTENT="descended" HEIGHT="53" WIDTH="311" VPOS="3992" HPOS="1609"/>
<SP HEIGHT="54" WIDTH="32" VPOS="3990" HPOS="1921"/>
<String CONTENT="from" HEIGHT="53" WIDTH="152" VPOS="3990" HPOS="1954"/>
<SP HEIGHT="53" WIDTH="28" VPOS="3990" HPOS="2107"/>
<String CONTENT="Thomas" HEIGHT="53" WIDTH="249" VPOS="3990" HPOS="2136"/>
</TextLine>
<TextLine HEIGHT="71" WIDTH="2017" VPOS="4067" HPOS="367" STYLEREFS="StyleId-707D2507-EF6C-469A-8DAA-4BCE8C9A8DA3-">
<String CONTENT="Seamans" HEIGHT="56" WIDTH="272" VPOS="4072" HPOS="367"/>
<SP HEIGHT="31" WIDTH="37" VPOS="4092" HPOS="640"/>
<String CONTENT="of" HEIGHT="51" WIDTH="64" VPOS="4072" HPOS="678"/>
<SP HEIGHT="56" WIDTH="37" VPOS="4070" HPOS="743"/>
<String CONTENT="Swansea," HEIGHT="63" WIDTH="286" VPOS="4070" HPOS="781"/>
<SP HEIGHT="61" WIDTH="35" VPOS="4072" HPOS="1068"/>
<String CONTENT="Massachusetts," HEIGHT="68" WIDTH="466" VPOS="4070" HPOS="1104"/>
<SP HEIGHT="62" WIDTH="38" VPOS="4076" HPOS="1571"/>
<String CONTENT="1687," HEIGHT="64" WIDTH="150" VPOS="4073" HPOS="1610"/>
<SP HEIGHT="48" WIDTH="35" VPOS="4089" HPOS="1761"/>
<String CONTENT="compiled" HEIGHT="67" WIDTH="283" VPOS="4070" HPOS="1797"/>
<SP HEIGHT="53" WIDTH="34" VPOS="4069" HPOS="2081"/>
<String CONTENT="by" HEIGHT="67" WIDTH="74" VPOS="4069" HPOS="2116"/>
<SP HEIGHT="69" WIDTH="35" VPOS="4067" HPOS="2191"/>
<String CONTENT="John" HEIGHT="55" WIDTH="157" VPOS="4067" HPOS="2227"/>
</TextLine>
</TextBlock>
</PrintSpace>
</Page>
</Layout>
</alto>