2484 4405
1069 4097 133 50 1825

133 459 313 54 American
477 456 220 55 Jewish
728 455 356 56 committee.

203 537 120 51 The
368 533 150 57 Jews
564 536 54 51 in
667 534 143 53 Nazi
856 533 318 68 Germany;
1224 532 92 51 the
1364 531 216 53 factual
1628 530 195 54 record
1871 529 61 53 of
1977 529 150 53 their

132 612 354 70 persecution
520 613 72 65 by
627 613 93 51 the
755 610 273 55 National
1062 610 295 52 socialists.
1433 609 138 52 New
1606 609 179 64 York,
1823 607 300 54 American

133 691 215 53 Jewish
376 690 337 66 committee,
742 693 151 49 1933.

196 765 81 47 vii,
305 764 58 41 99
388 775 43 38 p.
487 764 58 40 22½
577 766 15 21 cm
626 796 8 7 .

131 832 50 52 ©
211 836 125 40 June
363 833 68 50 19,
459 834 139 48 1933;
628 834 67 41 2c.
722 834 120 48 Aug.
869 832 82 48 12;
983 832 79 41 aff.
1097 832 127 48 Sept.
1254 832 51 47 9;
1337 832 40 40 A
1405 830 170 44 63899;
1608 832 157 40 Amer.
1795 831 184 41 Jewish
196 836 1915 101 committee.

448 892 278 49 (33-19249)

131 1009 321 66 Bachman,
485 1011 197 51 Frank
716 1010 405 63 Puterbaugh,
1155 1009 172 52 1871-

203 1088 324 53 Education
551 1089 111 51 and
687 1085 372 56 certification
1082 1087 64 51 of
1169 1088 346 66 elementary
1539 1087 270 67 teachers,
1833 1087 74 67 by
1931 1086 198 54 Frank

133 1161 1994 72 P. Bachman … Nashville, Tenn., Division of surveys and
134 1243 131 54 field
299 1242 232 60 studies,
567 1245 219 67 George
821 1242 272 69 Peabody
1129 1245 210 66 college
1374 1243 95 53 for
1501 1243 271 66 teachers,
1806 1246 151 49 1933.

202 1329 45 36 x,
272 1318 88 40 225
384 1328 44 39 p.
481 1318 152 48 diagr.
688 1319 56 37 22½
777 1320 45 21 cm
826 1349 9 7 .
900 1317 228 49 ([George
1153 1317 225 47 Peabody
1404 1316 181 47 college
1610 1316 80 40 for
1716 1317 237 45 teachers,
130 1311 1985 109 Nashville.
313 1374 220 42 Division
560 1376 52 39 of
637 1384 203 38 surveys
866 1375 95 40 and
989 1374 111 39 field
1129 1374 201 48 studies]
1390 1373 136 41 Field
1554 1376 147 45 study
1727 1385 75 29 no.
1830 1373 51 47 5)

201 1433 335 47 “Documents,
574 1433 292 47 catalogues,
903 1431 161 44 books,
1105 1432 95 40 and
1237 1431 276 49 magazines
1549 1433 118 39 used
1705 1431 49 40 in
1790 1431 101 41 this
1927 1428 202 51 study”:

127 1502 43 37 p.
198 1489 214 43 189-199.

135 1558 51 51 ©
223 1562 117 46 Aug.
375 1561 68 43 31,
479 1560 140 42 1933:
657 1560 66 41 2c.
763 1560 125 48 Sept.
926 1561 52 41 2;
1017 1560 82 40 aff.
1135 1561 118 40 Nov.
1289 1561 82 46 27;
1410 1560 39 39 A
1485 1559 169 48 68339;
1695 1562 50 38 F.
1782 1563 51 39 P.
1871 1562 261 41 Bachman.

201 1617 262 41 Nashville.
539 1617 278 47 (33-25667)

134 1732 243 66 Barnes,
407 1737 138 53 Mrs.
578 1736 306 62 Margaret
917 1736 222 64 (Ayer)
1181 1740 171 49 1886-

203 1810 1927 75 Within this present, by Margaret Ayer Barnes … Boston
137 1891 111 51 and
285 1891 138 53 New
460 1892 179 57 York,
673 1893 320 68 Houghton
1029 1890 203 54 Mifflin
1267 1911 300 51 company,
1604 1897 152 49 1933.

199 1964 621 51 6 p. l. , [3]-611 p. 21 cm .
135 2032 51 52 ©
211 2037 116 39 Nov.
353 2038 39 39 4.
419 2037 112 41 1933
551 2048 8 35 ;
586 2038 66 39 2c.
680 2039 93 38 and
799 2037 82 40 aff.
907 2038 118 41 Nov.
1051 2039 82 45 13;
1162 2038 40 38 A
1228 2038 171 47 68029;
1427 2038 63 39 M.
1517 2038 53 41 A.
1599 2039 200 48 Barnes,
1827 2038 224 50 Chicago.

135 2153 817 68 Baroja y Nessi, P í o, 1872-
267 2231 1656 74 … Intermedios. [Madrid] Espasa-Calpe, s. a. [ c 1931]
199 2305 362 50 348 p. 18½ cm .
202 2365 63 38 At
291 2365 124 39 head
443 2364 52 41 of
523 2364 133 40 title:
687 2364 85 39 Pio
801 2363 198 49 Baroja.

135 2428 1999 60 © Sept. 30, 1931; 1c. Nov. 10, 1932; A-Foreign 19212: Pio Baroja,
202 2490 209 44 Madrid,
444 2491 160 49 Spain.
676 2490 281 50 (32-12810)

137 2607 272 68 Blanton,
439 2609 333 63 Wyndham
803 2611 248 65 Bolling,
1087 2616 171 49 1890-

208 2687 281 57 Medicine
525 2689 58 52 in
622 2688 267 69 Virginia
927 2688 58 55 in
1021 2691 96 52 the
1151 2691 328 55 nineteenth
1517 2699 253 64 century,
1806 2697 75 67 by
137 2696 1971 127 Wyndham
308 2769 66 50 B.
415 2768 269 65 Blanton,
722 2785 65 36 m.
827 2786 47 33 d.
952 2767 339 68 Richmond,
1331 2771 233 55 Garrett
1604 2776 45 50 &
1687 2774 225 67 Massie,
137 2775 1971 140 incorporated,
424 2849 149 49 1933.

211 2917 71 39 xii
314 2926 56 38 p.,
403 2919 22 38 1
494 2948 9 16 l.,
533 2916 87 40 466
649 2928 43 37 p.
753 2917 162 45 front.,
948 2917 171 49 plates,
1152 2922 162 45 ports.,
1347 2919 216 44 facsims.
1624 2922 54 40 27
1681 2925 16 21 cm
1731 2956 8 8 .

217 2973 128 41 “The
385 2973 190 49 periods
611 2974 127 40 from
775 2974 116 41 1607
929 2976 47 39 to
1015 2974 115 41 1700
1168 2976 95 39 and
1300 2975 128 41 from
1466 2977 114 43 1700
1619 2984 48 36 to
1706 2981 112 40 1800
1857 2982 123 41 have
2019 2984 114 42 been

141 3030 201 40 covered
367 3029 50 41 in
445 3033 94 38 two
565 3031 149 40 books
740 3032 201 47 already
966 3031 270 49 published.
1296 3034 119 40 This
1439 3036 192 40 volume
1657 3038 41 39 is
1724 3041 264 39 concerned
2017 3042 117 40 with

144 3085 80 40 the
259 3086 165 49 period
460 3087 127 40 from
622 3087 114 40 1800
772 3091 48 37 to
855 3087 114 43 1900
1005 3089 94 39 and
1135 3091 259 46 completes
1430 3092 81 40 the
1546 3094 386 43 series."—Pref.

217 3141 248 51 “Virginia
492 3154 232 38 surgeons
750 3144 47 40 in
826 3145 81 41 the
933 3143 113 44 civil
1072 3145 160 43 war”:
1259 3157 44 38 p.
1327 3147 217 44 393-420.

214 3200 187 42 “Books
429 3202 94 39 and
553 3202 231 40 authors”
805 3213 7 28 :
844 3213 41 37 p.
911 3202 232 43 338-357:
1173 3203 347 51 Bibliography
1540 3219 8 28 :
1581 3219 41 37 p.
1650 3209 216 42 427-431.

140 3268 51 50 ©
223 3273 110 39 Dec.
364 3272 68 42 18.
463 3273 140 46 1933;
636 3275 67 38 2c.
735 3274 111 39 Dec.
876 3273 83 48 20;
993 3274 80 41 aff.
1107 3274 112 41 Dec.
1249 3276 83 46 21;
1366 3277 41 38 A
1438 3277 170 48 68561;
1646 3280 197 42 Garrett
1876 3285 37 39 &
1944 3286 192 46 Massie,

205 3329 90 40 inc.
366 3328 219 50 (34-314)

143 3447 229 63 Brown,
400 3449 162 63 Paul,
588 3449 149 52 illus.

212 3523 179 68 Spills
417 3526 112 52 and
554 3525 211 67 thrills,
786 3525 76 67 by
886 3526 147 54 Paul
1060 3528 229 52 Brown.
1365 3529 139 53 New
1531 3532 179 69 York,
1739 3534 61 55 C.
1830 3536 312 61 Scribner’s

138 3621 147 47 sons,
314 3605 151 51 1933.

207 3675 890 51 3 p. l., 48 pl. front. 24 × 31½c m .
209 3733 289 42 Illustrated
531 3735 99 48 t.-p.

212 3790 144 40 “This
383 3789 184 43 edition
595 3791 41 40 is
664 3790 186 42 limited
880 3795 47 37 to
956 3790 87 43 780
1069 3793 161 47 copies
1256 3793 50 40 of
1335 3794 158 42 which
1520 3796 84 42 750
1634 3799 159 48 copies
1820 3814 83 29 are
1930 3805 80 41 for
2039 3809 101 41 sale

141 3848 94 38 and
269 3846 55 41 30
364 3856 82 32 are
479 3847 77 40 for
593 3847 345 48 presentation.
999 3847 119 42 This
1152 3848 42 41 is
1229 3850 202 41 number
1466 3850 127 44 779.”
1654 3856 118 42 This
1808 3858 42 42 is
1885 3872 28 30 a
139 3870 1983 76 presentation
323 3912 130 40 copy.

143 3970 51 52 ©
225 3975 116 40 Nov.
374 3974 37 48 8,
442 3975 141 45 1933;
616 3975 66 40 2c.
714 3976 118 39 Nov.
864 3976 82 44 11;
982 3974 78 40 aff.
1093 3976 118 39 Nov.
1245 3976 82 47 14;
1360 3977 41 39 A
1432 3978 170 49 67111;
1639 3982 203 49 Charles
1877 3989 266 47 Scribner’s

207 4041 125 31 sons.
404 4031 219 48 (34-178)
