2484 4405
1049 4096 131 49 1081

144 448 315 53 American
489 450 251 61 country
767 447 104 52 life
901 446 377 56 association.

212 525 186 53 Adult
444 525 300 53 education
795 526 112 51 and
958 527 158 50 rural
1166 525 121 52 life.
1363 524 382 69 Proceedings
1794 525 64 53 of
1905 527 97 52 the
141 524 1978 132 fifteenth
385 605 306 52 American
743 610 239 63 country
1034 604 107 52 life
1193 604 345 52 conference.
1613 605 321 69 Wheeling,
1982 606 162 54 West

142 682 286 69 Virginia,
476 683 244 55 October
769 686 185 64 14-16,
1002 686 151 49 1932.
1234 682 290 69 [Chicago,
1570 685 113 65 Ill.]
1736 684 143 53 Pub.
1926 685 75 68 by
2047 685 96 52 the

141 762 336 68 University
520 762 63 53 of
629 762 250 68 Chicago
925 781 156 49 press
1126 762 94 51 for
1264 763 95 52 the
1401 764 307 51 American
1753 769 239 64 country
2036 764 106 52 life

142 840 337 55 association
514 876 12 33 [
532 848 17 22 c
554 844 153 64 1933]

211 916 475 48 vii, 153 p, 19½ cm .
145 970 52 51 ©
223 975 115 46 July
361 974 70 40 31.
455 973 113 40 1933;
623 974 66 40 2c.
717 975 94 39 and
838 973 81 41 aff.
946 973 118 47 Aug.
1092 974 82 46 11;
1202 974 40 38 A
1269 973 169 47 63888;
1467 970 161 42 Ameri
1654 975 206 45 country
1885 974 87 39 life
2000 984 142 36 assn.,

211 1031 118 39 New
353 1031 143 40 York.

139 1107 315 53 American
483 1108 112 51 law
622 1110 236 60 reports
885 1108 343 53 annotated.

211 1183 361 54 Cumulative
611 1185 171 51 index
821 1185 63 52 of
922 1186 95 51 the
1055 1185 305 52 American
1400 1187 110 50 law
1549 1192 221 61 reports
1811 1187 327 52 annotated,

137 1265 136 52 vols.
329 1267 184 49 82-85.
591 1263 345 68 Combining
987 1283 151 34 cases
1192 1265 111 51 and
1359 1264 379 53 annotations.
1814 1265 324 67 Rochester,

137 1345 69 51 N.
240 1346 89 65 Y.,
359 1344 120 52 The
507 1346 266 63 Lawyers
803 1343 383 67 co-operative
1217 1343 336 69 publishing
1583 1361 307 51 company;
137 1345 1975 147 Northport,

326 1424 62 51 L.
431 1425 66 66 I.,
537 1425 68 52 N.
648 1425 90 66 Y.,
780 1423 253 53 Edward
1074 1423 331 68 Thompson
1445 1440 308 52 company;
1800 1423 116 56 San
135 1426 1977 144 Francisco,
325 1503 193 60 Calif.,

547 1502 585 69 Bancroft-Whitney
1159 1520 297 50 company,
1487 1505 150 50 1933.

209 1578 87 40 270
321 1588 43 37 p.
421 1578 56 39 24
480 1579 43 20 cm
529 1609 8 8 .

141 1631 54 52 ©
227 1635 119 47 Aug.
383 1634 38 47 8,
459 1634 111 39 1933;
635 1634 66 39 2c.
738 1634 96 39 and
869 1633 82 40 aff.
988 1632 121 48 Aug.
1146 1634 81 44 15;
1265 1633 41 39 A
1342 1633 170 47 63923;
1552 1634 228 47 Lawyers
1818 1634 323 47 co-operative

208 1692 109 47 pub.
349 1702 81 37 co.,
461 1692 211 39 Edward
702 1691 274 47 Thompson
1008 1701 81 37 co.,
1124 1691 95 39 and
1251 1690 490 48 Bancroft-Whitney
1772 1702 67 29 co.

133 1763 316 56 American
490 1769 110 49 law
640 1769 240 65 reports,
922 1766 324 52 annotated.
1324 1765 236 54 Editors
1601 1766 60 53 in
1703 1766 171 67 chief,
1913 1768 223 68 George

202 1845 78 53 H.
306 1847 261 52 Parmele
594 1845 112 52 and
733 1846 78 51 M.
841 1844 164 53 Blair
1029 1844 234 67 Wailes,
1292 1844 325 69 consulting
1643 1845 203 67 editor,
1873 1845 262 55 William

202 1925 78 53 M.
324 1924 346 68 McKinney,
709 1924 314 68 managing
1064 1923 231 68 editors,
1339 1924 236 54 Charles
1617 1922 359 70 Porterfield,

203 1924 1907 132 Edwin
348 2003 204 69 Stacey
584 2003 202 70 Oakes,
819 2002 236 54 assisted
1083 2004 75 68 by
1189 2004 95 52 the
1315 2004 419 69 exceptionally
1765 2002 369 70 experienced

201 2083 265 53 editorial
494 2083 423 69 organizations
945 2083 63 53 of
1033 2083 98 53 the
1158 2083 337 68 publishers,
1572 2101 49 34 v.
1652 2087 81 49 85.
1809 2085 325 67 Rochester,

202 2165 69 51 N.
331 2165 90 65 Y.,
480 2163 121 53 The
658 2165 267 63 Lawyers
983 2162 385 68 co-operative
1427 2162 336 69 publishing
1822 2181 308 51 company;

202 2242 339 68 Northport,
577 2244 63 50 L.
677 2244 66 65 I.,
777 2244 68 51 N.
883 2244 90 65 Y.,
1009 2242 255 52 Edward
1300 2242 330 68 Thompson
1666 2259 308 51 company;
2016 2244 118 54 San

201 2320 321 68 Francisco,
560 2320 194 68 Calif.,
788 2319 586 70 Bancroft-Whitney
1408 2339 298 50 company,
1742 2324 149 49 1933.

199 2396 100 47 viii,
329 2395 116 40 1622
473 2406 41 37 p.
573 2395 55 39 25½
661 2397 44 21 cm
711 2428 8 7 .

135 2449 51 51 ©
221 2453 120 47 Aug.
376 2454 40 45 4,
452 2452 140 47 1933;
628 2453 68 39 2c.
733 2453 95 39 and
864 2452 81 39 aff.
982 2451 118 48 Aug.
1138 2452 81 45 15;
1259 2452 40 38 A
1335 2451 170 47 63924;
1545 2452 229 47 Lawyers
1810 2453 324 45 co-operative

202 2511 107 46 pub.
339 2521 82 36 co.,
452 2510 210 38 Edward
692 2509 274 47 Thompson
997 2519 68 29 co.
1095 2510 97 38 and
1222 2509 489 48 Bancroft-Whitney
1742 2521 65 29 co.

128 2583 94 54 An
268 2585 316 54 American
631 2583 277 68 omnibus,
954 2584 142 53 with
1143 2603 71 34 an
1260 2584 392 54 introduction
1696 2585 75 69 by
1819 2585 135 55 Carl
1999 2586 128 53 Van

203 2664 205 52 Doren.
486 2661 229 54 Garden
746 2660 151 69 City,
927 2661 67 51 N.
1028 2661 90 68 Y.,
1147 2661 352 69 Doubleday,
1531 2661 197 54 Doran
1758 2663 45 50 &
1835 2680 293 52 company,

203 2739 124 66 inc.,
362 2743 148 48 1933.

206 2811 142 50 [1628]
382 2822 43 37 p.
456 2811 110 40 incl.
597 2811 143 48 illus.,
770 2811 170 48 plates.
1001 2811 52 39 21
1059 2813 44 21 cm
1109 2842 9 9 .

200 2868 208 41 Various
444 2867 215 49 pagings.

203 2925 233 42 Contains
468 2926 136 39 three
635 2924 180 48 novels,
847 2935 27 29 a
907 2925 126 47 play,
1065 2926 137 39 short
1235 2925 175 40 stories
1444 2928 95 38 and
1572 2937 174 36 poems.

133 2983 51 51 ©
214 2987 120 47 Aug.
363 2986 40 47 2,
434 2985 110 40 1933;
605 2986 67 38 2c.
703 2986 96 38 and
829 2984 80 40 aff.
942 2984 118 47 Aug.
1093 2985 52 45 5;
1179 2985 40 38 A
1249 2984 170 47 64636;
1453 2986 298 49 Doubleday,
1784 2989 166 40 Doran
1982 2989 36 40 &
2048 3000 82 36 co.,

198 3044 89 39 inc.
359 3042 279 49 (33-19940)

125 3117 218 67 Bragg,
375 3121 98 52 Sir
502 3115 256 57 William
787 3117 223 65 Henry,
195 3122 984 128 1862-The
353 3197 260 52 universe
649 3195 64 53 of
748 3195 168 69 light,

951 3193 1178 76 by Sir William Bragg … London,
125 3277 67 54 G.
225 3277 127 51 Bell
381 3278 45 50 &
455 3293 127 34 sons
612 3274 121 67 ltd.,
765 3277 149 49 1933.

196 3362 33 28 x
263 3361 57 37 p.,
354 3351 23 37 1
450 3380 8 16 l.,
492 3348 84 40 283
611 3359 43 36 p.
714 3348 86 39 col.
834 3347 163 46 front.,
1032 3347 144 47 illus.,
1211 3348 156 46 plates
1412 3348 48 47 (1
1497 3349 112 47 col.)
1653 3350 180 48 diagrs.
1892 3353 147 41 22½cm.

197 3409 132 39 Each
359 3407 53 40 of
440 3407 82 39 the
551 3408 95 37 two
677 3405 190 39 colored
896 3405 156 47 plates
1084 3404 343 48 accompanied
1458 3406 61 47 by
1547 3410 155 44 guard
1735 3410 138 40 sheet
1900 3412 121 38 with
126 3414 1983 100 descriptive
392 3465 298 45 letterpress.

131 3518 1997 56 © 1c. June 21, 1933; A ad int. 17912; pubd. May 22; William Bragg,
198 3581 210 40 London.
479 3576 279 50 (33-19957)

128 3655 246 68 [Clarke,
401 3651 318 64 Josephine
748 3649 336 65 Fitzgerald
1122 3649 297 65 (Moylan)
1455 3653 137 67 lady]

194 3732 122 54 The
356 3749 137 50 spur
537 3729 63 54 of
640 3729 260 67 impulse,
942 3727 75 68 by
1060 3728 174 53 Errol
1275 3729 333 68 Fitzgerald
1658 3737 235 68 [pseud.]
124 3739 1974 134 London,
281 3810 160 52 Mills
469 3811 46 50 &
542 3810 180 62 Boon,
751 3806 222 52 limited
1029 3808 154 63 [1933]

197 3884 84 40 254
316 3895 44 37 p.
448 3881 26 39 19
479 3883 43 21 cm
526 3912 9 8 .

128 3933 1983 114 © 1c. July 14, 1933; A ad int. 17990; pubd. May 19; Josephine Fitzgerald Clarke,
616 3992 189 46 Sidcup,
837 3991 142 46 Kent,
1011 3992 236 46 England.
1319 3993 280 50 (33-19977)
