2597 4403
1357 4105 67 56 70

370 424 123 54 The
522 424 286 54 National
835 423 436 69 encyclopedia;
1304 422 188 55 editor
1519 422 64 54 in
1609 421 156 55 chief
1792 423 207 66 Henry
2031 420 266 57 Suzzallo
2332 462 59 12 …

443 504 271 52 editorial
755 502 251 54 director
1045 503 90 54 W.
1178 505 90 53 W.
1312 503 317 68 Beardsley
1675 544 57 10 …
1812 502 141 52 New
1994 501 183 69 York,
2217 503 68 52 P.
2327 502 68 51 F.

444 582 217 56 Collier
687 587 47 50 &
761 602 102 35 son
891 600 285 51 company
1211 616 13 33 [
1229 587 18 22 c
1253 583 136 51 1932
1395 614 12 34 ]

443 659 54 40 11
532 670 42 29 v.
640 658 145 48 illus.,
821 657 160 48 plates
1010 657 137 49 (part
1182 656 114 51 col.)
1338 658 152 46 ports,
1521 654 137 51 (part
1692 654 113 50 col.)
1851 665 140 38 maps
2019 655 137 48 (part
2192 655 201 49 double)

369 716 207 48 facsim.,
610 715 185 48 diagrs.
857 715 57 40 27
917 717 44 21 cm
967 745 7 8 .

444 773 102 40 Vol.
578 774 83 39 11:
694 772 234 41 Revision
957 771 198 42 service.

375 833 52 52 ©
457 838 113 40 Jan.
597 837 41 46 3,
667 835 143 48 1933;
840 836 70 41 2c.
938 836 121 40 each
1087 837 112 40 Jan.
1228 834 83 48 20;
1344 834 84 41 aff.
1457 835 111 39 Jan.
1599 835 82 46 14;
1714 833 42 41 A
1784 832 173 49 59056;
1990 834 51 40 P.
2071 834 52 40 F.
2155 833 179 42 Collier
2365 834 36 40 &

443 905 87 30 son
560 905 68 30 co.
692 889 72 54 [©
792 904 110 30 new
930 895 107 39 text
1064 893 232 41 material
1326 895 97 39 and
1454 891 255 50 revisions]
1783 890 284 50 (32-25013)

370 999 338 66 Neumann,
737 999 235 66 Alfred,
1006 1004 173 50 1895-

448 1121 59 11 …
541 1077 123 54 The
692 1078 212 53 mirror
932 1075 64 54 of
1026 1076 179 66 fools;
1236 1074 319 56 translated
1586 1073 152 54 from
1770 1074 97 54 the
1897 1072 252 56 German
2181 1072 94 54 for
2305 1073 95 53 the

373 1154 126 56 first
535 1155 139 55 time
708 1154 76 69 by
821 1155 217 52 Trevor
1076 1153 114 54 and
1227 1152 228 70 Phyllis
1493 1151 250 56 Blewitt.
1821 1152 136 55 New
2000 1151 180 70 York,
2217 1152 70 51 A.
2327 1152 69 52 A.

373 1233 226 69 Knopf,
633 1236 152 51 1933.

442 1304 753 51 6 p. l., 3-367, [1] p. 19½ cm .
443 1369 165 41 “First
638 1368 262 41 American
932 1367 232 43 edition.”

375 1433 52 52 ©
463 1438 111 39 Jan.
609 1436 70 48 16,
713 1434 115 43 1933;
890 1435 69 42 2c.
993 1437 97 40 and
1124 1435 83 41 aff.
1243 1435 111 41 Jan.
1388 1435 83 48 18;
1507 1436 42 39 A
1583 1434 171 49 58948;
1792 1434 175 41 Alfred
2001 1436 56 41 A.
2092 1434 181 50 Knopf,
2308 1435 91 41 inc.

455 1493 254 50 (33-1966)

371 1594 226 55 Punch,
674 1616 51 35 v.
757 1599 119 67 183,
904 1615 91 35 no.
1023 1596 158 69 4769,
1209 1598 144 53 Nov.
1385 1599 83 66 30,
1500 1599 151 51 1932.

376 1675 2026 53 © 1c. Jan. 25, 1933; A ad int. 17437; pubd. Nov. 30, 1932; Herbert
444 1736 236 48 Heather,
705 1735 216 42 London.

371 1841 283 66 Rawlins,
683 1842 237 56 Maude.

441 1918 57 54 A
528 1917 275 56 textbook
834 1917 66 55 of
926 1936 262 52 massage
1221 1916 95 55 for
1345 1936 200 36 nurses
1575 1919 114 53 and
1721 1916 324 72 beginners,
2076 1917 77 72 by
2185 1918 217 54 Maude

371 1998 261 54 Rawlins
678 2041 57 10 …
817 1998 74 53 2d
932 1997 86 54 ed.
1097 1995 86 57 St.
1224 1996 195 70 Louis,
1461 1997 124 54 The
1628 1995 64 57 C.
1734 1997 72 56 V.
1847 1995 209 72 Mosby
2097 2015 304 53 company,

372 2079 154 52 1933.

442 2150 88 42 150
556 2161 45 38 p.
665 2150 88 41 col.
782 2149 168 50 front.,
978 2149 128 42 illus.
1168 2148 58 42 20½
1260 2151 45 23 cm
1308 2182 8 9 .

376 2211 52 54 ©
457 2216 113 41 Jan.
597 2216 40 47 3,
666 2214 143 49 1933;
838 2215 70 42 2c.
937 2216 111 40 Jan.
1076 2215 54 48 3;
1162 2214 82 42 aff.
1274 2215 112 41 Jan.
1415 2213 53 50 9;
1500 2215 44 40 A
1569 2215 172 48 57856;
1774 2215 50 41 C.
1855 2217 53 39 V.
1938 2216 172 49 Mosby
2139 2226 68 31 co.

454 2273 255 50 (33-1942)

371 2378 286 66 Robbins,
693 2378 245 57 Clifton.

442 2455 125 55 The
607 2461 257 65 mystery
909 2455 66 55 of
1015 2455 114 55 Mr.
1175 2454 190 71 Cross,
1407 2456 77 70 by
1532 2454 229 57 Clifton
1805 2455 259 55 Robbins
2114 2499 58 11 …
2258 2457 141 54 New

372 2534 182 69 York,
580 2535 74 53 D.
681 2534 302 70 Appleton
1010 2536 47 52 &
1084 2553 304 52 company,
1415 2537 154 52 1933.

445 2607 102 49 viii,
576 2607 100 50 362,
755 2628 11 30 [1]
796 2617 45 39 p.
901 2607 57 40 19½
992 2609 44 22 cm
1040 2640 9 9 .

376 2669 52 52 ©
457 2674 111 40 Jan.
598 2673 70 48 20,
697 2672 143 49 1933;
870 2672 69 42 2c.
968 2675 97 39 and
1094 2672 81 41 aff.
1207 2673 111 41 Jan.
1347 2673 84 48 21;
1462 2674 42 39 A
1532 2673 171 43 58974;
1735 2674 43 39 D
1822 2674 243 49 Appleton
2095 2675 36 41 &
2160 2684 67 30 co.

456 2730 253 49 (33-1843)

373 2835 207 66 Sauer,
610 2835 183 56 Louis
822 2835 293 68 Wendlin,
1150 2842 173 51 1885-

443 2913 259 70 Nursery
734 2913 203 70 guide;
972 2933 32 35 a
1037 2915 394 53 vade-mecum
1465 2934 73 35 on
1571 2914 199 55 infant
1803 2916 115 53 and
1953 2916 157 53 child
2143 2934 146 51 care,
2322 2916 78 70 by

372 2992 178 54 Louis
584 2992 92 55 W.
717 2991 182 57 Sauer
941 3036 59 11 …
1079 2994 73 53 3d
1190 2994 86 53 ed.
1319 3036 59 11 …
1457 2993 85 56 St.
1580 2993 194 70 Louis,
1812 2994 123 54 The
1975 2993 65 56 C.
2078 2994 73 56 V.
2190 2994 210 70 Mosby

372 3089 302 52 company,
703 3074 153 51 1933.

441 3143 89 42 208
556 3155 44 38 p.
663 3145 144 47 illus.,
838 3144 181 50 diagrs.
1083 3146 57 41 19
1144 3147 44 22 cm
1192 3178 9 9 .

444 3206 266 43 Published
738 3208 50 39 in
817 3207 113 42 1923
958 3210 158 39 under
1140 3209 137 40 title:
1308 3209 221 48 Nursery
1555 3209 144 48 guide
1727 3209 82 41 for
1836 3210 217 41 mothers
2083 3211 97 39 and
2209 3220 186 32 nurses.

441 3263 163 42 Blank
630 3274 150 39 pages
807 3265 79 41 for
917 3264 429 43 “Memorandum”
1388 3265 254 51 (195-198)

378 3326 52 52 ©
461 3330 111 41 Jan.
602 3331 40 47 3,
673 3330 142 48 1933;
845 3330 69 41 2c.
944 3332 110 39 Jan.
1085 3332 54 48 3;
1172 3331 84 41 aff.
1286 3333 112 40 Jan.
1428 3331 54 50 9;
1514 3333 44 39 A
1585 3332 173 48 57855;
1792 3333 47 41 C.
1874 3334 54 39 V.
1960 3333 170 47 Mosby
2162 3342 67 32 co.

457 3386 255 51 (33-1941)

375 3490 323 70 Saunders,
726 3493 224 55 Aretas
979 3495 312 64 Andrews,
1323 3500 173 51 1884-

453 3613 56 10 …
563 3570 335 55 Butterflies
944 3572 64 54 of
1054 3573 97 53 the
1198 3573 294 69 Allegany
1536 3579 146 49 state
1730 3574 165 69 park,
1942 3574 76 68 by
2063 3573 210 54 Aretas
2321 3574 74 53 A.

379 3646 292 54 Saunders
721 3691 56 10 …
862 3649 253 67 Albany,
1157 3650 124 54 The
1324 3651 342 68 University
1710 3651 65 54 of
1815 3651 98 54 the
1955 3656 148 49 state
2146 3651 65 54 of
2253 3652 140 53 New

377 3725 180 67 York,
595 3729 150 50 1932.

451 3795 88 42 270
572 3809 44 38 p.
655 3798 111 40 incl.
804 3799 145 49 illus.,
984 3800 174 49 plates.
1225 3800 55 41 19
1283 3803 46 21 cm
1332 3832 9 10 .
1417 3802 143 48 (New
1597 3803 131 41 York
1764 3804 129 40 state
1930 3813 235 31 museum.
379 3804 2001 93 Handbook
533 3855 80 51 13)

452 3917 379 52 Bibliography:
863 3931 45 38 p.
937 3919 219 43 265-266.

381 3978 52 52 ©
464 3983 118 40 Nov.
613 3984 69 46 15,
713 3983 142 47 1932;
886 3984 67 39 2c.
985 3986 96 40 and
1111 3985 82 41 aff.
1226 3986 111 40 Jan.
1367 3986 69 47 14,
1468 3985 142 49 1933;
1642 3987 40 39 A
1711 3985 173 49 58907;
1918 3986 284 50 University
2234 3988 54 41 of
2317 3987 83 42 the

450 4043 130 38 state
609 4041 51 39 of
687 4042 120 39 New
834 4042 144 39 York.
1051 4041 284 50 (32-27755)
