2484 4405
1070 4089 134 50 1503

124 458 216 63 Grady,
367 456 220 64 Joseph
617 457 63 54 F.

193 535 121 51 The
365 532 428 66 Adirondacks;
848 532 212 52 Fulton
1117 528 329 69 Chain-Big
1496 528 192 53 Moose
1741 525 223 70 region;
2018 526 98 51 the

127 618 156 61 story
329 611 64 52 of
438 630 30 33 a
515 611 344 65 wilderness,
902 610 76 67 by
1024 609 217 66 Joseph
1288 609 65 51 F.
1403 607 215 66 Grady.
1700 604 193 67 [Little
1940 604 176 67 Falls,

127 690 68 52 N.
230 690 89 66 Y.,
350 691 166 51 Press
548 688 64 53 of
642 689 94 51 the
769 687 244 55 Journal
1047 691 44 48 &
1124 685 218 53 courier
1374 702 297 49 company,
1704 689 17 21 c
1727 686 150 64 1933]

193 773 45 35 x,
269 761 86 41 320
387 772 41 37 p.
489 762 169 46 plates,
690 764 163 45 ports.,
883 759 189 40 facsim.
1133 759 56 38 24
1192 760 44 21 cm
1241 790 8 9 .

196 819 113 49 Map
339 829 59 29 on
427 817 334 50 lining-paper.

198 877 227 47 Running
452 876 135 40 title:
615 877 101 39 The
743 878 133 44 story
905 876 50 38 of
985 885 26 29 a
1040 874 296 40 wilderness.

128 945 51 51 ©
214 949 117 46 July
362 948 67 40 15,
464 947 140 46 1933;
639 947 67 39 2c.
742 947 100 39 Oct.
875 946 83 47 25;
995 946 81 40 aff.
1114 945 100 41 Oct.
1250 945 82 46 24;
1370 945 42 37 A
1443 942 169 48 65839;
1650 943 43 39 J.
1730 942 51 41 F.
1818 941 177 47 Grady,
2032 940 90 41 Old

195 1005 165 50 Forge,
393 1005 53 38 N.
480 1005 52 38 Y.
604 1003 278 48 (33-31649)

124 1103 279 68 Graham,
436 1104 278 65 Stephen,
751 1107 171 50 1884-

194 1181 168 54 Boris
409 1181 294 68 Godunof,
748 1182 75 67 by
871 1181 252 68 Stephen
1171 1180 286 66 Graham;
1505 1179 140 53 with
1692 1198 30 33 a
1769 1177 231 69 preface
2044 1177 73 67 by

127 1256 1994 71 George Vernadsky … New Haven, Yale university press,
126 1333 152 57 1933.

199 1408 52 40 ix
275 1419 59 39 p.,
358 1408 28 41 2
433 1440 22 17 l.,
483 1408 86 41 290
597 1419 43 39 p.
699 1408 166 50 front.,
890 1410 150 48 ports.
1099 1406 146 43 22½cm.

199 1466 138 49 Maps
366 1479 59 28 on
454 1466 362 49 lining-papers.

203 1522 289 41 “Published
526 1534 60 28 on
620 1523 80 41 the
733 1523 124 40 fund
891 1522 297 41 established
1222 1522 49 39 in
1304 1533 213 36 memory
1555 1522 51 40 of
1640 1521 194 41 Ganson
1873 1521 252 49 Goodyear

130 1580 324 50 Depew.”—p.
492 1580 77 49 [iv]

202 1636 441 49 “Bibliographical
669 1635 193 41 notes”:
893 1647 44 38 p.
980 1634 236 51 [281]-284.

135 1705 51 51 ©
217 1708 101 41 Oct.
347 1709 67 44 17,
445 1707 117 40 1933;
615 1706 67 41 2c.
713 1706 100 41 Oct.
842 1706 81 45 21;
957 1705 80 40 aff.
1070 1705 102 40 Oct.
1200 1704 83 47 20;
1315 1706 40 37 A
1384 1705 170 47 66703;
1587 1706 118 39 Yale
1736 1705 129 41 univ.
1896 1714 148 39 press.

212 1764 278 49 (33-31394)

132 1866 240 65 Granik,
402 1867 57 54 S.
488 1865 318 64 Theodore,
836 1865 83 52 ed.

202 1941 1920 68 WOR forum book, edited by S. Theodore Granik … with a
132 2020 1994 70 foreword by Robert F. Wagner … New York, Falcon press,
131 2102 106 53 inc.
273 2136 11 33 [
288 2108 20 21 c
314 2104 150 64 1933]

202 2172 763 49 3 p. l., v-xxii, 273 p. 22½ cm .
201 2231 212 40 Debates
441 2231 94 39 and
564 2230 320 47 symposiums
913 2240 60 29 on
1001 2228 249 49 questions
1278 2230 50 39 of
1356 2229 240 47 industry,
1624 2228 200 47 finance,
1855 2229 270 47 education,

133 2289 244 47 penology,
406 2287 187 47 history
619 2288 96 39 and
741 2287 192 48 politics.
1009 2287 60 47 cf.
1099 2287 131 40 Pref.

133 2355 51 51 ©
223 2359 127 48 Sept.
387 2359 68 47 12,
492 2359 112 40 1933;
670 2359 65 39 2c.
773 2360 95 38 and
905 2358 80 40 aff.
1027 2358 127 48 Sept.
1192 2359 82 46 15;
1314 2359 41 38 A
1390 2358 170 48 66055;
1603 2360 43 40 S.
1684 2360 52 39 T.
1776 2359 198 46 Granik,
2014 2359 117 39 New

199 2416 142 39 York.
413 2414 278 49 (33-31699)

131 2515 205 68 Grant,
368 2517 288 65 Madison,
692 2521 172 49 1865-

204 2596 119 55 The
358 2602 265 62 conquest
655 2595 64 53 of
751 2615 31 33 a
815 2595 320 68 continent;
1171 2614 80 50 or,
1286 2597 120 53 The
1439 2596 312 69 expansion
1782 2595 65 54 of
1880 2616 155 35 races
2067 2595 59 54 in

137 2673 1990 69 America, by Madison Grant … with an introduction by Prof.
136 2753 201 66 Henry
376 2752 274 54 Fairfield
692 2752 239 55 Osborn.
1007 2754 140 52 New
1188 2752 180 69 York,
1407 2754 259 67 London,
1707 2753 64 56 C.
1815 2753 313 57 Scribner’s

135 2848 145 47 sons,
307 2835 149 49 1933.

206 2903 70 40 xii
303 2913 59 38 p.,
390 2904 25 39 3
467 2935 21 15 l.,
518 2903 84 40 393
631 2914 43 37 p.
734 2914 152 37 maps.
945 2903 146 40 22½cm.

207 2960 374 49 Bibliography:
614 2972 42 36 p.
684 2961 215 41 359-377.

137 3026 51 52 ©
221 3031 99 40 Oct.
354 3031 69 47 20,
456 3032 139 45 1933;
630 3032 65 39 2c.
731 3032 100 40 Oct.
865 3032 59 39 26;
982 3031 81 41 aff.
1099 3032 100 40 Oct.
1234 3032 82 46 24;
1352 3032 41 39 A
1424 3032 170 47 65837;
1631 3032 201 41 Charles
1869 3032 264 42 Scribner’s

205 3098 125 29 sons.
401 3088 278 47 (33-31646)

136 3191 198 65 Gross,
363 3193 148 63 Ray.

210 3266 118 54 Can
366 3266 46 54 it
448 3267 64 51 be
551 3269 176 52 done?
841 3268 89 69 By
967 3268 126 69 Ray
1136 3268 190 69 Gross,
1364 3267 378 57 illustrations
1779 3269 74 68 by
1890 3267 239 56 Winter.

141 3343 134 52 New
306 3344 177 66 York,
512 3344 196 54 Simon
737 3345 112 52 and
877 3345 286 68 Schuster,
1195 3349 150 50 1933.

207 3414 85 40 136
320 3425 42 37 p.
391 3415 110 40 incl.
529 3416 162 47 front.,
723 3416 127 40 illus.
910 3417 145 41 19½cm.

209 3484 217 41 Consists
458 3485 50 39 of
538 3486 243 48 drawings
812 3486 164 49 giving
1005 3487 275 48 suggestive
1314 3489 134 39 ideas
1479 3490 79 39 for
1589 3489 289 41 inventions.

141 3553 51 51 ©
220 3558 101 40 Oct.
348 3559 68 47 25,
445 3559 111 40 1933;
612 3560 67 39 2c.
708 3560 101 40 Oct.
835 3560 82 46 30;
948 3560 80 40 aff.
1059 3561 101 40 Oct.
1188 3562 82 46 28;
1300 3562 41 38 A
1368 3562 170 48 65887;
1569 3563 54 40 R.
1655 3563 161 48 Gross,
1845 3564 118 39 New
1990 3563 145 39 York.

221 3615 279 49 (33-31445)

142 3711 212 70 Guyer,
385 3715 251 56 Michael
668 3718 292 67 Frederic,
994 3720 171 53 1874-

209 3792 355 70 Laboratory
615 3795 243 54 outlines
909 3795 92 53 for
1053 3795 238 54 Animal
1340 3797 251 70 biology,
1640 3798 76 68 by
1767 3799 248 54 Michael
2068 3801 65 52 F.

142 3867 1969 151 Guyer … and Halcyon W. Hellbaum … New York and London, Harper & brothers, 1933.
215 4019 104 48 xiii,
396 4040 26 29 [1],
453 4020 85 41 240
566 4031 43 37 p.
670 4021 127 42 illus.
857 4022 55 41 23½
946 4025 43 22 cm
993 4055 9 9 .
