2582 4453
1351 4131 136 51 1348

419 450 170 65 Ross,
622 450 301 64 Barnaby.

489 526 201 70 Drury
721 526 203 55 Lane’s
958 527 111 54 last
1103 546 142 50 case,
1281 529 95 52 the
1410 530 245 70 tragedy
1689 528 65 55 of
1791 533 153 66 1599,
1979 550 32 34 a
2046 532 200 70 Drury
2280 533 158 56 Lane

419 611 273 64 mystery,
735 605 77 70 by
857 606 276 70 Barnaby
1176 606 161 54 Ross.
1414 606 139 54 New
1600 608 182 69 York,
1827 609 122 54 The
1996 610 222 71 Viking
2264 630 176 53 press,

423 686 152 52 1933.

489 772 50 41 vi
562 782 58 39 p.,
645 773 27 40 3
717 804 22 16 l.,
765 771 147 43 3-308
935 783 45 38 p.
1041 772 57 41 19½
1130 774 45 23 cm
1179 805 9 9 .

423 842 2020 56 © Sept. 25, 1933; 2c. Sept. 28; aff. Sept. 26; A 66333; B. Ross, New
490 904 145 39 York.
707 903 283 49 (33-25371)

415 1021 314 66 Rossman,
762 1022 303 55 Laurence
1099 1020 240 68 Alonzo,
1375 1026 173 50 1890-

491 1101 121 53 The
652 1101 350 54 automotive
1041 1120 103 50 age
1183 1103 112 52 and
1334 1102 96 53 the
1470 1102 302 68 railroads,
1811 1104 74 65 by
1924 1104 65 51 L.
2028 1104 71 52 A.
2139 1105 298 53 Rossman.

424 1179 221 67 [Grand
679 1179 243 69 Rapids,
959 1180 204 68 Minn.,
1198 1187 18 21 c
1222 1184 152 63 1933]

487 1268 288 47 cover-title,
809 1268 57 40 15
897 1279 43 38 p.
1003 1268 57 41 23
1063 1270 44 21 cm
1112 1299 9 9 .

421 1336 2022 54 © June 27, 1933; 2c. and aff. July 5; A 64231; L. A. Rossman, Grand
490 1397 200 49 Rapids,
723 1397 151 40 Minn.
946 1397 282 48 (33-25533)

414 1514 274 68 Seaman,
717 1518 140 53 Mrs.
885 1515 282 65 Augusta
1204 1514 258 68 (Huiell)
1501 1519 169 51 1879-

416 1593 2024 152 The mystery of the empty room, by Augusta Huiell Seaman; illustrated by Irving Nurick … Garden City, N. Y.,
415 1753 361 69 Doubleday,
802 1752 201 54 Doran
1029 1754 47 52 &
1099 1769 301 53 company,
1425 1752 129 70 inc.,
1583 1755 151 53 1933.

487 1842 47 38 vi
556 1851 59 41 p.,
640 1841 25 39 1
711 1872 24 16 l.,
757 1840 88 41 309
868 1850 43 38 p.
973 1840 88 41 col.
1085 1839 151 42 front.
1295 1838 58 42 20½
1386 1840 45 23 cm
1435 1870 9 9 .

489 1899 290 40 Illustrated
808 1897 364 50 lining-papers.

490 1955 206 41 “Junior
717 1954 194 42 books.”

493 2012 163 42 “First
680 2011 231 43 edition.”

419 2081 2020 54 © Sept. 20, 1933; 2c. and aff. Sept. 25; A 66317; Augusta Huiell Seaman
488 2144 251 47 Freeman,
775 2142 202 42 Seaside
1006 2142 145 47 Park,
1183 2143 56 38 N.
1271 2142 43 40 J.
1388 2141 282 49 (33-25368)

413 2262 213 66 Sharp,
657 2264 303 64 Margery.

491 2341 122 53 The
667 2340 298 68 flowering
1015 2340 175 53 thorn
1248 2339 110 69 [by]
1418 2339 276 69 Margery
1748 2339 209 68 Sharp.
2049 2339 259 67 London,
2362 2339 71 52 A.

417 2419 239 67 Barker,
687 2419 106 53 ltd.
832 2421 174 65 [1933]

488 2490 567 51 2 p. l., 314 p. 19½ cm .
418 2561 53 52 ©
556 2596 8 8 1c.
595 2564 127 48 Sept.
750 2564 70 47 29,
849 2564 140 46 1933;
1020 2564 41 39 A
1088 2565 61 38 ad
1178 2563 87 41 int.
1293 2562 172 48 18229;
1495 2563 143 48 pubd.
1669 2563 116 48 July
1812 2564 83 46 31;
1928 2564 61 38 M.
2023 2564 171 47 Sharp,
2224 2562 213 41 London.

497 2621 283 49 (33-29495)

436 2740 217 67 [Smith,
681 2742 188 54 Helen
895 2742 218 66 Zenna]

486 2818 1947 70 The haunted light, by Evadne Price [pseud.] … London,
414 2898 56 55 J.
501 2898 183 69 Long,
713 2898 224 54 limited
973 2901 173 65 [1933]

489 2985 630 50 3 p. l., 9-287 p. 19½ cm .
418 3055 53 52 ©
559 3091 7 7 1c.
601 3059 130 47 Sept.
762 3058 68 47 19,
862 3058 141 45 1933;
1037 3058 40 39 A
1108 3057 62 40 ad
1201 3058 87 40 int.
1319 3058 171 45 18185;
1525 3059 143 47 pubd.
1700 3057 116 49 July
1847 3058 82 41 22;
1966 3059 199 39 Evadne
2197 3059 237 45 Fletcher,

490 3116 330 47 Stockbridge,
853 3115 312 49 Hampshire,
1198 3116 238 46 England.
1508 3115 283 48 (33-29489)

412 3235 238 65 Society
685 3237 65 53 of
784 3234 320 56 industrial
1140 3235 333 65 engineers.
1548 3233 234 69 Buffalo
1821 3235 252 69 chapter.
2147 3235 284 55 Research

485 3315 337 55 committee.

486 3392 425 70 Bibliography
946 3392 63 53 of
1041 3392 137 55 time
1213 3392 171 68 study
1419 3390 371 70 engineering
1825 3409 63 35 or
1922 3392 136 52 time
2093 3391 189 69 study,
414 3409 1994 117 motion
569 3471 189 68 study,
792 3489 157 50 wage
985 3469 309 55 incentives
1330 3470 111 52 and
1478 3469 223 70 fatigue
1734 3469 58 53 in
1829 3471 283 68 industry,
2148 3469 280 69 compiled

417 3550 71 68 by
532 3549 95 55 the
671 3547 226 70 Society
941 3548 65 53 of
1048 3547 308 57 industrial
1398 3546 310 71 engineers,
1750 3545 235 56 Buffalo
2025 3548 253 68 chapter,
415 3547 1990 135 Research
651 3628 332 53 committee.
1064 3625 134 54 New
1244 3625 177 68 York,
1461 3626 122 53 The
1622 3626 78 57 H.
1741 3626 87 53 W.
1870 3625 223 55 Wilson
2133 3644 296 52 company,

417 3708 150 54 1933.

486 3781 57 41 63
571 3792 42 38 p.
674 3781 56 41 25½
763 3784 43 21 cm
811 3813 8 7 .

486 3837 270 46 Classified,
788 3836 118 42 with
938 3837 191 47 subject
1158 3839 96 39 and
1284 3838 181 40 author
1493 3837 215 42 indexes.

490 3895 50 41 C.
571 3896 54 40 R.
655 3896 324 46 Ammerman,
1010 3894 268 45 chairman,
1306 3894 137 41 Time
1472 3896 149 46 study
1647 3895 292 41 committee.

417 3961 54 52 ©
500 3968 119 43 Aug.
648 3966 70 47 25,
749 3967 140 45 1933;
922 3967 66 40 2c.
1019 3968 95 38 and
1145 3966 82 41 aff.
1261 3966 128 48 Sept.
1420 3967 82 41 11;
1532 3966 42 39 A
1604 3966 171 47 64979;
1809 3966 195 40 Buffalo
2036 3968 202 46 chapter
2268 3967 50 39 of
2348 3967 83 39 the

490 4023 191 48 Society
711 4024 53 39 of
794 4024 264 40 industrial
1089 4024 267 46 engineers,
1389 4023 210 41 Buffalo.
1672 4023 280 50 (33-25338)
