2484 4405
1042 4063 100 52 807

154 488 96 46 xvi,
280 486 86 41 348
394 497 42 37 p.
497 486 55 40 19
554 488 44 21 cm
603 521 8 8 .

158 557 239 41 “Editor’s
426 556 356 41 introduction”
811 556 193 48 signed:
1035 557 52 38 E.
1119 556 182 47 George
1330 556 176 46 Payne.

157 616 223 40 Includes
412 613 389 49 bibliographies.

91 680 1987 54 © May 17, 1933; 2c. May 31; aff. June 1; A 62842; Prentice-Hall, inc.
167 743 278 47 (33-14271)

84 844 231 65 Taylor,
341 844 209 55 Albert
576 844 202 65 Davis,
808 849 170 51 1883-

155 920 1860 70 Developing the small home grounds, by Albert D. Taylor …
86 998 1679 69 Philadelphia, Pa., The Ladies’ home journal [ c 1933]
160 1071 283 48 cover-title,
471 1072 58 41 48
557 1083 43 39 p.
660 1072 127 41 illus.
817 1071 133 48 (incl.
980 1073 165 49 plans)
1210 1072 55 40 23
1269 1075 43 21 cm
1317 1104 8 9 .

164 1127 280 50 “Approved
484 1130 60 47 by
581 1131 83 39 the
702 1129 161 41 Board
900 1129 52 41 of
991 1127 190 49 review,
1221 1129 257 41 American
1516 1128 182 48 society
1735 1127 51 41 of
1822 1129 260 48 landscape

89 1186 307 42 architects.”

161 1242 347 50 Bibliography
535 1254 60 30 on
623 1254 43 38 p.
697 1241 55 52 [3]
780 1242 52 42 of
857 1253 155 31 cover.

93 1311 1972 109 © May 12, 1933; 2c. and aff. May 20; A 61881; Gurtis pub. co., Philadelphia. (33-13953)
85 1473 231 66 Taylor,
346 1472 254 57 William
629 1475 194 63 Peter,
857 1479 170 49 1859-

158 1552 248 54 African
448 1558 304 62 treasures;
795 1552 152 68 sixty
986 1570 163 50 years
1190 1570 207 50 among
1438 1551 298 54 diamonds
1778 1552 114 52 and
1932 1552 153 67 gold,

88 1631 75 68 by
192 1630 259 56 William
480 1633 64 51 P.
576 1632 228 66 Taylor.
879 1631 257 66 London,
1166 1632 56 53 J.
1253 1631 181 67 Long,
1464 1629 241 67 limited,
1737 1633 151 50 1932.

159 1705 87 40 288
278 1715 42 37 p.
380 1703 163 48 front.,
575 1705 170 46 plates,
781 1706 162 46 ports.,
977 1713 125 38 map.
1162 1703 56 39 22
1221 1705 15 21 cm
1270 1736 9 9 .

94 1772 1995 51 © 1c. Mar. 21, 1933; A ad int. 17589; pubd. Jan. 20; W. P. Taylor, Cape
161 1833 161 47 Town,
357 1833 150 40 South
540 1832 183 40 Africa.
794 1831 279 48 (33-13976)

87 1934 319 66 Thurston,
436 1936 276 64 Herbert,
743 1940 170 50 1856-

161 2013 120 54 The
326 2012 208 53 church
582 2012 111 52 and
739 2011 395 69 spiritualism,
1180 2011 73 69 by
1301 2011 247 54 Herbert
1593 2010 307 67 Thurston,
1979 2052 10 10 S.
2073 2052 10 10 J.

87 2090 357 68 Milwaukee,
473 2091 122 53 The
628 2091 184 51 Bruce
842 2088 334 70 publishing
1207 2107 277 51 company
1598 2092 118 64 [c1933]

163 2161 100 49 xxi,
287 2163 88 42 384
399 2174 59 38 p.,
486 2166 24 39 1
558 2196 10 10 l.
627 2164 56 39 22
686 2167 43 21 cm
734 2197 9 9 .
802 2164 211 51 [Science
1040 2165 97 40 and
1165 2165 190 41 culture
1382 2165 164 47 series]

97 2233 1908 51 © May 2, 1933; 2c. and aff. May 18; A 61863; H. Thurston, London.
177 2294 278 47 (33-14280)

88 2394 298 66 Tomkins,
415 2396 181 64 Floyd
622 2394 305 66 Williams,
957 2401 326 51 1850-1932.

165 2471 1921 69 Daily Bible studies, by Floyd W. Tomkins … compiled and
91 2550 187 56 edited
305 2550 74 62 by
410 2549 183 63 Floyd
622 2550 88 54 W.
739 2549 290 63 Tomkins,
1059 2549 71 63 jr.
1196 2549 357 63 Milwaukee,
1584 2550 332 54 Morehouse
92 2550 1970 146 publishing
335 2647 97 47 co.,
465 2632 147 48 1933.

167 2701 624 52 2 p. l., 235, [1] p. 19 cm .
170 2755 1916 54 “A selection from the series written … for the Living church from
99 2812 1444 50 February, 1927 until … March 24, 1932.”—Foreword.
100 2883 51 51 ©
181 2888 114 47 May
321 2887 68 44 10,
417 2887 113 39 1933;
588 2886 64 40 2c.
683 2888 113 45 May
823 2885 81 47 16;
934 2885 81 41 aff.
1046 2888 114 46 May
1188 2887 81 45 15;
1300 2887 40 38 A
1368 2887 171 47 62673;
1571 2889 286 40 Morehouse
1886 2889 108 47 pub.
2024 2899 67 30 co.

177 2944 279 47 (33-14284)

95 3046 118 51 The
243 3045 294 64 township
563 3048 231 49 manual
823 3047 94 51 for
944 3046 96 54 the
1067 3052 144 47 state
1240 3047 62 53 of
1329 3046 342 55 Minnesota.
1734 3050 54 51 A
1816 3051 275 66 complete

163 3124 172 68 guide
361 3124 94 51 for
481 3130 151 46 town
660 3121 205 57 officers
894 3125 59 51 in
980 3125 150 53 their
1156 3126 227 53 various
1412 3126 183 56 duties
1623 3127 181 53 under
1828 3129 94 52 the
1951 3128 136 54 laws

163 3203 64 51 of
253 3203 339 53 Minnesota.
668 3206 89 66 By
783 3205 193 52 James
1004 3206 68 51 D.
1106 3204 241 55 Shearer
1373 3206 111 52 and
1513 3207 234 55 Charles
1775 3209 67 51 R.
1870 3209 218 51 Butler.

163 3281 107 52 33d
302 3282 84 52 ed.
461 3283 169 66 June,
665 3286 147 48 1933.
888 3282 404 69 Minneapolis,
1323 3285 203 66 Minn.,
1554 3287 221 53 Walter
1810 3286 57 55 S.
1902 3287 187 52 Booth

165 3363 45 50 &
234 3379 117 46 son,
378 3360 107 53 inc.
516 3359 7 30 ,
520 3394 13 33 [
538 3366 18 21 c
560 3364 152 63 1933]

169 3433 606 49 5 p. l., 17-509 p. 19 cm .
171 3491 222 39 Lettered
429 3502 60 28 on
523 3501 166 29 cover:
727 3491 197 40 Booth's
959 3492 244 48 township
1235 3494 211 40 manual.
1512 3493 287 42 Minnesota.

103 3555 51 51 ©
182 3561 126 39 June
333 3560 68 46 26,
428 3559 140 47 1933;
598 3561 64 39 2c.
692 3562 94 38 and
813 3560 82 41 aff.
923 3561 127 40 June
1073 3561 84 47 30;
1187 3562 41 38 A
1254 3563 169 45 63440;
1454 3563 186 39 Walter
1671 3563 44 40 S.
1745 3565 158 40 Booth
1929 3565 36 39 &
1993 3575 99 37 son,

170 3616 89 41 inc.
1882 3619 118 42 5431

97 3719 226 54 Vassar
348 3720 227 68 journal
603 3721 63 52 of
692 3721 461 70 undergraduate
1180 3721 230 55 studies.
1486 3723 241 56 Volume
1839 3768 10 10 VII.
1936 3725 157 70 [May,

170 3800 150 63 1933]
401 3800 445 67 Poughkeepsie,
877 3803 68 50 Y.
979 3804 89 64 Y.,
1100 3803 213 52 Vassar
1345 3804 228 66 college,
1606 3806 149 49 1933.

172 3872 1364 51 2 p. l., 257 p. front., plates, facsim., diagrs. 25 cm .
107 3937 51 51 ©
189 3943 114 46 May
331 3942 68 46 16,
431 3942 138 47 1933;
603 3944 66 39 2c.
701 3944 126 40 June
857 3944 52 47 9;
943 3944 80 40 aff.
1057 3946 128 38 June
1213 3946 80 45 13;
1327 3945 41 38 A
1398 3946 170 47 64111;
1602 3947 183 40 Vassar
1816 3948 192 46 college.
