2582 4453
1309 4116 103 55 476

347 447 231 65 Collier,
607 447 176 56 John.

419 519 1944 75 Tom’s a-cold, a tale, by John Collier … London, Macmillan
347 606 115 53 and
490 625 97 47 co.,
613 604 243 62 limited,
885 607 151 50 1933.

419 678 560 50 4 p. l., 320 p. 19½ cm .
353 732 2014 55 © 1c. Apr. 6, 1933; A ad int. 17666; pubd. Apr. 4; D. Appleton & co.,
421 795 118 40 New
567 795 144 40 York.
785 795 281 48 (33-11082)

349 899 230 65 Collier,
610 898 257 56 William
900 899 211 68 Miller,
421 902 859 129 1867-The
577 977 381 70 Bankruptcy
990 985 90 48 act
1114 978 65 53 of
1213 982 134 51 1898
1392 979 247 69 (United
1674 977 189 56 States
1898 977 172 69 Code,
2101 976 130 54 title
2266 976 92 69 11)

349 1077 61 35 as
445 1058 279 54 amended
757 1064 59 47 to
850 1059 204 52 March
1091 1062 50 64 3,
1177 1062 153 64 1933,
1364 1058 301 70 including
1700 1059 391 54 amendments

2126 1057 64 54 of
350 1055 1994 151 February
569 1142 47 62 5,
660 1140 152 66 1903,
853 1136 152 55 June
1049 1142 82 63 15,
1173 1140 153 66 1906,
1366 1138 153 55 June
1560 1141 86 65 25,
1688 1140 153 67 1910,
1880 1138 205 52 March
2124 1141 51 64 2,
2216 1137 153 68 1917,

349 1215 266 71 January
645 1216 50 69 7,
729 1219 154 67 1922,
913 1217 141 70 May
1083 1218 86 68 27,
1204 1219 153 67 1926,
1389 1217 299 71 February
1720 1220 83 66 11,
1835 1220 153 65 1932,
2019 1218 114 53 and
2164 1217 204 54 March

350 1299 50 65 3,
448 1300 152 49 1933.
685 1296 159 54 Each
891 1297 214 54 section
1151 1298 311 53 annotated
1508 1297 140 53 with
1695 1315 152 36 cross
1893 1295 317 56 references
2256 1297 111 54 and

350 1381 178 63 notes,
555 1377 263 67 together
846 1375 141 54 with
1018 1376 248 55 General
1295 1377 196 53 orders
1521 1376 61 53 in
1609 1376 366 69 bankruptcy
2005 1377 114 53 and
2150 1375 221 57 Official

352 1455 182 55 forms
575 1455 61 53 in
675 1455 383 70 bankruptcy,
1100 1457 252 67 adopted
1392 1455 77 70 by
1509 1457 96 53 the
1649 1454 278 70 Supreme
1969 1461 161 48 court
2170 1455 65 53 of
2274 1457 98 52 the

352 1535 219 56 United
617 1534 210 70 States,
871 1553 60 36 as
976 1536 277 52 amended
1296 1539 58 50 to
1400 1535 131 53 date
1575 1534 141 54 with
1763 1533 366 55 annotations
2171 1542 59 47 to
2274 1535 98 53 the

351 1614 249 57 General
649 1615 196 53 orders
897 1615 115 53 and
1061 1613 223 56 Official
1335 1613 210 68 forms;
1597 1614 262 53 indexed.
1947 1613 215 55 Collier
351 1634 1995 130 pamphlet

560 1693 236 69 edition,
846 1696 133 50 1933
1028 1693 265 53 revision.
1369 1693 252 69 Albany,
1667 1694 69 52 N.
1786 1694 94 68 Y.,
1925 1695 79 52 M.
2053 1694 228 53 Bender
2325 1697 47 50 &

351 1792 300 51 company,
683 1773 422 67 incorporated,
1137 1775 151 51 1933.

424 1845 778 53 1 p. l., 183 p. 25 cm . $2.00
426 1906 184 41 “Ninth
635 1903 263 51 printing.”

426 1963 375 49 “Comparative
836 1962 131 41 table
1002 1963 52 40 of
1088 1961 225 47 sections,
1350 1962 319 49 Bankruptcy
1706 1965 80 39 act
1821 1964 53 40 of
1907 1961 118 43 1898
2058 1963 97 39 and
2191 1963 180 41 United

356 2023 165 41 States
550 2022 142 47 Code,
723 2021 110 41 title
861 2021 69 48 11,
961 2019 347 49 Bankruptcy”:
1369 2030 43 38 p.
1444 2020 54 50 [2]
1530 2021 52 39 of
1609 2031 155 30 cover.

358 2076 53 54 ©
441 2082 123 40 Mar.
591 2079 71 51 28,
690 2079 141 47 1933;
863 2079 67 41 2c.
961 2079 95 41 and
1084 2078 82 42 aff.
1195 2080 124 39 Mar.
1349 2078 82 48 29;
1462 2079 41 40 A
1533 2078 171 50 61147;
1738 2078 240 43 Matthew
2004 2081 195 40 Bender
2227 2085 37 42 &
2291 2091 84 38 co.,

426 2139 92 41 inc.
583 2133 70 55 [©
681 2137 250 41 additions
959 2140 96 39 and
1082 2138 225 49 changes]
1381 2137 251 48 (33-9221)

354 2243 176 66 Cook,
560 2243 260 54 Thomas
851 2243 73 56 A.

425 2320 1949 70 Geology of Connecticut, by Thomas A. Cook … Hartford,
356 2400 970 68 Conn., The Bond press [ c 1933]
427 2474 1127 50 1 p. l., [5]-112 p. illus., fold. map. 20 cm .
427 2533 183 40 Folded
637 2543 114 38 map
775 2533 231 39 mounted
1034 2543 61 30 on
1121 2531 340 49 lining-paper.

427 2590 352 49 Bibliography
806 2589 227 41 included
1059 2590 52 41 in
1137 2590 83 40 the
1246 2590 212 48 preface.

359 2644 53 53 ©
444 2650 123 39 Mar.
597 2648 71 42 23.
700 2648 141 47 1933;
874 2648 68 40 2c.
974 2650 123 39 Mar.
1129 2648 83 47 30;
1249 2648 81 39 aff.
1363 2649 115 47 Apr.
1511 2648 52 47 6;
1598 2649 41 39 A
1670 2648 172 48 61250;
1875 2650 53 39 T.
1961 2649 54 40 A.
2050 2650 144 43 Cook,
430 2650 1928 97 Hartford.
628 2705 253 50 (33-9118)

356 2809 242 66 Cooper,
628 2809 193 56 David
850 2810 333 66 Lipscomb,
1216 2815 171 50 1886-

428 2888 123 54 The
589 2890 217 52 eternal
847 2888 129 56 God
1015 2889 295 69 revealing
1346 2890 236 54 himself
1619 2897 59 47 to
1717 2890 281 69 suffering
2034 2891 182 55 Israel
2257 2891 111 54 and

356 2968 2015 70 to lost humanity, by David L. Cooper … Harrisburg, Pa.,
359 3045 2008 73 The Evangelical press; Los Angeles, Cal., D. L. Cooper [ c 1928]
431 3118 693 51 2 p. l., ii, 3-362 p. 20½ cm .
432 3176 185 42 Music:
648 3189 44 38 p.
721 3176 102 42 342.

434 3233 379 51 Bibliography:
845 3246 44 38 p.
922 3234 220 42 357-358.

361 3287 53 53 ©
446 3293 112 41 Dec.
587 3292 69 46 23,
687 3292 115 42 1928;
860 3293 54 40 2c
992 3304 80 28 Jan.,
1097 3293 69 46 30,
1199 3293 141 47 1933;
1373 3292 83 41 aff.
1487 3294 123 40 Mar.
1641 3295 25 39 3;
1727 3294 40 39 A
1799 3294 170 48 60528;
2003 3295 56 39 D.
2093 3296 51 39 L.
2177 3295 197 48 Cooper,

431 3350 94 40 Los
555 3351 221 46 Angeles.
849 3349 252 49 (33-9258)

356 3440 412 67 Coudenhove,
800 3442 105 53 Ida
940 3442 361 56 Friederike.

491 3517 1885 73 … Maria Ward, eine heldenlegende. Salzburg, A. Pustet
380 3598 178 65 [ c 1932]
429 3667 795 51 268 p. front. (port.) 19½ cm .
363 3722 2014 58 © Nov. 8. 1932; 1c. Feb. 23, 1933; A-Foreign 19983; Verlag Anton
431 3786 186 41 Pustet.
689 3786 253 50 (33-9124)

356 3872 172 67 Dahl,
559 3878 125 52 Fru
714 3878 280 65 Valborg.

355 3949 1993 148 … Gitte; fortælling for unge piger. København, Gyldendal, 1932.
