<alto xmlns="http://www.loc.gov/standards/alto/ns-v3#" xmlns:xlink="http://www.w3.org/1999/xlink" xmlns:xsi="http://www.w3.org/2001/XMLSchema-instance" xsi:schemaLocation="http://www.loc.gov/standards/alto/ns-v3# http://www.loc.gov/alto/v3/alto-3-0.xsd"><Description>
<MeasurementUnit>pixel</MeasurementUnit>
<sourceImageInformation>
<fileName>1933_v1_Part1.pdf</fileName>
</sourceImageInformation>
<OCRProcessing ID="IdOcr">
<ocrProcessingStep>
<processingDateTime>2019-01-03</processingDateTime>
<processingSoftware>
<softwareCreator>ABBYY</softwareCreator>
<softwareName>ABBYY Recognition Server</softwareName>
<softwareVersion>4.0</softwareVersion>
</processingSoftware>
</ocrProcessingStep>
</OCRProcessing>
</Description>
<Styles>
<ParagraphStyle ID="StyleId-FFFFFFFF-FFFF-FFFF-FFFF-FFFFFFFFFFFF-" ALIGN="Left" LEFT="0." RIGHT="0." FIRSTLINE="0."/>
<ParagraphStyle ID="StyleId-6EF5737A-DCEB-4126-A0CF-C5930BF7166A-" ALIGN="Left" LEFT="0." RIGHT="0." FIRSTLINE="0." LINESPACE="8.300000191"/>
<ParagraphStyle ID="StyleId-2DE44258-FD0B-41E1-B542-087C989B01A3-" ALIGN="Left" LEFT="0." RIGHT="0." FIRSTLINE="0." LINESPACE="12.19999981"/>
<ParagraphStyle ID="StyleId-CE3D254A-29D7-4DD7-B5F1-E0FC0EF29B05-" ALIGN="Left" LEFT="0." RIGHT="0." FIRSTLINE="-14." LINESPACE="8.619999886"/>
<ParagraphStyle ID="StyleId-C0E3A137-CE4F-4287-8A90-B599106709D0-" ALIGN="Left" LEFT="0." RIGHT="0." FIRSTLINE="-14." LINESPACE="12.19999981"/>
<ParagraphStyle ID="StyleId-50F26F0C-05DA-4C19-BA58-7A6AC4499BEE-" ALIGN="Left" LEFT="0." RIGHT="0." FIRSTLINE="-14." LINESPACE="11.06999969"/>
<ParagraphStyle ID="StyleId-5DDE65AF-512C-41E2-9B8E-095D6D99EF68-" ALIGN="Center" LEFT="0." RIGHT="0." FIRSTLINE="0." LINESPACE="11.89999962"/>
<ParagraphStyle ID="StyleId-0A81D7A5-6A62-4C52-915E-7768974C704D-" ALIGN="Left" LEFT="0." RIGHT="0." FIRSTLINE="0." LINESPACE="9.399999619"/>
<ParagraphStyle ID="StyleId-F7A0127F-6B48-4157-BB81-FE33E1E1A05B-" ALIGN="Block" LEFT="0." RIGHT="0." FIRSTLINE="-13." LINESPACE="10.63000011"/>
<ParagraphStyle ID="StyleId-E18C69F7-DBD7-48B1-805C-FCD96D0DA019-" ALIGN="Left" LEFT="0." RIGHT="0." FIRSTLINE="0." LINESPACE="11.64000034"/>
<ParagraphStyle ID="StyleId-98F15501-B611-4E83-8BB3-807E891F11F5-" ALIGN="Left" LEFT="0." RIGHT="0." FIRSTLINE="-14." LINESPACE="12.19999981"/>
<ParagraphStyle ID="StyleId-F4A78626-0BBC-4D12-94D9-A1AE75A9855F-" ALIGN="Left" LEFT="0." RIGHT="0." FIRSTLINE="0." LINESPACE="9.399999619"/>
<ParagraphStyle ID="StyleId-6A3F6F4C-D21B-4ADE-902F-7683F18ECEF3-" ALIGN="Left" LEFT="0." RIGHT="0." FIRSTLINE="0." LINESPACE="11.10000038"/>
</Styles>
<Layout>
<Page ID="Page203" PHYSICAL_IMG_NR="203" HEIGHT="4405" WIDTH="2575">
<TopMargin HEIGHT="444" WIDTH="2575" VPOS="0" HPOS="0">
</TopMargin>
<LeftMargin HEIGHT="3630" WIDTH="60" VPOS="444" HPOS="0">
</LeftMargin>
<RightMargin HEIGHT="3630" WIDTH="409" VPOS="444" HPOS="2166">
</RightMargin>
<BottomMargin HEIGHT="331" WIDTH="2575" VPOS="4074" HPOS="0">
<TextBlock ID="Page203_Block1" HEIGHT="72" WIDTH="122" VPOS="4080" HPOS="1092" LANG="en-US" STYLEREFS="StyleId-85392527-4C3B-4D26-9736-915E6C0D2FF4-">
<TextLine HEIGHT="51" WIDTH="103" VPOS="4091" HPOS="1101">
<String CONTENT="203" HEIGHT="51" WIDTH="103" VPOS="4091" HPOS="1101"/>
</TextLine>
</TextBlock>
</BottomMargin>
<PrintSpace HEIGHT="3630" WIDTH="2106" VPOS="444" HPOS="60">
<TextBlock ID="Page203_Block2" HEIGHT="3630" WIDTH="2032" VPOS="444" HPOS="134" LANG="en-US" CS="1" STYLEREFS="StyleId-83799621-4400-4D12-AC81-8FD36ED89CD9-">
<TextLine HEIGHT="66" WIDTH="1029" VPOS="455" HPOS="147" STYLEREFS="StyleId-216BB776-8CFB-40A5-A888-394A4F44B2EF-" LANG="de">
<String CONTENT="Morrison," HEIGHT="64" WIDTH="307" VPOS="457" HPOS="147"/>
<SP HEIGHT="63" WIDTH="28" VPOS="458" HPOS="455"/>
<String CONTENT="Henry" HEIGHT="62" WIDTH="206" VPOS="458" HPOS="484"/>
<SP HEIGHT="63" WIDTH="28" VPOS="457" HPOS="691"/>
<String CONTENT="Clinton," HEIGHT="65" WIDTH="253" VPOS="455" HPOS="720"/>
<SP HEIGHT="59" WIDTH="31" VPOS="461" HPOS="974"/>
<String CONTENT="1871-" HEIGHT="55" WIDTH="170" VPOS="455" HPOS="1006"/>
</TextLine>
<TextLine HEIGHT="70" WIDTH="1803" VPOS="530" HPOS="278" STYLEREFS="StyleId-01014EA4-ACE2-4CB5-9FE5-18CE24B2BAA9-" CS="1">
<String LANG="de" CS="1" CONTENT="&#8230;"/>
<SP HEIGHT="53" WIDTH="38" VPOS="535" HPOS="278"/>
<String LANG="en-US" CONTENT="The" HEIGHT="51" WIDTH="119" VPOS="534" HPOS="317"/>
<SP HEIGHT="35" WIDTH="33" VPOS="550" HPOS="437"/>
<String LANG="en-US" CONTENT="evolving" HEIGHT="69" WIDTH="265" VPOS="531" HPOS="471"/>
<SP HEIGHT="50" WIDTH="33" VPOS="550" HPOS="737"/>
<String LANG="de" CONTENT="common" HEIGHT="35" WIDTH="254" VPOS="549" HPOS="771"/>
<SP HEIGHT="34" WIDTH="38" VPOS="550" HPOS="1026"/>
<String LANG="en-US" CONTENT="school," HEIGHT="69" WIDTH="204" VPOS="530" HPOS="1065"/>
<SP HEIGHT="69" WIDTH="35" VPOS="530" HPOS="1270"/>
<String LANG="en-US" CONTENT="by" HEIGHT="69" WIDTH="72" VPOS="530" HPOS="1306"/>
<SP HEIGHT="69" WIDTH="34" VPOS="530" HPOS="1379"/>
<String LANG="de" CONTENT="Henry" HEIGHT="69" WIDTH="202" VPOS="530" HPOS="1414"/>
<SP HEIGHT="69" WIDTH="36" VPOS="530" HPOS="1617"/>
<String LANG="de" CONTENT="C." HEIGHT="54" WIDTH="62" VPOS="530" HPOS="1654"/>
<SP HEIGHT="54" WIDTH="34" VPOS="530" HPOS="1717"/>
<String LANG="de" CONTENT="Morrison" HEIGHT="53" WIDTH="285" VPOS="530" HPOS="1752"/>
<SP HEIGHT="36" WIDTH="43" VPOS="549" HPOS="2038"/>
<String LANG="de" CS="1" CONTENT="&#8230;"/>
</TextLine>
<TextLine HEIGHT="71" WIDTH="1411" VPOS="607" HPOS="148" STYLEREFS="StyleId-01014EA4-ACE2-4CB5-9FE5-18CE24B2BAA9-">
<String LANG="de" CONTENT="Cambridge," HEIGHT="69" WIDTH="356" VPOS="609" HPOS="148"/>
<SP HEIGHT="67" WIDTH="34" VPOS="610" HPOS="505"/>
<String LANG="de" CONTENT="Harvard" HEIGHT="52" WIDTH="272" VPOS="609" HPOS="540"/>
<SP HEIGHT="52" WIDTH="32" VPOS="609" HPOS="813"/>
<String LANG="en-US" CONTENT="university" HEIGHT="70" WIDTH="317" VPOS="607" HPOS="846"/>
<SP HEIGHT="50" WIDTH="34" VPOS="627" HPOS="1164"/>
<String LANG="de" CONTENT="press," HEIGHT="50" WIDTH="172" VPOS="626" HPOS="1199"/>
<SP HEIGHT="64" WIDTH="37" VPOS="611" HPOS="1372"/>
<String LANG="de" CONTENT="1933." HEIGHT="48" WIDTH="149" VPOS="611" HPOS="1410"/>
</TextLine>
<TextLine HEIGHT="50" WIDTH="1266" VPOS="693" HPOS="211" CS="1">
<String LANG="de" CONTENT="3" HEIGHT="41" WIDTH="27" VPOS="696" HPOS="211"/>
<SP/>
<String LANG="de" CS="1" CONTENT="p."/>
<SP/>
<String LANG="de" CS="1" CONTENT="l.," HEIGHT="17" WIDTH="9" VPOS="726" HPOS="369"/>
<SP HEIGHT="48" WIDTH="27" VPOS="695" HPOS="379"/>
<String LANG="de" CONTENT="62" HEIGHT="40" WIDTH="55" VPOS="695" HPOS="407"/>
<SP HEIGHT="48" WIDTH="27" VPOS="695" HPOS="463"/>
<String LANG="de" CONTENT="p." HEIGHT="37" WIDTH="43" VPOS="706" HPOS="491"/>
<SP HEIGHT="40" WIDTH="55" VPOS="696" HPOS="535"/>
<String LANG="de" CS="1" CONTENT="18cm." HEIGHT="40" WIDTH="116" VPOS="695" HPOS="591"/>
<SP HEIGHT="48" WIDTH="64" VPOS="694" HPOS="708"/>
<String LANG="de" CONTENT="(The" HEIGHT="48" WIDTH="127" VPOS="694" HPOS="773"/>
<SP HEIGHT="39" WIDTH="27" VPOS="696" HPOS="901"/>
<String LANG="de" CONTENT="Inglis" HEIGHT="49" WIDTH="152" VPOS="693" HPOS="929"/>
<SP HEIGHT="37" WIDTH="27" VPOS="697" HPOS="1082"/>
<String LANG="en-US" CONTENT="lecture," HEIGHT="44" WIDTH="197" VPOS="697" HPOS="1110"/>
<SP HEIGHT="45" WIDTH="29" VPOS="696" HPOS="1308"/>
<String LANG="de" CONTENT="1933)" HEIGHT="48" WIDTH="139" VPOS="694" HPOS="1338"/>
</TextLine>
<TextLine HEIGHT="52" WIDTH="1109" VPOS="767" HPOS="149" LANG="de" CS="1">
<String CONTENT="&#169;" HEIGHT="51" WIDTH="51" VPOS="768" HPOS="149"/>
<SP HEIGHT="51" WIDTH="23" VPOS="768" HPOS="201"/>
<String CONTENT="Jan." HEIGHT="40" WIDTH="109" VPOS="771" HPOS="225"/>
<SP HEIGHT="40" WIDTH="24" VPOS="771" HPOS="335"/>
<String CONTENT="13," HEIGHT="46" WIDTH="67" VPOS="771" HPOS="360"/>
<SP HEIGHT="47" WIDTH="24" VPOS="770" HPOS="428"/>
<String CONTENT="1933;" HEIGHT="48" WIDTH="140" VPOS="768" HPOS="453"/>
<SP HEIGHT="47" WIDTH="25" VPOS="769" HPOS="594"/>
<String CONTENT="2c." HEIGHT="40" WIDTH="67" VPOS="769" HPOS="620"/>
<SP HEIGHT="40" WIDTH="26" VPOS="769" HPOS="688"/>
<String CONTENT="Feb." HEIGHT="40" WIDTH="110" VPOS="769" HPOS="715"/>
<SP HEIGHT="40" WIDTH="23" VPOS="769" HPOS="826"/>
<String CONTENT="11;" HEIGHT="46" WIDTH="82" VPOS="769" HPOS="850"/>
<SP HEIGHT="36" WIDTH="27" VPOS="779" HPOS="933"/>
<String CONTENT="aff." HEIGHT="42" WIDTH="82" VPOS="767" HPOS="961"/>
<SP HEIGHT="41" WIDTH="24" VPOS="768" HPOS="1044"/>
<String CONTENT="Feb." HEIGHT="41" WIDTH="111" VPOS="767" HPOS="1069"/>
<SP HEIGHT="41" WIDTH="23" VPOS="767" HPOS="1181"/>
<String CONTENT="9;" HEIGHT="48" WIDTH="53" VPOS="767" HPOS="1205"/>
</TextLine>
<TextLine HEIGHT="46" WIDTH="857" VPOS="767" HPOS="1286">
<!-- cceid 3A561CEB-6CF9-1014-A6CF-A82867D68027 --><String LANG="en-US" CONTENT="A" HEIGHT="38" WIDTH="40" VPOS="768" HPOS="1286"/>
<SP HEIGHT="39" WIDTH="24" VPOS="768" HPOS="1327"/>
<String LANG="de" CONTENT="59497;" HEIGHT="46" WIDTH="169" VPOS="767" HPOS="1352"/>
<SP HEIGHT="45" WIDTH="27" VPOS="768" HPOS="1522"/>
<String LANG="de" CONTENT="President" HEIGHT="42" WIDTH="255" VPOS="767" HPOS="1550"/>
<SP HEIGHT="39" WIDTH="24" VPOS="770" HPOS="1806"/>
<String LANG="en-US" CONTENT="and" HEIGHT="39" WIDTH="96" VPOS="769" HPOS="1831"/>
<SP HEIGHT="40" WIDTH="23" VPOS="768" HPOS="1928"/>
<String LANG="en-US" CONTENT="fellows" HEIGHT="41" WIDTH="191" VPOS="768" HPOS="1952"/>
</TextLine>
<TextLine HEIGHT="50" WIDTH="1369" VPOS="824" HPOS="215">
<String LANG="en-US" CONTENT="of" HEIGHT="38" WIDTH="51" VPOS="828" HPOS="215"/>
<SP HEIGHT="38" WIDTH="29" VPOS="828" HPOS="267"/>
<String LANG="de" CONTENT="Harvard" HEIGHT="38" WIDTH="227" VPOS="828" HPOS="297"/>
<SP HEIGHT="38" WIDTH="29" VPOS="828" HPOS="525"/>
<String LANG="en-US" CONTENT="college," HEIGHT="48" WIDTH="191" VPOS="826" HPOS="555"/>
<SP HEIGHT="49" WIDTH="32" VPOS="825" HPOS="747"/>
<String LANG="de" CONTENT="Cambridge," HEIGHT="49" WIDTH="302" VPOS="824" HPOS="780"/>
<SP HEIGHT="47" WIDTH="32" VPOS="826" HPOS="1083"/>
<String LANG="en-US" CONTENT="Mass." HEIGHT="39" WIDTH="147" VPOS="826" HPOS="1116"/>
<SP HEIGHT="49" WIDTH="68" VPOS="824" HPOS="1264"/>
<String LANG="de" CONTENT="(33-4717)" HEIGHT="49" WIDTH="251" VPOS="824" HPOS="1333"/>
</TextLine>
<TextLine HEIGHT="66" WIDTH="797" VPOS="929" HPOS="143" STYLEREFS="StyleId-216BB776-8CFB-40A5-A888-394A4F44B2EF-">
<String CONTENT="Morrow," HEIGHT="63" WIDTH="268" VPOS="932" HPOS="143"/>
<SP HEIGHT="62" WIDTH="28" VPOS="933" HPOS="412"/>
<String CONTENT="Mrs." HEIGHT="52" WIDTH="139" VPOS="933" HPOS="441"/>
<SP HEIGHT="51" WIDTH="30" VPOS="931" HPOS="581"/>
<String CONTENT="Elizabeth." HEIGHT="57" WIDTH="328" VPOS="929" HPOS="612"/>
</TextLine>
<TextLine HEIGHT="149" WIDTH="1979" VPOS="1006" HPOS="144" STYLEREFS="StyleId-01014EA4-ACE2-4CB5-9FE5-18CE24B2BAA9-" CS="1">
<String CONTENT="Casa" HEIGHT="54" WIDTH="144" VPOS="1008" HPOS="216"/>
<SP HEIGHT="35" WIDTH="27" VPOS="1027" HPOS="361"/>
<String CONTENT="manana;" HEIGHT="49" WIDTH="274" VPOS="1027" HPOS="389"/>
<SP HEIGHT="60" WIDTH="30" VPOS="1016" HPOS="664"/>
<String CONTENT="text" HEIGHT="49" WIDTH="124" VPOS="1014" HPOS="695"/>
<SP HEIGHT="55" WIDTH="23" VPOS="1007" HPOS="820"/>
<String CONTENT="by" HEIGHT="68" WIDTH="76" VPOS="1007" HPOS="844"/>
<SP HEIGHT="67" WIDTH="29" VPOS="1008" HPOS="921"/>
<String CONTENT="Elizabeth" HEIGHT="54" WIDTH="302" VPOS="1007" HPOS="951"/>
<SP HEIGHT="53" WIDTH="23" VPOS="1007" HPOS="1254"/>
<String CONTENT="Morrow," HEIGHT="68" WIDTH="273" VPOS="1007" HPOS="1278"/>
<SP HEIGHT="67" WIDTH="26" VPOS="1008" HPOS="1552"/>
<String CONTENT="drawings" HEIGHT="69" WIDTH="293" VPOS="1007" HPOS="1579"/>
<SP HEIGHT="55" WIDTH="23" VPOS="1007" HPOS="1873"/>
<String CONTENT="by" HEIGHT="70" WIDTH="77" VPOS="1007" HPOS="1897"/>
<SP HEIGHT="70" WIDTH="27" VPOS="1007" HPOS="1975"/>
<String CONTENT="William" HEIGHT="134" WIDTH="1979" VPOS="1006" HPOS="144"/>
<SP HEIGHT="56" WIDTH="25" VPOS="1086" HPOS="283"/>
<String CONTENT="Spratling." HEIGHT="69" WIDTH="320" VPOS="1086" HPOS="309"/>
</TextLine>
<TextLine HEIGHT="70" WIDTH="1415" VPOS="1085" HPOS="709" STYLEREFS="StyleId-01014EA4-ACE2-4CB5-9FE5-18CE24B2BAA9-" CS="1">
<String CONTENT="[Croton" HEIGHT="69" WIDTH="237" VPOS="1085" HPOS="709"/>
<SP HEIGHT="53" WIDTH="24" VPOS="1087" HPOS="947"/>
<String CONTENT="Falls," HEIGHT="68" WIDTH="177" VPOS="1086" HPOS="972"/>
<SP HEIGHT="67" WIDTH="25" VPOS="1087" HPOS="1150"/>
<String CONTENT="N." HEIGHT="53" WIDTH="70" VPOS="1087" HPOS="1176"/>
<SP HEIGHT="54" WIDTH="27" VPOS="1086" HPOS="1247"/>
<String CONTENT="Y.," HEIGHT="68" WIDTH="92" VPOS="1086" HPOS="1275"/>
<SP HEIGHT="67" WIDTH="23" VPOS="1087" HPOS="1368"/>
<String CONTENT="The" HEIGHT="54" WIDTH="122" VPOS="1086" HPOS="1392"/>
<SP HEIGHT="56" WIDTH="27" VPOS="1085" HPOS="1515"/>
<String CONTENT="Spiral" HEIGHT="70" WIDTH="197" VPOS="1085" HPOS="1543"/>
<SP HEIGHT="68" WIDTH="24" VPOS="1087" HPOS="1741"/>
<String CONTENT="press," HEIGHT="51" WIDTH="175" VPOS="1104" HPOS="1766"/>
<SP HEIGHT="62" WIDTH="25" VPOS="1092" HPOS="1942"/>
<String STYLE="superscript" CONTENT="c" HEIGHT="21" WIDTH="19" VPOS="1092" HPOS="1968"/>
<String CS="1" CONTENT="1932]" HEIGHT="50" WIDTH="133" VPOS="1088" HPOS="1991"/>
</TextLine>
<TextLine HEIGHT="52" WIDTH="1047" VPOS="1173" HPOS="219" STYLEREFS="StyleId-01014EA4-ACE2-4CB5-9FE5-18CE24B2BAA9-" CS="1">
<String CONTENT="[74]" HEIGHT="49" WIDTH="83" VPOS="1176" HPOS="219"/>
<SP HEIGHT="39" WIDTH="27" VPOS="1185" HPOS="303"/>
<String CONTENT="p." HEIGHT="37" WIDTH="42" VPOS="1185" HPOS="331"/>
<SP HEIGHT="41" WIDTH="27" VPOS="1173" HPOS="374"/>
<String CONTENT="inch" HEIGHT="41" WIDTH="109" VPOS="1173" HPOS="402"/>
<SP HEIGHT="40" WIDTH="26" VPOS="1173" HPOS="512"/>
<String CONTENT="illus," HEIGHT="48" WIDTH="142" VPOS="1173" HPOS="539"/>
<SP HEIGHT="36" WIDTH="27" VPOS="1185" HPOS="682"/>
<String CONTENT="plates," HEIGHT="46" WIDTH="171" VPOS="1176" HPOS="710"/>
<SP HEIGHT="38" WIDTH="26" VPOS="1184" HPOS="882"/>
<String CONTENT="plans." HEIGHT="46" WIDTH="154" VPOS="1175" HPOS="909"/>
<SP HEIGHT="40" WIDTH="55" VPOS="1173" HPOS="1064"/>
<String CS="1" CONTENT="28&#189;cm." HEIGHT="41" WIDTH="146" VPOS="1173" HPOS="1120"/>
</TextLine>
<TextLine HEIGHT="50" WIDTH="680" VPOS="1229" HPOS="215">
<String CONTENT="Illustrated" HEIGHT="40" WIDTH="288" VPOS="1231" HPOS="215"/>
<SP HEIGHT="39" WIDTH="27" VPOS="1231" HPOS="504"/>
<String CONTENT="lining-papers." HEIGHT="50" WIDTH="363" VPOS="1229" HPOS="532"/>
</TextLine>
<TextLine HEIGHT="50" WIDTH="1146" VPOS="1285" HPOS="221" CS="1">
<String CONTENT="&#8220;300" HEIGHT="40" WIDTH="114" VPOS="1287" HPOS="221"/>
<SP HEIGHT="40" WIDTH="24" VPOS="1287" HPOS="336"/>
<String CONTENT="copies" HEIGHT="48" WIDTH="157" VPOS="1287" HPOS="361"/>
<SP HEIGHT="29" WIDTH="27" VPOS="1297" HPOS="519"/>
<String CONTENT="completed" HEIGHT="47" WIDTH="263" VPOS="1287" HPOS="547"/>
<SP HEIGHT="41" WIDTH="28" VPOS="1285" HPOS="811"/>
<String CONTENT="in" HEIGHT="40" WIDTH="51" VPOS="1285" HPOS="840"/>
<SP HEIGHT="39" WIDTH="27" VPOS="1286" HPOS="892"/>
<String CONTENT="December" HEIGHT="40" WIDTH="261" VPOS="1286" HPOS="920"/>
<SP HEIGHT="39" WIDTH="27" VPOS="1287" HPOS="1182"/>
<String CONTENT="1932.&#8221;" HEIGHT="42" WIDTH="157" VPOS="1285" HPOS="1210"/>
</TextLine>
<TextLine HEIGHT="50" WIDTH="1926" VPOS="1341" HPOS="219">
<String CONTENT="&#8220;" HEIGHT="17" WIDTH="23" VPOS="1344" HPOS="219"/>
<SP HEIGHT="17" WIDTH="19" VPOS="1344" HPOS="243"/>
<String CONTENT="&#8216;Our" HEIGHT="41" WIDTH="115" VPOS="1343" HPOS="263"/>
<SP HEIGHT="29" WIDTH="24" VPOS="1354" HPOS="379"/>
<String CONTENT="street" HEIGHT="38" WIDTH="149" VPOS="1345" HPOS="404"/>
<SP HEIGHT="41" WIDTH="25" VPOS="1342" HPOS="554"/>
<String CONTENT="in" HEIGHT="40" WIDTH="49" VPOS="1342" HPOS="580"/>
<SP HEIGHT="41" WIDTH="28" VPOS="1342" HPOS="630"/>
<String CONTENT="Cuernavaca&#8217;" HEIGHT="42" WIDTH="328" VPOS="1341" HPOS="659"/>
<SP HEIGHT="40" WIDTH="26" VPOS="1341" HPOS="988"/>
<String CONTENT="is" HEIGHT="41" WIDTH="43" VPOS="1342" HPOS="1015"/>
<SP HEIGHT="30" WIDTH="25" VPOS="1353" HPOS="1059"/>
<String CONTENT="reprinted" HEIGHT="49" WIDTH="246" VPOS="1341" HPOS="1085"/>
<SP HEIGHT="40" WIDTH="26" VPOS="1343" HPOS="1332"/>
<String CONTENT="by" HEIGHT="48" WIDTH="62" VPOS="1343" HPOS="1359"/>
<SP HEIGHT="38" WIDTH="26" VPOS="1353" HPOS="1422"/>
<String CONTENT="courtesy" HEIGHT="48" WIDTH="225" VPOS="1343" HPOS="1449"/>
<SP HEIGHT="37" WIDTH="27" VPOS="1354" HPOS="1675"/>
<String CONTENT="of" HEIGHT="40" WIDTH="51" VPOS="1342" HPOS="1703"/>
<SP HEIGHT="41" WIDTH="26" VPOS="1342" HPOS="1755"/>
<String CONTENT="the" HEIGHT="40" WIDTH="81" VPOS="1343" HPOS="1782"/>
<SP HEIGHT="40" WIDTH="25" VPOS="1342" HPOS="1864"/>
<String CONTENT="American" HEIGHT="41" WIDTH="255" VPOS="1341" HPOS="1890"/>
</TextLine>
<TextLine HEIGHT="49" WIDTH="263" VPOS="1399" HPOS="144">
<String CONTENT="mercury.&#8221;" HEIGHT="49" WIDTH="263" VPOS="1399" HPOS="144"/>
</TextLine>
<TextLine HEIGHT="43" WIDTH="1590" VPOS="1453" HPOS="555" CS="1">
<String CS="1" CONTENT="CONTENTS.&#8212;Our" HEIGHT="41" WIDTH="100" VPOS="1455" HPOS="555"/>
<SP HEIGHT="29" WIDTH="40" VPOS="1467" HPOS="656"/>
<String CONTENT="street" HEIGHT="39" WIDTH="151" VPOS="1457" HPOS="697"/>
<SP HEIGHT="41" WIDTH="40" VPOS="1455" HPOS="849"/>
<String CONTENT="in" HEIGHT="40" WIDTH="49" VPOS="1455" HPOS="890"/>
<SP HEIGHT="41" WIDTH="42" VPOS="1455" HPOS="940"/>
<String CONTENT="Cuernavaca.&#8212;Plans" HEIGHT="41" WIDTH="542" VPOS="1455" HPOS="983"/>
<SP HEIGHT="30" WIDTH="40" VPOS="1466" HPOS="1526"/>
<String CONTENT="and" HEIGHT="39" WIDTH="96" VPOS="1456" HPOS="1567"/>
<SP HEIGHT="40" WIDTH="41" VPOS="1456" HPOS="1664"/>
<String CONTENT="details" HEIGHT="42" WIDTH="178" VPOS="1454" HPOS="1706"/>
<SP HEIGHT="30" WIDTH="40" VPOS="1466" HPOS="1885"/>
<String CONTENT="of" HEIGHT="42" WIDTH="53" VPOS="1454" HPOS="1926"/>
<SP HEIGHT="43" WIDTH="40" VPOS="1453" HPOS="1980"/>
<String CONTENT="Casa" HEIGHT="43" WIDTH="124" VPOS="1453" HPOS="2021"/>
</TextLine>
<TextLine HEIGHT="42" WIDTH="557" VPOS="1512" HPOS="144">
<String CONTENT="manana.&#8212;Mexicana." HEIGHT="42" WIDTH="557" VPOS="1512" HPOS="144"/>
</TextLine>
<TextLine HEIGHT="51" WIDTH="1555" VPOS="1579" HPOS="150" CS="1">
<String CONTENT="&#169;" HEIGHT="51" WIDTH="51" VPOS="1579" HPOS="150"/>
<SP HEIGHT="51" WIDTH="29" VPOS="1579" HPOS="202"/>
<String CONTENT="Dec." HEIGHT="39" WIDTH="111" VPOS="1584" HPOS="232"/>
<SP HEIGHT="39" WIDTH="28" VPOS="1584" HPOS="344"/>
<String CONTENT="18," HEIGHT="47" WIDTH="69" VPOS="1583" HPOS="373"/>
<SP HEIGHT="47" WIDTH="27" VPOS="1583" HPOS="443"/>
<String CS="1" CONTENT="1932;" HEIGHT="42" WIDTH="117" VPOS="1581" HPOS="471"/>
<SP HEIGHT="48" WIDTH="29" VPOS="1582" HPOS="613"/>
<String CONTENT="2c." HEIGHT="41" WIDTH="67" VPOS="1582" HPOS="643"/>
<SP HEIGHT="39" WIDTH="29" VPOS="1584" HPOS="711"/>
<String CONTENT="Jan." HEIGHT="39" WIDTH="110" VPOS="1584" HPOS="741"/>
<SP HEIGHT="40" WIDTH="27" VPOS="1583" HPOS="852"/>
<String CONTENT="6," HEIGHT="46" WIDTH="39" VPOS="1583" HPOS="880"/>
<SP HEIGHT="46" WIDTH="29" VPOS="1583" HPOS="920"/>
<String CONTENT="1933;" HEIGHT="49" WIDTH="140" VPOS="1581" HPOS="950"/>
<SP HEIGHT="37" WIDTH="31" VPOS="1593" HPOS="1091"/>
<String CONTENT="aff." HEIGHT="42" WIDTH="82" VPOS="1581" HPOS="1123"/>
<SP HEIGHT="39" WIDTH="30" VPOS="1583" HPOS="1206"/>
<String CONTENT="Feb." HEIGHT="39" WIDTH="110" VPOS="1583" HPOS="1237"/>
<SP HEIGHT="39" WIDTH="29" VPOS="1582" HPOS="1348"/>
<String CONTENT="2;" HEIGHT="48" WIDTH="53" VPOS="1582" HPOS="1378"/>
<SP HEIGHT="47" WIDTH="30" VPOS="1583" HPOS="1432"/>
<!-- cceid 3A573D73-6CF9-1014-A6CF-A82867D68027 --><String CONTENT="A" HEIGHT="39" WIDTH="40" VPOS="1583" HPOS="1463"/>
<SP HEIGHT="40" WIDTH="29" VPOS="1583" HPOS="1504"/>
<String CONTENT="59547;" HEIGHT="48" WIDTH="171" VPOS="1582" HPOS="1534"/>
</TextLine>
<TextLine HEIGHT="108" WIDTH="1912" VPOS="1581" HPOS="218" CS="1">
<String CONTENT="Elizabeth" HEIGHT="41" WIDTH="252" VPOS="1581" HPOS="1740"/>
<SP HEIGHT="41" WIDTH="31" VPOS="1581" HPOS="1993"/>
<String CONTENT="Morrow," HEIGHT="104" WIDTH="1912" VPOS="1584" HPOS="218"/>
<SP HEIGHT="47" WIDTH="29" VPOS="1641" HPOS="331"/>
<String CONTENT="Englewood," HEIGHT="49" WIDTH="303" VPOS="1640" HPOS="361"/>
<SP HEIGHT="48" WIDTH="28" VPOS="1640" HPOS="665"/>
<String CONTENT="N." HEIGHT="39" WIDTH="54" VPOS="1640" HPOS="694"/>
<SP HEIGHT="40" WIDTH="31" VPOS="1640" HPOS="749"/>
<String CONTENT="J." HEIGHT="40" WIDTH="42" VPOS="1640" HPOS="781"/>
<SP HEIGHT="47" WIDTH="71" VPOS="1640" HPOS="824"/>
<String CONTENT="(33-4698)" HEIGHT="49" WIDTH="250" VPOS="1639" HPOS="896"/>
<SP/>
</TextLine>
<TextLine HEIGHT="57" WIDTH="1231" VPOS="1743" HPOS="148" STYLEREFS="StyleId-216BB776-8CFB-40A5-A888-394A4F44B2EF-">
<String CONTENT="National" HEIGHT="53" WIDTH="277" VPOS="1744" HPOS="148"/>
<SP HEIGHT="52" WIDTH="28" VPOS="1745" HPOS="426"/>
<String CONTENT="industrial" HEIGHT="54" WIDTH="318" VPOS="1743" HPOS="455"/>
<SP HEIGHT="53" WIDTH="26" VPOS="1745" HPOS="774"/>
<String CONTENT="conference" HEIGHT="54" WIDTH="347" VPOS="1744" HPOS="801"/>
<SP HEIGHT="53" WIDTH="27" VPOS="1744" HPOS="1149"/>
<String CONTENT="board." HEIGHT="56" WIDTH="202" VPOS="1744" HPOS="1177"/>
</TextLine>
<TextLine HEIGHT="71" WIDTH="1930" VPOS="1819" HPOS="217" STYLEREFS="StyleId-01014EA4-ACE2-4CB5-9FE5-18CE24B2BAA9-">
<String CONTENT="Essentials" HEIGHT="53" WIDTH="313" VPOS="1820" HPOS="217"/>
<SP HEIGHT="34" WIDTH="38" VPOS="1839" HPOS="531"/>
<String CONTENT="of" HEIGHT="54" WIDTH="65" VPOS="1819" HPOS="570"/>
<SP HEIGHT="54" WIDTH="35" VPOS="1819" HPOS="636"/>
<String CONTENT="a" HEIGHT="34" WIDTH="32" VPOS="1839" HPOS="672"/>
<SP HEIGHT="50" WIDTH="39" VPOS="1839" HPOS="705"/>
<String CONTENT="program" HEIGHT="51" WIDTH="273" VPOS="1838" HPOS="745"/>
<SP HEIGHT="34" WIDTH="36" VPOS="1839" HPOS="1019"/>
<String CONTENT="of" HEIGHT="54" WIDTH="65" VPOS="1819" HPOS="1056"/>
<SP HEIGHT="54" WIDTH="37" VPOS="1819" HPOS="1122"/>
<String CONTENT="unemployment" HEIGHT="70" WIDTH="466" VPOS="1820" HPOS="1160"/>
<SP HEIGHT="47" WIDTH="39" VPOS="1826" HPOS="1627"/>
<String CONTENT="reserves." HEIGHT="36" WIDTH="265" VPOS="1839" HPOS="1667"/>
<SP HEIGHT="55" WIDTH="73" VPOS="1820" HPOS="1933"/>
<String CONTENT="New" HEIGHT="55" WIDTH="140" VPOS="1820" HPOS="2007"/>
</TextLine>
<TextLine HEIGHT="71" WIDTH="1786" VPOS="1896" HPOS="151" STYLEREFS="StyleId-01014EA4-ACE2-4CB5-9FE5-18CE24B2BAA9-">
<String CONTENT="York," HEIGHT="68" WIDTH="176" VPOS="1897" HPOS="151"/>
<SP HEIGHT="67" WIDTH="30" VPOS="1898" HPOS="328"/>
<String CONTENT="National" HEIGHT="54" WIDTH="275" VPOS="1897" HPOS="359"/>
<SP HEIGHT="53" WIDTH="35" VPOS="1898" HPOS="635"/>
<String CONTENT="industrial" HEIGHT="53" WIDTH="309" VPOS="1898" HPOS="671"/>
<SP HEIGHT="52" WIDTH="34" VPOS="1899" HPOS="981"/>
<String CONTENT="conference" HEIGHT="56" WIDTH="332" VPOS="1896" HPOS="1016"/>
<SP HEIGHT="55" WIDTH="33" VPOS="1897" HPOS="1349"/>
<String CONTENT="board," HEIGHT="70" WIDTH="199" VPOS="1897" HPOS="1383"/>
<SP HEIGHT="69" WIDTH="33" VPOS="1898" HPOS="1583"/>
<String CONTENT="inc.," HEIGHT="69" WIDTH="127" VPOS="1898" HPOS="1617"/>
<SP HEIGHT="65" WIDTH="39" VPOS="1902" HPOS="1745"/>
<String CONTENT="1933." HEIGHT="51" WIDTH="152" VPOS="1902" HPOS="1785"/>
</TextLine>
<TextLine HEIGHT="49" WIDTH="393" VPOS="1984" HPOS="219" STYLEREFS="StyleId-01014EA4-ACE2-4CB5-9FE5-18CE24B2BAA9-" CS="1">
<String CONTENT="ix," HEIGHT="43" WIDTH="63" VPOS="1986" HPOS="219"/>
<SP HEIGHT="44" WIDTH="25" VPOS="1985" HPOS="283"/>
<String CONTENT="68" HEIGHT="40" WIDTH="56" VPOS="1985" HPOS="309"/>
<SP HEIGHT="48" WIDTH="26" VPOS="1985" HPOS="366"/>
<String CONTENT="p." HEIGHT="38" WIDTH="42" VPOS="1995" HPOS="393"/>
<SP HEIGHT="39" WIDTH="59" VPOS="1985" HPOS="436"/>
<String CS="1" CONTENT="23cm." HEIGHT="41" WIDTH="116" VPOS="1984" HPOS="496"/>
</TextLine>
<TextLine HEIGHT="51" WIDTH="1930" VPOS="2039" HPOS="221">
<String CONTENT="Supplementary" HEIGHT="49" WIDTH="401" VPOS="2040" HPOS="221"/>
<SP HEIGHT="45" WIDTH="35" VPOS="2043" HPOS="623"/>
<String CONTENT="to" HEIGHT="38" WIDTH="47" VPOS="2043" HPOS="659"/>
<SP HEIGHT="39" WIDTH="37" VPOS="2042" HPOS="707"/>
<String CONTENT="the" HEIGHT="40" WIDTH="81" VPOS="2041" HPOS="745"/>
<SP HEIGHT="42" WIDTH="38" VPOS="2039" HPOS="827"/>
<String CONTENT="Conference" HEIGHT="42" WIDTH="296" VPOS="2039" HPOS="866"/>
<SP HEIGHT="41" WIDTH="35" VPOS="2040" HPOS="1163"/>
<String CONTENT="board&#8217;s" HEIGHT="41" WIDTH="194" VPOS="2040" HPOS="1199"/>
<SP HEIGHT="31" WIDTH="37" VPOS="2050" HPOS="1394"/>
<String CONTENT="report" HEIGHT="47" WIDTH="165" VPOS="2042" HPOS="1432"/>
<SP HEIGHT="40" WIDTH="33" VPOS="2042" HPOS="1598"/>
<String CONTENT="on" HEIGHT="30" WIDTH="61" VPOS="2052" HPOS="1632"/>
<SP HEIGHT="39" WIDTH="38" VPOS="2041" HPOS="1694"/>
<String CONTENT="&#8216;Unemployment" HEIGHT="49" WIDTH="418" VPOS="2041" HPOS="1733"/>
</TextLine>
<TextLine HEIGHT="51" WIDTH="1880" VPOS="2095" HPOS="149" CS="1">
<String CONTENT="benefits" HEIGHT="41" WIDTH="199" VPOS="2098" HPOS="149"/>
<SP HEIGHT="30" WIDTH="32" VPOS="2108" HPOS="349"/>
<String CONTENT="and" HEIGHT="39" WIDTH="94" VPOS="2099" HPOS="382"/>
<SP HEIGHT="40" WIDTH="36" VPOS="2097" HPOS="477"/>
<String CONTENT="insurance&#8217;" HEIGHT="42" WIDTH="273" VPOS="2096" HPOS="514"/>
<SP HEIGHT="48" WIDTH="38" VPOS="2096" HPOS="788"/>
<String CONTENT="published" HEIGHT="48" WIDTH="255" VPOS="2096" HPOS="827"/>
<SP HEIGHT="41" WIDTH="33" VPOS="2097" HPOS="1083"/>
<String CONTENT="in" HEIGHT="40" WIDTH="51" VPOS="2097" HPOS="1117"/>
<SP HEIGHT="42" WIDTH="36" VPOS="2095" HPOS="1169"/>
<String CONTENT="October," HEIGHT="51" WIDTH="220" VPOS="2095" HPOS="1206"/>
<SP HEIGHT="48" WIDTH="35" VPOS="2098" HPOS="1427"/>
<String CONTENT="1931." HEIGHT="43" WIDTH="129" VPOS="2096" HPOS="1463"/>
<SP HEIGHT="31" WIDTH="58" VPOS="2108" HPOS="1593"/>
<String CONTENT="cf." HEIGHT="47" WIDTH="63" VPOS="2099" HPOS="1652"/>
<SP HEIGHT="42" WIDTH="37" VPOS="2098" HPOS="1716"/>
<String CONTENT="Foreword." HEIGHT="41" WIDTH="275" VPOS="2098" HPOS="1754"/>
</TextLine>
<TextLine HEIGHT="52" WIDTH="1566" VPOS="2166" HPOS="152" CS="1">
<String CONTENT="&#169;" HEIGHT="52" WIDTH="52" VPOS="2166" HPOS="152"/>
<SP HEIGHT="52" WIDTH="28" VPOS="2166" HPOS="205"/>
<String CONTENT="Jan." HEIGHT="39" WIDTH="109" VPOS="2171" HPOS="234"/>
<SP HEIGHT="41" WIDTH="28" VPOS="2169" HPOS="344"/>
<String CONTENT="27," HEIGHT="47" WIDTH="68" VPOS="2169" HPOS="373"/>
<SP HEIGHT="46" WIDTH="30" VPOS="2170" HPOS="442"/>
<String CONTENT="1933;" HEIGHT="46" WIDTH="138" VPOS="2169" HPOS="473"/>
<SP HEIGHT="46" WIDTH="32" VPOS="2169" HPOS="612"/>
<String CONTENT="2c." HEIGHT="40" WIDTH="66" VPOS="2169" HPOS="645"/>
<SP HEIGHT="29" WIDTH="30" VPOS="2180" HPOS="712"/>
<String CONTENT="and," HEIGHT="41" WIDTH="100" VPOS="2171" HPOS="743"/>
<SP HEIGHT="33" WIDTH="25" VPOS="2179" HPOS="844"/>
<String CONTENT="aff." HEIGHT="43" WIDTH="83" VPOS="2168" HPOS="870"/>
<SP HEIGHT="42" WIDTH="29" VPOS="2169" HPOS="954"/>
<String CONTENT="Feb." HEIGHT="40" WIDTH="110" VPOS="2169" HPOS="984"/>
<SP HEIGHT="39" WIDTH="28" VPOS="2170" HPOS="1095"/>
<String CONTENT="4;" HEIGHT="46" WIDTH="54" VPOS="2170" HPOS="1124"/>
<SP HEIGHT="47" WIDTH="31" VPOS="2169" HPOS="1179"/>
<!-- cceid 3A583A19-6CF9-1014-A6CF-A82867D68027 --><String CONTENT="A" HEIGHT="38" WIDTH="40" VPOS="2169" HPOS="1211"/>
<SP HEIGHT="40" WIDTH="29" VPOS="2169" HPOS="1252"/>
<String CONTENT="60159;" HEIGHT="47" WIDTH="169" VPOS="2169" HPOS="1282"/>
<SP HEIGHT="46" WIDTH="31" VPOS="2170" HPOS="1452"/>
<String CONTENT="National" HEIGHT="41" WIDTH="234" VPOS="2169" HPOS="1484"/>
</TextLine>
<TextLine HEIGHT="106" WIDTH="1912" VPOS="2168" HPOS="219" CS="1">
<String CONTENT="industrial" HEIGHT="42" WIDTH="265" VPOS="2168" HPOS="1748"/>
<SP HEIGHT="38" WIDTH="30" VPOS="2172" HPOS="2014"/>
<String CONTENT="conference" HEIGHT="88" WIDTH="1912" VPOS="2179" HPOS="219"/>
<SP HEIGHT="41" WIDTH="28" VPOS="2226" HPOS="409"/>
<String CONTENT="board," HEIGHT="48" WIDTH="163" VPOS="2226" HPOS="438"/>
<SP HEIGHT="49" WIDTH="28" VPOS="2225" HPOS="602"/>
<String CONTENT="inc." HEIGHT="40" WIDTH="91" VPOS="2225" HPOS="631"/>
<SP HEIGHT="48" WIDTH="69" VPOS="2226" HPOS="723"/>
<String CONTENT="(33-4416)" HEIGHT="48" WIDTH="251" VPOS="2226" HPOS="793"/>
</TextLine>
<TextLine HEIGHT="56" WIDTH="1215" VPOS="2331" HPOS="149" STYLEREFS="StyleId-216BB776-8CFB-40A5-A888-394A4F44B2EF-">
<String CONTENT="New" HEIGHT="52" WIDTH="144" VPOS="2333" HPOS="149"/>
<SP HEIGHT="52" WIDTH="27" VPOS="2332" HPOS="294"/>
<String CONTENT="York." HEIGHT="52" WIDTH="180" VPOS="2332" HPOS="322"/>
<SP HEIGHT="51" WIDTH="73" VPOS="2333" HPOS="503"/>
<String CONTENT="Museum" HEIGHT="51" WIDTH="272" VPOS="2333" HPOS="577"/>
<SP HEIGHT="35" WIDTH="31" VPOS="2349" HPOS="850"/>
<String CONTENT="of" HEIGHT="53" WIDTH="64" VPOS="2331" HPOS="882"/>
<SP HEIGHT="53" WIDTH="27" VPOS="2331" HPOS="947"/>
<String CONTENT="modern" HEIGHT="52" WIDTH="242" VPOS="2332" HPOS="975"/>
<SP HEIGHT="36" WIDTH="28" VPOS="2348" HPOS="1218"/>
<String CONTENT="art." HEIGHT="51" WIDTH="117" VPOS="2336" HPOS="1247"/>
</TextLine>
<TextLine HEIGHT="147" WIDTH="1980" VPOS="2409" HPOS="150" STYLEREFS="StyleId-01014EA4-ACE2-4CB5-9FE5-18CE24B2BAA9-" CS="1">
<String CONTENT="Maurice" HEIGHT="54" WIDTH="254" VPOS="2409" HPOS="219"/>
<SP HEIGHT="55" WIDTH="42" VPOS="2409" HPOS="474"/>
<String CONTENT="Sterne" HEIGHT="55" WIDTH="203" VPOS="2409" HPOS="517"/>
<SP HEIGHT="35" WIDTH="36" VPOS="2427" HPOS="721"/>
<String CONTENT="retrospective" HEIGHT="68" WIDTH="405" VPOS="2409" HPOS="758"/>
<SP HEIGHT="35" WIDTH="37" VPOS="2427" HPOS="1164"/>
<String CONTENT="exhibition," HEIGHT="69" WIDTH="336" VPOS="2409" HPOS="1202"/>
<SP HEIGHT="64" WIDTH="42" VPOS="2414" HPOS="1539"/>
<String CONTENT="1902-1932;" HEIGHT="66" WIDTH="338" VPOS="2412" HPOS="1582"/>
<SP HEIGHT="51" WIDTH="42" VPOS="2428" HPOS="1921"/>
<String CONTENT="paintings," HEIGHT="145" WIDTH="1980" VPOS="2411" HPOS="150"/>
</TextLine>
<TextLine HEIGHT="70" WIDTH="1821" VPOS="2486" HPOS="333" STYLEREFS="StyleId-01014EA4-ACE2-4CB5-9FE5-18CE24B2BAA9-">
<String CONTENT="sculpture," HEIGHT="67" WIDTH="308" VPOS="2488" HPOS="333"/>
<SP HEIGHT="67" WIDTH="38" VPOS="2488" HPOS="642"/>
<String CONTENT="drawing." HEIGHT="70" WIDTH="280" VPOS="2486" HPOS="681"/>
<SP HEIGHT="52" WIDTH="73" VPOS="2487" HPOS="962"/>
<String CONTENT="February" HEIGHT="68" WIDTH="297" VPOS="2487" HPOS="1036"/>
<SP HEIGHT="64" WIDTH="41" VPOS="2491" HPOS="1334"/>
<String CONTENT="15th," HEIGHT="69" WIDTH="151" VPOS="2487" HPOS="1376"/>
<SP HEIGHT="66" WIDTH="39" VPOS="2490" HPOS="1528"/>
<String CONTENT="1933," HEIGHT="66" WIDTH="152" VPOS="2490" HPOS="1568"/>
<SP HEIGHT="68" WIDTH="36" VPOS="2488" HPOS="1721"/>
<String CONTENT="March" HEIGHT="54" WIDTH="203" VPOS="2488" HPOS="1758"/>
<SP HEIGHT="52" WIDTH="38" VPOS="2489" HPOS="1962"/>
<String CONTENT="25th," HEIGHT="68" WIDTH="153" VPOS="2488" HPOS="2001"/>
</TextLine>
<TextLine HEIGHT="70" WIDTH="1997" VPOS="2565" HPOS="151" STYLEREFS="StyleId-01014EA4-ACE2-4CB5-9FE5-18CE24B2BAA9-" CS="1">
<String CONTENT="the" HEIGHT="53" WIDTH="95" VPOS="2566" HPOS="151"/>
<SP HEIGHT="53" WIDTH="27" VPOS="2566" HPOS="247"/>
<String CONTENT="Museum" HEIGHT="53" WIDTH="261" VPOS="2566" HPOS="275"/>
<SP HEIGHT="36" WIDTH="28" VPOS="2583" HPOS="537"/>
<String CONTENT="of" HEIGHT="54" WIDTH="64" VPOS="2565" HPOS="566"/>
<SP HEIGHT="53" WIDTH="25" VPOS="2565" HPOS="631"/>
<String CONTENT="modern" HEIGHT="53" WIDTH="240" VPOS="2566" HPOS="657"/>
<SP HEIGHT="34" WIDTH="27" VPOS="2584" HPOS="898"/>
<String CONTENT="art" HEIGHT="49" WIDTH="93" VPOS="2570" HPOS="926"/>
<SP HEIGHT="49" WIDTH="29" VPOS="2570" HPOS="1020"/>
<String CS="1" CONTENT="&#8230;"/>
<SP HEIGHT="54" WIDTH="33" VPOS="2565" HPOS="1108"/>
<String CONTENT="New" HEIGHT="54" WIDTH="140" VPOS="2565" HPOS="1142"/>
<SP HEIGHT="53" WIDTH="29" VPOS="2565" HPOS="1283"/>
<String CONTENT="York." HEIGHT="54" WIDTH="180" VPOS="2565" HPOS="1313"/>
<SP HEIGHT="35" WIDTH="77" VPOS="2599" HPOS="1494"/>
<String CS="1" CONTENT="[New" HEIGHT="54" WIDTH="138" VPOS="2566" HPOS="1591"/>
<SP HEIGHT="54" WIDTH="31" VPOS="2566" HPOS="1730"/>
<String CONTENT="York," HEIGHT="69" WIDTH="180" VPOS="2566" HPOS="1762"/>
<SP HEIGHT="62" WIDTH="29" VPOS="2573" HPOS="1943"/>
<String STYLE="superscript" CONTENT="c" HEIGHT="21" WIDTH="19" VPOS="2573" HPOS="1973"/>
<String CONTENT="1933]" HEIGHT="65" WIDTH="152" VPOS="2569" HPOS="1996"/>
</TextLine>
<TextLine HEIGHT="50" WIDTH="1206" VPOS="2638" HPOS="220" STYLEREFS="StyleId-01014EA4-ACE2-4CB5-9FE5-18CE24B2BAA9-" CS="1">
<String CONTENT="39" HEIGHT="40" WIDTH="58" VPOS="2640" HPOS="220"/>
<SP HEIGHT="48" WIDTH="23" VPOS="2640" HPOS="279"/>
<String CONTENT="p.," HEIGHT="37" WIDTH="59" VPOS="2651" HPOS="303"/>
<SP HEIGHT="49" WIDTH="24" VPOS="2639" HPOS="363"/>
<String CONTENT="2" HEIGHT="39" WIDTH="25" VPOS="2639" HPOS="388"/>
<SP/>
<String CS="1" CONTENT="l."/>
<SP/>
<String CONTENT="inch" HEIGHT="40" WIDTH="109" VPOS="2639" HPOS="498"/>
<SP/>
<String CS="1" CONTENT="front."/>
<SP HEIGHT="48" WIDTH="29" VPOS="2638" HPOS="784"/>
<String CONTENT="(port.)" HEIGHT="49" WIDTH="172" VPOS="2638" HPOS="814"/>
<SP HEIGHT="49" WIDTH="62" VPOS="2638" HPOS="987"/>
<String CONTENT="plates." HEIGHT="47" WIDTH="172" VPOS="2640" HPOS="1050"/>
<SP HEIGHT="40" WIDTH="54" VPOS="2639" HPOS="1223"/>
<String CS="1" CONTENT="25&#189;cm." HEIGHT="41" WIDTH="148" VPOS="2639" HPOS="1278"/>
</TextLine>
<TextLine HEIGHT="50" WIDTH="1930" VPOS="2695" HPOS="224">
<String CONTENT="&#8220;One" HEIGHT="41" WIDTH="129" VPOS="2696" HPOS="224"/>
<SP HEIGHT="38" WIDTH="26" VPOS="2699" HPOS="354"/>
<String CONTENT="thousand" HEIGHT="40" WIDTH="242" VPOS="2696" HPOS="381"/>
<SP HEIGHT="39" WIDTH="26" VPOS="2697" HPOS="624"/>
<String CONTENT="copies" HEIGHT="47" WIDTH="159" VPOS="2696" HPOS="651"/>
<SP HEIGHT="30" WIDTH="28" VPOS="2706" HPOS="811"/>
<String CONTENT="of" HEIGHT="40" WIDTH="52" VPOS="2696" HPOS="840"/>
<SP HEIGHT="40" WIDTH="24" VPOS="2696" HPOS="893"/>
<String CONTENT="this" HEIGHT="41" WIDTH="98" VPOS="2695" HPOS="918"/>
<SP HEIGHT="29" WIDTH="27" VPOS="2707" HPOS="1017"/>
<String CONTENT="catalog" HEIGHT="47" WIDTH="194" VPOS="2697" HPOS="1045"/>
<SP HEIGHT="38" WIDTH="24" VPOS="2706" HPOS="1240"/>
<String CONTENT="were" HEIGHT="32" WIDTH="126" VPOS="2706" HPOS="1265"/>
<SP HEIGHT="38" WIDTH="26" VPOS="2707" HPOS="1392"/>
<String CONTENT="printed" HEIGHT="49" WIDTH="195" VPOS="2696" HPOS="1419"/>
<SP HEIGHT="42" WIDTH="26" VPOS="2695" HPOS="1615"/>
<String CONTENT="for" HEIGHT="42" WIDTH="79" VPOS="2695" HPOS="1642"/>
<SP HEIGHT="38" WIDTH="27" VPOS="2699" HPOS="1722"/>
<String CONTENT="the" HEIGHT="41" WIDTH="82" VPOS="2696" HPOS="1750"/>
<SP HEIGHT="38" WIDTH="27" VPOS="2699" HPOS="1833"/>
<String CONTENT="trustees" HEIGHT="39" WIDTH="210" VPOS="2698" HPOS="1861"/>
<SP HEIGHT="31" WIDTH="29" VPOS="2707" HPOS="2072"/>
<String CONTENT="of" HEIGHT="41" WIDTH="52" VPOS="2697" HPOS="2102"/>
</TextLine>
<TextLine HEIGHT="42" WIDTH="784" VPOS="2752" HPOS="151">
<String CONTENT="the" HEIGHT="39" WIDTH="79" VPOS="2754" HPOS="151"/>
<SP HEIGHT="38" WIDTH="28" VPOS="2755" HPOS="231"/>
<String CONTENT="Museum" HEIGHT="38" WIDTH="219" VPOS="2755" HPOS="260"/>
<SP HEIGHT="29" WIDTH="26" VPOS="2764" HPOS="480"/>
<String CONTENT="of" HEIGHT="40" WIDTH="53" VPOS="2753" HPOS="507"/>
<SP HEIGHT="39" WIDTH="24" VPOS="2753" HPOS="561"/>
<String CONTENT="modern" HEIGHT="39" WIDTH="197" VPOS="2754" HPOS="586"/>
<SP HEIGHT="29" WIDTH="26" VPOS="2763" HPOS="784"/>
<String CONTENT="art.&#8221;" HEIGHT="42" WIDTH="124" VPOS="2752" HPOS="811"/>
</TextLine>
<TextLine HEIGHT="51" WIDTH="1789" VPOS="2808" HPOS="225">
<String CONTENT="&#8220;Maurice" HEIGHT="41" WIDTH="246" VPOS="2809" HPOS="225"/>
<SP HEIGHT="41" WIDTH="27" VPOS="2809" HPOS="472"/>
<String CONTENT="Sterne" HEIGHT="41" WIDTH="170" VPOS="2809" HPOS="500"/>
<SP HEIGHT="30" WIDTH="27" VPOS="2819" HPOS="671"/>
<String CONTENT="and" HEIGHT="39" WIDTH="96" VPOS="2810" HPOS="699"/>
<SP HEIGHT="40" WIDTH="27" VPOS="2809" HPOS="796"/>
<String CONTENT="his" HEIGHT="41" WIDTH="75" VPOS="2808" HPOS="824"/>
<SP HEIGHT="38" WIDTH="28" VPOS="2811" HPOS="900"/>
<String CONTENT="times&#8221;" HEIGHT="40" WIDTH="170" VPOS="2809" HPOS="929"/>
<SP HEIGHT="50" WIDTH="37" VPOS="2809" HPOS="1100"/>
<String CONTENT="(p." HEIGHT="49" WIDTH="68" VPOS="2810" HPOS="1138"/>
<SP HEIGHT="40" WIDTH="26" VPOS="2810" HPOS="1207"/>
<String CONTENT="7-12)" HEIGHT="50" WIDTH="140" VPOS="2809" HPOS="1234"/>
<SP HEIGHT="48" WIDTH="36" VPOS="2811" HPOS="1375"/>
<String CONTENT="signed:" HEIGHT="49" WIDTH="195" VPOS="2809" HPOS="1412"/>
<SP HEIGHT="40" WIDTH="28" VPOS="2810" HPOS="1608"/>
<String CONTENT="H." HEIGHT="40" WIDTH="59" VPOS="2810" HPOS="1637"/>
<SP HEIGHT="39" WIDTH="32" VPOS="2811" HPOS="1697"/>
<String CONTENT="M." HEIGHT="39" WIDTH="63" VPOS="2811" HPOS="1730"/>
<SP HEIGHT="40" WIDTH="27" VPOS="2810" HPOS="1794"/>
<String CONTENT="Kallen." HEIGHT="41" WIDTH="192" VPOS="2810" HPOS="1822"/>
</TextLine>
<TextLine HEIGHT="49" WIDTH="1132" VPOS="2865" HPOS="225">
<String CONTENT="&#8220;Maurice" HEIGHT="41" WIDTH="243" VPOS="2866" HPOS="225"/>
<SP HEIGHT="41" WIDTH="31" VPOS="2866" HPOS="469"/>
<String CONTENT="Sterne" HEIGHT="41" WIDTH="168" VPOS="2866" HPOS="501"/>
<SP HEIGHT="39" WIDTH="28" VPOS="2867" HPOS="670"/>
<String CONTENT="bibliography&#8221;" HEIGHT="49" WIDTH="365" VPOS="2865" HPOS="699"/>
<SP HEIGHT="41" WIDTH="18" VPOS="2865" HPOS="1065"/>
<String CONTENT=":" HEIGHT="29" WIDTH="9" VPOS="2877" HPOS="1084"/>
<SP HEIGHT="38" WIDTH="30" VPOS="2876" HPOS="1094"/>
<String CONTENT="p." HEIGHT="38" WIDTH="42" VPOS="2876" HPOS="1125"/>
<SP HEIGHT="39" WIDTH="29" VPOS="2866" HPOS="1168"/>
<String CONTENT="19-20." HEIGHT="41" WIDTH="159" VPOS="2866" HPOS="1198"/>
</TextLine>
<TextLine HEIGHT="51" WIDTH="1041" VPOS="2934" HPOS="156" CS="1">
<String CONTENT="&#169;" HEIGHT="51" WIDTH="51" VPOS="2934" HPOS="156"/>
<SP HEIGHT="51" WIDTH="29" VPOS="2934" HPOS="208"/>
<String CONTENT="Feb." HEIGHT="40" WIDTH="110" VPOS="2938" HPOS="238"/>
<SP HEIGHT="40" WIDTH="26" VPOS="2938" HPOS="349"/>
<String CONTENT="11," HEIGHT="47" WIDTH="69" VPOS="2938" HPOS="376"/>
<SP HEIGHT="48" WIDTH="27" VPOS="2937" HPOS="446"/>
<String CONTENT="1933;" HEIGHT="48" WIDTH="140" VPOS="2936" HPOS="474"/>
<SP HEIGHT="46" WIDTH="27" VPOS="2938" HPOS="615"/>
<String CONTENT="2c." HEIGHT="40" WIDTH="68" VPOS="2938" HPOS="643"/>
<SP HEIGHT="30" WIDTH="27" VPOS="2948" HPOS="712"/>
<String CONTENT="and" HEIGHT="39" WIDTH="96" VPOS="2938" HPOS="740"/>
<SP HEIGHT="39" WIDTH="25" VPOS="2938" HPOS="837"/>
<String CONTENT="aff." HEIGHT="42" WIDTH="82" VPOS="2936" HPOS="863"/>
<SP HEIGHT="41" WIDTH="28" VPOS="2937" HPOS="946"/>
<String CONTENT="Feb." HEIGHT="39" WIDTH="110" VPOS="2937" HPOS="975"/>
<SP HEIGHT="39" WIDTH="27" VPOS="2937" HPOS="1086"/>
<String CONTENT="16;" HEIGHT="47" WIDTH="83" VPOS="2937" HPOS="1114"/>
</TextLine>
<TextLine HEIGHT="48" WIDTH="924" VPOS="2937" HPOS="1227">
<!-- cceid 3A599181-6CF9-1014-A6CF-A82867D68027 --><String CONTENT="A" HEIGHT="38" WIDTH="40" VPOS="2938" HPOS="1227"/>
<SP HEIGHT="40" WIDTH="28" VPOS="2937" HPOS="1268"/>
<String CONTENT="60268;" HEIGHT="48" WIDTH="170" VPOS="2937" HPOS="1297"/>
<SP HEIGHT="47" WIDTH="29" VPOS="2938" HPOS="1468"/>
<String CONTENT="Museum" HEIGHT="40" WIDTH="222" VPOS="2938" HPOS="1498"/>
<SP HEIGHT="28" WIDTH="28" VPOS="2950" HPOS="1721"/>
<String CONTENT="of" HEIGHT="40" WIDTH="52" VPOS="2938" HPOS="1750"/>
<SP HEIGHT="39" WIDTH="26" VPOS="2938" HPOS="1803"/>
<String CONTENT="modern" HEIGHT="39" WIDTH="198" VPOS="2939" HPOS="1830"/>
<SP HEIGHT="29" WIDTH="29" VPOS="2949" HPOS="2029"/>
<String CONTENT="art," HEIGHT="46" WIDTH="92" VPOS="2938" HPOS="2059"/>
</TextLine>
<TextLine HEIGHT="51" WIDTH="609" VPOS="2994" HPOS="223" CS="1">
<String CONTENT="New" HEIGHT="39" WIDTH="116" VPOS="2996" HPOS="223"/>
<SP HEIGHT="39" WIDTH="26" VPOS="2996" HPOS="340"/>
<String CONTENT="York." HEIGHT="40" WIDTH="144" VPOS="2995" HPOS="367"/>
<SP HEIGHT="48" WIDTH="68" VPOS="2995" HPOS="512"/>
<String CS="1" CONTENT="(33-4699)" HEIGHT="51" WIDTH="251" VPOS="2994" HPOS="581"/>
</TextLine>
<TextLine HEIGHT="67" WIDTH="674" VPOS="3096" HPOS="155" STYLEREFS="StyleId-216BB776-8CFB-40A5-A888-394A4F44B2EF-">
<String CONTENT="Nyvall," HEIGHT="67" WIDTH="231" VPOS="3096" HPOS="155"/>
<SP HEIGHT="64" WIDTH="27" VPOS="3099" HPOS="387"/>
<String CONTENT="David," HEIGHT="67" WIDTH="209" VPOS="3096" HPOS="415"/>
<SP HEIGHT="58" WIDTH="31" VPOS="3105" HPOS="625"/>
<String CONTENT="1863-" HEIGHT="51" WIDTH="172" VPOS="3102" HPOS="657"/>
</TextLine>
<TextLine HEIGHT="69" WIDTH="1930" VPOS="3176" HPOS="225" STYLEREFS="StyleId-01014EA4-ACE2-4CB5-9FE5-18CE24B2BAA9-">
<String CONTENT="Beacon" HEIGHT="52" WIDTH="223" VPOS="3176" HPOS="225"/>
<SP HEIGHT="52" WIDTH="49" VPOS="3177" HPOS="449"/>
<String CONTENT="lights;" HEIGHT="69" WIDTH="206" VPOS="3176" HPOS="499"/>
<SP HEIGHT="63" WIDTH="53" VPOS="3182" HPOS="706"/>
<String CONTENT="three" HEIGHT="53" WIDTH="159" VPOS="3176" HPOS="760"/>
<SP HEIGHT="35" WIDTH="48" VPOS="3194" HPOS="920"/>
<String CONTENT="addresses" HEIGHT="53" WIDTH="292" VPOS="3177" HPOS="969"/>
<SP HEIGHT="34" WIDTH="51" VPOS="3196" HPOS="1262"/>
<String CONTENT="and" HEIGHT="52" WIDTH="114" VPOS="3178" HPOS="1314"/>
<SP HEIGHT="52" WIDTH="51" VPOS="3178" HPOS="1429"/>
<String CONTENT="an" HEIGHT="35" WIDTH="72" VPOS="3194" HPOS="1481"/>
<SP HEIGHT="34" WIDTH="51" VPOS="3195" HPOS="1554"/>
<String CONTENT="essay," HEIGHT="50" WIDTH="177" VPOS="3195" HPOS="1606"/>
<SP HEIGHT="67" WIDTH="49" VPOS="3177" HPOS="1784"/>
<String CONTENT="by" HEIGHT="67" WIDTH="75" VPOS="3177" HPOS="1834"/>
<SP HEIGHT="67" WIDTH="50" VPOS="3177" HPOS="1910"/>
<String CONTENT="David" HEIGHT="52" WIDTH="194" VPOS="3177" HPOS="1961"/>
</TextLine>
<TextLine HEIGHT="70" WIDTH="1999" VPOS="3253" HPOS="156" STYLEREFS="StyleId-01014EA4-ACE2-4CB5-9FE5-18CE24B2BAA9-">
<String CONTENT="Nyvall;" HEIGHT="67" WIDTH="240" VPOS="3254" HPOS="156"/>
<SP HEIGHT="61" WIDTH="36" VPOS="3260" HPOS="397"/>
<String CONTENT="translated" HEIGHT="53" WIDTH="316" VPOS="3255" HPOS="434"/>
<SP HEIGHT="54" WIDTH="35" VPOS="3254" HPOS="751"/>
<String CONTENT="from" HEIGHT="53" WIDTH="154" VPOS="3254" HPOS="787"/>
<SP HEIGHT="47" WIDTH="32" VPOS="3260" HPOS="942"/>
<String CONTENT="the" HEIGHT="53" WIDTH="97" VPOS="3255" HPOS="975"/>
<SP HEIGHT="56" WIDTH="34" VPOS="3253" HPOS="1073"/>
<String CONTENT="Swedish" HEIGHT="56" WIDTH="258" VPOS="3253" HPOS="1108"/>
<SP HEIGHT="53" WIDTH="34" VPOS="3254" HPOS="1367"/>
<String CONTENT="by" HEIGHT="69" WIDTH="76" VPOS="3254" HPOS="1402"/>
<SP HEIGHT="68" WIDTH="34" VPOS="3255" HPOS="1479"/>
<String CONTENT="E." HEIGHT="52" WIDTH="69" VPOS="3255" HPOS="1514"/>
<SP HEIGHT="55" WIDTH="34" VPOS="3254" HPOS="1584"/>
<String CONTENT="Gustav" HEIGHT="55" WIDTH="222" VPOS="3254" HPOS="1619"/>
<SP HEIGHT="54" WIDTH="34" VPOS="3255" HPOS="1842"/>
<String CONTENT="Johnson." HEIGHT="54" WIDTH="278" VPOS="3255" HPOS="1877"/>
</TextLine>
<TextLine HEIGHT="72" WIDTH="1753" VPOS="3329" HPOS="158" STYLEREFS="StyleId-01014EA4-ACE2-4CB5-9FE5-18CE24B2BAA9-">
<String CONTENT="Chicago," HEIGHT="70" WIDTH="269" VPOS="3329" HPOS="158"/>
<SP HEIGHT="68" WIDTH="32" VPOS="3331" HPOS="428"/>
<String CONTENT="North" HEIGHT="54" WIDTH="186" VPOS="3331" HPOS="461"/>
<SP HEIGHT="68" WIDTH="35" VPOS="3332" HPOS="648"/>
<String CONTENT="park" HEIGHT="69" WIDTH="148" VPOS="3331" HPOS="684"/>
<SP HEIGHT="54" WIDTH="31" VPOS="3331" HPOS="833"/>
<String CONTENT="college" HEIGHT="68" WIDTH="214" VPOS="3333" HPOS="865"/>
<SP HEIGHT="33" WIDTH="33" VPOS="3352" HPOS="1080"/>
<String CONTENT="alumni" HEIGHT="53" WIDTH="216" VPOS="3332" HPOS="1114"/>
<SP HEIGHT="52" WIDTH="34" VPOS="3333" HPOS="1331"/>
<String CONTENT="association," HEIGHT="68" WIDTH="357" VPOS="3332" HPOS="1366"/>
<SP HEIGHT="64" WIDTH="36" VPOS="3336" HPOS="1724"/>
<String CONTENT="1933." HEIGHT="51" WIDTH="150" VPOS="3335" HPOS="1761"/>
</TextLine>
<TextLine HEIGHT="49" WIDTH="598" VPOS="3405" HPOS="225" CS="1">
<String CONTENT="61" HEIGHT="40" WIDTH="54" VPOS="3405" HPOS="225"/>
<SP HEIGHT="47" WIDTH="29" VPOS="3406" HPOS="280"/>
<String CONTENT="p." HEIGHT="37" WIDTH="43" VPOS="3416" HPOS="310"/>
<SP HEIGHT="40" WIDTH="28" VPOS="3405" HPOS="354"/>
<String CONTENT="inch" HEIGHT="41" WIDTH="109" VPOS="3405" HPOS="383"/>
<SP HEIGHT="46" WIDTH="29" VPOS="3408" HPOS="493"/>
<String CONTENT="port." HEIGHT="46" WIDTH="125" VPOS="3408" HPOS="523"/>
<SP HEIGHT="41" WIDTH="54" VPOS="3406" HPOS="649"/>
<String CS="1" CONTENT="21cm." HEIGHT="40" WIDTH="119" VPOS="3406" HPOS="704"/>
</TextLine>
<TextLine HEIGHT="52" WIDTH="1995" VPOS="3472" HPOS="159">
<String CONTENT="&#169;" HEIGHT="51" WIDTH="51" VPOS="3472" HPOS="159"/>
<SP HEIGHT="51" WIDTH="30" VPOS="3472" HPOS="211"/>
<String CONTENT="Jan." HEIGHT="39" WIDTH="110" VPOS="3477" HPOS="242"/>
<SP HEIGHT="39" WIDTH="28" VPOS="3477" HPOS="353"/>
<String CONTENT="1," HEIGHT="46" WIDTH="38" VPOS="3477" HPOS="382"/>
<SP HEIGHT="46" WIDTH="30" VPOS="3477" HPOS="421"/>
<String CONTENT="1933;" HEIGHT="48" WIDTH="139" VPOS="3475" HPOS="452"/>
<SP HEIGHT="47" WIDTH="31" VPOS="3476" HPOS="592"/>
<String CONTENT="2c." HEIGHT="41" WIDTH="68" VPOS="3476" HPOS="624"/>
<SP HEIGHT="41" WIDTH="29" VPOS="3476" HPOS="693"/>
<String CONTENT="Jan." HEIGHT="40" WIDTH="111" VPOS="3476" HPOS="723"/>
<SP HEIGHT="40" WIDTH="27" VPOS="3476" HPOS="835"/>
<String CONTENT="12;" HEIGHT="47" WIDTH="83" VPOS="3476" HPOS="863"/>
<SP HEIGHT="36" WIDTH="32" VPOS="3487" HPOS="947"/>
<String CONTENT="aff." HEIGHT="40" WIDTH="80" VPOS="3476" HPOS="980"/>
<SP HEIGHT="40" WIDTH="31" VPOS="3476" HPOS="1061"/>
<String CONTENT="Jan." HEIGHT="40" WIDTH="108" VPOS="3476" HPOS="1093"/>
<SP HEIGHT="39" WIDTH="32" VPOS="3476" HPOS="1202"/>
<String CONTENT="16;" HEIGHT="48" WIDTH="82" VPOS="3476" HPOS="1235"/>
<SP HEIGHT="47" WIDTH="30" VPOS="3477" HPOS="1318"/>
<!-- cceid 3A5ADB4C-6CF9-1014-A6CF-A82867D68027 --><String CONTENT="A" HEIGHT="38" WIDTH="42" VPOS="3477" HPOS="1349"/>
<SP HEIGHT="39" WIDTH="27" VPOS="3477" HPOS="1392"/>
<String CONTENT="57964;" HEIGHT="48" WIDTH="170" VPOS="3475" HPOS="1420"/>
<SP HEIGHT="47" WIDTH="32" VPOS="3476" HPOS="1591"/>
<String CONTENT="North" HEIGHT="41" WIDTH="157" VPOS="3476" HPOS="1624"/>
<SP HEIGHT="38" WIDTH="30" VPOS="3477" HPOS="1782"/>
<String CONTENT="Park" HEIGHT="40" WIDTH="131" VPOS="3476" HPOS="1813"/>
<SP HEIGHT="40" WIDTH="30" VPOS="3476" HPOS="1945"/>
<String CONTENT="college" HEIGHT="46" WIDTH="178" VPOS="3477" HPOS="1976"/>
</TextLine>
<TextLine HEIGHT="50" WIDTH="663" VPOS="3532" HPOS="225">
<String CONTENT="alumni" HEIGHT="39" WIDTH="184" VPOS="3533" HPOS="225"/>
<SP HEIGHT="39" WIDTH="26" VPOS="3533" HPOS="410"/>
<String CONTENT="assn." HEIGHT="30" WIDTH="128" VPOS="3543" HPOS="437"/>
<SP HEIGHT="49" WIDTH="69" VPOS="3532" HPOS="566"/>
<String CONTENT="(33-4716)" HEIGHT="50" WIDTH="252" VPOS="3532" HPOS="636"/>
</TextLine>
<TextLine HEIGHT="73" WIDTH="1997" VPOS="3634" HPOS="154" STYLEREFS="StyleId-01014EA4-ACE2-4CB5-9FE5-18CE24B2BAA9-">
<String CONTENT="Oklahoma" HEIGHT="56" WIDTH="325" VPOS="3634" HPOS="154"/>
<SP HEIGHT="37" WIDTH="40" VPOS="3653" HPOS="480"/>
<String CONTENT="and" HEIGHT="52" WIDTH="111" VPOS="3637" HPOS="521"/>
<SP HEIGHT="53" WIDTH="37" VPOS="3637" HPOS="633"/>
<String CONTENT="Pacific" HEIGHT="58" WIDTH="213" VPOS="3634" HPOS="671"/>
<SP HEIGHT="55" WIDTH="39" VPOS="3637" HPOS="885"/>
<String CONTENT="digest," HEIGHT="70" WIDTH="203" VPOS="3636" HPOS="925"/>
<SP HEIGHT="50" WIDTH="39" VPOS="3656" HPOS="1129"/>
<String CONTENT="covering" HEIGHT="70" WIDTH="268" VPOS="3636" HPOS="1169"/>
<SP HEIGHT="51" WIDTH="38" VPOS="3655" HPOS="1438"/>
<String CONTENT="all" HEIGHT="53" WIDTH="76" VPOS="3637" HPOS="1477"/>
<SP HEIGHT="55" WIDTH="38" VPOS="3637" HPOS="1554"/>
<String CONTENT="cases" HEIGHT="37" WIDTH="150" VPOS="3656" HPOS="1593"/>
<SP HEIGHT="35" WIDTH="38" VPOS="3658" HPOS="1744"/>
<String CONTENT="reported" HEIGHT="70" WIDTH="266" VPOS="3637" HPOS="1783"/>
<SP HEIGHT="54" WIDTH="39" VPOS="3637" HPOS="2050"/>
<String CONTENT="in" HEIGHT="52" WIDTH="61" VPOS="3638" HPOS="2090"/>
</TextLine>
<TextLine HEIGHT="71" WIDTH="1925" VPOS="3713" HPOS="224" STYLEREFS="StyleId-01014EA4-ACE2-4CB5-9FE5-18CE24B2BAA9-">
<String CONTENT="Oklahoma" HEIGHT="54" WIDTH="321" VPOS="3713" HPOS="224"/>
<SP HEIGHT="33" WIDTH="58" VPOS="3734" HPOS="546"/>
<String CONTENT="reports," HEIGHT="64" WIDTH="240" VPOS="3719" HPOS="605"/>
<SP HEIGHT="63" WIDTH="62" VPOS="3720" HPOS="846"/>
<String CONTENT="1890-1931," HEIGHT="66" WIDTH="326" VPOS="3718" HPOS="909"/>
<SP HEIGHT="66" WIDTH="57" VPOS="3718" HPOS="1236"/>
<String CONTENT="Pacific" HEIGHT="57" WIDTH="211" VPOS="3713" HPOS="1294"/>
<SP HEIGHT="35" WIDTH="58" VPOS="3735" HPOS="1506"/>
<String CONTENT="reporter," HEIGHT="62" WIDTH="274" VPOS="3722" HPOS="1565"/>
<SP HEIGHT="50" WIDTH="58" VPOS="3734" HPOS="1840"/>
<String CONTENT="volumes" HEIGHT="50" WIDTH="250" VPOS="3719" HPOS="1899"/>
</TextLine>
<TextLine HEIGHT="70" WIDTH="1925" VPOS="3793" HPOS="226" STYLEREFS="StyleId-01014EA4-ACE2-4CB5-9FE5-18CE24B2BAA9-">
<String CONTENT="1-300," HEIGHT="65" WIDTH="186" VPOS="3795" HPOS="226"/>
<SP HEIGHT="48" WIDTH="30" VPOS="3812" HPOS="413"/>
<String CONTENT="and" HEIGHT="52" WIDTH="112" VPOS="3793" HPOS="444"/>
<SP HEIGHT="52" WIDTH="31" VPOS="3793" HPOS="557"/>
<String CONTENT="all" HEIGHT="51" WIDTH="77" VPOS="3795" HPOS="589"/>
<SP HEIGHT="51" WIDTH="27" VPOS="3796" HPOS="667"/>
<String CONTENT="of" HEIGHT="54" WIDTH="64" VPOS="3793" HPOS="695"/>
<SP HEIGHT="53" WIDTH="28" VPOS="3793" HPOS="760"/>
<String CONTENT="the" HEIGHT="51" WIDTH="97" VPOS="3795" HPOS="789"/>
<SP HEIGHT="51" WIDTH="28" VPOS="3797" HPOS="887"/>
<String CONTENT="Pacific" HEIGHT="55" WIDTH="211" VPOS="3793" HPOS="916"/>
<SP HEIGHT="34" WIDTH="27" VPOS="3814" HPOS="1128"/>
<String CONTENT="states" HEIGHT="48" WIDTH="174" VPOS="3799" HPOS="1156"/>
<SP HEIGHT="33" WIDTH="29" VPOS="3814" HPOS="1331"/>
<String CONTENT="reports" HEIGHT="63" WIDTH="221" VPOS="3800" HPOS="1361"/>
<SP HEIGHT="53" WIDTH="30" VPOS="3795" HPOS="1583"/>
<String CONTENT="from" HEIGHT="53" WIDTH="154" VPOS="3795" HPOS="1614"/>
<SP HEIGHT="47" WIDTH="27" VPOS="3801" HPOS="1769"/>
<String CONTENT="the" HEIGHT="52" WIDTH="99" VPOS="3796" HPOS="1797"/>
<SP HEIGHT="35" WIDTH="27" VPOS="3813" HPOS="1897"/>
<String CONTENT="earliest" HEIGHT="52" WIDTH="226" VPOS="3796" HPOS="1925"/>
</TextLine>
<TextLine HEIGHT="72" WIDTH="1925" VPOS="3870" HPOS="223" STYLEREFS="StyleId-01014EA4-ACE2-4CB5-9FE5-18CE24B2BAA9-" CS="1">
<String CONTENT="times" HEIGHT="53" WIDTH="163" VPOS="3870" HPOS="223"/>
<SP HEIGHT="33" WIDTH="41" VPOS="3890" HPOS="387"/>
<String CS="1" CONTENT="&#8230;"/>
<SP HEIGHT="54" WIDTH="78" VPOS="3871" HPOS="485"/>
<String CONTENT="Compiled" HEIGHT="69" WIDTH="301" VPOS="3871" HPOS="564"/>
<SP HEIGHT="52" WIDTH="34" VPOS="3873" HPOS="866"/>
<String CONTENT="and" HEIGHT="52" WIDTH="111" VPOS="3873" HPOS="901"/>
<SP HEIGHT="52" WIDTH="32" VPOS="3873" HPOS="1013"/>
<String CONTENT="edited" HEIGHT="53" WIDTH="190" VPOS="3872" HPOS="1046"/>
<SP HEIGHT="52" WIDTH="32" VPOS="3873" HPOS="1237"/>
<String CONTENT="by" HEIGHT="68" WIDTH="74" VPOS="3874" HPOS="1270"/>
<SP HEIGHT="63" WIDTH="33" VPOS="3879" HPOS="1345"/>
<String CONTENT="the" HEIGHT="53" WIDTH="95" VPOS="3874" HPOS="1379"/>
<SP HEIGHT="50" WIDTH="34" VPOS="3892" HPOS="1475"/>
<String CONTENT="publisher&#8217;s" HEIGHT="69" WIDTH="340" VPOS="3873" HPOS="1510"/>
<SP HEIGHT="35" WIDTH="32" VPOS="3892" HPOS="1851"/>
<String CONTENT="editorial" HEIGHT="54" WIDTH="264" VPOS="3873" HPOS="1884"/>
</TextLine>
<TextLine HEIGHT="74" WIDTH="1927" VPOS="3947" HPOS="223" STYLEREFS="StyleId-01014EA4-ACE2-4CB5-9FE5-18CE24B2BAA9-" CS="1">
<String CS="1" CONTENT="staff." HEIGHT="54" WIDTH="135" VPOS="3947" HPOS="223"/>
<SP HEIGHT="33" WIDTH="74" VPOS="3968" HPOS="373"/>
<String CONTENT="v." HEIGHT="34" WIDTH="50" VPOS="3968" HPOS="448"/>
<SP HEIGHT="48" WIDTH="34" VPOS="3954" HPOS="499"/>
<String CONTENT="32-34." HEIGHT="49" WIDTH="188" VPOS="3953" HPOS="534"/>
<SP HEIGHT="55" WIDTH="75" VPOS="3950" HPOS="723"/>
<String CONTENT="St." HEIGHT="55" WIDTH="84" VPOS="3950" HPOS="799"/>
<SP HEIGHT="50" WIDTH="33" VPOS="3954" HPOS="884"/>
<String CONTENT="Paul," HEIGHT="66" WIDTH="165" VPOS="3952" HPOS="918"/>
<SP HEIGHT="65" WIDTH="30" VPOS="3953" HPOS="1084"/>
<String CONTENT="West" HEIGHT="54" WIDTH="160" VPOS="3953" HPOS="1115"/>
<SP HEIGHT="63" WIDTH="31" VPOS="3957" HPOS="1276"/>
<String CONTENT="publishing" HEIGHT="68" WIDTH="337" VPOS="3953" HPOS="1308"/>
<SP HEIGHT="50" WIDTH="30" VPOS="3971" HPOS="1646"/>
<String CONTENT="co.," HEIGHT="49" WIDTH="98" VPOS="3971" HPOS="1677"/>
<SP HEIGHT="63" WIDTH="34" VPOS="3957" HPOS="1776"/>
<String CONTENT="1932," HEIGHT="65" WIDTH="151" VPOS="3956" HPOS="1811"/>
<SP HEIGHT="64" WIDTH="34" VPOS="3957" HPOS="1963"/>
<String CONTENT="1933." HEIGHT="50" WIDTH="152" VPOS="3957" HPOS="1998"/>
</TextLine>
<TextLine HEIGHT="41" WIDTH="287" VPOS="4023" HPOS="225" STYLEREFS="StyleId-01014EA4-ACE2-4CB5-9FE5-18CE24B2BAA9-" CS="1">
<String CONTENT="3" HEIGHT="40" WIDTH="28" VPOS="4024" HPOS="225"/>
<SP HEIGHT="40" WIDTH="32" VPOS="4024" HPOS="254"/>
<String CONTENT="v." HEIGHT="30" WIDTH="45" VPOS="4033" HPOS="287"/>
<SP HEIGHT="40" WIDTH="62" VPOS="4023" HPOS="333"/>
<String CS="1" CONTENT="26cm." HEIGHT="41" WIDTH="116" VPOS="4023" HPOS="396"/>
</TextLine>
</TextBlock>
</PrintSpace>
</Page>
</Layout>
</alto>