2582 4453
1354 4082 100 49 950

385 419 235 61 Fraser,
648 415 246 54 Ronald.

459 494 273 69 Tropical
763 499 222 61 waters,
1015 493 76 67 by
1124 491 228 53 Ronald
1385 490 224 52 Fraser.
1680 489 241 52 London
1953 490 52 51 &
2040 488 272 64 Toronto,
2345 485 55 54 J.

389 574 156 67 Cape
582 575 172 65 [1933]

459 648 26 40 3
514 658 40 38 p.
621 677 9 17 l.,
659 644 146 43 9-259
834 656 43 37 p.
935 644 116 40 20cm.

394 708 2008 58 © 1c. June 20, 1933; A ad int. 17909; pubd. Apr. 24; Arthur Ronald
464 776 190 46 Fraser,
684 775 212 39 London.
969 770 281 51 (33-17670)

389 879 308 66 Gentizon,
723 879 167 55 Paul.

522 952 1549 69 … Rome sous le faisceau. Paris, Fasquelle [1933]
464 1032 87 41 240
580 1043 43 38 p.
684 1031 56 41 19cm

462 1086 700 52 Bibliothèque-Charpentier.

397 1154 1926 57 © Mar. 15, 1933; 1c. May 10; A-Foreign 20857; Fasquelle éditeurs.
478 1219 282 50 (33-17161)

391 1324 273 65 Georgia.
742 1326 180 51 Court
960 1324 63 67 of
1057 1323 251 68 appeals.

463 1397 1943 74 Reports of cases decided … October term, 1932, and March
392 1486 164 64 term,
589 1484 151 51 1933.
809 1501 52 33 v.
893 1483 82 50 46.
1047 1479 236 55 Stevens
1318 1480 113 52 and
1464 1479 275 67 Graham,
1773 1482 300 64 reporters.
2145 1477 261 58 Atlanta,

391 1563 122 52 The
542 1560 288 54 Harrison
858 1578 300 50 company,
1190 1562 152 50 1933.

465 1636 155 47 xlviii,
652 1635 84 41 936
767 1645 42 38 p.
869 1635 116 39 23cm.

400 1703 51 52 ©
484 1708 116 46 July
631 1705 69 47 25,
733 1704 140 47 1933;
907 1705 67 40 2c.
1007 1705 117 47 July
1154 1703 83 49 28;
1272 1703 82 41 aff.
1387 1704 117 47 July
1535 1704 83 45 27;
1653 1704 41 38 A
1725 1702 171 47 63706;
1934 1702 137 40 State
2103 1701 53 40 of
2189 1701 220 47 Georgia,

467 1764 218 40 Atlanta.

398 1867 269 68 [Girling,
697 1868 131 68 Zoe]

532 1942 1803 69 … Describe a circle. London, W. Heinemann, ltd. [1933]
469 2020 28 39 4
528 2031 44 38 p.
639 2051 8 16 l.,
677 2018 148 41 3-319
853 2030 43 38 p.
959 2018 55 41 19cm

472 2089 231 40 Author’s
730 2090 180 48 pseud.,
942 2086 184 43 Martin
1153 2088 148 49 Hare,
1330 2090 53 39 at
1411 2089 126 41 head
1565 2089 52 41 of
1643 2088 123 41 title.

402 2145 2010 52 © 1c. June 29, 1933; A ad int. 17940; pubd. May 22; Harper & bros.,
469 2207 117 38 New
623 2206 145 39 York.
840 2205 282 47 (33-17397)

397 2309 381 64 Glicenstein,
806 2309 267 65 Henryk,
1105 2310 172 54 1870-

467 2389 121 52 The
615 2394 118 47 tree
763 2388 62 54 of
853 2387 136 67 life;
1019 2388 254 53 sketches
1304 2387 154 54 from
1485 2387 219 55 Jewish
1733 2388 107 53 life
1869 2387 63 53 of
1961 2388 302 67 yesterday
2295 2388 111 52 and

399 2465 195 70 today,
621 2467 62 51 in
713 2465 281 69 drawing,
1024 2484 164 50 prose
1218 2466 112 52 and
1361 2484 174 49 verse,
1566 2467 74 66 by
1669 2466 214 53 Enrico
1917 2465 347 56 Glicenstein
2299 2466 110 53 and

399 2544 332 54 Alexander
774 2545 80 52 M.
896 2544 287 53 Dushkin.
1262 2544 274 67 Chicago,
1579 2545 65 52 L.
1685 2544 82 53 M.
1813 2544 181 66 Stein,
2039 2548 151 49 1933.

476 2615 1143 52 108 p., 2 l. inch illus., plates. 32½×24½cm.
404 2672 55 53 ©
490 2679 113 46 May
632 2676 70 46 26,
734 2675 113 40 1933
867 2686 8 32 ;
910 2676 65 39 2c.
1010 2676 95 39 and
1137 2675 81 39 aff.
1253 2676 126 38 June
1411 2675 82 46 22;
1529 2676 41 37 A
1601 2674 171 48 64103;
1809 2676 162 39 Board
2004 2675 52 40 of
2088 2675 185 41 Jewish
476 2676 1919 98 education

671 2734 52 40 of
755 2733 224 47 Chicago,
1014 2732 224 48 Chicago.
1313 2732 281 48 (33-17383)

398 2838 321 65 Goldblatt,
748 2837 211 57 David.

403 2914 1987 135 … Is the Jewish race pure? An examination of the evidence
608 2995 229 68 against
869 2996 113 52 and
1014 3017 32 33 a
1078 2999 306 49 statement
1415 2993 65 55 of
1513 2993 148 55 facts
1694 2995 61 53 in
1788 2995 74 54 its
1896 2994 186 70 favor,
2114 2996 76 68 by
2221 2994 193 54 David

402 3071 2010 71 Goldblatt … New York, The Goldblatt publishing co. [ c 1933]
471 3146 99 48 351,
603 3146 55 51 [1]
690 3156 42 38 p.
794 3147 129 41 illus.
953 3146 132 48 (inch
1116 3145 176 50 ports.)
1361 3146 54 39 21cm

471 3202 351 50 Bibliography
841 3216 8 28 :
884 3214 41 38 p.
959 3203 218 41 343-346.

407 3257 51 52 ©
491 3263 114 45 May
635 3261 68 46 15,
734 3260 140 46 1933;
907 3262 66 38 2c.
1005 3261 127 39 June
1163 3260 80 47 12;
1277 3260 82 41 aff.
1391 3261 128 39 June
1549 3260 51 47 9;
1635 3261 39 38 A
1704 3260 172 47 63295;
1912 3262 55 40 D.
2002 3261 264 46 Goldblatt,
2298 3261 117 39 New

475 3319 145 39 York.
693 3318 282 47 (33-17413)

401 3420 302 66 Goldring,
735 3421 314 66 Winifred,
1086 3427 172 50 1888-

536 3499 1879 71 … Guide to the geology of John Boyd Thacher park (Indian
403 3577 1987 148 Ladder region) and vicinity, by Winifred Goldring … Albany, The University of the state of New York, 1933.
475 3729 1940 52 112 p. illus., fold, pl, maps (part fold.) diagrs. 19cm. (New York
404 3787 129 40 state
562 3797 231 30 museum.
856 3788 273 41 Handbook
1157 3787 80 48 14)

476 3842 179 41 Folded
684 3844 133 47 plate
842 3845 95 39 and
964 3855 138 38 maps
1129 3844 47 39 in
1205 3844 171 49 pocket
1403 3846 53 39 at
1481 3845 106 41 end.

480 3898 348 42 “References”
848 3912 10 30 :
889 3910 43 38 p.
959 3900 98 42 103.

411 3951 51 52 ©
492 3957 112 47 Apr.
635 3957 69 42 28.
734 3958 139 42 1933;
905 3959 67 37 2c.
1003 3959 93 38 and
1127 3957 82 43 aff.
1240 3959 129 38 June
1395 3958 82 46 24;
1510 3959 35 37 A
1578 3957 171 47 64140;
1784 3958 282 42 University
2096 3959 51 39 of
2176 3960 80 38 the
2287 3959 128 39 state

478 4013 52 39 of
558 4014 117 39 New
704 4015 142 39 York.
919 4015 281 47 (33-17253)
