2575 4405
1110 4093 99 54 137

156 460 366 67 [McKinney,
551 460 256 56 William
841 459 191 68 Mark]
1070 461 173 51 1865-
1455 458 85 53 ed.

290 535 1866 72 … New California digest. Supplement, 1932, for volumes
151 614 2006 70 i-xviii … San Francisco, Bancroft-Whitney company, 1932.
225 706 299 42 18 v . 25 cm .
225 764 156 39 These
410 760 275 50 pamphlets
714 771 85 30 are
831 763 51 37 to
910 759 56 40 be
995 759 140 40 fitted
1166 758 102 41 into
1302 759 86 40 the
1414 758 197 49 pockets
1644 760 54 38 at
1728 756 84 42 the
1842 756 122 41 back
1996 756 52 41 of
2080 757 82 39 the

156 822 214 38 volumes
399 819 53 40 of
478 819 82 40 the
586 820 72 38 set
686 820 49 38 to
765 817 157 41 which
952 817 114 47 they
1095 816 184 48 belong.

159 885 51 53 ©
240 890 110 40 Jan.
380 889 68 46 14,
480 888 140 47 1983;
652 887 66 40 2c.
750 887 118 40 each
900 887 95 39 and
1026 884 82 41 aff.
1140 886 111 40 Jan.
1280 884 83 48 21;
1396 885 42 40 A
1468 883 171 49 58998;
1672 881 491 50 Bancroft-Whitney

227 958 66 28 co.
1982 937 89 43 948

155 1050 404 63 Marchionna,
593 1047 337 55 Frederick.

225 1126 180 52 Latex
438 1126 112 52 and
582 1125 75 53 its
686 1124 311 53 industrial
1029 1123 402 69 applications,
1460 1124 75 66 by
1567 1123 311 53 Frederick
155 1121 1980 135 Marchionna.

392 1203 139 53 New
571 1202 178 68 York,
785 1202 124 54 The
945 1202 233 52 Rubber
1215 1220 104 50 age
1356 1201 337 68 publishing
1732 1219 99 50 co.,
1867 1204 153 50 1933.

225 1291 118 49 xxii,
438 1321 8 17 [1],
476 1291 114 40 1037
619 1301 43 38 p.
718 1291 56 38 24
777 1292 45 20 cm
828 1321 9 9 .

226 1349 40 38 A
297 1347 393 48 comprehensive
720 1345 352 49 bibliography,
1105 1345 121 41 with
1258 1345 260 41 abstracts.

231 1405 182 40 “Index
442 1403 53 41 of
523 1401 278 51 patentees”:
864 1414 44 38 p.
939 1402 202 41 891-935;
1204 1402 183 41 “Index
1417 1401 53 43 of
1499 1401 224 49 patents”:
1785 1412 43 38 p.
1860 1398 220 45 936-977.

161 1471 51 53 ©
244 1476 110 40 Feb.
382 1475 41 49 4,
452 1474 140 48 1933;
624 1474 67 40 2c.
721 1475 97 39 and
848 1473 81 40 aff.
961 1474 110 38 Feb.
1103 1472 51 48 8;
1186 1473 42 39 A
1257 1472 172 48 59331;
1462 1473 52 39 F.
1546 1471 335 49 Marchionna,
229 1470 1920 102 Washington.
396 1531 251 49 (33-3700)

156 1635 224 54 Martin
409 1636 77 54 du
517 1636 177 64 Gard,
722 1633 283 66 Maurice,
1035 1639 171 51 1896-

289 1706 1869 74 … Soirées de Paris; le théâtre et la vie, 1930-1931 … [Paris]
158 1792 65 54 E.
259 1791 388 53 Flammarion
685 1824 13 34 [
703 1797 19 21 c
727 1792 154 66 1932]

226 1868 490 50 283 p., 1 l. 184 ½ cm .
161 1940 52 51 ©
252 1944 110 40 Dec.
402 1943 39 47 8,
478 1942 114 41 1932;
717 1972 9 9 1c.
764 1942 114 40 Dec.
915 1941 56 41 27;
1038 1942 102 38 A-
1143 1940 208 50 Foreign
1387 1939 148 41 19150;
1601 1942 179 39 Ernest
1819 1938 347 42 Flammarion.

239 2000 250 48 (33-4067)

163 2101 515 69 [Massachusetts.
752 2104 313 52 Insurance
1098 2102 155 67 dept.]

229 2179 122 54 The
400 2179 202 54 “Bible
650 2180 64 53 of
762 2179 108 54 life
917 2179 366 67 insurance”;
1332 2179 172 68 being
1553 2198 32 34 a
1634 2179 277 67 complete
158 2176 1980 149 photographic

434 2257 224 68 reprint
692 2257 64 54 of
788 2258 98 53 the
920 2257 249 68 original
1204 2257 215 53 studies
1456 2257 113 53 and
1604 2256 200 54 official
1838 2261 225 62 reports
2098 2253 65 56 of

158 2334 2006 70 Elizur Wright, “the father of life insurance” … Together
161 2413 139 53 with
331 2434 32 34 a
395 2413 152 53 brief
576 2413 328 54 illustrated
937 2414 217 53 outline
1186 2413 224 67 history
1442 2413 64 54 of
1538 2413 106 53 life
1676 2413 300 53 insurance
2008 2412 156 54 from

159 2490 96 53 the
289 2492 229 53 earliest
549 2491 195 68 times;
782 2493 138 65 also,
954 2491 54 52 A
1043 2491 153 54 brief
1228 2491 196 53 sketch
1460 2491 63 53 of
1555 2491 97 53 the
1686 2490 108 54 life
1828 2492 113 52 and
1978 2490 185 54 works

159 2569 63 52 of
245 2569 203 53 Elizur
470 2569 252 68 Wright.
781 2569 285 53 Intended
1091 2588 59 34 as
1173 2588 32 34 a
1229 2568 276 68 practical
1528 2575 124 47 text
1673 2569 148 54 book
1846 2569 114 53 and
160 2569 1979 130 reference

321 2646 1779 68 work for the life insurance profession. Compiled for …
160 2723 1976 147 the American conservation company, Chicago, Illinois … Chicago,
344 2802 167 52 Press
540 2802 63 53 of
630 2801 329 68 Recording
985 2804 46 50 &
1057 2800 305 55 statistical
1393 2801 383 67 corporation,
1808 2805 152 51 1932.

233 2876 69 44 90,
328 2875 61 47 iv,
415 2875 86 41 382
526 2885 42 38 p.
625 2875 143 48 illus.,
796 2875 158 40 tables
982 2874 15 48 (1
1057 2874 146 48 fold.)
1239 2873 154 50 diagr.
1449 2876 56 40 23½
1538 2877 44 23 cm
1586 2906 9 9 .

231 2933 226 40 Lettered
496 2941 59 30 on
595 2943 140 29 cover:
805 2931 167 41 Elizur
1013 2931 207 48 Wright.
1289 2932 208 48 Reports
1539 2933 96 39 and
1674 2931 284 49 biography.
2028 2932 141 43 Brief

160 2988 188 50 history
376 2989 53 41 of
457 2988 89 42 life
574 2988 273 42 insurance.

232 3047 102 40 The
376 3046 185 48 reprint
614 3045 84 48 (iv,
742 3045 87 42 382
870 3046 69 48 p.)
991 3047 89 39 has
1125 3045 134 42 title:
1307 3047 388 40 Massachusetts
1741 3048 188 47 reports
1975 3059 60 29 on
2080 3045 89 43 life

162 3102 258 41 insurance:
485 3102 275 42 1859-1865.
826 3103 72 48 By
935 3103 82 40 the
1052 3102 261 42 insurance
1346 3102 405 41 commissioners.
1816 3102 134 42 With
1989 3114 61 31 an
163 3115 1989 93 appendix,

384 3158 1733 51 by Elizur Wright. Originally published by Wright & Potter …
163 3217 195 47 Boston,
392 3216 127 41 1865.
582 3216 315 41 Renroduced
930 3217 59 48 by
1023 3216 274 49 Recording
1330 3217 36 41 &
1399 3216 267 42 statistical
1701 3216 323 49 corporation,
158 3217 1992 103 Chicago.

234 3328 168 40 “Brief
423 3328 185 41 outline
630 3328 190 49 history
843 3329 54 40 of
919 3328 88 40 life
1029 3329 273 48 insurance,
1326 3329 62 48 by
1412 3328 218 42 William
1656 3329 294 42 Clendenin”:
2006 3341 45 38 p.
158 3329 2010 97 [5]-64.

165 3450 52 52 ©
249 3456 117 39 Nov.
398 3455 69 46 23,
499 3454 140 48 1932;
673 3454 65 41 2c.
773 3456 96 39 and
903 3454 82 41 aff.
1018 3456 110 39 Jan.
1161 3456 70 46 23,
1264 3454 142 48 1933;
1442 3455 40 39 A
1514 3455 171 48 59078;
1721 3456 159 42 Amer,
234 3466 1912 85 conservation
368 3523 80 36 co,
484 3512 223 47 Chicago.
778 3511 253 50 (33-3709)

164 3612 318 68 [Moinaux,
514 3615 278 69 Georges]
832 3620 325 52 1860-1929.

227 3693 106 53 Les
368 3693 129 67 plus
529 3692 172 54 belles
736 3712 174 50 pages
944 3694 68 53 de
1047 3691 329 56 Courteline
1415 3695 198 67 [pseud.]
1727 3692 203 70 [Paris]
158 3694 1981 129 Flammarion
413 3804 12 33 [
428 3777 20 21 c
454 3773 152 64 1932]

227 3844 100 48 284,
372 3843 43 53 [2]
444 3855 44 38 p.
547 3843 57 42 18½
635 3847 45 22 cm
684 3873 10 10 .

231 3899 1650 53 “Notes bibliographiques [œuvres de l’auteur]”: p. [ 279]-282.
165 3967 51 53 ©
255 3972 110 40 Dec.
403 3973 39 45 1,
481 3971 112 41 1932;
689 3984 38 29 1c.
765 3973 113 40 Dec.
916 3973 56 41 27;
1039 3973 310 48 A-Foreign
1388 3973 145 42 19148;
1600 3975 177 40 Ernest
1817 3974 345 42 Flammarion.

240 4027 251 50 (33-4189)
