2484 4405
1099 4112 132 48 1265

154 477 322 64 Abraham,
510 477 220 52 Robert
764 475 311 54 Morrison.

227 554 225 53 Winter
478 553 194 67 nights
700 552 483 65 entertainments,
1211 570 31 33 a
1270 550 146 53 book
1444 549 62 53 of
1534 548 268 68 pastimes
1832 548 94 53 for
158 565 1965 133 everybody,

348 631 74 67 by
444 632 69 50 R.
538 630 80 52 M.
642 627 323 65 Abraham;
992 629 140 52 with
1159 646 70 34 an
1253 626 390 53 introduction
1667 626 76 65 by
1765 625 156 53 Lord
1946 624 198 55 Baden

157 702 1963 68 Powell of Gil well. New York, E. P. Dutton & co., inc. [ c 1933]
230 775 1358 54 4 p. l., [3]-186 p. incl. front., illus., diagrs. 19½cm.
232 836 159 42 “First
424 835 227 43 edition.”

233 893 222 41 Includes
483 893 167 40 music.

162 960 50 52 ©
239 965 118 46 Aug.
385 964 68 46 22,
480 963 112 40 1933;
648 962 65 40 2c.
742 962 118 46 Aug.
887 961 82 40 30:
1000 961 80 39 aff.
1108 960 119 48 Aug.
1254 960 82 46 29;
1366 960 40 38 A
1432 959 169 47 65118;
1633 961 54 39 E.
1713 960 51 39 P.
1793 961 186 39 Dutton
2008 961 35 39 &
2069 969 66 30 co.

229 1021 89 40 inc.
389 1020 277 48 (33-23651)

155 1121 242 66 Adams,
427 1123 202 53 James
656 1120 282 65 Truslow,
226 1121 879 146 1878-History
501 1199 63 53 of
595 1200 94 50 the
722 1199 215 54 United
973 1197 206 68 States,
1210 1198 75 67 by

1316 1197 774 55 James Truslow Adams …
162 1279 144 53 New
330 1279 179 64 York,
539 1281 58 53 C.
627 1278 324 54 Scribner’s
980 1295 154 46 sons,
1168 1283 148 49 1933.

228 1354 26 39 5
279 1365 42 28 v.
375 1353 173 39 fronts.
602 1363 41 29 (v.
671 1353 107 46 1-4)
814 1352 126 39 illus.
969 1351 132 48 (incl.
1131 1350 160 49 maps)
1329 1352 169 46 plates,
1526 1353 162 46 ports.,
1715 1349 231 49 facsims.,
1974 1350 180 49 diagrs.

155 1411 114 39 24cm.

229 1466 306 47 Descriptive
569 1466 281 47 letterpress
888 1476 58 29 on
983 1475 165 30 versos
1183 1464 166 48 facing
1382 1475 129 30 some
1546 1466 51 39 of
1632 1466 81 39 the
1748 1467 171 46 plates.

566 1529 32 33 CONTENTS.—I.
638 1523 101 39 The
780 1523 93 39 rise
913 1522 51 40 of
1004 1523 81 39 the
1126 1521 278 41 union.—II.
1442 1522 41 39 A
1521 1522 330 48 half-century
1889 1522 51 41 of
159 1533 1976 88 expansion.—
369 1586 74 33 III.

495 1580 124 40 Civil
670 1590 101 29 war
823 1580 93 39 and
968 1578 399 41 reconstruction.
1384 1602 59 4 —
1458 1585 71 32 IV.
1581 1579 220 40 America
1854 1581 96 38 and
2001 1581 150 39 world

158 1649 285 38 power.—V.
482 1636 306 41 Cumulative
816 1635 299 48 (loose-leaf)
1160 1635 187 48 history
1381 1636 51 40 of
1466 1637 81 39 the
1584 1635 177 41 United
1801 1636 175 41 States.

164 1704 50 52 ©
247 1709 127 48 Sept.
403 1709 39 46 5,
472 1708 113 40 1933;
645 1708 65 39 2c.
741 1708 116 39 each
891 1707 126 47 Sept.
1049 1708 81 39 11:
1164 1707 107 40 affs.
1306 1708 125 47 Sept.
1464 1708 81 45 13;
1579 1709 39 37 A
1649 1707 320 41 64995-64998;
2030 1709 40 39 J.
2103 1707 51 40 T.

229 1766 195 46 Adams,
460 1766 211 39 London.
744 1764 279 48 (33-23793)

163 1866 306 53 Alabama.
543 1868 183 56 Laws,
755 1873 255 49 statutes,
1039 1874 101 47 etc.

233 1945 243 54 General
514 1947 136 53 laws
697 1947 139 66 (and
873 1945 146 68 joint
1057 1945 364 69 resolutions)
1468 1946 64 54 of
1568 1948 94 51 the
1699 1947 355 67 Legislature
2090 1948 65 52 of

164 2025 280 53 Alabama
479 2027 200 66 passed
717 2032 57 45 at
809 2026 94 53 the
938 2025 438 67 extraordinary
1412 2026 206 52 session
1659 2026 63 52 of
1760 2031 131 48 1933
1929 2028 131 52 held
2096 2034 57 46 at

163 2104 95 52 the
289 2105 228 66 capitol,
549 2104 59 51 in
640 2105 93 52 the
764 2104 118 67 city
912 2103 63 53 of
1005 2104 419 67 Montgomery,
1455 2105 387 68 commencing
1875 2107 280 66 Tuesday,

163 2181 1966 147 January 31, 1933 … Birmingham, Ala., Birmingham printing company, 1933.
232 2333 789 48 xxvii p., 1 l., 249, 50 p. 24cm.
167 2400 50 52 ©
244 2404 120 48 Aug.
390 2405 68 46 18,
486 2405 112 39 1933;
653 2405 67 39 2c.
751 2404 125 48 Sept.
903 2405 83 40 25:
1017 2405 80 40 aff.
1130 2405 125 47 Sept.
1284 2405 81 47 23;
1396 2406 40 38 A
1464 2406 169 46 66330;
1666 2407 140 40 State
1829 2407 52 41 of
1909 2408 250 44 Alabama,

234 2463 346 47 Montgomery,
609 2463 104 39 Ala.

167 2564 131 64 Aly,
325 2564 224 66 Bower,
577 2566 83 52 ed.

232 2641 57 53 A
323 2642 199 53 debate
557 2642 305 53 handbook
898 2661 71 34 on
1008 2643 163 52 radio
1209 2644 219 53 control
1466 2645 114 52 and
1617 2646 315 69 operation,
1970 2648 188 55 edited

163 2719 1973 146 by Bower Aly and Gerald D. Shively … Published by arrangement with
693 2798 95 52 the
821 2796 337 55 Committee
1189 2817 72 34 on
1291 2798 202 54 debate
1519 2800 291 55 materials
1841 2805 114 52 and
164 2803 1971 126 interstate
353 2876 381 67 cooperation,
780 2875 272 53 National
1099 2874 320 72 university
1465 2879 292 52 extension
1804 2881 355 55 association.

167 2952 315 68 Columbia,
513 2953 133 67 Mo.,
680 2951 226 70 Staples
939 2952 337 70 publishing
1308 2972 298 52 company,
1640 2959 150 50 1933.

232 3025 87 40 224
349 3036 43 38 p.
454 3025 56 41 23½
543 3028 43 21 cm
591 3058 9 8 .

236 3082 372 48 Bibliography:
637 3092 43 39 p.
727 3081 145 51 [5]-43.

171 3149 50 53 ©
253 3155 117 47 Aug.
401 3155 70 46 31,
503 3153 113 41 1933;
678 3154 65 39 2c.
778 3154 94 39 and
905 3152 80 41 aff.
1023 3153 127 48 Sept.
1185 3154 51 46 5;
1271 3155 41 38 A
1345 3154 169 48 65124;
1550 3156 54 41 B.
1638 3156 91 49 Aly
1763 3159 95 40 and
1892 3159 179 41 Gerald
2104 3159 57 40 D.

241 3212 207 47 Shively,
486 3212 264 45 Columbia,
788 3212 91 39 Mo.
951 3211 279 48 (33-23795)

165 3312 327 66 Anderson,
521 3311 334 66 Sherwood,
887 3313 171 53 1876-

238 3393 187 52 Death
454 3391 59 53 in
545 3393 94 51 the
669 3392 189 52 woods
888 3392 111 51 and
1030 3392 162 52 other
1221 3393 199 53 stories
1455 3393 108 68 [by]
1600 3393 308 57 Sherwood
169 3399 1968 124 Anderson.

359 3468 1061 70 New York, Liveright, inc. [ c 1933]
237 3543 589 48 5 p. l., 3-298 p. 21cm.
173 3596 50 52 ©
252 3602 111 46 Apr.
391 3600 38 42 8,
456 3600 139 45 1933;
625 3599 65 40 2c.
719 3599 111 47 Apr.
859 3599 81 46 25;
970 3598 81 40 aff.
1083 3599 127 47 Sept.
1239 3597 52 48 9;
1321 3599 41 39 A
1389 3599 170 48 66010;
1592 3601 44 41 S.
1664 3602 265 51 Anderson,
1960 3607 204 48 Marion,

240 3658 83 39 Va.
394 3657 278 47 (33-23673)

170 3761 208 64 Beard,
409 3763 137 52 Mrs.
580 3762 257 51 Frances
875 3758 359 65 (Birkhead)
1275 3760 84 53 ed.

171 3835 1995 161 Wyoming from territorial days to the present, under the editorial supervision of Frances Birkhead Beard … Wyoming
171 3994 338 69 biography,
545 3991 383 70 gratuitously
965 3990 320 69 published,
1318 3991 76 68 by
1430 3991 211 69 special
1675 3997 136 53 staff
1845 4000 65 52 of
1945 4002 220 58 writers
