2484 4405
1077 4087 132 49 1583

125 436 442 65 Wertenbaker,
597 438 257 52 Thomas
882 436 315 65 Jefferson,
1231 434 171 54 1879-

195 516 120 51 The
344 513 214 55 United
590 513 188 54 States
806 512 62 53 of
896 510 293 66 America;
1222 531 29 32 a
1281 508 237 70 history,
1538 509 74 67 by
1640 509 248 51 Thomas
125 505 1972 141 Jefferson

125 584 1968 153 Wertenbaker … and Donald E. Smith … New York, Chicago
300 674 136 63 [etc.]
476 668 61 54 C.
572 667 310 55 Scribner’s
916 684 124 36 sons
1080 700 12 34 [
1097 673 19 21 c
1122 669 150 63 1933]

196 736 1629 51 xii, 684 p., 1 l., xv-lii p. col. front., col. plates, maps. 20 cm .
194 796 374 48 Bibliography:
604 807 41 36 p.
682 794 378 51 [xxvii]-xxxvi;
1095 794 346 48 “Suggestions
1470 794 80 39 for
1579 794 195 39 further
1807 791 228 49 reading”
2068 796 51 37 at

125 855 92 39 end
250 853 51 41 of
332 854 117 40 each
483 854 200 47 chapter
714 854 167 47 except
914 853 202 47 chapter
1147 861 132 31 xxvi.

128 911 52 51 ©
211 916 117 38 Nov.
359 914 39 46 3,
432 914 139 46 1933;
604 914 67 39 2c.
704 914 95 39 and
832 913 82 39 aff.
946 913 118 39 Nov.
1098 912 53 46 9;
1185 912 42 38 A
1257 911 170 46 67035;
1464 911 205 40 Charles
1702 909 265 41 Scribner’s
2000 917 124 33 sons.

203 967 67 53 [©
299 969 209 42 revision
535 971 95 39 and
657 981 106 28 new
789 971 178 38 matter]
1059 967 279 49 (33-32903)

131 1042 328 65 Weyforth,
489 1042 254 55 William
773 1043 251 62 Oswald,
1058 1047 170 49 1889-

196 1121 120 54 The
343 1121 240 53 Federal
609 1138 217 36 reserve
851 1119 204 67 board;
1086 1143 32 33 a
1146 1118 168 69 study
1345 1118 62 52 of
1434 1117 238 54 Federal
1702 1135 217 36 reserve
129 1122 1971 130 structure

293 1198 110 52 and
443 1198 179 54 credit
661 1197 235 67 control,
934 1197 73 68 by
1045 1195 257 54 William

133 1191 1960 151 O. Weyforth … Baltimore, The Johns Hopkins press, 1933.
199 1345 63 49 ix,
287 1346 85 39 216
396 1357 44 37 p.
492 1346 53 39 21½
580 1348 43 21 cm
629 1378 9 8 .
701 1346 296 50 (Half-title:
1023 1347 154 40 Johns
1203 1345 221 49 Hopkins
1449 1345 272 48 university
1746 1344 186 42 studies
1957 1346 49 39 in
129 1344 1978 99 historical

327 1403 95 40 and
450 1402 217 49 political
695 1402 200 41 science.
951 1404 154 38 Extra
1134 1404 229 39 volumes,
1419 1413 105 29 new
1552 1413 105 35 ser.,
1688 1413 74 29 no.
1794 1403 79 47 19)

133 1460 51 52 ©
217 1465 101 40 Oct.
349 1466 67 44 17,
448 1464 140 46 1933;
621 1465 66 38 2c.
719 1465 95 38 and
845 1463 80 40 aff.
959 1463 101 41 Oct.
1092 1464 83 46 21;
1209 1464 40 37 A
1279 1463 171 46 65728;
1485 1464 153 39 Johns
1670 1462 223 48 Hopkins
1924 1472 150 38 press.

212 1520 277 49 (33-33072)

133 1595 237 64 Wilcox,
400 1594 245 55 Francis
673 1595 316 56 McLellan.

199 1672 121 52 The
345 1671 227 68 coming
594 1670 188 68 crisis;
812 1691 31 33 a
867 1670 153 55 brief
1045 1670 205 54 review
1277 1671 63 54 of
1366 1673 214 52 several
1607 1671 167 52 Bible
1799 1670 331 69 prophecies

129 1749 378 67 culminating
542 1750 59 52 in
638 1751 96 51 the
771 1751 250 66 last-day
1057 1749 189 67 crisis;
1288 1751 115 52 also
1442 1768 30 34 a
1510 1748 370 69 compilation
1918 1748 64 54 of

131 1749 1976 132 significant
387 1833 328 48 statements
743 1828 150 52 from
920 1829 95 51 the
1041 1827 260 69 writings
1328 1827 63 54 of
1416 1829 138 51 Mrs.
1582 1828 65 52 E.
1675 1827 69 55 G.
1769 1826 196 56 White
121 1827 1985 131 relative

256 1903 1877 70 to this crisis … By Francis McLellan Wilcox … Takoma
132 1984 171 68 Park,
335 1984 400 69 ’Washington,
767 1985 70 53 D.
872 1984 81 69 C.,
988 1985 183 55 South
1204 1985 179 67 Bend,
1415 1985 129 54 Ind.
1601 1990 119 62 [etc.]
1757 1982 230 55 Review
2019 1983 111 56 and

133 2063 1168 69 herald publishing association [ c 1933]
204 2137 58 41 96
289 2149 42 37 p.
391 2137 146 41 19½cm.

137 2191 53 51 ©
224 2196 101 40 Oct.
359 2195 58 40 19
421 2227 6 11 :
462 2195 112 40 1933
593 2206 9 30 :
637 2196 66 39 2c.
738 2196 95 39 and
868 2194 79 41 aff.
984 2195 101 40 Oct.
1120 2195 83 46 20;
1240 2195 40 39 A
1314 2195 171 47 66688;
1522 2195 195 40 Review
1752 2195 35 40 &
1821 2195 170 39 herald
2025 2194 111 48 pub.

209 2262 125 30 assn.
407 2251 278 48 (33-33279)

134 2321 239 69 Wilcox,
406 2326 198 52 Frank
635 2324 238 67 Nelson,
908 2330 168 49 1887-

205 2402 148 55 Ohio
389 2403 211 52 Indian
632 2403 181 67 trails,
846 2403 73 69 by
954 2404 198 51 Frank
1185 2404 68 52 N.
1288 2403 251 67 Wilcox;
1577 2403 323 53 illustrated
1932 2403 76 68 by
2039 2402 97 52 the

134 2480 221 53 author.
433 2480 325 59 Cleveland,
788 2482 122 52 The
939 2481 175 55 Gates
1146 2500 172 47 press.
1351 2485 148 50 1933.

206 2554 1043 51 7 p. l., [3]—268 p. front., illus. 26½cm.
208 2613 138 47 Maps
377 2624 58 28 on
467 2612 363 49 lining-papers.

210 2670 160 39 “First
410 2669 227 41 edition.”

208 2726 375 48 Bibliography:
620 2738 43 36 p.
702 2726 248 50 [245]-246.

142 2779 51 52 ©
221 2784 117 40 Nov.
366 2785 39 45 1,
433 2784 112 40 1933;
602 2785 69 39 2c.
698 2785 95 39 and
821 2784 80 40 aff.
931 2785 118 39 Nov.
1077 2786 25 38 3;
1162 2785 42 38 A
1230 2784 171 47 66902;
1433 2785 50 40 F.
1512 2785 56 40 N.
1599 2784 200 46 Wilcox,

1830 2784 122 39 East
209 2782 1912 106 Cleveland,
367 2841 49 40 O.
489 2841 279 47 (33-32014)

140 2914 235 66 Wilder,
405 2918 140 53 Mrs.
575 2916 212 53 Louise
820 2917 250 64 (Beebe)

210 2991 121 52 The
370 2990 134 55 rock
542 2992 232 67 garden,
816 2993 72 68 by
931 2990 204 54 Louise
1176 2992 179 54 Beebe
1397 2992 235 53 Wilder.
1712 2990 229 55 Garden
1986 2988 150 71 City,

141 3068 67 52 N.
241 3068 89 68 Y.,
358 3068 351 68 Doubleday,
741 3070 195 52 Doran
965 3071 45 50 &
1039 3088 296 50 company,
1366 3070 125 66 inc.,
1526 3072 147 49 1933.

209 3138 1200 53 xii p., 1 l., 224 p. col. front., plates 21 cm .
213 3198 144 40 “This
387 3199 122 39 book
538 3199 42 39 is
611 3199 163 40 issued
806 3200 48 38 in
888 3210 227 38 response
1146 3205 46 35 to
1227 3202 78 39 the
1339 3201 205 39 demand
1576 3202 79 38 for
1686 3202 81 39 the
1798 3199 191 47 strictly
2026 3199 110 40 rock

139 3256 180 46 garden
349 3255 225 40 material
604 3255 256 41 contained
889 3257 48 39 in
966 3259 81 38 the
1075 3257 178 40 earlier
1283 3259 202 44 volume,
1515 3257 305 40 Adventures
1848 3257 48 39 in
1926 3268 77 36 my
143 3266 1977 85 garden
265 3313 95 38 and
392 3312 113 40 rock
533 3311 563 49 garden.”—Foreword.

148 3367 51 52 ©
229 3372 101 40 Oct.
357 3372 69 40 25.
456 3372 140 46 1933;
625 3373 69 39 2c.
722 3374 94 38 and
845 3373 81 39 aff.
957 3373 99 40 Oct.
1087 3373 83 46 27;
1201 3373 42 38 A
1270 3373 169 46 66828;
1472 3374 297 46 Doubleday,
1801 3374 166 38 Doran
1994 3373 38 39 &
2060 3383 83 37 co.,

214 3428 90 40 inc.
375 3429 279 47 (33-32030)

144 3487 267 66 Wilkins,
443 3491 217 52 Ernest
690 3491 216 63 Hatch,
938 3495 171 50 1880-

145 3564 1969 132 … L’ltalia, by Ernest Hatch Wilkins … and Antonio Marinoni …
537 3641 265 71 Chicago,
855 3642 110 69 Ill.,
1015 3643 122 53 The
1187 3642 334 70 University
1572 3642 62 53 of
1685 3642 249 69 Chicago
1986 3661 154 50 press

152 3753 12 35 [
169 3727 18 21 c
192 3723 151 65 1933]

216 3791 83 49 xii,
337 3792 85 40 194
459 3803 45 37 p.
567 3793 164 48 front.,
769 3795 170 46 plates,
979 3795 172 39 double
1191 3805 125 37 map.
1382 3795 56 40 18½
1470 3797 42 21 cm
1520 3827 7 8 .
1605 3795 123 46 (The
1769 3795 281 49 University
2089 3796 52 40 of

148 3848 208 48 Chicago
386 3849 181 40 Italian
600 3849 174 47 series)

218 3905 211 41 “Second
465 3905 225 41 edition.’’

152 3961 51 52 ©
234 3966 116 40 Nov.
383 3967 38 45 7,
453 3966 139 47 1933;
624 3967 67 40 2c.
722 3967 118 40 Nov.
871 3967 81 46 14;
986 3966 81 40 aff.
1100 3967 117 38 Nov.
1251 3967 79 45 11;
1366 3967 39 38 A
1437 3967 170 46 67121;
1643 3967 251 41 University
1954 3968 52 40 of
219 3967 1909 102 Chicago.
422 4021 278 50 (33-33491)
