2582 4453
0 0 0 0 1060
375 460 489 69 Christofferson,
894 463 251 55 Halbert
1177 465 153 64 Carl,
1362 468 173 51 1894-

449 542 308 69 Geometry
806 542 513 68 professionalized
1370 542 95 53 for
1512 544 272 67 teachers,
1829 542 76 68 by
1952 541 250 54 Halbert
2253 542 136 55 Carl

379 621 1172 69 Christoff erson … Oxford, O., 1933.
449 695 61 47 vi,
539 695 87 41 204
651 706 43 37 p.
756 696 180 48 diagrs.
996 696 57 39 24
1056 698 44 22 cm
1106 728 8 9 .

451 752 250 42 “Selected
733 752 396 50 bibliography”:
1161 764 43 38 p.
1235 752 219 44 193-201.

384 821 51 52 ©
468 826 117 47 July
614 824 70 48 10,
715 825 141 42 1933;
889 826 68 40 2c.
989 826 117 47 July
1135 825 83 46 20;
1253 825 81 41 aff.
1368 826 116 47 July
1516 825 81 47 19;

1633 825 40 39 A
1705 824 170 48 64390;
1910 824 59 39 H.
2004 824 48 41 C.
454 822 1924 107 Christoffer-son,
592 882 201 48 Oxford,
830 883 52 41 O.
954 883 283 49 (33-19362)

377 984 154 67 Cole,
559 987 127 64 Fay
713 988 242 63 Cooper,
985 991 173 51 1881-

385 1060 1982 150 … The long road from savagery to civilization, by Fay-Cooper
637 1141 1755 71 Cole … Baltimore, The Williams & Wilkins company
385 1218 59 55 in
470 1220 358 68 cooperation
857 1220 141 55 with
1024 1222 95 55 the
1148 1220 254 71 Century
1429 1221 64 55 of
1518 1239 263 51 progress
1807 1219 338 70 exposition,
2173 1222 150 52 1933.

453 1292 65 48 xi,
548 1293 89 41 100
662 1305 42 37 p.
764 1294 129 42 illus.
950 1294 55 40 19
1009 1297 43 21 cm
1058 1327 7 7 .
1135 1294 65 48 (A
1228 1297 204 47 century
1463 1297 50 38 of
1544 1305 225 39 progress
1799 1294 176 48 series)

455 1350 379 50 Bibliography:
868 1363 43 37 p.
944 1350 188 43 99-100.

385 1422 51 52 ©
464 1427 129 40 June
614 1426 70 48 30,
710 1426 114 41 1933;
880 1427 65 40 2c.
973 1427 116 47 July
1115 1427 81 41 14;
1226 1426 82 41 aff.
1335 1427 117 47 July
1478 1426 81 40 13:
1588 1426 43 39 A
1655 1425 171 46 63593;
1855 1425 244 41 Williams
2126 1426 38 40 &
2186 1424 212 41 Wilkins

454 1495 68 29 co.
594 1484 282 48 (33-19334)

379 1587 234 65 Combs,
642 1588 224 54 Robert
894 1588 278 56 Thomas.

452 1664 132 54 You
626 1684 94 36 are
760 1666 142 68 king
966 1667 94 67 [by]
1105 1667 219 53 Robert
1363 1667 250 53 Thomas
1655 1667 226 55 Combs.
1961 1665 118 56 San
2119 1666 275 66 Antonio,

378 1742 222 70 Naylor
632 1744 265 68 printing
926 1764 300 49 company,
1257 1749 153 49 1933.

455 1817 1271 49 xxiv p., 1 l., 127 p. front. (port.) illus. 21 cm .
386 1887 51 52 ©
466 1891 117 47 July
610 1892 39 46 1,
678 1891 141 46 1933;
849 1892 68 39 2c.
945 1892 95 38 and
1069 1890 82 40 aff.
1180 1891 117 48 July
1325 1892 81 45 17;
1437 1892 41 38 A
1506 1890 171 48 64366;
1707 1891 185 48 Naylor
1919 1890 221 49 printing
2165 1901 67 30 co.

465 1948 282 48 (33-19672)

381 2048 388 60 Connecticut
808 2058 180 65 poets,
1026 2071 72 36 an
1137 2053 314 70 anthology
1490 2053 64 54 of
1592 2056 64 51 88
1695 2053 510 70 contemporaries;
453 2053 1919 133 foreword
655 2133 75 68 by

771 2133 179 55 Lucia
993 2134 183 53 Trent
1214 2134 115 53 and
1371 2134 196 68 Ralph
1612 2132 299 70 Cheyney;
1958 2133 190 54 edited
2187 2133 76 70 by
2305 2133 96 53 the

453 2210 174 55 house
659 2211 65 54 of
755 2211 208 70 Henry
993 2212 308 69 Harrison,
1334 2212 312 69 publisher.
1722 2212 141 53 New
1898 2211 164 54 York
2101 2246 14 34 [
2119 2219 19 22 c
2142 2214 153 65 1932]

451 2285 86 42 288
569 2297 42 37 p.
673 2285 55 40 23
732 2288 44 21 cm
782 2318 8 8 .

389 2339 52 52 ©
471 2344 101 40 Oct.
602 2344 68 42 16.
701 2344 140 41 1932:
873 2344 65 40 2c.
969 2344 117 47 July
1114 2344 69 40 27.
1214 2343 141 47 1933;
1387 2343 82 41 aff.
1500 2344 117 48 July
1644 2344 83 46 28;
1758 2345 43 38 A
1829 2341 171 45 64559;
2032 2344 169 48 Henry

458 2342 1926 106 Harrison,
588 2402 117 39 New
735 2401 144 39 York.
952 2400 281 49 (33-19637)

382 2505 243 62 Cowles,
652 2508 140 53 Mrs.
820 2506 270 53 Barbara
1125 2505 367 65 (Pehotsky)

458 2584 496 67 Bibliographers’
990 2585 259 67 glossary
1286 2583 64 54 of
1387 2584 229 68 foreign
1653 2584 188 53 words
1877 2584 114 54 and
2027 2582 265 70 phrases;
2331 2601 71 35 an

385 2662 272 69 alphabet
690 2663 64 53 of
787 2668 175 48 terms
993 2663 62 52 in
1087 2662 486 70 bibliographical
1609 2663 114 54 and
1755 2662 315 54 booktrade
2103 2680 115 51 use,
388 2680 1984 129 compiled
575 2741 153 53 from
758 2747 217 63 twenty
1004 2743 314 67 languages

1347 2742 75 67 by
1454 2742 261 53 Barbara
1749 2740 236 56 Cowles.
2051 2742 140 53 New
2222 2739 181 60 York,

384 2820 70 53 R.
484 2820 68 52 R.
584 2818 246 55 Bowker
860 2838 300 50 company,
1193 2823 152 50 1933.

457 2894 736 49 3 p. l., 82 numb. 1. 27½c m .
463 2952 467 49 “Photo-lithoprint
961 2952 52 41 of
1042 2952 219 41 author’s
1293 2963 108 30 own
1431 2951 563 49 manuscript.”—Verso
2025 2952 54 40 of
2108 2952 76 40 1st
2215 2951 187 50 prelim,

384 3009 114 41 leaf.

393 3063 51 52 ©
476 3067 117 48 July
624 3067 68 46 18,
724 3067 115 40 1933;
898 3067 67 40 2c.
997 3067 119 47 July
1143 3066 83 41 24;
1261 3065 80 41 aff.
1375 3066 117 48 July
1524 3065 81 42 22;
1640 3067 40 38 A
1713 3066 170 47 63676;
1918 3066 56 44 It.
2007 3067 55 40 It.
2095 3067 206 40 Bowker
2332 3076 66 32 co.

475 3124 281 48 (33-19511)

391 3229 140 67 [Cox
560 3228 289 65 Anthony
874 3226 309 70 Berkeley]
1220 3231 172 50 1893-

520 3307 1880 70 … Dead Mrs. Stratton, an exploit of Mr. Roger Sheringham
451 3386 1948 70 … Garden City, N. Y., Pub. for the Crime club, inc., by
386 3465 360 68 Doubleday,
772 3467 200 52 Doran
999 3469 44 49 &
1070 3484 298 51 company,
1397 3467 124 58 inc.,
1553 3469 149 51 1933.

458 3541 985 49 4 p. l., vii-xiv p., 1 l., 296 p. 20½ cm .
461 3598 231 40 Author's
722 3600 179 46 pseud.,
930 3599 230 48 Anthony
1189 3599 252 48 Berkeley,
1471 3601 51 38 at
1551 3599 125 39 head
1705 3598 54 41 of
1786 3597 122 41 title.

461 3656 161 39 “First
656 3655 227 40 edition.”

394 3709 51 53 ©
477 3713 119 49 Aug.
626 3713 40 47 2,
698 3712 113 40 1933;
871 3713 67 40 2c.
969 3713 95 39 and
1095 3712 83 40 aff.
1209 3713 118 48 Aug.
1360 3711 53 48 9;
1447 3713 39 38 A
1518 3711 169 41 64672:
1725 3712 297 48 Doubleclay,
2055 3712 166 39 Doran
2254 3710 37 40 &
2319 3718 83 33 co.,

462 3770 91 43 inc.
627 3770 282 49 (33-27254)

388 3874 239 65 Cragin,
656 3875 177 53 Ethel
860 3876 329 62 Raymond.

460 3951 122 52 The
609 3952 215 52 hidden
852 3958 273 62 treasure,
1153 3953 74 68 by
1256 3953 174 53 Ethel
1457 3953 306 68 Raymond
1794 3952 248 67 Cragin;
2072 3949 327 55 illustrated

388 4027 76 72 by
496 4029 246 54 Eulalie.
811 4031 111 53 Los
954 4030 268 69 Angeles,
1259 4031 118 55 San
1412 4031 325 57 Francisco,
1773 4030 389 56 Suttonhouse
2199 4062 12 35 [
2217 4035 17 21 c
2242 4030 152 64 1932]
