2568 4328
1395 4096 65 50 10

413 421 442 67 Montgomery,
887 421 377 55 Rutherford
1295 421 251 65 George,
1578 425 172 51 1896-

486 499 131 57 Call
642 499 64 55 of
729 499 98 54 the
851 498 178 73 West,
1053 500 77 68 by
1154 497 69 54 R.
1253 497 68 56 G.
1348 497 423 70 Montgomery.
1836 497 138 55 New
2004 498 180 69 York,
2213 498 234 58 Grosset

412 581 46 51 &
490 579 238 70 Dunlap
766 614 14 34 [
784 586 19 22 c
808 582 136 50 1933
949 612 14 35 ]

483 650 587 52 3 p. l., 242 p. 19½ cm .
417 709 1915 53 © Jan. 3, 1933; 2c. and aff. Jan. 5; A 58668; Grosset & Dunlap, inc.
497 770 224 50 (33-638)

413 881 219 66 North,
662 880 286 65 Sterling.

482 957 381 54 Midsummer
885 956 281 69 madness,
1189 955 76 69 by
1290 954 262 70 Sterling
1574 954 206 54 North.
1842 954 138 54 New
2006 954 182 69 York,
2212 954 235 57 Grosset

411 1039 47 51 &
491 1037 238 69 Dunlap
767 1071 14 34 [
786 1044 18 21 c
809 1039 135 50 1933
950 1070 14 34 ]

481 1107 590 52 3 p. l., 218 p. 19½ cm .
417 1167 53 52 ©
499 1171 112 40 Jan.
637 1170 41 48 3,
706 1169 142 49 1933;
878 1167 71 44 2c.
975 1170 96 39 and
1100 1167 85 43 aff.
1212 1168 111 41 Jan.
1352 1168 54 48 5;
1435 1167 45 40 A
1505 1167 174 49 58670;
1712 1167 46 42 S.
1786 1167 174 50 North,
1991 1167 225 50 Chicago.

496 1228 225 49 (33-647)

412 1334 155 57 Ohio
615 1336 469 70 jurisprudence;
1138 1355 32 34 a
1220 1335 284 70 complete
1551 1339 308 50 statement
1908 1335 64 54 of
2020 1336 98 53 the
2163 1337 113 54 law
2326 1334 115 54 and

483 1416 256 70 practice
768 1416 64 53 of
863 1417 100 52 the
994 1422 148 47 state
1172 1415 65 54 of
1271 1416 171 68 Ohio,
1475 1414 142 54 with
1651 1415 200 53 forms.
1929 1415 213 54 Editor
2173 1415 62 54 in
2268 1415 174 71 chief,

481 1496 199 54 Willis
707 1497 72 53 A.
809 1494 255 68 Estrich,
1093 1494 329 69 consulting
1450 1494 207 69 editor,
1685 1494 266 57 William
1978 1496 81 52 M.
2089 1495 353 70 McKinney,

481 1574 322 71 managing
860 1575 205 69 editor,
1123 1575 226 70 George
1410 1573 58 57 S.
1529 1573 230 58 Gulick.
1835 1595 51 34 v.
1946 1577 86 52 23.
2071 1576 252 54 Interest
2380 1581 60 50 to

482 1655 371 70 Judgments.
929 1655 329 69 Rochester,
1303 1657 73 53 N.
1422 1657 94 67 Y.,
1563 1656 124 53 The
1733 1656 273 69 Lawyers
2053 1655 388 71 co-operative

481 1734 344 70 publishing
854 1754 303 50 company,
1189 1738 153 50 1932.

482 1810 729 50 viii p., 1 l., 1514 p. 24½ cm .
416 1865 53 52 ©
504 1869 112 40 Dec.
653 1868 70 47 30,
760 1867 115 41 1932;
940 1867 68 42 2c.
1044 1868 112 40 Jan.
1190 1868 42 48 4,
1268 1867 143 48 1933;
1450 1866 85 43 aff.
1571 1867 112 41 Jan.
1719 1867 55 49 5;
1812 1867 43 40 A
1890 1867 174 49 57817;
2102 1867 236 49 Lawyers
484 1879 1941 96 cooperative
764 1925 111 49 pub.
905 1937 69 29 co.

410 2037 155 55 Ohio
598 2036 458 70 jurisprudence.
1135 2035 369 56 Cumulative
1539 2037 367 68 supplement[s]
2016 2041 60 49 to
2110 2055 54 35 v.
2201 2040 138 50 1-22
2378 2079 57 11 …

482 2116 332 69 Rochester,
840 2118 71 53 N.
941 2118 93 67 Y.,
1060 2117 125 52 The
1210 2118 274 67 Lawyers
1511 2116 388 69 co-operative
1924 2116 342 70 publishing
481 2135 1935 130 company,
689 2199 153 51 1932.

480 2271 60 40 22
567 2283 44 29 v.
667 2270 59 41 24
728 2273 45 21 cm
778 2304 9 8 .

481 2327 302 42 Cover-title.

483 2386 160 41 These
672 2384 282 51 pamphlets
980 2395 88 30 are
1097 2386 52 40 to
1178 2385 60 39 be
1265 2384 142 41 fitted
1437 2383 110 41 into
1576 2384 83 41 the
1689 2384 203 49 pockets
1921 2386 54 39 at
2006 2384 84 41 the
2120 2383 125 41 back
2277 2385 52 40 of
2360 2385 83 41 the

412 2443 220 40 volumes
658 2443 52 40 of
736 2443 84 40 the
846 2444 74 38 set
947 2444 49 38 to
1023 2441 161 41 which
1211 2442 117 48 they
1354 2440 188 49 belong.

415 2495 53 55 ©
494 2500 115 41 Dec.
632 2499 70 50 30,
728 2498 143 47 1932;
898 2499 67 41 2c.
989 2498 123 41 each
1137 2498 111 42 Jan.
1272 2499 42 48 4,
1339 2497 145 49 1933;
1512 2497 83 42 aff.
1621 2499 112 40 Jan.
1760 2498 54 48 5;
1842 2499 42 39 A
1910 2498 173 48 57816;
2111 2499 232 49 Lawyers
484 2509 1939 97 cooperative
764 2557 110 48 pub.
903 2566 70 31 co.

1038 2553 351 53 [©additions
1416 2557 96 39 and
1542 2556 256 50 revisions]

410 2662 244 68 Olivier,
685 2661 205 57 Edith.

485 2783 58 11 …
602 2740 114 55 Mr.
774 2738 371 56 Chilvester’s
1200 2739 332 69 daughters.
1608 2740 140 53 New
1804 2739 183 69 York,
2041 2740 123 53 The
2218 2740 225 70 Viking

408 2838 178 50 press,
618 2822 154 51 1933.

480 2892 601 51 4 p. l., 3-313 p. 20 cm .
415 2946 52 54 ©
500 2952 113 40 Jan.
640 2950 40 49 6,
712 2949 143 50 1933;
886 2950 68 41 2c.
987 2950 113 41 Jan.
1130 2948 54 50 9;
1216 2949 82 42 aff.
1331 2949 112 42 Jan.
1475 2951 54 47 7;
1561 2950 44 39 A
1633 2949 174 49 58756;
1841 2950 183 49 Viking
2051 2958 152 41 press,
2234 2951 94 41 inc.

494 3007 224 50 (33-972)

415 3119 220 69 [Owen,
665 3119 221 68 Frank]
923 3124 173 50 1893-

484 3197 125 54 The
661 3198 248 53 damned
963 3198 176 68 lover,
1192 3195 77 69 by
1321 3197 251 54 Roswell
1623 3196 292 57 Williams
1992 3198 216 68 [pseud.]
2289 3198 139 55 New

411 3275 1217 70 York, The Macaulay company [ c 1933]
482 3350 90 41 256
601 3361 42 38 p.
705 3350 56 41 19½
793 3352 46 22 cm
843 3382 8 9 .

415 3403 53 55 ©
497 3410 112 40 Jan.
634 3409 40 48 3,
702 3407 144 49 1933;
874 3408 69 41 2c.
970 3408 112 41 Jan.
1110 3409 53 48 6;
1193 3408 83 41 aff.
1306 3408 111 42 Jan.
1446 3408 54 48 5;
1531 3408 41 40 A
1599 3408 173 49 58730;
1804 3409 265 48 Macaulay
2094 3419 69 31 co.

498 3465 223 50 (33-780)

410 3570 248 66 Parker,
686 3571 157 54 John
870 3572 188 65 Scott,
1088 3572 85 53 ed.

483 3648 124 53 The
651 3649 367 69 corporation
1063 3650 263 68 manual;
1374 3654 291 64 statutory
1710 3648 327 71 provisions
2081 3649 252 71 relating
2375 3654 61 49 to

411 3729 100 52 the
539 3728 418 70 organization,
985 3731 328 67 regulation
1343 3730 114 53 and
1488 3729 264 55 taxation
1781 3729 64 54 of
1875 3730 275 56 domestic
2178 3729 257 55 business

413 3807 415 68 corporations,
860 3809 113 52 and
1003 3814 59 47 to
1090 3809 98 53 the
1217 3808 331 69 admission,
1577 3809 326 69 regulation
1935 3809 114 54 and
2076 3809 265 55 taxation
2369 3809 65 55 of

413 3884 231 71 foreign
678 3887 256 54 business
968 3888 414 68 corporations,
1416 3888 62 52 in
1509 3889 97 53 the
1639 3890 219 52 several
1890 3893 192 65 states,
2115 3888 320 55 territories

415 3966 114 53 and
562 3966 259 55 districts
850 3967 65 53 of
946 3967 97 54 the
1075 3966 220 56 United
1328 3967 211 69 States,
1572 3968 286 70 arranged
1891 3969 182 53 under
2108 3988 32 34 a
2173 3968 261 55 uniform
