2484 4405
1069 4118 133 49 1520

126 466 327 68 Anderson,
485 470 243 52 Forrest
756 466 239 66 Nelson,
1028 470 172 49 1894-

260 539 1863 79 … A study of triplets, including theories of their possible
128 624 219 70 genetic
384 624 432 67 relationships;
859 625 152 52 from
1047 624 96 54 the
1182 622 172 58 Child
1392 623 278 68 guidance
1710 621 167 54 clinic
1914 621 64 53 of
2014 624 110 51 Los

129 703 246 67 Angeles
412 704 111 52 and
558 703 295 54 Pasadena
889 703 113 53 and
1035 702 96 52 the
1165 703 379 66 Department
1580 699 63 54 of
1679 700 349 68 psychology
2063 699 61 54 of

128 780 95 54 the
246 779 337 69 University
605 781 67 52 of
694 781 287 56 Southern
1007 778 344 67 California,
1372 780 76 65 by
1470 780 235 52 Forrest
1729 780 71 51 N.
1823 778 299 54 Anderson

129 851 1966 159 and Norma V. Scheidemann … Worcester, Mass., Clark university, c 1933.
201 1019 42 39 p.
288 1011 186 40 93-176.
549 1010 126 41 illus.
706 1009 132 48 (incl.
885 1008 173 51 ports.)
1113 1008 179 50 diagrs.
1366 1008 55 40 25
1425 1011 42 21 cm
1474 1041 8 8 .
1566 1007 225 49 (Genetic
1835 1008 289 49 psychology

130 1064 866 53 monographs … vol. XIV, no. 2)
200 1121 376 44 “References”:
610 1135 43 37 p.
685 1124 217 42 171-173.

131 1175 1645 58 © Oct. 2, 1933; 2c. Oct. 5; aff. Oct. 7; A 66522: Clark univ.
209 1236 279 50 (33-32372)

128 1335 228 68 Angell,
386 1340 99 53 Sir
514 1340 283 65 Norman,
832 1338 169 56 1874-

199 1413 329 57 Patriotism
582 1434 192 38 versus
820 1416 261 56 welfare:
1133 1436 72 34 an
1252 1421 217 50 extract
1519 1416 148 55 from
1718 1417 155 52 “The
1924 1434 200 42 unseen

129 1492 318 69 assassins”,
469 1494 75 68 by
568 1494 255 55 Norman
847 1494 226 69 Angell.
1134 1494 137 55 New
1300 1495 178 68 York,
1502 1495 166 54 Press
1690 1497 66 51 of
1777 1496 98 53 the
1899 1495 229 69 Woolly

129 1570 178 53 whale
345 1573 161 67 [priv.
543 1571 193 70 print.]
775 1575 148 51 1932.

197 1641 914 53 2 p. l., vii p.. 1 l., 32 p., 1 l. 20 cm .
197 1698 229 42 “Printed
451 1712 60 28 on
537 1701 51 40 T.
616 1702 43 39 J.
685 1702 204 47 Worthy
913 1710 161 38 paper.
1134 1702 94 40 For
1255 1704 190 47 private
1471 1702 316 44 distribution
1814 1706 154 46 only.”

196 1755 258 42 Foreword
484 1758 61 47 by
575 1758 205 40 Melbert
808 1760 53 39 B.
893 1757 140 48 Cary,
1062 1760 62 46 jr.

132 1811 2000 59 © Sept. 18, 1933; 2c. Oct. 2; aff. Oct. 20: A 65734; Melbert B. Cary, jr.,
201 1873 117 41 New
350 1874 145 41 York.
576 1870 51 53 [©
661 1873 259 51 foreword]
993 1875 281 48 (33-32032)

129 1969 211 65 Ayers,
370 1970 208 66 Minny
606 1972 178 52 Maud
815 1971 133 54 Hanff.

199 2045 175 55 What
403 2064 233 38 manner
666 2047 62 52 of
755 2048 141 66 love,
925 2049 201 67 simple
1154 2066 167 50 songs
1352 2049 63 51 of
1445 2068 206 51 prayer
1681 2051 110 52 and
1824 2053 201 68 praise,
2057 2054 70 67 by

130 2122 204 70 Minny
363 2124 78 51 M.
477 2124 74 51 H.
590 2124 194 68 Ayers.
853 2124 71 53 2d
955 2143 84 34 ed.
1109 2125 136 55 New
1281 2126 179 66 York,
1491 2127 121 54 The
1643 2129 168 68 Mary
1848 2131 63 52 B.
1951 2132 181 67 Ayers

130 2203 378 66 press [ c 1933]
198 2272 86 40 112
318 2283 42 37 p.
423 2273 55 40 20
481 2275 43 21 cm
531 2306 7 8 .

134 2328 53 52 ©
220 2334 116 46 July
367 2333 67 46 10,
467 2332 140 48 1933;
642 2334 66 40 2c.
745 2334 127 48 Sept.
905 2335 56 39 20;
1098 2367 9 8 aff.
1143 2336 101 41 Oct.
1277 2337 83 40 28:
1395 2338 42 38 A
1470 2338 170 44 66853;
1677 2341 60 38 M.
1774 2343 60 37 M.
1871 2342 58 38 H.
1965 2344 166 41 Avers,

203 2390 117 40 New
345 2391 144 39 York.
561 2390 279 49 (33-32405)

193 2489 1726 66 … The Bahá’í world; a biennial international record.
201 2500 1905 144 Prepared
406 2570 181 54 under
613 2572 95 52 the
734 2570 357 71 supervision
1119 2573 63 54 of
1207 2573 96 55 the
1330 2575 273 55 National
1628 2579 271 69 spiritual
203 2595 1901 127 assembly
335 2649 63 52 of
432 2650 97 52 the
565 2649 233 53 Baha’is
836 2650 63 53 of
933 2652 95 52 the
1063 2652 219 54 United
1323 2654 186 54 States
1549 2657 112 52 and
1702 2658 251 70 Canada,
1990 2663 139 52 with

203 2726 96 53 the
328 2728 278 68 approval
637 2728 62 52 of
732 2727 214 71 Shoghi
983 2726 249 56 Effendi.
1309 2732 241 54 Volume
1645 2778 9 10 IV.
1732 2737 64 54 87
1828 2739 112 54 and
1972 2744 64 49 88
2068 2743 63 52 of

204 2805 94 52 the
344 2804 180 53 Bahá’í
593 2824 109 33 era.
795 2805 174 70 April
1015 2811 311 50 1930-1932
1412 2856 10 9 A.
1506 2854 7 8 D.
1608 2814 139 53 New
1791 2818 163 52 York
1997 2820 133 69 city.

203 2882 181 53 Bahá’í
436 2882 339 70 publishing
804 2883 340 70 committee,
1176 2889 151 53 1933.

202 2956 116 47 xvii,
359 2958 84 39 547
482 2967 44 38 p.
594 2958 163 46 front.,
798 2958 129 41 illus.
957 2959 133 48 (incl.
1133 2961 162 47 ports.,
1336 2962 242 50 facsims.)
1628 2965 118 42 fold,
1788 2969 153 42 chart,
1984 2982 150 37 maps.

128 3014 55 39 25
187 3014 43 23 cm
234 3045 8 8 .

202 3069 236 42 Contains
466 3069 164 41 music.

136 3121 1996 68 © May 16, 1933; 2c. Nov. 9; aff. Nov. 10: A 66974; Natl. spiritual
203 3182 1935 61 assembly of the Bahá’ís of the United States and Canada, West
203 3239 304 47 Englewood,
539 3240 55 39 N.
628 3241 44 39 J.

134 3330 351 64 Ballantine,
516 3332 206 61 Henry
751 3329 333 66 Winthrop.

206 3405 326 56 California
576 3407 363 67 corporation
983 3410 156 52 laws.
1217 3413 132 50 1933
1394 3416 377 70 supplement,
1814 3422 74 66 by
1930 3427 202 66 Henry

134 3482 1998 84 Winthrop Ballantine … and Graham L. Sterling, jr. … Los
138 3563 263 68 Angeles,
426 3561 237 63 Parker,
688 3562 174 55 Stone
888 3566 46 52 &
960 3563 184 54 Baird
1169 3584 80 37 co.
1281 3601 12 34 [
1299 3574 19 21 c
1323 3571 133 50 1933
1461 3602 13 34 ]

202 3636 113 42 xvii,
349 3636 88 39 415
470 3647 43 37 p.
577 3636 28 39 26
634 3638 46 20 cm
685 3668 7 7 .

139 3689 51 53 ©
224 3694 118 40 Nov.
376 3693 40 45 3,
452 3692 140 47 1933;
630 3692 66 40 2c.
731 3692 117 38 Nov.
885 3693 82 40 13;
1004 3693 82 41 aff.
1123 3694 116 40 Nov.
1277 3697 47 38 11;
1399 3698 37 39 A
1472 3700 136 41 67081;
1683 3705 197 52 Parker,
1920 3711 145 43 Stone
2102 3719 35 39 &

204 3749 152 42 Baird
389 3761 65 29 co.

136 3839 239 65 Bayley,
407 3841 227 62 Nancy,
669 3840 171 51 1899-

138 3913 1970 154 … Mental growth during the first three years; a developmental study
574 3994 65 53 of
665 3994 286 68 sixty-one
977 3996 254 55 children
1262 3999 77 67 by
1366 4006 266 64 repeated
1660 4012 164 68 tests;
1860 4015 148 60 from
2039 4023 96 54 the
