<alto xmlns="http://www.loc.gov/standards/alto/ns-v3#" xmlns:xlink="http://www.w3.org/1999/xlink" xmlns:xsi="http://www.w3.org/2001/XMLSchema-instance" xsi:schemaLocation="http://www.loc.gov/standards/alto/ns-v3# http://www.loc.gov/alto/v3/alto-3-0.xsd"><Description>
<MeasurementUnit>pixel</MeasurementUnit>
<sourceImageInformation>
<fileName>1933_v1_Part1.pdf</fileName>
</sourceImageInformation>
<OCRProcessing ID="IdOcr">
<ocrProcessingStep>
<processingDateTime>2019-01-03</processingDateTime>
<processingSoftware>
<softwareCreator>ABBYY</softwareCreator>
<softwareName>ABBYY Recognition Server</softwareName>
<softwareVersion>4.0</softwareVersion>
</processingSoftware>
</ocrProcessingStep>
</OCRProcessing>
</Description>
<Styles>
<ParagraphStyle ID="StyleId-FFFFFFFF-FFFF-FFFF-FFFF-FFFFFFFFFFFF-" ALIGN="Left" LEFT="0." RIGHT="0." FIRSTLINE="0."/>
<ParagraphStyle ID="StyleId-6EF5737A-DCEB-4126-A0CF-C5930BF7166A-" ALIGN="Left" LEFT="0." RIGHT="0." FIRSTLINE="0." LINESPACE="8.300000191"/>
<ParagraphStyle ID="StyleId-2DE44258-FD0B-41E1-B542-087C989B01A3-" ALIGN="Left" LEFT="0." RIGHT="0." FIRSTLINE="0." LINESPACE="12.19999981"/>
<ParagraphStyle ID="StyleId-CE3D254A-29D7-4DD7-B5F1-E0FC0EF29B05-" ALIGN="Left" LEFT="0." RIGHT="0." FIRSTLINE="-14." LINESPACE="8.619999886"/>
<ParagraphStyle ID="StyleId-C0E3A137-CE4F-4287-8A90-B599106709D0-" ALIGN="Left" LEFT="0." RIGHT="0." FIRSTLINE="-14." LINESPACE="12.19999981"/>
<ParagraphStyle ID="StyleId-50F26F0C-05DA-4C19-BA58-7A6AC4499BEE-" ALIGN="Left" LEFT="0." RIGHT="0." FIRSTLINE="-14." LINESPACE="11.06999969"/>
<ParagraphStyle ID="StyleId-5DDE65AF-512C-41E2-9B8E-095D6D99EF68-" ALIGN="Center" LEFT="0." RIGHT="0." FIRSTLINE="0." LINESPACE="11.89999962"/>
<ParagraphStyle ID="StyleId-0A81D7A5-6A62-4C52-915E-7768974C704D-" ALIGN="Left" LEFT="0." RIGHT="0." FIRSTLINE="0." LINESPACE="9.399999619"/>
<ParagraphStyle ID="StyleId-F7A0127F-6B48-4157-BB81-FE33E1E1A05B-" ALIGN="Block" LEFT="0." RIGHT="0." FIRSTLINE="-13." LINESPACE="10.63000011"/>
<ParagraphStyle ID="StyleId-E18C69F7-DBD7-48B1-805C-FCD96D0DA019-" ALIGN="Left" LEFT="0." RIGHT="0." FIRSTLINE="0." LINESPACE="11.64000034"/>
<ParagraphStyle ID="StyleId-98F15501-B611-4E83-8BB3-807E891F11F5-" ALIGN="Left" LEFT="0." RIGHT="0." FIRSTLINE="-14." LINESPACE="12.19999981"/>
<ParagraphStyle ID="StyleId-F4A78626-0BBC-4D12-94D9-A1AE75A9855F-" ALIGN="Left" LEFT="0." RIGHT="0." FIRSTLINE="0." LINESPACE="9.399999619"/>
<ParagraphStyle ID="StyleId-6A3F6F4C-D21B-4ADE-902F-7683F18ECEF3-" ALIGN="Left" LEFT="0." RIGHT="0." FIRSTLINE="0." LINESPACE="11.10000038"/>
</Styles>
<Layout>
<Page ID="Page1294" PHYSICAL_IMG_NR="1294" HEIGHT="4453" WIDTH="2582">
<TopMargin HEIGHT="458" WIDTH="2582" VPOS="0" HPOS="0">
</TopMargin>
<LeftMargin HEIGHT="3650" WIDTH="358" VPOS="458" HPOS="0">
</LeftMargin>
<RightMargin HEIGHT="3650" WIDTH="166" VPOS="458" HPOS="2416">
</RightMargin>
<BottomMargin HEIGHT="345" WIDTH="2582" VPOS="4108" HPOS="0">
<TextBlock ID="Page1294_Block1" HEIGHT="72" WIDTH="160" VPOS="4142" HPOS="1298" LANG="en-US" STYLEREFS="StyleId-33BAABFA-BA78-4605-9D26-C63E2BEB83FF-">
<TextLine HEIGHT="51" WIDTH="138" VPOS="4152" HPOS="1309">
<String CONTENT="1294" HEIGHT="51" WIDTH="138" VPOS="4152" HPOS="1309"/>
</TextLine>
</TextBlock>
<GraphicalElement ID="Page1294_Block2" HEIGHT="345" WIDTH="24" VPOS="4108" HPOS="2558"/>
</BottomMargin>
<PrintSpace HEIGHT="3650" WIDTH="2058" VPOS="458" HPOS="358">
<TextBlock ID="Page1294_Block3" HEIGHT="3650" WIDTH="2058" VPOS="458" HPOS="358" LANG="en-US" CS="1" STYLEREFS="StyleId-E2DC188B-8263-4833-8CA3-6E0C404CF991-">
<TextLine HEIGHT="65" WIDTH="857" VPOS="468" HPOS="381" STYLEREFS="StyleId-CD8BAA2E-5EFE-4A36-91F1-26F440C4E641-">
<String CONTENT="Seibert," HEIGHT="65" WIDTH="253" VPOS="468" HPOS="381"/>
<SP HEIGHT="64" WIDTH="29" VPOS="469" HPOS="635"/>
<String CONTENT="Kenneth" HEIGHT="52" WIDTH="280" VPOS="469" HPOS="665"/>
<SP HEIGHT="54" WIDTH="31" VPOS="468" HPOS="946"/>
<String CONTENT="Seward." HEIGHT="54" WIDTH="260" VPOS="468" HPOS="978"/>
</TextLine>
<TextLine HEIGHT="68" WIDTH="1947" VPOS="545" HPOS="445">
<String CONTENT="My" HEIGHT="67" WIDTH="103" VPOS="546" HPOS="445"/>
<SP HEIGHT="48" WIDTH="24" VPOS="565" HPOS="549"/>
<String CONTENT="candelabra;" HEIGHT="67" WIDTH="372" VPOS="546" HPOS="574"/>
<SP HEIGHT="66" WIDTH="25" VPOS="547" HPOS="947"/>
<String CONTENT="including" HEIGHT="68" WIDTH="304" VPOS="545" HPOS="973"/>
<SP HEIGHT="67" WIDTH="24" VPOS="546" HPOS="1278"/>
<String CONTENT="daily" HEIGHT="67" WIDTH="164" VPOS="545" HPOS="1303"/>
<SP HEIGHT="48" WIDTH="21" VPOS="564" HPOS="1468"/>
<String CONTENT="scripture" HEIGHT="67" WIDTH="285" VPOS="545" HPOS="1490"/>
<SP HEIGHT="34" WIDTH="23" VPOS="564" HPOS="1776"/>
<String CONTENT="reading," HEIGHT="67" WIDTH="258" VPOS="545" HPOS="1800"/>
<SP HEIGHT="61" WIDTH="25" VPOS="551" HPOS="2059"/>
<String CONTENT="the" HEIGHT="52" WIDTH="94" VPOS="546" HPOS="2085"/>
<SP HEIGHT="50" WIDTH="28" VPOS="548" HPOS="2180"/>
<String CONTENT="Bible," HEIGHT="65" WIDTH="183" VPOS="546" HPOS="2209"/>
</TextLine>
<TextLine HEIGHT="69" WIDTH="2018" VPOS="622" HPOS="374">
<String CONTENT="one" HEIGHT="34" WIDTH="102" VPOS="643" HPOS="374"/>
<SP HEIGHT="33" WIDTH="36" VPOS="644" HPOS="477"/>
<String CONTENT="minute" HEIGHT="53" WIDTH="218" VPOS="624" HPOS="514"/>
<SP HEIGHT="33" WIDTH="34" VPOS="644" HPOS="733"/>
<String CONTENT="reviews" HEIGHT="53" WIDTH="235" VPOS="624" HPOS="768"/>
<SP HEIGHT="33" WIDTH="33" VPOS="644" HPOS="1004"/>
<String CONTENT="of" HEIGHT="53" WIDTH="63" VPOS="624" HPOS="1038"/>
<SP HEIGHT="52" WIDTH="34" VPOS="624" HPOS="1102"/>
<String CONTENT="the" HEIGHT="52" WIDTH="94" VPOS="624" HPOS="1137"/>
<SP HEIGHT="52" WIDTH="36" VPOS="624" HPOS="1232"/>
<String CONTENT="books" HEIGHT="53" WIDTH="175" VPOS="623" HPOS="1269"/>
<SP HEIGHT="34" WIDTH="35" VPOS="643" HPOS="1445"/>
<String CONTENT="of" HEIGHT="53" WIDTH="64" VPOS="624" HPOS="1481"/>
<SP HEIGHT="53" WIDTH="33" VPOS="624" HPOS="1546"/>
<String CONTENT="the" HEIGHT="53" WIDTH="95" VPOS="624" HPOS="1580"/>
<SP HEIGHT="51" WIDTH="39" VPOS="625" HPOS="1676"/>
<String CONTENT="Bible," HEIGHT="68" WIDTH="184" VPOS="622" HPOS="1716"/>
<SP HEIGHT="62" WIDTH="35" VPOS="628" HPOS="1901"/>
<String CONTENT="100" HEIGHT="50" WIDTH="100" VPOS="626" HPOS="1937"/>
<SP HEIGHT="52" WIDTH="35" VPOS="624" HPOS="2038"/>
<String CONTENT="important" HEIGHT="67" WIDTH="318" VPOS="624" HPOS="2074"/>
</TextLine>
<TextLine HEIGHT="131" WIDTH="1990" VPOS="702" HPOS="378" CS="1">
<String CONTENT="Bible" HEIGHT="53" WIDTH="163" VPOS="703" HPOS="378"/>
<SP HEIGHT="35" WIDTH="25" VPOS="721" HPOS="542"/>
<String CONTENT="characters," HEIGHT="67" WIDTH="340" VPOS="703" HPOS="568"/>
<SP HEIGHT="48" WIDTH="26" VPOS="722" HPOS="909"/>
<String CONTENT="chronological" HEIGHT="67" WIDTH="426" VPOS="702" HPOS="936"/>
<SP HEIGHT="52" WIDTH="23" VPOS="703" HPOS="1363"/>
<String CONTENT="outline" HEIGHT="53" WIDTH="217" VPOS="702" HPOS="1387"/>
<SP HEIGHT="33" WIDTH="26" VPOS="722" HPOS="1605"/>
<String CONTENT="of" HEIGHT="53" WIDTH="63" VPOS="702" HPOS="1632"/>
<SP HEIGHT="53" WIDTH="24" VPOS="702" HPOS="1696"/>
<String CONTENT="the" HEIGHT="53" WIDTH="96" VPOS="702" HPOS="1721"/>
<SP HEIGHT="51" WIDTH="26" VPOS="704" HPOS="1818"/>
<String CONTENT="Bible," HEIGHT="66" WIDTH="184" VPOS="702" HPOS="1845"/>
<SP HEIGHT="48" WIDTH="26" VPOS="720" HPOS="2030"/>
<String CONTENT="chronological" HEIGHT="131" WIDTH="1990" VPOS="702" HPOS="378"/>
</TextLine>
<TextLine HEIGHT="66" WIDTH="1873" VPOS="780" HPOS="519">
<String CONTENT="outline" HEIGHT="52" WIDTH="217" VPOS="781" HPOS="519"/>
<SP HEIGHT="35" WIDTH="33" VPOS="799" HPOS="737"/>
<String CONTENT="of" HEIGHT="53" WIDTH="64" VPOS="781" HPOS="771"/>
<SP HEIGHT="52" WIDTH="30" VPOS="781" HPOS="836"/>
<String CONTENT="the" HEIGHT="53" WIDTH="94" VPOS="781" HPOS="867"/>
<SP HEIGHT="54" WIDTH="35" VPOS="780" HPOS="962"/>
<String CONTENT="life" HEIGHT="53" WIDTH="105" VPOS="780" HPOS="998"/>
<SP HEIGHT="35" WIDTH="33" VPOS="799" HPOS="1104"/>
<String CONTENT="of" HEIGHT="54" WIDTH="64" VPOS="780" HPOS="1138"/>
<SP HEIGHT="55" WIDTH="34" VPOS="780" HPOS="1203"/>
<String CONTENT="Christ," HEIGHT="66" WIDTH="216" VPOS="780" HPOS="1238"/>
<SP HEIGHT="47" WIDTH="30" VPOS="799" HPOS="1455"/>
<String CONTENT="miracles" HEIGHT="53" WIDTH="261" VPOS="780" HPOS="1486"/>
<SP HEIGHT="35" WIDTH="32" VPOS="799" HPOS="1748"/>
<String CONTENT="of" HEIGHT="54" WIDTH="64" VPOS="780" HPOS="1781"/>
<SP HEIGHT="55" WIDTH="33" VPOS="780" HPOS="1846"/>
<String CONTENT="Christ," HEIGHT="65" WIDTH="216" VPOS="780" HPOS="1880"/>
<SP HEIGHT="45" WIDTH="36" VPOS="800" HPOS="2097"/>
<String CONTENT="miracles" HEIGHT="54" WIDTH="258" VPOS="780" HPOS="2134"/>
</TextLine>
<TextLine HEIGHT="69" WIDTH="2017" VPOS="858" HPOS="375">
<String CONTENT="of" HEIGHT="52" WIDTH="64" VPOS="859" HPOS="375"/>
<SP HEIGHT="52" WIDTH="31" VPOS="859" HPOS="440"/>
<String CONTENT="the" HEIGHT="52" WIDTH="94" VPOS="860" HPOS="472"/>
<SP HEIGHT="56" WIDTH="35" VPOS="858" HPOS="567"/>
<String CONTENT="Old" HEIGHT="56" WIDTH="116" VPOS="858" HPOS="603"/>
<SP HEIGHT="53" WIDTH="33" VPOS="859" HPOS="720"/>
<String CONTENT="and" HEIGHT="52" WIDTH="112" VPOS="860" HPOS="754"/>
<SP HEIGHT="53" WIDTH="33" VPOS="859" HPOS="867"/>
<String CONTENT="New" HEIGHT="52" WIDTH="141" VPOS="859" HPOS="901"/>
<SP HEIGHT="51" WIDTH="29" VPOS="860" HPOS="1043"/>
<String CONTENT="Testaments," HEIGHT="65" WIDTH="377" VPOS="860" HPOS="1073"/>
<SP HEIGHT="47" WIDTH="31" VPOS="878" HPOS="1451"/>
<String CONTENT="parables" HEIGHT="66" WIDTH="263" VPOS="859" HPOS="1483"/>
<SP HEIGHT="34" WIDTH="33" VPOS="878" HPOS="1747"/>
<String CONTENT="of" HEIGHT="54" WIDTH="63" VPOS="858" HPOS="1781"/>
<SP HEIGHT="56" WIDTH="35" VPOS="858" HPOS="1845"/>
<String CONTENT="Christ," HEIGHT="69" WIDTH="215" VPOS="858" HPOS="1881"/>
<SP HEIGHT="49" WIDTH="35" VPOS="878" HPOS="2097"/>
<String CONTENT="parables" HEIGHT="66" WIDTH="259" VPOS="860" HPOS="2133"/>
</TextLine>
<TextLine HEIGHT="69" WIDTH="2017" VPOS="935" HPOS="376">
<String CONTENT="of" HEIGHT="52" WIDTH="63" VPOS="937" HPOS="376"/>
<SP HEIGHT="52" WIDTH="36" VPOS="937" HPOS="440"/>
<String CONTENT="the" HEIGHT="52" WIDTH="95" VPOS="938" HPOS="477"/>
<SP HEIGHT="56" WIDTH="39" VPOS="935" HPOS="573"/>
<String CONTENT="Old" HEIGHT="56" WIDTH="116" VPOS="935" HPOS="613"/>
<SP HEIGHT="54" WIDTH="35" VPOS="936" HPOS="730"/>
<String CONTENT="Testament," HEIGHT="66" WIDTH="349" VPOS="938" HPOS="766"/>
<SP HEIGHT="61" WIDTH="35" VPOS="943" HPOS="1116"/>
<String CONTENT="table" HEIGHT="54" WIDTH="152" VPOS="936" HPOS="1152"/>
<SP HEIGHT="33" WIDTH="38" VPOS="957" HPOS="1305"/>
<String CONTENT="of" HEIGHT="54" WIDTH="63" VPOS="936" HPOS="1344"/>
<SP HEIGHT="53" WIDTH="36" VPOS="936" HPOS="1408"/>
<String CONTENT="scriptural" HEIGHT="66" WIDTH="312" VPOS="937" HPOS="1445"/>
<SP HEIGHT="51" WIDTH="38" VPOS="938" HPOS="1758"/>
<String CONTENT="weights," HEIGHT="68" WIDTH="259" VPOS="936" HPOS="1797"/>
<SP HEIGHT="45" WIDTH="35" VPOS="958" HPOS="2057"/>
<String CONTENT="measures," HEIGHT="48" WIDTH="300" VPOS="956" HPOS="2093"/>
</TextLine>
<TextLine HEIGHT="68" WIDTH="2016" VPOS="1015" HPOS="378">
<String CONTENT="and" HEIGHT="52" WIDTH="111" VPOS="1016" HPOS="378"/>
<SP HEIGHT="52" WIDTH="27" VPOS="1016" HPOS="490"/>
<String CONTENT="money," HEIGHT="50" WIDTH="222" VPOS="1033" HPOS="518"/>
<SP HEIGHT="46" WIDTH="26" VPOS="1036" HPOS="741"/>
<String CONTENT="every-day" HEIGHT="68" WIDTH="313" VPOS="1015" HPOS="768"/>
<SP HEIGHT="50" WIDTH="26" VPOS="1033" HPOS="1082"/>
<String CONTENT="questions" HEIGHT="67" WIDTH="288" VPOS="1015" HPOS="1109"/>
<SP HEIGHT="34" WIDTH="30" VPOS="1034" HPOS="1398"/>
<String CONTENT="and" HEIGHT="52" WIDTH="112" VPOS="1016" HPOS="1429"/>
<SP HEIGHT="52" WIDTH="28" VPOS="1016" HPOS="1542"/>
<String CONTENT="where" HEIGHT="52" WIDTH="185" VPOS="1016" HPOS="1571"/>
<SP HEIGHT="46" WIDTH="28" VPOS="1022" HPOS="1757"/>
<String CONTENT="to" HEIGHT="46" WIDTH="59" VPOS="1022" HPOS="1786"/>
<SP HEIGHT="53" WIDTH="29" VPOS="1015" HPOS="1846"/>
<String CONTENT="find" HEIGHT="53" WIDTH="115" VPOS="1015" HPOS="1876"/>
<SP HEIGHT="53" WIDTH="28" VPOS="1016" HPOS="1992"/>
<String CONTENT="the" HEIGHT="52" WIDTH="95" VPOS="1017" HPOS="2021"/>
<SP HEIGHT="33" WIDTH="31" VPOS="1036" HPOS="2117"/>
<String CONTENT="answers" HEIGHT="34" WIDTH="245" VPOS="1036" HPOS="2149"/>
</TextLine>
<TextLine HEIGHT="71" WIDTH="2018" VPOS="1092" HPOS="377">
<String CONTENT="in" HEIGHT="51" WIDTH="59" VPOS="1095" HPOS="377"/>
<SP HEIGHT="48" WIDTH="37" VPOS="1099" HPOS="437"/>
<String CONTENT="the" HEIGHT="53" WIDTH="95" VPOS="1094" HPOS="475"/>
<SP HEIGHT="51" WIDTH="38" VPOS="1095" HPOS="571"/>
<String CONTENT="Bible," HEIGHT="68" WIDTH="187" VPOS="1094" HPOS="610"/>
<SP HEIGHT="50" WIDTH="35" VPOS="1112" HPOS="798"/>
<String CONTENT="prayers," HEIGHT="49" WIDTH="255" VPOS="1112" HPOS="834"/>
<SP HEIGHT="67" WIDTH="40" VPOS="1094" HPOS="1090"/>
<String CONTENT="by" HEIGHT="67" WIDTH="73" VPOS="1094" HPOS="1131"/>
<SP HEIGHT="68" WIDTH="38" VPOS="1093" HPOS="1205"/>
<String CONTENT="Kenneth" HEIGHT="53" WIDTH="270" VPOS="1093" HPOS="1244"/>
<SP HEIGHT="56" WIDTH="42" VPOS="1092" HPOS="1515"/>
<String CONTENT="S." HEIGHT="56" WIDTH="57" VPOS="1092" HPOS="1558"/>
<SP HEIGHT="56" WIDTH="41" VPOS="1093" HPOS="1616"/>
<String CONTENT="Seibert." HEIGHT="56" WIDTH="241" VPOS="1093" HPOS="1658"/>
<SP HEIGHT="52" WIDTH="73" VPOS="1094" HPOS="1900"/>
<String CONTENT="Fort" HEIGHT="54" WIDTH="145" VPOS="1094" HPOS="1974"/>
<SP HEIGHT="54" WIDTH="34" VPOS="1095" HPOS="2120"/>
<String CONTENT="Wayne," HEIGHT="68" WIDTH="240" VPOS="1095" HPOS="2155"/>
</TextLine>
<TextLine HEIGHT="68" WIDTH="969" VPOS="1172" HPOS="378">
<String CONTENT="Ind.," HEIGHT="68" WIDTH="146" VPOS="1172" HPOS="378"/>
<SP HEIGHT="66" WIDTH="32" VPOS="1174" HPOS="525"/>
<String CONTENT="The" HEIGHT="52" WIDTH="123" VPOS="1173" HPOS="558"/>
<SP HEIGHT="53" WIDTH="27" VPOS="1172" HPOS="682"/>
<String CONTENT="Lincoln" HEIGHT="54" WIDTH="244" VPOS="1172" HPOS="710"/>
<SP HEIGHT="48" WIDTH="31" VPOS="1191" HPOS="955"/>
<String CONTENT="press," HEIGHT="48" WIDTH="175" VPOS="1191" HPOS="987"/>
<SP HEIGHT="62" WIDTH="32" VPOS="1175" HPOS="1163"/>
<String CONTENT="1933." HEIGHT="50" WIDTH="151" VPOS="1175" HPOS="1196"/>
</TextLine>
<TextLine HEIGHT="53" WIDTH="729" VPOS="1243" HPOS="452" STYLEREFS="StyleId-0F7FCF50-CC23-4903-8552-0AC5B9E70691-" CS="1">
<String CONTENT="5" HEIGHT="40" WIDTH="26" VPOS="1246" HPOS="452"/>
<SP HEIGHT="49" WIDTH="26" VPOS="1246" HPOS="479"/>
<String CONTENT="p." HEIGHT="38" WIDTH="43" VPOS="1257" HPOS="506"/>
<SP HEIGHT="40" WIDTH="29" VPOS="1246" HPOS="550"/>
<String CS="1" CONTENT="l.," HEIGHT="40" WIDTH="28" VPOS="1246" HPOS="580"/>
<SP HEIGHT="48" WIDTH="24" VPOS="1245" HPOS="629"/>
<String CONTENT="15-143," HEIGHT="50" WIDTH="188" VPOS="1244" HPOS="654"/>
<SP HEIGHT="30" WIDTH="31" VPOS="1266" HPOS="843"/>
<String CONTENT="[1]" HEIGHT="50" WIDTH="55" VPOS="1246" HPOS="875"/>
<SP HEIGHT="40" WIDTH="28" VPOS="1256" HPOS="931"/>
<String CONTENT="p." HEIGHT="39" WIDTH="43" VPOS="1256" HPOS="960"/>
<SP HEIGHT="43" WIDTH="59" VPOS="1243" HPOS="1004"/>
<String CS="1" CONTENT="23c" HEIGHT="42" WIDTH="57" VPOS="1243" HPOS="1064"/>
<String STYLE="superscript" CONTENT="m" HEIGHT="22" WIDTH="27" VPOS="1246" HPOS="1141"/>
<String CONTENT="." HEIGHT="8" WIDTH="8" VPOS="1278" HPOS="1173"/>
</TextLine>
<TextLine HEIGHT="50" WIDTH="659" VPOS="1316" HPOS="456" STYLEREFS="StyleId-0F7FCF50-CC23-4903-8552-0AC5B9E70691-">
<String CONTENT="Tables" HEIGHT="41" WIDTH="177" VPOS="1317" HPOS="456"/>
<SP HEIGHT="30" WIDTH="24" VPOS="1328" HPOS="634"/>
<String CONTENT="on" HEIGHT="29" WIDTH="61" VPOS="1329" HPOS="659"/>
<SP HEIGHT="40" WIDTH="25" VPOS="1317" HPOS="721"/>
<String CONTENT="lining-papers." HEIGHT="50" WIDTH="368" VPOS="1316" HPOS="747"/>
</TextLine>
<TextLine HEIGHT="50" WIDTH="1601" VPOS="1374" HPOS="476" STYLEREFS="StyleId-0F7FCF50-CC23-4903-8552-0AC5B9E70691-" CS="1">
<String CS="1" CONTENT="&#8220;Works" HEIGHT="40" WIDTH="174" VPOS="1377" HPOS="476"/>
<SP HEIGHT="30" WIDTH="30" VPOS="1387" HPOS="651"/>
<String CONTENT="of" HEIGHT="41" WIDTH="52" VPOS="1376" HPOS="682"/>
<SP HEIGHT="40" WIDTH="30" VPOS="1376" HPOS="735"/>
<String CONTENT="valuable" HEIGHT="40" WIDTH="227" VPOS="1376" HPOS="766"/>
<SP HEIGHT="29" WIDTH="32" VPOS="1386" HPOS="994"/>
<String CONTENT="assistance&#8221;" HEIGHT="41" WIDTH="301" VPOS="1374" HPOS="1027"/>
<SP HEIGHT="40" WIDTH="19" VPOS="1374" HPOS="1329"/>
<String CONTENT=":" HEIGHT="28" WIDTH="7" VPOS="1386" HPOS="1349"/>
<SP HEIGHT="28" WIDTH="34" VPOS="1386" HPOS="1357"/>
<String CONTENT="verso" HEIGHT="30" WIDTH="140" VPOS="1385" HPOS="1392"/>
<SP HEIGHT="28" WIDTH="33" VPOS="1387" HPOS="1533"/>
<String CONTENT="of" HEIGHT="39" WIDTH="51" VPOS="1376" HPOS="1567"/>
<SP HEIGHT="39" WIDTH="30" VPOS="1376" HPOS="1619"/>
<String CONTENT="3d" HEIGHT="39" WIDTH="59" VPOS="1376" HPOS="1650"/>
<SP HEIGHT="47" WIDTH="32" VPOS="1377" HPOS="1710"/>
<String CS="1" CONTENT="prelim." HEIGHT="48" WIDTH="173" VPOS="1376" HPOS="1743"/>
<SP HEIGHT="38" WIDTH="31" VPOS="1378" HPOS="1931"/>
<String CONTENT="leaf." HEIGHT="39" WIDTH="114" VPOS="1377" HPOS="1963"/>
</TextLine>
<TextLine HEIGHT="54" WIDTH="2020" VPOS="1443" HPOS="385" STYLEREFS="StyleId-0F7FCF50-CC23-4903-8552-0AC5B9E70691-">
<String CONTENT="&#169;" HEIGHT="53" WIDTH="51" VPOS="1443" HPOS="385"/>
<SP HEIGHT="53" WIDTH="25" VPOS="1443" HPOS="437"/>
<String CONTENT="Aug." HEIGHT="47" WIDTH="120" VPOS="1449" HPOS="463"/>
<SP HEIGHT="39" WIDTH="24" VPOS="1449" HPOS="584"/>
<String CONTENT="7," HEIGHT="46" WIDTH="39" VPOS="1449" HPOS="609"/>
<SP HEIGHT="47" WIDTH="25" VPOS="1448" HPOS="649"/>
<String CONTENT="1933;" HEIGHT="46" WIDTH="141" VPOS="1447" HPOS="675"/>
<SP HEIGHT="46" WIDTH="26" VPOS="1447" HPOS="817"/>
<String CONTENT="2c." HEIGHT="40" WIDTH="68" VPOS="1447" HPOS="844"/>
<SP HEIGHT="29" WIDTH="25" VPOS="1458" HPOS="913"/>
<String CONTENT="and" HEIGHT="38" WIDTH="95" VPOS="1448" HPOS="939"/>
<SP HEIGHT="38" WIDTH="25" VPOS="1448" HPOS="1035"/>
<String CONTENT="aff." HEIGHT="41" WIDTH="83" VPOS="1445" HPOS="1061"/>
<SP HEIGHT="40" WIDTH="24" VPOS="1446" HPOS="1145"/>
<String CONTENT="Aug." HEIGHT="48" WIDTH="120" VPOS="1446" HPOS="1170"/>
<SP HEIGHT="40" WIDTH="26" VPOS="1446" HPOS="1291"/>
<String CONTENT="9;" HEIGHT="46" WIDTH="52" VPOS="1446" HPOS="1318"/>
<SP HEIGHT="46" WIDTH="27" VPOS="1446" HPOS="1371"/>
<!-- cceid 48ACE0BD-6CF9-1014-A6CF-A82867D68027 --><String CONTENT="A" HEIGHT="39" WIDTH="41" VPOS="1446" HPOS="1399"/>
<SP HEIGHT="40" WIDTH="23" VPOS="1446" HPOS="1441"/>
<String CONTENT="64833;" HEIGHT="47" WIDTH="171" VPOS="1446" HPOS="1465"/>
<SP HEIGHT="46" WIDTH="28" VPOS="1447" HPOS="1637"/>
<String CONTENT="K." HEIGHT="39" WIDTH="59" VPOS="1447" HPOS="1666"/>
<SP HEIGHT="41" WIDTH="28" VPOS="1447" HPOS="1726"/>
<String CONTENT="S." HEIGHT="41" WIDTH="42" VPOS="1447" HPOS="1755"/>
<SP HEIGHT="41" WIDTH="30" VPOS="1447" HPOS="1798"/>
<String CONTENT="Seibert," HEIGHT="49" WIDTH="201" VPOS="1447" HPOS="1829"/>
<SP HEIGHT="47" WIDTH="29" VPOS="1449" HPOS="2031"/>
<String CONTENT="Fort" HEIGHT="40" WIDTH="118" VPOS="1449" HPOS="2061"/>
<SP HEIGHT="39" WIDTH="25" VPOS="1450" HPOS="2180"/>
<String CONTENT="Wayne," HEIGHT="47" WIDTH="199" VPOS="1450" HPOS="2206"/>
</TextLine>
<TextLine HEIGHT="50" WIDTH="461" VPOS="1503" HPOS="451" STYLEREFS="StyleId-0F7FCF50-CC23-4903-8552-0AC5B9E70691-">
<String CONTENT="Ind." HEIGHT="38" WIDTH="105" VPOS="1507" HPOS="451"/>
<SP HEIGHT="48" WIDTH="71" VPOS="1505" HPOS="557"/>
<String CONTENT="(33-24470)" HEIGHT="50" WIDTH="283" VPOS="1503" HPOS="629"/>
</TextLine>
<TextLine HEIGHT="67" WIDTH="677" VPOS="1609" HPOS="369" STYLEREFS="StyleId-CD8BAA2E-5EFE-4A36-91F1-26F440C4E641-">
<String CONTENT="Sewell," HEIGHT="67" WIDTH="226" VPOS="1609" HPOS="369"/>
<SP HEIGHT="65" WIDTH="33" VPOS="1611" HPOS="596"/>
<String CONTENT="Helen," HEIGHT="67" WIDTH="206" VPOS="1609" HPOS="630"/>
<SP HEIGHT="62" WIDTH="36" VPOS="1614" HPOS="837"/>
<String CONTENT="1896-" HEIGHT="51" WIDTH="172" VPOS="1613" HPOS="874"/>
</TextLine>
<TextLine HEIGHT="70" WIDTH="1954" VPOS="1687" HPOS="450">
<String CONTENT="Blue" HEIGHT="52" WIDTH="145" VPOS="1690" HPOS="450"/>
<SP HEIGHT="54" WIDTH="26" VPOS="1687" HPOS="617"/>
<String CONTENT="barns," HEIGHT="67" WIDTH="190" VPOS="1689" HPOS="644"/>
<SP HEIGHT="61" WIDTH="49" VPOS="1695" HPOS="835"/>
<String CONTENT="the" HEIGHT="53" WIDTH="96" VPOS="1689" HPOS="885"/>
<SP HEIGHT="35" WIDTH="48" VPOS="1707" HPOS="982"/>
<String CONTENT="story" HEIGHT="61" WIDTH="158" VPOS="1694" HPOS="1031"/>
<SP HEIGHT="50" WIDTH="49" VPOS="1705" HPOS="1190"/>
<String CONTENT="of" HEIGHT="53" WIDTH="65" VPOS="1687" HPOS="1240"/>
<SP HEIGHT="53" WIDTH="45" VPOS="1687" HPOS="1306"/>
<String CONTENT="two" HEIGHT="47" WIDTH="115" VPOS="1693" HPOS="1352"/>
<SP HEIGHT="53" WIDTH="46" VPOS="1688" HPOS="1468"/>
<String CONTENT="big" HEIGHT="68" WIDTH="100" VPOS="1688" HPOS="1515"/>
<SP HEIGHT="51" WIDTH="47" VPOS="1706" HPOS="1616"/>
<String CONTENT="geese" HEIGHT="51" WIDTH="158" VPOS="1706" HPOS="1664"/>
<SP HEIGHT="34" WIDTH="50" VPOS="1707" HPOS="1823"/>
<String CONTENT="and" HEIGHT="53" WIDTH="113" VPOS="1689" HPOS="1874"/>
<SP HEIGHT="53" WIDTH="50" VPOS="1689" HPOS="1988"/>
<String CONTENT="seven" HEIGHT="40" WIDTH="167" VPOS="1709" HPOS="2039"/>
<SP HEIGHT="51" WIDTH="47" VPOS="1691" HPOS="2207"/>
<String CONTENT="little" HEIGHT="52" WIDTH="149" VPOS="1691" HPOS="2255"/>
</TextLine>
<TextLine HEIGHT="71" WIDTH="2027" VPOS="1766" HPOS="378">
<String CONTENT="ducks," HEIGHT="67" WIDTH="197" VPOS="1768" HPOS="378"/>
<SP HEIGHT="67" WIDTH="23" VPOS="1768" HPOS="576"/>
<String CONTENT="by" HEIGHT="67" WIDTH="75" VPOS="1768" HPOS="600"/>
<SP HEIGHT="67" WIDTH="25" VPOS="1768" HPOS="676"/>
<String CONTENT="Helen" HEIGHT="54" WIDTH="187" VPOS="1768" HPOS="702"/>
<SP HEIGHT="56" WIDTH="29" VPOS="1766" HPOS="890"/>
<String CONTENT="Sewell." HEIGHT="56" WIDTH="221" VPOS="1766" HPOS="920"/>
<SP HEIGHT="53" WIDTH="75" VPOS="1767" HPOS="1142"/>
<String CONTENT="New" HEIGHT="52" WIDTH="140" VPOS="1767" HPOS="1218"/>
<SP HEIGHT="52" WIDTH="24" VPOS="1767" HPOS="1359"/>
<String CONTENT="York," HEIGHT="68" WIDTH="181" VPOS="1766" HPOS="1384"/>
<SP HEIGHT="66" WIDTH="25" VPOS="1768" HPOS="1566"/>
<String CONTENT="The" HEIGHT="52" WIDTH="121" VPOS="1768" HPOS="1592"/>
<SP HEIGHT="53" WIDTH="26" VPOS="1767" HPOS="1714"/>
<String CONTENT="Macmillan" HEIGHT="54" WIDTH="337" VPOS="1767" HPOS="1741"/>
<SP HEIGHT="35" WIDTH="26" VPOS="1787" HPOS="2079"/>
<String CONTENT="company," HEIGHT="50" WIDTH="299" VPOS="1787" HPOS="2106"/>
</TextLine>
<TextLine HEIGHT="50" WIDTH="149" VPOS="1850" HPOS="376">
<String CONTENT="1933." HEIGHT="50" WIDTH="149" VPOS="1850" HPOS="376"/>
</TextLine>
<TextLine HEIGHT="51" WIDTH="563" VPOS="1920" HPOS="444" STYLEREFS="StyleId-0F7FCF50-CC23-4903-8552-0AC5B9E70691-" CS="1">
<String CONTENT="[46]" HEIGHT="50" WIDTH="86" VPOS="1921" HPOS="444"/>
<SP HEIGHT="40" WIDTH="31" VPOS="1931" HPOS="531"/>
<String CONTENT="p." HEIGHT="38" WIDTH="44" VPOS="1931" HPOS="563"/>
<SP HEIGHT="42" WIDTH="59" VPOS="1920" HPOS="608"/>
<String CONTENT="illus." HEIGHT="41" WIDTH="128" VPOS="1920" HPOS="668"/>
<SP HEIGHT="40" WIDTH="61" VPOS="1921" HPOS="797"/>
<String CS="1" CONTENT="25&#189;" HEIGHT="41" WIDTH="56" VPOS="1920" HPOS="859"/>
<String STYLE="superscript" CONTENT="cm" HEIGHT="22" WIDTH="45" VPOS="1922" HPOS="948"/>
<String CONTENT="." HEIGHT="9" WIDTH="9" VPOS="1954" HPOS="998"/>
</TextLine>
<TextLine HEIGHT="53" WIDTH="1770" VPOS="1988" HPOS="374" STYLEREFS="StyleId-0F7FCF50-CC23-4903-8552-0AC5B9E70691-" CS="1">
<String CONTENT="&#169;" HEIGHT="53" WIDTH="51" VPOS="1988" HPOS="374"/>
<SP HEIGHT="53" WIDTH="31" VPOS="1988" HPOS="426"/>
<String CONTENT="Sept." HEIGHT="47" WIDTH="128" VPOS="1993" HPOS="458"/>
<SP HEIGHT="41" WIDTH="26" VPOS="1992" HPOS="587"/>
<String CONTENT="12," HEIGHT="45" WIDTH="70" VPOS="1992" HPOS="614"/>
<SP HEIGHT="43" WIDTH="28" VPOS="1994" HPOS="685"/>
<String CONTENT="1933" HEIGHT="40" WIDTH="112" VPOS="1992" HPOS="714"/>
<SP HEIGHT="39" WIDTH="18" VPOS="1993" HPOS="827"/>
<String CONTENT=":" HEIGHT="29" WIDTH="8" VPOS="2003" HPOS="846"/>
<SP HEIGHT="40" WIDTH="28" VPOS="1992" HPOS="855"/>
<String CONTENT="2c." HEIGHT="40" WIDTH="67" VPOS="1992" HPOS="884"/>
<SP HEIGHT="28" WIDTH="27" VPOS="2004" HPOS="952"/>
<String CONTENT="and" HEIGHT="39" WIDTH="97" VPOS="1993" HPOS="980"/>
<SP/>
<String CS="1" CONTENT="aff."/>
<SP HEIGHT="38" WIDTH="31" VPOS="1994" HPOS="1187"/>
<String CONTENT="Sept." HEIGHT="46" WIDTH="127" VPOS="1994" HPOS="1219"/>
<SP HEIGHT="39" WIDTH="28" VPOS="1993" HPOS="1347"/>
<String CONTENT="13" HEIGHT="39" WIDTH="54" VPOS="1993" HPOS="1376"/>
<SP HEIGHT="45" WIDTH="18" VPOS="1994" HPOS="1431"/>
<String CONTENT=";" HEIGHT="36" WIDTH="7" VPOS="2003" HPOS="1450"/>
<SP HEIGHT="47" WIDTH="29" VPOS="1992" HPOS="1458"/>
<!-- cceid 48AD2D74-6CF9-1014-A6CF-A82867D68027 --><String CONTENT="A" HEIGHT="39" WIDTH="42" VPOS="1992" HPOS="1488"/>
<SP HEIGHT="40" WIDTH="26" VPOS="1992" HPOS="1531"/>
<String CONTENT="66007;" HEIGHT="42" WIDTH="172" VPOS="1991" HPOS="1558"/>
<SP HEIGHT="40" WIDTH="31" VPOS="1993" HPOS="1731"/>
<String CONTENT="Macmillan" HEIGHT="39" WIDTH="283" VPOS="1993" HPOS="1763"/>
<SP HEIGHT="29" WIDTH="28" VPOS="2004" HPOS="2047"/>
<String CONTENT="co." HEIGHT="30" WIDTH="68" VPOS="2004" HPOS="2076"/>
</TextLine>
<TextLine HEIGHT="50" WIDTH="282" VPOS="2049" HPOS="457" STYLEREFS="StyleId-0F7FCF50-CC23-4903-8552-0AC5B9E70691-">
<String CONTENT="(33-24349)" HEIGHT="50" WIDTH="282" VPOS="2049" HPOS="457"/>
</TextLine>
<TextLine HEIGHT="66" WIDTH="554" VPOS="2154" HPOS="370" STYLEREFS="StyleId-CD8BAA2E-5EFE-4A36-91F1-26F440C4E641-">
<String CONTENT="Spindler," HEIGHT="66" WIDTH="292" VPOS="2154" HPOS="370"/>
<SP HEIGHT="65" WIDTH="29" VPOS="2155" HPOS="663"/>
<String CONTENT="Albert." HEIGHT="57" WIDTH="231" VPOS="2154" HPOS="693"/>
</TextLine>
<TextLine HEIGHT="71" WIDTH="1954" VPOS="2231" HPOS="448" CS="1">
<String LANG="de" CONTENT="Le" HEIGHT="53" WIDTH="78" VPOS="2233" HPOS="448"/>
<SP HEIGHT="35" WIDTH="29" VPOS="2251" HPOS="527"/>
<String CONTENT="cheval" HEIGHT="53" WIDTH="199" VPOS="2232" HPOS="557"/>
<SP HEIGHT="52" WIDTH="28" VPOS="2232" HPOS="757"/>
<String CS="1" CONTENT="&#224;"/>
<SP HEIGHT="52" WIDTH="29" VPOS="2231" HPOS="818"/>
<String CS="1" CONTENT="l&#8217;&#233;poque" HEIGHT="70" WIDTH="256" VPOS="2231" HPOS="848"/>
<SP HEIGHT="53" WIDTH="29" VPOS="2232" HPOS="1105"/>
<String LANG="de" CONTENT="du" HEIGHT="52" WIDTH="77" VPOS="2232" HPOS="1135"/>
<SP HEIGHT="34" WIDTH="28" VPOS="2250" HPOS="1213"/>
<String CONTENT="moteur;" HEIGHT="60" WIDTH="249" VPOS="2239" HPOS="1242"/>
<SP HEIGHT="50" WIDTH="33" VPOS="2250" HPOS="1492"/>
<String CONTENT="production," HEIGHT="69" WIDTH="362" VPOS="2232" HPOS="1526"/>
<SP HEIGHT="49" WIDTH="27" VPOS="2252" HPOS="1889"/>
<String CONTENT="mise" HEIGHT="52" WIDTH="139" VPOS="2234" HPOS="1917"/>
<SP HEIGHT="34" WIDTH="29" VPOS="2252" HPOS="2057"/>
<String CONTENT="en" HEIGHT="33" WIDTH="68" VPOS="2253" HPOS="2087"/>
<SP HEIGHT="33" WIDTH="28" VPOS="2253" HPOS="2156"/>
<String CONTENT="valeur," HEIGHT="67" WIDTH="217" VPOS="2235" HPOS="2185"/>
</TextLine>
<TextLine HEIGHT="68" WIDTH="2022" VPOS="2311" HPOS="371" CS="1">
<String CONTENT="utilisation," HEIGHT="67" WIDTH="341" VPOS="2312" HPOS="371"/>
<SP HEIGHT="67" WIDTH="25" VPOS="2312" HPOS="713"/>
<String CONTENT="les" HEIGHT="52" WIDTH="79" VPOS="2312" HPOS="739"/>
<SP HEIGHT="33" WIDTH="26" VPOS="2331" HPOS="819"/>
<String CS="1" CONTENT="&#233;l&#233;ments" HEIGHT="53" WIDTH="238" VPOS="2312" HPOS="877"/>
<SP HEIGHT="53" WIDTH="27" VPOS="2312" HPOS="1116"/>
<String LANG="de" CONTENT="du" HEIGHT="52" WIDTH="75" VPOS="2312" HPOS="1144"/>
<SP HEIGHT="33" WIDTH="27" VPOS="2330" HPOS="1220"/>
<String CONTENT="succes." HEIGHT="35" WIDTH="202" VPOS="2329" HPOS="1248"/>
<SP HEIGHT="51" WIDTH="76" VPOS="2312" HPOS="1451"/>
<String CONTENT="Preface" HEIGHT="53" WIDTH="242" VPOS="2311" HPOS="1528"/>
<SP HEIGHT="52" WIDTH="27" VPOS="2313" HPOS="1771"/>
<String LANG="de" CONTENT="de" HEIGHT="52" WIDTH="67" VPOS="2313" HPOS="1799"/>
<SP HEIGHT="34" WIDTH="25" VPOS="2331" HPOS="1867"/>
<String CONTENT="m." HEIGHT="34" WIDTH="73" VPOS="2332" HPOS="1893"/>
<SP HEIGHT="53" WIDTH="26" VPOS="2313" HPOS="1967"/>
<String CONTENT="H." HEIGHT="53" WIDTH="78" VPOS="2313" HPOS="1994"/>
<SP HEIGHT="52" WIDTH="28" VPOS="2314" HPOS="2073"/>
<String LANG="de" CONTENT="de" HEIGHT="53" WIDTH="66" VPOS="2314" HPOS="2102"/>
<SP HEIGHT="53" WIDTH="27" VPOS="2314" HPOS="2169"/>
<String CONTENT="Pierre" HEIGHT="56" WIDTH="196" VPOS="2313" HPOS="2197"/>
</TextLine>
<TextLine HEIGHT="69" WIDTH="1022" VPOS="2390" HPOS="432" CS="1">
<String CS="1" CONTENT="&#8230;"/>
<SP HEIGHT="52" WIDTH="79" VPOS="2391" HPOS="432"/>
<String CONTENT="Paris," HEIGHT="69" WIDTH="187" VPOS="2390" HPOS="512"/>
<SP HEIGHT="68" WIDTH="26" VPOS="2391" HPOS="700"/>
<String CONTENT="Berger-Levrault," HEIGHT="69" WIDTH="542" VPOS="2390" HPOS="727"/>
<SP HEIGHT="64" WIDTH="31" VPOS="2394" HPOS="1270"/>
<String CONTENT="1933." HEIGHT="51" WIDTH="152" VPOS="2392" HPOS="1302"/>
</TextLine>
<TextLine HEIGHT="49" WIDTH="466" VPOS="2465" HPOS="442" CS="1">
<String CONTENT="ix," HEIGHT="47" WIDTH="64" VPOS="2466" HPOS="442"/>
<SP HEIGHT="47" WIDTH="29" VPOS="2466" HPOS="507"/>
<String CONTENT="224" HEIGHT="39" WIDTH="87" VPOS="2466" HPOS="537"/>
<SP HEIGHT="47" WIDTH="29" VPOS="2467" HPOS="625"/>
<String CONTENT="p." HEIGHT="38" WIDTH="43" VPOS="2476" HPOS="655"/>
<SP HEIGHT="40" WIDTH="60" VPOS="2465" HPOS="699"/>
<String CS="1" CONTENT="22&#189;" HEIGHT="40" WIDTH="56" VPOS="2465" HPOS="760"/>
<String STYLE="superscript" CONTENT="cm" HEIGHT="22" WIDTH="44" VPOS="2467" HPOS="849"/>
<String CONTENT="." HEIGHT="9" WIDTH="9" VPOS="2496" HPOS="899"/>
</TextLine>
<TextLine HEIGHT="52" WIDTH="2020" VPOS="2542" HPOS="371" STYLEREFS="StyleId-0F7FCF50-CC23-4903-8552-0AC5B9E70691-">
<String CONTENT="&#169;" HEIGHT="52" WIDTH="51" VPOS="2542" HPOS="371"/>
<SP HEIGHT="52" WIDTH="23" VPOS="2542" HPOS="423"/>
<String CONTENT="Apr." HEIGHT="47" WIDTH="114" VPOS="2547" HPOS="447"/>
<SP HEIGHT="40" WIDTH="24" VPOS="2547" HPOS="562"/>
<String CONTENT="3," HEIGHT="46" WIDTH="39" VPOS="2547" HPOS="587"/>
<SP HEIGHT="46" WIDTH="25" VPOS="2547" HPOS="627"/>
<String CONTENT="1933" HEIGHT="40" WIDTH="113" VPOS="2546" HPOS="653"/>
<SP HEIGHT="40" WIDTH="18" VPOS="2547" HPOS="767"/>
<String CONTENT=":" HEIGHT="30" WIDTH="8" VPOS="2557" HPOS="786"/>
<SP HEIGHT="41" WIDTH="26" VPOS="2546" HPOS="795"/>
<String CONTENT="3" HEIGHT="39" WIDTH="17" VPOS="2546" HPOS="822"/>
<SP HEIGHT="39" WIDTH="12" VPOS="2546" HPOS="840"/>
<String CONTENT="c." HEIGHT="28" WIDTH="35" VPOS="2557" HPOS="853"/>
<SP HEIGHT="39" WIDTH="26" VPOS="2546" HPOS="889"/>
<String CONTENT="June" HEIGHT="39" WIDTH="127" VPOS="2546" HPOS="916"/>
<SP HEIGHT="38" WIDTH="22" VPOS="2547" HPOS="1044"/>
<String CONTENT="6;" HEIGHT="41" WIDTH="52" VPOS="2547" HPOS="1067"/>
<SP HEIGHT="42" WIDTH="27" VPOS="2546" HPOS="1120"/>
<!-- cceid 48AD769F-6CF9-1014-A6CF-A82867D68027 --><String CONTENT="A-Foreign" HEIGHT="47" WIDTH="313" VPOS="2545" HPOS="1148"/>
<SP HEIGHT="39" WIDTH="22" VPOS="2545" HPOS="1462"/>
<String CONTENT="21089;" HEIGHT="48" WIDTH="173" VPOS="2545" HPOS="1485"/>
<SP HEIGHT="47" WIDTH="27" VPOS="2546" HPOS="1659"/>
<String CONTENT="Editions" HEIGHT="41" WIDTH="225" VPOS="2545" HPOS="1687"/>
<SP HEIGHT="38" WIDTH="25" VPOS="2548" HPOS="1913"/>
<String CONTENT="Berger-Levrault." HEIGHT="48" WIDTH="452" VPOS="2546" HPOS="1939"/>
</TextLine>
<TextLine HEIGHT="48" WIDTH="283" VPOS="2603" HPOS="452" STYLEREFS="StyleId-0F7FCF50-CC23-4903-8552-0AC5B9E70691-">
<String CONTENT="(33-25161)" HEIGHT="48" WIDTH="283" VPOS="2603" HPOS="452"/>
</TextLine>
<TextLine HEIGHT="65" WIDTH="1167" VPOS="2708" HPOS="367" STYLEREFS="StyleId-CD8BAA2E-5EFE-4A36-91F1-26F440C4E641-">
<String CONTENT="Stock," HEIGHT="65" WIDTH="200" VPOS="2708" HPOS="367"/>
<SP HEIGHT="64" WIDTH="32" VPOS="2709" HPOS="568"/>
<String CONTENT="Leo" HEIGHT="53" WIDTH="119" VPOS="2709" HPOS="601"/>
<SP HEIGHT="52" WIDTH="31" VPOS="2710" HPOS="721"/>
<String CONTENT="Francis," HEIGHT="65" WIDTH="266" VPOS="2708" HPOS="753"/>
<SP HEIGHT="56" WIDTH="36" VPOS="2717" HPOS="1020"/>
<String CONTENT="1878-" HEIGHT="54" WIDTH="172" VPOS="2709" HPOS="1057"/>
<SP HEIGHT="34" WIDTH="218" VPOS="2727" HPOS="1230"/>
<String CONTENT="ed." HEIGHT="55" WIDTH="85" VPOS="2708" HPOS="1449"/>
</TextLine>
<TextLine HEIGHT="70" WIDTH="1942" VPOS="2786" HPOS="448">
<String CONTENT="United" HEIGHT="55" WIDTH="217" VPOS="2788" HPOS="448"/>
<SP HEIGHT="59" WIDTH="28" VPOS="2788" HPOS="666"/>
<String CONTENT="States" HEIGHT="59" WIDTH="190" VPOS="2788" HPOS="695"/>
<SP HEIGHT="33" WIDTH="23" VPOS="2808" HPOS="886"/>
<String CONTENT="ministers" HEIGHT="55" WIDTH="291" VPOS="2786" HPOS="910"/>
<SP HEIGHT="47" WIDTH="24" VPOS="2794" HPOS="1202"/>
<String CONTENT="to" HEIGHT="47" WIDTH="59" VPOS="2794" HPOS="1227"/>
<SP HEIGHT="46" WIDTH="23" VPOS="2795" HPOS="1287"/>
<String CONTENT="the" HEIGHT="53" WIDTH="94" VPOS="2788" HPOS="1311"/>
<SP HEIGHT="51" WIDTH="27" VPOS="2790" HPOS="1406"/>
<String CONTENT="Papal" HEIGHT="68" WIDTH="187" VPOS="2788" HPOS="1434"/>
<SP HEIGHT="53" WIDTH="27" VPOS="2788" HPOS="1622"/>
<String CONTENT="states;" HEIGHT="61" WIDTH="202" VPOS="2794" HPOS="1650"/>
<SP HEIGHT="67" WIDTH="29" VPOS="2788" HPOS="1853"/>
<String CONTENT="instructions" HEIGHT="54" WIDTH="371" VPOS="2788" HPOS="1883"/>
<SP HEIGHT="34" WIDTH="26" VPOS="2808" HPOS="2255"/>
<String CONTENT="and" HEIGHT="52" WIDTH="108" VPOS="2790" HPOS="2282"/>
</TextLine>
<TextLine HEIGHT="149" WIDTH="2017" VPOS="2867" HPOS="376" CS="1">
<String CONTENT="despatches," HEIGHT="68" WIDTH="351" VPOS="2868" HPOS="376"/>
<SP HEIGHT="63" WIDTH="35" VPOS="2872" HPOS="728"/>
<String CONTENT="1848-1868," HEIGHT="63" WIDTH="328" VPOS="2872" HPOS="764"/>
<SP HEIGHT="49" WIDTH="33" VPOS="2886" HPOS="1093"/>
<String CONTENT="edited" HEIGHT="53" WIDTH="191" VPOS="2868" HPOS="1127"/>
<SP HEIGHT="53" WIDTH="32" VPOS="2868" HPOS="1319"/>
<String CONTENT="with" HEIGHT="53" WIDTH="141" VPOS="2867" HPOS="1352"/>
<SP HEIGHT="52" WIDTH="35" VPOS="2868" HPOS="1494"/>
<String CONTENT="introduction" HEIGHT="53" WIDTH="392" VPOS="2868" HPOS="1530"/>
<SP HEIGHT="54" WIDTH="31" VPOS="2867" HPOS="1923"/>
<String CONTENT="by" HEIGHT="69" WIDTH="75" VPOS="2867" HPOS="1955"/>
<SP HEIGHT="67" WIDTH="31" VPOS="2869" HPOS="2031"/>
<String CONTENT="Leo" HEIGHT="51" WIDTH="115" VPOS="2869" HPOS="2063"/>
<SP HEIGHT="51" WIDTH="32" VPOS="2869" HPOS="2179"/>
<String CONTENT="Francis" HEIGHT="133" WIDTH="1989" VPOS="2869" HPOS="377"/>
<SP HEIGHT="55" WIDTH="43" VPOS="2948" HPOS="456"/>
<String CONTENT="Stock" HEIGHT="55" WIDTH="176" VPOS="2948" HPOS="500"/>
<SP HEIGHT="52" WIDTH="45" VPOS="2949" HPOS="677"/>
<String CS="1" CONTENT="&#8230;"/>
<SP HEIGHT="53" WIDTH="78" VPOS="2949" HPOS="779"/>
<String CONTENT="Washington," HEIGHT="69" WIDTH="406" VPOS="2947" HPOS="858"/>
<SP HEIGHT="66" WIDTH="41" VPOS="2949" HPOS="1265"/>
<String CONTENT="D." HEIGHT="53" WIDTH="71" VPOS="2949" HPOS="1307"/>
<SP HEIGHT="54" WIDTH="45" VPOS="2949" HPOS="1379"/>
<String CONTENT="C.," HEIGHT="66" WIDTH="81" VPOS="2949" HPOS="1425"/>
<SP HEIGHT="68" WIDTH="42" VPOS="2947" HPOS="1507"/>
<String CONTENT="Catholic" HEIGHT="56" WIDTH="264" VPOS="2947" HPOS="1550"/>
<SP HEIGHT="35" WIDTH="40" VPOS="2966" HPOS="1815"/>
<String CONTENT="university" HEIGHT="69" WIDTH="320" VPOS="2947" HPOS="1856"/>
<SP HEIGHT="51" WIDTH="41" VPOS="2965" HPOS="2177"/>
<String CONTENT="press," HEIGHT="50" WIDTH="174" VPOS="2966" HPOS="2219"/>
</TextLine>
<TextLine HEIGHT="51" WIDTH="151" VPOS="3029" HPOS="379">
<String CONTENT="1933." HEIGHT="51" WIDTH="151" VPOS="3029" HPOS="379"/>
</TextLine>
<TextLine HEIGHT="100" WIDTH="2004" VPOS="3100" HPOS="373" STYLEREFS="StyleId-0F7FCF50-CC23-4903-8552-0AC5B9E70691-" CS="1">
<String CONTENT="xxxix," HEIGHT="47" WIDTH="169" VPOS="3101" HPOS="445"/>
<SP HEIGHT="46" WIDTH="31" VPOS="3102" HPOS="615"/>
<String CONTENT="456" HEIGHT="40" WIDTH="88" VPOS="3102" HPOS="647"/>
<SP HEIGHT="48" WIDTH="28" VPOS="3102" HPOS="736"/>
<String CONTENT="p." HEIGHT="37" WIDTH="41" VPOS="3113" HPOS="765"/>
<SP HEIGHT="38" WIDTH="62" VPOS="3102" HPOS="807"/>
<String CS="1" CONTENT="26&#189;" HEIGHT="39" WIDTH="56" VPOS="3102" HPOS="870"/>
<String STYLE="superscript" CONTENT="cm" HEIGHT="20" WIDTH="43" VPOS="3104" HPOS="959"/>
<String CONTENT="." HEIGHT="7" WIDTH="7" VPOS="3134" HPOS="1010"/>
<SP HEIGHT="47" WIDTH="71" VPOS="3103" HPOS="1018"/>
<String CONTENT="(Half-title:" HEIGHT="49" WIDTH="302" VPOS="3101" HPOS="1090"/>
<SP HEIGHT="41" WIDTH="31" VPOS="3102" HPOS="1393"/>
<String CONTENT="American" HEIGHT="41" WIDTH="260" VPOS="3100" HPOS="1425"/>
<SP HEIGHT="41" WIDTH="33" VPOS="3101" HPOS="1686"/>
<String CONTENT="Catholic" HEIGHT="41" WIDTH="224" VPOS="3101" HPOS="1720"/>
<SP HEIGHT="40" WIDTH="31" VPOS="3102" HPOS="1945"/>
<String CONTENT="historical" HEIGHT="41" WIDTH="255" VPOS="3100" HPOS="1977"/>
<SP HEIGHT="38" WIDTH="33" VPOS="3103" HPOS="2233"/>
<String CONTENT="association." HEIGHT="89" WIDTH="2004" VPOS="3111" HPOS="373"/>
</TextLine>
<TextLine HEIGHT="47" WIDTH="535" VPOS="3159" HPOS="629" STYLEREFS="StyleId-0F7FCF50-CC23-4903-8552-0AC5B9E70691-" CS="1">
<String CONTENT="Documents," HEIGHT="41" WIDTH="311" VPOS="3159" HPOS="629"/>
<SP HEIGHT="30" WIDTH="56" VPOS="3170" HPOS="941"/>
<String CONTENT="vol." HEIGHT="40" WIDTH="94" VPOS="3160" HPOS="998"/>
<SP HEIGHT="31" WIDTH="28" VPOS="3169" HPOS="1093"/>
<String CS="1" CONTENT="I)" HEIGHT="47" WIDTH="14" VPOS="3159" HPOS="1150"/>
</TextLine>
<TextLine HEIGHT="49" WIDTH="1950" VPOS="3229" HPOS="444" STYLEREFS="StyleId-0F7FCF50-CC23-4903-8552-0AC5B9E70691-">
<String CONTENT="&#8220;All" HEIGHT="39" WIDTH="104" VPOS="3229" HPOS="444"/>
<SP HEIGHT="39" WIDTH="35" VPOS="3230" HPOS="549"/>
<String CONTENT="the" HEIGHT="39" WIDTH="81" VPOS="3230" HPOS="585"/>
<SP HEIGHT="38" WIDTH="32" VPOS="3231" HPOS="667"/>
<String CONTENT="documents" HEIGHT="39" WIDTH="285" VPOS="3231" HPOS="700"/>
<SP HEIGHT="39" WIDTH="33" VPOS="3230" HPOS="986"/>
<String CONTENT="here" HEIGHT="40" WIDTH="114" VPOS="3230" HPOS="1020"/>
<SP HEIGHT="37" WIDTH="31" VPOS="3240" HPOS="1135"/>
<String CONTENT="presented" HEIGHT="46" WIDTH="258" VPOS="3231" HPOS="1167"/>
<SP HEIGHT="39" WIDTH="34" VPOS="3231" HPOS="1426"/>
<String CONTENT="are" HEIGHT="30" WIDTH="85" VPOS="3240" HPOS="1461"/>
<SP HEIGHT="38" WIDTH="31" VPOS="3240" HPOS="1547"/>
<String CONTENT="printed" HEIGHT="48" WIDTH="195" VPOS="3230" HPOS="1579"/>
<SP HEIGHT="40" WIDTH="30" VPOS="3230" HPOS="1775"/>
<String CONTENT="from" HEIGHT="40" WIDTH="129" VPOS="3230" HPOS="1806"/>
<SP HEIGHT="29" WIDTH="33" VPOS="3241" HPOS="1936"/>
<String CONTENT="copies" HEIGHT="49" WIDTH="161" VPOS="3229" HPOS="1970"/>
<SP HEIGHT="31" WIDTH="33" VPOS="3239" HPOS="2132"/>
<String CONTENT="made" HEIGHT="40" WIDTH="143" VPOS="3230" HPOS="2166"/>
<SP HEIGHT="30" WIDTH="30" VPOS="3239" HPOS="2310"/>
<String CONTENT="at" HEIGHT="39" WIDTH="53" VPOS="3231" HPOS="2341"/>
</TextLine>
<TextLine HEIGHT="48" WIDTH="2018" VPOS="3286" HPOS="373" STYLEREFS="StyleId-0F7FCF50-CC23-4903-8552-0AC5B9E70691-" CS="1">
<String CONTENT="the" HEIGHT="39" WIDTH="82" VPOS="3287" HPOS="373"/>
<SP HEIGHT="39" WIDTH="36" VPOS="3287" HPOS="456"/>
<String CONTENT="Department" HEIGHT="47" WIDTH="323" VPOS="3287" HPOS="493"/>
<SP HEIGHT="37" WIDTH="37" VPOS="3290" HPOS="817"/>
<String CONTENT="of" HEIGHT="40" WIDTH="53" VPOS="3287" HPOS="855"/>
<SP HEIGHT="40" WIDTH="37" VPOS="3287" HPOS="909"/>
<String CONTENT="state." HEIGHT="38" WIDTH="141" VPOS="3290" HPOS="947"/>
<SP HEIGHT="38" WIDTH="70" VPOS="3287" HPOS="1089"/>
<String CONTENT="Futile" HEIGHT="40" WIDTH="163" VPOS="3287" HPOS="1160"/>
<SP HEIGHT="29" WIDTH="37" VPOS="3298" HPOS="1324"/>
<String CONTENT="efforts" HEIGHT="41" WIDTH="172" VPOS="3287" HPOS="1362"/>
<SP HEIGHT="30" WIDTH="38" VPOS="3298" HPOS="1535"/>
<String CONTENT="were" HEIGHT="29" WIDTH="126" VPOS="3298" HPOS="1574"/>
<SP HEIGHT="29" WIDTH="40" VPOS="3298" HPOS="1701"/>
<String CONTENT="made" HEIGHT="39" WIDTH="140" VPOS="3288" HPOS="1742"/>
<SP HEIGHT="30" WIDTH="43" VPOS="3298" HPOS="1883"/>
<String CS="1" CONTENT="&#8230;"/>
<SP HEIGHT="38" WIDTH="45" VPOS="3290" HPOS="1972"/>
<String CONTENT="to" HEIGHT="38" WIDTH="49" VPOS="3290" HPOS="2018"/>
<SP HEIGHT="30" WIDTH="38" VPOS="3298" HPOS="2068"/>
<String CONTENT="secure" HEIGHT="30" WIDTH="167" VPOS="3297" HPOS="2107"/>
<SP HEIGHT="41" WIDTH="38" VPOS="3286" HPOS="2275"/>
<String CONTENT="for" HEIGHT="40" WIDTH="77" VPOS="3286" HPOS="2314"/>
</TextLine>
<TextLine HEIGHT="51" WIDTH="2021" VPOS="3342" HPOS="371" STYLEREFS="StyleId-0F7FCF50-CC23-4903-8552-0AC5B9E70691-">
<String CONTENT="inclusion" HEIGHT="42" WIDTH="239" VPOS="3342" HPOS="371"/>
<SP HEIGHT="39" WIDTH="36" VPOS="3343" HPOS="611"/>
<String CONTENT="in" HEIGHT="40" WIDTH="47" VPOS="3343" HPOS="648"/>
<SP HEIGHT="38" WIDTH="36" VPOS="3346" HPOS="696"/>
<String CONTENT="this" HEIGHT="40" WIDTH="99" VPOS="3344" HPOS="733"/>
<SP HEIGHT="29" WIDTH="35" VPOS="3355" HPOS="833"/>
<String CONTENT="volume" HEIGHT="40" WIDTH="190" VPOS="3345" HPOS="869"/>
<SP HEIGHT="29" WIDTH="34" VPOS="3356" HPOS="1060"/>
<String CONTENT="copies" HEIGHT="48" WIDTH="161" VPOS="3345" HPOS="1095"/>
<SP HEIGHT="29" WIDTH="34" VPOS="3355" HPOS="1257"/>
<String CONTENT="of" HEIGHT="39" WIDTH="52" VPOS="3345" HPOS="1292"/>
<SP HEIGHT="40" WIDTH="33" VPOS="3345" HPOS="1345"/>
<String CONTENT="such" HEIGHT="40" WIDTH="118" VPOS="3345" HPOS="1379"/>
<SP HEIGHT="39" WIDTH="36" VPOS="3345" HPOS="1498"/>
<String CONTENT="documents" HEIGHT="39" WIDTH="284" VPOS="3346" HPOS="1535"/>
<SP HEIGHT="40" WIDTH="36" VPOS="3345" HPOS="1820"/>
<String CONTENT="in" HEIGHT="39" WIDTH="49" VPOS="3345" HPOS="1857"/>
<SP HEIGHT="38" WIDTH="35" VPOS="3347" HPOS="1907"/>
<String CONTENT="the" HEIGHT="40" WIDTH="80" VPOS="3345" HPOS="1943"/>
<SP HEIGHT="29" WIDTH="36" VPOS="3355" HPOS="2024"/>
<String CONTENT="offce" HEIGHT="40" WIDTH="122" VPOS="3344" HPOS="2061"/>
<SP HEIGHT="30" WIDTH="36" VPOS="3354" HPOS="2184"/>
<String CONTENT="of" HEIGHT="40" WIDTH="52" VPOS="3344" HPOS="2221"/>
<SP HEIGHT="39" WIDTH="35" VPOS="3344" HPOS="2274"/>
<String CONTENT="the" HEIGHT="39" WIDTH="82" VPOS="3344" HPOS="2310"/>
</TextLine>
<TextLine HEIGHT="50" WIDTH="2017" VPOS="3399" HPOS="373" STYLEREFS="StyleId-0F7FCF50-CC23-4903-8552-0AC5B9E70691-">
<String CONTENT="papal" HEIGHT="47" WIDTH="144" VPOS="3401" HPOS="373"/>
<SP HEIGHT="41" WIDTH="30" VPOS="3401" HPOS="518"/>
<String CONTENT="Secretary" HEIGHT="48" WIDTH="257" VPOS="3401" HPOS="549"/>
<SP HEIGHT="36" WIDTH="29" VPOS="3413" HPOS="807"/>
<String CONTENT="of" HEIGHT="41" WIDTH="53" VPOS="3401" HPOS="837"/>
<SP HEIGHT="41" WIDTH="29" VPOS="3401" HPOS="891"/>
<String CONTENT="state" HEIGHT="38" WIDTH="129" VPOS="3404" HPOS="921"/>
<SP HEIGHT="29" WIDTH="28" VPOS="3413" HPOS="1051"/>
<String CONTENT="as" HEIGHT="29" WIDTH="54" VPOS="3413" HPOS="1080"/>
<SP HEIGHT="29" WIDTH="31" VPOS="3413" HPOS="1135"/>
<String CONTENT="are" HEIGHT="29" WIDTH="83" VPOS="3413" HPOS="1167"/>
<SP HEIGHT="29" WIDTH="29" VPOS="3413" HPOS="1251"/>
<String CONTENT="not" HEIGHT="37" WIDTH="83" VPOS="3405" HPOS="1281"/>
<SP HEIGHT="37" WIDTH="31" VPOS="3405" HPOS="1365"/>
<String CONTENT="to" HEIGHT="38" WIDTH="48" VPOS="3405" HPOS="1397"/>
<SP HEIGHT="40" WIDTH="29" VPOS="3403" HPOS="1446"/>
<String CONTENT="be" HEIGHT="40" WIDTH="57" VPOS="3403" HPOS="1476"/>
<SP HEIGHT="40" WIDTH="28" VPOS="3403" HPOS="1534"/>
<String CONTENT="found" HEIGHT="39" WIDTH="153" VPOS="3403" HPOS="1563"/>
<SP HEIGHT="39" WIDTH="31" VPOS="3403" HPOS="1717"/>
<String CONTENT="in" HEIGHT="39" WIDTH="48" VPOS="3403" HPOS="1749"/>
<SP HEIGHT="40" WIDTH="29" VPOS="3403" HPOS="1798"/>
<String CONTENT="Washington.&#8221;&#8212;Pref." HEIGHT="50" WIDTH="562" VPOS="3399" HPOS="1828"/>
</TextLine>
<TextLine HEIGHT="55" WIDTH="2019" VPOS="3465" HPOS="373" STYLEREFS="StyleId-0F7FCF50-CC23-4903-8552-0AC5B9E70691-">
<String CONTENT="&#169;" HEIGHT="53" WIDTH="51" VPOS="3465" HPOS="373"/>
<SP HEIGHT="53" WIDTH="29" VPOS="3465" HPOS="425"/>
<String CONTENT="July" HEIGHT="48" WIDTH="116" VPOS="3471" HPOS="455"/>
<SP HEIGHT="48" WIDTH="26" VPOS="3471" HPOS="572"/>
<String CONTENT="28," HEIGHT="47" WIDTH="69" VPOS="3471" HPOS="599"/>
<SP HEIGHT="46" WIDTH="29" VPOS="3472" HPOS="669"/>
<String CONTENT="1933;" HEIGHT="42" WIDTH="140" VPOS="3472" HPOS="699"/>
<SP HEIGHT="42" WIDTH="29" VPOS="3472" HPOS="840"/>
<String CONTENT="2c." HEIGHT="40" WIDTH="66" VPOS="3472" HPOS="870"/>
<SP HEIGHT="38" WIDTH="28" VPOS="3473" HPOS="937"/>
<String CONTENT="Aug." HEIGHT="46" WIDTH="119" VPOS="3473" HPOS="966"/>
<SP HEIGHT="38" WIDTH="28" VPOS="3474" HPOS="1086"/>
<String CONTENT="16:" HEIGHT="41" WIDTH="81" VPOS="3472" HPOS="1115"/>
<SP HEIGHT="30" WIDTH="30" VPOS="3483" HPOS="1197"/>
<String CONTENT="aff" HEIGHT="40" WIDTH="72" VPOS="3472" HPOS="1228"/>
<SP HEIGHT="40" WIDTH="39" VPOS="3472" HPOS="1301"/>
<String CONTENT="Aug." HEIGHT="45" WIDTH="119" VPOS="3474" HPOS="1341"/>
<SP HEIGHT="40" WIDTH="28" VPOS="3473" HPOS="1461"/>
<String CONTENT="22:" HEIGHT="42" WIDTH="83" VPOS="3473" HPOS="1490"/>
<SP HEIGHT="41" WIDTH="32" VPOS="3474" HPOS="1574"/>
<!-- cceid 48ADCBBA-6CF9-1014-A6CF-A82867D68027 --><String CONTENT="A" HEIGHT="38" WIDTH="40" VPOS="3474" HPOS="1607"/>
<SP HEIGHT="40" WIDTH="26" VPOS="3473" HPOS="1648"/>
<String CONTENT="65007;" HEIGHT="48" WIDTH="171" VPOS="3472" HPOS="1675"/>
<SP HEIGHT="46" WIDTH="32" VPOS="3474" HPOS="1847"/>
<String CONTENT="American" HEIGHT="40" WIDTH="259" VPOS="3473" HPOS="1880"/>
<SP HEIGHT="42" WIDTH="28" VPOS="3472" HPOS="2140"/>
<String CONTENT="Catholic" HEIGHT="44" WIDTH="223" VPOS="3470" HPOS="2169"/>
</TextLine>
<TextLine HEIGHT="51" WIDTH="1157" VPOS="3528" HPOS="440" STYLEREFS="StyleId-0F7FCF50-CC23-4903-8552-0AC5B9E70691-">
<String CONTENT="historical" HEIGHT="40" WIDTH="252" VPOS="3528" HPOS="440"/>
<SP HEIGHT="37" WIDTH="34" VPOS="3531" HPOS="693"/>
<String CONTENT="assn." HEIGHT="35" WIDTH="143" VPOS="3540" HPOS="728"/>
<SP HEIGHT="45" WIDTH="32" VPOS="3530" HPOS="872"/>
<String CONTENT="Washington." HEIGHT="46" WIDTH="335" VPOS="3530" HPOS="905"/>
<SP HEIGHT="47" WIDTH="72" VPOS="3530" HPOS="1241"/>
<String CONTENT="(33-24324)" HEIGHT="49" WIDTH="283" VPOS="3530" HPOS="1314"/>
</TextLine>
<TextLine HEIGHT="63" WIDTH="677" VPOS="3631" HPOS="368" STYLEREFS="StyleId-CD8BAA2E-5EFE-4A36-91F1-26F440C4E641-" CS="1">
<String CONTENT="Swan," HEIGHT="62" WIDTH="194" VPOS="3631" HPOS="368"/>
<SP HEIGHT="59" WIDTH="35" VPOS="3634" HPOS="563"/>
<String CONTENT="Andrew," HEIGHT="60" WIDTH="277" VPOS="3634" HPOS="599"/>
<SP HEIGHT="53" WIDTH="40" VPOS="3641" HPOS="877"/>
<String CS="1" CONTENT="1868-" HEIGHT="50" WIDTH="127" VPOS="3639" HPOS="918"/>
</TextLine>
<TextLine HEIGHT="74" WIDTH="1949" VPOS="3709" HPOS="440">
<String CONTENT="The" HEIGHT="55" WIDTH="120" VPOS="3709" HPOS="440"/>
<SP HEIGHT="35" WIDTH="24" VPOS="3729" HPOS="561"/>
<String CONTENT="remarkable" HEIGHT="55" WIDTH="355" VPOS="3710" HPOS="586"/>
<SP HEIGHT="35" WIDTH="23" VPOS="3730" HPOS="942"/>
<String CONTENT="story" HEIGHT="65" WIDTH="159" VPOS="3717" HPOS="966"/>
<SP HEIGHT="51" WIDTH="22" VPOS="3731" HPOS="1126"/>
<String CONTENT="of" HEIGHT="54" WIDTH="64" VPOS="3712" HPOS="1149"/>
<SP HEIGHT="53" WIDTH="22" VPOS="3712" HPOS="1214"/>
<String CONTENT="Andrew" HEIGHT="54" WIDTH="255" VPOS="3712" HPOS="1237"/>
<SP HEIGHT="58" WIDTH="26" VPOS="3711" HPOS="1493"/>
<String CONTENT="Swan," HEIGHT="70" WIDTH="190" VPOS="3711" HPOS="1520"/>
<SP HEIGHT="68" WIDTH="22" VPOS="3713" HPOS="1711"/>
<String CONTENT="being" HEIGHT="70" WIDTH="173" VPOS="3713" HPOS="1734"/>
<SP HEIGHT="52" WIDTH="23" VPOS="3731" HPOS="1908"/>
<String CONTENT="a" HEIGHT="36" WIDTH="30" VPOS="3731" HPOS="1932"/>
<SP HEIGHT="36" WIDTH="25" VPOS="3731" HPOS="1963"/>
<String CONTENT="record" HEIGHT="55" WIDTH="195" VPOS="3712" HPOS="1989"/>
<SP HEIGHT="55" WIDTH="25" VPOS="3712" HPOS="2185"/>
<String CONTENT="of" HEIGHT="56" WIDTH="64" VPOS="3711" HPOS="2211"/>
<SP HEIGHT="54" WIDTH="23" VPOS="3711" HPOS="2276"/>
<String CONTENT="his" HEIGHT="53" WIDTH="89" VPOS="3713" HPOS="2300"/>
</TextLine>
<TextLine HEIGHT="72" WIDTH="2016" VPOS="3789" HPOS="370">
<String CONTENT="experiences," HEIGHT="67" WIDTH="376" VPOS="3789" HPOS="370"/>
<SP HEIGHT="34" WIDTH="36" VPOS="3809" HPOS="747"/>
<String CONTENT="of" HEIGHT="52" WIDTH="64" VPOS="3791" HPOS="784"/>
<SP HEIGHT="53" WIDTH="34" VPOS="3790" HPOS="849"/>
<String CONTENT="his" HEIGHT="55" WIDTH="89" VPOS="3790" HPOS="884"/>
<SP HEIGHT="34" WIDTH="34" VPOS="3811" HPOS="974"/>
<String CONTENT="shipwreck," HEIGHT="67" WIDTH="339" VPOS="3792" HPOS="1009"/>
<SP HEIGHT="45" WIDTH="35" VPOS="3811" HPOS="1349"/>
<String CONTENT="and" HEIGHT="52" WIDTH="110" VPOS="3793" HPOS="1385"/>
<SP HEIGHT="53" WIDTH="39" VPOS="3793" HPOS="1496"/>
<String CONTENT="of" HEIGHT="54" WIDTH="65" VPOS="3792" HPOS="1536"/>
<SP HEIGHT="53" WIDTH="31" VPOS="3792" HPOS="1602"/>
<String CONTENT="his" HEIGHT="54" WIDTH="91" VPOS="3792" HPOS="1634"/>
<SP HEIGHT="35" WIDTH="33" VPOS="3811" HPOS="1726"/>
<String CONTENT="many" HEIGHT="51" WIDTH="174" VPOS="3810" HPOS="1760"/>
<SP HEIGHT="50" WIDTH="36" VPOS="3811" HPOS="1935"/>
<String CONTENT="escapes" HEIGHT="50" WIDTH="224" VPOS="3810" HPOS="1972"/>
<SP HEIGHT="53" WIDTH="38" VPOS="3792" HPOS="2197"/>
<String CONTENT="from" HEIGHT="52" WIDTH="150" VPOS="3792" HPOS="2236"/>
</TextLine>
<TextLine HEIGHT="73" WIDTH="2016" VPOS="3867" HPOS="371">
<String CONTENT="death" HEIGHT="53" WIDTH="167" VPOS="3867" HPOS="371"/>
<SP HEIGHT="53" WIDTH="50" VPOS="3868" HPOS="539"/>
<String CONTENT="during" HEIGHT="70" WIDTH="214" VPOS="3869" HPOS="590"/>
<SP HEIGHT="71" WIDTH="46" VPOS="3868" HPOS="805"/>
<String CONTENT="forty-four" HEIGHT="69" WIDTH="325" VPOS="3868" HPOS="852"/>
<SP HEIGHT="50" WIDTH="43" VPOS="3889" HPOS="1178"/>
<String CONTENT="years" HEIGHT="50" WIDTH="163" VPOS="3889" HPOS="1222"/>
<SP HEIGHT="34" WIDTH="46" VPOS="3889" HPOS="1386"/>
<String CONTENT="of" HEIGHT="52" WIDTH="64" VPOS="3871" HPOS="1433"/>
<SP HEIGHT="52" WIDTH="43" VPOS="3871" HPOS="1498"/>
<String CONTENT="wandering" HEIGHT="70" WIDTH="336" VPOS="3870" HPOS="1542"/>
<SP HEIGHT="50" WIDTH="46" VPOS="3890" HPOS="1879"/>
<String CONTENT="adventures" HEIGHT="53" WIDTH="341" VPOS="3871" HPOS="1926"/>
<SP HEIGHT="53" WIDTH="44" VPOS="3870" HPOS="2268"/>
<String CONTENT="by" HEIGHT="67" WIDTH="74" VPOS="3870" HPOS="2313"/>
</TextLine>
<TextLine HEIGHT="72" WIDTH="2013" VPOS="3945" HPOS="370">
<String CONTENT="land" HEIGHT="54" WIDTH="135" VPOS="3945" HPOS="370"/>
<SP HEIGHT="53" WIDTH="30" VPOS="3946" HPOS="506"/>
<String CONTENT="and" HEIGHT="52" WIDTH="109" VPOS="3948" HPOS="537"/>
<SP HEIGHT="53" WIDTH="30" VPOS="3947" HPOS="647"/>
<String CONTENT="by" HEIGHT="70" WIDTH="76" VPOS="3947" HPOS="678"/>
<SP HEIGHT="51" WIDTH="27" VPOS="3966" HPOS="755"/>
<String CONTENT="sea." HEIGHT="34" WIDTH="108" VPOS="3967" HPOS="783"/>
<SP HEIGHT="47" WIDTH="28" VPOS="3954" HPOS="892"/>
<String CONTENT="told" HEIGHT="53" WIDTH="121" VPOS="3949" HPOS="921"/>
<SP HEIGHT="53" WIDTH="28" VPOS="3949" HPOS="1043"/>
<String CONTENT="by" HEIGHT="54" WIDTH="75" VPOS="3949" HPOS="1072"/>
<SP HEIGHT="54" WIDTH="27" VPOS="3949" HPOS="1148"/>
<String CONTENT="himself" HEIGHT="55" WIDTH="237" VPOS="3947" HPOS="1176"/>
<SP HEIGHT="54" WIDTH="29" VPOS="3948" HPOS="1414"/>
<String CONTENT="and" HEIGHT="53" WIDTH="110" VPOS="3950" HPOS="1444"/>
<SP HEIGHT="53" WIDTH="33" VPOS="3950" HPOS="1555"/>
<String CONTENT="written" HEIGHT="54" WIDTH="229" VPOS="3949" HPOS="1589"/>
<SP HEIGHT="53" WIDTH="30" VPOS="3950" HPOS="1819"/>
<String CONTENT="down" HEIGHT="53" WIDTH="165" VPOS="3950" HPOS="1850"/>
<SP HEIGHT="53" WIDTH="29" VPOS="3949" HPOS="2016"/>
<String CONTENT="by" HEIGHT="68" WIDTH="75" VPOS="3949" HPOS="2046"/>
<SP HEIGHT="67" WIDTH="29" VPOS="3950" HPOS="2122"/>
<String CONTENT="Dugald" HEIGHT="57" WIDTH="231" VPOS="3948" HPOS="2152"/>
</TextLine>
<TextLine HEIGHT="75" WIDTH="1924" VPOS="4023" HPOS="369" CS="1">
<String CONTENT="Macfadyen." HEIGHT="70" WIDTH="367" VPOS="4023" HPOS="369"/>
<SP HEIGHT="52" WIDTH="62" VPOS="4026" HPOS="737"/>
<String CONTENT="London," HEIGHT="69" WIDTH="260" VPOS="4026" HPOS="800"/>
<SP HEIGHT="68" WIDTH="24" VPOS="4027" HPOS="1061"/>
<String CS="1" CONTENT="Hodder" HEIGHT="53" WIDTH="177" VPOS="4028" HPOS="1151"/>
<SP HEIGHT="34" WIDTH="24" VPOS="4046" HPOS="1329"/>
<String CONTENT="and" HEIGHT="52" WIDTH="111" VPOS="4029" HPOS="1354"/>
<SP HEIGHT="57" WIDTH="32" VPOS="4026" HPOS="1466"/>
<String CONTENT="Stoughton," HEIGHT="69" WIDTH="345" VPOS="4026" HPOS="1499"/>
<SP HEIGHT="66" WIDTH="27" VPOS="4029" HPOS="1845"/>
<String CONTENT="limited," HEIGHT="72" WIDTH="241" VPOS="4026" HPOS="1873"/>
<SP HEIGHT="67" WIDTH="26" VPOS="4031" HPOS="2115"/>
<String CONTENT="1933." HEIGHT="50" WIDTH="151" VPOS="4030" HPOS="2142"/>
</TextLine>
</TextBlock>
</PrintSpace>
</Page>
</Layout>
</alto>