2484 4405
1085 4109 133 50 1541

196 545 28 38 4
255 555 43 37 p.
330 545 15 38 l.,
406 542 144 41 5-238
580 554 43 37 p.
685 542 52 40 19½
773 544 43 21 cm
821 574 7 8 .

129 598 51 51 ©
207 603 116 38 Nov.
353 601 40 39 6.
420 600 140 46 1933;
591 600 66 40 2c.
687 599 95 39 and
810 598 83 41 aff.
920 599 117 38 Nov.
1067 597 53 47 9;
1152 598 40 38 A
1219 597 169 45 67014;
1422 596 199 40 Grosset
1651 596 37 39 &
1715 596 208 45 Dunlap,
1953 594 90 40 inc.

209 657 278 49 (33-32220)

128 755 482 68 Schermerhorn,
636 756 255 56 William
921 756 210 65 David,
1163 755 172 54 1871-

201 837 119 52 The
364 836 293 56 Christian
697 836 233 53 mission
970 836 60 53 in
1071 835 95 53 the
1207 834 235 54 modern
1483 833 181 53 world
1712 833 108 68 [by]
1864 830 261 58 William

129 915 193 53 David
347 915 460 55 Schermerhorn.
868 917 138 50 New
1031 914 179 55 York,
1236 913 327 55 Cincinnati
1596 917 138 62 [etc.]
1763 912 121 52 The
132 910 1971 136 Abingdon
270 1011 156 50 press
461 1027 11 33 [
479 999 17 21 c
501 996 152 62 1933]

195 1066 85 41 360
310 1078 41 36 p.
384 1067 107 39 incl.
525 1077 150 37 maps.
734 1068 54 38 21½cm.

198 1125 140 45 Maps
367 1135 60 28 on
456 1122 362 48 lining-papers.

197 1180 345 46 Bibliography:
607 1189 43 39 p.
685 1179 217 40 325-350.

133 1231 1997 52 © Oct. 9, 1933; 2c. and aff. Oct. 10; A 65550; W. D. Schermerhorn.
200 1294 262 38 Evanston.
496 1294 75 38 Ill.
642 1291 278 49 (33-32389)

133 1392 320 68 Schlosser,
487 1393 338 55 Alexander
852 1395 83 65 L.,
970 1398 173 49 1888-

205 1472 300 68 “Lawyers
557 1477 152 48 must
763 1472 143 66 eat”,
961 1473 75 66 by
1090 1472 329 52 Alexander
1472 1472 65 51 L.
1592 1470 306 55 Schlosser.
1987 1468 139 53 New

138 1549 172 67 York,
343 1550 121 53 The
495 1551 316 67 Vanguard
846 1569 156 49 press
1041 1583 13 34 [
1059 1555 17 21 c
1082 1553 132 49 1933]

205 1622 781 49 viii p., 1 l., 11-248 p. 19½c m .
135 1676 1999 51 © Nov. 1, 1933; 2c. Nov. 8; aff. Nov. 4; A 66957; Vanguard press, inc.
214 1737 280 48 (33-32360)

135 1824 336 65 Schneider,
508 1825 326 64 Elisabeth,
873 1828 169 51 1897-

205 1902 121 54 The
352 1902 275 54 aesthetics
653 1902 63 53 of
742 1902 258 53 William
1028 1902 255 65 Hazlitt;
1314 1921 30 33 a
1372 1902 171 67 study
1570 1899 62 54 of
1660 1900 95 53 the
136 1898 1972 136 philosophical

259 1979 149 54 basis
446 1979 63 53 of
543 1979 90 55 his
671 1978 287 70 criticism,
993 1979 75 69 by
1110 1978 295 56 Elisabeth
1444 1977 326 58 Schneider.
139 1976 1970 149 Philadelphia,

321 2057 334 69 University
686 2058 61 52 of
778 2057 420 68 Pennsylvania
1231 2076 172 49 press,
1439 2059 148 49 1933.

207 2128 101 48 viii,
338 2129 85 39 200
449 2140 42 37 p.
548 2130 55 38 21c
624 2132 27 20 m
657 2163 8 7 .

208 2187 171 39 Issued
409 2187 103 39 also
542 2197 53 29 as
627 2185 152 41 thesis
820 2187 14 45 (PH.
1013 2187 13 46 D.)
1069 2186 282 48 University
1384 2187 51 39 of
1467 2185 371 48 Pennsylvania.

209 2243 258 40 “Hazlitt's
507 2243 200 43 reading
745 2244 48 38 in
833 2241 301 50 philosophy,
1175 2243 257 47 aesthetics,
1472 2245 93 39 and
1606 2243 290 41 criticism”:
1939 2255 42 37 p.
138 2244 1999 103 186-191;
282 2300 348 48 Bibliography:
690 2311 42 37 p.
764 2299 215 42 193-200.

208 2358 170 39 Issued
407 2358 103 39 also
537 2368 53 28 as
619 2357 151 40 thesis
807 2356 14 48 (PH.
995 2357 13 46 D.)
1046 2357 282 48 University
1358 2357 51 40 of
1438 2357 373 49 Pennsylvania.

142 2413 51 51 ©
220 2417 100 41 Oct.
346 2418 69 45 27,
440 2417 113 40 1933;
609 2418 66 39 2c.
701 2418 117 38 Nov.
845 2417 52 46 2;
926 2416 83 41 aff.
1034 2396 123 60 Novi
1179 2417 25 39 3;
1260 2417 41 37 A
1326 2416 170 46 66881;
1528 2416 283 49 University
1835 2417 52 40 of
208 2417 1916 97 Pennsylvania
380 2484 148 38 press.
603 2473 279 48 (33-32403)

141 2561 323 67 Sedgwick,
495 2565 204 63 Henry
730 2560 261 69 Dwight,
1024 2567 171 50 1861-

213 2640 120 53 The
372 2647 89 46 art
502 2640 62 52 of
603 2640 334 68 happiness;
981 2659 78 47 or,
1100 2640 122 52 The
1262 2640 290 67 teachings
1591 2639 62 52 of
1693 2639 287 68 Epicurus
2025 2674 12 34 [
2043 2640 73 67 by]

145 2718 196 68 Henry
388 2716 237 70 Dwight
672 2717 314 68 Sedgwick.
1070 2718 416 67 Indianapolis,
1530 2718 122 51 The
1697 2717 441 54 Bobbs-Merrill

142 2813 277 50 company
455 2830 12 33 [
473 2803 17 21 c
496 2799 151 64 1933]

213 2867 571 48 x p., 1 l., 13-181 p. 19½ cm.
215 2924 160 39 “First
414 2923 227 41 edition.”

146 2980 1998 52 © Sept. 13, 1933; 2c. Sept. 20; aff. Sept. 22; A 66205; Bobbs-Merrill co.
225 3040 279 49 (33-32242)

145 3129 241 66 Shreve,
414 3131 187 64 Royal
628 3131 219 57 Oman.

215 3207 118 50 The
363 3205 236 55 finished
632 3208 323 66 scoundrel;
992 3207 242 55 General
1267 3209 195 53 James
1487 3206 343 69 Wilkinson,
1860 3205 286 54 sometime

148 3284 623 54 commander-in-chief
815 3285 61 53 of
919 3286 94 52 the
1057 3304 162 49 army
1264 3285 62 53 of
1368 3286 96 53 the
1507 3285 216 55 United
1770 3284 205 68 States,
2017 3283 126 53 who

147 3361 161 53 made
333 3361 249 68 intrigue
605 3382 28 32 a
658 3365 162 51 trade
846 3364 109 51 and
979 3369 277 48 treason-a
1282 3363 335 67 profession,
1640 3363 72 69 by
1736 3362 184 69 Royal
1947 3360 197 55 Oman

149 3437 224 55 Shreve.
447 3440 414 67 Indianapolis.
897 3441 121 55 The
1053 3441 440 52 Bobbs-Merrill
1529 3459 277 50 company
1846 3475 12 33 [
1864 3447 17 21 c
1888 3443 151 64 1933]

217 3509 854 50 319 p. front. (port.) illus. 22½cm.
220 3567 138 47 Maps
391 3577 59 30 on
483 3568 362 48 lining-papers.

219 3623 374 49 Bibliography:
629 3636 43 37 p.
725 3625 233 48 [299]-308.

153 3679 51 52 ©
233 3684 99 41 Oct.
361 3686 69 44 31,
458 3685 113 40 1933;
630 3684 64 41 2c.
726 3686 115 38 Nov.
871 3687 26 38 3:
957 3685 81 41 aff.
1067 3686 119 39 Nov.
1213 3686 54 41 4;
1299 3686 41 38 A
1367 3685 170 47 65952;
1571 3686 367 40 Bobbs-Merrill
1969 3698 68 29 co.

229 3741 278 49 (33-32197)

154 3828 197 68 Silzer,
386 3832 225 65 George
644 3834 76 63 S.,
756 3830 172 55 1870-

221 3906 159 53 Trial
413 3908 151 52 brief
597 3909 62 52 of
691 3910 111 51 law
835 3909 248 69 practice
1116 3911 60 52 in
1208 3911 140 52 New
1382 3911 218 68 Jersey,
1631 3911 76 68 by
1738 3912 153 53 Hon.
1926 3911 222 67 George

156 3980 1717 75 S. Silzer … Newark, N. J., Sonev & Sage co., 1933.
