2582 4453
1278 4122 98 49 1026

335 418 302 67 [Basiaux,
667 418 167 67 Paul]
873 419 173 56 1887-

333 496 2020 147 … Réveil; l’apôtre de Jemeppe et sa révélation … [Bois-Colombes] Éditions de l’Onde, 1932.
409 648 447 51 1 p. l., 53 p. 18 ½ cm.
411 706 231 41 Author’s
681 707 183 48 pseud.,
905 705 306 43 Jean-Marie
1250 706 259 49 Defrance,
1552 710 53 39 at
1643 710 126 39 head
1810 708 52 42 of
1900 708 123 42 title.

339 775 2021 111 © June 27, 1932; 1c. Aug. 15; A-Foreign 17749; Paul Basiaux, Bois-Colombes (Seine) France. (33-18640)
331 929 213 64 Beaty,
571 928 157 54 John
755 928 72 53 Y.

405 1005 164 69 Jolly
608 1005 244 53 outdoor
890 1003 135 70 life;
1069 1024 31 34 a
1139 1004 307 54 children’s
1487 1004 224 70 picture
1750 1004 151 55 book
1940 1005 64 54 of
2046 1005 156 55 farm
2244 1008 114 54 and

336 1085 216 53 animal
584 1083 124 69 life,
742 1084 203 53 stories
978 1083 77 70 by
1090 1083 159 55 John
1285 1084 72 53 Y.
1396 1085 215 69 Beaty;
1651 1085 399 70 photographs
2085 1086 77 70 by
2198 1087 57 54 J.
2295 1086 64 56 C.

333 1162 2019 72 Allen … Chicago, New York, M. A. Donohue & co. [c1933]
412 1236 84 53 [89]
522 1248 45 39 p.
595 1238 111 42 incl.
731 1237 166 49 front.,
927 1236 128 42 illus.
1116 1236 149 43 31½cm.

408 1296 291 40 Illustrated
729 1295 366 48 lining-papers.

407 1353 156 48 Pages
603 1351 144 52 [5-41]
782 1352 259 48 published
1079 1353 279 47 separately
1392 1354 156 39 under
1584 1352 111 41 title
1712 1363 9 30 :
1761 1352 116 42 Just
1912 1355 117 47 dogs;
2095 1364 45 38 p.
2184 1353 174 53 [53-89]

334 1410 260 48 published
622 1411 279 49 separately
928 1411 156 39 under
1111 1409 110 41 title
1239 1419 8 30 :
1279 1409 241 41 Vacation
1549 1411 135 46 days.

341 1465 52 53 ©
427 1471 119 46 July
577 1469 69 42 20.
682 1469 141 47 1933;
858 1470 67 39 2c.
961 1470 97 39 and
1092 1468 83 42 aff.
1209 1469 119 48 July
1360 1469 83 47 24;
1478 1467 46 41 A
1554 1469 172 48 64500;
1764 1471 62 39 M.
1862 1470 53 39 A.
1952 1471 240 40 Donohue
2224 1471 36 41 &
2292 1481 69 30 co.

421 1526 283 50 (33-18901)

406 1616 139 55 Just
589 1617 170 69 dogs;
808 1634 32 35 a
884 1614 309 56 children’s
1237 1615 224 69 picture
1506 1615 150 54 book
1700 1615 65 54 of
1811 1617 145 69 dogs
1999 1618 115 53 and
2159 1617 204 55 stories

338 1696 176 54 about
548 1696 175 68 them,
757 1695 203 54 stories
993 1695 77 69 by
1105 1693 158 55 John
1300 1695 72 53 Y.
1409 1696 206 68 Beaty,
1649 1696 401 70 photographs
2085 1696 76 70 by
2199 1697 57 55 J.
2296 1695 64 55 C.

337 1774 191 54 Allen.
606 1774 274 70 Chicago,
914 1774 140 54 New
1092 1773 182 70 York,
1309 1774 81 53 M.
1426 1773 71 54 A.
1534 1774 282 54 Donohue
1852 1777 46 51 &
1934 1793 80 35 co.
2057 1777 195 66 [c1933]

412 1849 85 51 [41]
525 1859 45 38 p.
598 1849 110 41 incl.
735 1849 164 47 front.,
929 1849 129 40 illus.
1119 1846 148 42 31½cm.

413 1906 289 41 Illustrated
734 1905 365 49 lining-papers.

410 1962 265 42 Published
708 1963 104 41 also
847 1963 120 41 with
1001 1964 84 40 the
1119 1961 220 43 author’s
1376 1961 269 42 “Vacation
1679 1962 151 48 days”
1866 1963 156 41 under
2055 1963 137 41 title:
2232 1963 130 49 Jolly

338 2023 208 39 outdoor
574 2021 102 42 life.

343 2076 52 54 ©
430 2082 117 48 July
579 2080 71 48 20,
683 2080 115 42 1933;
861 2080 68 41 2c.
962 2081 97 40 and
1093 2079 81 41 aff.
1210 2079 117 49 July
1360 2079 83 48 24;
1479 2079 43 40 A
1555 2078 172 50 64501;
1765 2080 63 41 M.
1863 2079 55 43 A.
1953 2080 237 41 Donohue
2225 2080 36 41 &
2294 2091 67 30 co.

421 2138 283 50 (33-18899)
2150 2136 122 43 6823

409 2228 286 56 Vacation
733 2229 171 69 days;
946 2247 32 35 a
1017 2227 308 55 children’s
1364 2228 223 69 picture
1626 2227 149 54 book
1813 2227 64 54 of
1914 2228 267 54 vacation
2221 2228 143 69 days

339 2326 75 35 on
442 2309 96 52 the
570 2306 173 69 farm,
773 2308 203 53 stories
1005 2307 76 70 by
1115 2306 158 55 John
1307 2308 72 53 Y.
1413 2309 215 68 Beaty;
1664 2307 400 70 photographs
2096 2306 76 71 by
2204 2307 56 55 J.
2297 2305 63 56 C.

338 2386 193 54 Allen.
608 2386 273 70 Chicago,
917 2387 139 53 New
1094 2386 182 68 York,
1310 2386 80 54 M.
1427 2386 70 53 A.
1533 2386 282 53 Donohue
1851 2388 47 51 &
1933 2404 79 35 co.
2098 2387 154 67 [c1933]

414 2460 85 52 [41]
527 2471 44 38 p.
598 2461 110 41 incl.
738 2461 164 48 front.,
931 2461 129 40 illus.
1121 2459 148 42 31½cm.

411 2517 290 42 Illustrated
736 2518 365 49 lining-papers.

412 2575 265 42 Published
725 2575 104 41 also
877 2576 122 40 with
1047 2576 84 40 the
1180 2573 220 43 author’s
1449 2573 144 42 “Just
1640 2573 147 49 dogs”
1838 2574 155 41 under
2039 2573 137 42 title:
2229 2572 132 49 Jolly

339 2634 208 40 outdoor
577 2632 102 43 life.

345 2688 52 52 ©
431 2693 117 47 July
580 2692 70 47 29,
684 2692 115 41 1933;
862 2692 68 41 2c.
965 2692 96 39 and
1095 2690 82 41 aff.
1213 2691 116 41 July
1363 2691 84 46 24;
1482 2690 43 40 A
1556 2689 173 49 64502;
1766 2691 61 39 M.
1863 2690 54 40 A.
1953 2690 237 41 Donohue
2224 2689 38 41 &
2293 2699 69 31 co.

423 2749 283 50 (33-18900)

337 2840 235 65 Brown,
603 2839 323 66 Josephine
955 2839 249 66 Chapin.

412 2918 121 54 The
560 2918 158 53 rural
747 2918 353 70 community
1128 2919 112 54 and
1269 2916 173 56 social
1470 2936 124 35 case
1621 2915 159 55 work
1828 2916 94 70 [by]
1955 2915 314 70 Josephine
2297 2913 63 57 C.

342 3000 230 51 Brown.
650 2998 140 53 New
842 2998 180 68 York,
1074 2998 69 53 N.
1198 2997 91 70 Y.,
1340 2995 232 72 Family
1622 2995 235 55 welfare
1908 2993 341 56 association
2298 2995 65 54 of

339 3077 269 54 America
665 3079 179 65 [c1933]

413 3152 65 47 ix,
510 3152 85 41 165
628 3163 44 38 p.
733 3151 148 41 19½cm.

416 3209 299 50 “Suggested
746 3209 232 49 reading”
997 3220 10 30 :
1039 3221 43 38 p.
1114 3209 218 41 157-165.

346 3263 2018 54 © June 9, 1933; 2c. and aff. June 10; A 64315; Family welfare assn. of
414 3326 240 41 America.
726 3325 282 49 (33-18918)

338 3401 184 67 Bryk,
554 3400 185 67 Felix,
770 3407 173 50 1882-

416 3479 441 64 Voodoo-Eros;
884 3479 382 68 ethnological
1292 3478 215 54 studies
1530 3478 60 52 in
1615 3478 95 54 the
1735 3473 228 59 sex-life
1989 3473 63 54 of
2074 3473 97 53 the
346 3469 1989 141 African
477 3556 339 70 aborigines,
841 3557 74 69 by
945 3557 165 53 Felix
1138 3557 190 68 Bryk;
1358 3555 317 55 translated
1705 3555 153 52 from
1885 3553 97 54 the
2009 3551 249 55 German
2285 3550 75 68 by

343 3633 212 69 Mayne
577 3634 67 52 R.
669 3634 228 55 Sexton.
960 3635 137 53 New
1123 3635 178 68 York,
1322 3637 158 52 Priv.
1506 3634 158 69 print.
1706 3633 92 53 for
1822 3630 361 67 subscribers,
2209 3631 148 49 1933.

415 3706 88 40 256
533 3717 43 37 p.
610 3706 110 41 incl.
750 3707 165 41 front.,
948 3708 128 40 illus.
1140 3708 146 40 23½cm.

418 3763 240 42 “Limited
694 3767 49 39 to
778 3765 86 40 495
901 3765 159 49 copies
1099 3767 105 40 sold
1242 3766 112 49 only
1391 3767 61 46 by
1489 3764 330 49 subscription
1858 3766 49 38 to
1945 3760 281 52 physicians
2265 3760 94 40 and

345 3822 140 40 adult
509 3823 225 40 students
760 3822 53 40 of
839 3824 227 45 sexology
1093 3825 96 38 and
1215 3824 368 46 anthropology.
1641 3822 121 40 This
1788 3832 120 37 copy
1935 3820 41 40 is
2003 3820 203 40 number
2233 3816 69 42 2.”

418 3879 229 41 Lettered
680 3890 60 29 on
771 3890 168 30 cover:
979 3878 338 50 Subscription
1350 3880 198 41 edition.

416 3935 157 42 Music
591 3947 9 29 :
638 3947 41 38 p.
716 3936 100 41 124.

347 3992 52 52 ©
435 3997 128 39 June
597 3997 67 45 19,
700 3997 141 46 1933;
878 3998 65 39 2c.
981 3998 95 39 and
1111 3996 83 42 aff.
1230 3997 130 40 June
1391 3997 83 46 28;
1512 3997 40 39 A
1588 3996 171 46 63433;
1801 3994 98 49 Syd
1938 3991 275 46 Shuldiner,
2248 3989 118 39 New

414 4053 146 42 York.
632 4054 258 49 (33-18795)
