2597 4403
1343 4091 69 50 84

349 411 318 67 Morrison,
702 412 388 54 Gouverneur
1122 411 249 64 Merion,
1402 411 87 55 ed.

423 489 186 52 Bells:
660 486 151 57 their
862 489 225 67 history
1140 488 114 52 and
1303 505 281 50 romance,
1636 486 190 53 edited
1878 486 76 69 by
2005 485 373 54 Gouverneur

350 565 320 69 Morrison;
709 565 330 56 illustrated
1078 565 76 69 by
1197 564 239 56 Charles
1475 564 270 56 Sindelar
1784 564 114 55 and
1940 563 222 69 George
2199 563 176 52 Keen.

351 644 182 55 Santa
563 644 279 69 Barbara,
873 644 57 54 J.
961 644 66 53 F.
1058 643 224 69 Rowny
1312 661 176 51 press,
1521 646 151 50 1932.

420 716 86 50 xii,
530 716 178 42 13-347
733 728 45 38 p.
830 716 167 47 front.,
1023 716 173 49 plates,
1223 719 151 46 ports.
1429 716 57 41 23½
1520 718 44 23 cm
1568 749 10 10 .

421 775 295 41 Illustrated
745 773 371 49 lining-papers.

355 845 53 54 ©
437 850 114 41 Dec.
578 849 72 49 30,
678 847 142 48 1932;
851 847 68 41 2c.
948 848 98 39 and
1073 846 84 41 aff.
1187 848 110 39 Jan.
1328 848 40 46 7,
1398 845 142 49 1933;
1572 847 42 40 A
1643 847 172 48 58740;
1848 847 54 41 G.
1934 846 258 50 Morrison,
2226 847 151 41 Santa

424 907 240 47 Barbara,
697 905 145 42 Calif.
915 904 255 49 (33-2195)

351 1010 123 53 The
511 1008 287 55 National
839 1008 351 70 cyclopædia
1231 1009 64 53 of
1333 1008 312 54 American
1683 1008 346 70 biography,
2067 1009 175 70 being
2279 1008 99 53 the

421 1089 225 68 history
675 1089 65 53 of
765 1089 98 53 the
890 1088 221 56 United
1142 1089 191 55 States
1362 1108 59 33 as
1450 1088 329 53 illustrated
1807 1089 61 52 in
1894 1089 97 53 the
2018 1088 142 53 lives
2189 1089 63 53 of
2279 1088 99 53 the

422 1169 297 68 founders,
747 1169 274 68 builders,
1050 1168 114 53 and
1192 1168 306 53 defenders
1525 1168 64 53 of
1616 1168 97 53 the
1740 1168 277 69 republic,
2046 1168 114 53 and
2190 1168 65 53 of
2280 1169 97 52 the

423 1268 129 34 men
585 1249 114 52 and
731 1266 220 35 women
984 1249 128 53 who
1143 1267 95 34 are
1271 1247 180 70 doing
1481 1249 97 52 the
1609 1248 160 52 work
1801 1248 114 53 and
1947 1247 306 71 moulding
2279 1249 99 52 the

423 1329 252 68 thought
702 1328 63 53 of
793 1328 99 53 the
918 1333 232 64 present
1178 1327 155 53 time.
1411 1327 216 54 Edited
1656 1328 76 68 by
1760 1328 427 66 distinguished
423 1328 1932 149 biographers,

717 1408 244 53 selected
996 1407 157 54 from
1189 1408 136 52 each
1361 1412 165 63 state,
1561 1407 222 53 revised
1820 1408 114 53 and
1971 1409 297 67 approved
2301 1408 76 68 by

423 1488 97 53 the
556 1494 149 47 most
741 1486 253 54 eminent
1027 1486 333 68 historians,
1396 1487 255 54 scholars
1688 1488 114 52 and
1835 1492 309 50 statesmen
2181 1489 64 53 of
2280 1489 97 53 the

423 1567 131 69 day.
632 1585 52 34 v.
714 1568 84 50 22.
875 1567 141 53 New
1049 1565 182 69 York,
1261 1566 198 54 James
1491 1567 66 52 T.
1588 1566 198 56 White
1815 1570 48 50 &
1891 1585 301 51 company,
2224 1571 154 50 1932.

423 1639 841 52 2 p. l., 457, [4] p. ports. 28c m .
355 1709 52 53 ©
446 1714 113 39 Dec.
596 1713 72 48 27,
706 1712 114 41 1932;
887 1711 69 41 2c.
994 1713 110 39 Jan.
1142 1711 71 48 27,
1251 1710 143 49 1933;
1436 1711 83 42 aff.
1557 1713 113 40 Jan.
1705 1712 84 47 26;
1830 1713 43 39 A
1910 1711 173 50 60086;
2123 1714 171 40 James
2328 1713 54 42 T.

424 1770 167 42 White
615 1771 38 41 &
676 1780 70 32 co.

352 1877 176 66 Neef,
560 1875 322 55 Frederick
913 1875 175 66 Emil,
1119 1876 173 55 1872-

422 1954 58 54 A
516 1952 302 56 text-book
854 1951 67 56 of
955 1952 253 70 surgical
1245 1952 265 70 nursing,
1546 1952 78 71 by
1661 1952 316 54 Frederick
2014 1953 70 54 E.
2124 1953 151 55 Neef
2318 1997 59 11 …

352 2033 330 54 illustrated
714 2032 144 54 with
890 2035 66 50 41
988 2030 369 71 engravings.
1422 2030 433 71 Philadelphia,
1887 2032 117 54 Lea
2038 2034 47 52 &
2116 2031 267 72 Febiger,

354 2115 153 52 1933.

427 2188 65 45 xi,
527 2186 207 52 [17]-173
763 2195 45 39 p.
868 2183 146 50 illus.,
1045 2183 181 49 diagrs.
1287 2182 59 42 20½
1377 2184 45 23 cm
1426 2215 10 9 .
1508 2183 257 54 (Lettered
1790 2196 62 30 on
1881 2195 165 32 cover:
2074 2185 104 42 The
2208 2196 174 31 nurses

353 2245 108 40 text
488 2243 125 41 book
644 2243 176 48 series)

357 2299 52 53 ©
441 2304 111 40 Jan.
581 2298 213 54 3,1933;
825 2300 69 42 2c.
925 2302 110 39 Jan.
1066 2300 53 48 6;
1152 2300 84 42 aff.
1266 2301 111 40 Jan.
1408 2300 54 48 9;
1494 2299 42 40 A
1565 2300 172 48 57853;
1771 2301 97 40 Lea
1899 2301 40 41 &
1966 2302 218 48 Febiger.

436 2359 253 50 (33-2117)

353 2465 149 53 New
533 2464 166 54 York
731 2465 383 67 supplement.
1193 2462 171 55 Cases
1399 2463 218 69 argued
1651 2463 113 52 and
1798 2464 356 54 determined
2188 2464 62 53 in
2282 2465 98 53 the

428 2543 184 55 Court
651 2544 64 52 of
756 2543 256 67 appeals,
1055 2542 279 68 Supreme
1373 2542 114 53 and
1527 2543 174 52 lower
1741 2547 190 50 courts
1971 2544 64 53 of
2074 2545 201 53 record
2316 2543 63 54 of

427 2623 140 53 New
618 2622 166 54 York
834 2626 165 63 state,
1049 2620 142 53 with
1242 2620 111 69 key
1403 2621 242 53 number
1695 2621 385 55 annotations,
2154 2640 52 35 v.
2258 2626 123 52 258.

426 2700 452 71 July-October,
912 2703 152 50 1932.
1144 2699 84 55 St.
1260 2701 169 68 Paul,
1459 2702 165 54 West
1652 2700 340 71 publishing
2022 2720 99 50 co.,
2154 2705 155 52 1932.

425 2789 114 35 xxv,
569 2776 129 47 1087,
733 2775 131 50 [178],
896 2776 60 40 58
982 2786 44 38 p.
1086 2775 56 40 23½
1176 2777 44 20 cm
1226 2807 8 8 .

360 2844 52 53 ©
441 2849 113 40 Dec.
582 2848 70 46 13,
681 2845 143 49 1932;
854 2846 69 41 2c.
952 2847 110 39 Jan.
1092 2846 70 48 11,
1191 2845 143 48 1933;
1367 2846 83 40 aff.
1480 2847 111 40 Jan.
1621 2846 82 48 12;
1735 2847 41 39 A
1804 2847 173 48 58884;
2009 2849 137 39 West
2174 2849 111 48 pub.
2315 2858 67 31 co.

357 2966 285 65 Nicholls,
671 2966 159 55 John
861 2966 306 56 Saunders
1197 2965 225 65 Clymo,
1454 2967 173 54 1871-

427 3047 123 52 The
581 3044 112 55 rise
725 3046 114 53 and
872 3045 229 69 growth
1134 3045 64 52 of
1230 3046 97 51 the
1362 3046 144 52 East
1538 3048 218 51 Boston
1788 3057 220 58 courts;
2045 3066 73 35 an
357 3048 2000 131 historical

484 3126 114 53 and
638 3124 309 54 statistical
986 3129 256 62 account,
1279 3123 143 54 with
1461 3142 31 35 a
1532 3123 248 54 forecast
1816 3124 66 54 of
1918 3126 98 53 the
2052 3126 176 55 social
2266 3129 114 53 and

357 3202 346 55 economical
731 3201 325 56 conditions
1085 3203 61 53 in
1174 3204 97 52 the
1299 3201 230 55 district
1557 3203 61 54 in
1645 3205 98 51 the
1769 3221 137 51 year
1936 3209 153 64 1980,
2118 3205 76 69 by
2223 3207 159 54 John

359 3282 58 57 S.
450 3284 63 55 C.
546 3282 261 54 Nicholls
841 3326 57 10 …
980 3283 143 52 East
1153 3284 237 63 Boston,
1421 3282 192 68 Mass.,
1643 3283 56 55 J.
1732 3283 58 56 S.
1824 3282 64 56 C.
1919 3282 278 71 Nicholls,
2229 3289 151 51 1933.

430 3358 87 39 173
544 3367 43 38 p.
647 3357 167 47 front.,
843 3356 173 48 plates,
1046 3357 152 47 ports.
1258 3355 56 40 23½
1347 3357 45 21 cm
1397 3386 9 9 .

363 3424 52 53 ©
451 3430 110 39 Jan.
597 3429 40 46 5,
673 3427 142 48 1933;
852 3427 68 42 2c.
957 3429 109 39 Jan.
1103 3427 82 46 14;
1223 3426 83 42 aff.
1343 3428 111 39 Jan.
1490 3428 82 46 13;
1610 3427 42 40 A
1686 3426 172 49 57926;
1898 3429 44 40 J.
1981 3428 45 41 S.
2064 3428 48 41 C.
2150 3427 233 51 Nicholls,

432 3488 121 38 East
581 3487 199 45 Boston,
809 3486 148 39 Mass.
1030 3484 254 50 (33-2248)

360 3589 318 65 Nisenson,
708 3589 258 56 Samuel.

430 3665 165 55 More
633 3666 219 52 minute
890 3663 397 70 biographies;
1328 3663 265 56 intimate
1633 3663 273 71 glimpses
1945 3664 122 53 into
2107 3665 96 54 the
2243 3665 142 55 lives

360 3744 65 52 of
449 3746 100 49 150
573 3743 225 54 famous
821 3759 128 36 men
973 3742 114 53 and
1110 3759 236 52 women,
1370 3741 74 69 by
1471 3741 230 57 Samuel
1726 3741 280 56 Nisenson
2030 3743 114 53 and
2168 3743 214 56 Alfred

363 3821 220 55 Parker
616 3864 56 10 …
767 3819 137 52 [New
938 3819 180 69 York]
1154 3818 232 56 Grosset
1416 3821 45 50 &
1492 3819 237 70 Dunlap
1806 3823 153 66 [c1933]

432 3891 86 41 160
545 3903 45 38 p.
647 3891 131 42 illus.
834 3891 56 41 26
893 3893 44 22 cm
943 3923 8 10 .

366 3961 52 53 ©
450 3966 111 39 Jan.
592 3966 70 45 12,
693 3965 114 41 1933
826 3977 8 30 :
867 3966 68 40 2c.
967 3966 96 39 and
1095 3965 82 41 aff.
1210 3966 111 41 Jan.
1353 3966 82 47 14;
1469 3966 41 40 A
1541 3966 170 47 58906;
1748 3966 200 42 Grosset
1981 3967 36 41 &
2048 3966 211 48 Dunlap,
2293 3966 91 42 inc.

445 4022 253 48 (33-2058)
