2484 4405
1147 4065 132 48 1911

273 484 733 51 1 p. l., 64 p. 1 illus. 22 cm .
209 542 52 51 ©
290 547 116 38 Nov.
435 546 68 46 27,
532 544 140 46 1933;
702 544 66 39 2c.
798 544 111 39 Dec.
939 544 51 45 1;
1022 542 83 39 aff.
1134 542 116 38 Nov.
1280 541 81 46 28;
1394 540 40 39 A
1492 539 140 46 67329;
1664 539 161 46 Upton
1858 536 220 41 Sinclair,
2109 534 92 41 Los

277 604 219 45 Angeles.
567 600 220 49 (34-646)

211 683 209 66 [Snow,
451 682 246 54 Charles
722 682 204 64 Percy]
964 683 171 48 1905-

276 760 139 52 New
448 760 138 51 lives
621 758 92 53 for
745 758 110 52 old.
948 757 260 66 London,
1239 757 69 52 V.
1341 754 292 67 Gollancz,
1665 754 123 67 ltd.,
1822 757 151 49 1933.

274 831 84 43 399
386 843 43 38 p.
490 830 54 41 19
547 833 43 21 cm
596 861 8 9 .

210 882 1974 112 © 1c. Sept. 19, 1933; A ad int. 18186; pubd. July 24; C. P. Snow, Cambridge, England. (34-2271)
209 1032 377 66 Supervielle,
616 1033 182 65 Jules,
832 1035 168 50 1884-

276 1110 194 68 Along
507 1109 94 52 the
639 1109 139 53 road
816 1114 57 47 to
914 1108 353 67 Bethlehem,
1304 1108 76 68 by
1418 1107 161 54 Jules
1623 1106 383 69 Supervielle;
210 1105 1971 135 illustrated
422 1187 75 68 by
521 1187 171 67 Mary
719 1186 286 53 Adshead.
1070 1186 140 52 New
1241 1184 179 69 York,
1449 1185 68 52 E.
1546 1186 64 52 P.
1642 1186 225 51 Dutton
1896 1185 45 49 &
1970 1201 98 52 co.,
2096 1183 107 52 inc.

232 1267 175 65 [ c 1933]
280 1337 1314 51 5 p. l., 64, [1] p. incl. front., illus., plates. 19½ cm .
279 1396 161 40 “First
470 1395 226 40 edition.”

281 1454 197 39 London
506 1452 182 40 edition
729 1453 254 47 (Methuen
1013 1452 35 38 &
1076 1462 83 36 co.,
1190 1453 111 44 ltd.)
1339 1452 89 39 has
1458 1451 135 40 title:
1628 1451 139 40 Souls
1798 1450 50 40 of
1879 1451 80 40 the
1991 1450 218 40 soulless.

547 1509 171 40 CONTENTS.—The
762 1520 59 29 ox
865 1509 94 39 and
1004 1509 80 40 the
1128 1518 93 36 ass,
1267 1509 272 38 translated
1583 1508 58 47 by
1687 1507 174 39 Darsie
1907 1506 304 47 Japp.—The

210 1565 140 48 flight
376 1565 101 40 into
506 1566 170 47 Egypt,
706 1566 272 39 translated
1009 1566 58 45 by
1097 1564 176 39 Darsie
1302 1563 383 49 Japp.—Noah's
1715 1564 102 46 ark,
1849 1564 272 39 translated
2150 1561 58 47 by

209 1622 163 39 Norah
401 1609 229 52 Nichoils.

215 1674 51 52 ©
296 1679 116 39 Nov.
443 1680 38 44 1,
512 1677 139 47 1933;
684 1678 64 38 2c.
780 1678 118 39 Nov.
928 1676 52 47 2;
1015 1676 81 41 aff.
1129 1677 108 39 Jan.
1269 1677 38 47 5,
1340 1676 140 46 1934;
1513 1676 42 39 A
1584 1675 169 47 65914;
1788 1677 51 37 E.
1873 1676 49 39 P.
1954 1677 187 38 Dutton
2174 1674 35 39 &

281 1745 81 36 co.,
393 1734 88 40 inc.
554 1734 220 48 (34-863)

211 1806 353 67 Thorndike,
597 1810 252 52 Edward
881 1810 134 62 Lee,
1052 1810 171 52 1874-

277 1886 95 50 An
398 1886 408 66 experimental
832 1887 171 66 study
1028 1885 64 53 of
1117 1886 265 66 rewards,
1408 1887 73 66 by
1508 1886 253 52 Edward
1787 1886 64 51 L.
1879 1885 333 54 Thorndike

209 1963 1976 148 and the staff of the Division of psychology, Institute of educational research, Teachers college, Columbia university …
209 2119 138 53 New
378 2118 161 54 York
568 2120 132 67 city,
729 2120 277 53 Teachers
1034 2121 230 68 college,
1294 2120 299 54 Columbia
1624 2122 335 67 university,
1991 2124 148 50 1933.

281 2194 1925 48 3 p. l., 72 p. illus., diagrs. 23½ cm . (Teachers college, Columbia
211 2251 285 47 university.
556 2250 367 41 Contributions
953 2256 47 36 to
1029 2251 272 47 education,
1330 2262 73 29 no.
1433 2251 110 47 580)

283 2308 127 39 “The
446 2307 372 48 investigations
856 2310 223 46 reported
1117 2309 46 38 in
1201 2309 98 39 this
1334 2309 297 47 monograph
1668 2318 125 29 were
1829 2309 137 39 made
2004 2309 206 47 possible

214 2363 59 47 by
301 2374 27 30 a
357 2367 144 45 grant
529 2365 126 39 from
685 2365 80 39 the
796 2364 233 49 Carnegie
1058 2364 352 48 corporation.”

215 2417 51 52 ©
296 2422 101 40 Oct.
427 2422 37 47 6,
494 2422 113 40 1933
626 2433 8 36 ;
665 2423 68 39 2c.
762 2424 95 38 and
887 2421 81 41 aff.
998 2423 112 39 Dec.
1142 2423 81 46 20;
1255 2423 42 38 A
1326 2423 169 46 67604;
1528 2423 241 40 Teachers
1799 2424 191 46 college,
281 2423 1910 95 Columbia
388 2479 129 39 univ.
588 2479 220 48 (34-910)

212 2551 240 67 Torrey,
481 2553 241 54 Reuben
750 2555 247 66 Archer,
1030 2559 323 50 1856-1928.

286 2630 175 54 What
510 2631 94 53 the
656 2630 164 57 Bible
871 2632 249 66 teaches;
1175 2652 29 33 a
1256 2632 282 68 thorough
1592 2632 112 53 and
1757 2633 453 68 comprehensive

212 2707 1975 229 study of what the Bible has to say concerning the great doctrines of which it treats, by R. A. Torrey … New York, Chicago [etc.] Fleming H. Revell company [c1933]
282 2935 565 50 1 p. l., 539 p. 23 cm .
283 2992 352 41 “Seventeenth
671 2994 225 40 edition.”

218 3048 50 51 ©
301 3053 111 40 Dec.
443 3054 69 42 16,
544 3054 112 39 1933
676 3065 8 35 ;
718 3055 65 38 2c.
818 3056 94 38 and
944 3055 83 39 aff.
1060 3056 109 40 Dec.
1203 3056 82 47 28;
1320 3058 42 38 A
1394 3056 169 48 68597;
1599 3058 220 46 Fleming
1903 3091 7 7 H.
1943 3059 168 40 Revell
2144 3067 66 31 co.

305 3105 51 52 [©
389 3111 195 46 preface
615 3115 47 36 to
695 3113 79 38 the
806 3112 112 39 17th
951 3113 86 48 ed.]
1111 3113 251 48 (34-1080)

213 3181 284 68 Trollope,
529 3186 304 64 Anthony,
867 3189 324 54 1815-1882.

283 3261 272 69 Hunting
586 3263 269 65 sketches,
887 3265 75 66 by
995 3267 279 67 Anthony
1308 3269 296 66 Trollope;
1644 3270 138 52 with
1816 3289 72 33 an
215 3270 1970 122 introduction
371 3339 76 68 by
480 3341 193 54 James
711 3343 183 66 Boyd,
987 3387 8 8 M.
1073 3388 8 8 F.
1174 3389 6 8 H.
1224 3349 110 51 and
1374 3347 288 66 drawings
1697 3347 73 66 by
1808 3349 211 51 Robert
2060 3350 144 51 Ball.

214 3416 139 54 New
381 3418 179 66 York,
586 3419 82 52 At
694 3420 94 51 the
818 3420 127 68 sign
974 3421 63 53 of
1062 3422 96 52 the
1187 3423 227 55 Gosden
1442 3425 163 60 head,
1636 3429 150 48 1933.

289 3499 79 37 xx,
395 3490 83 40 103
504 3501 56 36 p.,
586 3492 22 36 1
657 3523 8 7 l.
692 3491 107 39 incl.
829 3493 162 45 front.,
1017 3494 142 42 illus.,
1188 3496 169 45 plates,
1386 3500 145 43 ports.
1594 3497 54 37 25
1652 3499 42 20 cm
1702 3530 7 7 .

290 3545 287 41 Illustrated
606 3547 347 49 lining-papers;
1017 3550 264 47 rail-pieces
1312 3554 95 37 and
1438 3552 201 40 initials.

291 3600 146 42 “This
462 3602 42 41 is
527 3614 73 29 no.
626 3603 84 41 153
737 3605 51 40 of
814 3616 61 29 an
902 3607 182 39 edition
1113 3607 51 40 of
1187 3607 85 41 950
1298 3609 201 47 copies.”

220 3653 51 52 ©
303 3659 111 40 Dec.
445 3659 69 47 20,
546 3661 138 42 1933;
718 3662 65 39 2c.
818 3665 94 37 and
945 3663 82 41 aff.
1059 3665 110 40 Dec.
1203 3665 83 47 28;
1320 3668 41 36 A
1394 3666 168 47 68657;
1600 3667 190 41 Gosden
1821 3670 138 40 head,
1995 3672 83 37 ltd.
2160 3664 50 52 [©

285 3715 328 43 introduction
644 3721 94 38 and
768 3719 343 52 illustrations]
1185 3722 221 48 (34-822)

219 3776 427 68 Troubetzkoy,
682 3782 205 64 Maire,
959 3783 260 55 "Princess
1256 3786 143 53 Paul
1435 3787 466 66 Troubetzkoy.”

290 3852 189 56 Storm
523 3861 157 64 tarn;
726 3881 31 34 a
799 3864 157 64 story
997 3860 64 54 of
1100 3862 96 53 the
1240 3860 149 68 fells,
1430 3864 75 68 by
1546 3864 259 56 Princess
1848 3869 144 51 Paul
216 3870 1971 131 Troubetzkoy.
545 3935 259 70 London,
836 3938 262 67 Grayson
1132 3942 44 50 &
1207 3940 263 69 Grayson
1508 3946 171 65 [1933]
