2582 4453
1298 4118 135 50 1854

421 517 1483 52 2 p. l., 310 p. illus., diagrs. (3 fold., in pocket) 26 cm .
352 574 2002 117 “Das alpine Europa … umfasst die gesamtheit der jungen, mesozoischtertiären hochgebirge, die von Gibraltar an die Ägäis ziehen.”—p. l.
425 701 309 41 “Literatur”:
796 711 42 37 p.
869 699 219 42 292-305.

353 742 2003 136 © Oct. 16, 1931; 1c. Apr. 24, 1933; A -Foreign 20700; Gebrüder Borntraeger. ( A 32-881)
356 934 84 53 La
471 934 163 64 Dow,
667 933 332 56 Elizabeth.

423 1011 200 53 Heard
657 1011 290 68 melodies,
980 1011 76 69 by
1091 1010 305 53 Elizabeth
1428 1012 85 52 La
1547 1011 163 53 Dow.
1783 1012 188 52 North
2007 1011 369 69 Montpelier,

355 1091 113 66 Vt.,
495 1090 122 53 The
643 1088 331 55 Driftwind
1001 1108 176 51 press,
1207 1092 151 51 1933.

421 1164 57 41 38
505 1175 58 37 p.,
594 1163 24 40 1
669 1197 8 7 l.
740 1165 230 39 mounted
997 1173 63 38 pl.
1121 1164 56 40 17
1180 1165 46 22 cm
1230 1196 8 8 .

423 1222 184 41 Poems.

355 1291 53 53 ©
434 1296 89 40 Oct
546 1296 39 47 1,
611 1294 114 42 1933;
779 1294 67 41 2c.
873 1294 103 42 Oct.
1001 1296 28 39 7;
1081 1294 81 40 aff.
1191 1294 102 41 Oct.
1318 1295 25 39 5;
1398 1295 40 38 A
1463 1294 146 40 66527;
1663 1295 52 38 E.
1741 1294 68 40 La
1836 1295 135 47 Dow,
1997 1294 204 47 Visalia,
2228 1293 146 42 Calif.

432 1353 283 49 (33-39434)

356 1459 211 64 Lösch,
595 1459 261 64 August.

355 1534 1995 150 … Was ist vom geburtenrückgang zu halten? … Heidenheim (Württemberg) Im eigenen verlag, 1932.
423 1691 29 40 2
479 1700 42 32 v.
576 1690 130 42 illus.
737 1690 187 50 (maps)
960 1689 181 49 diagrs.
1200 1689 56 42 23
1260 1691 45 22 cm
1310 1723 8 8 .

423 1748 151 41 “Eine
600 1749 203 38 frühere
830 1748 208 47 fassung
1064 1747 178 41 erhielt
1269 1749 93 39 den
1389 1746 425 49 Helffericli-preis
1843 1757 93 30 von
1965 1745 157 40 1930.”

426 1806 231 41 “Zitierte
684 1805 271 43 Schriften”:
1013 1816 28 29 v.
1084 1806 40 46 2,
1152 1816 43 38 p.
1223 1805 160 41 94-95.

355 1873 2004 110 © Oct. 15, 1932; 1c. each Nov. 26; A -Foreign 20805; A. Lösch, Heidenheim. Germany. (33-19895)
356 2038 148 67 Lux,
538 2039 192 57 Clara.

433 2116 238 69 [Sitten;
712 2119 89 53 ein
840 2119 284 54 leitfaden
1161 2119 128 54 fürs
1323 2121 162 56 haus,
1522 2138 110 35 von
1670 2120 173 56 Clara
1879 2122 127 51 Lux
2043 2120 118 52 und
2201 2119 170 54 Clara

355 2198 1995 147 Tietjens … v. 2] Stuttgart, Lux-bücher Selbstverlag, in kommission bei Franckh [ c 1932]
425 2351 407 49 86 p. illus. 23 ½cm.
425 2410 101 39 Vol.
565 2410 28 39 2
629 2410 90 39 has
757 2410 110 40 title:
935 2410 127 40 Gute
1098 2410 249 41 lebensart
1385 2410 83 39 für
1507 2412 88 38 das
1635 2411 149 47 junge
1822 2409 237 40 mädchen
2100 2418 91 30 von
2232 2409 145 39 heute

360 2468 123 48 (Der
515 2468 170 39 zweite
717 2468 126 40 band
878 2470 84 37 des
995 2467 188 41 Werkes
1217 2468 203 47 “Sitten,
1456 2468 79 40 ein
1568 2468 239 41 leitfaden
1841 2468 108 40 fürs
1983 2466 179 49 haus”)

355 2534 52 52 ©
479 2549 72 29 Nov.
577 2539 70 46 20,
674 2538 141 48 1932;
845 2541 66 38 1c.
939 2540 111 40 Feb.
1076 2540 70 45 23,
1174 2539 140 42 1933;
1344 2540 40 39 A
1387 2540 272 46 -Foreign
1685 2540 139 40 19901;
1887 2539 359 40 Franckh'sche
421 2549 1936 96 verlagshandlung,
824 2598 71 39 W.
924 2598 169 40 Keller
1120 2598 36 40 &
1211 2611 24 27 co.

356 2699 224 66 Mendt,
615 2700 254 68 Arthur,
908 2705 171 54 1887-

427 2778 109 54 Die
577 2779 233 54 technik
852 2780 59 52 in
955 2781 101 53 der
1097 2781 151 54 krise
1292 2799 228 36 unserer
1563 2781 127 68 zeit,
1735 2800 107 34 von
1887 2782 227 53 Arthur
2156 2780 217 54 Mendt.

357 2856 218 71 Berlin,
630 2858 437 54 Volksverband
1121 2860 101 54 der
1276 2860 476 68 bücherfreunde,
1812 2858 563 71 Wegweiser-verlag

356 2937 570 70 g. m. b. h. [ c 1933]
425 3009 86 41 277
544 3020 57 38 p.,
635 3010 24 40 1
713 3043 8 8 l.
783 3010 180 49 diagrs.
1027 3012 55 40 18½
1115 3013 44 21 cm
1164 3044 9 8 .

427 3066 202 42 “Dieses
655 3068 132 40 werk
816 3068 65 40 ist
908 3069 65 39 im
1001 3069 313 41 vierzehnten
1344 3071 242 47 buchjahr
1613 3073 73 38 als
1714 3072 177 39 dritter
1920 3074 124 38 band
2073 3074 85 38 der
2187 3070 185 41 vierten

356 3125 522 41 Wissenschaftlichen
921 3127 309 47 jahresreihe
1279 3127 107 47 (W)
1435 3128 84 39 für
1559 3128 79 40 die
1677 3128 276 47 mitglieder
1994 3131 83 38 des
356 3129 2001 95 Volksverbandes
565 3184 86 40 der
680 3183 394 41 bücherfreunde
1102 3185 284 47 hergestellt
1417 3188 196 38 worden
1644 3188 95 38 und
1773 3186 120 40 wird
1924 3198 93 29 nur
2045 3199 60 28 an
2137 3187 133 40 diese
354 3188 2002 101 abgegeben.”

356 3299 2021 53 © Feb. 1, 1933; 1c. Apr. 29; A -Foreign 20753; Volksverband der
423 3360 405 42 bücherfreunde,
858 3359 497 48 Wegweiser-verlag,
1384 3371 39 36 g.
1454 3372 60 28 m.
1543 3362 40 38 b.
1650 3394 6 6 h.
1730 3360 282 48 (33-30249)

355 3464 285 66 Mitraud,
671 3464 258 58 Simone.

430 3543 84 53 La
554 3562 97 34 rue
688 3544 96 53 des
824 3545 217 65 Postes,
1079 3544 398 54 actuellement
1515 3565 97 33 rue
1651 3547 320 67 Lhomond,
2009 3552 54 47 et
2101 3565 84 35 ses
359 3547 1992 129 alentours.
616 3624 152 66 [Par]
835 3622 233 56 Simone
1125 3623 279 53 Mitraud.
1487 3625 202 66 [Paris,
1746 3623 367 69 Imprimerie

361 3625 1990 128 Kauffmann]
591 3705 150 51 1933.

433 3775 1245 51 3 p. l., [5]-58 p., 1 1. illus. (inch plan) 29 cm .
438 3834 149 48 “Cinq
627 3836 136 38 cents
802 3834 325 49 exemplaires
1164 3835 116 40 dont
1320 3837 107 37 cent
1467 3834 277 42 numérotés
1782 3845 85 30 sur
1904 3835 127 42 vélin
2070 3836 28 41 à
2134 3838 48 38 la
2218 3837 158 41 forme

364 3891 350 47 Montgolfier.”

359 3946 52 52 ©
439 3952 115 45 May
577 3950 69 47 29,
674 3950 141 47 1933;
844 3952 67 39 1c.
939 3951 116 48 July
1082 3951 81 42 18;
1194 3952 101 38 A-
1297 3952 208 46 Foreign
1531 3951 136 40 21561;
1737 3952 193 40 Simone
1956 3952 233 47 Mitraud,
2218 3951 155 42 Paris.

436 4008 282 49 (33-31113)
