2582 4453
1347 4120 135 47 1526

404 436 225 55 Punch,
748 486 7 8 v.
790 444 116 65 185,
934 461 91 34 no.
1053 444 155 65 4815,
1239 440 248 56 October
1518 444 82 64 11,
1631 444 153 51 1933.

407 526 2018 52 © 1c. Dec. 6, 1933; A ad int. 18456; pubd. Oct. 11; Herbert Heather,
475 588 212 39 London.

401 687 320 68 Sandford,
750 691 281 53 Kenneth
1062 691 231 66 Stuart,
1325 694 172 49 1899-

537 764 1886 71 … Paleolithic man and the Nile valley in Nubia and upper
405 846 229 69 Egypt;
669 867 28 32 a
730 845 174 69 study
936 845 63 53 of
1027 846 98 54 the
1157 844 196 70 region
1386 844 214 69 during
1632 844 263 54 Pliocene
1927 846 113 53 and
2076 843 347 54 Pleistocene

406 924 180 65 times,
628 924 74 69 by
744 925 73 52 K.
862 923 55 55 S.
965 922 295 56 Sandford
1306 923 111 55 and
1463 924 87 52 W.
1596 924 54 53 J.
1698 923 216 54 Arkell.
1998 921 270 70 Chicago,
2313 923 29 51 Ill

404 1002 122 55 The
555 1003 339 67 University
927 1002 62 53 of
1021 1000 254 70 Chicago
1305 1020 157 51 press
1499 1005 173 66 [1933]

475 1074 1949 50 xvii, 92 p. illus., XLIII pl., maps (1 fold.) diagrs. 30½ cm . (The
404 1131 284 49 University
724 1132 52 40 of
813 1131 226 49 Chicago,
1078 1132 221 41 Oriental
1337 1132 228 41 institute
1601 1133 342 48 publications,
2009 1136 91 39 vol.
2255 1134 14 45 XVII)

475 1190 330 41 “Prehistoric
839 1200 177 38 survey
1046 1190 52 40 of
1130 1191 159 47 Egypt
1323 1191 94 39 and
1450 1194 210 37 western
1693 1190 274 41 Asia—vol.
2044 1192 37 39 II.”

407 1263 2004 110 © Aug. 31, 1933; 2c. Oct. 14; aff. Oct. 13; A 66635; University of Chicago, Chicago. (33-31869)
401 1430 163 64 Sass,
594 1430 261 53 Herbert
884 1428 280 56 Ravenel.

473 1506 161 54 Look
668 1507 146 53 back
845 1513 60 48 to
939 1506 168 69 glory
1150 1507 110 68 [by]
1303 1506 253 54 Herbert
1590 1508 254 52 Ravenel
1883 1506 149 55 Sass.
402 1507 1996 144 Indianapolis,

559 1585 123 53 The
713 1585 448 53 Bobbs-Merrill
1194 1603 283 50 company
1695 1619 12 34 [c1933]

473 1659 772 50 xii p.. 2 l., 17-360 p. 20½ cm .
476 1717 163 41 “First
666 1717 229 41 edition.”

407 1771 51 52 ©
485 1776 120 39 Nov.
633 1775 39 46 1,
700 1774 114 41 1983;
872 1774 66 41 2c.
969 1776 94 38 and
1093 1774 81 40 aff.
1203 1775 119 39 Nov.
1350 1776 54 45 4;
1435 1774 43 39 A
1504 1774 171 47 65951;
1707 1774 374 41 Bobbs-Merrill
2108 1785 67 30 co.

488 1832 282 48 (33-31889)

402 1935 288 66 Shepard,
722 1935 318 66 Kathleen,
1070 1937 196 66 pseud.

472 2012 90 54 No
593 2019 235 63 regrets,
858 2015 77 67 by
965 2014 289 53 Kathleen
1289 2013 284 69 Shepard.
1641 2014 141 53 New
1816 2014 181 64 York,
2029 2013 71 54 A.
2134 2014 76 53 H.
2243 2013 179 69 King,

406 2098 151 49 1933.

471 2168 221 49 251 p. 19½cm.
407 2234 1853 53 © Nov. 3, 1933; 2c. and aff. Nov. 4; A 65956; Alfred H. King. inc.
485 2296 282 49 (33-31883)

403 2396 276 71 Sherriff,
711 2402 225 53 Robert
970 2400 226 66 Cedric,
1231 2404 173 50 1896-

401 2478 1995 148 … Badereise im September, roman. Deutsch von Hans Reisiger.
639 2557 219 69 Berlin,
891 2557 59 56 S.
981 2558 238 53 Fischer
1255 2592 13 34 [
1274 2565 17 21 c
1297 2561 152 64 1933]

475 2630 803 51 3 p. l., 9-340, [1] p., 1 l. 20 cm .
476 2689 64 40 At
565 2690 126 40 head
719 2688 52 42 of
796 2689 137 40 title:
964 2689 55 41 B.
1051 2688 48 41 C.
1132 2688 223 42 Sherriff.

479 2745 173 42 “Erste
680 2746 74 41 bis
785 2746 156 41 vierte
969 2746 193 49 auflage
1193 2745 158 42 1933.”

478 2803 157 41 “Titel
665 2805 83 40 des
779 2804 281 48 englischen
1091 2804 264 48 originals:
1387 2805 101 40 The
1517 2804 245 49 fortnight
1794 2805 48 38 in
1877 2805 322 48 September.”

406 2875 2018 53 © May 18, 1933; 1c. Sept. 1; A-Foreign 21984; S. Fischer verlag, a.-g.
485 2936 283 50 (33-32268)

404 3042 190 54 South
627 3042 255 53 Dakota.
958 3042 281 68 Supreme
1273 3047 175 48 court.

476 3119 1945 69 Reports of cases decided … from decisions of January 30,
407 3202 152 64 1931,
587 3206 58 48 to
673 3199 112 52 and
813 3199 302 68 including
1141 3198 278 53 decisions
1447 3197 63 55 of
1539 3199 335 68 September
1900 3202 85 55 21,
2015 3201 150 51 1931.
2229 3201 193 53 Notes,

405 3276 318 54 references
778 3277 112 53 and
947 3278 189 55 index,
1191 3279 74 66 by
1321 3278 147 51 Karl
1526 3277 348 56 Goldsmith,
1931 3282 161 48 court
2146 3283 275 63 reporter,

405 3374 51 35 v.
490 3359 81 50 58.
647 3356 216 67 Pierre,
897 3356 160 55 State
1090 3357 337 68 publishing
1458 3376 76 34 co.,
1588 3360 150 50 1933.

474 3431 81 40 vii.
585 3431 84 40 684
700 3442 40 37 p.
803 3430 56 41 23½
892 3433 45 21 cm
943 3463 7 7 .

407 3484 1999 107 © Nov. 7, 1933; 2c. and aff. Nov. 11; A 67076: Myrtle Morrison, secretary
618 3545 50 38 of
696 3548 130 37 state
854 3546 52 38 of
934 3547 85 38 the
1045 3548 130 38 state
1203 3546 51 39 of
1287 3546 152 40 South
1469 3546 210 45 Dakota,
1710 3546 49 38 in
1790 3548 130 37 trust
1948 3545 81 39 for
2058 3546 81 39 the
2167 3544 176 40 benefit
2373 3544 53 40 of

478 3604 82 37 the
592 3605 168 45 people
791 3602 51 41 of
874 3603 107 39 said
1015 3605 142 44 state,
1193 3603 179 47 Pierre,
1411 3603 43 40 S.
1489 3604 56 38 D.

406 3706 451 65 Spottiswoode,
886 3710 138 52 Mrs.
1055 3707 163 64 Sybil
1249 3707 361 65 Gwendolin,
1642 3709 171 55 1879-

475 3785 120 51 The
647 3785 176 53 wheel
875 3786 57 52 in
982 3786 259 68 turning,
1290 3787 75 67 by
1417 3786 164 68 Sybil
1635 3787 439 68 Spottiswoode.
2160 3787 258 53 London.

402 3862 63 52 L.
495 3863 272 61 Dickson,
795 3863 225 54 limited
1078 3867 153 65 [1933]

477 3935 649 52 2 p. l., 315. [1] p. 19 cm .
407 3991 2012 53 © 1c. Sept. 22. 1933; A ad int. 18279: pubd. Sept. 25; Lovat Dickson ltd.
488 4052 282 48 (33-32601)
