2597 4403
1404 4066 99 50 126

415 399 269 65 Parrish,
716 399 228 62 Wayne
974 396 279 56 William.

481 475 95 52 An
614 475 216 53 outline
864 473 64 52 of
961 473 390 67 technocracy,
1385 472 77 68 by
1494 471 219 68 Wayne
1749 470 90 54 W.
1875 469 268 68 Parrish;
2181 470 140 52 with
2358 489 71 33 an

411 546 1994 151 introduction by Harold Rugg … New York, Farrar & Rinehart, inc. [c1933]
487 700 85 49 xii,
601 700 89 40 242
717 710 42 38 p.
818 699 57 40 21½
907 702 45 21 cm
957 730 9 10 .

422 756 52 53 ©
511 762 111 40 Jan.
657 760 70 47 26,
764 758 143 49 1933;
944 759 69 41 2c.
1050 760 109 39 Jan.
1197 759 83 48 30;
1320 758 84 43 aff.
1441 760 110 39 Jan.
1588 758 83 48 27;
1710 758 41 39 A
1789 757 171 49 59190;
1999 759 71 39 W.
2109 759 72 40 W.
2220 757 219 49 Parrish,

488 819 119 39 New
637 818 147 40 York.
855 817 253 48 (33-3458)

419 898 229 68 Pieper,
680 900 247 55 Charles
953 900 176 65 John,
1162 901 174 54 1887-

486 978 311 69 Everyday
850 979 288 68 problems
1192 979 61 52 in
1308 978 230 53 science.
1627 978 163 68 (Rev.
1847 977 114 69 ed.)
2047 980 92 67 By
2194 978 239 56 Charles

415 1056 1994 149 John Pieper … and Wilbur Lee Beauchamp … Chicago, Atlanta [etc.]
787 1136 181 69 Scott,
996 1138 314 51 Foresman
1341 1137 113 52 and
1485 1154 282 51 company
1843 1140 154 64 [c1933]

489 1211 168 50 xxxiv,
686 1212 85 41 734
798 1223 45 37 p.
899 1211 146 48 illus.,
1074 1211 87 41 col.
1191 1212 77 47 pi.,
1296 1210 184 49 diagrs.
1536 1211 117 41 20cm.

426 1265 52 52 ©
513 1270 111 39 Jan.
658 1267 69 44 27,
762 1269 142 47 1933;
941 1269 67 40 2c.
1044 1269 98 40 and
1175 1268 83 40 aff.
1294 1268 111 41 Feb.
1441 1269 53 46 1;
1530 1269 42 38 A
1607 1267 170 48 59208;
1818 1268 148 47 Scott,
2003 1268 267 39 Foresman
2306 1268 36 40 &
2375 1276 67 32 co.

499 1325 253 48 (33-3582)

411 1404 226 55 Punch,
713 1427 50 34 v.
797 1411 118 65 183,
942 1427 90 34 no.
1060 1407 157 69 4772,
1243 1410 136 52 Dec.
1407 1410 86 66 21,
1524 1410 151 51 1932.

422 1478 2019 53 © 1c. Feb. 18, 1933; A ad int. 17478; pubd. Dec. 21, 1932; Herbert
490 1540 237 47 Heather,
756 1540 212 39 London.

424 1621 331 65 Raymond,
785 1621 192 57 Allen.

492 1698 179 54 What
696 1698 49 54 is
773 1698 411 70 technocracy?
1252 1701 93 67 By
1372 1699 176 53 Allen
1575 1700 326 67 Raymond.
1964 1699 141 53 New
2137 1697 162 55 York
2327 1698 112 53 and

423 1776 259 69 London,
716 1777 348 68 Whittlesey
1099 1779 192 67 house,
1324 1777 437 55 McGraw-Hill
1795 1778 148 53 book
1978 1795 300 51 company,
2313 1777 128 68 inc.,

422 1857 153 51 1933.

499 1927 82 49 vii,
620 1927 86 42 180
744 1939 44 38 p.
848 1928 60 40 20
910 1930 43 22 cm
957 1961 10 9 .

500 1986 76 40 An
604 1986 271 48 expansion
902 1986 51 42 of
979 1987 116 41 four
1121 1985 201 43 articles
1351 1986 161 41 which
1540 1998 126 31 were
1692 1987 259 50 published
1979 1987 51 40 in
2060 1989 82 39 the
2170 1987 118 42 New
2316 1988 131 40 York

429 2042 174 41 herald
632 2042 198 43 tribune
860 2043 51 40 in
943 2042 265 43 December
1240 2042 129 42 1932.
1430 2044 62 46 cf.
1528 2044 129 42 Pref.

503 2100 164 41 “First
709 2099 232 43 edition.”

430 2155 52 53 ©
513 2161 112 39 Jan.
654 2159 70 47 20,
754 2158 143 49 1933;
930 2158 68 42 2c.
1029 2159 112 41 Jan.
1170 2158 84 48 24;
1287 2158 83 42 aff.
1401 2159 112 40 Jan.
1543 2159 85 47 28;
1661 2160 42 38 A
1731 2159 172 48 60046;
1938 2159 355 41 McGraw-Hill
2324 2160 125 40 book

499 2228 83 37 co.,
613 2217 92 40 inc.
777 2216 254 50 (83-3400)

423 2297 436 67 Reichenbach,
889 2300 188 64 Hans,
1110 2304 173 50 1891-

497 2377 179 54 Atom
716 2379 113 52 and
869 2395 243 50 cosmos;
1154 2378 96 52 the
1287 2378 182 53 world
1508 2377 65 54 of
1607 2380 238 52 modern
1883 2379 249 68 physics,
2168 2378 76 69 by
2281 2379 168 53 Hans

425 2455 2020 58 Reichenbach … translated and revised in collaboration with the
430 2535 2019 69 author by Edward S. Allen … New York, The Macmillan
427 2631 301 51 company,
758 2617 151 50 1933.

500 2686 1328 50 6 p. l., [17]-300 p. front., plates, diagrs. 20½ cm .
501 2744 103 39 “An
633 2745 279 47 outgrowth
941 2744 53 40 of
1021 2745 211 40 lectures
1262 2744 159 40 which
1451 2745 82 39 the
1564 2745 179 39 author
1773 2743 261 42 broadcast
2062 2744 50 39 in
2142 2744 168 40 Berlin
431 2746 2001 105 during
541 2804 82 39 the
650 2802 177 40 winter
857 2802 52 41 of
937 2801 444 42 1929-30.”—Pref.

437 2856 52 53 ©
519 2861 111 40 Jan.
659 2861 70 47 17,
757 2858 143 50 1933;
930 2860 68 42 2c.
1028 2862 97 39 and
1152 2859 81 42 aff.
1266 2861 110 39 Jan.
1406 2860 83 47 18;
1520 2860 42 40 A
1590 2859 171 49 59013;
1794 2860 285 41 Macmillan
2108 2872 68 30 co.

516 2917 252 50 (33-3402)

434 3008 166 66 Reid,
631 3009 189 53 Helen
852 3008 266 65 Dwight.

505 3085 428 54 International
987 3085 319 55 servitudes
1361 3086 62 53 in
1476 3087 111 53 law
1643 3087 113 53 and
1810 3086 269 69 practice,
2133 3087 75 68 by
2265 3087 187 53 Helen

433 3162 2016 71 Dwight Reid … with a foreword by Dr. James Brown Scott.
435 3240 273 71 Chicago,
741 3242 115 68 Ill.,
890 3243 121 53 The
1048 3241 342 70 University
1424 3243 64 54 of
1522 3242 255 70 Chicago
1813 3261 157 50 press
2010 3276 13 35 [
2029 3250 17 21 c
2051 3246 134 50 1932
2193 3277 11 33 ]

509 3316 119 47 xxii,
656 3315 86 42 254
772 3327 43 38 p.
875 3315 56 41 21
936 3318 43 21 cm
983 3348 10 9 .

513 3372 351 50 Bibliography:
924 3384 44 37 p.
1018 3371 236 52 [211]-238.

442 3426 52 53 ©
526 3431 101 40 Oct.
657 3431 69 49 25,
757 3430 141 42 1932:
930 3433 65 38 2c.
1028 3431 110 40 Jan.
1169 3431 69 47 18,
1270 3429 114 41 1933;
1444 3430 81 40 ail.
1557 3431 111 40 Jan.
1698 3431 59 40 16;
1814 3431 39 39 A
1884 3430 144 41 57994;
2089 3430 284 51 University
2404 3432 52 40 of

513 3488 224 49 Chicago,
770 3487 224 49 Chicago.
1067 3486 253 50 (33-3399)

439 3580 326 64 Reymond,
796 3579 226 53 Martin
1055 3580 225 62 Henry.

511 3653 409 69 Permanently
965 3652 204 70 curing
1211 3652 383 70 depressions;
1640 3676 31 35 a
1713 3672 121 34 new
1875 3652 154 70 light
2070 3655 64 52 of
2176 3655 281 53 economic

442 3729 1992 150 understanding upon the subject of depressions, by M. H. Reymond … New York, The Baker and Taylor company, 1933.
510 3879 86 42 128
623 3891 43 38 p.
722 3880 181 49 diagrs.
959 3880 56 41 19
1018 3882 44 22 cm
1067 3913 9 9 .

447 3936 52 52 ©
531 3941 110 39 Jan.
675 3941 67 41 16,
775 3940 141 48 1933;
949 3941 68 41 2c.
1049 3942 94 39 and
1177 3940 81 40 nff.
1291 3942 111 41 Jan.
1433 3941 83 48 23;
1550 3942 40 38 A
1622 3941 171 49 59080;
1829 3944 60 37 M.
1924 3943 59 39 H.
2018 3942 264 48 Reymond,
515 3943 1929 102 Binghamton,
761 3999 57 41 N.
852 3999 51 39 Y.
975 3998 253 50 (33-3455)
