2484 4405
1037 4064 100 48 593

84 406 237 64 Nadler,
352 406 257 53 Marcus.

155 484 120 51 The
305 481 256 67 banking
589 480 188 67 crisis;
812 481 94 51 the
937 479 106 52 end
1076 478 65 52 of
1172 495 71 34 an
1276 476 193 68 epoch,
1499 475 76 67 by
1605 476 230 52 Marcus
1866 474 216 54 Nadler

147 553 1934 73 … and Jules I. Bogen … New York, Dodd, Mead & company,
89 644 149 49 1933.

158 725 63 48 ix,
258 724 85 40 202
378 734 43 37 p.
481 722 55 41 19c
556 725 26 20 m
587 752 8 9 .

91 792 51 52 ©
171 796 113 47 Apr.
314 795 68 46 21,
412 792 140 47 1933;
583 794 66 39 2c.
679 793 114 47 Apr.
822 793 82 45 25;
937 791 82 40 aff.
1050 791 111 47 Apr.
1192 790 82 46 26;
1307 789 40 38 A
1376 788 144 40 62326
1538 798 8 36 ;
1580 787 154 46 Dodd,
1766 786 141 40 Mead
1938 786 37 40 &
2002 795 83 38 co.,

159 853 90 41 inc.
319 850 279 51 (33-10951)

85 956 262 64 Nathan,
379 956 226 62 George
635 955 167 63 Jean,
836 958 170 50 1882-

161 1033 166 55 Since
363 1031 197 67 Ibsen;
604 1049 31 34 a
673 1030 304 53 statistical
1015 1028 295 53 historical
1348 1025 216 55 outline
1603 1025 64 54 of
1704 1026 96 53 the
1840 1024 248 70 popular

89 1112 218 52 theatre
334 1111 150 51 since
514 1111 150 65 1900,
691 1108 73 69 by
791 1107 222 69 George
1042 1107 148 53 Jean
1219 1105 250 53 Nathan.
1534 1104 139 53 New
1704 1103 181 68 York,
1913 1104 71 53 A.
2014 1103 71 54 A.

89 1188 223 68 Knopf,
343 1189 150 51 1933.

156 1261 28 38 4
209 1271 43 38 p.
314 1292 9 17 l.,
351 1259 158 49 3-162,
555 1258 43 51 [2]
628 1269 43 37 p.
732 1256 55 41 19½
821 1260 43 21 cm
869 1292 9 8 .

93 1329 51 52 ©
173 1334 112 47 Apr.
313 1333 68 47 15,
411 1332 113 40 1933
541 1342 9 36 ;
581 1332 67 40 2c.
677 1332 114 46 Apr.
819 1331 82 46 20;
933 1330 82 40 aff.
1044 1331 112 47 Apr.
1188 1330 81 45 18;
1300 1329 41 39 A
1370 1328 170 47 62304;
1574 1328 51 40 G.
1658 1328 44 40 J.
1731 1327 213 46 Nathan,
1972 1328 118 39 New

161 1391 144 39 York.
376 1389 278 49 (33-10742)

87 1492 263 65 Nathan,
379 1496 139 51 Mrs.
547 1492 178 53 Maud
764 1491 305 66 (Nathan)
1109 1496 170 50 1862-

163 1566 1925 72 Once upon a time and today, by Maud Nathan … With 28
92 1646 394 53 illustrations.
545 1648 138 52 New
709 1647 179 66 York,
909 1647 259 65 London,
1190 1646 69 55 G.
1283 1646 65 53 P.
1373 1645 296 53 Putnam’s
1692 1662 147 48 sons,
1865 1647 152 50 1933.

166 1721 83 39 xvi
274 1732 59 37 p.,
360 1721 23 38 1
409 1721 43 47 ].,
481 1719 171 41 19-327
678 1732 42 37 p.
775 1719 164 47 front.,
966 1720 171 48 plates,
1165 1720 148 47 ports.
1374 1718 55 39 22
1433 1720 43 22 cm
1480 1750 10 9 .

95 1788 53 52 ©
181 1793 112 46 Apr.
329 1793 39 46 7,
405 1791 139 45 1933;
582 1791 66 39 2c.
684 1791 113 47 Apr.
834 1791 80 45 17;
954 1789 81 40 aff.
1072 1790 113 47 Apr.
1223 1789 81 46 15;
1342 1789 40 38 A
1417 1788 171 47 61383;
1628 1789 61 38 M.
1727 1788 211 47 Nathan,
1975 1788 118 39 New

162 1849 144 39 York.
373 1847 279 47 (33-10701)

89 1951 279 54 National
396 1951 276 54 research
699 1950 242 55 council.

164 2029 420 53 International
639 2028 221 53 critical
915 2030 179 52 tables
1149 2029 63 51 of
1265 2028 312 52 numerical
1632 2028 153 66 data,
1839 2026 247 70 physics,

91 2108 304 66 chemistry
429 2109 111 51 and
571 2108 357 68 technology,
959 2107 284 68 prepared
1274 2107 182 52 under
1487 2107 96 52 the
1614 2107 254 67 auspices
1900 2107 63 53 of
1994 2107 97 52 the

91 2185 421 53 International
553 2187 255 53 research
851 2185 220 54 council
1114 2187 112 51 and
1267 2186 94 52 the
1402 2185 273 53 National
1717 2186 269 69 academy
2026 2186 63 51 of

91 2267 257 65 sciences,
376 2266 73 65 by
478 2265 94 52 the
600 2265 273 54 National
902 2266 257 51 research
1189 2265 219 52 council
1438 2265 63 52 of
1530 2265 94 52 the
1653 2265 217 54 United
1901 2264 188 55 States

91 2344 63 53 of
184 2343 279 53 America.
539 2344 201 67 Index,
773 2345 250 51 volumes
1055 2362 159 34 i-vii.
1293 2343 300 68 Compiled
1624 2344 76 68 by
1731 2344 270 55 Clarence
2033 2346 55 53 J.

90 2421 2000 56 West … with the collaboration of Callie Hull … New York
94 2502 111 51 and
247 2502 257 64 London,
546 2502 141 52 Pub.
731 2501 95 52 for
867 2502 95 51 the
1003 2501 274 53 National
1319 2502 256 54 research
1618 2502 220 52 council
1879 2503 75 68 by
1995 2502 96 52 the

91 2577 428 56 McGraw-Hill
547 2580 147 52 book
722 2598 296 50 company,
1047 2579 126 69 inc.,
1205 2583 150 52 1933.

166 2655 80 46 vii,
279 2655 83 40 321
398 2666 42 37 p.
503 2655 56 40 28½
591 2657 43 20 cm
640 2686 8 9 .

100 2721 51 52 ©
185 2726 111 47 Apr.
330 2726 69 44 29,
434 2725 112 40 1933
565 2736 8 34 ;
610 2726 66 39 2c.
712 2726 113 46 May
858 2725 52 46 5;
947 2725 81 39 aff.
1066 2726 114 46 May
1213 2725 82 46 22;
1331 2725 40 38 A
1406 2725 169 46 62746;
1613 2726 129 39 Natl,
1778 2726 231 46 academy
2043 2725 52 41 of

167 2782 223 47 sciences,
423 2783 334 46 Washington.

93 2884 145 53 New
263 2884 161 53 York
489 2884 190 68 (State)
766 2884 206 53 Courts
1001 2887 63 66 of
1089 2886 215 52 record.

225 2963 1865 68 … The miscellaneous reports. Cases decided in the Courts
96 3041 63 51 of
195 3042 195 51 record
427 3041 63 52 of
526 3042 95 51 the
655 3048 145 48 state
835 3041 64 53 of
933 3044 137 52 New
1109 3042 163 52 York
1307 3043 161 51 other
1504 3044 139 51 than
1680 3044 96 51 the
1812 3043 180 54 Court
2028 3043 63 52 of

95 3121 232 67 appeals
381 3121 111 51 and
544 3121 94 52 the
690 3122 284 68 appellate
1025 3121 249 52 division
1326 3122 62 52 of
1439 3122 95 52 the
1588 3121 274 69 Supreme
1913 3127 178 48 court.

94 3198 211 52 Austin
335 3201 66 52 B.
433 3196 218 70 Griffin,
683 3206 270 61 reporter,
1030 3217 50 36 v.
1115 3205 114 48 145.
1307 3204 149 49 1932.
1537 3198 238 70 [Official
1807 3202 103 65 ed.]
96 3202 1970 143 Albany,

289 3280 55 53 J.
374 3281 65 50 B.
468 3281 162 65 Lyon
656 3297 296 51 company,
981 3283 149 48 1932.

169 3337 102 61 xiii,
303 3352 87 40 959
420 3363 43 37 p.
522 3353 55 39 23½
611 3355 42 21 cm
659 3383 8 9 .

102 3417 51 52 ©
185 3423 114 46 May
328 3423 68 46 23,
429 3422 139 46 1933;
601 3423 67 39 2c.
702 3423 125 39 June
857 3424 25 39 3
902 3434 8 35 ;
946 3423 80 39 aff.
1061 3424 116 47 May
1207 3423 82 47 29;
1323 3424 40 38 A
1395 3423 170 47 62896;
1600 3423 212 40 Edward
1845 3424 43 40 J.
1923 3423 170 47 Flynn,

170 3482 246 44 secretary
449 3479 52 39 of
535 3480 82 39 the
651 3482 128 38 state
815 3481 51 39 of
901 3481 115 39 New
1052 3481 145 46 York,
1234 3480 49 39 in
1320 3482 132 38 trust
1483 3481 78 39 for
1597 3482 81 38 the
1714 3480 174 40 benefit
1925 3481 52 39 of
2013 3480 81 40 the

169 3537 165 45 people
360 3537 51 39 of
436 3537 81 39 the
544 3539 140 43 state,
712 3537 202 48 Albany.

94 3639 214 64 North,
343 3640 279 64 Sterling.

167 3713 190 71 Tiger,
393 3717 76 67 by
507 3716 256 70 Sterling
800 3717 204 54 North.
1079 3718 272 68 Chicago,
1389 3719 121 53 The
1548 3719 193 68 Reilly
1777 3722 46 51 &
1859 3719 111 54 Lee
2008 3738 79 35 co.

120 3796 154 50 [ c 1933]
169 3865 85 40 314
279 3878 43 37 p.
381 3866 57 41 20
441 3869 43 21 cm
488 3899 9 9 .

101 3932 53 52 ©
182 3938 110 46 Apr.
322 3939 41 45 4,
393 3938 138 45 1933;
562 3938 66 39 2c.
659 3939 113 47 Apr.
800 3939 83 47 20;
916 3939 79 40 aff.
1027 3940 115 47 Apr.
1172 3939 82 48 19;
1287 3940 40 38 A
1357 3940 141 40 62213
1518 3952 8 35 ;
1561 3941 159 48 Reilly
1751 3942 37 39 &
1816 3942 96 38 Lee
1939 3952 67 29 co.

180 3993 277 48 (33-10967)
