4800 8268
140 640 388 120 Brent,
600 636 472 104 Charles
1136 636 432 116 Henry,
1644 628 940 132 bp.-Continued

272 796 192 92 viii,
500 796 116 76 48
648 820 88 68 p.
844 796 292 76 front.
1188 788 328 96 (port.)
1648 788 52 76 2
1708 788 144 76 ½
1772 792 40 80 ͨͫ
1912 848 16 20 .

272 928 692 76 "Publications
1000 928 116 88 by
1148 920 504 80 Nathaniel
1692 920 488 76 Bowditch
2212 916 432 80 Potter":
2696 940 84 68 p.
2812 916 304 76 43-47.
3220 908 452 96 "Reprint
3700 908 280 80 list":

140 1060 80 72 p.
260 1040 136 76 48.

156 1148 92 88 ©
320 1172 216 92 May
600 1172 76 92 1,
736 1168 272 92 1930;
1072 1168 132 80 2c.
1268 1172 220 88 May
1548 1168 48 76 5
1628 1184 20 72 ;
1720 1164 156 80 aff.
1940 1168 220 88 May
2224 1164 100 88 3;
2396 1160 80 76 A
2536 1160 48 72 2
2588 1160 56 76 3
2644 1160 220 92 232;
2936 1156 380 76 Marsha
3328 1160 64 72 ll
3464 1156 284 76 Jones
3808 1172 160 72 co.,

284 1280 172 80 inc.
592 1280 536 92 (30-13224)
3580 1260 52 80 5
3640 1256 112 84 14
3756 1256 52 84 1

144 1484 544 128 Breslich,
748 1488 356 104 Ernst
1156 1484 560 124 Rudolph,
1776 1484 324 104 1874–

280 1644 232 100 The
584 1652 44 92 t
632 1640 460 132 eaching
1168 1640 124 104 of
1360 1636 648 100 mathemati
2012 1672 56 64 c
2072 1672 48 64 s
2192 1636 116 100 in
2380 1636 600 128 secondary
3052 1628 416 104 schools
3556 1708 108 20 …
3756 1628 176 132 [by]

152 1792 340 100 Ernst
556 1792 128 100 R.
756 1788 496 104 Breslich
1328 1868 112 20 …
1580 1824 96 64 v.
1748 1792 88 96 1.
1980 1780 512 136 Chicago.
2560 1780 220 132 Ill.,
2848 1780 232 100 The
3148 1772 648 140 University
3860 1776 124 104 of

148 1940 484 132 Chicago
700 1976 304 96 press
1092 1944 292 100 [1930]

284 2096 160 92 vii,
504 2092 168 80 239
736 2116 80 72 p.
936 2092 272 96 illus.,
1280 2092 344 92 diagrs.
1740 2092 52 72 2
1796 2092 56 76 3
1864 2096 92 68 ͨͫ.

284 2232 436 76 Includes
788 2224 756 96 bibliographies.

160 2360 96 96 ©
316 2368 220 88 Apr.
592 2368 132 88 15,
776 2364 116 76 19
892 2364 112 80 30
1032 2384 16 72 ;
1108 2364 132 80 2c.
1300 2364 184 76 and
1540 2360 160 80 aff.
1760 2360 216 92 May
2036 2360 160 92 10;
2256 2356 80 76 A
2392 2356 328 88 23341;
2784 2356 544 88 University
3388 2356 100 76 of
3548 2352 428 92 Chicago,

296 2476 428 92 Chicago.
848 2476 96 92 (3
952 2476 56 76 0
1020 2468 368 96 -13149)
3584 2456 240 84 5142

144 2688 552 120 Bronson,
748 2684 460 104 Wilfrid
1264 2684 112 104 S.

284 2836 660 132 Fingerfins,
992 2836 184 100 the
1228 2836 216 100 tale
1496 2836 128 100 of
1672 2868 60 64 a
1792 2832 528 132 Sargasso
2372 2828 260 132 fish;
2692 2828 476 132 pictures
3224 2832 216 100 and
3492 2840 304 120 story
3844 2828 144 128 by

148 2988 468 104 Wilfrid
712 2984 108 108 S.
908 2988 536 100 Bronson.
1588 2984 264 100 New
1940 2980 344 128 York,
2368 2980 232 104 The
2688 2976 644 104 Macmillan
3416 3012 572 96 company,

160 3144 288 100 1930.

284 3292 52 76 3
392 3316 84 68 p.
524 3296 88 88 l.,
664 3292 100 76 3-
776 3292 48 76 5
832 3292 56 72 2
940 3312 80 68 p.
1132 3288 316 92 front.,
1504 3288 68 76 il
1580 3292 32 72 l
1616 3308 136 56 us.
1804 3284 264 96 (part
2120 3284 216 92 col.)
2408 3288 332 88 plates.
2852 3284 108 76 21
2976 3328 4 4 ½ͨͫ
3016 3272 112 84 "'.

168 3420 96 96 ©
328 3428 220 92 May
608 3424 72 92 6,
740 3424 272 88 1930;
1072 3424 132 76 2c.
1264 3424 184 76 and
1508 3420 160 80 aff.
1732 3424 220 88 May
2012 3424 100 88 7;
2176 3420 80 76 A
2312 3416 332 92 22692;
2712 3416 544 80 Macmillan
3312 3436 136 64 co.

316 3536 532 92 (30-13341)
3596 3520 236 84 5143

156 3744 452 124 Bulliet,
672 3744 532 104 Clarence
1264 3744 460 124 Joseph,
1788 3752 332 96 1883–

288 3896 232 96 The
592 3904 572 88 courtezan
1240 3888 580 136 Olympia;
1900 3928 136 64 an
2104 3888 508 104 intimate
2672 3924 396 100 survey
3140 3884 120 108 of
3328 3884 376 104 artists
3776 3884 216 104 and

152 4044 292 100 their
520 4040 984 132 mistress-models,
1580 4040 148 132 by
1812 4040 120 104 C.
2016 4040 108 104 J.
2208 4040 448 100 Bulliet.
2808 4040 268 100 New
3152 4036 348 132 York,
3580 4036 416 132 Covici,

156 4192 428 132 Friede,
644 4200 120 92 19
776 4196 56 96 3
844 4200 88 92 0.

292 4352 168 80 viii
512 4376 112 68 p.,
680 4352 48 76 1
776 4352 92 92 l.,
916 4348 168 76 204
1136 4372 84 72 p.
1332 4348 316 92 front.,
1704 4352 332 88 plates.
2144 4348 56 76 2
2204 4348 56 76 6
2244 4352 96 56 cm
2344 4380 20 44 .

172 4468 96 96 ©
324 4488 224 92 Apr.
596 4484 140 92 22,
788 4484 272 92 1930;
1116 4484 136 80 2c.
1304 4484 188 76 and
1544 4476 152 84 aff.
1760 4480 220 96 Apr.
2032 4480 160 96 26;
2252 4480 84 76 A
2388 4480 328 92 23049;
2776 4480 344 96 Covici,
3184 4480 356 96 Friede,
3600 4480 176 80 inc.

320 4596 536 96 (30-13213)
3604 4588 232 84 5144

160 4804 612 124 Buranelli,
832 4808 520 120 Prosper,
1420 4816 328 96 1890-
2156 4808 164 104 ed.

292 4952 232 104 The
604 4956 840 132 post-graduate
1520 4988 288 68 cross
1892 4956 304 100 word
2284 4952 380 132 puzzle
2744 4952 340 132 book;
3172 4992 140 64 an
3396 4956 604 132 anthology

160 5100 124 104 of
368 5104 264 132 fifty
716 5104 452 100 difficult
1256 5140 288 64 cross
1636 5108 304 96 word
2032 5104 432 132 puzzles
2556 5104 180 100 for
2828 5104 696 100 hard-boiled
3620 5104 376 132 puzzle

164 5248 288 132 fans,
484 5252 460 104 selected
980 5288 116 68 as
1124 5252 188 104 the
1348 5252 232 104 best
1612 5252 124 100 of
1792 5252 188 100 the
2036 5252 564 104 hundreds
2660 5256 692 100 constructed
3412 5252 588 132 especially

164 5396 184 104 for
396 5400 220 104 this
676 5400 360 128 series,
1088 5400 576 136 including
1720 5400 204 104 five
1984 5436 408 64 mamm
2396 5436 60 64 o
2464 5404 124 96 th
2648 5404 432 128 puzzles
3136 5416 112 88 to
3308 5440 48 64 s
3364 5412 48 88 t
3416 5400 176 104 ick
3652 5436 156 100 up
3860 5440 140 64 on

164 5584 276 96 your
496 5584 100 64 w
604 5548 104 100 al
716 5548 36 100 l
812 5552 216 100 and
1088 5560 44 88 t
1136 5552 196 96 hin
1336 5552 76 96 k
1468 5548 364 132 about,
1892 5548 584 132 published
2536 5552 252 100 here
2852 5588 52 60 e
2912 5584 68 64 x
2988 5584 52 68 c
3044 5552 40 96 l
3088 5548 424 136 usively
3580 5548 180 104 for
3816 5552 184 100 the

168 5696 244 104 first
512 5696 300 132 time,
916 5700 216 100 and
1240 5696 364 104 edited
1708 5700 148 128 by
1956 5700 476 128 Prosper
2540 5696 612 136 Buranelli,
3256 5700 124 100 F.
3492 5696 508 136 Gregory

164 5844 672 132 Hartswick,
908 5848 572 132 Margaret
1556 5848 828 136 Petherbridge.
2536 5848 268 100 New
2888 5848 348 132 York,
3320 5848 384 104 Simon
3784 5848 220 104 and

172 5992 552 132 Schuster,
772 5996 244 132 inc.,
1076 6000 292 100 1930.

304 6172 108 80 11
420 6172 48 76 5
532 6196 80 72 p.
728 6172 344 96 diagrs.
1184 6172 228 84 20ͨͫ.

308 6280 604 96 Advertising
956 6284 400 76 matter:
1408 6308 84 68 p.
1544 6284 416 84 113-115.

308 6388 284 76 "Five
644 6392 512 76 mammoth
1208 6392 428 92 puzzles"
1692 6392 96 80 in
1840 6392 360 96 pocket.

188 6516 92 96 ©
344 6524 224 92 May
620 6524 72 92 8,
752 6524 272 92 1930;
1084 6524 128 80 2c.
1276 6532 216 88 May
1552 6532 156 88 12;
1772 6532 160 76 aff.
1992 6532 92 76 M
2092 6552 120 72 ay
2272 6532 156 88 10;
2492 6532 80 76 A
2624 6532 332 92 23354;
3028 6532 316 80 Simon
3400 6536 72 76 &
3536 6532 468 96 Schuster,

316 6632 32 76 i
352 6652 140 60 nc.
616 6636 536 92 (30-13326)
3616 6640 228 84 5145

180 6808 620 132 Burnham,
860 6816 412 128 Smith,
1336 6832 324 96 1866–

308 6964 304 100 Hero
676 6964 268 104 tales
1016 6964 292 108 from
1372 6968 460 136 history,
1892 6976 148 124 by
2108 6976 368 108 Smith
2540 6980 576 100 Burnham
3192 7064 112 16 …
3452 6972 560 108 Philadel-

184 7108 292 132 phia,
536 7112 480 132 Chicago
1088 7148 28 72 [
1120 7128 196 88 etc.
1424 7124 228 96 The
1716 7124 304 104 John
2080 7124 120 108 C.
2260 7124 516 104 Winston
2836 7160 540 96 company
3448 7156 28 72 [
3484 7120 160 108 ͨ19
3652 7132 132 96 30]

316 7264 88 76 ix
420 7328 16 28 ,
500 7264 168 84 393
732 7292 80 68 p.
932 7292 96 56 co
1036 7276 60 72 l.
1160 7268 316 96 front.,
1540 7276 64 76 il
1616 7280 96 72 lu
1720 7300 44 52 s
1772 7340 16 12 .
1844 7276 28 92 (
1892 7276 96 76 in
1996 7300 48 56 c
2044 7280 32 72 l
2088 7340 16 16 .
2176 7284 312 88 ports.,
2552 7280 312 92 maps)
2948 7300 104 60 co
3056 7284 60 76 l.
3184 7288 328 88 plates.
3628 7280 280 92 20½ͨͫ.

196 7388 96 96 ©
348 7400 232 80 Mar.
628 7408 132 76 14.
812 7408 44 72 1
868 7404 168 76 930
1064 7428 16 60 :
1136 7408 128 76 2c.
1316 7412 180 72 and
1552 7412 156 76 aff.
1760 7416 156 76 Ma
1924 7436 56 68 y
2032 7416 100 76 8:
2188 7416 80 76 A
2320 7412 328 96 23295;
2704 7416 248 80 John
3004 7416 96 80 C.
3152 7420 432 80 Winston
3636 7432 128 60 co.
3884 7452 20 56 [
3916 7404 100 104 ©

320 7508 476 84 revisions]
944 7516 376 92 (30-132
1328 7520 48 76 5
1384 7520 96 92 3)
3628 7520 108 96 51
3748 7520 48 80 4
3808 7520 52 84 6

1964 7624 128 92 77
2096 7628 60 84 9
