4800 8284
488 776 256 128 Coe,
804 780 404 120 Fanny
1260 776 132 100 E.
1396 836 148 16 —
1552 776 620 108 Continued

620 940 168 76 336
844 960 84 72 p.
1044 940 288 76 front.
1388 932 308 96 (map)
1772 932 248 80 illus.
2136 932 508 92 19ͨͫ.

628 1072 364 76 "Books
1044 1072 156 76 for
1248 1068 384 80 further
1688 1064 496 96 reading":
2248 1088 80 72 p.
2384 1064 424 80 333–336.

500 1200 92 88 ©
656 1212 212 72 Jan.
924 1208 80 88 2,
1064 1208 44 72 1
1116 1208 108 72 93
1232 1204 100 88 0;
1396 1208 128 76 2c.
1584 1208 180 72 and
1848 1224 24 56 a
1888 1204 100 76 ff.
2048 1204 208 76 Jan.
2316 1204 100 88 6;
2484 1200 68 76 A
2620 1200 164 80 177
2788 1212 52 68 3
2848 1212 52 68 5
2928 1220 20 72 ;
3012 1200 308 76 Amer.
3380 1196 240 80 book
3676 1220 132 52 co.

648 1316 488 92 (30-1254)
4076 1296 112 84 19

620 1524 448 108 Makers
1164 1524 128 104 of
1384 1528 184 100 the
1664 1524 412 104 nation.
2224 1524 236 100 Rev
2460 1568 24 56 .
2592 1524 160 104 ed.
2904 1524 172 132 By
3176 1520 92 100 F
3280 1556 296 100 anny
3676 1520 132 100 E.
3908 1516 88 108 C
4004 1552 60 68 o
4076 1556 52 64 e
4220 1536 72 104 …

496 1680 260 96 New
832 1676 344 132 York,
1256 1672 632 112 Cincinnati
1976 1720 32 64 [
2012 1688 196 88 etc.
2204 1720 32 64 ]
2324 1672 592 104 American
2992 1672 284 104 book
3348 1700 544 104 company
3972 1676 120 124 [ͨ
4052 1672 260 100 1930
4324 1732 24 68 ]

628 1832 164 80 384
840 1852 84 76 p.
976 1832 28 76 i
1016 1856 52 52 n
1072 1848 48 60 c
1128 1832 60 80 l.
1236 1836 320 84 front.,
1608 1832 248 76 illus.
1972 1828 536 92 19ͨͫ.

636 1968 360 76 "Books
1052 1968 156 76 for
1256 1964 384 80 further
1692 1964 500 96 reading":
2252 1984 84 76 p.
2392 1964 164 76 381
2564 2004 52 12 –
2620 1964 48 76 3
2680 1964 132 76 84.

508 2092 96 96 ©
664 2100 208 80 Jan.
928 2100 76 92 2,
1060 2096 108 80 19
1172 2100 116 76 30
1304 2120 24 60 ;
1388 2100 128 80 2c.
1572 2120 48 56 a
1636 2100 120 76 nd
1812 2100 160 80 aff.
2028 2100 212 76 Jan.
2296 2108 100 80 6;
2452 2100 80 72 A
2588 2100 328 84 17734;
2984 2096 296 80 Amer.
3344 2096 240 76 book
3640 2120 132 52 co.

652 2208 488 96 (30-1253)
4084 2196 112 84 20

496 2412 452 128 Dalton,
1008 2412 300 108 John
1368 2412 620 128 Theodore,
2060 2424 256 100 1899
2324 2484 64 12 –
2396 2424 296 96 1929.

628 2568 320 104 Land
1016 2564 124 104 of
1200 2568 468 120 dreams,
1736 2568 216 104 and
2024 2564 316 108 other
2404 2600 404 96 poems,
2872 2564 144 132 by
3084 2568 304 104 John
3456 2564 568 104 Theodore
4088 2568 176 100 Da
4272 2564 32 100 l
4324 2632 28 8 -

496 2728 220 88 ton.
860 2720 268 100 New
1208 2716 344 128 York,
1628 2720 232 100 The
1936 2712 564 104 Knickerb
2508 2748 60 68 o
2580 2716 248 100 cker
2904 2752 304 92 press
3292 2716 268 112 [ͨ193
3572 2716 136 112 0]

628 2872 160 76 xiv
796 2936 20 32 ,
868 2872 108 80 59
1020 2892 88 76 p.
1220 2872 508 88 21ͨͫ.

516 3000 96 96 ©
684 3012 216 76 Dec.
968 3012 100 76 31
1076 3048 20 40 ,
1172 3012 48 72 1
1224 3008 52 76 9
1280 3008 112 76 29
1424 3028 16 56 ;
1512 3008 132 80 2c.
1716 3012 180 72 and
1968 3028 44 56 a
2028 3008 96 76 ff.
2196 3008 212 76 Jan.
2480 3008 76 88 8,
2628 3008 268 88 1930;
2972 3008 76 76 A
3120 3008 332 88 17779;
3524 3008 396 76 Francis
3992 3008 92 76 M
4096 3072 16 12 .
4180 3028 180 56 von

644 3120 348 88 Ardyn,
1048 3120 224 76 New
1328 3116 276 80 York.
1736 3112 484 96 (30-1550)
4088 3108 108 84 21

508 3324 496 124 Dreiser,
1056 3324 624 124 Theodore,
1744 3328 256 104 1871
2004 3396 68 12 –

648 3484 180 128 My
904 3476 260 132 city,
1224 3476 148 128 by
1440 3480 572 96 Theodore
2080 3476 492 104 Dreiser:
2656 3476 616 100 illustrated
3352 3472 272 104 with
3700 3472 308 136 eight
4072 3472 288 108 etch-

508 3624 240 136 ings
804 3624 104 100 in
964 3624 296 100 color
1304 3624 148 132 by
1508 3628 264 100 Max
1824 3624 428 104 Pollak.
2400 3628 268 100 New
2724 3624 348 120 York,
3120 3628 120 96 H
3252 3708 16 16 .
3328 3624 588 136 Liveright
3980 3624 120 132 [ͨ
4040 3636 36 64 1
4124 3624 252 112 929]

640 3784 108 76 18
792 3784 28 72 l
836 3844 16 16 .
900 3780 96 76 in
1004 3784 76 76 cl
1096 3844 16 16 .
1164 3784 140 76 col
1304 3812 20 44 .
1388 3780 276 92 illus.,
1720 3784 160 76 col.
1940 3780 304 96 plates
2296 3780 92 96 (1
2448 3780 384 92 double)
2960 3780 52 80 3
3016 3780 480 84 9ͨͫ
3168 3844 20 16 .

644 3916 384 80 Printed
1076 3936 116 60 on
1244 3936 172 60 one
1460 3916 200 80 side
1704 3920 104 76 of
1848 3916 200 80 leaf
2096 3936 116 60 on
2256 3916 424 96 opposite
2728 3936 312 72 pages.

644 4024 284 80 "This
1008 4024 356 80 edition
1448 4024 84 80 is
1612 4024 364 80 limited
2064 4028 96 76 to
2244 4028 188 76 two
2512 4024 424 80 hundred
3028 4024 600 92 seventy-five
3712 4024 336 92 copies,
4132 4024 232 80 each

508 4132 320 92 signed
876 4132 120 92 by
1040 4132 160 80 the
1248 4132 424 80 author."
1788 4132 232 76 This
2068 4152 232 72 copy
2348 4136 160 72 not
2560 4132 352 92 signed.

524 4252 100 96 ©
692 4272 216 76 Dec.
968 4268 136 88 16,
1164 4264 52 76 1
1224 4264 108 76 92
1336 4268 104 92 9;
1508 4268 124 80 2c.
1700 4272 184 72 and
1952 4268 88 76 af
2008 4272 28 64 f
2096 4332 12 12 .
2176 4268 208 76 Jan.
2448 4264 108 92 2;
2624 4264 80 80 A
2768 4264 224 76 1690
2996 4260 56 76 8
3080 4288 20 60 ;
3172 4268 204 76 Hor
3368 4272 112 64 ac
3492 4288 48 52 e
3612 4268 68 68 L
3688 4272 28 72 i
3716 4260 64 76 v
3780 4260 340 96 eright.
4192 4264 172 80 inc.

676 4376 324 92 (30-70
1004 4376 48 76 9
1072 4380 28 88 )
4096 4372 108 80 22

516 4556 372 124 Dunn,
952 4552 532 104 Emelene
1544 4552 436 128 Abbey,
2048 4564 252 96 1859
2304 4624 72 8 –
2384 4564 288 100 1929.

652 4708 476 104 Mediter
1136 4744 52 64 r
1196 4744 340 64 anean
1592 4708 428 132 picture
2072 4708 352 128 lands,
2468 4708 148 132 by
2668 4704 512 108 Emelene
3232 4704 392 136 Abbey
3672 4708 376 132 Dunn,
4100 4704 268 104 with

520 4856 728 104 illustrations
1308 4860 292 100 from
1652 4860 688 100 water-color
2388 4856 488 104 sketches
2924 4860 148 132 by
3124 4856 188 104 the
3360 4860 432 132 author,
3848 4852 520 136 prefaced

520 5008 140 132 by
712 5044 132 64 an
896 5020 456 92 account
1400 5008 124 104 of
1568 5008 276 104 Miss
1888 5000 428 112 Dunn's
2364 5004 204 104 life
2616 5008 216 100 and
2884 5008 336 96 work.
3364 5008 628 128 Rochester,
4040 5008 132 104 N.
4228 5004 136 100 Y.

532 5220 24 64 [
564 5160 184 96 Du
800 5156 264 104 Bois
1116 5160 372 124 press]
1520 5160 288 100 1929.

656 5308 52 76 5
756 5328 84 76 p.
888 5308 32 76 l
932 5368 44 28 .,
1028 5308 104 80 13
1136 5352 60 8 –
1196 5308 168 76 126
1412 5328 84 72 p.
1612 5332 44 52 c
1664 5328 48 56 o
1720 5308 56 76 l.
1832 5308 312 88 front.,
2200 5328 44 56 c
2252 5332 52 52 o
2304 5308 60 76 l.
2416 5308 332 92 plates,
2804 5312 236 88 port.
3156 5308 108 76 24
3272 5316 480 76 ½ͨͫ
3420 5368 16 16 .

536 5436 100 96 ©
712 5448 212 76 Dec.
992 5444 100 76 21
1096 5480 24 44 ,
1196 5444 268 84 1929;
1532 5448 132 76 2c.
1732 5448 212 76 Dec.
2016 5444 156 92 27;
2252 5444 152 80 aff.
2476 5444 84 76 D
2564 5464 52 52 e
2620 5468 48 48 c
2676 5504 16 16 .
2764 5444 160 88 23;
3000 5444 76 76 A
3144 5444 228 80 1766
3376 5444 48 72 5
3456 5464 20 68 ;
3556 5448 268 88 Mary
3900 5444 60 80 S
3972 5508 16 16 .
4060 5448 148 72 Du
4216 5468 148 68 nn,

668 5552 528 100 Rochester.
1264 5552 108 80 N.
1432 5556 100 76 Y.
1664 5552 484 92 (30-1585)
4096 5552 112 80 23

524 5732 580 120 Emmons,
1172 5732 268 100 Earl
1504 5732 104 96 H
2160 5740 256 96 1888
2420 5800 68 12 –

664 5876 236 108 Ode
908 5912 60 68 o
972 5884 436 128 graphy
1496 5880 124 100 of
1704 5888 128 96 B.
1920 5884 576 124 Franklin,
2580 5884 144 132 by
2812 5884 272 100 Earl
3168 5884 148 100 H.
3404 5884 556 100 Emmons.
4104 5888 268 96 New

524 6028 344 116 York,
924 6028 300 132 Ayer
1232 6032 60 96 d
1312 6064 56 64 a
1376 6028 36 100 l
1424 6064 52 64 e
1528 6064 332 96 press,
1920 6036 288 100 1929.

656 6184 52 76 3
760 6204 84 72 p.
900 6184 32 76 l
944 6244 40 32 .,
1040 6184 100 76 11
1148 6224 44 12 –
1208 6180 132 92 59,
1400 6184 100 96 [1]
1560 6200 84 76 p.
1760 6184 600 88 22½ͨͫ.

668 6316 280 76 "This
1004 6316 352 76 edition
1412 6316 56 84 …
1568 6320 84 72 is
1704 6316 368 76 limited
2128 6324 92 72 to
2280 6340 172 56 one
2508 6320 424 76 hundred
2988 6320 504 76 numbered
3552 6320 308 92 copies
3912 6320 104 72 of
4072 6320 300 80 which

532 6424 184 76 this
764 6424 84 76 is
896 6424 156 76 for
1096 6424 572 92 copyright."

664 6532 312 76 Verse.

548 6656 100 92 ©
720 6664 212 80 Dec.
1004 6668 72 88 5,
1148 6664 272 88 1929;
1492 6668 128 72 2c.
1692 6668 180 72 and
1944 6688 48 52 a
2004 6664 96 84 ff.
2176 6668 80 72 D
2264 6688 96 52 ec
2364 6704 20 40 .
2460 6668 48 72 2
2520 6664 96 80 0;
2696 6668 76 72 A
2840 6664 332 92 17666;
3244 6668 104 76 E.
3420 6668 116 76 H.
3612 6668 464 84 Emmons,
4148 6668 228 76 New

676 6772 280 76 York.
1088 6772 164 88 (30
1248 6820 48 36 -
1304 6772 104 76 15
1416 6772 48 76 5
1472 6772 100 88 4)
4104 6768 112 80 24

536 6944 448 128 Fairlie,
1044 6952 468 120 Gerard,
1572 6960 260 96 1899
1836 7020 68 8 –

680 7100 232 100 The
996 7108 408 92 muster
1488 7096 128 100 of
1692 7100 188 100 the
1964 7100 520 128 vultures,
2568 7100 144 132 by
2800 7096 432 108 Gerard
3324 7100 448 104 Fairlie.
3928 7104 452 128 Boston,

548 7244 372 128 Little,
984 7244 440 128 Brown,
1484 7244 220 100 and
1764 7280 576 96 company,
2404 7252 288 100 1930.

680 7400 48 76 3
784 7420 80 72 p.
920 7400 36 72 l
960 7460 44 28 .,
1068 7400 80 96 [3
1156 7440 20 56 ]
1208 7444 32 8 –
1244 7400 104 76 32
1352 7400 60 76 0
1464 7420 56 72 p
1532 7468 16 12 .
1664 7400 592 84 19½ͨͫ.

556 7524 96 88 ©
720 7532 208 76 Jan.
996 7532 56 76 8
1052 7592 16 24 ,
1136 7532 268 96 1930;
1472 7532 124 84 2c,
1668 7536 180 76 and
1916 7556 40 56 a
1976 7536 96 80 ff.
2136 7536 56 80 J
2200 7556 44 60 a
2260 7560 88 56 n.
2412 7536 52 76 9
2496 7556 16 72 ;
2584 7536 68 80 A
2728 7536 168 76 180
2896 7536 48 76 5
2956 7536 100 92 1;
3128 7536 100 80 G.
3300 7536 376 96 Fairlie,
3752 7540 404 76 London.

700 7636 484 100 (30-1566)
4112 7640 108 84 25

2424 7752 60 96 4
