4752 8320
2236 7620 256 100 1563

412 648 544 124 Ramean,
1008 644 320 124 Jean,
1392 656 324 92 1859-

604 800 64 104 …
732 792 160 100 La
948 792 436 128 passion
1444 792 128 100 de
1628 788 320 104 Nada
1956 792 36 96 l
2000 792 208 128 ine,
2264 824 408 68 roman.
2816 788 352 132 Paris,
3224 784 136 104 A.
3420 784 408 104 Michel
3888 820 32 76 [
3932 788 120 96 19
4064 788 152 108 30]

552 952 52 72 2
652 972 84 68 p.
784 952 32 68 1
824 1012 44 28 .,
924 952 336 92 [7]-318
1304 972 112 68 p.,
1464 952 48 72 1
1560 952 56 72 1.
1732 948 140 76 190
1848 952 76 52 m
1932 980 16 44 .

456 1100 44 52 t
592 1096 96 68 M
692 1104 116 72 ay
864 1084 72 92 6,
996 1080 268 92 1930;
1328 1104 128 64 ic.
1516 1084 220 88 July
1792 1080 160 92 18;
2008 1076 600 96 A-Foreign
2664 1076 160 80 828
2828 1076 52 80 3
2916 1096 20 72 ;
2996 1076 276 80 Albin
3332 1076 96 80 M
3432 1076 264 80 ichel.

576 1192 536 96 (30-25167)
3768 1180 292 84 10154

428 1400 700 132 ,Reinhardt,
1192 1396 468 108 Charles
1716 1396 572 132 Nicholas]
2360 1404 328 100 1892-

552 1544 660 104 "Cheerio!"
1356 1544 104 100 A
1508 1544 280 104 book
1840 1544 124 100 of
2012 1544 476 128 punches
2544 1544 216 100 and
2812 1540 552 104 cocktails.
3504 1540 288 100 How
3844 1552 112 88 to
4012 1540 224 100 mix

428 1696 320 124 them,
800 1696 216 100 and
1064 1696 308 100 other
1428 1728 272 92 rare,
1748 1692 528 128 exquisite
2332 1692 212 100 and
2596 1688 456 104 delicate
3108 1688 416 104 drinks.
3644 1688 592 132 Including

424 1880 60 60 a
560 1840 448 132 chapter
1088 1840 124 100 of
1288 1840 640 128 celebrities,
2000 1840 288 100 their
2368 1836 476 104 favorite
2928 1836 412 104 drinks.
3492 1840 180 132 By
3752 1832 488 132 Charles,

424 1988 532 128 formerly
1028 1984 124 100 of
1220 1984 724 104 Delmonicos.
2088 1988 232 96 The
2392 2020 236 64 new
2704 2020 216 64 rev.
3004 1984 216 100 and
3296 1988 204 96 enl.
3580 1984 164 100 ed.
3888 1984 308 128 Nlew

424 2136 108 100 Y
544 2200 28 64 e
580 2168 60 68 o
648 2172 52 64 r
704 2136 76 100 k
884 2168 52 68 c
952 2196 28 64 r
984 2132 200 132 ity]
1256 2136 228 100 The
1548 2132 236 132 Elf,
1848 2140 288 96 1930.

556 2288 48 76 1
660 2312 80 68 p.
800 2292 36 68 1
840 2348 44 32 .,
944 2308 112 52 v-
1056 2288 96 76 ix
1164 2348 20 32 ,
1260 2304 32 68 1
1304 2304 28 68 1
1332 2324 52 60 ],
1444 2288 108 76 53
1604 2308 84 72 p.
1800 2288 52 72 2
1860 2288 48 76 0
1916 2292 28 40 C
2692 2288 20 16 -

444 2420 84 88 ©
600 2428 52 76 S
664 2428 180 88 ept.
896 2424 36 76 1
948 2424 76 88 9,
1080 2424 48 76 1
1136 2420 52 80 9
1192 2424 48 76 3
1248 2420 52 80 0
1332 2444 16 72 ;
1404 2424 132 80 2c.
1588 2444 48 56 a
1648 2428 124 72 nd
1824 2440 48 60 a
1884 2424 72 76 ff
1968 2488 12 16 .
2036 2424 112 76 Se
2156 2444 64 72 p
2220 2428 56 72 t.
2336 2420 108 84 22
2476 2444 16 68 ;
2552 2420 80 80 A
2684 2424 104 76 27
2796 2420 104 80 62
2908 2424 104 92 8;
3068 2424 76 76 E
3148 2420 84 80 lf
3236 2480 20 36 ,
3308 2420 184 96 pub
3496 2424 32 72 l
3536 2420 80 80 is
3616 2420 64 76 h
3688 2440 172 76 ers,
3916 2420 32 76 i
3952 2444 140 56 nc.

588 2532 536 92 (30-24749)
3784 2528 48 80 1
3840 2528 52 84 0
3904 2528 164 80 155

432 2736 772 124 [Richardson,
1276 2740 424 120 Emory
1764 2740 420 132 Aaron]

556 2880 476 104 Indiana
1096 2888 216 96 and
1380 2884 308 100 other
1752 2920 396 96 poems,
2212 2888 148 128 by
2424 2884 56 52 "
2488 2888 92 96 B
2592 2888 120 132 ig
2772 2884 352 104 Rich"
3200 2920 156 96 [ps
3368 2920 48 64 e
3428 2924 68 60 u
3504 2884 136 128 d.]
3752 2888 68 108 …
3908 2884 340 100 intro-

424 3032 448 104 duction
956 3036 148 124 by
1188 3032 680 132 Margarette
1964 3036 256 100 Ball
2308 3036 488 100 Dickson
2852 3044 64 112 …
3168 3032 704 132 [Evansville,
3964 3032 288 132 Ind.,

428 3184 980 100 Burkert-Walton
1468 3220 192 92 co.,
1720 3184 328 108 019301

564 3340 108 76 84
724 3364 84 72 p.
860 3340 96 76 in
960 3344 84 76 cl
1052 3404 20 16 .
1124 3364 60 72 p
1184 3344 32 72 l
1228 3400 44 32 .,
1324 3348 264 88 port.,
1640 3340 108 76 fa
1752 3364 44 56 c
1804 3340 204 80 sim.
2120 3344 284 80 17j".

444 3468 88 88 ©
616 3476 248 92 Sept.
932 3476 136 92 17,
1136 3472 112 76 19
1248 3476 112 80 30
1392 3496 16 72 ;
1480 3476 132 76 2c.
1684 3476 184 76 and
1940 3476 156 76 aff.
2176 3476 244 92 Sept.
2492 3472 160 92 20;
2724 3476 88 72 A
2876 3472 332 96 28375;
3284 3476 100 80 E.
3456 3472 108 84 A.
3640 3472 608 96 Richardson,

572 3584 408 80 Evansvi
984 3588 120 72 lle
1112 3644 20 32 ,
1184 3584 200 80 Ind.
1520 3584 96 92 (3
1624 3584 52 80 0
1676 3584 168 76 -24
1848 3584 56 76 5
1904 3584 48 80 3
1960 3584 52 76 9
2028 3584 28 92 )
3784 3580 52 84 1
3844 3580 112 84 01
3964 3580 112 84 56

432 3764 520 124 Roberts,
1016 3764 552 124 Brigham
1636 3768 428 124 Henry,
2128 3772 328 100 1857-

564 3912 104 100 A
736 3908 872 132 comprehensive
1684 3912 416 136 history
2172 3912 116 100 of
2356 3916 180 100 the
2612 3908 440 108 Church
3116 3912 120 100 of
3304 3916 316 100 Jesus
3696 3908 372 108 Christ
4136 3908 120 104 of

432 4060 32 96 l
472 4060 548 136 atter-day
1088 4060 368 136 saints,
1520 4096 188 64 cen
1712 4068 48 92 t
1764 4096 204 100 ury
2036 4076 36 76 r
2156 4064 60 104 …
2324 4064 144 132 by
2528 4064 132 100 B.
2724 4064 144 100 H.
2940 4060 456 108 Roberts
3472 4064 60 104 …
3660 4060 244 100 Pub
3908 4060 36 96 l
3952 4060 304 100 ished

432 4208 144 136 by
660 4208 184 104 the
924 4208 432 100 church.
1512 4208 244 104 Salt
1836 4208 296 100 Lake
2224 4208 292 136 City,
2600 4208 340 132 Utah,
3028 4208 444 100 Deseret
3552 4244 292 68 news
3928 4240 328 100 press,

436 4364 284 92 1930.

564 4508 52 76 6
660 4532 76 52 v.
848 4508 368 96 fronts.,
1264 4512 328 92 plates,
1640 4516 316 88 ports.,
2004 4532 264 72 maps
2324 4512 256 92 (part
2624 4512 280 92 fold.)
2968 4512 416 80 facsims.
3436 4512 92 92 (1
3580 4512 276 96 fold.)
3980 4512 48 76 2
4036 4500 504 88 5½ͨͫ
4232 4540 24 44 .

568 4620 248 76 Most
896 4616 100 76 of
1072 4620 156 76 the
1308 4620 304 92 plates
1696 4620 652 92 accompanied
2428 4620 116 92 by
2620 4624 300 88 guard
3004 4624 308 76 sheets
3392 4624 232 76 with
3700 4620 560 80 descriptive

432 4728 572 92 letterpress.

568 4836 508 76 Published
1148 4836 92 72 in
1320 4836 152 76 the
1552 4836 664 76 "Americana"
2288 4836 244 76 from
2608 4840 52 76 J
2680 4828 32 76 i
2724 4828 124 88 ae
2924 4836 224 80 1909
3216 4844 92 72 to
3384 4844 220 84 July
3676 4836 160 80 191
3848 4836 48 80 5
3968 4840 296 76 under

436 4944 232 92 title,
724 4944 444 76 "History
1220 4944 100 76 of
1368 4948 160 72 the
1580 4944 416 80 Mormon
2052 4944 456 92 church";
2564 4964 208 60 now
2820 4944 392 80 revised.
3320 4956 48 60 o
3372 4948 64 92 f.
3496 4948 248 76 Pref.

568 5052 144 76 An
764 5056 272 72 exact
1092 5052 652 92 reproduction
1800 5052 100 80 of
1952 5052 244 80 "The
2252 5052 548 92 Latter-day
2856 5052 324 80 saints'
3236 5052 536 96 emigrants'
3832 5056 272 92 guide
4180 5052 60 84 …

432 5160 144 92 By
636 5160 136 80 W.
836 5160 424 92 Clayton.
1380 5160 128 80 St.
1572 5160 308 92 Louis,
1944 5160 176 80 Mo.
2184 5156 576 96 Republican
2824 5168 300 72 steam
3188 5180 312 76 power
3556 5164 712 92 press-Cham-

436 5272 208 76 bers
696 5264 64 72 &
812 5268 364 92 Knapp,
1232 5268 272 80 1848"
1580 5268 220 92 (vol.
1852 5276 32 56 i
1884 5288 52 52 m
1976 5328 16 32 ,
2052 5292 80 68 p.
2196 5304 16 60 (
2224 5268 48 76 5
2276 5268 204 96 471-
2484 5268 48 76 5
2536 5268 156 92 72)
2760 5272 172 76 has
2992 5268 344 92 special
3392 5276 188 88 t.-p.

452 5404 96 92 ©
596 5412 224 92 Apr.
860 5412 76 92 5,
980 5408 272 92 1930;
1296 5408 132 80 2c.
1476 5408 224 76 each
1744 5408 232 92 Aug.
2020 5408 156 88 11;
2232 5408 152 76 aff.
2436 5408 248 92 Sept.
2724 5408 164 88 20;
2940 5408 84 76 A
3060 5408 332 96 27729;
3444 5412 316 72 Heber
3804 5412 80 76 J.
3940 5408 320 88 Grant,

584 5520 156 80 for
796 5520 152 76 the
1012 5520 372 76 Church
1444 5520 100 76 of
1600 5520 280 76 Jesus
1940 5516 320 80 Christ
2316 5516 104 76 of
2476 5520 508 88 latter-day
3044 5516 328 96 saints,
3440 5516 208 84 Salt
3708 5520 256 76 Lake
4024 5516 240 96 City.

600 5624 540 100 (30-24609)
3800 5624 288 84 10157

444 5808 520 124 Roberts,
1028 5812 120 92 M
1152 5832 140 84 rs.
1352 5812 336 120 Mary
1748 5808 472 108 Newlin.

576 5952 408 104 Stories
1064 5956 120 96 of
1256 5952 184 104 the
1516 5952 344 136 youth
1936 5952 120 104 of
2136 5952 396 132 artists,
2612 5956 148 136 by
2832 5956 328 136 Mary
3236 5952 432 104 Newlin
3744 5952 512 132 Roberts;

436 6104 616 100 illustrated
1108 6104 144 136 by
1312 6100 596 104 Constance
1972 6100 744 104 Whittemore.
2848 6100 264 104 New
3184 6104 340 132 York,
3580 6104 484 100 Thomas
4124 6100 136 104 Y.

440 6252 460 104 Crowell
956 6284 528 104 company
1552 6280 88 68 [0
1632 6256 284 108 19301

576 6408 116 92 ix,
744 6412 164 76 299
956 6428 88 76 p.
1152 6428 100 60 co
1256 6408 60 80 l.
1368 6412 308 88 front.,
1728 6408 64 76 il
1804 6412 32 72 l
1844 6428 132 60 us.
2088 6412 108 76 22
2192 6412 44 76 1
2348 6468 20 20 .

464 6540 96 88 ©
648 6548 244 92 Sept.
968 6552 132 88 15,
1180 6548 272 88 1930;
1528 6548 136 76 2c.
1744 6548 248 92 Sept.
2064 6548 160 88 18;
2308 6564 52 60 a
2368 6548 100 76 ff.
2548 6548 248 88 Sept.
2872 6548 160 88 17;
3112 6548 84 76 A
3268 6548 332 92 28336;
3680 6548 412 76 Thomas
4164 6548 80 72 Y
4248 6608 20 20 .

592 6656 388 96 Crowell
1040 6680 132 52 co.
1304 6656 320 92 (30-24
1628 6656 48 76 5
1684 6656 156 96 83)
3800 6648 288 88 10158

448 6836 608 124 Robinson,
1124 6836 600 128 Gertrude,
1792 6840 328 104 1876-

580 6984 368 104 White
1028 6984 336 100 heron
1448 6984 460 128 feather,
1988 6984 148 132 by
2212 6984 544 104 Gertrude
2836 6984 616 128 Robinson;
3540 6984 728 104 illustrations

448 7128 140 132 by
660 7132 336 100 Erick
1064 7136 356 128 Berry
1500 7196 24 64 [
1532 7136 412 124 pseud.]
2088 7132 268 104 New
2428 7132 312 100 York
2812 7136 216 100 and
3100 7136 492 128 London,
3664 7136 448 128 Harper
4184 7136 80 96 &

448 7276 492 104 brothers
1016 7276 120 132 [ͨ
1092 7284 184 96 193
1288 7284 60 96 0
1356 7340 28 68 ]

584 7432 52 76 8
688 7452 84 72 p.
824 7432 84 100 1.,
960 7432 192 92 299,
1212 7432 104 80 [1]
1372 7452 84 72 p.
1516 7436 96 72 in
1616 7452 44 60 c
1664 7436 60 80 l.
1776 7432 316 92 front.,
2148 7436 276 96 illus.,
2476 7436 332 88 plates.
2920 7432 280 84 19j-.
