4800 8268
2132 7692 192 104 751

344 676 512 124 Herrick,
916 680 448 104 Marvin
1424 680 1356 108 Theodore-Continued

472 836 56 72 4
584 856 60 72 p
652 892 40 36 .,
752 836 48 72 1
860 836 32 72 1
904 896 44 32 .,
1008 832 52 80 5
1064 836 104 76 -1
1176 836 56 76 0
1232 836 52 80 7
1340 856 84 72 p.
1540 836 52 76 2
1592 836 52 80 3
1744 896 16 20 .
1896 836 592 96 (University
2548 836 100 80 of
2708 836 580 96 Pittsburgh.
3404 840 300 80 Radio
3768 844 404 92 publica-

340 940 196 80 tion
592 964 144 60 no.
796 944 156 92 57)

480 1076 572 80 "Broadcast
1100 1080 248 76 from
1396 1080 156 76 the
1604 1080 540 92 University
2192 1080 100 76 of
2340 1080 552 92 Pittsburgh
2944 1084 312 76 studio
3304 1084 100 76 of
3448 1084 376 92 KDKA,
3880 1084 292 76 West-

340 1184 456 96 inghouse
884 1184 376 80 electric
1352 1192 188 72 and
1632 1188 772 92 manufacturing
2492 1208 480 72 company,
3064 1192 576 92 Pittsburgh,
3736 1196 440 92 Pennsyl-

336 1292 308 84 vania.
656 1292 44 36 "

472 1404 668 92 Bibliography
1176 1424 16 60 :
1252 1428 84 72 p.
1396 1404 356 80 99-104.

352 1504 96 100 ©
500 1516 216 92 Apr.
764 1516 52 76 2
824 1516 48 76 3
884 1576 16 32 ,
952 1516 112 76 19
1064 1516 48 76 3
1124 1516 100 92 0;
1276 1516 132 76 2c.
1456 1516 184 76 and
1692 1516 160 80 aff.
1904 1520 216 88 May
2172 1516 100 92 5;
2332 1516 76 76 A
2456 1516 328 92 22659;
2844 1516 544 96 University
3440 1520 100 76 of
3588 1516 576 96 Pittsburgh,

484 1624 576 96 Pittsburgh.
1192 1624 28 96 (
1232 1624 116 80 30
1348 1624 380 92 -12605)
3776 1624 232 84 4965

348 1804 452 124 Hough,
856 1804 328 124 Lynn
1236 1804 460 124 Harold,
1760 1808 324 104 1877-

480 2036 108 20 …
652 1960 232 96 The
932 1952 324 104 artist
1304 1960 216 100 and
1568 1960 188 96 the
1804 1956 308 100 critic
2172 1960 52 88 [
2212 1956 144 132 by
2364 2020 24 64 ]
2448 1960 328 128 Lynn
2820 1960 436 100 Harold
3316 1960 444 132 Hough.
3904 1960 264 104 New

340 2104 340 136 York,
740 2104 632 108 Cincinnati
1440 2116 140 116 fet
1576 2124 92 80 c.
1680 2168 24 68 ]
1772 2108 236 100 The
2060 2104 600 132 Abingdon
2720 2140 300 96 press
3084 2104 128 112 [ͨ
3164 2116 256 96 1930
3428 2172 24 64 ]

468 2260 168 76 214
692 2280 84 72 p.
892 2252 528 88 19½ͨͫ.
1308 2260 424 92 (Samuel
1792 2260 344 76 Harris
2192 2264 404 76 lectures
2656 2284 112 52 on
2828 2264 500 76 literature
3384 2264 184 76 and
3624 2264 196 76 life.
3936 2264 76 72 B
4020 2260 112 80 au
4144 2308 32 12 -

336 2388 160 68 gor
552 2368 552 92 theological
1160 2368 500 96 seminary.
1772 2368 112 80 [19
1884 2372 48 76 3
1940 2368 100 92 0]

472 2476 672 96 Bibliography
1196 2484 104 72 at
1348 2480 172 76 end
1576 2480 100 76 of
1724 2480 228 76 each
2004 2480 380 80 lecture.

476 2584 136 84 Co
608 2608 312 56 NTENT
964 2592 52 68 s
988 2652 16 16 .
1008 2588 312 76 -The
1368 2588 328 92 genius
1744 2588 100 76 of
1888 2592 160 76 the
2096 2588 284 80 artist
2392 2648 16 20 .
2408 2588 312 80 -The
2768 2588 580 92 perspective
3396 2588 100 80 of
3544 2592 160 76 the
3752 2592 428 80 artist.-

340 2696 192 80 The
588 2696 328 92 genius
972 2696 100 80 of
1132 2700 160 76 the
1352 2696 608 80 critic.-The
2020 2696 576 92 perspective
2656 2696 100 80 of
2820 2704 156 72 the
3036 2696 884 84 critic.-Criticism
3992 2704 180 72 and

336 2808 156 76 the
532 2804 420 80 creative
1004 2804 300 92 spirit.

352 2904 96 100 ©
508 2920 220 88 Apr.
776 2916 56 76 2
836 2920 52 76 3
896 2972 20 36 ,
972 2916 160 76 193
1144 2916 52 76 0
1228 2936 16 72 ;
1304 2916 132 76 2c.
1492 2920 184 72 and
1732 2912 160 84 aff.
1948 2920 220 88 May
2224 2920 100 88 5;
2388 2920 80 72 A
2524 2916 328 92 22637;
2912 2920 80 72 L
2996 2980 20 16 .
3072 2920 116 76 H.
3248 2920 368 92 Hough,
3680 2916 492 92 Montreal,

480 3024 408 80 Canada.
1024 3024 540 92 (30-12604)
3784 3020 228 84 4966

348 3208 380 120 Hultz,
784 3208 292 100 Fred
1132 3208 484 120 Samuel,
1676 3216 332 96 1893-

488 3356 380 136 Range
940 3360 252 100 beef
1264 3360 656 128 production
1996 3364 112 96 in
2180 3360 188 100 the
2436 3372 568 92 seventeen
3080 3368 456 92 western
3608 3368 368 124 states,
4048 3360 144 132 by

352 3508 288 104 Fred
704 3508 108 108 S.
872 3508 352 100 Hultz
1296 3592 104 16 …
1556 3508 264 100 New
1880 3508 348 132 York,
2288 3508 108 104 J.
2452 3508 368 136 Wiley
2880 3512 88 96 &
3024 3544 280 100 sons,
3364 3512 264 128 inc.;
3692 3512 496 124 London,

356 3660 576 128 Chapman
980 3664 92 96 &
1120 3660 312 128 Hall,
1480 3656 460 132 limited,
2000 3664 284 96 1930.

472 3836 124 56 xv
604 3872 16 32 ,
680 3812 168 80 208
900 3832 80 72 p.
1040 3812 96 72 in
1144 3832 44 56 c
1192 3812 60 76 l.
1304 3812 308 76 front.,
1676 3812 276 88 illus.,
2012 3812 344 92 diagrs.
2468 3800 224 88 21cm.
2920 3812 188 92 $2.5
3116 3816 56 76 0

352 3916 96 96 ©
500 3924 216 92 Apr.
764 3920 132 92 29,
948 3920 104 80 19
1056 3920 116 80 30
1200 3940 16 72 ;
1272 3920 128 80 2c.
1448 3924 184 72 and
1684 3920 160 80 aff.
1892 3920 216 92 May
2156 3920 104 92 2;
2316 3920 76 76 A
2440 3920 224 80 2255
2664 3920 56 80 9
2752 3940 16 72 ;
2824 3920 100 80 F.
2984 3920 84 84 S.
3124 3924 236 76 Hult
3368 3944 44 52 z
3424 3980 16 36 ,
3472 3920 460 92 Laramie,
3968 3920 204 92 Wy.

500 4028 536 100 (30-12664)
3784 4028 232 84 4967

340 4216 484 120 Hunter,
884 4212 536 100 Rowland
1480 4212 120 104 C.

476 4360 224 108 Old
744 4364 388 96 hovses
1176 4360 112 100 in
1340 4360 556 132 England,
1940 4360 148 132 by
2140 4360 540 100 Rowland
2736 4360 116 108 C.
2904 4360 472 104 Hvnter.
3520 4364 264 100 New
3836 4360 348 132 York,

340 4512 108 104 J.
500 4512 368 128 Wiley
920 4516 92 96 &
1060 4544 248 68 sons
1360 4508 264 132 inc.;
1676 4508 500 132 London,
2236 4508 576 132 Chapman
2864 4516 92 96 &
3004 4512 312 128 Hall,
3364 4512 464 128 limited,
3892 4520 288 92 1930.

480 4668 136 80 [16
692 4688 84 72 p.
892 4668 164 76 114
1104 4688 56 72 p
1164 4672 32 72 l
1208 4728 12 16 .
1272 4688 52 56 o
1328 4688 60 56 n
1436 4668 48 76 5
1492 4668 52 76 8
1588 4668 28 68 1
1628 4728 16 16 .
1756 4668 48 76 3
1816 4668 52 76 5
1900 4688 60 56 x
1992 4668 284 76 27".
2496 4664 136 96 $8.
2640 4668 112 76 50

476 4780 92 76 M
572 4796 168 72 aps
780 4800 52 56 o
836 4796 64 56 n
936 4776 700 92 lining-papers.

472 4888 240 76 Text
760 4884 560 92 descriptive
1364 4884 104 80 of
1508 4904 60 72 p
1572 4888 32 72 l
1616 4948 16 12 .
1676 4884 48 76 5
1732 4884 168 76 4-6
1904 4884 48 76 3
2004 4904 116 56 on
2164 4904 272 56 verso
2480 4884 104 76 of
2628 4904 64 72 p
2692 4888 28 72 l
2732 4944 20 16 .
2800 4884 136 80 53.

352 4980 96 96 ©
504 4996 216 88 Apr.
772 4992 132 92 29,
956 4992 104 80 19
1072 4996 48 76 3
1124 4992 104 92 0;
1280 4996 132 76 2c.
1464 4996 184 72 and
1700 4988 100 80 af
1792 4992 36 76 f
1840 5056 16 16 .
1912 4996 216 88 May
2180 4992 104 92 2;
2336 4996 80 72 A
2464 4992 328 92 22595;
2852 4996 108 76 R.
3020 4992 92 80 C.
3164 4996 396 92 Hunter,
3616 4996 228 76 New
3896 4996 276 76 York.

496 5100 540 100 (30-12754)
3784 5100 228 84 4968

340 5284 824 100 International
1228 5284 952 120 correspondence
2240 5280 476 128 schools,
2784 5288 136 100 Sc
2924 5320 56 64 r
2984 5320 68 68 a
3052 5324 76 60 n
3132 5296 108 96 to
3248 5324 76 64 n
3332 5372 24 48 ,
3408 5288 100 100 P
3508 5320 68 64 a
3584 5372 20 20 .

472 5432 232 100 The
772 5432 256 100 civil
1096 5428 596 132 engineer's
1752 5432 640 128 handbook;
2460 5468 60 64 a
2584 5428 648 104 convenient
3284 5432 556 100 reference
3900 5428 284 100 book

344 5580 180 100 for
584 5580 608 128 chainmen,
1252 5584 484 124 rodmen,
1800 5580 688 128 transitmen,
2548 5580 484 128 levelers,
3096 5612 608 100 surveyors,
3768 5576 412 104 drafts-

336 5764 280 100 men,
676 5740 644 120 computers,
1380 5732 212 96 and
1652 5728 520 132 railroad,
2228 5728 528 132 sanitary,
2812 5728 556 132 highway,
3424 5732 216 100 and
3700 5728 476 132 hydrau-

340 5880 84 100 li
416 5896 52 76 c
552 5880 560 132 engineers
1180 5876 148 132 by
1396 5876 808 104 International
2276 5880 916 128 correspondence
3260 5880 452 128 schools,
3788 5876 388 108 Scran-

340 6040 228 120 ton,
620 6032 192 96 Pa.
944 6032 140 96 2d
1148 6028 200 128 ed.,
1408 6028 256 100 65th
1724 6028 580 100 thousand.
2440 6020 576 136 Scranton,
3076 6028 232 128 Pa.,
3368 6028 812 100 International

340 6176 520 104 textbook
916 6212 540 96 company
1556 6180 336 124 41930]

480 6340 200 92 xiii,
732 6340 48 76 3
788 6340 108 76 63
948 6356 84 72 p.
1088 6332 148 80 inc
1240 6336 28 72 l
1280 6396 20 16 .
1352 6332 276 92 illus.,
1684 6336 324 88 tables,
2060 6332 344 92 diagrs.
2524 6332 104 76 14
2632 6340 32 40 0
2660 6340 56 48 m
2728 6392 16 20 .

484 6448 256 76 First
792 6440 352 80 edition
1196 6440 456 92 prepared
1708 6440 116 92 by
1876 6440 96 80 C.
2028 6440 112 80 K.
2204 6440 392 92 Smoley.

356 6536 96 100 ©
516 6556 220 92 Apr.
792 6552 136 92 21,
984 6552 112 76 19
1096 6552 108 76 30
1240 6572 16 68 ;
1316 6548 132 84 2c.
1508 6552 184 76 and
1752 6544 160 84 aff.
1972 6548 216 92 May
2248 6548 104 92 2;
2416 6548 76 72 A
2552 6548 52 72 2
2608 6548 48 76 3
2668 6548 208 92 194;
2948 6548 500 80 Internatl.
3508 6552 444 76 textbook
4012 6572 156 72 co.,

496 6664 480 88 Scranton,
1036 6664 160 72 Pa.
1324 6664 28 88 (
1368 6660 48 76 3
1424 6656 436 96 0-12766)
3784 6656 232 84 4969

388 6844 388 100 James
784 6872 60 72 o
852 6876 108 92 n,
1012 6848 268 96 Mrs.
1336 6840 372 100 Annie
1760 6840 348 100 Edith
2180 6844 40 120 (
2240 6840 156 100 Fo
2404 6836 300 124 ster)
2820 6848 328 96 1868-

504 6992 116 100 E
632 7028 192 92 sop
880 6988 532 132 dancing;
1468 7024 160 92 or,
1680 6988 232 100 The
1964 6988 316 100 heart
2336 6988 124 100 of
2516 6984 384 104 Oliver
2956 6984 664 136 Goldsmith,
3676 6988 148 132 by
3880 6988 104 104 J.
4044 6988 128 100 E.

352 7140 548 100 Buckrose
964 7204 24 60 [
992 7172 192 96 pse
1188 7172 68 68 u
1264 7136 100 104 d.
1384 7200 24 64 ]
1536 7136 500 128 London,
2092 7136 124 96 E.
2276 7136 304 100 Nash
2636 7136 84 96 &
2776 7132 508 132 Grayson
3340 7136 424 100 limited
3836 7200 24 64 [
3872 7140 52 96 1
3936 7140 124 96 93
4072 7140 60 96 0
4140 7196 24 68 ]

484 7296 108 76 25
596 7296 48 76 3
656 7356 16 32 ,
736 7296 76 92 rl
812 7312 28 64 i
904 7312 84 72 p.
1100 7292 108 76 19
1220 7292 52 80 1
1272 7296 112 76 ".

364 7392 96 96 ©
524 7396 88 88 ic
628 7468 16 16 .
700 7408 220 88 Apr.
968 7404 132 92 16,
1160 7400 108 80 19
1268 7400 48 80 3
1328 7400 100 92 0;
1484 7400 80 76 A
1616 7404 120 76 ad
1792 7400 28 76 i
1828 7424 56 52 n
1892 7404 60 76 t.
2012 7396 320 84 13790;
2400 7400 272 92 pubd.
2732 7400 212 76 Feb.
3004 7400 156 80 18:
3220 7400 108 76 A.
3388 7400 100 80 E.
3544 7400 100 76 F.
3704 7400 464 88 Jameson,

492 7516 700 88 Wymondham,
1248 7508 424 96 Norfolk,
1732 7512 452 88 England.
2308 7508 28 96 (
2356 7508 48 80 3
2408 7508 164 80 0-1
2576 7508 52 80 3
2636 7508 212 92 114)
3764 7504 232 80 4970
