4752 8320
348 664 396 120 Canse,
800 660 292 104 John
1152 660 464 128 Martin,
1676 668 324 96 1869-

476 804 468 136 Pilgrim
1012 804 212 104 and
1288 800 492 132 pioneer;
1848 800 324 104 dawn
2236 800 112 104 in
2412 804 180 104 the
2656 800 624 108 Northwest
3352 800 208 136 [by]
3640 800 296 104 John
4004 800 152 104 M.

344 952 368 108 Canse.
832 952 256 100 New
1136 952 340 128 York,
1520 948 624 112 Cincinnati
2200 956 260 112 [etc.]
2516 952 232 100 The
2788 948 596 136 Abingdon
3432 984 300 96 press
3784 952 52 116 [
3860 956 120 92 19
3992 956 152 112 30]

472 1108 48 76 3
528 1108 52 76 0
588 1108 52 76 6
688 1128 84 76 p.
884 1108 96 76 fr
984 1124 112 60 on
1108 1108 64 76 t.
1224 1108 104 92 (p
1332 1124 52 60 o
1392 1104 164 92 rt.)
1628 1124 60 76 p
1692 1108 32 72 l
1728 1108 228 88 ates,
2012 1124 240 72 map.
2368 1104 560 88 19½ͨͫ.

476 1244 264 92 Maps
804 1264 112 60 on
984 1240 696 96 lining-papers.

476 1352 336 80 "Jason
872 1352 256 76 Lee's
1184 1352 392 92 journey
1632 1356 92 72 to
1780 1352 356 88 Oregon
2196 1352 184 72 and
2432 1348 144 80 his
2636 1348 604 92 conspicuous
3292 1352 336 104 labocs.
3648 1348 24 24 "
3676 1392 24 36 -
3792 1352 224 76 -Intr
4024 1372 48 52 o
4080 1348 80 80 d.

352 1488 92 96 ©
504 1496 244 92 Sept.
796 1496 52 72 2
856 1492 48 76 9
912 1556 16 32 ,
980 1492 108 76 19
1092 1492 112 76 30
1228 1516 20 64 ;
1300 1492 48 72 2
1356 1516 44 56 c
1416 1556 12 12 .
1480 1492 180 76 and
1712 1504 88 68 af
1788 1504 32 68 t
1840 1532 24 40 .
1924 1488 192 80 Oct.
2172 1492 48 72 1
2228 1488 44 76 8
2312 1508 12 60 :
2380 1488 80 76 A
2508 1488 116 84 28
2620 1484 56 80 9
2676 1488 160 92 47;
2892 1484 84 80 J.
3028 1488 124 80 Al.
3208 1484 68 80 C
3280 1508 116 64 an
3408 1504 120 76 se,
3580 1504 100 68 M
3684 1492 320 76 ontesa
4000 1512 56 56 n
4080 1508 72 60 o.

480 1604 312 80 Wash.
924 1600 536 96 (30-29374)
3688 1592 288 84 11915

340 1840 460 128 Cassell,
856 1840 468 108 Charles
1380 1836 392 124 Willis,
1836 1848 48 92 1
1900 1848 60 92 8
1964 1840 196 104 71-
2568 1876 48 64 e
2624 1840 104 100 d.

468 1988 468 132 History
996 1984 124 104 of
1176 1988 180 100 the
1416 1988 564 96 Lutheran
2044 1984 404 100 church
2508 1984 116 100 in
2684 1984 516 132 Virginia
3268 1984 212 100 and
3548 1984 272 100 East
3880 1984 276 100 Ten-

332 2172 392 92 nessee,
800 2132 364 104 edited
1240 2132 144 132 by
1468 2132 116 104 C.
1660 2132 172 104 W.
1920 2132 444 128 Cassell,
2440 2132 172 104 W.
2696 2132 104 104 J.
2884 2128 384 136 Finck,
3352 2132 216 104 and
3652 2132 288 100 Elon
4024 2132 96 104 O
4136 2216 16 16 .

332 2280 484 132 Henkel;
884 2284 252 132 pub.
1196 2284 144 132 by
1396 2284 180 100 the
1636 2284 564 128 authority
2264 2276 124 104 of
2444 2284 180 96 the
2684 2280 564 100 Lutheran
3312 2280 344 132 synod
3720 2276 124 104 of
3900 2284 252 100 Vir-

328 2432 336 132 ginia.
832 2428 628 136 Strasburg,
1556 2432 240 128 Va.,
1892 2428 736 108 Shenandoah
2720 2428 644 132 publishing
3456 2428 364 100 house.
3916 2428 240 132 inc.,

336 2584 284 100 1930.

464 2736 196 76 xvii
720 2756 112 72 p.,
896 2740 48 72 1
1008 2736 84 92 1.,
1152 2732 168 80 401
1380 2752 80 72 p.
1528 2732 24 76 i
1564 2756 60 52 n
1628 2732 84 80 cl
1716 2796 16 16 .
1800 2732 312 92 front.,
2176 2732 276 92 illus.,
2512 2732 324 80 tables.
2952 2732 224 80 fold.
3244 2732 288 92 diagr.
3652 2732 104 76 23
3780 2736 144 72 I's.

344 2868 92 88 ©
520 2872 84 76 A
604 2896 60 72 p
664 2896 72 52 r.
812 2872 48 76 2
876 2936 16 20 ,
968 2872 104 76 19
1080 2872 108 76 30
1216 2896 20 64 ;
1316 2876 96 76 2c
1428 2932 16 16 .
1524 2872 72 76 O
1600 2892 48 56 c
1660 2876 56 72 t.
1800 2872 44 76 7
1880 2892 16 68 ;
1980 2872 156 84 aft.
2220 2872 196 76 Oct.
2496 2880 96 76 8;
2676 2872 80 72 A
2832 2868 48 76 2
2888 2864 52 80 9
2944 2872 48 72 1
3004 2872 48 72 5
3056 2872 104 88 5;
3248 2872 620 76 Shenandoah
3948 2876 204 88 pub.

468 2984 308 88 house,
844 2984 176 76 inc.
1156 2980 432 96 (30-2934
1596 2980 48 72 8
1664 2984 28 92 )
3696 2972 284 88 11916

332 3224 584 120 Compton,
972 3220 364 124 Ralph
1396 3220 612 104 Theodore.

520 3360 64 120 …
648 3364 360 104 Fiscal
1064 3364 540 132 problems
1664 3400 60 68 o
1736 3364 48 100 f
1840 3404 56 60 r
1904 3400 60 68 u
1980 3368 164 100 ral
2200 3364 416 104 decline
2632 3384 28 92 ;
2736 3404 52 60 a
2856 3404 44 64 s
2908 3376 44 88 t
2964 3364 220 132 udy
3240 3404 60 60 o
3308 3364 56 100 f
3420 3376 44 88 t
3468 3368 132 96 he
3656 3368 500 104 methods

328 3520 120 100 of
508 3516 560 136 financing
1132 3520 176 96 the
1380 3552 52 56 c
1440 3524 216 92 osts
1728 3512 120 104 of
1916 3524 708 124 government
2696 3512 108 104 in
2880 3516 180 100 the
3128 3512 776 132 economically
3976 3516 172 100 de-

328 3664 384 104 cadent
800 3664 288 100 rural
1180 3696 300 68 areas
1564 3660 124 104 of
1764 3664 264 100 New
2120 3664 308 100 York
2508 3672 312 120 state,
2904 3664 140 124 by
3132 3664 368 132 Ralph
3588 3664 564 100 Theodore

328 3812 544 132 Compton
928 3824 64 104 …
1184 3812 480 132 Albany,
1716 3812 108 104 J.
1892 3812 128 100 B.
2080 3812 312 128 Lyon
2456 3848 572 96 company,
3092 3812 512 128 printers,
3672 3816 288 96 1929.

456 3964 164 84 283
700 3988 84 72 p.
904 3988 288 72 maps,
1276 3964 300 80 tables
1684 3964 92 96 (1
1860 3964 276 96 fold.)
2240 3964 340 92 diagrs.
2696 3964 224 80 23C.
3060 3964 272 96 (New
3416 3964 252 80 York
3776 3964 360 96 (State)

320 4076 204 80 Tax
576 4072 612 84 commission.
1300 4072 364 96 Special
1716 4076 336 92 report,
2104 4096 144 56 no.
2304 4072 100 96 2)

456 4208 440 96 Running
948 4208 260 80 title:
1276 4208 352 92 Report
1684 4228 48 56 o
1740 4232 56 52 n
1856 4208 264 76 fiscal
2180 4208 456 92 problems
2696 4208 100 76 of
2856 4208 260 76 rural
3176 4208 380 76 decline.

460 4316 492 80 "Revision
1016 4316 100 80 of
1172 4336 52 56 a
1284 4316 608 76 dissertation
1956 4316 488 92 presented
2504 4320 96 72 to
2656 4316 156 76 the
2872 4316 364 92 faculty
3292 4316 104 76 of
3452 4316 156 80 the
3672 4316 480 84 Graduate

324 4428 312 72 school
700 4428 100 72 of
856 4424 232 76 Yale
1148 4424 520 84 university
1732 4424 92 76 in
1896 4420 244 96 May,
2208 4424 220 76 1929
2488 4424 56 84 …
2660 4424 152 76 for
2880 4424 156 76 the
3100 4424 332 88 degree
3500 4424 100 76 of
3668 4424 320 76 doctor
4052 4424 100 80 of

324 4532 1000 96 philosophy."-Pref.

460 4640 716 92 Bibliography:
1244 4660 80 72 p.
1384 4640 416 76 271-275.

336 4764 96 96 ©
496 4780 244 92 Sept.
796 4780 72 92 6,
924 4776 268 92 1930;
1252 4776 48 72 2
1308 4800 72 56 c.
1440 4780 184 76 and
1676 4776 152 80 aff.
1896 4776 244 92 Sept.
2196 4776 100 92 9;
2356 4776 76 72 A
2488 4776 324 92 27367;
2872 4776 228 80 New
3156 4776 256 76 York
3468 4776 264 80 State
3784 4780 368 88 depart-

468 4892 252 72 ment
772 4892 96 72 of
924 4888 424 76 taxation
1404 4888 68 76 &
1524 4888 32 76 f
1556 4888 348 92 inance,
1964 4888 392 88 Albany.
2492 4884 536 96 (30-27442)
3688 4884 292 80 11917

324 5100 436 120 Corley,
820 5096 472 108 Donald.

456 5244 236 104 The
760 5244 264 104 fifth
1100 5280 192 68 son
1368 5244 124 104 of
1564 5248 180 100 the
1820 5244 668 132 shoemaker,
2560 5244 144 132 by
2784 5244 440 104 Donald
3308 5244 428 132 Corley.
3884 5244 264 104 New

328 5392 336 132 York,
720 5396 128 100 R.
908 5396 120 100 M
1040 5480 16 16 .
1116 5396 524 100 McBride
1700 5396 84 100 &
1836 5428 572 100 company,
2472 5400 288 96 1930.

452 5568 84 56 x.
592 5548 192 96 282,
848 5588 24 60 [
872 5552 52 72 1
924 5568 24 64 ]
1008 5568 84 72 p.
1208 5548 112 80 19
1324 5552 48 92 1
1380 5556 28 40 0
1464 5580 24 44 .

336 5668 92 96 ©
508 5688 232 92 Sept.
820 5688 128 92 26,
1016 5684 268 96 1930;
1356 5688 48 72 2
1416 5708 40 60 c
1468 5756 16 12 .
1556 5688 120 80 Oc
1688 5688 60 80 t.
1816 5688 108 72 30
1956 5712 16 68 ;
2048 5688 100 76 af
2144 5688 40 72 f
2184 5752 20 16 .
2276 5688 192 80 Oct.
2540 5684 156 96 29;
2772 5688 76 72 A
2916 5684 324 96 29687;
3316 5688 112 76 D.
3500 5688 344 92 Corley.
3928 5688 220 76 New

468 5796 276 80 York.
880 5796 536 96 (30-29343)
3684 5792 288 84 11918

332 6008 432 124 Corpus
812 6008 316 136 juris:
1192 6016 324 132 being
1564 6052 60 64 a
1672 6016 524 128 complete
2248 6048 132 68 an
2392 6016 72 100 d
2508 6008 620 136 systematic
3176 6020 576 96 statement
3804 6012 120 100 of
3968 6012 120 96 th
4100 6048 48 60 e

460 6164 348 100 whole
860 6164 292 136 body
1212 6168 120 96 of
1388 6168 180 100 the
1628 6168 208 96 law
1896 6204 112 64 as
2072 6164 564 100 embodied
2700 6164 112 100 in
2872 6164 216 100 and
3148 6164 592 128 developed
3796 6164 144 132 by
4004 6164 136 100 all

460 6320 508 124 reported
1032 6312 560 104 decisions.
1740 6312 408 104 Edited
2212 6316 144 132 by
2416 6312 500 104 William
2984 6312 328 104 Mack
3356 6316 60 112 …
3572 6312 216 104 and
3852 6312 244 96 Don
4128 6372 20 12 -

468 6464 100 100 al
580 6468 68 100 d
700 6464 108 104 J.
868 6464 324 104 Kiser
1268 6472 64 104 …
1516 6504 64 60 v
1588 6548 16 16 .
1668 6468 56 92 5
1736 6468 84 96 1.
1968 6464 264 100 New
2288 6464 344 124 York,
2684 6464 232 100 The
2972 6464 588 100 American
3612 6464 108 96 la
3724 6496 96 64 w
3876 6464 280 100 book

460 6648 52 68 c
520 6648 144 84 o.;
728 6616 496 120 London,
1284 6612 748 104 Butterworth
2092 6620 84 96 &
2236 6648 184 72 co.,
2480 6620 288 96 1930.

464 6772 48 76 3
564 6792 84 72 p.
700 6772 32 72 1
740 6800 40 48 .,
836 6792 60 56 v
896 6768 192 80 -xii
1140 6792 112 72 p.,
1308 6768 48 76 1
1412 6772 84 80 1.,
1556 6768 104 76 12
1668 6772 52 76 5
1724 6768 52 80 5
1828 6788 80 76 p.
2024 6768 52 76 2
2080 6768 60 80 6
2136 6772 112 76 C.

336 6892 92 88 ©
496 6904 232 76 Nov.
792 6900 132 80 29.
996 6900 264 92 1930;
1332 6908 124 72 2.
1528 6908 180 72 and
1780 6900 100 80 af
1880 6900 32 76 f
1920 6968 12 12 .
2008 6904 212 76 Dec.
2288 6904 48 72 1
2344 6900 48 76 2
2428 6924 16 68 ;
2520 6900 68 76 A
2664 6900 160 80 321
2832 6900 112 80 08
2972 6920 16 72 ;
3064 6900 304 80 Amer.
3440 6900 176 76 law
3688 6900 108 76 bo
3804 6924 48 52 o
3860 6900 60 72 k
4016 6920 40 56 0
4104 6956 40 24 .,

468 7012 496 92 Brooklyn.
3688 7004 288 80 11919

324 7220 396 124 Crane,
776 7224 544 104 Nathalia
1380 7224 328 104 Clara
1764 7224 348 104 Ruth.

456 7368 720 132 Pocahontas,
1240 7368 144 136 by
1452 7368 516 108 Nathalia
2048 7368 384 108 Crane.
2576 7368 264 104 New
2916 7368 344 132 York,
3324 7368 132 104 E.
3524 7368 124 100 P.
3716 7364 424 100 Dutton

324 7520 84 96 &
456 7552 188 104 co.,
692 7516 116 108 in
804 7532 60 80 c
880 7596 20 32 ,
964 7520 56 108 (
1044 7524 184 100 193
1240 7524 60 96 0
1284 7548 48 80 1

2116 7676 256 96 1843
