4800 8268
648 656 532 120 Bennett,
1244 652 536 100 Florence
1840 644 1112 124 Mary-Continued

800 812 280 80 "Five
1136 812 420 76 hundred
1616 808 308 96 copies
1984 808 96 76 of
2140 804 188 80 this
2384 800 236 80 book
2676 800 376 96 printed
3112 820 116 56 on
3284 800 204 76 Van
3548 796 336 76 Gelder
3944 792 564 80 hand-made

664 944 284 72 paper
1000 920 184 80 and
1240 920 156 80 the
1448 924 216 88 type
1720 916 564 84 distributed
2340 912 96 76 in
2492 916 156 76 the
2704 912 320 76 month
3080 908 104 80 of
3236 908 324 80 March
3620 900 300 84 1930."

796 1036 356 76 Poems.

668 1164 96 96 ©
820 1168 220 96 Apr.
1092 1168 128 88 11,
1276 1168 268 88 1930;
1604 1168 128 76 2c.
1784 1168 220 88 Apr.
2056 1164 156 88 19;
2272 1184 52 56 a
2332 1160 100 80 ff.
2484 1164 220 88 Apr.
2756 1156 160 92 29;
2972 1160 80 72 A
3104 1156 224 76 2370
3332 1156 56 72 9
3416 1172 20 72 ;
3496 1156 104 76 F.
3656 1152 92 76 M
3676 1168 100 76 .
3832 1156 108 72 B.
3992 1152 512 88 Anderson.

796 1280 304 100 Walla
1156 1280 332 92 Walla,
1540 1276 320 76 Wash.
1984 1272 540 92 (30-15142)
4112 1256 240 80 6042

652 1460 352 104 Bible.
1144 1460 636 104 Selections.
1924 1460 508 132 English.

788 1604 232 104 The
1092 1608 316 100 Bible
1476 1604 124 104 in
1660 1640 184 96 my
1912 1604 552 132 everyday
2528 1600 236 104 life.
2832 1604 140 128 by
3048 1600 168 100 Eu
3232 1636 72 76 g
3308 1636 48 60 e
3368 1636 68 60 n
3432 1620 56 76 e
3568 1592 544 104 Franklin
4180 1592 336 100 Reese

720 1764 60 104 …
840 1756 272 100 with
1168 1792 140 64 an
1364 1756 756 100 introduction
2172 1752 148 136 by
2372 1752 140 100 A.
2572 1756 124 96 T.
2760 1748 608 104 Robertson
3424 1764 60 104 …
3616 1784 60 64 a
3736 1740 532 136 practical
4324 1772 188 96 ap-

656 1904 528 136 plication
1236 1904 124 104 of
1408 1908 184 100 the
1644 1904 320 100 Bible
2012 1916 116 92 to
2180 1904 548 128 everyday
2776 1900 236 124 life,
3060 1900 332 100 based
3448 1932 136 64 on
3636 1900 184 96 the
3872 1892 640 104 authorized

676 2056 364 136 (King
1096 2052 428 136 James)
1604 2052 432 104 version
2100 2052 124 100 of
2284 2056 180 96 the
2528 2052 316 100 Bible
2928 2048 520 132 (without
3512 2044 588 128 comment)
4256 2036 256 108 Chi-

656 2240 300 96 cago,
1012 2204 220 132 Ill.,
1288 2204 232 104 The
1584 2200 436 108 System
2076 2200 316 100 Bible
2456 2236 540 96 company
3144 2204 188 100 [ͨ193
3344 2204 92 120 0]

788 2368 168 76 432
1020 2388 88 72 p.
1220 2364 144 84 19
1388 2368 32 40 ½ͨͫ

672 2500 96 92 ©
824 2504 220 92 May
1092 2504 136 92 28,
1280 2504 48 72 1
1336 2500 56 72 9
1396 2504 48 72 3
1448 2500 60 76 0
1536 2520 16 68 ;
1608 2500 52 76 2
1668 2524 44 52 c
1720 2560 16 16 .
1792 2500 184 76 and
2028 2496 160 80 aff.
2240 2500 248 72 June
2536 2500 100 84 7;
2696 2496 76 76 A
2828 2492 48 76 2
2880 2492 112 80 38
2996 2492 48 80 3
3056 2492 48 80 8
3136 2512 16 72 ;
3220 2492 56 80 S
3288 2496 300 88 ystem
3644 2492 176 76 Bib
3824 2492 32 76 l
3864 2512 52 56 e
3964 2512 108 56 co
4080 2552 16 20 .

820 2612 260 92 (30-1
1092 2616 52 76 5
1148 2612 212 92 284)
4100 2596 236 84 6043

660 2792 272 128 Biel,
996 2792 492 128 Gabriel,
1544 2800 104 100 d.
1712 2804 288 96 1495.

792 2944 488 100 Treatise
1372 2976 140 64 on
1596 2944 180 100 the
1872 2976 364 92 power
2324 2940 212 104 and
2628 2940 380 128 utility
3096 2940 128 100 of
3304 2972 480 96 moneys,
3868 2936 148 132 by
4100 2936 420 100 Master

656 3092 452 104 Gabriel
1192 3092 196 100 Bie
1400 3096 32 96 l
1512 3092 124 100 of
1712 3088 452 136 Speyer,
2240 3128 60 64 a
2380 3128 264 96 very
2720 3092 524 100 excellent
3320 3124 252 64 man
3656 3088 216 100 and
3956 3084 564 136 profound

656 3244 476 124 thinker,
1204 3240 552 104 licentiate
1828 3244 112 96 in
2008 3244 184 96 the
2264 3256 280 88 most
2616 3240 372 100 sacred
3064 3244 408 120 letters,
3540 3244 468 96 lecturer
4080 3236 436 104 ordina

660 3392 260 132 rius,
964 3392 272 104 with
1284 3396 184 100 the
1516 3428 464 92 courage
2024 3392 124 100 of
2192 3392 172 100 his
2412 3388 708 128 convictions,
3168 3400 112 88 at
3328 3392 184 100 the
3568 3388 432 100 famous
4048 3388 472 104 Univer-

656 3544 224 132 sity
956 3544 128 100 of
1160 3544 616 128 Tübingen,
1856 3544 536 100 while
2476 3576 216 64 was
2776 3540 112 100 in
2968 3544 184 96 the
3236 3540 380 100 world.
3764 3540 396 132 Lately
4240 3540 276 100 done

656 3692 236 104 into
956 3692 476 132 English
1492 3696 148 128 by
1700 3692 416 100 Robert
2176 3692 304 104 Belle
2548 3688 368 104 Burke
2984 3692 180 100 for
3232 3688 384 108 Josiah
3684 3692 492 96 Harmar
4240 3692 276 100 Pen

656 3844 380 100 niman
1092 3844 64 112 …
1400 3844 824 128 Philadelphia,
2308 3840 652 136 University
3044 3844 120 96 of
3248 3840 824 136 Pennsylvania
4160 3876 356 96 press;

664 3996 492 128 London,
1216 3992 440 104 Oxford
1712 3992 612 132 university
2384 4028 336 92 press,
2784 3996 284 96 1930.

796 4160 48 72 1
896 4180 84 68 p.
1040 4156 80 88 1.,
1172 4152 248 92 7-39,
1480 4192 20 56 [
1512 4152 64 72 1]
1644 4172 80 72 p.
1840 4152 564 88 21ͨͫ.

796 4292 256 76 With
1108 4288 660 96 reproduction
1820 4288 100 76 of
1964 4288 404 92 original
2424 4292 184 88 t.-p.

800 4400 284 72 "This
1144 4396 356 80 edition
1556 4396 56 84 …
1732 4400 156 72 the
1948 4396 204 76 first
2212 4400 336 72 known
2620 4396 384 88 English
3068 4396 600 96 translation,
3728 4396 404 80 consists
4192 4400 104 76 of
4356 4396 168 84 500

664 4532 40 56 c
712 4508 152 92 opi
872 4528 96 56 es
1024 4508 368 92 printed
1452 4528 116 56 on
1628 4528 44 52 r
1676 4524 120 72 ag
1852 4524 288 72 paper
2192 4504 504 76 numbered
2756 4504 44 76 1
2864 4508 92 72 to
3012 4504 188 76 500.
3316 4504 228 76 This
3596 4504 84 80 is
3736 4528 228 72 copy
4020 4528 144 56 no.
4212 4504 252 84 365."

676 4616 92 88 ©
828 4620 156 76 Ma
992 4640 56 68 y
1100 4616 44 76 1
1156 4616 56 80 6
1216 4676 16 32 ,
1288 4616 268 92 1930;
1612 4616 132 76 2c.
1804 4616 244 76 June
2096 4616 108 80 4:
2264 4636 48 52 a
2324 4612 40 76 f
2356 4612 40 76 f
2396 4660 20 40 .
2480 4616 240 72 June
2776 4612 100 88 2;
2936 4612 80 76 A
3068 4612 332 92 24309;
3464 4616 548 92 University
4068 4616 100 80 of
4224 4620 292 76 Penn-

800 4724 432 96 sylvania
1276 4744 288 76 press.
1696 4724 544 96 (30-15275)
4120 4720 232 84 6044

660 4912 460 120 Blanck,
1180 4908 432 124 Edwin,
1672 4912 328 104 1877-
2592 4912 160 100 ed.

800 5060 632 104 Handbuch
1492 5060 192 104 der
1736 5056 692 104 bodenlehre.
2572 5060 340 132 Hrsg.
2972 5092 212 68 von
3248 5060 160 104 dr.
3472 5060 128 100 E.
3664 5056 428 108 Blanck
4164 5068 72 104 …
4424 5068 84 96 3.

664 5216 168 96 bd.
976 5212 208 100 Die
1256 5216 296 96 lehre
1624 5248 208 64 von
1912 5216 64 96 d
1988 5248 116 64 er
2180 5212 616 132 verteilung
2864 5216 196 96 der
3128 5216 672 104 bodenarten
3880 5248 136 68 an
4096 5216 192 100 der
4360 5252 156 64 er

660 5360 392 104 doberf
1044 5360 40 96 l
1048 5360 344 108 äche:
1488 5364 548 128 regionale
2120 5368 224 96 und
2432 5364 376 100 zonale
2888 5368 660 100 bodenlehre
3624 5368 64 108 …
3904 5364 424 136 Berlin,
4408 5368 108 100 J.

664 5512 568 132 Springer,
1292 5516 288 96 1930.

800 5668 196 96 viii,
1048 5668 168 76 550
1264 5692 84 72 p.
1460 5668 32 76 i
1496 5672 136 72 llu
1640 5692 44 52 s
1696 5728 40 36 .,
1792 5672 324 76 tables.
2176 5672 264 92 snaps
2492 5672 260 92 (part
2804 5672 276 92 fold.)
3136 5672 344 92 diagrs.
3596 5672 228 80 26ͨͫ.

676 5768 92 88 ©
820 5780 212 76 Jan.
1076 5780 132 92 28,
1256 5780 48 72 1
1316 5776 56 76 9
1372 5776 112 80 30
1508 5800 20 72 ;
1580 5780 44 72 1
1636 5800 72 60 c.
1756 5780 216 92 Apr.
2020 5780 104 80 2;
2176 5780 596 92 A-Foreign
2820 5780 272 92 7660;
3148 5780 316 80 Julius
3516 5780 472 96 Springer.
4120 5780 228 80 6045

664 5960 628 124 Boccaccio,
1360 5960 592 128 Giovanni,
2020 5972 628 100 1313-1375.

792 6112 232 100 The
1076 6108 676 104 Decameron
1812 6112 124 100 of
1988 6112 552 104 Giovanni
2608 6116 640 128 Boccaccio;
3312 6116 608 104 translated
3980 6116 144 132 by
4184 6116 332 104 Rich-

656 6260 200 100 ard
928 6256 108 104 A
1040 6260 40 100 l
1088 6256 272 132 ding
1368 6268 44 96 t
1420 6296 192 96 on;
1692 6260 32 104 i
1736 6260 692 104 llustrations
2504 6268 144 128 by
2728 6264 280 104 Jean
3088 6268 132 96 de
3304 6268 408 100 Bossch
3724 6268 48 96 è
3784 6304 112 64 re
3972 6256 64 120 …
4248 6268 268 100 New

656 6404 348 132 York,
1060 6404 412 136 Covici,
1528 6412 432 132 Friede,
2020 6416 292 100 1930.

792 6564 52 76 2
896 6584 84 60 v.
1096 6568 168 76 col.
1312 6564 368 96 fronts.,
1736 6572 308 88 plates
2116 6568 264 96 (part
2432 6560 216 104 col.)
2780 6572 52 72 2
2840 6556 112 88 5
2956 6548 20 76 ͨͫ
3040 6588 20 48 .

792 6672 248 80 Title
1088 6672 96 76 in
1240 6676 160 76 red
1456 6676 184 76 and
1696 6676 300 76 black.

796 6780 232 76 "Thi
1036 6800 48 60 s
1160 6780 356 80 edition
1600 6784 100 76 of
1780 6788 160 76 the
2020 6788 456 76 Decamer
2480 6808 52 52 o
2540 6808 56 52 n
2680 6788 60 72 h
2752 6808 48 56 a
2812 6808 40 56 s
2940 6788 224 76 been
3256 6784 436 96 designed
3784 6788 116 92 by
3988 6788 348 76 Robert
4424 6784 92 84 S.

660 6888 440 92 Josephy,
1176 6888 372 92 printed
1628 6896 300 72 under
2000 6892 152 76 his
2228 6892 588 96 supervision
2900 6896 116 88 by
3100 6896 156 72 the
3340 6892 304 96 Quinn
3728 6896 72 76 &
3880 6896 320 76 Boden
4284 6916 232 56 com-

656 7016 276 72 pany,
1012 6996 448 92 Rahway,
1540 7000 228 76 New
1848 7000 356 96 Jersey,
2284 7000 96 76 in
2464 7000 288 96 April,
2840 7012 220 68 MCM
3072 7024 124 52 XX
3208 7024 52 52 X
3272 7064 20 32 ,
3376 7004 180 76 and
3644 7008 32 72 t
3684 7004 116 72 he
3880 7000 28 76 i
3916 7004 28 72 l
3952 7004 36 72 l
3992 7004 312 76 ustrat
4312 7004 28 72 i
4348 7020 172 60 ons

660 7108 568 88 reproduced
1292 7108 116 92 by
1476 7112 156 72 the
1700 7108 448 76 Knudsen
2216 7132 396 72 process.
2732 7112 424 88 Twenty-
3160 7108 56 76 fi
3232 7132 108 52 ve
3404 7112 424 76 hundred
3900 7108 308 92 copies
4276 7112 240 76 have

656 7212 232 76 been
956 7212 376 92 printed
1408 7232 116 60 on
1604 7216 392 92 Worthy
2072 7240 144 56 no.
2296 7220 52 72 2
2428 7216 340 96 special
2852 7216 192 76 laid
3132 7240 168 68 rag
3376 7236 316 76 paper,
3772 7216 100 80 of
3952 7220 304 72 which
4336 7216 56 76 fi
4404 7240 112 52 ve

656 7320 424 80 hundred
1144 7340 164 60 are
1360 7324 152 76 for
1576 7324 456 92 England.
2148 7328 228 72 This
2440 7348 228 68 copy
2732 7328 80 72 is
2876 7328 392 72 number
3332 7328 48 72 9
3388 7328 48 76 3
3448 7324 48 80 9
3508 7324 72 80 ."

668 7416 104 92 ©
824 7432 216 92 Apr.
1096 7432 132 88 28,
1284 7432 272 92 1930;
1612 7436 128 76 2c.
1796 7436 224 80 each
2080 7436 216 92 May
2348 7432 104 84 1:
2512 7456 40 52 o
2572 7436 100 80 ff.
2728 7440 152 76 Ma
2888 7460 56 68 y
3000 7436 160 88 22;
3220 7440 76 72 A
3352 7436 328 92 24092;
3748 7432 340 96 Covici,
4144 7432 364 92 Friede,

796 7540 172 84 inc.
1104 7540 540 100 (30-15310)
4100 7536 232 88 6046

2476 7656 196 100 922
