4920 8268
2372 7684 196 96 514

568 656 468 128 Martin,
1100 660 88 104 G
1760 660 128 108 G.

700 812 236 100 The
1016 844 616 100 messenger
1716 812 120 104 of
1928 808 328 136 faith,
2344 812 148 140 by
2576 816 136 104 G.
2800 812 132 108 G.
3016 808 468 132 Martin,
3568 808 628 108 illustrated
4288 808 144 136 by

560 964 124 100 L.
784 964 124 104 E.
1004 964 492 132 Dugger.
1676 964 380 132 Elgin,
2144 964 220 132 Ill.,
2452 964 372 100 David
2920 964 120 108 C.
3140 960 304 108 Cook
3540 956 648 140 publishing
4276 1000 152 64 co.

568 1148 32 68 [
600 1120 56 76 ͨ
644 1120 260 96 1929
912 1176 28 68 ]

692 1268 60 80 2
800 1288 84 76 p.
936 1272 32 68 l
980 1328 40 36 .,
1076 1272 52 76 7
1128 1312 60 12 -
1192 1268 168 80 100
1412 1292 56 72 p
1476 1328 16 20 .
1544 1268 32 80 i
1584 1292 56 52 n
1652 1272 76 76 cl
1744 1332 20 16 .
1812 1272 336 88 plates.
2264 1268 536 88 19½ͨͫ
2528 1332 20 16 .

576 1376 96 92 ©
748 1380 212 80 Dec.
1028 1380 132 92 12,
1232 1384 44 72 1
1284 1380 56 76 9
1344 1376 156 96 29;
1572 1380 132 80 2c.
1772 1380 96 76 M
1876 1400 136 60 ar.
2076 1380 132 92 31,
2276 1380 276 92 1930;
2624 1400 52 56 a
2688 1376 72 80 ff
2764 1440 20 20 .
2856 1376 240 84 Mar.
3160 1376 160 92 29;
3396 1376 76 80 A
3540 1376 336 92 21463;
3948 1372 312 84 David
4336 1376 92 80 C.

712 1488 248 80 Cook
1008 1492 212 92 pub.
1268 1508 132 60 co.
1524 1484 484 100 (30-9969)
4040 1480 240 84 3429

568 1672 556 124 Meherin,
1204 1672 516 108 Elenore.

692 1820 276 104 Miss
1044 1820 256 132 Pat,
1376 1820 148 132 by
1604 1820 472 104 Elenore
2160 1816 504 104 Meherin
2720 1820 64 112 …
3024 1816 268 104 New
3384 1816 348 132 York,
3816 1816 452 104 Grosset
4348 1820 92 96 &

560 1972 452 128 Dunlap
1088 2032 24 64 [
1120 1972 340 128 ͨ1930]

692 2124 60 80 2
800 2148 56 72 p
860 2188 20 16 .
936 2132 24 72 l
976 2188 44 32 .,
1072 2128 164 76 264
1292 2144 84 76 p.
1492 2124 596 88 19½ͨͫ.

572 2220 100 96 ©
728 2236 224 96 Apr.
1004 2240 72 92 7,
1136 2236 268 96 1930;
1460 2240 52 72 2
1520 2260 48 56 c
1576 2296 16 16 .
1644 2240 188 72 and
1888 2248 52 60 a
1952 2236 36 76 f
1980 2236 44 76 f
2028 2300 20 16 .
2100 2236 224 96 Apr.
2376 2236 52 76 9
2460 2252 16 72 ;
2536 2236 76 76 A
2668 2236 48 76 2
2724 2236 60 76 0
2784 2236 216 92 922;
3064 2236 236 76 Gros
3308 2236 144 76 set
3508 2232 68 80 &
3628 2236 88 72 D
3724 2252 120 60 un
3856 2236 84 76 la
3956 2252 80 72 p,
4096 2236 28 72 i
4132 2252 60 56 n
4200 2256 48 56 c
4256 2296 20 16 .

728 2344 540 96 (30-10082)
4044 2340 232 84 3430

568 2524 628 132 Michaelis,
1256 2528 476 128 Leonor,
1800 2532 328 104 1875-

772 2692 60 104 …
892 2680 1240 108 Oxidation-reduction
2192 2680 632 136 potentials,
2880 2684 144 132 by
3084 2680 120 108 L.
3264 2684 124 96 M
3396 2680 448 104 ichaelis
3916 2692 60 104 …
4092 2692 352 88 trans-

572 2836 292 100 lated
948 2832 296 104 from
1320 2832 188 104 the
1584 2828 488 108 German
2148 2828 688 136 manuscript
2912 2836 148 132 by
3132 2828 340 108 Louis
3552 2836 132 96 B.
3764 2828 480 104 Flexner
4328 2832 68 112 …

576 2988 120 100 16
768 2984 764 104 illustrations.
1680 2980 792 136 Philadelphia
2544 2984 216 104 and
2832 2984 504 132 London,
3404 2984 108 104 J.
3588 2984 132 100 B.
3788 2980 660 132 Lippincott

564 3168 540 104 company
1180 3140 376 124 [ͨ1930]

700 3288 136 76 xii
920 3308 112 72 p.,
1112 3292 44 72 l
1244 3292 84 88 1.,
1408 3284 168 84 199
1648 3308 88 72 p.
1868 3288 348 92 diagrs.
2352 3284 600 88 21½ͨͫ.
2792 3292 680 96 (Monographs
3556 3308 120 60 on
3756 3284 684 100 experimental

568 3396 412 92 biology)

704 3508 48 28 "
760 3508 228 76 This
1048 3508 572 88 monograph
1684 3524 216 72 may
1956 3504 112 76 be
2124 3500 548 84 considered
2740 3512 92 72 to
2892 3508 112 76 be
3068 3508 24 76 t
3108 3508 116 76 he
3288 3524 208 60 seco
3504 3528 56 52 n
3568 3508 56 76 d
3688 3508 368 76 volume
4120 3504 100 80 of
4280 3508 164 76 the

560 3616 340 76 second
956 3612 356 80 edition
1368 3612 104 80 of
1524 3632 152 72 my
1728 3612 536 92 'Hydrogen
2316 3612 156 80 ion
2528 3636 104 56 co
2640 3632 60 56 n
2704 3636 104 56 ce
2816 3636 56 52 n
2880 3616 292 76 tratio
3180 3636 56 52 n
3244 3612 176 80 '."-
3476 3616 76 72 -F
3556 3636 52 56 o
3616 3616 396 76 reword.

704 3724 76 72 B
788 3720 640 92 ibliography:
1492 3740 88 72 p.
1636 3720 420 80 187-197.

580 3820 92 100 ©
740 3836 216 76 Jan.
1008 3832 132 88 11,
1200 3832 104 76 19
1312 3836 56 76 3
1368 3832 104 88 0;
1532 3832 132 76 2c.
1720 3832 184 76 and
1964 3852 48 56 a
2028 3828 72 76 ff
2108 3892 16 16 .
2184 3832 236 76 Mar.
2472 3828 164 92 27;
2696 3832 80 76 A
2832 3828 336 92 21310;
3228 3832 88 76 J.
3376 3832 108 76 B.
3544 3828 452 100 Lippinco
4000 3836 32 72 t
4048 3836 36 72 t
4144 3852 100 56 co
4256 3892 16 16 .

724 3940 540 96 (30-10067)
4044 3936 228 88 3431

572 4120 872 128 Michelbacher,
1508 4120 448 108 Gustav
2012 4120 652 124 Frederick,
2724 4132 332 96 1890-

704 4268 532 136 Casualty
1328 4268 576 104 insurance
1992 4268 640 132 principles,
2716 4272 152 132 by
2956 4268 132 108 G.
3184 4268 124 104 F.
3400 4268 820 104 Michelbacher
4296 4276 64 112 …

568 4420 268 100 with
908 4424 180 100 the
1148 4420 708 132 cooperation
1920 4420 128 100 of
2112 4456 60 64 a
2240 4456 356 96 group
2664 4420 124 100 of
2852 4420 644 132 specialists.
3640 4432 164 92 1st
3868 4420 164 100 ed.
4172 4420 268 100 New

572 4568 312 104 York
964 4580 228 120 [etc.]
1188 4604 40 76 1
1312 4568 832 108 McGraw-Hill
2212 4568 284 104 book
2568 4604 576 100 company,
3220 4568 240 132 inc.,
3540 4576 288 100 1930.

708 4752 144 72 xv,
924 4732 168 76 709
1160 4752 80 72 p.
1356 4728 276 92 illus.,
1700 4728 348 92 diagrs.
2168 4728 564 88 21ͨͫ.
2536 4732 28 80 (
2584 4732 92 72 H
2684 4748 48 56 a
2744 4732 32 72 l
2780 4732 80 88 f-
2868 4732 72 76 ti
2952 4732 28 76 t
2992 4732 84 76 le
3088 4756 32 52 :
3192 4732 672 76 McGraw-Hill
3940 4732 92 76 in
4044 4748 40 56 s
4104 4756 48 52 u
4164 4756 280 60 rance

568 4840 320 88 series,
944 4836 108 84 it.
1100 4840 120 76 H.
1272 4840 568 84 Blanchard,
1892 4836 352 92 editor)
2488 4836 252 92 $5.00

708 4948 476 76 "Selected
1244 4940 640 84 references":
1940 4964 88 72 p.
2080 4944 192 80 695.

580 5044 92 100 ©
732 5056 216 92 Apr.
996 5056 80 92 1,
1124 5056 276 88 1930;
1448 5056 132 88 2c.
1628 5056 184 76 and
1864 5076 52 56 a
1928 5056 72 72 ff
2008 5116 20 16 .
2076 5056 224 92 Apr.
2344 5056 104 88 3;
2508 5056 76 76 A
2632 5052 104 76 21
2748 5056 52 76 5
2808 5052 156 92 19;
3020 5056 676 80 McGraw-Hill
3756 5060 240 76 book
4044 5072 160 76 co.,
4256 5060 92 76 in
4360 5080 48 60 c
4412 5120 20 20 .

728 5164 376 96 (30-971
1116 5164 56 84 8
1188 5164 24 96 )
4044 5164 240 88 3432

572 5344 516 104 Michie's
1148 5348 360 132 digest
1564 5348 124 104 of
1748 5348 516 132 Virginia
2328 5348 216 104 and
2604 5348 312 104 West
2976 5344 520 136 Virginia
3564 5360 484 120 reports;
4112 5348 332 136 being

704 5536 60 64 a
828 5500 536 132 complete
1428 5500 776 132 encyclopedia
2268 5500 216 100 and
2552 5496 364 136 digest
2976 5500 124 104 of
3164 5500 156 100 all
3380 5500 184 100 the
3628 5500 524 136 Virginia
4220 5504 224 104 and

708 5648 304 104 West
1088 5648 516 132 Virginia
1680 5684 236 68 case
1988 5648 212 104 law
2276 5684 148 96 up
2500 5660 108 92 to
2684 5652 220 100 and
2980 5648 576 136 including
3628 5652 212 100 vol.
3920 5660 188 92 151
4180 5652 256 104 Vir-

704 5800 296 132 ginia
1104 5812 428 120 reports
1628 5800 220 100 and
1940 5800 216 100 vol.
2256 5812 48 88 1
2320 5804 128 96 05
2540 5800 308 100 West
2940 5800 528 132 Virginia
3560 5812 464 120 reports.
4168 5804 268 100 Also

712 5948 424 104 federal
1212 5988 56 64 c
1276 5984 228 72 ases
1592 5948 452 104 decided
2128 5960 540 120 pursuant
2752 5960 112 92 to
2944 5952 188 104 the
3212 5956 212 96 law
3508 5956 124 96 of
3712 5948 520 140 Virginia
4316 5992 124 64 or

704 6100 308 104 West
1072 6100 520 132 Virginia
1656 6136 152 96 up
1864 6116 112 88 to
2040 6100 216 100 and
2324 6100 576 132 including
2964 6104 208 104 vol.
3240 6104 124 96 22
3428 6104 128 96 F.
3640 6104 248 132 (2d)
4052 6104 388 104 Under

704 6256 184 100 the
960 6252 512 104 editorial
1544 6248 688 132 supervision
2300 6248 124 104 of
2488 6248 140 104 A.
2700 6248 480 104 Hewson
3252 6252 448 136 Michie,
3768 6252 456 104 assisted
4292 6256 152 132 by

708 6400 400 104 Beirne
1192 6400 564 132 Stedman,
1836 6400 136 100 A.
2052 6400 132 100 R.
2268 6400 432 100 Yellott
2776 6404 212 100 and
3076 6404 384 104 Harry
3544 6400 652 136 Casparian,
4272 6400 160 104 in-

704 6556 344 100 dexed
1128 6552 144 136 by
1356 6552 92 100 T
1456 6552 376 100 homas
1916 6552 504 100 Johnson
2500 6548 436 104 Michie.
3084 6592 100 60 v.
3284 6560 20 20 5
3340 6636 20 16 .
3508 6556 932 132 Charlottesville,

704 6704 240 108 Va.,
996 6704 236 96 The
1288 6700 408 100 Michie
1748 6736 576 96 company,
2388 6704 288 96 1930.

712 6856 52 68 2
820 6880 84 72 p.
960 6848 36 76 l
1004 6920 44 28 .,
1108 6860 44 72 1
1164 6856 116 76 06
1280 6856 56 76 8
1388 6876 88 76 p.
1584 6856 560 84 26ͨͫ.

592 6956 96 104 ©
740 6968 216 92 Apr.
1012 6968 136 92 21,
1200 6964 272 88 1930;
1528 6964 52 76 2
1584 6980 44 68 c
1644 7028 20 20 .
1716 6968 180 72 and
1952 6976 88 68 af
2040 6964 72 84 f.
2164 6964 220 96 Apr.
2440 6964 48 76 2
2500 6964 48 76 5
2580 6988 20 68 ;
2656 6964 80 76 A
2788 6964 332 96 22351;
3184 6968 344 80 Michie
3580 6992 132 60 co.
4036 6964 232 84 3433

584 7144 308 128 Miln,
952 7152 128 100 M
1080 7188 60 64 r
1140 7188 52 64 s
1200 7232 24 20 .
1280 7144 416 104 Louise
1772 7144 544 128 (Jordan)
2400 7156 316 96 1864-

716 7300 296 132 Rice,
1068 7332 60 64 a
1188 7300 352 132 novel,
1596 7300 144 132 by
1796 7296 400 104 Louise
2252 7300 428 104 Jordan
2748 7296 288 104 Miln
3100 7304 68 108 …
3360 7300 272 100 New
3692 7300 348 132 York,
4100 7300 340 100 Fred-

580 7448 296 104 erick
932 7448 136 104 A.
1132 7448 384 108 Stokes
1572 7484 576 100 company,
2216 7456 284 100 1930.
