4920 8268
748 716 448 128 Taylor,
1256 716 368 104 David
1688 716 348 124 Gray.

888 872 236 104 The
1184 872 256 100 four
1448 884 36 84 t
1496 872 72 100 h
1632 872 220 104 and
1916 868 48 100 f
1956 868 32 100 i
2000 868 52 100 f
2064 880 36 88 t
2108 872 68 96 h
2248 868 644 104 amendmen
2904 880 96 88 ts
3012 952 20 48 ,
3100 908 260 92 very
3420 908 420 68 essence
3904 908 60 68 o
3976 868 56 104 f
4088 868 348 104 consti
4444 880 124 92 tu
4576 928 28 16 -

752 1036 36 84 t
804 1024 244 100 iona
1060 1028 32 96 l
1152 1020 432 132 liberty.
1732 1016 840 132 Indispensable
2620 1036 112 88 to
2784 1020 184 104 the
3020 1024 720 100 continuance
3792 1020 120 104 of
3968 1060 56 64 a
4084 1020 228 100 free
4364 1052 248 100 peo-

752 1172 204 132 ple.
1104 1172 160 100 As
1316 1172 376 104 sacred
1752 1204 116 68 as
1928 1172 180 104 the
2164 1172 312 104 other
2536 1172 780 100 amendments.
3468 1172 172 132 By
3696 1168 376 108 David
4132 1168 132 108 G.
4324 1172 288 132 Tay-

752 1324 164 100 lor
1000 1324 68 108 …
1268 1324 252 124 [Los
1580 1320 328 132 Ange
1912 1324 28 96 l
1956 1356 140 84 es,
2168 1320 464 104 Printed
2696 1324 144 100 by
2908 1316 460 140 Parker,
3444 1320 332 104 Stone
3844 1324 84 92 &
4004 1320 348 104 Baird
4424 1356 192 96 co.,

788 1476 296 128 ͨ1930]

872 1648 100 56 co
980 1648 56 52 v
1040 1628 376 92 er-title,
1468 1628 108 80 13
1628 1648 84 72 p.
1828 1624 168 88 22½
1940 1628 448 84 ͨͫ.

752 1724 88 88 ©
916 1740 216 80 Feb.
1192 1736 52 80 6
1244 1768 20 48 ,
1332 1736 272 88 1930;
1668 1736 132 80 2c.
1864 1740 184 76 and
2112 1760 52 56 a
2172 1736 100 80 ff.
2340 1736 208 76 Feb.
2616 1732 112 80 10
2756 1756 20 72 ;
2844 1736 76 76 A
2984 1736 168 80 186
3156 1736 48 80 3
3208 1736 108 92 4;
3384 1736 112 80 D.
3564 1736 108 80 G.
3732 1736 376 92 Taylor,
4176 1736 176 80 Los
4420 1736 180 80 An-

876 1852 276 88 geles.
1288 1844 28 96 (
1332 1848 224 76 30-5
1560 1848 52 76 5
1620 1844 156 96 50)
4204 1840 232 84 1441

740 1972 448 124 Taylor,
1248 1972 492 104 Howard
1800 1972 304 108 Rice.

880 2128 484 100 Teacher
1428 2128 528 100 influence
2012 2164 140 64 on
2212 2128 276 100 class
2544 2128 804 100 achievement:
3408 2160 52 64 a
3528 2124 332 136 study
3916 2128 120 100 of
4092 2128 184 100 the
4336 2124 268 104 rela-

744 2272 492 136 tionship
1296 2276 128 104 of
1480 2280 572 100 estimated
2112 2292 108 88 te
2228 2312 60 68 a
2292 2276 252 104 chin
2556 2312 72 92 g
2688 2276 264 104 abili
2964 2288 36 88 t
3008 2312 72 80 y
3140 2284 112 96 to
3312 2276 316 132 pupil
3688 2276 748 104 achievement
4496 2276 108 100 in

748 2428 460 132 reading
1284 2428 212 100 and
1584 2424 624 104 arithmetic
2244 2464 20 64 ;
2352 2428 288 100 from
2724 2428 184 100 the
2980 2428 736 132 Department
3792 2428 120 100 of
3992 2428 616 132 education,

748 2576 540 108 Stanford
1368 2576 644 132 university,
2076 2580 144 136 by
2292 2576 500 104 Howard
2864 2576 268 104 Rice
3204 2576 412 120 Taylor
3692 2592 64 112 …
3956 2576 656 132 Worcester,

740 2728 364 132 Mass.,
1164 2728 344 108 Clark
1560 2728 648 120 university,
2308 2732 116 108 ͨ19
2436 2732 52 92 3
2500 2732 92 96 0.

868 2888 52 72 p
936 2948 12 12 .
1004 2884 360 76 81-175.
1472 2884 596 100 24½ͨͫ.
1880 2884 436 88 (Genetic
2372 2884 560 92 psychology
2988 2884 624 88 monographs
3688 2896 60 84 …
3876 2888 172 72 vol.
4184 2896 240 84 VII.
4300 2884 276 92 no.2)

872 2992 728 76 "References":
1660 3012 84 76 p.
1808 2992 420 80 170-174.

748 3100 92 88 ©
900 3104 212 76 Jan.
1168 3100 136 80 21.
1364 3100 268 84 1930;
1692 3100 52 76 2
1748 3120 48 64 c
1808 3160 16 16 .
1884 3100 212 80 Jan.
2152 3100 160 88 24;
2376 3100 88 76 af
2448 3108 84 72 f.
2596 3100 212 76 Feb.
2868 3100 96 88 1;
3032 3100 68 76 A
3168 3100 328 88 18456;
3564 3100 284 76 Clark
3908 3100 248 76 univ.

888 3208 192 96 (30-
1104 3212 48 76 5
1164 3208 212 96 681)
4196 3204 240 84 1442

736 3332 440 124 Thiess,
1240 3332 420 124 Frank,
1728 3344 312 96 1890-

936 3496 68 108 …
1072 3488 640 132 Erziehung
1780 3524 196 64 zur
2048 3488 484 116 freiheit,
2604 3488 132 104 ab
2740 3488 68 104 h
2824 3488 216 104 and
3052 3492 108 96 lu
3172 3524 284 96 ngen
3528 3492 224 100 und
3832 3488 768 104 auseinander-

736 3648 620 120 setzungen.
1508 3636 600 136 Stuttgart,
2168 3636 76 100 J
2256 3724 20 16 .
2344 3636 308 128 Enge
2664 3640 36 96 l
2708 3636 68 100 h
2788 3668 60 68 o
2856 3676 188 64 rns
3104 3640 272 100 nach
3396 3636 48 100 f
3456 3724 56 48 .,
3576 3648 40 92 1
3640 3644 224 96 929.

864 3796 48 76 3
924 3792 132 92 82,
1120 3832 20 56 [
1148 3788 52 80 2
1208 3832 20 56 ]
1284 3812 84 72 p.
1484 3788 572 92 22ͨͫ
1684 3824 20 44 .

740 3900 96 96 ©
900 3904 200 80 Oct.
1156 3904 96 76 11
1264 3940 20 48 .
1348 3900 272 92 1929;
1736 3904 120 100 1c.
1872 3904 216 76 Dec.
2148 3900 100 92 3;
2312 3900 600 104 A—Foreign
2972 3904 52 72 5
3032 3904 104 80 53
3144 3904 100 88 6;
3312 3904 84 76 J.
3456 3904 76 76 E
3540 3928 60 52 n
3604 3908 144 88 gel
3760 3904 56 76 h
3828 3928 216 56 orns
4108 3924 172 60 nac
4280 3912 56 76 h
4352 3904 68 80 f.

888 4016 28 92 (
932 4012 444 92 30-6665)
4196 4008 232 88 1443

728 4136 560 128 Tietjens,
1344 4136 408 104 Oskar.

860 4288 444 132 Hydro-
1352 4288 224 100 und
1632 4284 832 104 aeromechanik
2516 4288 272 100 nach
2848 4288 724 136 vorlesungen
3624 4324 216 64 von
3888 4292 124 104 L.
4068 4288 516 136 Prandtl,

724 4472 212 68 von
1000 4436 160 104 dr.
1232 4436 192 132 phi
1436 4440 36 96 l
1484 4520 16 20 .
1572 4436 96 108 O
1684 4524 16 16 .
1768 4436 496 132 Tietjens
2344 4444 64 104 …
2520 4436 196 104 mit
2788 4436 348 100 einem
3200 4436 612 128 geleitwort
3876 4472 216 68 von
4160 4440 420 128 profes-

732 4624 180 64 sor
968 4592 64 100 d
1052 4628 76 60 r.
1196 4592 120 96 L.
1384 4588 472 100 Prandtl
1956 4596 68 104 …
2200 4596 80 88 1.
2348 4592 68 96 b
2452 4588 72 100 d.
2676 4588 416 104 Berlin,
3156 4588 104 100 J.
3332 4588 576 132 Springer,
3976 4592 192 96 192
4172 4592 52 88 9
4244 4672 20 16 .

864 4748 32 72 1
968 4768 76 52 v.
1164 4744 64 76 il
1232 4748 100 72 lu
1340 4764 96 72 s.,
1496 4744 344 92 diagrs.
1952 4740 524 88 23½ͨͫ.

736 4848 88 88 ©
900 4856 248 92 Sept.
1208 4852 132 92 18,
1404 4852 164 80 192
1572 4852 52 80 9
1656 4876 20 56 :
1740 4856 48 72 1
1784 4868 88 64 c.
1936 4856 212 92 Dec.
2216 4852 100 88 3;
2384 4852 68 76 A
2464 4896 68 8 —
2584 4852 400 92 Foreign
3044 4852 276 92 5561;
3388 4852 316 80 Julius
3772 4852 472 96 Springer.

880 4960 32 96 (
924 4960 332 80 30-661
1268 4964 52 80 8
1336 4960 28 96 )
4184 4960 232 80 1444

724 5088 340 120 Tope,
1112 5084 768 124 Melancthon,
1944 5088 328 104 1857-

860 5240 108 100 A
1028 5240 260 104 biog
1296 5240 356 132 raphy
1716 5276 60 68 o
1788 5240 56 104 f
1896 5240 232 104 Wil
2136 5240 32 96 l
2184 5240 216 100 iam
2468 5240 116 96 H
2592 5240 100 96 ol
2704 5276 224 68 mes
2988 5240 124 92 M
3116 5256 60 80 c
3180 5240 172 104 Gu
3364 5240 88 92 ff
3456 5272 184 100 ey:
3708 5240 676 132 comprising
4448 5280 140 64 an

732 5388 560 104 authentic
1364 5408 452 84 account
1884 5392 128 100 of
2072 5392 172 100 his
2316 5396 532 128 ancestry,
2920 5392 308 128 early
3300 5388 720 136 experiences,
4092 5396 220 96 and
4384 5388 204 104 life

732 5540 356 124 work;
1176 5540 572 128 including
1824 5572 56 64 a
1968 5540 372 104 sketch
2420 5540 120 100 of
2612 5540 176 104 his
2860 5540 480 124 brother,
3420 5540 632 104 Alexander
4128 5540 148 104 H.
4356 5540 124 100 M
4476 5556 56 76 c
4548 5600 36 16 -

728 5684 180 108 Gu
916 5684 80 104 ff
1004 5724 180 100 ey;
1244 5692 504 128 together
1804 5692 268 96 with
2132 5728 48 64 a
2244 5692 424 132 history
2724 5688 124 100 of
2904 5692 180 100 the
3144 5692 180 100 Mc
3328 5684 104 108 G
3436 5688 120 100 uf
3560 5684 44 104 f
3612 5728 124 92 ey
3792 5692 364 104 school
4216 5692 364 128 books,

728 5836 288 104 their
1068 5836 396 136 origin,
1520 5840 532 104 revisions
2104 5840 216 100 and
2376 5840 428 112 merits;
2856 5852 112 92 to
3024 5852 640 120 perpetuate
3724 5840 288 104 their
4060 5872 520 100 memory,

728 5988 216 104 and
1028 5988 612 128 emphasize
1720 5992 188 100 the
1984 5988 676 128 importance
2740 5988 120 100 of
2940 5992 288 100 their
3312 5988 688 104 educational
4080 5992 500 100 methods

728 6140 212 100 and
1040 6136 556 104 influence.
1744 6136 272 104 Also
2112 6172 52 64 a
2268 6136 824 132 phrenological
3192 6140 704 132 delineation,
3992 6176 60 68 a
4148 6140 432 128 eulogy,

728 6288 216 100 and
1032 6320 64 64 a
1184 6284 460 108 number
1728 6284 124 104 of
1940 6292 900 124 supplementary
2928 6300 336 88 notes.
3404 6292 524 100 Lectures
4016 6312 32 64 I
4148 6292 216 100 and
4488 6292 128 108 II.

728 6436 176 132 By
956 6436 124 100 M
1092 6516 12 16 .
1168 6436 304 132 Tope
1556 6444 68 104 …
1804 6436 440 100 Bowers
2256 6448 36 84 t
2304 6468 172 96 on,
2536 6432 96 104 O
2648 6520 56 44 .,
2760 6436 232 100 The
3056 6436 368 100 Phren
3432 6472 60 64 o
3504 6440 348 128 logica
3864 6440 36 96 l
3960 6472 116 68 er
4084 6472 60 64 a
4204 6436 372 136 print.,

736 6588 284 100 1929.

848 6740 168 76 114
1068 6760 80 72 p.
1208 6736 32 76 i
1248 6760 56 52 n
1312 6740 80 76 cl
1404 6800 16 16 .
1476 6736 280 96 illus.,
1812 6740 308 92 plates
2116 6760 24 48 ,
2264 6740 328 92 plates,
2652 6744 288 88 ports.
3052 6740 476 84 21ͨͫ
3268 6804 12 16 .

848 6848 436 76 Lettered
1344 6868 120 56 on
1524 6868 320 56 cover:
1916 6848 92 76 M
2016 6848 392 92 cGuffey
2464 6848 516 92 biography
3036 6848 184 80 and
3280 6852 312 76 school
3652 6852 312 76 books.

724 6936 96 96 ©
880 6956 136 76 De
1024 6976 48 56 c
1080 7016 12 16 .
1148 6956 52 76 2
1204 6956 56 72 0
1268 7016 12 20 ,
1332 6956 48 76 1
1392 6956 52 72 9
1448 6956 48 76 2
1500 6952 60 76 9
1588 6976 16 68 ;
1664 6956 52 76 2
1720 6960 44 64 c
1776 7024 16 12 .
1844 6980 48 52 a
1908 6960 120 76 nd
2084 6980 44 56 a
2144 6956 44 76 f
2172 6956 72 80 f.
2300 6956 212 80 Dec.
2568 6956 112 80 30
2708 6976 20 64 ;
2788 6956 76 76 A
2916 6956 36 76 1
2976 6948 208 88 6851
3228 6976 20 72 ;
3356 6948 76 96 M.
3484 6960 76 76 T
3568 6980 48 56 o
3624 6980 108 72 pe
3732 6984 24 48 .
3820 6964 76 72 B
3904 6980 52 56 o
3964 6980 188 56 wer
4156 6980 40 56 s
4208 6964 36 72 t
4252 6980 52 52 o
4308 6980 88 60 n,
4456 6952 100 88 O.

872 7060 484 96 (30-5687)
4164 7064 232 84 1445

716 7184 464 124 Torrey,
1240 7184 364 108 David
1664 7192 568 108 Clarence,
2300 7200 324 96 1859-

840 7336 236 100 The
1140 7336 428 104 normal
1640 7376 448 92 person;
2160 7344 188 100 the
2416 7340 672 132 psychology
3156 7340 120 104 of
3344 7340 908 108 self-realization
4336 7408 24 64 [
4368 7340 180 140 by]

712 7484 172 104 Da
896 7524 68 64 v
968 7484 112 108 id
1152 7488 116 104 C.
1340 7492 96 96 T
1440 7520 64 68 o
1508 7524 248 100 rrey
1824 7496 68 104 …
2096 7492 144 100 Ja
2248 7492 60 100 f
2264 7492 68 100 f
2340 7524 184 100 rey
2520 7528 28 56 .
2628 7492 100 96 N
2740 7572 20 16 .
2824 7492 120 100 H
2956 7576 20 16 .
3052 7496 128 104 [ͨ
3132 7496 256 96 1929
3400 7556 24 68 ]

2496 7728 204 92 222
