4800 8268
284 652 468 124 Adams,
808 652 540 104 Herbert.

408 800 236 104 The
700 800 400 132 golden
1168 832 232 96 ape,
1460 796 148 132 by
1664 788 488 108 Herbert
2212 788 424 104 Adams
2740 800 76 120 …
2956 784 820 132 Philadelphia,
3844 788 108 104 J.
3988 788 128 96 B.

276 948 652 132 Lippincott
976 980 572 96 company,
1608 944 292 100 1930.

412 1104 108 80 31
528 1104 52 80 6
632 1124 84 72 p.
832 1100 52 80 2
892 1100 48 80 0
956 1124 28 56 ͨͫ
1040 1164 16 16 .

292 1236 96 96 ©
448 1240 76 76 F
528 1244 136 76 eb.
716 1244 76 88 7,
848 1240 112 76 19
960 1240 112 76 30
1100 1256 20 76 ;
1172 1240 60 72 2
1236 1256 44 60 e
1292 1300 16 16 .
1360 1240 184 72 and
1600 1232 160 80 aff.
1812 1232 220 96 Apr.
2092 1232 100 92 5;
2248 1232 84 76 A
2380 1232 100 72 21
2496 1228 48 76 5
2552 1228 156 92 66;
2772 1228 84 80 J.
2912 1232 108 76 B.
3076 1228 532 96 Lippincott
3668 1248 132 56 co.

440 1348 480 96 (30-9490)
3728 1332 228 84 3268

284 1580 472 128 Adams,
812 1580 324 104 Jesse
1192 1580 304 120 Earl,
1556 1588 308 96 1888-

420 1736 236 100 The
724 1732 844 104 child-centered
1636 1732 400 132 speller
2112 1808 104 20 ...
2296 1732 144 132 by
2504 1728 308 104 Jesse
2876 1728 128 100 E.
3072 1724 424 104 Adams
3576 1808 104 20 ...
3832 1720 124 100 M
3964 1756 60 64 o
4032 1760 100 60 r-

292 1888 484 128 ristown,
832 1888 376 128 Tenn.,
1264 1880 600 132 Augsburg
1920 1880 508 132 drawing
2480 1916 188 92 co.,
2724 1880 204 96 inc.
3000 1884 56 104 [
3076 1880 192 96 ͨ193
3276 1880 92 124 0]

416 2040 56 76 2
524 2060 60 56 v
592 2100 16 16 .
724 2036 28 80 i
760 2044 240 88 llus.,
1060 2036 292 92 diagr.
1468 2036 48 76 1
1524 2032 56 84 9
1584 2036 48 92 ½
1636 2040 32 40 ͨͫ
1620 2032 128 84 .

416 2168 128 80 CO
552 2188 132 56 NT
708 2176 60 64 E
740 2188 128 60 NT
872 2188 48 60 S
932 2228 16 20 .
1008 2164 212 84 -bk.
1276 2164 80 84 1.
1408 2168 360 80 Grades
1820 2152 28 88 I
1904 2172 96 76 to
2088 2188 52 56 IV
2152 2228 16 16 .
2168 2156 272 92 -bk.
2492 2164 84 84 2.
2628 2168 356 80 Grades
3036 2188 56 56 V
3144 2168 100 76 to
3288 2172 200 68 VIII.

292 2304 96 96 ©
448 2308 232 76 Mar.
732 2308 132 96 15,
916 2308 112 76 19
1028 2308 116 76 30
1168 2328 20 68 ;
1240 2308 132 80 2c.
1420 2304 256 80 each.
1728 2308 236 76 Mar.
2016 2304 160 92 20;
2232 2300 208 80 affs.
2492 2304 240 76 Mar.
2780 2300 164 92 29;
2996 2300 80 80 A
3124 2300 308 96 21403,
3488 2300 328 92 21404;
3876 2304 84 76 J.
4016 2304 96 84 E.

416 2416 380 92 Adams,
860 2416 544 96 Lexington,
1472 2416 176 92 Ky.
1788 2412 484 108 (30-9539)
3400 2404 256 100 3269,
3728 2408 240 80 3270

284 2644 368 124 Allen,
704 2640 448 104 Arthur
1204 2644 640 120 Augustus,
1904 2652 328 96 1885-

416 2788 236 104 The
736 2788 288 104 book
1112 2788 120 104 of
1316 2788 252 104 bird
1660 2788 236 132 life,
1988 2824 60 68 a
2140 2792 336 128 study
2564 2788 124 100 of
2772 2788 308 100 birds
3172 2788 120 100 in
3376 2788 300 100 their
3760 2788 372 100 native

280 2940 456 128 haunts;
788 2940 276 104 with
1112 2940 760 132 photographs
1920 2940 148 132 by
2116 2936 184 104 the
2348 2940 428 100 author.
2900 2940 176 128 By
3124 2936 436 104 Arthur
3608 2936 140 104 A.
3800 2936 332 104 Allen

292 3172 108 20 ...
548 3092 272 104 New
884 3088 344 132 York,
1292 3088 140 100 D.
1496 3092 252 104 Van
1808 3088 564 104 Nostrand
2436 3124 572 96 company,
3072 3088 208 100 inc.
3360 3148 24 64 [
3440 3092 188 96 ͨ193
3640 3092 92 124 0]

416 3248 168 80 xix
636 3268 112 72 p.,
800 3252 48 76 1
900 3244 36 76 1
944 3308 40 36 .,
1040 3248 168 80 426
1256 3268 84 72 p.
1456 3252 168 76 col.
1672 3248 316 92 front.,
2044 3248 252 80 illus.
2408 3248 564 88 23½ͨͫ.

424 3384 572 92 "Suggested
1048 3380 440 96 reading"
1540 3388 96 72 at
1688 3388 176 72 end
1916 3380 104 80 of
2068 3388 240 72 most
2356 3380 104 80 of
2504 3384 164 76 the
2720 3384 468 92 chapters.

296 3500 96 96 ©
460 3520 232 76 Mar.
752 3520 132 92 10,
948 3520 272 88 1930;
1280 3520 132 76 2e.
1480 3520 232 76 Mar.
1768 3520 160 88 24;
1996 3508 160 88 aff.
2216 3516 224 92 Apr.
2496 3520 104 88 2;
2668 3520 80 72 A
2804 3516 332 92 20761;
3204 3520 112 76 D.
3384 3520 196 76 Van
3644 3520 476 76 Nostrand

424 3648 156 76 co.,
640 3628 172 76 inc.
944 3628 480 96 (30-9510)
3732 3620 232 88 3271

288 3836 236 104 The
600 3832 608 104 American
1288 3872 264 96 year
1624 3836 336 132 book;
2048 3872 56 68 a
2188 3844 376 96 record
2648 3836 124 104 of
2848 3848 372 96 events
3296 3844 224 100 and
3596 3876 544 100 progress,

412 4024 264 96 year
728 3992 288 96 1929.
1140 3988 428 132 Editor,
1616 3988 400 100 Albert
2060 3988 536 100 Bushnell
2644 3988 300 104 Hart
3004 4072 108 16 ...
3176 3988 520 108 associate
3744 3996 392 132 editor,

420 4136 500 104 William
1020 4136 148 100 M.
1276 4136 564 136 Schuyler,
1940 4136 364 104 edited
2404 4136 268 104 with
2772 4136 184 104 the
3056 4144 704 124 cooperation
3856 4144 120 100 of
4076 4180 68 64 a

416 4288 704 132 supervisory
1208 4288 344 100 board
1640 4288 760 132 representing
2488 4288 496 100 national
3080 4292 444 104 learned
3616 4292 520 104 societies.

416 4440 268 100 New
752 4436 344 132 York,
1160 4436 236 104 The
1456 4436 592 104 American
2108 4472 260 100 year
2428 4436 288 104 book
2776 4440 736 136 corporation,
3584 4448 288 96 1930.

424 4616 132 56 xx
608 4616 112 72 p.,
780 4596 48 76 1
888 4596 88 88 1.,
1036 4592 164 80 884
1256 4612 84 76 p.
1448 4592 168 92 20½
1616 4596 32 44 ͨͫ
1712 4656 20 20 .

304 4720 96 96 ©
464 4732 236 72 Mar.
764 4728 80 92 1,
904 4724 272 92 1930;
1244 4728 128 76 2c.
1436 4728 232 76 Mar.
1732 4728 160 92 27;
1960 4724 156 80 aff.
2180 4724 224 96 Apr.
2468 4724 156 96 15;
2696 4728 80 76 A
2836 4728 328 92 21804;
3232 4732 312 76 Amer.
3604 4752 232 76 year
3896 4736 236 76 book

428 4856 248 80 corp.
3740 4840 240 84 3272'

292 5044 412 124 Baker,
764 5040 448 104 Arthur
1268 5040 536 128 Mulford,
1868 5052 320 96 1880-

420 5192 124 104 If
616 5196 60 100 I
752 5228 276 68 were
1100 5228 60 64 a
1236 5192 600 132 Christian,
1904 5192 148 132 by
2124 5196 436 100 Arthur
2628 5196 512 104 Mulford
3212 5200 400 104 Baker.
3752 5200 380 108 Phila-

284 5340 484 136 delphia,
820 5344 232 100 The
1100 5344 380 104 Union
1528 5372 304 104 press
1896 5344 356 100 [ͨ1930]

420 5500 160 76 141
632 5520 84 76 p.
832 5484 224 92 19ͨͫ.

304 5628 96 96 ©
468 5636 236 76 Mar.
772 5632 132 96 29,
968 5632 272 88 1930;
1312 5632 128 80 2c.
1508 5636 184 72 and
1756 5632 160 80 aff.
1980 5632 220 96 Apr.
2264 5636 104 92 3;
2440 5636 80 76 A
2584 5636 328 96 20789;
2984 5636 308 84 Amer.
3368 5636 384 100 Sunday
3820 5644 312 76 school

436 5740 308 96 union,
800 5740 684 92 Philadelphia.
1612 5740 484 96 (30-9626)
3740 5748 232 80 3273

296 5948 552 128 Baldwin,
900 5948 496 104 William
1452 5948 524 128 Edward,
2036 5960 336 96 1883-
2780 5960 164 100 ed.

440 6100 288 108 Ohio
780 6100 260 104 civil
1088 6104 480 128 practice
1612 6108 444 96 manual
2108 6104 268 100 with
2432 6104 344 108 forms
2828 6108 120 104 of
2996 6108 528 136 pleading
3572 6116 220 100 and
3840 6152 288 96 prac-

304 6248 208 108 tice
600 6248 556 136 (officially
1220 6248 488 108 certified
1776 6260 232 96 text
2072 6252 124 104 of
2260 6260 516 128 statutes)
2860 6260 676 136 comprising
3600 6264 184 104 the
3856 6260 296 108 Code

304 6400 124 100 of
508 6400 256 104 civil
848 6400 628 132 procedure,
1556 6404 648 128 annotated;
2296 6404 284 104 rules
2660 6404 124 104 of
2860 6404 532 136 practice;
3480 6412 468 108 outlines
4028 6416 124 108 of

304 6552 256 100 civil
632 6552 652 128 procedure;
1360 6548 828 104 constitutional
2260 6552 676 132 provisions;
3012 6556 348 108 forms
3432 6560 124 104 of
3624 6560 524 136 pleading

304 6704 220 96 and
588 6696 532 136 practice;
1188 6704 480 96 removal
1736 6700 124 100 of
1924 6736 420 92 causes;
2420 6716 228 120 etc.,
2716 6700 476 132 "keyed"
3256 6720 112 92 to
3436 6712 364 100 Bates'
3868 6748 280 68 com-

308 6860 252 120 pact
616 6848 388 132 digest,
1060 6848 364 100 edited
1476 6848 148 132 by
1672 6848 500 104 William
2228 6848 492 108 Edward
2772 6856 520 104 Baldwin
3352 6944 108 16 ...
3532 6860 344 108 forms
3932 6864 216 104 and

304 7000 468 100 outlines
848 6996 152 132 by
1072 6992 500 108 William
1656 6996 108 104 S.
1844 6996 416 104 Hanna
2348 7076 112 20 ...
2612 7000 632 140 Cleveland,
3320 7012 236 100 The
3640 7012 512 104 Baldwin

304 7148 212 100 law
572 7144 648 132 publishing
1272 7176 536 100 company
1876 7156 56 100 [
1952 7152 192 92 ͨ193
2152 7152 60 92 0
2220 7208 28 68 ]

436 7300 192 88 viii,
680 7296 132 92 65,
860 7292 192 96 379,
1100 7292 132 96 22,
1284 7296 188 92 207,
1524 7296 132 92 82,
1708 7296 108 76 22
1864 7316 84 72 p.
2056 7296 288 80 front.
2444 7300 56 76 2
2504 7300 52 76 6
2560 7284 108 96 ͨͫ.

436 7428 448 92 Frontisp
872 7420 28 80 i
928 7448 152 56 ece
1144 7428 84 80 is
1292 7428 336 80 official
1696 7428 516 80 certificate
2280 7432 100 76 of
2448 7432 160 80 the
2672 7444 476 88 secretary
3220 7444 100 76 of
3392 7448 248 80 state
3708 7448 104 80 of
3880 7448 268 96 Ohio,

300 7556 64 60 n
368 7556 56 64 o
428 7600 24 24 .
496 7540 112 80 33
616 7540 76 80 7.

2092 7640 196 104 489
