4800 8268
312 656 536 120 541
312 656 536 120 Dennett,
904 652 124 96 M
1028 672 144 88 rs.
1228 656 336 116 Mary
1628 652 456 124 (Ware)
2156 652 316 104 1872-

440 808 372 104 Who's
896 800 512 108 obscene?
1560 808 172 128 By
1816 804 328 132 Mary
2220 804 332 100 Ware
2632 804 484 100 Dennett
3204 820 68 112 …
3464 804 264 100 New
3812 804 348 132 York,

308 956 232 104 The
596 956 612 132 Vanguard
1264 988 296 96 press
1628 956 336 124 [ͨ1930
1956 988 36 76 ]

428 1108 336 92 xxxiii,
820 1108 160 76 281
1040 1128 80 72 p.
1228 1108 248 76 illus.
1580 1104 564 88 21ͨͫ.

428 1240 264 76 Trial
752 1240 96 76 of
912 1240 220 76 Mrs.
1196 1244 268 84 Mary
1532 1240 276 76 Ware
1868 1240 440 92 Dennett,
2372 1236 292 96 April,
2728 1236 248 96 1929,
3040 1240 96 76 in
3200 1240 156 76 the
3424 1240 344 76 United
3836 1240 312 80 States

296 1348 400 76 District
788 1352 296 88 court,
1180 1348 400 76 Eastern
1672 1348 376 76 district
2144 1348 100 72 of
2336 1348 228 76 New
2660 1348 284 92 York,
3036 1340 152 84 for
3284 1348 160 76 the
3540 1348 616 80 distribution

296 1460 408 92 through
776 1460 156 72 the
1008 1456 344 80 United
1436 1456 312 76 States
1824 1456 228 76 mail
2124 1456 100 76 of
2300 1456 156 76 the
2528 1456 596 76 defendant's
3200 1456 480 92 pamphlet
3756 1456 396 80 entitled

292 1568 196 76 The
552 1588 164 52 sex
780 1564 196 76 side
1048 1568 100 72 of
1208 1564 220 88 life;
1500 1564 388 88 verdict,
1952 1564 332 88 guilty.
2408 1564 140 76 On
2616 1564 332 92 appeal
3020 1568 92 72 to
3184 1564 160 76 the
3416 1564 344 80 United
3836 1564 316 80 States

296 1672 360 80 Circuit
728 1676 272 72 court
1076 1672 96 76 of
1256 1672 380 92 appeals
1712 1672 156 76 for
1948 1672 160 76 the
2192 1672 356 76 Second
2624 1672 364 92 circuit,
3072 1676 160 72 the
3316 1672 412 76 decision
3812 1672 100 80 of
3992 1672 160 76 the

292 1784 288 76 lower
628 1788 268 72 court
944 1804 200 52 was
1196 1780 460 76 reversed.

428 1888 252 80 Bibli
688 1912 48 56 o
740 1892 360 92 graphy
1156 1912 48 52 o
1212 1912 60 52 n
1328 1888 624 76 "Auto-erotis
1964 1912 84 52 m
2060 1884 104 80 ":
2224 1908 52 72 p
2288 1948 16 16 .
2356 1888 52 76 8
2416 1884 52 80 5
2468 1888 192 76 -87.

428 2024 200 80 CON
640 2048 240 56 TENT
904 2040 48 60 S
960 2060 28 40 .
988 2048 76 40 —
1088 2024 248 76 "The
1408 2044 160 56 sex
1640 2020 204 76 side
1908 2024 100 72 of
2072 2020 228 76 life"
2372 2024 660 76 case.-Other
3100 2044 264 56 cases
3436 2024 96 80 of
3604 2024 224 80 Post
3900 2024 252 80 office

292 2132 1020 96 suppression.-Shall
1372 2132 156 76 the
1588 2132 224 76 Post
1872 2152 52 56 o
1928 2132 32 72 f
1960 2132 36 72 f
1992 2132 132 72 ice
2188 2128 540 96 censorship
2792 2152 312 72 power
3164 2132 500 80 continue?

304 2268 96 92 ©
476 2272 236 76 Mar.
776 2272 136 92 20,
980 2268 272 88 1930;
1324 2272 48 72 2
1380 2296 72 52 c.
1520 2268 220 92 Apr.
1808 2272 104 84 1;
1984 2264 160 84 aff.
2212 2268 236 76 Mar.
2516 2268 164 92 31;
2748 2264 84 80 A
2892 2264 332 92 20726;
3304 2272 120 72 M.
3492 2272 140 76 W.
3704 2272 320 72 Denne
4036 2272 28 72 t
4080 2276 60 84 t,

436 2380 408 92 Astoria,
904 2380 96 76 L.
1064 2384 40 72 I
1116 2440 44 32 .,
1220 2380 112 76 N.
1388 2380 104 76 Y.
1628 2372 488 100 (30-9406)
3752 2372 48 80 3
3812 2372 168 84 598

300 2588 544 124 Deutsch,
904 2588 312 104 Otto.

432 2740 212 100 Die
712 2740 444 100 technik
1220 2740 184 100 des
1472 2736 1220 136 Russlandgeschäftes,
2756 2772 212 68 von
3036 2740 160 100 dr.
3272 2740 268 100 Otto
3608 2740 108 100 D
3724 2768 52 72 e
3788 2772 68 64 u
3860 2736 288 128 tsch;

300 2892 176 100 die
568 2892 720 128 bearbeitung
1384 2892 184 100 des
1664 2888 612 104 russischen
2368 2884 624 108 materiales
3088 2896 224 96 and
3412 2888 172 104 die
3696 2888 460 116 überset-

296 3076 428 96 zungen
776 3044 500 128 besorgte
1328 3040 108 100 J.
1492 3040 120 96 F.
1672 3036 604 132 Losinsky;
2328 3068 108 68 m
2444 3036 88 100 it
2588 3044 60 92 3
2700 3036 236 104 tafe
2940 3036 40 100 l
2984 3076 100 60 n.
3232 3040 324 100 Wien
3608 3040 228 100 und
3892 3044 264 96 Ber-

296 3188 196 136 lin,
540 3192 112 104 J.
716 3188 576 132 Springer,
1348 3196 288 96 1928.

424 3344 88 76 vi
524 3404 20 32 ,
604 3344 160 80 132
820 3364 84 72 p.
1036 3344 168 84 III
1188 3344 224 76 fold,
1472 3344 188 76 tab.
1712 3340 148 96 (in
1912 3344 380 92 pocket)
2420 3344 564 84 22½ͨͫ.

428 3476 1232 80 "Literaturverzeichnis":
1728 3496 84 72 p.
1884 3512 20 60 [
1912 3476 448 96 127]-128.

300 3612 96 88 ©
472 3616 244 92 Sept.
776 3616 140 88 28,
976 3612 272 88 1928;
1316 3632 128 68 1c.
1508 3612 216 80 Jan.
1788 3612 76 92 8,
1928 3616 48 72 1
1984 3608 52 80 9
2036 3608 164 96 29;
2272 3612 604 92 A—Foreign
2936 3612 272 92 1392;
3284 3616 312 76 Julius
3668 3616 472 92 Springer.

448 3724 540 96 (30-10061)
3752 3720 228 84 3599

296 3912 412 116 Devoe,
764 3904 332 108 Alan.

420 4052 232 104 The
704 4052 480 132 portrait
1232 4048 128 104 of
1408 4048 208 104 Mr.
1680 4048 96 108 O
1792 4136 16 20 .
1860 4052 148 104 W
2016 4132 56 48 .,
2120 4052 148 132 by
2316 4052 292 100 Alan
2664 4052 400 104 Devoe.
3188 4052 268 104 New
3508 4056 352 128 York,
3912 4052 232 104 The

284 4204 376 104 Union
712 4236 388 100 square
1152 4200 284 104 book
1492 4204 308 128 shop,
1860 4208 292 96 1930.

424 4364 48 80 3
524 4384 84 72 p.
660 4364 32 72 l
704 4424 44 32 .,
804 4364 104 76 32
968 4384 80 72 p.
1164 4360 288 76 front.
1508 4360 492 92 (mounted
2056 4360 288 92 port.)
2476 4360 556 92 22ͨͫ.

428 4496 272 80 "Two
796 4496 432 76 hundred
1320 4496 188 76 and
1600 4500 420 88 seventy-
2024 4496 56 72 fi
2096 4516 108 56 ve
2296 4496 308 92 copies
2684 4496 60 84 …
2896 4500 240 76 have
3228 4500 224 76 been
3548 4500 216 92 prin
3776 4504 84 72 te
3868 4504 76 84 d,
4048 4504 100 76 of

284 4604 308 80 which
648 4604 188 80 this
892 4604 84 80 is
1028 4624 228 72 copy
1312 4604 392 76 number
1756 4600 252 80 275."

296 4724 96 96 ©
452 4744 236 72 Mar.
740 4744 140 88 21,
928 4736 276 92 1930;
1256 4736 132 80 2c.
1444 4736 184 80 and
1684 4756 52 56 a
1744 4736 100 76 ff.
1896 4736 220 92 Apr.
2172 4736 104 92 2;
2332 4736 80 72 A
2464 4736 52 76 2
2524 4736 56 72 0
2584 4736 216 92 764;
2856 4736 104 80 A.
3020 4736 256 80 Devo
3284 4760 48 56 e
3340 4800 16 32 ,
3416 4744 228 76 New
3700 4744 280 80 York.

440 4848 488 100 (30-9999)
3728 4852 228 80 3600

288 5044 464 116 Dumer,
812 5032 324 108 Jean.

460 5188 68 108 …
596 5184 192 100 Ma
844 5184 460 128 France,
1360 5216 60 68 o
1456 5216 36 64 ù
1552 5180 432 104 vas-tu?
2120 5180 152 104 Le
2332 5180 156 104 cri
2544 5180 260 104 d'un
2860 5180 432 104 homme
3344 5184 188 132 qui
3592 5220 60 68 a
3716 5224 68 64 v
3784 5188 52 100 é
3848 5224 52 64 c
3908 5224 68 64 u
4036 5200 104 88 et

280 5372 172 64 vu.
580 5332 364 132 Paris,
996 5332 416 100 Pernot
1480 5376 32 68 [
1520 5360 20 68 ͨ
1556 5336 260 96 1929
1804 5376 40 68 ]

416 5488 548 96 cover-title,
1020 5492 136 92 17,
1216 5524 20 60 [
1248 5492 112 88 1]
1376 5504 84 76 p.
1580 5488 560 92 24ͨͫ.

296 5620 96 96 ©
468 5624 228 80 Nov.
768 5624 136 96 29,
976 5624 276 92 1929;
1324 5644 132 64 1c.
1528 5624 212 80 Jan.
1816 5624 136 92 10,
2024 5624 272 92 1930;
2376 5624 596 92 A—Foreign
3052 5624 268 92 5882;
3412 5628 436 76 Salomon
3920 5628 216 92 Tas,

420 5736 300 76 Paris.
856 5732 96 96 (3
956 5732 60 80 0
1016 5732 324 92 -9942)
3724 5732 108 84 36
3844 5732 112 84 01

296 5920 588 124 Edwards,
944 5916 440 124 George
1436 5916 336 124 John,
1836 5920 328 100 1875-

412 6068 508 132 Divorce,
992 6064 144 104 its
1208 6068 768 128 development
2048 6064 116 100 in
2240 6064 824 132 Pennsylvania
3140 6072 216 100 and
3436 6068 184 104 the
3700 6080 436 116 present

280 6220 208 96 law
552 6220 216 96 and
832 6216 476 128 practice
1364 6212 464 132 therein,
1892 6216 140 128 by
2092 6212 432 136 George
2584 6216 108 104 J.
2760 6216 580 128 Edwards,
3404 6216 136 136 jr.
3648 6220 64 108 …
3868 6220 268 100 New

280 6364 348 132 York,
684 6364 344 104 Clark
1084 6364 636 100 Boardman
1780 6400 576 96 company,
2420 6364 232 132 ltd.,
2716 6368 288 96 1930.

412 6544 64 56 x
484 6520 88 80 vi
580 6520 72 76 ii
656 6580 20 36 ,
732 6520 52 76 2
788 6524 52 76 3
848 6520 52 80 7
952 6540 84 76 p.
1148 6520 600 88 24½ͨͫ.

420 6656 772 80 "Miscellaneous
1248 6652 676 80 authorities":
1988 6676 84 72 p.
2132 6652 260 80 xviii.

296 6784 92 92 ©
448 6796 220 88 Apr.
728 6792 80 92 5,
860 6792 272 80 1930:
1192 6792 128 80 2c.
1376 6796 188 72 and
1616 6792 160 80 aff.
1832 6796 216 88 Apr.
2112 6792 52 76 8
2180 6808 24 64 ;
2272 6792 80 76 A
2404 6792 168 76 216
2580 6792 44 76 5
2632 6792 108 92 6;
2804 6792 284 80 Clark
3148 6796 540 76 Boardman
3744 6816 160 64 co.,
3964 6796 164 76 ltd.

440 6904 488 96 (30-9957)
3740 6904 232 80 3602

300 7080 500 128 Fischer,
860 7088 304 120 Max,
1232 7096 328 92 1880-

480 7260 68 104 …
616 7228 96 124 É
704 7252 112 92 lo
832 7288 132 96 ge
1028 7252 260 104 d'un
1356 7288 312 68 mar.
1816 7256 352 124 Paris,
2240 7240 516 120 Éditions
2824 7260 620 132 Lemarget,
3520 7264 272 96 1929.

424 7404 48 76 2
524 7424 84 72 p.
656 7408 32 72 l
700 7464 44 32 .,
800 7408 48 72 1
856 7404 48 76 3
916 7404 52 76 8
1012 7424 112 72 p.,
1176 7404 52 76 2
1276 7408 36 72 l
1320 7468 16 16 .
1452 7408 48 72 1
1508 7404 504 92 8½ͨͫ.

424 7540 48 76 5
480 7536 108 80 75
640 7540 304 92 copies
1000 7540 400 92 printed.
