4752 8320
336 688 580 124 Boylesve,
976 692 240 104 Ren
1228 692 56 100 6
1292 772 28 40 ,
1384 696 616 100 1867-1926.

464 840 160 96 La
708 836 332 132 becqu
1048 840 52 100 e
1108 876 84 92 e,
1272 836 148 132 by
1504 840 232 100 Ren
1748 840 52 100 e
1892 840 580 124 Boylesve;
2564 840 364 100 edited
3020 836 264 104 with
3372 836 780 128 introduction,

332 1000 336 116 notes,
716 988 216 100 and
980 988 660 132 vocabulary
1684 988 144 128 by
1872 988 376 96 Aaron
2308 988 324 100 Schaf
2632 988 48 92 f
2688 1024 112 64 er
2856 1068 108 16 ...
3116 988 264 100 New
3432 984 344 128 York,
3824 988 136 100 A.
4012 988 136 100 A.

332 1132 428 132 Knopf,
820 1140 288 96 1925.

468 1292 88 80 vi
604 1312 112 72 p.,
764 1296 52 76 2
872 1296 80 88 1.,
1004 1292 164 80 228
1216 1316 84 68 p.
1356 1292 200 76 intl.
1616 1292 100 76 fa
1724 1312 48 56 c
1776 1292 80 76 si
1860 1312 88 52 m
1964 1352 12 16 .
2088 1292 288 80 front.
2432 1292 100 92 (p
2540 1312 48 56 o
2600 1292 160 92 rt.)
2892 1292 524 88 19½ͨͫ.

348 1396 92 88 ©
508 1424 228 84 Aug.
796 1420 132 76 2S.
992 1416 160 80 192
1160 1420 92 72 5:
1324 1420 48 68 2
1376 1432 44 60 c
1440 1484 12 12 .
1520 1420 244 88 Sept.
1828 1420 128 88 11,
2020 1416 264 80 1930:
2360 1416 152 80 aff.
2588 1416 244 92 Sept.
2892 1416 160 92 15;
3120 1420 80 72 A
3260 1420 324 88 27507;
3652 1420 332 76 Alfred
4048 1420 100 76 A.

480 1528 340 92 Knopf,
872 1528 96 76 in
972 1552 48 52 e
1028 1592 12 12 .
1172 1568 16 56 [
1200 1520 96 100 @
1348 1528 660 84 introduction,
2060 1532 288 76 notes,
2404 1528 564 92 vocabulary
3020 1528 180 76 and
3252 1528 376 92 preface
3676 1528 116 88 by
3848 1532 304 72 Aaron

480 1640 56 76 S
544 1660 48 52 c
596 1636 300 76 haffer
1064 1636 212 92 (30-
1264 1640 56 72 2
1336 1636 264 88 5264)
3688 1632 288 80 10410

336 1876 552 120 Brunner,
948 1868 520 108 Edmund
1528 1872 132 104 de
1716 1868 712 128 Schweinitz,
2492 1880 324 100 1889-

468 2020 612 100 Industrial
1148 2020 112 100 vi
1268 2020 32 96 l
1312 2020 240 132 lage
1624 2020 548 128 churches,
2244 2020 140 132 by
2460 2020 516 100 Edmund
3056 2020 128 100 de
3260 2020 108 108 S.
3444 2024 512 96 Brunner
4036 2104 108 20 ...

336 2168 264 100 New
656 2168 344 128 York,
1060 2168 520 100 Institute
1644 2168 124 100 of
1824 2168 328 100 social
2216 2168 212 100 and
2496 2168 516 132 religious
3076 2168 492 104 research
3640 2176 372 124 1°19301

468 2324 156 88 xii,
688 2320 160 80 193
904 2344 84 72 p.
1052 2324 96 72 in
1152 2344 48 56 c
1204 2324 52 76 l.
1320 2324 300 76 tables
1628 2384 16 20 ,
1708 2324 292 88 diagr.
2112 2320 112 76 19
2232 2324 44 92 1
2288 2324 64 52 m

348 2444 96 92 ©
504 2456 56 80 S
568 2464 180 84 ept.
796 2456 128 84 22,
976 2460 48 76 1
1032 2452 48 76 9
1092 2452 52 76 3
1144 2456 56 76 0
1228 2480 16 68 ;
1300 2456 52 76 2
1360 2480 68 56 c.
1484 2456 240 92 Sept.
1776 2456 48 72 2
1832 2456 56 72 0
1916 2480 16 68 ;
1984 2456 160 80 aff.
2200 2456 244 92 Sept.
2496 2456 156 92 27;
2712 2460 76 76 A
2836 2456 108 80 28
2952 2452 48 84 5
3004 2460 52 72 4
3064 2456 52 68 5
3148 2480 16 68 ;
3224 2456 448 80 Institute
3724 2480 44 52 o
3776 2460 44 76 f
3872 2480 40 56 s
3920 2480 48 56 o
3980 2456 136 80 cia
4128 2464 28 72 l

484 2564 68 80 &
616 2568 440 88 religious
1120 2568 452 80 research.
1712 2568 24 88 (
1752 2580 52 72 3
1812 2564 436 96 0-25249)
3696 2564 284 84 10411

336 2804 556 128 Buenzod,
956 2804 704 120 Emmanuel,
1724 2816 328 92 1893-

476 3040 108 16 ...
648 2956 148 100 Le
856 2960 388 128 regard
1300 2956 376 100 baiss4.
1824 2956 352 132 Paris,
2232 2956 432 132 Rieder,
2724 2964 288 92 1930.

468 3104 168 76 206
676 3124 108 72 p.,
836 3104 44 72 1
936 3104 56 76 1.
1108 3104 276 92 181C.
1520 3100 604 92 (Prosateurs
2168 3104 424 96 frangais
2640 3108 792 92 contemporains)

348 3248 96 92 ©
500 3260 220 96 Apr.
772 3260 132 96 25,
968 3260 52 68 1
1020 3256 156 80 930
1208 3280 16 72 ;
1288 3260 44 76 l
1332 3264 48 68 c
1400 3324 12 16 .
1468 3260 124 76 Ju
1600 3264 24 72 l
1636 3284 52 68 y
1744 3260 156 92 12;
1956 3260 280 76 A-F
2236 3280 52 56 o
2296 3260 252 92 reign
2608 3260 104 80 82
2720 3260 56 76 0
2780 3260 96 92 4;
2940 3244 76 88 E
3024 3264 52 76 d
3084 3260 112 80 iti
3200 3284 52 56 o
3260 3284 60 56 n
3324 3284 44 56 s
3428 3264 76 76 R
3512 3260 84 80 ie
3604 3268 184 72 der.

500 3368 320 92 (30-25
828 3368 52 76 5
880 3368 52 76 3
936 3392 56 72 8
1008 3372 32 88 )
2660 3400 32 32 1
3696 3364 48 80 1
3752 3364 52 80 0
3816 3364 44 80 4
3872 3364 48 80 1
3932 3364 56 80 2

336 3604 572 124 Bushnell,
972 3604 420 104 Nelson
1452 3604 548 108 Sherwin.

468 3752 232 104 The
760 3752 564 104 historical
1384 3752 712 132 background
2164 3752 120 104 of
2348 3752 472 132 English
2884 3752 604 132 literature,
3548 3752 144 132 by
3756 3752 408 104 Nelson

340 3900 500 104 Sherwin
904 3900 560 100 Bushnell.
1596 3904 264 96 New
1924 3900 344 128 York,
2332 3904 148 100 H.
2544 3904 280 96 Holt
2888 3904 212 100 and
3168 3936 540 96 company
3784 3912 52 100 (
3860 3908 188 96 193
4060 3908 92 120 01

472 4056 92 76 ix
628 4076 108 72 p.,
800 4060 48 72 3
916 4056 80 92 1.,
1060 4056 48 76 3
1116 4048 100 80 -3
1232 4052 104 80 60
1396 4076 84 72 p.
1596 4056 240 76 illus.
1900 4056 352 92 (maps)
2384 4048 272 100 191C.

480 4188 244 80 "The
800 4208 400 72 purpose
1276 4188 108 76 of
1456 4188 192 76 this
1728 4188 236 76 book
2040 4188 84 76 is
2204 4196 92 72 to
2380 4196 388 72 narrate
2848 4188 160 80 the
3088 4188 256 80 chief
3420 4188 324 80 events
3828 4188 96 80 in
4004 4188 160 80 the

336 4296 416 92 political
820 4296 364 92 history
1252 4296 104 76 of
1420 4296 456 96 England,
1948 4296 184 76 and
2200 4304 96 72 to
2372 4296 408 80 indicate
2848 4296 160 80 the
3080 4296 240 80 most
3392 4296 388 80 obvious
3848 4296 312 92 points

336 4404 108 76 of
504 4408 372 72 contact
936 4400 412 80 between
1428 4404 384 92 English
1884 4404 364 88 history
2320 4404 180 76 and
2576 4404 388 92 English
3040 4404 216 80 liter
3260 4424 48 56 a
3324 4404 660 80 ture."-Pref.

480 4508 660 96 "Suggestions
1196 4508 152 80 for
1408 4512 376 76 further
1848 4512 384 92 reading
2296 4508 96 76 in
2452 4508 388 96 English
2904 4508 468 96 history":
3440 4532 84 72 p.
3580 4508 56 80 3
3640 4508 360 84 37-340.

360 4640 92 88 ©
512 4648 240 92 Sept.
804 4648 52 72 2
860 4648 76 88 2,
984 4648 48 76 1
1044 4648 52 72 9
1100 4644 112 80 30
1240 4668 16 68 ;
1308 4644 128 80 2c.
1496 4648 240 92 Sept.
1788 4644 48 76 2
1844 4644 52 72 9
1928 4668 16 60 ;
2000 4644 156 80 aff.
2216 4644 240 92 Sept.
2508 4644 160 92 27;
2724 4648 76 72 A
2852 4644 324 96 28531;
3236 4648 324 88 Henry
3612 4648 224 76 Holt
3892 4648 60 80 &
4012 4664 152 76 co.,

484 4760 172 76 inc.
792 4756 536 96 (30-25259)
3700 4752 292 84 10413

344 4964 472 124 Carqud,
888 4964 304 108 Otto.

472 5116 232 100 The
788 5116 204 128 key
1084 5124 108 92 to
1284 5112 468 104 rational
1844 5112 524 104 dietetics.
2568 5112 352 136 (New,
3012 5148 216 72 rev.
3320 5116 216 100 and
3628 5116 204 100 enl.
3924 5112 216 132 ed.)

344 5264 804 100 Fundamental
1216 5264 280 100 facts
1568 5264 328 100 about
1964 5264 180 100 the
2212 5264 644 132 prevention
2928 5264 120 100 of
3112 5264 440 100 disease.
3620 5264 184 100 the
3868 5296 292 100 pres-

340 5412 492 100 ervation
904 5412 124 104 of
1096 5412 408 112 health,
1576 5412 180 100 the
1832 5412 776 132 prolongation
2684 5412 120 100 of
2872 5412 240 120 life,
3176 5412 144 132 by
3396 5412 264 104 Otto
3740 5408 400 136 Carqud

348 5640 108 20 ...
604 5560 216 100 Los
872 5560 512 132 Angeles,
1440 5560 264 128 Cal.,
1764 5564 228 100 The
2044 5564 400 96 author
2504 5568 136 124 [ͨ
2580 5568 188 96 193
2780 5568 136 104 0]

472 5716 164 76 151
692 5736 84 72 p.
884 5716 284 80 231".

480 5852 168 80 "In
704 5852 164 76 the
920 5860 376 84 present
1356 5852 368 76 volume
1784 5852 156 76 the
2004 5852 340 76 author
2400 5852 176 76 has
2632 5852 516 76 condensed
3212 5852 156 76 the
3428 5852 484 92 teachings
3972 5872 196 76 pre-

344 5960 320 76 sented
712 5960 96 76 in
856 5960 148 76 his
1052 5960 308 92 larger
1408 5960 368 76 volume
1828 5960 468 76 'Rational
2348 5960 672 80 diet'."-Pref.
3096 5968 12 16 '

364 6084 92 92 ©
532 6096 124 76 Ju
660 6096 28 72 l
700 6116 52 72 y
816 6096 76 92 1,
960 6092 268 96 1930;
1300 6096 48 72 2
1352 6104 44 68 c
1412 6160 16 16 .
1504 6096 236 92 Sept.
1812 6100 156 88 17;
2044 6096 152 80 aff.
2272 6096 248 92 Sept.
2588 6096 156 92 15;
2816 6096 80 76 A
2960 6096 332 92 27528;
3364 6096 72 80 O
3448 6160 16 16 .
3540 6096 304 92 Carqu
3852 6096 48 76 e
3908 6156 16 20 .
3996 6104 176 72 Los

492 6204 416 92 Angeles.
1052 6204 536 92 (30-25285)
3708 6200 284 84 10414

352 6416 312 120 Carr,
724 6412 488 104 William
1272 6416 284 120 Guy.

480 6556 176 136 By
724 6592 316 96 guess
1108 6560 212 100 and
1384 6560 144 136 by
1592 6560 304 128 God;
1964 6564 180 96 the
2212 6568 296 104 story
2576 6560 120 100 of
2760 6560 180 104 the
3008 6560 432 104 British
3508 6560 668 108 submarines

352 6700 112 104 in
520 6708 180 104 the
760 6740 260 100 war,
1076 6708 140 132 by
1276 6704 496 108 William
1832 6708 248 140 Guy
2144 6708 308 132 Carr,
2512 6708 272 104 with
2844 6752 52 64 a
2964 6708 432 132 preface
3460 6708 144 140 by
3660 6704 516 108 Admiral

352 6852 108 104 S.
528 6852 108 104 S.
700 6852 272 104 Hall
1044 6940 108 20 ...
1292 6852 440 108 Garden
1796 6852 292 140 City,
2148 6856 128 104 N.
2348 6856 172 132 Y.,
2576 6856 680 136 Doubleday,
3312 6860 376 100 Doran
3748 6856 76 92 &
3896 6888 276 68 com-

348 7036 324 100 pany,
736 7000 236 136 inc.,
1036 7008 288 96 1930.

480 7152 92 80 xi
588 7176 56 56 v
700 7176 112 72 p.,
872 7156 48 76 1
976 7160 88 88 1.,
1124 7156 164 80 310
1348 7176 84 76 p.
1544 7152 316 96 front.,
1924 7160 328 92 plates.

484 7288 312 80 "First
860 7292 436 76 edition."

368 7396 96 92 ©
532 7404 240 92 Sept.
832 7404 128 96 19,
1020 7404 268 84 1930;
1356 7408 48 76 2
1416 7428 44 56 e
1468 7472 16 12 .
1544 7412 180 72 and
1784 7408 96 76 af
1876 7408 64 76 f.
2008 7408 240 92 Sept.
2308 7408 156 76 25:
2532 7408 76 76 A
2664 7404 220 80 2776
2888 7408 60 76 3
2976 7428 16 68 ;
3056 7408 136 80 W.
3260 7408 72 76 G
3344 7472 16 16 .
3420 7408 260 80 Carr.
3744 7408 432 76 Toronto.

500 7540 408 80 Canada.
1044 7540 540 96 (30-25100)
3712 7540 284 80 10415

2144 7652 252 92 1603
