4752 8320
2132 7708 256 100 1895

352 716 604 120 Hoorman,
1016 716 1416 104 Ferdinand-Continued

468 880 52 72 2
572 884 80 72 p.
712 872 84 92 l.,
852 872 164 80 287
1068 888 80 68 p.
1264 872 48 72 1
1320 868 104 76 9
1436 876 24 40 ½ͨͫ
1516 908 20 40 .

364 972 92 100 ©
504 980 228 80 Nov.
784 980 72 92 6,
908 980 272 76 1930:
1236 980 48 72 2
1296 1000 48 52 c
1348 1040 16 16 .
1416 1000 116 52 an
1544 980 56 72 d
1652 1000 48 52 a
1712 976 96 80 ff.
1860 980 228 72 Nov.
2140 976 160 92 10;
2356 980 76 72 A
2484 976 324 88 29903;
2872 976 148 76 Fr.
3076 976 324 76 Pustet
3456 996 156 72 co.,
3672 976 168 76 inc.

504 1088 532 92 (30-30228)
3696 1080 284 80 12245

344 1264 516 120 Hulbert,
916 1264 436 104 Archer
1408 1268 432 120 Butler,
1900 1272 324 100 1873-

476 1412 288 128 Soil;
828 1412 140 104 its
1028 1412 524 104 influence
1612 1448 136 64 on
1808 1412 184 104 the
2048 1412 428 132 history
2532 1412 124 100 of
2712 1412 184 104 the
2956 1408 416 108 United
3440 1408 392 132 States,
3896 1404 268 104 with

336 1560 404 128 special
800 1560 544 100 reference
1404 1568 112 92 to
1568 1564 596 128 migration
2228 1564 216 96 and
2500 1564 180 96 the
2736 1556 524 108 scientific
3320 1560 328 128 study
3704 1556 124 104 of
3884 1556 280 104 local

344 1708 448 132 history,
852 1708 140 132 by
1048 1708 424 100 Archer
1532 1712 388 96 Butler
1980 1708 116 100 H
2104 1744 68 64 u
2176 1712 40 96 l
2220 1708 240 100 bert
2544 1712 64 108 …
2768 1708 268 100 New
3092 1708 120 100 H
3220 1744 60 64 a
3284 1744 240 88 ven,
3584 1704 112 100 Y
3700 1704 164 104 ale
3920 1704 240 104 uni-

344 1856 404 132 versity
824 1892 352 96 press;
1256 1856 492 128 London,
1820 1856 148 104 H.
2044 1856 512 132 Milford,
2632 1856 444 104 Oxford
3144 1856 612 132 university
3828 1892 336 96 press,

348 2012 280 96 1930.

472 2172 56 60 x
596 2184 108 72 p.,
764 2168 52 72 2
880 2168 88 88 l.,
1028 2168 164 72 227
1260 2184 80 72 p.
1452 2164 316 88 front.,
1832 2164 328 92 plates,
2224 2184 292 72 maps.
2628 2164 224 76 24ͨͫ.

480 2272 556 76 "Published
1092 2296 112 52 on
1264 2272 156 76 the
1472 2272 284 76 Louis
1812 2272 276 76 Stern
2144 2272 480 76 memorial
2676 2272 320 76 fund."

476 2380 248 80 "The
788 2380 432 76 material
1304 2384 56 84 …
1456 2384 172 72 has
1692 2380 228 76 been
1984 2380 536 76 elaborated
2588 2380 248 76 from
2904 2400 120 56 an
3092 2380 352 76 outline
3512 2380 464 76 delivered
4044 2400 120 56 on

344 2492 152 76 the
568 2488 132 80 Go
704 2492 32 72 l
744 2488 248 76 dwin
1068 2488 300 76 Smith
1440 2488 568 92 lectureship
2076 2488 564 76 foundation
2708 2492 100 72 at
2880 2488 368 76 Cornell
3324 2484 544 92 university,
3940 2488 224 76 New

344 2600 268 92 York,
660 2596 96 76 in
808 2596 672 80 1925."-Pref.

472 2704 788 96 Bibliographical
1320 2704 528 76 foot-notes.

348 2816 88 88 ©
504 2816 196 80 Oct.
752 2816 136 92 17,
944 2816 268 88 1930;
1268 2816 132 84 2c.
1456 2816 184 72 and
1696 2812 156 84 aff.
1908 2812 196 80 Oct.
2160 2812 160 88 25;
2380 2812 84 76 A
2512 2808 328 92 30140;
2904 2812 232 76 Yale
3188 2812 252 76 univ.
3496 2832 288 68 press.

496 2924 536 96 (30-30109)
3700 2916 284 80 12246

344 3112 296 120 Hull,
704 3104 352 104 Edith
1124 3108 440 100 Maude.

480 3260 84 104 C
572 3260 32 96 i
616 3284 120 108 ty
792 3260 124 100 of
972 3268 384 88 stones.
1512 3260 688 124 [Instalment
2264 3264 88 116 1]

500 3420 16 68 (
544 3416 116 72 In
720 3408 260 80 Good
1040 3404 596 84 needlework
1696 3404 528 100 magazine,
2288 3404 272 96 Nov.,
2628 3404 168 80 193
2808 3404 48 80 0
2868 3404 36 96 )

348 3516 96 96 ©
500 3532 128 72 1c.
680 3524 216 76 Dec.
948 3520 132 92 20,
1136 3520 268 88 1930;
1464 3524 80 72 A
1596 3524 112 72 ad
1768 3520 168 76 int.
1992 3516 324 92 14593;
2376 3520 272 92 pubd.
2708 3520 196 76 Oct.
2960 3520 156 88 24;
3180 3520 104 76 E.
3344 3520 116 76 M.
3520 3520 252 88 Hull,
3832 3520 328 72 Hazel-

476 3632 284 84 wood,
820 3628 592 96 Derbyshire,
1472 3632 456 92 England.
3700 3624 288 84 12247

344 3812 780 120 Illuminating
1184 3808 736 124 engineering
1976 3812 468 120 society.

472 3956 292 104 Code
856 3956 120 104 of
1064 3956 488 132 lighting
1640 3956 548 132 factories,
2276 3956 300 104 mills
2664 3960 216 100 and
2972 3960 312 100 other
3372 3956 304 104 work
3768 3964 392 124 places.

332 4108 588 100 American
992 4108 564 128 standard,
1632 4108 564 128 approved
2264 4108 448 128 August
2788 4112 156 124 18,
3024 4112 260 96 1930
3356 4108 144 132 by
3572 4108 592 100 American

332 4256 584 100 standards
988 4256 680 100 association.
1808 4256 264 100 New
2144 4256 344 124 York,
2556 4256 136 100 N.
2768 4256 172 128 Y.,
3012 4256 784 132 Illuminating
3868 4256 292 132 engi-

332 4400 448 136 neering
840 4400 436 132 society,
1332 4408 340 96 ͨ1930.

468 4556 52 72 4
524 4556 52 72 2
644 4576 80 72 p.
844 4556 104 76 ill
952 4576 136 56 us.
1200 4556 52 76 2
1260 4556 144 76 3m
1408 4620 16 16 .

348 4620 96 32 ©
504 4668 192 76 Oct.
748 4668 76 92 1,
880 4664 268 88 1930;
1204 4636 128 108 2c.
1384 4668 228 76 Nov.
1664 4668 100 92 4;
1864 4628 116 116 aff.
2036 4668 228 80 Nov.
2320 4668 100 88 6;
2476 4668 76 72 A
2604 4664 328 96 30395;
2996 4668 656 92 Illuminating
3700 4668 464 92 engineer-

472 4776 160 92 ing
680 4796 180 56 soc.
996 4776 532 96 (30-30295)
3700 4776 288 80 12248

336 4932 420 124 James,
808 4932 396 104 Norah
1264 4936 120 104 C.

468 5076 444 104 Shatter
988 5076 180 104 the
1248 5076 404 128 dream,
1728 5112 60 64 a
1868 5076 352 132 novel,
2288 5080 144 136 by
2508 5080 372 100 Norah
2960 5080 116 104 C.
3156 5084 372 100 James
3608 5088 64 104 …
3876 5084 276 96 Lon-

332 5224 244 128 don,
640 5224 572 104 Constable
1276 5228 76 92 &
1416 5260 148 68 co.
1624 5228 196 100 ltd.
1896 5232 324 104 [1930]

460 5384 52 76 3
568 5408 84 72 p.
704 5384 84 88 l.,
844 5388 164 72 282
1060 5404 80 72 p.
1256 5384 104 76 19
1372 5388 44 92 ½ͨͫ
1444 5388 92 76 .

352 5464 92 88 ©
528 5464 84 88 1c
636 5560 12 16 .
720 5496 228 76 Nov.
1020 5496 132 88 15,
1224 5492 108 76 19
1336 5492 116 76 30
1464 5500 24 64 :
1568 5496 84 72 A
1716 5516 52 56 a
1784 5496 56 72 d
1908 5496 32 72 i
1944 5496 132 80 nt.
2148 5492 328 96 14419;
2552 5492 272 96 puhd.
2908 5496 244 96 Sept.
3224 5500 160 88 18;
3464 5500 104 76 N.
3648 5492 92 84 C.
3816 5500 272 76 Jame
4092 5520 44 52 s
4144 5564 16 16 .

480 5604 404 76 London.
1028 5604 536 96 (30-31718)
3700 5604 284 84 12249

332 5760 176 100 Ka
512 5756 36 100 l
552 5756 456 124 linikov,
1072 5760 48 100 I
1128 5760 260 124 osif,
1456 5772 328 92 1890-

460 5904 452 100 Women
964 5904 216 100 and
1232 5904 412 132 monks,
1696 5908 140 136 by
1888 5908 412 128 Joseph
2352 5908 676 104 Kallinikov.
3156 5912 260 100 New
3476 5912 340 128 York,
3868 5912 288 100 Har-

328 6068 332 112 court,
716 6056 344 96 Brace
1124 6056 212 96 and
1396 6092 536 100 company
2000 6064 128 124 [ͨ
2080 6064 44 88 1
2144 6068 56 88 9
2212 6064 52 92 3
2276 6068 60 88 0
2152 6052 60 88 ]

460 6212 56 76 4
568 6236 84 68 p.
712 6216 52 72 l.
776 6272 20 32 ,
860 6212 160 80 876
1080 6236 56 68 p
1148 6276 12 16 .
1276 6216 220 76 21ͨͫ.

472 6320 304 76 "First
880 6320 636 96 (incomplete)
1620 6324 396 76 Russian
2104 6324 376 92 edition,
2568 6328 288 76 under
2944 6332 156 76 the
3180 6328 204 80 title
3468 6332 96 76 of
3644 6316 512 92 'Moshtchi'

352 6428 264 92 ('The
704 6432 324 76 sacred
1108 6432 412 92 relics);
1612 6432 204 80 first
1900 6432 444 92 complete
2428 6432 540 84 authorized
3060 6436 344 80 edition
3496 6440 480 76 published
4064 6440 92 72 in

332 6536 460 96 Germany
852 6540 288 72 under
1196 6540 156 76 the
1408 6540 208 80 title
1672 6540 96 76 of
1820 6540 16 32 '
1848 6540 72 72 F
1928 6560 48 52 r
1980 6564 44 52 a
2044 6560 176 56 uen
2276 6564 52 56 u
2344 6548 116 72 nd
2512 6540 492 80 mönche'."

468 6644 620 80 "Authorized
1140 6648 384 88 English
1588 6648 356 76 version
2004 6648 116 96 by
2180 6648 376 80 Patrick
2616 6652 472 76 Kirwan."

352 6748 92 88 ©
516 6756 196 80 Oct.
772 6756 132 92 30,
968 6756 268 80 1930;
1300 6760 124 76 2c.
1492 6760 180 72 and
1736 6756 160 80 off.
1956 6756 228 80 Nov.
2252 6760 96 84 7;
2416 6760 76 72 A
2552 6756 108 80 29
2672 6756 48 72 8
2720 6760 160 80 45:
2952 6764 308 76 Harco
3272 6784 52 52 u
3336 6764 116 88 rt,
3516 6764 296 72 Brace
3872 6764 72 76 &
4004 6780 104 60 co
4116 6816 44 32 .,

480 6864 172 92 inc.
788 6864 428 84 (30-3022
1224 6864 52 80 6
1296 6872 28 84 )
3704 6868 284 80 12250

336 7020 340 120 Kent,
728 7020 592 124 Raymond
1380 7020 268 124 Asa,
1712 7032 324 96 1883-
2444 7028 168 100 ed.

468 7172 436 128 Higher
964 7172 572 100 education
1600 7172 112 100 in
1776 7172 544 128 America,
2384 7172 360 104 edited
2808 7176 148 116 by
3016 7180 580 128 Raymond
3660 7180 136 100 A.
3860 7180 300 100 Kent

552 7316 268 104 with
904 7356 136 64 an
1124 7320 744 100 introduction
1952 7320 144 132 by
2176 7328 340 96 Lotus
2596 7328 136 100 D.
2820 7324 504 108 Coffman
3392 7340 68 104 …
3716 7328 444 128 Boston,

340 7464 264 104 New
672 7468 312 100 York
1060 7476 260 120 [etc.]
1396 7464 300 108 Ginn
1764 7472 216 100 and
2044 7504 540 104 company
2660 7536 24 68 [
2692 7484 32 40 ͨ
2736 7480 184 96 193
2932 7484 92 120 0]
