4752 8320
276 704 324 124 Cecil,
656 708 448 100 Russell
1156 708 164 100 La
1376 708 516 124 Fayette,
1956 716 328 96 1881-
2688 744 52 68 e
2748 712 100 104 d.

404 856 104 100 A
580 856 568 100 text-book
1212 856 124 100 of
1404 856 564 124 medicine,
2040 856 144 132 by
2260 852 588 104 American
2920 856 504 128 authors;
3508 856 360 100 edited
3940 856 148 132 by

276 1004 96 96 R
384 1040 60 60 u
452 1036 160 68 sse
616 1004 84 96 ll
748 1004 124 96 L.
928 1000 88 104 C
1024 1000 152 100 eci
1184 1004 40 96 l
1304 1004 60 108 …
1456 1000 520 100 associate
2028 1004 352 96 editor
2432 1000 180 104 for
2664 1000 500 104 Diseases
3220 1000 120 104 of
3392 1004 184 100 the
3624 1036 464 72 nervous

272 1160 456 120 system:
800 1148 388 104 Foster
1264 1148 540 132 Kennedy
1852 1156 60 108 …
2148 1148 140 104 2d
2368 1152 196 128 ed.,
2640 1184 220 68 rev.
2940 1152 220 100 and
3236 1148 468 132 entirely
3780 1164 304 88 reset.

272 1296 776 128 Philadelphia
1100 1300 216 96 and
1364 1296 496 128 London,
1908 1296 172 104 W.
2136 1300 128 96 B.
2324 1296 548 104 Saunders
2928 1332 568 96 company,
3552 1304 120 92 19
3680 1304 56 92 3
3748 1304 92 92 0.

400 1472 128 52 xx
536 1468 52 56 v
600 1508 16 32 ,
676 1448 224 80 1592
960 1468 84 72 p.
1160 1448 272 92 illus.,
1496 1452 168 76 col.
1724 1468 60 72 p
1788 1452 32 72 l
1832 1508 40 32 .,
1944 1452 344 88 diagrs.
2396 1448 112 80 25
2512 1452 76 52 =
2604 1512 20 16 .

404 1580 452 80 Contains
928 1580 696 80 "References".

284 1716 92 92 ©
448 1724 244 88 Sept.
748 1720 44 76 1
800 1720 80 92 2,
936 1720 160 76 193
1104 1720 56 76 0
1188 1740 16 68 ;
1264 1720 132 80 2e.
1456 1720 244 92 Sept.
1760 1720 156 88 18;
1980 1716 160 80 aff.
2204 1720 244 92 Sept.
2504 1720 160 92 19;
2724 1720 84 76 A
2860 1720 328 92 27557;
3252 1724 140 76 W.
3452 1724 108 80 B.
3620 1724 468 76 Saunders

416 1852 104 56 co
528 1892 16 16 .
680 1828 536 104 (30-24443)
3624 1828 288 80 10004

272 2040 520 120 Chidsey,
856 2036 296 104 Alan
1216 2036 340 108 Lake.

400 2188 492 132 Rustam,
944 2188 284 100 Lion
1276 2188 124 100 of
1452 2188 376 100 Persia
1892 2188 180 132 [by
2068 2220 32 80 ]
2164 2188 296 100 Alan
2512 2188 296 100 Lake
2868 2188 528 132 Chidsey;
3456 2188 256 104 witb
3780 2192 304 100 deco-

272 2336 408 104 rations
760 2336 144 136 by
980 2336 260 104 Lois
1320 2336 432 104 Lenski.
1896 2340 268 100 New
2244 2336 344 132 York,
2664 2336 472 132 Minton,
3220 2340 344 100 Balch
3648 2344 84 96 &
3808 2376 276 64 com-

268 2520 324 96 pany,
652 2492 284 96 1930.

400 2664 120 56 xv
528 2640 56 92 i,
640 2644 160 76 271
860 2660 84 72 p.
996 2640 212 80 inel.
1264 2640 312 92 front.,
1636 2640 248 80 illus.
1996 2640 228 80 21".

400 2776 268 92 Maps
724 2800 116 52 on
896 2776 696 92 lining-papers.

408 2884 244 76 "The
712 2884 432 76 material
1200 2884 152 76 for
1408 2884 448 92 'Rustam,
1916 2884 228 76 Lion
2208 2884 100 76 of
2360 2884 352 76 Persia'
2772 2884 172 76 has
3004 2884 228 76 been
3288 2884 280 80 taken
3628 2888 240 72 from
3932 2888 160 76 the

276 2992 608 76 translations
948 2992 100 76 of
1112 2996 152 72 the
1332 2992 284 76 'Shah
1676 2992 368 76 namah'
2116 2992 116 92 by
2296 2996 100 72 E.
2464 2992 100 76 G.
2628 2996 184 72 and
2880 2992 100 80 A.
3052 2996 416 92 Warner,
3536 2996 312 76 Julius
3916 3016 172 60 von

272 3104 216 72 Moh
492 3104 28 72 l
532 3164 16 32 ,
604 3104 184 76 and
840 3104 76 72 T
920 3124 60 52 u
988 3120 216 56 rner
1260 3104 152 72 Ma
1416 3116 56 60 c
1472 3100 580 80 an."-Pref.

284 3232 96 92 ©
452 3236 228 96 Aug.
748 3236 136 96 22,
956 3236 108 80 19
1064 3240 48 76 3
1124 3236 100 92 0;
1296 3236 52 76 2
1352 3256 48 64 e
1408 3300 16 16 .
1496 3236 228 92 Aug.
1796 3236 160 92 29;
2032 3256 44 56 a
2092 3236 96 80 ff.
2264 3240 244 88 Sept.
2580 3236 60 80 3
2664 3256 20 72 ;
2764 3236 72 76 A
2908 3236 328 92 27213;
3312 3240 108 76 A.
3492 3240 96 76 L.
3664 3236 172 80 Chi
3844 3240 52 76 d
3908 3260 184 72 sey,

412 3352 380 88 Easton,
852 3348 160 76 Pa.
1148 3344 536 96 (30-24466)
3632 3344 284 84 10005

276 3556 616 124 Christian,
948 3560 500 120 Eugene,
1508 3568 624 96 1860-1930.

400 3704 448 104 Pounds
920 3704 204 132 off;
1200 3740 60 68 a
1332 3716 404 120 system
1800 3704 128 104 of
1992 3704 412 136 weight
2468 3708 420 100 control
2964 3704 176 104 for
3212 3708 412 128 health,
3696 3708 396 132 beauty

272 3856 212 100 and
536 3852 564 136 efficiency,
1148 3856 148 132 by
1344 3856 444 132 Eugene
1844 3852 568 104 Christian
2464 3852 64 112 …
2708 3856 264 100 New
3024 3856 348 124 York,
3420 3856 672 100 Macfadden

272 4000 280 100 book
612 4036 540 100 company
1256 4004 340 128 119301

400 4184 52 76 8
516 4204 80 56 v.
708 4184 152 80 16j
900 4188 44 44 -
960 4216 24 44 .

408 4292 108 76 In
580 4292 472 92 portfolio.

408 4400 112 76 In
576 4400 52 76 8
688 4404 380 72 lessons.

288 4532 96 92 ©
444 4540 228 92 Aug.
728 4536 132 96 26,
920 4536 268 92 1930;
1248 4532 48 76 2
1308 4560 44 56 c
1360 4600 20 16 .
1440 4536 244 92 Sept.
1744 4536 156 92 11;
1964 4556 48 56 a
2028 4536 96 80 ff.
2188 4536 244 92 Sept.
2492 4536 160 92 10;
2712 4536 80 76 A
2848 4536 328 92 28193;
3244 4536 560 80 Maefadden
3860 4536 56 76 b
3928 4536 172 80 ook

412 4668 156 72 co.,
624 4648 96 76 in
720 4684 44 64 c
784 4708 16 16 .
936 4648 536 92 (30-24446)
3628 4640 288 84 10006

276 4860 384 120 Corra,
716 4860 420 104 Bruno.

420 5012 72 104 S
504 5048 56 64 a
568 5048 248 96 nya,
892 5012 36 100 l
936 5048 60 64 a
1076 5008 356 132 mujer
1504 5008 424 136 egipcia
2028 5012 208 132 (La
2312 5012 384 100 novela
2776 5012 172 100 del
3024 5012 408 100 oriente
3508 5012 572 132 moderno)

276 5196 72 96 p
352 5180 68 76 o
424 5200 56 64 r
576 5164 376 100 Bruno
1052 5160 372 108 Corra.
1568 5160 464 104 Versión
2128 5196 256 92 espa
2392 5160 72 96 n
2468 5160 172 104 ola
2740 5160 132 100 de
2964 5160 252 96 Emi
3232 5160 32 96 l
3268 5160 112 104 io
3476 5156 400 104 G6mez
3976 5160 128 100 de

276 5312 448 132 Miguel.
872 5316 632 112 Barcelona,
1568 5312 124 96 B.
1760 5312 360 96 Bauzá
2204 5312 288 104 [1929
2492 5344 32 72 ]

412 5468 48 76 1
524 5488 80 60 v.

292 5596 92 88 ©
448 5604 212 80 Jan.
716 5604 132 92 10,
904 5604 272 88 1929;
1240 5604 128 76 le.
1420 5604 216 92 Apr.
1696 5600 112 76 29
1836 5624 20 52 :
1920 5600 592 92 A-Foreign
2564 5600 168 76 443
2740 5600 48 76 5
2820 5620 20 72 ;
2904 5600 464 76 Editorial
3428 5600 104 76 B.
3592 5600 348 76 Bauza.

3640 5704 288 84 10007

284 5896 368 124 Cross,
708 5892 336 108 John.

408 6044 232 100 The
704 6044 300 132 right
1064 6040 124 104 of
1252 6044 220 100 real
1532 6056 336 88 estate
1932 6056 108 88 to
2104 6080 60 64 a
2224 6044 632 100 reasonable
2908 6048 228 124 tax,
3196 6040 148 136 by
3404 6040 304 104 John
3776 6036 324 104 Cross

424 6196 64 104 …
552 6188 184 132 [Sa
740 6224 72 64 n
880 6192 616 128 Francisco,
1568 6188 56 88 0
1612 6196 188 96 193
1812 6196 60 96 0

408 6344 112 76 74
584 6364 80 72 p.
784 6344 220 84 17".

300 6472 92 92 ©
468 6480 224 92 Aug.
764 6480 132 80 15.
968 6480 268 92 1930;
1308 6480 128 80 2e.
1508 6480 228 88 Aug.
1808 6484 156 76 27:
2044 6504 48 56 a
2104 6480 72 76 ff
2184 6548 16 16 .
2276 6484 244 92 Sept.
2592 6480 156 92 15;
2824 6480 80 80 A
2972 6480 328 92 28255;
3380 6480 84 80 J.
3536 6480 292 80 Cross,
3920 6480 180 80 San

432 6592 340 88 Bruno,
828 6588 272 80 Calif.
1240 6588 532 92 (30-24442)
3640 6584 288 84 10008

284 6772 376 124 Cugle,
724 6768 464 108 Charles
1244 6776 404 104 Hurst.

412 6912 248 132 Cug
660 6916 36 96 l
704 6916 136 100 e's
904 6916 348 128 practi
1260 6956 56 64 c
1320 6920 108 96 al
1488 6916 672 136 navigation,
2224 6920 144 128 by
2440 6920 88 108 C
2532 6920 200 100 har
2736 6924 40 96 l
2784 6956 104 68 es
2952 6920 144 104 H.
3168 6920 344 132 Cugle
3592 6924 68 108 …
3836 6920 260 100 New

276 7064 216 96 and
576 7064 200 100 enl.
860 7064 196 128 ed.,
1136 7064 268 104 with
1488 7068 520 112 complete
2092 7056 384 144 listing
2552 7068 124 100 of
2756 7068 640 132 navigation
3480 7064 620 108 definitions

280 7212 212 96 and
588 7212 652 132 accessories,
1324 7212 572 132 including
1984 7216 180 100 the
2252 7212 412 104 inform
2676 7252 48 64 a
2740 7220 228 96 tion
3060 7216 500 128 required
3652 7216 176 100 for
3916 7216 184 104 the

276 7360 736 100 examination
1076 7360 144 108 by
1292 7364 176 100 the
1544 7364 260 100 New
1880 7364 304 100 York
2252 7364 624 132 inspectors.
3016 7364 264 104 New
3360 7364 340 100 York.
3768 7364 132 108 E.
3972 7364 124 100 P.

284 7508 416 100 Dutton
744 7508 84 92 &
880 7544 184 96 co.,
1112 7508 208 100 inc.
1412 7512 132 92 19
1588 7516 124 100 30

2064 7668 260 96 1539
