4752 8320
2296 7740 260 96 1930

500 716 332 132 Muir,
904 724 536 120 Ramsay,
1516 724 328 100 1872-

628 864 516 104 Political
1204 896 764 96 consequences
2024 860 124 104 of
2200 860 180 104 the
2436 876 308 120 great
2800 896 256 96 war,
3116 860 140 140 by
3320 868 476 132 Ramsay
3852 860 300 104 Muir
4232 864 64 112 …

496 1016 488 128 London,
1044 1016 124 104 T.
1236 1012 748 108 Butterworth
2044 1012 196 108 ltd.
2312 1048 32 76 [
2356 1016 256 96 1930]

628 1176 188 88 251,
880 1212 20 56 [
908 1176 48 72 1
968 1212 16 56 ]
1048 1192 80 72 p.
1248 1176 48 72 1
1304 1176 48 76 7
1452 1232 16 20 .
1604 1172 32 92 (
1652 1172 92 72 H
1748 1172 144 92 alf
1892 1216 28 12 -
1932 1172 28 76 t
1976 1172 20 72 i
2012 1172 120 76 tle
2148 1196 28 56 :
2228 1172 200 76 The
2476 1172 148 76 Ho
2632 1192 84 56 m
2724 1196 48 56 e
2832 1172 516 96 university
3404 1172 352 96 library
3808 1172 104 80 of
3964 1172 376 80 modern

496 1284 560 92 knowledge.
1176 1296 168 68 [no.
1404 1284 112 76 14
1520 1280 52 80 8
1576 1284 76 92 ])

628 1388 664 96 Bibliography
1328 1412 16 56 :
1412 1408 80 72 p.
1556 1388 192 80 247.

512 1484 96 96 ©
668 1488 124 92 it.
844 1504 224 76 Nov.
1124 1500 128 84 10,
1308 1496 272 92 1930;
1636 1500 80 76 A
1764 1500 120 76 ad
1936 1496 164 80 int.
2160 1496 328 92 14399;
2544 1500 276 92 pubd.
2880 1496 244 96 Sept.
3184 1504 156 88 11;
3404 1500 88 76 H
3500 1516 224 76 enry
3780 1500 232 76 Holt
4064 1500 72 76 &
4188 1520 48 56 c
4240 1520 52 56 o
4304 1564 40 28 .,

644 1612 200 92 inc.,
900 1612 224 76 New
1184 1608 272 80 York.
1592 1604 536 96 (30-31906)
3884 1604 288 84 12459

508 1796 276 96 New
880 1796 100 96 Y
988 1820 64 72 o
1056 1824 56 68 r
1120 1792 72 100 k
1312 1800 36 128 (
1372 1796 88 100 C
1460 1796 44 96 i
1512 1804 112 100 ty
1648 1792 36 136 )
1844 1792 328 132 Dept.
2276 1796 120 132 of
2492 1792 612 104 education.
3248 1792 516 104 Division
3860 1796 120 132 of
4084 1792 268 132 high

636 1944 448 104 schools.

640 2092 220 104 Art
964 2092 812 132 appreciation;
1888 2088 500 136 required
2496 2088 340 128 work,
2940 2092 272 100 New
3316 2088 320 104 York
3736 2088 228 128 city
4068 2088 272 132 high

504 2244 420 104 schools
1008 2244 64 120 …
1272 2240 268 104 New
1620 2240 312 104 York
2008 2240 256 132 city,
2340 2240 316 132 High
2736 2240 368 104 school
3184 2236 516 136 division,
3780 2240 372 104 Board
4228 2236 124 104 of

504 2392 612 132 education,
1176 2392 288 104 1930.

636 2556 44 72 1
740 2572 60 60 v
808 2612 20 20 .
936 2548 284 84 29j-.

636 2660 548 80 Loose-leaf.

644 2768 364 80 "Laura
1068 2768 100 80 C.
1228 2768 312 80 Ferris
1620 2768 60 88 …
1756 2768 172 76 has
1984 2768 188 76 had
2228 2768 180 76 full
2468 2764 340 96 charge
2864 2768 100 76 of
3024 2764 156 80 the
3244 2764 256 80 work
3556 2764 104 76 of
3716 2764 156 80 the
3932 2764 420 92 syllabus

500 2904 44 52 c
552 2900 52 56 o
612 2876 700 96 mmittee."-p.
1376 2876 80 80 3.

636 2988 332 80 Forest
1024 2988 324 92 Grant,
1404 2984 408 80 director
1864 2988 100 76 of
2016 2992 184 76 art.

640 3096 724 92 Bibliography:
1432 3120 84 72 p.
1580 3092 104 80 12
1688 3096 52 80 3
1748 3092 248 84 -132.

508 3208 96 88 ©
668 3208 200 80 Oct.
920 3208 136 96 27,
1112 3208 272 88 1930;
1444 3208 52 76 2
1500 3228 48 64 c
1560 3272 16 16 .
1636 3208 196 76 Oct.
1892 3204 52 76 2
1952 3216 56 72 9
2032 3224 20 72 ;
2116 3204 156 80 aff.
2332 3204 228 80 Nov.
2620 3208 104 88 4;
2788 3204 80 72 A
2924 3212 48 68 3
2980 3204 272 88 0375;
3320 3204 308 76 Board
3692 3204 104 76 of
3848 3204 504 76 education

644 3316 104 80 of
804 3320 156 76 the
1016 3316 188 96 city
1260 3320 104 76 of
1420 3320 224 72 New
1700 3316 280 76 York.
2116 3312 540 96 (30-30323)
3884 3308 288 84 12460

496 3500 648 120 Newmark,
1204 3500 444 120 Harris,
1716 3508 628 96 1834-1916.

636 3644 324 136 Sixty
1032 3680 316 72 years
1424 3648 112 100 in
1616 3644 552 108 Southern
2252 3644 664 108 California,
3004 3652 124 96 18
3136 3656 52 92 5
3200 3652 432 124 3-1913,
3708 3644 644 132 containing

496 3796 180 100 the
740 3796 820 100 reminiscences
1628 3796 120 100 of
1812 3796 408 100 Harris
2292 3796 620 124 Newmark,
2984 3796 364 100 edited
3420 3796 144 132 by
3636 3792 492 104 Maurice
4196 3792 152 104 H.

496 3948 216 100 and
780 3944 380 104 Marco
1228 3944 128 104 R.
1432 3944 620 104 Newmark.
2192 3944 136 104 3d
2404 3944 196 128 ed.,
2676 3980 216 68 rev.
2968 3944 220 104 and
3260 3980 364 96 augm.
3764 3944 312 104 With
4160 3948 188 96 182

496 4092 764 104 illustrations.
1396 4096 416 100 Boston
1880 4096 220 100 and
2164 4096 268 96 New
2508 4096 344 124 York,
2920 4096 616 128 Houghton
3604 4092 268 100 Miff
3808 4088 64 104 l
3884 4096 112 96 in
4064 4128 280 68 com-

500 4276 324 100 pany,
884 4248 288 96 1930.

628 4396 124 76 xx
764 4416 60 56 x
832 4416 52 56 v
892 4460 20 32 ,
968 4396 164 76 744
1188 4416 80 72 p.
1384 4400 316 88 front.,
1756 4400 328 88 plates,
2144 4404 316 84 ports.,
2520 4400 152 72 fac
2680 4416 44 56 s
2732 4400 196 76 ims.
3048 4396 224 80 23-.

636 4508 248 76 With
936 4508 160 76 the
1148 4508 672 76 collaboration
1868 4508 104 76 of
2020 4508 288 92 Perry
2360 4504 428 80 Worden.
2912 4528 44 56 c
2964 4508 40 88 f
3012 4572 12 12 .
3080 4524 76 72 p.
3220 4508 152 84 vii,
3428 4512 52 64 x
3500 4568 12 16 .

508 4616 96 88 ©
664 4620 228 80 Nov.
948 4620 72 92 7,
1080 4620 44 72 1
1132 4616 52 76 9
1188 4616 160 92 30;
1408 4620 128 80 2c.
1588 4620 200 76 Nov
1788 4652 24 48 .
1872 4620 156 80 10;
2092 4616 156 76 aff.
2308 4620 228 76 Nov.
2592 4624 56 76 8
2676 4640 16 68 ;
2752 4620 80 72 A
2884 4616 120 80 30
3004 4624 48 76 4
3056 4616 160 96 99;
3280 4620 324 76 Marco
3660 4616 76 76 R
3748 4680 16 16 .
3824 4620 528 88 Newmark,

636 4728 176 80 Los
872 4728 420 92 Angeles.
1428 4724 540 100 (30-30594)
3880 4724 288 84 12461

496 4884 572 124 Nicholas,
1140 4884 680 104 Grosvenor.

628 5032 540 136 Winning
1212 5028 844 136 backgammon;
2116 5036 548 128 problems
2712 5036 216 100 and
2980 5072 508 92 answers,
3532 5036 144 132 by
3724 5032 628 104 Grosvenor

500 5180 516 104 Nicholas
1076 5180 208 104 and
1356 5180 120 108 C.
1540 5180 544 104 Wheaton
2148 5184 608 132 Vaughan;
2824 5184 576 132 including
3464 5184 180 100 the
3708 5184 636 104 authorized

496 5328 420 104 revised
996 5328 288 104 rules
1368 5328 172 104 for
1616 5332 456 100 modern
2148 5332 796 132 backgammon
3024 5332 360 100 which
3464 5332 272 104 have
3812 5332 264 104 been
4160 5368 184 100 ap-

500 5480 412 128 proved
992 5480 144 132 by
1212 5480 184 100 the
1476 5480 672 100 committees
2224 5480 124 100 of
2428 5516 52 64 a
2576 5480 452 100 number
3112 5480 124 100 of
3312 5480 448 136 leading
3844 5484 304 100 clubs
4232 5484 112 100 in

492 5628 416 100 several
960 5628 336 100 cities.
1416 5628 268 104 New
1740 5628 348 128 York,
2140 5628 496 132 London,
2688 5632 136 100 D.
2880 5632 568 128 Appleton
3504 5632 216 104 and
3772 5664 572 104 company,

500 5780 284 96 1930.

628 5932 56 68 x
692 5932 32 76 i
732 5932 28 72 i
772 5992 12 28 ,
848 5932 48 72 1
904 5928 104 80 03
1064 5952 56 72 p
1128 5992 16 16 .
1264 5928 216 80 illus
1492 5992 12 16 .
1624 5928 280 96 19½cm

508 6020 96 88 ©
664 6040 196 80 Oct.
908 6036 136 96 29,
1100 6044 52 72 1
1152 6044 52 72 9
1212 6044 156 76 30:
1428 6044 96 68 2c
1536 6108 16 16 .
1604 6044 184 76 and
1844 6032 152 88 aff.
2060 6044 192 76 Oct.
2308 6048 160 88 31;
2524 6048 80 72 A
2652 6044 332 96 29734;
3044 6048 112 76 D.
3208 6048 464 92 Appleton
3724 6048 72 80 &
3844 6068 52 56 c
3900 6068 52 56 o
3964 6112 12 16 .

660 6148 540 96 (30-30598)
3884 6152 48 84 1
3944 6152 112 84 24
4064 6152 48 84 6
4124 6156 48 80 2

496 6308 332 100 Noail
836 6308 28 96 l
876 6340 152 92 es,
1088 6308 336 100 Anna
1488 6308 592 104 Elisabeth
2160 6312 188 120 (de
2412 6312 732 120 Brancovan)
3220 6324 508 92 contesse
3788 6312 172 116 de,
4028 6320 320 96 1876-

700 6464 60 104 …
820 6452 712 108 Exactitudes
1604 6464 60 104 …
1840 6452 352 136 Paris,
2248 6456 128 104 B.
2440 6452 440 108 Grasset
2956 6456 40 88 [
2992 6464 48 96 1
3052 6464 60 96 9
3124 6464 124 112 30]

628 6608 56 72 4
736 6624 84 72 p.
868 6608 28 72 I
912 6668 44 28 .,
1020 6604 28 64 [
1044 6616 64 60 X
1112 6604 216 80 i
1288 6616 68 60 ]
1372 6668 16 32 ,
1440 6608 168 76 230
1660 6632 108 72 p.,
1820 6616 48 72 1
1920 6612 60 72 1.
2096 6608 140 76 190
2300 6672 12 12 .

632 6716 120 76 At
812 6716 240 76 head
1108 6716 96 76 of
1264 6716 260 80 title:
1592 6716 68 80 C
1664 6720 404 76 omtesse
2124 6720 112 76 de
2288 6720 444 80 Noailles.

636 6824 184 76 "Po
824 6824 52 76 e
880 6844 192 56 mes
1140 6848 108 52 en
1320 6828 352 92 prose."

516 6932 96 100 D
664 6944 244 76 June
956 6940 132 88 27,
1140 6936 160 84 193
1308 6944 52 76 0
1392 6960 20 72 ;
1472 6936 120 84 it.
1648 6944 232 88 Aug.
1932 6940 52 76 2
1988 6940 56 68 9
2072 6960 16 72 ;
2148 6944 596 92 A-Foreign
2796 6944 160 76 881
2968 6944 52 76 5
3052 6964 16 68 ;
3128 6944 424 76 Bernard
3612 6944 412 76 Grasset.

660 7052 92 88 (3
764 7048 56 80 0
856 7048 344 92 31171)
3880 7048 292 84 12463

504 7204 456 124 Onions,
1020 7208 416 120 Oliver,
1492 7212 372 128 pseud.

640 7352 232 100 The
976 7388 280 96 open
1360 7368 372 116 secret,
1836 7356 144 132 by
2092 7352 384 108 Oliver
2580 7356 456 108 Onions.
3216 7356 416 104 Boston
3736 7356 220 104 and
4064 7356 272 104 New

504 7500 340 132 York,
904 7500 616 132 Houghton
1576 7504 120 100 M
1704 7504 36 100 i
1748 7500 64 104 f
1780 7500 68 104 f
1780 7500 68 104 l
1856 7504 112 100 in
2028 7536 572 104 company,
2664 7512 288 96 1930.
