4852 8284
508 668 376 120 Cross,
940 668 276 96 Tom
1276 668 492 96 Peete-
1780 668 84 104 C
1872 668 308 96 ontin
2192 700 60 64 u
2268 668 128 96 ed

656 824 152 92 vii,
888 824 164 76 104
1124 844 64 72 p
1192 884 20 20 .
1336 824 288 76 front.
1748 820 112 76 24
1916 824 32 40 ͨͫ
1964 884 12 12 .
2128 820 136 92 (H
2272 820 88 76 al
2364 820 40 80 f
2412 820 292 76 -title:
2776 820 200 72 The
3048 820 384 76 modern
3504 816 476 92 philology
4056 836 144 56 mo
4208 836 116 56 no

512 936 348 92 graphs
916 932 104 80 of
1076 932 156 80 the
1292 928 544 96 University
1896 932 100 76 of
2056 928 452 92 Chicago)

656 1072 248 72 "The
964 1088 48 56 o
1020 1072 52 72 b
1084 1072 184 88 ject
1332 1068 100 76 of
1496 1064 156 80 the
1712 1084 164 72 pre
1884 1088 92 56 se
1988 1072 104 72 nt
2152 1064 572 92 monograph
2792 1060 88 80 is
2940 1068 92 72 to
3104 1060 352 80 outline
3524 1064 156 76 the
3748 1084 432 56 romance
4244 1060 116 92 by

520 1164 440 92 Chrétien
1016 1176 336 96 [Cheva
1360 1180 28 72 l
1400 1176 136 76 ier
1588 1180 112 72 de
1748 1176 28 72 l
1784 1196 52 56 a
1900 1172 128 80 Ch
2036 1192 52 56 a
2100 1192 152 56 rre
2260 1180 24 68 t
2304 1176 144 80 te]
2504 1180 100 68 to
2652 1176 260 72 trace
2964 1172 80 76 it
3092 1172 56 76 b
3156 1172 172 76 ack
3384 1180 92 72 to
3532 1172 80 80 it
3616 1192 40 60 s
3708 1172 380 92 origins,
4148 1172 212 92 and,

512 1292 24 72 i
552 1288 272 92 astly,
884 1292 100 72 to
1036 1292 144 72 set
1232 1288 260 72 forth
1548 1284 96 76 in
1700 1284 112 76 de
1820 1292 92 68 ta
1928 1284 24 76 i
1964 1288 24 72 l
2052 1284 160 76 the
2264 1280 476 80 evolution
2800 1280 216 80 that
3068 1280 160 80 the
3284 1280 312 80 theme
3652 1284 500 76 underwen
4164 1292 32 68 t
4260 1292 104 68 at

512 1400 156 72 the
724 1396 304 76 hands
1084 1396 104 76 of
1240 1396 160 76 the
1460 1396 360 76 French
1880 1392 780 92 poet."-Introd.

656 1504 172 76 Bib
836 1504 464 96 liographi
1312 1528 44 52 c
1364 1508 88 72 al
1508 1504 540 76 foot-notes.

520 1636 92 88 ©
680 1640 244 80 June
980 1640 132 92 17,
1176 1640 44 72 1
1224 1648 48 76 9
1288 1640 160 92 30;
1512 1640 92 84 2c
1616 1672 20 52 .
1708 1640 52 72 J
1768 1660 64 52 u
1836 1640 28 72 l
1884 1656 60 72 y
2004 1636 120 100 8;
2164 1660 44 52 a
2224 1636 96 76 ff.
2384 1640 220 92 July
2668 1640 100 88 7;
2836 1636 80 76 A
2976 1640 172 76 254
3148 1640 48 76 3
3204 1640 104 92 0;
3380 1636 544 96 University
3984 1640 108 72 of
4152 1636 208 80 Chi-

648 1772 248 80 cago,
952 1748 436 96 Chicago.
1512 1748 92 92 (3
1612 1772 60 76 0
1668 1748 388 96 -18449)
3968 1744 232 84 7304

512 1936 228 100 Dar
752 1968 68 68 u
832 2016 24 40 ,
912 1928 480 108 Juliska.

644 2084 480 132 Stephen
1216 2084 180 100 the
1476 2084 496 112 Valiant,
2048 2080 152 132 by
2276 2080 444 108 Juliska
2804 2084 312 104 Daru
3204 2084 216 100 and
3504 2084 576 108 Charlotte
4160 2084 196 104 Le ID=

504 2236 344 128 derer,
936 2232 620 104 illustrated
1648 2228 148 136 by
1884 2232 572 104 Charlotte
2540 2232 508 104 Lederer.
3228 2236 264 100 New
3588 2232 344 112 York,
4016 2236 128 100 E.
4232 2236 124 104 P.

504 2384 428 100 Dutton
988 2388 84 92 &
1124 2416 188 96 co.,
1368 2380 116 100 in
1492 2416 52 68 c
1552 2460 24 20 .
1644 2384 268 128 [ͨ193
1924 2392 60 92 0
1996 2444 20 68 ]

640 2536 48 80 5
740 2560 84 72 p.
872 2532 84 100 l.,
1008 2536 280 80 3-264
1340 2560 80 72 p.
1536 2540 168 76 col.
1756 2540 316 92 front.,
2128 2536 64 76 il
2200 2536 24 76 l
2240 2556 136 60 us.
2488 2536 52 76 2
2552 2536 448 88 1ͨͫ
2700 2600 16 20 .

644 2672 312 80 "First
1004 2668 440 84 edition."

524 2808 88 88 ©
676 2812 244 76 June
972 2808 132 92 24,
1160 2808 164 80 193
1332 2808 56 80 0
1416 2828 20 72 ;
1492 2808 52 76 2
1548 2824 44 68 c
1608 2872 16 16 .
1680 2812 188 76 and
1920 2808 160 80 aff.
2140 2812 220 88 July
2416 2812 104 88 7;
2580 2812 80 72 A
2708 2804 52 80 2
2764 2812 56 72 4
2824 2808 220 92 950;
3108 2812 100 76 E.
3268 2812 96 76 P.
3424 2812 364 76 Dutton
3840 2812 72 76 &
3968 2832 156 68 co.,
4188 2812 92 76 in
4280 2828 48 64 c
4344 2872 20 16 .

672 2920 540 96 (30-18550)
3972 2920 228 84 7305

508 3104 396 124 Defoe,
964 3104 436 124 Daniel,
1468 3104 700 108 1661?-1731.

640 3256 232 104 The
964 3252 200 104 life
1256 3256 216 100 and
1564 3256 660 100 adventures
2312 3256 124 100 of
2528 3256 564 104 Robinson
3188 3256 444 128 Crusoe,
3720 3260 148 132 by
3960 3260 400 104 Daniel

508 3404 384 132 Defoe,
992 3404 628 104 illustrated
1716 3404 148 132 by
1964 3404 480 104 Frances
2544 3408 624 132 Brundage.
3324 3408 520 136 Chicago,
3940 3412 424 132 Akron,

508 3556 88 100 O
616 3640 20 16 .
716 3564 260 124 [etc.]
1060 3556 232 104 The
1364 3552 524 112 Saalfield
1960 3556 648 132 publishing
2672 3592 544 100 company
3296 3568 320 120 [1930]

640 3712 52 76 2
748 3736 84 72 p.
884 3716 84 92 l.,
1028 3712 284 76 7-250
1360 3732 84 72 p.
1500 3712 100 76 in
1604 3712 80 76 cl
1696 3772 20 20 .
1768 3712 136 76 col
1916 3772 20 20 .
1988 3712 320 92 front.,
2364 3712 276 92 illus.,
2700 3716 328 92 plates.
3140 3716 48 72 2
3196 3712 448 84 3ͨͫ
3348 3776 12 20 .
3492 3716 188 92 (On
3740 3736 44 56 c
3792 3736 164 60 ove
3964 3740 92 56 r:
4112 3716 256 80 Com-

508 3820 340 92 panion
908 3820 336 92 series)

524 3912 92 88 ©
684 3932 248 80 June
984 3932 132 92 14,
1176 3928 272 96 1930;
1508 3928 128 80 2c.
1696 3932 184 76 and
1940 3928 88 76 af
2032 3932 48 72 f
2084 3992 20 20 .
2160 3932 224 92 July
2440 3932 160 92 12;
2668 3932 72 76 A
2800 3932 120 72 211
2916 3932 108 76 09
3028 3932 104 92 3;
3200 3932 220 80 Saal
3432 3936 40 72 f
3444 3936 200 76 ield
3704 3956 124 72 pu
3836 3940 52 72 b
3900 4000 16 16 .
3976 3960 44 52 c
4032 3960 48 56 o
4092 4004 12 12 .
4232 3976 16 56 [
4264 3932 100 100 ©

656 4040 636 80 illustrations]
1460 4036 540 100 (30-18309)
3972 4044 232 84 7306

508 4220 444 128 Driver,
1016 4224 436 120 George
1508 4220 524 124 Hibbert,
2096 4228 328 100 1879-

644 4372 760 132 Cape-scapes,
1496 4372 148 136 by
1736 4372 428 132 George
2260 4376 116 100 H
2384 4372 360 104 ibbert
2832 4376 288 100 Driv
3128 4416 48 60 e
3188 4416 76 60 r.
3452 4384 448 124 Boston,
3996 4388 368 128 Mass.,

508 4524 232 104 The
808 4520 504 136 Chapple
1376 4520 648 136 publishing
2084 4556 572 100 company,
2720 4524 236 132 ltd.,
3024 4536 52 92 1
3092 4536 52 92 9
3156 4536 56 92 3
3224 4536 60 96 0
3296 4612 16 20 .

644 4680 108 76 62
808 4700 80 72 p.
1004 4676 320 96 front.,
1376 4680 336 92 plates.
1828 4676 832 88 18½ͨͫ.

524 4772 92 88 ©
680 4792 188 76 Jun
876 4812 48 56 e
976 4792 128 88 14,
1160 4788 164 80 193
1332 4788 52 76 0
1416 4812 16 68 ;
1492 4788 128 80 2c.
1672 4788 228 92 July
1952 4788 156 92 12;
2168 4784 160 84 aff.
2380 4792 224 92 July
2660 4792 156 88 14;
2876 4796 80 72 A
3008 4788 332 96 26165;
3404 4796 100 76 G.
3564 4796 116 76 H.
3736 4796 368 92 Driver,
4164 4800 128 76 Hi
4300 4800 28 76 l
4336 4844 28 12 -

656 4908 32 68 t
700 4920 144 72 on,
896 4896 284 84 Mass.
1304 4900 28 100 (
1348 4896 112 84 30
1460 4900 172 76 -18
1636 4900 48 76 5
1688 4900 156 92 47)
3972 4908 52 80 7
4032 4908 108 80 30
4152 4908 52 80 7

512 5084 700 124 Flannagan,
1268 5084 284 120 Roy.

680 5236 76 112 …
832 5232 232 104 The
1132 5232 612 132 whipping.
1888 5232 268 104 New
2236 5232 328 132 York,
2628 5240 108 100 J.
2808 5236 300 132 Cape
3168 5244 88 96 &
3320 5240 144 104 H.
3540 5240 364 108 Smith
3980 5252 120 124 [ͨ
4064 5252 184 96 193
4256 5256 60 92 0
4316 5276 28 76 ]

640 5392 48 76 3
744 5412 84 72 p.
876 5392 88 92 l.,
1020 5388 172 80 256
1236 5412 88 72 p.
1432 5384 288 96 19½ͨͫ.

644 5500 124 76 At
820 5492 236 84 head
1108 5496 100 80 of
1260 5496 260 80 title:
1580 5496 140 96 By
1776 5496 200 96 Roy
2032 5496 580 96 Flannagan.

528 5604 92 88 ©
680 5612 224 88 July
960 5612 132 88 14,
1148 5608 48 76 1
1204 5604 104 80 93
1316 5604 104 84 0;
1480 5608 124 80 2c.
1664 5608 188 76 and
1904 5604 164 84 aff.
2120 5608 224 92 July
2400 5608 160 92 16;
2616 5608 84 76 A
2752 5608 332 96 26180;
3148 5612 484 80 Jonathan
3692 5616 252 96 Cape
3996 5620 72 76 &
4124 5620 240 76 Har-

656 5716 252 80 rison
972 5716 328 80 Smith.
1364 5720 176 84 inc.
1668 5716 376 96 (30-185
2056 5720 48 76 5
2108 5712 96 96 3)
3964 5724 232 84 7308

512 5896 412 124 Fuller,
980 5904 128 96 M
1108 5936 140 64 rs.
1308 5900 332 120 Mary
1696 5900 588 104 Williams.

644 6048 232 104 The
932 6056 304 120 story
1292 6044 124 100 of
1472 6048 584 132 Deerfield,
2112 6048 148 132 by
2320 6052 328 132 Mary
2704 6052 560 104 Williams
3324 6056 412 108 Fuller.
3884 6064 472 104 Brattle-

508 6200 296 132 boro,
860 6200 228 100 The
1144 6200 536 100 Vermont
1732 6196 508 136 printing
2296 6236 572 96 company,
2928 6212 288 96 1930.

644 6356 108 76 48
808 6372 80 72 p.
1004 6356 312 88 front.,
1372 6356 324 88 plates.
1760 6372 264 72 maps
2076 6352 96 92 (1
2224 6352 276 92 fold.)
2568 6356 248 92 plan.
2932 6348 224 88 16ͨͫ.

648 6464 140 76 On
836 6480 324 60 cover:
1212 6464 196 76 The
1456 6468 260 84 story
1768 6464 100 76 of
1916 6464 496 88 Deerfield,
2460 6460 536 84 1630-1930.

528 6564 96 88 ©
676 6572 232 92 July
952 6572 104 76 11
1068 6632 16 24 .
1136 6572 48 76 1
1192 6572 172 76 930
1388 6596 16 52 :
1460 6576 52 68 2
1520 6596 72 52 c.
1644 6576 184 72 and
1880 6596 48 52 a
1940 6572 100 80 ff.
2092 6572 220 92 July
2364 6572 160 92 14;
2580 6572 80 76 A
2708 6572 112 76 26
2828 6576 108 76 13
2936 6576 104 88 4;
3092 6576 124 80 M.
3272 6580 112 76 W
3396 6640 16 16 .
3468 6580 140 80 Fu
3612 6584 24 72 l
3648 6584 164 88 ler,
3872 6584 76 76 D
3960 6608 152 52 eer
4116 6588 56 72 fi
4184 6588 176 96 eld,

668 6684 276 76 Mass.
1076 6680 208 96 (30-
1292 6684 44 72 1
1348 6684 48 68 8
1404 6684 48 68 5
1456 6684 52 72 4
1508 6692 60 76 6
1588 6684 24 84 )
3972 6692 228 84 7309

520 6860 384 124 Gibbs,
956 6864 124 100 M
1084 6900 60 64 r
1148 6904 44 56 s
1204 6948 20 16 .
1280 6860 612 104 Jeannette
1948 6860 408 108 Clarke
2420 6864 592 124 (Phillips)

648 7016 428 96 French
1160 7008 300 104 leave
1548 7012 208 132 [by]f
1848 7012 584 104 Jeannette
2508 7012 484 132 Phillips
3072 7016 380 108 Gibbs.
3596 7024 452 136 Boston,
4124 7028 232 104 Lit-

512 7160 180 124 tle,
748 7164 444 108 Brown,
1244 7160 212 100 and
1512 7196 572 96 company,
2144 7168 288 96 1930.

644 7320 56 76 3
760 7340 80 72 p.
896 7320 84 84 l.,
1048 7356 16 56 [
1072 7316 48 76 3
1128 7352 20 60 ]
1160 7316 224 76 -295
1444 7336 80 72 p.
1640 7316 48 76 2
1696 7316 52 76 0
1752 7320 28 40 ͨͫ
1848 7380 16 16 .

608 7428 24 84 ©
684 7428 124 76 Ju
812 7428 28 72 l
852 7448 56 72 y
956 7428 96 72 11
1072 7488 16 20 ,
1136 7428 48 72 1
1196 7424 164 76 930
1392 7448 16 60 ;
1460 7420 132 80 2c.
1648 7428 184 72 and
1880 7428 48 68 a
1940 7424 40 72 f
1972 7424 40 76 f
2024 7488 12 20 ,
2092 7424 156 76 Jul
2248 7428 60 76 y
2368 7420 44 76 1
2424 7416 56 80 6
2504 7444 16 68 ;
2576 7424 76 76 A
2700 7424 332 92 26200;
3092 7432 84 76 J.
3232 7432 68 76 P
3312 7496 20 16 .
3388 7432 68 76 G
3472 7436 148 76 ibb
3628 7456 68 68 s,
3752 7436 96 76 M
3852 7440 504 92 iddleboro,

684 7520 76 76 M
772 7536 100 80 as
884 7556 68 60 s.
1072 7532 252 96 (30-1
1328 7528 120 76 8
1436 7548 24 52 5
1460 7532 44 72 5
1512 7532 100 96 4)
3948 7544 228 88 7310

2312 7640 260 96 1116
