4752 8320
552 672 456 120 Sperry,
1072 672 1364 120 Margaret-Continued

688 824 164 80 220
916 848 80 72 p.
1112 824 220 80 19ͨͫ.
1472 828 28 88 (
1520 828 68 72 P
1596 848 224 68 aper
1884 828 328 80 books)

564 928 100 100 ©
724 936 196 80 Oct.
968 940 132 88 31,
1160 940 108 76 19
1272 944 52 72 3
1328 936 100 88 0;
1488 968 124 56 2c.
1676 952 48 64 a
1736 940 120 72 nd
1912 932 156 84 aff.
2128 936 208 76 Dec.
2396 932 156 96 10;
2616 932 80 80 A
2748 932 328 96 32133;
3140 932 388 80 Charles
3588 940 204 72 Bon
3796 936 32 76 i
3832 996 16 32 ,
3908 936 120 92 jr.

712 1048 24 88 (
752 1048 48 76 3
812 1048 268 76 0-331
1084 1056 52 72 4
1124 1044 124 84 1)
3940 1040 292 84 13570

552 1172 532 120 Stewart,
1140 1168 648 104 Alexander
1844 1168 624 124 Hamilton,
2532 1180 320 96 1852-

688 1324 256 96 Fire
1008 1320 116 100 in
1188 1324 180 96 the
1432 1316 608 132 flintstone;
2112 1356 152 92 or,
2324 1320 236 100 The
2624 1316 372 104 divine
3060 1320 336 128 spark
3464 1316 112 104 in
3640 1356 288 92 man,
3988 1316 148 136 by
4196 1324 200 100 Dr.

556 1468 628 104 Alexander
1240 1472 144 104 H.
1456 1468 500 108 Stewart.
2104 1472 452 124 Boston,
2612 1472 368 128 Mass.,
3040 1472 232 96 The
3336 1468 504 108 Cornhill
3900 1468 492 132 publish-

552 1616 188 140 ing
796 1652 540 96 company
1408 1656 28 72 [
1440 1628 32 44 ͨ
1484 1628 188 92 193
1684 1624 56 96 0]

744 1772 64 76 viii
904 1796 108 72 p.,
1068 1776 52 76 2
1176 1776 24 76 l
1216 1836 44 28 .,
1328 1812 20 56 [
1348 1776 52 76 3
1416 1812 16 56 ]
1440 1820 56 8 -
1496 1772 108 80 96
1664 1796 80 72 p.
1860 1772 540 84 21ͨͫ.

580 1876 80 100 ©
716 1884 72 76 O
796 1908 48 52 c
856 1892 28 68 t
896 1948 16 16 .
968 1884 48 76 2
1020 1888 80 88 4,
1160 1884 220 76 1930
1412 1904 16 60 ;
1484 1884 52 76 2
1532 1900 84 64 c.
1676 1884 192 80 Oct.
1924 1884 160 92 30;
2148 1904 48 56 a
2200 1880 72 76 ff
2288 1948 12 12 .
2364 1888 196 76 Oct.
2612 1880 160 96 28;
2832 1880 84 80 A
2968 1880 328 96 29704;
3360 1880 424 80 Cornhill
3840 1880 212 96 pub.
4108 1900 128 60 co.

700 1996 96 88 (3
804 1996 52 72 0
860 2036 52 12 -
916 1996 52 76 3
972 1996 108 72 32
1088 1996 48 68 9
1148 1996 92 80 1)
3928 1988 284 84 13571

548 2120 384 116 Stone,
984 2120 296 104 John
1336 2120 576 120 Timothy,
1976 2124 320 100 1868-

684 2264 740 136 Christianity
1508 2268 116 100 in
1708 2268 396 128 action,
2192 2268 144 132 by
2420 2268 300 100 John
2808 2264 528 132 Timothy
3428 2264 332 108 Stone
3844 2268 68 120 …
4136 2268 164 96 Bo
4308 2300 88 64 s-

544 2432 224 116 ton,
824 2420 144 100 W
976 2504 16 16 .
1052 2420 132 100 A.
1240 2420 372 100 Wilde
1664 2452 544 100 company
2312 2432 20 76 [ͨ
2356 2420 292 128 1930]

680 2576 88 76 ix
784 2636 16 32 ,
860 2576 168 76 222
1084 2596 84 72 p.
1276 2576 228 80 20ͨͫ.

680 2684 268 80 Brief
1004 2684 164 80 ske
1176 2692 88 72 tc
1272 2688 164 76 hes
1488 2684 240 80 from
1792 2684 192 84 life,
2040 2684 304 92 jotted
2404 2684 268 80 down
2728 2704 48 56 a
2788 2688 36 72 t
2880 2684 180 76 odd
3120 2688 480 72 moments.

556 2788 96 96 ©
712 2800 180 88 Sep
896 2800 28 72 t
944 2860 12 16 .
1016 2800 64 76 1,
1140 2796 268 88 1930;
1460 2796 132 80 2c.
1648 2796 196 76 Oct.
1896 2796 160 88 27;
2116 2792 156 80 aff.
2324 2792 228 80 Nov.
2608 2792 156 92 19;
2824 2792 80 80 A
2952 2792 108 80 30
3064 2796 56 80 0
3124 2792 160 92 89;
3344 2792 136 80 W.
3536 2792 104 80 A.
3696 2788 304 84 Wilde
4052 2812 48 56 c
4104 2816 80 56 o.

700 2908 432 88 (30-3322
1140 2908 48 76 6
1212 2908 24 88 )
3928 2896 48 80 1
3988 2896 48 84 3
4048 2896 172 84 572

544 3032 668 124 Sundquist,
1276 3032 568 124 Hjalmar.

676 3180 232 104 The
976 3180 656 104 credentials
1696 3176 128 104 of
1888 3180 356 128 Jesus,
2316 3176 216 104 and
2600 3176 184 104 the
2856 3176 912 104 Christo-centric
3836 3172 560 136 approach

544 3344 108 88 to
724 3328 348 124 faith;
1148 3328 664 132 elementary
1884 3328 412 104 studies
2368 3328 108 100 in
2552 3328 564 104 Christian
3188 3324 596 128 evidences,
3848 3324 148 128 by
4068 3320 328 136 Hjal-

544 3516 236 64 mar
872 3476 636 136 Sundquist.
1660 3476 84 108 C
1752 3480 324 124 hicag
2080 3516 60 64 o
2160 3560 16 48 ,
2264 3480 100 100 Il
2380 3484 28 96 l
2428 3560 16 20 .
2448 3520 28 52 ,
2568 3476 232 104 The
2888 3476 88 104 C
2984 3480 60 96 o
3056 3488 404 88 venant
3540 3476 284 100 book
3904 3512 52 64 c
3968 3508 432 96 oncern,

548 3636 284 96 1930.

680 3788 120 92 ix,
856 3792 100 76 11
968 3792 48 76 5
1068 3812 56 72 p
1136 3852 12 16 .
1268 3788 108 76 20
1400 3796 40 40 ͨͫ
1476 3852 16 16 .

628 3904 20 76 ©
704 3900 80 76 D
788 3920 48 56 e
836 3912 48 68 c
900 3968 16 12 .
964 3900 76 80 6,
1088 3904 36 72 1
1148 3900 160 80 930
1344 3920 16 68 ;
1468 3920 44 56 2c
1596 3900 132 76 De
1736 3920 68 56 c.
1856 3900 104 88 9;
2016 3896 156 80 aff.
2224 3900 88 80 D
2224 3896 80 80 c
2344 3912 52 56 c
2408 3932 28 48 .
2492 3900 48 68 8
2572 3916 16 64 ;
2644 3896 76 76 A
2768 3896 328 92 32087;
3156 3892 480 84 Covenant
3684 3896 56 76 b
3748 3896 176 76 ook
3972 3912 420 64 concern.

704 4012 164 88 (30
864 4044 40 40 -
916 4012 324 88 33231)
3928 4000 288 84 13573

544 4136 512 108 Svenska
1120 4168 56 68 s
1192 4136 132 100 äll
1336 4136 404 120 skapet
1808 4136 184 100 för
2056 4136 712 120 antropologi
2832 4136 208 100 och
3104 4132 476 124 geograf
3568 4136 32 92 i
3624 4208 24 44 ,
3720 4136 128 100 St
3860 4168 120 68 oc
3988 4136 68 96 k
4064 4136 68 96 h
4144 4168 56 64 o
4212 4132 36 100 l
4256 4168 136 68 m.

672 4284 324 104 Andr
984 4292 64 84 é
1064 4284 136 104 e's
1252 4300 356 116 story;
1672 4284 180 104 the
1900 4288 532 128 complete
2488 4284 372 100 record
2916 4280 124 104 of
3088 4280 172 104 his
3312 4280 316 132 polar
3684 4280 356 132 flight,
4100 4280 292 132 1897,

540 4432 284 100 from
872 4432 176 104 the
1100 4428 400 108 diaries
1552 4428 212 104 and
1820 4428 488 132 journals
2356 4428 124 104 of
2532 4428 104 104 S.
2692 4432 132 100 A.
2884 4428 316 100 Andr
3192 4428 56 96 é
3268 4464 84 92 e,
3404 4424 244 100 Nils
3700 4424 688 136 Strindberg,

536 4580 212 100 and
808 4580 136 104 K.
1000 4584 152 100 Fr
1252 4580 268 100 ænkel,
1588 4580 340 100 found
1988 4616 132 64 on
2176 4580 368 104 White
2608 4576 372 104 Island
3036 4576 104 100 in
3200 4580 180 100 the
3432 4608 472 68 summer
3956 4576 120 100 of
4128 4580 260 96 1930

532 4732 216 100 and
808 4728 352 104 edited
1228 4728 140 104 by
1428 4728 180 104 the
1672 4728 488 108 Swedish
2224 4728 400 132 society
2688 4728 180 104 for
2932 4724 804 136 anthropology
3796 4760 132 64 an
3944 4724 60 100 d
4072 4760 312 96 geog-

532 4884 408 128 raphy;
1016 4880 596 104 translated
1688 4880 292 100 from
2048 4880 184 100 the
2300 4876 496 104 Swedish
2868 4876 144 136 by
3076 4872 488 104 Edward
3640 4872 744 136 Adams-Ray.

532 5028 260 104 New
856 5028 340 132 York,
1252 5028 232 100 The
1544 5028 420 132 Viking
2016 5064 328 96 press,
2408 5032 280 96 1930.

672 5188 152 76 xvi
840 5252 16 28 ,
908 5192 160 76 389
1116 5208 80 72 p.
1316 5192 312 80 front.,
1680 5188 60 76 il
1756 5192 20 72 l
1796 5208 148 60 us..
2004 5192 324 88 plates,
2384 5192 312 88 ports.,
2748 5204 264 76 maps
3064 5188 96 92 (1
3212 5184 268 96 fold.)
3552 5184 436 84 facsims.,
4044 5184 88 80 d
4148 5208 40 52 i
4208 5208 104 72 agr
4320 5208 40 48 s
4372 5252 12 12 .

532 5284 192 92 24½
732 5304 52 44 ͨͫ
796 5360 16 20 ,

680 5408 712 96 "Supplement"
1472 5412 96 88 (4
1628 5412 56 72 l.
1744 5408 164 76 foll
1928 5436 48 44 o
1984 5408 248 88 wing
2288 5428 60 72 p
2356 5472 16 12 .
2432 5400 212 100 160)
2720 5412 160 72 not
2944 5404 432 80 included
3440 5404 96 76 in
3600 5404 156 80 the
3816 5400 576 96 pagination.

672 5516 68 80 C
748 5540 48 56 O
808 5532 308 60 NTENT
1128 5540 44 52 S
1188 5580 12 16 .
1208 5516 252 76 -Th
1468 5536 48 56 e
1592 5516 652 92 background:
2332 5516 188 76 The
2612 5524 28 64 t
2652 5516 48 76 h
2712 5536 48 56 r
2756 5524 48 64 e
2944 5536 88 52 m
3040 5536 140 56 en.
3312 5516 240 76 Trial
3656 5512 312 92 flights
4056 5516 92 76 in
4232 5516 160 76 the

532 5620 368 80 balloon
960 5620 56 80 S
1028 5648 52 48 v
1088 5648 136 52 ea.
1336 5620 84 64 P
1416 5628 20 68 l
1452 5648 52 52 a
1512 5632 56 60 n
1580 5624 220 88 ning
1856 5624 160 76 the
2068 5624 264 92 polar
2392 5624 292 84 flight.
2800 5624 192 76 The
3048 5620 208 80 first
3316 5620 224 80 visit
3600 5624 88 76 to
3756 5620 200 92 Spit
3968 5640 44 52 z
4016 5620 368 92 bergen.

532 5736 196 76 The
772 5720 224 92 base
1044 5756 116 56 on
1212 5736 136 76 Da
1356 5740 60 64 n
1428 5760 44 56 e
1528 5736 124 72 Isl
1668 5756 64 52 a
1744 5736 448 76 nd.-The
2248 5740 48 64 a
2308 5720 280 92 dvett
2600 5740 56 64 u
2660 5752 148 60 re:
2868 5736 196 72 The
3116 5732 264 96 flight
3432 5732 100 76 of
3584 5732 152 80 the
3796 5732 308 88 Eagle.
4164 5732 220 92 July

540 5840 296 88 11-14,
924 5840 248 84 1897.
1316 5844 192 80 The
1600 5864 200 52 mar
1800 5848 48 64 c
1852 5840 60 72 h
2004 5864 216 56 over
2308 5844 160 76 the
2552 5840 132 80 ice
2772 5844 412 76 towards
3276 5844 300 72 Franz
3668 5844 344 88 Joseph
4100 5844 68 72 L
4180 5864 44 52 a
4236 5844 148 76 nd.

532 5948 452 80 Towards
1052 5952 156 80 the
1288 5952 292 80 Seven
1656 5952 396 76 Islands.
2188 5948 364 88 Caught
2628 5948 92 76 in
2796 5948 160 80 the
3036 5948 76 76 ic
3120 5968 72 60 e.
3324 5948 140 80 On
3540 5952 108 72 W
3652 5948 60 76 h
3724 5948 28 76 i
3764 5956 28 68 t
3804 5972 48 56 e
3920 5952 48 72 I
3980 5968 40 56 s
4024 5952 88 72 la
4124 5972 52 52 n
4188 5952 60 72 d
4260 5992 128 40 .-

540 6060 644 92 Supplement:
1260 6060 196 80 The
1528 6060 632 92 photographs
2232 6084 48 48 o
2288 6060 44 72 f
2400 6060 156 76 the
2628 6060 256 72 Andr
2884 6060 52 68 é
2928 6060 52 64 e
3068 6080 116 60 ex
3196 6080 48 72 p
3256 6056 1132 96 edition.-Thirty-three

532 6188 272 72 years
872 6168 292 80 later:
1236 6168 192 80 The
1492 6168 304 80 Bratv
1796 6188 104 56 aa
1916 6188 56 72 g
2028 6164 528 96 expedition
2628 6168 468 76 discovers
3160 6168 156 80 the
3384 6184 280 76 camp,
3744 6172 116 88 by
3928 6168 72 72 G
4012 6232 16 16 .
4096 6168 88 76 H
4192 6188 192 56 orn.

532 6276 192 80 The
780 6276 368 92 Ishjörn
1204 6296 112 60 ex
1324 6296 56 72 p
1388 6276 352 76 edition
1796 6280 92 72 to
1944 6276 316 76 White
2316 6276 92 72 Is
2416 6276 28 72 l
2452 6276 208 84 and,
2720 6272 120 92 by
2912 6272 64 72 K
2992 6336 12 12 .
3068 6272 688 80 Stubbendorff.
3868 6272 196 80 The
4120 6288 264 76 camp

532 6404 48 56 o
592 6404 56 56 n
692 6384 312 80 White
1052 6384 96 76 Is
1152 6388 80 72 la
1248 6392 120 72 nd
1416 6388 180 76 and
1640 6384 124 80 its
1812 6384 556 96 equipment,
2412 6384 116 92 by
2572 6384 104 76 N.
2732 6384 464 92 Lithberg.
3300 6384 200 80 The
3540 6384 392 96 journey
3980 6384 112 76 ho
4148 6396 236 68 me.-

528 6492 196 80 The
788 6492 360 80 verdict
1208 6492 100 76 of
1372 6492 404 80 science:
1852 6492 192 80 The
2116 6492 372 76 balloon
2556 6492 188 72 and
2812 6488 128 80 is
3004 6492 668 80 construction,
3744 6488 116 92 by
3932 6488 104 84 G.
4108 6488 100 84 V.
4284 6488 96 76 E.

540 6600 608 92 Svedenborg.
1272 6600 196 76 The
1540 6600 408 80 weather
2016 6624 112 52 on
2200 6600 160 80 the
2436 6596 288 96 flight,
2800 6600 116 92 by
2988 6600 100 80 A.
3164 6600 384 80 Wallén.
3680 6596 480 80 Technical
4244 6620 140 60 ac-

532 6716 276 72 count
860 6708 100 80 of
1020 6708 156 80 the
1232 6708 284 92 flight,
1580 6712 116 92 by
1756 6704 112 84 K.
1924 6716 104 72 A.
2088 6712 100 80 B.
2248 6712 536 76 Amundson
2848 6732 48 52 a
2908 6712 120 76 nd
3088 6708 72 80 I.
3220 6704 96 72 M
3320 6728 48 56 a
3380 6708 260 80 lmer.
3756 6712 72 72 P
3836 6732 48 56 a
3896 6708 312 84 ck-ice,
4268 6708 112 92 by

540 6812 64 72 H
564 6812 28 72 i
636 6884 12 12 .
728 6816 100 76 U.
916 6816 492 92 Sverdrup.
1540 6816 368 76 Animal
1992 6816 168 80 life
2240 6836 116 56 on
2432 6816 160 76 the
2668 6816 428 92 pack-ice.
3188 6812 116 92 by
3380 6812 100 76 E.
3564 6808 512 92 Lönnberg.
4212 6812 168 80 Re-

532 6944 84 52 m
628 6948 48 56 a
688 6928 160 76 rks
924 6948 48 56 o
984 6948 52 56 n
1116 6924 160 80 the
1352 6948 140 56 ma
1504 6948 60 72 p
1644 6948 52 56 o
1700 6924 44 76 f
1820 6924 156 80 the
2052 6944 40 56 r
2100 6948 52 56 o
2160 6932 152 72 ute
2392 6928 280 76 taken
2748 6924 120 96 by
2944 6924 160 80 the
3176 6916 372 88 Andée
3624 6924 468 92 expeditio
4100 6948 52 52 n
4168 6984 16 32 ,
4268 6928 112 92 by

540 7032 100 80 B.
740 7036 196 76 Aur
944 7056 48 56 e
996 7036 408 76 ll.-The
1504 7036 584 76 documents:
2196 7028 448 84 Andrés
2748 7032 36 76 f
2784 7036 16 72 i
2816 7040 136 72 rst
3052 7032 296 92 diary.
3504 7028 448 84 Andrés
4056 7032 328 80 second

532 7144 300 92 diary.
960 7140 464 92 Marginal
1492 7148 268 72 notes
1828 7164 112 56 on
2012 7144 160 76 the
2236 7140 440 80 calendar
2748 7160 60 76 p
2816 7164 44 52 a
2872 7160 112 76 ge
3056 7144 104 76 of
3232 7140 624 92 Strindberg's
3928 7144 452 76 almanac.

540 7248 624 96 Strindberg's
1224 7256 692 76 memorandum
1988 7252 428 76 almanac
2496 7252 100 88 (n
2608 7268 44 56 o
2664 7256 144 72 tes
2872 7268 104 60 on
3048 7248 164 80 the
3272 7248 360 92 flight).
3760 7248 624 96 Strindberg's

532 7356 460 92 logbooks.
1128 7352 624 92 Strindberg's
1824 7380 44 56 s
1876 7360 56 76 h
1944 7360 204 76 orth
2160 7376 44 52 a
2220 7364 120 72 nd
2416 7364 28 72 l
2456 7364 292 72 etters
2824 7364 32 72 t
2868 7380 48 48 o
2988 7348 32 64 h
3028 7356 20 76 i
3048 7348 28 64 s
3096 7416 12 12 .
3212 7352 60 84 fi
3280 7348 28 64 n
3320 7364 28 60 a
3396 7352 52 72 n
3396 7348 48 64 c
3368 7380 56 52 é
3480 7348 100 88 e.

544 7444 96 88 ©
696 7468 220 80 Dec.
964 7472 56 72 6
1024 7532 16 16 ,
1096 7472 40 72 1
1152 7468 52 68 9
1204 7472 152 72 30;
1420 7468 48 76 2
1468 7480 80 68 c.
1604 7472 216 76 Dec.
1872 7464 96 96 6;
2032 7488 48 56 a
2092 7464 96 84 ff.
2248 7468 212 76 Dec.
2512 7472 44 72 1
2568 7464 48 80 5
2652 7484 20 72 ;
2728 7464 72 80 A
2856 7464 228 80 3225
3084 7464 56 80 6
3172 7484 16 72 ;
3248 7464 344 96 Viking
3644 7488 288 72 press,
3992 7464 168 80 inc.

696 7576 536 96 (30-33944)
3916 7568 292 88 13574

2324 7680 60 92 2
2400 7688 108 92 11
2520 7680 64 92 2
