4752 8320
2252 7732 268 104 2276

456 728 492 124 Gridley,
1004 728 364 104 Willis
1420 728 572 120 Timothy.

580 872 508 140 Trinity!
1212 876 364 96 Break
1624 908 128 96 ye
1796 908 180 68 my
2024 872 984 108 commandments?
3132 876 176 132 By
3352 872 376 108 Willis
3776 872 520 136 Timothy

452 1024 492 132 Gridley.
1036 1064 52 60 a
1188 1020 564 104 disbarred
1848 1024 260 104 New
2208 1024 308 100 York
2604 1032 536 124 attorney,
3232 1020 492 136 illegally
3816 1020 488 104 indicted

460 1172 372 104 March
880 1180 92 120 2,
1024 1180 48 92 1
1088 1180 124 88 92
1224 1180 88 92 8.
1432 1168 596 108 Convicted
2076 1176 212 100 and
2336 1172 564 100 sentenced
2948 1172 384 104 March
3384 1180 156 124 15,
3596 1180 48 92 1
3656 1176 60 92 9
3724 1180 60 88 2
3796 1180 56 88 9
3868 1252 20 48 ,
3932 1168 368 104 before

456 1328 368 132 Judge
924 1328 436 100 Arthur
1460 1324 108 104 J.
1676 1328 268 96 Tutt
1960 1328 92 96 le
2064 1412 24 48 ,
2188 1324 472 116 Detroit,
2764 1324 336 100 Mich.
3216 1332 68 104 …
3480 1360 96 64 v.
3688 1336 84 88 1.
3920 1324 384 104 Grand

468 1480 448 132 Rapids,
968 1476 368 136 Mich.,
1392 1480 172 96 W.
1624 1480 120 96 T.
1812 1476 460 136 Gridley
2336 1480 340 124 [ͨ1930
2684 1540 24 64 ]

592 1636 56 72 4
700 1652 84 72 p.
836 1636 84 88 l.,
980 1640 80 84 v,
1124 1668 20 60 [
1152 1632 48 76 1
1208 1632 80 96 6]
1300 1692 20 32 ,
1372 1632 164 76 573
1592 1652 112 72 p.,
1760 1628 112 80 10
1920 1636 60 72 1.
2092 1628 48 80 f
2148 1652 40 56 r
2196 1652 48 56 o
2252 1636 156 88 nt.,
2468 1628 32 80 i
2504 1636 64 72 ll
2580 1652 164 72 us.,
2800 1636 312 88 plates
3160 1628 96 96 (1
3312 1628 276 92 fold.)
3664 1636 316 88 ports.,
4044 1648 264 76 maps

480 1744 260 88 (part
800 1744 272 88 fold.)
1152 1740 228 80 fold.
1444 1744 296 88 plans,
1808 1744 216 76 fold.
2092 1740 104 76 fa
2196 1752 48 60 c
2224 1740 316 96 esims.,
2604 1740 300 80 forms
2956 1740 264 92 (part
3280 1740 280 92 fold.)
3692 1740 228 80 36ͨͫ.

592 1844 460 80 Concerns
1124 1844 156 80 the
1348 1844 384 96 passing
1804 1852 88 72 to
1964 1852 156 72 the
2184 1848 372 92 Trinity
2628 1848 348 76 church
3044 1844 592 96 corporation
3708 1852 100 76 of
3876 1852 160 76 the
4104 1848 208 80 title

460 1960 88 72 to
612 1956 156 76 the
824 1960 272 72 lands
1152 1976 48 56 o
1212 1976 56 56 n
1332 1956 564 76 Manhattan
1952 1956 112 76 isl
2076 1976 52 56 a
2136 1960 124 76 nd
2324 1956 300 76 which
2684 1960 184 72 had
2932 1956 500 92 originally
3492 1960 448 88 belonged
4000 1964 88 72 to
4152 1960 160 76 the

456 2060 416 80 children
932 2068 184 72 and
1172 2064 252 76 heirs
1480 2068 96 72 of
1636 2068 324 72 Annek
1968 2084 48 60 e
2068 2068 236 72 Jans
2368 2068 368 88 Bogard
2748 2084 60 56 u
2812 2084 72 60 s.
2996 2068 116 92 cf.
3172 2068 124 72 Pr
3300 2084 48 56 e
3356 2068 64 72 f.

592 2172 312 80 "First
968 2168 352 84 edition
1384 2172 100 80 of
1548 2172 304 80 which
1916 2176 52 72 2
1976 2224 16 16 5
2032 2172 108 80 00
2200 2176 416 76 volumes
2684 2192 240 60 were
2992 2172 452 96 printed."
3564 2176 228 76 This
3860 2192 228 76 copy
4152 2180 156 72 not

460 2284 528 84 numbered.

468 2352 92 112 ©
624 2400 220 92 May
896 2396 132 96 16,
1080 2396 268 80 1930;
1412 2392 48 76 2
1468 2416 72 60 c.
1596 2396 180 76 and
1832 2416 52 56 a
1896 2392 96 84 ff.
2048 2396 212 76 Dec.
2320 2392 156 88 26;
2532 2392 84 80 A
2664 2392 336 96 32441;
3056 2396 144 80 W.
3252 2392 100 80 T.
3416 2392 412 96 Gridley.

620 2508 28 92 (
660 2512 56 72 3
724 2512 376 88 1-314)
3844 2500 292 84 14592

460 2692 548 120 Hispanic
1060 2688 436 124 society
1548 2692 124 100 of
1724 2688 564 104 America.

600 2840 600 136 Catalogue
1272 2844 120 100 of
1468 2840 564 132 paintings
2124 2844 112 132 (1
2244 2852 64 88 6
2312 2844 120 100 th
2444 2924 24 24 ,
2552 2840 280 132 17th,
2900 2844 216 100 and
3196 2840 248 104 18th
3520 2840 588 132 centuries)
4200 2840 120 96 in

464 2996 176 104 the
696 3032 124 64 co
828 2992 432 104 llection
1320 2992 124 100 of
1496 2996 180 96 the
1732 2992 548 132 Hispanic
2336 2996 404 128 society
2796 2992 124 100 of
2976 2992 376 100 Ameri
3368 3032 48 60 c
3424 3028 100 96 a,
3576 2988 540 132 compiled
4172 2996 148 112 by

468 3144 568 104 Elizabeth
1104 3148 100 96 D
1220 3184 60 60 u
1344 3140 100 104 G
1456 3180 60 64 u
1492 3148 80 88 é
1640 3144 500 128 Trapier.
2288 3144 264 100 New
2612 3140 348 136 fork,
3016 3140 232 104 The
3308 3140 548 132 Hispanic
3916 3144 404 128 society

460 3296 124 100 of
644 3296 544 120 America,
1252 3300 288 96 1930.

596 3452 44 76 1
712 3472 80 56 v.
908 3452 48 72 1
960 3452 48 68 9
1096 3456 24 64 ͨͫ.

476 3556 96 88 ©
648 3560 56 76 J
712 3580 52 56 a
772 3584 88 56 n.
932 3560 76 92 3,
1084 3556 268 92 1930;
1428 3560 52 72 2
1480 3576 76 68 c.
1636 3560 212 76 Feb.
1924 3568 56 68 6
2004 3580 20 64 ;
2104 3556 156 80 aff.
2340 3556 212 80 Feb.
2628 3556 160 92 17;
2864 3556 80 76 A
3020 3556 328 92 18795;
3428 3556 456 92 Hispanic
3960 3576 172 64 soc.
4216 3556 104 76 of

600 3668 456 80 America.
1192 3676 52 88 [
1216 3660 104 100 ©
1380 3668 412 80 revision
1848 3668 184 76 and
2092 3664 600 96 corrections,
3848 3664 288 80 14593

468 3848 96 100 H
576 3848 100 100 ol
688 3880 272 92 mes,
1020 3852 384 120 Harry
1456 3848 544 128 Nicholls,
2064 3848 328 108 1879-

600 4004 468 104 General
1152 4004 624 120 chemistry,
1856 4004 144 132 by
2080 4004 384 132 Harry
2548 4000 128 104 N.
2764 4004 484 100 Holmes.
3396 4004 264 100 Rev.
3748 4004 160 100 ed.
4060 4000 260 100 New

472 4156 332 96 York.
868 4156 232 100 The
1152 4156 128 92 M
1284 4156 512 100 acmillan
1852 4188 572 96 company,
2488 4156 284 96 1930.

604 4320 56 60 x
716 4332 60 68 p
780 4368 16 20 .
808 4368 16 32 ,
880 4312 44 72 1
976 4308 88 92 l.,
1116 4308 108 72 65
1224 4308 60 76 4
1332 4328 80 72 p.
1540 4308 308 92 front.,
1908 4308 28 72 i
1940 4308 28 72 l
1980 4308 96 76 lu
2084 4328 40 56 s
2140 4368 40 32 .,
2236 4328 48 56 c
2288 4308 84 76 ol
2388 4368 16 20 ,
2460 4328 56 72 p
2520 4308 28 72 l
2564 4368 44 32 .,
2664 4308 328 92 tables,
3040 4304 352 96 diagrs.
3504 4304 112 76 22
3620 4308 52 80 ½
3696 4308 96 80 ͨͫ.

604 4416 332 80 Tables
1000 4436 116 60 on
1180 4416 696 96 lining-papers.

680 4528 32 68 i
748 4528 472 76 References
1232 4524 44 32 "
1332 4536 100 72 at
1484 4532 176 76 end
1716 4528 100 76 of
1868 4532 236 72 most
2160 4524 104 80 of
2312 4524 156 80 the
2520 4524 464 96 chapters.

504 4656 16 44 ©
628 4640 216 88 May
892 4636 76 92 2,
1020 4636 272 92 1930;
1348 4640 48 72 2
1404 4656 76 60 c.
1528 4640 184 76 and
1764 4636 156 80 aff.
1976 4640 220 92 May
2244 4640 104 88 3;
2404 4640 84 72 A
2528 4636 224 80 2318
2760 4636 52 76 5
2816 4656 44 72 ;
2920 4636 544 80 Macmillan
3516 4656 132 60 co.

624 4748 540 92 (31-12678)
3852 4740 288 84 14594

476 4928 576 124 Howland,
1112 4928 484 108 Chester
1652 4928 356 108 Scott.

604 5080 152 100 (a
776 5084 308 128 ptain
1152 5084 180 100 Ah
1348 5084 132 100 ab
1492 5080 68 96 's
1632 5120 112 64 so
1756 5120 68 64 n
1844 5100 28 76 ;
1952 5120 56 64 a
2076 5096 96 84 st
2180 5116 60 68 o
2248 5120 132 76 ry
2444 5084 120 100 of
2628 5084 300 132 early
2996 5080 492 136 whaling
3552 5088 296 128 days.
4000 5084 56 96 I
4068 5084 32 96 l
4112 5080 208 100 lus-

476 5268 28 64 t
524 5268 48 64 r
580 5268 48 68 a
652 5248 28 84 t
700 5236 124 100 ed
884 5232 144 132 by
1088 5232 520 104 sketches.
1664 5232 180 104 old
1904 5232 256 132 prin
2172 5244 92 92 ts
2280 5312 20 24 ,
2360 5232 476 132 original
2904 5232 756 132 photographs
3720 5232 216 104 and
3992 5268 328 96 many

484 5384 36 96 f
532 5420 116 64 ac
660 5384 348 100 simile
1096 5384 180 128 log
1356 5384 280 100 book
1720 5420 276 96 page
2008 5424 44 60 s
2136 5384 64 108 …
2420 5444 28 64 [
2456 5384 100 100 N
2564 5420 160 64 ew
2808 5380 540 136 Bedford,
3428 5384 364 132 Mass.,
3884 5380 440 132 Shirley

524 5532 104 100 Gr
632 5552 60 72 e
696 5568 100 84 y,
856 5568 132 96 pr
1000 5532 20 100 i
1040 5544 272 104 nter,
1380 5544 48 92 1
1440 5540 188 92 929
1652 5600 12 52 ]

604 5688 160 76 213
824 5708 84 72 p.
1020 5684 108 76 21
1140 5688 44 92 ½
1188 5692 32 40 ͨͫ
1276 5716 24 40 .

512 5788 56 88 ©
636 5796 136 80 De
776 5816 48 60 c
832 5856 16 20 .
904 5800 76 88 1,
1036 5796 264 80 1929:
1368 5796 252 80 2c. Jan 29, 1930;
2264 5816 16 16 a
2404 5800 88 76 ff,
2560 5796 212 80 Feb.
2832 5808 64 64 6
2916 5816 16 72 ;
2996 5804 68 68 A
3128 5796 328 92 18508;
3524 5796 92 84 C.
3676 5796 88 80 S.
3824 5796 492 92 Howland,

612 5904 224 80 New
896 5904 440 96 Bedford,
1460 5912 48 92 M
1508 5928 60 56 ass
1568 5940 36 40 ,
3856 5904 284 80 14595

480 6092 568 120 Huntoon,
1104 6088 348 104 Louis
1504 6092 128 104 G.

604 6240 96 96 A
772 6240 60 96 d
848 6276 52 64 a
916 6276 72 96 y
1052 6236 268 104 with
1384 6276 132 60 na
1532 6252 36 84 t
1584 6276 100 60 m
1720 6284 52 52 e
1808 6276 16 60 :
1900 6284 44 52 a
2032 6240 204 100 tale
2312 6236 120 104 of
2504 6276 48 64 r
2568 6272 56 68 u
2640 6240 164 100 ral
2872 6236 236 116 life,
3176 6240 144 132 by
3384 6236 336 104 Louis
3792 6236 132 108 G.
3996 6240 316 100 Hun

472 6416 20 68 t
520 6424 124 64 oo
652 6424 68 64 n
788 6388 212 100 and
1064 6384 376 132 Agnes
1504 6388 120 100 M
1640 6468 20 20 .
1724 6388 564 100 Harwood
2368 6396 72 104 …
2616 6388 632 128 Plainfield,
3312 6392 104 100 V
3424 6396 40 92 t
3480 6468 56 52 .,
3600 6388 128 104 L.
3792 6384 136 108 G.
3996 6388 316 100 Hun

472 6556 248 80 toon
800 6548 68 116 [ͨ
880 6540 288 100 1930]

600 6688 48 76 3
700 6708 80 72 p.
836 6688 80 92 l.,
972 6688 108 76 22
1132 6708 80 72 p.
1332 6692 284 76 front.
1736 6688 200 84 21½ͨͫ
1988 6720 20 44 .

604 6796 304 80 Poem.

512 6880 60 88 ©
628 6908 212 76 Dec.
884 6908 136 76 22.
1064 6908 48 72 1
1124 6904 164 80 930
1320 6928 16 64 ;
1384 6908 48 72 2
1436 6916 44 60 c
1496 6972 16 12 .
1560 6908 180 76 and
1784 6916 72 64 a
1876 6908 72 76 ff.
2000 6908 76 72 D
2084 6928 100 56 ec
2196 6972 12 12 .
2256 6908 160 88 29;
2464 6912 80 72 A
2588 6904 332 96 32479;
2972 6912 96 80 L.
3120 6912 104 80 G.
3272 6912 92 76 H
3372 6916 376 88 untoon,
3796 6912 276 80 Plain
4080 6912 28 76 f
4112 6912 24 76 i
4144 6912 176 96 eld,

616 7016 116 76 Vt
732 7048 52 60 .,
844 7020 180 72 and
1084 7016 304 88 Agnes
1444 7016 120 76 M.
1628 7020 472 72 Harwood
2108 7080 16 32 ,
2184 7020 380 80 Boston.
2696 7020 488 96 (31-2799)
3852 7020 288 80 14596

480 7200 96 96 H
588 7200 460 124 uonder,
1112 7200 420 128 Anton,
1604 7204 620 104 1858-1926.

604 7344 148 104 At
816 7352 180 100 the
1056 7352 212 100 feet
1328 7352 124 100 of
1500 7352 180 100 the
1736 7352 368 108 divine
2156 7356 468 104 Master;
2684 7356 304 104 short
3044 7356 704 104 meditations
3808 7356 180 104 for
4036 7360 68 100 b
4116 7400 60 60 u
4188 7396 124 96 sy

552 7512 64 84 I
552 7528 52 64 a
624 7496 216 100 rish
936 7496 428 132 priests.
1444 7500 144 132 by
1672 7504 180 100 the
1936 7504 264 100 Rev.
2284 7508 536 132 Anthony
2904 7508 572 124 Huonder,
3560 7544 72 68 S.
3720 7548 56 64 J
3792 7592 16 20 .
3956 7508 348 100 Third
