4984 8300
592 688 252 124 Hay,
904 692 360 124 Percy
1320 688 544 128 Douglas,
1928 700 336 100 1899–

752 840 64 120 …
880 848 236 100 The
1180 844 328 128 neck;
1584 884 56 64 a
1712 844 1056 136 Roentgenological
2840 848 328 108 study
3240 848 124 108 of
3432 852 184 104 the
3688 852 228 104 soft
3984 852 444 132 tissues;

544 996 812 104 consideration
1444 1000 128 100 of
1656 996 180 104 the
1920 996 432 104 normal
2440 996 220 104 and
2748 1000 792 136 pathological,
3620 1004 152 136 by
3856 1004 356 136 Percy
4292 1004 140 104 D.

544 1148 300 128 Hay,
920 1148 32 132 j
968 1184 84 64 r.
1156 1156 60 104 …
1340 1144 756 108 introduction
2172 1152 144 132 by
2388 1152 396 104 Henry
2860 1148 144 104 K.
3076 1152 248 104 Pan
3328 1188 120 68 co
3460 1164 172 92 ast
3704 1156 60 104 …
3912 1152 444 136 sixty-si
4368 1192 64 64 x

544 1300 832 136 Roentgen-ray
1432 1296 448 108 studies.
2028 1300 264 100 New
2360 1300 348 116 York,
2768 1304 124 100 P.
2960 1304 128 100 B.
3152 1304 476 136 Hoeber,
3692 1308 244 132 inc.,
4004 1316 292 96 1930.

684 1476 188 56 xxv
880 1520 20 28 ,
960 1456 168 80 104
1184 1476 84 72 p.
1384 1456 64 76 il
1456 1460 176 76 lus.
1748 1452 604 88 27½ͨͫ.
2172 1460 372 92 (Added
2616 1464 28 72 t
2656 1480 192 76 .-p.:
2904 1460 272 80 Anna
3184 1460 28 76 l
3224 1484 40 56 s
3328 1484 52 56 o
3384 1460 44 80 f
3492 1460 140 80 Ro
3640 1464 336 92 entgen
3988 1464 144 80 olo
4140 1484 120 76 gy
4320 1456 60 88 …

604 1576 120 76 ed.
736 1568 116 92 by
904 1568 84 76 J.
1040 1568 104 76 T.
1200 1564 240 80 Case
1508 1576 60 76 …
1708 1588 84 60 v.
1844 1568 96 88 9)

680 1700 272 80 Brief
1004 1700 292 80 series
1356 1704 208 76 title
1620 1708 100 72 at
1772 1700 60 76 h
1844 1704 172 76 ead
2072 1704 108 76 of
2232 1704 192 92 t.-p.

680 1812 736 92 Bibliography:
1472 1832 80 72 p.
1608 1812 52 80 8
1664 1808 56 84 0
1724 1812 192 80 –81.

552 1944 96 92 ©
716 1944 140 80 De
856 1968 44 60 c
916 2012 16 12 .
996 1944 56 80 2
1052 1956 52 72 8
1116 2008 16 32 ,
1196 1948 172 76 192
1368 1948 56 76 9
1456 1968 20 68 ;
1540 1948 52 76 2
1596 1968 48 64 c
1656 2012 16 12 .
1740 1952 184 72 and
1992 1948 160 76 aff.
2220 1952 212 76 Jan.
2500 1952 120 96 2,
2836 1952 240 96 1930;
2992 1952 76 76 A
3136 1952 228 76 1690
3368 1956 52 68 6
3448 1976 20 68 ;
3544 1956 232 76 Paul
3848 1956 104 80 B.
4064 1956 164 96 Hoe
4232 1960 56 76 b
4284 1976 56 60 e
4352 1980 72 64 r,

680 2060 176 76 inc.
992 2056 488 92 (30-1675)
4092 2060 172 84 144

540 2256 504 120 Holmes,
1108 2256 384 108 Oliver
1548 2264 544 112 Wendell,
2160 2260 324 112 1841–

676 2412 240 100 The
980 2416 624 132 dissenting
1672 2416 512 132 opinions
2256 2416 124 104 of
2456 2416 208 104 Mr.
2744 2420 56 92 J
2836 2440 64 72 u
2904 2444 48 60 s
2960 2420 208 100 tice
3240 2420 464 100 Holmes
3720 2436 32 80 ;
3836 2424 588 132 arranged,

544 2564 264 104 with
880 2568 776 128 introductory
1720 2580 340 116 notes,
2124 2568 144 132 by
2336 2568 408 100 Alfred
2816 2568 292 132 Lief,
3180 2568 268 104 with
3520 2608 64 64 a
3652 2572 552 104 foreword
4276 2568 148 136 by

544 2716 192 100 Dr.
792 2712 432 136 George
1272 2716 140 104 W
1424 2800 20 16 .
1496 2716 604 132 Kirchwey
2172 2720 72 108 …
2424 2716 268 104 New
2752 2716 348 132 York,
3152 2720 236 104 The
3440 2720 620 136 Vanguard
4116 2760 304 96 press

544 2872 204 108 [ͨ19
756 2872 56 92 2
828 2872 80 96 9]

672 3024 236 76 xviii
964 3048 80 72 p.
1060 3088 12 16 ,
1124 3024 56 76 2
1228 3028 28 76 l
1272 3088 44 28 .,
1368 3028 52 76 3
1424 3048 48 36 –
1468 3024 180 76 314
1704 3048 76 72 p.
1896 3028 288 76 front.
2244 3028 336 92 (port.)
2700 3024 536 84 24ͨͫ.

672 3160 1728 88 CONTENTS.—Foreword.—Natural
2496 3164 392 76 law.—I.
2972 3160 144 80 On
3212 3164 560 92 hampering
3872 3168 288 76 social
4264 3184 152 60 ex-

540 3292 52 72 p
596 3272 480 76 eriments.
1080 3280 144 84 —II
1280 3328 24 20 .
1372 3268 140 80 On
1576 3272 532 92 infringing
2168 3292 244 72 upon
2480 3276 696 88 freedom.—III
3176 3332 24 20 .
3272 3272 136 80 On
3480 3276 628 88 encroaching
4172 3296 108 72 up
4288 3296 64 56 o
4360 3296 60 56 n

540 3384 156 76 the
768 3388 88 72 st
864 3388 92 72 at
972 3388 244 80 es.—
1220 3396 32 60 I
1244 3388 72 64 V
1336 3444 20 16 .
1432 3380 140 80 On
1652 3384 460 92 usurping
2184 3388 556 88 power.—V.
2824 3384 140 76 On
3040 3384 448 96 escaping
3560 3384 620 80 taxes.—The
4260 3388 160 72 Es-

532 3492 400 92 pionage
1008 3496 204 72 act:
1296 3492 452 92 majority
1828 3492 256 92 opini
2088 3512 52 44 o
2148 3492 224 84 ns.—
2428 3496 124 72 Ex
2544 3496 328 88 cerpts
2948 3492 252 76 from
3276 3492 276 80 other
3628 3496 456 92 majority
4160 3496 260 92 opin-

532 3604 680 80 ions.—Index.

540 3728 96 96 ©
708 3736 200 80 Oct.
972 3736 136 92 31,
1172 3736 276 92 1929;
1516 3736 128 80 2c.
1712 3736 212 80 Jan.
2024 3736 168 104 10,
2928 3736 280 104 1930;
2928 3736 168 104 aff.
3096 3736 224 104 Nov.
3072 3740 136 92 12,
3284 3740 36 76 1
3328 3736 52 76 9
3388 3736 164 80 29;
3620 3740 84 76 A
3768 3736 332 104 17814;
4176 3740 240 76 Van-

668 3868 120 72 gu
796 3868 168 100 ard
1028 3868 108 72 pr
1136 3864 124 88 ess
1300 3912 16 24 ,
1376 3848 176 96 inc.
1684 3864 24 76 (
1724 3848 48 76 2
1772 3904 108 64 9-
1868 3848 148 76 30
2012 3884 104 60 42
2112 3864 120 104 0)
4080 3844 168 84 145

520 4060 360 120 Hope,
944 4060 384 100 Laura
1392 4060 260 104 Lee.

668 4208 240 104 The
964 4208 508 132 Bobbsey
1528 4208 328 104 twins
1920 4244 52 68 a
1988 4228 40 84 t
2100 4204 76 112 S
2168 4228 64 76 p
2272 4212 240 112 ruce
2592 4212 80 92 L
2684 4248 56 64 a
2752 4208 164 116 ke,
2976 4208 68 104 b
3052 4244 68 100 y
3184 4208 368 104 Laura
3616 4208 216 104 Lee
3892 4208 328 132 Hope
4324 4212 76 112 …

532 4360 632 100 illustrated
1220 4360 120 112 by
1428 4360 428 104 Walter
1924 4360 108 108 S.
2100 4360 456 132 Rogers.
2684 4360 272 100 New
3024 4360 348 132 York,
3436 4356 456 108 Grosset
3952 4364 92 96 &
4100 4356 308 104 Dun-

524 4508 188 132 lap
816 4508 256 112 [ͨ193
1084 4516 64 96 0
1152 4576 24 64 ]

660 4672 52 72 2
768 4688 80 72 p.
904 4668 32 72 l
944 4732 44 28 .,
1040 4668 164 76 242
1256 4688 84 76 p.
1444 4668 324 96 front.,
1820 4672 336 92 plates.
2268 4668 596 84 19½ͨͫ.
2680 4668 24 92 (
2716 4668 32 68 H
2824 4688 100 56 er
2976 4672 196 76 The
3228 4668 428 92 Bobbsey
3712 4668 284 76 twins
4052 4664 340 92 series)

568 4800 60 88 ©
692 4804 52 76 J
760 4828 144 52 an.
964 4804 132 80 15,
1156 4804 272 84 1930;
1492 4808 132 76 2c.
1680 4808 184 76 and
1928 4812 44 64 a
1976 4800 32 64 f
1996 4804 32 68 f
2072 4872 12 16 .
2144 4808 60 76 J
2184 4800 172 88 an.
2416 4808 160 88 17;
2640 4808 80 72 A
2780 4800 332 96 17998;
3176 4804 396 80 Grosset
3628 4812 72 76 &
3760 4804 404 92 Dunlap,
4228 4804 176 76 inc.

680 4920 328 88 (30-26
1004 4976 56 20 8
1072 4920 96 88 6)
4076 4924 172 72 146

516 5120 444 128 Horler,
1028 5124 496 124 Sydney,
1596 5136 124 100 18
1732 5136 56 96 8
1800 5116 124 100 8–

716 5284 68 104 …
852 5276 236 104 The
1148 5288 344 92 secret
1552 5276 408 104 service
2020 5312 292 68 man.
2444 5276 272 104 New
2784 5276 348 128 York,
3192 5276 140 104 A.
3400 5276 136 100 A.
3604 5272 440 132 Knopf,
4116 5276 288 96 1930.

660 5436 48 72 6
772 5456 84 72 p.
920 5436 36 72 l
964 5464 48 64 .,
1072 5436 48 76 3
1124 5480 60 8 –
1184 5432 196 96 295,
1452 5436 120 84 [1]
1624 5456 60 76 p
1692 5500 16 16 .
1828 5436 596 84 19½ͨͫ.

536 5548 92 88 ©
696 5572 212 76 Jan.
972 5572 132 88 17,
1172 5572 44 76 1
1224 5572 56 76 9
1284 5572 156 76 30;
1508 5572 52 76 2
1568 5580 76 68 c.
1708 5572 180 76 and
1956 5580 48 60 a
2016 5572 76 76 ff
2100 5636 12 16 .
2180 5572 56 68 J
2244 5596 148 52 an.
2460 5572 160 88 20;
2692 5572 76 76 A
2828 5572 336 88 18236;
3236 5568 332 80 Alfred
3632 5568 108 80 A.
3808 5564 348 96 Knopf,
4224 5564 180 80 inc.

680 5680 488 96 (30-2692)
4068 5668 172 88 147

512 5888 468 128 Howell,
1040 5888 560 128 Fleming,
1664 5900 256 96 1849
1928 5960 68 12 –

648 6040 392 108 Aryan
1100 6036 328 104 blood
1492 6040 120 100 in
1668 6044 456 100 modern
2192 6040 444 104 nations
2700 6044 220 96 and
2988 6040 180 100 the
3236 6036 528 116 Howells,
3828 6036 148 100 by
4040 6032 360 100 Flem-

516 6192 192 132 ing
776 6192 472 128 Howell,
1316 6224 92 64 M
1428 6276 16 16 .
1516 6208 128 112 D.,
1708 6192 332 132 being
2108 6228 136 64 an
2316 6228 124 64 ac
2448 6228 48 64 c
2508 6196 264 108 ount
2840 6228 60 64 o
2912 6192 52 96 f
3032 6192 300 96 what
3392 6188 100 100 is
3552 6188 404 100 known
4028 6184 124 100 of
4216 6188 188 96 the

508 6344 392 132 Aryan
968 6380 244 64 race
1284 6380 116 64 as
1472 6344 92 100 it
1632 6344 284 100 lived
2000 6380 292 64 some
2364 6344 204 100 five
2640 6344 552 100 thousand
3264 6376 320 100 years
3656 6372 208 100 ago
3932 6336 120 104 in
4128 6336 268 104 Cen-

512 6496 220 100 tral
784 6492 308 128 Asia,
1152 6496 124 100 of
1332 6496 184 100 the
1576 6492 660 132 migrations
2296 6492 120 104 of
2480 6492 180 104 the
2720 6492 520 104 different
3300 6492 568 128 branches,
3924 6488 128 100 of
4116 6488 288 100 their

508 6648 432 132 history
1004 6648 324 100 down
1392 6656 112 88 to
1568 6644 184 100 the
1820 6644 604 100 formation
2492 6644 124 100 of
2680 6644 184 100 the
2932 6644 452 100 modern
3448 6644 476 108 nations,
3992 6644 220 100 and
4276 6644 128 96 of

508 6796 292 104 their
856 6800 532 100 influence
1444 6836 300 92 upon
1804 6800 180 96 the
2040 6800 568 96 character
2664 6796 128 100 of
2840 6792 300 104 these
3192 6828 140 68 na
3348 6804 40 92 t
3400 6792 272 128 ions,
3728 6792 268 100 with
4064 6816 52 76 a
4180 6792 216 104 his-

516 6960 244 120 tory
824 6948 124 100 of
1012 6948 184 104 the
1260 6948 444 100 Howell
1768 6984 352 72 name,
2188 6948 216 100 and
2476 6984 60 64 a
2604 6948 604 128 genealogy
3276 6944 124 100 of
3468 6980 200 64 one
3732 6944 224 100 line
4024 6944 124 100 of
4212 6944 184 100 the

508 7100 444 104 Howell
1040 7100 436 132 family.
1636 7100 96 92 B
1740 7112 348 116 oston,
2180 7100 232 100 The
2504 7096 736 128 Christopher
3328 7092 652 136 publishing
4064 7092 332 104 house

520 7252 364 116 [ͨ1930]

644 7416 172 76 330
868 7436 84 68 p.
1068 7412 292 76 front.
1416 7412 332 92 (port.)
1820 7412 104 72 ill
1936 7428 136 60 us.
2132 7412 256 88 (coat
2448 7408 100 76 of
2604 7404 304 92 arms)
3036 7404 564 96 20½ͨͫ
3292 7432 28 48 .

524 7544 92 88 ©
684 7552 212 76 Jan.
956 7548 76 92 2,
1088 7548 280 84 1930;
1428 7548 124 80 2c.
1620 7568 48 56 a
1680 7548 116 76 nd
1864 7568 48 56 a
1924 7548 96 76 ff.
2084 7548 212 76 Jan.
2356 7544 156 88 13;
2580 7544 80 76 A
2716 7540 332 92 17832;
3116 7540 620 92 Christopher
3792 7540 212 92 pub.
4068 7540 316 76 house.

672 7660 268 92 (30-1
944 7656 56 80 9
1004 7656 156 92 46)
4052 7644 172 84 148

2380 7756 132 104 23
