4752 8320
484 712 376 100 Mixed
980 712 576 132 marriage,
1684 748 692 96 anonymous.
2520 712 268 96 New
2912 708 312 100 York
3344 708 216 100 and
3676 704 488 100 London.

356 860 32 92 H
416 860 372 124 arper
840 860 80 88 &
972 856 524 124 brothers,
1556 860 280 92 1930.

480 1016 52 72 3
576 1036 52 72 p
640 1076 12 12 .
712 1016 36 72 l
748 1044 44 60 .,
844 1012 300 88 3-317,
1232 1012 64 68 [1]
1356 1032 60 72 p
1428 1076 12 12 .
1552 1016 52 72 1
1616 1016 300 80 9½ͨͫ
1820 1072 16 20 .

484 1148 304 80 "First
852 1148 424 80 edition."

372 1260 88 88 ©
520 1284 192 76 Oct.
760 1288 44 68 1
816 1288 48 68 5
872 1344 16 24 ,
936 1280 220 80 1930
1188 1304 16 68 ;
1256 1284 48 68 2
1308 1296 44 56 c
1368 1344 16 16 .
1432 1280 196 80 Oct.
1676 1280 152 80 16:
1884 1280 100 76 af
1960 1280 56 72 f
2024 1348 12 12 .
2092 1280 156 76 Oct
2272 1344 12 16 .
2332 1280 160 92 17;
2540 1280 76 72 A
2664 1276 328 92 29400;
3048 1280 368 92 Harper
3464 1288 72 76 &
3580 1280 240 72 bros.

516 1392 536 92 (30-28186)
3712 1380 288 84 11158

360 1636 232 100 The
664 1628 540 100 National
1284 1628 656 132 cyclopædia
2016 1632 120 100 of
2216 1628 584 104 American
2872 1628 652 132 biography,
3600 1624 324 132 being
4000 1628 184 96 the

496 1784 424 128 history
992 1780 120 100 of
1184 1784 180 96 the
1440 1780 412 100 United
1932 1780 392 112 States,
2400 1816 112 64 as
2588 1780 620 100 illustrated
3276 1780 116 96 in
3468 1780 180 100 the
3716 1776 268 104 lives
4060 1776 124 100 of

496 1932 176 100 the
748 1928 552 112 founders,
1368 1928 428 100 builder
1808 1968 40 56 s
1864 2012 20 24 ,
1956 1932 212 96 and
2240 1928 580 100 defenders
2888 1928 120 100 of
3076 1928 184 100 the
3328 1924 568 132 Republic,
3968 1928 212 100 and

500 2080 116 96 of
676 2080 180 100 the
912 2116 240 60 men
1212 2080 216 100 and
1488 2112 408 64 women
1956 2080 244 96 who
2260 2112 180 64 are
2500 2076 336 128 doing
2892 2080 180 96 the
3128 2076 308 100 work
3492 2080 216 100 and
3764 2072 296 104 moul
4068 2076 68 100 d
4148 2136 32 12 -

496 2232 196 128 ing
776 2228 184 100 the
1052 2228 188 96 tho
1244 2244 72 76 u
1324 2228 196 128 ght
1616 2260 60 60 o
1684 2224 52 100 f
1832 2228 176 96 the
2108 2236 420 116 present
2628 2224 288 100 time.
3068 2228 92 96 E
3172 2228 64 96 d
3248 2224 224 104 ited
3556 2224 152 132 by
3800 2224 168 100 dis
3976 2232 44 92 t
4024 2224 160 100 in-

500 2416 68 88 g
572 2396 72 72 u
652 2380 304 96 ished
1028 2376 752 128 biographers,
1856 2376 452 100 selected
2392 2372 284 104 from
2756 2376 256 100 each
3088 2384 308 120 state,
3472 2372 420 104 revised
3972 2376 212 100 and

504 2528 552 128 approved
1104 2524 140 132 by
1292 2524 176 100 the
1512 2560 104 60 m
1624 2544 112 76 os
1748 2540 36 80 t
1836 2524 472 100 eminent
2356 2524 624 108 historians,
3028 2524 476 100 scholars
3552 2564 52 60 a
3620 2524 148 100 nd
3816 2532 372 92 states-

496 2708 252 72 men
800 2676 120 100 of
980 2676 180 100 the
1220 2676 240 128 day.
1612 2672 468 104 Current
2144 2672 428 96 volume
2636 2672 84 100 C
2736 2752 16 16 .
2896 2672 268 96 New
3224 2672 344 132 York,
3632 2672 364 104 James
4064 2672 120 96 T.

496 2824 368 100 White
920 2828 80 92 &
1060 2856 560 100 company.
1684 2828 288 92 1930.

508 2980 48 72 1
616 2996 80 72 p.
752 2980 32 72 1
796 3040 40 28 .,
896 2980 48 72 5
948 2980 136 84 44,
1152 2972 160 96 X24,
1372 2996 80 72 p.
1572 2972 272 96 illus.,
1904 2976 284 92 ports.
2300 2972 116 80 28
2436 2980 92 72 ͨͫ.

380 3104 96 88 ©
540 3116 224 72 Nov.
828 3120 48 72 1
884 3176 20 28 ,
964 3112 268 84 1930;
1296 3112 132 80 2c.
1492 3112 180 76 and
1736 3112 112 76 af
1812 3112 56 72 f
1876 3172 16 16 .
1956 3112 228 76 Nov.
2244 3112 160 88 13;
2468 3112 80 72 A
2608 3108 112 80 30
2724 3112 48 72 5
2780 3112 156 88 64;
3008 3112 316 76 James
3388 3112 104 76 T.
3552 3112 316 76 White
3932 3112 68 76 &
4064 3132 124 60 co.

3732 3212 284 84 11159

372 3376 628 100 Nebraska.
1160 3380 140 96 Su
1308 3412 192 96 pre
1496 3396 104 76 m
1624 3412 48 64 e
1728 3388 332 92 court.

508 3528 468 128 Reports
1032 3528 120 100 of
1208 3564 284 64 cases
1572 3532 64 108 …
1728 3528 216 100 Jan
1960 3564 64 64 u
2032 3564 200 92 ary
2284 3528 216 100 and
2564 3528 632 128 September
3248 3540 364 116 terms,
3668 3540 52 88 1
3736 3536 56 92 9
3804 3536 56 92 2
3856 3528 64 88 8
3984 3564 136 64 an
4128 3532 68 96 d

372 3680 500 128 January
944 3692 300 84 term,
1324 3680 48 96 1
1388 3684 56 88 9
1448 3684 60 84 2
1520 3680 80 92 9.
1764 3712 52 60 v
1832 3760 16 12 .
1928 3684 116 92 11
2064 3676 48 100 7
2128 3752 16 20 .
2292 3676 312 100 Henr
2604 3696 76 92 y
2748 3680 84 92 P
2852 3752 16 20 .
2952 3672 560 124 Stoddart,
3588 3676 124 96 of
3668 3676 64 96 f
3724 3692 32 80 i
3760 3716 48 60 c
3816 3676 100 100 ia
3932 3684 28 92 l
4040 3716 52 60 r
4100 3716 52 60 e
4160 3740 36 12 -

376 3836 396 120 porter.
916 3824 492 104 Lincoln.
1476 3824 100 100 N
1584 3864 52 60 e
1636 3820 140 112 b.,
1844 3824 260 104 Cbhf
2072 3824 48 96 l
2128 3824 108 100 in
2308 3824 504 132 printing
2876 3860 564 96 company,
3512 3832 284 96 1929.

508 4004 60 52 x
568 3984 32 68 l
612 3980 92 92 ii,
772 3976 56 76 9
828 3980 108 72 12
1004 4000 84 72 p.
1200 3976 108 76 22
1332 3984 40 40 ͨ
1348 3984 48 40 ͫ
1400 4012 24 44 .

384 4112 96 88 ©
544 4116 208 76 Jan.
808 4116 132 88 14,
996 4112 272 88 1930;
1328 4112 52 76 2
1384 4136 44 52 c
1440 4176 16 12 .
1516 4116 208 76 Jan.
1784 4112 156 88 20;
2000 4112 156 76 aff.
2216 4116 80 72 N
2300 4132 48 56 o
2356 4136 84 52 v.
2500 4112 96 92 1;
2660 4112 80 76 A
2792 4112 328 92 30436;
3184 4116 324 92 Henry
3564 4116 100 76 P.
3728 4116 464 84 Stoddart,

516 4224 412 92 reporter
1004 4224 100 76 of
1176 4224 156 72 the
1408 4224 440 88 Supreme
1916 4224 292 92 court,
2280 4224 152 76 for
2504 4224 160 76 the
2732 4224 272 76 benef
2996 4232 24 64 i
3032 4224 44 80 t
3140 4224 104 76 of
3316 4224 156 80 the
3548 4228 244 76 state
3860 4224 104 76 of
4032 4224 168 72 Ne-

516 4332 368 92 braska,
948 4332 316 76 Lincol
1272 4352 60 52 n
1344 4392 12 32 ,
1420 4332 224 76 Neb.
3740 4328 288 84 11160

376 4568 300 120 Neff,
744 4568 600 100 Lawrence
1408 4568 464 108 Wilson.

504 4712 448 132 Falling
1004 4712 244 132 fire;
1308 4752 52 60 a
1420 4712 500 132 posthde
1968 4724 112 88 to
2136 4716 588 108 Pentecost,
2788 4720 640 128 recounting
3480 4716 172 104 the
3708 4716 248 132 sing
3968 4752 52 64 u
4036 4716 164 100 lar

372 4860 672 132 experiences
1112 4860 116 100 of
1288 4880 52 76 a
1408 4864 520 128 preacher
1980 4864 244 100 who
2280 4880 188 112 got
2528 4860 500 136 religion,
3084 4868 144 132 by
3292 4868 576 100 Lawrence
3932 4872 264 104 Wil-

372 5048 48 60 s
424 5048 60 60 o
492 5048 68 60 n
628 5008 204 104 Nef
824 5008 56 100 f
952 5016 64 104 …
1212 5008 412 136 Emory
1692 5012 668 132 University,
2436 5012 96 100 G
2544 5048 48 64 a
2612 5096 56 28 .,
2744 5016 88 96 B
2848 5048 332 64 anner
3244 5052 196 92 pre
3448 5052 44 60 s
3500 5052 48 64 s
3624 5024 120 124 [ͨ1
3768 5024 192 92 930]

504 5168 164 80 381
716 5188 84 76 p.
956 5172 52 72 2
1016 5172 52 76 0
1080 5172 44 80 j
1152 5176 84 76 -.

396 5300 88 88 ©
560 5308 192 76 Oct.
816 5308 76 92 3,
956 5304 268 92 1930;
1288 5316 104 68 2c
1408 5372 12 12 .
1484 5308 184 76 and
1728 5304 156 80 aff.
1952 5308 196 80 Oct.
2212 5308 100 92 8;
2380 5312 80 72 A
2520 5304 328 96 29154;
2916 5312 100 76 L.
3080 5312 140 76 W.
3284 5312 232 96 Neff,
3588 5316 344 88 Emory
3996 5312 216 76 Uni-

520 5416 376 92 versity,
960 5416 72 80 G
1040 5456 44 60 a
1104 5480 16 12 .
1260 5412 536 100 (30-28060)
3744 5420 284 80 11161

380 5652 456 124 Nelson,
904 5656 388 120 Harry
1352 5652 524 108 William.

520 5808 488 104 Startled
1072 5804 320 132 flight
1468 5808 208 132 [by,
1748 5808 384 132 Harry
2196 5808 492 104 William
2752 5808 436 104 Nelson.
3328 5812 264 100 New
3660 5816 344 124 York,
4084 5816 96 96 H
4196 5896 16 16 .

388 5956 536 104 Harrison
1008 6020 24 64 [ͨ
1088 5964 184 92 193
1284 5960 92 124 0]

516 6104 104 76 63
680 6128 84 68 p.
880 6104 108 76 22
996 6104 44 80 ½
1060 6104 68 52 ͨͫ
1140 6168 20 16 .

516 6216 356 76 Poems.

400 6328 92 88 ©
564 6356 192 76 Oct.
812 6360 80 84 4,
948 6360 48 72 1
1004 6356 56 76 9
1064 6356 156 88 30;
1284 6356 124 76 2c.
1472 6356 196 80 Oct.
1728 6360 104 72 11
1868 6376 16 64 :
1952 6356 104 76 af
2028 6356 60 76 f
2092 6420 12 16 .
2172 6360 196 76 Oct.
2428 6360 156 92 14;
2652 6360 80 72 A
2784 6360 328 92 28852;
3180 6360 324 92 Henry
3564 6360 488 80 Harrison.

552 6464 376 84 (30-280
928 6464 52 76 9
988 6464 96 92 6)
3756 6468 292 80 11162

396 6700 276 100 New
724 6704 308 96 York
1108 6692 412 148 (state)
1688 6708 156 96 Ta
1864 6744 60 60 r
1976 6744 116 64 co
2104 6724 108 72 m
2212 6708 156 96 mi
2372 6708 148 96 ssi
2524 6744 164 60 on.

532 6852 456 100 Federal
1056 6856 208 100 and
1332 6864 272 92 state
1672 6868 40 84 t
1724 6888 132 68 ax
1920 6864 396 120 system
2312 6876 48 72 s
2440 6852 64 108 …
2620 6864 540 124 prepared
3260 6872 68 76 u
3384 6860 188 100 der
3636 6864 180 96 the
3880 6860 340 104 direc-

400 7000 84 100 ti
496 7036 60 64 o
560 7040 72 64 n
712 7004 120 100 of
908 7004 180 100 the
1164 7004 268 100 New
1508 7004 104 100 Y
1620 7040 60 64 o
1692 7004 128 100 rk
1896 7020 276 84 state
2248 7016 184 88 tax
2508 7008 688 104 commission
3244 7004 60 104 …
3556 7016 280 96 1930.
3992 7044 40 68 1
4020 7012 104 100 A
4128 7012 92 84 1-

400 7148 64 92 h
472 7184 244 96 any,
780 7160 32 40 °
820 7156 260 96 1930
1072 7168 36 68 t

536 7304 104 76 84
716 7324 80 72 p.
912 7304 112 76 38
1044 7308 92 76 -.

412 7404 92 88 ©
564 7436 196 80 Oct.
808 7440 132 92 10,
992 7436 220 76 1930
1244 7460 16 64 ;
1316 7436 48 76 2
1372 7448 72 72 c.
1496 7444 44 60 a
1528 7444 76 60 m
1624 7444 52 76 d
1732 7444 48 60 a
1796 7440 72 72 ff
1872 7508 16 12 .
1944 7452 72 60 O
2028 7448 84 68 ct
2124 7508 16 12 .
2196 7444 152 76 16:
2412 7444 76 76 A
2536 7440 48 76 2
2592 7436 164 80 892
2760 7448 100 76 3:
2920 7448 444 76 National
3420 7452 164 72 tax
3636 7448 160 76 fou
3808 7448 56 60 n
3868 7440 60 68 d
3936 7448 132 76 ati
4064 7452 56 56 o
4116 7464 96 56 n.

540 7544 328 96 Jersey
920 7548 236 92 City,
1212 7548 108 80 N.
1376 7548 80 80 J.
3760 7552 284 80 11163

2188 7656 248 100 1721
