4800 8268
2492 7688 60 96 7
2560 7692 132 100 50

616 692 596 128 Goldberg,
1268 680 1152 112 Israel-Continued

756 864 60 64 x
824 856 120 96 ix,
1012 856 188 92 478,
1272 892 20 60 [
1300 852 52 76 2
1352 876 24 60 ]
1448 872 108 72 p.,
1624 852 48 76 1
1736 852 88 88 1.,
1888 856 64 64 x
1956 836 604 84 xiii-xxxviii
2624 856 84 76 p.
2828 832 252 76 illus.
3132 832 28 92 (
3176 828 96 76 in
3280 828 84 80 cl
3376 892 16 16 .
3456 824 316 96 maps)
3908 824 596 116 21½ͨͫ
4172 884 20 16 .

628 984 96 96 ©
784 996 220 88 Apr.
1060 992 132 92 28,
1252 988 268 88 1930;
1580 988 132 76 2c.
1772 984 220 92 May
2048 980 48 76 2
2104 984 56 72 6
2188 1000 16 72 ;
2268 976 160 80 aff.
2488 976 220 88 May
2764 972 160 88 24;
2988 968 76 76 A
3124 968 108 76 23
3236 964 52 76 6
3292 964 160 92 30;
3520 964 376 76 Bureau
3956 960 104 80 of
4112 952 356 84 Jewish

760 1108 524 92 education.
4064 1064 232 84 4958

624 1280 540 124 Graham,
1232 1280 420 116 Harry.

760 1432 464 108 Chance.

784 1592 28 92 (
828 1588 116 76 In
1004 1580 416 100 Passing
1480 1576 264 84 show
1808 1568 504 104 magazine
2408 1568 236 104 Apr.
2712 1568 140 96 19,
2920 1564 280 96 1930)

812 1700 44 72 l
856 1704 84 76 ec.
1012 1700 240 76 June
1324 1700 76 88 7,
1476 1692 272 92 1930;
1824 1692 80 76 A
1972 1692 116 76 ad
2164 1688 168 80 int.
2404 1684 328 88 13969;
2812 1700 124 76 pu
2936 1684 56 72 b
3004 1684 84 72 d.
3160 1684 220 88 Apr.
3460 1676 156 92 11;
3696 1672 384 92 Jocelyn
4156 1672 88 76 H
4256 1696 44 48 e
4312 1688 168 72 nry

772 1808 256 80 Clive
1092 1804 440 92 Graham,
1592 1800 412 80 London.
4080 1780 232 80 4959

644 1992 468 120 Greene,
1168 1992 272 104 Mrs.
1500 1984 328 100 Anne
1904 1976 720 132 (Bosworth)
2704 1976 328 108 1877-

764 2132 800 140 Lighthearted
1664 2132 500 132 journey,
2260 2128 144 132 by
2500 2124 324 104 Anne
2920 2120 580 104 Bosworth
3608 2116 452 108 Greene.
4232 2116 264 100 New

640 2288 340 132 York,
1028 2288 500 128 London,
1580 2284 236 100 The
1872 2280 492 128 Century
2420 2312 152 68 co.
2640 2288 68 116 [°
2720 2284 52 92 1
2784 2280 124 96 93
2920 2276 60 96 0
2988 2336 24 68 ]

772 2448 160 92 xii,
988 2444 172 80 450
1208 2464 84 72 p.
1408 2444 312 92 front.,
1780 2444 328 88 plates.
2220 2440 288 88 20}B0.
2732 2432 256 96 $4.00

776 2560 80 72 A
904 2560 300 72 motor
1252 2552 192 92 trip
1492 2552 408 92 through
1948 2548 352 76 France
2352 2544 248 76 from
2648 2544 156 76 the
2860 2540 392 92 English
3300 2540 396 80 channel
3748 2540 92 76 to
3896 2540 152 76 the
4104 2540 124 72 Fr
4236 2560 44 52 e
4288 2560 60 52 n
4352 2560 48 52 c
4408 2536 92 76 h-

640 2668 352 76 Italian
1052 2668 360 72 border.

656 2768 100 96 ©
812 2776 220 92 Apr.
1088 2776 136 88 25,
1280 2768 272 92 1930;
1616 2768 48 76 2
1672 2788 76 60 c.
1804 2768 180 76 and
2048 2764 160 80 afr.
2264 2768 224 88 May
2544 2764 104 88 2;
2708 2760 84 76 A
2848 2760 328 92 22549;
3244 2756 416 96 Century
3716 2776 136 60 co.

800 2884 540 96 (30-12624)
4108 2864 232 84 4960

652 3068 372 128 Grigs,
1088 3068 368 120 Mary.

784 3220 220 104 Bid
1060 3224 196 96 her
1316 3216 404 136 awake,
1776 3220 148 132 by
1980 3212 328 136 Mary
2368 3208 368 136 Grigs.
2884 3208 496 132 London,
3440 3204 704 104 Hutchinson
4208 3212 88 96 &
4352 3244 152 64 co.

648 3376 92 100 lt
744 3376 104 100 d.
920 3376 332 128 [19301

780 3532 52 72 4
888 3548 84 72 p.
1024 3532 84 88 1.,
1164 3524 340 80 13-288
1552 3544 84 72 p.
1748 3520 284 96 1910.

668 3636 100 88 ©
832 3648 116 76 ic.
1004 3640 216 88 Apr.
1276 3632 136 96 26,
1468 3632 272 92 1930;
1800 3632 76 76 A
1932 3632 116 76 ad
2108 3632 164 80 int.
2332 3628 328 88 13797;
2720 3628 276 96 pubd.
3056 3628 212 76 Feb.
3328 3624 160 92 28;
3556 3628 92 76 M
3656 3688 20 16 .
3736 3624 300 92 Grigs,
4100 3628 408 72 London.

812 3744 540 100 (30-13102)
4116 3732 232 80 4961

660 3932 292 120 Hall,
1012 3928 484 100 Eleanor
1552 3920 508 108 Dunbar.

796 4164 108 16 …
980 4080 236 104 The
1276 4072 620 136 acceptable
1960 4108 456 64 woman.
2564 4072 500 128 London,
3124 4072 516 104 Jarrolds
3716 4080 228 120 [193
3956 4080 60 96 0
4028 4136 20 68 ]

788 4236 108 80 28
904 4240 52 72 4
1004 4256 84 72 p.
1204 4240 48 72 1
1264 4232 540 88 9½ͨͫ
1468 4292 20 20 .

676 4344 100 92 ©
828 4352 44 72 l
884 4372 72 56 e.
1012 4352 216 84 May
1276 4348 80 88 9,
1404 4340 272 96 1930;
1732 4344 76 76 A
1860 4344 120 76 ad
2036 4340 24 76 i
2068 4364 60 52 n
2136 4344 36 72 t
2180 4404 20 16 .
2256 4340 328 92 13838;
2636 4340 276 92 pubd.
2968 4340 240 80 Mar.
3260 4340 156 88 14;
3476 4340 104 76 E.
3636 4340 112 80 D.
3800 4340 256 92 Hall,
4112 4336 404 96 Jericho,

804 4460 84 76 N
896 4480 68 56 r.
1028 4460 284 92 Bury,
1376 4456 536 88 Lancaster,
1976 4452 456 92 England.
2572 4448 540 96 (30-13798)
4124 4444 240 84 4962

668 4640 324 120 Held,
1048 4636 336 124 John,
1452 4644 328 100 1889-

808 4788 504 108 Outlines
1360 4784 124 104 of
1520 4796 344 120 sport,
1904 4784 148 132 by
2096 4784 300 104 John
2444 4784 336 132 Held,
2820 4780 36 136 j
2876 4820 236 64 r….
3280 4784 300 128 [New
3620 4784 348 128 York]
4012 4784 520 128 Duttons,

668 4940 240 128 inc.,
976 4936 324 104 01930.

800 5096 108 80 12
944 5120 60 72 p
1004 5096 32 76 l
1048 5156 20 20 .
1180 5092 228 84 28,

804 5204 244 80 Title
1088 5204 248 80 from
1376 5224 300 60 cover.

812 5316 200 76 "An
1060 5316 368 88 elegant
1476 5312 292 80 series
1816 5312 100 80 of
1960 5312 412 92 pictures
2420 5312 612 92 deliberately
3080 5312 368 80 limited
3500 5312 92 80 to
3644 5332 168 60 one
3860 5312 432 80 hundred
4344 5316 192 76 sets

676 5424 100 80 of
824 5424 300 76 which
1176 5420 188 80 this
1420 5420 76 80 is
1548 5420 388 80 number
1984 5420 108 76 24
2140 5424 188 76 and
2376 5420 324 88 signed
2752 5420 120 92 by
2920 5420 248 80 John
3220 5420 276 92 Held,
3544 5420 116 92 jr.
3768 5424 488 92 Arranged
4304 5420 232 80 with

676 5536 264 92 great
1000 5532 484 92 ingenuity
1548 5592 92 16 …
1708 5552 116 56 on
1884 5552 116 56 an
2064 5528 496 80 accordion
2620 5528 308 80 folder
2984 5536 188 72 and
3232 5528 428 80 enclosed
3716 5528 96 80 in
3876 5552 52 56 a
3992 5536 328 88 strong
4372 5532 168 76 but

676 5644 348 76 refined
1064 5644 252 76 linen
1360 5640 520 92 envelope."

696 5744 100 92 ©
856 5752 220 92 Apr.
1136 5752 132 88 21,
1328 5748 272 92 1930;
1664 5752 132 76 2c.
1856 5748 220 92 Apr.
2132 5748 164 92 23;
2360 5744 132 80 aff
2588 5748 216 92 Apr.
2864 5744 164 96 29;
3092 5752 80 72 A
3232 5748 336 88 23236;
3632 5752 444 88 Duttons,
4140 5752 176 76 inc.

840 5860 380 96 (30-127
1228 5860 48 76 5
1280 5860 96 92 2)
4140 5856 236 84 4963

692 6044 496 120 Hendee,
1244 6040 596 104 Elizabeth
1896 6040 484 108 Russell.

820 6196 232 100 The
1108 6192 432 132 growth
1600 6192 216 104 and
1876 6196 264 100 deve
2144 6196 36 96 l
2192 6228 252 100 opm
2456 6236 48 52 e
2516 6232 68 60 n
2596 6204 40 88 t
2696 6228 60 64 o
2776 6188 48 104 f
2876 6196 188 100 the
3124 6196 412 132 Young
3596 6196 504 100 women's
4164 6196 88 104 C
4260 6192 280 104 hris-

680 6344 236 104 tian
980 6340 704 132 association;
1748 6376 140 72 an
1948 6340 880 132 interpretation,
2888 6344 144 132 by
3096 6344 96 104 E
3200 6344 36 100 l
3248 6344 432 104 izabeth
3740 6344 388 104 Russel
4136 6344 36 96 l
4236 6344 304 104 Hen

688 6496 216 100 dee.
1052 6488 264 104 New
1388 6488 344 132 York,
1804 6492 232 104 The
2104 6492 528 104 Womans
2700 6524 336 100 press,
3112 6500 292 96 1930.

824 6648 124 92 ix,
1000 6648 108 80 83
1156 6668 84 72 p.
1352 6644 228 84 fold.
1628 6644 300 96 diagr.
2040 6624 228 104 20"'.

708 6748 100 96 ©
872 6760 212 92 Apr.
1148 6760 132 88 23,
1348 6760 272 88 1930;
1684 6760 128 76 2c.
1880 6760 216 92 May
2156 6760 104 88 2;
2328 6756 156 84 aff.
2552 6760 220 88 May
2832 6760 104 88 3;
3004 6760 80 76 A
3144 6760 332 88 23174;
3548 6760 188 76 Nat
3740 6764 28 72 l
3780 6820 16 16 .
3864 6760 288 76 board
4220 6760 100 76 of
4384 6760 156 76 the

836 6868 328 92 Young
1216 6888 404 56 womens
1672 6868 484 76 Christian
2208 6892 248 52 assn.
2512 6868 100 80 of
2664 6868 156 80 the
2876 6868 348 84 United
3280 6868 316 80 States
3652 6872 100 76 of
3804 6868 460 88 America,
4320 6868 228 76 New

836 6980 280 80 York.
1252 6976 540 96 (30-12616)
4152 6976 236 80 4964

708 7160 520 120 Herrick,
1280 7160 452 104 Marvin
1784 7160 620 112 Theodore.

832 7316 108 100 A
1004 7312 324 100 series
1392 7312 124 100 of
1580 7324 180 88 ten
1832 7316 312 100 radio
2212 7312 292 104 talks
2568 7352 136 64 on
2768 7316 192 100 the
3024 7328 424 92 one-act
3524 7316 296 132 play,
3884 7312 152 136 by
4096 7312 448 104 Marvin

700 7460 564 104 Theodore
1324 7460 476 104 Herrick
1872 7548 104 20 …
2144 7464 728 136 [Pittsburgh]
2944 7472 192 96 193
3144 7472 60 96 0
3212 7552 20 16 .
