<?xml version="1.0"?>
<alto xmlns="http://www.loc.gov/standards/alto/ns-v2#" xmlns:xlink="http://www.w3.org/1999/xlink" xmlns:xsi="http://www.w3.org/2001/XMLSchema-instance" xsi:schemaLocation="http://www.loc.gov/standards/alto/ns-v2# http://www.loc.gov/standards/alto/alto-v2.0.xsd">
	<Description>
		<MeasurementUnit>inch1200</MeasurementUnit>
		<sourceImageInformation>
			<fileIdentifier>catalogofcopyri271libr_001-2321.pdf_Page_0547.jpg</fileIdentifier>
		</sourceImageInformation>
		<OCRProcessing ID="OCR1">
			<ocrProcessingStep>
				<processingDateTime>2018-04-21T18:06:50</processingDateTime>
				<processingAgency>Data Conversion Laboratory</processingAgency>
				<processingSoftware>
					<softwareCreator>Prime</softwareCreator>
					<softwareName>Prime OCR</softwareName>
					<softwareVersion>4.40</softwareVersion>
				</processingSoftware>
			</ocrProcessingStep>
			<postProcessingStep>
				<processingDateTime>2018-04-25T17:28:34</processingDateTime>
				<processingAgency>Data Conversion Laboratory</processingAgency>
				<processingStepDescription>PRO -&gt; ALTO</processingStepDescription>
				<processingSoftware>
					<softwareCreator>Data Conversion Laboratory</softwareCreator>
					<softwareName>pro2alto.2018.02.27</softwareName>
					<softwareVersion>2.0</softwareVersion>
				</processingSoftware>
			</postProcessingStep>
		</OCRProcessing>
	</Description>
<Styles>
		<TextStyle ID="Style_1" FONTSIZE="8" FONTTYPE="serif" FONTWIDTH="proportional"/>
		<TextStyle ID="Style_2" FONTSIZE="7" FONTTYPE="serif" FONTWIDTH="proportional"/>
		<TextStyle ID="Style_3" FONTSIZE="6" FONTTYPE="serif" FONTWIDTH="proportional"/>
		<TextStyle ID="Style_4" FONTSIZE="10" FONTTYPE="serif" FONTWIDTH="proportional" FONTSTYLE="bold"/>
		<TextStyle ID="Style_5" FONTSIZE="6" FONTTYPE="serif" FONTWIDTH="proportional" FONTSTYLE="bold"/>
		<TextStyle ID="Style_6" FONTSIZE="7" FONTTYPE="serif" FONTWIDTH="proportional" FONTSTYLE="bold"/>
		<TextStyle ID="Style_7" FONTSIZE="8" FONTTYPE="serif" FONTWIDTH="proportional" FONTSTYLE="bold"/>
		<TextStyle ID="Style_8" FONTSIZE="10" FONTTYPE="serif" FONTWIDTH="proportional"/>
		<TextStyle ID="Style_9" FONTSIZE="9" FONTTYPE="serif" FONTWIDTH="proportional"/>
		<TextStyle ID="Style_10" FONTSIZE="9" FONTTYPE="serif" FONTWIDTH="proportional" FONTSTYLE="bold"/>
		<TextStyle ID="Style_11" FONTSIZE="8" FONTTYPE="serif" FONTWIDTH="proportional" FONTSTYLE="italics"/>
		<TextStyle ID="Style_12" FONTSIZE="10" FONTTYPE="serif" FONTWIDTH="proportional" FONTSTYLE="italics"/>
	</Styles>
	<Layout>
		<Page ID="Page_1" PHYSICAL_IMG_NR="1" HEIGHT="8268" WIDTH="4800">
			<PrintSpace ID="PS_1" HPOS="0" VPOS="0" HEIGHT="8268" WIDTH="4800">
				<TextBlock ID="TB_1.1" HPOS="2168" VPOS="7704" WIDTH="436" HEIGHT="224">
					<TextLine ID="TL_1.1.1" HPOS="2244" VPOS="7720" HEIGHT="100" WIDTH="196">
						<String CONTENT="547" ID="St_1.1.1.1" HPOS="2244" VPOS="7720" HEIGHT="100" WIDTH="196" STYLEREFS="Style_1" WC="1" CC="000"/>
					</TextLine>
				</TextBlock>
				<TextBlock ID="TB_1.2" HPOS="316" VPOS="612" WIDTH="4136" HEIGHT="7056">
					<TextLine ID="TL_1.2.1" HPOS="404" VPOS="676" HEIGHT="140" WIDTH="3844">
						<String CONTENT="The" ID="St_1.2.1.1" HPOS="404" VPOS="688" HEIGHT="100" WIDTH="228" STYLEREFS="Style_1" WC="1" CC="000"/>
						<SP ID="SP_1.2.1.2" HPOS="604" VPOS="704" WIDTH="60"/>
						<String CONTENT="National" ID="St_1.2.1.3" HPOS="704" VPOS="680" HEIGHT="104" WIDTH="544" STYLEREFS="Style_1" WC="1" CC="00000000"/>
						<SP ID="SP_1.2.1.4" HPOS="1228" VPOS="684" WIDTH="56"/>
						<String CONTENT="cyclop&#x00E6;dia" ID="St_1.2.1.5" HPOS="1328" VPOS="680" HEIGHT="136" WIDTH="660" STYLEREFS="Style_1" WC="1" CC="00000000000"/>
						<SP ID="SP_1.2.1.6" HPOS="1952" VPOS="700" WIDTH="72"/>
						<String CONTENT="of" ID="St_1.2.1.7" HPOS="2068" VPOS="684" HEIGHT="100" WIDTH="120" STYLEREFS="Style_1" WC="1" CC="00"/>
						<SP ID="SP_1.2.1.8" HPOS="2156" VPOS="684" WIDTH="68"/>
						<String CONTENT="American" ID="St_1.2.1.9" HPOS="2264" VPOS="680" HEIGHT="104" WIDTH="588" STYLEREFS="Style_1" WC="1" CC="00000000"/>
						<SP ID="SP_1.2.1.10" HPOS="2812" VPOS="700" WIDTH="76"/>
						<String CONTENT="biography," ID="St_1.2.1.11" HPOS="2928" VPOS="680" HEIGHT="132" WIDTH="656" STYLEREFS="Style_1" WC="1" CC="0000000000"/>
						<SP ID="SP_1.2.1.12" HPOS="3568" VPOS="724" WIDTH="48"/>
						<String CONTENT="being" ID="St_1.2.1.13" HPOS="3656" VPOS="676" HEIGHT="136" WIDTH="332" STYLEREFS="Style_1" WC="1" CC="00000"/>
						<SP ID="SP_1.2.1.14" HPOS="3944" VPOS="696" WIDTH="76"/>
						<String CONTENT="the" ID="St_1.2.1.15" HPOS="4060" VPOS="680" HEIGHT="100" WIDTH="188" STYLEREFS="Style_1" WC="1" CC="000"/>
					</TextLine>
					<TextLine ID="TL_1.2.2" HPOS="532" VPOS="832" HEIGHT="136" WIDTH="3712">
						<String CONTENT="history" ID="St_1.2.2.1" HPOS="532" VPOS="832" HEIGHT="136" WIDTH="424" STYLEREFS="Style_1" WC="1" CC="0000000"/>
						<SP ID="SP_1.2.2.2" HPOS="916" VPOS="856" WIDTH="64"/>
						<String CONTENT="of" ID="St_1.2.2.3" HPOS="1004" VPOS="836" HEIGHT="104" WIDTH="128" STYLEREFS="Style_1" WC="1" CC="00"/>
						<SP ID="SP_1.2.2.4" HPOS="1100" VPOS="836" WIDTH="52"/>
						<String CONTENT="the" ID="St_1.2.2.5" HPOS="1176" VPOS="836" HEIGHT="100" WIDTH="184" STYLEREFS="Style_1" WC="1" CC="000"/>
						<SP ID="SP_1.2.2.6" HPOS="1328" VPOS="856" WIDTH="56"/>
						<String CONTENT="United" ID="St_1.2.2.7" HPOS="1412" VPOS="832" HEIGHT="104" WIDTH="416" STYLEREFS="Style_1" WC="1" CC="000000"/>
						<SP ID="SP_1.2.2.8" HPOS="1788" VPOS="836" WIDTH="68"/>
						<String CONTENT="States," ID="St_1.2.2.9" HPOS="1888" VPOS="832" HEIGHT="132" WIDTH="392" STYLEREFS="Style_1" WC="1" CC="0000000"/>
						<SP ID="SP_1.2.2.10" HPOS="2264" VPOS="876" WIDTH="40"/>
						<String CONTENT="as" ID="St_1.2.2.11" HPOS="2332" VPOS="868" HEIGHT="64" WIDTH="112" STYLEREFS="Style_1" WC="1" CC="00"/>
						<SP ID="SP_1.2.2.12" HPOS="2416" VPOS="852" WIDTH="52"/>
						<String CONTENT="illustrated" ID="St_1.2.2.13" HPOS="2496" VPOS="832" HEIGHT="100" WIDTH="624" STYLEREFS="Style_1" WC="1" CC="00000000000"/>
						<SP ID="SP_1.2.2.14" HPOS="3080" VPOS="836" WIDTH="64"/>
						<String CONTENT="in" ID="St_1.2.2.15" HPOS="3172" VPOS="832" HEIGHT="100" WIDTH="112" STYLEREFS="Style_1" WC="1" CC="00"/>
						<SP ID="SP_1.2.2.16" HPOS="3244" VPOS="852" WIDTH="64"/>
						<String CONTENT="the" ID="St_1.2.2.17" HPOS="3340" VPOS="832" HEIGHT="100" WIDTH="180" STYLEREFS="Style_1" WC="1" CC="000"/>
						<SP ID="SP_1.2.2.18" HPOS="3488" VPOS="852" WIDTH="56"/>
						<String CONTENT="lives" ID="St_1.2.2.19" HPOS="3572" VPOS="832" HEIGHT="100" WIDTH="268" STYLEREFS="Style_1" WC="1" CC="00000"/>
						<SP ID="SP_1.2.2.20" HPOS="3812" VPOS="852" WIDTH="52"/>
						<String CONTENT="of" ID="St_1.2.2.21" HPOS="3892" VPOS="832" HEIGHT="100" WIDTH="124" STYLEREFS="Style_1" WC="1" CC="00"/>
						<SP ID="SP_1.2.2.22" HPOS="3984" VPOS="836" WIDTH="52"/>
						<String CONTENT="the" ID="St_1.2.2.23" HPOS="4064" VPOS="832" HEIGHT="100" WIDTH="180" STYLEREFS="Style_1" WC="1" CC="000"/>
					</TextLine>
					<TextLine ID="TL_1.2.3" HPOS="536" VPOS="976" HEIGHT="140" WIDTH="3712">
						<String CONTENT="founders," ID="St_1.2.3.1" HPOS="536" VPOS="988" HEIGHT="128" WIDTH="560" STYLEREFS="Style_2" WC="1" CC="000000000"/>
						<SP ID="SP_1.2.3.2" HPOS="1080" VPOS="1028" WIDTH="36"/>
						<String CONTENT="builders," ID="St_1.2.3.3" HPOS="1144" VPOS="984" HEIGHT="128" WIDTH="520" STYLEREFS="Style_2" WC="1" CC="000000000"/>
						<SP ID="SP_1.2.3.4" HPOS="1648" VPOS="1028" WIDTH="40"/>
						<String CONTENT="an" ID="St_1.2.3.5" HPOS="1720" VPOS="1020" HEIGHT="64" WIDTH="136" STYLEREFS="Style_2" WC="1" CC="00"/>
						<String CONTENT="d" ID="St_1.2.3.6" HPOS="1868" VPOS="984" HEIGHT="100" WIDTH="68" STYLEREFS="Style_2" WC="0.98" CC="4"/>
						<SP ID="SP_1.2.3.7" HPOS="1896" VPOS="988" WIDTH="68"/>
						<String CONTENT="defenders" ID="St_1.2.3.8" HPOS="1992" VPOS="980" HEIGHT="104" WIDTH="584" STYLEREFS="Style_2" WC="0.985555555555556" CC="000000000"/>
						<SP ID="SP_1.2.3.9" HPOS="2548" VPOS="1004" WIDTH="52"/>
						<String CONTENT="of" ID="St_1.2.3.10" HPOS="2628" VPOS="980" HEIGHT="104" WIDTH="124" STYLEREFS="Style_2" WC="0.986666666666667" CC="00"/>
						<SP ID="SP_1.2.3.11" HPOS="2720" VPOS="984" WIDTH="56"/>
						<String CONTENT="the" ID="St_1.2.3.12" HPOS="2804" VPOS="980" HEIGHT="100" WIDTH="180" STYLEREFS="Style_2" WC="0.988888888888889" CC="000"/>
						<SP ID="SP_1.2.3.13" HPOS="2952" VPOS="1004" WIDTH="56"/>
						<String CONTENT="republic," ID="St_1.2.3.14" HPOS="3036" VPOS="980" HEIGHT="132" WIDTH="528" STYLEREFS="Style_2" WC="0.991111111111111" CC="000000000"/>
						<SP ID="SP_1.2.3.15" HPOS="3548" VPOS="1028" WIDTH="44"/>
						<String CONTENT="and" ID="St_1.2.3.16" HPOS="3620" VPOS="980" HEIGHT="100" WIDTH="212" STYLEREFS="Style_2" WC="0.991111111111111" CC="000"/>
						<SP ID="SP_1.2.3.17" HPOS="3792" VPOS="984" WIDTH="68"/>
						<String CONTENT="of" ID="St_1.2.3.18" HPOS="3892" VPOS="980" HEIGHT="100" WIDTH="124" STYLEREFS="Style_2" WC="0.991111111111111" CC="00"/>
						<SP ID="SP_1.2.3.19" HPOS="3984" VPOS="984" WIDTH="52"/>
						<String CONTENT="the" ID="St_1.2.3.20" HPOS="4064" VPOS="976" HEIGHT="104" WIDTH="184" STYLEREFS="Style_2" WC="0.992222222222222" CC="000"/>
					</TextLine>
					<TextLine ID="TL_1.2.4" HPOS="532" VPOS="1124" HEIGHT="140" WIDTH="3720">
						<String CONTENT="men" ID="St_1.2.4.1" HPOS="532" VPOS="1172" HEIGHT="64" WIDTH="244" STYLEREFS="Style_2" WC="1" CC="000"/>
						<SP ID="SP_1.2.4.2" HPOS="736" VPOS="1152" WIDTH="68"/>
						<String CONTENT="and" ID="St_1.2.4.3" HPOS="836" VPOS="1136" HEIGHT="100" WIDTH="220" STYLEREFS="Style_2" WC="0.935555555555556" CC="004"/>
						<SP ID="SP_1.2.4.4" HPOS="1016" VPOS="1132" WIDTH="68"/>
						<String CONTENT="women" ID="St_1.2.4.5" HPOS="1120" VPOS="1168" HEIGHT="64" WIDTH="412" STYLEREFS="Style_2" WC="0.965555555555556" CC="00000"/>
						<SP ID="SP_1.2.4.6" HPOS="1492" VPOS="1148" WIDTH="68"/>
						<String CONTENT="who" ID="St_1.2.4.7" HPOS="1592" VPOS="1132" HEIGHT="100" WIDTH="248" STYLEREFS="Style_2" WC="0.973333333333333" CC="000"/>
						<SP ID="SP_1.2.4.8" HPOS="1804" VPOS="1148" WIDTH="64"/>
						<String CONTENT="are" ID="St_1.2.4.9" HPOS="1900" VPOS="1168" HEIGHT="64" WIDTH="180" STYLEREFS="Style_2" WC="0.977777777777778" CC="000"/>
						<SP ID="SP_1.2.4.10" HPOS="2048" VPOS="1148" WIDTH="60"/>
						<String CONTENT="doing" ID="St_1.2.4.11" HPOS="2144" VPOS="1128" HEIGHT="136" WIDTH="344" STYLEREFS="Style_2" WC="0.983333333333333" CC="00000"/>
						<SP ID="SP_1.2.4.12" HPOS="2444" VPOS="1148" WIDTH="68"/>
						<String CONTENT="the" ID="St_1.2.4.13" HPOS="2540" VPOS="1128" HEIGHT="104" WIDTH="188" STYLEREFS="Style_2" WC="0.985555555555556" CC="000"/>
						<SP ID="SP_1.2.4.14" HPOS="2696" VPOS="1148" WIDTH="60"/>
						<String CONTENT="work" ID="St_1.2.4.15" HPOS="2788" VPOS="1128" HEIGHT="100" WIDTH="304" STYLEREFS="Style_2" WC="0.986666666666667" CC="0000"/>
						<SP ID="SP_1.2.4.16" HPOS="3048" VPOS="1132" WIDTH="72"/>
						<String CONTENT="and" ID="St_1.2.4.17" HPOS="3152" VPOS="1132" HEIGHT="96" WIDTH="216" STYLEREFS="Style_2" WC="0.988888888888889" CC="000"/>
						<SP ID="SP_1.2.4.18" HPOS="3328" VPOS="1132" WIDTH="68"/>
						<String CONTENT="moulding" ID="St_1.2.4.19" HPOS="3428" VPOS="1124" HEIGHT="136" WIDTH="584" STYLEREFS="Style_2" WC="0.99" CC="00000000"/>
						<SP ID="SP_1.2.4.20" HPOS="3968" VPOS="1148" WIDTH="64"/>
						<String CONTENT="the" ID="St_1.2.4.21" HPOS="4064" VPOS="1132" HEIGHT="100" WIDTH="188" STYLEREFS="Style_2" WC="0.991111111111111" CC="000"/>
					</TextLine>
					<TextLine ID="TL_1.2.5" HPOS="536" VPOS="1276" HEIGHT="140" WIDTH="3716">
						<String CONTENT="thought" ID="St_1.2.5.1" HPOS="536" VPOS="1288" HEIGHT="128" WIDTH="476" STYLEREFS="Style_2" WC="1" CC="0000000"/>
						<SP ID="SP_1.2.5.2" HPOS="984" VPOS="1288" WIDTH="60"/>
						<String CONTENT="of" ID="St_1.2.5.3" HPOS="1084" VPOS="1284" HEIGHT="100" WIDTH="124" STYLEREFS="Style_2" WC="1" CC="00"/>
						<SP ID="SP_1.2.5.4" HPOS="1180" VPOS="1284" WIDTH="60"/>
						<String CONTENT="the" ID="St_1.2.5.5" HPOS="1280" VPOS="1284" HEIGHT="100" WIDTH="184" STYLEREFS="Style_2" WC="1" CC="000"/>
						<SP ID="SP_1.2.5.6" HPOS="1432" VPOS="1304" WIDTH="68"/>
						<String CONTENT="present" ID="St_1.2.5.7" HPOS="1544" VPOS="1292" HEIGHT="120" WIDTH="436" STYLEREFS="Style_2" WC="1" CC="0000000"/>
						<SP ID="SP_1.2.5.8" HPOS="1952" VPOS="1288" WIDTH="64"/>
						<String CONTENT="time." ID="St_1.2.5.9" HPOS="2056" VPOS="1280" HEIGHT="100" WIDTH="292" STYLEREFS="Style_2" WC="1" CC="00000"/>
						<SP ID="SP_1.2.5.10" HPOS="2336" VPOS="1320" WIDTH="84"/>
						<String CONTENT="Edited" ID="St_1.2.5.11" HPOS="2500" VPOS="1276" HEIGHT="104" WIDTH="408" STYLEREFS="Style_2" WC="1" CC="000000"/>
						<SP ID="SP_1.2.5.12" HPOS="2868" VPOS="1280" WIDTH="76"/>
						<String CONTENT="by" ID="St_1.2.5.13" HPOS="2984" VPOS="1280" HEIGHT="132" WIDTH="144" STYLEREFS="Style_2" WC="1" CC="00"/>
						<SP ID="SP_1.2.5.14" HPOS="3088" VPOS="1300" WIDTH="76"/>
						<String CONTENT="distinguished" ID="St_1.2.5.15" HPOS="3208" VPOS="1276" HEIGHT="132" WIDTH="808" STYLEREFS="Style_2" WC="1" CC="0000000000000"/>
						<SP ID="SP_1.2.5.16" HPOS="3976" VPOS="1280" WIDTH="72"/>
						<String CONTENT="bi-" ID="St_1.2.5.17" HPOS="4088" VPOS="1280" HEIGHT="100" WIDTH="164" STYLEREFS="Style_2" WC="1" CC="000"/>
					</TextLine>
					<TextLine ID="TL_1.2.6" HPOS="536" VPOS="1428" HEIGHT="136" WIDTH="3720">
						<String CONTENT="ographers," ID="St_1.2.6.1" HPOS="536" VPOS="1436" HEIGHT="128" WIDTH="636" STYLEREFS="Style_2" WC="1" CC="0000000000"/>
						<SP ID="SP_1.2.6.2" HPOS="1156" VPOS="1476" WIDTH="52"/>
						<String CONTENT="selected" ID="St_1.2.6.3" HPOS="1248" VPOS="1432" HEIGHT="100" WIDTH="460" STYLEREFS="Style_2" WC="1" CC="00000000"/>
						<SP ID="SP_1.2.6.4" HPOS="1672" VPOS="1432" WIDTH="76"/>
						<String CONTENT="from" ID="St_1.2.6.5" HPOS="1788" VPOS="1432" HEIGHT="96" WIDTH="296" STYLEREFS="Style_2" WC="1" CC="0000"/>
						<SP ID="SP_1.2.6.6" HPOS="2024" VPOS="1452" WIDTH="92"/>
						<String CONTENT="each" ID="St_1.2.6.7" HPOS="2156" VPOS="1428" HEIGHT="100" WIDTH="256" STYLEREFS="Style_2" WC="1" CC="0000"/>
						<SP ID="SP_1.2.6.8" HPOS="2372" VPOS="1432" WIDTH="76"/>
						<String CONTENT="state," ID="St_1.2.6.9" HPOS="2492" VPOS="1436" HEIGHT="104" WIDTH="312" STYLEREFS="Style_2" WC="1" CC="000000"/>
						<SP ID="SP_1.2.6.10" HPOS="2788" VPOS="1472" WIDTH="52"/>
						<String CONTENT="rev." ID="St_1.2.6.11" HPOS="2880" VPOS="1460" HEIGHT="68" WIDTH="220" STYLEREFS="Style_2" WC="1" CC="0000"/>
						<SP ID="SP_1.2.6.12" HPOS="3084" VPOS="1472" WIDTH="52"/>
						<String CONTENT="and" ID="St_1.2.6.13" HPOS="3176" VPOS="1432" HEIGHT="96" WIDTH="216" STYLEREFS="Style_2" WC="1" CC="000"/>
						<SP ID="SP_1.2.6.14" HPOS="3352" VPOS="1432" WIDTH="76"/>
						<String CONTENT="approved" ID="St_1.2.6.15" HPOS="3472" VPOS="1432" HEIGHT="124" WIDTH="564" STYLEREFS="Style_2" WC="1" CC="00000000"/>
						<SP ID="SP_1.2.6.16" HPOS="3996" VPOS="1432" WIDTH="72"/>
						<String CONTENT="by" ID="St_1.2.6.17" HPOS="4108" VPOS="1432" HEIGHT="132" WIDTH="148" STYLEREFS="Style_2" WC="1" CC="00"/>
					</TextLine>
					<TextLine ID="TL_1.2.7" HPOS="532" VPOS="1576" HEIGHT="136" WIDTH="3724">
						<String CONTENT="the" ID="St_1.2.7.1" HPOS="532" VPOS="1584" HEIGHT="100" WIDTH="184" STYLEREFS="Style_2" WC="1" CC="000"/>
						<SP ID="SP_1.2.7.2" HPOS="688" VPOS="1608" WIDTH="60"/>
						<String CONTENT="most" ID="St_1.2.7.3" HPOS="784" VPOS="1592" HEIGHT="92" WIDTH="280" STYLEREFS="Style_2" WC="1" CC="0000"/>
						<SP ID="SP_1.2.7.4" HPOS="1036" VPOS="1592" WIDTH="56"/>
						<String CONTENT="eminent" ID="St_1.2.7.5" HPOS="1128" VPOS="1580" HEIGHT="104" WIDTH="476" STYLEREFS="Style_2" WC="1" CC="0000000"/>
						<SP ID="SP_1.2.7.6" HPOS="1580" VPOS="1588" WIDTH="52"/>
						<String CONTENT="historians," ID="St_1.2.7.7" HPOS="1668" VPOS="1576" HEIGHT="136" WIDTH="632" STYLEREFS="Style_2" WC="1" CC="00000000000"/>
						<SP ID="SP_1.2.7.8" HPOS="2284" VPOS="1624" WIDTH="44"/>
						<String CONTENT="scholars," ID="St_1.2.7.9" HPOS="2364" VPOS="1580" HEIGHT="128" WIDTH="520" STYLEREFS="Style_2" WC="1" CC="000000000"/>
						<SP ID="SP_1.2.7.10" HPOS="2868" VPOS="1624" WIDTH="44"/>
						<String CONTENT="and" ID="St_1.2.7.11" HPOS="2948" VPOS="1580" HEIGHT="96" WIDTH="220" STYLEREFS="Style_2" WC="1" CC="000"/>
						<SP ID="SP_1.2.7.12" HPOS="3128" VPOS="1584" WIDTH="72"/>
						<String CONTENT="statesmen" ID="St_1.2.7.13" HPOS="3236" VPOS="1584" HEIGHT="96" WIDTH="584" STYLEREFS="Style_2" WC="1" CC="000000000"/>
						<SP ID="SP_1.2.7.14" HPOS="3780" VPOS="1600" WIDTH="72"/>
						<String CONTENT="of" ID="St_1.2.7.15" HPOS="3888" VPOS="1580" HEIGHT="100" WIDTH="124" STYLEREFS="Style_2" WC="1" CC="00"/>
						<SP ID="SP_1.2.7.16" HPOS="3976" VPOS="1584" WIDTH="64"/>
						<String CONTENT="the" ID="St_1.2.7.17" HPOS="4072" VPOS="1580" HEIGHT="100" WIDTH="184" STYLEREFS="Style_2" WC="1" CC="000"/>
					</TextLine>
					<TextLine ID="TL_1.2.8" HPOS="540" VPOS="1724" HEIGHT="140" WIDTH="3716">
						<String CONTENT="day." ID="St_1.2.8.1" HPOS="540" VPOS="1732" HEIGHT="132" WIDTH="244" STYLEREFS="Style_2" WC="0.888888888888889" CC="4000"/>
						<SP ID="SP_1.2.8.2" HPOS="772" VPOS="1772" WIDTH="84"/>
						<String CONTENT="v." ID="St_1.2.8.3" HPOS="932" VPOS="1768" HEIGHT="64" WIDTH="92" STYLEREFS="Style_2" WC="0.935555555555556" CC="00"/>
						<SP ID="SP_1.2.8.4" HPOS="1012" VPOS="1772" WIDTH="48"/>
						<String CONTENT="6." ID="St_1.2.8.5" HPOS="1104" VPOS="1740" HEIGHT="88" WIDTH="88" STYLEREFS="Style_2" WC="0.955555555555556" CC="00"/>
						<SP ID="SP_1.2.8.6" HPOS="1176" VPOS="1772" WIDTH="88"/>
						<String CONTENT="New" ID="St_1.2.8.7" HPOS="1340" VPOS="1732" HEIGHT="96" WIDTH="264" STYLEREFS="Style_2" WC="0.967777777777778" CC="000"/>
						<SP ID="SP_1.2.8.8" HPOS="1552" VPOS="1748" WIDTH="84"/>
						<String CONTENT="York." ID="St_1.2.8.9" HPOS="1672" VPOS="1724" HEIGHT="104" WIDTH="344" STYLEREFS="Style_2" WC="0.955555555555556" CC="00004"/>
						<SP ID="SP_1.2.8.10" HPOS="2004" VPOS="1768" WIDTH="44"/>
						<String CONTENT="James" ID="St_1.2.8.11" HPOS="2084" VPOS="1728" HEIGHT="100" WIDTH="376" STYLEREFS="Style_2" WC="0.965555555555556" CC="00000"/>
						<SP ID="SP_1.2.8.12" HPOS="2432" VPOS="1748" WIDTH="60"/>
						<String CONTENT="T." ID="St_1.2.8.13" HPOS="2528" VPOS="1732" HEIGHT="96" WIDTH="124" STYLEREFS="Style_2" WC="0.968888888888889" CC="00"/>
						<SP ID="SP_1.2.8.14" HPOS="2636" VPOS="1768" WIDTH="44"/>
						<String CONTENT="White" ID="St_1.2.8.15" HPOS="2720" VPOS="1724" HEIGHT="104" WIDTH="380" STYLEREFS="Style_2" WC="0.974444444444444" CC="00000"/>
						<SP ID="SP_1.2.8.16" HPOS="3068" VPOS="1748" WIDTH="60"/>
						<String CONTENT="&amp;" ID="St_1.2.8.17" HPOS="3164" VPOS="1732" HEIGHT="92" WIDTH="88" STYLEREFS="Style_2" WC="0.975555555555556" CC="0"/>
						<SP ID="SP_1.2.8.18" HPOS="3200" VPOS="1732" WIDTH="80"/>
						<String CONTENT="company," ID="St_1.2.8.19" HPOS="3320" VPOS="1760" HEIGHT="100" WIDTH="572" STYLEREFS="Style_2" WC="0.98" CC="00000000"/>
						<SP ID="SP_1.2.8.20" HPOS="3876" VPOS="1768" WIDTH="52"/>
						<String CONTENT="1929." ID="St_1.2.8.21" HPOS="3968" VPOS="1732" HEIGHT="96" WIDTH="288" STYLEREFS="Style_2" WC="0.982222222222222" CC="00000"/>
					</TextLine>
					<TextLine ID="TL_1.2.9" HPOS="544" VPOS="1880" HEIGHT="100" WIDTH="2328">
						<String CONTENT="2" ID="St_1.2.9.1" HPOS="544" VPOS="1888" HEIGHT="76" WIDTH="52" STYLEREFS="Style_2" WC="1" CC="0"/>
						<SP ID="SP_1.2.9.2" HPOS="564" VPOS="1884" WIDTH="56"/>
						<String CONTENT="p." ID="St_1.2.9.3" HPOS="652" VPOS="1912" HEIGHT="68" WIDTH="80" STYLEREFS="Style_3" WC="1" CC="00"/>
						<SP ID="SP_1.2.9.4" HPOS="720" VPOS="1912" WIDTH="36"/>
						<String CONTENT="l.," ID="St_1.2.9.5" HPOS="784" VPOS="1892" HEIGHT="88" WIDTH="88" STYLEREFS="Style_3" WC="1" CC="000"/>
						<SP ID="SP_1.2.9.6" HPOS="860" VPOS="1912" WIDTH="40"/>
						<String CONTENT="544," ID="St_1.2.9.7" HPOS="928" VPOS="1888" HEIGHT="88" WIDTH="192" STYLEREFS="Style_3" WC="1" CC="0000"/>
						<SP ID="SP_1.2.9.8" HPOS="1104" VPOS="1912" WIDTH="100"/>
						<String CONTENT="[5" ID="St_1.2.9.9" HPOS="1152" VPOS="1884" HEIGHT="88" WIDTH="116" STYLEREFS="Style_4" WC="0.914444444444444" CC="05"/>
						<String CONTENT="]" ID="St_1.2.9.10" HPOS="1268" VPOS="1924" HEIGHT="52" WIDTH="20" STYLEREFS="Style_4" WC="0.918888888888889" CC="0"/>
						<SP ID="SP_1.2.9.11" HPOS="1276" VPOS="1912" WIDTH="40"/>
						<String CONTENT="p" ID="St_1.2.9.12" HPOS="1348" VPOS="1908" HEIGHT="68" WIDTH="56" STYLEREFS="Style_5" WC="0.905555555555556" CC="3"/>
						<String CONTENT="." ID="St_1.2.9.13" HPOS="1408" VPOS="1908" HEIGHT="52" WIDTH="20" STYLEREFS="Style_6" WC="0.888888888888889" CC="4"/>
						<SP ID="SP_1.2.9.14" HPOS="1420" VPOS="1908" WIDTH="64"/>
						<String CONTENT="illus.," ID="St_1.2.9.15" HPOS="1540" VPOS="1884" HEIGHT="92" WIDTH="276" STYLEREFS="Style_6" WC="0.918888888888889" CC="0000000"/>
						<SP ID="SP_1.2.9.16" HPOS="1804" VPOS="1908" WIDTH="40"/>
						<String CONTENT="p" ID="St_1.2.9.17" HPOS="1876" VPOS="1904" HEIGHT="72" WIDTH="56" STYLEREFS="Style_6" WC="0.924444444444444" CC="0"/>
						<String CONTENT="o" ID="St_1.2.9.18" HPOS="1940" VPOS="1904" HEIGHT="56" WIDTH="48" STYLEREFS="Style_7" WC="0.926666666666667" CC="0"/>
						<String CONTENT="rts." ID="St_1.2.9.19" HPOS="1996" VPOS="1884" HEIGHT="76" WIDTH="168" STYLEREFS="Style_7" WC="0.934444444444444" CC="0000"/>
						<SP ID="SP_1.2.9.20" HPOS="2148" VPOS="1908" WIDTH="68"/>
						<String CONTENT="27&#x00BD;&#x0368;&#x036B;" ID="St_1.2.9.21" HPOS="2272" VPOS="1880" HEIGHT="92" WIDTH="600" STYLEREFS="Style_7" WC="0.933333333333333" CC="04000"/>
						<String CONTENT="." ID="St_1.2.9.22" HPOS="2524" VPOS="1904" HEIGHT="56" WIDTH="28" STYLEREFS="Style_7" WC="0.924444444444444" CC="4"/>
					</TextLine>
					<TextLine ID="TL_1.2.10" HPOS="420" VPOS="1988" HEIGHT="100" WIDTH="3836">
						<String CONTENT="&#x00A9;" ID="St_1.2.10.1" HPOS="420" VPOS="1992" HEIGHT="96" WIDTH="96" STYLEREFS="Style_7" WC="0.555555555555556" CC="4"/>
						<SP ID="SP_1.2.10.2" HPOS="464" VPOS="1992" WIDTH="80"/>
						<String CONTENT="Sept." ID="St_1.2.10.3" HPOS="572" VPOS="1996" HEIGHT="92" WIDTH="248" STYLEREFS="Style_7" WC="0.935555555555556" CC="00000"/>
						<SP ID="SP_1.2.10.4" HPOS="808" VPOS="2032" WIDTH="32"/>
						<String CONTENT="15," ID="St_1.2.10.5" HPOS="868" VPOS="1996" HEIGHT="92" WIDTH="136" STYLEREFS="Style_7" WC="0.958888888888889" CC="000"/>
						<SP ID="SP_1.2.10.6" HPOS="992" VPOS="2032" WIDTH="36"/>
						<String CONTENT="1929;" ID="St_1.2.10.7" HPOS="1052" VPOS="1992" HEIGHT="92" WIDTH="272" STYLEREFS="Style_7" WC="0.973333333333333" CC="00000"/>
						<SP ID="SP_1.2.10.8" HPOS="1308" VPOS="2008" WIDTH="36"/>
						<String CONTENT="2c." ID="St_1.2.10.9" HPOS="1372" VPOS="1992" HEIGHT="80" WIDTH="132" STYLEREFS="Style_7" WC="0.977777777777778" CC="000"/>
						<SP ID="SP_1.2.10.10" HPOS="1492" VPOS="2032" WIDTH="36"/>
						<String CONTENT="and" ID="St_1.2.10.11" HPOS="1556" VPOS="1996" HEIGHT="72" WIDTH="188" STYLEREFS="Style_7" WC="0.982222222222222" CC="000"/>
						<SP ID="SP_1.2.10.12" HPOS="1708" VPOS="2000" WIDTH="56"/>
						<String CONTENT="aff." ID="St_1.2.10.13" HPOS="1792" VPOS="1988" HEIGHT="80" WIDTH="156" STYLEREFS="Style_7" WC="0.984444444444444" CC="0000"/>
						<SP ID="SP_1.2.10.14" HPOS="1936" VPOS="2028" WIDTH="32"/>
						<String CONTENT="Apr." ID="St_1.2.10.15" HPOS="1996" VPOS="1992" HEIGHT="92" WIDTH="220" STYLEREFS="Style_7" WC="0.986666666666667" CC="0000"/>
						<SP ID="SP_1.2.10.16" HPOS="2204" VPOS="2032" WIDTH="36"/>
						<String CONTENT="12," ID="St_1.2.10.17" HPOS="2268" VPOS="1988" HEIGHT="96" WIDTH="136" STYLEREFS="Style_7" WC="0.987777777777778" CC="000"/>
						<SP ID="SP_1.2.10.18" HPOS="2388" VPOS="2028" WIDTH="36"/>
						<String CONTENT="1930;" ID="St_1.2.10.19" HPOS="2452" VPOS="1988" HEIGHT="96" WIDTH="276" STYLEREFS="Style_7" WC="0.98" CC="00000"/>
						<SP ID="SP_1.2.10.20" HPOS="2712" VPOS="2008" WIDTH="40"/>
						<String CONTENT="A" ID="St_1.2.10.21" HPOS="2780" VPOS="1988" HEIGHT="76" WIDTH="80" STYLEREFS="Style_7" WC="0.98" CC="0"/>
						<SP ID="SP_1.2.10.22" HPOS="2816" VPOS="1996" WIDTH="64"/>
						<String CONTENT="21762;" ID="St_1.2.10.23" HPOS="2904" VPOS="1988" HEIGHT="88" WIDTH="332" STYLEREFS="Style_7" WC="0.983333333333333" CC="000000"/>
						<SP ID="SP_1.2.10.24" HPOS="3224" VPOS="2008" WIDTH="40"/>
						<String CONTENT="James" ID="St_1.2.10.25" HPOS="3296" VPOS="1988" HEIGHT="80" WIDTH="320" STYLEREFS="Style_7" WC="0.984444444444444" CC="00000"/>
						<SP ID="SP_1.2.10.26" HPOS="3588" VPOS="2008" WIDTH="52"/>
						<String CONTENT="T." ID="St_1.2.10.27" HPOS="3668" VPOS="1988" HEIGHT="80" WIDTH="100" STYLEREFS="Style_7" WC="0.977777777777778" CC="40"/>
						<SP ID="SP_1.2.10.28" HPOS="3756" VPOS="2028" WIDTH="36"/>
						<String CONTENT="White" ID="St_1.2.10.29" HPOS="3820" VPOS="1988" HEIGHT="80" WIDTH="320" STYLEREFS="Style_7" WC="0.98" CC="00000"/>
						<SP ID="SP_1.2.10.30" HPOS="4104" VPOS="2008" WIDTH="52"/>
						<String CONTENT="&amp;" ID="St_1.2.10.31" HPOS="4184" VPOS="2000" HEIGHT="76" WIDTH="72" STYLEREFS="Style_7" WC="0.981111111111111" CC="0"/>
					</TextLine>
					<TextLine ID="TL_1.2.11" HPOS="548" VPOS="2096" HEIGHT="120" WIDTH="3540">
						<String CONTENT="co" ID="St_1.2.11.1" HPOS="548" VPOS="2128" HEIGHT="56" WIDTH="104" STYLEREFS="Style_7" WC="0.777777777777778" CC="40"/>
						<String CONTENT="." ID="St_1.2.11.2" HPOS="660" VPOS="2168" HEIGHT="12" WIDTH="16" STYLEREFS="Style_7" WC="0.851111111111111" CC="0"/>
						<SP ID="SP_1.2.11.3" HPOS="664" VPOS="2148" WIDTH="68"/>
						<String CONTENT="[&#x00A9;" ID="St_1.2.11.4" HPOS="796" VPOS="2140" HEIGHT="76" WIDTH="124" STYLEREFS="Style_7" WC="0.666666666666667" CC="77"/>
						<SP ID="SP_1.2.11.5" HPOS="872" VPOS="2116" WIDTH="80"/>
						<String CONTENT="new" ID="St_1.2.11.6" HPOS="980" VPOS="2124" HEIGHT="56" WIDTH="204" STYLEREFS="Style_7" WC="0.8" CC="000"/>
						<SP ID="SP_1.2.11.7" HPOS="1140" VPOS="2132" WIDTH="72"/>
						<String CONTENT="material" ID="St_1.2.11.8" HPOS="1240" VPOS="2100" HEIGHT="80" WIDTH="436" STYLEREFS="Style_7" WC="0.894444444444444" CC="00000000"/>
						<SP ID="SP_1.2.11.9" HPOS="1656" VPOS="2120" WIDTH="48"/>
						<String CONTENT="and" ID="St_1.2.11.10" HPOS="1732" VPOS="2104" HEIGHT="76" WIDTH="184" STYLEREFS="Style_7" WC="0.912222222222222" CC="000"/>
						<SP ID="SP_1.2.11.11" HPOS="1884" VPOS="2120" WIDTH="60"/>
						<String CONTENT="revisions]" ID="St_1.2.11.12" HPOS="1976" VPOS="2100" HEIGHT="116" WIDTH="528" STYLEREFS="Style_7" WC="0.941111111111111" CC="0000000000"/>
						<SP ID="SP_1.2.11.13" HPOS="2448" VPOS="2120" WIDTH="1412"/>
						<String CONTENT="3636" ID="St_1.2.11.14" HPOS="3860" VPOS="2096" HEIGHT="80" WIDTH="228" STYLEREFS="Style_7" WC="0.802222222222222" CC="3131"/>
					</TextLine>
					<TextLine ID="TL_1.2.12" HPOS="416" VPOS="2252" HEIGHT="128" WIDTH="1068">
						<String CONTENT="Nelson," ID="St_1.2.12.1" HPOS="416" VPOS="2256" HEIGHT="124" WIDTH="460" STYLEREFS="Style_7" WC="1" CC="0000000"/>
						<SP ID="SP_1.2.12.2" HPOS="860" VPOS="2300" WIDTH="44"/>
						<String CONTENT="Mabel" ID="St_1.2.12.3" HPOS="932" VPOS="2252" HEIGHT="104" WIDTH="372" STYLEREFS="Style_7" WC="1" CC="00000"/>
						<SP ID="SP_1.2.12.4" HPOS="1280" VPOS="2260" WIDTH="48"/>
						<String CONTENT="B." ID="St_1.2.12.5" HPOS="1356" VPOS="2256" HEIGHT="104" WIDTH="128" STYLEREFS="Style_7" WC="1" CC="00"/>
					</TextLine>
					<TextLine ID="TL_1.2.13" HPOS="536" VPOS="2404" HEIGHT="136" WIDTH="3708">
						<String CONTENT="A" ID="St_1.2.13.1" HPOS="536" VPOS="2408" HEIGHT="100" WIDTH="108" STYLEREFS="Style_7" WC="1" CC="0"/>
						<SP ID="SP_1.2.13.2" HPOS="584" VPOS="2408" WIDTH="88"/>
						<String CONTENT="summary" ID="St_1.2.13.3" HPOS="712" VPOS="2440" HEIGHT="100" WIDTH="560" STYLEREFS="Style_7" WC="1" CC="0000000"/>
						<SP ID="SP_1.2.13.4" HPOS="1232" VPOS="2424" WIDTH="68"/>
						<String CONTENT="of" ID="St_1.2.13.5" HPOS="1340" VPOS="2404" HEIGHT="100" WIDTH="128" STYLEREFS="Style_7" WC="1" CC="00"/>
						<SP ID="SP_1.2.13.6" HPOS="1436" VPOS="2408" WIDTH="60"/>
						<String CONTENT="the" ID="St_1.2.13.7" HPOS="1532" VPOS="2408" HEIGHT="96" WIDTH="184" STYLEREFS="Style_7" WC="1" CC="000"/>
						<SP ID="SP_1.2.13.8" HPOS="1684" VPOS="2428" WIDTH="60"/>
						<String CONTENT="important" ID="St_1.2.13.9" HPOS="1784" VPOS="2404" HEIGHT="132" WIDTH="612" STYLEREFS="Style_7" WC="1" CC="000000000"/>
						<SP ID="SP_1.2.13.10" HPOS="2368" VPOS="2412" WIDTH="64"/>
						<String CONTENT="events" ID="St_1.2.13.11" HPOS="2472" VPOS="2416" HEIGHT="88" WIDTH="372" STYLEREFS="Style_7" WC="1" CC="000000"/>
						<SP ID="SP_1.2.13.12" HPOS="2816" VPOS="2424" WIDTH="56"/>
						<String CONTENT="of" ID="St_1.2.13.13" HPOS="2912" VPOS="2404" HEIGHT="100" WIDTH="124" STYLEREFS="Style_7" WC="1" CC="00"/>
						<SP ID="SP_1.2.13.14" HPOS="3004" VPOS="2408" WIDTH="64"/>
						<String CONTENT="United" ID="St_1.2.13.15" HPOS="3104" VPOS="2404" HEIGHT="108" WIDTH="416" STYLEREFS="Style_7" WC="1" CC="000000"/>
						<SP ID="SP_1.2.13.16" HPOS="3480" VPOS="2408" WIDTH="80"/>
						<String CONTENT="States" ID="St_1.2.13.17" HPOS="3604" VPOS="2404" HEIGHT="108" WIDTH="364" STYLEREFS="Style_7" WC="1" CC="000000"/>
						<SP ID="SP_1.2.13.18" HPOS="3940" VPOS="2428" WIDTH="56"/>
						<String CONTENT="his-" ID="St_1.2.13.19" HPOS="4036" VPOS="2408" HEIGHT="100" WIDTH="208" STYLEREFS="Style_7" WC="0.991111111111111" CC="0004"/>
					</TextLine>
					<TextLine ID="TL_1.2.14" HPOS="404" VPOS="2552" HEIGHT="136" WIDTH="3856">
						<String CONTENT="tory," ID="St_1.2.14.1" HPOS="404" VPOS="2564" HEIGHT="124" WIDTH="280" STYLEREFS="Style_7" WC="1" CC="00000"/>
						<SP ID="SP_1.2.14.2" HPOS="668" VPOS="2596" WIDTH="44"/>
						<String CONTENT="including" ID="St_1.2.14.3" HPOS="748" VPOS="2552" HEIGHT="136" WIDTH="576" STYLEREFS="Style_7" WC="1" CC="000000000"/>
						<SP ID="SP_1.2.14.4" HPOS="1284" VPOS="2572" WIDTH="64"/>
						<String CONTENT="a" ID="St_1.2.14.5" HPOS="1380" VPOS="2592" HEIGHT="64" WIDTH="60" STYLEREFS="Style_7" WC="1" CC="0"/>
						<SP ID="SP_1.2.14.6" HPOS="1404" VPOS="2572" WIDTH="64"/>
						<String CONTENT="study" ID="St_1.2.14.7" HPOS="1500" VPOS="2556" HEIGHT="132" WIDTH="328" STYLEREFS="Style_7" WC="1" CC="00000"/>
						<SP ID="SP_1.2.14.8" HPOS="1788" VPOS="2572" WIDTH="68"/>
						<String CONTENT="of" ID="St_1.2.14.9" HPOS="1892" VPOS="2552" HEIGHT="104" WIDTH="120" STYLEREFS="Style_7" WC="1" CC="00"/>
						<SP ID="SP_1.2.14.10" HPOS="1980" VPOS="2552" WIDTH="60"/>
						<String CONTENT="the" ID="St_1.2.14.11" HPOS="2072" VPOS="2552" HEIGHT="104" WIDTH="188" STYLEREFS="Style_7" WC="1" CC="000"/>
						<SP ID="SP_1.2.14.12" HPOS="2228" VPOS="2572" WIDTH="60"/>
						<String CONTENT="growth" ID="St_1.2.14.13" HPOS="2320" VPOS="2560" HEIGHT="124" WIDTH="432" STYLEREFS="Style_7" WC="1" CC="000000"/>
						<SP ID="SP_1.2.14.14" HPOS="2712" VPOS="2556" WIDTH="68"/>
						<String CONTENT="of" ID="St_1.2.14.15" HPOS="2812" VPOS="2552" HEIGHT="100" WIDTH="124" STYLEREFS="Style_7" WC="1" CC="00"/>
						<SP ID="SP_1.2.14.16" HPOS="2904" VPOS="2552" WIDTH="60"/>
						<String CONTENT="the" ID="St_1.2.14.17" HPOS="2992" VPOS="2556" HEIGHT="100" WIDTH="184" STYLEREFS="Style_7" WC="1" CC="000"/>
						<SP ID="SP_1.2.14.18" HPOS="3144" VPOS="2572" WIDTH="56"/>
						<String CONTENT="United" ID="St_1.2.14.19" HPOS="3232" VPOS="2552" HEIGHT="108" WIDTH="420" STYLEREFS="Style_7" WC="1" CC="000000"/>
						<SP ID="SP_1.2.14.20" HPOS="3612" VPOS="2556" WIDTH="68"/>
						<String CONTENT="States" ID="St_1.2.14.21" HPOS="3720" VPOS="2552" HEIGHT="108" WIDTH="364" STYLEREFS="Style_7" WC="1" CC="000000"/>
						<SP ID="SP_1.2.14.22" HPOS="4056" VPOS="2576" WIDTH="56"/>
						<String CONTENT="to" ID="St_1.2.14.23" HPOS="4144" VPOS="2564" HEIGHT="92" WIDTH="116" STYLEREFS="Style_7" WC="1" CC="00"/>
					</TextLine>
					<TextLine ID="TL_1.2.15" HPOS="412" VPOS="2700" HEIGHT="140" WIDTH="3844">
						<String CONTENT="world" ID="St_1.2.15.1" HPOS="412" VPOS="2704" HEIGHT="104" WIDTH="340" STYLEREFS="Style_7" WC="1" CC="00000"/>
						<SP ID="SP_1.2.15.2" HPOS="712" VPOS="2708" WIDTH="72"/>
						<String CONTENT="power," ID="St_1.2.15.3" HPOS="824" VPOS="2740" HEIGHT="96" WIDTH="400" STYLEREFS="Style_7" WC="1" CC="000000"/>
						<SP ID="SP_1.2.15.4" HPOS="1208" VPOS="2748" WIDTH="44"/>
						<String CONTENT="by" ID="St_1.2.15.5" HPOS="1288" VPOS="2704" HEIGHT="136" WIDTH="148" STYLEREFS="Style_7" WC="1" CC="00"/>
						<SP ID="SP_1.2.15.6" HPOS="1396" VPOS="2728" WIDTH="68"/>
						<String CONTENT="Mabel" ID="St_1.2.15.7" HPOS="1496" VPOS="2704" HEIGHT="100" WIDTH="372" STYLEREFS="Style_7" WC="0.967777777777778" CC="33000"/>
						<SP ID="SP_1.2.15.8" HPOS="1848" VPOS="2708" WIDTH="48"/>
						<String CONTENT="B." ID="St_1.2.15.9" HPOS="1932" VPOS="2708" HEIGHT="96" WIDTH="128" STYLEREFS="Style_7" WC="0.972222222222222" CC="00"/>
						<SP ID="SP_1.2.15.10" HPOS="2048" VPOS="2748" WIDTH="44"/>
						<String CONTENT="Nelson" ID="St_1.2.15.11" HPOS="2132" VPOS="2704" HEIGHT="104" WIDTH="408" STYLEREFS="Style_7" WC="0.977777777777778" CC="000000"/>
						<SP ID="SP_1.2.15.12" HPOS="2500" VPOS="2724" WIDTH="80"/>
						<String CONTENT="&#x02026;" ID="St_1.2.15.13" HPOS="2604" VPOS="2712" HEIGHT="104" WIDTH="68" STYLEREFS="Style_7" WC="0.978888888888889" CC="0"/>
						<SP ID="SP_1.2.15.14" HPOS="2716" VPOS="2772" WIDTH="88"/>
						<String CONTENT="Mason" ID="St_1.2.15.15" HPOS="2884" VPOS="2704" HEIGHT="104" WIDTH="388" STYLEREFS="Style_7" WC="0.982222222222222" CC="00000"/>
						<SP ID="SP_1.2.15.16" HPOS="3232" VPOS="2728" WIDTH="76"/>
						<String CONTENT="City," ID="St_1.2.15.17" HPOS="3348" VPOS="2704" HEIGHT="132" WIDTH="296" STYLEREFS="Style_7" WC="0.984444444444444" CC="00000"/>
						<SP ID="SP_1.2.15.18" HPOS="3624" VPOS="2748" WIDTH="48"/>
						<String CONTENT="Ia.," ID="St_1.2.15.19" HPOS="3712" VPOS="2704" HEIGHT="136" WIDTH="200" STYLEREFS="Style_7" WC="0.977777777777778" CC="4000"/>
						<SP ID="SP_1.2.15.20" HPOS="3896" VPOS="2752" WIDTH="44"/>
						<String CONTENT="Pub." ID="St_1.2.15.21" HPOS="3980" VPOS="2700" HEIGHT="112" WIDTH="276" STYLEREFS="Style_7" WC="0.978888888888889" CC="0000"/>
					</TextLine>
					<TextLine ID="TL_1.2.16" HPOS="404" VPOS="2852" HEIGHT="132" WIDTH="2284">
						<String CONTENT="by" ID="St_1.2.16.1" HPOS="404" VPOS="2852" HEIGHT="132" WIDTH="144" STYLEREFS="Style_7" WC="1" CC="00"/>
						<SP ID="SP_1.2.16.2" HPOS="508" VPOS="2872" WIDTH="64"/>
						<String CONTENT="Crescent" ID="St_1.2.16.3" HPOS="600" VPOS="2852" HEIGHT="108" WIDTH="512" STYLEREFS="Style_7" WC="1" CC="00000000"/>
						<SP ID="SP_1.2.16.4" HPOS="1084" VPOS="2860" WIDTH="56"/>
						<String CONTENT="printing" ID="St_1.2.16.5" HPOS="1168" VPOS="2852" HEIGHT="132" WIDTH="508" STYLEREFS="Style_7" WC="1" CC="00000000"/>
						<SP ID="SP_1.2.16.6" HPOS="1636" VPOS="2872" WIDTH="64"/>
						<String CONTENT="company," ID="St_1.2.16.7" HPOS="1728" VPOS="2888" HEIGHT="96" WIDTH="572" STYLEREFS="Style_7" WC="1" CC="00000000"/>
						<SP ID="SP_1.2.16.8" HPOS="2284" VPOS="2896" WIDTH="40"/>
						<String CONTENT="1" ID="St_1.2.16.9" HPOS="2356" VPOS="2864" HEIGHT="44" WIDTH="32" STYLEREFS="Style_7" WC="0.971111111111111" CC="8"/>
						<String CONTENT="1930." ID="St_1.2.16.10" HPOS="2396" VPOS="2860" HEIGHT="96" WIDTH="292" STYLEREFS="Style_7" WC="0.974444444444444" CC="00000"/>
					</TextLine>
					<TextLine ID="TL_1.2.17" HPOS="544" VPOS="3008" HEIGHT="96" WIDTH="804">
						<String CONTENT="62" ID="St_1.2.17.1" HPOS="544" VPOS="3008" HEIGHT="80" WIDTH="108" STYLEREFS="Style_7" WC="1" CC="00"/>
						<SP ID="SP_1.2.17.2" HPOS="620" VPOS="3008" WIDTH="48"/>
						<String CONTENT="p." ID="St_1.2.17.3" HPOS="692" VPOS="3032" HEIGHT="72" WIDTH="84" STYLEREFS="Style_7" WC="1" CC="00"/>
						<SP ID="SP_1.2.17.4" HPOS="764" VPOS="3036" WIDTH="64"/>
						<String CONTENT="22&#x0368;&#x036B;." ID="St_1.2.17.5" HPOS="892" VPOS="3008" HEIGHT="88" WIDTH="456" STYLEREFS="Style_7" WC="0.958888888888889" CC="00004"/>
					</TextLine>
					<TextLine ID="TL_1.2.18" HPOS="424" VPOS="3112" HEIGHT="100" WIDTH="3840">
						<String CONTENT="&#x00A9;" ID="St_1.2.18.1" HPOS="424" VPOS="3112" HEIGHT="96" WIDTH="96" STYLEREFS="Style_7" WC="0.555555555555556" CC="4"/>
						<SP ID="SP_1.2.18.2" HPOS="468" VPOS="3112" WIDTH="84"/>
						<String CONTENT="Mar." ID="St_1.2.18.3" HPOS="584" VPOS="3124" HEIGHT="76" WIDTH="236" STYLEREFS="Style_7" WC="0.925555555555556" CC="0000"/>
						<SP ID="SP_1.2.18.4" HPOS="808" VPOS="3156" WIDTH="40"/>
						<String CONTENT="26," ID="St_1.2.18.5" HPOS="880" VPOS="3120" HEIGHT="88" WIDTH="132" STYLEREFS="Style_7" WC="0.955555555555556" CC="000"/>
						<SP ID="SP_1.2.18.6" HPOS="1000" VPOS="3156" WIDTH="40"/>
						<String CONTENT="1930;" ID="St_1.2.18.7" HPOS="1076" VPOS="3120" HEIGHT="88" WIDTH="272" STYLEREFS="Style_7" WC="0.972222222222222" CC="00000"/>
						<SP ID="SP_1.2.18.8" HPOS="1332" VPOS="3132" WIDTH="44"/>
						<String CONTENT="2c." ID="St_1.2.18.9" HPOS="1408" VPOS="3120" HEIGHT="80" WIDTH="132" STYLEREFS="Style_7" WC="0.977777777777778" CC="000"/>
						<SP ID="SP_1.2.18.10" HPOS="1524" VPOS="3156" WIDTH="44"/>
						<String CONTENT="M" ID="St_1.2.18.11" HPOS="1600" VPOS="3124" HEIGHT="76" WIDTH="100" STYLEREFS="Style_8" WC="0.958888888888889" CC="4"/>
						<String CONTENT="ar." ID="St_1.2.18.12" HPOS="1700" VPOS="3140" HEIGHT="56" WIDTH="136" STYLEREFS="Style_8" WC="0.964444444444444" CC="000"/>
						<SP ID="SP_1.2.18.13" HPOS="1824" VPOS="3152" WIDTH="40"/>
						<String CONTENT="31;" ID="St_1.2.18.14" HPOS="1892" VPOS="3120" HEIGHT="88" WIDTH="160" STYLEREFS="Style_8" WC="0.953333333333333" CC="400"/>
						<SP ID="SP_1.2.18.15" HPOS="2036" VPOS="3132" WIDTH="44"/>
						<String CONTENT="aff." ID="St_1.2.18.16" HPOS="2120" VPOS="3116" HEIGHT="80" WIDTH="160" STYLEREFS="Style_8" WC="0.96" CC="0000"/>
						<SP ID="SP_1.2.18.17" HPOS="2268" VPOS="3156" WIDTH="40"/>
						<String CONTENT="Apr." ID="St_1.2.18.18" HPOS="2336" VPOS="3120" HEIGHT="92" WIDTH="224" STYLEREFS="Style_8" WC="0.965555555555556" CC="0000"/>
						<SP ID="SP_1.2.18.19" HPOS="2544" VPOS="3152" WIDTH="44"/>
						<String CONTENT="7;" ID="St_1.2.18.20" HPOS="2620" VPOS="3124" HEIGHT="84" WIDTH="104" STYLEREFS="Style_8" WC="0.967777777777778" CC="00"/>
						<SP ID="SP_1.2.18.21" HPOS="2708" VPOS="3132" WIDTH="44"/>
						<String CONTENT="A" ID="St_1.2.18.22" HPOS="2788" VPOS="3116" HEIGHT="76" WIDTH="76" STYLEREFS="Style_8" WC="0.968888888888889" CC="0"/>
						<SP ID="SP_1.2.18.23" HPOS="2820" VPOS="3120" WIDTH="72"/>
						<String CONTENT="21634;" ID="St_1.2.18.24" HPOS="2928" VPOS="3116" HEIGHT="92" WIDTH="328" STYLEREFS="Style_8" WC="0.964444444444444" CC="000400"/>
						<SP ID="SP_1.2.18.25" HPOS="3240" VPOS="3132" WIDTH="48"/>
						<String CONTENT="M." ID="St_1.2.18.26" HPOS="3328" VPOS="3120" HEIGHT="76" WIDTH="120" STYLEREFS="Style_8" WC="0.957777777777778" CC="40"/>
						<SP ID="SP_1.2.18.27" HPOS="3432" VPOS="3152" WIDTH="44"/>
						<String CONTENT="B." ID="St_1.2.18.28" HPOS="3512" VPOS="3120" HEIGHT="76" WIDTH="104" STYLEREFS="Style_8" WC="0.96" CC="00"/>
						<SP ID="SP_1.2.18.29" HPOS="3600" VPOS="3152" WIDTH="44"/>
						<String CONTENT="Nels" ID="St_1.2.18.30" HPOS="3676" VPOS="3116" HEIGHT="76" WIDTH="224" STYLEREFS="Style_8" WC="0.963333333333333" CC="0000"/>
						<String CONTENT="o" ID="St_1.2.18.31" HPOS="3908" VPOS="3136" HEIGHT="56" WIDTH="52" STYLEREFS="Style_8" WC="0.956666666666667" CC="4"/>
						<String CONTENT="n," ID="St_1.2.18.32" HPOS="3960" VPOS="3136" HEIGHT="72" WIDTH="92" STYLEREFS="Style_8" WC="0.958888888888889" CC="00"/>
						<SP ID="SP_1.2.18.33" HPOS="4040" VPOS="3152" WIDTH="40"/>
						<String CONTENT="Al-" ID="St_1.2.18.34" HPOS="4112" VPOS="3116" HEIGHT="76" WIDTH="152" STYLEREFS="Style_8" WC="0.961111111111111" CC="000"/>
					</TextLine>
					<TextLine ID="TL_1.2.19" HPOS="556" VPOS="3224" HEIGHT="104" WIDTH="3544">
						<String CONTENT="bert" ID="St_1.2.19.1" HPOS="556" VPOS="3232" HEIGHT="76" WIDTH="204" STYLEREFS="Style_8" WC="1" CC="0000"/>
						<SP ID="SP_1.2.19.2" HPOS="736" VPOS="3248" WIDTH="44"/>
						<String CONTENT="Lea," ID="St_1.2.19.3" HPOS="808" VPOS="3232" HEIGHT="92" WIDTH="216" STYLEREFS="Style_8" WC="1" CC="0000"/>
						<SP ID="SP_1.2.19.4" HPOS="1008" VPOS="3276" WIDTH="40"/>
						<String CONTENT="M" ID="St_1.2.19.5" HPOS="1076" VPOS="3232" HEIGHT="76" WIDTH="96" STYLEREFS="Style_8" WC="0.968888888888889" CC="3"/>
						<String CONTENT="i" ID="St_1.2.19.6" HPOS="1180" VPOS="3228" HEIGHT="76" WIDTH="24" STYLEREFS="Style_9" WC="0.962222222222222" CC="1"/>
						<String CONTENT="nn." ID="St_1.2.19.7" HPOS="1216" VPOS="3248" HEIGHT="60" WIDTH="148" STYLEREFS="Style_9" WC="0.947777777777778" CC="300"/>
						<SP ID="SP_1.2.19.8" HPOS="1352" VPOS="3276" WIDTH="72"/>
						<String CONTENT="(" ID="St_1.2.19.9" HPOS="1492" VPOS="3228" HEIGHT="92" WIDTH="28" STYLEREFS="Style_9" WC="0.953333333333333" CC="0"/>
						<String CONTENT="3" ID="St_1.2.19.10" HPOS="1532" VPOS="3232" HEIGHT="76" WIDTH="52" STYLEREFS="Style_10" WC="0.931111111111111" CC="4"/>
						<String CONTENT="0-9961)" ID="St_1.2.19.11" HPOS="1592" VPOS="3228" HEIGHT="96" WIDTH="384" STYLEREFS="Style_10" WC="0.951111111111111" CC="0000000"/>
						<SP ID="SP_1.2.19.12" HPOS="1956" VPOS="3232" WIDTH="1916"/>
						<String CONTENT="363" ID="St_1.2.19.13" HPOS="3872" VPOS="3224" HEIGHT="80" WIDTH="168" STYLEREFS="Style_10" WC="0.745555555555556" CC="313"/>
						<String CONTENT="7" ID="St_1.2.19.14" HPOS="4052" VPOS="3224" HEIGHT="80" WIDTH="48" STYLEREFS="Style_10" WC="0.748888888888889" CC="1"/>
					</TextLine>
					<TextLine ID="TL_1.2.20" HPOS="416" VPOS="3380" HEIGHT="140" WIDTH="2240">
						<String CONTENT="New" ID="St_1.2.20.1" HPOS="416" VPOS="3380" HEIGHT="104" WIDTH="284" STYLEREFS="Style_10" WC="1" CC="000"/>
						<SP ID="SP_1.2.20.2" HPOS="644" VPOS="3400" WIDTH="84"/>
						<String CONTENT="York" ID="St_1.2.20.3" HPOS="760" VPOS="3384" HEIGHT="100" WIDTH="308" STYLEREFS="Style_10" WC="1" CC="0000"/>
						<SP ID="SP_1.2.20.4" HPOS="1028" VPOS="3384" WIDTH="80"/>
						<String CONTENT="(City)" ID="St_1.2.20.5" HPOS="1152" VPOS="3384" HEIGHT="136" WIDTH="368" STYLEREFS="Style_11" WC="1" CC="000000"/>
						<SP ID="SP_1.2.20.6" HPOS="1496" VPOS="3384" WIDTH="108"/>
						<String CONTENT="Ordinances," ID="St_1.2.20.7" HPOS="1692" VPOS="3384" HEIGHT="136" WIDTH="712" STYLEREFS="Style_11" WC="1" CC="00000000000"/>
						<SP ID="SP_1.2.20.8" HPOS="2388" VPOS="3428" WIDTH="44"/>
						<String CONTENT="etc." ID="St_1.2.20.9" HPOS="2464" VPOS="3396" HEIGHT="92" WIDTH="192" STYLEREFS="Style_11" WC="1" CC="0000"/>
					</TextLine>
					<TextLine ID="TL_1.2.21" HPOS="600" VPOS="3532" HEIGHT="136" WIDTH="3680">
						<String CONTENT="&#x02026;" ID="St_1.2.21.1" HPOS="600" VPOS="3532" HEIGHT="112" WIDTH="68" STYLEREFS="Style_11" WC="1" CC="0"/>
						<SP ID="SP_1.2.21.2" HPOS="656" VPOS="3616" WIDTH="20"/>
						<String CONTENT="The" ID="St_1.2.21.3" HPOS="736" VPOS="3536" HEIGHT="104" WIDTH="232" STYLEREFS="Style_11" WC="0.933333333333333" CC="000"/>
						<SP ID="SP_1.2.21.4" HPOS="936" VPOS="3552" WIDTH="56"/>
						<String CONTENT="Code" ID="St_1.2.21.5" HPOS="1024" VPOS="3536" HEIGHT="104" WIDTH="292" STYLEREFS="Style_11" WC="0.966666666666667" CC="0000"/>
						<SP ID="SP_1.2.21.6" HPOS="1288" VPOS="3552" WIDTH="52"/>
						<String CONTENT="of" ID="St_1.2.21.7" HPOS="1368" VPOS="3536" HEIGHT="104" WIDTH="124" STYLEREFS="Style_11" WC="0.973333333333333" CC="00"/>
						<SP ID="SP_1.2.21.8" HPOS="1460" VPOS="3536" WIDTH="52"/>
						<String CONTENT="ordinances" ID="St_1.2.21.9" HPOS="1540" VPOS="3536" HEIGHT="104" WIDTH="644" STYLEREFS="Style_11" WC="0.985555555555556" CC="0000000000"/>
						<SP ID="SP_1.2.21.10" HPOS="2156" VPOS="3556" WIDTH="48"/>
						<String CONTENT="of" ID="St_1.2.21.11" HPOS="2236" VPOS="3536" HEIGHT="104" WIDTH="124" STYLEREFS="Style_11" WC="0.986666666666667" CC="00"/>
						<SP ID="SP_1.2.21.12" HPOS="2328" VPOS="3536" WIDTH="52"/>
						<String CONTENT="the" ID="St_1.2.21.13" HPOS="2404" VPOS="3536" HEIGHT="100" WIDTH="184" STYLEREFS="Style_11" WC="0.988888888888889" CC="000"/>
						<SP ID="SP_1.2.21.14" HPOS="2556" VPOS="3552" WIDTH="56"/>
						<String CONTENT="city" ID="St_1.2.21.15" HPOS="2640" VPOS="3536" HEIGHT="132" WIDTH="224" STYLEREFS="Style_11" WC="0.99" CC="0000"/>
						<SP ID="SP_1.2.21.16" HPOS="2820" VPOS="3552" WIDTH="64"/>
						<String CONTENT="of" ID="St_1.2.21.17" HPOS="2912" VPOS="3536" HEIGHT="100" WIDTH="128" STYLEREFS="Style_11" WC="0.991111111111111" CC="00"/>
						<SP ID="SP_1.2.21.18" HPOS="3008" VPOS="3536" WIDTH="52"/>
						<String CONTENT="New" ID="St_1.2.21.19" HPOS="3088" VPOS="3536" HEIGHT="100" WIDTH="268" STYLEREFS="Style_11" WC="0.992222222222222" CC="000"/>
						<SP ID="SP_1.2.21.20" HPOS="3304" VPOS="3552" WIDTH="76"/>
						<String CONTENT="York," ID="St_1.2.21.21" HPOS="3408" VPOS="3536" HEIGHT="132" WIDTH="348" STYLEREFS="Style_11" WC="0.992222222222222" CC="00000"/>
						<SP ID="SP_1.2.21.22" HPOS="3740" VPOS="3576" WIDTH="36"/>
						<String CONTENT="with" ID="St_1.2.21.23" HPOS="3804" VPOS="3532" HEIGHT="100" WIDTH="268" STYLEREFS="Style_11" WC="0.993333333333333" CC="0000"/>
						<SP ID="SP_1.2.21.24" HPOS="4028" VPOS="3536" WIDTH="72"/>
						<String CONTENT="all" ID="St_1.2.21.25" HPOS="4132" VPOS="3532" HEIGHT="104" WIDTH="148" STYLEREFS="Style_11" WC="0.993333333333333" CC="000"/>
					</TextLine>
					<TextLine ID="TL_1.2.22" HPOS="424" VPOS="3680" HEIGHT="140" WIDTH="3860">
						<String CONTENT="amendments" ID="St_1.2.22.1" HPOS="424" VPOS="3688" HEIGHT="100" WIDTH="748" STYLEREFS="Style_11" WC="1" CC="0000000000"/>
						<SP ID="SP_1.2.22.2" HPOS="1144" VPOS="3708" WIDTH="48"/>
						<String CONTENT="to" ID="St_1.2.22.3" HPOS="1216" VPOS="3696" HEIGHT="92" WIDTH="116" STYLEREFS="Style_11" WC="1" CC="00"/>
						<SP ID="SP_1.2.22.4" HPOS="1296" VPOS="3704" WIDTH="56"/>
						<String CONTENT="January" ID="St_1.2.22.5" HPOS="1376" VPOS="3688" HEIGHT="132" WIDTH="512" STYLEREFS="Style_11" WC="1" CC="0000000"/>
						<SP ID="SP_1.2.22.6" HPOS="1848" VPOS="3704" WIDTH="64"/>
						<String CONTENT="1st," ID="St_1.2.22.7" HPOS="1940" VPOS="3692" HEIGHT="128" WIDTH="192" STYLEREFS="Style_11" WC="1" CC="0000"/>
						<SP ID="SP_1.2.22.8" HPOS="2116" VPOS="3728" WIDTH="44"/>
						<String CONTENT="1930," ID="St_1.2.22.9" HPOS="2192" VPOS="3692" HEIGHT="124" WIDTH="288" STYLEREFS="Style_11" WC="1" CC="00000"/>
						<SP ID="SP_1.2.22.10" HPOS="2464" VPOS="3728" WIDTH="40"/>
						<String CONTENT="including" ID="St_1.2.22.11" HPOS="2532" VPOS="3688" HEIGHT="128" WIDTH="580" STYLEREFS="Style_11" WC="1" CC="000000000"/>
						<SP ID="SP_1.2.22.12" HPOS="3072" VPOS="3704" WIDTH="60"/>
						<String CONTENT="the" ID="St_1.2.22.13" HPOS="3160" VPOS="3688" HEIGHT="100" WIDTH="184" STYLEREFS="Style_11" WC="1" CC="000"/>
						<SP ID="SP_1.2.22.14" HPOS="3312" VPOS="3704" WIDTH="52"/>
						<String CONTENT="Building" ID="St_1.2.22.15" HPOS="3392" VPOS="3680" HEIGHT="136" WIDTH="548" STYLEREFS="Style_11" WC="1" CC="00000000"/>
						<SP ID="SP_1.2.22.16" HPOS="3896" VPOS="3700" WIDTH="64"/>
						<String CONTENT="code," ID="St_1.2.22.17" HPOS="3988" VPOS="3688" HEIGHT="124" WIDTH="296" STYLEREFS="Style_11" WC="1" CC="00000"/>
					</TextLine>
					<TextLine ID="TL_1.2.23" HPOS="420" VPOS="3832" HEIGHT="136" WIDTH="3856">
						<String CONTENT="the" ID="St_1.2.23.1" HPOS="420" VPOS="3836" HEIGHT="100" WIDTH="188" STYLEREFS="Style_11" WC="1" CC="000"/>
						<SP ID="SP_1.2.23.2" HPOS="576" VPOS="3852" WIDTH="60"/>
						<String CONTENT="new" ID="St_1.2.23.3" HPOS="672" VPOS="3868" HEIGHT="68" WIDTH="236" STYLEREFS="Style_11" WC="1" CC="000"/>
						<SP ID="SP_1.2.23.4" HPOS="856" VPOS="3852" WIDTH="84"/>
						<String CONTENT="Electrical" ID="St_1.2.23.5" HPOS="980" VPOS="3832" HEIGHT="104" WIDTH="588" STYLEREFS="Style_11" WC="1" CC="0000000000"/>
						<SP ID="SP_1.2.23.6" HPOS="1544" VPOS="3832" WIDTH="56"/>
						<String CONTENT="code," ID="St_1.2.23.7" HPOS="1636" VPOS="3836" HEIGHT="128" WIDTH="292" STYLEREFS="Style_11" WC="1" CC="00000"/>
						<SP ID="SP_1.2.23.8" HPOS="1912" VPOS="3872" WIDTH="44"/>
						<String CONTENT="the" ID="St_1.2.23.9" HPOS="1996" VPOS="3836" HEIGHT="100" WIDTH="184" STYLEREFS="Style_11" WC="1" CC="000"/>
						<SP ID="SP_1.2.23.10" HPOS="2148" VPOS="3852" WIDTH="64"/>
						<String CONTENT="Sanitary" ID="St_1.2.23.11" HPOS="2252" VPOS="3832" HEIGHT="136" WIDTH="528" STYLEREFS="Style_11" WC="1" CC="00000000"/>
						<SP ID="SP_1.2.23.12" HPOS="2740" VPOS="3852" WIDTH="72"/>
						<String CONTENT="code," ID="St_1.2.23.13" HPOS="2848" VPOS="3836" HEIGHT="132" WIDTH="292" STYLEREFS="Style_11" WC="1" CC="00000"/>
						<SP ID="SP_1.2.23.14" HPOS="3124" VPOS="3876" WIDTH="44"/>
						<String CONTENT="and" ID="St_1.2.23.15" HPOS="3208" VPOS="3836" HEIGHT="100" WIDTH="216" STYLEREFS="Style_11" WC="1" CC="000"/>
						<SP ID="SP_1.2.23.16" HPOS="3384" VPOS="3832" WIDTH="72"/>
						<String CONTENT="the" ID="St_1.2.23.17" HPOS="3496" VPOS="3836" HEIGHT="100" WIDTH="184" STYLEREFS="Style_11" WC="1" CC="000"/>
						<SP ID="SP_1.2.23.18" HPOS="3648" VPOS="3852" WIDTH="60"/>
						<String CONTENT="amended" ID="St_1.2.23.19" HPOS="3748" VPOS="3832" HEIGHT="100" WIDTH="528" STYLEREFS="Style_11" WC="1" CC="0000000"/>
					</TextLine>
					<TextLine ID="TL_1.2.24" HPOS="428" VPOS="3980" HEIGHT="140" WIDTH="3856">
						<String CONTENT="Building" ID="St_1.2.24.1" HPOS="428" VPOS="3984" HEIGHT="132" WIDTH="544" STYLEREFS="Style_11" WC="1" CC="00000000"/>
						<SP ID="SP_1.2.24.2" HPOS="928" VPOS="4000" WIDTH="68"/>
						<String CONTENT="zone" ID="St_1.2.24.3" HPOS="1024" VPOS="4020" HEIGHT="68" WIDTH="264" STYLEREFS="Style_11" WC="1" CC="0000"/>
						<SP ID="SP_1.2.24.4" HPOS="1256" VPOS="4004" WIDTH="56"/>
						<String CONTENT="resolution," ID="St_1.2.24.5" HPOS="1340" VPOS="3984" HEIGHT="132" WIDTH="636" STYLEREFS="Style_11" WC="1" CC="00000000000"/>
						<SP ID="SP_1.2.24.6" HPOS="1960" VPOS="4024" WIDTH="44"/>
						<String CONTENT="edited" ID="St_1.2.24.7" HPOS="2036" VPOS="3988" HEIGHT="100" WIDTH="360" STYLEREFS="Style_11" WC="1" CC="000000"/>
						<SP ID="SP_1.2.24.8" HPOS="2356" VPOS="3984" WIDTH="64"/>
						<String CONTENT="by" ID="St_1.2.24.9" HPOS="2452" VPOS="3988" HEIGHT="132" WIDTH="148" STYLEREFS="Style_11" WC="1" CC="00"/>
						<SP ID="SP_1.2.24.10" HPOS="2556" VPOS="4004" WIDTH="64"/>
						<String CONTENT="William" ID="St_1.2.24.11" HPOS="2652" VPOS="3984" HEIGHT="104" WIDTH="508" STYLEREFS="Style_11" WC="1" CC="0000000"/>
						<SP ID="SP_1.2.24.12" HPOS="3100" VPOS="4004" WIDTH="88"/>
						<String CONTENT="Edward" ID="St_1.2.24.13" HPOS="3220" VPOS="3984" HEIGHT="100" WIDTH="484" STYLEREFS="Style_11" WC="1" CC="000000"/>
						<SP ID="SP_1.2.24.14" HPOS="3664" VPOS="3984" WIDTH="68"/>
						<String CONTENT="Baldwin" ID="St_1.2.24.15" HPOS="3768" VPOS="3980" HEIGHT="104" WIDTH="516" STYLEREFS="Style_11" WC="1" CC="0000000"/>
					</TextLine>
					<TextLine ID="TL_1.2.25" HPOS="524" VPOS="4132" HEIGHT="136" WIDTH="3564">
						<String CONTENT="&#x02026;" ID="St_1.2.25.1" HPOS="560" VPOS="4136" HEIGHT="108" WIDTH="68" STYLEREFS="Style_11" WC="1" CC="0"/>
						<SP ID="SP_1.2.25.2" HPOS="524" VPOS="4216" WIDTH="20"/>
						<String CONTENT="New" ID="St_1.2.25.3" HPOS="696" VPOS="4136" HEIGHT="100" WIDTH="264" STYLEREFS="Style_11" WC="0.933333333333333" CC="000"/>
						<SP ID="SP_1.2.25.4" HPOS="908" VPOS="4152" WIDTH="80"/>
						<String CONTENT="York," ID="St_1.2.25.5" HPOS="1024" VPOS="4132" HEIGHT="136" WIDTH="348" STYLEREFS="Style_11" WC="0.968888888888889" CC="00000"/>
						<SP ID="SP_1.2.25.6" HPOS="1356" VPOS="4176" WIDTH="44"/>
						<String CONTENT="The" ID="St_1.2.25.7" HPOS="1432" VPOS="4136" HEIGHT="100" WIDTH="236" STYLEREFS="Style_11" WC="0.977777777777778" CC="000"/>
						<SP ID="SP_1.2.25.8" HPOS="1636" VPOS="4152" WIDTH="60"/>
						<String CONTENT="Banks" ID="St_1.2.25.9" HPOS="1732" VPOS="4136" HEIGHT="100" WIDTH="376" STYLEREFS="Style_11" WC="0.983333333333333" CC="00000"/>
						<SP ID="SP_1.2.25.10" HPOS="2080" VPOS="4152" WIDTH="56"/>
						<String CONTENT="law" ID="St_1.2.25.11" HPOS="2172" VPOS="4136" HEIGHT="96" WIDTH="212" STYLEREFS="Style_11" WC="0.986666666666667" CC="000"/>
						<SP ID="SP_1.2.25.12" HPOS="2328" VPOS="4152" WIDTH="84"/>
						<String CONTENT="publishing" ID="St_1.2.25.13" HPOS="2448" VPOS="4132" HEIGHT="136" WIDTH="648" STYLEREFS="Style_11" WC="0.99" CC="0000000000"/>
						<SP ID="SP_1.2.25.14" HPOS="3052" VPOS="4152" WIDTH="72"/>
						<String CONTENT="company," ID="St_1.2.25.15" HPOS="3160" VPOS="4168" HEIGHT="100" WIDTH="572" STYLEREFS="Style_11" WC="0.992222222222222" CC="00000000"/>
						<SP ID="SP_1.2.25.16" HPOS="3716" VPOS="4176" WIDTH="44"/>
						<String CONTENT="1930." ID="St_1.2.25.17" HPOS="3800" VPOS="4140" HEIGHT="96" WIDTH="288" STYLEREFS="Style_11" WC="0.993333333333333" CC="00000"/>
					</TextLine>
					<TextLine ID="TL_1.2.26" HPOS="548" VPOS="4284" HEIGHT="96" WIDTH="3048">
						<String CONTENT="3" ID="St_1.2.26.1" HPOS="548" VPOS="4288" HEIGHT="80" WIDTH="56" STYLEREFS="Style_11" WC="0.666666666666667" CC="3"/>
						<SP ID="SP_1.2.26.2" HPOS="548" VPOS="4288" WIDTH="56"/>
						<String CONTENT="p." ID="St_1.2.26.3" HPOS="652" VPOS="4304" HEIGHT="76" WIDTH="80" STYLEREFS="Style_11" WC="0.805555555555556" CC="00"/>
						<SP ID="SP_1.2.26.4" HPOS="720" VPOS="4312" WIDTH="36"/>
						<String CONTENT="l" ID="St_1.2.26.5" HPOS="784" VPOS="4284" HEIGHT="76" WIDTH="32" STYLEREFS="Style_11" WC="0.87" CC="0"/>
						<String CONTENT=".," ID="St_1.2.26.6" HPOS="824" VPOS="4348" HEIGHT="32" WIDTH="48" STYLEREFS="Style_11" WC="0.902222222222222" CC="00"/>
						<SP ID="SP_1.2.26.7" HPOS="860" VPOS="4312" WIDTH="32"/>
						<String CONTENT="3" ID="St_1.2.26.8" HPOS="920" VPOS="4288" HEIGHT="76" WIDTH="52" STYLEREFS="Style_11" WC="0.877777777777778" CC="4"/>
						<String CONTENT="-" ID="St_1.2.26.9" HPOS="980" VPOS="4328" HEIGHT="12" WIDTH="56" STYLEREFS="Style_11" WC="0.888888888888889" CC="0"/>
						<String CONTENT="7" ID="St_1.2.26.10" HPOS="1040" VPOS="4292" HEIGHT="72" WIDTH="52" STYLEREFS="Style_11" WC="0.897777777777778" CC="0"/>
						<String CONTENT="1" ID="St_1.2.26.11" HPOS="1092" VPOS="4288" HEIGHT="76" WIDTH="52" STYLEREFS="Style_11" WC="0.905555555555556" CC="0"/>
						<String CONTENT="0," ID="St_1.2.26.12" HPOS="1148" VPOS="4288" HEIGHT="88" WIDTH="80" STYLEREFS="Style_11" WC="0.917777777777778" CC="00"/>
						<SP ID="SP_1.2.26.13" HPOS="1216" VPOS="4312" WIDTH="36"/>
						<String CONTENT="16" ID="St_1.2.26.14" HPOS="1280" VPOS="4288" HEIGHT="76" WIDTH="112" STYLEREFS="Style_11" WC="0.906666666666667" CC="00"/>
						<SP ID="SP_1.2.26.15" HPOS="1360" VPOS="4284" WIDTH="52"/>
						<String CONTENT="p.," ID="St_1.2.26.16" HPOS="1436" VPOS="4312" HEIGHT="68" WIDTH="116" STYLEREFS="Style_11" WC="0.923333333333333" CC="000"/>
						<SP ID="SP_1.2.26.17" HPOS="1536" VPOS="4312" WIDTH="40"/>
						<String CONTENT="1" ID="St_1.2.26.18" HPOS="1604" VPOS="4288" HEIGHT="76" WIDTH="48" STYLEREFS="Style_11" WC="0.93" CC="0"/>
						<SP ID="SP_1.2.26.19" HPOS="1624" VPOS="4284" WIDTH="52"/>
						<String CONTENT="l" ID="St_1.2.26.20" HPOS="1708" VPOS="4288" HEIGHT="76" WIDTH="28" STYLEREFS="Style_11" WC="0.935555555555556" CC="0"/>
						<String CONTENT=".," ID="St_1.2.26.21" HPOS="1748" VPOS="4348" HEIGHT="28" WIDTH="44" STYLEREFS="Style_11" WC="0.94" CC="00"/>
						<SP ID="SP_1.2.26.22" HPOS="1776" VPOS="4312" WIDTH="40"/>
						<String CONTENT="77" ID="St_1.2.26.23" HPOS="1848" VPOS="4288" HEIGHT="76" WIDTH="108" STYLEREFS="Style_11" WC="0.945555555555556" CC="00"/>
						<SP ID="SP_1.2.26.24" HPOS="1924" VPOS="4284" WIDTH="56"/>
						<String CONTENT="p." ID="St_1.2.26.25" HPOS="2008" VPOS="4304" HEIGHT="76" WIDTH="84" STYLEREFS="Style_11" WC="0.95" CC="00"/>
						<SP ID="SP_1.2.26.26" HPOS="2076" VPOS="4312" WIDTH="68"/>
						<String CONTENT="ill" ID="St_1.2.26.27" HPOS="2204" VPOS="4288" HEIGHT="76" WIDTH="108" STYLEREFS="Style_11" WC="0.955555555555556" CC="000"/>
						<String CONTENT="u" ID="St_1.2.26.28" HPOS="2320" VPOS="4308" HEIGHT="56" WIDTH="56" STYLEREFS="Style_11" WC="0.945555555555556" CC="4"/>
						<String CONTENT="s.," ID="St_1.2.26.29" HPOS="2384" VPOS="4308" HEIGHT="72" WIDTH="100" STYLEREFS="Style_11" WC="0.948888888888889" CC="000"/>
						<SP ID="SP_1.2.26.30" HPOS="2472" VPOS="4312" WIDTH="36"/>
						<String CONTENT="diagrs." ID="St_1.2.26.31" HPOS="2536" VPOS="4288" HEIGHT="92" WIDTH="348" STYLEREFS="Style_11" WC="0.948888888888889" CC="0000040"/>
						<SP ID="SP_1.2.26.32" HPOS="2872" VPOS="4312" WIDTH="68"/>
						<String CONTENT="22&#x00BD;&#x0368;&#x036B;." ID="St_1.2.26.33" HPOS="3000" VPOS="4288" HEIGHT="88" WIDTH="596" STYLEREFS="Style_11" WC="0.952222222222222" CC="000001"/>
					</TextLine>
					<TextLine ID="TL_1.2.27" HPOS="556" VPOS="4392" HEIGHT="80" WIDTH="764">
						<String CONTENT="&quot;1930" ID="St_1.2.27.1" HPOS="556" VPOS="4396" HEIGHT="76" WIDTH="280" STYLEREFS="Style_11" WC="0.911111111111111" CC="00040"/>
						<SP ID="SP_1.2.27.2" HPOS="804" VPOS="4392" WIDTH="52"/>
						<String CONTENT="edition.&quot;" ID="St_1.2.27.3" HPOS="884" VPOS="4392" HEIGHT="80" WIDTH="436" STYLEREFS="Style_11" WC="0.97" CC="000000000"/>
					</TextLine>
					<TextLine ID="TL_1.2.28" HPOS="556" VPOS="4500" HEIGHT="80" WIDTH="2648">
						<String CONTENT="Lettered" ID="St_1.2.28.1" HPOS="556" VPOS="4504" HEIGHT="76" WIDTH="440" STYLEREFS="Style_11" WC="1" CC="00000000"/>
						<SP ID="SP_1.2.28.2" HPOS="964" VPOS="4500" WIDTH="56"/>
						<String CONTENT="o" ID="St_1.2.28.3" HPOS="1048" VPOS="4524" HEIGHT="56" WIDTH="48" STYLEREFS="Style_11" WC="0.955555555555556" CC="4"/>
						<String CONTENT="n" ID="St_1.2.28.4" HPOS="1100" VPOS="4528" HEIGHT="52" WIDTH="60" STYLEREFS="Style_11" WC="0.958888888888889" CC="0"/>
						<SP ID="SP_1.2.28.5" HPOS="1128" VPOS="4512" WIDTH="56"/>
						<String CONTENT="cover:" ID="St_1.2.28.6" HPOS="1212" VPOS="4524" HEIGHT="56" WIDTH="320" STYLEREFS="Style_11" WC="0.974444444444444" CC="000000"/>
						<SP ID="SP_1.2.28.7" HPOS="1520" VPOS="4508" WIDTH="36"/>
						<String CONTENT="New" ID="St_1.2.28.8" HPOS="1588" VPOS="4504" HEIGHT="76" WIDTH="228" STYLEREFS="Style_11" WC="0.978888888888889" CC="000"/>
						<SP ID="SP_1.2.28.9" HPOS="1772" VPOS="4508" WIDTH="68"/>
						<String CONTENT="York" ID="St_1.2.28.10" HPOS="1868" VPOS="4504" HEIGHT="76" WIDTH="252" STYLEREFS="Style_11" WC="0.983333333333333" CC="0000"/>
						<SP ID="SP_1.2.28.11" HPOS="2084" VPOS="4500" WIDTH="60"/>
						<String CONTENT="Code" ID="St_1.2.28.12" HPOS="2172" VPOS="4504" HEIGHT="76" WIDTH="244" STYLEREFS="Style_11" WC="0.985555555555556" CC="0000"/>
						<SP ID="SP_1.2.28.13" HPOS="2388" VPOS="4508" WIDTH="56"/>
						<String CONTENT="of" ID="St_1.2.28.14" HPOS="2472" VPOS="4504" HEIGHT="76" WIDTH="104" STYLEREFS="Style_11" WC="0.986666666666667" CC="00"/>
						<SP ID="SP_1.2.28.15" HPOS="2544" VPOS="4500" WIDTH="52"/>
						<String CONTENT="ordinances." ID="St_1.2.28.16" HPOS="2624" VPOS="4504" HEIGHT="76" WIDTH="580" STYLEREFS="Style_11" WC="0.99" CC="00000000000"/>
					</TextLine>
					<TextLine ID="TL_1.2.29" HPOS="560" VPOS="4604" HEIGHT="104" WIDTH="3720">
						<String CONTENT="&quot;1930" ID="St_1.2.29.1" HPOS="560" VPOS="4612" HEIGHT="76" WIDTH="276" STYLEREFS="Style_11" WC="1" CC="00000"/>
						<SP ID="SP_1.2.29.2" HPOS="804" VPOS="4604" WIDTH="56"/>
						<String CONTENT="Supplement" ID="St_1.2.29.3" HPOS="892" VPOS="4612" HEIGHT="92" WIDTH="600" STYLEREFS="Style_11" WC="1" CC="0000000000"/>
						<SP ID="SP_1.2.29.4" HPOS="1468" VPOS="4608" WIDTH="52"/>
						<String CONTENT="&#x02026;" ID="St_1.2.29.5" HPOS="1576" VPOS="4608" HEIGHT="88" WIDTH="60" STYLEREFS="Style_11" WC="1" CC="0"/>
						<SP ID="SP_1.2.29.6" HPOS="1628" VPOS="4652" WIDTH="40"/>
						<String CONTENT="containing" ID="St_1.2.29.7" HPOS="1700" VPOS="4612" HEIGHT="92" WIDTH="544" STYLEREFS="Style_11" WC="1" CC="0000000000"/>
						<SP ID="SP_1.2.29.8" HPOS="2212" VPOS="4616" WIDTH="52"/>
						<String CONTENT="all" ID="St_1.2.29.9" HPOS="2292" VPOS="4612" HEIGHT="76" WIDTH="128" STYLEREFS="Style_11" WC="1" CC="000"/>
						<SP ID="SP_1.2.29.10" HPOS="2400" VPOS="4604" WIDTH="44"/>
						<String CONTENT="amendments" ID="St_1.2.29.11" HPOS="2476" VPOS="4612" HEIGHT="76" WIDTH="648" STYLEREFS="Style_11" WC="1" CC="0000000000"/>
						<SP ID="SP_1.2.29.12" HPOS="3096" VPOS="4616" WIDTH="52"/>
						<String CONTENT="to" ID="St_1.2.29.13" HPOS="3180" VPOS="4616" HEIGHT="76" WIDTH="96" STYLEREFS="Style_11" WC="1" CC="00"/>
						<SP ID="SP_1.2.29.14" HPOS="3244" VPOS="4616" WIDTH="56"/>
						<String CONTENT="January," ID="St_1.2.29.15" HPOS="3332" VPOS="4612" HEIGHT="96" WIDTH="456" STYLEREFS="Style_11" WC="1" CC="00000000"/>
						<SP ID="SP_1.2.29.16" HPOS="3776" VPOS="4636" WIDTH="40"/>
						<String CONTENT="19" ID="St_1.2.29.17" HPOS="3848" VPOS="4612" HEIGHT="80" WIDTH="108" STYLEREFS="Style_11" WC="1" CC="00"/>
						<String CONTENT="30" ID="St_1.2.29.18" HPOS="3960" VPOS="4616" HEIGHT="76" WIDTH="112" STYLEREFS="Style_11" WC="1" CC="00"/>
						<SP ID="SP_1.2.29.19" HPOS="4016" VPOS="4616" WIDTH="56"/>
						<String CONTENT="&#x02026;&quot;" ID="St_1.2.29.20" HPOS="4176" VPOS="4608" HEIGHT="88" WIDTH="104" STYLEREFS="Style_11" WC="0.987777777777778" CC="03"/>
					</TextLine>
					<TextLine ID="TL_1.2.30" HPOS="424" VPOS="4716" HEIGHT="100" WIDTH="2176">
						<String CONTENT="has" ID="St_1.2.30.1" HPOS="424" VPOS="4720" HEIGHT="76" WIDTH="168" STYLEREFS="Style_11" WC="1" CC="000"/>
						<SP ID="SP_1.2.30.2" HPOS="564" VPOS="4724" WIDTH="52"/>
						<String CONTENT="special" ID="St_1.2.30.3" HPOS="644" VPOS="4720" HEIGHT="96" WIDTH="348" STYLEREFS="Style_11" WC="1" CC="0000000"/>
						<SP ID="SP_1.2.30.4" HPOS="972" VPOS="4716" WIDTH="44"/>
						<String CONTENT="t.-p." ID="St_1.2.30.5" HPOS="1048" VPOS="4724" HEIGHT="88" WIDTH="192" STYLEREFS="Style_11" WC="1" CC="00000"/>
						<SP ID="SP_1.2.30.6" HPOS="1228" VPOS="4744" WIDTH="36"/>
						<String CONTENT="and" ID="St_1.2.30.7" HPOS="1292" VPOS="4724" HEIGHT="72" WIDTH="184" STYLEREFS="Style_11" WC="1" CC="000"/>
						<SP ID="SP_1.2.30.8" HPOS="1444" VPOS="4716" WIDTH="56"/>
						<String CONTENT="separate" ID="St_1.2.30.9" HPOS="1528" VPOS="4724" HEIGHT="88" WIDTH="432" STYLEREFS="Style_11" WC="1" CC="00000000"/>
						<SP ID="SP_1.2.30.10" HPOS="1932" VPOS="4724" WIDTH="56"/>
						<String CONTENT="pagination." ID="St_1.2.30.11" HPOS="2020" VPOS="4720" HEIGHT="96" WIDTH="580" STYLEREFS="Style_11" WC="1" CC="00000000000"/>
					</TextLine>
					<TextLine ID="TL_1.2.31" HPOS="436" VPOS="4824" HEIGHT="100" WIDTH="3832">
						<String CONTENT="&#x00A9;" ID="St_1.2.31.1" HPOS="436" VPOS="4824" HEIGHT="92" WIDTH="96" STYLEREFS="Style_11" WC="0.555555555555556" CC="4"/>
						<SP ID="SP_1.2.31.2" HPOS="484" VPOS="4824" WIDTH="72"/>
						<String CONTENT="Apr." ID="St_1.2.31.3" HPOS="584" VPOS="4832" HEIGHT="92" WIDTH="220" STYLEREFS="Style_11" WC="0.925555555555556" CC="0000"/>
						<SP ID="SP_1.2.31.4" HPOS="792" VPOS="4864" WIDTH="36"/>
						<String CONTENT="3," ID="St_1.2.31.5" HPOS="856" VPOS="4832" HEIGHT="92" WIDTH="76" STYLEREFS="Style_11" WC="0.95" CC="00"/>
						<SP ID="SP_1.2.31.6" HPOS="916" VPOS="4892" WIDTH="16"/>
						<String CONTENT="1930;" ID="St_1.2.31.7" HPOS="980" VPOS="4832" HEIGHT="92" WIDTH="272" STYLEREFS="Style_11" WC="0.94" CC="00000"/>
						<SP ID="SP_1.2.31.8" HPOS="1236" VPOS="4844" WIDTH="40"/>
						<String CONTENT="2c." ID="St_1.2.31.9" HPOS="1304" VPOS="4832" HEIGHT="76" WIDTH="132" STYLEREFS="Style_11" WC="0.928888888888889" CC="040"/>
						<SP ID="SP_1.2.31.10" HPOS="1424" VPOS="4864" WIDTH="36"/>
						<String CONTENT="and" ID="St_1.2.31.11" HPOS="1488" VPOS="4832" HEIGHT="76" WIDTH="184" STYLEREFS="Style_11" WC="0.941111111111111" CC="000"/>
						<SP ID="SP_1.2.31.12" HPOS="1640" VPOS="4832" WIDTH="52"/>
						<String CONTENT="aff." ID="St_1.2.31.13" HPOS="1720" VPOS="4828" HEIGHT="80" WIDTH="160" STYLEREFS="Style_11" WC="0.935555555555556" CC="4000"/>
						<SP ID="SP_1.2.31.14" HPOS="1868" VPOS="4864" WIDTH="36"/>
						<String CONTENT="Apr." ID="St_1.2.31.15" HPOS="1932" VPOS="4832" HEIGHT="92" WIDTH="220" STYLEREFS="Style_11" WC="0.945555555555556" CC="0000"/>
						<SP ID="SP_1.2.31.16" HPOS="2140" VPOS="4864" WIDTH="32"/>
						<String CONTENT="4;" ID="St_1.2.31.17" HPOS="2200" VPOS="4832" HEIGHT="92" WIDTH="104" STYLEREFS="Style_11" WC="0.95" CC="00"/>
						<SP ID="SP_1.2.31.18" HPOS="2292" VPOS="4844" WIDTH="36"/>
						<String CONTENT="A" ID="St_1.2.31.19" HPOS="2360" VPOS="4832" HEIGHT="72" WIDTH="80" STYLEREFS="Style_11" WC="0.952222222222222" CC="0"/>
						<SP ID="SP_1.2.31.20" HPOS="2396" VPOS="4832" WIDTH="64"/>
						<String CONTENT="20815;" ID="St_1.2.31.21" HPOS="2488" VPOS="4832" HEIGHT="92" WIDTH="328" STYLEREFS="Style_11" WC="0.96" CC="000000"/>
						<SP ID="SP_1.2.31.22" HPOS="2800" VPOS="4844" WIDTH="40"/>
						<String CONTENT="William" ID="St_1.2.31.23" HPOS="2872" VPOS="4832" HEIGHT="80" WIDTH="420" STYLEREFS="Style_11" WC="0.965555555555556" CC="0000000"/>
						<SP ID="SP_1.2.31.24" HPOS="3244" VPOS="4844" WIDTH="72"/>
						<String CONTENT="Edward" ID="St_1.2.31.25" HPOS="3348" VPOS="4832" HEIGHT="80" WIDTH="408" STYLEREFS="Style_11" WC="0.97" CC="000000"/>
						<SP ID="SP_1.2.31.26" HPOS="3720" VPOS="4832" WIDTH="56"/>
						<String CONTENT="Baldwin," ID="St_1.2.31.27" HPOS="3808" VPOS="4832" HEIGHT="92" WIDTH="460" STYLEREFS="Style_11" WC="0.973333333333333" CC="00000000"/>
					</TextLine>
					<TextLine ID="TL_1.2.32" HPOS="568" VPOS="4936" HEIGHT="100" WIDTH="3548">
						<String CONTENT="New" ID="St_1.2.32.1" HPOS="568" VPOS="4944" HEIGHT="76" WIDTH="232" STYLEREFS="Style_11" WC="1" CC="000"/>
						<SP ID="SP_1.2.32.2" HPOS="752" VPOS="4948" WIDTH="68"/>
						<String CONTENT="York." ID="St_1.2.32.3" HPOS="848" VPOS="4940" HEIGHT="80" WIDTH="280" STYLEREFS="Style_11" WC="1" CC="00000"/>
						<SP ID="SP_1.2.32.4" HPOS="1116" VPOS="4968" WIDTH="72"/>
						<String CONTENT="(" ID="St_1.2.32.5" HPOS="1252" VPOS="4940" HEIGHT="96" WIDTH="28" STYLEREFS="Style_11" WC="1" CC="0"/>
						<String CONTENT="3" ID="St_1.2.32.6" HPOS="1296" VPOS="4940" HEIGHT="80" WIDTH="48" STYLEREFS="Style_11" WC="0.962222222222222" CC="4"/>
						<String CONTENT="0-9410)" ID="St_1.2.32.7" HPOS="1352" VPOS="4936" HEIGHT="100" WIDTH="384" STYLEREFS="Style_11" WC="0.941111111111111" CC="3300000"/>
						<SP ID="SP_1.2.32.8" HPOS="1716" VPOS="4940" WIDTH="2172"/>
						<String CONTENT="3" ID="St_1.2.32.9" HPOS="3888" VPOS="4940" HEIGHT="80" WIDTH="48" STYLEREFS="Style_11" WC="0.698888888888889" CC="3"/>
						<String CONTENT="6" ID="St_1.2.32.10" HPOS="3948" VPOS="4940" HEIGHT="80" WIDTH="48" STYLEREFS="Style_11" WC="0.702222222222222" CC="1"/>
						<String CONTENT="3" ID="St_1.2.32.11" HPOS="4008" VPOS="4940" HEIGHT="80" WIDTH="48" STYLEREFS="Style_11" WC="0.701111111111111" CC="3"/>
						<String CONTENT="8" ID="St_1.2.32.12" HPOS="4064" VPOS="4940" HEIGHT="80" WIDTH="52" STYLEREFS="Style_11" WC="0.704444444444444" CC="1"/>
					</TextLine>
					<TextLine ID="TL_1.2.33" HPOS="432" VPOS="5064" HEIGHT="136" WIDTH="2348">
						<String CONTENT="Nitchie," ID="St_1.2.33.1" HPOS="432" VPOS="5064" HEIGHT="128" WIDTH="496" STYLEREFS="Style_11" WC="1" CC="00000000"/>
						<SP ID="SP_1.2.33.2" HPOS="912" VPOS="5104" WIDTH="44"/>
						<String CONTENT="Elizabeth," ID="St_1.2.33.3" HPOS="992" VPOS="5064" HEIGHT="128" WIDTH="632" STYLEREFS="Style_11" WC="1" CC="0000000000"/>
						<SP ID="SP_1.2.33.4" HPOS="1604" VPOS="5104" WIDTH="48"/>
						<String CONTENT="1889-" ID="St_1.2.33.5" HPOS="1684" VPOS="5080" HEIGHT="96" WIDTH="328" STYLEREFS="Style_11" WC="1" CC="00000"/>
						<SP ID="SP_1.2.33.6" HPOS="1972" VPOS="5064" WIDTH="468"/>
						<String CONTENT="co" ID="St_1.2.33.7" HPOS="2440" VPOS="5104" HEIGHT="68" WIDTH="112" STYLEREFS="Style_11" WC="0.911111111111111" CC="00"/>
						<String CONTENT="m" ID="St_1.2.33.8" HPOS="2560" VPOS="5108" HEIGHT="64" WIDTH="112" STYLEREFS="Style_12" WC="0.901111111111111" CC="4"/>
						<String CONTENT="p." ID="St_1.2.33.9" HPOS="2676" VPOS="5104" HEIGHT="96" WIDTH="104" STYLEREFS="Style_12" WC="0.9" CC="11"/>
					</TextLine>
					<TextLine ID="TL_1.2.34" HPOS="572" VPOS="5216" HEIGHT="140" WIDTH="3724">
						<String CONTENT="Master" ID="St_1.2.34.1" HPOS="572" VPOS="5216" HEIGHT="104" WIDTH="420" STYLEREFS="Style_12" WC="1" CC="000000"/>
						<SP ID="SP_1.2.34.2" HPOS="960" VPOS="5236" WIDTH="56"/>
						<String CONTENT="Vergil;" ID="St_1.2.34.3" HPOS="1048" VPOS="5216" HEIGHT="132" WIDTH="444" STYLEREFS="Style_12" WC="1" CC="0000000"/>
						<SP ID="SP_1.2.34.4" HPOS="1476" VPOS="5236" WIDTH="44"/>
						<String CONTENT="an" ID="St_1.2.34.5" HPOS="1552" VPOS="5256" HEIGHT="64" WIDTH="136" STYLEREFS="Style_12" WC="1" CC="00"/>
						<SP ID="SP_1.2.34.6" HPOS="1648" VPOS="5236" WIDTH="68"/>
						<String CONTENT="anthology" ID="St_1.2.34.7" HPOS="1748" VPOS="5224" HEIGHT="132" WIDTH="604" STYLEREFS="Style_12" WC="1" CC="000000000"/>
						<SP ID="SP_1.2.34.8" HPOS="2312" VPOS="5236" WIDTH="64"/>
						<String CONTENT="of" ID="St_1.2.34.9" HPOS="2408" VPOS="5224" HEIGHT="100" WIDTH="124" STYLEREFS="Style_12" WC="1" CC="00"/>
						<SP ID="SP_1.2.34.10" HPOS="2500" VPOS="5220" WIDTH="56"/>
						<String CONTENT="poems" ID="St_1.2.34.11" HPOS="2584" VPOS="5260" HEIGHT="92" WIDTH="372" STYLEREFS="Style_12" WC="1" CC="00000"/>
						<SP ID="SP_1.2.34.12" HPOS="2928" VPOS="5236" WIDTH="52"/>
						<String CONTENT="in" ID="St_1.2.34.13" HPOS="3008" VPOS="5224" HEIGHT="100" WIDTH="116" STYLEREFS="Style_12" WC="1" CC="00"/>
						<SP ID="SP_1.2.34.14" HPOS="3080" VPOS="5236" WIDTH="72"/>
						<String CONTENT="English" ID="St_1.2.34.15" HPOS="3184" VPOS="5220" HEIGHT="132" WIDTH="472" STYLEREFS="Style_12" WC="1" CC="0000000"/>
						<SP ID="SP_1.2.34.16" HPOS="3612" VPOS="5220" WIDTH="68"/>
						<String CONTENT="on" ID="St_1.2.34.17" HPOS="3712" VPOS="5260" HEIGHT="64" WIDTH="136" STYLEREFS="Style_12" WC="1" CC="00"/>
						<SP ID="SP_1.2.34.18" HPOS="3808" VPOS="5236" WIDTH="64"/>
						<String CONTENT="Vergil" ID="St_1.2.34.19" HPOS="3904" VPOS="5216" HEIGHT="140" WIDTH="392" STYLEREFS="Style_12" WC="1" CC="000000"/>
					</TextLine>
					<TextLine ID="TL_1.2.35" HPOS="440" VPOS="5368" HEIGHT="136" WIDTH="3852">
						<String CONTENT="and" ID="St_1.2.35.1" HPOS="440" VPOS="5372" HEIGHT="96" WIDTH="216" STYLEREFS="Style_12" WC="1" CC="000"/>
						<SP ID="SP_1.2.35.2" HPOS="616" VPOS="5372" WIDTH="92"/>
						<String CONTENT="Vergilian" ID="St_1.2.35.3" HPOS="764" VPOS="5368" HEIGHT="132" WIDTH="580" STYLEREFS="Style_12" WC="1" CC="000000000"/>
						<SP ID="SP_1.2.35.4" HPOS="1304" VPOS="5388" WIDTH="92"/>
						<String CONTENT="themes," ID="St_1.2.35.5" HPOS="1452" VPOS="5368" HEIGHT="136" WIDTH="448" STYLEREFS="Style_12" WC="1" CC="0000000"/>
						<SP ID="SP_1.2.35.6" HPOS="1884" VPOS="5412" WIDTH="64"/>
						<String CONTENT="compiled" ID="St_1.2.35.7" HPOS="2004" VPOS="5368" HEIGHT="132" WIDTH="544" STYLEREFS="Style_12" WC="1" CC="00000000"/>
						<SP ID="SP_1.2.35.8" HPOS="2508" VPOS="5372" WIDTH="88"/>
						<String CONTENT="and" ID="St_1.2.35.9" HPOS="2656" VPOS="5372" HEIGHT="100" WIDTH="220" STYLEREFS="Style_12" WC="1" CC="000"/>
						<SP ID="SP_1.2.35.10" HPOS="2836" VPOS="5372" WIDTH="92"/>
						<String CONTENT="edited" ID="St_1.2.35.11" HPOS="2984" VPOS="5368" HEIGHT="104" WIDTH="368" STYLEREFS="Style_12" WC="1" CC="000000"/>
						<SP ID="SP_1.2.35.12" HPOS="3312" VPOS="5372" WIDTH="92"/>
						<String CONTENT="by" ID="St_1.2.35.13" HPOS="3460" VPOS="5372" HEIGHT="132" WIDTH="144" STYLEREFS="Style_12" WC="1" CC="00"/>
						<SP ID="SP_1.2.35.14" HPOS="3564" VPOS="5388" WIDTH="92"/>
						<String CONTENT="Elizabeth" ID="St_1.2.35.15" HPOS="3712" VPOS="5372" HEIGHT="100" WIDTH="580" STYLEREFS="Style_12" WC="1" CC="000000000"/>
					</TextLine>
					<TextLine ID="TL_1.2.36" HPOS="440" VPOS="5516" HEIGHT="132" WIDTH="3848">
						<String CONTENT="Nitchie" ID="St_1.2.36.1" HPOS="440" VPOS="5516" HEIGHT="104" WIDTH="444" STYLEREFS="Style_12" WC="1" CC="0000000"/>
						<SP ID="SP_1.2.36.2" HPOS="852" VPOS="5540" WIDTH="72"/>
						<String CONTENT="&#x02026;" ID="St_1.2.36.3" HPOS="952" VPOS="5528" HEIGHT="104" WIDTH="60" STYLEREFS="Style_12" WC="1" CC="0"/>
						<SP ID="SP_1.2.36.4" HPOS="1064" VPOS="5584" WIDTH="88"/>
						<String CONTENT="Boston," ID="St_1.2.36.5" HPOS="1232" VPOS="5520" HEIGHT="128" WIDTH="448" STYLEREFS="Style_12" WC="1" CC="0000000"/>
						<SP ID="SP_1.2.36.6" HPOS="1664" VPOS="5560" WIDTH="52"/>
						<String CONTENT="New" ID="St_1.2.36.7" HPOS="1756" VPOS="5516" HEIGHT="104" WIDTH="264" STYLEREFS="Style_12" WC="1" CC="000"/>
						<SP ID="SP_1.2.36.8" HPOS="1968" VPOS="5540" WIDTH="88"/>
						<String CONTENT="York" ID="St_1.2.36.9" HPOS="2096" VPOS="5520" HEIGHT="100" WIDTH="320" STYLEREFS="Style_12" WC="1" CC="0000"/>
						<SP ID="SP_1.2.36.10" HPOS="2372" VPOS="5520" WIDTH="84"/>
						<String CONTENT="[" ID="St_1.2.36.11" HPOS="2504" VPOS="5524" HEIGHT="88" WIDTH="48" STYLEREFS="Style_12" WC="1" CC="0"/>
						<String CONTENT="etc.]" ID="St_1.2.36.12" HPOS="2536" VPOS="5528" HEIGHT="104" WIDTH="292" STYLEREFS="Style_12" WC="1" CC="00000"/>
						<SP ID="SP_1.2.36.13" HPOS="2744" VPOS="5552" WIDTH="60"/>
						<String CONTENT="D." ID="St_1.2.36.14" HPOS="2852" VPOS="5520" HEIGHT="100" WIDTH="136" STYLEREFS="Style_12" WC="1" CC="00"/>
						<SP ID="SP_1.2.36.15" HPOS="2972" VPOS="5560" WIDTH="52"/>
						<String CONTENT="C." ID="St_1.2.36.16" HPOS="3068" VPOS="5520" HEIGHT="104" WIDTH="120" STYLEREFS="Style_12" WC="1" CC="00"/>
						<SP ID="SP_1.2.36.17" HPOS="3176" VPOS="5560" WIDTH="48"/>
						<String CONTENT="Heath" ID="St_1.2.36.18" HPOS="3268" VPOS="5520" HEIGHT="100" WIDTH="372" STYLEREFS="Style_12" WC="1" CC="00000"/>
						<SP ID="SP_1.2.36.19" HPOS="3600" VPOS="5524" WIDTH="76"/>
						<String CONTENT="and" ID="St_1.2.36.20" HPOS="3716" VPOS="5524" HEIGHT="100" WIDTH="216" STYLEREFS="Style_12" WC="1" CC="000"/>
						<SP ID="SP_1.2.36.21" HPOS="3892" VPOS="5524" WIDTH="76"/>
						<String CONTENT="com-" ID="St_1.2.36.22" HPOS="4012" VPOS="5560" HEIGHT="64" WIDTH="276" STYLEREFS="Style_12" WC="1" CC="0000"/>
					</TextLine>
					<TextLine ID="TL_1.2.37" HPOS="436" VPOS="5672" HEIGHT="128" WIDTH="764">
						<String CONTENT="pany" ID="St_1.2.37.1" HPOS="436" VPOS="5700" HEIGHT="100" WIDTH="292" STYLEREFS="Style_12" WC="1" CC="0000"/>
						<SP ID="SP_1.2.37.2" HPOS="692" VPOS="5684" WIDTH="72"/>
						<String CONTENT="[" ID="St_1.2.37.3" HPOS="804" VPOS="5680" HEIGHT="76" WIDTH="40" STYLEREFS="Style_12" WC="0.87" CC="7"/>
						<String CONTENT="&#x0368;" ID="St_1.2.37.4" HPOS="840" VPOS="5680" HEIGHT="56" WIDTH="28" STYLEREFS="Style_12" WC="0.888888888888889" CC="0"/>
						<String CONTENT="1930]" ID="St_1.2.37.5" HPOS="880" VPOS="5672" HEIGHT="108" WIDTH="320" STYLEREFS="Style_12" WC="0.934444444444444" CC="00000"/>
					</TextLine>
					<TextLine ID="TL_1.2.38" HPOS="564" VPOS="5816" HEIGHT="100" WIDTH="2060">
						<String CONTENT="3" ID="St_1.2.38.1" HPOS="564" VPOS="5824" HEIGHT="76" WIDTH="52" STYLEREFS="Style_12" WC="1" CC="0"/>
						<SP ID="SP_1.2.38.2" HPOS="588" VPOS="5816" WIDTH="52"/>
						<String CONTENT="p." ID="St_1.2.38.3" HPOS="668" VPOS="5844" HEIGHT="68" WIDTH="84" STYLEREFS="Style_12" WC="1" CC="00"/>
						<SP ID="SP_1.2.38.4" HPOS="740" VPOS="5848" WIDTH="36"/>
						<String CONTENT="l.," ID="St_1.2.38.5" HPOS="808" VPOS="5824" HEIGHT="92" WIDTH="84" STYLEREFS="Style_12" WC="1" CC="000"/>
						<SP ID="SP_1.2.38.6" HPOS="880" VPOS="5848" WIDTH="40"/>
						<String CONTENT="v" ID="St_1.2.38.7" HPOS="952" VPOS="5844" HEIGHT="56" WIDTH="52" STYLEREFS="Style_12" WC="1" CC="0"/>
						<String CONTENT="-" ID="St_1.2.38.8" HPOS="1004" VPOS="5864" HEIGHT="12" WIDTH="60" STYLEREFS="Style_12" WC="1" CC="0"/>
						<String CONTENT="x" ID="St_1.2.38.9" HPOS="1064" VPOS="5844" HEIGHT="52" WIDTH="68" STYLEREFS="Style_12" WC="0.934444444444444" CC="7"/>
						<String CONTENT="," ID="St_1.2.38.10" HPOS="1136" VPOS="5884" HEIGHT="28" WIDTH="20" STYLEREFS="Style_12" WC="0.94" CC="0"/>
						<SP ID="SP_1.2.38.11" HPOS="1140" VPOS="5848" WIDTH="40"/>
						<String CONTENT="115" ID="St_1.2.38.12" HPOS="1208" VPOS="5820" HEIGHT="80" WIDTH="168" STYLEREFS="Style_12" WC="0.953333333333333" CC="000"/>
						<SP ID="SP_1.2.38.13" HPOS="1344" VPOS="5816" WIDTH="52"/>
						<String CONTENT="p." ID="St_1.2.38.14" HPOS="1424" VPOS="5840" HEIGHT="76" WIDTH="88" STYLEREFS="Style_12" WC="0.961111111111111" CC="00"/>
						<SP ID="SP_1.2.38.15" HPOS="1496" VPOS="5848" WIDTH="68"/>
						<String CONTENT="front." ID="St_1.2.38.16" HPOS="1624" VPOS="5824" HEIGHT="76" WIDTH="292" STYLEREFS="Style_12" WC="0.971111111111111" CC="000000"/>
						<SP ID="SP_1.2.38.17" HPOS="1900" VPOS="5848" WIDTH="72"/>
						<String CONTENT="24&#x00BD;&#x0368;&#x036B;." ID="St_1.2.38.18" HPOS="2028" VPOS="5824" HEIGHT="84" WIDTH="596" STYLEREFS="Style_12" WC="0.963333333333333" CC="000004"/>
					</TextLine>
					<TextLine ID="TL_1.2.39" HPOS="572" VPOS="5920" HEIGHT="104" WIDTH="3716">
						<String CONTENT="&quot;Printed" ID="St_1.2.39.1" HPOS="572" VPOS="5928" HEIGHT="80" WIDTH="444" STYLEREFS="Style_12" WC="1" CC="00000000"/>
						<SP ID="SP_1.2.39.2" HPOS="984" VPOS="5920" WIDTH="64"/>
						<String CONTENT="for" ID="St_1.2.39.3" HPOS="1088" VPOS="5932" HEIGHT="76" WIDTH="156" STYLEREFS="Style_12" WC="1" CC="000"/>
						<SP ID="SP_1.2.39.4" HPOS="1212" VPOS="5932" WIDTH="64"/>
						<String CONTENT="the" ID="St_1.2.39.5" HPOS="1320" VPOS="5932" HEIGHT="76" WIDTH="156" STYLEREFS="Style_12" WC="1" CC="000"/>
						<SP ID="SP_1.2.39.6" HPOS="1448" VPOS="5928" WIDTH="64"/>
						<String CONTENT="American" ID="St_1.2.39.7" HPOS="1552" VPOS="5932" HEIGHT="76" WIDTH="504" STYLEREFS="Style_12" WC="1" CC="00000000"/>
						<SP ID="SP_1.2.39.8" HPOS="2016" VPOS="5932" WIDTH="72"/>
						<String CONTENT="classical" ID="St_1.2.39.9" HPOS="2128" VPOS="5932" HEIGHT="76" WIDTH="432" STYLEREFS="Style_12" WC="1" CC="000000000"/>
						<SP ID="SP_1.2.39.10" HPOS="2540" VPOS="5920" WIDTH="56"/>
						<String CONTENT="league" ID="St_1.2.39.11" HPOS="2636" VPOS="5932" HEIGHT="92" WIDTH="324" STYLEREFS="Style_12" WC="1" CC="000000"/>
						<SP ID="SP_1.2.39.12" HPOS="2932" VPOS="5932" WIDTH="64"/>
						<String CONTENT="in" ID="St_1.2.39.13" HPOS="3040" VPOS="5932" HEIGHT="76" WIDTH="96" STYLEREFS="Style_12" WC="1" CC="00"/>
						<SP ID="SP_1.2.39.14" HPOS="3104" VPOS="5932" WIDTH="68"/>
						<String CONTENT="honor" ID="St_1.2.39.15" HPOS="3216" VPOS="5936" HEIGHT="72" WIDTH="296" STYLEREFS="Style_12" WC="1" CC="00000"/>
						<SP ID="SP_1.2.39.16" HPOS="3484" VPOS="5932" WIDTH="60"/>
						<String CONTENT="of" ID="St_1.2.39.17" HPOS="3584" VPOS="5932" HEIGHT="76" WIDTH="104" STYLEREFS="Style_12" WC="1" CC="00"/>
						<SP ID="SP_1.2.39.18" HPOS="3660" VPOS="5920" WIDTH="60"/>
						<String CONTENT="the" ID="St_1.2.39.19" HPOS="3760" VPOS="5932" HEIGHT="76" WIDTH="156" STYLEREFS="Style_12" WC="1" CC="000"/>
						<SP ID="SP_1.2.39.20" HPOS="3884" VPOS="5932" WIDTH="64"/>
						<String CONTENT="bimill" ID="St_1.2.39.21" HPOS="3992" VPOS="5932" HEIGHT="76" WIDTH="296" STYLEREFS="Style_12" WC="0.992222222222222" CC="013000"/>
					</TextLine>
					<TextLine ID="TL_1.2.40" HPOS="436" VPOS="6032" HEIGHT="100" WIDTH="2484">
						<String CONTENT="enium" ID="St_1.2.40.1" HPOS="436" VPOS="6032" HEIGHT="80" WIDTH="348" STYLEREFS="Style_12" WC="0.906666666666667" CC="500000"/>
						<SP ID="SP_1.2.40.2" HPOS="732" VPOS="6040" WIDTH="76"/>
						<String CONTENT="Vergilianum.&quot;-Verso" ID="St_1.2.40.3" HPOS="836" VPOS="6036" HEIGHT="92" WIDTH="1140" STYLEREFS="Style_12" WC="0.944444444444444" CC="4000000004000000000"/>
						<SP ID="SP_1.2.40.4" HPOS="1944" VPOS="6040" WIDTH="56"/>
						<String CONTENT="of" ID="St_1.2.40.5" HPOS="2032" VPOS="6040" HEIGHT="76" WIDTH="104" STYLEREFS="Style_12" WC="0.95" CC="00"/>
						<SP ID="SP_1.2.40.6" HPOS="2104" VPOS="6032" WIDTH="52"/>
						<String CONTENT="prelim." ID="St_1.2.40.7" HPOS="2184" VPOS="6040" HEIGHT="92" WIDTH="360" STYLEREFS="Style_12" WC="0.96" CC="0000000"/>
						<SP ID="SP_1.2.40.8" HPOS="2528" VPOS="6060" WIDTH="40"/>
						<String CONTENT="leaf" ID="St_1.2.40.9" HPOS="2596" VPOS="6040" HEIGHT="76" WIDTH="200" STYLEREFS="Style_12" WC="0.965555555555556" CC="0000"/>
						<SP ID="SP_1.2.40.10" HPOS="2768" VPOS="6032" WIDTH="44"/>
						<String CONTENT="1." ID="St_1.2.40.11" HPOS="2840" VPOS="6044" HEIGHT="72" WIDTH="80" STYLEREFS="Style_12" WC="0.967777777777778" CC="00"/>
					</TextLine>
					<TextLine ID="TL_1.2.41" HPOS="448" VPOS="6128" HEIGHT="112" WIDTH="3840">
						<String CONTENT="&#x00A9;" ID="St_1.2.41.1" HPOS="448" VPOS="6128" HEIGHT="96" WIDTH="96" STYLEREFS="Style_12" WC="0.555555555555556" CC="4"/>
						<SP ID="SP_1.2.41.2" HPOS="492" VPOS="6128" WIDTH="84"/>
						<String CONTENT="Mar." ID="St_1.2.41.3" HPOS="616" VPOS="6148" HEIGHT="76" WIDTH="232" STYLEREFS="Style_12" WC="0.925555555555556" CC="0000"/>
						<SP ID="SP_1.2.41.4" HPOS="836" VPOS="6172" WIDTH="44"/>
						<String CONTENT="15," ID="St_1.2.41.5" HPOS="916" VPOS="6148" HEIGHT="92" WIDTH="132" STYLEREFS="Style_12" WC="0.955555555555556" CC="000"/>
						<SP ID="SP_1.2.41.6" HPOS="1036" VPOS="6168" WIDTH="40"/>
						<String CONTENT="19" ID="St_1.2.41.7" HPOS="1112" VPOS="6148" HEIGHT="76" WIDTH="108" STYLEREFS="Style_12" WC="0.965555555555556" CC="00"/>
						<String CONTENT="3" ID="St_1.2.41.8" HPOS="1224" VPOS="6148" HEIGHT="76" WIDTH="52" STYLEREFS="Style_12" WC="0.935555555555556" CC="4"/>
						<String CONTENT="0;" ID="St_1.2.41.9" HPOS="1284" VPOS="6148" HEIGHT="88" WIDTH="104" STYLEREFS="Style_12" WC="0.944444444444444" CC="00"/>
						<SP ID="SP_1.2.41.10" HPOS="1372" VPOS="6148" WIDTH="44"/>
						<String CONTENT="2c." ID="St_1.2.41.11" HPOS="1452" VPOS="6144" HEIGHT="80" WIDTH="132" STYLEREFS="Style_12" WC="0.955555555555556" CC="000"/>
						<SP ID="SP_1.2.41.12" HPOS="1568" VPOS="6168" WIDTH="44"/>
						<String CONTENT="Mar." ID="St_1.2.41.13" HPOS="1648" VPOS="6148" HEIGHT="80" WIDTH="236" STYLEREFS="Style_12" WC="0.964444444444444" CC="0000"/>
						<SP ID="SP_1.2.41.14" HPOS="1872" VPOS="6172" WIDTH="40"/>
						<String CONTENT="29;" ID="St_1.2.41.15" HPOS="1948" VPOS="6148" HEIGHT="88" WIDTH="160" STYLEREFS="Style_12" WC="0.968888888888889" CC="000"/>
						<SP ID="SP_1.2.41.16" HPOS="2092" VPOS="6148" WIDTH="48"/>
						<String CONTENT="aff." ID="St_1.2.41.17" HPOS="2180" VPOS="6148" HEIGHT="76" WIDTH="156" STYLEREFS="Style_12" WC="0.973333333333333" CC="0000"/>
						<SP ID="SP_1.2.41.18" HPOS="2324" VPOS="6168" WIDTH="44"/>
						<String CONTENT="Mar." ID="St_1.2.41.19" HPOS="2404" VPOS="6148" HEIGHT="80" WIDTH="240" STYLEREFS="Style_12" WC="0.976666666666667" CC="0000"/>
						<SP ID="SP_1.2.41.20" HPOS="2628" VPOS="6172" WIDTH="44"/>
						<String CONTENT="28;" ID="St_1.2.41.21" HPOS="2708" VPOS="6148" HEIGHT="92" WIDTH="160" STYLEREFS="Style_12" WC="0.978888888888889" CC="000"/>
						<SP ID="SP_1.2.41.22" HPOS="2852" VPOS="6152" WIDTH="44"/>
						<String CONTENT="A" ID="St_1.2.41.23" HPOS="2936" VPOS="6148" HEIGHT="76" WIDTH="80" STYLEREFS="Style_12" WC="0.98" CC="0"/>
						<SP ID="SP_1.2.41.24" HPOS="2972" VPOS="6140" WIDTH="72"/>
						<String CONTENT="20671;" ID="St_1.2.41.25" HPOS="3080" VPOS="6148" HEIGHT="92" WIDTH="332" STYLEREFS="Style_12" WC="0.965555555555556" CC="000341"/>
						<SP ID="SP_1.2.41.26" HPOS="3396" VPOS="6152" WIDTH="48"/>
						<String CONTENT="D." ID="St_1.2.41.27" HPOS="3484" VPOS="6152" HEIGHT="80" WIDTH="108" STYLEREFS="Style_12" WC="0.956666666666667" CC="40"/>
						<SP ID="SP_1.2.41.28" HPOS="3580" VPOS="6172" WIDTH="44"/>
						<String CONTENT="C." ID="St_1.2.41.29" HPOS="3664" VPOS="6148" HEIGHT="80" WIDTH="96" STYLEREFS="Style_12" WC="0.958888888888889" CC="00"/>
						<SP ID="SP_1.2.41.30" HPOS="3744" VPOS="6172" WIDTH="48"/>
						<String CONTENT="Heath" ID="St_1.2.41.31" HPOS="3832" VPOS="6152" HEIGHT="76" WIDTH="316" STYLEREFS="Style_12" WC="0.963333333333333" CC="00000"/>
						<SP ID="SP_1.2.41.32" HPOS="4108" VPOS="6144" WIDTH="68"/>
						<String CONTENT="&amp;" ID="St_1.2.41.33" HPOS="4216" VPOS="6152" HEIGHT="80" WIDTH="72" STYLEREFS="Style_12" WC="0.964444444444444" CC="0"/>
					</TextLine>
					<TextLine ID="TL_1.2.42" HPOS="576" VPOS="6252" HEIGHT="100" WIDTH="3544">
						<String CONTENT="co." ID="St_1.2.42.1" HPOS="576" VPOS="6276" HEIGHT="56" WIDTH="128" STYLEREFS="Style_12" WC="1" CC="000"/>
						<SP ID="SP_1.2.42.2" HPOS="692" VPOS="6280" WIDTH="76"/>
						<String CONTENT="(30-9545)" ID="St_1.2.42.3" HPOS="836" VPOS="6256" HEIGHT="96" WIDTH="488" STYLEREFS="Style_12" WC="1" CC="000000000"/>
						<SP ID="SP_1.2.42.4" HPOS="1304" VPOS="6252" WIDTH="2588"/>
						<String CONTENT="3" ID="St_1.2.42.5" HPOS="3892" VPOS="6260" HEIGHT="80" WIDTH="48" STYLEREFS="Style_12" WC="0.67" CC="3"/>
						<String CONTENT="6" ID="St_1.2.42.6" HPOS="3952" VPOS="6260" HEIGHT="80" WIDTH="48" STYLEREFS="Style_12" WC="0.674444444444444" CC="1"/>
						<String CONTENT="3" ID="St_1.2.42.7" HPOS="4012" VPOS="6260" HEIGHT="80" WIDTH="48" STYLEREFS="Style_12" WC="0.674444444444444" CC="3"/>
						<String CONTENT="9" ID="St_1.2.42.8" HPOS="4072" VPOS="6256" HEIGHT="84" WIDTH="48" STYLEREFS="Style_12" WC="0.677777777777778" CC="1"/>
					</TextLine>
					<TextLine ID="TL_1.2.43" HPOS="440" VPOS="6380" HEIGHT="128" WIDTH="1224">
						<String CONTENT="Palmer," ID="St_1.2.43.1" HPOS="440" VPOS="6380" HEIGHT="128" WIDTH="488" STYLEREFS="Style_12" WC="1" CC="0000000"/>
						<SP ID="SP_1.2.43.2" HPOS="908" VPOS="6420" WIDTH="48"/>
						<String CONTENT="Eric," ID="St_1.2.43.3" HPOS="988" VPOS="6380" HEIGHT="128" WIDTH="300" STYLEREFS="Style_12" WC="1" CC="00000"/>
						<SP ID="SP_1.2.43.4" HPOS="1268" VPOS="6420" WIDTH="48"/>
						<String CONTENT="1912-" ID="St_1.2.43.5" HPOS="1348" VPOS="6392" HEIGHT="96" WIDTH="316" STYLEREFS="Style_12" WC="1" CC="00000"/>
					</TextLine>
					<TextLine ID="TL_1.2.44" HPOS="568" VPOS="6532" HEIGHT="136" WIDTH="3720">
						<String CONTENT="Riding" ID="St_1.2.44.1" HPOS="568" VPOS="6532" HEIGHT="132" WIDTH="424" STYLEREFS="Style_12" WC="1" CC="000000"/>
						<SP ID="SP_1.2.44.2" HPOS="952" VPOS="6548" WIDTH="76"/>
						<String CONTENT="the" ID="St_1.2.44.3" HPOS="1072" VPOS="6532" HEIGHT="100" WIDTH="184" STYLEREFS="Style_12" WC="1" CC="000"/>
						<SP ID="SP_1.2.44.4" HPOS="1224" VPOS="6552" WIDTH="72"/>
						<String CONTENT="air" ID="St_1.2.44.5" HPOS="1340" VPOS="6532" HEIGHT="100" WIDTH="168" STYLEREFS="Style_12" WC="1" CC="000"/>
						<SP ID="SP_1.2.44.6" HPOS="1476" VPOS="6548" WIDTH="68"/>
						<String CONTENT="waves" ID="St_1.2.44.7" HPOS="1588" VPOS="6568" HEIGHT="68" WIDTH="360" STYLEREFS="Style_12" WC="1" CC="00000"/>
						<SP ID="SP_1.2.44.8" HPOS="1916" VPOS="6552" WIDTH="68"/>
						<String CONTENT="with" ID="St_1.2.44.9" HPOS="2028" VPOS="6532" HEIGHT="100" WIDTH="268" STYLEREFS="Style_12" WC="1" CC="0000"/>
						<SP ID="SP_1.2.44.10" HPOS="2256" VPOS="6532" WIDTH="80"/>
						<String CONTENT="Eric" ID="St_1.2.44.11" HPOS="2384" VPOS="6532" HEIGHT="100" WIDTH="264" STYLEREFS="Style_12" WC="1" CC="0000"/>
						<SP ID="SP_1.2.44.12" HPOS="2616" VPOS="6548" WIDTH="72"/>
						<String CONTENT="Palmer," ID="St_1.2.44.13" HPOS="2732" VPOS="6536" HEIGHT="132" WIDTH="476" STYLEREFS="Style_12" WC="1" CC="0000000"/>
						<SP ID="SP_1.2.44.14" HPOS="3192" VPOS="6576" WIDTH="56"/>
						<String CONTENT="jr." ID="St_1.2.44.15" HPOS="3292" VPOS="6536" HEIGHT="132" WIDTH="136" STYLEREFS="Style_12" WC="1" CC="000"/>
						<SP ID="SP_1.2.44.16" HPOS="3416" VPOS="6576" WIDTH="48"/>
						<String CONTENT="New" ID="St_1.2.44.17" HPOS="3584" VPOS="6536" HEIGHT="104" WIDTH="268" STYLEREFS="Style_12" WC="1" CC="000"/>
						<SP ID="SP_1.2.44.18" HPOS="3800" VPOS="6552" WIDTH="88"/>
						<String CONTENT="York," ID="St_1.2.44.19" HPOS="3940" VPOS="6536" HEIGHT="128" WIDTH="348" STYLEREFS="Style_12" WC="1" CC="00000"/>
					</TextLine>
					<TextLine ID="TL_1.2.45" HPOS="436" VPOS="6680" HEIGHT="132" WIDTH="1232">
						<String CONTENT="H." ID="St_1.2.45.1" HPOS="436" VPOS="6680" HEIGHT="104" WIDTH="148" STYLEREFS="Style_12" WC="0.777777777777778" CC="40"/>
						<SP ID="SP_1.2.45.2" HPOS="568" VPOS="6720" WIDTH="44"/>
						<String CONTENT="Liveright" ID="St_1.2.45.3" HPOS="644" VPOS="6680" HEIGHT="132" WIDTH="588" STYLEREFS="Style_12" WC="0.962222222222222" CC="000000000"/>
						<SP ID="SP_1.2.45.4" HPOS="1204" VPOS="6684" WIDTH="60"/>
						<String CONTENT="[" ID="St_1.2.45.5" HPOS="1304" VPOS="6716" HEIGHT="72" WIDTH="40" STYLEREFS="Style_12" WC="0.967777777777778" CC="0"/>
						<String CONTENT="&#x0368;193" ID="St_1.2.45.6" HPOS="1380" VPOS="6688" HEIGHT="96" WIDTH="188" STYLEREFS="Style_12" WC="0.973333333333333" CC="000"/>
						<String CONTENT="0]" ID="St_1.2.45.7" HPOS="1580" VPOS="6688" HEIGHT="100" WIDTH="88" STYLEREFS="Style_12" WC="0.975555555555556" CC="00"/>
					</TextLine>
					<TextLine ID="TL_1.2.46" HPOS="572" VPOS="6828" HEIGHT="100" WIDTH="2596">
						<String CONTENT="329" ID="St_1.2.46.1" HPOS="572" VPOS="6832" HEIGHT="80" WIDTH="164" STYLEREFS="Style_12" WC="1" CC="000"/>
						<SP ID="SP_1.2.46.2" HPOS="708" VPOS="6828" WIDTH="56"/>
						<String CONTENT="p." ID="St_1.2.46.3" HPOS="800" VPOS="6860" HEIGHT="68" WIDTH="84" STYLEREFS="Style_12" WC="1" CC="00"/>
						<SP ID="SP_1.2.46.4" HPOS="872" VPOS="6856" WIDTH="64"/>
						<String CONTENT="front.," ID="St_1.2.46.5" HPOS="996" VPOS="6836" HEIGHT="92" WIDTH="316" STYLEREFS="Style_12" WC="1" CC="0000000"/>
						<SP ID="SP_1.2.46.6" HPOS="1300" VPOS="6856" WIDTH="44"/>
						<String CONTENT="plates," ID="St_1.2.46.7" HPOS="1380" VPOS="6836" HEIGHT="92" WIDTH="332" STYLEREFS="Style_12" WC="1" CC="0000000"/>
						<SP ID="SP_1.2.46.8" HPOS="1700" VPOS="6860" WIDTH="40"/>
						<String CONTENT="ports.," ID="St_1.2.46.9" HPOS="1776" VPOS="6840" HEIGHT="88" WIDTH="316" STYLEREFS="Style_12" WC="1" CC="0000000"/>
						<SP ID="SP_1.2.46.10" HPOS="2076" VPOS="6856" WIDTH="44"/>
						<String CONTENT="fa" ID="St_1.2.46.11" HPOS="2156" VPOS="6836" HEIGHT="80" WIDTH="104" STYLEREFS="Style_12" WC="1" CC="00"/>
						<String CONTENT="c" ID="St_1.2.46.12" HPOS="2272" VPOS="6856" HEIGHT="60" WIDTH="44" STYLEREFS="Style_12" WC="0.986666666666667" CC="4"/>
						<String CONTENT="sim." ID="St_1.2.46.13" HPOS="2324" VPOS="6836" HEIGHT="80" WIDTH="204" STYLEREFS="Style_12" WC="0.987777777777778" CC="0000"/>
						<SP ID="SP_1.2.46.14" HPOS="2512" VPOS="6856" WIDTH="68"/>
						<String CONTENT="1" ID="St_1.2.46.15" HPOS="2644" VPOS="6840" HEIGHT="72" WIDTH="48" STYLEREFS="Style_12" WC="0.977777777777778" CC="4"/>
						<String CONTENT="9&#x00BD;&#x0368;&#x036B;." ID="St_1.2.46.16" HPOS="2700" VPOS="6836" HEIGHT="84" WIDTH="468" STYLEREFS="Style_12" WC="0.972222222222222" CC="30000"/>
					</TextLine>
					<TextLine ID="TL_1.2.47" HPOS="452" VPOS="6936" HEIGHT="104" WIDTH="3828">
						<String CONTENT="&#x00A9;" ID="St_1.2.47.1" HPOS="452" VPOS="6936" HEIGHT="92" WIDTH="100" STYLEREFS="Style_12" WC="0.555555555555556" CC="4"/>
						<SP ID="SP_1.2.47.2" HPOS="500" VPOS="6936" WIDTH="84"/>
						<String CONTENT="Mar." ID="St_1.2.47.3" HPOS="612" VPOS="6948" HEIGHT="76" WIDTH="236" STYLEREFS="Style_12" WC="0.925555555555556" CC="0000"/>
						<SP ID="SP_1.2.47.4" HPOS="836" VPOS="6976" WIDTH="40"/>
						<String CONTENT="15," ID="St_1.2.47.5" HPOS="904" VPOS="6944" HEIGHT="92" WIDTH="132" STYLEREFS="Style_12" WC="0.955555555555556" CC="000"/>
						<SP ID="SP_1.2.47.6" HPOS="1024" VPOS="6972" WIDTH="36"/>
						<String CONTENT="1930;" ID="St_1.2.47.7" HPOS="1092" VPOS="6944" HEIGHT="92" WIDTH="272" STYLEREFS="Style_12" WC="0.944444444444444" CC="00400"/>
						<SP ID="SP_1.2.47.8" HPOS="1352" VPOS="6956" WIDTH="40"/>
						<String CONTENT="2c." ID="St_1.2.47.9" HPOS="1424" VPOS="6948" HEIGHT="76" WIDTH="132" STYLEREFS="Style_12" WC="0.933333333333333" CC="040"/>
						<SP ID="SP_1.2.47.10" HPOS="1544" VPOS="6976" WIDTH="40"/>
						<String CONTENT="and" ID="St_1.2.47.11" HPOS="1612" VPOS="6952" HEIGHT="72" WIDTH="184" STYLEREFS="Style_12" WC="0.944444444444444" CC="000"/>
						<SP ID="SP_1.2.47.12" HPOS="1760" VPOS="6948" WIDTH="60"/>
						<String CONTENT="aff." ID="St_1.2.47.13" HPOS="1852" VPOS="6944" HEIGHT="84" WIDTH="160" STYLEREFS="Style_12" WC="0.953333333333333" CC="0000"/>
						<SP ID="SP_1.2.47.14" HPOS="2000" VPOS="6976" WIDTH="40"/>
						<String CONTENT="Mar." ID="St_1.2.47.15" HPOS="2072" VPOS="6952" HEIGHT="76" WIDTH="236" STYLEREFS="Style_12" WC="0.96" CC="0000"/>
						<SP ID="SP_1.2.47.16" HPOS="2292" VPOS="6976" WIDTH="40"/>
						<String CONTENT="21;" ID="St_1.2.47.17" HPOS="2360" VPOS="6948" HEIGHT="92" WIDTH="160" STYLEREFS="Style_12" WC="0.964444444444444" CC="000"/>
						<SP ID="SP_1.2.47.18" HPOS="2508" VPOS="6956" WIDTH="40"/>
						<String CONTENT="A" ID="St_1.2.47.19" HPOS="2584" VPOS="6948" HEIGHT="76" WIDTH="76" STYLEREFS="Style_12" WC="0.966666666666667" CC="0"/>
						<SP ID="SP_1.2.47.20" HPOS="2616" VPOS="6944" WIDTH="68"/>
						<String CONTENT="20428;" ID="St_1.2.47.21" HPOS="2716" VPOS="6948" HEIGHT="92" WIDTH="328" STYLEREFS="Style_12" WC="0.971111111111111" CC="000000"/>
						<SP ID="SP_1.2.47.22" HPOS="3028" VPOS="6956" WIDTH="44"/>
						<String CONTENT="Horace" ID="St_1.2.47.23" HPOS="3112" VPOS="6952" HEIGHT="76" WIDTH="376" STYLEREFS="Style_12" WC="0.974444444444444" CC="000000"/>
						<SP ID="SP_1.2.47.24" HPOS="3452" VPOS="6956" WIDTH="56"/>
						<String CONTENT="Liveright," ID="St_1.2.47.25" HPOS="3540" VPOS="6952" HEIGHT="88" WIDTH="508" STYLEREFS="Style_12" WC="0.972222222222222" CC="0000000004"/>
						<SP ID="SP_1.2.47.26" HPOS="4032" VPOS="6980" WIDTH="44"/>
						<String CONTENT="inc." ID="St_1.2.47.27" HPOS="4112" VPOS="6952" HEIGHT="76" WIDTH="168" STYLEREFS="Style_12" WC="0.974444444444444" CC="0000"/>
					</TextLine>
					<TextLine ID="TL_1.2.48" HPOS="604" VPOS="7048" HEIGHT="96" WIDTH="3520">
						<String CONTENT="(30-8998)" ID="St_1.2.48.1" HPOS="604" VPOS="7052" HEIGHT="92" WIDTH="480" STYLEREFS="Style_12" WC="0.95" CC="130000000"/>
						<SP ID="SP_1.2.48.2" HPOS="1068" VPOS="7048" WIDTH="2828"/>
						<String CONTENT="3" ID="St_1.2.48.3" HPOS="3896" VPOS="7060" HEIGHT="84" WIDTH="48" STYLEREFS="Style_12" WC="0.627777777777778" CC="4"/>
						<String CONTENT="640" ID="St_1.2.48.4" HPOS="3956" VPOS="7056" HEIGHT="84" WIDTH="168" STYLEREFS="Style_12" WC="0.646666666666667" CC="000"/>
					</TextLine>
					<TextLine ID="TL_1.2.49" HPOS="448" VPOS="7180" HEIGHT="124" WIDTH="1492">
						<String CONTENT="Pirandello," ID="St_1.2.49.1" HPOS="448" VPOS="7180" HEIGHT="124" WIDTH="672" STYLEREFS="Style_12" WC="1" CC="00000000000"/>
						<SP ID="SP_1.2.49.2" HPOS="1100" VPOS="7220" WIDTH="48"/>
						<String CONTENT="Luigi," ID="St_1.2.49.3" HPOS="1180" VPOS="7180" HEIGHT="124" WIDTH="372" STYLEREFS="Style_12" WC="1" CC="000000"/>
						<SP ID="SP_1.2.49.4" HPOS="1532" VPOS="7220" WIDTH="48"/>
						<String CONTENT="1867" ID="St_1.2.49.5" HPOS="1612" VPOS="7188" HEIGHT="104" WIDTH="260" STYLEREFS="Style_12" WC="1" CC="0000"/>
						<String CONTENT="-" ID="St_1.2.49.6" HPOS="1872" VPOS="7252" HEIGHT="12" WIDTH="68" STYLEREFS="Style_12" WC="1" CC="0"/>
					</TextLine>
					<TextLine ID="TL_1.2.50" HPOS="640" VPOS="7320" HEIGHT="152" WIDTH="3648">
						<String CONTENT="&#x02026;" ID="St_1.2.50.1" HPOS="640" VPOS="7320" HEIGHT="120" WIDTH="68" STYLEREFS="Style_12" WC="1" CC="0"/>
						<SP ID="SP_1.2.50.2" HPOS="680" VPOS="7408" WIDTH="16"/>
						<String CONTENT="Cos" ID="St_1.2.50.3" HPOS="776" VPOS="7328" HEIGHT="104" WIDTH="208" STYLEREFS="Style_12" WC="0.8" CC="114"/>
						<String CONTENT="&#x00EC;" ID="St_1.2.50.4" HPOS="980" VPOS="7324" HEIGHT="88" WIDTH="36" STYLEREFS="Style_12" WC="0.833333333333333" CC="0"/>
						<SP ID="SP_1.2.50.5" HPOS="1004" VPOS="7328" WIDTH="56"/>
						<String CONTENT="&#x00E8;" ID="St_1.2.50.6" HPOS="1096" VPOS="7328" HEIGHT="104" WIDTH="52" STYLEREFS="Style_12" WC="0.861111111111111" CC="0"/>
						<SP ID="SP_1.2.50.7" HPOS="1116" VPOS="7328" WIDTH="72"/>
						<String CONTENT="(se" ID="St_1.2.50.8" HPOS="1236" VPOS="7328" HEIGHT="132" WIDTH="160" STYLEREFS="Style_12" WC="0.87" CC="004"/>
						<SP ID="SP_1.2.50.9" HPOS="1364" VPOS="7348" WIDTH="60"/>
						<String CONTENT="vi" ID="St_1.2.50.10" HPOS="1456" VPOS="7328" HEIGHT="104" WIDTH="112" STYLEREFS="Style_12" WC="0.895555555555556" CC="00"/>
						<SP ID="SP_1.2.50.11" HPOS="1544" VPOS="7328" WIDTH="52"/>
						<String CONTENT="pare)" ID="St_1.2.50.12" HPOS="1636" VPOS="7332" HEIGHT="132" WIDTH="316" STYLEREFS="Style_12" WC="0.925555555555556" CC="00000"/>
						<SP ID="SP_1.2.50.13" HPOS="1928" VPOS="7328" WIDTH="64"/>
						<String CONTENT="parabola" ID="St_1.2.50.14" HPOS="2036" VPOS="7332" HEIGHT="132" WIDTH="528" STYLEREFS="Style_12" WC="0.947777777777778" CC="00000000"/>
						<SP ID="SP_1.2.50.15" HPOS="2528" VPOS="7348" WIDTH="64"/>
						<String CONTENT="in" ID="St_1.2.50.16" HPOS="2632" VPOS="7336" HEIGHT="100" WIDTH="112" STYLEREFS="Style_12" WC="0.952222222222222" CC="00"/>
						<SP ID="SP_1.2.50.17" HPOS="2704" VPOS="7352" WIDTH="68"/>
						<String CONTENT="tre" ID="St_1.2.50.18" HPOS="2812" VPOS="7348" HEIGHT="88" WIDTH="168" STYLEREFS="Style_12" WC="0.957777777777778" CC="000"/>
						<SP ID="SP_1.2.50.19" HPOS="2948" VPOS="7352" WIDTH="60"/>
						<String CONTENT="atti" ID="St_1.2.50.20" HPOS="3044" VPOS="7336" HEIGHT="100" WIDTH="204" STYLEREFS="Style_12" WC="0.962222222222222" CC="0000"/>
						<SP ID="SP_1.2.50.21" HPOS="3224" VPOS="7332" WIDTH="56"/>
						<String CONTENT="di" ID="St_1.2.50.22" HPOS="3320" VPOS="7340" HEIGHT="100" WIDTH="112" STYLEREFS="Style_12" WC="0.964444444444444" CC="00"/>
						<SP ID="SP_1.2.50.23" HPOS="3412" VPOS="7332" WIDTH="48"/>
						<String CONTENT="Luigi" ID="St_1.2.50.24" HPOS="3500" VPOS="7336" HEIGHT="136" WIDTH="336" STYLEREFS="Style_12" WC="0.968888888888889" CC="00000"/>
						<SP ID="SP_1.2.50.25" HPOS="3812" VPOS="7332" WIDTH="52"/>
						<String CONTENT="Piran-" ID="St_1.2.50.26" HPOS="3896" VPOS="7336" HEIGHT="100" WIDTH="392" STYLEREFS="Style_12" WC="0.972222222222222" CC="000000"/>
					</TextLine>
					<TextLine ID="TL_1.2.51" HPOS="448" VPOS="7476" HEIGHT="144" WIDTH="3844">
						<String CONTENT="dello," ID="St_1.2.51.1" HPOS="448" VPOS="7480" HEIGHT="128" WIDTH="320" STYLEREFS="Style_12" WC="1" CC="000000"/>
						<SP ID="SP_1.2.51.2" HPOS="752" VPOS="7516" WIDTH="64"/>
						<String CONTENT="with" ID="St_1.2.51.3" HPOS="872" VPOS="7476" HEIGHT="104" WIDTH="272" STYLEREFS="Style_12" WC="1" CC="0000"/>
						<SP ID="SP_1.2.51.4" HPOS="1104" VPOS="7476" WIDTH="88"/>
						<String CONTENT="introduction," ID="St_1.2.51.5" HPOS="1248" VPOS="7480" HEIGHT="132" WIDTH="780" STYLEREFS="Style_12" WC="1" CC="0000000000000"/>
						<SP ID="SP_1.2.51.6" HPOS="2012" VPOS="7516" WIDTH="60"/>
						<String CONTENT="notes" ID="St_1.2.51.7" HPOS="2128" VPOS="7492" HEIGHT="92" WIDTH="308" STYLEREFS="Style_12" WC="1" CC="00000"/>
						<SP ID="SP_1.2.51.8" HPOS="2408" VPOS="7496" WIDTH="76"/>
						<String CONTENT="and" ID="St_1.2.51.9" HPOS="2540" VPOS="7484" HEIGHT="104" WIDTH="220" STYLEREFS="Style_12" WC="1" CC="000"/>
						<SP ID="SP_1.2.51.10" HPOS="2716" VPOS="7476" WIDTH="92"/>
						<String CONTENT="vocabulary" ID="St_1.2.51.11" HPOS="2864" VPOS="7484" HEIGHT="136" WIDTH="664" STYLEREFS="Style_12" WC="1" CC="0000000000"/>
						<SP ID="SP_1.2.51.12" HPOS="3484" VPOS="7496" WIDTH="88"/>
						<String CONTENT="by" ID="St_1.2.51.13" HPOS="3628" VPOS="7488" HEIGHT="132" WIDTH="144" STYLEREFS="Style_12" WC="1" CC="00"/>
						<SP ID="SP_1.2.51.14" HPOS="3732" VPOS="7496" WIDTH="88"/>
						<String CONTENT="Joseph" ID="St_1.2.51.15" HPOS="3876" VPOS="7476" HEIGHT="140" WIDTH="416" STYLEREFS="Style_12" WC="0.991111111111111" CC="400000"/>
					</TextLine>
				</TextBlock>
			</PrintSpace>
		</Page>
	</Layout>
</alto>
