4800 8268
260 716 576 96 Montana.
976 712 164 100 Su
1144 740 196 96 pre
1344 748 112 60 m
1460 748 52 64 e
1576 700 1068 112 court-Continued

396 868 292 88 xxxii,
748 868 164 76 737
964 884 84 72 p.
1152 864 108 76 23
1288 868 40 40 ͨͫ

280 972 92 96 ©
444 980 220 88 July
724 972 132 92 24,
920 972 272 92 1930;
1260 968 132 88 2c.
1456 968 228 96 Aug.
1748 968 104 92 2;
1924 964 156 84 aff.
2144 968 232 92 Aug.
2440 968 100 92 1;
2608 964 84 76 A
2752 964 328 88 26493;
3152 956 936 96 Bancroft-Whitney

404 1104 128 60 co.
3700 1064 228 80 7211

260 1240 408 120 Moore,
724 1232 476 104 Nathan
1256 1232 360 124 Grier,
1680 1244 328 92 1853-

444 1392 68 112 …
580 1388 232 104 The
868 1388 384 132 theory
1308 1388 124 100 of
1484 1384 552 100 evolution
2116 1384 192 132 (an
2364 1380 568 128 inquiry);
2996 1388 252 120 part
3304 1412 40 60 I
3352 1456 20 20 .
3428 1376 164 104 As
3644 1376 448 132 applied

268 1548 108 92 to
436 1572 292 100 man,
796 1544 252 124 part
1136 1556 96 80 II.
1300 1536 156 104 As
1524 1532 448 132 applied
2040 1540 112 96 to
2216 1540 440 100 nature;
2732 1532 288 96 from
3096 1568 56 60 a
3220 1528 492 132 lawyer's
3784 1528 316 124 point

260 1688 128 104 of
448 1684 304 136 view,
808 1688 148 128 by
1016 1684 448 100 Nathan
1528 1680 132 104 G.
1724 1684 404 100 Moore.
2280 1680 520 132 Chicago,
2864 1680 224 100 For
3148 1676 432 132 private
3644 1676 452 100 circula-

264 1836 264 136 tion,
584 1836 232 100 The
872 1832 536 104 Lakeside
1464 1868 336 96 press,
1864 1836 288 96 1929.

396 1988 132 80 vii
580 2012 108 72 p.,
744 1988 52 80 1
848 1992 84 88 l.,
988 1988 168 80 374
1204 2008 84 72 p.
1400 1988 336 92 plates.
1844 1984 284 96 21½ͨͫ.

396 2096 128 80 At
568 2096 244 80 head
864 2096 104 80 of
1012 2096 264 76 title:
1336 2092 372 84 Second.
1736 2092 384 76 edition.

284 2200 96 96 ©
440 2212 212 72 Jan.
704 2204 132 92 11,
892 2200 272 96 1930;
1220 2200 52 76 2
1280 2228 72 56 c.
1408 2204 220 92 May
1684 2200 156 92 12;
1904 2200 100 76 af
1996 2200 40 76 f
2044 2264 16 12 .
2120 2204 240 72 June
2416 2200 160 88 27;
2636 2200 84 72 A
2768 2192 328 96 24019;
3160 2200 108 76 N.
3328 2196 104 80 G.
3492 2200 344 88 Moore,
3896 2192 204 84 Chi-

408 2336 248 72 cago.
772 2352 20 56 [
872 2328 32 76 ©
956 2336 208 56 new
1208 2312 352 80 matter]
1716 2308 540 96 (30-13856)
3696 2300 236 84 7212

268 2440 460 124 O'Neill,
780 2440 296 100 John
1136 2436 444 124 Gerald,
1640 2448 324 92 1898-

392 2584 472 104 Ancient
932 2584 496 132 Corinth,
1492 2584 268 100 with
1824 2624 60 64 a
1948 2580 840 132 topographical
2852 2580 368 104 sketch
3284 2580 124 100 of
3468 2580 184 100 the
3724 2576 376 108 Corin

272 2740 236 108 thia
584 2752 68 104 …
804 2744 144 132 by
1032 2740 104 108 J.
1228 2740 132 104 G.
1448 2736 392 108 O'Neil
1844 2740 36 100 l
1980 2752 68 104 …
2236 2744 156 124 pt.
2484 2744 84 92 1.
2716 2736 640 104 Baltimore.
3440 2740 236 100 The
3756 2736 356 104 Johns

272 2892 524 132 Hopkins
848 2924 356 96 press;
1264 2888 496 132 London,
1820 2888 148 104 H.
2032 2884 508 116 Milford,
2608 2884 436 104 Oxford
3108 2884 608 132 university
3780 2920 336 96 press,

276 3048 292 100 1930.

420 3196 200 96 xiii,
680 3196 172 76 270
908 3216 84 72 p.
1108 3196 328 92 plates,
1496 3212 268 72 maps
1816 3192 96 92 (1
1972 3188 276 92 fold.)
2384 3188 228 80 24ͨͫ.
2752 3188 240 96 (The
3056 3188 296 80 Johns
3416 3188 316 92 Hopki
3740 3212 56 52 n
3808 3212 40 56 s
3916 3188 192 76 uni-

280 3304 352 96 versity
688 3304 360 80 studies
1100 3304 96 76 in
1252 3304 640 92 archaeology,
1948 3320 144 60 no.
2152 3296 96 96 8)

416 3412 476 80 "Selected
948 3408 760 100 bibliography":
1768 3432 88 72 p.
1912 3412 52 76 2
1972 3412 48 76 5
2024 3408 308 80 5-260.

288 3516 96 96 ©
448 3524 248 80 June
752 3524 76 92 4,
892 3520 272 92 1930;
1228 3520 132 84 2c.
1420 3524 188 76 and
1668 3520 104 76 af
1744 3520 60 76 f
1812 3584 16 16 .
1896 3524 240 72 June
2196 3520 156 76 14:
2424 3520 76 76 A
2564 3520 56 72 2
2624 3520 44 76 5
2680 3520 212 88 019;
2964 3516 296 80 Johns
3324 3516 428 92 Hopkins
3820 3532 288 76 pres.

436 3632 536 96 (30-18284)
3716 3620 232 84 7213

280 3760 484 124 Palmer,
816 3760 248 120 Roy
1112 3760 140 108 A.

404 3908 360 104 Marie
832 3908 124 100 of
1036 3908 544 124 Circle-A,
1656 3944 60 64 a
1788 3916 304 120 story
2160 3908 124 96 of
2356 3908 184 96 the
2608 3908 348 100 Black
3028 3908 304 100 Hills
3400 3916 496 120 country,
3964 3904 144 132 by

276 4060 244 128 Roy
568 4060 136 104 A.
764 4056 472 104 Palmer.
1360 4056 144 100 2d
1560 4060 160 100 ed.
1840 4068 68 104 …
2028 4060 452 124 Boston,
2536 4060 360 96 Mass..
2960 4056 456 100 Meador
3472 4052 644 132 publishing

276 4240 568 100 company,
908 4216 288 92 1930.

412 4364 168 76 342
636 4384 84 72 p.
832 4360 228 80 fold.
1112 4360 320 96 front.,
1492 4384 52 72 p
1548 4360 36 76 l
1592 4420 20 20 .
1724 4360 224 76 21ͨͫ.

296 4452 96 88 ©
448 4476 244 76 June
736 4472 48 76 1
792 4472 56 76 0
852 4532 16 32 ,
916 4468 112 80 19
1032 4472 112 76 30
1172 4492 20 72 ;
1240 4472 132 76 2c.
1420 4472 244 76 June
1712 4468 156 92 18;
1924 4468 156 76 aff.
2136 4472 220 92 July
2408 4472 96 88 1;
2564 4468 80 76 A
2692 4468 48 76 2
2752 4472 48 72 5
2804 4472 48 76 3
2864 4472 48 72 1
2920 4468 52 72 9
3004 4492 16 68 ;
3076 4472 408 72 Edward
3536 4472 116 72 K.
3744 4472 108 96 Me
3860 4472 252 88 ador,

428 4580 380 84 Boston.
916 4616 20 60 [
968 4568 80 92 ©
1100 4580 408 80 revision
1560 4580 188 76 and
1796 4580 660 92 illustrations]
2592 4576 540 96 (30-18307)
3728 4576 228 80 7214

280 4704 528 124 Parsons,
872 4704 428 104 Robert
1360 4704 544 124 Percival,
1976 4716 332 96 1891-

412 4852 468 132 History
940 4852 120 96 of
1112 4852 468 100 Haitian
1636 4852 564 124 medicine,
2256 4852 148 136 by
2456 4852 408 104 Robert
2924 4852 128 100 P.
3116 4852 472 104 Parsons
3672 4852 64 108 …
3836 4852 284 100 fore-

284 4996 300 100 word
640 4996 144 136 by
840 4996 488 100 Edward
1388 4996 128 108 R.
1584 5000 272 108 Stitt
1940 4996 64 112 …
2104 5000 268 100 with
2440 5008 120 92 21
2628 5000 728 104 illustrations
3416 5004 84 96 &
3560 5040 60 64 a
3688 5000 436 132 folding

284 5180 252 96 map
592 5148 120 100 of
760 5144 348 104 Haiti.
1256 5148 260 104 New
1572 5148 344 128 York,
1964 5152 124 100 P.
2144 5152 128 100 B.
2320 5152 472 128 Hoeber,
2840 5148 240 132 inc.,
3140 5156 284 96 1930.

424 5308 320 84 xxviii,
804 5308 164 76 196
1024 5328 88 72 p.
1168 5308 32 72 i
1208 5328 52 52 n
1272 5308 76 76 cl
1364 5368 12 16 .
1436 5304 332 96 plates,
1828 5308 40 76 f
1876 5324 104 60 ac
1988 5308 244 76 sims.
2352 5308 284 80 front.
2692 5308 268 88 (fold.
3020 5312 260 92 map)
3412 5312 216 76 20ͨͫ.

424 5416 564 96 "Reprinted
1028 5416 232 76 with
1304 5416 472 76 additions
1820 5440 116 52 an
1948 5420 52 72 d
2044 5416 588 92 corrections,
2680 5416 240 80 from
2968 5420 356 76 Annals
3368 5420 100 80 of
3508 5420 388 80 medical
3944 5420 184 80 his-

292 5528 204 92 tory
572 5524 128 92 (n.
764 5548 96 68 s.,
920 5528 172 72 vol.
1156 5520 52 96 I,
1268 5544 144 56 no.
1472 5524 76 88 3,
1604 5520 340 100 1929)"

428 5632 720 80 "References":
1208 5656 84 72 p.
1352 5632 416 76 190-192.

312 5732 96 96 ©
472 5744 220 92 July
740 5740 80 92 2,
876 5740 272 96 1930;
1208 5740 132 80 2c.
1396 5744 224 92 July
1676 5744 104 88 7;
1840 5740 100 76 af
1936 5740 36 76 f
1984 5804 16 20 .
2060 5744 224 92 July
2340 5744 56 76 8
2424 5764 16 68 ;
2504 5744 80 72 A
2640 5740 328 96 26009;
3032 5744 236 76 Paul
3328 5744 108 80 B.
3496 5744 88 80 H
3592 5764 48 60 o
3648 5744 240 92 eber,
3952 5744 172 80 inc.

460 5852 536 92 (30-18146)
3736 5848 228 88 7215

296 5972 456 128 Peyser,
808 5976 340 104 Ethel
1200 5980 332 124 Rose,
1592 5980 328 104 1887-

436 6124 544 136 Cheating
1060 6128 184 104 the
1328 6128 584 132 junk-pile,
1996 6132 184 100 the
2264 6132 532 128 purchase
2880 6136 212 100 and
3176 6136 756 100 maintenance
4016 6136 124 100 of

296 6276 596 104 household
952 6276 712 136 equipments,
1716 6280 144 132 by
1916 6280 328 100 Ethel
2300 6280 132 100 R.
2492 6272 432 140 Peyser.
3068 6276 268 104 New
3400 6288 212 100 and
3672 6320 132 68 en
3808 6288 36 92 l
3856 6372 20 16 .
3940 6284 196 116 ed.,

304 6428 268 100 with
632 6464 144 68 an
832 6428 512 104 introduc
1348 6436 48 92 t
1400 6428 184 104 ion
1644 6432 148 132 by
1852 6428 688 104 Richardson
2600 6432 452 128 Wright
3128 6424 60 120 …
3308 6436 624 100 illustrated
3992 6436 144 128 by

304 6576 384 136 Harry
768 6576 688 104 Richardson
1512 6584 64 104 …
1804 6580 264 100 New
2152 6580 344 132 York,
2576 6580 132 100 E.
2788 6580 124 108 P.
2992 6584 432 104 Dutton
3500 6588 92 96 &
3664 6620 192 96 co.,
3932 6580 208 108 inc.

348 6732 60 68 [
348 6740 36 40 ͨ
392 6732 260 96 1930
660 6792 20 64 ]

448 6880 252 96 xxiv,
752 6880 172 80 488
976 6900 80 72 p.
1120 6880 28 76 i
1156 6904 60 52 n
1220 6884 80 72 cl
1312 6944 12 12 .
1388 6880 272 92 illus.,
1720 6884 324 92 plates.
2164 6880 312 96 front.,
2536 6884 328 92 plates.
2980 6884 564 80 21½ͨͫ.

320 6972 96 92 ©
476 6992 224 88 July
748 6988 76 88 8,
880 6988 268 92 1930;
1204 6988 132 80 2c.
1396 6992 220 92 July
1668 6992 160 88 11;
1884 6988 100 80 af
1968 6988 56 76 f
2028 7052 16 20 .
2100 6992 224 92 July
2376 6992 160 92 10;
2596 6992 80 76 A
2728 6988 168 84 260
2896 6992 52 80 5
2956 6996 100 88 9;
3116 6992 104 84 E.
3276 6996 100 76 P.
3436 6996 360 76 Dutton
3852 6996 68 76 &
3976 7016 44 56 c
4028 7016 48 56 o
4092 7060 40 28 .,

456 7096 172 76 inc.
744 7136 20 56 [
776 7080 92 96 ©
932 7120 204 56 new
1188 7084 412 100 matter]
1696 7100 372 92 (30-181
2076 7100 52 80 5
2132 7100 96 92 2)
3744 7100 232 84 7216

312 7216 716 128 Poindexter,
1096 7224 360 124 Miles,
1532 7232 324 96 1868-

440 7372 236 100 The
752 7372 720 132 Ayar-Incas,
1548 7376 148 132 by
1772 7376 328 100 Miles
2180 7376 676 104 Poindexter
2936 7380 68 104 …
3204 7384 268 100 New
3556 7384 344 100 York.
3980 7380 152 104 H.

308 7516 608 136 Liveright,
980 7528 188 96 193
1180 7528 60 96 0
1248 7604 20 20 .

2100 7676 260 100 1101
