4800 8268
2120 7708 56 96 5
2180 7692 128 104 77

296 720 488 124 Lestico,
844 724 396 120 Henry
1292 716 1192 108 Harris-Continued

444 884 168 76 144
668 904 88 72 p.
872 884 48 72 1
920 880 468 84 9ͨͫ.

316 1012 100 96 ©
468 1024 224 84 Apr.
748 1016 48 76 1
800 1016 56 76 0
860 1076 20 32 ,
932 1016 112 76 19
1040 1012 116 80 30
1184 1036 20 72 ;
1256 1016 60 72 2
1316 1036 48 56 c
1372 1076 20 16 .
1444 1012 220 96 Apr.
1720 1012 156 92 17;
1936 1032 52 56 a
1996 1012 48 72 f
2028 1020 52 76 f
2076 1072 20 16 .
2148 1012 220 88 Apr.
2420 1008 160 92 16;
2636 1008 84 76 A
2772 1004 224 80 2216
3000 1016 56 80 6
3084 1028 20 68 ;
3164 1004 120 80 H.
3336 1004 124 80 H.
3512 1004 364 76 Lestico
3932 1004 216 92 pub.

444 1156 48 68 c
496 1144 56 60 o
548 1176 28 48 .
3756 1104 232 88 3845

304 1300 392 128 Lloyd,
748 1304 300 104 John
1100 1300 528 124 William,
1692 1300 332 108 1876-

528 1460 68 108 …
664 1452 664 104 Productive
1420 1452 564 132 vegetable
2072 1448 536 136 growing,
2696 1452 144 132 by
2928 1448 304 108 John
3316 1440 172 112 W.
3580 1444 360 132 Lloyd
4008 1460 68 108 …

316 1612 192 96 194
564 1604 732 104 illustrations
1356 1600 116 104 in
1532 1600 184 108 the
1780 1612 232 96 text
2088 1608 60 112 …
2348 1604 184 96 6th
2596 1604 204 128 ed.,
2864 1620 216 80 rev.
3224 1596 788 132 Philadelphia
4076 1600 84 96 &

312 1756 496 132 London,
856 1756 112 104 J.
1020 1756 128 100 B.
1200 1748 656 132 Lippincott
1900 1784 540 100 company
2500 1816 28 64 [
2544 1744 20 100 ͨ
2576 1752 320 116 1930]

440 1912 56 76 4
572 1932 88 68 p.
736 1904 36 76 l
780 1968 44 32 .,
904 1928 60 56 v
964 1952 60 8 –
1024 1908 132 76 vii
1160 1908 56 92 i,
1304 1904 320 92 lxxiia,
1708 1904 160 80 343
1952 1924 88 72 p.
2152 1924 48 60 c
2204 1928 52 56 o
2260 1908 60 76 l.
2400 1904 320 92 front.,
2804 1904 248 76 illus.
3104 1900 140 96 (in
3256 1924 44 56 c
3296 1900 68 80 l.
3444 1900 264 96 map)
3804 1900 352 92 diagrs.

304 2016 284 96 21J".
724 2012 660 96 (Lippincott's
1428 2012 248 80 farm
1736 2016 456 88 manuals,
2248 2012 136 80 ed.
2440 2012 120 92 by
2608 2012 120 80 K.
2780 2012 96 80 C.
2928 2008 344 96 Davis)

320 2148 100 96 ©
476 2152 212 80 Feb.
740 2152 80 92 4,
876 2148 268 92 1930;
1204 2152 128 76 2e.
1388 2152 188 72 and
1628 2172 52 52 a
1688 2148 32 76 f
1704 2148 56 76 f
1768 2212 16 16 .
1840 2152 220 88 Apr.
2116 2152 100 88 4;
2276 2148 80 76 A
2408 2144 332 92 20809;
2800 2144 88 80 J.
2944 2144 108 80 B.
3108 2144 340 96 Lippin
3452 2164 44 60 c
3500 2148 144 76 ott
3700 2164 52 60 c
3748 2164 56 60 o
3812 2208 20 16 .

468 2260 540 96 (30-10236)
3764 2252 232 80 3846

312 2440 348 124 Luck,
716 2444 376 104 Peter.

448 2596 232 100 The
760 2596 600 100 Transome
1436 2596 448 96 murder
1964 2604 516 120 mystery,
2560 2592 144 136 by
2780 2592 332 100 Peter
3188 2588 336 104 Luck.
3668 2588 500 128 London,

316 2744 148 104 H.
524 2744 464 104 Jenkins
1044 2740 428 104 limited
1544 2744 328 128 [1930]

436 2896 172 84 312
668 2916 84 76 p.
868 2896 560 92 19ͨͫ.

320 3028 100 96 ©
484 3036 52 76 1
532 3044 52 72 c
596 3096 20 16 .
676 3036 220 92 Apr.
964 3036 72 88 7,
1104 3032 272 88 1930;
1444 3032 76 76 A
1588 3036 120 76 ad
1768 3032 28 76 i
1808 3056 60 52 n
1876 3036 60 76 t.
2004 3032 332 92 13710;
2404 3032 276 92 pubd.
2748 3032 212 80 Feb.
3032 3032 48 76 1
3088 3032 48 80 5
3172 3052 16 72 ;
3260 3032 416 80 Herbert
3736 3032 424 96 Jenkins,

448 3148 172 76 ltd.
752 3132 540 108 (30-10714)
3764 3136 236 88 3847

316 3328 364 100 McHa
680 3328 36 96 l
724 3356 96 92 e,
884 3324 384 104 Frank
1328 3328 84 100 C
1964 3328 348 112 comp.

448 3480 376 104 Pieces
884 3480 248 100 that
1196 3480 276 100 have
1540 3512 244 68 won
1848 3480 392 128 prizes,
2300 3480 228 100 also
2592 3512 336 100 many
2996 3512 380 68 encore
3440 3476 384 136 pieces,
3892 3512 280 68 com-

316 3624 300 136 piled
680 3632 216 100 and
960 3632 544 128 arranged
1564 3628 144 132 by
1772 3628 380 100 Frank
2212 3628 508 100 McHale.
2872 3628 248 100 Enl.
3188 3628 164 100 ed.
3496 3628 268 100 New
3828 3628 348 132 York,

316 3776 348 104 Noble
720 3784 216 96 and
992 3776 348 104 Noble
1408 3788 68 120 [ͨ
1484 3784 188 92 193
1684 3780 60 96 0
1756 3844 20 64 ]

440 3932 120 92 vi,
624 3968 20 60 [
664 3932 132 88 5]–
796 3932 52 80 3
856 3932 112 80 66
1016 3956 84 68 p.
1212 3928 600 92 20½ͨͫ.

324 4036 104 96 ©
488 4048 240 76 Mar.
776 4044 140 88 21,
972 4040 272 92 1930;
1308 4040 52 76 2
1364 4064 48 56 c
1420 4104 16 16 .
1500 4040 216 96 Apr.
1772 4044 108 88 4;
1940 4040 104 76 af
2036 4040 44 76 f
2084 4104 20 16 .
2164 4040 220 92 Apr.
2444 4040 104 92 9;
2608 4040 84 80 A
2752 4040 328 96 20967;
3148 4044 292 76 Noble
3496 4044 76 80 &
3628 4044 316 76 Noble.

472 4148 540 100 (30-10364)
3772 4148 232 84 3848

324 4328 680 128 Mackenzie,
1064 4336 596 120 Compton,
1720 4340 332 96 1882-

452 4480 540 136 Gallipoli
1056 4484 608 132 memories,
1720 4484 148 136 by
1936 4484 552 132 Compton
2552 4484 664 104 Mackenzie.
3364 4484 448 108 Garden
3884 4488 296 132 City,

320 4640 132 100 N.
512 4624 108 112 Y
628 4716 60 52 .,
732 4636 328 100 Doub
1064 4636 36 96 l
1112 4636 312 132 eday,
1472 4636 384 100 Doran
1904 4636 100 96 &
2056 4668 576 100 company,
2680 4632 36 100 i
2728 4668 72 64 n
2804 4672 56 64 c
2868 4712 60 56 .,
2980 4640 192 96 193
3176 4640 64 92 0
3252 4720 20 16 .

444 4792 56 76 6
548 4812 84 68 p.
676 4792 92 88 1.,
820 4792 160 76 387
1036 4812 84 68 p.
1232 4788 564 92 20ͨͫ.

448 4900 312 76 "First
812 4896 444 80 edition."

448 5008 196 76 The
700 5008 208 76 first
964 5008 372 76 volume
1392 5008 100 76 of
1548 5028 52 56 a
1660 5004 292 80 series
2008 5008 108 76 of
2168 5008 436 76 memoirs
2660 5008 108 76 of
2824 5008 160 76 the
3044 5012 292 72 world
3400 5032 228 56 war.

328 5108 104 96 ©
496 5120 224 92 Apr.
780 5120 80 88 4,
928 5116 272 92 1930;
1264 5120 132 76 2e.
1464 5120 184 72 and
1712 5116 164 80 aff.
1944 5116 220 92 Apr.
2228 5116 164 92 10;
2456 5116 84 76 A
2600 5116 336 92 20995;
3012 5116 92 80 C.
3176 5116 564 96 Mackenzie,
3816 5120 184 76 Isle
4072 5120 96 80 of

460 5228 372 92 Jethou,
892 5228 416 80 Channel
1372 5228 400 92 Islands,
1832 5224 508 96 Guernsey,
2404 5228 452 92 England.
2992 5224 544 96 (30-10486)
3776 5224 224 84 3849

320 5408 732 124 McPherson,
1112 5404 532 128 William,
1708 5416 324 96 1864-

532 5560 64 112 …
660 5560 620 132 Chemistry
1360 5560 180 100 for
1608 5564 372 132 today,
2044 5564 148 132 by
2252 5560 512 104 William
2828 5560 720 132 McPherson,
3620 5568 216 100 and
3904 5560 276 108 Wil-

320 5712 268 104 liam
652 5708 548 104 Edwards
1264 5708 652 104 Henderson
1980 5716 68 108 …
2180 5716 216 96 and
2464 5708 428 132 George
2952 5712 536 128 Winegar
3548 5704 440 108 Fowler
4068 5716 68 108 …

324 5864 452 128 Boston,
832 5860 268 100 New
1156 5860 316 100 York
1532 5924 28 64 [
1568 5864 196 96 etc.
1776 5916 24 72 ]
1868 5860 300 104 Ginn
2224 5864 220 96 and
2500 5896 544 100 company
3108 5872 68 96 [ͨ
3188 5864 188 96 193
3388 5864 120 112 0]

504 6008 104 96 xi,
636 5996 164 96 588
844 6036 88 68 p.
980 6012 100 76 in
1084 6016 84 72 cl
1180 6072 16 16 .
1244 6008 320 96 front.,
1612 6012 280 92 illus.,
1944 6012 348 92 diagrs.
2408 6016 304 88 plates
2780 6012 104 92 (2
2932 6032 48 60 c
2984 6036 52 56 o
3040 6012 112 92 l.)
3224 6016 288 92 ports.
3628 6008 280 100 20½ͨͫ.

452 6124 340 76 Tables
848 6140 116 56 on
1024 6120 232 76 back
1312 6116 652 96 lining-paper.

448 6228 128 80 At
628 6232 240 76 head
916 6228 104 80 of
1072 6228 260 76 title:
1388 6228 84 76 A
1520 6228 444 80 textbook
2012 6228 156 76 for
2216 6232 516 88 secondary
2788 6232 388 76 schools.

460 6332 280 84 "This
808 6340 204 72 text
1076 6336 84 76 is
1228 6356 120 56 an
1416 6336 536 92 outgrowth
2020 6336 100 80 of
2200 6328 556 100 'Chemistry
2828 6340 188 76 and
3084 6340 128 76 its
3284 6340 272 88 uses',
3620 6340 560 92 embodying

328 6448 148 76 the
556 6444 660 76 fundamental
1292 6444 432 76 features
1808 6444 100 76 of
1988 6444 216 76 that
2284 6448 240 72 book
2604 6448 168 76 but
2852 6448 484 92 including
3416 6468 104 56 so
3604 6468 280 68 many
3968 6468 208 56 new

320 6556 424 76 features
796 6556 212 76 that
1056 6552 96 76 in
1208 6548 344 96 reality
1600 6552 80 76 it
1732 6548 80 84 is
1864 6572 52 56 a
1972 6572 204 56 new
2228 6552 660 80 text."-Pref.

460 6656 256 80 "List
772 6656 100 80 of
924 6664 764 88 supplementary
1744 6656 396 80 books":
2196 6684 88 68 p.
2336 6652 420 88 558-559.

336 6756 96 92 ©
488 6772 224 88 Apr.
768 6772 76 88 8,
900 6764 272 96 1930;
1228 6772 132 76 2e.
1416 6772 220 88 Apr.
1696 6772 156 88 14;
1912 6768 100 80 af
1976 6768 100 80 f.
2128 6772 220 88 Apr.
2408 6772 156 88 12;
2624 6772 80 76 A
2756 6772 332 92 21784;
3152 6776 140 76 W.
3352 6772 572 80 McPherson
3980 6776 184 72 and

460 6880 424 80 William
968 6880 456 76 Edwards
1516 6880 576 92 Henderson,
2188 6880 528 96 Columbus,
2812 6880 72 80 O
2900 6944 12 16 .
3004 6884 184 76 and
3284 6884 356 92 George
3724 6880 272 80 Wine
4000 6884 60 68 g
4060 6900 108 56 ar

468 6988 388 96 Fowler,
916 6988 488 96 Syracuse,
1456 6988 112 76 N.
1620 6992 104 76 Y.
1852 6984 540 100 (30-10528)
3776 6988 228 84 3850

328 7168 240 124 Maj
580 7204 64 68 o
648 7200 156 92 rs,
864 7172 80 104 C
1492 7168 92 104 L
2132 7172 252 112 comp
2460 7256 20 24 .

452 7316 396 104 World
908 7352 232 68 war
1200 7316 340 132 jokes,
1600 7352 60 68 a
1724 7316 720 132 compilation
2504 7320 124 104 of
2692 7320 124 100 af
2824 7336 44 88 t
2872 7356 112 68 er
3048 7324 392 100 dinner
3504 7336 104 88 st
3608 7348 60 72 o
3676 7324 216 100 ries
3956 7316 216 104 and

328 7464 504 136 amusing
884 7468 572 100 anecdotes
1508 7472 216 96 and
1780 7468 340 132 jokes,
2172 7472 148 96 all
2384 7468 120 100 of
2556 7460 356 112 which
2964 7472 280 100 have
3300 7508 56 64 a
3416 7472 348 100 direct
3816 7464 356 136 appli
