4752 8320
2164 7700 252 96 1943

372 704 664 124 Heathcote,
1100 704 468 104 Charles
1624 696 524 124 William,
2208 712 328 92 1882-

508 848 560 136 Teaching
1152 852 188 100 the
1432 848 328 104 social
1852 848 444 128 studies,
2384 848 148 132 by
2628 844 452 108 Charles
3172 844 504 108 William
3768 844 416 104 Heath-

376 1040 52 64 c
432 1036 60 68 o
500 1016 104 88 te
688 1012 68 104 …
928 1000 448 128 Boston,
1432 1000 128 100 R.
1624 996 100 104 G
1732 1076 20 20 .
1812 996 440 132 Badger
2340 1012 120 104 [ͨ
2400 1000 188 96 193
2600 1000 80 96 0]

500 1160 164 76 295
724 1176 84 76 p.
924 1152 508 88 21ͨͫ.

516 1292 400 80 Limited
968 1296 36 72 t
1008 1312 48 56 o
1112 1292 160 76 the
1324 1288 428 96 teaching
1804 1288 100 76 of
1952 1288 360 92 history
2368 1288 184 76 and
2604 1284 312 80 civics.

508 1404 428 76 Includes
996 1396 752 96 bibliographies.

380 1520 96 88 ©
532 1540 224 88 July
808 1536 132 92 30,
996 1532 104 80 19
1104 1536 52 76 3
1164 1532 100 92 0;
1324 1532 128 80 2c.
1504 1536 228 76 Nov.
1788 1532 104 92 5;
1952 1532 100 76 af
2044 1532 36 76 f
2092 1596 16 16 .
2168 1532 196 80 Oct.
2420 1532 156 92 31;
2640 1532 76 76 A
2772 1532 328 92 30419;
3164 1528 416 80 Richard
3636 1532 100 76 G.
3796 1532 392 92 Badger.

528 1644 536 96 (30-30698)
3724 1636 292 84 12538

364 1828 700 120 Henderson,
1124 1824 384 104 Cicero
1564 1824 624 124 Adolphus,
2248 1828 316 100 1875-

496 1972 232 100 The
788 1972 672 132 psychology
1524 1972 124 100 of
1708 1972 484 100 business
2260 1972 612 132 judgment,
2932 1972 144 128 by
3144 1968 120 104 C.
3332 1968 136 100 A.
3536 1968 652 100 Henderson

604 2120 436 104 Babson
1088 2120 332 128 Park,
1468 2120 364 128 Mass.,
1884 2120 440 96 Babson
2372 2120 536 128 institute,
2964 2120 284 96 1930.

496 2272 164 84 113
708 2296 108 72 p.,
872 2276 108 76 19
1032 2276 56 76 1.
1204 2276 340 92 diagrs.
1660 2272 164 96 301
1852 2276 44 44 -
1928 2336 16 16 .

496 2384 304 76 Blank
848 2384 312 76 leaves
1204 2384 156 72 for
1412 2380 392 80 "Notes"
1880 2380 152 96 (18
2088 2384 100 72 at
2240 2380 224 92 end)

496 2492 428 76 Includes
980 2488 572 92 "Suggested
1604 2484 520 96 readings".

380 2620 92 96 ©
524 2624 200 84 Oct.
764 2632 76 88 1,
888 2624 272 92 1930;
1204 2624 132 80 2c.
1384 2624 184 80 and
1612 2624 100 76 af
1708 2624 40 72 f
1756 2688 16 16 .
1820 2624 196 80 Oct.
2064 2620 156 96 28;
2272 2624 76 72 A
2396 2620 328 96 30430;
2780 2620 92 80 C.
2920 2620 108 80 A.
3076 2624 576 92 Henderson,
3700 2620 496 96 Wellesley

504 2740 88 72 H
600 2736 68 76 il
672 2740 108 88 ls,
836 2740 284 72 Mass.
1252 2732 536 96 (30-30945)
3732 2724 284 84 12539

364 2916 912 124 Hergesheimer,
1336 2912 460 128 Joseph,
1860 2924 316 96 1880-

500 3068 228 104 The
808 3072 304 96 three
1188 3068 320 104 black
1588 3068 432 132 Pennys
2116 3128 24 68 [
2152 3068 172 132 by,
2416 3064 416 132 Joseph
2916 3064 892 132 Hergesheimer;
3896 3064 300 100 illus-

368 3224 356 96 trated
772 3224 148 128 by
964 3220 368 100 David
1384 3216 804 100 Hendrickson.
2332 3216 268 100 New
2652 3212 344 136 York,
3040 3212 136 104 A.
3232 3212 136 104 A.
3420 3212 432 136 Knopf,
3908 3212 284 104 1930.

496 3376 56 68 x
568 3392 80 72 v,
700 3372 160 76 319
916 3392 108 72 p.,
1080 3376 48 72 1
1184 3372 56 76 1.
1356 3368 248 80 illus.
1716 3368 48 76 2
1772 3368 52 80 3
1832 3372 84 44 cm

380 3500 96 88 ©
540 3508 224 76 Nov.
828 3508 76 88 7,
968 3504 268 92 1930;
1300 3504 52 76 2
1356 3516 48 68 c
1416 3568 16 16 .
1492 3508 228 76 Nov.
1780 3504 160 92 11;
2004 3500 160 84 aff.
2224 3504 228 76 Nov.
2520 3500 156 92 10;
2744 3504 80 76 A
2884 3500 328 92 30574;
3284 3500 332 80 Alfred
3680 3500 104 80 A.
3848 3496 348 96 Knopf,

500 3616 176 96 inc.
796 3632 128 88 1©
992 3632 208 60 new
1256 3616 348 76 matter
1664 3620 184 72 and
1916 3612 628 80 illustrations
2712 3608 540 96 (30-30714)
3732 3604 284 84 12540

368 3800 560 120 Hildreth,
996 3800 560 100 Gertrude
1616 3800 460 120 Howell,
2148 3808 324 92 1898-

568 3948 64 112 …
696 3944 836 136 Psychological
1608 3944 400 104 service
2084 3948 180 100 for
2336 3944 368 104 school
2776 3944 584 132 problems,
3428 3948 148 128 by
3644 3944 548 108 Gertrude

364 4100 144 100 H.
560 4096 532 100 Hildreth
1148 4104 64 104 …
1416 4096 1252 128 Yonkers-on-Hudson,
2716 4096 136 100 N.
2912 4096 172 128 Y.,
3136 4096 388 104 World
3580 4092 280 104 book
3912 4128 276 68 com-

364 4280 296 96 pany
796 4252 292 124 19301

500 4404 60 64 x
568 4400 132 96 iii,
772 4400 164 76 317
1008 4424 84 72 p.
1168 4400 28 76 i
1204 4420 112 56 nc
1320 4400 32 76 l
1364 4460 16 16 .
1452 4400 372 92 diagrs.,
1900 4400 324 76 forms.
2344 4392 280 84 20J".
2760 4400 740 92 (Measurement
3576 4400 184 76 and
3836 4400 356 92 adjust-

368 4512 248 76 ment
664 4508 316 96 series,
1032 4508 140 80 ed.
1220 4508 116 92 by
1388 4508 96 76 L.
1540 4512 120 76 M.
1712 4504 452 96 Terman)

504 4616 724 96 "Bibliography
1296 4616 96 76 of
1460 4616 284 76 books
1812 4616 184 76 and
2064 4616 492 76 articles":
2628 4640 84 72 p.
2780 4616 444 92 259-280;
3300 4616 732 92 "Bibliography
4096 4616 100 76 of

368 4728 396 76 selected
820 4728 232 76 tests
1108 4728 188 72 and
1348 4724 404 76 scales":
1812 4744 84 72 p.
1952 4724 420 80 281-310.

380 4852 96 88 ©
532 4860 196 80 Oct.
776 4860 76 92 7,
904 4860 268 88 1930;
1224 4860 48 72 2
1276 4876 44 60 c
1336 4920 16 20 .
1404 4860 196 76 Oct.
1652 4856 156 96 10;
1864 4856 160 84 aft.
2076 4860 196 80 Oct.
2320 4860 160 88 17;
2532 4860 84 72 A
2660 4856 328 92 29430;
3044 4860 324 80 World
3416 4860 56 76 b
3480 4860 176 80 ook
3704 4880 124 60 co.

528 4968 28 96 (
568 4968 48 80 3
628 4968 436 92 0-30614)
3732 4964 48 84 1
3792 4964 228 84 2541

368 5148 428 128 Hilson,
872 5152 284 100 Jane
1228 5152 632 104 Anderson.

496 5292 680 104 Illustrative
1224 5292 492 104 material
1768 5292 176 104 for
1996 5296 372 128 junior
2416 5296 216 100 and
2688 5296 352 100 senior
3088 5296 684 132 high-school
3832 5296 24 96 l
3884 5300 304 96 itera-

360 5460 268 108 ture,
680 5444 144 132 by
880 5440 608 104 Katherine
1540 5444 124 100 E.
1724 5444 576 132 Wheeling
2356 5448 64 108 …
2548 5444 212 100 and
2816 5448 284 100 Jane
3160 5444 572 100 Anderson
3792 5444 396 100 Hilson

472 5604 68 104 …
608 5592 260 104 New
928 5588 336 136 York,
1320 5592 232 100 The
1604 5592 144 100 H.
1808 5600 168 100 W.
2028 5592 420 104 Wilson
2508 5628 568 96 company,
3136 5600 284 100 1930.

492 5748 52 80 8
552 5752 52 76 0
680 5772 84 72 p.
884 5748 108 80 22
996 5752 48 92 4
1072 5756 40 40 -
1144 5808 16 20 .

504 5856 500 84 Published
1100 5860 220 80 1923
1420 5864 292 72 under
1804 5856 260 84 title:
2168 5860 588 76 Illustrative
2848 5864 436 76 material
3384 5864 148 76 for
3628 5864 568 92 high-school

364 5968 512 80 literature.

500 6076 192 80 The
744 6096 272 60 name
1068 6068 100 84 of
1224 6076 236 76 Jane
1508 6080 104 76 A.
1672 6076 268 76 Hilso
1940 6076 52 68 n
2064 6096 392 72 appears
2516 6080 28 72 f
2544 6080 24 72 i
2580 6084 132 72 rst
2772 6096 120 60 on
2944 6080 156 76 the
3152 6080 216 76 1923
3428 6084 188 88 t.-p.

504 6184 280 76 "Aids
844 6188 92 72 in
996 6180 756 96 supplementary
1820 6180 488 96 reading":
2372 6204 84 72 p.
2528 6180 224 104 i67,-
2756 6180 52 80 6
2808 6188 84 76 9.

384 6312 96 88 ©
548 6324 196 76 Oct.
800 6320 136 88 24,
996 6320 108 76 19
1108 6320 48 76 3
1164 6320 100 88 0;
1328 6320 52 72 2
1384 6332 44 64 c
1444 6384 12 16 .
1520 6320 196 80 Oct.
1776 6320 160 92 31;
2000 6320 160 80 aff.
2224 6320 192 76 Oct.
2480 6320 160 92 29;
2708 6320 80 76 A
2840 6320 332 92 29803;
3240 6324 116 80 H.
3420 6324 140 80 W.
3620 6324 360 76 Wilson
4040 6344 156 68 co.,

508 6428 176 96 inc.
820 6428 536 96 (30-30796)
3736 6428 288 80 12542

372 6608 576 124 Holcomb,
1004 6612 628 104 Richmond
1692 6616 600 120 Cranston,
2356 6616 316 100 1874-

504 6756 104 100 A
672 6768 456 124 century
1188 6756 272 100 with
1528 6756 476 104 Norfolk
2072 6756 324 104 naval
2464 6756 436 132 hospita
2908 6760 32 96 l
2956 6840 24 48 ,
3052 6768 644 120 1830-1930;
3772 6776 52 76 a
3904 6772 292 92 story

372 6908 120 96 of
572 6908 180 100 the
836 6944 60 64 o
904 6908 40 96 l
952 6908 232 100 dest
1260 6940 280 68 nava
1548 6908 40 96 l
1664 6908 512 128 hospital,
2252 6908 184 100 the
2516 6908 412 100 medica
2940 6908 32 96 l
3056 6908 496 128 departm
3564 6944 48 60 e
3608 6920 124 84 nt
3820 6944 60 64 o
3888 6908 52 96 f
4024 6908 176 100 the

372 7052 352 136 Navy,
780 7056 212 100 and
1052 7056 180 96 the
1288 7088 496 96 progress
1844 7056 120 100 of
2020 7056 524 104 medicine
2600 7056 480 132 through
3136 7060 184 100 the
3372 7068 244 120 past
3676 7092 140 64 on
3820 7092 52 60 e
3932 7056 264 96 hun-

376 7200 260 104 dred
692 7240 344 100 years.
1168 7204 172 136 By
1400 7204 612 100 Richmond
2076 7204 120 104 C.
2260 7204 532 100 Holcomb
2852 7212 64 104 …
3036 7212 132 92 42
3224 7204 756 104 illustrations.
4088 7212 64 104 …

376 7352 736 132 Portsmouth,
1164 7356 236 132 Va.,
1452 7352 616 104 Printeraft
2124 7352 636 132 publishing
2812 7388 188 100 co.,
3056 7360 288 92 1930.

512 7500 160 84 543
732 7528 84 72 p.
872 7504 148 80 inc
1024 7508 32 76 l
1068 7572 12 20 .
1140 7508 316 92 front.,
1516 7508 244 76 illus.
1872 7508 108 76 24
2004 7508 92 76 -.
