4800 8268
344 700 380 124 Palen,
784 700 436 108 Gilbert
1276 700 460 124 Joseph,
1796 704 332 104 1870-

472 852 232 100 The
800 848 808 132 practitioner's
1708 848 484 132 otology,
2284 848 152 132 by
2532 844 440 108 Gilbert
3068 848 108 104 J.
3280 844 348 104 Palen
3684 852 64 112 …
3964 848 220 100 and

336 1000 420 132 Joseph
820 1000 136 108 V.
1028 1000 128 100 F.
1232 996 284 136 Clay
1580 1004 68 112 …
1852 992 820 136 Philadelphia,
2748 996 232 128 Pa.,
3056 992 532 104 Boericke
3656 996 92 100 &
3820 992 364 132 Tafel,

344 1152 288 100 1929.

476 1300 108 80 24
592 1300 52 84 0
704 1324 84 72 p.
904 1300 248 84 illus.
1264 1300 564 92 21½ͨͫ.

480 1436 196 80 The
728 1436 636 80 illustrations
1416 1456 164 56 are
1632 1436 512 76 numbered
2196 1456 108 56 as
2356 1436 336 92 plates.

484 1544 356 80 Second
904 1544 376 80 edition.

484 1652 252 80 "The
800 1648 476 96 drawings
1344 1648 248 80 from
1664 1648 308 80 which
2044 1652 160 76 the
2272 1652 208 76 cuts
2552 1648 96 76 in
2724 1648 192 76 this
2992 1648 240 76 book
3304 1648 240 76 have
3616 1648 228 76 been
3920 1648 276 76 made

352 1780 240 60 were
660 1760 164 80 the
892 1760 264 80 work
1228 1760 100 76 of
1400 1756 468 80 Gertrude
1948 1756 480 80 Schwartz
2504 1756 188 76 and
2764 1756 160 76 the
2996 1760 192 72 late
3268 1756 524 92 Margretta
3872 1756 324 76 Wash-

348 1868 408 96 ington."

360 2000 96 92 ©
516 2004 248 92 Sept.
812 2004 76 92 3,
940 2000 272 92 1929;
1264 2000 132 80 2c.
1448 2000 200 80 Oct.
1696 2000 160 92 21;
1912 2000 160 80 aff.
2128 2000 196 80 Oct.
2372 2000 164 92 29;
2588 2000 84 76 A
2720 1996 328 96 18790;
3108 1996 456 84 Boericke
3608 1996 76 80 &
3728 1996 304 80 Tafel.

508 2108 484 96 (30-5627)
3780 2104 172 84 437
3964 2104 48 84 0
4016 2140 8 36 ,

348 2292 160 100 Pa
512 2288 32 104 l
552 2320 388 96 grave,
1000 2292 480 104 Francis
1532 2296 480 120 Turner,
2080 2292 628 124 1824-1897,
2776 2328 120 68 co
2900 2332 116 64 m
3016 2328 108 100 p.

484 2448 232 100 The
780 2444 400 136 golden
1240 2460 504 120 treasury
1804 2444 124 104 of
1988 2444 184 104 the
2228 2444 240 104 best
2524 2480 328 96 songs
2916 2444 220 104 and
3196 2440 392 136 lyrical
3648 2480 372 96 poems
4080 2440 124 108 in

352 2600 180 100 the
644 2596 476 132 English
1232 2596 580 132 language,
1920 2596 464 100 selected
2492 2596 224 100 and
2824 2596 548 132 arranged
3476 2596 152 132 by
3740 2588 464 108 Francis

352 2752 428 96 Turner
856 2748 588 128 Palgrave,
1520 2744 272 100 with
1872 2740 616 108 additional
2572 2780 404 96 poems.
3132 2740 532 132 [London]
3756 2740 444 108 Oxford

352 2896 608 132 university
1012 2932 340 96 press,
1396 2896 148 100 H.
1600 2896 480 100 Milford
2160 2900 72 108 [1
2244 2900 192 96 929
2448 2956 24 68 ]

484 3076 148 68 xv,
692 3048 164 80 555
908 3036 84 92 p.
1108 3044 148 84 15½ͨͫ
1260 3044 48 60 "
1328 3056 32 36 "
1372 3112 16 16 .
1520 3044 580 96 (Half-title:
2152 3048 196 76 The
2400 3044 376 84 world's
2828 3068 48 56 c
2876 3052 96 72 la
2980 3048 260 92 ssics,
3296 3064 380 60 CXXXIII
3692 3052 28 68 )

488 3184 792 92 "Contemporary
1332 3204 316 72 poems
1700 3204 148 72 pp.
1900 3184 420 92 477-504,
2372 3180 516 96 copyright,
2944 3180 248 92 1929,
3248 3184 120 92 by
3420 3184 364 76 Oxford
3840 3184 364 76 univer-

352 3292 216 96 sity,
628 3296 228 76 New
908 3292 284 96 York,
1256 3292 236 84 inc."

368 3416 96 96 ©
536 3436 228 76 Nov.
832 3428 132 96 25,
1036 3424 52 80 1
1092 3424 56 80 9
1148 3424 160 96 20;
1380 3428 132 80 2c.
1584 3428 188 76 and
1840 3424 160 84 aff.
2068 3428 216 80 Dec.
2356 3428 48 72 1
2416 3428 48 76 3
2500 3448 16 72 ;
2592 3424 84 76 A
2740 3428 168 76 164
2912 3428 48 76 3
2968 3428 48 76 5
3052 3448 16 72 ;
3152 3428 364 80 Oxford
3584 3428 252 80 univ.
3908 3448 288 76 press,

496 3544 228 76 New
784 3544 280 88 York,
1132 3540 172 80 inc".
1432 3532 132 100 [©
1636 3544 712 88 contemporary
2416 3556 320 76 poems
2800 3560 120 56 on
2984 3560 288 72 pages
3332 3536 428 104 477-504]

516 3640 436 108 (29-3021
956 3652 52 80 3
1028 3652 28 96 )
3808 3644 60 84 4
3872 3648 52 84 3
3936 3648 104 84 71

364 3836 708 124 Paracelsus,
1128 3840 380 128 pseud.

528 4000 68 104 …
664 3984 372 104 Parab
1040 3988 36 96 l
1088 4020 112 64 er
1280 4000 68 104 …
1520 3984 728 132 København,
2304 3984 668 136 Gyldendal,
3028 3992 120 96 19
3156 3992 64 96 2
3224 3996 92 96 9.

488 4148 48 72 1
544 4144 48 76 3
600 4144 52 76 2
708 4164 84 72 p.
908 4140 112 80 19
1040 4144 44 44 ͨͫ
1116 4204 16 16 .

372 4272 96 96 ©
548 4280 228 80 Nov.
852 4276 132 96 13,
1060 4276 272 88 1929;
1412 4280 132 76 1c.
1620 4280 212 76 Jan.
1908 4276 52 76 2
1964 4276 52 76 3
2028 4336 16 32 ,
2120 4276 116 76 19
2236 4276 48 76 3
2292 4276 104 92 0;
2476 4276 604 96 A—Foreign
3156 4276 272 96 6072;
3516 4280 692 92 Gyldendalske

500 4388 492 96 boghande
992 4392 28 72 l
1036 4448 16 32 ,
1112 4388 412 80 Nordisk
1580 4384 340 96 forlag.
2056 4384 540 96 (30-11769)
3812 4384 56 84 4
3876 4384 52 84 3
3940 4384 116 84 72

364 4568 492 128 Paxson,
916 4568 532 108 Frederic
1500 4568 428 128 Logan,
1996 4572 328 104 1877-

544 4728 68 104 …
680 4720 360 108 When
1092 4720 192 104 the
1328 4720 312 104 West
1696 4720 96 100 is
1848 4752 308 100 gone,
2212 4720 148 132 by
2416 4720 524 104 Frederic
2992 4724 124 100 L.
3180 4724 444 104 Paxson
3684 4728 68 104 …
3952 4724 268 104 New

368 4868 340 132 York,
756 4868 148 104 H.
956 4868 288 104 Holt
1292 4872 224 100 and
1564 4904 544 100 company
2168 4868 268 132 [ͨ193
2444 4868 120 120 0]

496 5032 48 76 5
596 5048 84 72 p.
728 5032 84 88 1.,
868 5032 160 76 3-1
1036 5028 52 76 3
1096 5032 48 76 7
1192 5048 84 72 p.
1392 5024 280 96 19½ͨͫ.
1808 5028 392 96 (Brown
2248 5028 552 96 university,
2852 5032 160 76 the
3068 5032 332 76 Colver
3448 5032 432 88 lectures,
3932 5032 272 96 1929)

380 5160 96 96 ©
532 5164 216 80 Feb.
800 5164 132 96 15,
984 5164 160 80 193
1156 5164 52 76 0
1236 5188 20 68 ;
1308 5168 132 76 2c.
1496 5168 236 76 Mar.
1784 5164 100 96 6;
1940 5164 104 80 af
2032 5168 40 76 f
2084 5228 20 20 .
2152 5164 220 96 Apr.
2428 5164 160 96 15;
2644 5164 80 76 A
2772 5164 332 96 21425;
3164 5168 348 76 Brown
3564 5168 280 92 univ.,
3896 5168 320 80 Provi-

512 5276 308 96 dence,
872 5276 108 80 R.
1032 5276 76 80 I.
1232 5276 28 96 (
1276 5276 48 80 3
1332 5276 96 80 0-
1448 5276 104 80 95
1560 5276 152 92 14)
3820 5272 240 84 4373

376 5456 448 128 Perutz,
880 5460 260 124 Leo,
1200 5468 328 96 1884-

512 5612 236 104 The
800 5624 408 92 master
1268 5612 124 104 of
1448 5612 184 104 the
1696 5612 216 132 day
1972 5612 124 104 of
2156 5612 584 132 judgment
2808 5616 208 128 [by]
3088 5612 220 104 Leo
3372 5616 440 132 Perutz,
3868 5624 352 92 trans-

380 5760 296 104 lated
760 5760 296 104 from
1128 5764 188 100 the
1396 5760 480 104 German
1952 5764 152 132 by
2176 5760 488 136 Hedwig
2748 5764 428 132 Singer.
3320 5764 268 100 New
3672 5764 344 132 York,
4100 5764 120 108 C.

380 5912 324 132 Boni,
764 5912 288 100 1930.

500 6064 60 76 2
604 6088 84 72 p.
736 6064 88 96 1.,
880 6064 168 80 195
1092 6084 88 76 p.
1292 6052 224 92 19ͨͫ.

388 6188 96 96 ©
544 6200 240 80 Mar.
836 6200 136 92 25,
1028 6200 272 92 1930;
1364 6200 128 80 2c.
1552 6204 236 76 Mar.
1844 6200 180 100 29;
2068 6200 160 80 aff.
2284 6200 220 96 Apr.
2564 6200 156 96 17;
2788 6200 80 80 A
2924 6200 332 96 20685;
3320 6200 392 80 Charles
3772 6200 264 92 Boni,
4096 6204 120 92 jr.

536 6308 484 96 (30-9247)
3824 6308 236 84 4374

380 6488 516 128 Plautus,
952 6488 332 104 Titus
1332 6492 540 108 Maccius.

588 6640 60 112 …
708 6644 264 104 Two
1028 6644 532 104 comedies
1616 6644 124 104 of
1792 6644 520 104 Plautus:
2376 6644 452 132 Captivi
2888 6652 216 96 and
3160 6648 720 132 Mostellaria,
3940 6644 292 104 liter-

388 6792 228 132 ally
668 6792 612 104 translated
1332 6792 272 104 with
1660 6804 304 92 notes
2016 6796 152 132 by
2216 6796 392 132 Henry
2664 6796 480 104 Thomas
3200 6796 360 136 Riley,
3612 6832 96 64 B.
3764 6832 140 96 A.,
3956 6796 272 100 with

392 6976 60 64 a
544 6940 296 100 brief
932 6940 748 104 introduction
1772 6944 148 132 by
2012 6940 548 108 Gertrude
2656 6944 356 132 Dana,
3104 6980 68 64 n
3180 7024 20 24 .
3296 6976 80 68 s.
3520 6944 268 104 New
3884 6944 348 132 York,

392 7088 708 104 Translation
1160 7092 644 132 publishing
1864 7128 568 100 company,
2492 7096 204 100 inc.
2772 7100 368 124 [ͨ1929]

512 7248 56 68 v
628 7264 112 72 p.,
804 7244 52 76 1
908 7244 88 92 1.,
1060 7240 160 84 105
1288 7268 80 72 p.
1480 7244 112 80 15
1600 7244 48 96 ½ͨͫ
1672 7252 92 72 .
1900 7244 240 96 (The
2200 7244 460 80 students'
2720 7248 320 80 literal
3100 7248 668 96 translations)

400 7340 96 96 ©
568 7352 196 84 Oct.
824 7352 52 76 2
880 7352 56 80 3
944 7412 16 36 ,
1024 7352 272 92 1929;
1364 7352 128 84 2c.
1556 7356 220 92 Apr.
1840 7356 80 92 3,
1984 7356 276 92 1930;
2332 7356 156 80 aff.
2552 7356 224 92 Apr.
2840 7356 160 92 17;
3068 7360 84 76 A
3212 7360 164 76 219
3380 7360 52 76 3
3440 7360 104 88 8;
3616 7360 604 80 Translation

528 7464 212 92 pub.
796 7484 156 72 co.,
1004 7460 176 80 inc.
1300 7488 44 56 [
1348 7464 80 76 ©
1484 7464 664 96 introduction,
2204 7468 120 92 by
2384 7468 464 80 Gertrude
2904 7468 304 96 Dana]

544 7568 540 104 (30-11164)
3828 7576 232 84 4375

2176 7680 192 104 659
