4800 8268
2128 7616 196 104 487

304 608 380 128 Wells,
744 608 496 104 Herbert
1300 604 472 124 George.

444 764 236 100 The
748 764 412 100 science
1228 760 120 100 of
1416 756 200 104 life
1700 788 32 76 [
1732 760 144 128 by
1872 788 32 76 ]
1992 756 148 100 H.
2216 752 128 108 G.
2416 756 380 132 Wells,
2864 752 388 108 Julian
3320 752 272 104 Hux
3600 752 40 100 l
3644 788 132 100 ey
3856 752 252 104 [and
4104 784 32 80 ]

312 908 132 108 G.
496 916 124 96 P.
668 912 248 104 Wel
924 912 40 100 l
968 944 76 68 s.
1200 916 352 124 [pts.]
1540 904 360 104 27-30.
2060 904 528 132 [London,
2636 904 236 100 The
2920 904 856 132 Amalgamated
3828 940 336 96 press,

312 1064 236 128 ltd.,
608 1064 284 108 1930]

440 1216 52 76 4
556 1236 80 56 v.
752 1216 168 76 col.
980 1216 368 88 fronts.,
1412 1208 276 96 illus.,
1752 1212 316 92 ports.,
2132 1208 348 92 diagrs.
2596 1204 144 80 28
2724 1208 72 60 ͨͫ
2800 1236 20 52 .

440 1324 624 80 Cover-titles.

308 1428 100 92 ©
464 1436 132 76 1c.
652 1432 228 76 each
936 1432 220 88 May
1208 1432 80 88 2,
1340 1428 108 76 19
1452 1428 52 76 3
1512 1428 56 76 0
1600 1448 16 72 ;
1676 1424 80 80 A
1808 1428 120 76 ad
1984 1424 32 80 i
2024 1428 128 76 nt.
2212 1424 328 92 13820;
2600 1424 276 92 pubd.
2936 1428 236 76 Mar.
3236 1424 72 96 G,
3368 1424 132 96 20,
3564 1424 216 92 Apr.
3840 1424 52 80 3
3904 1484 16 32 ,
3980 1424 156 92 17;

440 1540 116 76 H.
628 1540 104 80 G.
800 1540 312 92 Wells,
1184 1536 324 80 Julian
1580 1536 84 80 S.
1736 1536 380 92 Huxley
2180 1536 72 76 &
2320 1532 352 96 George
2740 1532 316 96 Philip
3124 1532 312 96 Wells,
3512 1536 404 76 London.

3756 1640 232 80 3256

316 1748 412 124 White,
788 1748 488 104 Wilford
1336 1748 128 108 L.

452 1900 728 132 Cooperative
1228 1900 324 100 retail
1600 1900 424 132 buying
2072 1896 744 136 associations,
2864 1900 148 132 by
3060 1896 500 104 Wilford
3612 1896 124 100 L.
3788 1896 376 104 White

328 2132 104 20 ...
592 2056 160 96 1st
844 2048 160 104 ed.
1156 2048 264 104 New
1516 2048 312 100 York
1928 2052 268 124 [etc.]
2300 2044 828 108 McGraw-Hill
3220 2048 284 100 book
3596 2080 568 100 company,

316 2200 244 132 inc.,
620 2204 120 96 19
752 2204 128 96 30
888 2284 16 16 .

444 2356 164 88 xii,
668 2356 168 76 207
892 2376 84 72 p.
1092 2352 64 76 il
1164 2356 32 72 l
1204 2372 164 72 us.,
1424 2348 296 96 diagr.
1836 2348 52 80 2
1892 2348 108 96 3½
2028 2356 40 40 ͨͫ
2092 2380 24 48 .

448 2460 724 96 Bibliography:
1240 2480 84 72 p.
1388 2456 420 80 194-202.

320 2564 100 96 ©
484 2572 236 76 Mar.
776 2572 136 92 28,
976 2568 268 92 1930;
1308 2572 132 76 2c.
1500 2572 184 72 and
1748 2564 156 84 aff.
1964 2564 220 96 Apr.
2252 2564 96 92 1;
2416 2564 80 76 A
2556 2564 328 92 21450;
2956 2564 680 80 McGraw-Hill
3700 2564 236 80 book
4000 2588 156 72 co.,

448 2680 172 76 inc.
756 2676 484 96 (30-9330)
3740 2672 236 84 3257

316 2856 532 128 Whitley,
912 2860 336 120 Mary
1304 2856 620 124 Theodora,
1996 2856 328 104 1878-

440 3008 104 100 A
604 3008 332 132 study
992 3004 128 104 of
1172 3008 184 100 the
1412 3004 500 132 primary
1972 3004 336 132 child,
2368 3004 144 132 by
2572 3004 328 132 Mary
2964 3004 580 104 Theodora
3604 3008 552 132 Whitley;

308 3196 60 64 a
452 3156 516 104 textbook
1048 3156 112 100 in
1248 3156 184 100 the
1520 3152 564 108 Standard
2168 3152 624 132 leadership
2880 3152 496 136 training
3464 3156 700 132 curriculum,

308 3304 500 108 outlined
880 3304 220 100 and
1176 3304 560 132 approved
1816 3304 148 132 by
2044 3304 180 100 the
2304 3304 820 100 International
3204 3304 424 100 council
3712 3304 124 104 of
3916 3304 244 104 reli-

308 3452 312 136 gious
680 3452 580 104 education
1312 3452 64 120 …
1572 3452 828 132 Philadelphia,
2460 3452 468 104 Printed
2992 3452 184 104 for
3236 3452 184 104 the
3484 3452 680 136 Leadership

308 3604 500 132 training
908 3600 644 136 publishing
1652 3600 656 104 association
2412 3600 148 136 by
2660 3604 192 96 the
2948 3600 776 104 Westminster
3828 3640 340 96 press,

316 3756 288 100 1929.

452 3908 168 80 186
668 3928 88 72 p.
868 3904 108 80 19
984 3900 52 84 ½ͨͫ
1132 3968 16 16 .
1276 3904 772 96 (Specialization
2104 3904 336 92 series)

456 4016 132 76 "A
644 4012 492 96 rewriting
1188 4016 184 76 and
1432 4012 672 96 amplification
2164 4012 100 76 of
2324 4036 52 52 a
2440 4016 208 76 text
2704 4012 100 76 of
2868 4016 156 76 the
3088 4036 252 56 same
3408 4012 208 84 title
3680 4016 492 92 published

316 4124 100 76 in
464 4120 840 84 1922."-Editor's
1352 4120 344 80 introd.

452 4232 728 92 Bibliography:
1240 4252 84 72 p.
1376 4232 416 80 181-183.

328 4336 96 96 ©
496 4344 216 80 Dec.
772 4344 136 92 28,
972 4340 272 92 1929;
1316 4340 128 80 2c.
1508 4340 212 80 Jan.
1784 4340 76 92 2,
1928 4340 272 92 1930;
2272 4340 160 80 aff.
2500 4340 216 80 Dec.
2780 4340 132 96 31,
2980 4340 276 92 1929;
3328 4340 80 80 A
3468 4344 328 92 21282;
3872 4348 120 76 M.
4060 4348 100 76 T.

460 4452 436 92 Whitley,
956 4448 680 96 Philadelphia.
1756 4488 20 56 [
1796 4452 92 76 ©
1948 4472 204 56 new
2208 4448 364 80 revised
2632 4452 468 92 chapters]

476 4560 324 92 (30-93
808 4560 48 80 5
860 4556 100 96 3)
3772 4556 232 84 3258

332 4736 588 128 Williams,
980 4736 504 124 Egerton
1540 4740 556 124 Ryerson,
2156 4740 332 104 1873-

468 4892 248 100 Hill
784 4904 352 92 towns
1196 4892 124 100 of
1380 4888 340 136 Italy,
1780 4892 144 132 by
1988 4892 496 132 Egerton
2552 4892 128 104 R.
2748 4892 592 132 Williams,
3404 4892 140 132 jr.
3688 4896 264 100 New
4016 4900 164 100 ed.

332 5040 312 104 With
720 5080 140 64 an
932 5036 752 108 introduction
1760 5044 220 100 and
2056 5076 60 64 a
2184 5044 464 132 chapter
2720 5076 136 68 on
2932 5044 448 132 touring
3452 5048 148 132 by
3672 5044 304 108 John
4052 5048 124 96 T.

332 5192 324 104 Faris
728 5272 108 20 ...
992 5192 416 100 Boston
1472 5192 220 104 and
1756 5192 268 100 New
2092 5188 348 136 York,
2504 5192 616 132 Houghton
3184 5192 164 100 Mi
3356 5188 100 100 ff
3388 5188 68 100 l
3464 5192 112 104 in
3644 5228 540 96 company

344 5368 32 76 [
384 5328 324 116 ͨͫ1930]

456 5492 228 96 xlix,
736 5492 172 80 398
956 5516 84 72 p.
1156 5492 316 96 front.,
1524 5496 328 92 plates.
1972 5492 220 84 19ͨͫ.

460 5608 224 88 Map
728 5624 120 60 on
900 5600 648 96 lining-paper.

464 5712 672 92 Bibliography
1204 5712 432 80 included
1700 5712 96 76 in
1868 5712 708 80 "Introduction
2640 5720 100 72 to
2804 5732 208 60 new
3076 5716 440 80 edition".

340 5808 92 92 ©
496 5828 236 72 Mar.
784 5824 136 92 26,
980 5824 104 76 19
1092 5820 112 80 30
1232 5844 16 68 ;
1308 5824 132 80 2c.
1496 5824 236 76 Mar.
1788 5824 160 88 29;
2012 5824 160 76 aff.
2228 5824 240 76 Mar.
2524 5824 160 92 27;
2748 5824 80 76 A
2884 5824 328 92 21419;
3276 5824 508 96 Houghton
3848 5828 92 72 M
3948 5824 32 76 i
3984 5828 48 72 f
4016 5828 32 72 f
4044 5828 20 72 l
4072 5824 32 76 i
4112 5848 52 52 n

464 5956 132 56 co.
732 5928 484 100 (30-9213)
3784 5932 228 84 3259

336 6112 760 120 Willoughby,
1148 6116 264 100 Mrs.
1472 6108 540 104 Florance
2084 6112 588 124 (Barrett)

476 6260 360 136 Sitka,
904 6264 364 128 portal
1336 6272 112 92 to
1520 6296 536 104 romance,
2116 6268 148 132 by
2336 6268 452 100 Barrett
2852 6264 728 136 Willoughby
3660 6348 104 16 ...
3920 6268 260 100 Bos-

340 6424 192 92 ton
584 6412 224 100 and
860 6412 268 100 New
1180 6412 348 132 York,
1580 6412 612 132 Houghton
2248 6412 204 100 Mif
2432 6412 84 96 fl
2524 6412 112 104 in
2696 6448 572 96 company,
3328 6416 288 100 1930.

464 6588 64 56 x
584 6584 116 72 p.,
760 6568 48 72 1
868 6568 88 88 1.,
1016 6564 164 80 233
1244 6584 84 72 p.
1444 6564 96 76 fr
1544 6584 48 60 o
1600 6568 160 88 nt.,
1820 6568 328 92 plates,
2212 6572 316 88 ports.,
2588 6568 368 76 facsim.
3072 6568 560 84 22½ͨͫ.

344 6668 100 92 ©
512 6680 236 72 Mar.
812 6676 132 92 26,
1012 6672 268 92 1930;
1348 6676 132 76 2c.
1544 6676 236 76 Mar.
1844 6676 160 92 29;
2076 6676 160 76 aff.
2304 6676 236 76 Mar.
2604 6680 160 88 27;
2836 6676 80 76 A
2976 6676 332 96 21422;
3380 6680 104 80 B.
3548 6676 624 96 Willoughby,

476 6784 188 80 San
720 6780 524 84 Francisco.
1376 6784 480 96 (30-9234)
3780 6784 232 84 3260

340 6940 332 120 Wirt,
728 6932 480 104 Mildred
1268 6936 140 104 A.

468 7088 308 100 Ruth
832 7084 468 100 Darrow
1360 7084 116 104 in
1532 7088 188 100 the
1780 7088 192 100 fire
2032 7088 420 132 patrol;
2520 7124 152 92 or,
2736 7088 628 140 Capturing
3420 7092 184 104 the
3664 7092 516 100 redwood

332 7232 452 132 thieves,
852 7232 152 132 by
1068 7232 488 104 Mildred
1628 7236 136 104 A.
1836 7240 332 104 Wirt,
2240 7236 624 104 illustrated
2936 7240 148 132 by
3152 7240 300 108 John
3528 7240 152 100 M.
3752 7240 420 100 Foster.

336 7380 268 104 New
680 7380 344 128 York,
1096 7384 132 100 N.
1300 7384 172 132 Y.,
1544 7384 504 132 Newark,
2116 7388 132 100 N.
2324 7388 144 132 J.,
2536 7388 340 100 Barse
2944 7396 88 96 &
3100 7420 148 68 co.
3336 7388 92 76 [ͨ
3412 7396 260 96 1930]
