4752 8320
560 708 544 124 Hispanic
1164 708 440 124 society
1660 708 120 100 of
1844 704 1308 112 America-Continued

560 872 104 108 G
668 912 68 64 u
720 884 68 88 é
896 872 472 132 Trapier
1432 880 60 112 …
1688 876 268 100 with
2056 872 640 136 ninety-five
2792 872 764 104 illustrations.
3700 872 268 100 New
4072 864 344 128 York,

564 1024 460 100 Printed
1076 1024 144 132 by
1272 1024 320 100 order
1640 1028 120 96 of
1808 1024 184 100 the
2040 1036 496 124 trustees,
2588 1028 288 96 1930.

700 1180 24 72 l
736 1184 28 76 i
776 1184 92 92 ii,
948 1184 52 72 2
1008 1184 108 76 56
1192 1204 84 72 p.
1416 1184 312 92 front.,
1812 1184 276 84 illus.,
2172 1188 328 88 plates,
2584 1184 248 92 plan,
2912 1184 420 76 facsims.
3464 1180 104 76 19
3596 1184 44 44 ͨͫ
3672 1240 16 16 .
3836 1176 580 92 (Half-title:

568 1292 456 92 Hispanic
1096 1300 264 68 notes
1436 1292 64 76 &
1584 1292 672 92 monographs;
2340 1312 348 72 essays,
2772 1292 384 92 studies,
3236 1292 180 76 and
3500 1288 244 76 brief
3820 1280 596 96 biographies

568 1404 24 76 i
604 1424 40 56 s
652 1424 44 56 s
704 1404 176 76 ued
948 1400 116 92 by
1136 1400 148 80 the
1356 1400 452 92 Hispanic
1872 1400 352 92 society
2288 1400 104 76 of
2456 1400 448 80 America.
3036 1440 20 56 [
3064 1400 68 80 C
3140 1408 96 72 at
3248 1420 44 56 a
3304 1400 272 92 logue
3640 1396 376 88 series])

704 1532 640 96 Frontispiece
1432 1532 656 96 accompanied
2184 1532 116 96 by
2392 1556 52 72 g
2456 1560 52 52 u
2520 1536 168 76 ard
2776 1536 264 76 sheet
3128 1536 232 76 with
3452 1528 564 96 descriptive
4104 1532 316 76 letter-

564 1664 292 76 press.

704 1748 728 80 "References":
1508 1772 84 72 p.
1660 1752 276 76 220-2
1944 1752 48 76 3
2004 1748 100 92 8;
2180 1748 420 96 "Special
2672 1748 528 80 references
3268 1756 96 72 to
3428 1748 528 80 individual
4028 1744 388 80 artists"

568 1872 100 68 at
716 1864 176 76 end
944 1864 96 76 of
1092 1868 208 84 part
1348 1860 104 80 of
1500 1864 160 76 the
1708 1860 464 92 chapters.

576 1996 92 88 ©
756 2000 192 76 Oct.
1028 1996 76 96 2,
1184 1996 148 76 193
1360 2004 48 72 0
1428 2012 20 72 ;
1532 1996 56 76 2
1588 2012 44 64 c
1648 2056 16 16 .
1744 1996 180 76 and
2004 2016 52 56 a
2068 1996 96 76 ff.
2240 1996 200 76 Nov
2452 2056 16 16 .
2544 1996 52 72 2
2600 1996 104 92 4;
2788 1996 80 72 A
2940 1996 48 76 3
3000 1992 272 96 0800;
3356 1992 452 92 Hispanic
3892 1988 352 96 society
4320 1988 100 80 of

708 2108 312 76 Ameri
1020 2144 52 64 c
1080 2128 84 56 a.
1232 2108 216 100 Now
1520 2108 280 100 York.
1940 2104 540 104 (30-32808)
3956 2096 288 84 13524

576 2344 396 124 Homo,
1032 2344 92 100 L
1136 2344 56 100 é
1200 2372 136 72 on
1404 2344 232 128 Pol,
1708 2348 324 104 1872-

768 2528 64 108 …
896 2520 156 104 La
1128 2512 656 108 civilisation
1852 2516 540 128 romaine;
2464 2552 256 68 avec
2784 2524 196 92 294
3052 2516 424 132 figures.
3616 2512 356 132 Paris,
4036 2512 392 132 Payot,

576 2676 284 92 1930.

704 2824 48 76 3
808 2844 80 76 p.
940 2816 88 96 l.,
1088 2816 396 104 [11]-470
1540 2844 112 72 p.,
1708 2824 40 72 1
1812 2824 56 76 l.
1984 2824 316 88 front.,
2360 2824 252 76 illus.
2724 2816 164 84 23ͨ
2908 2824 12 40 ͫ
2932 2884 16 16 .
3088 2812 704 104 (Bibliothèque
3844 2816 568 96 historique)

704 2960 124 76 At
888 2960 240 76 head
1192 2956 100 80 of
1352 2960 264 76 title:
1716 2952 60 88 …
1852 2948 244 88 Léon
2164 2960 324 72 Homo.

712 3068 224 76 "Bib
944 3064 128 80 lio
1080 3088 120 72 gr
1192 3088 52 56 a
1256 3068 320 92 phie":
1640 3088 60 72 p
1704 3128 16 16 .
1784 3104 24 60 [
1812 3068 104 72 44
1928 3064 48 80 9
1984 3104 64 56 ]-
2072 3064 112 76 45
2188 3068 48 76 6
2248 3128 16 16 .

584 3180 92 88 ©
736 3212 60 76 J
808 3232 52 52 u
868 3216 92 88 ly
1016 3208 132 96 10,
1204 3212 40 72 1
1260 3208 52 76 9
1316 3208 112 76 30
1456 3232 16 60 ;
1532 3192 128 96 1c.
1724 3208 244 92 Sept.
2028 3208 40 72 1
2080 3204 56 76 9
2164 3228 20 68 ;
2244 3204 600 92 A-Foreign
2896 3204 272 92 9035;
3228 3208 72 72 P
3308 3224 52 60 a
3368 3212 188 84 yot.

732 3320 540 92 (30-33147)
3968 3308 288 84 13525

580 3556 416 124 Horne,
1060 3556 472 108 Charles
1592 3556 508 124 Francis,
2168 3560 332 104 1870-
2904 3556 164 100 ed.

724 3736 400 108 Source
1184 3740 372 100 record
1560 3764 48 68 s
1672 3736 116 104 of
1844 3740 184 96 the
2080 3748 308 120 great
2448 3772 280 88 war;
2796 3768 56 64 a
2908 3732 884 132 comprehensive
3856 3736 216 100 and
4128 3732 304 100 read-

588 3892 232 100 able
892 3924 368 68 source
1332 3888 376 100 record
1776 3892 120 96 of
1968 3888 180 100 the
2220 3884 432 104 world's
2720 3896 312 120 great
3100 3920 264 96 war,
3432 3884 756 132 emphasizing
4256 3884 184 104 the

580 4076 104 64 m
692 4076 60 60 o
764 4076 108 64 re
940 4040 600 128 important
1612 4052 404 116 events,
2076 4040 216 96 and
2356 4036 640 132 presenting
3056 4036 292 100 these
3416 4072 120 64 as
3596 4072 52 64 c
3656 4072 60 60 o
3728 4036 396 132 mplete
4188 4044 244 92 nar-

584 4192 404 100 ratives
1048 4188 112 104 in
1216 4188 184 100 the
1456 4192 364 96 actual
1876 4188 360 100 words
2296 4188 120 96 of
2472 4188 188 100 the
2708 4220 52 64 c
2768 4184 236 100 hief
3064 4180 440 108 officials
3564 4188 216 100 and
3836 4196 280 88 most
4176 4188 256 100 emi

580 4352 292 88 ment
956 4340 364 100 leader
1320 4360 48 72 s
1448 4348 64 104 …
1668 4336 636 132 presenting
2384 4340 628 96 documents
3100 4340 288 96 from
3476 4348 708 120 government
4272 4372 164 64 ar-

588 4488 360 104 chives
1004 4528 52 64 a
1076 4492 144 100 nd
1276 4492 316 100 other
1644 4484 788 108 authoritative
2484 4524 460 92 sources,
3004 4484 264 104 with
3324 4484 416 104 outline
3792 4484 648 132 narratives,

580 4640 444 100 indices.
1108 4640 788 124 chronologies,
1976 4640 216 100 and
2276 4672 424 68 courses
2780 4640 124 96 of
2984 4636 464 136 reading
3524 4676 140 64 on
3744 4636 696 132 sociological

580 4800 668 92 movements
1320 4788 212 104 and
1604 4788 624 104 individual
2296 4788 492 100 national
2860 4784 596 112 activities;
3532 4784 908 136 editor-in-chief,

592 4940 452 100 Charles
1112 4940 120 96 F.
1292 4940 120 96 H
1420 4976 60 64 o
1488 4976 56 64 r
1560 4956 64 76 n
1628 4976 80 64 e.
1776 4952 56 76 P
1824 4936 144 104 H.
2032 4956 68 76 D
2108 4976 76 88 .;
2252 4936 548 128 directing
2864 4936 380 104 editor,
3312 4940 428 100 Walter
3808 4940 124 96 F.
4000 4940 444 128 Austin,

592 5108 156 80 LL.
808 5108 160 96 M.,
1020 5088 268 100 with
1344 5128 52 64 a
1456 5088 256 104 staff
1764 5088 120 104 of
1936 5088 608 132 specialists
2628 5096 64 104 …
2868 5084 804 136 Indianapolis,
3724 5088 232 104 The
4016 5088 424 100 Ameri

588 5276 200 64 can
844 5240 284 128 legio
1136 5276 68 60 n
1272 5248 124 116 [ͨ
1416 5244 56 96 39
1480 5244 160 120 30]

720 5396 52 76 7
864 5416 80 56 v.
1064 5396 332 76 fronts.
1452 5392 360 92 (ports.,
1908 5412 84 60 v.
2084 5396 100 88 7)
2296 5392 304 92 plates
2652 5392 264 92 (part
3008 5392 216 92 col.)
3336 5412 292 72 maps.
3684 5396 260 88 (part
4040 5392 380 96 double)

580 5504 348 84 diagrs.
1044 5492 228 88 24ͨͫ.

728 5640 228 76 Part
1020 5640 100 76 of
1188 5640 296 92 plates
1552 5636 656 96 accompanied
2272 5640 120 92 by
2456 5644 300 88 guard
2824 5636 312 80 sheets
3208 5640 224 76 with
3504 5636 560 96 descriptive
4128 5644 312 72 letter-

584 5768 288 72 press.

732 5856 368 80 Earlier
1152 5856 404 80 editions
1612 5856 240 80 have
1908 5856 264 80 title:
2232 5856 196 80 The
2484 5864 272 84 great
2808 5864 324 72 events
3192 5856 104 80 of
3348 5856 164 80 the
3564 5864 268 88 great
3892 5880 224 56 war.

728 5968 244 76 "The
1068 5988 196 56 war
1356 5964 228 80 with
1684 5964 488 96 Germany,
2268 5988 52 56 a
2416 5968 516 76 statistical
3028 5988 476 72 summary
3600 5972 120 88 by
3816 5968 428 80 Leonard
4340 5972 96 76 P.

588 6072 404 96 Ayres":
1048 6096 80 56 v.
1184 6080 76 88 7,
1312 6076 164 76 153
1520 6096 84 72 p.
1660 6084 96 72 at
1808 6076 204 80 end.

732 6184 724 92 "Bibliography
1504 6184 104 80 of
1652 6184 160 80 the
1860 6192 264 84 great
2176 6180 304 84 war":
2532 6208 84 56 v.
2668 6188 76 92 7,
2796 6208 84 72 p.
2932 6188 108 76 21
3044 6188 48 76 3
3100 6184 248 84 -227.

600 6312 92 92 ©
756 6320 228 76 Nov.
1040 6320 132 92 26,
1228 6320 52 76 1
1288 6320 52 76 9
1344 6320 160 88 30;
1568 6320 128 76 1c.
1752 6320 228 76 each
2036 6324 184 72 and
2280 6332 52 64 a
2340 6320 44 76 f
2360 6320 56 76 f
2420 6384 20 12 .
2500 6320 136 76 De
2640 6344 48 52 c
2696 6384 16 16 .
2772 6320 160 92 12;
2992 6320 132 84 1c.
3180 6324 228 76 each
3468 6324 216 80 Dec.
3744 6324 44 76 1
3796 6324 52 80 3
3884 6344 20 72 ;
3968 6324 76 76 A
4100 6324 332 92 32173;

728 6428 304 80 Amer.
1104 6428 332 96 legion.
1576 6428 540 100 (30-33768)
3972 6432 288 80 13526

588 6636 584 120 Horovitz,
1228 6632 264 112 Mrs.
1552 6640 360 124 Betty
1980 6640 424 124 (Lark)
2476 6648 332 96 1894-

720 6812 312 104 With
1112 6852 396 92 graver
1588 6820 220 100 and
1888 6816 384 104 woodb
2276 6816 40 100 l
2324 6820 204 100 ock
2600 6852 260 68 over
2940 6820 588 100 American
3604 6816 616 136 highways,
4296 6820 144 132 by

588 6968 336 128 Betty
980 6964 928 104 Lark-Horovitz.
2056 6968 268 100 New
2380 6968 348 128 York,
2780 6964 176 104 W.
3012 6968 132 100 E.
3204 6972 428 128 Rudge,
3696 6972 284 96 1930.

724 7116 108 84 58
888 7124 60 80 l.
1064 7124 248 76 illus.
1428 7124 224 80 32ͨͫ.

728 7260 384 76 Printed
1164 7280 52 56 o
1224 7280 60 52 n
1332 7260 244 76 doub
1580 7260 24 72 l
1616 7284 48 56 e
1712 7264 316 76 leaves
2080 7260 96 76 in
2228 7260 472 96 Japanese
2748 7264 268 92 style.

732 7368 272 76 "Two
1056 7368 424 76 hundred
1532 7368 184 76 and
1768 7368 216 92 fifty
2032 7368 312 92 copies
2388 7392 248 56 were
2684 7372 352 76 made."

604 7492 96 92 ©
760 7500 244 92 Sept.
1064 7512 32 64 1
1104 7524 24 56 0
1244 7508 44 72 ,
1336 7500 52 80 1
1412 7504 48 76 9
1496 7524 16 56 3
1568 7512 48 68 0;
1684 7568 12 16 2c.
1752 7508 240 72 and.
2052 7504 72 76 aff
2200 7504 244 80 Sept.
2500 7508 32 68 1
2556 7504 100 92 2;
2716 7508 76 72 A
2844 7508 104 72 28
2956 7504 52 76 2
3012 7504 160 92 26;
3232 7508 180 76 Wil
3420 7508 24 76 l
3460 7508 184 76 iam
3700 7508 332 76 Edwin
4088 7512 144 72 Ru
4244 7508 188 88 dge.

748 7608 96 92 (3
848 7608 60 76 0
920 7656 36 8 -
1016 7612 52 76 3
1072 7616 52 68 0
1144 7608 40 64 2
1152 7616 60 60 08
3968 7612 288 84 13527

2376 7720 268 100 2104
