4752 8320
360 712 608 120 Michigan.
1116 712 420 100 Courts.

716 856 572 132 Michigan
1392 864 308 92 court
1800 856 324 124 rules,
2228 852 620 100 annotated.
3028 848 512 104 Revision
3652 852 120 100 of
3884 856 280 96 1931.

360 1008 328 100 Rules
740 1004 124 104 of
916 1004 472 128 practice
1444 1000 120 100 of
1620 1004 180 96 the
1860 1004 72 104 S
1944 1020 64 80 u
2020 1036 364 96 preme
2440 1008 308 92 court
2804 1000 216 100 and
3076 1000 180 100 the
3312 996 456 116 Circuit,
3832 996 332 132 Supe-

360 1156 220 100 rior
652 1156 216 100 and
932 1148 632 104 Recorder's
1628 1160 360 92 courts
2052 1148 216 100 and
2336 1148 180 100 for
2580 1148 424 108 Circuit
3072 1156 308 92 court
3440 1148 728 96 commission-

360 1336 220 96 ers;
660 1300 268 104 with
1008 1300 344 100 forms
1428 1296 124 100 of
1628 1296 572 132 pleadings
2280 1300 220 96 and
2576 1292 544 132 appellate
3200 1292 708 132 proceedings
3988 1328 180 96 ap-

364 1448 404 128 proved
840 1448 148 124 by
1064 1448 184 104 the
1328 1448 524 128 Supreme
1928 1456 336 88 court.
2408 1444 260 100 Ann
2744 1444 400 124 Arbor,
3224 1444 228 100 The
3528 1440 640 104 University

360 1596 120 100 of
524 1596 568 132 Michigan
1148 1628 296 96 press
1504 1660 24 64 1
1580 1600 120 96 19
1712 1600 124 96 30
1848 1660 20 64 1

496 1772 60 56 x
564 1752 52 92 i,
676 1748 160 80 291
896 1772 80 72 p.
1092 1748 224 80 22-.

496 1884 128 76 At
692 1888 236 72 head
1004 1884 100 76 of
1176 1884 260 76 title:
1516 1880 344 80 Univer
1868 1904 40 52 s
1916 1880 136 92 ity
2128 1880 100 80 of
2304 1880 496 92 Michigan,
2880 1880 220 76 Law
3172 1880 340 80 school.
3624 1880 196 76 The
3896 1880 280 92 Legal

364 1996 432 72 research
852 1988 460 80 institute.

376 2120 92 96 ©
528 2132 224 72 Nov.
808 2132 76 88 4,
944 2124 268 92 1930;
1308 2128 168 96 2c.
1460 2148 48 52 a
1524 2128 120 72 nd
1700 2128 184 96 aff
1844 2188 12 16 .
1920 2128 224 76 Nov.
2204 2128 56 72 8
2284 2144 20 68 ;
2368 2124 76 76 A
2500 2120 328 92 30506;
2892 2124 280 92 Legal
3236 2128 428 72 research
3724 2120 456 92 institute,

504 2236 540 92 University
1100 2236 92 76 of
1252 2236 348 88 Michig
1600 2256 48 56 a
1660 2256 84 72 n,
1800 2236 208 72 Ann
2060 2236 324 76 Arbor.
2528 2232 536 96 (30-31275)
3724 2228 288 84 12767

364 2444 200 104 Mil
564 2444 36 96 l
608 2476 92 88 e,
772 2444 420 120 Pierre,
1272 2452 328 96 1864-

496 2592 92 100 T
592 2592 132 100 he
812 2588 428 104 French
1328 2592 348 128 novel,
1764 2588 144 132 by
1996 2592 380 100 Pierre
2464 2588 364 128 Mille;
2924 2588 608 104 translated
3624 2588 292 104 from
4004 2588 180 104 the

360 2740 424 100 French
856 2740 140 132 by
1068 2740 564 100 Elisabeth
1708 2740 448 100 Abbott.
2296 2740 780 128 Philadelphia
3148 2740 96 100 &
3312 2740 496 128 London,
3880 2740 104 100 J.
4060 2740 124 100 B.

360 2888 648 132 Lippincott
1060 2920 572 100 company,
1692 2892 288 100 1930.

496 3044 52 80 2
556 3048 48 76 5
608 3040 52 80 6
712 3068 84 72 p.
908 3044 108 80 20
1040 3052 40 40 s
1116 3108 16 16 .

500 3184 312 76 "First
872 3180 432 80 edition."

380 3312 92 96 ©
540 3320 240 92 Sept.
836 3320 76 92 3,
968 3316 264 92 1930;
1296 3324 128 68 2c.
1480 3320 180 72 and
1716 3336 48 56 a
1776 3316 96 76 ff.
1932 3316 224 80 Nov.
2216 3316 156 92 15;
2432 3316 76 76 A
2564 3316 328 88 30606;
2956 3316 84 80 J.
3096 3320 104 76 B.
3260 3316 536 96 Lippincott
3848 3340 48 60 c
3904 3344 48 52 o
3964 3384 12 16 .

524 3428 532 96 (30-31251)
3732 3424 284 84 12768

368 3636 332 124 Mills,
764 3640 312 128 Lady
1136 3632 520 124 Dorothy
1716 3632 420 104 Rachel
2200 3632 464 104 Melissa
2736 3632 612 128 (Walpole)
3428 3648 316 92 1889-

508 3788 104 96 A
676 3784 512 100 different
1252 3784 608 124 drummer;
1932 3784 508 128 chapters
2508 3780 116 104 in
2688 3780 920 136 autobiography,
3672 3784 148 136 by
3884 3784 308 132 Lady

372 3932 508 132 Dorothy
936 3932 308 104 Mills
1336 3936 68 112 …
1588 3932 524 128 [London]
2184 3928 716 132 Duckworth,
2964 3936 292 100 1930.

504 4088 160 80 223
728 4112 84 72 p.
872 4088 96 80 in
976 4112 44 56 c
1028 4096 56 72 l.
1144 4088 288 80 front.
1488 4088 328 96 (port.)
1944 4084 504 92 22ͨͫ.

384 4220 92 88 ©
548 4232 128 76 1c.
740 4224 228 80 Nov.
1036 4224 132 92 19,
1236 4220 268 96 1930;
1576 4224 80 76 A
1724 4228 120 72 ad
1908 4224 164 76 int.
2148 4220 324 96 14439;
2544 4224 276 92 pubd.
2896 4224 244 96 Sept.
3212 4224 156 92 25;
3444 4224 264 92 Lady
3776 4228 420 92 Dorothy

512 4336 280 92 Mills,
860 4336 404 76 London.
1400 4332 532 96 (30-32944)
3732 4332 284 84 12769

368 4540 432 124 Milton,
868 4544 436 120 George
1368 4544 312 124 Fort,
1752 4556 324 92 1894-

604 4776 12 16 .
700 4696 228 100 The
996 4732 196 96 age
1260 4696 124 100 of
1452 4700 300 124 hate;
1828 4696 484 100 Andrew
2380 4700 496 100 Johnson
2952 4700 212 100 and
3232 4700 180 100 the
3488 4696 500 132 radicals,
4056 4700 140 124 by

368 4836 420 136 George
848 4844 276 96 Fort
1176 4844 436 100 Milton.
1756 4844 264 100 New
2080 4844 344 132 York,
2484 4844 1060 128 Coward-McCann,
3600 4844 236 132 inc.,
3904 4852 284 96 1930.

504 4996 124 92 xi,
680 5000 164 76 787
892 5016 80 72 p.
1092 5000 312 88 front.,
1456 5000 328 92 plates,
1836 5004 312 88 ports.,
2204 5000 412 76 facsims.
2732 5000 216 76 24.

508 5132 640 76 "Authorities
1204 5136 480 72 consulted
1740 5136 180 72 and
1980 5132 240 76 cited
2276 5132 96 76 in
2432 5132 188 80 this
2676 5132 416 80 volume"
3132 5156 16 52 :
3208 5156 80 72 p.
3348 5132 412 80 677-683.

384 5264 88 88 ©
532 5268 220 76 Nov.
808 5264 128 96 19,
992 5268 156 80 193
1160 5268 48 76 0
1240 5292 16 60 ;
1312 5268 128 80 2c.
1492 5272 184 76 and
1728 5268 156 80 aff.
1932 5272 228 80 Nov.
2212 5268 160 96 20;
2428 5272 76 76 A
2552 5268 328 92 31165;
2940 5268 876 96 Coward-McCann,
3872 5268 32 76 i
3908 5292 56 52 n
3976 5292 68 56 e.

536 5376 532 92 (30-31349)
3736 5376 288 84 12770

372 5556 412 128 Moore,
844 5560 296 100 John
1204 5564 620 120 Ferguson,
1888 5564 312 104 1867--

512 5712 228 104 The
808 5720 304 124 story
1184 5712 116 104 of
1368 5716 184 100 the
1620 5712 484 104 railroad
2176 5712 272 136 "Y",
2516 5716 144 132 by
2724 5716 300 104 John
3096 5716 124 96 F.
3292 5716 372 104 Moore
3752 5712 68 108 …
3932 5712 260 104 with

372 5900 136 60 an
568 5860 744 104 introduction
1372 5864 148 132 by
1580 5864 292 100 Fred
1932 5864 172 104 W.
2172 5864 468 136 Ramsey
2692 5868 60 104 …
2968 5864 268 100 New
3300 5864 344 132 York,
3704 5864 496 100 Associa-

372 6008 232 100 tion
668 6044 332 96 press,
1068 6020 288 92 1930.

516 6168 48 60 x
572 6224 16 28 ,
644 6164 164 76 309
856 6184 80 72 p.
1056 6164 304 92 front.,
1420 6164 268 96 illus.,
1740 6168 304 92 plates
2100 6168 92 92 (1
2244 6164 272 96 fold.)
2588 6168 284 92 ports.
2980 6168 52 76 2
3036 6164 112 84 3j
3148 6172 32 44 c
3184 6168 52 44 m

384 6292 100 92 ©
532 6300 196 80 Oct.
772 6300 132 92 31,
948 6296 268 96 1930;
1264 6300 48 76 2
1324 6324 68 56 c.
1440 6304 224 80 Nov.
1712 6300 48 80 5
1796 6320 16 72 ;
1860 6324 52 56 a
1920 6300 40 76 f
1960 6300 36 76 f
2004 6368 16 16 .
2064 6304 224 76 Nov.
2336 6300 100 96 6;
2488 6304 80 76 A
2608 6300 328 96 30394;
2988 6304 84 76 J.
3120 6304 100 80 F.
3268 6308 336 88 Moore,
3652 6304 228 76 New
3924 6304 276 76 York.

532 6408 376 96 (30-312
916 6408 44 80 3
972 6408 96 96 6)
3736 6408 288 84 12771

372 6588 408 124 Moser,
840 6592 472 104 Charles
1360 6592 412 124 Kroth,
1832 6596 316 104 1877-

504 6736 224 100 The
812 6744 388 96 cotton.
1256 6736 372 104 textile
1712 6740 508 136 industry
2300 6740 120 100 of
2500 6744 220 96 Far
2800 6740 468 104 Eastern
3352 6740 416 100 countri
3784 6776 52 64 e
3844 6780 48 60 s
3980 6804 20 68 (
4016 6740 140 132 by
4168 6804 20 68 ,

372 6884 296 104 Char
668 6884 40 100 l
716 6924 108 68 es
880 6888 112 96 K
996 6968 24 16 .
1080 6884 124 100 M
1208 6920 56 64 o
1276 6920 168 64 ser
1520 6896 64 104 …
1748 6888 448 132 Boston,
2256 6888 356 136 Mass.,
2672 6888 488 132 Peppere
3164 6888 84 100 ll
3304 6924 64 64 n
3352 6896 108 88 m
3420 6888 780 132 anufacturing

372 7068 556 100 company,
1000 7040 288 96 1930.

500 7188 56 72 4
608 7208 80 72 p.
736 7188 84 92 l.,
872 7184 168 80 144
1088 7208 84 72 p.
1284 7192 328 88 plates.
1728 7188 224 80 27cm.

508 7320 352 96 Survey
908 7344 48 56 o
968 7324 40 76 f
1056 7328 160 72 the
1260 7328 192 72 cott
1460 7344 48 56 o
1516 7348 60 52 n
1616 7328 412 76 markets
2076 7328 184 76 and
2304 7328 432 88 industry
2784 7328 100 76 of
2928 7328 332 88 Japan,
3316 7328 292 76 China
3664 7332 184 72 and
3896 7328 300 76 India.

384 7456 96 96 ©
560 7464 172 80 Oct
736 7528 16 16 .
824 7464 136 96 29,
1032 7464 220 80 1930
1284 7484 16 72 ;
1380 7464 48 72 2
1432 7488 76 56 c.
1580 7464 224 80 Nov.
1880 7468 48 76 7
1964 7488 16 68 ;
2060 7488 44 52 a
2116 7464 100 80 ff.
2292 7464 80 76 N
2380 7488 108 56 ov
2504 7532 12 12 .
2588 7472 56 68 5
2676 7488 12 68 ;
2776 7468 72 72 A
2924 7464 324 92 29560;
3328 7464 128 80 Pe
3464 7488 52 72 p
3524 7468 280 92 perell
3884 7484 84 56 m
3976 7484 52 60 a
4032 7484 60 60 n
4084 7484 60 56 u
4172 7508 24 12 -

508 7572 484 96 facturing
1044 7596 128 56 co.
1308 7572 536 96 (30-31366)
3740 7568 288 84 12772

2156 7676 252 104 1979
