4800 8268
524 664 324 108 Ohio.
992 668 352 136 Laws,
1420 712 48 64 s
1480 680 164 92 tat
1644 680 128 92 ut
1776 704 52 68 e
1832 708 48 64 s
1896 756 20 44 ,
1996 664 964 108 etc.-Continued

520 880 60 64 a
644 844 444 132 general
1156 856 392 88 nature
1612 844 112 100 in
1804 840 300 100 force
2164 840 512 128 January
2744 848 92 120 1,
2912 844 288 124 1930,
3272 836 504 132 together
3848 836 268 104 with
4192 876 180 96 ap-

520 992 412 132 pendix
988 1000 112 96 to
1168 992 180 100 the
1408 988 472 108 General
1948 992 256 96 code
2272 984 480 136 "keyed"
2816 1000 108 88 to
2992 988 364 100 Bates'
3424 1000 496 120 compact
3988 988 392 132 digest,

516 1140 500 104 William
1096 1144 488 96 Edward
1660 1136 552 132 Baldwin,
2288 1132 884 108 editor-in-chief
3252 1144 68 112 …
3452 1136 708 104 annotations
4232 1136 152 136 by

520 1288 488 104 Archiba
1016 1292 36 96 l
1064 1292 68 100 d
1200 1288 148 104 H.
1420 1288 880 100 Throckmorton
2364 1300 68 104 …
2572 1288 368 100 Kenni
2948 1320 60 64 o
3016 1324 72 60 n
3156 1284 148 104 K.
3376 1288 304 100 Kauf
3668 1284 60 100 f
3732 1320 292 96 man,
4096 1324 172 64 ass
4272 1324 60 64 o
4344 1348 32 16 -

520 1440 276 100 ciate
880 1440 384 100 editor.
1420 1436 636 128 Cleveland,
2140 1436 236 100 The
2464 1436 516 100 Baldwin
3064 1436 212 100 law
3364 1432 652 136 publishing
4096 1468 284 72 com-

520 1624 292 96 pany
880 1592 268 104 [ͨ193
1160 1592 60 96 0]

652 1744 52 76 3
768 1748 52 76 p
832 1804 16 20 .
912 1748 28 72 I
956 1804 44 32 .,
1060 1764 116 56 v-
1172 1740 32 76 l
1216 1744 316 92 xxxiv,
1600 1740 248 96 1500,
1916 1740 248 92 1084,
2232 1740 188 92 587,
2484 1740 196 92 332,
2748 1736 132 96 70,
2948 1740 192 92 648,
3208 1740 116 80 36
3384 1760 80 72 p.
3588 1740 92 76 fr
3688 1760 52 56 o
3748 1744 128 72 nt.
3992 1740 140 80 26
4160 1748 84 40 ½ͨͫ
4248 1772 24 44 .

656 1852 252 76 Each
980 1856 216 88 part
1268 1856 180 72 and
1520 1852 472 92 appendix
2060 1852 456 88 preceded
2584 1852 120 92 by
2776 1848 460 80 half-title
3308 1856 164 72 not
3540 1848 440 80 included
4052 1848 96 80 in
4228 1852 160 76 the

520 1960 364 96 paging.

656 2068 644 92 Frontispiece
1364 2068 84 76 is
1516 2068 92 76 of
1608 2068 32 72 f
1640 2068 204 76 icial
1916 2068 236 76 certi
2156 2068 32 72 f
2192 2064 240 80 icate
2504 2064 100 80 of
2672 2068 156 76 the
2900 2068 480 88 secretary
3452 2064 104 80 of
3624 2072 248 72 state
3944 2068 104 76 of
4120 2068 264 96 Ohio,

524 2200 140 56 no.
724 2176 136 80 92.

660 2288 352 76 "Index
1060 2288 92 72 to
1196 2284 160 76 the
1400 2284 236 80 Ohio
1684 2284 376 92 general
2108 2284 276 76 code"
2432 2284 168 76 has
2648 2280 348 92 special
3052 2288 188 84 t.-p.
3284 2284 188 76 and
3520 2288 436 88 separate
4008 2284 380 92 pagina-

520 2392 224 84 tion.

652 2504 440 76 Lettered
1144 2520 116 56 on
1312 2520 324 56 cover:
1696 2500 132 76 Ba
1844 2500 24 72 l
1880 2500 300 76 dwins
2236 2500 212 76 blue
2500 2500 232 76 book
2792 2496 60 88 …
3000 2500 512 76 Baldwin's
3572 2500 236 76 Ohio
3864 2500 224 76 code
4140 2516 248 60 serv-

520 2608 160 84 ice.

528 2716 100 100 ©
688 2724 216 92 May
960 2720 132 96 10,
1148 2724 44 72 1
1212 2724 52 80 9
1260 2720 160 92 30;
1480 2720 48 76 2
1536 2736 48 68 c
1592 2780 16 16 .
1668 2720 180 76 and
1908 2716 160 84 aff.
2128 2720 96 72 M
2228 2740 120 72 ay
2408 2720 156 92 14;
2624 2720 76 72 A
2756 2716 332 96 22896;
3152 2720 144 76 Wi
3304 2720 64 72 ll
3380 2716 192 84 iam
3632 2720 404 76 Edward
4096 2720 76 72 B
4180 2736 52 64 a
4244 2720 132 76 ld-

656 2832 212 92 win,
928 2832 532 80 Cleveland.
1588 2828 544 96 (30-13622)
3976 2824 232 84 5303

512 3008 684 128 Parkhurst,
1260 3012 352 100 Helen
1676 3012 344 124 Huss,
2088 3016 328 100 1887–

648 3160 484 132 Beauty;
1212 3196 140 64 an
1424 3160 852 132 interpretation
2348 3160 128 100 of
2548 3172 172 88 art
2792 3164 220 96 and
3088 3160 180 100 the
3344 3160 720 136 imaginative
4140 3160 244 132 life,

524 3308 140 136 by
708 3308 356 104 Helen
1116 3308 304 104 Huss
1468 3308 624 104 Parkhurst
2184 3312 68 112 …
2388 3312 268 100 New
2708 3308 348 140 York,
3104 3312 600 128 Harcourt,
3760 3312 348 100 Brace
4156 3308 220 104 and

520 3496 540 96 company
1136 3468 56 104 [ͨ
1216 3464 184 96 193
1412 3464 60 96 0
1480 3524 28 68 ]

652 3616 124 88 xi,
836 3616 172 76 336
1072 3636 80 72 p.
1264 3616 320 96 front.,
1652 3616 332 96 plates.
2096 3616 600 84 22½ͨͫ.

656 3724 312 76 "First
1024 3724 440 80 edition."

656 3832 620 76 "References
1352 3836 92 72 to
1520 3832 396 80 authors
1992 3832 456 96 quoted":
2532 3856 80 72 p.
2692 3832 340 80 319-32
3040 3832 48 72 5
3100 3896 16 16 .
3236 3832 128 76 "A
3444 3832 164 76 list
3688 3832 100 80 of
3864 3832 520 96 important

520 3940 256 76 titles
824 3940 152 76 for
1028 3944 156 76 the
1232 3944 284 88 study
1568 3940 96 76 of
1720 3940 616 80 aesthetics":
2396 3948 80 72 p.
2528 3940 424 80 326-328.

528 4032 92 88 ©
692 4052 216 92 May
968 4052 72 80 8.
1108 4052 272 84 1930;
1444 4052 128 80 2c.
1636 4052 184 80 and
1884 4052 160 80 aff.
2108 4052 220 92 May
2392 4052 156 92 14;
2616 4052 76 76 A
2752 4052 336 92 22851;
3152 4052 120 80 H.
3336 4052 120 80 H.
3520 4052 556 92 Parkhurst,
4144 4052 228 80 New

656 4164 276 76 York.
1064 4160 432 96 (30-1365
1504 4160 56 80 9
1576 4160 28 96 )
3976 4160 232 84 5304

520 4336 480 128 Peattie,
1056 4340 436 108 Donald
1552 4340 496 128 Culross,
2112 4356 324 92 1898–

652 4488 332 104 Flora
1064 4492 124 100 of
1260 4492 184 100 the
1528 4492 480 104 Indiana
2088 4496 372 128 dunes,
2540 4532 60 60 a
2684 4492 588 104 handbook
3352 4492 124 104 of
3548 4492 184 104 the
3812 4492 568 128 flowering

520 4672 68 100 p
596 4640 36 96 l
640 4652 244 88 ants
952 4640 216 104 and
1240 4640 304 104 ferns
1612 4640 124 104 of
1800 4644 184 100 the
2052 4640 300 104 Lake
2420 4644 572 132 Michigan
3060 4652 292 92 coast
3424 4640 124 108 of
3608 4640 480 104 Indiana
4160 4640 216 104 and

520 4784 116 104 of
692 4788 184 104 the
940 4788 504 104 Calumet
1504 4792 472 132 district,
2032 4792 148 132 by
2240 4792 444 100 Donald
2752 4792 448 104 Culross
3260 4792 464 100 Peattie.
3856 4792 524 132 Chicago,

520 4936 312 104 Field
892 4976 484 64 museum
1436 4940 124 104 of
1616 4948 440 96 natural
2116 4940 460 132 history,
2640 4948 288 96 1930.

652 5100 164 76 432
872 5120 80 72 p.
1072 5100 28 76 i
1108 5104 64 72 ll
1184 5120 164 72 us.,
1404 5096 196 80 fold
1604 5128 24 44 .
1696 5104 240 88 map.
2052 5092 196 88 19½ͨͫ
2300 5128 24 48 .

528 5200 96 96 ©
676 5212 100 72 M
784 5228 120 72 ay
952 5212 72 88 6,
1084 5208 264 92 1930;
1400 5212 132 76 2c.
1584 5216 184 72 and
1852 5224 24 64 a
1888 5212 32 76 f
1924 5212 32 76 f
2036 5212 92 76 M
2136 5232 44 56 a
2196 5232 56 68 y
2308 5208 156 76 10:
2552 5212 32 76 A
2652 5216 44 72 2
2708 5212 272 92 3307;
3040 5212 264 76 Field
3356 5236 84 52 m
3452 5232 232 56 useu
3688 5236 88 52 m
3832 5212 100 76 of
3984 5216 384 76 natural

664 5320 388 88 history.
1180 5320 432 112 (30-1345
1620 5324 16 72 1
1652 5324 68 88 1)
3980 5320 232 84 5305

524 5500 492 124 Penney,
1072 5500 408 108 Alfred
1536 5500 100 112 J.

652 5648 340 108 Great
1052 5688 280 100 men,
1388 5656 144 132 by
1592 5652 400 104 Alfred
2068 5656 108 100 J.
2252 5660 84 96 P
2344 5696 268 60 ee
2612 5676 72 92 y
2748 5664 68 104 …
3024 5656 600 136 Hartford,
3692 5660 384 132 Conn.,
4140 5660 236 104 The

520 5800 108 104 S.
692 5800 104 108 S.
868 5800 540 108 Scranton
1468 5840 152 68 co.
1688 5812 264 120 [ͨ193
1964 5812 60 96 0
2036 5872 24 64 ]

644 5956 56 76 3
748 5976 80 72 p.
880 5960 84 88 1.,
1020 5956 164 76 154
1236 5980 80 72 p.
1432 5956 112 80 19
1552 5960 44 92 ½ͨͫ
1604 5964 100 68 .

652 6064 528 80 CONTENTS.
1216 6112 104 12 —
1360 6068 288 80 Great
1760 6088 240 60 men.
2032 6116 116 8 —
2184 6068 56 80 S
2252 6092 52 56 u
2316 6092 44 56 c
2368 6092 228 60 cess.
2628 6116 112 12 —
2768 6072 560 80 Education.
3356 6116 120 12 —
3500 6072 340 80 Books.
3872 6116 116 12 —
4020 6076 76 76 G
4100 6092 48 56 e
4156 6096 216 76 orge

516 6172 1240 96 Washington.-Abraham
1828 6176 1016 84 Lincoln.-Theodore
2912 6184 844 76 Roosevelt-One
3824 6184 544 88 generation

520 6292 88 72 to
660 6284 920 96 another.-Temple
1632 6284 800 84 builders.—Paul
2488 6292 184 76 and
2724 6292 160 76 the
2944 6292 680 92 Gospel.—The
3680 6296 448 92 preacher
4184 6296 184 76 and

520 6392 144 80 his
716 6392 680 96 work.-Lord,
1456 6400 268 76 teach
1780 6420 108 52 us
1944 6404 92 72 to
2096 6400 576 92 pray.-The
2724 6400 252 76 river
3032 6424 120 56 an
3204 6404 388 76 emblem
3652 6404 100 80 of
3804 6404 280 80 God's
4136 6404 232 80 love.

532 6496 92 88 ©
688 6508 96 76 M
788 6524 116 76 ay
960 6508 76 88 1,
1096 6504 268 92 1930;
1420 6508 128 76 2c.
1604 6528 48 56 a
1672 6512 116 72 nd
1848 6532 52 52 a
1908 6508 76 76 ff
1992 6572 16 12 .
2064 6512 92 72 M
2168 6532 116 72 ay
2344 6512 156 92 13;
2560 6512 76 72 A
2692 6512 332 92 23366;
3092 6508 56 80 S
3164 6572 12 20 .
3244 6512 52 80 S
3312 6572 16 20 .
3392 6512 460 80 Scranton
3908 6532 136 60 co.

676 6612 544 92 (30-13523)
3972 6620 232 84 5306

512 6796 512 124 Phillips,
1076 6796 464 124 Barnet,
1600 6828 588 100 company,
2240 6808 164 100 Ne
2404 6820 100 76 w
2564 6808 108 96 Y
2680 6808 196 100 ork
2888 6892 20 16 .

652 6940 592 108 Selections
1300 6944 292 104 from
1636 6948 184 104 the
1868 6952 304 100 work
2216 6952 124 100 of
2388 6956 416 96 Barnet
2852 6952 488 132 Phillips
3388 6992 576 96 company,
4016 6952 348 108 archi-

512 7096 464 100 tectural
1064 7096 192 100 dec
1264 7128 60 64 o
1336 7104 352 92 rators
1760 7092 60 112 …
2068 7100 312 128 N[ew
2372 7092 32 88 ]
2520 7100 364 128 Y[ork]
3016 7100 780 108 Architectura
3800 7104 36 100 l
3932 7140 56 64 c
3992 7104 376 136 atalog

512 7276 188 96 co.,
752 7240 36 100 i
796 7276 200 96 nc.,
1056 7248 188 92 193
1252 7248 64 92 0
1324 7324 20 20 .

652 7400 52 72 2
756 7420 84 72 p.
888 7392 88 92 l.,
1028 7396 108 76 55
1184 7420 60 72 p
1244 7396 32 76 l
1288 7460 16 12 .
1400 7384 248 96 .34ͨͫ.

532 7500 92 92 ©
684 7508 212 92 Apr.
952 7508 132 80 29.
1140 7508 220 80 1930
1380 7520 24 68 :
1464 7508 128 80 2c.
1648 7516 92 72 M
1748 7532 116 72 ay
1916 7516 100 88 6;
2076 7536 48 56 a
2136 7516 76 76 ff
2216 7580 20 12 .
2288 7520 88 72 M
2288 7512 88 76 a
2436 7524 72 72 y
2560 7516 104 92 9;
2720 7516 84 76 A
2852 7516 328 88 22755;
3236 7516 696 80 Architectural
3992 7528 96 64 ca
4108 7520 128 76 tal
4248 7540 112 72 og

656 7636 160 76 co.,
868 7616 172 80 inc.
1168 7616 540 96 (30-13656)
3964 7624 232 84 5307

2312 7736 56 80 8
2376 7720 120 88 06
