4800 8268
2192 7652 200 104 163

420 592 632 124 Burnham,
1116 588 1364 112 Bradford—Continued

412 740 336 104 white
832 740 736 104 illustrations
1656 740 292 104 from
2044 740 800 132 photographs,
2928 744 128 92 23
3148 736 564 132 diagrams
3800 740 216 100 and
4108 736 172 100 de-

408 888 340 136 signs,
800 892 216 100 and
1072 888 372 104 useful
1496 892 384 108 tables,
1928 888 392 136 racing
2368 888 292 100 rules
2720 888 216 100 and
3000 888 460 100 records.
3608 888 268 100 New
3940 880 348 120 York,

404 1040 600 104 Frederick
1052 1040 140 104 A.
1248 1040 392 108 Stokes
1692 1072 576 100 company,
2324 1044 288 96 1930.

544 1220 60 56 x
612 1200 32 76 i
728 1220 108 72 p.,
920 1204 48 72 1
1048 1204 32 72 l
1092 1260 44 28 .,
1224 1196 164 80 182
1472 1220 84 72 p.
1692 1196 292 80 front.
1984 1224 20 48 ,
2100 1196 276 92 illus.,
2464 1196 336 92 plates,
2884 1196 272 92 plans
3260 1192 264 96 (part
3608 1192 284 96 fold.)
3992 1192 300 76 tables

424 1308 88 92 (1
556 1308 48 76 f
608 1312 84 76 ol
700 1312 136 88 d.)
968 1312 524 88 21ͨͫ.

424 1404 96 104 ©
572 1420 216 76 Jan.
836 1420 132 88 17,
1016 1416 276 92 1930;
1348 1420 48 72 2
1404 1436 44 60 c
1460 1480 12 12 .
1528 1416 208 80 Jan.
1788 1416 160 80 25:
2008 1412 156 80 aff.
2216 1416 216 76 Jan.
2480 1412 108 80 27
2624 1432 16 56 ;
2696 1412 80 76 A
2828 1412 328 88 19228;
3216 1412 76 72 B
3304 1472 16 20 .
3376 1412 516 80 Burnham,
3944 1408 340 80 Larch-

552 1548 88 56 m
652 1548 48 56 o
708 1532 128 88 nt,
884 1528 108 76 N.
1052 1524 72 76 Y
1136 1592 16 12 .
1280 1524 488 96 (30-5159)
3892 1516 228 84 1034

416 1708 332 124 Burr,
808 1708 448 104 Colonel
1312 1708 276 124 Bell,
1652 1720 256 96 1856
1912 1776 72 8 –

536 1856 560 104 Practical
1172 1856 684 136 psychology
1936 1856 216 104 and
2236 1856 684 132 psychiatry,
3008 1852 184 100 for
3272 1888 180 64 use
3536 1852 116 100 in
3736 1852 548 132 training-

400 2008 424 100 schools
888 2008 184 100 for
1132 2008 640 100 attendants
1832 2008 220 100 and
2116 2044 380 64 nurses
2560 2008 220 100 and
2848 2008 116 100 in
3032 2004 468 100 medical
3572 2004 424 104 classes,
4064 2000 224 104 and

400 2192 116 68 as
588 2192 60 68 a
724 2160 340 132 ready
1140 2156 560 104 reference
1776 2156 184 104 for
2028 2160 188 100 the
2292 2156 764 132 practitioner,
3128 2156 152 132 by
3356 2152 124 108 C.
3560 2156 132 100 B.
3776 2156 300 96 Burr
4152 2168 64 104 …

404 2308 188 100 6th
652 2308 204 132 ed.,
916 2320 220 92 rev.
1204 2312 220 100 and
1488 2308 244 120 enl.,
1796 2308 276 100 with
2136 2308 772 100 illustrations.
3044 2300 824 136 Philadelphia,
3948 2304 128 100 F.
4144 2300 136 104 A.

400 2456 348 104 Davis
812 2492 580 104 company,
1460 2464 292 100 1930.

540 2616 52 76 1
644 2636 84 72 p.
784 2620 84 88 1.,
928 2616 48 76 5
980 2660 60 12 –
1040 2620 168 76 378
1264 2636 84 72 p.
1464 2616 280 92 illus.,
1804 2616 348 92 diagrs.
2272 2612 632 88 22½ͨͫ.

416 2720 100 96 ©
572 2728 212 76 Jan.
840 2728 52 76 8
900 2788 16 24 ,
972 2728 272 80 1930:
1304 2732 64 76 2
1360 2752 72 52 c.
1492 2728 212 76 Feb.
1764 2728 100 76 6;
1956 2752 16 52 a
1984 2728 44 76 f
2020 2728 64 76 f.
2144 2728 120 72 Fe
2276 2728 52 72 b
2344 2788 12 16 .
2428 2732 88 72 4;
2588 2728 68 72 A
2704 2720 336 100 19407:
3104 2724 96 76 F.
3196 2720 88 100 A.
3424 2724 84 68 D
3516 2740 48 64 a
3580 2720 88 80 vi
3672 2740 44 64 s
3808 2748 16 20 c
3832 2744 48 56 o
3892 2784 16 16 .

564 2836 32 92 (
608 2836 52 80 3
668 2836 384 80 0-5225)
3888 2828 52 84 1
3944 2828 56 80 0
4008 2828 52 84 3
4064 2828 56 80 5

404 3016 504 124 Calkins,
968 3020 636 120 Raymond,
1664 3028 260 96 1869
1928 3088 68 8 –

532 3168 232 100 The
840 3168 312 136 Holy
1232 3168 396 132 Spirit,
1700 3172 152 136 by
1924 3172 588 132 Raymond
2592 3172 88 104 C
2692 3204 52 64 a
2764 3168 28 96 l
2804 3168 192 100 kin
3008 3208 24 36 ,
3064 3252 24 20 .
3232 3172 104 100 N
3344 3204 52 64 e
3408 3208 92 60 w
3584 3164 348 132 York,
4016 3168 256 104 Cin-

392 3316 420 104 cinnati
884 3348 32 76 [
920 3332 232 120 etc.]
1228 3320 232 104 The
1520 3320 612 132 Abingdon
2196 3356 304 96 press
2612 3312 332 120 [ͨ1930]

528 3476 168 80 228
752 3496 84 72 p.
956 3472 560 88 19½ͨͫ.

412 3580 100 96 ©
568 3588 212 80 Jan.
836 3588 136 92 15,
1028 3588 276 88 1930;
1364 3588 128 76 2c.
1552 3588 184 76 and
1792 3584 104 80 af
1888 3584 44 80 f
1936 3652 16 16 .
2012 3588 212 76 Jan.
2284 3584 160 92 25;
2504 3584 84 80 A
2644 3584 328 92 18534;
3040 3584 108 80 R.
3208 3584 72 80 C
3284 3584 340 92 alkins,
3688 3580 588 96 Cambridge,

540 3696 284 80 Mass.
964 3696 488 96 (30-5074)
3888 3688 232 84 1036

404 3872 648 132 Calverton,
1112 3876 396 104 Victor
1572 3876 508 124 Francis,
2144 3888 260 96 1900
2408 3944 52 12 –

524 4028 360 104 Three
944 4040 444 120 strange
1448 4028 392 128 lovers,
1892 4028 148 132 by
2096 4028 136 104 V.
2296 4028 128 104 F.
2488 4024 636 120 Calverton,
3184 4024 272 104 with
3516 4060 140 68 an
3716 4024 560 100 introduc-

388 4176 244 104 tion
688 4180 148 132 by
896 4180 492 100 Edward
1452 4180 108 104 J.
1628 4176 520 112 O'Brien.
2296 4180 264 100 New
2624 4176 352 136 York,
3040 4176 232 104 The
3336 4176 596 136 Macaulay
3996 4208 276 68 com-

388 4364 300 100 pany
764 4336 368 104 [ͨ1930]

520 4492 168 76 243
760 4512 84 72 p.
960 4484 560 88 19½ͨͫ.

524 4600 68 80 C
600 4620 48 56 O
660 4616 320 60 NTENT
988 4616 40 60 S
1044 4660 16 16 .
1064 4600 312 76 —The
1444 4600 384 88 strange
1892 4600 600 88 lover.—The
2560 4600 684 88 return.—Thy
3308 4596 192 76 will
3564 4600 112 76 be
3736 4600 268 76 done.

408 4688 96 100 ©
572 4712 208 76 Jan.
844 4708 136 92 28,
1040 4700 276 92 1930;
1380 4712 108 72 2c,
1576 4712 212 80 Feb.
1856 4708 156 88 12;
2080 4732 48 56 a
2136 4708 44 76 f
2180 4708 60 84 f.
2304 4708 212 80 Feb.
2584 4708 160 92 14;
2812 4708 80 76 A
2956 4708 44 76 1
3008 4708 56 76 9
3068 4708 216 92 538;
3356 4708 504 96 Macaulay
3920 4732 48 52 c
3976 4732 48 52 o
4040 4772 12 12 .

556 4820 484 96 (30-5239)
3880 4812 232 88 1037

396 4976 404 120 Casey,
856 4976 528 104 Beatrice
1436 4972 396 108 Marie.

536 5124 316 104 Good
916 5128 384 132 things
1364 5128 180 100 for
1612 5128 452 128 Easter;
2132 5128 672 132 recitations,
2868 5128 748 136 monologues,
3680 5128 604 128 dialogues,

400 5276 356 136 plays,
844 5280 556 132 exercises,
1492 5284 216 100 and
1800 5280 320 104 drills
2212 5280 180 100 for
2480 5280 104 100 al
2592 5280 28 100 l
2720 5312 288 100 ages,
3092 5280 152 132 by
3332 5276 504 104 Beatrice
3924 5276 360 108 Marie

404 5428 348 136 Casey
816 5440 68 108 …
1088 5428 520 132 Chicago,
1664 5432 128 100 T.
1852 5428 76 108 S
1948 5512 16 16 .
2024 5428 492 104 Denison
2572 5432 84 92 &
2712 5464 548 100 company
3328 5432 364 108 [ͨ1930]

524 5576 52 76 1
580 5576 116 76 50
752 5608 84 72 p.
956 5576 552 96 18ͨͫ.

404 5688 100 88 ©
568 5696 212 76 Feb.
840 5696 76 92 6,
976 5696 272 92 1930;
1308 5696 132 76 2c.
1500 5696 188 80 and
1744 5696 160 80 aff.
1964 5696 216 80 Feb.
2240 5696 160 92 10;
2464 5692 80 80 A
2596 5692 336 96 19454;
2996 5696 100 76 T.
3164 5692 88 80 S.
3316 5692 416 80 Denison
3792 5696 72 80 &
3920 5716 104 56 co
4036 5756 16 16 .

548 5804 32 92 (
592 5804 52 80 3
652 5804 388 92 0-5084)
3876 5800 232 84 1038

396 5956 496 124 Cheney,
952 5956 560 124 Dorothy.

532 6112 624 132 Memories,
1292 6112 648 132 November,
2088 6112 260 104 1917
2384 6176 72 12 -
2492 6112 424 128 March,
3060 6116 296 124 1919,
3484 6112 152 136 by
3764 6112 516 132 Dorothy

396 6260 472 132 Cheney.
1028 6328 24 64 [
1064 6260 604 136 Hartford,
1732 6276 56 76 ͨ
1772 6268 192 96 193
1972 6268 96 124 0]

524 6416 48 76 1
628 6436 84 72 p.
768 6408 36 76 l
812 6476 44 32 .,
920 6452 24 60 [
952 6420 96 76 7]
1036 6460 64 12 –
1096 6416 172 80 110
1320 6440 112 72 p.,
1488 6416 52 80 1
1600 6416 24 80 l
1640 6480 12 16 .
1772 6420 48 76 2
1828 6412 576 88 3ͨͫ
1980 6480 16 16 .

524 6524 288 80 "This
844 6524 356 80 edition
1232 6524 104 80 of
1364 6548 176 56 one
1572 6528 428 76 hundred
2048 6524 312 96 copies
2408 6524 80 80 is
2536 6528 380 92 printed
2968 6524 92 76 in
3096 6524 516 80 December
3672 6548 56 56 M
3708 6520 576 88 DCCCCXXIX

388 6636 100 76 at
544 6636 160 76 the
756 6652 268 76 press
1076 6632 100 80 of
1232 6632 344 92 Finlay
1628 6636 112 76 br
1744 6656 48 56 o
1804 6640 208 72 ther
2020 6656 44 56 s
2120 6636 96 76 in
2276 6632 500 92 Hartford,
2840 6632 636 92 Connecticut,
3544 6632 348 80 United
3956 6632 316 80 States

388 6740 100 80 of
552 6740 520 80 America."

400 6832 96 96 ©
560 6852 212 80 Jan.
824 6856 136 88 20,
1016 6852 272 96 1930;
1348 6856 124 76 2c.
1536 6856 184 76 and
1780 6856 156 76 aff.
1996 6856 216 76 Feb.
2268 6856 160 88 10;
2488 6852 84 76 A
2620 6856 332 88 19473;
3016 6856 108 76 D.
3188 6856 404 88 Cheney,
3652 6852 300 80 South
4012 6856 256 72 Man-

528 6964 396 92 chester,
992 6964 284 76 Conn.
1416 6964 484 96 (30-5263)
3856 6956 228 84 1039

392 7120 448 120 Corpus
888 7116 340 124 juris.

536 7272 188 92 193
736 7268 60 96 0
844 7300 216 68 ann
1072 7300 64 68 o
1136 7268 416 104 tations
1600 7280 112 92 to
1768 7268 432 132 Corpus
2252 7268 36 132 j
2300 7268 236 104 uris
2588 7332 36 12 -
2680 7264 168 136 Cy
2844 7280 56 76 c
2944 7276 412 124 system
3372 7264 64 112 …
3664 7264 420 104 Edited
4124 7256 144 140 by

392 7420 508 100 William
976 7420 492 104 Howard
1552 7424 96 96 B
1656 7436 136 76 uc
1796 7420 404 136 hanan,
2324 7420 216 112 LL.
2684 7420 216 112 D.,
2708 7424 352 100 under
3136 7420 184 104 the
3392 7416 544 136 supervisi
3944 7452 60 64 o
4012 7452 72 64 n
4156 7412 124 104 of
