4800 8268
272 656 408 120 Harry,
752 652 488 108 William
1316 652 500 120 Cleaver,
1896 656 316 100 1879-

400 804 228 100 The
692 812 176 92 art
924 800 124 100 of
1108 796 316 100 floral
1484 796 636 132 designing;
2192 832 60 64 a
2316 792 520 104 textbook
2896 796 116 96 in
3076 796 184 100 the
3328 808 768 116 arrangement

272 952 120 100 of
436 948 416 100 flowers
896 952 220 100 and
1168 944 312 104 floral
1532 944 684 104 decorations
2264 980 116 64 as
2428 944 556 132 practiced
3032 944 116 96 in
3200 940 320 100 retail
3572 940 524 136 floristry,

272 1136 60 64 a
372 1096 420 100 revised
836 1100 216 96 and
1096 1096 436 132 greatly
1576 1096 516 128 enlarged
2140 1092 412 100 edition
2600 1088 124 104 of
2768 1088 180 104 the
3004 1088 412 104 former
3464 1088 456 100 Manual
3972 1088 124 104 of

272 1244 308 104 floral
656 1244 612 132 designing,
1340 1244 148 132 by
1556 1240 504 108 William
2140 1240 456 104 Cleaver
2668 1240 388 128 Harry
3100 1248 60 120 …
3404 1240 264 96 New
3748 1236 348 128 York,

264 1396 136 100 N.
452 1396 176 128 Y.,
672 1388 140 104 A.
860 1392 128 100 T.
1040 1392 164 100 De
1252 1392 164 100 La
1464 1388 312 104 Mare
1828 1424 568 96 company,
2452 1388 240 128 inc.,
2748 1392 288 96 1930.

404 1552 164 76 178
620 1568 88 72 p.
772 1548 100 76 in
872 1548 84 76 cl
964 1612 16 16 .
1040 1548 316 92 front.,
1420 1544 268 92 illus.,
1760 1544 336 92 diagrs.
2212 1544 564 88 21½ͨͫ.

280 1656 96 88 ©
432 1660 244 76 June
724 1660 132 92 20,
912 1656 268 92 1930;
1244 1656 44 76 2
1296 1676 48 60 c
1352 1720 16 12 .
1424 1660 188 72 and
1664 1656 156 76 aff.
1876 1656 244 76 June
2172 1656 160 88 23;
2388 1652 80 76 A
2520 1652 328 92 24762;
2908 1652 104 80 A.
3068 1652 104 76 T.
3228 1652 80 72 D
3316 1672 48 56 e
3420 1652 132 76 La
3608 1664 100 68 M
3712 1672 160 52 are
3928 1672 104 64 eo
4068 1712 16 32 ,

404 1768 176 88 inc.
696 1784 124 88 [©
884 1788 204 56 new
1140 1772 300 72 mater
1444 1764 32 76 i
1484 1768 92 72 al
1736 1760 540 100 (30-17298)
3688 1756 52 84 6
3752 1756 164 84 748

272 1948 552 124 Hershey,
884 1952 124 96 M
1008 1988 140 68 rs.
1208 1948 444 104 Emma.

400 2096 760 132 Chiropractic
1228 2096 424 104 defined
1720 2100 216 100 and
2004 2096 596 132 defended;
2680 2092 52 104 f
2740 2104 172 92 act
2916 2100 48 96 s
3028 2096 244 96 that
3340 2128 180 64 are
3588 2104 504 120 stranger

264 2248 264 100 than
600 2248 408 128 fiction,
1076 2244 144 132 by
1300 2248 392 100 Emma
1760 2248 116 100 H
1888 2248 384 128 ershey
2332 2256 68 104 …
2608 2240 104 104 A
2716 2240 76 104 k
2796 2280 232 96 ron,
3100 2240 96 108 O
3212 2324 52 52 .,
3340 2248 396 96 Emma
3804 2244 116 100 H
3932 2276 152 68 er-

260 2396 264 132 shey
600 2404 332 100 [ͨ1929]

400 2572 52 60 v
452 2596 60 8 -
512 2572 128 56 xv
644 2608 20 36 ,
728 2548 164 80 189
952 2572 108 72 p.,
1128 2552 48 72 1
1240 2552 60 76 l.
1364 2548 96 76 in
1468 2552 80 72 cl
1556 2612 20 16 .
1636 2548 316 92 front.,
2044 2548 32 72 i
2092 2552 24 68 llu
2196 2568 40 52 s
2248 2608 16 16 .
2320 2548 380 92 (ports.)
2832 2552 172 72 21ͨͫ
2996 2552 32 36 "

280 2656 92 88 ©
436 2660 232 80 Mar.
724 2664 76 88 1,
860 2660 268 92 1930;
1188 2660 132 80 2c.
1376 2660 188 76 and
1616 2660 160 80 aff.
1832 2660 244 76 June
2128 2660 52 72 2
2188 2660 56 72 8
2272 2680 16 68 ;
2348 2656 84 76 A
2484 2660 52 72 2
2540 2656 52 76 5
2596 2660 52 72 2
2656 2656 48 76 5
2708 2656 104 92 4;
2876 2660 104 76 E.
3040 2656 456 92 Hershey.

424 2768 536 96 (30-17395)
3700 2764 228 80 6749

260 2948 548 128 Hispanic
864 2948 436 124 society
1356 2948 124 104 of
1532 2948 568 108 America.

392 3100 544 108 Gonzalez
992 3104 120 100 in
1168 3104 180 104 the
1408 3104 568 100 collection
2036 3104 124 100 of
2216 3104 180 100 the
2452 3100 552 132 Hispanic
3064 3100 400 132 society
3532 3104 120 96 of
3712 3100 372 104 Amer-

260 3256 168 100 ica
488 3260 60 108 …
780 3288 32 76 [
812 3256 264 100 New
1148 3256 360 112 York]
1576 3256 228 100 The
1872 3252 548 132 Hispanic
2488 3252 408 128 society
2964 3256 124 96 of
3152 3248 544 132 America,
3760 3256 336 96 ͨ1930.

404 3412 308 76 folder
764 3408 32 92 (
816 3448 20 56 [
844 3408 120 84 3]
980 3428 84 72 p.
1168 3408 248 76 illus.
1468 3408 444 96 (ports.))
2036 3404 600 88 18½ͨͫ.

280 3512 92 92 ©
444 3520 220 88 May
728 3520 132 92 27,
932 3520 268 88 1930;
1276 3520 48 72 2
1328 3536 44 60 c
1388 3580 12 16 .
1472 3520 188 76 and
1724 3524 160 72 aff.
1952 3520 248 76 June
2264 3520 156 88 12;
2496 3516 80 76 A
2644 3512 328 96 24566;
3044 3512 452 96 Hispanic
3572 3512 348 96 society
3992 3516 100 76 of

408 3628 80 76 A
492 3648 92 56 m
588 3628 136 76 eri
728 3648 48 56 c
784 3648 80 56 a.
3692 3620 116 84 67
3812 3620 112 84 50

260 3812 592 96 Homerus.

400 3960 228 100 The
724 3956 532 132 Odyssey,
1348 3956 148 136 by
1580 3960 452 128 Homer,
2128 3956 264 104 with
2488 3956 748 104 introduction
3328 3960 148 132 by
3560 3956 300 108 John
3952 3960 140 100 A.

264 4108 308 108 Scott
664 4120 68 108 …
832 4108 660 100 translation
1556 4108 152 132 by
1776 4108 484 100 Butcher
2328 4108 216 100 and
2616 4112 344 128 Lang.
3104 4108 272 100 New
3444 4108 344 132 York,
3860 4108 228 100 The

260 4252 640 104 Macmillan
960 4292 568 96 company,
1596 4264 284 96 1930.

396 4436 60 56 x
464 4436 56 52 x
532 4436 120 56 xv
656 4412 32 72 i
692 4412 32 76 i
736 4472 16 32 ,
808 4412 164 80 373
1032 4436 112 72 p.,
1204 4412 48 76 1
1320 4416 56 76 l.
1536 4412 168 88 incl
1620 4440 24 44 .
1704 4412 292 76 front.
2108 4412 560 88 18½ͨͫ.
2524 4408 240 96 (The
2824 4412 384 80 modern
3272 4412 404 76 readers'
3740 4412 336 92 series)

280 4512 92 88 ©
432 4520 244 80 June
728 4524 48 72 1
784 4528 52 72 7
844 4584 16 32 ,
916 4528 48 72 1
972 4520 164 80 930
1168 4544 16 68 ;
1244 4524 56 72 2
1304 4544 44 56 c
1360 4584 12 16 .
1428 4524 184 76 and
1668 4520 160 80 aff.
1884 4520 56 80 J
1948 4544 180 56 une
2180 4520 156 92 18;
2396 4520 80 76 A
2528 4520 108 76 24
2644 4520 48 80 6
2696 4524 52 72 2
2756 4520 56 80 6
2840 4540 20 72 ;
2920 4524 156 76 Ma
3084 4540 52 60 c
3136 4520 160 76 mil
3308 4524 28 72 l
3344 4540 124 60 an
3520 4540 100 60 co
3632 4584 16 16 .
3772 4516 128 100 [©
3964 4520 128 80 in-

412 4632 556 92 troduction]
1096 4628 536 96 (30-17554)
3704 4628 228 84 6751

260 4808 552 128 Hopkins,
876 4812 92 100 B
1528 4808 412 128 Smith,
2012 4816 316 104 1873-

400 4956 468 108 General
952 4960 592 132 chemistry
1628 4960 180 100 for
1892 4960 492 132 colleges,
2468 4960 144 136 by
2696 4964 128 96 B.
2920 4960 364 104 Smith
3368 4960 520 132 Hopkins
3960 4964 60 112 …

268 5108 444 128 Boston,
768 5108 268 100 New
1096 5108 312 100 York
1484 5100 40 88 [
1512 5120 104 88 et
1624 5144 52 64 c
1684 5192 20 16 .
1688 5100 40 88 ]
1808 5108 140 104 D.
2012 5108 120 108 C.
2192 5108 376 104 Heath
2632 5112 216 100 and
2908 5144 544 96 company
3520 5176 16 60 [ͨ
3596 5120 56 92 1
3656 5116 60 96 9
3728 5116 56 92 3
3796 5116 56 96 0]

396 5288 64 56 x
468 5324 16 36 ,
548 5272 48 72 7
604 5264 48 80 5
660 5268 52 76 7
768 5288 84 68 p.
964 5264 288 80 front.
1304 5264 308 96 (map)
1688 5264 276 96 illus.,
2028 5268 344 92 diagrs.
2480 5272 112 72 22
2584 5268 44 76 ½ͨͫ
2740 5296 20 40 .

400 5376 336 76 Tables
796 5396 112 56 on
964 5372 696 96 lining-papers.

404 5484 612 76 "References
1084 5484 152 76 for
1308 5480 524 80 additional
1904 5480 444 96 reading"
2420 5488 100 72 at
2596 5484 176 76 end
2848 5488 96 72 of
3016 5488 228 76 each
3316 5488 388 88 chapter
3772 5492 324 88 except

268 5612 196 60 one.

284 5688 96 92 ©
436 5704 240 76 June
724 5700 132 92 16,
904 5700 272 92 1930;
1228 5704 52 72 2
1288 5720 48 56 c
1344 5764 16 16 .
1412 5700 244 80 June
1700 5700 164 92 23;
1916 5720 52 56 a
1972 5688 72 84 ff
2056 5760 16 16 .
2128 5700 248 76 June
2420 5704 164 88 24;
2636 5700 84 76 A
2768 5700 48 76 2
2824 5700 48 80 5
2880 5704 48 72 1
2936 5704 56 76 7
2996 5704 48 76 5
3076 5720 20 72 ;
3152 5704 84 76 D
3248 5764 20 16 .
3320 5700 68 72 C
3400 5764 16 20 .
3472 5704 312 80 Heath
3840 5708 72 76 &
4016 5728 48 56 o
4080 5768 8 16 .

428 5812 540 92 (30-17408)
3700 5812 236 84 6752

268 5964 460 124 Howell,
796 5964 404 104 Alfred
1264 5964 500 124 Brazier,
1836 5976 320 92 1886-.

412 6112 472 132 Aquatic
936 6116 620 128 mammals;
1616 6116 288 96 their
1956 6116 704 128 adaptations
2708 6128 116 92 to
2872 6116 204 104 life
3128 6116 120 104 in
3296 6116 184 104 the
3532 6124 372 124 water,
3960 6116 136 132 by

284 6264 128 100 A.
488 6260 456 104 Brazier
1012 6264 436 100 Howell
1524 6264 56 112 …
1724 6264 272 100 with
2072 6260 576 132 fifty-four
2720 6264 764 100 illustrations.
3632 6260 460 136 Spring-

284 6412 284 128 field,
620 6412 216 128 Ill.,
888 6408 640 128 Baltimore,
1580 6408 268 132 Md.,
1904 6408 120 104 C.
2088 6408 116 104 C.
2264 6412 512 128 Thomas,
2836 6416 288 96 1930.

412 6564 160 96 xii,
620 6568 164 76 338
832 6584 108 72 p.,
992 6568 48 72 1
1092 6568 56 76 l.
1196 6564 96 76 in
1300 6584 48 60 c
1352 6568 56 76 l.
1460 6568 100 72 ill
1568 6588 60 52 u
1636 6584 96 68 s.,
1784 6568 328 88 plates.
2224 6568 292 76 front.
2624 6568 104 76 23
2772 6572 32 36 ͨͫ
2832 6628 20 20 .

416 6672 588 80 "Literature
1040 6676 352 76 cited":
1460 6696 80 72 p.
1580 6676 416 76 326-332.

288 6776 96 88 ©
436 6784 212 80 Feb.
692 6788 132 92 27,
872 6784 272 92 1930;
1188 6788 132 80 2c.
1368 6788 244 76 June
1652 6788 160 88 13;
1864 6788 160 80 aff.
2072 6788 56 76 J
2132 6804 60 60 u
2192 6804 124 60 ne
2360 6788 156 88 17;
2572 6788 80 76 A
2696 6792 56 72 2
2756 6788 48 76 5
2808 6788 216 92 304;
3080 6788 388 80 Charles
3520 6792 92 76 C.
3664 6788 428 76 Thomas.

436 6892 532 92 (30-17410)
3704 6896 228 80 6753

272 7044 432 128 Hradil,
768 7048 392 124 Guido,
1232 7052 312 104 1877-

408 7196 212 104 Die
712 7196 580 108 ölschiefer
1384 7200 396 136 Tirols,
1876 7236 208 68 von
2180 7204 160 104 dr.
2436 7204 368 104 Guido
2896 7208 176 96 Hr
3080 7240 60 64 a
3148 7204 160 100 dil
3404 7204 68 108 …
3620 7216 72 76 u
3692 7208 152 100 nd
3940 7208 160 100 dr.

280 7348 360 100 Heinz
720 7384 92 64 v.
900 7348 380 104 Falser
1348 7356 60 104 …
1568 7352 204 96 mit
1852 7360 60 96 6
1924 7360 52 96 1
2060 7348 424 136 figuren
2560 7352 156 104 im
2792 7364 104 92 te
2900 7368 72 76 x
2980 7364 72 92 t.
3200 7352 496 136 Leipzig,
3772 7352 108 108 J.
3956 7352 140 104 A.

280 7496 384 132 Barth,
732 7504 284 96 1930.

2056 7652 264 96 1029
