4800 8320
2068 7756 256 92 1109

280 692 612 120 Karraker,
952 688 368 124 Cyrus
1376 688 524 100 Harreld.

404 844 236 100 The
688 840 1200 120 seventeenth-century
1940 836 292 100 sheri
2240 832 84 100 ff
2356 872 20 92 ;
2440 872 60 64 a
2552 832 744 132 comparative
3352 832 328 132 study
3736 832 124 100 of
3912 836 184 96 the

272 988 380 104 sheriff
736 988 116 100 in
944 988 520 132 England
1552 988 208 100 and
1852 988 184 96 the
2128 980 696 132 Chesapeake
2912 980 500 128 colonies,
3508 984 372 100 1607-1
3896 992 60 92 0
3976 988 120 96 89

284 1204 24 64 [
316 1140 176 128 by]
576 1136 356 132 Cyrus
1000 1136 312 100 Harr
1316 1136 92 96 el
1420 1136 64 100 d
1564 1140 176 92 Ka
1752 1132 376 100 rraker
2216 1140 72 112 …
2476 1132 420 128 Chapel
2968 1132 204 100 Hil
3176 1132 40 96 l
3224 1212 24 48 ,
3324 1132 236 100 The
3628 1132 468 100 Univer-

272 1280 216 140 sity
540 1284 124 100 of
704 1288 364 100 North
1120 1284 520 104 Carolina
1692 1316 332 96 press,
2084 1288 284 96 1930.

404 1452 144 76 xv,
616 1436 164 80 219
836 1456 84 76 p.
1036 1440 228 76 21ͨͫ.

408 1548 212 76 Bibl
624 1544 32 76 i
664 1548 468 88 ography:
1184 1568 84 68 p.
1336 1580 20 60 [
1360 1544 312 80 198]-2
1680 1544 48 72 1
1732 1548 48 76 3
1796 1604 12 16 .

292 1648 92 96 ©
444 1656 224 92 July
720 1656 76 92 1,
852 1652 272 96 1930;
1184 1652 128 88 2c.
1368 1656 224 88 July
1644 1656 104 88 3;
1808 1652 148 84 aff.
2020 1652 228 92 July
2300 1652 156 84 10;
2520 1652 80 72 A
2656 1648 44 76 2
2708 1652 48 72 5
2764 1648 216 92 481;
3044 1648 540 92 University
3644 1648 100 76 of
3800 1652 80 72 N
3888 1672 48 52 o
3944 1672 48 52 r
4000 1652 36 72 t
4040 1652 56 72 h

424 1760 436 80 Carolina
908 1784 292 72 press.
1328 1760 376 96 (30-182
1712 1764 100 84 56
1836 1760 28 92 )
3712 1756 232 80 7263

272 1888 452 124 Levine,
776 1888 304 124 Max,
1136 1900 328 96 1889-

508 2120 16 20 .
608 2036 108 96 A
788 2032 704 132 compilation
1564 2036 120 96 of
1820 2036 424 100 culture
2312 2032 356 104 media
2748 2032 176 100 for
2996 2032 188 100 the
3260 2032 648 100 cultivation
3984 2032 124 100 of

272 2180 980 140 microorganisms,
1316 2180 140 140 by
1524 2184 268 100 Max
1852 2180 412 104 Levine
2340 2188 64 104 …
2528 2184 216 100 and
2812 2184 144 100 H.
3028 2180 168 104 W.
3272 2180 640 104 Schoenlein
3968 2188 64 104 …

272 2328 632 136 Baltimore,
968 2332 236 100 The
1268 2328 548 104 Williams
1880 2336 88 96 &
2036 2328 476 104 Wilkins
2576 2364 568 100 company,
3220 2336 288 96 1930.

404 2504 68 56 x
472 2504 60 56 v
536 2484 56 92 i,
660 2484 52 76 9
716 2484 56 76 6
776 2488 52 76 9
892 2508 84 68 p.
1088 2484 284 76 23½ͨͫ.
1508 2488 28 88 (
1552 2484 92 68 H
1652 2484 168 76 alt-
1832 2488 32 72 t
1880 2488 104 72 itl
1992 2508 48 56 e
2056 2512 24 52 :
2156 2488 368 88 Society
2596 2488 100 76 of
2768 2488 492 76 American
3336 2488 760 92 bacteriologist.

272 2596 624 88 Monographs
952 2612 120 60 on
1120 2592 536 92 systematic
1716 2596 632 88 bacteriology
2400 2592 56 84 …
2616 2596 172 76 vol.
2848 2612 72 56 II
2944 2596 24 88 )

416 2700 304 80 Series
768 2704 208 76 title
1024 2704 100 72 in
1172 2704 220 88 part
1440 2708 100 72 at
1584 2704 244 76 head
1880 2704 96 76 of
2028 2704 188 88 t.-p.

412 2812 524 92 "Prepared
1004 2816 104 72 at
1164 2812 156 76 the
1384 2816 372 84 request
1820 2812 96 76 of
1984 2812 152 76 the
2208 2812 364 88 Society
2644 2832 48 48 o
2696 2812 44 72 f
2816 2808 76 72 A
2896 2836 48 48 m
2956 2836 124 48 er
3096 2816 20 68 i
3128 2836 44 52 c
3180 2836 44 52 a
3244 2836 52 48 n
3368 2816 48 68 b
3496 2816 604 72 acteriologists

272 2920 188 76 and
512 2920 64 76 fi
580 2920 356 76 nanced
992 2920 116 88 by
1160 2940 56 56 a
1272 2920 280 92 grant
1604 2920 244 76 from
1904 2920 156 76 the
2120 2920 120 76 Di
2248 2940 52 68 g
2308 2940 48 56 e
2360 2944 44 48 s
2416 2924 28 72 t
2452 2920 148 72 ive
2664 2924 92 72 fe
2844 2928 32 56 r
2912 2940 44 56 me
2844 2928 172 68 nts
3176 2948 100 48 co
3284 2940 152 72 mp
3444 2944 44 52 a
3504 2944 52 52 n
3568 2944 80 64 y.

276 3028 556 92 Detroit Michigan."

412 3136 724 76 "References":
1204 3160 84 68 p.
1352 3128 416 84 915-969.

292 3244 96 96 ©
452 3256 224 88 July
728 3252 72 92 1,
860 3248 268 92 1930;
1192 3252 128 76 2c.
1380 3252 184 76 and
1620 3272 52 56 a
1676 3248 100 80 ff.
1832 3252 228 88 July
2112 3248 160 92 10;
2332 3248 84 76 A
2468 3248 224 76 2548
2692 3248 56 76 5
2780 3268 20 72 ;
2864 3248 464 80 Williams
3388 3248 72 80 &
3516 3248 400 80 Wilkins
3980 3268 44 56 c
4032 3272 76 56 o.

440 3360 536 96 (30-18275)
3720 3352 232 84 7264

272 3488 520 120 Mackay,
844 3488 268 104 Mrs.
1168 3484 360 104 Helen
1588 3484 448 104 Gansev
2044 3516 60 68 o
2116 3516 124 68 or
2244 3488 52 96 t
2364 3484 672 124 (Edwards)
3112 3488 320 104 1876-

412 3632 364 104 While
868 3632 528 132 gondolas
1484 3668 284 96 pass,
1852 3632 144 128 by
2088 3632 352 96 Helen
2540 3632 492 132 Mackay.
3180 3632 268 100 New
3540 3632 344 132 York,
3976 3632 132 96 D.

280 3780 560 132 Appleton
900 3784 88 96 &
1052 3812 564 100 company,
1684 3788 284 92 1930.

408 3932 56 80 4
516 3956 80 72 p.
652 3932 88 92 l.;
796 3932 188 92 213,
1048 3972 20 56 [
1072 3936 48 72 1]
1204 3956 84 72 p.
1408 3932 104 80 20
1544 3940 36 36 ͨͫ
1612 3992 16 16 .

296 4044 92 96 ©
444 4052 224 92 July
716 4048 132 92 11,
900 4048 268 88 1930;
1224 4048 48 76 2
1280 4072 72 56 c.
1404 4052 188 72 and
1640 4048 156 80 aff.
1852 4048 220 88 July
2124 4048 160 88 14;
2336 4048 84 76 A
2468 4048 324 88 26144;
2852 4052 108 84 D.
3016 4048 468 92 Appleton
3532 4048 68 76 &
3652 4068 100 56 co
3764 4108 12 16 .

444 4156 536 92 (30-18198)
3724 4156 228 80 7265

276 4280 548 124 Naether,
884 4284 260 104 Carl
1196 4284 440 104 Albert.

416 4436 104 96 A
568 4472 372 64 course
984 4436 116 100 in
1152 4436 472 132 English
1676 4436 180 100 for
1908 4436 592 132 engineers.
2648 4472 96 64 v.
2796 4448 92 84 2.
2944 4436 228 100 The
3224 4436 596 132 engineer's
3872 4472 244 96 pro-

284 4584 520 104 fessional
868 4584 216 104 and
1144 4584 488 108 business
1700 4584 480 132 writing,
2244 4588 144 136 by
2460 4584 260 104 Carl
2784 4584 136 100 A.
2992 4588 480 100 Naether
3536 4588 60 108 …
3728 4584 116 100 in
3912 4592 208 96 col-

284 4736 612 100 laboration
976 4736 268 100 with
1324 4736 424 132 George
1828 4736 456 100 Francis
2360 4736 724 132 Richardson,
3160 4760 64 64 P
3240 4768 64 64 H
3332 4820 16 16 .
3428 4772 128 96 D.,
3636 4736 264 100 with
3984 4772 140 64 an

284 4884 748 104 introduction
1104 4888 144 128 by
1320 4884 104 104 J.
1504 4884 132 104 A.
1716 4888 120 96 L.
1912 4888 364 100 Wadd
2284 4916 56 64 e
2344 4888 36 96 l
2388 4888 36 96 l
2440 4968 20 48 ,
2528 4920 92 68 D.
2696 4920 92 68 E.
2864 4920 160 68 LL.
3092 4920 96 64 D.
3332 4888 452 128 Boston,
3856 4884 268 100 New

284 5036 312 100 York
656 5100 20 60 [
692 5072 56 64 e
748 5044 40 88 t
800 5072 120 88 c.]
984 5036 300 100 Ginn
1336 5036 212 100 and
1604 5072 312 88 comp
1928 5072 60 64 a
1996 5072 148 96 ny
2208 5040 40 88 [ͨ
2284 5040 124 92 19
2416 5040 124 92 30
2552 5100 24 60 ]

424 5188 160 92 xii,
640 5192 52 72 4
700 5188 108 76 88
860 5212 84 68 p.
1060 5192 100 72 ill
1168 5208 60 56 u
1232 5208 96 72 s.,
1388 5188 324 80 forms.
1820 5188 108 76 23
1944 5188 40 80 ½
1992 5192 108 68 ͨͫ.

296 5288 96 96 ©
452 5300 220 88 July
728 5300 76 76 2.
860 5296 272 80 1930:
1192 5300 48 72 2
1304 5360 16 16 .
1376 5300 224 88 July
1652 5300 160 76 18:
1876 5300 156 76 aff.
2092 5300 220 88 July
2368 5300 156 88 17;
2588 5300 80 72 A
2724 5296 328 92 26276;
3116 5300 96 76 C.
3272 5300 104 76 A.
3436 5300 88 72 N
3524 5316 56 56 a
3584 5296 288 92 ether,
3932 5300 180 76 Los

432 5408 396 92 Angeles
876 5408 184 84 and
1112 5408 348 88 George
1516 5408 388 76 Francis
1956 5408 608 92 Richardson,
2624 5408 252 92 Long
2928 5408 336 92 Reach,
3320 5396 280 88 Calif.
3752 5404 228 80 7266

280 5532 540 100 National
884 5532 444 104 cleaner
1384 5536 220 100 and
1668 5536 316 120 dyer.

416 5676 268 104 New
728 5680 536 100 technical
1312 5688 300 96 notes
1664 5680 180 100 for
1892 5684 476 100 cleaners
2416 5684 216 100 and
2680 5684 352 132 dyers,
3084 5720 64 64 a
3196 5684 528 128 practical
3772 5676 344 104 work-

288 5828 188 132 ing
544 5828 336 132 guide
948 5828 572 132 including
1592 5832 188 100 the
1844 5828 236 104 best
2152 5828 124 104 of
2348 5828 416 104 former
2828 5832 484 104 volumes
3388 5828 124 104 of
3580 5828 540 100 technical

280 5988 300 88 notes
636 5976 216 104 and
904 6012 356 68 newer
1308 5976 496 104 methods
1860 5980 216 100 and
2132 6016 572 92 processes,
2756 5980 516 132 covering
3328 5984 204 128 dry
3584 5976 536 132 cleaning,

284 6124 436 132 dyeing,
812 6128 528 132 spotting,
1436 6128 776 132 pre-spotting,
2304 6144 208 84 wet
2608 6124 500 136 cleaning
3200 6132 216 96 and
3508 6128 608 132 bleaching.

284 6272 100 100 R
392 6308 56 64 e
452 6272 300 104 vised
820 6276 216 100 and
1108 6312 60 64 a
1172 6280 476 128 rranged
1712 6276 144 132 by
1920 6276 124 100 M
2048 6312 60 64 o
2116 6312 160 68 ses
2340 6276 148 100 H.
2560 6276 96 104 G
2668 6280 444 100 oldman
3164 6280 64 108 …
3436 6280 268 100 New
3776 6280 104 100 Y
3888 6312 60 60 o
3956 6276 164 116 rk,

284 6424 236 100 The
568 6424 524 100 National
1144 6420 424 104 cleaner
1616 6428 220 96 and
1892 6428 300 128 dyer,
2248 6428 288 96 1930.

416 6584 108 72 35
532 6584 52 72 2
640 6604 84 68 p.
836 6584 112 72 22
968 6584 68 68 ½ͨͫ
1092 6612 24 44 .

296 6664 96 88 ©
468 6692 244 76 June
776 6688 132 92 19,
980 6688 268 92 1930;
1324 6680 128 88 2c.
1524 6692 240 76 June
1832 6684 160 96 20;
2068 6712 48 56 a
2128 6692 100 76 ff.
2300 6692 224 88 July
2588 6692 104 88 3;
2768 6692 84 76 A
2916 6688 328 92 26080;
3320 6696 448 72 National
3844 6696 264 76 trade

428 6800 444 88 journals.
936 6800 172 76 inc.
1240 6800 372 88 (30-181
1620 6800 48 76 5
1672 6800 100 76 3)
3712 6800 224 84 7267

284 6924 540 104 National
916 6928 336 100 retail
1348 6932 208 120 dry
1648 6932 356 120 goods
2092 6928 724 104 association.
2960 6936 764 104 Merchandise
3812 6972 116 64 m
3932 6972 144 64 an
4080 6996 36 12 -

412 7080 344 128 agers'
820 7080 504 104 division.

412 7224 236 100 The
704 7224 428 128 buyer's
1192 7224 480 128 manual,
1732 7224 148 132 by
1940 7224 768 104 Merchandise
2768 7224 608 132 managers'
3440 7228 480 104 division
3988 7224 124 104 of

280 7368 184 100 the
540 7368 524 104 National
1148 7368 320 104 retail
1556 7372 204 128 dry
1844 7376 340 128 goods
2268 7376 680 100 association.
3104 7376 264 100 New
3456 7376 344 100 York.
3888 7376 204 100 Na-

280 7512 300 104 tiona
584 7520 40 96 l
684 7516 276 100 retai
968 7520 36 96 l
1064 7520 204 132 dry
1328 7520 336 132 goods
1724 7520 648 100 association
2448 7532 60 68 [ͨ
2528 7528 256 92 1930]
