4800 8268
536 776 24 60 574
536 776 24 60 [
588 704 404 108 Gilson,
1152 712 32 88 M
1184 724 136 76 rs.
1384 700 396 100 Jennie
1844 700 68 100 S]

652 848 512 104 Bedtime
1224 844 420 124 stories,
1704 844 148 132 by
1920 840 312 104 Susie
2304 836 548 108 Sunshine
2932 904 24 64 [
2964 836 416 132 pseud.]
3548 896 24 68 [
3580 832 240 100 Ath
3824 832 104 100 ol
3944 908 24 56 ,
4028 832 372 124 Mass.,

524 1000 460 100 Printed
1040 1000 148 128 by
1244 996 192 100 the
1488 992 592 132 Highland
2140 1024 340 100 press,
2536 992 340 128 ͨ1930]

656 1160 48 72 1
764 1180 84 72 p.
904 1160 84 88 l.,
1048 1156 280 80 5-114
1388 1176 108 72 p.,
1556 1156 48 72 1
1660 1156 60 76 l.
1836 1148 32 80 i
1872 1152 212 76 llus.
2200 1148 528 92 21½ͨͫ.

660 1292 248 80 Title
964 1292 248 80 from
1264 1308 300 60 cover.

540 1416 100 96 ©
688 1432 224 88 Apr.
960 1432 80 88 7,
1088 1428 44 76 1
1144 1424 52 80 9
1200 1424 112 80 30
1340 1444 20 72 ;
1412 1424 132 80 2c.
1592 1424 224 92 Apr.
1868 1424 156 88 11;
2084 1420 156 76 aff.
2296 1420 216 92 Apr.
2568 1420 160 88 10;
2784 1420 76 72 A
2912 1416 332 92 21753;
3304 1416 84 80 J.
3448 1412 60 84 S
3520 1480 16 16 .
3592 1412 116 80 Gi
3712 1416 28 76 l
3748 1436 196 68 son,
4000 1420 400 88 Orange,

668 1556 284 68 Mass.
1088 1532 548 100 (30-10341)
4008 1520 172 84 382
4192 1516 52 84 6

536 1720 520 124 Ginther,
1116 1720 332 124 Mary
1508 1716 728 104 Pemberton.

660 1868 240 104 The
952 1864 604 108 thirteenth
1616 1900 380 96 spoon,
2052 1900 64 64 a
2168 1876 480 120 mystery
2716 1876 312 120 story
3084 1856 184 108 for
3320 1856 312 140 girls,
3688 1860 148 132 by
3892 1856 516 104 Pember-

528 2036 188 84 ton
804 2016 508 108 Ginther.
1468 2012 828 132 Philadelphia,
2380 2012 448 104 Macrae
2920 2008 372 108 Smith
3380 2044 544 100 company
4060 2012 340 124 [ͨ1930]

668 2176 52 76 5
772 2196 80 76 p.
908 2180 84 84 1.,
1056 2196 32 60 [
1080 2172 56 80 9
1140 2212 20 60 ]
1204 2176 196 76 -308
1452 2192 84 72 p.
1652 2172 596 88 ©19½ͨͫ.

552 2304 100 104 3
716 2312 216 92 Apr.
1000 2312 132 92 14,
1200 2312 272 88 1930;
1544 2316 128 72 2c.
1736 2312 188 76 and
1988 2308 164 84 atf.
2216 2312 220 92 Apr.
2500 2308 112 76 16
2644 2332 16 68 ;
2732 2308 80 76 A
2876 2308 332 88 22133;
3284 2308 380 76 Macrae
3736 2300 304 84 Smith
4108 2324 48 56 c
4160 2324 52 56 o
4228 2368 12 12 .

696 2420 544 96 (30-10469)
4016 2412 52 80 3
4076 2408 176 84 827

544 2608 544 124 Graham,
1152 2608 428 100 Robert
1648 2608 488 100 Bontine
2200 2604 916 124 Cunninghame,
3184 2612 332 96 1852-

668 2756 128 92 M
800 2756 960 132 ogreb-el-Acksa;
1824 2788 60 68 a
1948 2756 468 132 journey
2476 2756 112 100 in
2648 2756 548 128 Morocco,
3252 2752 148 132 by
3460 2752 132 100 R.
3652 2752 132 100 B.
3848 2748 572 128 Cunning-

540 2908 316 100 hame
952 2904 496 108 Graham
1484 2908 72 112 …
1780 2904 752 104 introduction
2636 2904 144 136 by
2880 2900 496 104 Edward
3476 2900 512 108 Garnett.
4156 2900 268 100 New

544 3056 344 132 York,
944 3060 240 104 The
1244 3056 428 132 Viking
1732 3092 340 96 press,
2132 3064 292 96 1930.

680 3228 144 84 xv,
884 3220 172 76 358
1112 3240 84 72 p.
1312 3220 292 76 front.
1656 3216 336 96 (port.)
2068 3212 248 80 illus.
2372 3212 312 96 (map)
2812 3216 604 88 21½ͨͫ.

684 3356 268 92 Maps
1012 3376 120 56 on
1184 3352 708 96 lining-papers.

560 3484 104 96 ©
728 3492 220 92 Apr.
1012 3492 76 92 5,
1160 3488 272 92 1930;
1504 3488 48 76 2
1564 3512 40 56 e
1616 3552 20 20 .
1700 3492 220 92 Apr.
1988 3488 48 76 1
2044 3500 52 68 0
2132 3508 16 56 :
2500 3508 68 72 aff
2492 3504 32 60 Ap
2600 3508 64 64 r.
2744 3508 100 72 9;
2916 3488 76 76 A
3060 3488 332 92 22003;
3472 3488 344 92 Viking
3884 3508 292 76 press,
4244 3488 176 80 inc.

712 3604 496 92 (30-10355
1228 3620 24 76 )
4032 3596 52 84 3
4092 3592 172 88 828

556 3788 420 120 Gregg,
1036 3788 292 100 Fred
1384 3788 256 100 Mar
1648 3784 104 100 io
1760 3820 108 88 n,
1928 3788 340 120 1867-

692 3944 108 96 A
884 3976 372 68 course
1348 3940 120 104 of
1552 3940 336 136 study
1972 3940 112 100 in
2172 3984 52 56 c
2236 3968 72 72 h
2312 3988 56 48 a
2392 3980 104 60 ra
2592 3960 60 72 cte
2688 3976 52 64 r
2824 3932 588 108 education
3500 3940 180 100 for
3764 3936 372 104 school
4220 3936 220 104 and

560 4096 348 120 home,
988 4096 144 132 by
1216 4088 288 104 Fred
1592 4088 112 96 M
1720 4172 16 20 .
1820 4088 380 136 Gregg
2256 4096 64 108 …
2552 4084 500 140 Lincoln,
3136 4088 304 136 Neb.,
3520 4088 468 104 Lincoln
4072 4088 364 104 school

556 4244 408 132 supply
1020 4276 544 96 company
1632 4244 332 124 [1929]

688 4396 136 92 70,
896 4396 52 76 7
956 4396 52 76 0
1016 4396 168 76 a-7
1188 4396 104 76 0e
1300 4456 16 28 ,
1392 4392 304 92 71-95,
1776 4432 20 60 [
1804 4396 48 76 3
1864 4432 16 56 ]
1900 4456 16 28 ,
1992 4396 112 76 97
2104 4436 60 12 -
2164 4396 196 92 107,
2444 4396 72 80 [3
2520 4392 56 92 ],
2656 4396 396 76 109-169
3128 4412 84 76 p.
3328 4396 280 88 illus.,
3688 4392 348 96 diagrs.
4156 4392 280 96 221C.

692 4504 252 80 "The
1008 4504 444 76 material
1516 4504 32 76 i
1556 4528 56 52 n
1684 4504 192 76 this
1940 4504 236 76 book
2244 4504 172 76 has
2484 4504 96 76 in
2644 4508 264 88 large
2972 4508 216 88 part
3260 4504 228 76 been
3560 4504 332 76 drawn
3960 4508 256 72 from
4280 4504 160 80 the

556 4612 488 84 Nebraska
1124 4620 252 72 state
1448 4632 380 56 courses
1904 4612 100 76 of
2080 4612 280 92 study
2444 4612 152 76 for
2672 4612 156 76 the
2908 4616 576 88 elementary
3568 4616 364 76 schools
4016 4636 44 52 a
4076 4616 124 76 nd
4284 4616 160 80 the

560 4724 348 80 Course
988 4720 96 80 of
1156 4724 280 92 study
1516 4720 96 76 in
1684 4724 496 76 character
2252 4720 504 80 education
2840 4760 20 56 [
2872 4720 312 80 issued
3260 4724 120 92 by
3460 4724 160 76 the
3696 4724 496 76 Nebraska
4268 4724 168 76 De-

560 4840 480 88 partment
1104 4832 100 80 of
1276 4832 312 92 public
1660 4832 304 76 instru
1976 4840 84 68 ct
2076 4828 152 80 ion
2300 4832 96 72 in
2468 4828 224 80 1927
2704 4868 16 56 ]
2736 4828 752 84 "-Publisher's
3560 4836 540 76 statement.

700 4944 132 76 "A
892 4940 652 92 bibliography
1604 4940 100 76 of
1760 4944 496 76 character
2320 4936 612 80 education":
2996 4960 84 72 p.
3140 4940 420 80 165-169.

580 5048 100 96 ©
728 5056 232 76 Nov.
1008 5052 136 92 29,
1196 5056 44 72 1
1252 5052 172 76 929
1452 5072 16 68 ;
1524 5052 128 80 2c.
1708 5056 184 72 and
1948 5064 156 68 at.
2160 5056 216 88 Apr.
2432 5052 80 92 9,
2564 5052 44 76 1
2620 5048 52 80 9
2676 5052 112 76 30
2816 5072 20 68 ;
2892 5052 76 76 A
3020 5052 336 92 20920;
3416 5052 392 80 Lincoln
3860 5056 312 76 school
4232 5072 208 76 sup-

708 5164 156 96 ply
920 5184 44 56 c
972 5184 52 56 o
1036 5228 12 12 .
1180 5160 544 96 (30-10388)
4044 5156 232 88 3829

576 5344 376 124 Hahn,
1016 5348 412 124 Emily,
1492 5356 332 96 1905-

716 5500 516 108 Seductio
1300 5504 136 100 ad
1504 5500 656 132 absurdum;
2228 5504 188 104 the
2480 5500 600 136 principles
3144 5504 92 100 &
3292 5500 540 136 practices
3896 5500 124 100 of
4084 5500 372 104 seduc-

628 5656 236 124 ion;
964 5688 52 64 a
1108 5648 616 136 beginner's
1816 5652 620 132 handbook,
2524 5656 144 132 by
2756 5652 380 136 Emily
3224 5652 376 104 Hahn.
3748 5652 268 100 New
4108 5652 348 128 York,

596 5812 84 84 B
680 5840 344 64 rewer
1076 5804 212 100 and
1348 5800 504 136 Warren,
1904 5800 208 104 inc.
2180 5816 268 116 [etc.]
2520 5808 188 96 193
2720 5808 60 96 0
2788 5884 24 20 .

700 5968 216 80 xxv,
976 5956 168 80 198
1204 5980 80 72 p.
1404 5956 44 76 1
1456 5956 540 84 9ͨͫ.

704 6064 672 96 Bibliography
1412 6088 20 56 :
1488 6088 84 72 p.
1624 6064 424 84 197-198.

600 6172 92 100 ©
748 6180 220 92 Apr.
1028 6184 72 84 1,
1164 6176 272 88 1930;
1496 6180 56 76 2
1556 6200 72 56 c.
1684 6184 220 88 Apr.
1964 6180 104 88 3;
2132 6180 104 76 af
2220 6180 44 76 f
2276 6244 12 12 .
2348 6180 224 92 Apr.
2628 6184 104 84 4;
2796 6180 80 76 A
2936 6180 332 92 20839;
3336 6184 100 76 E.
3500 6180 312 92 Hahn,
3876 6180 232 76 New
4164 6184 284 76 York.

736 6288 544 96 (30-10481)
4052 6292 52 80 3
4112 6284 52 84 8
4176 6284 112 84 30

584 6472 620 120 Hennrich,
1268 6472 380 100 Kilian
1708 6472 104 108 J.

724 6620 700 132 Boyleader's
1492 6628 468 128 primer;
2028 6628 512 132 chapters
2608 6664 136 64 on
2808 6628 456 100 modern
3328 6628 216 132 boy
3608 6628 336 128 work,
4000 6628 152 132 by
4212 6620 248 104 Kil-

596 6776 176 100 ian
848 6776 108 104 J.
1040 6772 572 108 Hennrich
1680 6780 68 104 …
1964 6776 696 132 Milwaukee,
2736 6776 304 128 Wis.,
3120 6776 268 104 New
3468 6776 316 104 York
3872 6788 264 120 [etc.]
4228 6776 232 104 The

592 6928 348 100 Bruce
1000 6924 648 136 publishing
1700 6964 544 100 company
2316 6924 264 112 [ͨ193
2592 6932 60 96 0
2660 6992 24 64 ]

712 7084 52 72 2
812 7100 84 72 p.
948 7084 88 88 1.,
1088 7076 28 80 i
1124 7088 64 60 x
1188 7124 56 8 -
1240 7088 60 60 x
1316 7076 116 96 vi,
1484 7080 168 80 240
1700 7100 112 72 p.,
1864 7084 108 76 10
2020 7084 28 72 l
2060 7144 20 16 .
2192 7084 296 76 front.
2600 7080 224 80 20ͨͫ

716 7192 308 76 Blank
1072 7192 312 76 leaves
1432 7192 152 76 for
1636 7192 724 76 "Memoranda"
2432 7192 156 92 (10
2636 7196 96 72 at
2788 7192 228 92 end)

716 7300 80 76 A
856 7296 552 96 companion
1468 7300 364 76 volume
1896 7304 92 72 to
2052 7300 160 76 the
2272 7300 424 76 author's
2760 7300 252 92 "Boy
3076 7300 544 92 guidance".
3740 7324 44 56 c
3788 7304 44 92 f
3840 7364 16 20 .
3920 7304 532 80 Foreword.

716 7408 672 92 Bibliography
1444 7412 96 72 at
1592 7412 176 72 end
1820 7412 104 76 of
1980 7416 236 72 most
2268 7412 100 72 of
2416 7412 160 76 the
2624 7412 468 92 chapters.

600 7508 104 96 ©
772 7520 232 80 Mar.
1068 7516 136 92 20,
1268 7520 276 80 1930:
1612 7520 124 76 2.
1808 7540 132 56 an
1956 7524 36 72 d
2064 7520 156 80 aff.
2288 7520 220 84 Apr.
2576 7520 104 92 9;
2752 7520 76 72 A
2896 7520 336 92 20924;
3304 7524 112 76 K.
3488 7520 88 80 J.
3644 7520 144 80 He
3796 7544 56 52 n
3860 7520 296 92 nrich,
4228 7520 224 80 New

732 7628 276 80 York.
1140 7628 544 96 (30-10480)
4056 7624 52 84 3
4120 7624 108 84 83
4240 7624 48 84 1
