4800 8268
304 640 496 120 Patrick,
880 640 1140 100 Diana-Continued

464 796 132 68 812
660 804 72 68 p.
796 796 640 80 19½ͨͫ.

484 932 40 72 1
484 932 120 76 1c.
664 928 92 72 M
764 952 112 64 ay
928 928 76 88 2,
1064 928 264 88 1930;
1388 928 80 72 A
1520 928 116 72 ad
1696 928 24 72 i
1728 948 60 52 n
1796 932 64 72 t.
1916 928 104 72 13
2028 928 56 68 8
2084 928 52 68 7
2140 924 52 72 3
2224 944 16 72 ;
2300 928 116 88 pu
2428 924 52 76 b
2488 924 84 76 d.
2632 924 216 92 Apr.
2904 924 156 88 11;
3128 924 100 76 E.
3284 924 96 76 P.
3440 920 360 76 Dutton
3856 920 72 76 &
3980 940 100 56 co
4096 980 40 20 .,

452 1040 92 76 in
560 1064 44 52 e
616 1100 36 32 .,
704 1040 228 72 New
980 1040 272 72 York.
1380 1036 196 92 (30
1580 1080 8 8 -
1592 1036 220 76 1409
1820 1036 48 72 6
1892 1036 24 88 )
3732 1028 228 80 5380

356 1216 504 124 [Phillips,
920 1216 380 128 Hugh]
1376 1228 184 92 188
1572 1224 64 92 0
1636 1284 64 8 -

528 1372 68 104 …
664 1364 100 100 A
856 1400 252 64 man
1200 1364 124 96 of
1412 1400 104 60 m
1528 1396 60 64 a
1592 1396 356 64 nners.
2108 1360 496 120 London,
2692 1360 704 100 Hutchinson
3488 1368 80 92 &
3668 1396 188 96 co.,
3940 1364 36 92 l
3992 1360 148 96 td.

320 1520 228 120 [193
560 1520 60 96 0
628 1580 24 60 ]

448 1672 164 76 319
672 1696 80 68 p.
868 1672 200 76 19
1068 1676 16 36 ½ͨͫ
1120 1700 20 40 .

452 1780 436 76 Authors
944 1780 344 88 pseud.,
1348 1772 304 92 Philip
1708 1776 400 92 Hughes,
2176 1776 96 76 at
2324 1772 240 76 head
2616 1772 100 76 of
2768 1772 236 80 title.

348 1884 60 88 ©
468 1892 48 72 1
520 1900 44 56 c
584 1948 12 16 .
652 1888 88 68 M
748 1908 112 68 ay
908 1884 72 72 8.
1032 1888 44 72 1
1088 1888 104 72 93
1200 1884 100 80 0:
1352 1888 76 72 A
1472 1888 120 72 ad
1640 1884 24 76 i
1672 1888 132 72 nt.
1852 1880 324 92 13870;
2228 1884 272 88 pubd.
2548 1880 208 92 Apr.
2812 1880 160 92 25;
3024 1880 284 92 Hugh
3356 1880 420 92 Phillips,
3824 1880 168 80 Let
4004 1868 108 88 ch
4116 1924 28 8 -

460 2000 296 72 worth
772 2060 12 24 ,
844 2000 84 72 H
940 2024 44 48 e
992 2020 44 48 r
1044 2004 84 68 ts
1140 2056 16 16 .
1216 1996 196 88 Eng
1412 1996 88 72 la
1508 1996 156 72 nd.
1792 1988 540 96 (30-14191)
3740 1988 228 80 5381

320 2176 512 120 Pinchot,
892 2176 472 120 Gifford,
1424 2184 324 92 1865-

452 2332 160 96 To
688 2328 180 100 the
944 2324 352 108 South
1376 2324 312 128 Seas;
1764 2324 184 100 the
2020 2320 348 104 cruise
2440 2320 124 100 of
2636 2324 184 96 the
2892 2324 524 100 schooner
3484 2328 332 128 Mary
3884 2324 264 108 Pin-

316 2476 252 100 chot
640 2488 112 88 to
824 2476 180 100 the
1084 2472 664 132 Galapagos,
1820 2472 184 100 the
2076 2476 668 124 Marquesas,
2824 2480 204 96 and
3112 2472 180 100 the
3368 2476 544 100 Tuamotu
3988 2476 160 100 Is-

320 2624 344 128 lands,
740 2624 216 100 and
1028 2624 416 128 Tahiti,
1516 2624 144 116 by
1736 2624 192 104 Gif
1924 2620 48 100 f
1976 2624 200 96 ord
2248 2624 528 120 Pinchot;
2856 2620 624 104 illustrated
3552 2620 268 100 with
3896 2656 256 68 over

320 2776 192 96 250
600 2768 832 132 reproductions
1520 2776 120 96 of
1728 2772 756 128 photographs
2568 2772 328 100 taken
2980 2804 136 64 on
3200 2772 184 100 the
3468 2768 380 132 cruise,
3932 2772 220 100 and

324 2920 264 100 with
636 2924 308 96 wood
992 2920 692 132 engravings.
1832 2920 816 128 Philadelphia,
2704 2916 480 136 Chicago
3248 2932 260 116 [etc.]
3572 2920 228 100 The
3852 2920 296 104 John

324 3072 116 100 C.
500 3068 512 104 Winston
1068 3104 540 96 company
1672 3076 268 120 [ͨ193
1952 3076 56 96 0]

460 3224 196 92 xiii,
736 3228 104 92 [1]
856 3284 12 32 ,
944 3224 164 76 500
1180 3244 80 72 p.
1336 3224 152 76 inc
1492 3228 24 68 l
1532 3284 16 16 .
1620 3224 64 72 il
1700 3224 200 88 lus.,
1980 3228 80 88 pl
2076 3224 100 76 at
2180 3244 96 52 es
2332 3220 96 92 (1
2500 3220 216 92 col.)
2804 3224 288 92 ports.
3236 3224 136 72 col
3388 3284 16 16 .
3476 3224 316 84 front.,
3868 3244 288 72 maps.

324 3332 124 80 23
452 3336 56 56 ͨͫ
516 3364 16 44 .

460 3444 92 72 M
560 3464 164 72 aps
776 3464 116 56 on
944 3440 692 92 lining-papers.

340 3524 84 88 ©
488 3556 216 88 Apr.
760 3552 116 76 10.
940 3556 44 72 1
996 3556 44 72 9
1044 3552 164 80 30:
1260 3548 100 80 2c:
1412 3552 96 68 M
1516 3572 112 68 ay
1680 3552 100 76 9:
1840 3548 156 80 aff.
2048 3552 148 72 Ma
2208 3572 56 68 y
2316 3552 44 72 1
2372 3552 52 76 6
2456 3572 16 68 ;
2528 3548 76 76 A
2656 3548 328 92 22935;
3044 3548 100 80 G.
3200 3548 420 92 Pinchot,
3676 3548 480 88 Washing-

472 3668 180 72 ton.
780 3664 536 92 (30-13747)
3752 3656 228 80 5382

404 3844 64 112 …
532 3840 672 120 Psychologi
1212 3872 56 68 e
1276 3872 56 68 s
1400 3848 120 96 of
1596 3856 44 88 1
1656 3856 56 88 9
1724 3852 160 124 30,
1952 3844 140 132 by
2160 3844 408 100 Alfred
2636 3844 384 132 Adler,
3088 3844 512 100 Madison
3676 3848 492 128 Bentley.

464 3996 92 96 E
568 3996 60 96 d
644 3992 216 100 win
924 3992 92 96 G
1036 4076 16 12 .
1128 4000 156 92 Bo
1300 3992 244 132 ring
1620 4060 20 60 r
1652 3992 216 100 and
1936 4028 60 64 o
2000 3992 332 128 thers,
2452 3992 72 112 …
2676 3992 404 104 Edited
3148 3996 144 132 by
3352 3992 264 104 Carl
3680 3992 120 96 M
3808 4028 60 64 u
3884 3992 272 100 rchi-

460 4176 220 64 son.
824 4144 648 124 Worcester,
1532 4144 364 128 Mass.,
1960 4144 344 100 Clark
2360 4140 608 132 university
3032 4176 356 96 press;
3456 4144 496 116 London,
4016 4144 140 100 H.

464 4288 468 100 Milford
948 4368 20 28 ,
1036 4288 444 104 Oxford
1544 4288 612 128 university
2216 4324 336 96 press,
2624 4292 288 96 1930.

464 4448 184 72 xix.
712 4448 164 76 497
936 4456 48 68 p
1000 4508 12 16 .
1072 4448 28 72 i
1112 4468 60 52 n
1176 4448 76 72 cl
1268 4508 16 16 .
1344 4444 100 76 ill
1456 4468 164 68 us.,
1676 4448 320 92 ports.,
2056 4444 344 92 diagrs.
2516 4448 160 88 23
2684 4448 84 52 ½ͨͫ
2780 4508 20 16 .
2932 4444 240 92 (The
3232 4444 668 84 international
3976 4444 188 76 uni

336 4576 152 52 ver
496 4576 40 52 s
548 4556 132 92 ity
740 4556 288 76 series
1080 4556 100 72 in
1232 4556 608 92 psychology)

468 4664 428 80 Lettered
948 4684 116 52 on
1120 4684 320 56 cover:
1492 4672 100 68 n.

472 4772 644 80 "References"
1204 4776 100 72 at
1372 4772 176 76 end
1612 4772 96 76 of
1772 4776 240 76 most
2080 4772 100 76 of
2240 4772 156 76 the
2460 4772 464 92 chapters.

352 4876 92 88 ©
504 4888 216 88 May
772 4888 48 64 5
832 4948 16 24 ,
904 4884 160 80 193
1068 4884 52 72 0
1152 4904 16 56 :
1228 4884 48 76 2
1300 4896 52 68 c.
1412 4892 96 68 M
1512 4900 116 72 ay
1684 4900 96 72 8;
1840 4904 44 56 a
1896 4880 100 80 ff.
2052 4884 220 88 May
2324 4884 156 88 14;
2536 4888 80 72 A
2668 4880 328 92 22868;
3060 4880 284 80 Clark
3400 4880 248 80 univ.

500 4996 536 92 (30-13738)
3764 4988 228 80 5383

340 5172 472 124 Russell,
872 5172 468 104 Charles
1396 5172 524 112 Edward,
1988 5184 320 92 1860-

488 5324 832 132 Charlemagne,
1372 5320 228 104 first
1656 5324 124 100 of
1828 5324 180 100 the
2064 5324 536 128 moderns,
2648 5320 144 136 by
2852 5320 456 108 Charles
3360 5324 488 104 Edward
3900 5324 276 104 Rus-

352 5472 196 100 sell
648 5472 68 112 …
896 5472 408 100 Boston
1384 5472 216 100 and
1676 5472 264 100 New
2024 5468 344 132 York,
2444 5468 616 132 Houghton
3136 5472 124 100 M
3268 5472 104 100 if
3340 5468 192 104 fin
3608 5504 572 100 company,

356 5624 288 96 1930.

480 5768 92 80 ix
588 5832 16 28 ,
700 5772 92 92 [3],
872 5772 188 92 305,
1156 5776 60 80 [1
1212 5788 20 60 ]
1300 5792 84 72 p.
1496 5776 312 76 front..
1876 5772 64 76 il
1948 5776 28 72 l
1988 5792 132 56 us.
2176 5768 460 92 (facsim.)
2720 5772 328 92 plates.
3116 5780 308 80 ports.,
3492 5792 240 72 map.
3848 5772 108 76 24
3984 5772 60 52 ͨͫ
4060 5832 12 16 .

484 5880 808 92 "Charlemagne's
1348 5880 388 92 hymn":
1804 5900 80 72 p.
1952 5900 24 60 [
1976 5880 180 76 294]

516 5992 212 88 May
784 5992 128 76 14.
968 5992 264 76 1930:
1292 5992 128 76 2c.
1480 5992 216 88 May
1752 5992 152 72 16:
1964 6008 44 56 a
2028 5992 32 72 f
2056 5992 64 72 f.
2176 5992 96 72 M
2280 6008 116 72 ay
2452 5992 156 76 15:
2668 5992 76 72 A
2796 5992 220 76 2342
3024 5992 48 68 6
3108 6008 16 68 ;
3188 5996 92 72 C.
3340 5992 100 76 E.
3500 5992 396 84 Russell,
3952 5992 228 76 New

488 6104 276 72 York.
884 6100 92 92 (3
984 6112 56 72 0
1044 6100 376 88 -13880)
3768 6092 232 84 5384

356 6280 284 120 Sale,
704 6284 88 96 M
828 6320 136 64 rs.
1028 6280 348 100 Edith
1436 6280 476 124 Dabney
1984 6280 468 124 (Tunis)

484 6424 500 108 Colonial
1068 6428 544 128 interiors,
1696 6428 388 100 second
2168 6428 360 104 series.
2612 6428 144 128 by
2840 6428 352 104 Edith
3280 6428 348 104 Tunis
3716 6428 248 104 Sale
4036 6432 60 112 …

356 6572 256 104 with
664 6608 136 68 an
844 6572 748 104 introduction
1636 6580 144 128 by
1828 6576 104 100 J.
1980 6576 596 100 Frederick
2624 6580 368 128 Kelly.
3108 6576 268 100 New
3424 6572 348 108 York,
3820 6576 132 100 N.
4004 6580 176 96 Y..

352 6724 160 96 W.
572 6724 504 96 Helburn
1136 6724 240 124 inc.,
1436 6728 288 96 1930.

496 6892 20 60 [
524 6876 104 76 15
640 6916 16 52 ]
712 6896 80 72 p.
908 6880 312 88 front.,
1276 6880 160 76 159
1492 6900 52 68 p
1552 6884 24 68 l
1592 6940 16 16 .
1664 6880 24 88 (
1712 6876 92 80 in
1816 6880 72 76 cl
1904 6940 12 16 .
1976 6876 312 92 plans)
2360 6904 112 52 on
2528 6880 108 76 80
2692 6880 20 76 1
2728 6940 16 16 .
2860 6872 168 84 33
3072 6884 36 36 ½ͨͫ
3112 6904 24 44 .

488 6984 556 92 "Examples
1112 6984 584 92 illustrating
1760 6988 152 76 the
1984 6992 256 84 early
2308 6984 412 80 architec
2732 6992 96 68 tu
2840 7004 96 60 re
3004 6988 100 76 of
3168 6984 452 92 Virginia,
3696 6988 484 88 Maryland

356 7092 180 76 and
592 7092 304 76 North
952 7092 996 80 Carolina."-Introd.

492 7196 192 80 The
748 7200 204 76 first
1012 7196 288 80 series
1364 7200 96 76 of
1524 7200 412 80 Colonial
2012 7200 468 88 interiors,
2548 7200 484 92 published
3104 7200 96 76 in
3268 7200 240 92 1923,
3576 7196 80 80 is
3720 7204 116 84 by
3904 7196 276 92 Leigh

368 7304 376 92 French,
808 7308 116 88 jr.

524 7420 212 88 © Apr.
788 7416 132 88 10,
972 7416 268 80 1930:
1296 7412 128 84 2c.
1480 7420 176 72 and
1716 7440 44 52 a
1776 7416 92 76 ff.
1928 7420 212 88 Apr.
2196 7420 92 72 11
2336 7436 16 64 ;
2412 7420 76 72 A
2540 7416 164 76 209
2708 7416 48 68 9
2768 7416 96 92 2;
2928 7416 412 76 William
3400 7416 356 76 Helbur
3752 7424 60 60 n
3832 7476 12 24 ,
3904 7416 172 76 inc.

520 7524 532 92 (30-11366)
3772 7520 224 84 5385

2144 7636 188 96 819
