4800 8268
516 832 56 76 515
516 832 56 76 4
628 856 84 68 p.
768 828 36 76 l
808 892 48 32 .,
912 832 164 80 333
1132 856 84 68 p.
1328 832 564 84 19½ͨͫ.

404 936 96 96 ©
552 944 220 92 Apr.
820 944 76 92 3,
948 940 112 80 19
1060 940 112 84 30
1200 964 20 72 ;
1268 944 132 80 2c.
1456 944 184 76 and
1688 940 160 80 aff.
1896 944 220 92 Apr.
2168 940 60 76 5
2252 964 20 68 ;
2324 940 84 76 A
2452 940 332 92 21601;
2840 940 512 76 Frederick
3396 940 112 80 A.
3564 940 336 76 Stokes
3948 956 48 60 c
4000 956 56 60 o
4060 1000 16 16 .

548 1048 488 96 (30-9726)
3844 1040 240 88 3434

380 1240 124 100 M
508 1268 60 72 o
572 1272 76 68 n
656 1244 48 96 t
712 1268 256 76 ana.
1108 1244 540 132 Supreme
1708 1256 336 92 court.

524 1388 472 132 Reports
1076 1392 128 104 of
1280 1424 292 72 cases
1652 1396 416 128 argued
2152 1396 216 100 and
2452 1388 676 104 determined
3184 1400 64 112 …
3424 1388 292 104 from
3796 1388 268 136 May
4144 1396 96 128 3,

392 1544 288 128 1929,
740 1552 116 92 to
916 1540 472 104 October
1444 1548 160 128 23,
1672 1544 288 96 1929.
2104 1536 424 108 Official
2588 1552 404 120 report.
3140 1580 96 68 v.
3304 1548 56 92 8
3368 1548 56 92 5
3440 1620 20 20 .
3608 1540 228 108 San
3892 1540 348 100 Fran-

388 1688 312 136 cisco,
760 1688 1124 136 Bancroft-Whitney
1944 1724 572 100 company,
2584 1696 288 96 1930.

532 1844 256 96 xxxi,
844 1844 168 80 743
1060 1868 60 68 p
1132 1908 12 16 .
1252 1844 52 80 2
1308 1840 540 88 3ͨͫ
1460 1904 20 20 .

404 1948 96 92 ©
568 1952 220 92 Apr.
848 1952 132 96 10,
1048 1952 268 92 1930;
1380 1952 52 76 2
1436 1968 48 68 c
1496 2016 16 16 .
1576 1956 184 76 and
1824 1976 52 56 a
1888 1952 96 80 ff.
2048 1952 220 96 Apr.
2332 1952 156 92 18;
2560 1956 76 76 A
2700 1952 164 80 222
2872 1952 108 80 05
3012 1972 20 72 ;
3100 1952 940 92 Bancroft-Whitney
4108 1972 48 56 c
4156 1972 52 56 o
4220 2012 20 20 .

3856 2056 228 88 3435

404 2164 588 124 Mottram,
1048 2164 172 100 Ra
1220 2160 36 100 l
1264 2164 152 120 ph
1472 2164 180 100 Ha
1660 2164 36 96 l
1700 2192 92 96 e,
1856 2172 256 96 1883
2116 2228 64 12 -

536 2316 356 100 Three
944 2312 332 108 men's
1328 2348 284 96 war;
1676 2316 184 100 the
1916 2320 508 128 personal
2480 2320 432 100 records
2972 2320 124 100 of
3152 2316 352 104 active
3560 2316 408 104 service
4036 2352 32 76 [
4068 2312 172 136 by]

404 2464 128 108 R.
628 2464 148 100 H.
872 2464 572 136 Mottram,
1536 2468 304 104 John
1936 2468 424 100 Easton
2460 2468 292 128 land,
2860 2464 260 104 Eric
3216 2464 624 132 Partridge.
3988 2468 272 100 New

400 2612 316 104 York
776 2616 216 100 and
1048 2616 496 128 London,
1604 2612 452 132 Harper
2116 2616 96 100 &
2268 2612 536 132 brothers,
2872 2620 288 96 1930.

532 2768 48 76 5
624 2792 84 68 p.
756 2764 36 76 l
796 2828 48 32 .,
892 2768 224 80 3-37
1124 2768 48 80 5
1216 2792 84 68 p.
1352 2768 96 76 in
1456 2768 76 80 cl
1544 2832 20 16 .
1612 2768 316 96 front.,
1980 2768 104 80 ill
2092 2792 60 56 u
2164 2792 96 72 s.,
2308 2792 244 72 map.
2668 2764 596 88 22½ͨͫ.

532 2876 312 80 "First
892 2876 436 80 edition."

532 2988 72 76 L
608 3012 52 56 o
664 2980 124 84 nd
796 3008 48 56 o
852 3008 64 56 n
968 2988 356 76 edition
1396 2988 244 96 (The
1700 2988 520 80 Scholartis
2272 2988 312 96 press)
2656 2992 172 76 has
2888 2992 264 76 title:
3212 2992 300 76 Three
3572 2992 432 92 personal
4064 3000 188 68 rec-

392 3100 224 76 ords
656 3096 104 80 of
804 3100 160 76 the
1008 3116 228 60 war.

536 3208 68 80 C
608 3224 56 60 O
672 3208 396 88 NTENTS.
1072 3252 112 8 —
1188 3208 80 76 A
1352 3208 432 92 personal
1864 3208 352 92 record,
2300 3208 120 92 by
2496 3208 108 76 R.
2684 3208 120 76 H.
2888 3208 1224 92 Mottram.--Broadchalk,
4196 3228 56 56 a

396 3316 496 96 chronicle,
972 3320 116 88 by
1172 3316 248 76 John
1500 3316 832 76 Easton.-Frank
2408 3316 576 92 Honywood,
3064 3316 396 96 private,
3540 3320 120 92 by
3736 3316 220 76 Eric
4032 3316 220 76 Par-

396 3424 332 96 tridge.

416 3532 100 96 ©
572 3536 220 92 Apr.
848 3536 72 96 1,
976 3536 108 76 19
1088 3536 116 80 30
1232 3556 16 72 ;
1304 3536 52 72 2
1360 3552 48 64 c
1420 3600 16 16 .
1492 3536 184 76 and
1732 3556 52 56 a
1792 3532 96 84 ff.
1948 3536 216 92 Apr.
2220 3536 52 76 3
2308 3556 16 68 ;
2384 3536 80 72 A
2516 3532 168 80 215
2684 3532 116 80 50
2828 3556 20 72 ;
2948 3548 32 76 R
2996 3596 20 20 .
3076 3536 120 80 H.
3252 3536 100 72 M
3356 3556 48 56 o
3412 3536 316 92 ttram,
3788 3532 464 88 Norwich,

544 3644 456 96 England,
1056 3644 244 80 John
1356 3648 352 76 Easton
1760 3644 188 76 and
2000 3644 216 76 Eric
2268 3644 524 92 Partridge,
2852 3644 408 76 London.

576 3748 484 100 (30-9746)
3844 3748 232 84 3436

412 3904 532 128 Murphy,
1012 3904 396 104 Alison
1468 3908 564 104 Barstow.

536 4052 372 136 Every
976 4052 360 104 which
1404 4088 244 100 way
1716 4052 116 104 in
1904 4056 492 128 Ireland,
2464 4056 148 132 by
2680 4056 400 100 Alison
3148 4060 508 96 Barstow
3728 4052 532 132 Murphy,

400 4240 60 64 a
528 4204 220 132 girl
816 4216 360 120 scout;
1252 4204 268 100 with
1588 4208 132 96 48
1788 4204 736 104 illustrations
2600 4204 296 100 from
2968 4204 764 132 photographs
3800 4204 148 104 by
4016 4204 240 100 Ali-

400 4388 196 68 son
644 4352 216 104 and
908 4356 200 100 her
1160 4352 428 132 family.
1708 4356 272 100 New
2032 4352 348 132 York,
2428 4352 500 132 London,
2980 4352 136 108 G.
3172 4356 124 100 P.
3348 4352 576 104 Putnam's
3976 4384 284 96 sons,

404 4508 288 96 1930.

540 4660 100 76 xi
644 4660 60 92 i,
764 4660 164 76 232
992 4680 84 68 p.
1188 4660 316 92 front.,
1568 4660 332 92 plates.
2012 4660 56 76 2
2072 4656 504 88 0½ͨͫ
2276 4720 20 16 .

544 4768 556 76 Illustrated
1160 4768 704 92 lining-papers.

424 4868 96 96 ©
580 4880 232 72 Mar.
868 4876 132 80 28.
1060 4876 268 92 1930;
1388 4880 128 76 2c.
1572 4880 184 72 and
1812 4876 160 80 aff.
2028 4880 220 92 Apr.
2304 4876 104 92 1;
2468 4876 76 76 A
2596 4876 336 96 21490;
2992 4876 104 84 G.
3156 4876 100 80 P.
3312 4876 484 80 Putnam's
3856 4896 244 56 sons.

572 4984 484 96 (30-9836)
3868 4980 232 88 3437

416 5136 504 104 Nationa
924 5140 36 96 l
1048 5168 328 72 resea
1380 5168 56 72 r
1448 5140 136 100 ch
1676 5140 392 104 counci
2072 5140 36 100 l
2116 5216 28 24 .
2292 5144 652 104 Committee
3032 5180 144 68 on
3264 5144 180 104 the
3536 5180 200 68 con
3740 5156 96 88 st
3844 5176 192 68 ruc
4044 5152 40 88 t
4092 5140 184 100 ion

556 5296 220 96 and
832 5292 628 128 equipment
1516 5296 124 128 of
1692 5292 524 104 chemical
2272 5296 744 100 laboratories.

556 5440 108 100 A
724 5452 376 120 report
1160 5440 124 104 of
1340 5440 184 104 the
1580 5440 528 104 National
2172 5444 496 100 research
2732 5440 424 108 council
3220 5440 616 104 committee
3896 5480 144 64 on
4092 5440 188 104 the

424 5588 744 104 construction
1256 5592 220 100 and
1568 5588 632 132 equipment
2288 5592 128 100 of
2504 5592 524 104 chemical
3116 5588 748 108 laboratories.
4008 5588 272 100 New

424 5740 348 132 York,
832 5740 136 100 N.
1036 5740 176 132 Y.,
1276 5740 240 100 The
1580 5740 560 104 Chemical
2204 5740 696 132 foundation,
2968 5740 808 136 incorporated,
3848 5744 288 96 1930.

552 5896 52 72 2
652 5916 84 68 p.
784 5896 88 88 l.,
920 5892 392 92 vii-xiii,
1360 5892 168 80 340
1576 5916 84 68 p.
1708 5892 36 76 i
1748 5916 56 52 n
1816 5896 80 76 cl
1904 5956 20 16 .
1972 5896 316 92 front.,
2340 5896 104 76 ill
2456 5920 56 52 u
2520 5916 68 56 s.
2704 5892 524 84 24ͨͫ.

556 6004 352 72 "Index
976 6000 104 76 of
1144 6000 364 76 dealers
1576 6004 100 72 in
1736 6004 552 92 laboratory
2348 6004 540 92 equipment
2956 6008 184 72 and
3208 6000 572 96 apparatus"
3868 6000 96 88 (1
4032 6024 84 68 p.
4184 6000 44 76 l
4224 6028 44 60 .,

420 6108 56 76 8
520 6104 136 96 p.)
728 6108 192 80 laid
976 6108 124 80 in.

560 6212 312 80 "First
932 6212 356 80 edition
1304 6260 100 8 —
1408 6216 48 76 3
1464 6212 192 84 000.
1772 6216 512 92 February,
2348 6216 308 80 1930."

560 6320 668 96 Bibliography
1284 6328 100 72 at
1436 6328 176 72 end
1660 6324 104 76 of
1812 6324 268 92 chap.
2128 6344 64 56 x
2196 6328 32 64 i
2236 6344 72 56 x
2312 6388 16 16 .

436 6424 96 92 ©
592 6436 232 76 Mar.
880 6432 76 92 5,
1012 6432 268 92 1930;
1340 6432 132 80 2c.
1528 6436 220 88 Apr.
1800 6436 104 88 4;
1964 6432 160 80 aff.
2180 6432 220 92 Apr.
2456 6436 104 88 3;
2620 6436 76 72 A
2748 6432 112 76 21
2864 6432 60 76 5
2924 6436 156 88 74;
3148 6428 472 84 Chemical
3676 6432 588 92 foundation,

560 6540 36 76 i
596 6564 60 52 n
664 6560 72 60 c.
872 6540 540 100 (30-10069)
3880 6536 228 88 3438

428 6696 392 124 Olney,
884 6696 564 124 Dorothy.

556 6844 232 100 The
840 6844 824 100 home-owner's
1708 6848 484 108 manual,
2248 6844 144 136 by
2444 6848 512 132 Dorothy
3012 6848 216 100 and
3284 6848 396 104 Julian
3732 6844 356 132 Olney
4160 6844 72 112 …

424 6992 268 104 New
748 6988 340 132 York,
1144 6992 496 132 London,
1696 6992 232 104 The
1984 6992 492 132 Century
2528 7028 144 68 co.
2748 7000 44 88 [
2792 7000 20 88 ͨ
2828 7000 192 96 193
3028 6996 120 112 0]

560 7148 188 96 xvi,
808 7148 168 80 240
1036 7172 84 72 p.
1232 7148 316 96 front.,
1608 7152 280 92 illus.,
1948 7156 328 92 plates,
2336 7152 344 96 diagrs.
2796 7152 560 84 19½ͨͫ.

568 7256 312 80 "First
936 7256 504 96 printing."

568 7364 724 92 Bibliography:
1352 7388 84 68 p.
1492 7364 164 80 225
1660 7380 48 44 -
1716 7364 192 80 226.

444 7464 96 92 ©
604 7472 232 80 Mar.
888 7472 136 92 28,
1084 7472 268 92 1930;
1412 7476 120 76 2c.
1600 7476 184 76 and
1840 7472 148 80 aff.
2056 7476 220 92 Apr.
2332 7480 104 88 2;
2500 7472 76 80 A
2632 7472 328 96 20775;
3028 7472 408 96 Century
3496 7496 132 60 co.

592 7580 484 96 (30-9852)
3880 7580 228 84 3439
