4752 8320
256 720 372 120 Olsen,
688 716 268 100 Mah
964 716 32 96 l
1008 744 136 68 on
1212 704 1380 108 Ellsworth-Continued

400 868 836 84 CONTENTS.-The
1308 864 508 92 Carpenter
1884 860 100 80 of
2048 856 856 80 Nazareth.-Sons
2972 856 180 76 and
3228 848 848 96 daughters.-The

260 984 180 76 call
516 988 96 72 to
688 976 480 84 Christian
1240 968 760 84 service.-Shall
2076 988 136 56 we
2288 968 272 76 make
2636 984 252 60 room
2964 964 96 76 in
3140 980 172 60 our
3380 964 232 72 lives
3688 964 152 72 for
3916 964 156 72 the

260 1092 280 88 study
596 1084 600 96 experience?

268 1220 92 92 ©
432 1224 196 76 Oct.
692 1224 132 76 17.
888 1216 268 80 1930:
1228 1216 48 76 2
1280 1240 44 60 c
1336 1280 16 12 .
1424 1216 192 76 Oct.
1684 1216 156 88 20;
1916 1212 112 76 af
1992 1212 76 80 f.
2140 1212 192 80 Oct.
2396 1212 160 88 21;
2628 1208 80 80 A
2768 1204 328 96 30022;
3172 1204 372 80 Review
3612 1204 68 76 &
3744 1204 320 76 herald

392 1332 204 104 pub.
656 1348 216 60 assn
876 1384 24 52 .
1032 1324 536 96 (30-30115)
3612 1312 284 76 12183

260 1540 524 116 Pearson,
860 1532 552 124 Hesketh,
1496 1540 324 96 1889-

392 1688 408 96 Doctor
892 1684 492 104 Darwin,
1472 1680 144 104 by
1712 1680 492 100 Hesketh
2296 1680 480 100 Pearson
2844 1692 68 104 …
3136 1672 456 100 London
3688 1676 88 96 &
3864 1676 208 96 To-

260 1840 344 120 ronto,
660 1832 100 104 J.
808 1828 116 96 M
944 1916 16 20 .
1012 1832 296 96 Dent
1356 1832 96 96 &
1504 1864 244 64 sons
1796 1828 196 100 ltd.
2060 1832 224 120 [193
2296 1832 60 92 0

392 1988 100 76 xi
504 2048 12 32 ,
568 1984 168 76 242
784 2008 108 72 p.,
948 1988 48 72 1
1048 1988 56 72 1.
1220 1984 312 88 front.,
1588 1988 288 88 ports.
1992 1980 160 92 221
2160 1984 28 40 e
2180 1980 60 56 m
2248 2008 20 48 .

396 2120 668 92 Bibliography
1096 2140 20 56 :
1172 2140 80 72 p.
1308 2116 416 76 225-229.

276 2248 92 92 ©
424 2256 120 80 ic.
600 2252 196 80 Oct.
840 2252 132 92 29,
1028 2252 268 92 1930;
1348 2252 80 72 A
1472 2252 116 76 ad
1640 2252 168 76 int.
1856 2248 324 88 14370;
2236 2248 268 92 pubd.
2568 2248 244 88 Sept.
2860 2248 104 88 4;
3020 2248 116 76 H.
3188 2248 436 88 Pearson,
3676 2244 408 76 London.

428 2360 536 96 (30-31356)
3624 2348 284 80 12184

272 2572 868 120 Pennsylvania.
1288 2576 312 96 Laws
1612 2656 24 48 ,
1688 2584 492 120 statutes,
2236 2584 192 88 etc.

400 2720 536 104 Purdon's
988 2724 480 128 Pennsyl
1476 2756 136 64 va
1616 2724 180 100 nia
1852 2728 488 120 statutes,
2396 2720 620 96 annotated.
3160 2720 660 96 Permanent
3872 2720 132 100 ed
4008 2716 40 100 i
4052 2780 36 12 -

272 2872 260 100 tion.
676 2872 104 100 A
840 2872 396 132 compil
1248 2908 60 64 a
1312 2884 44 84 t
1372 2876 24 96 i
1408 2908 140 64 on
1604 2872 120 100 of
1776 2872 120 96 th
1908 2908 52 64 e
2016 2872 440 128 general
2512 2872 216 96 and
2784 2900 588 96 permanen
3380 2876 44 92 t
3476 2868 40 100 l
3524 2900 216 68 aws
3804 2864 52 104 f
3860 2900 236 68 rom

272 3024 184 100 the
512 3060 128 92 ye
652 3056 60 68 a
716 3060 56 64 r
836 3024 256 100 1700
1148 3032 112 92 to
1320 3032 428 120 present
1808 3020 292 128 time,
2160 3016 496 132 together
2716 3016 268 100 with
3044 3016 696 100 annotations
3804 3016 292 100 from

272 3172 180 100 the
508 3208 288 64 cases
852 3172 636 128 construing
1540 3172 304 100 those
1896 3172 296 96 laws.
2336 3168 292 100 Title
2684 3164 324 104 37-41
3076 3176 60 108 …
3336 3164 560 132 Prepared
3952 3168 148 124 by

276 3324 180 104 the
532 3316 652 136 publishers'
1260 3316 504 104 editorial
1844 3320 204 96 staf
2048 3316 48 96 f
2108 3396 16 16 .
2272 3316 808 128 Philadelphia.
3164 3316 232 116 Pa.,
3472 3316 424 132 George
3972 3316 120 96 T.

280 3472 296 100 Bisel
640 3508 208 64 co.:
920 3468 504 112 Newark,
1492 3468 132 100 N.
1688 3468 144 112 J.,
1904 3464 352 108 Soney
2324 3472 84 92 &
2476 3464 280 132 Sage
2824 3508 48 56 c
2884 3500 144 68 o.:
3108 3464 152 104 St.
3328 3464 320 116 Paul,
3712 3464 388 104 Minn..

276 3624 300 100 West
632 3620 640 132 publishing
1328 3652 144 64 co.
1560 3620 248 116 [ͨ193
1820 3620 60 96 0
1892 3680 20 64 ]

408 3776 184 96 xvi,
664 3776 160 76 631
892 3796 60 72 p
952 3800 20 48 .
1088 3772 532 88 24ͨͫ
1284 3800 20 44 .

288 3892 92 96 ©
452 3908 228 80 Nov.
740 3908 132 92 24,
940 3908 272 80 1930;
1276 3904 128 76 2c.
1476 3908 212 76 Dec.
1756 3908 52 72 1
1812 3904 52 76 0
1884 3912 28 68 ;
1984 3904 156 76 aff.
2208 3904 212 80 Dec.
2492 3904 156 88 11;
2720 3904 76 76 A
2860 3904 328 88 31497;
3264 3904 348 92 George
3680 3904 100 76 T.
3848 3900 244 80 Bisel

424 4036 152 76 co.,
640 4016 296 92 Soney
992 4016 68 80 &
1116 4016 232 92 Sage
1404 4036 128 60 co.
1592 4016 68 76 &
1712 4016 264 76 West
2024 4016 208 92 pub.
2292 4036 44 52 c
2344 4036 52 52 o
2404 4076 16 16 .
3648 4012 280 76 12185

280 4196 448 124 Phelps,
788 4196 488 104 William
1336 4200 356 120 Lyon,
1760 4208 324 96 1865-

416 4344 372 104 Christ
852 4380 120 68 or
1040 4344 452 128 Caesar;
1564 4344 180 104 the
1812 4344 472 132 religion
2344 4344 120 104 of
2528 4344 320 104 Jesus
2916 4348 216 100 and
3200 4344 184 100 the
3452 4344 464 132 religion
3988 4340 120 108 of

280 4492 736 128 nationalism,
1088 4496 148 128 by
1300 4492 500 104 William
1872 4496 316 128 Lyon
2260 4492 408 132 Phelps
2760 4500 68 108 …
3016 4496 264 96 New
3356 4492 344 128 York,
3776 4496 128 96 E.
3980 4496 124 96 P.

280 4644 424 96 Dutton
760 4644 88 96 &
904 4676 184 96 co.,
1148 4640 204 104 inc.
1420 4704 28 68 1
1496 4644 124 96 19
1628 4644 128 96 30
1764 4704 24 68 1

412 4796 56 76 5
472 4796 80 92 4,
616 4796 112 96 ,11
788 4816 84 72 p.
984 4796 112 76 17
1104 4796 116 96 1-
1192 4800 52 44 m
1248 4860 20 16 .

420 4928 312 80 "First
788 4928 436 80 edition."

312 5068 68 64 ©
460 5064 196 80 Oct.
708 5068 136 92 21,
896 5064 272 92 1930;
1228 5064 52 80 2
1284 5072 44 68 c
1344 5132 12 12 .
1416 5068 192 76 Oct.
1664 5068 160 80 23:
1884 5068 156 76 aff.
2100 5068 196 80 Oct.
2352 5068 52 76 2
2412 5068 48 76 5
2492 5088 16 72 ;
2568 5068 84 76 A
2700 5064 112 80 29
2820 5068 48 76 5
2872 5068 160 92 87;
3092 5068 104 80 E.
3256 5072 100 76 P.
3412 5068 360 76 Dutton
3832 5072 68 76 &
3952 5088 108 56 co
4072 5128 40 32 .,

432 5176 172 76 inc.
740 5176 536 92 (30-30005)
3652 5176 288 80 12186

292 5352 508 128 Phillips,
856 5356 468 104 Francis
1388 5356 500 128 Clifford,
1952 5372 624 92 1850-1920.

432 5500 544 104 Chemical
1040 5504 532 124 German;
1644 5540 136 64 an
1844 5504 740 104 introduction
2644 5516 112 92 to
2824 5508 176 100 the
3068 5508 328 132 study
3464 5508 116 96 of
3648 5504 472 104 German

292 5648 516 104 chemical
872 5648 596 140 literature,
1536 5652 572 132 including
2172 5652 288 108 rules
2528 5656 120 104 of
2712 5656 836 128 nomenclature,
3612 5652 512 108 exercises

300 5796 176 104 for
540 5796 476 132 practice
1080 5800 216 104 and
1368 5840 60 64 a
1496 5804 556 100 collection
2116 5804 120 100 of
2300 5816 468 88 extracts
2836 5804 288 100 from
3196 5804 176 100 the
3440 5804 500 132 writings
4008 5804 120 100 of

300 5948 472 100 German
824 5948 496 104 chemists
1376 5952 216 104 and
1648 5952 304 100 other
2008 5952 532 104 scientists
2596 5952 216 104 and
2868 5996 60 60 a
2980 5952 652 112 vocabulary
3688 5952 124 100 of
3864 5952 260 104 Ger-

300 6132 252 64 man
604 6096 516 104 chemical
1176 6108 328 96 terms
1564 6104 212 100 and
1836 6100 360 104 others
2252 6104 264 96 used
2568 6100 116 100 in
2744 6100 528 100 technical
3332 6100 596 128 literature,
3988 6100 140 128 by

304 6244 448 104 Francis
848 6244 120 104 C.
1060 6244 480 132 Phillips
1620 6244 64 112 …
1836 6248 416 100 revised
2344 6252 212 96 and
2644 6284 192 64 voc
2844 6284 52 64 a
2908 6248 140 100 bu
3060 6248 32 100 l
3104 6284 192 100 ary
3388 6248 512 132 enlarged
3988 6248 136 132 by

304 6392 364 104 James
712 6396 148 96 H.
912 6396 164 96 De
1120 6396 320 128 Long
1516 6404 76 104 …
1728 6396 140 100 3d
1920 6396 156 100 ed.
2200 6396 444 132 Easton,
2696 6396 224 128 Pa.,
2968 6396 232 104 The
3256 6396 548 104 Chemical
3864 6396 260 132 pub-

304 6540 412 132 lishing
772 6580 180 96 co.,
1020 6548 288 96 1930.

440 6696 52 72 2
564 6716 60 72 p
632 6756 16 16 .
716 6696 88 92 1.,
880 6704 32 72 [
920 6696 32 76 i
948 6688 68 76 ii
1020 6680 280 108 ]-viii,
1372 6696 160 80 238
1604 6720 84 72 p.
1800 6696 108 80 24
1896 6692 96 60 cm
1996 6720 20 48 .

324 6828 88 88 ©
504 6836 192 76 Oct.
772 6836 112 76 24
892 6900 12 28 ,
984 6836 268 88 1930;
1332 6836 100 80 2c
1448 6900 16 20 .
1544 6840 196 80 Oct.
1816 6836 48 76 2
1872 6840 100 84 5;
2056 6840 156 76 aff.
2296 6840 192 80 Oct.
2568 6836 156 96 28;
2808 6840 80 72 A
2960 6836 328 96 30190;
3372 6840 408 76 Edward
3860 6840 268 92 Hart,

456 6948 368 92 Easton.
880 6948 160 76 Pa.
1180 6948 324 92 (30-30
1508 6948 48 76 0
1560 6948 156 88 24)
1912 7016 16 4 _
3676 6944 280 84 12187

312 7128 436 120 Powell,
812 7128 456 124 Sydney
1328 7132 464 104 Walter.

448 7268 264 136 May
804 7280 216 96 and
1112 7276 624 132 December,
1824 7316 60 64 a
1976 7280 344 108 novel,
2412 7280 140 132 by
2648 7280 444 132 Sydney
3184 7280 416 100 Walter
3692 7280 444 100 Powell.

316 7420 488 128 London,
856 7424 700 100 Hutchinson
1604 7428 92 96 &
1744 7460 184 76 co.,
1980 7420 196 108 ltd.
2244 7432 296 124 [1930
2532 7452 32 76 ]

452 7580 48 76 3
552 7600 84 72 p.
688 7572 32 76 1
728 7640 44 28 .,
824 7580 332 80 11-288
1212 7604 84 72 p.
1408 7580 112 80 19
1508 7588 44 72 1
1536 7588 44 56 c
1592 7588 64 48 m
1660 7616 20 36 .

2104 7692 260 96 1885
