4920 8268
2376 7708 192 100 518

704 1288 60 64 x
776 1276 92 100 ii,
928 1280 56 80 3
988 1280 116 80 20
1160 1300 84 76 p.
1344 1276 116 84 inc
1460 1280 32 80 l
1504 1340 20 20 .
1580 1280 296 80 front.
1988 1284 292 88 ports.
2392 1280 52 76 2
2452 1280 540 88 3½ͨͫ
2664 1340 12 16 .

584 1384 104 100 ©
740 1396 240 76 Mar.
1032 1388 140 96 29,
1228 1388 272 92 1930;
1560 1392 132 80 2c.
1748 1392 220 92 Apr.
2024 1392 104 88 2;
2192 1388 160 84 aff.
2408 1388 220 96 Apr.
2688 1392 100 88 7;
2848 1388 80 76 A
2980 1388 168 76 216
3152 1388 52 80 3
3212 1384 100 96 9;
3380 1388 104 76 R.
3548 1384 104 84 G.
3716 1384 332 96 Smith,
4108 1384 328 80 Wash-

716 1500 352 92 ington,
1120 1500 164 84 Ga.
1412 1492 484 100 (30-9984)
4044 1492 240 84 3452

572 1660 480 124 Snyder,
1112 1660 424 124 Harry,
1600 1660 632 108 1867-1927.

704 1808 424 128 Bread;
1204 1844 60 64 a
1336 1804 576 108 collection
1980 1808 128 104 of
2176 1808 476 132 popular
2724 1844 396 96 papers
3192 1840 136 64 on
3408 1804 396 128 wheat,
3864 1800 284 104 flour
4220 1800 212 104 and

572 1956 364 132 bread,
988 1960 148 104 by
1184 1956 388 136 Harry
1628 1952 492 136 Snyder;
2176 1956 272 104 with
2500 1952 768 140 biographical
3324 1952 376 104 sketch
3756 1952 148 132 by
3952 1952 488 104 Andrew

568 2108 124 104 L.
756 2108 500 104 Winton.
1392 2108 268 104 New
1728 2108 348 132 York,
2148 2108 232 104 The
2448 2108 644 104 Macmillan
3164 2140 580 100 company,
3816 2108 292 100 1930.

704 2276 56 64 x
820 2288 112 76 p.,
984 2272 48 72 1
1088 2272 28 72 l
1128 2332 44 28 .,
1224 2268 168 80 293
1448 2288 80 72 p.
1644 2268 320 92 front.,
2016 2272 332 88 plates,
2408 2272 316 88 ports.,
2776 2264 372 80 facsim.
3264 2264 636 92 20½ͨͫ.

712 2380 256 76 "List
1024 2380 100 76 of
1176 2376 540 92 writings":
1776 2396 80 72 p.
1920 2416 24 56 [
1948 2380 168 76 277
2124 2416 84 56 ]-
2208 2376 196 80 290.

584 2472 100 96 ©
740 2492 220 92 Apr.
1016 2492 76 88 1,
1148 2488 160 80 193
1316 2488 52 76 0
1400 2508 16 72 ;
1476 2488 52 76 2
1532 2512 72 56 c.
1660 2488 184 76 and
1896 2512 52 52 a
1964 2488 96 76 ff.
2112 2488 224 96 Apr.
2384 2488 104 88 2;
2548 2488 76 76 A
2676 2488 56 76 2
2732 2484 56 80 0
2792 2488 48 76 7
2848 2484 116 80 59
2992 2504 16 72 ;
3072 2484 544 80 Macmillan
3672 2508 136 60 co.

732 2596 488 96 (30-9854)
4044 2588 236 92 3453

568 2756 360 104 South
992 2760 460 100 eastern
1512 2760 560 120 reporter.

804 2912 60 108 …
924 2908 688 136 Temporary
1704 2908 348 104 South
2148 2920 420 92 eastern
2664 2916 492 124 reporter
3244 2908 360 132 digest
3688 2908 128 100 of
3900 2944 292 64 cases
4280 2944 164 64 re-

580 3064 380 128 ported
1056 3060 116 104 in
1260 3064 488 100 volumes
1836 3068 188 96 141
2112 3072 116 92 to
2320 3064 188 96 150
2604 3056 348 108 South
3040 3068 428 96 eastern
3556 3068 536 124 reporter,
4172 3060 272 100 with

572 3212 352 104 North
1008 3212 528 104 Carolina
1608 3212 292 104 table
1972 3212 124 104 of
2168 3248 320 64 cases.
2640 3212 408 104 Edited
3120 3212 148 108 by
3336 3212 184 100 the
3592 3208 516 104 editorial
4180 3208 264 100 staff

568 3364 124 100 of
760 3364 184 104 the
1012 3364 588 100 American
1672 3364 356 132 digest
2100 3368 400 128 system
2516 3364 60 112 …
2852 3360 388 128 [North
3324 3360 524 104 Carolina
3920 3364 192 108 ed.]
4280 3356 160 108 St.

568 3516 320 108 Paul,
940 3516 296 100 West
1308 3512 648 132 publishing
2004 3544 580 100 company,
2644 3520 120 96 19
2776 3520 56 88 3
2844 3516 88 92 0.

712 3672 56 76 2
820 3692 80 72 p.
956 3668 36 72 l
1000 3732 44 28 .,
1100 3668 112 76 55
1212 3668 52 80 3
1276 3728 16 28 ,
1352 3668 108 80 13
1520 3692 80 72 p.
1712 3668 632 88 25½ͨͫ.

584 3776 100 96 ©
744 3784 236 76 Mar.
1028 3784 136 88 24,
1220 3776 272 92 1930;
1548 3780 60 76 2
1608 3792 36 76 c
1664 3840 16 16 .
1736 3780 180 76 and
1976 3800 48 56 a
2040 3776 96 80 ff.
2192 3780 220 92 Apr.
2464 3784 104 84 7;
2632 3780 76 76 A
2760 3780 96 76 21
2880 3780 52 76 6
2932 3776 160 92 30;
3156 3784 264 76 West
3472 3780 212 92 pub.
3744 3800 104 56 co
3860 3844 16 16 .
4044 3772 228 84 3454

580 3932 604 128 Stoddard,
1244 3940 180 100 Mr
1424 3956 52 76 s
1496 4020 20 20 .
1580 3936 368 108 Anne.

708 4084 408 136 Young
1176 4084 376 104 heroes
1612 4084 128 100 of
1796 4084 184 104 the
2040 4084 356 128 Bible,
2456 4088 144 132 by
2660 4084 324 104 Anne
3052 4084 624 124 Stoddard;
3740 4084 272 100 with
4080 4120 140 64 an
4280 4080 164 104 in-

568 4236 628 104 troduction
1268 4236 144 128 by
1476 4232 188 104 the
1740 4236 336 128 [Rev.]
2164 4232 108 108 S.
2344 4232 416 104 Parkes
2832 4232 496 108 Cadman
3396 4236 68 112 …
3600 4236 624 100 illustrated
4300 4232 144 132 by

572 4384 428 104 Arthur
1100 4388 712 128 Zaidenberg.
1976 4388 264 100 New
2336 4388 344 108 York,
2776 4388 500 128 London,
3372 4388 232 104 The
3700 4384 496 136 Century
4288 4420 156 68 co.

616 4520 340 148 [ͨ1930]

708 4704 56 68 x
776 4720 80 68 v,
924 4700 168 80 219
1160 4720 84 76 p.
1356 4696 320 92 front.,
1748 4696 252 76 illus.
2112 4696 600 88 20½ͨͫ.
2620 4692 140 100 $2.
2764 4696 116 80 50

588 4800 100 96 ©
752 4808 236 80 Mar.
1048 4808 132 84 28,
1244 4808 36 76 1
1296 4808 108 76 93
1412 4804 100 92 0;
1580 4808 48 72 2
1628 4828 44 64 c
1684 4848 20 40 .
1772 4808 180 76 and
2016 4804 164 84 aff.
2240 4808 216 92 Apr.
2520 4808 100 84 2;
2688 4808 76 72 A
2828 4804 328 92 20778;
3228 4808 412 84 Century
3704 4828 132 64 co.

736 4916 28 96 (
776 4920 52 80 3
836 4916 384 96 0-9980)
4044 4916 232 84 3455

580 5076 384 124 Stone,
1024 5072 452 104 Arthur
1540 5068 676 132 Fairbanks,
2280 5084 256 96 1863
2540 5144 68 8 -

708 5224 236 100 The
996 5224 540 100 Vermont
1592 5220 124 104 of
1764 5224 372 132 today,
2196 5220 268 104 with
2520 5224 144 100 its
2724 5224 456 104 historic
3228 5224 756 132 background,
4044 5232 400 96 attrac-

576 5368 284 108 tions
936 5372 212 104 and
1224 5372 424 132 people,
1716 5372 144 132 by
1932 5372 436 104 Arthur
2436 5372 128 104 F.
2644 5372 336 108 Stone
3072 5376 72 112 …
3324 5372 268 104 New
3668 5372 352 136 York,
4084 5372 356 104 Lewis

572 5524 568 104 historical
1204 5516 644 140 publishing
1904 5556 572 100 company,
2532 5524 244 128 inc.,
2840 5528 292 100 1929.

708 5684 52 72 4
820 5704 56 56 v
888 5744 16 16 .
1020 5680 368 92 fronts.,
1448 5680 332 92 plates,
1844 5684 316 92 ports.,
2216 5680 160 80 fac
2384 5700 40 56 s
2432 5680 148 80 im.
2700 5680 564 84 27½ͨͫ.

708 5792 252 76 Vols.
1012 5792 164 72 1-2
1232 5792 184 72 and
1468 5788 56 76 3
1528 5788 108 76 -4
1692 5792 296 88 paged
2040 5788 688 96 continuously.

712 5896 668 96 Biographical
1428 5896 488 80 sketches:
1976 5920 84 60 v.
2112 5900 192 80 3-4.

588 6004 100 92 ©
740 6008 216 80 Feb.
1004 6008 80 92 1,
1132 6004 272 96 1930;
1460 6008 128 80 2c.
1640 6004 228 80 each
1916 6008 220 92 Apr.
2192 6008 96 88 1;
2348 6004 160 84 aff.
2560 6008 96 76 M
2664 6024 48 64 a
2728 6028 68 60 r.
2848 6008 52 76 2
2908 6012 56 72 5
2972 6028 32 64 :
3072 6012 72 76 A
3196 6008 332 96 21546;
3588 6012 304 80 Lewis
3944 6012 492 80 historical

720 6120 212 92 pub.
980 6140 48 56 c
1032 6136 56 60 o
1092 6176 48 32 .,
1192 6116 100 80 in
1296 6136 48 60 c
1352 6176 16 20 .
1496 6116 484 96 (30-9716)
4044 6116 232 84 3456

580 6276 372 120 Swan,
1012 6272 424 120 Joseph
1496 6272 600 124 Rockwell,
2160 6284 528 96 1802-188
2684 6276 64 92 4
2768 6364 20 16 .

704 6424 104 100 A
860 6420 448 104 treatise
1356 6456 140 68 on
1548 6424 188 100 the
1788 6424 264 100 laws
2104 6424 128 100 of
2288 6420 292 112 Ohio
2636 6424 640 136 pertaining
3328 6440 116 92 to
3496 6432 188 100 the
3736 6464 420 96 powers
4216 6428 220 104 and

572 6572 360 104 duties
1008 6572 128 104 of
1212 6572 216 104 and
1520 6572 480 132 practice
2076 6576 216 100 and
2376 6576 604 128 procedure
3056 6580 380 100 before
3520 6580 448 132 justices
4052 6580 128 100 of
4252 6584 188 104 the

584 6760 376 100 peace;
1032 6728 228 100 also
1320 6760 116 72 as
1496 6732 112 96 to
1672 6760 424 96 powers
2156 6728 216 104 and
2436 6724 352 108 duties
2856 6728 120 104 of
3036 6764 472 104 mayors,
3568 6732 576 112 marshals,
4204 6764 244 68 con-

568 6872 436 128 stables,
1056 6904 540 96 coroners,
1644 6880 464 96 trustees
2160 6872 128 104 of
2336 6872 648 132 townships,
3036 6884 232 128 etc.,
3324 6880 232 100 also
3608 6916 112 64 as
3772 6892 116 88 to
3944 6880 148 100 all
4148 6880 284 132 legal

568 7020 552 136 questions
1212 7024 248 96 that
1548 7020 624 136 ordinarily
2268 7024 280 100 arise
2640 7024 480 104 between
3220 7024 416 132 parties
3736 7028 116 104 in
3944 7028 492 104 business

568 7168 732 108 transactions
1360 7204 124 64 or
1536 7172 452 104 because
2048 7172 124 104 of
2232 7176 504 128 personal
2796 7176 560 136 relations,
3420 7180 644 132 containing
4124 7216 292 96 prac-

572 7320 260 104 tical
896 7316 348 104 forms
1304 7316 112 104 in
1484 7320 712 128 proceedings
2256 7324 116 100 in
2436 7324 256 100 civil
2760 7324 448 128 actions,
3276 7340 388 116 arrest,
3724 7328 712 124 attachment,

572 7468 660 100 arbitration
1284 7468 216 100 and
1548 7468 412 132 award,
2004 7468 532 136 replevin,
2584 7472 852 136 conveyancing,
3484 7484 588 124 contracts,
4116 7476 320 132 wills,
