4800 8268
376 688 532 124 Collings,
972 688 652 120 Ellsworth,
1688 688 332 104 1887-

512 836 700 132 Psychology
1292 836 184 104 for
1552 836 544 128 teachers;
2180 836 600 132 purposive
2852 832 564 132 behavior,
3492 832 184 104 the
3760 832 468 104 founda-

380 988 232 100 tion
676 984 128 104 of
860 988 544 132 learning,
1460 988 152 132 by
1676 984 604 100 Ellsworth
2348 980 504 136 Collings
2932 984 64 120 …
3112 980 220 104 and
3396 980 632 104 Milbourne
4096 976 100 108 O
4208 1060 20 24 .

376 1140 140 96 W
520 1136 288 104 ilson
856 1144 64 108 …
1096 1136 268 104 New
1412 1132 352 132 York,
1816 1132 484 132 Chicago
2336 1144 116 108 [e
2460 1144 48 88 t
2512 1168 120 92 c.]
2696 1128 92 108 C
2800 1212 20 20 .
2876 1128 608 108 Scribner's
3536 1168 48 64 s
3592 1164 64 64 o
3656 1164 128 68 ns
3868 1136 180 116 [ͨ19
4060 1132 124 96 30
4196 1192 24 64 ]

508 1316 240 80 xviii
808 1340 60 72 p
880 1380 40 28 .,
984 1316 56 80 2
1100 1320 32 72 l
1140 1376 44 32 .,
1248 1316 280 80 3-475
1592 1336 84 72 p.
1796 1316 32 76 i
1832 1320 68 72 ll
1912 1336 56 56 u
1976 1336 96 72 s.,
2140 1312 348 96 diagrs.
2608 1316 600 88 19½ͨū.

508 1448 804 96 Bibliographical
1376 1448 540 80 foot-notes.

376 1568 96 96 ©
532 1588 216 76 Feb.
804 1588 132 88 21,
996 1588 112 72 19
1108 1588 112 72 30
1240 1592 24 64 ;
1328 1584 128 80 2c.
1516 1588 216 76 Feb.
1784 1588 160 88 27;
2008 1604 48 56 a
2068 1584 96 80 ff.
2228 1584 212 80 Feb.
2500 1584 160 92 26;
2720 1584 84 76 A
2860 1584 328 92 19783;
3256 1584 392 80 Charles
3712 1580 456 80 Scribner'
4184 1604 40 56 s

504 1716 244 56 sons.
876 1692 324 92 (30-65
1208 1696 48 72 5
1268 1696 92 88 7)
3832 1688 228 80 1818

372 1876 652 100 Commerce
1080 1876 500 120 clearing
1628 1876 396 104 house.

508 2024 104 100 V
628 2108 16 20 .
740 2024 72 104 S
828 2112 16 16 .
928 2028 344 100 board
1356 2028 124 100 of
1556 2040 188 88 tax
1828 2064 348 92 appea
2188 2028 40 96 l
2236 2068 44 60 s
2368 2032 212 96 and
2672 2024 420 104 federal
3176 2040 308 88 court
3488 2064 48 68 s
3620 2024 404 108 service
4100 2028 64 112 …

372 2176 104 100 N
484 2212 156 64 ew
692 2176 348 112 York,
1096 2176 484 132 Chicago
1608 2180 288 112 [etc.]
1972 2176 156 104 Co
2136 2196 464 84 mmerce
2648 2176 488 132 clearing
3184 2180 372 108 house,
3604 2180 244 116 inc.,
3900 2180 52 64 4
3944 2180 52 96 1
4012 2180 52 92 9
4060 2176 64 92 2
4144 2180 88 96 9.

500 2360 48 76 5
608 2384 84 56 v.
800 2360 328 80 forms.
1240 2360 52 76 2
1300 2360 448 84 5ͨū
1448 2420 20 20 .

500 2492 288 80 Loose
852 2492 224 84 leaf.

376 2616 92 92 ©
544 2628 232 92 Aug.
852 2628 76 92 5,
1000 2628 272 92 1929;
1348 2628 128 76 2c.
1552 2628 228 76 each
1856 2632 228 88 Aug.
2164 2632 56 68 8
2244 2648 16 72 ;
2340 2648 52 56 a
2404 2628 96 80 ff.
2576 2628 232 92 Aug.
2884 2632 160 88 10;
3124 2632 76 72 A
3276 2632 328 88 11591;
3692 2632 68 76 C
3756 2656 60 52 o
3824 2652 184 52 mm
4016 2660 48 44 e
4072 2656 96 52 rc
4172 2652 48 56 e

508 2736 416 92 clearing
972 2736 316 92 house,
1344 2736 172 80 inc.
3836 2740 228 80 1819

376 2912 868 108 Contributions
1336 2932 112 92 to
1544 2924 188 100 the
1828 2920 428 136 history
2352 2924 124 104 of
2564 2924 448 132 science,
3104 2928 144 132 by
3340 2924 340 104 Louis
3780 2924 460 108 Charles

496 3068 112 96 K
616 3068 504 132 arpinski
1220 3072 68 112 …
1416 3064 216 108 and
1716 3072 304 104 John
2104 3072 456 104 Garrett
2644 3072 440 104 Winter
3168 3080 68 112 …
3476 3076 264 100 Ann
3820 3076 408 132 Arbor,

492 3216 656 136 University
1200 3220 124 100 of
1372 3220 612 132 Michigan,
2044 3228 288 96 1930.

500 3400 124 92 xi,
688 3400 160 80 283
916 3424 84 72 p.
1116 3400 316 88 front.,
1496 3400 276 96 illus.,
1832 3404 336 92 plates,
2236 3404 316 92 ports.,
2612 3404 420 80 facsims.
3084 3404 268 96 (part
3416 3404 384 96 double)
3880 3404 272 96 diagr
4156 3428 44 56 s
4208 3472 20 16 .

364 3504 476 88 28ͨū.
724 3508 28 96 (
772 3512 192 72 Hal
964 3504 80 84 f-
1052 3516 32 68 t
1100 3512 24 72 i
1136 3512 72 72 tl
1216 3532 88 56 e:
1372 3512 552 92 University
1996 3512 100 80 of
2176 3512 476 92 Michigan
2728 3512 384 80 studies.
3232 3512 604 80 Humanistic
3908 3516 316 80 series,

364 3620 144 76 vol
512 3648 20 44 .
596 3628 64 60 X
664 3616 84 96 I)

500 3756 260 76 Each
832 3760 212 88 part
1116 3760 204 76 also
1384 3760 492 88 published
1948 3760 560 88 separately,
2584 3756 220 80 1915
2876 3760 184 76 and
3128 3760 228 76 1916
3424 3760 640 92 respectively.

500 3892 68 76 C
572 3908 56 60 O
636 3912 316 56 NTENT
960 3912 44 56 S
1016 3892 276 96 .—pt.
1360 3908 64 60 I.
1488 3896 348 76 Robert
1904 3892 96 76 of
2064 3892 472 80 Chester's
2596 3892 284 76 Latin
2944 3892 576 80 translation
3580 3896 100 72 of
3740 3896 160 76 the
3964 3896 264 92 Alge-

368 4004 164 72 bra
592 4004 108 76 of
748 4024 48 56 a
808 4004 160 72 l-K
976 4004 60 72 h
1044 4024 52 56 o
1104 4024 84 56 w
1192 4024 48 56 a
1256 4000 268 76 rizmi
1588 4000 256 80 [with
1904 4024 120 52 an
2084 4000 668 92 introduction,
2816 4000 368 76 critical
3236 4004 272 76 notes
3564 4004 184 76 and
3812 3992 120 88 on
3992 4008 236 92 Eng-

364 4112 184 80 lish
616 4112 376 80 version
1064 4112 120 92 by
1252 4112 96 72 L.
1428 4112 96 80 C.
1596 4108 868 96 Karpinski]—pt.
2536 4124 36 60 I
2620 4168 24 20 .
2716 4112 192 76 The
2984 4112 556 92 prodromus
3612 4112 100 80 of
3780 4112 448 80 Nicolaus

372 4220 364 80 Steno's
812 4220 620 80 dissertation
1516 4220 556 92 concerning
2160 4240 48 56 a
2300 4220 240 76 solid
2624 4220 248 92 body
2952 4224 428 76 enclosed
3464 4220 120 92 by
3668 4244 372 72 process
4124 4224 104 76 of

364 4336 340 76 nature
780 4332 336 76 within
1192 4352 52 56 a
1324 4328 240 80 solid
1600 4352 16 56 :
1700 4352 116 56 an
1896 4328 388 92 English
2364 4328 376 80 version
2820 4328 232 80 with
3128 4348 120 60 an
3320 4328 644 80 introduction
4040 4336 188 72 and

364 4444 624 88 explanatory
1048 4444 268 72 notes
1356 4440 172 92 [by
1588 4440 60 76 J
1660 4500 16 16 .
1736 4436 104 80 G.
1904 4440 432 84 Winter]
2368 4436 232 80 with
2660 4460 52 56 a
2776 4436 472 80 foreword
3312 4444 116 88 by
3488 4444 140 76 W.
3692 4444 92 72 H
3796 4504 16 16 .
3876 4440 348 80 Hobbs.

364 4552 196 76 The
632 4552 436 92 writings
1144 4548 100 76 of
1328 4552 280 76 Steno
1708 4548 124 92 (p.
1912 4544 444 92 188-193)
2504 4544 680 96 Bibliography
3256 4548 104 76 of
3440 4552 156 76 the
3672 4552 556 92 prodromus

380 4660 128 92 (p.
560 4660 120 76 19
684 4660 52 72 4
740 4660 160 76 -20
904 4660 52 80 3
976 4656 28 92 )

376 4788 100 96 ©
540 4800 212 76 Jan.
812 4796 132 80 28.
1012 4796 268 80 1930;
1348 4796 132 76 2c.
1544 4796 212 76 Feb.
1824 4792 156 88 20;
2052 4792 156 76 aff.
2276 4792 212 80 Feb.
2556 4792 156 88 24;
2784 4792 76 76 A
2924 4792 332 96 18929;
3328 4792 484 80 Graduate
3880 4796 336 80 school.

504 4908 272 76 Univ.
832 4908 100 76 of
996 4904 488 92 Michigan.
1620 4900 484 96 (30-6614)
3828 4900 228 84 1820

376 5088 508 124 Cottrell,
948 5088 440 120 George
1440 5080 532 124 William,
2024 5084 48 132 j
2080 5120 80 68 r.

512 5240 460 104 Critical
1024 5240 364 132 guide,
1436 5236 548 132 prepared
2040 5236 176 100 for
2268 5236 188 100 the
2504 5236 360 104 Home
2912 5236 332 136 study
3296 5272 372 72 course
3716 5240 116 104 in
3884 5240 348 100 world

372 5392 604 128 literature,
1040 5392 336 100 based
1444 5420 136 68 on
1648 5388 188 100 the
1904 5384 580 108 Columbia
2556 5384 612 136 university
3236 5424 372 68 course
3676 5392 124 100 in
3860 5388 372 104 litera-

372 5556 272 116 ture,
700 5540 588 132 published
1340 5540 148 132 by
1540 5536 188 100 the
1784 5536 576 104 Columbia
2420 5536 616 136 university
3092 5576 336 92 press.
3572 5540 180 132 By
3808 5540 424 132 George

376 5692 168 108 W.
632 5692 504 128 Cottrell,
1216 5688 140 132 jr.
1456 5708 60 104 …
1644 5688 220 100 and
1940 5684 368 104 Hoxie
2388 5684 136 104 N.
2604 5684 580 104 Fairchild
3232 5716 60 104 …
3536 5684 268 108 New
3884 5692 348 132 York,

376 5840 576 108 Columbia
1012 5836 616 136 university
1684 5868 336 100 press,
2084 5840 292 100 1930.

500 6016 192 60 xxv
700 5996 96 92 ii,
852 5996 52 76 3
908 5992 108 80 78
1072 6012 112 76 p.,
1240 5992 52 76 1
1300 5996 60 84 l
1392 6052 16 16 .
1524 5988 536 92 22ͨū.

532 6132 212 76 Feb.
796 6132 76 76 4.
928 6128 268 88 1930;
1252 6128 128 80 2c.
1436 6124 216 76 Feb.
1704 6128 44 72 1
1764 6136 56 68 5
1836 6144 28 68 ;
1924 6124 152 76 aff.
2132 6124 216 76 Feb.
2408 6136 52 68 8
2484 6144 16 68 ;
2560 6124 76 72 A
2692 6124 112 76 19
2804 6124 48 72 5
2864 6124 104 76 83
3004 6144 16 72 ;
3080 6124 488 80 Columbia
3628 6128 240 80 univ.
3932 6148 280 76 press.

524 6236 480 96 (30-6663)
3828 6232 232 84 1821

380 6416 332 128 Cran,
772 6416 480 104 Marion.

512 6572 228 100 The
796 6572 296 128 lusty
1148 6568 180 132 pal
1348 6648 12 16 .
1520 6628 24 64 [
1556 6564 660 100 Instalment
2276 6572 88 100 3]

528 6728 96 84 (I
632 6748 60 52 n
740 6716 260 84 Good
1052 6712 716 100 housekeeping
1820 6712 536 100 magazine,
2408 6712 252 100 Dec.,
2720 6716 276 96 1929)

388 6852 92 88 ©
532 6860 48 72 1
580 6880 76 56 c.
712 6860 212 72 Jan.
972 6856 48 72 2
1032 6856 76 84 5,
1156 6856 112 72 19
1264 6856 112 76 30
1412 6876 12 64 ;
1480 6856 80 72 A
1612 6876 48 52 a
1672 6856 56 72 d
1780 6856 164 72 int.
1996 6852 108 76 13
2116 6864 56 68 5
2168 6852 156 88 18;
2380 6856 276 88 pubd.
2708 6856 232 76 Nov.
2992 6852 132 92 29,
3180 6856 272 92 1929;
3512 6856 288 76 Edith
3852 6864 100 72 M
3956 6860 264 76 arion

512 6968 120 80 Cr
644 6988 48 52 a
704 6988 84 60 n,
844 6964 524 92 Benenden,
1420 6964 276 88 Kent,
1752 6964 452 88 England.
3832 6964 228 84 1822

384 7152 376 116 Cross,
820 7144 352 104 Ruth.

508 7292 852 128 Enchantment,
1456 7324 60 64 a
1608 7288 320 100 novel
2020 7288 144 132 by
2252 7288 312 100 Ruth
2660 7288 328 104 Cross
3092 7296 76 108 …
3364 7292 504 132 London,
3956 7296 272 100 New

388 7444 300 100 York
756 7448 328 120 [etc.]
1088 7440 668 128 Longmans,
1812 7436 360 104 Green
2228 7436 220 100 and
2508 7472 188 92 co.,
2756 7444 296 96 1930.

508 7600 96 76 vi
612 7600 32 76 i
692 7624 112 72 p.,
856 7600 52 76 1
956 7600 36 76 l
1004 7660 44 28 .,
1100 7596 168 80 288
1316 7616 92 72 p.
1516 7596 600 88 19½ͨū.

2168 7696 64 96 2
2240 7692 60 104 7
2304 7692 64 96 7
