4752 8320
2112 7628 260 96 2093

272 668 436 120 Owens,
768 660 492 104 Richard
1320 656 1280 104 Norman-Continued

396 820 156 72 xiv
604 840 112 68 p.,
772 820 48 72 1
880 820 84 88 l.,
1020 812 164 76 221
1236 832 84 72 p.
1380 812 24 72 i
1416 832 56 52 n
1480 832 48 56 c
1528 812 32 72 l
1568 872 20 12 .
1648 808 324 80 tables.
2088 808 344 88 diagrs.
2488 804 92 92 (1
2644 800 276 92 fold.)
3052 796 556 104 19½ͨͫ
3312 856 12 16 .

396 924 428 80 Lettered
892 944 116 56 on
1072 940 320 60 cover:
1456 920 196 72 The
1720 916 448 76 Institute
2236 916 100 76 of
2396 908 512 80 economics
2976 908 100 76 of
3140 908 156 80 the
3368 900 520 92 Brookings
3956 904 128 72 in-

264 1032 460 76 stitution.

276 1124 96 88 ©
424 1144 220 88 May
688 1144 76 88 1,
808 1136 112 80 19
920 1136 112 80 30
1064 1156 12 72 ;
1128 1136 124 76 2c.
1304 1136 224 76 Nov.
1576 1132 156 88 20;
1784 1132 156 76 aff.
1992 1132 196 76 Oct.
2236 1132 156 84 11;
2444 1128 72 76 A
2572 1128 324 88 31147;
2952 1120 520 92 Brookings
3520 1116 568 80 institution.

428 1248 212 92 (30-
640 1248 112 76 33
756 1244 204 92 109)
3628 1220 44 84 1
3684 1220 52 84 3
3744 1220 172 84 457

272 1400 440 128 Parish,
788 1400 512 104 Chester.

400 1544 720 132 Advertising
1160 1544 224 104 real
1432 1552 368 124 estate,
1836 1540 144 132 by
2032 1540 448 104 Chester
2520 1532 428 104 Parish.
3060 1532 264 104 New
3372 1528 344 132 York,
3760 1528 328 100 Pren-

272 1696 560 108 tice-Hall,
884 1692 244 128 inc.,
1188 1696 284 96 1930.

400 1848 92 76 ix
508 1904 16 32 ,
580 1848 52 76 3
644 1848 44 76 8
696 1844 52 80 0
800 1864 80 76 p.
1000 1844 100 76 ill
1112 1864 160 56 us.,
1332 1840 152 80 dia
1496 1864 104 72 gr
1608 1904 16 16 .
1740 1840 48 76 2
1796 1840 104 84 3½
1964 1836 20 76 ͨͫ
1992 1868 24 48 .

284 1960 92 88 ©
440 1964 196 76 Oct.
688 1964 48 72 3
740 1964 80 84 1,
876 1960 104 72 19
984 1960 48 76 3
1044 1960 100 76 0;
1200 1960 52 72 2
1260 1980 72 56 c.
1388 1956 180 76 and
1624 1976 52 56 a
1688 1952 72 76 ff
1764 2020 20 4 .
1840 1952 168 76 Oct
2008 1988 24 48 .
2092 1952 52 72 2
2148 1952 60 72 0
2232 1972 16 68 ;
2312 1952 80 72 A
2444 1952 48 72 3
2500 1948 104 76 07
2612 1948 112 76 39
2752 1968 20 68 ;
2832 1948 716 88 Prentice-Hall,
3604 1944 96 76 in
3700 1964 44 68 c
3768 2004 12 16 .

432 2072 28 92 (
472 2072 52 76 3
532 2072 108 72 0-
644 2072 52 76 3
696 2068 164 76 283
868 2068 56 76 5
940 2068 24 88 )
3636 2048 284 84 13458

276 2192 660 124 Pasvolsky,
1004 2192 260 112 Leo,
1336 2200 328 92 1893-

408 2336 624 136 Bulgaria's
1100 2336 544 104 economic
1716 2332 512 132 position,
2296 2332 272 100 with
2640 2332 404 128 special
3116 2328 548 100 reference
3740 2336 108 92 to
3920 2324 180 104 the

276 2488 628 132 reparation
980 2488 488 128 problem
1544 2484 220 100 and
1836 2484 184 100 the
2096 2480 304 104 work
2476 2480 124 100 of
2668 2480 184 100 the
2928 2480 432 128 League
3440 2476 120 100 of
3636 2476 436 100 nations
4084 2552 20 36 ,

280 2636 136 132 by
476 2636 220 104 Leo
760 2632 636 132 Pasvolsky.
1532 2628 772 136 Washington,
2368 2628 108 100 D
2488 2708 20 20 .
2580 2624 156 132 C.,
2800 2624 236 104 The
3104 2620 624 136 Brookings
3796 2620 304 104 insti-

280 2796 36 88 t
328 2780 340 132 ution,
732 2788 288 96 1930.

408 2936 200 92 xiii,
660 2936 164 76 409
880 2956 80 72 p.
1076 2952 288 76 maps,
1424 2932 348 92 diagrs.
1884 2932 48 72 1
1940 2932 108 92 9½
2072 2932 92 76 ͨͫ.

412 3044 532 76 Half-title:
1020 3044 192 72 The
1280 3040 448 76 Institute
1800 3040 104 76 of
1968 3036 516 80 economics
2552 3032 100 80 of
2720 3036 160 76 the
2952 3032 516 92 Brookings
3540 3032 564 80 institution.

300 3140 92 92 ©
464 3156 224 76 Nov.
752 3152 56 72 2
812 3152 52 80 6
872 3212 16 32 ,
956 3148 108 76 19
1068 3148 112 76 30
1208 3172 16 68 ;
1296 3148 48 76 2
1348 3156 48 68 c
1408 3212 16 16 .
1492 3172 116 52 an
1628 3152 48 72 d
1740 3148 156 76 aff.
1964 3148 136 76 De
2104 3168 48 56 c
2164 3208 12 16 .
2244 3148 104 88 3;
2420 3148 80 72 A
2564 3148 48 76 3
2616 3144 168 76 099
2788 3144 56 76 5
2872 3164 20 72 ;
2964 3140 520 88 Brookings
3552 3140 568 80 institution.

456 3260 28 96 (
496 3264 48 76 3
556 3260 104 80 0-
664 3264 52 76 3
720 3260 56 80 3
780 3260 208 92 110)
3656 3248 48 80 1
3712 3248 52 80 3
3768 3248 172 80 459

288 3388 88 96 P
384 3416 60 68 o
452 3416 152 92 gg
612 3384 32 96 i
652 3416 60 68 o
724 3380 748 128 -Bracciolini,
1544 3388 620 100 1380-1459.

420 3536 232 100 The
716 3532 712 132 infallibility
1496 3532 124 100 of
1684 3532 188 100 the
1940 3532 304 132 Pope
2312 3540 116 92 at
2488 3532 188 100 the
2744 3528 456 104 Covncil
3268 3532 124 100 of
3464 3528 652 124 Constance;

288 3684 184 100 the
536 3684 264 100 trial
868 3680 124 104 of
1052 3680 120 104 H
1176 3716 72 68 v
1252 3720 80 92 s,
1396 3680 172 104 his
1636 3688 496 96 sentence
2200 3680 216 104 and
2488 3680 324 104 death
2888 3688 116 92 at
3068 3680 180 100 the
3320 3680 340 124 stake,
3728 3680 116 96 in
3908 3688 216 88 two

292 3836 372 96 letters
716 3832 144 132 by
916 3868 56 64 a
1032 3832 476 100 member
1564 3832 124 100 of
1740 3832 188 100 the
1984 3868 120 64 co
2112 3868 68 64 v
2184 3868 76 64 n
2260 3848 56 76 c
2324 3832 116 128 il,
2492 3832 228 100 Fra
2772 3828 524 132 Poggivs,
3356 3836 112 92 to
3528 3828 168 100 his
3760 3824 368 104 friend

296 3984 212 100 and
560 3980 448 104 brother
1060 3980 112 100 in
1228 3980 412 128 Christ,
1692 3980 580 104 Leonhard
2332 3980 444 104 Nikolai
2880 3980 68 120 …
3012 3976 224 104 this
3284 3976 284 104 book
3616 3976 200 104 has
3868 3976 260 100 been

296 4132 364 100 edited
700 4132 148 128 by
896 4132 296 100 Beda
1244 4164 212 68 von
1508 4132 528 100 Berchem
2056 4136 64 108 …
2356 4120 264 112 New
2660 4128 340 128 York,
3040 4124 120 108 C.
3200 4124 608 132 Granville,
3844 4132 284 92 1930.

424 4288 108 76 10
536 4288 52 76 3
624 4308 80 72 p.
824 4284 108 80 20
932 4284 116 80 ͨͫ.

424 4392 252 80 Title
720 4392 100 80 in
864 4392 276 80 black
1184 4396 188 76 and
1420 4396 192 76 red.

436 4504 276 76 "This
760 4504 260 88 book,
1064 4500 444 96 designed
1552 4504 120 92 by
1716 4508 100 72 T.
1868 4500 396 96 Spencer
2312 4504 156 76 Hu
2480 4508 36 72 t
2520 4524 168 56 son
2736 4500 232 80 with
3016 4524 48 56 a
3116 4504 476 92 title-page
3644 4504 52 76 d
3712 4520 256 56 rawn
4016 4500 120 92 by

300 4612 84 76 K
392 4616 316 72 arsten
776 4612 280 92 Stape
1064 4612 28 76 l
1096 4608 96 80 fe
1200 4612 28 76 l
1236 4616 124 84 dt,
1424 4612 168 76 has
1652 4612 228 76 been
1940 4616 136 72 set
2136 4612 96 76 in
2288 4612 356 76 Benedi
2652 4632 44 56 c
2700 4612 196 76 tine
2952 4612 172 76 boo
3128 4612 60 76 k
3244 4616 36 72 t
3288 4632 172 72 ype
3520 4612 180 76 and
3760 4608 372 96 printed

296 4740 112 56 on
460 4720 92 76 K
556 4720 32 76 i
592 4724 32 72 l
628 4740 264 72 mory
944 4720 188 76 laid
1184 4720 372 92 paper."

440 4828 248 80 "One
736 4828 424 76 hundred
1208 4828 504 76 numbered
1764 4828 332 92 copies,
2148 4828 500 92 especially
2696 4828 332 88 bound,
3080 4832 244 72 have
3368 4828 228 76 been
3648 4828 320 92 signed
4028 4828 108 76 by

304 4940 156 72 the
504 4936 328 88 editor,
884 4936 192 76 Bed
1088 4956 52 56 a
1188 4956 184 56 von
1416 4936 528 80 Berchem."
2048 4936 228 80 This
2324 4956 232 72 copy
2600 4940 368 72 neither
3016 4940 508 76 numbered
3568 4956 168 56 nor
3792 4932 344 96 signed.

436 5044 400 92 Imprint
892 5048 384 72 covered
1328 5044 116 92 by
1496 5048 296 72 label:
1856 5044 304 92 Alpha
2212 5048 240 76 book
2500 5064 476 72 company,
3032 5048 224 72 New
3308 5048 276 84 York,
3636 5044 116 76 19
3752 5048 52 76 3
3808 5048 76 76 0.

444 5152 436 76 "Printed
924 5152 152 76 for
1120 5156 156 72 the
1320 5148 204 84 first
1568 5152 252 92 time,
1860 5172 188 56 ann
2056 5176 48 56 o
2152 5152 376 80 Domini
2576 5156 44 72 1
2628 5156 52 72 5
2684 5156 52 72 2
2740 5156 48 76 3
2836 5160 108 72 at
2984 5156 544 88 Constance,
3564 5152 148 80 for
3760 5156 156 76 the
3960 5172 100 60 se
4056 5156 84 68 c-

308 5264 176 76 ond
532 5260 224 80 time
800 5280 244 60 anno
1096 5260 372 80 Domini
1520 5260 224 80 1846
1788 5268 100 72 at
1940 5264 588 88 Reutlingen,
2580 5264 396 92 printed,
3028 5264 148 76 for
3228 5264 160 76 the
3432 5264 256 76 third
3740 5264 252 88 time,
4040 5268 100 72 at

312 5368 264 80 Saint
624 5372 308 88 Louis,
984 5372 472 88 Missouri,
1508 5388 180 60 ann
1700 5392 52 56 o
1800 5372 372 76 Domini
2224 5372 160 76 187
2392 5372 48 76 5
2452 5432 16 28 ,
2520 5372 360 88 always
2920 5372 96 76 in
3068 5372 160 76 the
3276 5372 448 76 Teutonic
3780 5376 360 84 tongue.

312 5480 380 76 Printed
760 5480 96 76 in
920 5480 160 76 the
1140 5480 388 88 English
1592 5484 368 88 tongue,
2024 5480 152 76 for
2244 5484 160 72 the
2464 5480 44 76 f
2496 5480 24 76 i
2532 5484 136 72 rst
2732 5480 248 92 time,
3044 5480 96 76 in
3208 5484 160 72 the
3428 5500 224 72 year
3716 5480 100 76 of
3872 5496 276 72 grace

308 5588 104 76 19
416 5588 48 76 3
472 5588 56 76 0
572 5592 96 72 at
716 5588 228 76 New
992 5588 332 80 York."

444 5696 436 76 Lettered
932 5716 112 56 on
1092 5716 324 56 cover:
1484 5696 228 92 Hus,
1764 5700 160 72 the
1968 5696 380 88 heretic,
2396 5700 120 88 by
2564 5696 428 92 Poggius,
3044 5700 160 72 the
3252 5696 336 96 papist.

324 5780 96 88 ©
488 5804 224 76 Nov.
776 5804 132 88 10,
976 5804 40 76 1
1028 5804 172 76 930
1228 5828 12 56 ;
1312 5804 48 72 2
1372 5816 68 68 c.
1504 5828 52 52 a
1564 5808 124 72 nd
1752 5804 156 80 aff.
1976 5804 224 80 Nov.
2264 5804 156 92 14;
2492 5808 76 72 A
2632 5804 224 76 3077
2860 5804 52 76 5
2920 5824 40 72 ;
3032 5804 212 96 Alph
3240 5808 88 64 a
3396 5804 240 76 book
3696 5828 44 52 c
3748 5828 52 52 o
3808 5864 48 20 .,
3920 5804 228 76 New

456 5912 272 76 York.
864 5912 28 92 (
908 5912 48 76 3
964 5908 104 76 0-
1076 5912 52 76 3
1132 5912 112 76 28
1244 5912 108 76 55
1376 5916 28 92 )
3684 5912 284 80 13460

324 6036 296 124 Polo,
684 6040 416 124 Marco,
1172 6044 660 100 1254-1323?

444 6180 228 104 The
724 6184 404 104 travels
1180 6188 120 100 of
1348 6188 376 100 Marco
1780 6188 272 100 Polo
2108 6188 248 104 <the
2416 6188 604 108 Venetian>
3068 6188 360 108 edited
3488 6188 268 100 with
3816 6188 332 100 intro

320 6332 444 104 duction
832 6332 144 136 by
1044 6336 436 100 Manuel
1556 6336 460 100 Komrof
2020 6336 44 96 f
2064 6372 28 56 ,
2168 6336 724 104 illustrations
2964 6336 140 108 by
3176 6336 416 108 Witold
3672 6336 476 104 Gordon.

320 6480 224 104 The
600 6480 256 104 Kub
864 6480 28 100 l
912 6520 52 64 a
976 6480 32 104 i
1068 6484 332 100 Khan
1448 6484 160 100 ed.
1728 6484 264 104 New
2052 6484 336 132 York,
2440 6488 144 100 H.
2640 6488 580 128 Liveright
3280 6492 368 128 [ͨ1930]

456 6636 228 76 xxxi
692 6636 32 72 i
784 6656 108 72 p.,
956 6636 48 76 2
1072 6628 32 76 l
1108 6696 44 32 .,
1216 6636 52 80 3
1276 6620 220 96 -370
1552 6660 84 72 p.
1752 6640 312 84 front.,
2128 6640 68 76 il
2204 6644 28 72 l
2240 6660 164 72 us.,
2468 6644 324 88 plates.
2912 6632 208 100 24½
3136 6648 28 36 ͨͫ
3176 6704 12 16 .

460 6744 44 72 I
508 6744 500 80 llustrated
1068 6744 672 92 lining-papers
1800 6744 96 80 in
1956 6752 272 76 color.

336 6828 96 88 ©
484 6860 224 76 Nov.
760 6856 132 80 26,
940 6860 104 76 19
1052 6860 52 76 3
1112 6860 96 88 0;
1264 6860 48 76 2
1320 6860 44 68 c
1380 6924 12 16 .
1444 6860 80 76 D
1532 6884 48 52 e
1588 6884 44 52 c
1640 6924 20 12 .
1708 6860 48 76 3
1792 6884 16 52 ;
1860 6860 104 76 af
1936 6860 60 76 f
2004 6924 16 12 .
2068 6860 140 76 De
2212 6884 48 56 c
2268 6924 16 20 .
2332 6864 104 84 1;
2492 6864 76 72 A
2616 6860 56 80 3
2676 6860 268 88 2017;
3004 6864 364 76 Horace
3420 6864 276 76 Liver
3700 6860 32 76 i
3736 6860 116 88 gh
3864 6864 60 72 t.
3980 6864 172 76 inc.

472 6988 36 68 [
512 6964 88 92 ©
664 6968 64 76 il
736 6972 28 72 l
776 6968 512 76 ustrations
1352 6972 116 88 by
1528 6972 352 76 Witold
1940 6972 72 72 G
2020 6972 312 76 ordon]
2480 6968 24 96 (
2520 6972 52 76 3
2580 6968 108 76 0-
2692 6972 52 76 3
2744 6968 268 96 2916)
3696 6968 284 80 13461

332 7092 312 120 Reid,
712 7092 424 128 James,
1208 7100 324 100 1907-

460 7240 232 104 The
784 7240 204 104 life
1076 7244 124 100 of
1292 7236 380 108 Christ
1764 7244 112 100 in
1972 7248 552 100 woodcuts
2628 7308 24 68 [
2660 7244 144 132 by
2816 7308 20 68 ]
2948 7248 368 100 James
3412 7248 312 104 Reid.
3892 7248 264 100 New

348 7384 328 128 York,
728 7388 412 104 Farrar
1188 7392 88 100 &
1332 7388 572 132 Rinehart,
1956 7392 244 132 inc.,
2260 7400 284 96 1930.
