4752 8320
580 724 108 100 N
696 724 56 100 e
764 752 320 72 mcov
1092 728 52 92 i
1164 804 24 44 ,
1252 724 164 100 Bo
1420 720 56 100 z
1484 752 212 72 ena
1772 724 388 120 (Raku
2164 716 60 104 s
2232 716 1068 124 ana)-Continued

708 876 52 80 5
812 900 80 68 p.
948 880 84 88 l.,
1084 876 52 80 3
1140 876 228 76 -206
1416 896 80 72 p.
1556 880 24 72 i
1592 900 60 52 n
1660 896 44 56 c
1712 876 28 72 l
1748 936 16 16 .
1820 876 64 76 il
1896 876 96 76 lu
1996 896 44 56 s
2052 932 40 32 .,
2152 872 328 96 plates.
2600 876 168 80 col.
2820 872 288 84 front.
3224 872 108 80 23
3344 872 48 96 1
3416 876 88 76 -.

592 992 92 88 ©
768 1016 192 76 Oct.
1036 1016 48 72 2
1092 1016 80 88 4,
1236 1012 116 76 19
1352 1012 116 76 30
1496 1036 16 68 ;
1588 1012 52 76 2
1648 1036 48 52 c
1704 1076 16 16 .
1788 1012 232 80 Nov.
2092 1012 100 88 6;
2272 1008 88 80 af
2360 1008 36 76 f
2416 1076 12 16 .
2504 1012 228 76 Nov.
2800 1012 108 88 4;
2984 1008 84 80 A
3132 1008 332 92 30435;
3544 1012 100 76 E.
3724 1012 96 76 E.
3900 1012 520 92 Ledbetter,

724 1124 524 84 Cleveland.
1388 1120 540 88 (30-30199)
3960 1112 284 84 12178

584 1360 648 124 Nicholson,
1292 1364 512 120 Kenyon,
1864 1364 160 104 ed.

712 1508 668 132 Hollywood
1452 1508 368 132 plays;
1892 1508 388 104 twelve
2352 1520 428 92 one-act
2848 1508 316 132 plays
3240 1504 292 104 from
3600 1508 184 104 the
3860 1520 568 120 repertory

576 1656 124 104 of
796 1660 180 100 the
1068 1656 512 104 Writers'
1680 1656 248 104 club
2028 1656 124 100 of
2248 1656 704 132 Hollywood,
3056 1652 664 132 California,
3820 1656 364 104 edited
4284 1656 144 136 by

580 1804 468 136 Kenyon
1100 1804 628 100 Nicholson.
1876 1808 268 96 New
2196 1804 348 132 York,
2592 1808 216 100 Los
2860 1804 512 136 Angeles,
3432 1804 112 108 S.
3596 1804 488 132 French;
4140 1804 288 100 Lon-

576 1952 252 132 don,
892 1952 108 108 S.
1064 1952 464 132 French,
1584 1952 236 132 ltd.,
1884 1960 288 96 1930.

708 2132 88 72 x,
848 2108 56 80 3
912 2108 104 76 12
1076 2132 80 68 p.
1272 2108 108 76 21
1408 2112 44 44 -
1480 2168 16 20 .

712 2240 132 80 Co
848 2248 76 68 N
920 2264 108 56 TE
1060 2248 100 72 NT
1208 2248 44 68 s
1224 2308 16 12 .
1248 2244 296 76 -Ace
1604 2240 80 80 is
1740 2248 464 88 trumped,
2260 2240 120 92 by
2440 2240 116 84 H.
2616 2240 120 84 H.
2800 2240 604 84 Stinson.-A
3472 2244 324 92 simple
3860 2248 228 84 soul,
4148 2248 120 88 by
4328 2244 100 80 V.

580 2344 596 84 Smith.-On
1252 2348 160 80 the
1488 2368 272 60 razor
1832 2356 252 88 edge,
2160 2348 116 96 by
2356 2352 104 76 R.
2544 2352 920 92 Hughes.-Private
3548 2352 308 92 Jones,
3940 2352 120 92 by
4136 2352 100 76 E.
4320 2356 108 76 R.

580 2456 636 92 Schayer.-A
1288 2464 308 84 pound
1672 2460 100 76 of
1844 2456 64 76 fl
1912 2460 192 88 esh,
2176 2460 124 88 by
2372 2460 100 76 T.
2552 2456 76 80 J.
2712 2456 824 96 Geraghty.-The
3608 2480 176 72 cup
3860 2464 108 76 of
4040 2460 196 92 life,
4308 2460 124 92 by

580 2564 408 80 Frances
1048 2564 596 80 Marion.-A
1708 2568 208 76 bird
1976 2564 92 80 in
2128 2572 160 76 the
2348 2568 280 92 hand,
2692 2568 116 92 by
2872 2568 104 80 E.
3040 2568 100 76 P.
3204 2564 600 84 Heath.-To
3864 2568 152 80 die
4076 2564 240 84 with
4372 2588 56 60 a

580 2672 288 96 smile,
972 2672 120 92 by
1188 2672 468 80 Madeline
1756 2672 940 84 Blackmore.-Miss
2792 2676 384 92 Baxter,
3280 2676 120 96 by
3500 2676 344 80 Maude
3944 2680 488 76 Fulton.-

576 2780 368 80 Twelve
996 2780 320 80 before
1368 2784 288 88 three,
1712 2780 116 92 by
1884 2780 100 84 T.
2040 2780 80 84 J.
2176 2784 76 72 A
2268 2780 64 76 h
2328 2780 760 96 earn.-Semper
3140 2784 60 76 fi
3208 2784 260 92 delis,
3528 2788 116 88 by
3700 2788 108 76 A.
3860 2788 108 76 A.
4028 2784 408 80 Cohn.-

576 2888 496 96 Troupers,
1132 2888 120 92 by
1312 2892 288 88 Patsy
1660 2888 100 80 G.
1824 2896 484 88 Ingersoll.

596 3028 96 88 ©
748 3028 224 92 July
1024 3028 132 92 24,
1212 3028 48 76 1
1264 3028 172 76 930
1460 3052 20 68 ;
1536 3028 104 76 2c
1652 3092 12 16 .
1724 3032 216 84 July
1996 3028 160 92 29;
2216 3028 156 80 aff.
2428 3032 232 92 Aug.
2716 3032 156 92 14;
2932 3032 84 72 A
3064 3028 332 92 26680;
3460 3032 372 80 Samuel
3892 3032 388 80 French.

740 3136 212 92 (30-
956 3140 48 76 3
1012 3136 272 96 0195)
3968 3140 288 80 12179

584 3348 504 100 Nuestra
1156 3368 296 84 raza:
1532 3352 280 100 libro
1872 3352 604 100 manuscrit
2480 3388 60 60 o
2556 3432 16 16 .
2720 3352 100 100 R
2824 3388 56 64 e
2964 3388 80 96 s,
3112 3352 380 132 Spain,
3560 3352 556 100 Editorial
4176 3352 260 104 His-

724 3500 988 132 pano-americana,
1780 3508 284 96 1928.

720 3660 48 72 1
840 3676 84 60 v.

596 3788 92 88 ©
744 3796 228 76 Nov.
1024 3796 44 72 1
1080 3792 48 76 0
1136 3852 16 32 ,
1204 3796 44 72 1
1260 3788 104 84 92
1372 3792 56 80 5
1456 3812 16 72 ;
1528 3796 48 72 l
1572 3804 80 68 c.
1708 3796 212 88 Apr.
1972 3788 48 80 2
2028 3792 52 76 0
2088 3856 16 28 ,
2156 3792 160 76 192
2324 3792 56 76 9
2408 3812 20 72 ;
2480 3792 600 92 A-Foreign
3128 3796 276 88 3166;
3460 3796 464 76 Editorial
3980 3796 180 76 His
4164 3812 184 76 pan
4352 3816 52 56 o
4412 3840 32 8 -

724 3900 560 80 americana.
3980 3904 288 80 12180

584 4108 540 124 Nutting,
1180 4112 492 100 William
1728 4112 688 108 Washburn.

720 4256 232 100 The
1032 4256 312 100 track
1416 4256 124 100 of
1612 4260 184 100 the
1872 4256 716 136 "Typhoon",
2664 4260 144 132 by
2884 4260 500 104 William
3456 4260 632 108 Washburn
4164 4260 276 104 Nut-

588 4404 244 136 ting
896 4404 68 120 …
1116 4404 584 104 Memorial
1744 4408 164 100 ed.
2020 4408 316 104 With
2384 4448 136 64 an
2572 4412 752 128 appreciation
3376 4412 140 136 by
3568 4412 412 108 Gerald
4032 4412 412 132 Taylor

588 4556 400 104 White.
1112 4556 268 100 New
1436 4556 340 132 York,
1832 4560 368 100 Motor
2256 4556 288 108 boat.
2604 4568 292 96 1930.

724 4716 260 92 xviii,
1072 4716 164 80 270
1324 4740 84 68 p.
1520 4716 316 92 front.,
1920 4716 280 92 illus.,
2288 4724 328 88 plates,
2708 4728 312 84 ports.,
3112 4740 260 76 maps
3428 4720 96 92 (1
3604 4724 388 92 double)
4092 4724 348 96 diagrs.

588 4820 280 88 21J-.

724 4936 412 76 "Second
1200 4932 440 96 printing,
1704 4932 220 80 1922
1984 4932 56 88 …
2152 4936 60 76 fi
2220 4936 152 76 fth
2432 4936 444 92 printing,
2940 4936 304 80 1930."

672 5072 28 88 )
752 5076 72 76 O
832 5080 116 72 ct.
996 5072 108 76 23
1116 5132 16 32 ,
1184 5076 44 72 1
1240 5072 168 76 930
1440 5092 16 68 ;
1508 5076 52 68 2
1564 5080 76 68 c.
1696 5072 196 76 Oct.
1940 5072 160 88 27;
2160 5072 160 80 aff.
2372 5072 196 76 Oct.
2620 5072 160 88 28;
2836 5072 80 76 A
2968 5072 164 80 301
3140 5072 56 76 0
3196 5072 100 88 5;
3356 5076 188 80 Nat
3552 5080 28 72 l
3580 5108 20 44 .
3664 5080 276 76 trade
3984 5080 456 92 journals,

736 5184 200 92 inc.,
992 5184 220 76 New
1276 5184 272 76 York.
1672 5220 20 60 [
1716 5164 80 96 ©
1860 5188 52 64 a
1924 5204 60 52 n
2036 5180 644 96 appreciation
2736 5184 100 80 of
2892 5184 152 76 the
3104 5184 348 80 author

760 5284 540 104 (30-30104)
3980 5292 280 84 12181

596 5500 352 124 Olrik,
1016 5504 324 124 Axel,
1416 5508 624 100 1864-1917.

720 5648 428 132 Viking
1200 5648 704 136 civilization,
1960 5652 140 132 by
2164 5652 276 100 Axel
2496 5656 52 88 (
2600 5652 40 96 l
2644 5652 208 132 rik,
2904 5652 420 104 revised
3384 5656 292 104 after
3732 5656 176 104 the
3964 5656 480 104 author's

592 5800 328 100 death
984 5800 144 132 by
1192 5800 316 104 Hans
1576 5800 580 104 Ellekilde.
2288 5804 272 100 New
2628 5804 344 132 York,
3036 5804 232 104 The
3336 5804 1104 112 American-Scandi-

592 5948 404 100 navian
1060 5948 716 132 foundation;
1840 5948 176 104 IV.
2080 5948 168 104 W.
2312 5952 428 100 Norton
2804 5956 88 100 &
2952 5988 572 100 company,
3588 5956 208 104 inc.
3868 5964 204 120 [19
4080 5964 128 96 30
4220 6024 24 64 1

724 6104 52 72 5
828 6128 80 68 p.
972 6108 24 72 l
1012 6164 44 28 .,
1112 6104 280 76 3-246
1444 6120 84 76 p.
1640 6104 316 92 front.,
2008 6104 332 92 plates.
2452 6104 52 76 2
2516 6108 96 92 11
2720 6168 16 20 .
2860 6148 20 56 [
2892 6108 696 80 Scandinavian
3652 6112 44 68 c
3700 6100 328 92 lassics

728 6236 248 80 "The
1052 6236 392 92 English
1520 6240 372 76 version
1968 6240 368 80 follows
2416 6240 160 80 the
2652 6240 368 80 Danish
3096 6244 356 80 edition
3532 6248 104 76 of
3716 6248 216 76 1927
3996 6240 56 88 …
4248 6252 196 80 The

592 6348 572 76 translation
1224 6348 80 76 is
1364 6348 156 76 the
1580 6348 264 76 work
1904 6348 108 80 of
2068 6348 492 80 Professor
2624 6348 288 80 Jacob
2980 6352 440 80 Wittmer
3484 6356 536 80 Hartmann
4084 6348 60 88 …
4256 6364 184 76 and

600 6452 340 76 Hanna
996 6452 360 88 Astrup
1416 6452 1028 80 Larsen."-Editorial
2504 6464 244 72 note.

728 6560 716 96 Bibliography:
1520 6584 84 72 p.
1672 6564 416 80 237-242.

776 6704 200 76 Oct.
1040 6700 132 92 23,
1236 6700 272 92 1930;
1576 6704 132 76 2c.
1776 6704 196 76 Oct.
2036 6704 160 88 22;
2264 6704 160 80 aff.
2492 6704 196 76 Oct.
2756 6704 156 92 29;
2984 6708 80 72 A
3128 6708 112 80 29
3240 6708 84 80 60
3352 6712 104 88 4;
3528 6712 900 80 American-Scandi-

740 6812 348 76 navian
1136 6812 588 76 foundation.
1860 6812 96 92 (3
1964 6812 56 72 0
2020 6824 44 44 -
2076 6812 324 92 30010)
3980 6820 296 80 12182

604 7016 368 124 Olsen,
1032 7020 460 100 Mahlon
1552 7020 648 124 Ellsworth,
2264 7028 328 100 1873-

740 7168 232 100 The
1076 7164 604 136 Carpenter
1776 7168 128 104 of
1996 7172 592 132 Nazareth,
2684 7172 148 136 by
2924 7176 156 104 M.
3180 7176 600 104 Ellsworth
3884 7176 340 112 Olsen
4276 7172 64 112 …

612 7316 488 104 Takoma
1152 7320 332 128 Park,
1532 7320 772 132 Washington,
2356 7324 140 104 D.
2548 7320 160 136 C.,
2756 7328 444 100 Review
3252 7328 216 100 and
3520 7328 384 104 herald
3960 7328 492 136 publish-

608 7464 192 136 ing
872 7504 276 68 assn.
1236 7504 44 92 [
1312 7476 188 96 193
1508 7476 96 120 01

740 7624 56 76 2
848 7644 84 72 p.
992 7620 88 96 l.,
1136 7624 280 80 7-126
1472 7648 84 76 p.
1668 7624 224 84 18".

2396 7744 264 96 1884
