4752 8320
400 724 436 120 Piquet,
904 716 540 104 Victor-
1452 716 84 104 C
1544 712 524 104 ontinued

544 872 224 80 "Bib
776 880 32 72 l
812 872 424 96 iographi
1244 884 52 60 c
1300 868 104 76 ":
1460 892 84 68 p.
1576 868 152 92 [xi
1736 868 28 72 i
1776 868 28 72 i
1812 904 40 56 ]
1848 908 52 12 -
1904 864 92 76 xi
2008 888 80 56 v.

420 1008 88 88 ©
588 1012 140 88 Ap
732 1028 48 56 r
788 1072 12 16 .
872 1020 32 76 l
928 1012 76 76 u,
1080 1004 32 72 1
1132 1004 52 72 9
1188 1004 108 72 30
1328 1024 16 68 ;
1420 1004 36 72 1
1476 1024 72 56 c.
1624 1016 96 68 M
1720 1024 116 68 ay
1908 1000 156 72 16:
2144 996 376 76 A-For
2496 1020 60 60 e
2576 992 160 88 ign
2808 992 268 112 7560;
3160 992 88 72 M
3256 1012 116 52 ax
3452 992 316 84 Lecler
3764 1020 52 60 e
3888 988 72 76 &
4056 988 60 88 ci
4120 1008 48 52 e
4176 1044 44 20 ..

548 1120 68 72 P
628 1136 40 56 a
688 1132 48 60 r
736 1120 28 72 i
776 1136 68 56 s.
980 1112 208 96 (30-
1192 1116 48 72 1
1248 1112 268 92 9300)
3816 1096 52 76 8
3876 1092 52 80 0
3940 1096 48 76 2
4000 1096 48 76 3

400 1304 460 116 Proper,
920 1300 264 100 Mrs.
1240 1296 204 100 Ida
1500 1288 624 124 Sedgwick.

540 1448 660 128 Monhegan,
1276 1448 180 96 the
1532 1444 364 100 cradle
1976 1444 116 96 of
2172 1440 260 100 New
2516 1436 552 132 England,
3144 1440 144 128 by
3364 1436 208 100 Ida
3656 1428 576 120 Sedgwick

408 1604 448 128 Proper.
1000 1596 572 128 Portland,
1636 1592 248 128 Me.,
1948 1588 232 100 The
2248 1588 708 108 Southworth
3024 1620 336 96 press,
3424 1588 288 96 1930.

544 1772 120 56 xv
664 1740 32 80 i
708 1752 32 76 i
748 1812 16 32 ,
812 1752 168 76 275
1028 1772 108 68 p.,
1188 1748 48 72 1
1284 1752 60 72 1.
1456 1748 316 88 front.,
1824 1744 272 88 illus.,
2152 1748 328 84 plates.
2592 1744 476 88 21ͨͫ.

552 1888 176 76 "Of
800 1884 188 76 this
1064 1884 232 76 book
1372 1880 220 76 1000
1668 1880 304 92 copies
2044 1880 240 72 have
2356 1880 220 72 been
2656 1876 372 88 printed
3104 1876 48 72 b
3164 1896 52 68 y
3296 1876 240 72 Fred
3612 1872 596 76 Anthoensen
4220 1932 16 28 ,

412 1996 196 72 The
660 1992 492 80 Southwor
1160 1996 100 72 th
1312 2008 288 72 press,
1656 1988 476 88 Portland,
2188 1984 392 76 Maine."

548 2096 796 96 Bibliographical
1404 2096 532 76 foot-notes.

432 2232 96 96 ©
588 2240 220 88 July
868 2236 72 84 1,
1004 2232 100 76 19
1112 2232 104 76 30
1236 2252 32 60 ;
1332 2236 124 72 2.
1520 2236 180 72 and
1764 2256 48 56 o
1824 2228 96 76 ff.
1984 2228 224 88 Aug.
2272 2228 100 84 4;
2440 2224 76 76 A
2572 2224 216 76 2650
2796 2228 60 72 6
2880 2244 16 68 ;
2964 2228 68 84 1.
3104 2224 84 76 S.
3252 2224 372 92 Proper,
3688 2240 156 68 Mo
3844 2224 180 72 nhe
4028 2240 60 68 g
4088 2240 140 72 an.

564 2344 164 76 ale.
868 2344 324 92 (30-20
1252 2344 52 68 5
1308 2344 96 88 4)
3828 2328 232 80 8024

416 2528 92 116 Q
520 2532 388 92 uarter
916 2524 32 96 l
956 2560 72 84 y
1104 2564 56 60 c
1168 2564 64 60 u
1236 2564 68 60 n
1324 2524 128 100 da
1468 2524 216 100 tive
1768 2524 248 96 inde
2028 2556 64 64 x
2172 2520 480 100 medicus
2740 2532 68 104 …
3000 2552 92 68 v.
3180 2520 60 96 7
3248 2516 996 132 ,January-June,

552 2688 52 92 1
616 2684 196 96 930
820 2760 16 16 .
984 2672 520 132 Chicago,
1568 2672 584 100 American
2224 2672 460 96 medical
2756 2668 644 100 association
3480 2732 24 64 l
3560 2672 256 92 1930
3820 2732 28 64 1

560 2836 220 76 1374
836 2852 80 72 p.
1032 2828 896 88 26½ͨͫ.

440 2964 92 88 ©
592 2968 244 92 Sept.
896 2976 40 68 2
944 3028 20 28 ,
1020 2964 268 88 1930;
1400 2976 120 88 2c.
1532 2984 48 56 a
1592 2968 120 76 nd
1768 2984 48 56 a
1832 2960 96 80 ff.
1988 2960 112 76 Se
2108 2968 124 84 pt.
2296 2972 52 68 6
2372 2980 16 68 ;
2452 2960 76 72 A
2580 2956 328 92 28082;
2968 2960 304 84 Amer.
3332 2960 388 72 medical
3780 2976 248 56 assn.

3844 3064 172 80 802
4024 3064 44 76 5

416 3176 380 128 Reith,
856 3176 468 120 George.

560 3324 520 104 Contract
1156 3320 504 132 bidding,
1732 3320 144 128 by
1952 3316 428 136 George
2456 3320 328 100 Reith
2848 3324 68 120 …
3132 3316 420 136 Handy
3632 3320 384 128 pocket
4096 3320 156 100 ed.

428 3476 260 104 New
736 3472 344 124 York,
1128 3472 232 100 The
1408 3472 296 100 John
1756 3472 252 128 Day
2056 3500 536 96 company
2652 3532 24 64 [
2732 3472 288 124 19301

552 3632 48 80 3
608 3636 76 88 7,
736 3636 80 92 [2
824 3668 20 60 ]
892 3652 84 72 p.
1092 3632 48 72 1
1148 3628 780 100 6½ͨͫ.

440 3720 96 80 ©
588 3764 224 92 July
856 3768 136 80 22,
1040 3716 268 140 1930;
1360 3764 128 80 2c.
1536 3764 228 88 Aug.
1816 3764 156 88 13;
2028 3760 156 76 aff.
2236 3760 228 92 Aug.
2516 3760 100 88 2;
2672 3760 80 76 A
2796 3760 52 72 2
2856 3760 268 92 0634;
3184 3760 100 76 G.
3340 3760 304 92 Reith,
3696 3712 224 124 New
3976 3760 272 76 York.

592 3872 536 96 (30-21305)
3844 3864 176 80 802
4028 3868 48 76 6

428 4052 300 124 Rice,
784 4052 380 104 Elmer
1220 4052 336 120 Cook,
1616 4064 328 92 1868-

568 4208 228 100 The
868 4208 492 100 national
1432 4208 520 96 standard
2032 4208 336 124 squab
2436 4200 312 132 book,
2820 4204 144 132 by
3036 4204 372 100 Elmer
3480 4200 120 108 C.
3672 4200 260 104 Rice
4020 4208 68 108 …
4200 4240 60 64 a

428 4356 528 132 practical
1032 4356 444 100 manual
1556 4352 388 136 giving
2020 4356 528 128 complete
2632 4356 212 100 and
2928 4352 404 132 precise
3416 4352 588 104 directions
4084 4356 176 96 for

428 4512 180 96 the
676 4508 684 100 installation
1428 4508 216 96 and
1712 4512 756 124 management
2540 4504 120 100 of
2728 4536 60 64 a
2856 4504 588 100 successful
3512 4504 336 128 squab
3920 4504 336 128 plant.

432 4656 328 104 Facts
864 4656 288 96 from
1260 4656 680 128 experiences
2044 4656 120 96 of
2264 4688 332 100 many
2648 4656 60 108 …
2932 4652 620 104 illustrated
3656 4652 272 100 with
4028 4688 232 64 new

432 4808 488 100 sketches
968 4808 216 100 and
1232 4804 248 100 half
1528 4816 248 88 tone
1824 4808 352 124 plates
2228 4804 292 100 from
2576 4804 756 128 photographs
3380 4804 520 132 specially
3952 4800 312 104 made

440 4960 176 100 for
676 4956 220 104 this
956 4956 328 100 work.
1432 4952 696 132 Cambridge,
2188 4952 364 128 Mass.,
2612 4952 232 100 The
2904 4952 460 136 Murray
3428 4952 500 132 printing
3988 4988 280 64 com-

440 5144 292 96 pany
792 5112 224 120 [193
1028 5112 64 92 0
1096 5168 28 64 1

572 5264 52 72 2
668 5280 84 72 p.
800 5260 84 88 1.,
940 5256 112 80 9-
1056 5260 48 76 4
1112 5256 108 80 16
1264 5276 60 72 p
1324 5288 20 40 .
1460 5256 288 80 front.
1808 5256 328 92 (port.)
2204 5256 248 76 illus.
2564 5256 224 80 20-.

576 5392 612 92 "Fifty-third
1248 5388 436 80 edition."

460 5520 92 88 ©
612 5528 244 76 June
912 5528 72 88 1,
1044 5524 104 76 19
1156 5524 112 80 30
1296 5544 16 72 ;
1372 5528 52 72 2
1432 5544 72 60 e.
1560 5528 144 72 Au
1712 5544 56 72 g
1776 5588 12 12 .
1852 5524 48 76 6
1932 5544 20 56 :
2016 5544 48 56 a
2076 5524 96 76 ff.
2232 5524 228 88 Aug.
2520 5528 48 72 5
2604 5544 16 68 ;
2684 5528 80 72 A
2820 5528 48 72 2
2876 5528 168 72 586
3044 5528 104 88 1;
3212 5528 100 76 E.
3376 5536 92 68 C.
3536 5528 244 88 Rice,
3844 5528 340 76 Melros
4188 5544 48 56 e
4244 5588 16 28 ,

584 5664 100 68 M
684 5660 180 56 ass.
984 5672 20 60 [
1024 5660 88 80 ©
1188 5656 56 52 n
1260 5672 40 60 e
1308 5660 80 52 w
1456 5636 460 104 material]
2060 5632 536 92 (30-21099)
3860 5628 228 84 8027

444 5816 264 104 Rice
764 5816 676 100 foundation
1500 5816 468 120 society.

576 5964 260 104 Rice
912 5964 660 104 foundation
1640 5964 440 128 society,
2152 5964 488 104 founded
2712 6000 64 64 A
2792 6048 16 20 .
2892 5992 52 64 0
2960 6048 16 16 .
3056 5972 184 96 193
3252 5972 60 96 0
3380 5964 148 132 by
3600 5968 96 100 E
3704 5964 36 96 l
3748 5968 308 100 wood
4132 5968 120 92 E.

444 6112 292 128 Rice,
784 6152 64 60 L
856 6148 88 68 L.
1052 6140 28 56 )
1076 6196 52 44 .,
1184 6124 112 88 to
1348 6108 264 104 imm
1624 6148 60 64 o
1688 6112 380 100 rtalize
2124 6116 176 96 the
2356 6116 560 96 character
2972 6116 212 100 and
3244 6116 180 100 the
3480 6116 788 100 achievements

444 6260 124 96 of
628 6272 308 120 great
996 6296 244 64 men
1296 6264 244 96 who
1600 6264 272 96 have
1932 6260 280 100 built
2276 6264 216 96 and
2556 6296 180 64 are
2796 6260 512 132 building
3368 6264 176 96 the
3612 6276 292 116 prest
3916 6264 24 80 i
3960 6300 128 92 ge
4148 6264 120 100 of

444 6444 200 64 our
716 6420 492 120 country,
1288 6444 116 64 as
1480 6444 48 64 a
1544 6448 72 64 n
1696 6408 660 132 inspiration
2436 6408 216 100 and
2732 6408 536 100 incentive
3348 6420 116 92 to
3544 6420 428 120 present
4052 6416 208 96 and

468 6556 368 100 future
880 6560 720 128 generations.
1716 6556 264 100 New
2028 6556 344 128 York,
2420 6556 260 100 Rice
2732 6556 660 100 foundation
3444 6560 404 124 society
3908 6560 356 124 119301

580 6712 108 76 29
744 6736 76 68 p.
936 6716 312 84 front.,
1308 6716 296 88 plates
1660 6716 92 80 (1
1808 6712 380 92 double)
2256 6720 236 84 port.
2604 6716 108 76 47
2740 6720 36 36 "
2812 6776 16 16 .

588 6820 588 80 Cover-title:
1240 6820 512 80 Character
1812 6824 180 76 and
2056 6824 632 76 achievement
2752 6824 704 76 immortalized.

600 6928 448 80 "Limited
1116 6936 112 72 de
1288 6932 220 76 luxe
1572 6932 348 76 edition
1988 6932 100 76 of
2152 6932 300 76 which
2524 6932 188 76 this
2780 6932 76 76 is
2928 6956 224 68 copy
3224 6936 380 72 number
3684 6932 72 72 D
3792 6976 44 8 -
3880 6932 332 76 -leven.

596 7036 444 80 CoNTENT
1048 7060 44 56 S
1104 7040 700 92 .-Conception
1872 7040 184 76 and
2124 7060 400 72 purpose
2592 7044 104 72 of
2756 7044 160 72 the
2980 7044 224 72 Rice
3272 7044 556 72 foundation
3896 7064 100 52 so
4004 7064 44 56 c
4056 7044 212 88 iety,

456 7144 112 88 by
628 7148 100 76 E.
792 7148 100 76 E.
956 7148 364 76 Rice.-
1324 7148 92 76 H
1420 7148 132 76 all
1608 7148 100 76 of
1764 7148 488 76 character
2312 7152 184 72 and
2556 7152 244 76 state
2868 7172 300 52 rooms
3232 7152 100 76 of
3388 7156 160 72 the
3604 7152 224 76 Rice
3888 7152 384 76 founda-

460 7248 188 80 tion
712 7256 908 88 society.-Emblem
1680 7256 100 76 of
1836 7260 156 72 the
2052 7256 224 76 Rice
2332 7256 560 80 foundation
2952 7260 700 92 society.-Elw
3660 7280 48 60 o
3716 7260 108 72 od
3892 7260 72 72 E
3976 7320 12 16 .
4056 7260 216 72 Rice

460 7364 180 72 and
680 7364 240 76 .Rice
976 7364 364 76 leaders
1404 7364 100 76 of
1556 7364 160 76 the
1772 7364 292 76 world
2124 7384 208 56 asso
2360 7368 48 60 c
2392 7364 640 76 iation.-The
3088 7368 268 76 heart
3420 7368 104 76 of
3584 7372 152 72 the
3796 7368 316 76 world.

480 7460 96 100 O
640 7472 240 76 June
940 7476 72 80 7,
1080 7472 268 88 1930;
1412 7472 52 76 2
1468 7488 44 56 c
1528 7536 12 16 .
1604 7476 184 72 and
1852 7492 52 56 a
1912 7472 96 76 ff.
2076 7476 220 88 July
2360 7476 156 72 14:
2584 7476 80 72 A
2724 7472 52 76 2
2784 7476 52 72 6
2844 7476 140 76 171
3036 7496 16 64 ;
3124 7476 76 76 E
3204 7476 28 76 l
3244 7476 256 80 wood
3568 7480 96 72 E.
3740 7476 244 84 Rice,
4052 7476 220 76 New

612 7580 268 76 York.
1024 7580 88 92 (3
1120 7580 56 76 0
1176 7580 160 76 -21
1348 7584 48 72 0
1400 7580 156 92 03)
3868 7584 224 80 8028

2248 7688 260 96 1229
