4920 8252
2376 7724 56 100 1
2436 7724 60 88 3
2504 7724 60 92 4

600 724 396 124 Dyott,
1056 724 436 124 George
1544 724 408 100 Miller.

744 876 268 100 Man
1076 872 480 132 hunting
1608 872 120 104 in
1784 876 184 100 the
2028 872 436 132 jungle;
2524 868 336 136 being
2916 868 192 100 the
3164 872 308 128 story
3532 860 128 108 of
3720 896 60 68 a
3840 860 376 104 search
4284 856 184 104 for

608 1020 304 104 three
968 1024 556 132 explorers
1580 1024 216 100 lost
1848 1024 116 100 in
2020 1024 188 100 the
2264 1016 580 104 Brazilian
2896 1016 356 132 wilds,
3308 1012 148 136 by
3512 1012 136 108 G.
3708 1012 156 100 M.
3920 1012 356 116 Dyott
4352 1020 60 112 …

608 1168 808 132 Indianapolis,
1476 1168 236 104 The
1768 1164 816 108 Bobbs-Merril
2588 1164 40 104 l
2688 1196 552 100 company
3304 1224 28 68 [
3340 1172 36 44 ͨ
3388 1168 188 96 193
3584 1168 64 96 0
3656 1220 24 68 ]

740 1328 56 76 7
856 1348 84 72 p.
1004 1320 32 76 l
1040 1352 44 52 .,
1156 1328 104 76 13
1268 1372 52 8 –
1328 1328 164 76 323
1556 1348 88 72 p.
1760 1324 320 96 front.,
2148 1328 332 92 plates,
2548 1328 288 88 ports.
2956 1320 596 92 24ͨͫ.

736 1436 272 92 Maps
1076 1456 116 56 on
1260 1432 708 96 lining-papers.

740 1540 192 76 The
984 1544 260 88 story
1296 1544 100 76 of
1448 1540 160 80 the
1660 1540 424 76 author's
2136 1540 332 76 search
2524 1540 156 76 for
2728 1536 380 80 Colonel
3168 1532 336 80 Fawce
3512 1540 32 72 t
3556 1536 64 76 t.

608 1644 96 88 ©
768 1648 212 80 Jan.
1032 1648 48 76 3
1092 1648 56 76 0
1152 1712 16 28 ,
1224 1648 112 76 19
1340 1648 108 76 30
1480 1668 20 68 ;
1556 1648 132 80 2c.
1744 1668 48 56 a
1808 1672 52 52 n
1872 1652 56 72 d
1988 1648 156 76 aff.
2204 1648 216 76 Feb.
2476 1648 104 92 7;
2640 1648 80 76 A
2772 1644 332 92 19422;
3168 1644 108 80 G.
3332 1644 124 76 M.
3516 1640 320 96 Dyott,
3892 1640 228 76 New
4184 1636 280 76 York.

756 1756 480 96 (30-4717)
4124 1744 176 80 839

604 1908 616 124 Edginton,
1280 1904 356 104 Helen
1696 1908 480 104 Marion.

740 2060 244 104 Call
1044 2064 192 100 her
1296 2060 456 120 Fannie,
1808 2060 144 136 by
2008 2060 268 136 May
2336 2060 604 132 Edginton.
3100 2060 96 128 [I
3204 2068 244 88 nsta
3456 2056 36 100 l
3504 2060 296 120 ment
3860 2064 92 120 5]

756 2216 164 92 (In
968 2208 404 88 Woman
1424 2212 188 84 and
1664 2212 276 84 home
1996 2208 536 104 magazine,
2588 2212 256 96 Dec.,
2900 2208 280 100 1929)

608 2316 100 100 ©
760 2324 44 80 1
808 2332 48 76 c
872 2388 16 16 .
936 2324 212 80 Jan.
1200 2324 132 92 15,
1380 2324 276 80 1930:
1712 2324 72 76 A
1836 2328 116 76 ad
2004 2324 168 80 int.
2224 2324 164 80 134
2396 2324 56 80 9
2456 2324 100 92 1;
2604 2344 124 76 pu
2736 2324 52 76 b
2796 2324 88 80 d.
2932 2324 232 80 Nov.
3212 2324 52 76 2
3272 2320 56 80 0
3332 2384 16 32 ,
3400 2320 280 88 1929;
3736 2320 300 76 Helen
4092 2316 368 76 Marion

740 2432 468 92 Edginton
1260 2436 136 76 Ba
1404 2448 32 76 i
1448 2432 120 96 ly,
1620 2432 412 80 London.
4128 2420 172 84 840

600 2584 712 124 Ehrenborg,
1380 2584 684 124 Ferdinand,
2136 2596 260 96 1862
2400 2656 64 8 –

732 2740 236 100 The
1012 2740 292 100 ideal
1356 2740 124 100 of
1528 2740 184 100 the
1760 2740 640 132 priesthood
2452 2780 116 60 as
2616 2740 628 100 illustrated
3304 2740 140 132 by
3496 2736 184 100 the
3732 2736 204 104 life
3988 2736 124 104 of
4160 2732 308 108 John

596 2888 540 136 Coassini,
1204 2892 124 100 of
1400 2892 184 104 the
1656 2888 1212 132 German-Hungarian
2944 2892 408 128 college
3424 2888 116 104 in
3616 2888 376 132 Rome,
4064 2888 144 132 by
4280 2884 188 104 the

596 3040 264 104 Rev.
920 3040 640 104 Ferdinand
1628 3040 684 132 Ehrenborg,
2364 3072 80 72 s.
2504 3060 148 108 J.;
2712 3040 484 132 adapted
3252 3044 240 100 into
3552 3040 468 132 English
4080 3040 148 132 by
4280 3040 188 100 the

596 3188 264 108 Rev.
936 3188 380 104 Frank
1392 3188 436 108 Gerein.
1980 3188 156 108 St.
2216 3192 368 112 Louis,
2656 3192 224 100 Mo.
2956 3196 216 96 and
3244 3188 496 104 London,
3828 3192 124 100 B.
4028 3188 440 104 Herder

596 3340 280 104 book
924 3376 192 96 co.,
1172 3344 284 100 1930.

724 3496 116 92 vi,
896 3496 164 80 281
1112 3516 84 76 p.
1308 3488 600 88 19½ͨͫ.

604 3600 92 88 ©
764 3608 212 72 Jan.
1040 3608 132 88 29,
1232 3604 276 92 1930;
1572 3608 132 80 2c.
1768 3608 212 80 Feb.
2040 3608 48 76 3
2112 3620 28 68 ;
2208 3604 164 80 aff.
2432 3604 220 80 Feb.
2712 3608 104 92 1;
2880 3608 80 72 A
3024 3604 332 92 18448;
3420 3608 108 76 B.
3592 3608 368 72 Herder
4024 3604 240 76 book
4324 3624 136 56 co.

752 3716 96 92 (3
856 3712 56 80 0
916 3716 160 80 -45
1080 3712 160 96 92)
4124 3708 116 84 84
4252 3712 48 80 1

592 3864 724 128 Ehrenburg,
1368 3864 232 112 Ili͡
1532 3868 84 100 a
1676 3868 816 124 Grigor'evich.

728 4024 232 100 The
1016 4024 244 100 love
1316 4020 124 104 of
1496 4020 424 104 Jeanne
1976 4020 100 96 N
2088 4056 52 64 e
2144 4060 108 96 y,
2304 4024 144 132 by
2508 4020 252 136 Ilya
2820 4024 768 132 Ehrenbourg,
3648 4024 612 104 translated
4316 4028 152 132 by

588 4172 360 100 Helen
1028 4168 732 108 Chrouschoff
1836 4172 620 104 Matheson.
2600 4172 448 104 Garden
3132 4172 296 136 City,
3504 4176 136 100 N.
3728 4176 172 116 Y.,
3984 4176 472 100 Double-

588 4324 252 132 day,
888 4324 384 104 Doran
1328 4324 216 104 and
1596 4356 576 100 company,
2224 4324 240 132 inc.,
2524 4328 292 96 1930.

724 4476 48 76 5
828 4500 84 72 p.
964 4476 32 76 l
1004 4504 44 56 .,
1104 4476 172 80 388
1328 4500 84 72 p.
1528 4472 596 88 20ͨͫ.

724 4588 316 80 "First
1096 4584 440 84 edition."

620 4684 76 92 ©
756 4696 216 80 Jan.
1024 4696 132 84 24.
1212 4700 44 72 1
1268 4696 56 72 9
1328 4696 108 80 30
1464 4716 20 72 ;
1544 4696 48 76 2
1596 4720 48 52 c
1656 4760 20 16 .
1728 4696 184 76 and
1968 4696 164 80 aff.
2188 4696 216 80 Feb.
2456 4696 104 92 3;
2620 4696 76 76 A
2752 4696 332 92 18530;
3144 4696 580 96 Doubleday,
3792 4700 76 76 D
3880 4720 48 56 o
3940 4720 44 52 r
3988 4720 48 56 a
4052 4720 56 56 n
4168 4692 68 76 &
4292 4720 48 56 c
4348 4720 52 56 o
4412 4756 44 32 .,

724 4804 176 80 inc.
1036 4804 92 96 (3
1140 4804 56 80 0
1200 4804 324 96 -4489)
4120 4804 172 84 842

588 4956 752 124 Engelhardt,
1404 4956 480 108 Charles
1944 4956 588 128 Anthony,
2596 4964 120 100 in
2776 4960 468 132 religion
3312 4960 612 124 Zephyrin,
3996 4972 332 96 1851-

804 5112 68 112 …
940 5112 224 104 San
1240 5112 496 100 Antonio
1812 5112 132 100 de
2024 5112 320 100 Padu
2352 5148 60 64 a
2424 5200 24 36 ,
2524 5112 188 100 the
2784 5112 456 104 mission
3316 5116 116 96 in
3508 5116 188 104 the
3780 5116 428 104 Sierras
4316 5116 144 136 by

592 5260 184 100 Fr.
844 5260 556 132 Zephyrin
1476 5260 696 136 Engelhardt
2264 5260 68 112 …
2520 5260 348 108 Santa
2944 5264 536 120 Barbara,
3548 5264 376 136 Calif.,
3992 5264 464 104 Mission

592 5412 344 108 Santa
992 5412 536 132 Barbara,
1584 5416 288 96 1929.

720 5568 52 76 4
836 5584 84 76 p.
980 5564 32 72 l
1020 5628 44 28 .,
1136 5556 340 108 [3]–140
1536 5584 84 72 p.
1732 5564 316 92 front.,
2116 5568 100 76 ill
2228 5584 56 60 u
2292 5584 72 60 s.
2476 5568 600 84 22ͨͫ.
2840 5568 28 92 (
2888 5564 100 76 M
2988 5568 32 76 i
3028 5588 44 56 s
3076 5568 260 76 sions
3396 5572 184 72 and
3648 5568 652 80 missionaries
4360 5572 100 80 of

588 5672 552 80 California.
1260 5676 228 76 New
1544 5672 324 80 series.
1980 5672 280 80 Local
2324 5676 412 88 history)

592 5784 96 88 ©
760 5784 212 76 Jan.
1040 5784 132 84 14,
1244 5788 32 72 1
1296 5784 112 80 93
1412 5784 100 80 0:
1580 5784 56 76 2
1640 5804 48 56 c
1696 5848 16 12 .
1780 5784 212 76 Jan.
2060 5784 160 84 22;
2292 5784 156 80 aff.
2520 5784 216 80 Jan.
2800 5788 164 88 21;
3036 5788 76 72 A
3184 5788 324 92 19319;
3588 5788 464 92 Zephyrin
4124 5788 328 92 Engel-

724 5892 304 88 hardt,
1096 5892 284 76 Santa
1448 5892 456 96 Barbara,
1964 5892 280 80 Calif.
2376 5892 92 96 (3
2476 5892 56 76 0
2536 5896 216 76 -454
2760 5896 60 76 6
2836 5900 24 92 )
4112 5892 172 84 843

800 6024 68 108 …
936 6024 224 104 San
1236 6020 460 136 Miguel,
1768 6020 592 136 Arcangel,
2432 6024 184 100 the
2688 6024 456 104 mission
3216 6064 140 64 on
3424 6028 188 100 the
3684 6028 560 132 highway,
4316 6028 148 132 by

584 6172 184 100 Fr.
840 6172 560 128 Zephyrin
1472 6172 696 132 Engelhardt
2264 6172 68 108 …
2512 6172 344 104 Santa
2928 6176 536 104 Barbara.
3540 6172 376 112 Calif..
3988 6176 468 104 Mission

588 6324 336 104 Santa
984 6320 536 124 Barbara,
1576 6328 292 100 1929.

712 6480 56 72 4
840 6496 84 72 p.
996 6476 88 92 1.,
1164 6512 20 56 [
1192 6472 80 96 3]
1280 6520 60 8 –
1340 6476 108 76 92
1524 6496 112 72 p.,
1712 6476 48 76 1
1836 6480 28 72 l
1880 6536 16 16 .
2008 6472 320 96 front.,
2408 6476 244 80 illus.
2772 6476 596 84 22½ͨͫ.
3192 6476 492 96 (Missions
3764 6484 184 76 and
4032 6484 420 80 mission-

580 6580 256 84 aries
888 6584 104 76 of
1044 6580 556 84 California.
1716 6584 228 76 New
2004 6584 320 80 series.
2440 6588 276 76 Local
2780 6588 412 92 history)

720 6688 440 80 Includes
1212 6688 324 80 music.

592 6796 96 96 ©
760 6804 212 76 Dec.
1032 6804 132 84 14,
1232 6800 268 88 1929;
1568 6804 132 80 2c.
1760 6804 184 76 and
2004 6800 164 80 aff.
2232 6804 56 76 J
2292 6824 152 56 an.
2508 6804 104 76 14
2612 6836 20 52 ,
2700 6804 272 84 1930:
3040 6808 80 72 A
3184 6804 332 84 19283:
3588 6808 468 92 Zephyrin
4120 6808 328 92 Engel-

724 6912 60 72 h
788 6932 48 56 a
856 6912 176 88 rdt,
1092 6912 288 76 Santa
1444 6912 456 80 Barbara,
1964 6908 280 80 Calif.
2372 6912 260 92 (30-4
2636 6920 52 76 5
2700 6912 156 92 45)
4108 6916 172 80 844

580 7032 640 124 Euripides.

788 7184 60 112 …
908 7184 596 128 Iphigenia
1576 7184 116 100 in
1760 7184 360 108 Aulis,
2192 7188 608 104 translated
2872 7188 236 104 into
3180 7192 472 128 English
3728 7228 300 68 verse
4096 7192 148 132 by
4316 7192 128 104 F.

576 7328 120 96 M
704 7368 52 64 e
764 7332 72 100 li
852 7368 140 64 an
1052 7332 196 108 Sta
1260 7368 96 64 w
1364 7336 96 96 el
1468 7336 36 96 l
1588 7332 60 112 …
1748 7332 264 104 with
2072 7372 52 68 a
2192 7336 448 128 preface
2688 7340 144 128 by
2888 7336 440 108 Gilbert
3380 7344 468 132 Murray
3900 7336 60 112 …
4156 7344 92 100 L
4256 7380 60 64 o
4324 7380 112 64 n-

572 7484 252 116 don,
884 7480 132 108 G.
1076 7484 248 100 Bell
1380 7484 84 92 &
1524 7516 248 68 sons
1832 7484 196 100 ltd.
2044 7568 20 20 ,
2132 7492 288 96 1929.
