4752 8320
484 708 544 124 Johnson,
1088 704 364 104 Guion
1508 704 160 104 Gr
1676 700 32 100 i
1720 704 52 96 f
1756 704 68 96 f
1796 704 28 96 i
1836 732 52 68 s
1912 704 756 104 -Continued

484 892 192 64 son
744 852 68 120 …
992 852 420 132 Chapel
1468 852 284 128 Hill,
1808 852 232 100 The
2100 848 648 132 University
2808 848 120 100 of
2988 848 356 100 North
3408 844 524 108 Carolina
4000 880 332 96 press.

496 1008 280 100 1930.

628 1160 48 72 7
772 1180 84 72 p.
960 1156 20 72 l
996 1216 48 28 .,
1152 1156 76 96 [3
1244 1184 32 64 ]
1264 1156 112 72 -2
1384 1152 108 76 45
1588 1172 84 72 p.
1788 1152 316 88 front.,
2208 1148 248 80 illus.
2512 1152 24 92 (
2556 1172 56 72 p
2624 1152 36 72 l
2656 1152 164 92 an)
2944 1148 328 96 plates.
3392 1148 156 96 22
3560 1152 88 40 ½ͨͫ
3652 1208 16 20 .
3796 1184 20 60 [
3820 1148 196 80 The
4128 1148 208 80 Uni-

500 1288 44 52 v
552 1264 292 92 ersity
904 1264 100 76 of
1060 1264 300 76 North
1420 1260 440 80 Carolina
1928 1260 284 76 social
2276 1260 280 88 study
2624 1256 288 80 series]

624 1372 268 92 Maps
960 1388 116 60 on
1152 1368 696 92 lining-papers.

628 1480 228 76 This
920 1480 392 88 volume,
1388 1480 424 84 together
1880 1476 236 76 with
2184 1472 292 80 Black
2544 1492 532 72 yeomanry,
3148 1472 116 92 by
3336 1472 104 80 T.
3512 1472 84 80 J.
3672 1476 224 76 Woo
3908 1472 36 72 f
3952 1484 168 68 ter.
4188 1472 148 92 jr.,

492 1592 180 72 and
744 1588 228 76 Folk
1032 1588 364 76 culture
1460 1608 116 52 on
1648 1580 128 84 St.
1844 1580 356 80 Helena
2272 1580 352 92 Island,
2688 1580 116 92 by
2872 1580 76 80 G
2956 1600 120 72 uy
3144 1580 104 80 B.
3320 1580 444 92 Johnson,
3836 1580 80 80 is
3984 1580 156 80 the
4212 1600 128 60 re

492 1720 44 52 s
544 1716 56 56 u
612 1696 24 72 l
648 1700 36 72 t
748 1720 52 52 o
816 1696 32 72 f
912 1716 48 56 a
1028 1712 100 56 co
1140 1688 68 76 ö
1196 1692 420 92 perative
1692 1692 428 76 research
2188 1688 360 92 project
2616 1688 560 92 concerning
3240 1708 280 72 negro
3588 1688 364 80 culture
4020 1712 112 56 on
4212 1688 128 80 St.

500 1804 356 76 Helena
928 1804 320 72 Island
1320 1804 268 72 made
1656 1804 300 72 under
2024 1800 152 76 the
2244 1796 248 92 joint
2564 1796 428 92 auspices
3064 1796 100 80 of
3232 1800 160 76 the
3468 1796 452 80 Institute
3988 1800 48 72 f
4036 1820 52 48 o
4100 1820 40 52 r
4216 1816 128 60 re

500 1912 324 76 search
896 1908 28 76 i
932 1928 52 56 n
1064 1912 288 72 social
1420 1908 356 76 science
1848 1904 104 80 of
2020 1908 156 76 the
2248 1904 544 92 University
2864 1904 100 80 of
3032 1904 300 80 North
3408 1904 440 80 Carolina
3924 1908 184 76 and
4188 1908 156 76 the

500 2020 300 76 Social
860 2020 356 76 science
1276 2016 432 76 research
1772 2012 388 80 council.
2276 2036 48 56 c
2332 2020 36 88 f
2380 2080 16 16 .
2464 2012 244 80 Pref.

632 2124 724 92 Bibliography:
1420 2144 84 72 p.
1572 2120 480 100 [216]-227.

588 2236 24 88 )
700 2236 196 80 Oct.
972 2240 52 72 4
1036 2296 16 32 ,
1136 2236 44 72 1
1188 2236 168 76 930
1388 2256 16 68 ;
1484 2232 132 80 2c.
1700 2232 72 80 O
1784 2256 44 56 c
1840 2240 24 72 t
1880 2296 16 16 .
1976 2236 104 88 4;
2168 2256 44 52 a
2232 2232 96 80 ff.
2412 2232 196 80 Oct.
2692 2236 156 88 11;
2940 2236 76 72 A
3096 2228 332 96 28770;
3516 2232 268 80 Univ.
3872 2232 100 76 of
4052 2232 300 76 North

648 2344 432 80 Carolina
1144 2364 288 76 press.
1568 2344 536 96 (30-27933)
3888 2336 288 84 11055

496 2528 384 120 Jones,
936 2524 544 104 Franklin
1536 2528 288 120 Day,
1884 2536 328 96 1879
2648 2528 160 104 ed.

636 2676 208 100 Die
924 2672 380 132 design
1384 2676 216 100 and
1680 2672 640 132 diemaking
2392 2672 532 132 practice;
3008 2712 60 64 a
3140 2672 444 104 treatise
3664 2672 184 104 for
3924 2672 172 104 die
4176 2672 176 104 de-

500 2824 420 132 signers
980 2824 216 100 and
1260 2820 612 104 diemakers
1932 2820 644 136 containing
2640 2824 624 100 illustrated
3324 2824 728 132 descriptions
4112 2824 124 100 of
4296 2856 56 64 a

508 2972 300 136 large
856 2976 428 128 variety
1332 2972 124 104 of
1504 2972 460 104 selected
2016 2972 228 104 dies
2300 2976 180 100 for
2528 2976 148 100 all
2732 2972 324 104 kinds
3104 2976 124 100 of
3280 3008 368 96 power
3696 3008 304 96 press
4048 3008 308 96 oper-

508 3124 388 132 ations,
968 3124 268 100 with
1308 3124 532 132 practical
1912 3124 728 100 information
2712 3124 216 100 and
3004 3124 256 100 data
3332 3160 144 64 on
3540 3124 564 132 approved
4180 3128 176 96 de-

504 3272 452 136 signing
1020 3272 476 132 practice
1572 3276 216 100 and
1860 3272 172 104 die
2104 3272 780 132 construction,
2952 3272 364 104 edited
3388 3272 144 136 by
3604 3272 544 104 Franklin
4224 3272 136 104 D.

508 3428 336 104 Jones
924 3436 64 108 …
1164 3432 160 96 1st
1380 3424 164 100 ed.
1676 3424 308 100 First
2044 3420 536 136 printing.
2712 3424 264 100 New
3044 3424 348 132 York,
3452 3424 232 100 The
3748 3424 608 104 Industrial

512 3612 352 92 press;
928 3576 500 128 London,
1480 3576 232 100 The
1776 3572 652 132 Machinery
2492 3572 644 136 publishing
3192 3608 188 96 co.,
3440 3576 196 100 ltd.
3712 3616 32 68 [
3752 3592 20 76 [
3796 3580 280 104 ͨ1930]

648 3736 52 76 3
752 3740 80 72 p.
884 3728 32 76 l
924 3796 44 28 .,
1020 3736 56 76 9
1076 3732 108 76 21
1236 3752 76 72 p.
1432 3732 64 76 il
1508 3732 200 92 lus.,
1760 3732 272 92 diagr
2036 3752 40 56 s
2092 3796 16 16 .
2220 3732 232 80 24ͨͫ.

528 3824 92 88 ©
688 3848 248 92 Sept.
988 3840 136 96 25,
1180 3840 268 88 1930;
1508 3844 48 72 2
1556 3848 80 72 c.
1700 3844 244 88 Sept.
2000 3840 108 76 29
2144 3864 16 56 :
2224 3864 44 56 a
2284 3836 96 84 ff.
2444 3844 244 88 Sept.
2744 3844 160 88 27;
2968 3844 76 72 A
3100 3840 332 92 27927;
3496 3844 524 76 Industrial
4084 3868 280 72 press.

676 3956 24 92 (
716 3952 116 80 30
836 3952 380 96 -27819)
3900 3948 108 88 11
4016 3952 60 84 0
4076 3952 116 84 56

520 4108 452 124 Karrik,
1040 4108 536 100 Valeran
1648 4108 136 100 Vi
1776 4112 48 92 l
1828 4116 40 64 '
1872 4112 48 92 i͡a
1984 4108 484 104 movich.

648 4256 456 100 Animal
1164 4256 424 132 picture
1652 4256 268 100 tales
1984 4256 292 100 from
2336 4256 436 132 Russia,
2828 4256 144 136 by
3040 4256 412 136 Valery
3512 4256 496 136 Carrick,
4068 4256 296 108 illus-

520 4408 360 100 trated
948 4404 144 136 by
1164 4404 180 104 the
1416 4404 428 104 author.
1988 4404 264 104 New
2332 4408 344 128 York,
2748 4408 596 104 Frederick
3412 4412 140 100 A.
3628 4408 388 108 Stokes
4088 4448 276 64 com-

524 4592 324 96 pany,
912 4560 288 100 1930.

656 4720 48 72 4
752 4740 84 72 p.
888 4712 84 96 l.,
1024 4716 224 80 3-90
1300 4736 56 72 p
1356 4740 20 48 .
1496 4716 100 76 ill
1612 4736 52 56 u
1676 4736 72 60 s.
1856 4716 228 80 26ͨͫ.

548 4820 88 100 D
700 4828 196 80 Oct.
956 4828 72 88 9,
1096 4824 156 76 193
1260 4832 56 68 0
1336 4840 20 68 ;
1428 4828 128 76 2c.
1620 4840 48 68 a
1652 4844 48 52 n
1748 4824 52 76 d
1868 4848 44 52 a
1928 4824 52 72 f
1944 4824 56 72 f
2008 4884 16 16 .
2088 4824 200 80 Oct.
2352 4824 152 92 11;
2572 4824 76 76 A
2712 4828 108 76 28
2824 4832 104 76 82
2944 4828 96 88 1;
3112 4824 500 80 Frederick
3676 4832 108 76 A.
3848 4832 332 76 Stokes
4244 4856 100 52 co
4360 4892 12 16 .

684 4936 536 92 (30-27813)
3908 4936 288 88 11057

528 5088 528 124 Kellems,
1112 5092 328 100 Jesse
1492 5092 632 124 Randolph,
2184 5100 324 100 1892

660 5240 632 104 Alexander
1380 5240 572 132 Campbell
2032 5244 216 100 and
2328 5244 184 100 the
2596 5244 604 132 Disciples;
3284 5248 460 104 lectures
3820 5252 544 100 delivered

528 5388 112 104 in
688 5388 312 104 Brite
1052 5392 404 136 college
1504 5392 124 100 of
1676 5392 180 104 the
1912 5392 352 132 Bible,
2312 5400 360 96 Texas
2724 5396 568 108 Christian
3344 5396 648 136 university,
4040 5400 328 132 April

528 5540 216 100 and
824 5540 300 132 May,
1204 5548 292 112 1925,
1572 5540 144 132 by
1796 5544 304 104 Jesse
2176 5544 132 100 R.
2392 5544 488 100 Kellems
2968 5548 68 104 …
3260 5552 264 100 New
3612 5552 340 112 York,
4032 5556 128 96 R.
4244 5556 124 96 R.

532 5688 400 132 Smith,
980 5692 244 128 inc.,
1276 5696 292 100 1930.

668 5844 92 80 ix
820 5868 108 72 p.,
980 5848 60 76 2
1088 5848 84 92 1.,
1224 5848 280 80 3-409
1556 5868 84 72 p.
1752 5840 156 84 22½ͨͫ
2020 5912 20 16 .

668 5956 252 80 "The
980 5956 500 80 substance
1544 5960 104 76 of
1712 5960 156 76 the
1932 5960 368 76 volume
2364 5980 196 56 was
2628 5960 508 80 submitted
3208 5984 108 60 as
3380 5984 52 60 a
3500 5968 512 76 successful
4084 5960 292 84 thesis

532 6064 152 76 for
744 6068 160 76 the
960 6068 336 88 degree
1356 6068 100 76 of
1516 6068 324 76 doctor
1904 6068 100 76 of
2060 6068 556 96 philosophy
2680 6072 92 76 in
2844 6072 156 76 the
3064 6072 540 96 University
3672 6076 100 76 of
3832 6080 424 76 Edinbur
4260 6068 104 100 gh

540 6176 292 76 under
896 6176 156 76 the
1116 6176 208 80 title
1384 6168 220 84 'The
1672 6180 432 92 theology
2164 6176 100 76 of
2324 6180 536 80 Alexander
2920 6180 472 96 Campbell
3464 6184 96 80 in
3628 6188 124 76 its
3820 6188 400 76 relation
4292 6200 20 68 t
4288 6164 32 76 o

540 6284 152 76 the
748 6284 300 88 origin
1104 6284 100 76 of
1260 6284 156 80 the
1476 6284 948 96 Disciples'."—Pref.

552 6384 96 100 ©
704 6392 200 80 Oct.
952 6396 52 76 3
1004 6432 20 44 .
1084 6392 108 76 19
1192 6396 116 76 30
1324 6408 20 68 :
1408 6396 52 72 2
1468 6416 44 56 e
1524 6456 16 16 .
1592 6420 48 52 a
1656 6416 56 52 n
1720 6396 56 72 d
1828 6416 48 56 a
1892 6396 92 80 ff.
2044 6396 72 76 O
2124 6404 88 72 ct
2224 6460 16 16 .
2296 6404 52 68 7
2364 6416 24 64 ;
2452 6400 80 76 A
2580 6396 56 80 2
2640 6396 56 76 9
2700 6400 40 76 1
2756 6400 112 76 38
2892 6420 20 72 ;
2976 6404 168 76 Ric
3148 6404 112 76 ha
3280 6428 44 52 r
3332 6408 52 76 d
3448 6408 36 72 R
3612 6404 60 76 S
3684 6408 260 84 mith,
4000 6408 28 76 i
4040 6428 52 56 n
4104 6432 44 48 c
4160 6472 16 16 .

696 6500 540 96 (30-27833)
3920 6512 288 84 11058

540 6656 584 124 Kennedy,
1184 6656 408 104 Louise
1652 6660 532 124 Venable,
2248 6672 328 96 1895

672 6804 232 100 The
968 6840 332 96 negro
1368 6820 452 116 peasant
1884 6820 316 92 turns
2260 6812 596 132 cityward;
2924 6816 368 104 effects
3360 6820 124 100 of
3548 6836 360 88 recent
3980 6824 396 128 migra-

540 6960 40 92 t
592 6948 232 104 ions
888 6964 112 88 to
1064 6988 200 68 nor
1272 6964 48 92 t
1324 6956 268 100 hern
1656 6968 448 120 centers,
2168 6960 144 132 by
2380 6960 392 104 Louise
2836 6968 108 100 V
2948 6964 376 104 enable
3392 6968 576 136 Kennedy.
4056 7008 64 64 P
4104 6988 80 68 H
4204 7056 16 16 .
4292 7008 88 64 D.

540 7096 264 104 New
888 7100 340 120 York,
1308 7100 576 108 Columbia
1964 7108 616 136 university
2656 7148 356 96 press;
3092 7116 500 132 London,
3672 7120 128 104 P.
3884 7116 80 108 S
3976 7200 16 24 .
4076 7120 308 136 King

540 7248 84 92 &
680 7280 232 96 son,
968 7248 236 132 ltd.,
1268 7256 288 100 1930.

680 7400 164 80 270
904 7424 84 72 p.
1104 7404 296 92 diagr.
1512 7404 228 84 23ͨͫ.
1872 7408 32 92 (
1920 7412 240 96 Half
2160 7452 28 16 -
2200 7412 72 76 ti
2284 7416 32 76 t
2324 7412 80 80 le
2420 7436 32 56 :
2520 7412 376 84 Studies
2964 7420 92 76 in
3128 7420 364 88 history
3500 7484 16 16 .
3588 7420 532 80 economics,
4204 7428 180 76 and

544 7508 308 92 public
896 7512 208 92 law,
1144 7512 144 80 ed.
1332 7512 112 92 by
1492 7516 156 76 the
1696 7512 400 96 Faculty
2140 7520 104 76 of
2284 7520 420 92 political
2752 7524 360 84 science
3152 7524 108 80 of
3300 7524 484 84 Columbia
3836 7532 548 96 university,

544 7632 144 60 no.
752 7616 212 96 329)

2336 7732 268 104 1704
