4800 8268
284 692 656 120 Dickinson,
1004 692 492 100 Thomas
1560 688 1264 104 Herbert-Continued

308 880 84 76 S.
448 876 412 88 Benelli;
920 880 108 72 tr.
1100 876 116 92 by
1272 876 112 76 H.
1448 876 96 76 M
1556 936 12 16 .
1628 872 744 80 Jones.—Malva
2384 876 32 68 l
2424 892 188 72 oca,
2672 872 120 92 by
2852 872 92 76 S.
3004 872 184 72 and
3248 872 84 72 J.
3392 868 392 76 Álvarez
3840 872 280 88 Quin-

296 988 140 72 ter
440 1004 48 56 o
524 1004 20 72 ;
616 992 112 68 tr.
800 984 116 88 by
980 984 84 76 J.
1136 984 88 76 S.
1292 984 404 88 Fassett,
1764 984 316 88 jr.—A
2148 980 168 92 lily
2380 1000 336 72 among
2780 980 352 92 thorns,
3204 980 116 92 by
3392 980 104 76 G.
3564 980 184 72 and
3820 976 296 80 Maria

296 1092 456 76 Martinez
820 1088 312 80 Sierra
1168 1108 16 72 ;
1256 1088 388 92 English
1700 1088 372 80 version
2136 1092 116 88 by
2312 1088 300 76 Helen
2676 1088 184 76 and
2924 1088 116 72 H.
3104 1088 480 76 Granville
3608 1088 512 72 Rarker.—

292 1204 144 72 He
492 1200 204 76 who
756 1204 200 84 gets
1016 1196 408 92 slapped,
1484 1196 116 92 by
1660 1196 96 80 L.
1808 1196 544 92 Andreyev;
2420 1204 108 68 tr.
2588 1196 120 92 by
2768 1196 100 76 G.
2932 1196 768 92 Zilboorg.-The
3760 1196 368 76 theatre

292 1304 96 80 of
460 1304 156 80 the
688 1304 228 92 soul,
992 1304 112 92 by
1180 1304 108 76 N.
1360 1304 108 76 N.
1540 1304 568 92 Yevreinov;
2192 1312 112 68 tr.
2380 1304 120 92 by
2576 1304 152 72 Ma
2736 1324 44 52 r
2788 1304 84 72 ie
2948 1300 536 96 Potapenko
3556 1304 188 72 and
3820 1300 92 80 C.
3992 1304 132 76 St.

288 1412 504 80 John.-Li
800 1412 24 72 l
836 1412 204 92 iom,
1108 1412 120 92 by
1288 1412 96 76 F.
1444 1412 424 88 Molnar;
1936 1412 388 88 English
2388 1412 200 72 text
2652 1412 116 92 by
2832 1412 104 76 B.
2996 1412 104 76 F.
3164 1412 588 76 Glazer.—.
3820 1412 104 76 R. U.
4040 1448 84 56 R.,

284 1520 120 92 by
460 1520 112 76 K.
632 1520 72 72 č
700 1540 52 56 a
764 1520 228 92 pek;
1052 1528 116 68 tr.
1228 1520 116 92 by
1400 1520 96 76 P.
1564 1520 656 76 Selver.—The
2276 1516 400 92 dybbuk,
2736 1520 120 72 by
2912 1520 88 76 S.
3060 1520 368 88 Ansky;
3496 1524 112 68 tr.
3668 1520 120 88 by
3840 1524 116 72 H.
4024 1520 100 80 G.

284 1632 80 72 A
372 1636 28 68 l
404 1628 276 92 sberg
732 1628 184 76 and
972 1628 468 76 Winifred
1492 1624 864 92 Ksizin.—Eyvind
2416 1628 96 72 of
2572 1624 156 76 the
2784 1628 244 76 hills,
3092 1624 112 92 by
3260 1628 84 72 J.
3408 1624 308 96 Sigurj
3756 1632 56 68 o
3856 1648 264 64 sson;

292 1740 108 72 tr.
452 1736 116 92 by
616 1736 120 80 H.
784 1736 112 76 K.
952 1732 1168 92 Schanche.—Appendix:
2176 1732 76 76 A
2300 1732 428 92 working
2776 1736 236 72 book
3056 1736 164 72 list
3272 1736 96 72 in
3416 1740 708 88 contemporary

284 1844 356 76 drama.
756 1844 80 72 A
912 1840 388 96 reading
1372 1840 160 76 list
1612 1840 96 76 in
1780 1840 420 76 national
2280 1844 356 72 drama.
2752 1844 284 72 Notes
3112 1864 116 52 on
3304 1844 296 92 plays.
3712 1844 412 76 Authors

284 1952 188 76 and
528 1952 292 92 plays.

304 2076 100 96 ©
472 2088 216 88 May
752 2084 72 92 9,
892 2084 268 92 1930;
1228 2084 52 72 2
1288 2108 76 52 c.
1428 2084 220 88 May
1712 2084 156 88 15;
1940 2080 100 76 af
2036 2080 36 76 f
2080 2144 16 12 .
2164 2084 220 88 May
2452 2080 156 92 12;
2680 2084 76 72 A
2824 2080 328 92 23410;
3224 2084 96 76 T.
3392 2088 120 76 H.
3580 2084 276 76 Dicki
3860 2108 164 52 nso
4036 2108 80 68 n,

424 2192 376 92 Wilton,
864 2192 284 80 Conn.
1280 2192 540 96 (30-13765)
3720 2188 232 84 5251

280 2400 456 124 Dooley,
796 2400 488 104 William
1344 2404 428 120 Henry,
1836 2412 324 92 1880–

420 2576 528 132 Clothing
1024 2576 216 100 and
1316 2576 312 132 style,
1704 2576 176 100 for
1960 2576 764 132 dressmakers,
2800 2576 568 132 milliners,
3440 2580 428 128 buyers,
3944 2576 172 104 de-

280 2724 456 132 signers,
836 2728 500 96 students
1436 2724 120 100 of
1660 2724 528 132 clothing,
2288 2728 216 96 and
2604 2728 424 128 stylers,
3128 2728 144 132 by
3372 2728 500 104 William
3968 2728 148 100 H.

280 2872 420 120 Dooley
760 2956 104 16 …
996 2876 448 128 Boston,
1496 2872 264 100 New
1816 2872 312 100 York
2188 2884 228 120 [etc.
2432 2936 24 64 ]
2516 2876 136 100 D.
2708 2876 120 104 C.
2884 2876 372 100 Heath
3312 2876 220 104 and
3580 2912 540 96 company

292 3088 24 64 ,
368 3032 264 92 [ͨ1930]

416 3184 160 92 xii,
632 3184 164 76 441
856 3208 80 68 p.
1056 3184 28 72 i
1092 3184 132 72 llu
1232 3204 68 56 s.
1412 3180 284 92 20½ͨͫ.

296 3312 96 96 ©
452 3316 216 92 Apr.
728 3320 132 88 18,
920 3316 272 88 1930;
1252 3316 132 76 2c.
1444 3316 184 76 and
1684 3316 160 76 aff.
1904 3320 216 84 May
2180 3316 156 88 12;
2404 3320 76 72 A
2536 3316 332 88 22823;
2932 3320 112 80 D.
3108 3316 68 80 C
3184 3380 16 20 .
3260 3320 316 76 Heath
3636 3320 68 80 &
3764 3344 48 56 c
3816 3344 48 56 o
3880 3384 16 16 .

444 3424 536 96 (30-13456)
3728 3428 236 80 5252

280 3608 408 124 Eaton,
744 3608 428 104 Walter
1228 3608 588 120 Prichard,
1880 3608 328 104 1878–

412 3784 232 100 The
704 3784 380 100 drama
1144 3784 116 96 in
1320 3784 508 132 English,
1884 3784 148 132 by
2084 3784 428 104 Walter
2568 3784 196 100 Pri
2776 3820 52 64 c
2836 3788 280 96 hard
3176 3788 360 100 Eaton
3608 3872 108 16 …
3856 3788 260 104 New

284 3932 344 132 York,
700 3932 88 100 B
804 3944 308 92 oston
1228 3968 48 64 [e
1288 3944 100 88 tc
1400 4012 20 16 .
1408 3936 36 88 ]
1544 3932 120 104 C.
1744 3932 600 104 Scribner's
2416 3968 48 64 s
2468 3968 60 68 o
2536 3968 124 68 ns
2744 3960 88 68 [ͨ
2824 3940 276 104 1930]

412 4112 60 56 x
476 4092 32 76 i
516 4112 56 56 v
624 4112 108 72 p.,
788 4096 48 72 1
892 4096 84 84 l.,
1032 4092 164 76 365
1252 4112 80 72 p.
1448 4088 284 84 19½ͨͫ.

412 4200 724 92 Bibliography:
1196 4220 80 72 p.
1336 4200 276 76 345-3
1620 4200 48 76 5
1676 4200 76 76 6.

296 4320 100 92 ©
460 4336 220 92 May
736 4340 52 72 6
796 4396 16 32 ,
872 4336 104 72 19
980 4340 52 72 3
1040 4336 100 88 0;
1200 4332 136 80 2c.
1396 4336 220 88 May
1672 4336 160 88 10;
1900 4332 92 80 af
1972 4332 32 72 f
2040 4396 16 16 .
2120 4336 216 88 May
2396 4332 100 92 9;
2560 4336 80 76 A
2700 4336 328 96 22802;
3096 4344 136 76 W.
3296 4340 96 80 P.
3460 4340 72 68 E
3536 4348 52 60 a
3604 4344 180 92 ton,
3860 4344 256 80 Shef-

420 4444 244 96 field,
716 4448 284 72 Mass.
1128 4444 376 92 (30-137
1508 4444 52 76 5
1560 4444 104 88 2)
3720 4448 236 84 5253

280 4624 688 124 Ergebnisse
1040 4632 68 100 d
1112 4664 120 64 er
1300 4628 460 100 exakten
1828 4664 136 64 na
1976 4636 40 88 t
2024 4628 336 100 urwis
2364 4664 104 64 se
2480 4632 260 100 nsch
2752 4664 56 68 a
2824 4628 264 104 ften.
3228 4636 176 96 Hr
3412 4672 48 64 s
3468 4672 96 96 g.
3644 4676 212 64 von
3916 4636 136 104 de
4064 4676 52 64 r

408 4776 400 104 schrift
816 4780 36 96 l
860 4780 92 96 ei
960 4784 44 92 t
1016 4812 224 96 ung
1288 4780 192 100 der
1532 4776 168 100 "N
1708 4788 112 88 at
1832 4812 60 64 u
1900 4776 772 124 rwissenschaf
2680 4792 44 88 t
2728 4780 228 100 en".
3080 4796 56 88 8
3148 4864 16 16 .
3224 4788 176 100 bd.
3460 4868 108 20 …
3700 4792 220 96 Ber
3920 4792 36 96 l
3964 4792 148 132 in,

408 4928 104 104 J.
584 4924 568 132 Springer,
1220 4932 288 92 1929.

416 5084 52 72 2
524 5104 80 72 p.
652 5084 84 92 l.,
792 5080 52 76 5
848 5084 104 72 14
1004 5104 80 68 p.
1192 5080 276 96 illus.,
1520 5080 328 96 tables,
1900 5080 348 96 diagrs.
2352 5084 112 72 24
2472 5084 40 64 ½
2544 5084 92 76 ͨͫ.

292 5208 96 96 ©
460 5216 212 76 Dec.
736 5216 132 88 24,
936 5212 268 88 1929;
1276 5232 124 68 1c.
1468 5216 232 80 Mar.
1768 5216 72 92 7,
1908 5216 48 72 1
1968 5216 160 76 930
2164 5236 16 72 ;
2248 5216 600 96 A—Foreign
2912 5224 272 92 6926;
3256 5224 312 80 Julius
3640 5228 468 92 Springer.

3716 5332 236 84 5254

280 5428 368 120 Ferm,
704 5424 576 124 Vergilius
1336 5428 296 96 Ture
1692 5424 308 104 Anse
2008 5428 36 96 l
2048 5460 148 92 m,
2260 5436 156 100 ed.

400 5596 344 104 What
796 5600 92 96 is
940 5596 840 100 Lutheranism?
1932 5600 104 100 A
2092 5600 672 132 symposium
2824 5608 112 96 in
2996 5608 876 136 interpretation,
3928 5612 172 104 ed-

292 5744 220 104 ited
572 5744 148 132 by
784 5744 568 132 Vergilius
1412 5748 328 100 Ferm
1820 5828 104 20 …
2076 5748 268 100 New
2408 5752 348 132 York,
2820 5756 236 100 The
3116 5752 648 108 Macmillan
3832 5792 276 68 com-

276 5928 324 100 pany,
656 5900 284 96 1930.

404 6048 164 80 xiv
616 6072 108 68 p.,
776 6052 44 72 1
872 6052 84 88 l.,
1004 6052 172 76 307
1220 6076 84 68 p.
1420 6048 280 96 20½ͨͫ.

416 6184 688 92 "Outstanding
1156 6184 920 96 twentieth-century
2128 6188 304 80 works
2496 6248 84 20 …
2640 6212 116 56 on
2804 6192 776 80 Lutheranism":
3640 6216 80 72 p.
3772 6200 328 92 37-38;

280 6292 760 92 bibliographical
1100 6292 532 84 foot-notes.

292 6416 96 96 ©
444 6428 220 92 May
712 6428 132 88 13,
896 6432 44 72 1
956 6436 52 68 9
1008 6428 160 92 30;
1220 6428 132 80 2c.
1404 6432 184 76 and
1640 6428 100 80 af
1716 6428 56 76 f
1784 6496 12 12 .
1852 6436 220 88 May
2120 6436 156 84 14;
2336 6436 80 72 A
2464 6436 328 88 22835;
2852 6440 376 72 Macmil
3236 6444 32 68 l
3276 6460 116 56 an
3448 6460 104 60 co
3560 6504 16 16 .

440 6532 536 100 (30-13517)
3716 6548 228 80 5255

280 6716 468 124 Furfey,
800 6716 280 104 Paul
1132 6716 412 128 Hanly,
1604 6728 316 96 1896-

412 6892 228 100 The
684 6892 500 132 growing
1228 6896 268 128 boy;
1544 6928 236 68 case
1828 6896 408 104 studies
2280 6900 124 100 of
2448 6904 868 128 developmental
3364 6944 232 96 age,
3640 6912 144 128 by
3832 6912 268 100 Paul

284 7040 380 132 Hanly
724 7040 288 100 Furf
1020 7076 56 64 e
1076 7076 72 96 y
1216 7124 104 20 …
1472 7044 264 100 New
1796 7048 344 128 York,
2200 7048 232 104 The
2488 7052 640 104 Macmillan
3188 7088 572 100 company,
3824 7064 284 96 1930.

404 7220 60 56 v
468 7196 108 80 iii
620 7220 108 72 p.,
784 7196 48 76 2
880 7200 80 88 1.,
1012 7196 160 80 192
1220 7220 80 72 p.
1420 7204 340 92 diagrs.
1876 7204 44 76 1
1932 7200 52 68 9
1996 7204 40 92 ,
2128 7232 24 36 .

412 7328 668 96 Bibliography
1124 7340 100 68 at
1272 7336 176 76 end
1492 7336 100 76 of
1636 7340 228 76 each
1912 7340 408 92 chapter.

296 7448 96 92 ©
448 7464 216 92 Apr.
716 7468 72 80 8,
848 7464 264 92 1930;
1168 7468 52 72 2
1224 7476 48 60 c
1280 7528 20 16 .
1352 7468 216 92 Apr.
1620 7468 104 92 9;
1780 7472 100 76 af
1876 7472 36 72 f
1924 7536 12 16 .
1996 7476 216 88 May
2264 7472 156 92 10;
2480 7476 80 76 A
2604 7476 112 76 22
2716 7472 60 68 9
2780 7480 156 88 14;
2996 7480 96 76 P.
3148 7484 120 80 H.
3320 7484 188 72 Fur
3520 7484 40 72 f
3564 7504 136 72 ey,
3756 7484 344 76 Brook-

424 7576 248 88 land,
724 7576 108 76 D.
884 7568 96 84 O.
1100 7576 536 96 (30-13431)
3712 7588 232 84 5256

2060 7684 196 108 797
