4852 8284
2484 7692 264 96 1142

652 700 640 120 Kentucky.
1444 700 340 100 Court
1848 736 56 64 o
1912 700 60 132 f
2032 688 1220 136 appeals-Continued

796 860 44 72 1
896 880 84 72 p.
1040 856 80 96 l.,
1176 856 164 80 779
1396 876 80 72 p.
1588 852 508 88 26ͨͫ
1800 916 20 16 .

668 960 92 96 ©
824 968 224 92 July
1100 968 132 92 15,
1288 964 276 88 1930;
1620 960 52 76 2
1680 984 44 56 c
1736 1028 16 16 .
1808 964 80 72 A
1892 980 56 56 u
1960 980 76 72 g.
2096 960 152 84 12:
2320 956 100 80 af
2412 956 60 80 f.
2532 956 232 92 Aug.
2820 956 160 92 14;
3044 956 80 72 A
3176 952 332 92 25987;
3572 952 260 76 West
3888 952 208 88 pub.
4160 972 100 52 co
4272 1012 16 12 .

4116 1052 108 84 74
4236 1052 48 84 6
4292 1052 52 84 8

656 1228 668 120 Kilpatrick,
1436 1228 204 112 Mrs.
1700 1224 444 100 Marian
2200 1220 508 124 Douglas
2772 1216 464 128 (Jones)
3308 1224 628 100 1859-1928.

788 1376 236 100 The
1100 1372 644 132 Kilpatrick
1824 1372 452 132 family;
2360 1380 544 92 ancestors
2988 1368 216 100 and
3284 1364 712 104 descendants
4076 1360 120 100 of
4276 1360 220 100 Ma-

660 1524 236 100 rian
964 1528 496 128 Douglas
1528 1520 340 108 Jones
1940 1524 216 100 and
2228 1520 416 104 Robert
2712 1516 480 108 Jackson
3264 1512 680 136 Kilpatrick,
4016 1512 272 100 with
4356 1544 156 64 re-

660 1676 288 100 lated
1024 1672 516 132 families,
1600 1672 148 132 by
1816 1668 444 104 Marian
2336 1672 496 128 Douglas
2924 1664 444 136 (Jones)
3456 1660 704 136 Kilpatrick;
4232 1696 276 64 com-

660 1820 296 136 piled
1036 1820 296 104 from
1412 1820 748 136 genealogical
2236 1832 308 88 notes
2628 1816 356 100 which
3064 1816 188 100 she
3336 1812 600 104 assemled
4016 1808 196 104 but
4292 1812 216 100 had

656 1988 192 88 not
900 1984 200 120 put
1156 1972 112 100 in
1324 1972 284 104 book
1664 1968 292 104 form
2012 1972 304 100 when
2380 1968 184 100 the
2620 1972 432 124 Reaper
3104 2000 328 68 came.
3572 1960 572 132 [Beatrice,
4200 1960 268 104 Neb.]

656 2128 132 100 R.
844 2124 108 104 J.
1004 2120 680 132 Kilpatrick,
1744 2124 288 96 1930.

796 2296 148 80 xv,
1000 2284 52 76 3
1060 2288 104 72 11
1220 2304 84 72 p.
1360 2280 100 76 in
1468 2280 76 76 cl
1556 2340 20 16 .
1632 2280 356 92 geneal.
2048 2276 328 80 tables.
2492 2276 224 80 20ͨͫ.

668 2376 100 96 ©
824 2392 224 92 July
1096 2392 132 88 12,
1280 2388 108 80 19
1392 2388 116 80 30
1532 2408 20 72 ;
1604 2384 132 84 2c.
1792 2392 180 72 and
2024 2408 52 56 a
2084 2384 76 80 ff
2168 2452 16 12 .
2240 2384 220 92 July
2512 2384 160 92 15;
2728 2384 76 76 A
2856 2380 332 96 25547;
3248 2384 352 76 Robert
3648 2384 84 76 J.
3788 2380 564 92 Kilpatrick.

820 2500 544 96 (30-18837)
4124 2488 228 84 7469

660 2656 536 124 Lovejoy,
1256 2656 536 104 Clarence
1844 2656 372 116 Earle,
2276 2664 324 92 1894-

792 2804 232 100 The
1144 2800 492 136 Lovejoy
1748 2800 640 136 genealogy,
2508 2800 268 100 with
2892 2796 708 136 biographies
3720 2800 216 100 and
4060 2796 460 132 history,

664 2960 628 120 1460-1930,
1404 2948 592 136 especially
2108 2948 584 132 recording
2800 2948 184 104 the
3096 2944 592 104 American
3804 2944 716 104 descendants

660 3104 220 104 and
964 3104 184 104 the
1240 3100 472 136 English
1800 3112 500 112 ancestry
2388 3100 120 100 of
2596 3100 292 100 John
2984 3100 492 120 Lovejoy
3584 3096 248 136 (162
3840 3104 60 92 2
3904 3096 388 128 -1690)
4400 3096 120 100 of

668 3256 552 128 Andover,
1268 3252 368 128 Mass.,
1688 3252 220 100 and
1960 3248 124 104 of
2136 3248 412 132 Joseph
2616 3248 476 132 Lovejoy
3168 3244 708 136 (1684-1748)
3948 3248 124 100 of
4124 3248 396 96 Prince

664 3404 424 132 George
1168 3400 476 136 County,
1716 3400 268 120 Md.,
2060 3400 200 100 but
2332 3396 228 104 also
2640 3396 632 136 embracing
3344 3400 148 100 all
3568 3400 400 100 known
4048 3400 248 100 data
4380 3432 132 64 on

664 3556 312 100 other
1080 3584 448 96 persons
1628 3548 464 132 bearing
2192 3548 180 100 the
2476 3548 492 132 Lovejoy
3068 3584 348 92 name,
3524 3548 492 100 whether
4112 3584 124 64 or
4328 3572 184 80 not

668 3700 560 108 identified
1320 3700 272 100 with
1680 3700 188 100 the
1960 3700 544 132 emigrant
2596 3708 576 92 ancestors.
3344 3696 616 136 Compiled,
4052 3700 472 100 written.

664 3856 364 100 edited
1112 3852 220 104 and
1420 3848 584 132 published
2084 3848 148 132 by
2324 3844 520 108 Clarence
2928 3848 336 104 Earle
3348 3848 492 132 Lovejoy
3888 3852 60 120 …
4228 3856 56 88 [
4256 3852 264 100 New

668 4004 344 128 York]
1080 4004 340 100 ͨ1930.

800 4168 52 72 4
920 4184 84 72 p.
1064 4168 88 88 l.,
1220 4160 164 76 5-4
1392 4160 76 76 60
1564 4180 80 72 p.
1760 4156 320 92 front.,
2144 4156 260 92 plate
2408 4160 28 72 s
2460 4216 16 32 ,
2544 4160 316 88 ports.,
2928 4176 240 72 map,
3236 4156 100 76 fa
3340 4156 52 76 c
3404 4176 40 60 s
3452 4156 28 76 i
3492 4176 192 72 ms.,
3752 4160 52 72 2
3872 4180 44 56 c
3920 4160 88 76 ol
4020 4220 16 16 .
4100 4180 48 56 c
4152 4184 48 52 o
4212 4184 48 52 a
4272 4164 88 76 ts
4428 4164 100 76 of

668 4292 252 60 arms
976 4296 112 56 on
1148 4272 48 72 1
1248 4292 56 72 p
1312 4272 28 72 l
1352 4332 20 16 .
1484 4268 52 76 2
1540 4268 108 92 3
1636 4284 48 56 ½
1652 4272 32 44 ͨͫ
1740 4304 24 36 .

808 4380 280 76 "This
1148 4380 80 72 is
1284 4396 228 72 copy
1572 4396 140 56 no.
1768 4372 108 80 93
1936 4376 100 76 of
2084 4392 120 56 an
2264 4372 352 76 edition
2676 4372 100 76 of
2828 4372 112 76 30
2948 4368 132 80 0."
3204 4376 56 72 S
3272 4372 324 88 igned:
3664 4376 68 76 C
3740 4436 16 16 .
3816 4376 104 76 E.
3980 4376 436 96 Lovejoy.

684 4468 92 88 ©
832 4492 224 88 July
1100 4488 132 92 17,
1288 4484 268 88 1930;
1612 4484 52 76 2
1668 4496 44 60 c
1724 4548 16 12 .
1792 4484 224 88 July
2064 4480 160 92 21;
2280 4476 156 84 aff.
2492 4484 220 88 July
2768 4484 156 88 18;
2980 4480 80 76 A
3108 4480 48 76 2
3168 4484 52 72 6
3220 4476 220 96 290;
3500 4480 96 84 C.
3648 4484 100 76 E.
3804 4484 440 96 Lovejoy,
4296 4484 228 80 New

812 4600 276 76 York.
1232 4596 328 92 (30-18
1556 4600 172 72 86
1748 4592 24 92 )
4124 4588 232 88 7470

668 4756 248 100 Mac
928 4752 48 100 f
984 4784 64 68 a
1056 4752 76 96 ll
1140 4832 28 40 ,
1228 4748 548 128 Haldane,
1844 4756 624 96 1860-1928.

800 4908 236 96 The
1096 4904 516 132 splendid
1672 4900 672 136 wayfaring,
2404 4904 148 132 by
2612 4900 516 104 Haldane
3192 4900 508 136 Macfall,
3764 4900 268 104 with
4100 4940 56 64 a
4232 4904 292 132 pref-

668 5096 60 60 a
736 5092 52 64 c
796 5096 52 60 e
944 5056 144 132 by
1184 5052 380 104 Frank
1664 5052 636 132 Brangwyn
2404 5056 216 100 and
2720 5088 60 68 a
2880 5056 508 124 personal
3488 5060 248 96 note
3828 5056 152 132 by
4076 5052 444 108 Gordon

676 5208 368 128 Craig.
1216 5204 268 100 New
1540 5200 348 132 York,
1940 5204 172 100 W.
2168 5200 132 104 V.
2360 5200 448 136 McKee,
2868 5204 808 132 incorporated,
3736 5208 292 100 1930.

808 5360 300 76 xxxix
1160 5380 108 72 p.,
1328 5360 44 72 1
1424 5360 88 88 l.,
1564 5360 168 76 277
1784 5376 84 72 p.
1980 5356 228 80 21ͨͫ.

808 5468 348 92 Essays
1216 5488 116 56 on
1388 5472 180 72 art.

692 5548 96 88 ©
844 5580 220 92 Apr.
1120 5580 76 84 1,
1256 5576 36 72 1
1316 5572 108 72 93
1424 5576 104 84 0;
1584 5576 132 76 2c.
1776 5572 100 72 M
1876 5592 48 56 a
1936 5596 56 68 y
2048 5568 164 96 19;
2272 5596 48 52 a
2332 5572 52 76 f
2332 5572 72 76 f
2412 5640 12 12 .
2484 5576 224 88 July
2764 5576 104 88 3;
2928 5572 80 76 A
3068 5572 328 92 26155;
3460 5576 228 76 Earl
3744 5576 104 76 E.
3908 5576 252 96 Fisk,
4224 5576 300 80 Green

824 5688 228 92 Bay,
1112 5684 220 76 Wis.
1496 5652 88 88 [
1488 5676 100 104 ©
1652 5688 372 72 person
2048 5680 28 72 al
2140 5688 216 72 note
2416 5688 68 80 &
2540 5700 204 60 new
2804 5684 376 92 preface]
3348 5684 540 96 (30-18877)
4132 5684 224 84 7471

676 5812 824 124 Massingham,
1552 5812 432 100 Harold
2032 5808 336 128 John,
2428 5820 320 96 1888-

808 5960 228 100 The
1092 5956 52 104 f
1148 5952 312 108 riend
1512 5956 124 100 of
1684 5952 492 140 Shelley;
2236 6000 60 60 a
2348 5956 452 104 memoir
2848 5960 124 100 of
3020 5960 488 100 Edward
3560 5964 296 104 John
3912 5964 616 128 Trelawny,

668 6108 144 132 by
876 6108 148 100 H.
1092 6108 108 104 J.
1264 6104 784 132 Massingham.
2192 6108 492 128 London,
2756 6104 1156 136 Cobden-Sanderson,
3976 6116 292 96 1930.

808 6284 60 56 x
880 6260 64 76 ii
952 6260 28 76 i
992 6320 20 36 ,
1064 6260 48 76 3
1124 6260 108 76 50
1288 6280 84 72 p.
1484 6260 320 92 front.,
1868 6260 148 96 pl.,
2072 6264 320 92 ports.,
2448 6260 368 80 facsim.
2928 6260 224 80 23ͨͫ.

816 6368 388 96 "Copies
1256 6368 104 76 of
1416 6368 448 92 Shelley's
1916 6388 316 76 poems
2284 6368 100 76 in
2432 6372 160 80 the
2648 6372 496 92 Trelawny
3240 6368 288 88 mss.":
3584 6396 80 72 p.
3740 6392 24 60 [
3760 6376 188 80 331]

816 6480 128 76 "A
996 6476 164 80 list
1212 6476 100 80 of
1360 6476 396 80 books":
1816 6500 84 72 p.
1964 6480 72 76 [3
2044 6476 392 80 40]-342.

692 6568 100 88 ©
852 6592 124 80 1c.
1036 6596 224 88 July
1320 6592 44 68 1
1372 6592 48 76 0
1424 6624 20 40 .
1508 6596 108 72 19
1628 6592 56 64 8
1680 6592 56 68 0
1760 6612 16 72 ;
1840 6596 80 72 A
1972 6596 120 72 ad
2148 6596 164 76 int.
2372 6596 112 72 14
2484 6592 52 76 0
2544 6592 156 92 84;
2764 6592 272 92 pubd.
3100 6596 220 92 July
3380 6596 104 92 2;
3548 6596 108 76 D.
3716 6600 464 92 Appleton
4236 6596 72 80 &
4368 6616 156 72 co.,

824 6704 224 76 New
1104 6704 280 76 York.
1520 6700 28 92 (
1564 6704 48 76 3
1620 6704 440 96 0-18781)
4128 6700 240 84 7472

680 6832 588 120 Mottram,
1324 6828 364 124 Ralph
1744 6828 320 128 Hale,
2124 6840 328 96 1883-

820 6980 536 132 Europa's
1456 6980 336 132 beast,
1884 6984 148 132 by
2128 6984 132 100 R.
2360 6984 148 100 H.
2608 6980 568 108 Mottram.
3344 6984 500 136 London,
3944 6984 404 108 Chatto
4448 6992 88 96 &

676 7132 508 128 Windus,
1240 7136 124 96 19
1372 7140 56 88 3
1440 7136 92 96 0.

820 7284 56 80 4
924 7304 88 72 p.
1060 7284 88 96 l.,
1200 7284 192 92 363,
1452 7320 20 60 [
1480 7284 48 76 1
1540 7320 16 60 ]
1616 7308 84 68 p.
1816 7288 48 72 1
1872 7284 504 88 9½ͨͫ
2080 7344 16 20 .

704 7384 92 92 ©
864 7396 128 76 1c.
1056 7392 240 80 June
1360 7392 132 92 28,
1556 7392 272 92 1930;
1892 7396 80 76 A
2032 7400 120 72 ad
2216 7392 164 80 int.
2444 7392 328 84 14090:
2840 7400 276 88 pubd.
3180 7400 216 88 Apr.
3464 7396 160 92 30;
3692 7400 108 76 R.
3864 7400 120 76 H.
4052 7400 468 72 Mottram.

832 7504 532 88 Bessacarr,
1428 7524 224 56 near
1716 7500 544 92 Doncaster,
2328 7504 452 88 England.
2916 7504 540 96 (30-18864)
4136 7504 232 80 7473
