4800 8268
340 632 376 128 Adler,
788 632 444 128 Alfred,
1304 640 320 100 1870-
2056 668 52 68 e
2116 640 100 100 d.

460 784 504 136 Guiding
1028 788 188 100 the
1284 784 304 104 child
1652 824 140 64 on
1860 788 184 100 the
2116 784 596 136 principles
2788 784 124 104 of
2984 788 624 104 individual
3680 788 500 132 psychol-

324 968 248 96 ogy,
664 932 148 132 by
904 932 412 108 Alfred
1404 936 352 104 Adler
1852 936 220 100 and
2168 932 632 132 associates;
2900 936 612 104 translated
3608 936 296 104 from
3996 944 184 96 the

324 1080 484 108 German
892 1088 148 128 by
1120 1084 592 136 Benjamin
1792 1084 608 136 Ginzburg,
2480 1120 192 64 PH.
2752 1124 92 64 D.
2992 1084 268 108 New
3344 1088 348 132 York,
3776 1088 404 104 Green-

320 1228 264 136 berg
648 1228 120 124 [ͨ
728 1244 260 92 1930
996 1304 28 68 ]

452 1412 56 56 v
516 1388 28 76 i
556 1388 28 76 i
592 1388 56 84 i.
704 1388 168 80 9-2
880 1392 52 76 6
936 1392 56 76 8
1044 1412 84 72 p.
1240 1392 508 84 21ͨͫ.

460 1528 196 76 The
752 1528 492 92 problems,
1348 1528 876 96 accomplishments
2320 1528 184 76 and
2604 1528 400 76 failures
3100 1548 120 56 en
3224 1548 48 56 c
3276 1532 332 72 ounter
3616 1548 48 56 e
3672 1532 56 76 d
3828 1528 100 76 in
4024 1532 160 80 the

320 1636 652 96 twenty-eight
1032 1640 252 76 child
1348 1636 456 96 guidance
1868 1636 328 80 clinics
2260 1636 576 80 established
2900 1640 300 76 under
3260 1640 156 76 the
3484 1640 536 92 leadership
4080 1664 52 56 o
4140 1640 44 76 f

320 1748 164 76 Dr.
556 1748 328 76 Alfred
956 1748 292 76 Adler
1316 1748 100 76 in
1480 1748 392 92 Vienna,
1940 1744 352 96 Berlin,
2364 1748 184 76 and
2620 1744 412 84 Munich,
3104 1748 432 92 reported
3608 1748 120 92 by
3808 1748 148 76 the
4028 1768 52 60 e
4088 1772 56 56 x
4148 1792 32 12 -

320 1864 252 84 perts
628 1856 96 76 in
776 1856 368 92 charge,
1196 1856 192 80 and
1436 1856 312 80 edited
1804 1856 116 92 by
1972 1856 164 80 Dr.
2188 1856 312 80 Adler,
2620 1856 116 92 cf.
2792 1856 508 92 Prefatory
3356 1864 244 72 note.

328 1976 96 92 ©
484 1996 212 76 Feb.
748 1988 60 76 6
808 2056 16 28 ,
872 1992 272 92 1930;
1200 1996 132 76 2c.
1384 1996 216 76 Feb.
1652 1996 96 88 7;
1808 2012 48 56 a
1868 1992 32 76 f
1900 1992 44 76 f
1948 2056 16 12 .
2020 1992 216 76 Feb.
2284 1992 160 88 21;
2504 1992 76 76 A
2632 1992 112 76 19
2740 1992 56 76 9
2800 1992 160 92 67;
3024 1992 580 92 Greenberg:
3664 1992 508 92 publisher,

460 2104 28 72 i
492 2124 64 56 n
560 2124 48 56 c
616 2164 16 16 .
768 2104 484 96 (30-7289)
3784 2096 232 84 2170

544 2288 60 108 …
664 2288 568 104 Problems
1308 2288 124 100 of
1496 2288 548 124 neurosis;
2120 2284 272 100 with
2468 2324 60 60 a
2600 2284 588 136 prefatory
3256 2320 308 96 essay
3632 2288 148 132 by
3852 2284 124 100 F.
4052 2284 132 108 G.

328 2436 724 104 Crookshank
1112 2440 68 112 …
1324 2432 360 108 edited
1756 2436 144 132 by
1976 2432 528 132 Philippe
2576 2432 440 104 Mairet.
3160 2436 268 100 New
3508 2436 344 136 York,
3928 2436 256 104 Cos-

320 2588 612 132 mopolitan
992 2584 288 108 book
1336 2588 736 128 corporation,
2144 2588 288 96 1930.

444 2744 52 72 2
544 2764 84 72 p.
680 2744 84 92 1.,
820 2740 104 76 iii
928 2788 44 8 -
988 2764 60 56 v
1052 2800 20 36 ,
1120 2740 168 76 244
1336 2764 88 72 p.
1536 2740 56 76 2
1596 2740 504 84 1½ͨͫ.

320 2864 100 92 ©
488 2884 236 72 Mar.
784 2880 76 88 1,
928 2876 268 80 1930:
1264 2880 128 76 2c.
1460 2880 92 76 M
1560 2896 48 60 a
1624 2900 72 56 r.
1756 2880 48 76 3
1824 2880 32 68 ;
1928 2896 48 60 a
1988 2876 40 72 f
2012 2876 52 76 f
2072 2940 12 16 .
2156 2876 228 80 Mar.
2456 2876 100 92 6;
2624 2876 76 76 A
2764 2876 332 92 19913;
3168 2876 696 96 Cosmopolitan
3932 2872 240 84 book

452 3008 48 60 c
500 3012 108 56 or
616 3008 60 72 p
680 3052 16 12 .
832 2988 488 92 (30-7272)
3808 2984 228 84 2171

320 3172 248 100 Ake
572 3168 36 100 l
616 3200 172 96 ey,
840 3176 268 100 Mrs.
1160 3172 324 100 Delia
1532 3168 72 104 J
2168 3164 648 128 (Denning)

452 3324 416 132 Jungle
932 3320 572 132 portraits,
1568 3324 144 132 by
1780 3320 324 104 Delia
2172 3320 108 104 J.
2348 3320 480 136 Akeley;
2904 3320 268 104 with
3244 3320 484 140 original
3796 3324 388 132 photo-

304 3472 448 132 graphs.
896 3472 272 100 New
1220 3468 348 132 York,
1624 3468 232 104 The
1912 3468 652 104 Macmillan
2616 3504 580 100 company,
3256 3476 292 96 1930.

440 3652 64 52 x
556 3652 112 72 p.,
724 3628 48 76 1
824 3632 92 88 1.,
968 3628 164 76 251
1188 3648 84 72 p.
1384 3628 316 92 front.,
1760 3632 336 88 plates.
2204 3628 508 84 23ͨͫ.

316 3756 96 92 ©
476 3764 236 80 Mar.
768 3764 80 92 4,
904 3764 276 92 1930;
1240 3764 132 80 2c.
1428 3764 184 76 and
1672 3760 156 80 aff.
1892 3760 236 80 Mar.
2188 3764 100 88 5;
2356 3764 76 72 A
2492 3760 164 80 200
2664 3764 112 76 96
2800 3784 16 68 ;
2884 3764 552 76 Macmillan
3496 3788 128 56 co.

468 3876 92 92 (3
568 3872 56 80 0
628 3872 324 92 -7309)
3776 3872 240 84 2172

316 4052 468 128 Albach,
844 4052 316 108 Karl.

440 4204 296 108 Ober
740 4228 80 76 se
792 4204 528 100 chlesiens
1392 4204 444 132 heutige
1908 4204 456 132 gestalt;
2440 4204 324 104 kohle
2836 4208 228 104 und
3128 4204 292 108 eisen
3496 4208 156 104 im
3724 4208 444 108 wieder-

300 4352 416 104 aufbau
780 4356 224 100 und
1072 4352 1120 136 wirtschaftskampf,
2260 4352 232 104 eine
2556 4356 720 104 studienreise
3340 4396 216 64 von
3620 4360 288 100 Karl
3972 4360 196 100 Al-

296 4504 308 104 bach.
752 4504 432 132 Siegen,
1252 4504 492 100 Büscher
1804 4508 84 100 &
1956 4504 320 136 Sarx,
2336 4544 104 96 g.
2504 4544 140 60 m.
2704 4504 100 100 b.
2868 4508 144 128 h.,
3080 4516 288 96 1929.

432 4664 52 76 3
536 4684 88 72 p.
680 4656 80 100 1.,
812 4660 60 80 9
876 4660 244 96 -128,
1172 4660 128 80 vii
1356 4684 84 72 p.
1556 4660 108 76 ill
1664 4684 64 52 u
1736 4684 72 56 s.
1864 4656 312 100 (map)
2244 4660 332 96 plates.
2692 4656 540 88 22ͨͫ.

436 4796 444 96 Running
952 4796 268 80 title:
1300 4796 208 80 Koh
1516 4800 28 72 l
1552 4816 52 60 e
1676 4820 60 56 u
1744 4796 124 80 nd
1948 4796 256 80 eisen
2280 4796 128 76 im
2480 4796 716 80 wiederaufbau
3272 4820 60 56 u
3340 4804 124 76 nd
3544 4800 624 80 wirtschafts-

296 4904 356 96 kampf.

308 5036 100 96 ©
468 5048 224 92 July
744 5044 136 92 25,
940 5044 268 88 1929;
1272 5044 128 84 1c.
1460 5044 228 76 Nov.
1744 5044 156 88 22;
1964 5044 604 92 A-Foreign
2624 5044 272 88 5438;
2960 5044 76 76 B
3040 5048 36 76 i
3040 5044 340 80 uscher
3440 5048 72 76 &
3572 5048 176 80 Sar
3748 5060 64 64 x
3824 5108 20 32 ,
3904 5068 80 72 g.
4040 5068 120 56 m.

436 5156 84 80 b.
572 5156 92 76 h.
788 5152 488 96 (30-7636)
3768 5152 60 84 2
3832 5152 108 84 17
3948 5152 52 84 3

304 5336 688 124 Alexander,
1052 5336 408 104 Franz.

496 5480 68 120 …
632 5480 236 104 The
940 5480 904 132 psychoanalysis
1920 5480 128 104 of
2116 5480 188 104 the
2372 5480 284 104 total
2728 5480 736 140 personality;
3544 5488 184 100 the
3808 5488 360 132 appli-

292 5632 372 108 cation
720 5632 128 104 of
908 5632 456 100 Freud's
1428 5632 392 132 theory
1880 5628 128 104 of
2060 5632 188 100 the
2308 5668 196 96 ego
2568 5640 112 96 to
2740 5636 188 100 the
2988 5668 544 108 neuroses,
3592 5636 144 132 by
3800 5640 364 100 Franz

296 5780 636 108 Alexander
1000 5784 64 120 …
1280 5780 644 104 authorized
2044 5780 472 132 English
2632 5784 664 104 translation
3400 5788 148 132 by
3660 5792 508 104 Bernard

292 5932 104 108 G
404 5936 36 104 l
448 5936 272 104 ueck
768 5944 64 108 …
952 5932 220 104 and
1232 5932 516 100 Bertram
1804 5932 136 100 D.
2000 5932 384 100 Lewin
2440 5944 64 108 …
2624 5932 276 104 with
2956 5972 60 64 a
3076 5972 192 96 pre
3280 5936 52 100 f
3340 5948 320 124 atory
3712 5948 252 96 note
4024 5944 144 132 by

292 6088 136 100 A.
516 6088 140 100 A.
748 6084 292 104 Brill
1140 6092 68 108 …
1412 6080 272 104 New
1772 6080 320 104 York
2180 6080 224 104 and
2488 6084 780 136 Washington,
3356 6088 500 108 Nervous
3944 6092 224 104 and

292 6236 412 104 mental
756 6236 412 104 disease
1228 6228 648 136 publishing
1928 6268 188 96 co.,
2180 6236 288 96 1930.

428 6416 128 60 xx
568 6460 16 32 ,
656 6396 168 80 176
888 6416 88 72 p.
1096 6392 600 92 23½ͨͫ.
1528 6388 472 96 (Nervous
2072 6392 188 76 and
2332 6396 348 72 mental
2756 6392 368 80 disease
3192 6400 580 96 monograph
3840 6404 320 96 series,

292 6532 144 52 no.
492 6504 160 96 52)

428 6616 368 84 "Based
852 6628 248 76 upon
1156 6612 184 76 two
1396 6604 292 80 series
1744 6604 104 76 of
1900 6604 412 76 lectures
2368 6604 212 80 held
2644 6608 340 96 during
3044 6608 216 80 1924
3320 6616 184 76 and
3560 6616 224 84 1925
3844 6628 100 72 at
4000 6624 160 76 the

296 6716 788 100 Psychoanalytic
1176 6712 440 80 institute
1712 6712 100 76 in
1908 6708 980 88 Berlin."-Author's
2984 6716 344 84 introd.

304 6828 100 96 ©
452 6836 240 72 Mar.
740 6832 76 88 1,
868 6824 160 80 193
1036 6824 60 80 0
1120 6844 20 72 ;
1192 6824 132 76 2c.
1372 6824 188 76 and
1608 6820 160 76 aff.
1820 6824 236 72 Mar.
2108 6820 104 88 6;
2264 6820 84 76 A
2396 6820 332 96 19914;
2780 6824 428 84 Nervous
3260 6832 72 76 &
3380 6840 356 72 mental
3788 6836 368 80 disease

428 6940 216 96 pub.
696 6960 132 56 co.
952 6928 488 100 (30-7398)
3760 6944 232 84 2174

296 7096 464 120 Austin,
812 7088 416 104 Maude
1280 7088 444 104 Mason.

424 7240 432 104 Annals
940 7232 124 104 of
1144 7232 184 104 the
1404 7232 392 124 desert,
1876 7228 148 132 by
2104 7232 408 104 Maude
2592 7236 396 104 Mason
3068 7236 416 112 Austin
3544 7244 68 112 …
3776 7252 384 132 photo-

292 7396 412 132 graphs
772 7388 148 132 by
992 7384 560 104 Gandara.
1696 7380 456 128 Boston,
2216 7380 372 132 Mass.,
2660 7384 236 108 The
2968 7388 580 116 Stratford
3620 7432 540 116 company

308 7584 120 104 [ͨ
380 7548 264 100 1930
648 7596 32 68 ]

2092 7684 196 100 329
