4752 8320
324 692 440 124 Taylor,
832 692 1016 120 Gay-Continued

468 848 164 80 288
684 872 76 68 p.
884 848 500 84 19ͨͫ
1088 908 12 16 .

484 980 60 104 ©
484 980 132 104 1c.
668 984 228 88 Aug.
948 976 72 96 9,
1080 980 264 84 1930;
1408 984 72 68 A
1532 984 116 72 ad
1708 980 164 76 int.
1928 976 324 92 14164;
2312 976 268 96 pubd.
2640 976 240 76 June
2932 976 160 92 27;
3152 976 104 80 G.
3312 976 368 92 Taylor,
3740 976 404 76 London.

484 1088 532 96 (30-23207)
3736 1080 232 80 8638

320 1268 368 128 Tieck,
748 1268 64 104 J
820 1300 64 72 o
888 1268 304 104 hann
1252 1268 508 120 Ludwig,
1824 1268 628 104 1773-1853.

532 1416 60 112 …
652 1412 476 132 Ludwig
1200 1412 1048 104 Tieck-Friedrich
2324 1448 208 64 von
2612 1416 476 100 Raumer
3160 1412 424 128 letters;
3664 1412 484 100 hitherto

332 1564 724 132 unpublished
1160 1564 368 100 letters
1636 1560 292 104 from
2028 1564 476 132 Ludwig
2600 1564 340 100 Tieck
3040 1572 108 88 to
3256 1560 576 104 Friedrich
3940 1592 208 68 von

332 1716 524 124 Raumer;
924 1712 688 100 contributed
1676 1712 148 128 by
1884 1712 400 100 Edwin
2348 1712 144 100 H.
2564 1712 396 132 Zeydel
3060 1716 68 112 …
3220 1712 216 100 and
3500 1712 348 128 Percy
3912 1712 232 96 Ma-

332 1876 40 88 t
380 1864 204 100 enk
588 1900 60 64 o
716 1868 64 108 …
960 1864 268 100 New
1288 1860 344 128 York,
1696 1856 572 108 Columbia
2332 1860 612 132 university
3004 1896 332 92 press,
3404 1864 188 96 193
3604 1864 56 96 0
3672 1940 20 20 .

460 2024 48 72 1
568 2044 80 72 p.
704 2020 36 68 1
748 2080 40 32 .,
844 2024 48 72 3
904 2020 52 76 8
1008 2040 80 72 p.
1196 2020 52 72 2
1256 2020 164 76 5".
1552 2020 452 88 (German
2008 2016 84 80 ic
2148 2036 100 56 re
2252 2016 96 76 vi
2352 2036 136 60 ew
2544 2024 92 72 te
2636 2016 64 72 x
2712 2020 36 76 t
2756 2040 68 68 s,
2880 2040 60 52 n
2948 2040 48 56 o
3008 2080 16 16 .
3076 2020 100 88 2)

468 2156 244 76 "The
768 2152 628 92 manuscripts
1488 2156 324 88 except
1872 2172 168 56 one
2104 2152 56 84 …
2288 2172 56 56 a
2352 2172 100 56 re
2504 2152 100 76 in
2660 2152 160 76 the
2872 2152 528 92 possession
3460 2152 100 76 of
3616 2156 156 72 the
3832 2156 172 72 Pre
4016 2176 104 52 us
4128 2200 24 8 -

332 2264 296 80 sische
680 2260 640 80 staatsbibliot
1324 2264 60 72 h
1392 2260 112 76 ek
1556 2260 92 76 in
1704 2260 604 92 Berlin."-p.
2360 2260 80 76 1.

472 2368 560 96 "Reprinted
1080 2368 248 76 from
1380 2368 156 76 the
1592 2364 488 80 Germanic
2132 2364 364 92 review,
2548 2368 176 76 vol.
2776 2368 136 76 v."

344 2500 92 100 ©
488 2508 240 76 June
772 2504 76 92 9,
896 2504 48 72 1
952 2500 52 76 9
1008 2500 156 92 30;
1216 2500 128 76 2c.
1412 2504 224 72 June
1680 2500 156 88 11;
1892 2500 152 76 aff.
2096 2500 248 76 June
2384 2496 156 92 21;
2592 2500 80 72 A
2716 2496 328 92 25193;
3104 2500 476 76 Columbia
3636 2500 516 96 university

472 2636 288 72 press.
884 2648 20 60 [
920 2608 96 96 ©
1088 2608 604 80 annotations
1760 2612 184 72 and
2008 2612 296 88 notes,
2444 2608 536 96 (30-21533)
3756 2608 224 84 8639

324 2796 536 120 Torberg,
924 2792 620 104 Friedrich.

548 2948 60 104 …
668 2944 224 100 Der
956 2944 428 100 schüler
1444 2940 416 104 Gerber
1924 2940 192 100 hat
2184 2940 624 128 absolviert,
2872 2972 412 68 roman.
3428 2944 376 96 Berlin
3884 2948 208 88 [etc.
4108 2976 32 76 ]

344 3096 116 100 P.
524 3092 500 128 Zsolnay,
1088 3096 288 96 1930.

468 3252 192 88 380,
724 3272 20 60 [
748 3252 44 72 1
800 3268 20 64 ]
884 3268 80 72 p.
1076 3248 192 76 19%
1276 3308 20 20 .

480 3356 128 80 "1.
668 3356 140 80 bis
868 3356 76 80 5.
1004 3352 476 84 tausend."

348 3440 88 88 ©
516 3468 208 76 Feb.
792 3464 132 92 27,
992 3464 260 80 1930;
1332 3464 104 76 le
1444 3524 16 16 .
1528 3464 216 92 Apr.
1812 3464 156 88 22;
2040 3464 600 88 A-Foreign
2704 3464 272 92 7755;
3048 3464 236 76 Paul
3356 3464 396 92 Zsolnay
3816 3464 348 92 verlag,

476 3596 80 72 g.
616 3596 112 56 m.
792 3576 52 76 b
852 3636 16 16 .
932 3576 84 76 h.
1152 3572 376 96 (30-208
1536 3572 44 80 5
1580 3568 108 96 8)
3756 3568 52 84 8
3820 3568 48 84 6
3880 3568 52 80 4
3940 3568 48 84 0

336 3752 488 124 Vachell,
880 3756 440 100 Horace
1376 3752 608 128 Annesley,
2048 3760 328 100 1861-

468 3904 228 100 The
760 3904 236 100 best
1064 3900 120 100 of
1252 3904 520 128 England
1852 3968 20 64 [
1884 3904 144 128 by
2040 3964 20 64 ,
2140 3904 432 100 Horace
2640 3904 556 132 Annesley
3260 3908 104 100 V
3372 3904 300 100 achel
3680 3904 36 100 l
3732 3988 16 16 .
3892 3908 260 96 New

336 4052 336 132 York,
728 4052 132 100 A.
920 4052 132 104 A.
1108 4052 432 132 Knopf,
1600 4060 280 96 1930.

472 4204 44 76 5
568 4228 84 68 p.
700 4208 80 88 1.,
832 4204 300 92 3-253,
1184 4216 48 64 v
1288 4228 108 68 p.,
1444 4208 48 72 1
1544 4208 56 76 1.
1712 4204 104 76 21
1832 4208 44 88 ½
1880 4212 32 40 ͨͫ
1980 4268 12 16 .

472 4316 524 76 CONTENTS.
1032 4360 108 8 -
1176 4316 192 76 The
1444 4316 48 76 b
1500 4316 104 72 ill
1684 4316 100 76 of
1856 4316 1588 92 fare.-Hunting.-Shooting.--S
3460 4324 56 68 ta
3560 4316 64 72 lk
3672 4316 24 72 i
3704 4340 184 52 n.-
3920 4320 244 76 -Sal-

344 4440 204 60 mon
628 4424 180 76 and
892 4428 256 72 trout
1224 4424 340 88 fishing
1576 4488 12 12 .
1604 4424 288 76 -Sea
1968 4424 340 88 fishing
2388 4424 180 76 and
2652 4444 324 56 coarse
3056 4424 564 88 fishing.-R
3620 4432 48 60 a
3696 4428 72 72 ci
3800 4448 52 52 n
3816 4416 60 68 g
3980 4428 180 72 and

344 4532 724 92 polo.-Cricket
1144 4532 180 76 and
1404 4532 256 76 footb
1672 4552 40 56 a
1732 4532 28 72 l
1764 4536 44 72 l
1812 4528 476 80 --Tennis
2364 4532 180 76 and
2624 4532 824 92 racquets.-Golf,
3528 4544 376 84 croquet
3980 4536 180 76 and

340 4640 52 76 b
400 4644 248 72 owls.
684 4684 104 8 -
832 4640 1016 92 Sight-seeing.-Food
1928 4644 180 72 and
2192 4640 504 76 wine.-So
2708 4664 48 52 c
2760 4640 416 92 iety.--R
3188 4664 60 52 u
3252 4664 44 52 r
3304 4664 44 52 a
3364 4644 32 72 l
3476 4644 420 88 England
3984 4668 40 52 a
4048 4668 48 48 n
4044 4640 36 64 e

340 4748 716 88 country-house
1116 4748 512 76 life.-Coll
1640 4772 44 52 e
1692 4748 384 88 cting.-
2092 4748 88 76 H
2188 4748 124 76 ail
2380 4752 180 72 and
2624 4752 452 76 farewell.

360 4848 96 92 ©
516 4860 228 88 Aug.
808 4864 48 68 1
860 4864 48 68 5
920 4920 16 24 ,
996 4856 268 92 1930;
1328 4856 128 76 2c.
1520 4860 184 72 and
1768 4856 152 80 aff.
1984 4860 228 92 Aug.
2276 4856 156 92 19;
2496 4860 80 72 A
2636 4856 328 92 26751;
3028 4860 328 76 Alfred
3424 4860 104 80 A.
3588 4860 344 92 Knopf,
4000 4860 172 80 inc.

508 4964 536 96 (30-21733)
3764 4964 232 84 8641

340 5148 408 124 Vance,
808 5148 488 104 William
1356 5148 604 124 Reynolds.

472 5300 628 100 Handbook
1156 5304 120 96 of
1332 5300 180 104 the
1568 5304 212 96 law
1836 5304 124 100 of
2016 5300 604 136 insurance,
2672 5308 144 120 by
2872 5304 500 104 William
3428 5308 100 96 R
3540 5388 16 20 .
3616 5308 372 104 Vance
4068 5300 68 112 …

344 5452 136 100 2d
544 5452 160 100 ed.
856 5448 536 132 Chapters
1456 5484 40 64 I
1560 5460 112 92 to
1736 5468 100 116 V,
1904 5448 200 104 inc.
2256 5452 152 104 St.
2480 5456 320 128 Paul,
2860 5452 388 112 Minn.,
3312 5456 304 100 West
3684 5456 480 132 publish-

344 5600 188 124 ing
588 5636 568 96 company,
1220 5604 284 100 1930.

488 5752 44 76 1
592 5772 80 72 p.
728 5752 84 92 1.,
868 5756 168 76 258
1088 5776 80 68 p.
1284 5756 104 76 23
1376 5756 36 52 ͨͫ
1484 5784 20 40 .

368 5840 88 88 ©
520 5864 208 76 Feb.
784 5864 76 88 6,
920 5864 44 72 1
972 5860 52 76 9
1032 5864 156 88 30;
1248 5860 124 84 2c.
1436 5868 228 72 Mar.
1724 5864 156 92 10;
1944 5888 44 52 a
2004 5864 96 80 ff.
2160 5868 232 72 Mar.
2452 5868 156 92 13;
2672 5868 76 72 A
2800 5864 332 96 21115;
3196 5868 260 80 West
3512 5868 208 92 pub.
3780 5892 48 56 c
3832 5892 76 56 o.

3768 5972 236 84 8642

348 6072 436 120 Weeks,
844 6072 488 104 William
1396 6076 132 104 E.

480 6216 188 100 All
752 6216 108 100 in
944 6220 184 100 the
1204 6220 372 100 racket
1668 6284 20 64 [
1700 6224 144 132 by
1856 6284 20 64 ]
1968 6224 500 100 William
2548 6224 128 100 E.
2760 6224 424 128 Weeks,
3264 6228 264 96 with
3616 6260 136 68 an
3836 6228 336 100 intro-

352 6364 436 104 duction
852 6368 144 132 by
1056 6368 428 100 Arthur
1548 6368 488 104 Garfield
2100 6372 344 128 Hays.
2576 6372 268 104 New
2908 6372 340 116 York,
3316 6372 116 108 C.
3504 6376 316 112 Boni,
3892 6380 280 96 1930.

484 6524 160 76 221
696 6548 80 72 p.
892 6524 112 76 19
1008 6528 108 76 ͨͫ.

492 6632 252 76 "'All
812 6632 100 76 in
976 6636 156 72 the
1200 6636 344 76 racket'
1612 6656 196 56 was
1872 6656 80 56 w
1964 6636 284 80 ritten
2312 6640 116 88 by
2492 6640 416 76 William
2976 6644 104 72 E.
3144 6644 332 76 Weeks
3540 6636 52 84 …
3712 6644 156 76 the
3932 6644 244 76 facts

356 6740 176 76 and
596 6740 156 76 the
808 6744 260 88 story
1124 6764 160 52 are
1348 6744 168 84 his,
1576 6744 120 76 its
1756 6748 264 88 style,
2084 6752 452 88 however,
2596 6744 80 80 is
2740 6752 156 72 the
2952 6752 292 72 result
3304 6752 100 72 of
3464 6752 156 76 the
3676 6744 500 80 collabora-

360 6848 192 76 tion
596 6852 96 72 of
736 6852 92 72 M
836 6872 48 52 r
884 6856 20 60 .
956 6852 328 80 Weeks
1336 6852 180 76 and
1568 6852 324 76 Edwin
1948 6852 112 80 Se
2068 6876 48 56 a
2128 6876 160 56 ver
2384 6844 108 84 …"

372 6944 16 56 '
384 6932 40 88 ©
520 6960 216 88 July
788 6960 132 84 25,
972 6956 104 80 19
1080 6960 48 80 3
1140 6960 100 76 0:
1296 6960 44 76 1
1400 6968 60 72 c.
1516 6960 72 76 A
1604 6984 48 52 u
1664 6980 80 72 g.
1796 6960 96 76 2;
1956 6960 124 80 le.
2136 6960 224 100 Aug,
2416 6960 100 84 4;
2576 6940 156 100 aff.
2784 6964 224 92 July
3056 6968 160 84 31;
3280 6964 76 76 A
3404 6964 328 92 26778;
3792 6968 384 76 Charles

496 7068 192 76 Bon
700 7068 28 72 i
740 7128 12 20 ,
812 7068 112 92 jr.
1068 7064 536 96 (30-21772)
3772 7068 108 84 86
3884 7072 56 80 4
3944 7072 56 80 3

356 7244 396 124 Weiss,
812 7248 392 124 Ernst,
1264 7244 328 112 1884-
4212 7312 8 8 -

544 7392 68 108 …
680 7392 412 132 Nahar,
1148 7432 404 68 roman.
1684 7400 412 132 Berlin,
2152 7400 504 132 Euphori
2664 7412 60 88 o
2732 7412 68 88 n
2860 7404 376 132 verlag
3300 7412 368 120 [ͨ1930]

496 7548 188 96 229,
748 7540 28 68 [
772 7548 112 84 1]
908 7572 108 72 p.,
1068 7556 48 72 1
1156 7548 72 84 l.
1332 7548 564 88 21½ͨͫ.

2128 7660 124 88 13
2256 7660 60 88 2
2320 7656 56 96 7
