4752 8320
2260 7692 272 100 2202

464 692 372 124 Cram,
896 688 364 120 Ralph
1328 680 1212 108 Adams-Continued

468 840 96 92 ©
624 848 216 80 Dec.
896 848 128 92 17,
1080 844 160 76 193
1248 844 56 76 0
1332 868 16 68 ;
1404 844 128 80 2c.
1588 844 212 76 Dec.
1856 840 156 88 20;
2072 860 20 56 a
2132 836 100 80 ff.
2284 840 136 76 De
2428 860 48 48 e
2480 896 20 20 .
2556 836 156 92 27;
2776 836 72 72 A
2904 836 52 76 3
2960 832 104 76 24
3076 832 48 76 5
3128 832 104 92 9;
3296 832 456 76 Marshall
3812 832 112 76 Jo
3932 848 160 56 nes
4148 848 104 56 co
4264 884 44 32 .,

604 960 144 76 ine
760 1020 12 16 .
896 976 128 80 [©
1088 976 208 56 new
1356 952 432 76 material]
1956 948 212 92 (31-
2164 976 56 68 0
2232 948 152 92 20)
3844 932 292 84 14134

460 1140 712 124 Culbertson,
1236 1136 248 124 Ely,
1556 1144 320 96 1891-

600 1288 524 104 Contract
1216 1280 388 132 bridge
1700 1280 244 104 blue
2040 1280 316 132 book,
2448 1280 144 104 by
2688 1280 216 128 Ely
3004 1276 656 104 Culbertson
3724 1284 68 120 …
4044 1268 268 104 New

464 1432 344 132 York,
860 1432 228 104 The
1140 1432 416 132 Bridge
1604 1432 384 128 world,
2044 1436 288 96 1930.

600 1592 320 92 xxviii,
980 1592 108 80 34
1096 1592 52 76 8
1204 1612 56 72 p
1260 1624 20 44 .
1400 1592 288 76 front.
1744 1588 332 96 (port.)
2152 1588 24 76 i
2188 1592 24 72 l
2228 1592 24 72 l
2264 1612 56 52 u
2332 1612 40 52 s
2384 1648 12 16 .
2520 1588 104 76 16
2680 1592 60 72 ͨͫ.

600 1704 404 92 "Eighth
1064 1700 440 92 printing,
1560 1700 532 88 December,
2152 1696 300 80 1930."

480 1840 92 88 ©
636 1840 244 96 Sept.
936 1856 48 64 2
992 1840 76 92 5,
1128 1836 264 92 1930;
1452 1836 132 84 2c.
1640 1836 216 80 Dec.
1912 1832 156 96 19;
2132 1832 156 96 aff.
2348 1836 216 76 Dec.
2616 1832 160 92 23;
2836 1832 80 76 A
2968 1828 332 92 32504;
3360 1828 352 92 Bridge
3764 1828 320 88 world,
4140 1828 180 84 inc.

624 1948 424 96 (31-748)
3848 1932 288 84 14135

468 2128 388 124 Davis,
916 2132 488 104 Sheldon
1464 2132 504 120 Emmor,
2032 2132 320 100 1876-

600 2280 232 104 The
916 2288 232 92 teac
1152 2276 72 104 h
1232 2276 204 104 er's
1520 2276 816 132 relationships,
2416 2276 140 132 by
2648 2272 484 108 Sheldon
3220 2272 456 100 Emmor
3756 2264 348 104 Davis
4196 2276 68 112 …

468 2424 264 104 New
788 2428 344 136 York,
1188 2428 228 100 The
1472 2428 640 100 Macmillan
2172 2456 572 100 company,
2808 2428 284 96 1930.

600 2588 200 92 xiii,
852 2588 168 76 415
1072 2612 84 72 p.
1272 2588 92 76 di
1368 2596 52 64 a
1432 2608 184 72 grs.
1736 2584 280 96 19½.

608 2696 724 92 Bibliography:
1392 2716 80 72 p.
1528 2696 420 76 402-406.

480 2828 100 96 ©
632 2836 140 76 De
772 2856 48 56 c
832 2896 16 16 .
896 2832 108 80 23
1012 2892 16 32 ,
1080 2828 108 80 19
1192 2836 116 72 30
1332 2852 20 68 ;
1404 2836 52 72 2
1520 2896 12 12 .
1588 2832 176 76 and
1820 2856 20 52 a
1884 2828 96 80 ff.
2032 2832 216 76 Dec.
2300 2828 48 76 2
2356 2832 48 72 6
2440 2848 16 72 ;
2516 2828 76 76 A
2640 2824 328 92 32421;
3032 2824 544 80 Macmillan
3624 2844 132 60 co.

628 2944 428 96 (31-659)
3860 2928 288 84 14136

472 3128 492 120 Deputy,
1024 3124 312 124 Erby
1392 3124 516 124 Chester,
1968 3136 328 92 1896-

600 3268 652 136 Predicting
1300 3268 632 132 first-grade
1988 3272 460 132 reading
2500 3268 796 128 achievement;
3356 3304 60 64 a
3468 3268 328 132 study
3848 3264 120 104 in
4020 3264 300 104 read-

472 3420 192 136 ing
740 3420 584 128 readiness,
1396 3424 144 132 by
1616 3424 308 132 Erby
2004 3420 452 104 Chester
2532 3420 448 132 Deputy
3040 3424 64 120 …
3332 3416 268 104 New
3676 3416 316 104 York
4068 3412 256 136 city.

468 3572 536 104 Teachers
1060 3572 436 128 college,
1556 3572 572 104 Columbia
2188 3568 644 132 university,
2892 3572 288 96 1930.

608 3736 52 76 3
728 3752 80 72 p.
880 3736 24 72 l
920 3788 40 32 .,
1032 3732 104 76 61
1208 3752 80 72 p.
1408 3728 164 80 illu
1584 3752 44 52 s
1640 3792 12 16 .
1768 3732 200 92 23;8
1964 3732 56 52 ½
2036 3792 16 16 ͨͫ
2188 3728 512 92 (Teachers
2768 3728 372 92 college,
3216 3728 484 80 Columbia
3772 3724 552 92 university.

472 3844 712 76 Contributions
1232 3848 92 68 to
1376 3840 524 92 education,
1952 3860 140 60 no.
2140 3836 216 84 426)

616 3952 508 76 Published
1176 3952 200 76 also
1428 3968 104 56 as
1588 3948 296 80 thesis
1936 3948 96 92 (P
2048 3968 56 56 H
2128 4008 16 16 .
2196 3948 128 88 D.)
2396 3944 124 80 Co
2528 3948 96 76 lu
2632 3968 88 56 m
2732 3944 148 80 bia
2940 3944 548 92 university.

616 4060 720 92 Bibliography:
1392 4076 84 72 p.
1532 4060 132 76 61.

484 4156 96 96 ©
648 4172 196 76 Oct.
912 4172 128 88 14,
1112 4168 268 92 1930;
1444 4168 52 76 2
1504 4188 48 56 c
1560 4224 16 20 .
1644 4168 212 76 Dec.
1920 4168 160 88 12;
2148 4168 156 72 aff.
2376 4168 132 72 De
2512 4180 48 56 c
2576 4224 12 16 .
2660 4160 152 96 19;
2884 4164 80 76 A
3028 4164 328 92 32316;
3428 4160 464 80 Teachers
3956 4164 372 92 college,

612 4280 480 84 Columbia
1160 4280 248 76 univ.
1544 4276 428 92 (31-662)
3868 4268 284 84 14137

480 4460 384 120 Gates,
920 4460 452 104 Arthur
1424 4456 424 128 Irving,
1912 4472 328 96 1890-

604 4608 476 104 Interest
1140 4608 216 104 and
1412 4608 396 132 ability
1860 4608 116 100 in
2032 4608 496 132 reading,
2580 4608 144 132 by
2776 4604 436 104 Arthur
3268 4608 88 96 I.
3420 4604 336 108 Gates
3828 4604 60 120 …
4064 4604 260 104 New

480 4760 340 128 York,
872 4760 232 100 The
1156 4760 640 100 Macmillan
1852 4792 572 100 company,
2484 4764 288 96 1930.

612 4916 160 92 xii,
820 4916 164 80 264
1036 4940 84 72 p.
1224 4916 248 76 illus.
1528 4916 28 92 (
1580 4916 24 76 i
1616 4940 56 52 n
1680 4936 44 56 c
1732 4916 56 80 l.
1844 4920 308 88 maps)
2272 4916 112 76 20
2380 4916 40 80 ½
2464 4916 60 56 ͨ
2540 4980 12 12 ͫ

616 5024 280 80 "This
964 5028 364 76 volume
1404 5028 364 92 reports
1836 5024 376 76 further
2280 5044 432 76 progress
2780 5028 268 76 made
3120 5024 116 92 by
3308 5028 152 76 the
3536 5024 320 76 writer
3924 5028 184 76 and
4180 5028 148 80 his

476 5136 356 80 associa
852 5144 20 68 t
892 5156 96 56 es
1036 5136 92 76 in
1184 5136 156 80 the
1396 5136 448 76 Institute
1892 5132 100 80 of
2036 5132 600 80 educational
2688 5136 428 76 research
3172 5132 100 80 of
3320 5136 464 76 Teachers
3836 5136 344 92 college
4232 5136 96 80 in

476 5244 360 80 studies
892 5244 100 80 of
1052 5244 488 80 materials
1600 5244 184 76 and
1844 5244 428 76 methods
2332 5244 100 76 of
2492 5244 436 92 teaching
2992 5240 844 96 reading."-Pref.

612 5356 476 76 "Selected
1140 5352 584 80 references"
1776 5356 96 76 at
1928 5372 44 52 e
1980 5372 56 56 n
2044 5352 52 76 d
2152 5352 96 72 of
2296 5352 224 76 each
2636 5352 64 68 b
2628 5352 56 72 h
2696 5356 296 88 apter.

640 5468 216 76 Dee.
912 5464 132 92 23,
1100 5464 272 88 1930;
1432 5460 48 76 2
1488 5484 44 60 c
1544 5524 20 16 .
1620 5464 180 76 and
1900 5504 12 36 .
1924 5460 68 72 aff
2004 5524 12 12 .
2096 5472 20 68 De
2140 5472 40 56 c
2348 5460 48 76 2
2404 5468 48 68 6
2488 5480 16 60 ;
2568 5464 72 72 A
2700 5460 108 76 32
2816 5464 48 72 4
2868 5464 52 68 2
2932 5480 56 68 8
3012 5480 16 56 ;
3092 5460 104 80 A.
3260 5464 44 76 I
3312 5524 20 16 .
3396 5460 312 96 Gales,
3768 5464 132 76 Ne
3912 5484 80 56 w
4056 5472 76 68 Y
4128 5464 204 80 ork.

632 5576 424 96 (31-666)
3860 5568 288 84 14138

480 5760 316 104 Henr
800 5760 36 104 i
848 5840 24 44 ,
932 5760 460 124 Robert,
1456 5768 624 96 1865-1929.

604 5908 232 104 The
904 5920 172 92 art
1140 5912 364 128 spirit,
1572 5912 144 128 by
1784 5908 396 100 Robert
2272 5904 408 132 Henri;
2760 5916 336 112 notes,
3168 5904 468 132 articles,
3712 5908 612 136 fragments

472 6056 124 100 of
664 6056 376 104 letters
1112 6060 212 100 and
1404 6056 292 100 talks
1768 6068 112 88 to
1956 6056 528 124 students,
2560 6056 460 132 bearing
3100 6096 136 64 on
3312 6060 184 100 the
3576 6068 456 124 concept
4104 6060 216 104 and

472 6204 572 132 technique
1112 6204 120 104 of
1300 6204 424 132 picture
1796 6204 488 132 making,
2348 6204 184 104 the
2600 6204 328 136 study
3000 6204 120 104 of
3196 6216 172 92 art
3440 6208 596 136 generally,
4108 6212 208 100 and

472 6392 140 64 on
668 6356 792 132 appreciation,
1520 6356 544 128 compiled
2128 6356 140 120 by
2332 6356 524 132 Margery
2920 6356 524 132 Ryerson.
3576 6356 108 100 A
3744 6396 236 64 new
4044 6360 280 104 issue

480 6500 256 100 with
796 6540 128 64 an
984 6500 372 104 introd
1368 6540 60 60 u
1444 6504 292 100 ction
1788 6504 144 132 by
1984 6504 412 104 Forbes
2444 6504 464 104 Watson
2956 6496 60 120 …
3140 6504 272 104 with
3476 6512 116 96 16
3648 6508 480 132 pictures
4180 6512 140 132 by

472 6648 412 104 Robert
968 6652 388 100 Henri.
1508 6652 788 132 Philadelphia
2380 6656 212 100 and
2680 6656 496 132 London,
3260 6656 76 100 J
3348 6740 16 16 .
3456 6660 128 96 B.
3672 6656 648 132 Lippincott

472 6832 540 100 company
1080 6864 24 64 [
1160 6804 292 128 ͨ1930]

604 6972 60 56 x
720 6972 112 72 p.,
884 6952 48 76 2
992 6952 84 84 1.,
1128 6952 280 80 3-292
1468 6972 80 76 p.
1672 6956 308 92 front.,
2040 6956 328 92 plates.
2484 6956 52 76 2
2544 6956 784 80 1ͨͫ.

612 7060 336 80 "Notes
1028 7064 284 76 taken
1392 7064 116 88 by
1588 7064 432 92 Margery
2104 7064 416 96 Ryerson
2604 7068 240 76 from
2932 7068 352 80 Robert
3360 7068 380 80 Henri's
3820 7068 500 84 criticisms

472 7172 184 72 and
716 7172 240 76 class
1016 7168 360 80 talks":
1440 7188 56 76 p
1504 7232 16 16 .
1592 7212 20 56 [
1616 7172 108 76 24
1728 7172 52 76 5]
1836 7172 228 80 -281.

612 7272 320 80 "Fifth
992 7276 440 80 edition."

484 7372 104 88 ©
660 7388 228 76 Nov.
956 7388 76 76 4.
1112 7388 268 76 1930;
1456 7388 132 80 2c.
1660 7392 184 76 and
1920 7412 44 56 a
1980 7392 96 76 ff.
2156 7392 132 80 De
2292 7404 44 60 c
2356 7452 12 16 .
2444 7392 156 92 12;
2680 7392 76 76 A
2832 7392 328 92 32342;
3244 7400 80 76 J.
3404 7400 104 76 B.
3584 7400 332 92 Lippin
3928 7420 44 56 c
3980 7404 136 72 ott
4192 7424 132 52 co.

708 7476 112 96 [©
820 7520 200 52 new
1104 7500 72 60 m
1208 7500 44 60 a
1252 7484 88 88 te
1396 7520 44 52 r
1504 7500 72 76 &
1640 7520 56 56 n
1704 7524 44 52 e
1760 7524 84 48 w
1908 7500 660 96 illustrations]
2708 7492 428 104 (31-622)
3860 7504 284 80 14139
