4920 8252
528 680 732 120 Bodenheim,
1320 680 524 104 Maxwell
1844 744 148 16 —
2004 684 624 104 Continued

656 836 132 92 69,
852 880 20 56 [
884 844 76 92 1]
1024 860 84 72 p.
1224 836 600 88 19½ͨͫ.

656 944 356 84 Poems.

532 1048 96 100 ©
688 1060 212 76 Jan.
960 1056 128 92 25,
1152 1060 52 72 1
1208 1056 168 80 930
1404 1076 20 60 :
1484 1056 52 76 2
1540 1064 48 64 c
1596 1120 20 16 .
1680 1056 208 76 Jan.
1952 1056 108 76 25
2080 1060 24 76 ;
2176 1076 52 56 a
2236 1052 40 76 f
2276 1052 56 80 f.
2400 1056 208 76 Jan.
2668 1052 52 80 3
2728 1052 104 92 0;
2896 1052 72 72 A
3032 1052 332 88 18411;
3432 1048 368 76 Horace
3864 1040 308 80 Liveri
4184 1060 56 64 g
4240 1040 128 88 ht,

664 1164 172 80 inc.
972 1168 156 92 (30
1128 1180 44 44 -
1184 1168 272 84 4245)
4048 1144 172 84 711

524 1324 616 120 Branham,
1200 1320 476 104 Charles
1736 1320 364 104 Allen.

656 1472 344 108 Life's
1080 1472 496 136 journey,
1652 1476 144 132 by
1884 1472 456 108 Charles
2420 1472 332 100 Allen
2832 1468 600 104 Branham.
3576 1460 776 132 Indianapolis
4352 1516 24 64 .

520 1624 288 112 Ind.,
852 1628 340 100 ͨ1929.

656 1780 44 72 1
752 1796 68 72 p
820 1840 20 16 .
888 1780 32 72 l
932 1836 48 32 .,
1028 1780 56 76 3
1092 1780 44 72 1
1192 1780 32 76 l
1236 1840 16 16 .
1368 1780 596 88 18ͨͫ.

656 1884 384 80 Printed
1092 1904 112 60 on
1256 1904 176 60 one
1476 1884 200 80 side
1724 1884 104 80 of
1876 1884 196 80 leaf
2120 1904 116 60 on
2288 1880 424 96 opposite
2760 1900 312 76 pages.

656 1992 356 80 Poems.

532 2100 96 96 ©
696 2104 136 76 De
804 2120 48 68 c
896 2168 16 16 .
972 2104 132 84 26,
1172 2104 264 84 1929:
1508 2104 128 76 2c.
1704 2104 180 76 and
1952 2104 160 76 aff.
2176 2104 208 76 Jan.
2448 2104 48 76 3
2508 2100 52 76 0
2560 2140 20 48 ,
2652 2100 104 76 19
2760 2100 52 76 3
2820 2100 104 88 0;
2992 2104 80 72 A
3136 2104 44 72 1
3192 2096 276 96 8418;
3540 2096 92 80 C.
3700 2096 104 80 A.
3872 2096 128 76 Br
4008 2116 52 52 a
4072 2092 304 92 nham.

664 2212 672 96 Indianapolis.
1468 2216 32 88 (
1512 2212 48 76 3
1568 2212 60 72 0
1628 2212 328 96 -4247)
4048 2196 180 84 712

524 2364 612 124 Brooklyn.
1284 2364 336 104 Girls'
1680 2364 280 124 high
2024 2368 416 100 school.

664 2516 392 104 Poems
1116 2516 440 104 written
1612 2516 148 132 by
1824 2516 496 104 students
2384 2516 128 104 of
2568 2512 340 108 Girls'
2968 2512 276 128 high
3304 2512 404 104 school.
3844 2512 200 100 Dr.
4108 2504 184 104 Wi
4304 2508 36 100 l
4348 2568 36 16 -

532 2668 264 100 liam
880 2668 124 100 L.
1096 2668 408 124 Felter,
1592 2664 592 136 principal.
2348 2664 604 132 Brooklyn,
3040 2664 136 100 N.
3272 2660 140 104 Y.
3516 2724 24 64 [
3552 2660 232 104 The
3876 2656 508 132 Polygon

524 2852 336 92 press,
932 2820 340 124 ͨ1929]

664 2968 52 76 5
716 2968 76 80 1,
868 2968 76 100 [1
956 3012 16 56 ]
1040 2992 84 72 p.
1260 2968 120 88 in
1292 2972 84 80 cl
1388 3036 16 16 .
1464 2972 320 92 front.,
1848 2972 252 80 illus.
2216 2968 600 88 25ͨͫ.

532 3060 96 88 ©
700 3080 76 76 D
784 3088 80 72 ec
896 3144 12 16 .
972 3080 132 80 20.
1168 3080 272 88 1929;
1508 3080 48 76 2
1540 3088 44 64 c
1624 3148 12 12 .
1700 3080 212 80 Jan.
1976 3080 132 80 20,
2176 3080 48 76 1
2232 3072 60 76 9
2292 3076 156 84 30:
2520 3080 160 76 aff.
2748 3080 208 76 Jan.
3024 3076 160 92 18;
3256 3076 76 76 A
3396 3080 36 72 1
3452 3072 56 76 8
3508 3076 48 76 2
3564 3076 100 72 31
3708 3092 16 72 ;
3796 3076 148 72 Wi
3952 3076 24 72 l
3988 3072 92 76 li
4104 3084 48 64 a
4144 3096 52 52 m
4288 3072 96 76 L.

664 3188 128 76 Fe
796 3192 24 72 l
836 3196 140 72 ter
972 3216 28 48 .
1064 3188 504 96 Brooklyn.
1704 3188 488 96 (30-4006)
4052 3176 168 84 713

512 3316 480 124 Brooks,
1048 3316 400 108 Alden.

668 3464 372 104 Battle
1116 3464 108 108 in
1312 3472 292 124 1918,
1676 3504 248 64 seen
1996 3464 152 132 by
2220 3500 140 68 an
2436 3464 588 104 American
3108 3464 112 104 in
3296 3464 188 104 the
3560 3460 432 104 French
4068 3496 316 88 army

536 3680 20 60 [
572 3616 176 132 by]
820 3616 360 100 Alden
1244 3616 456 100 Brooks.
1824 3616 360 132 Paris,
2240 3616 156 100 H.
2452 3612 688 136 Jonquières,
3204 3616 288 100 1929.

660 3776 52 72 4
768 3796 84 68 p.
900 3768 32 76 l
944 3832 44 32 .,
1036 3772 52 76 3
1096 3772 136 84 28.
1300 3792 36 64 [
1344 3772 120 84 1]
1452 3796 112 72 p.,
1616 3776 48 72 1
1716 3776 32 72 l
1760 3836 16 16 .
1884 3772 68 76 il
1960 3776 28 72 l
2000 3796 168 72 us.,
2220 3792 60 76 p
2280 3776 32 72 l
2324 3832 48 28 .,
2424 3792 292 72 maps.
2824 3772 596 84 25ͨͫ.

664 3880 684 96 "Lithographs
1408 3884 112 92 by
1580 3880 260 84 René
1892 3884 196 72 Ben
2156 3880 380 80 Sussan.
2652 3880 272 92 Maps
2980 3880 188 76 and
3228 3876 292 80 views
3576 3880 112 76 by
3760 3880 152 80 the
3972 3900 40 56 s
4020 3896 52 56 a
4092 3896 136 56 me
4288 3872 92 80 in

524 3988 600 92 conjunction
1200 3988 228 76 with
1500 3988 160 80 the
1728 3988 428 80 author."

664 4096 284 80 "This
1000 4096 236 80 book
1292 4120 196 56 was
1544 4096 372 96 printed
1976 4100 100 76 at
2132 4096 156 80 the
2348 4120 260 72 press
2660 4096 104 80 of
2812 4096 344 80 maitre
3208 4096 552 92 imprimeur
3824 4096 108 80 R.
3996 4092 64 80 C
4072 4120 48 48 o
4132 4096 148 72 ulo
4292 4112 52 56 u
4360 4132 12 12 -

524 4224 148 60 ma
688 4264 16 32 ,
760 4204 408 92 Argente
1176 4224 56 60 u
1244 4204 92 84 il.
1392 4208 116 76 H.
1564 4208 76 76 B
1652 4228 44 56 a
1712 4192 484 108 rthélemy,
2256 4196 496 92 directeor.
2860 4200 56 76 l
2940 4204 580 92 ithographs,
3580 4204 416 80 Mourlot
4048 4204 336 88 frères,

528 4312 300 80 Paris.
940 4312 172 80 400
1168 4312 308 96 copies
1536 4312 240 84 have
1836 4316 232 80 been
2128 4312 396 96 printed,
2588 4316 100 76 of
2748 4312 304 80 which
3120 4312 192 80 this
3376 4312 80 80 is
3516 4312 396 80 number
3972 4308 48 76 5
4028 4308 136 76 9."

528 4416 100 96 ©
692 4424 128 76 1c.
884 4420 208 80 Jan.
1160 4428 44 72 1
1208 4428 56 76 5
1264 4456 24 52 ,
1356 4424 104 76 19
1464 4424 52 76 3
1524 4420 104 84 0:
1692 4424 80 76 A
1832 4428 116 72 ad
2016 4424 24 76 i
2052 4428 128 76 nt.
2244 4424 332 84 13495;
2640 4444 124 72 pu
2772 4424 52 76 b
2832 4424 84 76 d.
2980 4424 232 76 Nov.
3276 4420 136 96 25,
3480 4420 272 80 1929:
3824 4420 104 80 A.
3992 4420 360 76 Brooks
4364 4480 16 24 ,

656 4528 300 80 Paris.
1092 4528 488 96 (30-3999)
4048 4524 172 84 714

520 4652 652 124 Browning,
1228 4656 468 124 Robert,
1760 4672 256 92 1812
2020 4728 52 12 –
2100 4672 288 96 1889.

652 4804 236 104 The
936 4804 232 104 best
1220 4804 124 104 of
1400 4804 644 132 Browning,
2096 4808 456 104 selected
2608 4812 216 100 and
2888 4808 364 104 edited
3304 4808 148 136 by
3508 4804 268 108 Carl
3828 4804 108 108 J.
3992 4804 396 104 Weber

652 4956 60 112 …
772 4956 564 112 Fairfield,
1396 4956 248 132 Me.,
1704 4960 236 104 The
2000 4960 532 104 Fairfield
2592 4956 652 136 publishing
3300 4992 188 96 co.,
3552 4964 288 96 1930.

652 5116 108 80 85
820 5136 84 72 p.
1020 5116 248 80 illus.
1320 5116 144 92 (in
1472 5120 80 76 cl
1568 5180 16 16 .
1648 5120 340 92 ports.)
2120 5116 520 88 19½ͨͫ.

528 5216 96 96 ©
700 5228 208 76 Jan.
980 5228 136 80 23.
1188 5228 108 76 19
1300 5228 48 76 3
1356 5224 104 84 0:
1532 5228 132 80 2c.
1736 5232 208 76 Jan.
2016 5232 164 88 27;
2256 5228 156 80 aff.
2488 5232 212 76 Jan.
2772 5228 160 92 25;
3004 5232 80 76 A
3156 5232 328 76 19281:
3564 5232 184 76 Car
3756 5232 28 72 l
3856 5232 84 76 J.
4016 5232 364 88 Weber,

656 5336 420 76 Watervi
1088 5340 24 72 l
1124 5340 108 72 le.
1304 5340 172 76 Me.
1616 5340 28 88 (
1660 5340 52 76 3
1716 5340 384 88 0-4071)
4048 5332 168 84 715

520 5460 476 124 Bruller,
1060 5464 324 104 Jean.

648 5620 116 92 21
860 5612 612 132 delightful
1552 5652 296 96 ways
1932 5616 120 100 of
2136 5616 696 132 committing
2912 5616 464 124 suicide;
3468 5620 180 104 for
3728 5620 184 104 the
3992 5656 188 68 use
4256 5620 128 100 of

516 5796 448 96 persons
1040 5764 244 100 who
1360 5796 184 68 are
1616 5764 720 136 discouraged
2416 5800 124 72 or
2612 5768 564 132 disgusted
3260 5768 268 104 with
3608 5764 208 108 life
3892 5768 184 104 for
4148 5804 216 68 rea-

512 5944 252 68 sons
824 5908 352 108 which
1244 5916 136 96 do
1444 5924 192 92 not
1696 5952 176 64 rea
1884 5916 80 100 ll
1976 5952 72 92 y
2104 5952 456 64 concern
2620 5952 160 72 us,
2836 5916 148 132 by
3040 5920 284 104 Jean
3392 5916 480 120 Bruller,
3936 5916 444 132 preface

512 6060 148 132 by
724 6064 352 128 Corey
1140 6064 332 100 Ford.
1620 6064 264 104 New
1956 6068 348 104 York,
2376 6064 412 108 Covici.
2856 6064 432 124 Friede,
3360 6072 328 100 1930..

656 6216 140 96 [56
800 6256 20 56 ]
880 6240 56 72 p
940 6252 20 48 .
1076 6216 252 80 illus.
1380 6216 96 96 (1
1532 6240 108 60 co
1644 6220 108 92 l.)
1824 6244 104 56 co
1932 6224 60 76 l.
2052 6224 332 92 plates.
2500 6220 596 92 24ͨͫ.

524 6320 100 92 ©
684 6328 212 80 Jan.
948 6328 128 80 22.
1140 6328 104 76 19
1248 6328 52 80 3
1308 6328 100 80 0:
1464 6328 140 80 2c.
1656 6332 212 76 Jan.
1920 6332 60 76 2
1980 6332 52 72 5
2024 6340 28 72 ;
2144 6328 156 80 aff.
2360 6332 208 76 Jan.
2628 6332 156 80 24:
2848 6332 80 76 A
2980 6332 332 92 19189;
3376 6332 344 96 Covici,
3780 6332 356 80 Friede.
4204 6332 92 76 in
4304 6352 48 52 c
4364 6392 16 16 .

676 6436 28 92 (
716 6436 52 80 3
776 6436 384 96 0-4019)
4048 6436 172 84 716

524 6556 416 128 Buller,
992 6560 472 128 Walter,
1528 6576 328 96 1886-

660 6712 660 108 Reflections
1392 6720 128 100 of
1596 6756 56 64 a
1728 6720 392 132 bridge
2196 6724 420 128 player,
2688 6724 268 96 with
3040 6760 60 64 a
3176 6724 456 128 chapter
3708 6756 140 68 on
3928 6716 272 104 'how
4280 6732 108 88 to

524 6860 188 104 bid
784 6876 112 92 at
964 6868 560 108 contract',
1592 6868 144 112 by
1804 6868 464 108 Lt.-Col.
2340 6868 212 104 Wa
2560 6876 32 96 l
2604 6880 168 92 ter
2844 6876 416 104 Buller,
3328 6884 92 92 c.
3492 6908 64 64 B
3568 6956 20 20 .
3656 6908 92 64 E.
3892 6872 500 100 London.

524 7012 520 108 Methuen
1096 7016 84 92 &
1236 7052 192 88 co.,
1476 7016 200 104 ltd.
1740 7048 36 64 [
1784 7028 48 92 1
1848 7024 228 128 929]

644 7164 92 80 vi
736 7160 32 76 i
764 7164 28 76 i
824 7228 12 28 ,
892 7168 192 92 197,
1140 7152 104 112 [1]
1304 7192 84 72 p.
1504 7164 596 88 19½ͨͫ
1768 7236 20 16 .

648 7276 316 80 "First
1008 7276 496 96 published
1556 7280 96 76 in
1704 7280 308 80 1929."

652 7384 192 80 "On
900 7384 324 92 bridge
1280 7388 216 76 liter
1504 7408 44 56 a
1572 7388 316 80 ture":
1944 7412 84 72 p.
2080 7392 112 76 75
2196 7436 52 12 –
2252 7396 48 76 8
2304 7396 52 76 3
2368 7456 16 12 .

520 7488 100 92 ©
744 7492 112 96 1c.
876 7496 208 80 Jan.
1148 7500 132 76 24,
1348 7500 112 72 19
1460 7500 48 76 3
1512 7500 108 80 0:
1688 7500 68 76 A
1824 7504 116 76 ad
2000 7500 100 76 in
2108 7508 36 72 t
2156 7564 12 16 .
2236 7504 332 84 13514;
2644 7496 268 96 pubd.
2980 7504 228 76 Nov.
3276 7504 132 80 28,
3480 7504 272 76 1929:
3820 7504 140 76 W.
4024 7504 140 72 Bu
4176 7504 24 72 l
4216 7504 160 88 ler,

652 7604 404 80 London.
1184 7608 28 92 (
1228 7608 52 76 3
1284 7600 384 100 0-4947)
4044 7608 172 80 717

2312 7716 196 104 114
