4800 8320
380 652 832 104 Mademoiselle
1272 656 292 104 from
1616 656 512 104 Armenti
2132 652 56 100 è
2192 688 200 100 res,
2448 652 620 100 illustrated
3124 652 144 132 by
3320 652 372 100 Alban
3748 656 132 96 B.
3940 656 256 96 But-

508 796 192 132 ler,
752 796 140 132 jr.
1016 796 272 100 New
1340 796 344 132 York,
1744 796 300 100 Priv.
2104 796 372 128 print.,
2528 796 324 96 Press
2908 792 120 100 of
3088 792 184 100 the
3324 788 444 132 Woolly
3820 788 384 128 whale,

512 952 288 96 1930.

512 1104 56 76 6
616 1124 80 72 p.
752 1100 84 96 l.,
888 1100 52 80 6
944 1100 76 96 8,
1080 1100 80 96 14
1240 1120 84 76 p.
1436 1100 252 80 illus.
1796 1100 284 92 20½ͨͫ.

516 1236 272 76 "Two
856 1236 424 76 hundred
1344 1232 216 92 fifty
1624 1232 304 96 copies
1996 1232 236 80 have
2300 1236 228 76 been
2596 1232 368 92 printed
3032 1252 116 56 on
3216 1232 324 92 papier
3604 1232 112 76 de
3784 1228 280 80 Rives
4132 1232 64 76 &

376 1344 340 92 issued,
768 1344 152 76 for
968 1340 368 96 private
1384 1340 612 80 distribution
2044 1340 240 92 only,
2340 1340 92 76 in
2488 1336 100 76 M
2588 1360 144 72 ay,
2788 1336 300 84 1930."

512 1452 552 76 Illustrated
1120 1448 700 92 lining-papers.

512 1556 332 80 Verses
896 1556 104 76 of
1048 1576 48 56 a
1152 1556 492 92 European
1696 1576 196 56 war
1940 1572 252 76 song,
2244 1552 316 76 edited
2604 1552 120 92 by
2776 1552 120 76 M.
2948 1552 104 76 B.
3104 1548 272 92 Cary,
3424 1552 120 88 jr.

512 1664 260 80 With
824 1664 328 80 music.

392 1784 96 92 ©
556 1804 240 72 June
856 1796 76 96 9,
996 1796 272 92 1930;
1332 1796 128 80 2c.
1528 1796 184 80 and
1776 1796 152 76 aff.
2000 1796 240 76 June
2304 1792 156 96 14;
2528 1796 80 72 A
2668 1792 108 76 20
2780 1792 60 76 6
2836 1792 160 92 76;
3068 1792 120 80 M.
3256 1792 104 80 B.
3428 1792 272 96 Cary,
3764 1792 144 96 jr.,
3976 1792 220 76 New

520 1908 280 88 York,
932 1904 540 96 (30-18574)
3812 1900 228 80 7410

376 2092 568 120 Mangam,
1004 2084 396 104 Elliott
1448 2088 176 104 W.

508 2240 408 104 Indian
988 2236 340 104 handi
1336 2276 52 64 c
1396 2236 268 136 raft,
1736 2236 144 132 by
1956 2236 296 100 Ellio
2260 2244 96 92 tt
2428 2236 172 104 W.
2676 2236 532 132 Mangam
3416 2240 68 112 …
3552 2236 264 100 New
3896 2236 312 100 York

376 2388 256 136 city,
684 2392 240 132 Boy
976 2396 356 92 scouts
1388 2388 120 100 of
1564 2384 544 132 America,
2168 2396 32 40 ͨ
2212 2392 284 96 1930.

524 2544 116 80 48
704 2564 84 72 p.
912 2540 32 80 i
952 2544 208 76 llus.
1284 2540 52 76 2
1340 2536 104 96 0½
1480 2548 84 72 ͨͫ.
1708 2540 192 92 (On
1968 2560 312 60 cover:
2348 2540 200 92 Boy
2620 2540 312 76 scouts
3008 2540 96 80 of
3176 2540 424 76 America
3680 2540 352 80 service
4100 2540 104 76 li-

384 2652 308 92 brary.
812 2648 300 84 Series
1168 2652 104 92 B,
1324 2672 148 56 no.
1524 2648 268 92 3108)

516 2788 724 92 Bibliography:
1296 2804 84 72 p.
1432 2788 128 76 48.

392 2912 92 96 ©
544 2920 220 92 July
808 2920 76 92 3,
936 2920 268 88 1930;
1256 2920 128 80 2c.
1436 2920 228 92 July
1708 2920 156 88 11;
1920 2916 156 80 aff.
2128 2920 220 88 July
2404 2920 156 88 14;
2612 2920 84 72 A
2740 2920 328 88 26167;
3128 2920 196 88 Boy
3376 2924 312 72 scouts
3740 2916 100 80 of
3892 2920 308 76 Amer

520 3028 84 100 ic
608 3052 84 56 a.
824 3028 540 96 (30-18640)
3812 3024 228 84 7411

372 3208 280 100 New
704 3208 312 100 York
1096 3212 408 132 (State)
1668 3212 356 132 Laws,
2080 3224 492 120 statutes,
2624 3224 196 92 etc.

508 3352 456 108 Cahill's
1048 3352 772 108 Consolidated
1904 3356 268 104 laws
2260 3356 120 100 of
2460 3356 260 104 New
2812 3352 344 132 York,
3244 3352 328 132 being
3656 3356 180 96 the
3928 3352 88 108 C
4024 3388 56 64 o
4088 3388 108 64 n-

372 3500 532 104 solidated
976 3504 264 104 laws
1304 3504 124 100 of
1504 3508 292 128 1909,
1868 3544 116 64 as
2056 3500 524 104 amended
2648 3512 112 92 to
2832 3504 272 136 July
3176 3512 92 128 1,
3340 3508 300 132 1930,
3704 3536 60 68 o
3772 3500 40 100 f
3812 3500 60 100 fi
3880 3500 316 104 cially

368 3648 484 104 certified
896 3652 144 132 by
1088 3652 184 104 the
1324 3656 532 124 secretary
1904 3652 128 100 of
2076 3656 276 100 state
2404 3652 216 104 and
2668 3648 456 104 entitled
3172 3664 112 88 to
3332 3652 128 100 be
3504 3648 264 104 read
3820 3644 116 104 in
3988 3648 212 100 evi-

372 3796 356 140 dence,
776 3796 540 136 compiled
1364 3800 216 104 and
1636 3800 360 104 edited
2048 3800 144 132 by
2244 3800 372 108 James
2672 3800 116 108 C.
2848 3796 364 108 Cahill
3304 3792 64 120 …
3540 3796 140 104 2d
3728 3800 156 100 ed.
4032 3800 176 128 By

368 3944 308 108 Basil
748 3948 336 104 Jones
1164 3948 64 112 …
1428 3948 516 136 Chicago,
2020 3944 612 136 Callaghan
2712 3944 216 108 and
3004 3980 568 104 company,
3644 3956 288 92 1930.

500 4100 56 80 3
608 4124 84 72 p.
748 4108 88 88 l.,
896 4100 48 80 3
956 4100 156 80 011
1172 4124 84 72 p.
1372 4092 192 88 27
1540 4108 28 40 ͨͫ
1580 4160 16 20 .

508 4208 340 80 "Table
896 4208 104 80 of
1048 4208 476 80 contents"
1576 4212 444 76 mounted
2072 4232 116 56 on
2236 4212 260 76 front
2544 4212 648 92 lining-paper.

388 4312 96 92 ©
544 4328 244 76 June
832 4328 136 88 26,
1020 4328 272 88 1930;
1344 4328 132 76 2c.
1528 4328 184 76 and
1768 4332 52 64 a
1808 4320 48 80 lt
1908 4388 16 16 .
1976 4328 244 76 June
2272 4324 156 92 28;
2488 4324 76 76 A
2616 4324 224 80 2486
2844 4328 56 76 8
2924 4344 20 72 ;
3008 4324 516 92 Callaghan
3580 4328 72 76 &
3700 4348 108 56 co
3820 4388 12 16 .

536 4436 540 96 (30-18392)
3812 4428 236 84 7412

376 4612 284 104 Ohio
708 4616 884 136 jurisprudence;
1652 4656 60 64 a
1760 4620 528 128 complete
2340 4628 580 96 statement
2968 4620 120 100 of
3140 4620 180 104 the
3372 4620 208 100 law
3632 4620 216 100 and
3904 4652 300 96 prac-

508 4764 208 108 tice
760 4772 120 100 of
920 4768 188 104 the
1148 4776 280 96 state
1472 4772 120 100 of
1644 4764 324 136 Ohio,
2012 4768 272 100 with
2332 4772 380 100 forms.
2860 4768 396 100 Editor
3300 4772 116 96 in
3464 4768 328 136 chief,
3836 4768 372 104 Willis

500 4916 140 100 A.
700 4916 496 132 Estrich;
1264 4916 624 136 consulting
1940 4920 392 128 editor,
2384 4916 504 104 William
2944 4920 156 100 M.
3156 4916 688 132 McKinney;
3908 4956 300 64 man-

508 5068 336 132 aging
936 5064 388 140 editor,
1416 5064 424 136 George
1936 5064 108 108 S.
2140 5064 432 108 Gulick.
2716 5104 100 68 v.
2916 5076 152 92 12.
3164 5068 544 104 Criminal
3796 5060 208 108 law
4096 5080 112 92 to

508 5216 768 108 Crimination.
1420 5216 624 132 Rochester,
2120 5216 132 100 N.
2332 5220 172 132 Y.,
2576 5220 236 100 The
2884 5220 516 128 Lawyers
3476 5216 732 132 co-operative

508 5364 640 136 publishing
1208 5404 572 100 company,
1840 5372 292 96 1930.

520 5520 92 76 ix
628 5580 16 32 ,
700 5520 160 76 992
920 5544 76 72 p.
1120 5520 288 80 front.
1460 5520 332 96 (port.)
1920 5520 224 80 25ͨͫ.

388 5620 92 88 ©
548 5632 228 92 Aug.
840 5628 132 96 12,
1032 5628 272 96 1930;
1364 5628 132 80 2c.
1560 5632 184 76 and
1804 5628 160 80 aff.
2024 5628 232 96 Aug.
2320 5632 44 72 1
2380 5628 52 80 8
2460 5652 16 68 ;
2544 5628 80 80 A
2684 5628 168 80 267
2852 5628 108 80 35
2992 5648 20 72 ;
3080 5628 440 92 Lawyers
3584 5628 620 92 co-operative

516 5744 208 88 pub.
776 5760 48 56 c
824 5760 60 56 o
892 5800 16 16 .
3808 5736 236 84 7413

372 5916 484 124 Oregon.
996 5924 536 128 Supreme
1596 5936 336 88 court.

508 6068 472 132 Reports
1036 6072 120 100 of
1216 6108 288 68 cases
1564 6072 448 104 decided
2060 6076 60 104 …
2336 6072 376 104 James
2764 6072 172 104 W.
3004 6072 616 128 Crawford,
3680 6080 524 120 reporter.

376 6252 100 68 v.
560 6224 220 96 131.
864 6216 340 104 From
1280 6220 612 104 November
1976 6228 92 124 5,
2156 6224 288 128 1929,
2524 6228 112 92 to
2716 6224 504 132 January
3296 6228 164 128 28,
3544 6228 288 96 1930.
3984 6216 224 108 San

368 6368 620 136 Francisco,
1060 6368 372 132 Calif.,
1496 6368 1124 116 Bancroft-Whitney
2684 6404 536 100 company
3308 6368 328 100 [ͨ1930]

512 6540 224 72 xxx,
788 6524 164 76 783
1004 6544 84 72 p.
1200 6520 280 96 22½ͨͫ.

388 6620 92 96 ©
544 6632 224 88 July
824 6632 132 92 29,
1016 6632 272 88 1930;
1352 6632 128 76 2c.
1540 6632 228 92 Aug.
1832 6632 156 92 19;
2056 6632 152 76 aff.
2272 6632 228 92 Aug.
2564 6632 156 92 18;
2784 6632 80 76 A
2920 6632 328 92 26746;
3320 6632 264 80 State
3644 6632 104 76 of
3808 6632 384 96 Oregon,

520 6740 328 92 Salem,
908 6740 152 80 Or.
3804 6736 228 84 7414

412 6916 620 124 [Poignaud,
1088 6920 380 132 Beryl]

500 7068 236 104 The
824 7068 560 132 life-story
1472 7076 120 96 of
1684 7072 184 100 the
1960 7068 504 108 Princess
2560 7072 612 104 Elizabeth.
3260 7076 144 132 by
3492 7072 320 104 Anne
3904 7072 296 128 Ring

380 7272 24 68 [
412 7220 372 120 pseud.
796 7276 24 64 ]
972 7220 660 100 Instalment
1684 7224 96 124 2]

384 7360 96 92 ©
524 7360 104 88 1c
636 7432 16 16 .
700 7372 228 92 Aug.
976 7372 132 80 16.
1156 7372 268 92 1930;
1472 7376 80 72 A
1600 7376 116 72 ad
1764 7372 164 76 int.
1980 7376 160 72 141
2152 7372 52 76 8
2204 7376 104 88 6;
2360 7376 272 88 pubd.
2684 7376 240 76 June
2972 7376 156 88 22;
3184 7376 104 80 B.
3340 7376 288 92 Poign
3636 7396 52 56 a
3660 7376 188 80 nud.
3904 7372 280 80 Sand-

508 7476 300 96 hurst,
860 7480 528 92 Berkshire,
1444 7484 236 84 Engl
1688 7500 44 56 a
1748 7484 152 76 nd.
3796 7476 220 84 7415

2152 7588 256 96 1133
