4752 8320
372 700 512 120 Tweedy,
948 696 1116 104 Owen-Continued

504 848 160 76 247
728 868 80 72 p.
924 848 248 72 illus.
1224 844 356 92 (maps)
1664 848 324 88 plates.
2104 844 508 88 22ͨͫ.

512 956 780 96 CONTENTS-pt.
1368 972 32 60 I
1508 952 340 88 Sudan,
1920 952 392 92 Belgian
2388 952 332 88 Congo,
2796 952 356 76 French
3228 952 792 92 Equatoria.-pt.
4116 956 120 88 II.

376 1064 360 80 British
788 1064 472 76 Northern
1308 1060 408 92 Nigeria,
1772 1060 192 76 The
2024 1060 388 88 Sahara,
2464 1060 400 88 Algeria.

392 1176 92 96 ©
536 1184 44 72 l
568 1180 56 88 c
648 1240 16 16 .
712 1180 220 88 July
976 1176 52 76 2
1036 1180 56 72 6
1092 1240 20 28 ,
1160 1172 268 92 1930;
1476 1176 80 76 A
1604 1176 120 76 ad
1768 1172 168 80 int.
1984 1172 220 76 1413
2212 1172 52 72 5
2296 1192 12 72 ;
2364 1172 272 92 pubd.
2688 1172 216 88 May
2956 1168 156 92 29;
3168 1168 72 76 O
3256 1232 12 16 .
3320 1172 420 88 Tweedy,
3792 1168 404 76 London.

536 1288 532 96 (30-20684)
3792 1276 228 80 8438

376 1444 228 100 The
680 1436 524 124 Virginia
1280 1440 520 132 highway
1876 1436 564 104 historical
2516 1436 540 128 markers;
3140 1436 180 100 the
3396 1432 400 104 tourist
3872 1432 328 136 guide

508 1588 280 104 book
860 1588 124 104 of
1056 1588 548 132 Virginia,
1684 1584 564 136 featuring
2316 1588 184 100 the
2572 1580 708 132 inscriptions
3352 1620 140 64 on
3564 1588 180 100 the
3820 1580 380 104 official

508 1736 484 104 markers
1072 1740 328 128 along
1472 1740 188 100 the
1728 1736 452 104 historic
2264 1736 216 100 and
2560 1732 532 104 romantic
3172 1736 572 132 highways
3824 1732 120 104 of
4024 1736 184 96 the

508 1888 436 100 Mother
1040 1896 276 92 state
1400 1892 68 108 …
1684 1884 628 132 Strasburg,
2404 1884 236 136 Va.,
2744 1884 728 104 Shenandoah
3564 1884 644 128 publishing

508 2044 364 124 house,
924 2036 240 132 inc.,
1224 2040 324 96 ͨ1930.

516 2192 160 76 224
728 2212 84 72 p.
920 2188 252 80 illus.
1228 2188 140 92 (in
1376 2212 44 52 c
1428 2192 56 72 l.
1536 2188 312 92 maps)
1976 2188 220 76 27ͨͫ.

520 2300 312 76 "First
876 2296 588 92 issue-May
1512 2296 300 76 1930."

516 2408 192 72 The
772 2404 488 76 historical
1320 2404 424 76 markers
1808 2404 232 76 have
2104 2404 224 76 been
2392 2404 320 88 placed
2776 2404 272 88 along
3112 2404 152 76 the
3328 2404 480 88 highways
3872 2404 116 88 by
4056 2404 100 76 th
4152 2412 48 60 e

392 2516 416 92 Virginia
880 2516 260 76 State
1204 2524 292 64 Comm
1504 2512 168 76 issi
1680 2532 48 56 o
1736 2536 60 52 n
1860 2532 120 56 on
2040 2508 652 80 conservation
2760 2512 180 72 and
3008 2512 668 88 development.
3796 2532 48 52 c
3852 2512 60 88 f.
3988 2528 76 72 p.
4132 2512 76 76 3.

520 2624 432 76 Includes
1008 2620 580 92 advertising
1640 2624 368 72 matter.

400 2712 88 88 ©
560 2732 220 92 July
836 2728 76 92 2,
972 2732 44 72 1
1028 2728 168 76 930
1208 2732 28 72 :
1304 2728 128 76 2c.
1492 2732 184 72 and
1736 2748 48 56 a
1796 2728 104 76 ff.
1956 2728 228 88 Aug.
2248 2728 100 88 6;
2408 2728 80 72 A
2544 2724 116 76 26
2664 2724 44 76 5
2716 2724 156 92 29;
2944 2728 620 76 Shenandoah
3628 2728 208 88 pub.
3896 2728 312 88 house,

528 2840 172 80 inc.
836 2836 380 96 (30-206
1224 2840 48 76 5
1272 2840 100 88 3)
3804 2828 228 84 8439

392 2996 416 120 Walsh,
860 2996 392 100 James
1308 2992 456 124 Joseph,
1824 3004 328 92 1865-

520 3140 336 100 What
948 3136 668 100 civilization
1712 3172 276 68 owes
2080 3148 112 88 to
2288 3136 328 136 Italy,
2704 3140 144 132 by
2944 3136 368 104 James
3408 3140 104 104 J.
3612 3140 380 100 Walsh
4044 3140 64 112 …

388 3288 256 100 New
744 3284 212 104 and
1052 3320 212 68 rev.
1364 3284 156 104 ed.
1668 3284 444 132 Boston,
2208 3284 360 132 Mass.,
2672 3288 232 100 The
3008 3284 572 108 Stratford
3684 3320 528 100 company

408 3444 320 140 [ͨ1930
712 3508 40 52 ]

524 3592 52 72 2
624 3608 80 76 p.
756 3592 80 88 l.,
888 3600 52 60 v
996 3608 108 72 p.,
1152 3596 40 72 l
1252 3592 88 88 1.,
1392 3588 164 76 360
1608 3608 80 72 p.
1804 3588 312 92 front.,
2172 3592 328 88 plates,
2556 3592 280 88 ports.
2956 3584 220 84 20ͨͫ.

408 3700 92 92 ©
564 3708 220 88 July
836 3704 52 76 2
896 3704 52 80 5
956 3768 12 32 ,
1028 3704 268 92 1930;
1356 3704 128 80 2c.
1544 3704 220 92 July
1820 3704 160 88 28;
2044 3724 52 52 a
2104 3700 64 80 ff
2188 3764 12 16 .
2260 3700 228 92 Aug.
2548 3700 100 88 6,;
2712 3700 80 76 A
2844 3700 112 76 26
2960 3700 104 76 55
3072 3700 104 92 0;
3248 3704 476 76 Stratford
3784 3724 156 72 co.,
4004 3704 216 92 pub-

532 3816 364 76 lishers.
1036 3812 532 96 (30-20683)
3812 3808 228 84 8440

404 3968 412 128 [Ward,
872 3968 448 104 Arthur
1372 3968 532 104 Sarsfield]
2008 3976 324 96 1883-

580 4128 68 104 …
716 4124 232 96 The
1016 4120 212 132 day
1288 4124 184 96 the
1540 4120 348 100 world
1952 4120 344 100 ended
2360 4128 68 104 …
2632 4120 444 104 Garden
3148 4120 292 132 City,
3504 4120 132 100 N.
3708 4120 172 132 Y.,
3944 4120 272 100 Pub.

396 4260 172 104 for
644 4260 232 104 The
956 4260 364 108 Crime
1404 4260 276 136 club,
1752 4260 244 132 inc.,
2072 4260 144 140 by
2292 4260 680 136 Doubleday,
3044 4264 376 100 Doran
3496 4268 84 96 &
3656 4296 568 96 company,

396 4420 240 132 inc.,
700 4424 284 96 1930.

528 4588 60 56 v
592 4568 32 72 i
672 4588 112 72 p.,
836 4568 44 72 1
936 4568 84 88 l.,
1076 4564 172 80 306
1292 4584 80 72 p.
1492 4560 268 84 19½ͨͫ.

528 4672 440 80 Author's
1016 4676 344 88 pseud.,
1420 4676 120 76 Sa
1544 4684 60 56 x
1664 4676 76 72 R
1752 4692 48 56 o
1808 4676 284 88 hmer,
2148 4680 100 72 at
2296 4680 236 72 head
2588 4680 100 72 of
2744 4676 232 76 title.

532 4784 312 76 "First
904 4784 432 76 edition."

412 4892 96 96 ©
568 4904 220 88 July
840 4896 52 76 2
896 4900 48 76 5
956 4960 16 32 ,
1028 4896 268 92 1930;
1352 4896 128 80 2c.
1532 4900 184 76 and
1772 4896 156 80 aff.
1984 4896 228 92 Aug.
2264 4892 104 96 9;
2428 4896 80 76 A
2556 4896 328 92 26602;
2944 4896 572 92 Doubleday,
3576 4896 196 80 Dor
3772 4920 48 56 a
3836 4920 56 52 n
3952 4904 56 76 &
4072 4920 152 68 co.,

544 5008 172 92 inc.
852 5004 532 96 (30-20636)
3824 5004 228 80 8441

396 5160 512 120 Warren,
960 5160 480 124 Shields,
1504 5172 328 96 1898-

528 5304 232 100 The
836 5304 592 136 pathology
1504 5304 120 104 of
1696 5304 476 108 diabetes
2244 5304 508 132 mellitus,
2828 5308 140 104 by
3052 5308 432 104 Shields
3564 5312 456 96 Warren
4080 5300 64 120 …

396 5452 268 100 with
724 5492 56 64 a
840 5452 540 104 foreword
1432 5456 144 132 by
1628 5452 400 104 Elliott
2080 5456 120 100 P.
2264 5456 360 104 Joslin
2672 5452 60 112 …
2864 5456 36 100 i
2908 5456 80 100 ll
2992 5456 492 100 ustrated
3540 5456 268 100 with
3868 5464 124 92 83
4048 5492 176 64 en-

396 5600 520 132 gravings
984 5604 216 96 and
1272 5612 56 88 2
1396 5604 432 100 colored
1896 5604 372 128 plates.
2416 5604 808 132 Philadelphia,
3292 5608 216 100 Lea
3576 5604 84 92 &
3736 5604 488 132 Febiger,

408 5760 280 96 1930.

540 5912 120 92 xi,
736 5912 388 96 [17]-212
1188 5932 84 72 p.
1388 5912 272 92 illus.,
1744 5916 104 76 II
1868 5916 164 76 col.
2104 5936 56 72 p
2160 5916 32 72 l
2204 5972 16 16 .
2336 5916 524 76 24½ͨͫ.

544 6020 656 80 "References"
1272 6024 96 72 at
1432 6024 172 72 end
1676 6024 100 72 of
1836 6020 212 76 each
2124 6024 408 92 chapter.

424 6096 88 88 ©
576 6132 220 92 July
844 6128 52 76 2
900 6124 48 68 9
960 6192 16 32 ,
1032 6128 44 76 1
1088 6128 48 76 9
1144 6128 156 92 30;
1356 6120 128 88 2c.
1536 6132 224 88 Aug.
1820 6132 100 88 1;
1980 6124 156 84 aff.
2188 6132 232 92 Aug.
2472 6132 100 88 2;
2628 6132 84 72 A
2760 6132 48 72 2
2820 6132 44 76 5
2876 6128 212 96 796;
3148 6132 184 80 Lea
3388 6132 76 80 &
3512 6132 124 80 Fe
3636 6128 56 68 b
3704 6132 220 96 iger.

572 6240 532 92 (30-20277)
3836 6240 236 80 8442

412 6392 648 124 Wimberly,
1124 6392 472 104 Charles
1656 6392 580 124 Franklin,
2300 6404 328 96 1866-

556 6540 460 104 Modern
1072 6540 468 132 apostles
1592 6540 124 104 of
1772 6540 328 132 faith,
2148 6540 140 132 by
2348 6540 120 108 C.
2524 6544 124 100 F.
2700 6540 612 136 Wimberly
3364 6540 60 112 …
3636 6544 600 104 Nashville.

424 6688 372 128 Tenn.,
864 6688 628 132 Cokesbury
1564 6724 332 96 press,
1964 6696 288 96 1930.

556 6844 164 76 172
768 6864 84 72 p.
960 6844 276 80 19½ͨͫ.

432 6944 88 88 ©
596 6956 240 72 June
900 6956 44 72 1
956 6952 48 76 5
1016 7016 12 28 ,
1096 6948 272 96 1930;
1432 6952 132 88 2c.
1628 6976 44 52 a
1688 6956 124 72 nd
1880 6976 40 56 a
1940 6956 92 76 ff.
2104 6956 220 92 July
2384 6956 160 88 21;
2616 6956 80 76 A
2756 6956 328 92 26364;
3156 6956 348 76 Lamar
3568 6964 68 76 &
3696 6956 540 84 Whitmore,

556 7060 504 80 Nashville.
1200 7060 532 96 (30-20137)
3832 7064 232 80 8443

420 7208 468 124 Winter,
952 7216 104 104 J.
1124 7216 384 104 Keith.

556 7352 348 108 Other
1004 7364 340 100 man's
1444 7400 404 92 saucer,
1952 7364 140 132 by
2192 7364 104 100 J.
2404 7368 340 100 Keith
2852 7360 456 108 Winter.
3476 7368 492 128 London,
4064 7360 172 108 W.

424 7500 684 108 Heinemann
1164 7512 196 96 ltd.
1424 7504 296 108 [1930]

2212 7672 256 92 1295
