4920 8268
608 740 16 60 [
640 668 736 124 Bamberger,
1440 672 264 100 Mrs.
1768 664 356 104 Helen
2188 676 140 92 R.
2336 704 184 76 ]—
2524 660 624 104 Continued

724 848 52 56 v
788 824 56 92 i,
904 824 168 80 304
1136 848 80 72 p.
1332 824 596 88 19½ͨͫ.

608 924 92 92 ©
764 940 208 76 Feb.
1032 936 136 80 21.
1224 932 272 96 1030;
1556 936 128 76 2c.
1744 932 216 80 Feb.
2016 932 164 84 28;
2240 928 156 80 aff.
2460 928 212 80 Feb.
2728 928 52 76 2
2788 928 56 72 6
2872 948 20 60 :
2952 928 84 76 A
3088 928 332 88 19819;
3484 924 220 76 Dial
3768 940 288 76 press.
4112 924 176 84 inc.

752 1044 484 92 (30-6435)
4068 1028 224 84 1679

596 1204 556 120 Barnard,
1212 1200 396 104 James
1664 1196 364 124 Lynn,
2096 1196 328 104 1867-

728 1348 692 132 Citizenship
1500 1348 108 100 in
1692 1344 824 132 Philadelphia,
2596 1344 144 132 by
2824 1344 104 104 J.
3016 1344 320 128 Lynn
3424 1340 516 104 Barnard
4004 1348 68 120 …
4236 1340 212 100 and

592 1496 352 104 Jessie
1004 1496 120 108 C.
1192 1496 376 104 Evans
1648 1504 64 108 …
1888 1496 132 100 3d
2092 1492 508 104 revision.
2736 1492 828 132 Philadelphia,
3632 1488 524 136 Chicago,
4220 1492 236 100 The

592 1648 300 104 John
960 1648 116 100 C.
1136 1648 516 100 Winston
1716 1676 540 100 company
2340 1648 360 124 [ͨ1929]

728 1804 48 76 2
828 1824 80 72 p.
964 1804 24 76 l
1004 1864 48 32 .,
1104 1800 276 80 7-372
1432 1820 84 72 p.
1632 1800 316 80 front..
2000 1800 72 76 il
2076 1804 32 72 l
2116 1820 164 68 us.,
2340 1796 292 96 diagr.
2748 1796 540 92 19ͨͫ.

680 1912 24 88 ©
768 1916 244 92 Sept.
1068 1912 132 88 30,
1260 1912 224 76 1929
1500 1928 20 60 ;
1584 1912 52 76 2
1640 1924 44 60 c
1700 1976 16 12 .
1772 1912 180 76 and
2016 1912 156 76 aff.
2232 1912 212 76 Feb.
2504 1912 136 80 25,
2696 1908 272 92 1930;
3036 1912 72 72 A
3164 1908 320 84 19754;
3560 1908 248 80 John
3864 1908 100 80 C.
4020 1908 432 80 Winston

736 2044 100 56 co
848 2088 16 16 .
984 2060 20 60 [
1044 2008 60 88 ©
1176 2020 456 80 revisions
1692 2024 184 72 and
1932 2020 512 96 additions]
2580 2016 488 92 (30-6275)
4064 2012 228 84 1680

600 2176 436 120 Barrie,
1100 2180 84 88 S
1180 2180 104 100 ir
1332 2176 392 100 James
1776 2176 600 120 Matthew,
2436 2180 52 96 b
2500 2188 244 100 art.,
2804 2184 316 100 1860-

724 2328 108 104 J.
900 2328 120 100 M
1032 2416 20 16 .
1124 2324 480 104 Barrie's
1668 2332 328 96 Peter
2060 2332 240 96 Pan
2364 2324 108 104 in
2544 2324 704 132 Kensington
3312 2324 508 132 gardens,
3888 2324 352 104 retold
4308 2324 148 136 by

592 2476 264 132 May
940 2480 372 128 Byron
1396 2476 180 100 for
1644 2476 292 100 little
2012 2476 388 132 people
2472 2476 268 104 with
2816 2476 188 100 the
3080 2476 652 132 permission
3808 2472 128 104 of
4008 2480 188 96 the
4268 2512 188 64 au-

592 2628 284 124 thor,
936 2624 480 132 pictures
1472 2628 144 128 by
1676 2624 436 104 Arthur
2168 2624 600 104 Rackham.
2916 2624 264 104 New
3244 2624 352 128 York,
3660 2624 120 108 C.
3852 2620 608 112 Scribner's

584 2812 288 88 sons,
932 2780 284 100 1930.

728 2932 92 76 vi
884 2952 108 72 p.,
1060 2936 32 72 1
1164 2932 24 76 l
1208 2992 44 32 .,
1316 2932 52 72 9
1372 2932 220 76 -123
1660 2952 80 72 p.
1804 2932 28 72 i
1844 2952 56 56 n
1908 2952 48 56 c
1960 2932 56 76 l.
2084 2932 276 80 illus.,
2428 2932 324 92 plates.
2872 2932 168 76 col.
3104 2932 320 84 front.,
3496 2932 164 76 col.
3728 2932 332 88 plates.
4172 2932 52 72 2
4232 2932 540 84 0½ͨͫ
4432 2968 24 44 .

604 3036 96 96 ©
764 3044 212 80 Feb.
1032 3044 132 84 21,
1224 3040 272 88 1930;
1556 3040 128 92 2c.
1744 3040 212 80 Feb.
2016 3044 156 88 27;
2236 3040 160 80 aff.
2460 3040 208 76 Feb.
2728 3040 160 88 26;
2952 3040 76 76 A
3088 3040 332 92 19779;
3480 3040 396 76 Charles
3940 3036 512 80 Scribner's

736 3172 244 60 sons.
1104 3148 492 96 (30-6210)
4064 3144 224 80 1681

608 3304 468 124 Barton,
1128 3304 496 104 William
1680 3304 512 120 Eleazar,
2252 3316 120 96 18
2384 3316 60 92 6
2456 3316 116 92 1-

728 3452 468 104 Lincoln
1268 3464 112 92 at
1448 3452 736 136 Gettysburg:
2268 3456 300 100 what
2636 3452 136 104 he
2844 3452 520 104 intended
3440 3464 112 92 to
3624 3488 248 92 say;
3952 3456 292 100 what
4324 3456 132 100 he

592 3600 292 112 said;
956 3604 296 100 what
1316 3604 132 100 he
1512 3636 224 68 was
1808 3604 508 132 reported
2384 3616 112 88 to
2560 3604 276 100 have
2908 3604 296 128 said;
3276 3608 300 96 what
3640 3604 132 100 he
3844 3604 408 100 wished
4324 3608 132 96 he

592 3752 224 104 had
916 3752 272 104 said.
1364 3752 172 132 By
1632 3752 504 104 William
2244 3752 128 104 E.
2480 3756 424 100 Barton
2968 3752 68 112 …
3304 3752 804 132 Indianapolis.
4220 3752 236 104 The

604 3900 848 104 Bobbs-Merrill
1512 3936 544 100 company
2124 3900 120 112 [ͨ
2208 3908 188 96 193
2404 3908 96 124 0]

728 4056 56 76 2
788 4056 108 76 63
944 4076 80 72 p.
1140 4052 44 80 f
1192 4076 44 56 r
1244 4060 156 76 ont
1412 4120 16 12 .
1484 4056 336 92 (port.)
1884 4060 332 88 plates,
2268 4080 240 68 map,
2560 4060 416 76 facsims.
3032 4060 96 92 (1
3184 4056 384 92 double)
3700 4052 560 88 24½ͨͫ.

728 4164 248 80 Title
1032 4164 96 76 in
1188 4168 164 76 red
1408 4168 184 76 and
1652 4168 300 80 black.

736 4272 308 80 "First
1112 4268 444 84 edition."

736 4380 248 76 "The
1040 4380 372 80 oration
1476 4384 100 76 of
1636 4384 536 76 Honorable
2240 4384 404 76 Edward
2712 4384 496 76 Everett":
3276 4404 84 76 p.
3424 4384 420 84 211-254.

664 4488 56 104 ©
776 4492 212 76 Feb.
1052 4492 76 88 7,
1196 4492 272 88 1930;
1536 4492 128 80 2c.
1736 4492 212 76 Feb.
2016 4492 160 88 24;
2248 4492 156 80 aff.
2472 4492 216 80 Feb.
2756 4496 160 88 21;
2988 4496 76 72 A
3132 4496 108 76 18
3252 4504 52 68 8
3304 4496 108 76 90
3432 4512 24 64 ;
3536 4488 436 104 Bobbs-M
3980 4516 56 56 e
4048 4504 148 68 rril
4208 4508 28 68 l
4344 4488 120 104 co.

752 4596 484 96 (30-6278)
4060 4604 232 80 1682

604 4748 340 128 Bath,
1000 4752 100 100 V
1648 4756 124 104 C.

728 4900 232 100 The
1028 4900 388 104 Lord's
1488 4936 404 100 prayer
1956 4900 116 104 in
2136 4904 308 132 daily
2512 4904 200 104 life
2724 4988 16 20 ,
2808 4908 148 132 by
3024 4908 132 104 V.
3232 4904 120 104 C.
3424 4908 328 104 Bath.
3892 4908 564 104 Philadel-

596 5048 292 132 phia,
956 5048 396 132 Henry
1408 5048 508 108 Altemus
1980 5088 540 100 company
2596 5044 372 144 [ͨ1930]

728 5208 156 76 111
944 5228 84 72 p.
1140 5208 564 84 15½ͨͫ.

604 5308 104 96 ©
760 5316 212 76 Feb.
1020 5320 80 88 7,
1152 5316 272 92 1930;
1480 5320 124 76 2c.
1664 5320 212 76 Feb.
1928 5320 156 88 10;
2144 5320 156 80 aff.
2360 5324 212 76 Feb.
2620 5320 164 96 20;
2844 5324 76 76 A
2972 5324 332 92 18570;
3360 5328 420 76 Howard
3836 5328 104 76 E.
3996 5332 152 72 Alt
4156 5348 52 56 e
4216 5348 228 60 mus.

740 5460 20 56 [
780 5428 88 84 ©
924 5424 468 80 foreword
1448 5428 120 88 by
1620 5428 340 76 Hiram
2012 5432 140 76 W.
2212 5432 348 96 Hayes]
2692 5432 488 92 (30-6400)
4056 5432 228 84 1683

596 5544 996 120 Bethune-Baker,
1648 5552 256 104 Jam
1916 5584 60 64 e
1980 5584 60 72 s
2096 5552 580 128 Franklin,
2740 5572 328 92 1861-

728 5696 352 132 Early
1160 5696 592 104 traditions
1836 5704 332 100 about
2248 5704 356 136 Jesus,
2680 5704 148 136 by
2908 5708 108 104 J.
3100 5708 128 104 F.
3316 5712 928 100 Bethune-Baker
4324 5700 68 108 …

596 5844 264 100 New
932 5844 340 112 York,
1348 5848 236 100 The
1652 5848 640 104 Macmillan
2372 5888 596 100 company;
3048 5856 700 136 Cambridge,
3824 5864 320 128 Eng.,
4216 5864 232 100 The

592 5992 648 136 University
1296 6032 332 92 press.
1692 6004 288 96 1930.

724 6152 164 80 205
936 6172 84 72 p.
1128 6156 48 72 1
1184 6148 468 88 9½ͨͫ
1392 6216 12 16 .
1532 6148 580 100 (Half-title:
2160 6160 196 76 The
2408 6160 484 80 Christian
2944 6164 420 92 religion,
3416 6172 124 76 its
3592 6168 304 92 origin
3948 6172 184 76 and
4188 6192 256 76 prog-

596 6280 224 56 ress.
924 6244 32 76 I
968 6320 16 16 .
1036 6260 196 76 The
1292 6260 180 80 rise
1520 6260 104 80 of
1676 6264 156 76 the
1884 6264 484 80 Christian
2424 6272 376 76 church.
2920 6308 20 60 [
2944 6280 128 84 pt.
3240 6260 240 104 III])

728 6348 360 96 "Books
1136 6348 156 92 for
1344 6348 528 100 reference"
1928 6348 100 104 at
2076 6348 176 104 end
2304 6348 104 104 of
2456 6348 240 108 most
2748 6352 100 104 of
2900 6352 156 108 the
3104 6356 468 120 chapters.

604 6464 96 96 ©
768 6472 212 80 Feb.
1040 6476 40 72 1
1100 6476 48 72 8
1160 6536 12 24 ,
1236 6476 272 92 1930;
1568 6476 132 80 2c.
1760 6484 184 72 and
2008 6484 92 72 af
2084 6484 60 72 f
2148 6544 16 16 .
2228 6484 216 80 Feb.
2504 6484 160 96 19;
2728 6488 76 72 A
2868 6488 108 80 19
2980 6488 52 80 6
3036 6492 56 76 4
3096 6488 48 80 3
3180 6512 16 68 ;
3268 6488 104 76 M
3372 6492 436 80 acmillan
3876 6516 100 56 co
3988 6560 12 12 .

748 6584 196 92 (30-
960 6584 52 76 6
1016 6584 52 76 3
1076 6584 156 92 98)
4040 6600 228 84 1684

596 6704 424 124 Bragg,
1076 6708 280 104 Paul
1412 6708 120 104 C.

724 6852 580 108 Professor
1364 6860 468 132 Bragg's
1892 6868 268 96 Live
2220 6864 256 104 food
2548 6872 268 100 cook
2872 6872 284 104 book
3216 6880 216 100 and
3496 6916 244 64 men
3748 6916 68 64 u
3828 6920 76 92 s,
3964 6880 144 100 by
4168 6884 88 104 P
4276 6916 156 68 ro-

592 7000 52 100 f
648 7036 288 68 essor
1004 7004 284 104 Paul
1360 7004 112 108 C.
1548 7012 412 132 Bragg.
2108 7016 700 132 Hollywood,
2880 7020 376 128 Calif.,
3324 7024 528 104 National
3920 7028 228 104 diet
4216 7032 216 100 and

584 7148 372 104 health
1008 7152 648 104 association
1712 7156 124 100 of
1884 7160 512 108 America
2456 7152 268 116 [ͨ193
2736 7172 60 96 0
2804 7232 24 64 ]

724 7304 164 80 170
936 7328 84 68 p.
1076 7304 96 80 in
1176 7308 80 76 cl
1268 7372 16 12 .
1340 7316 236 84 port.
1692 7312 56 76 2
1744 7300 416 88 3ͨͫ
1900 7376 16 12 .

604 7400 92 96 ©
764 7412 212 80 Feb.
1040 7416 132 80 17.
1232 7420 220 76 1930
1488 7444 16 56 ;
1568 7420 52 76 2
1628 7444 48 48 c
1684 7484 16 12 .
1764 7428 180 72 and
2012 7424 100 80 af
2088 7424 60 76 f
2156 7488 12 16 .
2236 7428 212 76 Feb.
2512 7428 108 76 20
2652 7448 20 60 ;
2740 7432 72 72 A
2876 7432 332 84 19682;
3280 7436 188 76 Nat
3472 7436 28 72 l
3516 7496 12 16 .
3600 7436 192 80 diet
3856 7444 184 72 and
4108 7440 316 80 health

728 7540 44 56 a
788 7540 44 56 s
840 7544 104 52 sn
956 7588 16 12 .
1024 7544 52 56 o
1084 7524 44 76 f
1176 7524 456 80 America.
1768 7516 484 116 (30-6296)
4040 7544 224 80 1685

2376 7640 196 100 258
