4920 8268
2396 7628 200 92 380

636 624 412 128 Filson,
1104 628 336 124 John,
1500 628 708 108 1747?-1788.

836 804 60 112 …
956 800 468 108 Filson's
1492 804 628 128 Kentucke;
2192 844 60 64 a
2324 804 540 104 facsimile
2928 800 780 136 reproduction
3772 800 124 104 of
3956 800 184 104 the
4204 800 292 132 orig-

628 952 228 108 inal
924 956 740 132 Wilmington
1736 956 420 104 edition
2228 956 124 104 of
2420 956 292 132 1784,
2784 956 272 100 with
3124 956 360 132 paged
3556 952 500 136 critique,
4120 952 376 100 sketch

628 1104 124 104 of
824 1108 472 100 Filson's
1372 1104 236 132 life,
1684 1108 220 100 and
1976 1108 828 132 bibliography,
2872 1108 152 132 by
3088 1108 484 104 Willard
3648 1104 360 104 Rouse
4084 1100 408 104 Jillson

764 1256 68 112 …
900 1256 356 104 Exact
1324 1256 432 132 reprint
1820 1256 128 104 of
2012 1256 184 104 the
2268 1256 240 104 first
2572 1292 260 96 map
2904 1256 124 104 of
3100 1256 292 104 1784.
3532 1252 640 132 Louisville,
4236 1256 260 132 Ky.,

624 1408 112 104 J.
812 1408 128 104 P.
1016 1408 448 100 Morton
1544 1408 88 100 &
1700 1440 576 100 company,
2360 1408 800 132 incorporated,
3244 1412 296 96 1929.

760 1568 52 76 4
864 1588 80 72 p.
996 1572 84 88 1.,
1140 1604 20 60 [
1184 1564 52 72 v
1228 1568 28 76 i
1268 1568 168 84 i]s
1332 1612 60 8 -
1392 1564 56 72 x
1504 1588 108 72 p.,
1664 1568 44 72 1
1760 1568 88 92 1.,
1896 1568 368 76 facsim.
2324 1568 208 92 (118
2584 1568 128 92 p.)
2784 1564 208 80 119-
3012 1568 164 76 198
3220 1588 84 72 p.
3408 1564 60 76 2
3512 1588 268 72 maps
3832 1564 32 96 (
3880 1564 24 76 i
3916 1588 112 52 nc
4036 1564 24 76 l
4076 1624 16 16 .
4144 1568 96 72 fr
4244 1588 52 56 o
4304 1568 184 92 nt.;

628 1680 36 72 1
732 1676 44 76 f
780 1680 84 76 ol
876 1676 132 92 d.)
1140 1672 560 88 19½ͨͫ.
1556 1676 244 92 (The
1856 1676 320 80 Filson
2232 1676 212 80 club
2500 1676 180 92 pub
2692 1676 20 76 l
2728 1676 192 80 icat
2924 1676 28 76 i
2964 1696 220 60 ons:
3244 1696 60 56 n
3312 1696 52 56 o
3372 1736 16 20 .
3444 1676 112 80 35
3576 1676 28 92 )

764 1784 316 80 "First
1136 1784 380 92 edition,
1572 1784 168 80 200
1792 1784 392 96 copies."

760 1896 196 76 The
1028 1892 400 92 original
1500 1892 356 80 edition
1928 1896 172 76 has
2176 1892 260 80 title:
2512 1892 200 80 The
2780 1892 516 92 discovery,
3372 1896 540 76 settlement
3984 1892 184 80 and
4244 1912 248 76 pres-

628 2008 156 72 ent
840 2008 252 72 state
1152 2004 100 76 of
1308 2000 544 80 Iientucke:
1920 2004 180 76 and
2164 2024 124 56 an
2348 2020 272 76 essay
2680 2008 416 72 towards
3156 2004 156 76 the
3376 2004 608 92 topography,
4044 2004 188 76 and
4292 2008 200 72 nat-

628 2116 208 72 ural
888 2112 372 92 history
1308 2112 100 76 of
1464 2112 212 76 that
1728 2112 524 92 important
2304 2116 424 88 country.

764 2224 588 76 "Annotated
1412 2220 768 92 bibliography":
2240 2240 84 72 p.
2384 2260 20 56 [
2412 2220 48 76 1
2472 2224 48 76 5
2524 2224 196 88 1]-1
2732 2220 52 76 6
2788 2224 76 76 7.

668 2324 56 84 0
800 2332 184 76 Dec
992 2392 16 16 .
1092 2336 80 64 0
1184 2392 12 24 ,
1252 2332 32 72 1
1308 2332 20 72 1
1364 2332 160 80 29:
1580 2332 48 72 2
1640 2356 40 52 c
1692 2392 16 16 .
1764 2332 56 76 J
1828 2352 44 52 a
1892 2352 80 52 n.
2028 2332 76 84 2,
2168 2332 100 72 19
2276 2328 56 68 3
2332 2332 100 80 0:
2492 2352 44 56 a
2556 2332 72 72 ff
2632 2392 16 16 .
2712 2332 52 76 J
2772 2352 148 56 an.
2976 2332 36 72 1
3036 2332 52 68 8
3112 2348 20 64 :
3196 2332 72 72 A
3328 2328 324 80 10024:
3724 2332 212 76 Will
3952 2352 40 56 a
4016 2352 40 52 r
4064 2332 52 76 d
4180 2332 312 76 Rouse

772 2440 52 76 J
840 2440 60 76 il
916 2444 72 68 ls
1044 2464 48 52 n
1204 2436 4 16 '
1208 2440 68 72 F
1292 2464 36 48 r
1332 2464 48 52 a
1396 2440 328 76 nkfort
1844 2440 44 72 i
1900 2464 56 68 y
1968 2504 12 12 .
2132 2424 100 112 [©
2288 2464 204 52 new
2556 2456 88 56 m
2652 2456 48 56 a
2712 2440 276 76 terial
3156 2440 384 92 (30-319
3540 2440 64 76 9
3616 2444 28 80 )
4100 2440 224 76 2509

636 2680 552 124 Gardner,
1252 2680 364 108 Anne.

772 2860 232 100 The
1100 2864 240 96 love
1436 2860 468 132 coward,
2000 2860 144 132 by
2240 2856 320 104 Anne
2656 2856 544 104 Gardner.
3348 2860 268 100 New
3716 2856 348 136 York,
4160 2860 128 96 E.
4388 2860 112 108 J.

640 3012 48 96 (
736 3012 272 128 lode,
1064 3008 204 104 inc.
1344 3012 360 128 [ͨ1930]

760 3164 164 80 304
984 3184 84 72 p.
1184 3164 560 88 19½ͨͫ
1440 3196 20 40 .

644 3292 16 68 ©
804 3304 128 84 Fe
932 3304 52 72 b
996 3368 12 12 .
1072 3304 48 72 1
1124 3304 72 72 5.
1260 3304 32 72 1
1312 3304 164 72 930
1512 3324 16 56 :
1588 3304 52 76 2
1640 3312 48 56 c
1700 3364 16 16 .
1816 3304 108 84 Ma
1948 3324 64 60 r.
2072 3304 156 80 21:
2292 3304 100 76 af
2392 3304 36 72 f
2436 3364 12 16 .
2512 3304 84 76 Af
2612 3328 44 52 a
2676 3324 68 60 r.
2804 3304 160 80 24:
3028 3304 72 76 A
3160 3304 332 88 20546;
3560 3304 224 76 Edw
3792 3308 52 64 a
3860 3304 104 76 rd
4028 3304 52 76 J
4096 3364 16 16 .
4172 3300 312 92 ('lode,

772 3412 168 76 inc.
1068 3420 64 68 C
1116 3412 32 64 :
1248 3428 88 56 _1
1348 3416 104 72 17
1452 3416 104 72 31
4092 3408 232 84 2510

636 3652 468 124 Garver,
1160 3652 300 100 John
1520 3652 432 124 Anson,
2016 3664 316 96 1854-

772 3832 68 100 J
852 3868 60 64 o
924 3832 144 100 hn
1148 3832 504 104 William
1736 3832 528 132 Sterling,
2336 3836 272 100 class
2688 3836 124 100 of
2892 3840 296 128 1864,
3264 3832 276 108 Yale
3616 3836 448 132 college,
4136 3872 60 64 a
4268 3832 228 108 bio-

632 3984 576 128 graphical
1288 3984 412 132 sketch,
1772 3984 144 136 by
1992 3984 304 104 John
2376 3984 132 100 A.
2592 3980 460 108 Garver.
3208 3984 300 128 [New
3588 3988 436 136 Haven,
4104 3988 344 104 Conn.
4436 4024 44 76 1

632 4136 464 100 Printed
1172 4136 180 104 for
1424 4136 284 104 Yale
1776 4132 648 136 university,
2492 4136 348 104 under
2908 4136 180 104 the
3160 4132 540 108 direction
3768 4136 124 104 of
3964 4140 180 100 the
4216 4148 280 96 trus-

632 4292 216 96 tees
908 4288 124 96 of
1088 4288 180 100 the
1328 4292 336 96 estate
1724 4288 124 96 of
1904 4288 304 100 John
2264 4288 172 96 W.
2504 4284 532 136 Sterling,
3088 4288 144 132 by
3296 4288 184 100 the
3540 4284 280 104 Yale
3880 4288 616 136 university

632 4472 332 96 press,
1028 4440 288 100 1929.

760 4592 52 80 5
872 4612 60 76 p
936 4656 20 16 .
1020 4596 24 72 1
1056 4652 48 32 .,
1164 4592 44 76 1
1220 4592 48 76 1
1276 4592 52 80 3
1392 4612 76 72 p.
1588 4592 316 92 front.,
1972 4596 328 88 plates,
2364 4596 288 88 ports.
2772 4592 500 92 24ͨͫ.

704 4724 24 72 ©
832 4724 108 84 De
948 4752 48 48 c
1004 4792 16 12 .
1096 4728 48 72 2
1144 4720 76 72 2.
1296 4732 32 68 1
1352 4732 16 64 !
1360 4724 92 76 12
1464 4728 56 72 9
1548 4748 16 56 :
1640 4728 128 76 2c.
1844 4724 96 68 M
1944 4748 132 60 ar.
2148 4732 76 80 6,
2296 4732 44 72 1
2352 4732 52 72 9
2412 4724 52 68 3
2464 4732 56 72 0
2548 4748 20 60 :
2644 4716 156 92 aft.
2884 4716 36 64 l
2928 4732 44 72 f
2980 4748 132 60 ar.
3184 4732 48 72 4
3268 4748 20 64 :
3364 4732 76 72 A
3516 4732 104 76 19
3628 4732 48 72 9
3684 4732 156 76 02;
3924 4724 172 84 Yal
4104 4756 48 52 e
4224 4732 248 80 univ.

764 4856 60 72 p
832 4856 40 56 r
876 4856 96 56 es
984 4856 68 60 s.
1180 4840 208 88 (30-
1392 4840 56 68 8
1456 4840 88 72 11
1564 4840 56 72 6
1640 4840 24 84 )
4092 4840 224 80 2511

632 5072 388 124 Glenn,
1080 5072 448 104 Mendel
1588 5072 556 128 Gershon,
2208 5084 320 96 1896-
2956 5108 56 68 e
3016 5072 104 108 d.
3180 5084 220 104 and
3460 5092 136 92 tr.

752 5248 420 108 Jewish
1224 5252 272 104 tales
1552 5252 220 104 and
1824 5252 500 128 legends;

2960 5452 1928 156 ספורים
4824 5452 64 156 ואגדות
4824 5452 64 160 ^מהתלמוד
4824 5456 64 156 ^והמדרש

620 5648 932 132 Supplementary
1652 5648 516 136 readings
2264 5664 112 92 to
2472 5652 184 104 the
2752 5656 408 128 Torah,
3252 5652 460 104 selected
3808 5656 224 100 and
4128 5668 352 88 trans-

616 5800 292 100 lated
968 5800 140 132 by
1164 5800 440 100 Mendel
1664 5800 132 104 G.
1860 5800 392 104 Glenn.
2396 5804 268 100 New
2724 5804 352 132 York,
3136 5800 260 108 Star
3448 5804 480 104 Hebrew
3984 5804 280 104 book
4324 5844 156 64 co.

640 5960 128 124 [ͨ1
768 5956 260 128 929]

744 6136 88 68 x,
888 6112 332 76 11-443
1284 6132 80 72 p.
1476 6108 600 88 20½ͨͫ.

752 6248 332 76 "Tales
1140 6248 180 76 and
1384 6248 380 88 legends
1820 6248 244 76 from
2120 6248 160 80 the
2336 6248 396 80 Talmud
2796 6252 184 76 and
3040 6252 96 76 M
3080 6244 388 84 cidrash
3528 6244 60 88 …
3684 6252 788 100 chronologically

608 6356 460 92 arranged
1136 6356 180 76 and
1380 6356 36 72 t
1428 6376 96 56 ra
1536 6356 368 76 nslated
1964 6356 196 80 into
2220 6356 156 80 the
2436 6356 664 80 modern."-A
3112 6380 56 56 u
3180 6356 292 80 thor's
3528 6380 120 60 no
3660 6368 112 72 te.

748 6464 476 92 "Original
1284 6464 180 76 and
1524 6464 516 92 secondary
2096 6464 488 80 sources":
2644 6488 80 72 p.
2780 6468 124 80 vi.

700 6596 24 84 )
792 6600 208 80 Feb.
1060 6604 52 76 2
1124 6604 40 72 7
1176 6660 16 28 ,
1260 6600 268 80 1930:
1592 6604 128 80 2c.
1812 6612 204 68 lar.
2088 6604 36 72 1
2168 6624 16 60 :
2252 6628 48 52 a
2312 6604 96 76 ff.
2500 6612 180 68 lar
2692 6664 12 16 .
2772 6608 52 68 5
2856 6624 16 56 :
2944 6608 76 72 A
3080 6604 172 76 200
3252 6604 112 72 98
3392 6628 20 68 ;
3484 6608 104 80 St
3596 6628 104 56 ar
3768 6608 204 80 Heb
3980 6632 188 56 rew
4280 6612 188 76 ook

752 6732 100 56 co
864 6772 20 16 .
1012 6708 484 92 (30-7735)
4068 6716 236 84 2512

620 6944 516 128 Golding,
1196 6944 384 128 Louis,
1644 6960 324 92 1895-

752 7124 280 104 Give
1100 7160 148 96 up
1316 7160 276 100 your
1660 7132 356 100 lovers
2096 7132 208 132 [by]
2384 7132 332 104 Louis
2788 7132 524 136 Golding.
3460 7132 268 108 New
3796 7136 352 132 York,
4216 7136 256 108 Cos-

616 7276 608 128 mopolitan
1284 7276 280 100 book
1620 7280 740 136 corporation,
2420 7288 288 100 1930.

736 7428 52 76 4
844 7448 84 80 p.
988 7432 80 88 1.,
1128 7428 164 80 287
1352 7448 76 80 p.
1548 7432 40 76 1
1604 7428 504 84 9½ͨͫ
1812 7496 20 20 .
