4752 8320
508 724 360 104 Misso
872 728 88 100 ff
968 760 92 92 e,
1124 724 444 128 Michel,
1636 728 328 104 1887-

740 960 20 20 .
832 876 160 100 La
1064 872 168 104 vie
1300 872 604 104 volontaire
1976 872 432 104 d'Andr
2400 876 64 92 6
2536 872 516 136 Tardieu,
3120 880 268 96 essai
3464 872 128 108 de
3664 872 628 132 chronologi
4304 912 52 64 e

504 1024 416 108 anim6e
996 1024 704 132 (1876-1929)
1856 1020 392 136 1Paris,
2312 1024 132 100 E.
2504 1020 744 104 Flammarion
3320 1028 160 96 [19
3492 1028 124 96 30
3604 1028 40 88 ]

640 1196 64 60 x
712 1236 16 32 ,
800 1180 72 80 [1
884 1180 48 72 1
940 1212 20 60 ]
968 1220 60 12 -
1028 1180 108 72 24
1148 1176 52 76 8
1252 1196 112 72 p.,
1428 1176 44 76 1
1532 1180 60 72 1.
1708 1172 536 92 19ͨͫ.

648 1288 444 76 "Sources
1152 1284 52 80 A
1256 1280 580 80 consulter":
1896 1304 84 72 p.
2040 1284 480 96 ]2471-248.

516 1420 96 96 ©
688 1432 244 88 Sept.
996 1432 132 84 11,
1192 1428 44 76 1
1248 1424 168 80 930
1436 1448 24 60 :
1532 1428 108 76 1c
1648 1488 12 16 .
1736 1424 244 96 Sept.
2048 1424 52 76 2
2104 1420 48 76 2
2188 1444 20 72 ;
2276 1424 596 92 A-Foreign
2940 1424 112 80 90
3056 1428 52 76 7
3108 1424 48 80 3
3196 1444 16 72 ;
3288 1428 340 76 Ernest
3696 1424 660 80 Flammarion.

664 1532 424 100 (31-274)
3892 1532 288 84 13904

508 1720 432 124 Moran,
1008 1720 652 104 Catherine.

648 1872 404 132 Spain;
1112 1872 136 100 its
1304 1872 424 132 history
1784 1868 384 136 briefly
2224 1872 268 128 told,
2544 1872 140 132 by
2744 1868 592 108 Catherine
3388 1876 392 100 Moran
3832 1876 60 120 …
4092 1876 92 92 B
4196 1904 156 72 os-

504 2040 224 116 ton,
780 2024 368 132 Mass.,
1200 2024 232 100 The
1496 2020 572 108 Stratford
2128 2056 540 96 company
2736 2024 372 124 ]°1930]

636 2184 52 76 2
744 2200 84 72 p.
884 2184 88 84 l.,
1032 2192 80 76 v,
1168 2176 164 80 267
1388 2200 60 72 p
1588 2196 260 72 maps
1904 2176 264 92 (part
2224 2176 280 92 fold.)
2576 2176 356 92 geneal.
2992 2176 328 80 tables.
3432 2176 600 92 22½ͨͫ.

508 2308 100 96 ©
668 2316 216 76 Dec.
940 2312 44 72 1
996 2312 56 76 0
1056 2372 12 24 ,
1128 2312 44 72 1
1184 2308 172 80 930
1380 2332 20 68 ;
1456 2324 132 68 2c.
1644 2312 216 72 Dec.
1916 2308 160 76 15:
2136 2308 156 76 aff.
2352 2324 212 68 Dec.
2624 2308 160 92 17;
2844 2312 80 72 A
2980 2308 328 96 32261;
3380 2312 480 80 Stratford
3920 2332 160 72 co.,
4140 2316 220 88 pub-

636 2420 368 80 lishers.
1140 2420 540 96 (30-34395)
3892 2416 284 84 13905

504 2604 636 104 Nebraska.
1284 2608 356 132 Laws,
1696 2612 492 128 statutes,
2248 2616 192 92 etc.

644 2752 580 132 Compiled
1312 2764 464 88 statutes
1864 2752 124 100 of
2076 2748 608 132 Nebraska,
2776 2756 292 124 1929,
3160 2752 684 136 comprising
3932 2752 148 104 all
4172 2756 184 104 the

508 2912 552 124 statutory
1104 2900 216 104 law
1368 2900 124 104 of
1540 2936 60 64 a
1648 2900 440 132 general
2140 2912 388 92 nature
2580 2900 116 100 in
2752 2900 336 128 force,
3136 2900 584 136 including
3764 2900 180 108 the
4000 2916 356 92 enact-

508 3064 348 92 ments
936 3052 128 100 of
1148 3052 176 100 the
1416 3048 620 136 forty-fifth
2120 3048 492 104 biennial
2696 3052 408 100 session
3188 3048 128 104 of
3396 3052 184 104 the
3668 3052 688 136 Legislature

512 3200 352 104 which
928 3200 612 132 adjourned
1604 3196 336 136 April
2004 3204 160 124 24,
2236 3204 292 124 1929,
2588 3232 120 72 as
2768 3200 248 100 well
3080 3236 116 68 as
3260 3200 128 104 of
3444 3200 184 104 the
3700 3200 648 136 forty-sixth

504 3352 404 104 session
984 3348 516 136 (special)
1576 3352 356 100 which
1992 3348 612 136 adjourned
2660 3352 392 100 March
3116 3356 160 128 15,
3340 3356 288 96 1930.
3780 3348 576 136 Compiled

500 3500 144 136 by
692 3500 500 108 William
1244 3500 124 104 C.
1416 3500 428 132 Dorsey
1900 3500 64 120 …
2164 3500 604 104 Published
2820 3500 148 132 by
3016 3500 184 104 the
3248 3512 280 92 state
3580 3500 128 104 of
3756 3500 600 104 Nebraska.

508 3652 496 132 Lincoln,
1056 3652 304 128 Neb.,
1420 3648 304 108 State
1780 3652 444 132 journal
2276 3680 544 104 company
2884 3656 40 80 [
2916 3652 344 128 °19301

628 3808 224 80 2466
916 3832 80 72 p.
1112 3808 112 80 26
1224 3812 84 44 80
1312 3832 24 48 .

640 3948 292 76 Great
984 3968 96 56 se
1088 3968 48 56 a
1148 3948 28 76 l
1232 3944 104 80 of
1388 3944 156 80 the
1600 3952 248 72 state
1904 3944 100 80 of
2056 3944 516 92 Nebraska,
2632 3944 328 80 March
3020 3944 168 96 1st,
3248 3944 248 92 1867,
3552 3964 120 60 on
3732 3952 188 88 t.-p.

520 4076 84 100 3
660 4084 212 76 Dec.
924 4084 132 92 10,
1112 4084 48 76 1
1164 4084 172 76 930
1360 4100 20 72 ;
1436 4092 52 68 2
1496 4104 44 52 e
1552 4144 12 16 .
1616 4104 52 52 a
1680 4084 120 72 nd
1856 4080 156 76 aff.
2068 4084 216 76 Dec.
2340 4080 156 92 15;
2556 4080 72 76 A
2684 4084 16 64 :
2744 4092 108 64 22
2856 4092 52 68 1
2912 4088 56 68 5
2996 4100 16 64 ;
3076 4080 64 76 C
3152 4084 56 68 h
3220 4100 48 56 a
3280 4084 184 72 rles
3520 4092 72 68 B
3608 4144 16 16 .
3676 4084 168 76 Let
3856 4092 36 68 t
3896 4100 144 76 on,
4100 4084 252 76 clerk

628 4192 104 76 of
804 4200 28 68 t
844 4192 116 80 he
1032 4196 56 72 S
1104 4212 52 56 u
1168 4212 308 72 preme
1548 4196 264 72 court
1888 4188 104 80 of
2060 4188 248 80 Nebr
2312 4212 52 52 a
2380 4188 196 96 ska,
2648 4188 44 76 f
2700 4216 48 44 o
2760 4212 40 52 r
2876 4200 24 68 t
2920 4188 116 80 he
3104 4188 264 80 benef
3372 4188 28 76 i
3408 4200 32 68 t
3524 4188 100 80 of
3700 4192 156 76 the
3928 4200 248 68 state
4252 4192 104 76 of

632 4304 132 76 Ne
776 4304 48 76 b
836 4304 216 76 rask
1060 4320 48 60 a
1112 4332 20 44 .
1204 4300 412 92 Lincoln,
1684 4304 220 76 Neb.
2040 4296 540 96 (30-34266)
3880 4296 284 84 13906

496 4488 484 120 Oregon.
1132 4488 80 96 L
1224 4520 256 100 aws,
1528 4496 496 124 statutes,
2072 4500 192 92 etc.

636 4632 440 136 Oregon
1140 4636 292 128 code,
1500 4640 296 120 1930,
1856 4632 644 132 containing
2560 4632 184 104 the
2808 4628 476 108 General
3348 4632 268 104 laws
3680 4632 128 104 of
3872 4632 480 132 Oregon,

496 4784 596 104 annotated
1172 4784 260 100 with
1500 4784 536 100 decisions
2108 4780 296 104 from
2468 4780 188 104 the
2728 4776 540 136 Supreme
3332 4796 312 92 court
3708 4784 128 100 of
3904 4780 448 136 Oregon

500 4936 216 100 and
812 4936 180 100 the
1092 4932 416 108 United
1608 4928 368 112 States
2068 4940 396 92 courts.
2612 4928 600 108 Published
3312 4932 144 132 by
3556 4932 568 136 authority
4224 4936 124 100 of

496 5088 320 100 Laws
904 5088 288 128 1929,
1272 5084 456 132 chapter
1808 5088 232 124 418,
2124 5080 540 132 compiled
2752 5084 348 100 under
3180 5080 188 104 the
3452 5080 688 136 supervision
4224 5084 124 100 of

496 5232 184 104 the
724 5232 528 132 Supreme
1300 5244 308 92 court
1652 5228 124 104 of
1820 5228 100 108 O
1928 5264 392 100 regon:
2368 5228 340 108 Chief
2748 5228 428 136 justice,
3220 5228 384 108 Oliver
3648 5232 132 104 P.
3828 5232 512 104 Coshow;

496 5384 524 104 associate
1068 5384 480 132 justices,
1596 5384 388 132 Harry
2032 5384 152 100 H.
2240 5384 288 128 Belt,
2580 5380 480 104 Thomas
3116 5380 140 104 A.
3308 5380 536 104 McBride
3912 5392 60 108 …
4092 5384 244 128 Land

492 5536 368 100 others
1044 5532 812 132 Indianapolis,
1916 5532 232 104 The
2220 5528 856 108 Bobbs-Merrill
3144 5564 544 100 company
3768 5536 364 128 1°19301

616 5696 56 76 4
740 5712 84 60 v.
936 5692 168 80 26½
1104 5696 32 40 ͨ
1140 5696 80 76 ͫ.

636 5832 68 76 V
712 5852 52 52 o
768 5832 112 80 ls.
940 5832 160 76 1-3
1164 5828 288 96 paged
1520 5828 688 92 continuously.

636 5940 232 76 "Err
880 5960 48 56 a
940 5948 36 72 t
984 5948 68 68 a
1044 5936 48 32 "
1152 5960 212 56 mou
1372 5948 100 68 nt
1480 5940 108 76 ed
1652 5960 116 52 on
1824 5936 264 76 front
2148 5936 624 96 lining-paper
2828 5936 100 76 of
2988 5956 84 64 v.
3128 5936 80 80 4.

628 6052 192 76 Vol.
884 6052 84 88 4,
1036 6048 396 80 General
1500 6048 308 80 index.

488 6188 148 72 vol
644 6204 40 56 s
696 6248 16 16 .
772 6188 184 84 1-,
1024 6168 92 92 ©
1176 6188 228 72 Nov.
1460 6184 136 92 12,
1656 6188 36 72 1
1712 6180 164 80 030
1908 6204 20 68 ;
1988 6184 176 76 vol.
2220 6188 76 84 4,
2364 6164 100 96 ©
2524 6184 84 72 D
2612 6200 128 60 ec.
2796 6184 36 72 1
2880 6200 16 72 ;
2964 6180 124 80 2c.
3152 6180 228 80 each
3440 6184 184 76 and
3684 6180 208 80 affs.
3956 6184 216 76 Dec.
4228 6188 52 72 4
4304 6192 24 64 :

620 6296 76 72 A
744 6296 304 76 31422.
1104 6304 48 68 3
1160 6296 160 72 142
1328 6296 48 72 3
1412 6316 16 56 :
1488 6296 76 72 B
1572 6296 256 76 obbs-
1836 6304 100 68 M
1936 6292 260 76 errill
2248 6312 48 56 c
2300 6312 52 56 o
2364 6356 16 16 .
2520 6292 24 76 (
2564 6296 48 68 3
2628 6288 268 80 1-342
2908 6292 52 76 6
2960 6296 104 88 :5)
3496 6288 288 84 13907
3796 6356 12 20 ,
3868 6288 280 84 13908

484 6476 348 124 Pelly,
892 6476 500 100 Thomas
1440 6476 408 120 Minor,
1916 6488 324 92 1902-

616 6624 1024 128 North-westward,
1692 6624 144 132 by
1888 6624 480 104 Thomas
2420 6624 376 100 Minor
2848 6624 356 128 Pelly,
3256 6624 384 132 signed
3696 6624 636 104 woodblock

484 6768 708 132 frontispiece
1256 6772 144 132 by
1464 6776 148 100 W
1620 6856 16 16 .
1708 6772 440 104 Corwin
2224 6772 380 104 Chase.
2748 6768 452 132 Seattle,
3268 6776 524 96 Lowman
3860 6776 92 96 &
4016 6776 312 96 Han-

484 6920 256 100 ford
800 6956 572 96 company,
1432 6924 288 96 1930.

612 7076 48 76 5
704 7092 84 72 p.
848 7076 84 88 l.,
980 7076 300 76 1.5-33.
1348 7068 36 64 r
1372 7076 44 76 l
1428 7116 20 56 ]
1504 7092 80 76 p.
1704 7076 140 76 col
1848 7104 20 40 .
1924 7076 288 76 front.
2324 7072 204 80 32J0
2576 7100 28 44 .

616 7184 280 76 "This
960 7184 360 76 edition
1392 7184 100 76 of
1564 7184 528 76 North-wes
2100 7192 28 68 t
2140 7188 264 72 ward
2480 7184 76 76 is
2628 7184 360 80 limited
3064 7188 92 72 to
3232 7184 48 76 3
3292 7184 104 76 00
3468 7184 312 92 copies
3848 7184 104 80 of
4020 7188 308 72 which

472 7288 112 76 29
592 7288 48 76 5
692 7308 156 60 are
904 7292 152 76 for
1108 7292 276 80 sale."

612 7396 352 80 Poems.

496 7520 92 92 ©
640 7532 220 92 July
908 7536 76 84 1,
1036 7532 156 76 193
1204 7536 56 72 0
1284 7556 16 64 ;
1356 7536 128 76 2c.
1540 7536 172 92 Sep
1724 7540 28 68 t
1772 7596 12 16 .
1836 7536 152 76 16:
2048 7536 156 80 off.
2260 7536 244 92 Sept.
2560 7536 44 72 1
2616 7536 52 68 5
2696 7556 16 60 :
2768 7536 76 72 A
2892 7532 280 80 °0394
3204 7556 20 64 ;
3280 7536 436 76 Lowman
3772 7536 64 80 &
3892 7536 144 76 Ha
4016 7556 52 52 n
4116 7536 208 76 ford

620 7660 128 56 co.
892 7640 540 96 (30-34224)
3864 7644 284 80 13909

2264 7752 264 96 2166
