4800 8268
2072 7624 192 96 695

264 636 376 124 Story,
712 640 592 116 Margaret
1392 632 1036 128 (McElroy-Frost)
2520 632 328 104 "Mrs.
2924 632 480 104 Chester
3476 636 132 104 B.
3680 636 408 124 Story"

388 784 780 108 -Continued

400 940 132 76 "A
580 944 452 88 complete
1080 936 408 80 revision
1540 936 100 80 of
1688 936 228 80 Mrs.
1968 936 356 92 Story's
2380 996 88 20 ...
2528 932 268 84 'How
2848 940 92 76 to
2996 940 264 76 dress
3312 932 236 84 well'
3608 996 92 20 ...
3812 940 284 96 Many

268 1048 432 92 chapters
764 1068 164 56 are
992 1048 400 88 entirely
1456 1044 508 92 rewritten,
2032 1048 184 76 and
2284 1048 128 76 all
2480 1044 156 76 the
2704 1048 196 76 rest
2964 1064 168 60 are
3192 1044 404 92 brought
3660 1048 248 92 fully
3976 1068 124 76 up

264 1160 96 72 to
416 1156 996 76 date."-Publishers'
1472 1156 240 76 note.

276 1260 96 96 ©
436 1268 220 92 Apr.
716 1264 132 96 19,
912 1268 112 72 19
1020 1268 52 76 3
1080 1264 56 76 0
1164 1288 20 68 ;
1248 1264 128 80 2c.
1436 1268 184 72 and
1684 1268 156 80 aff.
1900 1264 220 92 Apr.
2180 1264 160 88 29;
2408 1264 80 72 A
2548 1260 328 92 22508;
2944 1264 276 76 Funk
3280 1268 72 80 &
3412 1264 484 92 Wagnalls
3956 1284 104 56 co
4072 1328 16 16 .

424 1372 28 96 (
464 1376 52 80 3
524 1376 436 92 0-12012)
3700 1372 52 80 4
3760 1372 180 84 600,

268 1556 488 124 Stowell,
812 1556 224 124 Jay
1088 1556 492 124 Samuel,
1644 1568 328 92 1883-

392 1708 236 100 The
676 1708 420 132 Utopia
1144 1708 124 100 of
1316 1708 352 132 unity,
1712 1708 148 136 by
1904 1708 224 132 Jay
2184 1708 108 108 S.
2344 1708 452 104 Stowell
2856 1796 20 16 .
2900 1796 20 12 .
2944 1796 20 16 .
3116 1708 264 104 New
3428 1708 348 132 York,
3832 1708 256 108 Chi

260 1888 264 100 cago
592 1864 264 124 [etc.]
928 1856 512 132 Fleming
1496 1856 152 104 H.
1708 1856 384 104 Revell
2144 1892 540 96 company
2752 1864 268 96 [ͨ193
3028 1864 60 96 0
3076 1876 36 76 ]

396 2012 108 76 12
508 2012 52 80 3
608 2032 88 72 p.
808 2008 560 88 19½ͨͫ.

280 2116 100 96 ©
436 2124 220 92 Apr.
712 2124 132 92 12,
904 2120 112 80 19
1016 2124 48 76 3
1076 2120 56 80 0
1160 2144 20 68 ;
1236 2124 136 80 2c.
1428 2124 184 76 and
1672 2120 156 84 aff.
1888 2120 220 96 Apr.
2164 2120 52 80 3
2224 2120 52 80 0
2308 2140 16 72 ;
2384 2120 80 76 A
2524 2120 328 92 22493;
2916 2120 428 92 Fleming
3400 2120 120 80 H.
3580 2120 320 76 Revell
3964 2140 132 60 co.

428 2232 536 92 (30-11932)
3704 2224 232 84 4601

272 2416 456 124 Thiéry,
784 2416 540 112 Maurice.

408 2564 476 132 Captain
940 2564 336 136 Cook,
1316 2572 588 132 navigator
1952 2572 216 100 and
2216 2572 612 100 discoverer
2888 2604 32 76 [
2920 2568 168 132 by]
3156 2564 488 108 Maurice
3696 2564 412 132 Thiery

540 2716 268 104 New
860 2716 344 136 York,
1256 2716 128 100 R.
1436 2720 152 100 M.
1640 2716 528 104 McBride
2224 2720 96 96 &
2380 2752 572 100 company,
3008 2720 288 100 1930.

400 2872 168 76 viii
624 2888 112 76 p.,
800 2872 52 72 2
908 2872 84 88 1.,
1056 2872 284 76 3-265
1396 2888 76 76 p.
1592 2872 288 76 front.
1936 2872 332 92 (port.)
2344 2872 336 92 plates,
2740 2872 368 76 facsim.
3220 2868 284 96 22½ͨͫ.

404 2980 268 92 Maps
728 3000 116 56 on
896 2980 700 92 lining-papers.

400 3088 564 76 Translated
1012 3088 244 76 from
1316 3092 156 72 the
1528 3088 364 76 French
1948 3088 116 92 by
2120 3088 68 76 C
2196 3148 20 16 .
2272 3088 60 76 J
2340 3148 20 16 .
2412 3088 68 76 C
2488 3148 20 16 .
2572 3088 332 76 Street.
3016 3088 380 76 London
3452 3084 380 92 edition,
3892 3088 216 92 pub-

268 3196 300 76 lished
636 3196 96 76 in
804 3196 224 76 1929
1116 3196 148 92 (G.
1336 3200 76 72 B
1420 3200 32 72 l
1460 3196 144 92 es)
1692 3200 176 72 has
1940 3196 264 76 title:
2284 3200 196 72 The
2548 3196 168 76 life
2792 3196 184 76 and
3052 3212 400 72 voyages
3528 3196 100 76 of
3704 3196 400 88 Captain

268 3300 280 84 Cook.

284 3408 96 96 ©
440 3416 100 72 M
544 3436 132 52 ar.
736 3416 128 92 14,
928 3412 108 80 19
1036 3416 48 76 3
1096 3416 100 80 0:
1256 3416 132 80 2c.
1444 3416 216 92 Apr.
1716 3412 160 92 29;
1940 3412 156 84 aff.
2156 3412 220 96 Apr.
2432 3416 56 72 2
2492 3412 52 76 5
2572 3436 20 68 ;
2652 3412 80 76 A
2792 3412 48 76 2
2848 3412 48 76 3
2908 3412 100 76 11
3016 3412 48 76 3
3100 3432 20 72 ;
3184 3412 108 80 R.
3352 3416 120 72 M.
3536 3412 440 76 McBride
4032 3412 68 76 &

412 3544 128 60 co.
668 3524 536 92 (30-12166)
3708 3516 236 80 4602

272 3704 552 124 Tietjens,
880 3712 268 100 Mrs.
1204 3704 424 108 Eunice
1700 3704 764 128 (Hammond)
2536 3716 324 96 1884-

400 3852 240 104 The
692 3852 816 132 jaw-breaker's
1576 3856 552 132 alphabet,
2192 3856 148 104 by
2404 3856 416 100 Eunice
2896 3856 216 100 and
3180 3852 340 104 Janet
3580 3848 528 136 Tietjens,

268 4000 624 104 illustrated
940 4000 148 136 by
1136 4004 580 104 Hermann
1768 4004 300 104 Post.
2192 4004 264 104 New
2512 4004 348 128 York,
2912 4004 140 100 A.
3112 4004 88 100 &
3252 4000 124 108 C.
3432 4000 324 132 Boni,
3816 4004 288 96 1930.

412 4172 28 64 [
440 4160 148 72 111]
692 4180 84 72 p.
828 4156 32 76 i
868 4180 56 52 n
932 4164 80 76 cl
1024 4220 16 16 .
1092 4160 276 92 illus.,
1424 4164 332 88 plates.
1868 4164 104 76 21
2004 4184 64 56 ×
2100 4152 284 88 29½ͨͫ.

404 4268 468 92 Alphabet
920 4268 336 80 stories
1304 4268 96 80 in
1452 4288 268 60 verse
1772 4268 96 80 of
1920 4268 356 80 extinct
2328 4268 508 80 creatures.

284 4372 100 96 ©
436 4380 208 76 Jan.
700 4380 132 92 10,
884 4376 108 80 19
996 4380 52 76 3
1052 4380 104 92 0;
1208 4384 48 72 l
1268 4400 44 56 e
1324 4444 16 12 .
1392 4384 236 72 Mar.
1676 4380 56 76 2
1736 4380 48 76 6
1820 4400 16 60 :
1892 4384 128 80 lc.
2072 4380 220 92 Apr.
2344 4380 160 88 17;
2560 4400 52 56 a
2620 4376 76 80 ff
2704 4440 12 16 .
2772 4380 224 92 Apr.
3044 4376 164 92 11;
3260 4376 80 76 A
3392 4376 220 80 2218
3612 4376 56 80 3
3704 4396 20 64 ;
3776 4376 332 76 Albert

416 4484 72 80 &
536 4488 388 80 Charles
976 4492 260 92 Boni,
1288 4492 176 76 inc.
1592 4492 28 92 (
1636 4492 48 76 3
1692 4488 280 80 0-119
1972 4492 52 76 5
2032 4492 96 96 7)
3712 4480 232 84 4603

276 4672 476 124 Troupe,
812 4672 300 100 John
1172 4672 584 108 Franklin.

416 4820 792 140 Interviewing
1280 4824 304 132 God;
1668 4864 56 64 a
1804 4828 328 132 study
2204 4828 120 100 in
2396 4824 516 136 spiritual
2984 4820 540 132 questing,
3592 4820 148 136 by
3816 4820 304 104 John

280 4972 544 104 Franklin
904 4976 436 132 Troupe
1428 5056 104 20 ...
1684 4976 268 104 New
2032 4976 344 136 York,
2452 4976 484 132 Chicago
3060 4984 196 92 etc.
3376 4964 516 140 Fleming
3964 4964 152 104 H.

280 5124 380 104 Revell
712 5160 540 100 company
1348 5128 336 132 [ͨ1930]

408 5276 164 80 192
632 5300 88 72 p.
836 5280 108 80 19
952 5284 44 88 ½ͨͫ
1096 5344 16 16 .

292 5380 96 92 ©
448 5392 220 88 Apr.
728 5392 128 88 12,
916 5392 112 76 19
1028 5392 48 76 3
1084 5392 104 88 0;
1244 5392 132 80 2c.
1440 5396 184 72 and
1684 5392 156 80 aff.
1896 5392 220 96 Apr.
2176 5396 52 76 3
2236 5392 100 92 0;
2396 5392 84 76 A
2536 5392 328 88 22496;
2932 5388 424 96 Fleming
3412 5392 116 72 H.
3592 5392 324 72 Revell
3976 5408 132 56 co.

436 5500 28 96 (
476 5500 52 76 3
536 5500 440 96 0-12042)
3700 5492 232 84 4604

284 5680 516 124 Viereck,
860 5684 432 124 George
1352 5684 624 128 Sylvester,
2036 5696 320 96 1884-

412 5828 552 132 Glimpses
1012 5828 124 104 of
1180 5832 184 104 the
1408 5844 348 124 great,
1804 5836 148 132 by
2000 5836 428 132 George
2476 5836 556 132 Sylvester
3088 5832 460 104 Viereck
3608 5912 108 20 ...
3844 5828 272 104 New

284 5980 336 120 York,
688 5980 228 104 The
976 5984 588 132 Macaulay
1628 6020 540 96 company
2236 5992 364 120 [ͨ1930]

416 6140 84 92 x,
560 6140 172 80 469
784 6164 80 68 p.
980 6140 316 96 front.,
1360 6148 312 88 ports.,
1728 6144 416 76 facsims.
2260 6144 52 76 2
2316 6148 52 72 3
2468 6208 20 16 .

420 6248 448 80 CONTENT
872 6268 44 52 S
928 6308 16 12 .
992 6248 208 80 -To
1252 6272 84 56 w
1340 6252 60 72 h
1412 6256 96 72 at
1564 6256 36 72 t
1608 6272 56 56 u
1672 6272 112 56 ne
1840 6256 240 72 danc
2084 6272 48 56 e
2140 6256 100 72 th
2300 6256 156 72 the
2512 6248 816 80 immense?-The
3380 6256 312 88 gospel
3752 6248 368 80 accord-

280 6356 160 92 ing
500 6360 96 72 to
664 6356 420 76 Bernard
1156 6356 876 92 Shaw.-Sigmund
2096 6360 312 76 Freud
2468 6360 488 76 confronts
3016 6360 160 76 the
3244 6356 620 96 sphinx.-Th
3876 6380 44 56 e
3984 6376 136 60 re-

284 6464 288 92 ligion
644 6464 96 76 of
812 6464 416 80 William
1300 6484 36 56 I
1320 6484 56 52 L
1408 6468 312 76 .-The
1784 6468 280 88 Tiger
2132 6468 212 76 look
2352 6488 44 56 s
2464 6472 104 72 at
2636 6472 156 72 the
2860 6472 448 88 post-war
3376 6468 432 76 world.-
3824 6468 112 76 Se
3944 6484 168 56 ven

284 6572 440 92 glimpses
792 6572 104 76 of
964 6572 836 80 Mussolini.-The
1868 6576 780 92 metamorphosis
2720 6576 100 76 of
2888 6572 956 96 Hindenburg.-The
3912 6572 208 76 wis-

284 6680 212 76 dom
564 6680 100 76 of
736 6680 364 92 "Papa"
1172 6680 640 80 Joffre.-The
1880 6700 204 60 new
2152 6684 156 76 foe
2372 6680 104 80 of
2544 6680 916 80 Ludendorff.-The
3528 6680 416 96 pacifism
4016 6680 104 80 of

288 6788 420 76 Marshal
788 6784 184 80 Foc
976 6788 64 72 h
1048 6788 472 76 .-Crown
1600 6788 332 80 Prince
2008 6788 436 80 Wilhelm
2524 6792 276 76 bares
2876 6788 144 80 his
3100 6780 1012 104 heart.-Ruporecht:

284 6892 224 96 king
584 6892 396 76 without
1056 6896 868 76 crown.-Briand:
2008 6900 156 76 the
2240 6896 1064 92 pan-European.-The
3380 6896 740 80 world-minded-

284 7020 212 56 ness
544 7000 100 76 of
688 7000 436 76 Wilhelm
1172 7000 208 76 Mar
1384 7024 60 52 x
1456 7048 136 28 .-
1600 7004 52 76 S
1664 7004 388 80 chacht:
2104 7008 160 76 the
2312 7004 464 88 Siegfried
2824 7004 100 80 of
2968 7004 408 80 German
3416 7004 308 80 financ
3728 7028 48 56 e
3784 7008 336 76 .-The

284 7108 252 76 faith
596 7108 104 76 of
760 7108 412 92 Ramsay
1240 7108 924 80 MacDonald.-The
2224 7132 164 56 sou
2396 7116 28 72 l
2488 7112 100 80 of
2648 7132 56 56 a
2768 7116 296 80 grand
3128 7116 244 76 duke
3440 7152 20 56 [
3468 7116 316 76 Grand
3848 7112 272 80 Duke

288 7216 532 76 Alexander
872 7216 100 76 of
1024 7216 692 80 Russia]-The
1772 7220 300 76 vision
2132 7220 96 76 of
2284 7220 300 76 Henri
2644 7216 692 84 Barhusse.-A
3388 7228 384 72 modern
3824 7240 296 76 queen

292 7324 420 76 wrestles
760 7324 232 76 with
1040 7324 168 76 life
1264 7324 540 96 [Elisabeth,
1856 7348 292 72 queen
2200 7328 100 76 of
2352 7328 156 76 the
2560 7328 320 84 Belgia
2896 7332 104 76 ns
3024 7316 236 92 ]-St
3268 7348 48 52 e
3320 7328 276 80 inach
3648 7324 472 84 discovers

292 7432 156 76 the
508 7436 300 72 secret
868 7432 100 76 of
1028 7432 832 80 Eve.-Voronoff:
1928 7436 240 76 from
2240 7436 600 92 super-sheep
2900 7444 96 72 to
3060 7456 668 76 super-man.--
3740 7436 116 80 Hi
3876 7436 244 76 rsch-
