4800 8268
2224 7600 204 108 427

436 572 696 124 Borgmann,
1184 576 432 120 Henry.

572 724 440 116 Libica;
1100 764 60 64 a
1240 724 596 132 liturgical,
1912 720 484 136 biblical,
2476 724 700 100 catechetical
3260 760 556 100 summary
3896 728 128 100 of
4100 728 184 104 the

440 872 504 108 Catholic
1016 876 472 132 religion
1564 912 32 76 [
1592 872 148 132 by
1748 940 24 60 ,
1852 872 264 104 Rev.
2192 872 392 136 Henry
2660 876 640 128 Borgmann
3352 884 64 108 …
3640 876 632 100 Baltimore.

440 1024 124 100 M
572 1028 136 128 d.,
760 1024 304 104 John
1112 1024 492 132 Murphy
1660 1056 572 100 company,
2288 1028 288 96 1930.

568 1176 64 72 x
640 1180 64 76 ii
712 1180 28 76 i
752 1240 20 28 ,
836 1180 112 76 22
952 1180 48 76 1
1064 1200 84 72 p.
1272 1180 44 76 1
1388 1180 32 76 i
1424 1180 212 76 llus.
1756 1180 224 76 21ͨͫ.

572 1288 564 76 "Reference
1216 1292 168 72 boo
1392 1288 216 76 ks":
1696 1308 84 72 p.
1860 1284 440 92 214-215;
2392 1284 840 96 "Supplementary
3316 1288 388 96 reading
3784 1292 244 72 from
4112 1292 156 80 the

440 1396 424 76 Catholic
924 1396 704 92 encyclopedia"
1692 1400 104 72 at
1852 1396 180 76 end
2092 1392 100 80 of
2252 1396 228 76 each
2544 1396 412 92 chapter.

440 1488 100 92 ©
604 1504 236 80 Mar.
896 1504 136 96 10,
1096 1504 108 76 19
1204 1504 116 76 30
1336 1508 24 72 ;
1428 1504 124 76 2c.
1620 1504 180 76 and
1864 1496 156 84 aff.
2084 1504 236 76 Mar.
2380 1504 160 88 11;
2608 1504 76 72 A
2744 1504 48 76 2
2800 1504 52 76 0
2856 1504 52 76 4
2912 1504 108 76 05
3056 1524 16 68 ;
3144 1504 244 76 John
3456 1508 400 92 Murphy
3952 1540 12 12 c
3972 1528 52 52 o
4036 1572 12 12 .

592 1612 28 92 (
636 1612 52 76 3
692 1612 384 96 0-8105)
3884 1612 228 80 2815

436 1788 552 124 Boucher,
1052 1792 316 104 Paul.

572 2024 104 16 ...
748 1940 160 100 La
972 1940 140 104 bo
1112 1960 68 76 x
1196 1976 52 64 e
1312 1940 264 104 fran
1576 1976 52 60 ç
1640 1940 248 104 aise.
2032 1940 156 104 Pr
2192 1940 56 100 é
2256 1936 240 104 face
2560 1940 148 104 du
2776 1940 448 104 docteur
3288 1940 364 104 Henri
3712 1940 196 104 Dif
3892 1940 64 104 f
3960 1976 112 68 re
4152 2028 108 20 ...

428 2084 352 116 Paris,
832 2088 756 104 Publications
1640 2092 132 100 A.
1832 2088 408 108 Girard
2308 2156 24 64 1
2384 2096 292 124 [ͨ1929]

564 2244 108 80 78
724 2264 112 72 p.,
892 2248 48 72 1
992 2248 60 76 1.
1168 2248 52 76 8
1272 2268 56 72 p
1336 2248 28 76 l
1376 2312 16 12 .
1452 2268 116 56 on
1616 2248 56 76 4
1728 2248 52 76 1.
1900 2244 220 80 18".
2256 2240 560 96 (Collection
2876 2244 424 96 "Olympi
3308 2268 48 56 c
3364 2244 96 92 ")

440 2348 100 96 ©
608 2356 196 76 Oct.
872 2356 128 80 20.
1072 2356 268 92 1929;
1412 2360 124 80 lc.
1604 2356 228 76 Nov.
1896 2356 160 88 22;
2128 2356 600 88 A-Foreign
2792 2356 272 88 5184;
3136 2356 172 76 Am
3316 2376 48 56 a
3376 2360 124 72 nd
3572 2356 368 76 Girard.

592 2464 28 96 (
632 2464 52 76 3
692 2464 380 92 0-8582)
3884 2456 228 88 2816

436 2644 448 124 Brown,
940 2644 272 104 Lela
1260 2648 124 108 T.

564 2788 356 108 Stand
996 2796 672 100 concessions
1744 2832 116 64 as
1936 2796 520 128 operated
2528 2792 152 132 by
2752 2796 184 100 the
3008 2792 316 104 blind
3400 2792 124 104 in
3596 2792 192 104 the
3852 2792 424 104 Tnited

436 2936 364 108 States
836 2944 216 100 and
1092 2936 488 136 Canada,
1612 2944 144 132 by
1792 2944 264 100 Lela
2120 2944 128 100 T.
2284 2944 412 100 Brown
2768 3028 108 16 ...
2948 2944 640 128 supervised
3644 2944 152 132 by
3856 2944 416 100 Robert

428 3092 128 100 B.
636 3092 348 100 Irwin
1072 3176 108 16 ...
1336 3092 268 104 New
1684 3092 312 104 York
2072 3092 256 136 city,
2408 3092 588 104 American
3080 3088 668 108 foundation
3832 3092 180 100 for
4092 3096 184 100 the

428 3236 344 132 blind,
832 3240 244 132 inc.,
1136 3248 288 96 1930.

568 3392 108 80 72
736 3416 84 72 p.
936 3396 108 76 ill
1048 3416 60 60 u
1116 3420 68 56 s.
1300 3396 280 96 22½ͨͫ.
1720 3400 28 92 (
1768 3400 136 80 On
1968 3416 104 60 co
2080 3420 204 60 ver:
2348 3396 284 80 Amer
2636 3396 24 76 i
2672 3416 172 60 can
2912 3400 44 72 f
2960 3416 120 60 ou
3084 3392 268 84 ndati
3360 3416 48 60 o
3416 3416 60 56 n
3544 3396 48 76 f
3592 3420 52 52 o
3652 3416 48 56 r
3768 3400 160 76 the
3992 3396 284 80 blind.

436 3500 548 84 Vocational
1048 3508 428 76 research
1540 3504 468 80 series-n
2012 3524 48 60 o
2072 3572 16 12 .
2152 3508 48 76 3
2224 3508 28 88 )

436 3608 96 96 ©
596 3616 216 76 Feb.
872 3616 128 80 15.
1064 3616 104 80 19
1176 3620 52 76 3
1232 3616 104 96 0;
1396 3620 132 76 2c.
1588 3620 212 76 Feb.
1860 3616 156 84 21;
2084 3640 52 52 a
2140 3620 100 76 ff.
2308 3620 212 72 Feb.
2580 3616 160 88 27;
2808 3616 76 76 A
2948 3616 324 80 19790;
3344 3616 300 76 Amer.
3708 3616 496 76 foundatio
4232 3640 36 52 n

568 3724 156 76 for
784 3724 152 76 the
996 3728 56 72 b
1056 3728 32 72 l
1096 3728 176 88 ind.
1344 3728 172 88 inc.
1648 3728 28 92 (
1692 3728 52 76 3
1748 3724 384 92 0-7622)
3880 3720 232 84 2817

440 3904 500 124 Bullard,
1000 3904 480 128 Arthur,
1544 3908 624 104 1879-1929.

560 4056 528 128 Volcano,
1136 4096 52 64 a
1248 4060 352 108 novel,
1648 4060 148 132 by
1844 4060 432 100 Arthur
2328 4060 500 100 Bullard.
2972 4060 272 100 New
3296 4060 344 128 York,
3692 4060 236 100 The
3976 4060 296 100 Mac-

424 4204 384 104 millan
860 4240 572 100 company,
1492 4212 280 100 1930.

560 4360 128 76 vii
740 4384 60 72 p
812 4424 44 32 .,
908 4364 48 76 1
1008 4364 32 76 1
1052 4424 44 24 .,
1148 4364 168 80 284
1364 4384 88 72 p.
1564 4364 52 76 2
1624 4360 52 84 0
1700 4368 44 44 ͨͫ
1772 4424 20 20 .

440 4464 96 92 ©
596 4476 240 76 Mar.
892 4472 132 92 11,
1084 4472 108 80 19
1192 4476 52 76 3
1252 4472 100 92 0;
1412 4472 132 80 2c.
1604 4476 180 76 and
1844 4472 160 80 aff.
2064 4476 232 76 Mar.
2360 4472 156 92 12;
2580 4472 80 76 A
2716 4472 48 76 2
2768 4472 60 76 0
2828 4472 48 76 2
2884 4472 56 76 6
2940 4472 52 80 3
3028 4492 16 72 ;
3112 4472 544 80 Macmillan
3712 4492 132 60 co.

592 4584 28 92 (
632 4584 52 76 3
692 4580 168 80 0-7
860 4580 112 80 30
976 4584 100 88 2)
3892 4576 220 84 2818

436 4764 460 100 Bureau
952 4760 124 104 of
1132 4760 612 124 municipal
1796 4760 576 124 research,
2428 4760 820 136 Philadelphia.

584 4996 108 20 ...
768 4916 472 132 History
1304 4916 216 104 and
1592 4916 564 104 functions
2220 4916 128 100 of
2408 4916 184 100 the
2656 4912 624 132 Municipal
3344 4924 312 92 court
3724 4916 124 104 of
3912 4912 376 104 Phila-

440 5068 504 132 delphia;
1040 5104 60 64 a
1188 5076 376 120 report
1648 5068 144 132 by
1876 5068 184 100 the
2148 5068 440 100 Bureau
2680 5064 124 104 of
2888 5060 608 136 municipal
3580 5068 496 100 research
4168 5060 124 104 of

440 5216 824 132 Philadelphia,
1328 5216 128 104 of
1516 5248 60 64 a
1640 5216 332 128 study
2032 5216 316 104 made
2412 5216 148 132 by
2620 5216 124 132 it,
2804 5252 120 68 as
2988 5228 324 120 agent
3380 5216 124 104 of
3560 5216 188 100 the
3812 5216 480 100 Thomas

440 5368 460 108 Skelton
956 5368 552 100 Harrison
1568 5364 696 104 foundation.
2408 5364 272 104 This
2740 5372 372 124 report
3172 5368 544 128 prepared
3772 5364 144 132 by
3980 5360 308 104 Clar-

440 5552 248 68 ence
752 5516 132 108 G.
960 5516 488 108 Shenton
1524 5596 108 16 ...
1780 5512 824 132 Philadelphia,
2668 5516 480 104 Thomas
3220 5512 452 108 Skelton
3736 5512 548 100 Harrison

440 5668 696 132 foundation,
1200 5672 124 96 19
1332 5668 56 96 3
1400 5668 92 100 0.

568 5824 60 68 x
632 5828 92 80 x,
784 5820 164 80 102
1012 5840 80 72 p.
1208 5820 48 76 2
1264 5820 52 76 3
1320 5824 108 68 ".
1568 5816 704 96 (Philadelphia
2336 5816 516 96 Municipal
2916 5824 268 72 court
3248 5840 340 68 survey
3652 5816 340 88 series)

440 5916 100 96 ©
596 5936 216 76 Feb.
868 5932 132 76 20.
1060 5928 108 80 19
1168 5932 48 76 3
1224 5928 104 80 0;
1388 5928 128 80 2c.
1572 5932 184 72 and
1808 5920 48 76 a
1872 5924 48 76 f
1912 5928 36 76 f
1952 5992 12 12 .
2024 5928 216 76 Feb.
2296 5932 48 72 2
2356 5928 48 72 5
2440 5948 16 72 ;
2516 5928 80 76 A
2648 5928 332 92 20152;
3040 5932 408 76 Thomas
3508 5928 384 80 Skelton
3952 5932 88 72 H
4048 5948 48 56 a
4112 5948 92 52 rr
4216 5928 24 72 i
4252 5972 28 8 -

576 6064 164 56 son
800 6040 592 80 foundation.
1528 6040 28 88 (
1572 6040 52 76 3
1628 6036 384 92 0-7085)
3888 6028 232 88 2819

440 6220 612 124 Campbell,
1108 6216 384 108 Hazel.

564 6372 236 100 The
860 6368 384 132 burqa,
1312 6404 60 64 a
1444 6368 532 100 detective
2040 6408 48 64 s
2092 6376 112 92 to
2212 6404 164 96 ry,
2440 6368 148 132 by
2652 6368 308 100 Haze
2964 6368 40 96 l
3076 6368 532 132 Campbel
3616 6364 32 100 l
3736 6452 104 16 ...
3996 6368 92 96 L
4092 6400 60 64 o
4160 6400 116 64 n-

428 6520 252 108 don,
732 6524 104 104 J.
892 6520 352 128 Long,
1292 6516 432 104 limited
1788 6524 160 128 [19
1956 6524 128 96 30
2092 6584 24 64 ]

568 6676 48 76 2
668 6700 84 72 p.
808 6676 84 76 1..
948 6672 284 80 9-287
1280 6692 84 72 p.
1480 6668 108 84 19
1596 6668 52 84 ½
1620 6672 68 68 ͨͫ
1744 6736 16 16 .

444 6760 92 88 ©
620 6780 128 84 lc.
824 6788 236 76 Mar.
1132 6784 136 96 29,
1340 6784 116 76 19
1456 6784 48 76 3
1516 6784 100 80 0;
1696 6784 76 76 A
1844 6788 120 72 ad
2036 6784 32 76 i
2076 6788 128 72 nt.
2284 6780 328 84 13680;
2692 6800 120 72 pu
2820 6784 56 72 b
2884 6784 84 76 d.
3044 6780 212 80 Jan.
3332 6780 52 76 3
3392 6780 104 80 1;
3576 6780 120 80 H.
3768 6772 128 76 C
3892 6784 52 64 a
3912 6800 84 48 m
4008 6796 52 72 p
4068 6776 208 80 bell,

564 6888 76 76 S
644 6896 384 88 hillong,
1076 6896 364 72 Assam.
1496 6892 300 80 India.
1924 6896 28 92 (
1972 6892 48 76 3
2028 6892 380 92 0-9972)
3892 6880 228 84 2820

448 7072 524 120 Claretie,
1036 7068 352 124 Jules,
1456 7080 628 100 1840-1913.

564 7220 548 132 Pierrille,
1168 7256 204 96 par
1420 7220 312 108 Jules
1788 7220 480 108 Claretie
2336 7308 104 16 ...
2508 7220 476 128 adapted
3044 7220 232 100 and.
3316 7216 360 104 edited
3728 7212 148 136 by
3932 7212 348 104 Grace

436 7372 88 108 C
532 7408 60 68 o
600 7376 340 104 chran
1008 7440 60 32 ..
1072 7420 36 44 .
1184 7372 220 104 and
1460 7376 180 104 He
1648 7372 32 108 l
1696 7408 124 76 en
1880 7376 128 100 M
2016 7456 16 20 .
2104 7372 168 108 Ed
2288 7372 60 100 d
2364 7408 72 72 y
2512 7456 104 16 ...
2684 7372 32 100 i
2728 7368 160 116 llu
2896 7368 392 104 stratio
3296 7400 68 80 n
3376 7404 48 68 s
3472 7364 152 140 by
3688 7364 132 112 Cl
3828 7396 188 68 ara
4080 7360 200 100 At-
