4800 8268
560 660 456 128 Specht,
1076 660 536 128 Richard,
1680 664 308 108 1870-

684 812 580 104 Florestan
1332 812 176 104 Ke
1516 848 48 68 s
1568 824 300 92 tners
1936 808 240 108 erfo
2188 812 36 100 l
2232 848 124 96 g;
2436 808 236 104 eine
2744 812 212 100 erza
2944 812 52 92 i
2996 812 72 96 h
3076 808 32 100 l
3116 844 232 96 ung
3420 844 196 68 aus
3684 812 212 100 den
3964 808 448 112 Wiener

548 968 672 128 mfrztagen,
1276 1000 212 64 von
1548 964 492 100 Richard
2104 960 440 136 Specht,
2600 960 208 104 mit
2864 956 348 104 einem
3268 956 572 104 nachwort
3896 996 216 68 von
4176 960 232 112 Ste-

552 1108 200 108 fan
820 1112 396 132 Zweig.
1360 1112 496 136 Leipzig,
1920 1116 124 100 P.
2116 1112 444 104 Reclam
2628 1108 40 132 j
2680 1144 176 68 un.
2944 1176 28 64 [
2984 1116 256 96 1929
3248 1172 28 68 1

688 1272 40 72 1
740 1268 108 80 35
860 1332 16 32 ,
940 1304 20 60 [
968 1268 48 80 1
1024 1308 24 56 1
1108 1292 84 72 p.
1304 1268 48 80 1
1364 1268 48 80 6
1440 1276 88 72 -.
1664 1268 188 96 (On
1908 1288 316 60 cover:
2284 1268 432 76 Reclams
2772 1264 476 76 universal
3308 1264 544 80 bibliothek.
3968 1288 56 56 n
4036 1288 68 60 r.
4160 1268 52 80 7
4220 1268 104 80 03

544 1376 272 96 7039)

568 1512 96 96 ©
728 1520 228 76 Nov.
1020 1516 136 96 20,
1216 1516 276 88 1929;
1556 1516 128 88 lc.
1756 1516 208 76 Jan.
2028 1516 136 92 27,
2228 1512 116 80 19
2340 1512 52 80 3
2400 1512 56 76 0
2484 1532 16 72 ;
2572 1508 604 96 A-Foreign
3236 1508 276 96 6201;
3584 1508 380 96 Philipp
4028 1512 384 76 Reclam

692 1628 200 92 jun.
1024 1624 544 104 (30-12645)
4012 1616 236 84 4907

548 1840 372 100 Texas
988 1836 36 136 j
1036 1840 372 128 urispr
1416 1876 60 64 u
1492 1840 328 100 dence
1900 1920 104 20 …
2084 1868 60 68 a
2212 1832 532 132 complete
2816 1840 588 92 statement
3468 1832 124 104 of
3660 1832 184 104 the
3912 1832 212 100 law
4196 1840 216 100 and

684 1988 480 132 practice
1216 1988 120 104 of
1384 1988 184 104 the
1616 1996 276 100 state
1940 1988 124 104 of
2116 1988 388 128 Texas,
2552 1984 144 128 by
2744 1980 504 104 William
3296 1984 124 96 M
3432 2064 20 20 .
3508 1980 640 136 McKinney
4196 1984 216 100 and

684 2180 56 60 o
752 2140 248 104 ther
1052 2140 492 132 lawyers.
1688 2172 96 64 v.
1848 2144 56 92 6
1916 2224 20 16 .
1996 2136 540 128 Bankrup
2548 2144 36 92 t
2588 2172 136 96 cy
2780 2144 112 92 to
2952 2132 92 100 B
3060 2132 76 104 il
3148 2136 28 96 l
3188 2172 52 64 s
3292 2136 216 100 and
3568 2140 308 96 notes
3940 2212 108 20 …
4188 2132 228 108 San

692 2288 624 120 Francisco,
1376 2284 1128 136 Bancroft-Whitney
2560 2316 576 100 company,
3200 2288 288 96 1930.

688 2448 56 76 4
800 2468 80 72 p.
940 2448 84 88 1.,
1084 2444 220 80 1073
1360 2464 80 72 p.
1560 2440 216 80 25".

560 2560 100 96 ©
720 2584 216 88 May
988 2580 136 92 20,
1180 2576 268 80 1930:
1508 2580 132 76 2e.
1696 2568 100 80 M
1800 2596 116 72 ay
1968 2576 160 92 28;
2188 2572 160 80 aff.
2408 2576 216 92 May
2680 2572 160 92 26;
2904 2572 80 76 A
3040 2572 332 96 24231;
3432 2572 976 92 Bancroft-Whitney.

4016 2680 228 84 4908

552 2816 844 124 T'Serstevens,
1452 2816 140 108 A.

688 3056 108 20 …
872 2972 316 128 Taia,
1264 3000 384 68 roman
1716 2964 860 132 contemporain.
2720 2960 356 136 Paris,
3152 2960 136 108 A.
3364 2960 408 108 Michel
3856 2972 336 124 [19291

676 3128 48 76 3
776 3148 80 72 p.
904 3128 88 92 1.,
1048 3112 336 108 [9]-254
1436 3144 108 72 p.,
1596 3124 48 76 1
1696 3128 56 72 1.
1868 3120 112 80 19
2004 3128 40 40 -
2076 3184 16 16 .

560 3260 96 88 ©
708 3268 228 76 Nov.
988 3260 76 92 5,
1112 3260 272 88 1929;
1440 3272 128 76 Ic.
1620 3260 216 80 Feb.
1888 3260 132 92 14,
2072 3256 272 96 1930;
2396 3256 604 96 A-Foreign
3052 3256 56 76 6
3112 3256 44 76 5
3160 3256 168 92 01;
3380 3256 280 76 Albin
3716 3256 368 84 Michel.

712 3376 88 84 (3
812 3376 60 76 0
876 3368 372 96 -12611)
4012 3360 232 88 4909

548 3580 428 108 United
1040 3580 592 100 Lutheran
1696 3580 428 100 church
2188 3580 112 96 in
2368 3576 568 104 America.
3080 3576 480 136 Liturgy
3628 3580 220 104 and
3908 3580 372 100 ritual.

676 3732 232 100 The
976 3728 348 104 occasi
1328 3764 60 64 o
1396 3728 184 100 nal
1648 3724 496 136 services,
2216 3724 296 100 from
2576 3728 192 100 the
2840 3724 540 108 Common
3444 3724 412 104 service
3924 3724 288 104 book
4284 3724 124 104 of

536 3884 188 96 the
796 3880 568 100 Lutheran
1436 3876 444 104 church.
2024 3872 828 136 Philadelphia,
2932 3876 232 100 The
3248 3876 376 100 Board
3704 3872 128 104 of
3908 3872 492 136 publica-

536 4032 240 100 tion
840 4028 124 104 of
1028 4028 188 104 the
1280 4028 420 104 United
1772 4024 572 100 Lutheran
2412 4028 408 100 church
2896 4024 116 100 in
3080 4024 516 100 America
3680 4044 56 92 [
3760 4032 192 92 193
3960 4028 60 96 0
4032 4088 20 68 ]

676 4184 108 80 19
788 4192 52 72 3
904 4208 84 72 p.
1100 4184 108 76 16
1220 4184 116 92 }-
1364 4244 20 20 .

680 4316 632 80 "Authorized
1368 4320 116 88 by
1544 4316 156 80 the
1764 4312 348 84 United
2176 4316 484 80 Lutheran
2716 4316 352 80 church
3128 4312 100 80 in
3284 4312 524 84 America."

560 4448 100 104 o
720 4460 212 76 Feb.
992 4456 132 92 26,
1188 4456 104 76 19
1304 4452 108 80 30
1444 4476 16 68 ;
1520 4456 132 76 2c.
1716 4456 232 76 Mar.
2012 4456 156 84 17;
2236 4452 160 80 aff.
2460 4452 220 92 Apr.
2740 4456 48 72 2
2796 4448 60 76 5
2884 4472 16 72 ;
2968 4452 76 76 A
3104 4452 332 88 22.67;
3508 4452 348 80 United
3920 4452 480 80 Lutheran

684 4564 344 80 church
1084 4564 92 76 in
1228 4568 172 72 Am
1412 4588 44 52 e
1468 4564 220 76 rica.
1816 4564 540 96 (30-12481)
4004 4560 236 80 4910

540 4744 500 124 Vachell,
1096 4748 440 100 Horace
1588 4744 616 124 Annesley,
2264 4752 320 96 1861-

676 4896 232 100 The
964 4892 232 104 best
1252 4892 124 104 of
1428 4892 560 132 England,
2040 4892 148 132 by
2240 4892 440 104 Horace
2732 4892 560 132 Annesley
3348 4892 460 104 Vachell
3872 4976 108 20 …
4120 4896 280 100 Lon-

540 5048 248 128 don,
848 5044 356 100 Faber
1260 5048 100 96 &
1420 5044 360 100 Faber
1832 5044 432 100 limited
2336 5108 20 60 [
2376 5048 188 96 193
2576 5048 84 104 0]

676 5204 52 76 4
784 5224 84 72 p.
920 5204 88 92 1.,
1064 5204 164 76 271
1288 5220 84 76 p.
1484 5200 224 76 21".

676 5336 128 80 CO
812 5356 316 52 NTENT
1136 5352 44 56 S
1192 5392 16 16 .
1212 5336 312 72 -The
1616 5336 164 72 bill
1880 5336 104 76 of
2072 5336 352 76 fare.-
2412 5332 96 76 H
2532 5332 204 80 unti
2748 5356 56 52 n
2812 5336 1596 96 g.-Shooting.-Stalking.-Sal-

540 5468 216 56 mon
832 5448 184 76 and
1100 5448 260 76 trout
1436 5444 668 92 fishing.-Sea
2184 5444 348 92 fishing
2608 5448 188 76 and
2876 5464 324 60 coarse
3280 5436 852 104 fishing.-Racing
4216 5452 184 76 and

536 5552 736 96 polo.-Cricket
1340 5552 184 76 and
1588 5552 532 80 football.-
2164 5552 352 80 Tennis
2576 5552 180 80 and
2836 5560 580 88 racquets.-
3452 5552 248 96 Golf,
3764 5564 384 84 croquet
4216 5560 184 76 and

536 5664 440 76 bowls.-
1004 5660 768 92 Sight-seeing.-
1808 5660 248 80 Food
2128 5660 180 76 and
2380 5660 388 80 wine.-
2804 5660 516 96 Society.-
3352 5668 300 72 Rural
3716 5668 432 92 England
4216 5668 184 76 and

536 5768 728 92 country-house
1316 5768 1208 88 life.-Collecting.-Hail
2584 5768 180 80 and
2824 5768 456 84 farewell.

556 5896 100 92 ©
728 5908 120 72 lc.
920 5904 216 92 Apr.
1208 5900 132 92 19,
1412 5900 104 76 19
1520 5900 52 80 3
1580 5900 100 92 0;
1756 5900 76 80 A
1900 5904 120 76 ad
2092 5900 28 80 i
2128 5908 132 76 nt.
2328 5904 328 88 13772;
2732 5900 276 96 puhd.
3084 5904 212 80 Feb.
3368 5904 164 92 21;
3608 5908 120 80 H.
3800 5908 104 84 A.
3976 5908 136 76 Va
4124 5908 268 96 chell,

680 6012 276 92 Bath,
1024 6016 456 88 England.
1616 6008 540 96 (30-12970)
3996 6012 232 88 4911

548 6196 576 120 Vergilius
1180 6196 352 124 Maro,
1588 6196 504 108 Publius.

692 6428 108 20 …
864 6340 368 136 Virgil
1292 6344 216 104 and
1564 6344 312 104 other
1928 6344 336 104 Latin
2320 6356 340 120 poets,
2716 6348 364 100 edited
3140 6344 144 140 by
3336 6348 108 104 J.
3508 6352 132 100 B.
3696 6352 428 104 Greeno
4136 6388 60 64 u
4208 6344 188 140 gh,

548 6492 132 104 G.
736 6492 124 104 L.
916 6492 628 136 Kittredge,
1600 6496 576 100 Thornton
2228 6496 500 104 Jenkins.
2864 6496 492 132 [Boston,
3412 6496 268 104 New
3744 6496 344 132 York,
4148 6508 196 92 etc.

544 6640 300 108 Ginn
916 6640 216 100 and
1196 6676 540 96 company
1812 6704 24 68 [
1844 6652 36 44 1
1892 6648 288 124 1930]

676 6796 160 96 xii,
904 6796 168 80 338
1132 6820 112 72 p.,
1312 6800 48 72 1
1424 6800 88 92 1.,
1580 6800 188 92 248,
1836 6800 172 80 220
2068 6820 84 72 p.
2276 6820 44 60 c
2328 6804 116 76 ol.
2508 6800 320 92 front.,
2896 6800 252 80 illus.
3200 6796 144 96 (in
3352 6800 80 80 cl
3440 6860 20 20 .
3528 6800 156 80 fac
3692 6824 48 56 s
3740 6800 208 96 im.)
3992 6804 168 80 col,
4236 6824 56 72 p
4296 6804 28 72 l
4336 6860 48 32 .,

540 6908 332 76 double
944 6928 236 72 map.
1308 6904 220 80 20-,

676 7040 120 76 At
852 7036 240 76 head
1148 7036 100 80 of
1304 7036 260 80 title:
1624 7040 196 76 The
1876 7040 616 80 bimillennial
2552 7040 328 92 Virgil.

680 7144 168 76 "In
920 7144 188 80 this
1176 7164 204 56 new
1452 7148 376 92 edition,
1904 7148 300 80 which
2284 7148 80 80 is
2432 7148 356 80 offered
2860 7172 108 56 as
3040 7172 52 56 a
3168 7156 364 76 modest
3608 7152 348 80 tribute
4032 7176 116 56 on
4228 7156 152 76 the

544 7252 616 80 bimillennial
1220 7256 616 92 anniversary
1900 7256 96 80 of
2056 7256 380 92 Virgil's
2492 7256 284 96 birth,
2840 7264 216 88 part
3116 7280 172 56 one
3352 7264 432 76 contains
3844 7264 288 76 books
4200 7236 176 104 s-vs

544 7360 100 80 of
696 7360 152 80 the
904 7364 356 92 IEneid,
1312 7364 436 80 followed
1804 7368 112 88 by
1972 7388 52 56 a
2080 7368 180 76 full
2312 7388 480 72 summary
2848 7368 96 76 of
2996 7368 296 80 books
3340 7392 56 56 v
3396 7388 64 56 r
3472 7348 200 96 -xu
3736 7432 56 16 ..
3812 7432 16 16 .
3948 7372 192 80 The
4196 7368 188 80 sec-

544 7472 176 80 ond
776 7472 216 96 part
1048 7468 416 84 includes
1520 7480 160 72 not
1736 7480 216 92 only
2008 7476 284 80 about
2348 7476 220 80 four
2624 7480 428 76 hundred
3108 7480 240 80 lines
3404 7480 248 80 from
3716 7480 316 84 Ovid's
4092 7480 288 80 Meta-

2340 7656 48 112 7
2400 7652 116 104 42
