4800 8268
2372 7720 200 100 804

568 684 336 120 Mary
904 680 36 100 l
948 680 256 104 and.
1352 680 348 104 Court
1768 680 124 132 of
1960 676 480 132 appeals.

704 836 476 128 Reports
1244 832 124 100 of
1432 868 288 64 cases
1788 828 412 132 argued
2272 824 212 104 and
2552 820 564 132 adjudged
3184 832 68 112 …
3440 816 488 100 Herbert
3992 816 124 100 T.
4184 812 244 104 Tif-

580 984 300 132 fany,
952 992 280 96 state
1308 988 524 124 reporter.
1988 1016 84 60 v.
2156 980 124 96 15
2292 980 56 92 6
2364 1052 16 20 .
2528 968 684 132 Containing
3280 1004 292 68 cases
3644 968 128 100 of
3844 968 180 100 the
4096 968 372 128 April-

588 1136 216 96 and
856 1128 472 108 October
1376 1136 368 116 terms,
1796 1128 288 124 1928,
2132 1120 220 100 and
2400 1120 184 100 the
2636 1116 512 132 January
3192 1124 316 120 term,
3564 1120 256 96 1929
3900 1128 68 112 …
4088 1112 352 104 Balti-

584 1312 328 92 more,
972 1276 312 132 King
1336 1276 540 124 brothers,
1936 1276 292 96 1929.

716 1460 60 52 x
784 1456 60 56 x
852 1436 28 72 i
888 1456 56 56 v
952 1496 16 32 ,
1032 1436 160 76 771
1256 1452 80 72 p.
1452 1432 48 76 2
1508 1432 108 92 3
1652 1436 76 68 ½ͨͫ.

592 1540 100 96 ©
752 1544 56 80 J
816 1564 148 60 an.
1020 1544 80 92 4,
1160 1540 272 92 1930;
1492 1540 132 80 2c.
1688 1540 212 76 Feb.
1960 1540 104 88 3;
2128 1532 104 80 af
2220 1532 68 80 f.
2352 1536 220 88 May
2632 1532 160 92 29;
2860 1532 76 76 A
2996 1532 332 92 23734;
3392 1528 416 76 Herbert
3868 1528 96 80 T.
4032 1528 404 92 Tiffany,

712 1652 44 80 f
760 1676 48 56 o
820 1676 44 52 r
916 1652 160 80 the
1124 1656 252 76 state
1424 1652 104 76 of
1580 1648 528 92 Maryland,
2164 1640 548 84 Baltimore.
4036 1632 236 84 5291

572 1832 660 120 Maugham,
1292 1828 492 104 William
1844 1828 620 120 Somerset,
2528 1828 328 100 1874–

704 1988 232 100 The
1004 1984 624 136 gentleman
1696 1980 116 100 in
1880 1980 184 100 the
2128 1976 508 132 parlour;
2712 2012 56 64 a
2836 1976 384 100 record
3284 1972 128 100 of
3480 2012 56 60 a
3604 1972 468 136 journey
4140 1972 292 104 from

568 2136 540 132 Rangoon
1180 2144 112 88 to
1372 2132 648 128 Haiphong,
2096 2128 144 132 by
2316 2132 172 100 W.
2572 2128 548 108 Somerset
3196 2124 640 132 Maugham.
3988 2120 448 108 Garden

568 2284 296 136 City,
920 2288 132 96 N.
1120 2288 172 128 Y.,
1352 2280 688 128 Doubleday,
2100 2276 384 104 Doran
2544 2284 88 96 &
2684 2308 580 100 company,
3320 2276 248 132 inc.,
3628 2284 292 96 1930.

700 2444 48 76 3
800 2464 84 72 p.
932 2444 88 88 l.,
1072 2440 168 76 300
1288 2464 84 68 p.
1484 2436 56 76 2
1544 2440 52 76 3
1600 2440 88 40 ͨͫ
1696 2500 16 16 .

704 2552 312 76 "First
1076 2544 440 84 edition."

588 2656 100 96 ©
740 2664 216 92 Apr.
1016 2664 44 72 1
1072 2672 52 72 8
1132 2720 16 32 ,
1204 2660 268 84 1930;
1532 2660 128 88 2c.
1716 2660 184 72 and
1956 2656 160 80 aff.
2180 2668 92 72 M
2276 2676 48 56 a
2336 2676 56 68 y
2444 2656 104 88 9;
2608 2652 76 76 A
2740 2648 332 96 22800;
3136 2652 576 92 Doubleday,
3772 2648 320 80 Doran
4148 2648 72 80 &
4276 2672 160 68 co.,

716 2776 96 72 in
820 2796 44 56 c
872 2836 20 16 .
1016 2772 436 92 (30-1344
1460 2768 48 80 5
1532 2768 24 92 )
4040 2756 240 84 5292

568 2952 544 104 Missouri
1160 2952 356 136 digest
1568 2952 520 128 covering
2140 2952 148 100 all
2336 2984 288 68 cases
2676 2948 512 128 reported
3236 2944 116 100 in
3400 2944 520 104 Missouri
3976 2956 464 120 reports,

708 3100 520 108 Missouri
1304 3104 396 128 appeal
1772 3112 432 120 reports
2276 3104 216 96 and
2564 3096 524 104 Missouri
3156 3132 292 68 cases
3520 3096 116 100 in
3704 3092 356 108 South
4132 3112 304 88 west-

704 3292 188 64 ern
948 3264 524 120 reporter,
1528 3252 268 100 with
1852 3288 48 64 c
1912 3256 376 96 urrent
2344 3284 52 68 c
2408 3248 600 104 umulative
3064 3284 72 96 p
3144 3284 60 60 o
3212 3248 244 100 cket
3508 3244 408 108 service
3968 3244 476 136 keeping

708 3408 184 100 the
964 3404 360 128 digest
1396 3400 408 132 always
1876 3412 112 88 to
2060 3404 252 96 date
2388 3408 64 112 …
2656 3400 580 128 Compiled
3308 3400 216 100 and
3604 3396 364 104 edited
4040 3396 148 136 by
4256 3396 188 104 the

720 3548 652 136 publisher's
1472 3548 508 104 editorial
2080 3544 288 104 staff.
2536 3580 96 64 v.
2736 3552 84 92 1.
2920 3544 1060 132 Descriptive-word
4080 3544 364 100 index.

712 3700 156 108 St.
928 3700 316 108 Paul,
1300 3700 388 132 Minn.,
1744 3700 304 100 Wdest
2104 3696 648 132 publishing
2804 3736 152 64 co.
3028 3704 268 100 ͨ193
3308 3700 60 96 0
3352 3716 44 64 ]

712 3860 120 92 vi,
892 3860 220 76 1502
1164 3880 80 72 p.
1356 3856 52 76 2
1412 3856 56 76 6
1504 3860 32 40 ͨͫ
1568 3916 12 16 .

592 3964 96 88 ©
748 3968 216 92 May
1016 3968 52 76 9
1080 4028 16 32 ,
1156 3968 36 72 1
1208 3964 168 76 930
1408 3988 16 68 ;
1484 3968 128 76 2c.
1672 3968 248 76 June
1968 3964 100 92 6;
2132 3984 56 60 a
2192 3964 100 76 ff.
2348 3964 252 76 June
2648 3964 104 88 7;
2812 3964 84 76 A
2944 3964 332 88 23864;
3340 3964 264 76 West
3660 3960 208 92 pub.
3928 3980 128 60 co. 5293

572 4148 108 100 M
692 4176 60 68 o
764 4180 68 68 u
840 4148 92 100 lt
940 4180 172 88 on,
1180 4148 312 100 Haro
1496 4148 32 96 l
1540 4148 64 100 d
1672 4148 396 116 Glenn,
2132 4156 324 96 1
4048 4076 52 76 8
4112 4076 56 72 8
4168 4076 52 72 3
4228 4076 60 76 –

704 4300 232 100 The
992 4296 516 104 financial
1556 4296 768 132 organization
2380 4292 124 104 of
2552 4292 444 132 society,
3044 4296 144 128 by
3244 4296 436 100 Harold
3736 4292 136 108 G.
3924 4292 508 104 Moulton

688 4452 64 112 …
880 4452 132 100 3d
1092 4452 160 100 ed.
1436 4448 524 132 Chicago,
2036 4448 216 112 Ill.,
2328 4448 236 100 The
2640 4444 656 132 University
3368 4444 128 100 of
3568 4444 488 132 Chicago
4132 4480 304 96 press

580 4608 332 124 [1930]

708 4756 396 92 xxxviii,
1180 4752 160 76 752
1412 4776 80 68 p.
1564 4752 96 76 in
1668 4752 80 80 cl
1760 4816 16 16 .
1848 4752 252 80 illus.
2156 4752 308 92 (map)
2548 4748 376 96 diagrs.,
2996 4748 332 80 forms.
3440 4748 156 96 21
3644 4756 32 40 ½ͨͫ
3708 4812 16 16 .
3860 4748 28 96 (
3908 4752 188 76 Hal
4104 4748 76 96 f-
4188 4756 32 72 t
4232 4748 28 80 i
4268 4752 72 76 tl
4348 4772 88 56 e:

576 4864 488 80 Materials
1116 4864 148 76 for
1320 4864 160 76 the
1528 4864 280 92 study
1864 4864 100 76 of
2012 4860 428 80 business
2464 4864 28 72 )

712 4976 616 76 "References
1392 4972 152 76 for
1600 4972 380 76 further
2048 4968 444 92 reading"
2556 4976 100 72 at
2716 4972 180 76 end
2960 4972 96 72 of
3124 4972 240 76 most
3424 4972 100 76 of
3584 4972 160 76 the
3808 4972 464 88 chapters.

592 5080 100 96 ©
748 5092 220 88 Apr.
1024 5084 132 96 15,
1216 5084 268 92 1930;
1548 5088 128 76 2c.
1736 5088 184 72 and
1984 5084 152 76 aff.
2204 5084 216 92 May
2480 5084 156 88 10;
2708 5084 72 72 A
2836 5080 328 92 23340;
3232 5080 548 88 University
3836 5080 104 76 of
4000 5080 432 92 Chicago,

728 5196 428 92 Chicago.
1288 5196 540 92 (30-13433)
4040 5188 236 84 5294

580 5352 112 100 M
708 5348 40 96 �FC;
780 5348 648 124 ller-Hauff,
1488 5348 440 108 Albert.

704 5500 708 100 Automobile
1516 5500 352 124 steels,
1972 5500 144 132 by
2224 5496 528 104 Direktor
2860 5500 504 132 Dr.-Ing.
3472 5500 400 100 Albert
3976 5496 452 108 M�FC;ller-

572 5648 308 104 Hauf
880 5652 48 92 f
996 5648 212 104 and
1280 5648 500 128 Dr.-Ing.
1852 5648 288 100 Karl
2212 5648 364 124 Stein;
2648 5648 612 100 translated
3332 5648 296 104 from
3696 5648 184 100 the
3948 5648 484 104 German

572 5800 144 132 by
764 5800 320 100 Hans
1136 5800 768 104 Goldschmidt
2000 5800 68 112 …
2140 5800 268 100 with
2460 5796 508 104 addition
3020 5796 128 100 of
3196 5800 508 128 chapters
3752 5832 140 64 on
3952 5796 104 108 S.
4112 5796 136 104 A.
4300 5800 128 100 E.

572 5948 588 104 standards
1228 5984 136 60 on
1432 5956 212 92 test
1708 5948 600 128 specimens
2372 5952 216 100 and
2660 5948 264 100 steel
2988 5944 800 136 specifications
3856 5948 216 100 and
4144 5944 288 100 frac-

572 6108 296 92 tures
940 6096 124 100 of
1136 6096 664 100 automobile
1880 6108 336 120 parts,
2288 6100 220 96 and
2584 6132 240 64 new
2896 6096 564 100 authentic
3528 6092 512 108 material
4112 6092 116 104 in
4308 6104 120 92 13

572 6248 344 104 tables
980 6244 584 108 furnished
1624 6248 148 132 by
1836 6244 448 136 leading
2344 6244 592 104 American
3004 6248 216 100 and
3284 6248 596 128 European
3944 6256 484 88 automo-

572 6396 216 100 bile
844 6396 396 132 plants.
1388 6396 264 100 New
1712 6396 348 128 York,
2112 6400 104 100 J.
2276 6392 372 136 Wiley
2700 6400 88 100 &
2840 6428 284 104 sons,
3176 6392 264 132 inc.;
3504 6396 500 128 London,
4064 6392 360 132 Chap-

568 6580 256 64 man
876 6552 92 96 &
1016 6544 308 132 Hall,
1376 6544 464 136 limited,
1900 6552 288 100 1930.

712 6700 124 92 xi,
884 6700 168 76 219
1104 6720 80 72 p.
1308 6696 32 72 i
1340 6696 28 68 l
1376 6700 204 92 lus.,
1636 6700 340 92 diagrs.
2096 6692 280 100 23½ͨͫ.
2600 6700 252 96 $3.50

712 6808 720 92 Bibliography:
1492 6832 84 68 p.
1628 6808 420 80 195-198.

592 6896 100 88 ©
756 6924 220 88 Apr.
1036 6920 132 92 30,
1232 6920 104 76 19
1348 6916 52 72 3
1400 6920 104 88 0;
1564 6920 128 80 2c.
1760 6920 216 92 May
2040 6916 100 96 6;
2204 6920 104 76 af
2300 6920 44 76 f
2348 6984 20 20 .
2432 6924 216 88 May
2708 6920 104 92 2;
2884 6920 76 76 A
3020 6920 332 92 23233;
3420 6920 272 80 Hans
3752 6920 288 72 Golds
4040 6924 44 60 c
4096 6916 328 88 hmidt,

728 7028 312 96 Joliet,
1100 7032 40 68 I
1144 7028 64 72 ll
1224 7096 16 12 .
1364 7028 536 96 (30-13790)
4036 7024 228 84 5295

576 7192 484 116 Musser,
1124 7184 608 120 Benjamin
1796 7184 504 108 Francis.

716 7328 504 104 Bucolics
1300 7336 216 96 and
1592 7332 400 132 caviar,
2064 7336 148 128 by
2288 7336 592 132 Benjamin
2956 7336 124 96 M
3084 7372 64 60 u
3160 7372 220 64 sser
3460 7336 64 108 …
3724 7332 496 132 Atlanta,
4296 7328 136 104 E.

580 7480 588 132 Hartsock,
1224 7480 232 100 The
1516 7480 408 104 Bozart
1980 7516 304 96 press
2348 7484 60 104 [
2428 7488 292 124 ͨ930]
