4984 8300
392 688 748 124 [Hutchison,
1208 684 500 104 Graham
1772 684 352 104 Seton
2140 748 24 64 ]
2236 688 264 100 1890
2504 748 64 12 –

548 840 236 100 The
856 836 140 104 W
1072 836 300 132 plan,
1440 832 148 136 by
1660 828 496 108 Graham
2240 828 336 108 Seton
2632 832 256 124 [pse
2884 844 64 80 u
2972 824 100 100 d.
3092 888 24 68 ]
3264 824 268 100 New
3616 820 348 112 York,
4040 820 260 104 Cos-

416 988 612 132 mopolitan
1092 984 288 104 book
1440 980 744 136 corporation,
2252 984 288 96 1930.

548 1152 52 76 5
660 1172 80 72 p.
800 1152 24 72 l
836 1212 48 32 .,
940 1148 108 80 30
1060 1148 48 76 6
1164 1168 84 72 p.
1364 1144 296 96 diagr.
1780 1140 596 104 19½ͨͫ.

432 1280 100 100 ©
600 1292 212 76 Jan.
876 1288 128 80 11,
1076 1288 36 68 1
1128 1284 56 72 9
1184 1280 156 88 30;
1416 1284 52 72 2
1468 1304 80 68 c.
1612 1284 56 76 J
1676 1304 48 52 a
1736 1304 88 52 n.
1892 1280 156 88 14;
2120 1296 52 56 a
2172 1280 76 80 ff
2264 1340 16 16 .
2344 1280 216 76 Jan.
2624 1276 160 88 13;
2852 1272 84 80 A
3000 1276 104 76 17
3116 1284 52 76 8
3172 1284 160 80 74;
3404 1272 104 80 G.
3584 1272 56 80 S
3652 1336 16 16 .
3736 1272 200 76 Hut
3944 1296 48 52 c
4000 1268 296 92 hison,

560 1400 160 76 Hil
732 1400 28 76 l
772 1396 280 88 ingdo
1048 1424 56 68 n
1124 1456 16 24 ,
1232 1416 36 72 M
1312 1424 24 64 i
1376 1392 56 76 d
1416 1436 36 76 d
1476 1392 188 76 lese
1660 1424 64 64 x
1740 1452 16 28 ,
1824 1388 460 96 England.
2392 1384 492 96 (30-2372)
3948 1376 108 84 25
4068 1376 48 80 8

420 1608 464 120 Irmina,
968 1620 56 92 S
1040 1608 36 96 i
1076 1612 180 108 ste
1252 1644 52 64 r
1352 1608 120 96 M
1416 1608 48 96 [
1520 1632 212 92 ary
1744 1668 24 64 ]
1840 1608 256 96 1893
2100 1668 68 8 –

620 1764 64 108 …
748 1760 184 100 An
992 1756 632 104 evaluation
1684 1752 124 104 of
1864 1752 184 104 the
2108 1788 68 64 v
2184 1748 592 116 ocabulary
2840 1760 440 92 content
3340 1744 128 104 of
3528 1748 388 100 twelve
3976 1744 332 104 series

432 1908 124 104 of
636 1908 504 132 primary
1220 1908 440 104 readers
1752 1968 20 68 [
1784 1904 148 132 by
1932 1940 28 76 ]
2064 1900 352 112 Sister
2496 1904 152 100 M.
2740 1900 428 100 Irmina
3236 1912 64 112 …
3528 1892 784 136 Washington,

436 2064 132 96 D.
632 2060 156 128 C.,
840 2060 236 100 The
1136 2056 88 108 C
1232 2056 192 112 ath
1432 2056 104 100 ol
1548 2056 96 100 ic
1696 2052 584 104 education
2336 2088 308 96 press
2728 2052 348 120 [ͨ1929]

568 2216 112 80 52
740 2240 84 72 p.
940 2216 52 76 2
996 2216 448 88 3ͨͫ
1152 2280 16 20 .
1308 2220 28 92 (
1352 2204 64 80 O
1440 2240 52 52 n
1564 2232 104 60 co
1676 2236 56 56 v
1736 2232 144 56 er:
1948 2212 196 76 The
2216 2208 428 80 Catholic
2712 2208 528 92 university
3312 2208 100 76 of
3480 2204 460 80 America.
4068 2204 244 76 Edu-

432 2352 48 56 c
488 2328 356 80 ational
908 2324 436 80 research
1396 2324 120 76 bu
1524 2328 28 72 l
1560 2324 164 76 leti
1736 2340 128 60 ns.
1928 2324 140 76 ed.
2120 2324 120 88 by
2296 2324 156 76 the
2508 2320 276 92 Dept.
2840 2320 104 76 of
2996 2316 528 92 education,
3580 2312 152 80 vol
3732 2348 20 48 .
3800 2332 136 84 IV,
3992 2336 60 52 n
4060 2336 52 52 o
4124 2376 16 16 .
4196 2312 96 92 7)

576 2436 308 80 Series
948 2436 212 76 title
1224 2436 96 76 in
1380 2436 224 92 part
1660 2444 100 68 at
1824 2432 248 76 head
2132 2428 108 80 of
2300 2432 188 92 t.-p.

576 2572 252 80 "The
892 2572 296 76 series
1256 2568 96 80 of
1424 2568 380 76 readers
1876 2568 228 76 used
2172 2564 96 76 in
2340 2568 156 76 the
2564 2560 396 96 study":
3032 2584 88 72 p.
3192 2560 156 92 17;
3424 2560 736 92 Bibliography:
4228 2572 80 80 p.

432 2672 52 76 5
496 2684 40 72 1
544 2680 200 80 –52.

444 2812 92 88 ©
616 2816 216 76 Jan.
900 2812 52 76 6
948 2824 28 72 .
1048 2812 272 80 1930;
1392 2816 48 72 2
1452 2836 44 52 c
1504 2876 20 16 .
1596 2812 208 80 Jan.
1880 2816 96 80 7;
2052 2832 48 56 a
2112 2816 104 76 ff.
2288 2816 52 76 J
2352 2832 152 56 an.
2576 2816 100 84 9;
2752 2808 76 76 A
2900 2808 332 88 18033;
3312 2804 424 88 Catholic
3812 2804 508 76 education

576 2940 288 76 press.
992 2920 488 96 (30-2207)
3980 2908 172 84 259

432 3132 380 124 Jones,
868 3132 388 104 Rufus
1304 3136 600 120 Matthew,
1972 3144 120 96 18
2104 3144 56 96 6
2172 3144 56 96 3
2232 3204 68 8 –

624 3288 68 108 …
760 3280 324 108 Some
1140 3292 608 120 exponents
1808 3280 124 104 of
1988 3284 512 132 mystical
2560 3280 512 136 religion,
3128 3280 144 132 by
3336 3280 372 104 Rufus
3764 3280 156 96 M.
3984 3276 344 108 Jones

536 3428 60 120 …
708 3432 268 104 New
1048 3432 344 120 York,
1460 3432 640 108 Cincinnati
2180 3448 264 116 [etc.]
2520 3436 236 100 The
2816 3432 608 132 Abingdon
3492 3468 308 96 press
3872 3428 120 128 [ͨ
3956 3432 260 96 1930
4224 3492 24 64 ]

568 3600 168 76 237
816 3616 84 72 p.
1040 3592 556 88 19½ͨͫ.
1476 3596 244 92 (The
1800 3596 228 76 New
2108 3616 160 56 era
2348 3592 604 96 lectureship,
3036 3588 152 76 Un
3192 3592 392 92 iversity
3672 3592 96 80 of
3856 3592 468 80 Southern

436 3704 528 80 California
968 3748 96 12 —
1088 3708 52 76 5
1148 3708 104 76 th
1308 3704 232 92 ser.)

456 3836 96 88 ©
612 3844 56 76 J
676 3868 52 48 a
744 3864 84 52 n.
884 3844 48 76 8
944 3904 16 28 ,
1016 3840 276 92 1930;
1352 3844 52 72 2
1408 3880 16 32 c
1464 3904 12 16 .
1536 3864 120 52 an
1668 3844 56 72 d
1780 3864 52 52 a
1844 3840 100 80 ff.
2000 3840 216 76 Jan.
2272 3840 156 80 11:
2496 3840 76 76 A
2628 3844 104 72 17
2744 3844 56 76 8
2804 3840 156 88 37;
3028 3840 76 76 R
3116 3900 16 16 .
3196 3840 12 12 M
3300 3904 16 12 .
3376 3840 316 92 Jones,
3752 3836 572 92 Haverford,

588 3952 160 80 Pa.
876 3948 488 100 (30-2332)
3996 3940 172 84 260

444 4160 612 128 Kempton,
1112 4160 544 104 Kenneth
1708 4164 496 124 Payson,
2264 4172 256 96 1891
2524 4232 72 8 –

584 4316 280 104 Loot
928 4316 128 104 of
1116 4316 188 104 the
1372 4316 420 132 Flying
1856 4316 468 132 dragon,
2388 4316 144 108 by
2600 4316 324 100 Kenn
2940 4348 48 64 e
3000 4316 120 104 th
3196 4316 440 132 Payson
3712 4312 620 132 Kempton;

452 4468 268 100 with
796 4468 736 104 illustrations
1604 4472 144 132 by
1820 4468 188 104 Wi
2016 4468 100 100 lf
2124 4472 192 104 red
2388 4468 376 104 Jones.
2912 4468 456 132 Boston,
3436 4464 376 136 Little,
3892 4468 444 132 Brown,

444 4624 216 100 and
724 4652 580 104 company,
1368 4624 288 96 1930.

580 4776 172 80 viii
816 4796 112 72 p.,
992 4772 52 80 2
1100 4768 36 76 l
1144 4800 40 52 .,
1256 4812 20 60 [
1280 4776 52 76 3
1340 4812 84 56 ]–
1428 4772 168 80 269
1660 4796 84 72 p.
1864 4796 44 56 c
1916 4776 84 76 ol
2016 4840 16 16 .
2092 4772 320 96 front.,
2472 4772 256 84 illus.
2844 4776 596 88 21½ͨͫ
3096 4800 28 48 .

584 4916 564 76 Illustrated
1200 4912 708 96 lining-papers.

468 5044 96 100 ©
628 5052 216 76 Jan.
900 5048 76 92 3,
1040 5048 276 84 1930;
1376 5052 52 72 2
1432 5076 52 52 c
1492 5112 20 16 .
1572 5052 188 76 and
1816 5048 164 80 aff.
2040 5048 216 80 Jan.
2316 5048 104 92 9;
2488 5052 80 76 A
2628 5052 332 88 18057;
3032 5048 312 96 Little,
3412 5052 372 88 Brown,
3852 5072 52 52 a
3912 5048 124 76 nd
4100 5060 236 64 com-

596 5180 60 72 p
660 5180 212 72 any.
1000 5160 328 92 (30-20
1332 5160 52 76 5
1384 5160 104 92 4)
3996 5152 176 84 261

460 5340 504 128 Kessler,
1036 5344 392 120 Harry
1492 5344 108 96 K
1600 5340 40 100 l
1648 5372 392 72 emens
2112 5340 436 128 Ulrich,
2620 5380 72 96 g
2732 5380 44 64 r
2772 5384 52 64 a
2816 5344 44 104 i
2956 5372 256 92 von,
3292 5352 316 100 1868-

588 5488 508 108 Walther
1140 5488 628 132 Rathenau,
1816 5492 176 104 his
2040 5492 204 100 life
2292 5492 224 100 and
2568 5492 340 128 work,
2960 5492 144 132 by
3156 5488 364 108 Count
3576 5492 384 132 Harry
4012 5488 328 100 Kess-

452 5644 192 100 ler.
788 5644 504 124 London,
1344 5640 132 104 G.
1536 5644 388 128 Howe,
1976 5644 240 132 ltd.,
2276 5648 292 96 1929.

592 5804 156 92 vii,
816 5804 136 88 [1],
1008 5800 176 80 400
1236 5820 84 72 p.
1424 5800 320 92 front.,
1804 5820 60 72 p
1864 5804 28 72 l
1908 5864 40 32 .,
2012 5804 316 88 ports.,
2388 5800 368 80 facsim.
2872 5804 476 84 22ͨͫ.

596 5940 628 76 "Translated
1276 5936 120 96 by
1452 5940 136 76 W.
1648 5940 112 76 D.
1816 5936 80 76 R
1904 5940 116 76 ob
2024 5960 44 56 s
2076 5940 120 76 on
2204 5920 296 96 -Scott
2556 5940 188 76 and
2804 5940 504 76 Lawrence
3368 5940 300 92 Hyde,
3728 5940 184 76 and
3980 5936 364 80 revised

464 6048 112 92 by
636 6048 156 80 the
848 6048 372 76 author,
1280 6048 232 76 with
1572 6056 268 68 notes
1896 6048 188 76 and
2136 6048 484 80 additions
2680 6048 152 76 for
2888 6048 392 92 English
3340 6048 676 92 readers."—p.
4084 6032 140 112 [iv]

600 6156 352 80 "Index
1016 6164 96 72 to
1172 6156 588 80 Rathenau's
1820 6156 312 80 works
2196 6156 424 80 referred
2688 6160 92 76 to
2848 6156 96 80 in
3008 6160 160 76 the
3236 6172 88 64 te
3332 6164 64 64 x
3400 6156 144 80 t":
3616 6180 84 72 p.
3760 6156 424 80 389–390.

476 6284 96 92 ©
652 6292 128 80 1c.
860 6296 212 72 Jan.
1140 6296 80 88 4,
1296 6292 276 92 1930;
1648 6296 84 72 A
1804 6296 124 72 ad
2000 6292 28 76 i
2036 6296 132 76 nt.
2244 6292 332 92 13458;
2656 6296 280 88 pubd.
3012 6296 228 76 Nov.
3320 6296 52 76 7
3376 6356 20 32 ,
3476 6296 276 88 1929;
3832 6296 508 88 Harcourt,

612 6400 296 80 Brace
968 6404 72 76 &
1096 6424 160 72 co.,
1320 6404 96 72 in
1420 6424 48 56 c
1476 6464 44 32 .,
1584 6404 228 76 New
1872 6404 284 76 York.
2292 6400 488 100 (30-2509)
4008 6400 176 80 262

600 6584 212 100 Wa
816 6584 40 96 l
860 6592 48 88 t
912 6580 72 100 h
992 6620 120 64 er
1160 6584 512 100 Rathena
1676 6620 68 64 u
1760 6664 20 52 ,
1828 6584 172 100 his
2052 6584 204 100 life
2312 6584 220 100 and
2580 6584 340 132 work,
2968 6584 148 132 by
3168 6580 368 108 Count
3584 6584 388 132 Harry
4024 6588 108 96 K
4144 6620 204 64 ess-

468 6732 32 96 l
508 6768 144 68 er.
784 6732 268 104 New
1104 6732 352 132 York,
1508 6732 604 132 Harcourt,
2168 6732 352 104 Brace
2572 6736 220 100 and
2848 6768 544 96 company
3476 6728 248 112 [ͨ193
3736 6740 60 96 0
3804 6800 28 64 ]

604 6892 56 80 6
712 6912 84 72 p.
856 6888 36 76 l
896 6956 44 28 .,
1000 6896 52 76 3
1052 6936 60 8 –
1112 6892 168 80 379
1332 6912 84 72 p.
1536 6896 316 92 front.,
1912 6912 60 72 p
1972 6896 32 72 l
2016 6956 44 28 .,
2120 6896 316 88 ports.,
2500 6896 372 76 facsim.
2984 6892 600 88 22½ͨͫ.

608 7004 628 76 "Translated
1304 7004 116 88 by
1488 7004 136 76 W.
1700 7004 112 76 D.
1884 7004 688 76 Robson-Scott
2640 7004 184 76 and
2900 7004 504 76 Lawrence
3476 7008 272 88 Hyde
3824 7008 296 72 under
4192 7008 156 76 the

472 7108 424 80 author's
964 7112 620 88 supervision,
1652 7112 232 76 with
1952 7116 268 72 notes
2288 7116 188 72 and
2544 7112 480 76 additions
3084 7112 156 76 for
3304 7116 392 92 English
3772 7136 96 52 re
3872 7136 52 52 a
3936 7116 300 80 ders."
4240 7160 116 12 —

472 7220 84 80 p.
592 7220 160 104 [iv
740 7204 28 76 ]

612 7356 644 80 "Rathenan's
1316 7356 308 80 works
1684 7356 424 80 referred
2168 7360 96 76 to
2328 7356 96 80 in
2484 7356 160 80 the
2704 7356 312 80 text":
3080 7380 84 72 p.
3224 7360 164 76 371
3396 7404 48 8 –
3456 7360 196 76 372.

492 7480 96 88 ©
652 7492 216 76 Jan.
928 7488 76 92 9,
1068 7488 272 92 1930;
1404 7492 132 80 2c.
1600 7492 192 76 and
1848 7492 160 76 aff.
2072 7492 60 76 J
2136 7512 148 60 an.
2348 7492 160 92 16;
2576 7492 80 76 A
2716 7492 328 92 18145;
3120 7492 504 96 Harcourt,
3692 7500 300 72 Brace
4056 7500 72 76 &
4188 7516 160 72 co.,

624 7592 28 72 i
660 7600 108 72 nc
780 7660 16 16 .
928 7596 436 96 (30-2508
1388 7600 24 80 )
4016 7600 112 84 26
4136 7600 52 84 3

2348 7708 136 100 41
