4752 8320
2312 7688 188 100 187
2512 7692 56 92 6

528 644 492 128 Calkins,
1096 644 1168 108 Clinch-Continued

656 808 48 72 3
756 824 80 72 p.
888 800 84 96 l.,
1024 804 164 76 202
1240 828 84 68 p.
1440 804 136 76 19f
1640 808 52 40 m
1680 804 28 64 .

664 912 308 80 "First
1028 908 436 84 edition."

660 1024 348 76 "When
1068 1020 452 76 Detroit's
1576 1024 164 72 out
1800 1020 104 76 of
1956 1040 252 72 gear,
2268 1024 116 88 by
2444 1020 300 76 Helen
2808 1020 332 80 Hall":
3204 1040 84 72 p.
3348 1024 420 76 167-196.

608 1156 28 84 )
696 1156 196 76 Oct.
956 1156 128 88 16,
1148 1152 268 92 1930;
1480 1152 132 80 2c.
1672 1156 184 76 and
1916 1156 96 76 af
2008 1156 48 72 f
2060 1220 16 12 .
2140 1156 196 76 Oct.
2396 1152 160 92 23;
2624 1156 76 72 A
2760 1152 332 96 29793;
3160 1156 368 76 Marion
3592 1156 328 76 Clinch
3984 1156 384 80 Calkins

664 1264 400 76 Merrell.
1124 1264 68 76 P
1196 1264 604 92 hiladelphia.
1940 1264 92 92 (3
2036 1280 56 76 0
2092 1296 40 80 -
2144 1280 48 76 3
2212 1264 216 76 0051
2452 1268 28 84 )
3904 1260 284 80 12129

520 1444 312 120 Cate,
896 1448 588 120 Margaret
1544 1444 392 108 Davis.

656 1588 236 100 Our
960 1588 392 136 todays
1428 1588 216 104 and
1716 1592 660 132 yesterdays,
2464 1636 52 60 a
2600 1632 48 52 s
2652 1604 248 120 tory
2972 1592 120 100 of
3172 1588 648 104 Brunswick
3896 1588 220 104 and
4188 1588 184 100 the

520 1736 396 104 coastal
992 1736 440 104 islands.
1576 1740 260 104 Rev.
1908 1740 160 100 ed.
2212 1744 172 132 By
2456 1744 132 92 M
2588 1748 440 124 argaret
3100 1736 344 108 Davis
3516 1740 292 104 Cate.
3960 1740 156 100 Br
4124 1772 68 68 u
4196 1772 172 64 ns-

516 1884 312 136 wick,
888 1888 232 132 Ga.,
1184 1888 400 100 Glover
1640 1888 312 136 bros.,
2012 1888 240 132 inc.,
2316 1896 288 92 1930.

652 2040 52 76 6
752 2060 80 72 p.
880 2032 88 100 l.,
1016 2040 164 80 302
1224 2064 84 68 p.
1424 2044 316 88 front.,
1788 2044 68 76 il
1860 2044 96 76 lu
1968 2064 68 56 s.
2092 2044 140 92 (in
2244 2044 76 76 cl
2332 2108 16 12 .
2396 2048 316 92 ports.,
2768 2044 308 92 maps)
3212 2020 224 108 24w.

652 2148 672 96 Bibliography
1360 2172 20 56 :
1448 2172 80 72 p.
1596 2148 420 84 280-283.

556 2284 72 96 ©
692 2292 192 80 Oct.
944 2292 136 92 25,
1140 2296 44 72 1
1192 2292 56 72 9
1252 2292 156 88 30;
1472 2292 48 76 2
1520 2304 84 68 c.
1664 2296 196 76 Oct.
1916 2296 48 72 2
1976 2296 100 84 1;
2140 2292 96 76 af
2240 2292 36 76 f
2284 2356 16 16 .
2360 2296 228 76 Nov.
2648 2296 100 84 3;
2812 2292 80 76 A
2952 2288 328 92 29810;
3348 2292 96 76 M
3452 2356 16 16 .
3528 2292 84 76 D
3624 2356 16 16 .
3708 2288 72 80 C
3780 2296 180 88 ate,
4024 2292 348 76 Bruns-

668 2404 260 88 wick,
1000 2404 164 76 Ga.
1300 2404 540 88 (30-30038)
3904 2396 288 84 12130

520 2580 504 124 Condict,
1080 2584 524 128 Jemima,
1672 2588 184 104 175
1872 2592 64 88 4
1940 2588 356 104 -1779.

648 2728 468 104 Jemima
1192 2728 504 132 Condict,
1760 2732 196 96 her
2020 2732 332 128 book;
2424 2728 324 132 being
2820 2772 56 64 a
2948 2728 592 132 transcript
3616 2728 120 100 of
3804 2732 184 96 the
4052 2728 316 124 diary

516 2876 120 104 of
692 2912 140 72 an
888 2880 336 100 Essex
1284 2888 400 124 county
1740 2876 292 104 maid
2096 2876 404 136 during
2552 2880 188 104 the
2796 2876 820 140 revolutionary
3676 2912 252 68 war.
4060 2876 312 100 New-

516 3028 232 136 ark,
800 3028 132 100 N.
992 3028 76 104 J
1076 3112 60 48 .,
1188 3028 232 104 The
1480 3028 496 108 Carteret
2032 3028 280 104 book
2368 3028 280 136 club,
2708 3036 288 92 1930.

652 3184 52 72 2
756 3200 84 76 p.
896 3184 28 76 l
936 3244 44 28 .,
1036 3184 252 92 3-73,
1348 3220 20 60 [
1356 3176 60 68 ji
1520 3204 80 72 p.
1660 3184 148 76 inc
1812 3184 28 76 l
1852 3248 16 16 .
1928 3208 52 72 p
1988 3188 24 72 l
2028 3248 16 12 .
2160 3184 288 76 front.
2504 3184 460 96 (facsim.)
3100 3184 220 80 19-.

652 3292 268 76 Head
984 3296 184 72 and
1236 3292 176 80 tail
1472 3292 328 96 pieces.

652 3392 332 88 "Made
1040 3400 148 80 for
1244 3404 160 76 the
1460 3404 432 76 Carteret
1952 3404 236 76 book
2248 3404 204 76 club
2512 3404 104 76 of
2668 3400 432 92 Newark,
3160 3404 224 76 New
3440 3404 168 76 Jer
3612 3424 40 52 s
3660 3424 140 72 ey,
3864 3400 20 76 i
3896 3424 60 56 n
4012 3424 48 56 a
4076 3424 52 56 n
4192 3400 180 84 edi-

520 3512 192 80 tion
772 3512 100 76 of
924 3508 168 80 200
1152 3512 332 92 copies,
1552 3512 116 92 by
1728 3512 444 80 Frederic
2228 3512 180 80 and
2476 3512 348 80 Bertha
2900 3504 192 84 Gou
3104 3512 120 92 dy
3284 3520 96 72 at
3444 3512 156 80 the
3660 3512 360 88 village
4084 3532 288 72 press,

520 3620 1284 92 Marlborough-on-Hudson,
1892 3620 108 80 N.
2088 3616 160 84 Y."

660 3728 644 80 Introduction
1356 3728 376 92 signed:
1788 3732 136 76 W.
1980 3732 88 76 M
2080 3792 20 16 .
2160 3728 84 80 S.
2312 3724 104 96 (i.
2476 3752 68 60 e.
2604 3728 364 80 Wilbur
3020 3724 100 72 M
3124 3748 220 72 acey
3404 3728 328 92 Stone)

648 3840 196 76 The
900 3836 580 96 manuscript
1532 3836 80 80 is
1672 3860 208 56 now
1940 3836 156 80 the
2152 3844 440 88 property
2652 3840 104 76 of
2812 3840 156 76 the
3024 3840 224 76 New
3308 3840 328 92 Jersey
3696 3836 488 80 historical
4244 3860 128 56 so-

516 3948 268 92 ciety.
900 3972 48 56 c
952 3952 68 96 f.
1080 3952 352 76 Introd.

652 4060 196 76 The
900 4060 340 76 author
1288 4060 248 72 lived
1588 4060 172 72 "on
1808 4060 156 72 the
2008 4060 404 72 western
2468 4056 252 92 slope
2768 4060 104 72 of
2916 4056 160 76 the
3132 4052 228 80 'first
3412 4056 516 76 mountain'
3980 4060 284 76 about
4320 4080 48 56 a

516 4168 216 80 mile
784 4172 232 72 west
1064 4168 104 76 of
1224 4168 284 88 Eagle
1564 4164 784 80 rock".-Introd.
2460 4168 192 76 The
2708 4164 272 92 diary
3032 4164 432 80 contains
3516 4188 276 68 many
3848 4168 524 76 references

520 4284 92 72 to
664 4296 384 76 persons
1104 4280 180 72 and
1336 4280 324 72 events
1712 4272 96 76 in
1868 4272 392 92 Orange,
2312 4272 108 80 N.
2476 4272 112 92 J.,
2648 4272 156 80 the
2856 4280 376 72 nearest
3284 4280 280 72 town.

544 4412 84 100 7
688 4424 192 76 Oct.
932 4420 76 80 9.
1064 4416 272 92 1930;
1392 4416 128 80 2c.
1656 4420 112 92 Oct
1760 4480 16 16 .
1832 4416 40 72 1
1888 4412 52 76 3
1968 4432 16 72 ;
2048 4412 152 76 off.
2260 4412 196 80 Oct.
2508 4412 48 76 1
2568 4412 48 76 5
2652 4432 16 68 ;
2728 4412 80 76 A
2856 4412 332 92 29344;
3252 4412 428 80 Carteret
3736 4412 240 76 book
4028 4412 236 80 club.

684 4532 196 92 (30-
896 4548 48 76 3
956 4528 220 80 0037
1200 4544 24 76 )
3904 4520 280 84 12131

520 4716 416 120 Coxon,
988 4712 408 100 Muriel
1468 4704 412 128 (Hine)
1952 4712 52 48 "
2012 4712 124 96 M
2140 4740 140 68 rs.
2336 4700 424 124 Sidney
2820 4704 488 104 Coxon."

652 4868 228 100 Ten
944 4860 304 136 days'
1312 4896 96 64 w
1416 4896 60 64 o
1484 4860 304 128 nder,
1848 4856 144 136 by
2056 4856 120 100 M
2184 4892 64 64 u
2264 4856 152 100 rie
2424 4860 32 96 l
2520 4856 236 100 Hin
2768 4892 52 64 e
2920 4864 76 120 …
3152 4856 92 96 L
3252 4892 60 64 o
3320 4860 328 132 ndon,
3708 4860 300 104 John
4072 4860 300 104 Lane

528 5080 24 68 [
572 5024 284 116 1930]

652 5172 52 80 4
776 5192 84 72 p.
932 5168 84 96 l.,
1088 5168 164 76 304
1320 5192 84 68 p.
1524 5164 104 80 19
1652 5168 44 44 -
1728 5228 16 16 .

528 5276 92 92 ©
680 5284 108 76 le
796 5348 16 16 .
868 5280 228 80 Nov.
1152 5280 132 88 14,
1344 5276 272 88 1930;
1676 5276 80 76 A
1808 5276 120 76 ad
1984 5276 168 76 int.
2212 5272 328 92 14114:
2600 5292 124 72 pu
2732 5268 52 76 h
2788 5272 88 76 d.
2936 5272 228 80 Nov.
3224 5276 100 84 7;
3392 5272 112 80 D.
3560 5272 460 92 Appleton
4084 5272 68 80 &
4208 5292 160 72 co.,

660 5396 224 76 New
936 5388 280 80 York.
1352 5384 320 96 (30-31
1684 5388 44 72 5
1732 5388 160 92 99)
3908 5380 288 80 12132

516 5572 440 124 Craine,
1016 5568 352 104 Edith
1428 5568 428 120 Janice,
1920 5576 328 96 1881-

648 5724 228 100 The
936 5720 520 132 Fairway
1504 5716 256 128 bell,
1808 5716 148 128 by
2012 5716 128 100 E.
2196 5716 104 100 J.
2368 5712 400 108 Craine
2824 5712 220 104 and
3100 5712 124 104 L.
3284 5712 148 104 H.
3488 5712 524 136 Moseley,
4064 5712 304 104 illus-

512 5872 360 104 trated
964 5872 140 132 by
1200 5868 488 104 Richard
1776 5868 532 132 Rodgers.
2472 5864 264 100 New
2832 5864 316 100 York
3236 5864 256 132 city,
3584 5864 260 100 Duff
3832 5864 44 100 i
3880 5864 176 100 eld
4152 5868 212 100 and

508 6056 576 100 company,
1148 6024 292 96 1930.

648 6188 52 76 6
760 6188 80 72 p.
896 6176 88 96 l.,
1040 6180 304 88 3-267,
1408 6216 20 56 [
1440 6180 76 92 It
1580 6180 80 76 p.
1780 6176 164 76 col.
2004 6176 312 84 front.,
2376 6172 280 88 illus.,
2712 6172 168 76 col.
2944 6172 328 92 plates.
3388 6176 228 76 21-.

532 6292 88 88 ©
684 6296 196 80 Oct.
936 6292 128 84 20.
1124 6288 272 92 1930;
1456 6288 48 72 2
1512 6308 68 56 c.
1644 6284 192 80 Oct.
1892 6284 52 76 2
1952 6284 48 72 5
2032 6304 20 56 :
2112 6284 104 76 af
2212 6284 36 72 f
2260 6348 12 16 .
2332 6284 196 76 Oct.
2584 6284 160 88 27;
2804 6280 80 76 A
2936 6280 332 92 29790;
3332 6284 184 76 Duf
3504 6284 52 76 f
3552 6284 176 76 ield
3784 6284 72 76 &
3916 6308 120 64 co.

676 6404 536 96 (30-29984)
3900 6392 284 84 12133

512 6588 404 120 Dalby,
980 6588 292 96 Ezra
1344 6576 828 108 Christiansen.

644 6732 316 104 Land
1008 6732 216 100 and
1272 6728 424 100 leaders
1744 6720 124 108 of
1908 6720 404 132 Israel;
2372 6720 404 104 lessons
2824 6720 116 104 in
2992 6724 184 100 the
3228 6720 224 108 Old
3500 6724 668 132 Testament,
4216 6732 144 132 by

512 6884 284 100 Ezra
860 6880 116 104 C.
1036 6876 372 132 Dalby
1472 6884 68 112 …
1716 6872 244 108 Salt
2016 6872 296 100 Lake
2376 6868 296 136 City,
2732 6872 340 128 Utah,
3128 6872 276 100 Pub.
3464 6872 144 136 by
3664 6876 184 100 the
3908 6876 452 104 Deseret

508 7028 280 108 book
840 7064 540 96 company
1440 7024 180 100 for
1672 7024 180 100 the
1908 7020 324 132 Dept.
2300 7016 120 104 of
2476 7020 584 100 education
3124 7080 24 68 [
3164 7024 260 100 1930

640 7208 60 52 x
708 7188 28 72 i
748 7184 92 96 ii,
908 7176 72 84 [1
984 7164 32 80 ]
1020 7244 20 32 ,
1088 7180 168 80 534
1300 7200 84 72 p.
1504 7176 272 80 illus..
1832 7176 52 76 2
1940 7196 264 72 maps
2276 7176 28 92 (
2320 7172 28 76 i
2356 7196 60 52 n
2428 7196 48 52 e
2476 7172 28 76 l
2516 7236 16 16 .
2588 7172 336 96 front.)
3056 7176 560 92 22½ͨͫ.

528 7292 92 88 ©
700 7300 244 92 Sept.
1012 7292 128 88 12,
1204 7292 272 88 1930;
1544 7292 128 76 2c.
1744 7288 196 76 Oct.
2008 7288 156 84 15;
2236 7284 100 80 af
2328 7284 44 76 f
2380 7348 12 16 .
2464 7284 196 80 Oct.
2724 7284 160 92 13;
2956 7284 84 80 A
3096 7284 332 92 29381;
3500 7288 312 80 Heber
3876 7288 84 80 J.
4032 7288 324 100 Grant,

652 7408 156 76 for
872 7404 156 80 the
1100 7404 620 92 Department
1784 7400 100 76 of
1948 7392 492 80 education
2516 7392 100 80 of
2684 7392 156 80 the
2912 7392 372 80 Church
3352 7396 104 76 of
3524 7400 276 72 Jesus
3872 7396 316 84 Christ
4264 7404 100 76 of

652 7520 88 72 la
756 7524 20 68 t
800 7520 232 72 ter-d
1044 7536 44 52 a
1104 7536 56 68 y
1216 7512 328 92 saints,
1612 7508 204 76 Salt
1880 7504 248 80 Lake
2188 7504 240 88 City.
2564 7500 544 100 (30-30002)
3892 7504 284 84 12134
