4752 8320
2124 7768 256 96 2059

348 760 484 124 Manuel,
884 760 548 100 Herschel
1484 756 616 124 Thurman,
2164 756 308 104 1887-

480 912 232 100 The
764 908 568 104 education
1384 908 124 104 of
1556 908 500 100 Mexican
2112 908 216 100 and
2388 904 1064 132 Spanish-speaking
3504 904 488 100 children
4048 896 104 104 in

348 1064 380 124 Texas,
792 1060 140 132 by
996 1060 488 96 Hersche
1492 1060 36 96 l
1592 1060 120 96 T.
1784 1060 124 96 M
1912 1092 276 64 anue
2188 1060 40 96 l
2332 1068 72 104 …
2564 1052 440 128 Austin,
3068 1052 232 104 The
3360 1052 92 96 F
3464 1056 224 100 und
3756 1048 56 100 f
3816 1084 120 64 or
4004 1084 148 64 re-

348 1208 368 104 search
772 1208 112 96 in
940 1208 184 96 the
1176 1204 332 100 social
1560 1204 492 132 sciences,
2108 1204 184 100 the
2348 1204 664 132 University-
3052 1204 120 100 of
3224 1204 388 128 Texas,
3672 1200 284 100 1930.

472 1352 88 80 ix
576 1416 16 28 ,
644 1360 164 72 173
852 1352 80 96 p!
1052 1356 312 92 front.,
1416 1352 272 92 illus.,
1736 1352 228 84 fold.
2016 1372 292 72 maps,
2360 1352 340 92 diagrs.
2816 1348 560 92 23½ͨͫ.

476 1460 716 96 Bibliography:
1248 1480 84 72 p.
1400 1500 20 56 [
1428 1452 140 84 171
1564 1448 28 76 ]
1624 1460 248 80 -173.

356 1572 92 88 ©
504 1600 224 80 Nov.
776 1600 56 72 2
832 1604 48 68 2
880 1628 20 40 .
956 1596 268 92 1930;
1276 1592 132 80 2c.
1456 1600 228 76 Nov.
1732 1596 52 76 2
1792 1596 56 76 6
1872 1616 20 68 ;
1948 1596 156 76 aff.
2152 1600 228 72 Nov.
2432 1592 156 92 25;
2648 1596 76 72 A
2772 1592 328 92 30858;
3160 1596 116 76 H.
3328 1592 76 80 T
3412 1660 16 16 .
3484 1592 400 92 Manuel,
3940 1592 76 72 A
4020 1600 56 64 u
4080 1600 40 64 s
4112 1624 52 28 -

480 1708 72 76 ti
560 1732 56 52 n
628 1768 16 28 ,
700 1708 220 76 Tex.
1048 1708 92 92 (3
1148 1708 100 76 0-
1260 1708 48 76 3
1316 1708 52 72 2
1372 1708 208 88 553)
3696 1700 48 80 1
3756 1700 52 80 3
3816 1696 172 84 252

348 1888 500 124 Meister,
916 1888 452 124 Morris,
1440 1892 324 96 1895-

552 2040 64 104 …
680 2036 444 128 Energy
1200 2036 208 100 and
1492 2068 392 96 power.
1960 2032 144 132 by
2184 2032 408 100 Morris
2672 2032 444 100 Meister
3196 2048 64 104 …
3472 2032 264 100 New
3820 2032 344 128 York,

344 2180 480 132 Chicago
888 2192 264 116 [etc.,
1216 2180 120 104 C.
1396 2180 600 104 Scribner's
2052 2216 244 68 sons
2360 2184 372 124 [ͨ1930]

472 2336 260 92 xviii,
796 2336 164 80 238
1016 2356 84 72 p.
1164 2336 96 76 in
1264 2336 80 80 cl
1356 2400 16 16 .
1436 2336 308 92 front.,
1812 2332 240 80 illus.
2172 2356 100 56 co
2280 2336 32 72 l
2316 2396 16 16 .
2396 2356 60 72 p
2464 2336 28 72 l
2500 2392 16 16 .
2628 2332 224 80 20m.
2992 2332 376 96 (Living
3428 2332 100 76 in
3588 2356 52 56 a
3708 2336 296 80 world
4064 2332 104 80 of

344 2444 376 76 science.
844 2436 264 100 [book
1168 2448 96 68 iv
1260 2432 32 80 ;
1316 2444 28 88 )

476 2552 76 72 E
556 2572 56 52 a
620 2552 104 72 ch
780 2552 384 92 chapter
1212 2548 428 80 contains
1688 2548 296 76 "Thin
1992 2568 52 68 g
2052 2572 40 52 s
2152 2556 92 68 to
2296 2548 272 76 think
2624 2548 280 76 about
2956 2552 184 72 and
3204 2552 216 72 read
3476 2548 368 80 about".

356 2680 96 88 ©
516 2684 196 80 Oct.
768 2688 132 88 23,
960 2684 268 92 1930;
1288 2688 52 68 2
1344 2692 76 76 c.
1480 2688 228 76 Nov.
1768 2688 100 72 17
1904 2708 16 68 ;
1984 2704 48 56 a
2048 2684 92 80 ff.
2208 2684 192 76 Oct.
2460 2684 48 72 2
2516 2684 100 88 8;
2680 2684 80 72 A
2820 2684 160 76 306
2984 2684 52 76 5
3040 2684 104 92 0;
3216 2684 388 80 Charles
3664 2684 504 80 Scribners

484 2812 240 60 sons.
856 2792 260 100 (30-43
1124 2792 48 76 2
1184 2792 204 96 724)
3704 2788 288 84 13253

348 2980 264 96 Men
680 2980 124 100 of
868 2980 496 124 Hawaii;
1440 3016 56 64 a
1568 2980 756 128 biographical
2396 2980 372 100 record
2836 2980 124 100 of
3028 3016 240 64 men
3332 2980 124 100 of
3524 2980 652 96 substantial

484 3128 732 104 achievement
1276 3128 112 100 in
1444 3128 184 104 the
1684 3128 592 100 Hawaiian
2332 3128 444 104 islands.
2920 3164 96 64 v.
3076 3136 96 124 4,
3228 3128 420 104 revised
3644 3172 28 52 .
3836 3168 28 72 [
3872 3136 48 88 1
3940 3136 192 108 930]

484 3280 408 100 Edited
984 3280 140 132 by
1220 3280 424 132 George
1736 3280 124 96 F.
1956 3280 428 100 Nellist.
2544 3340 20 64 [
2576 3276 412 100 Honoli
2952 3316 68 64 u
3016 3280 36 92 l
3076 3316 64 64 u
3284 3280 232 100 The
3604 3280 452 96 Honolu
4064 3280 36 96 l
4108 3316 68 60 u

480 3428 772 116 star-bulletin,
1312 3428 36 100 l
1356 3436 40 88 t
1408 3428 68 104 d
1488 3508 56 36 .,
1608 3436 44 92 1
1672 3436 52 92 9
1736 3436 56 88 3
1804 3432 60 92 0
1872 3508 16 16 .

484 3584 56 72 4
592 3604 84 72 p.
728 3584 28 72 1
772 3644 40 32 .,
880 3584 72 92 [3
960 3596 28 64 ]
988 3584 112 72 -6
1104 3580 112 80 03
1264 3604 84 72 p.
1456 3584 252 76 illus.
1760 3580 376 96 (ports.)
2260 3580 228 80 24m.

356 3684 96 96 ©
524 3692 84 76 N
616 3712 112 56 ov
736 3756 12 16 .
820 3692 52 72 2
880 3692 52 76 0
936 3752 16 32 ,
1028 3688 100 76 19
1136 3692 104 72 30
1276 3712 16 64 ;
1368 3700 52 68 2
1424 3712 72 60 c.
1568 3692 80 72 D
1660 3708 120 64 ee.
1856 3692 152 92 12;
2088 3712 52 56 a
2148 3688 76 76 ff
2232 3756 12 16 .
2320 3692 212 80 Dec.
2604 3692 156 92 11;
2836 3692 80 72 A
2988 3692 48 80 3
3040 3688 272 96 2151;
3392 3692 476 76 Honolulu
3940 3712 44 60 s
3988 3700 36 72 t
4020 3716 56 52 a
4096 3712 76 52 r-

480 3800 416 92 bulletin,
960 3804 164 88 ltd.
3712 3796 288 84 13254

344 3984 440 124 Menge,
844 3984 488 100 Edward
1384 3984 292 100 John
1736 4012 216 72 von
2008 3980 816 128 Komorowski,
2892 3992 328 96 1882-

480 4136 108 96 A
648 4172 392 96 survey
1096 4136 124 96 of
1272 4136 496 100 national
1824 4136 372 100 trends
2252 4136 116 100 in
2424 4136 476 132 biology,
2956 4140 148 128 by
3164 4136 484 100 Edward
3704 4136 108 100 J.
3872 4172 96 60 v.
4032 4136 140 96 K.

348 4284 392 132 Menge
832 4284 72 112 …
1064 4280 684 136 Milwaukee,
1804 4284 232 100 The
2096 4284 348 104 Bruce
2504 4280 640 136 publishing
3196 4320 540 96 company
3808 4292 324 112 [ͨ1930
4140 4364 28 48 ]

480 4440 124 92 xi,
688 4436 164 80 156
924 4460 84 72 p.
1124 4440 52 72 2
1180 4440 52 80 0
1256 4444 92 76 m.

492 4548 132 76 "A
672 4548 288 80 series
1012 4548 96 80 of
1160 4552 396 76 lectures
1608 4548 452 92 prepared
2112 4548 152 76 for
2320 4548 152 80 the
2528 4548 444 80 National
3032 4548 516 96 university
3604 4548 100 80 of
3760 4548 412 80 Cordoba

356 4660 180 76 and
580 4656 148 80 for
784 4656 148 80 the
984 4656 500 80 Sociedade
1532 4660 116 76 de
1688 4656 460 80 medicina
2196 4664 44 64 e
2288 4656 408 96 cirurgia
2748 4660 116 76 do
2912 4656 176 80 Rio
3140 4660 108 76 de
3300 4656 384 80 Janeiro
3752 4656 408 92 (Brazil)

348 4792 48 52 a
408 4768 128 76 nd
620 4772 108 72 de
736 4772 28 72 l
772 4768 312 76 ivered
1172 4784 100 60 at
1360 4768 156 80 the
1604 4768 416 80 national
2112 4768 600 80 universities
2800 4768 104 80 of
2992 4768 420 80 Cordoba
3524 4764 556 100 (Argentina
4108 4776 24 76 )

360 4880 148 76 Mo
516 4880 368 76 ntevide
892 4900 52 56 o
1012 4880 584 88 (Uruguay),
1652 4880 180 76 and
1892 4880 56 76 S
1956 4880 328 88 antiag
2284 4900 52 56 o
2408 4876 220 96 (Chi
2632 4880 32 72 l
2672 4880 136 92 e),
2860 4880 188 76 and
3096 4880 44 76 f
3148 4896 48 60 o
3208 4900 44 52 r
3300 4880 160 76 the
3516 4880 52 76 S
3580 4896 104 60 oc
3688 4880 148 76 ied
3844 4896 56 56 a
3908 4880 108 72 de
4072 4880 108 72 de

356 4988 452 76 medicina
880 4988 40 64 e
992 4988 408 92 cirurgia
1472 4988 96 76 of
1640 4988 172 76 Rio
1884 4988 108 76 de
2064 4972 380 92 Janeiro
2516 4988 344 92 during
2924 4988 364 96 August
3356 4992 184 72 and
3620 4988 556 92 September,

348 5092 304 80 1927."

488 5204 720 96 Bibliography:
1272 5228 80 72 p.
1420 5208 412 80 124-145.

360 5292 96 88 ©
504 5316 228 76 Nov.
780 5316 76 92 4,
908 5308 268 96 1930;
1228 5316 52 72 2
1284 5320 44 64 c
1344 5380 16 16 .
1408 5316 180 76 and
1640 5316 156 76 aff.
1848 5320 224 76 Nov.
2124 5316 156 92 28;
2336 5316 80 72 A
2464 5316 324 92 30866;
2848 5320 100 76 E.
3004 5316 80 80 J.
3140 5316 352 92 Menge,
3548 5316 168 80 Wa
3724 5336 60 52 u
3796 5320 380 84 watosa,

492 5424 224 76 Wis.
848 5424 316 96 (30-32
1176 5424 164 80 556
1356 5428 28 92 )
3712 5420 288 84 13255

352 5604 408 124 Morse,
820 5604 488 104 William
1364 5604 388 128 Inglis,
1820 5616 36 96 1
1884 5612 264 100 874-

480 5748 412 108 Nordic
956 5752 368 136 trails;
1392 5792 60 60 a
1512 5756 464 132 journey
2032 5768 112 88 to
2208 5756 480 132 Iceland,
2752 5760 512 132 Norway,
3332 5760 488 104 Sweden.
3884 5760 284 96 Den-

348 5900 344 132 mark,
808 5900 552 132 Germany
1472 5912 216 100 and
1808 5904 1024 128 Czecho-Slovakia,
2944 5904 144 136 by
3200 5904 500 108 William
3816 5904 356 132 Inglis

348 6048 364 104 Morse
796 6052 68 112 …
1000 6052 760 132 photographs
1832 6052 148 136 by
2056 6056 188 100 the
2324 6056 448 124 author;
2856 6056 40 100 l
2900 6056 464 100 ine-cuts
3440 6056 140 132 by
3664 6056 292 100 Fred
4036 6056 132 104 G.

356 6196 452 132 Cooper.
956 6204 444 128 Boston,
1472 6200 300 104 Priv.
1852 6200 328 132 print.
2272 6204 500 132 [Printed
2844 6204 148 132 by
3056 6204 140 104 N.
3272 6204 448 128 Sawyer
3792 6212 80 96 &
3944 6236 228 96 son,

348 6348 240 128 inc.,
652 6356 288 96 1930.

484 6524 84 68 x,
632 6504 108 76 60
796 6524 80 72 p.
992 6504 312 92 front.,
1368 6504 276 92 illus.,
1704 6508 328 92 plates,
2088 6528 292 72 maps,
2444 6508 96 76 fa
2552 6528 48 56 c
2604 6504 252 80 sims.
2972 6488 276 96 213w.

488 6612 248 76 "One
788 6612 420 80 hundred
1260 6612 308 92 copies
1616 6612 100 80 of
1764 6612 192 80 this
2008 6616 52 76 b
2068 6616 176 76 ook
2292 6636 240 56 were
2580 6616 400 92 printed.
3096 6596 228 100 This
3372 6636 228 72 copy
3652 6616 80 76 is
3784 6636 116 56 no
3916 6684 12 12 .
3980 6620 188 76 38."

356 6716 332 96 Signed
740 6720 228 80 with
1020 6720 420 80 author's
1488 6720 416 80 initials:
1960 6724 136 80 W.
2156 6728 76 72 I.
2280 6728 124 76 A.

492 6828 136 76 "N
632 6848 48 60 o
692 6848 144 60 rse
892 6828 152 80 bib
1052 6832 24 72 l
1088 6828 560 96 iography":
1704 6852 84 72 p.
1840 6828 192 84 4-5.

356 6928 96 96 ©
508 6940 224 80 Nov.
788 6940 48 76 1
844 6940 48 76 5
896 6968 16 52 .
972 6940 48 76 1
1028 6936 52 80 9
1084 6944 52 72 3
1140 6940 52 76 0
1212 6948 24 76 ;
1296 6940 52 76 2
1356 6960 44 56 c
1412 7004 16 12 .
1480 6944 228 76 Nov.
1760 6940 156 88 26;
1976 6960 52 56 a
2036 6940 76 76 ff
2116 7004 16 16 .
2188 6944 224 76 Nov.
2464 6940 160 92 25;
2684 6944 84 72 A
2812 6940 328 92 31295;
3200 6944 136 80 W.
3396 6944 68 76 I.
3528 6944 328 80 Morse.
3916 6944 260 76 Cam-

492 7044 340 96 bridge,
896 7052 284 76 Mass.
1312 7048 536 96 (30-32630)
3708 7048 292 84 13256

348 7228 440 120 Munro,
848 7232 532 120 Thomas,
1452 7236 320 104 1897-

480 7372 332 108 Great
860 7376 476 132 pictures
1384 7380 124 96 of
1556 7380 472 132 Europe,
2080 7380 140 136 by
2268 7380 476 104 Thomas
2792 7380 456 128 Munro;
3308 7380 264 104 with
3628 7388 192 96 100
3868 7380 300 104 illus-

344 7520 492 108 trations.
968 7524 260 104 New
1304 7524 108 100 Y
1416 7560 56 68 o
1484 7528 160 128 rk,
1708 7528 644 112 Brentano's
2444 7524 128 108 [ͨ1
2572 7536 124 92 93
2708 7524 128 108 0]
