4800 8268
2268 7732 196 100 550

488 684 624 128 Seesholtz,
1180 688 364 108 Anne.

620 832 456 108 Certain
1136 832 520 132 spiritual
1724 832 536 132 practices
2340 832 208 136 [by]
2624 836 324 104 Anne
3020 836 616 128 Seesholtz;
3712 872 60 68 a
3836 836 332 108 series
4232 836 128 104 of

480 980 464 108 services
1004 980 128 108 of
1188 984 484 132 worship
1740 980 184 104 for
1984 1020 184 68 use
2228 1020 260 68 over
2544 1020 320 68 seven
2932 988 304 132 days.
3380 988 272 100 New
3712 988 348 124 York,
4124 988 236 104 The

480 1136 524 104 Womans
1064 1172 340 96 press,
1472 1136 288 100 1930.

620 1296 552 92 cover-title,
1224 1296 44 76 1
1328 1316 60 72 p
1396 1356 16 16 .
1468 1296 28 76 l
1508 1352 44 36 .,
1608 1292 108 80 62
1772 1316 80 72 p.
1972 1292 504 92 17½ͨͫ
2224 1324 24 48 .

500 1428 92 96 ©
652 1436 96 72 M
752 1456 136 56 ar.
940 1432 132 92 20,
1128 1432 272 88 1930;
1456 1432 128 80 2c.
1640 1432 232 76 Mar.
1928 1432 164 92 24;
2144 1432 160 84 aff.
2360 1436 236 76 Mar.
2648 1432 160 88 22;
2864 1432 76 76 A
2992 1432 336 92 21479;
3384 1436 184 80 Nat
3560 1436 32 72 l
3608 1472 28 48 .
3692 1436 288 80 board
4036 1436 108 80 of
4196 1440 156 76 the

628 1544 264 80 Youn
892 1548 60 76 g
1016 1564 408 56 womens
1488 1540 488 80 Christian
2036 1540 624 84 associations
2720 1544 104 80 of
2884 1544 160 80 the
3104 1544 112 80 U.
3284 1544 88 80 S.
3436 1544 104 80 of
3600 1544 460 96 America,
4124 1552 228 76 New

628 1652 280 80 York.
1032 1652 488 96 (30-9986)
3956 1652 236 84 3654

488 1864 324 104 Serm
824 1892 64 72 o
892 1896 140 68 ns
1108 1868 124 100 of
1312 1900 400 100 power,
1792 1868 568 104 Pentecost
2444 1868 384 132 series;
2912 1904 484 68 sermons
3472 1872 144 132 by
3696 1868 404 108 Edwin
4180 1876 180 100 Du

616 2020 280 96 Bose
984 2024 512 120 Mouzon,
1580 2016 188 104 Wi
1776 2016 32 100 l
1820 2016 268 104 liam
2176 2020 128 100 E.
2396 2020 456 120 Barton,
2940 2020 124 100 M
3076 2104 16 16 .
3180 2020 396 132 Ashby
3656 2024 344 104 Jones
4096 2024 252 132 [and

612 2168 400 132 others,]
1124 2176 68 104 …
1364 2168 608 124 Nashville,
2036 2172 380 128 Tenn.,
2484 2168 88 108 C
2580 2204 64 68 o
2648 2168 476 132 kesbury
3188 2204 336 96 press,
3596 2180 192 92 193
3796 2180 60 96 0
3868 2260 24 16 .

608 2324 168 80 163
824 2344 84 76 p.
1028 2324 224 80 19ͨͫ.

616 2460 68 80 C
696 2468 60 68 O
752 2480 60 56 N
840 2480 40 56 T
884 2480 52 60 E
944 2480 52 56 N
1012 2468 72 64 T
1088 2464 48 68 S
1132 2524 16 16 .
1152 2460 652 92 —Foreword,
1880 2464 120 88 by
2072 2464 140 76 W.
2288 2464 96 76 P.
2464 2460 600 92 King.-The
3140 2460 440 92 meaning
3652 2464 104 76 of
3828 2464 520 96 Pentecost,

476 2572 116 92 by
652 2572 100 76 E.
816 2572 108 76 D.
988 2564 736 84 Mouzon.-The
1788 2572 448 88 birthday
2292 2572 104 76 of
2452 2576 156 72 the
2668 2572 376 92 church,
3108 2576 116 88 by
3284 2572 140 76 W.
3484 2576 100 72 E.
3644 2572 704 84 Barton.-The

476 2684 260 76 work
796 2684 108 76 of
964 2688 32 72 t
1004 2684 116 76 he
1188 2684 244 92 Holy
1500 2680 320 96 Spirit,
1888 2680 120 96 by
2072 2684 104 76 T.
2240 2680 100 80 F.
2404 2676 672 84 Cailor.-The
3144 2684 188 76 test
3396 2680 104 76 of
3564 2684 604 92 translation,
4232 2688 116 88 by

480 2796 88 76 M
580 2852 16 20 .
652 2800 100 72 A.
808 2792 632 80 Jones.-The
1492 2796 380 76 earnest
1924 2788 100 80 of
2072 2812 176 56 our
2296 2788 276 80 inher
2576 2788 20 76 i
2612 2792 300 92 tance,
2960 2792 120 92 by
3140 2792 92 72 M
3244 2852 12 16 .
3320 2792 84 80 S.
3464 2792 676 80 Rice.-When
4192 2792 156 80 the

484 2900 292 96 Spirit
852 2900 80 80 is
1004 2924 284 68 come,
1364 2900 124 92 by
1560 2900 136 80 W.
1776 2900 76 80 E
1864 2964 16 16 .
1964 2900 384 92 Snyder.
2384 2944 116 12 -
2536 2900 404 92 Calvary
3020 2900 184 80 and
3284 2900 524 92 Pentecost,
3884 2900 120 80 by
4084 2900 88 80 S.
4252 2900 96 80 P.

484 3016 704 92 Spreng.-The
1252 3032 312 72 power
1636 3008 104 80 of
1808 3012 156 76 the
2036 3008 492 80 Christian
2596 3008 196 96 life,
2864 3008 120 96 by
3056 3008 80 80 R
3148 3072 16 16 .
3240 3008 120 80 H.
3436 3008 676 80 Stover.-The
4180 3012 32 76 f
4216 3012 24 76 i
4252 3032 96 56 re

472 3124 248 76 from
764 3124 388 92 heaven,
1200 3124 116 88 by
1368 3124 88 76 J.
1508 3116 68 80 I.
1628 3124 340 76 Vance.

556 3264 28 76 ©
660 3264 212 80 Feb.
940 3264 132 84 22,
1144 3260 160 80 193
1312 3260 56 76 0
1396 3280 16 72 ;
1484 3260 128 80 2c.
1680 3260 184 76 and
1936 3256 156 80 aff.
2164 3260 228 76 Mar.
2464 3260 156 88 17;
2696 3256 76 76 A
2836 3256 336 92 20363;
3244 3260 348 76 Lamar
3660 3260 68 76 &
3796 3256 552 92 Whitmore,

624 3372 512 80 Nashville.
1268 3368 324 96 (30-94
1596 3404 52 44 2
1656 3368 100 92 4)
3952 3364 232 84 3655

480 3560 416 120 Smith,
956 3556 356 104 Helen
1376 3556 420 108 Zenna.

608 3704 420 136 Stepda
1040 3740 60 68 u
1112 3704 380 132 ghters
1552 3700 124 108 of
1736 3740 260 92 war,
2060 3700 144 132 by
2264 3700 360 104 Helen
2692 3704 364 100 Zenna
3128 3700 400 108 Smith.
3664 3700 268 104 New
4000 3700 348 128 York,

476 3860 120 100 E.
652 3860 124 100 P.
832 3856 436 104 Dutton
1316 3856 84 92 &
1460 3888 188 96 co.,
1708 3852 28 100 i
1748 3888 68 68 n
1828 3888 52 68 c
1892 3932 20 24 .
1980 3864 128 104 [ͨ
2060 3856 188 100 193
2260 3860 92 120 0]

608 4020 52 68 v
716 4036 108 72 p.,
880 4016 44 72 1
976 4016 28 72 l
1016 4072 44 32 .,
1112 4012 168 80 9-2
1288 4012 48 76 5
1340 4012 56 76 0
1444 4028 84 76 p.
1644 4012 632 88 20ͨͫ.

608 4148 320 84 "First
980 4148 444 84 edition."

496 4308 40 64 ©
648 4292 220 92 Apr.
932 4288 76 84 1,
1076 4288 268 88 1930;
1412 4288 48 76 2
1468 4312 48 52 c
1528 4352 12 12 .
1604 4288 220 88 Apr.
1888 4280 100 96 9;
2056 4280 156 84 aff.
2280 4284 220 92 Apr.
2564 4284 104 88 5;
2732 4280 80 80 A
2872 4280 336 92 21670;
3280 4284 100 76 E.
3452 4284 96 80 P.
3616 4284 360 80 Dutton
4044 4280 68 80 &
4180 4304 160 72 co.,

620 4400 88 76 in
720 4424 48 52 e
776 4464 16 16 .
916 4396 544 96 (30-10084)
3944 4388 236 112 3656

476 4580 420 128 Smith,
952 4580 672 120 Preserved,
1688 4592 256 96 1880
1948 4648 56 12 -

604 4732 104 100 A
772 4732 432 136 history
1264 4732 124 104 of
1452 4768 112 64 m
1568 4768 60 64 o
1640 4732 272 100 dern
1972 4732 232 100 cult
2212 4768 60 64 u
2288 4768 144 96 re,
2496 4732 148 132 by
2708 4728 600 104 Preserved
3388 4728 360 108 Smith
3808 4728 64 120 …
4080 4728 272 100 New

480 4888 96 100 Y
584 4924 60 60 o
656 4888 164 112 rk,
936 4888 88 112 H.
1084 4888 120 100 H
1212 4924 60 60 o
1284 4888 80 100 lt
1432 4888 212 100 and
1708 4924 120 60 co
1840 4924 412 96 mpany
2324 4912 40 68 [
2364 4912 20 68 ͨ
2400 4892 52 92 1
2464 4888 228 124 930]

608 5044 44 76 1
720 5060 88 60 v.
924 5044 348 88 diagrs.
1388 5044 600 84 22ͨͫ.

600 5176 728 96 Bibliography:
1384 5200 80 56 v.
1516 5180 76 88 1,
1640 5200 84 72 p.
1772 5176 424 80 609-653.

484 5308 96 96 ©
652 5316 232 76 Mar.
944 5320 80 84 4,
1084 5312 276 92 1930;
1424 5312 128 84 2c.
1616 5316 216 92 Apr.
1896 5316 104 88 3;
2064 5312 164 80 aff.
2292 5316 88 76 M
2392 5336 136 60 ar.
2588 5316 52 76 2
2644 5312 56 80 9
2732 5336 16 68 ;
2816 5312 76 80 A
2956 5312 332 92 21534;
3356 5316 328 88 Henry
3752 5312 88 76 H
3848 5336 48 56 o
3904 5312 80 80 lt
4044 5312 72 80 &
4176 5332 160 72 co.,

612 5424 176 100 inc.
920 5424 432 96 (30-1002
1364 5428 52 72 5
1436 5428 28 92 )
3940 5416 232 84 3657

476 5608 408 124 Snape,
940 5608 336 124 John,
1344 5612 256 104 1870
1604 5672 60 16 -

604 5752 644 108 Remember
1304 5756 324 104 Jesus
1688 5752 416 132 Christ,
2168 5760 212 100 and
2444 5756 316 104 other
2820 5792 520 96 sermons,
3396 5756 148 132 by
3604 5756 304 104 John
3972 5752 368 132 Snape…

736 5908 268 100 New
1060 5904 344 104 York.
1468 5908 128 100 R.
1652 5904 132 104 R.
1844 5904 404 132 Smith,
2300 5908 240 128 inc.,
2604 5912 288 96 1930.

604 6076 56 60 x
676 6128 16 32 ,
752 6068 164 76 174
976 6088 84 72 p.
1176 6064 560 84 19½ͨͫ.

484 6196 96 88 ©
652 6204 220 92 Apr.
940 6204 76 84 1,
1084 6200 272 92 1930;
1424 6200 128 80 2c.
1624 6200 216 96 Apr.
1908 6204 104 88 7;
2084 6200 160 84 aff.
2312 6200 216 96 Apr.
2600 6200 104 92 5;
2776 6200 80 80 A
2920 6200 332 96 20879;
3328 6200 412 80 Richard
3816 6200 112 80 R.
4000 6200 332 96 Smith,

612 6312 176 80 inc.
924 6312 488 92 (30-9982)
3940 6304 232 88 3658

468 6496 360 104 South
892 6500 456 96 eastern
1412 6500 552 120 reporter.

704 6656 60 104 …
824 6652 680 124 Temporary
1604 6648 348 104 South
2044 6660 424 92 eastern
2556 6656 496 124 reporter
3140 6652 360 124 digest
3584 6652 128 100 of
3800 6684 288 68 cases
4180 6684 156 68 re-

472 6800 388 132 ported
952 6796 112 100 in
1156 6800 484 100 volumes
1732 6808 172 92 141
2008 6792 112 108 to
2212 6804 192 96 150
2492 6800 348 104 South
2932 6808 428 96 eastern
3448 6808 528 128 reporter,
4072 6796 260 104 with

472 6948 352 108 South
904 6948 520 104 Carolina
1496 6948 296 104 table
1864 6952 124 100 of
2056 6980 324 72 cases.
2528 6948 412 104 Edited
3012 6952 144 120 by
3228 6952 184 100 the
3488 6948 512 104 editorial
4076 6944 264 108 staff

464 7096 124 104 of
652 7100 180 104 the
904 7100 592 100 American
1568 7100 60 100 d
1648 7096 224 120 iges
1880 7112 48 84 t
1996 7108 396 104 system
2620 7100 64 112 …
2748 7096 388 132 [South
3212 7096 524 108 Carolina
3808 7100 164 104 ed.
4172 7096 156 108 St.

460 7252 324 116 Paul,
832 7248 312 104 West
1192 7244 648 136 publishing
1892 7288 188 84 co.,
2140 7256 288 96 1930.

604 7404 56 76 2
712 7424 80 72 p.
848 7404 88 92 l.,
988 7404 192 92 553,
1236 7400 112 80 10
1396 7424 84 72 p.
1592 7404 560 84 25½ͨͫ.

480 7532 96 88 ©
636 7544 232 72 Mar.
924 7540 136 84 25,
1112 7540 272 88 1930;
1436 7540 108 76 2c
1556 7604 12 16 .
1624 7544 180 72 and
1860 7544 160 80 aff.
2076 7544 216 92 Apr.
2348 7544 104 80 7:
2512 7544 72 72 A
2644 7540 328 92 21632;
3032 7544 260 80 West
3344 7544 216 92 pub.
3616 7564 128 60 co.
3912 7540 232 80 3659
