4852 8284
2392 7668 256 104 1178

528 736 24 64 [
560 668 736 120 Bamberger,
1360 668 264 100 Mrs.
1692 660 356 100 Helen
2108 660 100 100 R
2792 676 64 108 ]
2856 660 336 100 1888–

644 816 128 100 M
776 824 368 120 ystery
1228 808 120 100 of
1436 804 476 108 World's
2000 800 244 132 end,
2332 800 140 132 by
2564 800 356 96 Helen
3016 796 412 132 Berger
3560 792 372 132 [pseud.]
4072 788 296 104 illus-

516 964 356 100 trated
932 960 140 136 by
1132 956 384 108 Carlos
1572 956 484 104 Sanchez
2116 956 152 100 M.
2416 948 492 128 London,
2968 944 260 108 New
3300 956 104 92 Y
3412 944 196 96 ork
3680 956 264 116 [etc.]
4020 944 352 128 Long-

520 1148 336 92 mans,
908 1108 356 104 Green
1316 1100 216 108 and
1588 1140 184 92 co.,
1832 1108 288 96 1930.

656 1268 164 80 viii
872 1292 112 72 p.,
1036 1272 48 72 1
1144 1272 20 72 l
1180 1328 44 28 .,
1276 1268 108 76 22
1388 1264 52 76 6
1492 1284 84 76 p.
1632 1264 92 76 in
1732 1284 48 56 c
1788 1264 56 84 l.
1896 1264 40 72 f
1944 1280 164 60 ron
2116 1264 36 76 t
2164 1320 40 32 .,
2260 1264 48 72 1
2364 1260 244 76 illus.
2724 1256 224 80 21ͨͫ.

664 1380 304 76 "First
1028 1372 432 84 edition."

536 1484 96 100 ©
680 1492 224 88 July
944 1492 48 72 1
1000 1488 52 76 6
1060 1548 16 28 ,
1124 1484 272 92 1930;
1444 1484 48 72 2
1504 1504 40 56 c
1556 1544 16 20 .
1616 1480 184 76 and
1852 1480 96 76 af
1944 1480 40 72 f
1996 1544 12 12 .
2056 1480 232 88 Aug.
2332 1480 96 88 1;
2484 1476 76 76 A
2604 1476 56 76 2
2656 1476 56 76 6
2716 1476 216 96 435;
2984 1472 348 92 Longm
3340 1492 48 56 a
3404 1492 132 72 ns,
3592 1472 300 76 Green
3936 1472 184 72 and
4164 1500 52 56 C
4220 1492 48 52 o
4280 1532 16 12 .

684 1596 536 96 (30-19723)
3992 1576 228 84 7703

536 1780 384 120 Bates,
984 1780 548 120 Clement,
1596 1776 160 104 ed.

676 1936 256 96 1930
1000 1928 724 132 supplement.
1876 1924 364 100 Bates'
2308 1928 492 124 compact
2868 1916 356 136 digest
3296 1916 120 104 of
3488 1912 344 136 Ohio;
3908 1952 60 68 a
4040 1912 352 136 digest

540 2084 124 96 of
716 2080 580 132 published
1348 2072 532 108 decisions
1928 2076 120 100 of
2100 2076 180 100 the
2332 2080 360 96 courts
2744 2072 120 104 of
2916 2068 292 104 Ohio
3260 2068 288 100 from
3600 2068 324 132 June,
3976 2072 260 96 1925
4284 2072 116 96 to

544 2232 420 112 March,
1028 2236 284 96 1930,
1376 2228 216 104 and
1652 2224 120 104 of
1832 2228 180 100 the
2080 2224 420 100 federal
2560 2228 364 96 courts
2988 2216 524 136 affecting
3568 2256 124 64 or
3752 2216 480 132 relating
4288 2228 112 92 to

544 2380 288 100 Ohio
912 2380 244 124 law,
1232 2376 272 100 with
1580 2372 624 132 suggestive
2284 2368 604 104 references
2964 2380 116 88 to
3156 2368 180 100 the
3420 2372 436 128 general
3944 2368 256 100 code
4284 2360 120 104 of

544 2528 320 104 Ohio.
1012 2564 96 68 v.
1160 2536 92 96 2.
1400 2528 544 128 Prepared
2016 2564 68 60 u
2092 2528 272 100 nder
2416 2524 180 100 the
2648 2524 516 100 editorial
3216 2516 684 136 supervision
3956 2520 124 100 of
4128 2516 276 104 Wil

544 2684 36 96 l
588 2680 220 100 iam
892 2680 484 100 Edward
1464 2680 152 100 Ba
1636 2680 340 100 ldwin
2044 2684 68 108 …
2336 2672 108 100 K
2452 2672 248 104 enni
2712 2708 60 60 o
2784 2712 68 64 n
2932 2676 104 92 K
3056 2756 16 16 .
3160 2676 108 92 K
3280 2668 184 100 auf
3460 2672 44 96 f
3508 2692 108 76 m
3632 2704 172 100 an,
3884 2704 168 64 ass
4060 2704 60 64 o
4128 2668 276 100 ciate

544 2828 360 104 editor
984 2832 68 112 …
1168 2832 216 100 and
1460 2828 180 104 the
1712 2828 648 132 publishers'
2436 2824 288 104 staff.
2872 2824 632 132 Cleveland,
3576 2824 236 100 The
3888 2820 516 104 Baldwin

548 2988 24 92 l
588 3020 164 64 aw
820 2980 640 132 publishing
1520 3016 540 96 company
2140 2984 332 116 [ͨ01930
2484 3040 20 64 ]

676 3140 48 72 3
768 3160 76 72 p.
888 3140 88 88 l.,
1016 3136 172 76 390
1224 3156 80 72 p.
1420 3136 52 76 2
1480 3136 52 76 6
1496 3136 40 56 ͨ
1556 3136 60 56 ͫ
1628 3196 20 16 .

556 3240 96 88 ©
708 3248 224 92 July
976 3244 52 76 2
1032 3252 52 72 8
1076 3276 28 52 ,
1156 3244 108 76 19
1268 3244 116 76 30
1412 3264 16 68 ;
1480 3244 136 76 2c.
1664 3244 180 76 and
1896 3244 100 76 af
1988 3244 44 72 f
2044 3304 12 12 .
2164 3244 180 100 Aug
2392 3244 92 76 7;
2544 3244 72 72 A
2668 3244 112 72 25
2784 3244 216 72 877;
3060 3236 432 88 Baldwin
3540 3240 184 76 law
3776 3236 208 92 pub.
4040 3256 40 56 c
4092 3256 48 56 o
4152 3296 16 16 .

4016 3340 228 84 7704

552 3456 496 124 Betters,
1108 3452 280 104 Paul
1444 3452 496 128 Vernon,
2008 3460 324 96 1906–

732 3608 64 112 …
860 3600 236 104 The
1144 3596 440 104 Bureau
1636 3600 124 100 of
1808 3600 308 100 home
2172 3596 648 132 economics;
2884 3596 144 104 its
3080 3596 460 136 history,
3600 3592 540 108 activities
4192 3592 220 100 and

552 3748 792 136 organization,
1432 3748 136 136 by
1660 3748 276 100 Paul
2024 3748 136 104 V.
2252 3748 456 100 Betters.
2864 3744 764 136 Washington,
3716 3748 132 100 D.
3936 3740 156 132 C.,
4180 3744 232 100 The

552 3896 620 136 Brookings
1232 3896 660 132 institution,
1956 3904 292 100 1930.

692 4064 56 60 x
764 4112 16 28 ,
852 4052 52 76 9
908 4052 48 72 5
1032 4072 80 72 p.
1228 4052 504 84 23ͨͫ.
1588 4048 504 92 (Institute
2164 4052 156 76 for
2388 4060 600 80 government
3068 4052 460 76 research.
3664 4052 368 76 Service
4112 4072 304 56 mono

560 4164 344 92 graphs
956 4164 100 76 of
1108 4164 156 76 the
1316 4160 348 80 United
1724 4164 312 76 States
2096 4164 628 88 government,
2780 4184 144 56 no.
2980 4160 152 88 62)

696 4272 76 76 B
784 4272 24 76 i
816 4272 52 76 b
876 4276 28 72 l
916 4272 28 72 i
952 4292 116 68 og
1072 4272 348 92 raphy:
1480 4292 84 72 p.
1616 4272 300 80 87-92.

572 4360 56 88 ©
636 4372 32 88 J
712 4392 228 92 uly
980 4388 80 88 1,
1108 4388 268 88 1930;
1424 4388 132 76 2c.
1608 4388 180 76 and
1840 4384 156 80 aff.
2048 4388 224 88 July
2320 4384 152 88 10;
2528 4384 76 76 A
2648 4384 52 76 2
2708 4384 48 72 5
2764 4388 56 72 4
2820 4384 108 76 68
2964 4404 16 72 ;
3032 4380 524 92 Brookings
3608 4380 576 80 institution.

716 4496 268 96 (30-2
988 4496 52 76 6
1048 4496 208 92 806)
4028 4484 228 88 7705

564 4676 536 124 Billberg,
1160 4680 328 120 Eddy
1544 4680 128 104 E.

704 4832 228 100 The
1012 4868 228 64 war
1316 4868 188 96 cry
1584 4832 124 100 of
1784 4832 180 100 the
2048 4832 376 124 Sioux,
2504 4868 56 64 a
2636 4824 572 108 historical
3288 4864 504 68 romance
3872 4824 296 108 from
4244 4832 184 100 the

572 4980 344 108 Sioux
988 4980 532 104 outbreak
1588 4980 124 104 of
1792 4988 288 120 1862,
2152 4980 148 132 by
2372 4980 328 132 Eddy
2776 4980 128 104 E.
2984 4980 532 128 Billberg.
3668 4980 448 132 Boston,
4192 4980 236 104 The

568 5132 728 132 Christopher
1356 5132 644 132 publishing
2060 5132 328 100 house
2460 5136 336 124 [ͨ1930
2808 5196 20 64 ]

700 5288 52 76 3
804 5308 84 72 p.
944 5288 28 72 l
980 5348 44 28 .,
1084 5324 20 60 [
1108 5288 52 72 9
1172 5324 56 56 ]
1224 5284 200 80 -162
1476 5304 80 72 p.
1676 5284 632 88 20½ͨͫ.

584 5376 88 88 ©
728 5400 224 92 July
996 5396 132 88 23,
1172 5396 272 80 1930;
1496 5396 56 76 2
1556 5416 44 56 c
1612 5456 16 16 .
1672 5396 184 76 and
1904 5404 52 64 a
1964 5396 96 76 ff.
2116 5396 220 88 July
2380 5392 160 92 26;
2592 5396 72 76 A
2712 5396 56 72 2
2768 5396 56 72 6
2824 5396 220 88 411;
3096 5396 616 92 Christopher
3756 5396 212 92 pub.
4020 5396 312 76 house.

728 5504 320 96 (30-19
1056 5504 52 80 6
1112 5504 156 92 29)
4032 5504 232 80 7706

572 5684 596 128 Blanchot,
1220 5688 280 100 Ivan
1552 5684 92 100 L
1652 5684 60 100 é
1720 5720 176 72 on.

764 5840 68 112 …
900 5840 204 100 Les
1168 5836 384 132 bijoux
1616 5840 488 108 anciens;
2176 5876 480 92 ouvrage
2720 5840 372 100 illusté
3096 5840 48 100 e
3208 5844 136 104 de
3404 5844 124 96 48
3596 5840 516 132 planches
4176 5844 256 100 hors

580 6000 288 92 texte
932 6024 132 68 en
1124 5988 804 132 héliogravure,
1992 6024 148 68 un
2204 5988 652 132 frontispice
2924 6024 124 68 en
3116 5992 492 104 couleurs
3672 6004 104 88 et
3844 6000 128 92 16
4032 5988 404 136 figures

584 6156 272 104 dans
916 6160 40 100 l
964 6196 48 64 e
1076 6168 320 92 texte.
1532 6156 356 108 Paris.
1948 6156 208 104 Les
2224 6160 100 88 É
2328 6156 408 108 ditions
2804 6164 756 128 pittoresques,
3632 6168 288 96 1929.

716 6308 56 72 2
776 6308 48 72 5
828 6308 52 72 5
940 6324 80 72 p.
1140 6308 164 76 col.
1360 6308 316 88 front.,
1736 6304 104 76 ill
1852 6328 52 52 u
1916 6328 96 68 s.,
2108 6304 336 84 XLVIII
2420 6332 56 68 p
2476 6312 44 72 l
2520 6336 16 40 .
2596 6308 140 92 (in
2744 6312 76 72 cl
2840 6372 12 12 .
2912 6308 336 92 ports.)
3328 6316 112 68 on
3496 6308 112 76 24
3668 6308 28 68 l
3708 6372 16 16 .
3836 6304 564 84 20½ͨͫ.
4256 6308 176 92 (La

584 6416 488 76 collection
1128 6416 160 72 des
1348 6416 232 76 colle
1588 6432 44 60 c
1640 6416 532 92 tionneurs)

724 6520 116 80 At
896 6524 240 76 head
1192 6524 100 72 of
1348 6520 260 80 title:
1672 6524 208 76 I.-L.
1940 6524 240 76 Blan
2188 6540 48 60 c
2240 6524 192 76 hot.

724 6624 756 96 "Bibliographie
1540 6624 388 80 sommai
1944 6652 44 52 r
1988 6628 160 80 e":
2212 6648 80 72 p.
2360 6668 20 60 [
2384 6632 336 96 11]-14.

592 6716 96 88 ©
736 6740 136 76 De
880 6756 44 56 c
932 6796 12 16 .
988 6740 48 72 5
1048 6768 24 48 ,
1096 6736 272 92 1929;
1472 6736 112 104 1c.
1592 6740 92 72 M
1692 6756 136 60 ar.
1860 6740 132 88 21,
2032 6736 112 76 19
2148 6740 104 76 30
2284 6760 20 68 ;
2356 6740 272 72 A—F
2636 6760 48 56 o
2692 6760 100 56 re
2796 6740 92 88 ig
2896 6764 56 52 n
2996 6740 52 76 6
3052 6740 212 88 979;
3324 6736 128 68 Éd
3460 6740 108 76 iti
3576 6764 48 52 o
3636 6764 108 52 ns
3788 6764 60 72 p
3852 6740 176 80 itto
4040 6764 92 52 re
4140 6764 44 52 s
4192 6760 52 72 q
4252 6764 192 52 ues.

740 6848 540 88 (30-18878)
4044 6848 232 80 7707

588 7024 92 100 B
688 7024 32 100 l
728 7028 408 124 unden,
1204 7028 524 104 Edmund
1792 7028 504 124 Charles,
2368 7040 324 96 1896–

716 7172 344 132 Leigh
1140 7176 356 136 Hunt,
1572 7212 60 68 a
1700 7176 660 136 biography,
2432 7180 144 132 by
2652 7184 524 100 Edmund
3252 7184 544 100 Blunden.
3944 7180 496 128 London,

584 7320 1164 136 Cobden-Sanderson,
1816 7332 288 96 1930.

724 7492 64 56 x
796 7472 64 76 ii
868 7476 28 72 i
908 7536 16 32 ,
988 7476 168 80 402
1216 7496 84 72 p.
1412 7476 316 96 front.,
1788 7500 56 72 p
1852 7480 28 76 l
1888 7484 228 88 ates,
2180 7488 288 88 ports.
2580 7472 528 92 22½ͨͫ.
