4800 8268
292 652 532 116 Prospect
908 644 336 100 union
1324 640 720 120 association,
2132 652 92 88 C
2224 664 172 76 am
2412 640 412 132 bridge,
2900 640 124 96 M
3032 672 200 68 ass.

416 796 648 104 Recreation
1124 796 116 96 in
1304 796 212 96 and
1580 792 332 100 about
1972 796 468 124 Boston;
2508 824 60 60 a
2624 784 588 100 handbook
3272 784 124 100 of
3460 784 640 132 opportuni-

288 944 228 132 ties,
560 940 540 132 compiled
1148 940 144 132 by
1340 940 184 100 the
1568 940 528 124 Prospect
2148 932 336 104 union
2536 932 648 104 association
3236 928 120 104 of
3412 932 692 132 Cambridge.

292 1096 408 96 Boston
764 1092 216 100 and
1048 1092 264 100 New
1380 1088 344 124 York,
1788 1088 612 128 Houghton
2460 1084 392 100 Miffin
2920 1116 568 100 company,
3560 1088 284 96 1930.

416 1244 96 80 xi
512 1244 60 76 x
588 1304 20 36 ,
656 1244 172 80 220
872 1264 84 72 p.
1072 1240 44 76 f
1120 1244 268 92 ront.,
1444 1244 328 92 plates.
1888 1240 508 92 17ͨͫ.

420 1380 268 88 Maps
740 1396 116 56 on
908 1372 696 96 lining-papers.

420 1488 432 76 Includes
912 1480 752 96 bibliographies.

304 1616 92 92 ©
472 1620 244 76 June
776 1616 76 96 6,
920 1616 112 80 19
1028 1616 116 80 30
1172 1636 16 72 ;
1256 1616 132 80 2c.
1460 1616 240 76 June
1768 1612 156 92 16;
2000 1612 156 80 aff.
2228 1612 240 76 June
2536 1612 160 88 13;
2768 1612 80 76 A
2912 1612 332 92 25057;
3316 1612 440 88 Prospect
3824 1608 288 80 union

428 1724 572 84 association
1048 1724 100 80 of
1200 1724 580 92 Cambridge.
1904 1720 376 96 (30-172
2284 1720 56 76 9
2340 1720 100 92 2)
3724 1716 224 84 6785

288 1936 428 100 Punch.
856 1976 100 64 v.
1012 1936 228 136 178,
1288 1972 172 68 no.
1516 1940 296 128 4639,
1864 1936 292 100 June
2204 1940 96 128 4,
2356 1940 288 92 1930.

304 2088 92 96 ©
512 2092 120 100 1c.
648 2092 224 92 July
928 2092 132 92 30,
1120 2092 272 88 1930;
1452 2088 80 76 A
1588 2092 120 76 ad
1768 2088 168 80 int.
1996 2084 328 96 14142;
2384 2088 276 92 pubd.
2724 2088 248 76 June
3028 2084 100 96 4;
3200 2084 404 80 Herbert
3664 2084 448 92 Heather,

428 2200 408 80 London.
3724 2188 232 88 6786

288 2380 432 124 Reiser,
776 2380 384 104 Oliver
1216 2380 400 120 Leslie,
1684 2388 328 96 1895-

416 2528 708 104 Humanistic
1184 2528 284 136 logic
1540 2528 172 100 for
1772 2532 188 96 the
2020 2528 308 104 mind
2392 2528 112 100 in
2572 2528 392 132 action,
3028 2528 144 132 by
3236 2528 380 104 Oliver
3676 2528 128 100 L.
3868 2528 248 100 Rei

284 2716 168 64 ser
536 2684 68 108 …
788 2680 264 104 New
1124 2680 344 128 York,
1532 2680 236 100 The
1832 2680 476 100 Thomas
2376 2680 136 100 Y.
2584 2676 468 108 Crowell
3124 2708 540 100 company
3740 2680 408 112 [ͨ1930]

424 2836 60 72 x
492 2896 20 36 ,
560 2836 172 76 326
776 2856 84 72 p.
972 2836 504 84 22ͨͫ.

424 2968 724 92 Bibliography:
1200 2992 88 72 p.
1336 2968 108 80 31
1452 2968 52 76 5
1504 2968 248 80 -318.

308 3096 92 96 ©
460 3104 244 80 June
748 3104 132 92 20,
936 3104 272 92 1930;
1260 3104 136 80 2c.
1444 3104 184 76 and
1680 3100 160 84 aff.
1892 3104 244 76 June
2188 3100 156 92 24;
2404 3104 76 72 A
2536 3100 48 76 2
2596 3100 44 76 5
2648 3100 212 92 188;
2924 3100 404 76 Thomas
3384 3100 100 76 Y.
3544 3100 56 76 C
3616 3124 48 48 r
3668 3116 128 68 ow
3804 3116 48 68 e
3856 3104 76 76 il
3988 3120 48 56 c
4044 3120 76 56 o.

456 3212 540 96 (30-17007)
3732 3208 228 80 6787

292 3420 712 124 Reithinger,
1060 3420 140 108 A.

432 3572 752 108 Statistischer
1280 3608 204 96 que
1492 3576 84 100 ll
1580 3572 724 104 en-nachweis
2404 3572 52 104 f
2468 3580 68 96 ü
2540 3608 56 68 r
2696 3572 176 104 die
2968 3572 856 132 durchführung
3920 3604 212 68 von

296 3724 944 132 marktanalysen;
1328 3724 300 132 hrsg.
1712 3760 216 64 von
2016 3728 192 96 der
2300 3720 696 136 fachgruppe
3084 3720 1048 136 "Vertriebsingeni-

296 3872 312 104 eure"
680 3872 288 104 beim
1036 3872 400 104 Verein
1508 3876 572 100 deutscher
2156 3872 624 132 ingenieure
2860 3872 564 104 ausschuss
3496 3872 640 104 Marktana-

296 4024 260 132 lyse,
616 4024 360 104 bearb.
1036 4060 212 64 von
1304 4028 164 96 dr.
1528 4024 132 100 A.
1724 4024 680 132 Reithinger.
2556 4024 412 124 Berlin,
3028 4024 744 132 VDI-verlag,
3836 4060 96 96 g.
3996 4056 136 64 in.

296 4176 100 100 b.
448 4172 108 104 h.
624 4176 316 100 [1929]

444 4328 52 72 2
548 4348 84 72 p.
688 4328 88 92 l.,
832 4328 136 92 45,
1036 4312 72 112 [1
1060 4328 80 96 ]
1204 4348 84 72 p.
1396 4324 508 84 21ͨͫ.
1752 4324 736 96 (Wirtschaftlic
2492 4328 60 72 h
2560 4348 100 52 er
2720 4328 348 76 vertrie
3076 4328 52 72 b
3164 4348 16 68 ;
3248 4324 456 80 schriften
3768 4348 164 52 zur
3992 4348 144 52 ar-

308 4436 56 76 b
368 4436 600 92 eitsplanung
1024 4440 188 76 und
1268 4436 696 92 -vorbereitung
2020 4436 124 76 im
2204 4436 436 80 vertrieb.
2752 4436 60 76 h
2816 4436 116 80 ft.
2992 4436 100 92 1)

316 4564 96 88 ©
488 4572 232 76 Mar.
788 4572 80 92 9,
928 4572 164 76 192
1096 4572 60 76 9
1184 4592 16 72 ;
1272 4572 132 80 1c.
1472 4576 220 88 May
1756 4572 104 92 2;
1932 4572 604 92 A-Foreign
2596 4572 160 80 311
2764 4568 52 80 9
2848 4592 20 72 ;
2944 4572 104 80 V.
3116 4572 108 76 D.
3300 4572 76 80 I.
3444 4576 344 88 verlag,
3860 4592 80 72 g.
4012 4592 116 56 m.

448 4680 80 80 b.
576 4680 92 80 h.
3744 4676 56 84 6
3804 4676 52 84 7
3864 4676 112 84 88

300 4860 484 104 Revised
896 4860 940 140 Odd-fellowship
1944 4868 652 104 illustrated.
2744 4868 232 104 The
3084 4868 528 132 complete
3716 4868 428 104 revised

436 5012 340 104 ritual
852 5012 124 104 of
1048 5016 184 104 the
1300 5020 356 132 lodge,
1736 5032 752 120 encampment
2564 5024 216 96 and
2860 5016 516 104 Rebekah
3452 5020 476 132 degrees,
4000 5012 140 108 is-

440 5168 260 96 sued
768 5164 140 132 by
976 5168 184 100 the
1232 5164 600 136 Sovereign
1900 5168 360 132 grand
2324 5168 324 132 lodge
2716 5168 268 100 with
3052 5172 184 100 the
3304 5180 336 92 secret
3712 5164 432 104 "work"

444 5316 412 128 added;
956 5316 572 128 profusely
1620 5316 660 136 illustrated,
2368 5320 144 132 by
2608 5360 60 60 a
2764 5324 244 124 past
3100 5320 356 128 grand
3548 5316 600 132 patriarch.

444 5464 316 100 With
820 5500 140 64 an
1020 5464 564 104 historical
1648 5468 372 104 sketch
2084 5468 128 104 of
2264 5468 180 100 the
2508 5468 352 132 order,
2924 5472 216 100 and
3200 5504 140 68 an
3400 5464 752 108 introduction

444 5616 216 100 and
708 5612 424 104 critical
1184 5620 476 128 analysis
1712 5616 128 100 of
1880 5620 188 100 the
2116 5620 560 100 character
2716 5616 124 104 of
2876 5620 264 100 each
3180 5620 388 132 degree
3604 5620 148 132 by
3788 5620 360 100 Presi-

444 5764 260 100 dent
768 5764 104 104 J.
940 5768 96 96 B
1048 5764 36 100 l
1092 5800 136 64 an
1240 5800 52 64 c
1292 5768 284 100 hard
1632 5768 64 108 …
1836 5768 216 100 and
2120 5768 188 100 foo
2312 5776 44 88 t
2416 5780 252 88 note
2732 5780 328 116 quota
3068 5776 44 88 t
3116 5768 240 104 ions
3424 5768 292 100 from
3776 5768 372 104 stand-

448 5916 200 100 ard
692 5912 648 104 authorities
1388 5912 124 104 of
1556 5916 184 104 the
1788 5916 352 128 order,
2188 5916 496 132 showing
2728 5916 144 104 its
2920 5920 560 100 character
3524 5920 216 100 and
3788 5920 360 100 teach-

448 6064 272 132 ings.
864 6064 256 104 47th
1216 6068 164 96 ed.
1528 6064 520 136 Chicago,
2140 6064 108 100 Il
2252 6068 44 96 l
2300 6148 60 52 .,
2456 6068 128 104 E.
2680 6064 136 104 A.
2920 6064 336 136 Cook,
3344 6064 804 132 incorporated,

448 6220 288 96 1930.

452 6368 164 80 381
676 6388 76 72 p.
868 6368 248 80 illus.
1220 6360 220 88 17ͨͫ.

452 6496 492 80 "Rebekah
1004 6500 432 92 degrees"
1520 6500 124 96 (p.
1716 6544 20 56 [
1736 6504 112 76 30
1852 6500 52 80 9]
1940 6516 52 44 -
2000 6504 52 76 3
2060 6504 152 92 81)
2288 6508 180 72 has
2528 6504 336 92 special
2932 6508 236 88 t.-p.:
3248 6504 396 80 Revised
3708 6484 428 100 Rehekab

316 6608 280 76 ritual
648 6608 560 80 illustrated.
1324 6612 324 80 Latest
1700 6608 364 84 revised
2100 6616 184 72 and
2320 6616 444 76 amended
2800 6636 48 56 o
2856 6604 64 76 ff
2912 6616 216 76 icial
3168 6616 284 76 ritual
3508 6616 148 76 for
3712 6616 132 76 Re
3852 6616 224 76 beka
4088 6616 56 72 h

316 6716 316 92 lodges
676 6716 100 76 of
820 6716 156 76 the
1024 6720 632 92 Independent
1704 6724 268 76 order
2024 6720 100 80 of
2168 6712 628 104 Odd-fellows,
2852 6724 292 76 under
3196 6724 160 76 the
3400 6724 600 88 jurisdiction
4052 6724 96 72 of

316 6824 160 80 the
532 6824 176 80 Sov
716 6824 308 92 ereign
1080 6832 296 84 grand
1428 6832 288 88 lodge,
1772 6832 200 76 also
2024 6832 160 72 the
2236 6848 48 56 o
2288 6820 80 76 ff
2352 6828 212 80 icial
2616 6828 564 80 ceremonies
3232 6832 100 76 of
3384 6828 544 92 instituting
3980 6832 156 76 Re-

316 6932 168 80 bek
496 6956 44 52 a
556 6936 56 72 h
696 6936 316 88 lodges
1088 6940 180 72 and
1348 6932 584 84 installation
2012 6956 48 56 o
2068 6940 44 72 f
2188 6904 128 108 off
2304 6940 28 72 i
2340 6956 44 56 c
2392 6932 48 72 e
2444 6956 92 56 rs
2620 6940 96 72 of
2800 6940 364 76 Rebeka
3172 6940 60 72 h
3312 6940 364 88 lodges:
3764 6944 184 72 and
4028 6924 112 96 an

320 7040 416 92 analysis
784 7040 100 80 of
928 7040 160 80 the
1136 7044 484 76 character
1672 7064 48 56 o
1724 7044 44 76 f
1816 7044 156 80 the
2024 7048 356 88 degree,
2428 7048 120 88 by
2596 7044 492 80 President
3136 7048 84 80 J.
3268 7048 560 76 Blanchard.
3944 7048 68 80 C
4016 7048 60 72 h
4084 7048 52 72 i-

320 7152 168 88 cag
492 7168 48 56 o
552 7208 16 32 ,
632 7148 168 92 Ill.,
860 7148 100 80 E.
1020 7148 104 80 A.
1184 7148 276 80 Cook.

340 7276 96 92 ©
500 7288 92 72 M
604 7304 132 60 ar.
788 7284 140 92 22,
980 7288 48 72 1
1040 7284 104 80 93
1152 7284 104 92 0;
1312 7288 132 76 2c.
1500 7288 96 76 M
1604 7308 132 56 ar.
1792 7288 160 92 29;
2016 7288 156 76 aff.
2236 7288 244 76 June
2536 7288 160 92 27;
2756 7288 80 76 A
2892 7288 328 96 21812;
3284 7288 396 80 Charles
3732 7288 104 80 T.
3896 7292 256 72 Pow

472 7412 172 60 ner
704 7412 48 60 c
760 7416 48 56 o
820 7456 40 28 .,
932 7396 428 92 Chicago.
1492 7376 124 116 [©
1688 7396 368 80 revised
2120 7404 300 72 secret
2488 7400 284 92 work,
2840 7420 284 72 pages
3196 7400 112 80 37
3308 7396 48 80 5
3360 7400 248 92 -381,
3680 7400 148 76 inc
3832 7400 32 72 l
3872 7408 40 68 .]

488 7504 536 92 (30-17613)
3756 7504 228 84 6789

2112 7612 260 100 1035
