4800 8268
564 680 356 124 Lang,
988 680 400 104 Albert
1456 680 1016 124 Ray-Continued

716 836 480 84 "Selected
1248 836 584 84 references"
1892 844 100 72 at
2048 840 176 76 end
2284 836 100 80 of
2440 836 228 80 each
2724 836 420 92 chapter.

580 968 92 88 ©
740 976 220 88 May
1024 972 48 76 5
1080 1036 16 28 ,
1160 972 272 92 1930;
1492 976 132 76 2c.
1688 976 220 88 May
1968 972 52 76 9
2052 992 16 72 ;
2136 972 160 80 aff.
2360 972 220 88 May
2644 972 96 88 7;
2808 968 80 76 A
2944 968 336 92 23299;
3344 968 108 80 A.
3520 968 104 80 R.
3692 972 284 92 Lang,
4040 972 380 92 Fresno,

712 1084 276 76 Calif.
1120 1084 540 92 (30-13143)
4028 1080 240 80 5184

568 1292 852 124 McConaughy,
1484 1292 428 104 James.

704 1448 232 100 The
1000 1444 280 104 book
1344 1456 112 88 to
1512 1444 380 128 know;
1960 1480 60 64 a
2084 1440 332 136 guide
2480 1448 112 92 to
2648 1444 352 100 better
3064 1444 644 132 knowledge
3768 1444 124 100 of
3956 1448 180 104 the
4200 1448 236 104 best

576 1596 124 100 of
776 1600 144 96 all
1004 1592 364 108 books.
1520 1600 176 96 Pt.
1780 1600 92 96 2.
1960 1592 636 108 Chronicles
2680 1608 112 88 to
2872 1588 544 108 Malachi:
3496 1588 224 108 Old
3800 1596 636 104 Testament

572 1744 460 136 history,
1124 1756 392 120 poetry
1604 1748 216 96 and
1924 1744 588 132 prophecy.
2676 1744 172 132 By
2940 1744 376 100 James
3404 1744 812 136 McConaughy
4316 1828 108 20 …

580 1896 808 132 Philadelphia,
1460 1892 588 104 American
2120 1892 500 132 Sunday-
2636 1928 104 68 sc
2744 1896 72 96 h
2828 1924 60 68 o
2896 1928 64 68 o
2968 1896 32 96 l
3072 1888 328 108 union
3524 1900 268 124 [ͨ193
3800 1892 84 104 0]

712 2052 168 76 190
936 2072 84 72 p.
1136 2056 332 88 plates.
1576 2048 112 80 20
1704 2048 36 88 ½
1776 2056 88 72 ͨͫ.

580 2188 92 88 ©
732 2192 220 88 May
1000 2192 48 72 1
1056 2192 48 76 5
1116 2248 16 28 ,
1184 2184 272 96 1930;
1504 2188 132 84 2c.
1688 2188 180 72 and
1920 2184 160 80 aff.
2132 2188 220 88 May
2404 2188 48 72 1
2460 2180 56 80 9
2544 2204 20 72 ;
2620 2184 76 76 A
2744 2188 56 72 2
2800 2196 56 72 2
2860 2180 52 80 9
2916 2180 112 80 63
3056 2200 20 76 ;
3132 2180 500 84 American
3688 2184 740 92 Sunday-school

712 2296 308 84 union.
4036 2288 228 88 5185

564 2508 680 124 McCulloch,
1304 2504 396 108 Rhoda
1760 2508 132 104 E.

712 2740 108 24 …
900 2656 340 108 Little
1316 2656 284 108 talks
1668 2692 140 68 on
1880 2660 300 128 large
2248 2656 408 132 topics;
2732 2656 328 136 being
3128 2696 60 64 a
3260 2656 512 104 selection
3848 2660 292 100 from
4208 2656 224 108 edi-

572 2812 384 104 torials
1036 2812 580 132 published
1696 2812 116 100 in
1888 2812 180 100 the
2152 2804 588 108 "Womans
2816 2804 372 136 press"
3268 2808 296 104 from
3640 2804 264 108 time
3980 2816 116 92 to
4172 2804 260 108 time

568 2960 412 132 during
1056 2960 180 104 the
1316 2968 248 124 past
1640 2956 208 108 five
1920 2996 344 96 years.
2412 2960 268 96 New
2760 2960 348 132 York,
3184 2960 232 104 The
3488 2960 532 104 Womans
4096 2996 336 96 press,

572 3116 288 96 1930.

704 3260 156 96 vii,
916 3264 52 80 9
976 3268 48 76 6
1076 3288 88 72 p.
1276 3264 52 76 2
1336 3264 52 80 0
1412 3268 92 76 ͨͫ.

580 3396 100 104 ©
724 3404 220 92 Apr.
992 3404 132 92 17,
1172 3404 48 72 1
1228 3400 56 80 9
1284 3400 160 92 30;
1496 3400 48 76 2
1552 3424 48 56 c
1608 3464 16 16 .
1672 3404 184 72 and
1904 3400 160 80 aff.
2108 3400 220 92 Apr.
2376 3400 160 92 28;
2588 3400 80 76 A
2712 3400 332 96 22444;
3096 3400 188 80 Nat
3292 3404 32 72 l
3332 3464 20 20 .
3400 3404 292 76 board
3740 3404 104 80 of
3892 3404 160 76 the
4100 3404 332 92 Young

712 3532 412 60 womens
1180 3512 480 80 Christian
1724 3512 572 76 association
2356 3512 96 76 of
2512 3508 160 84 the
2732 3512 348 80 United
3144 3512 320 80 States
3520 3512 104 80 of
3680 3512 464 92 America,
4204 3512 228 80 New

716 3628 272 76 York.
1112 3620 544 96 (30-13279)
4032 3616 232 88 5186

572 3804 736 124 MacDonald,
1364 3804 684 124 Alexander,
2112 3808 208 132 bp.,
2380 3812 320 96 1858–

704 3956 236 100 The
988 3988 280 68 mass
1324 3952 616 132 explained,
1992 3952 144 132 by
2188 3952 184 104 the
2416 3952 356 132 Right
2824 3952 572 104 Reverend
3452 3956 636 104 Alexander
4132 3956 128 104 M
4264 3988 168 68 ac-

572 4108 248 100 Don
832 4140 60 64 a
900 4104 112 100 ld
1076 4184 108 20 …
1316 4104 452 128 Boston,
1820 4100 132 104 R.
2008 4100 100 108 G
2120 4184 20 20 .
2200 4104 92 100 B
2308 4136 60 68 a
2376 4104 268 128 dger
2708 4168 24 64 [ͨ
2792 4108 188 96 193
2988 4112 64 92 0
3056 4168 24 64 ]

712 4268 48 72 5
820 4288 84 72 p.
932 4336 20 24 ,
964 4268 28 72 l
1004 4324 44 32 .,
1112 4264 276 76 13-75
1448 4280 84 72 p.
1652 4260 556 88 18ͨͫ.

584 4392 100 104 @
736 4400 212 80 Jan.
1000 4400 132 92 11,
1188 4400 44 72 1
1240 4400 100 76 93
1352 4404 104 88 0;
1504 4396 136 84 2c.
1692 4396 220 96 Apr.
1960 4396 160 92 28;
2176 4396 160 84 aff.
2388 4400 220 92 Apr.
2660 4396 160 92 26;
2876 4400 80 72 A
3004 4396 336 96 23093;
3396 4400 416 80 Richard
3868 4400 108 80 G.
4028 4404 400 92 Badger.

736 4508 540 96 (30-13137)
4040 4508 236 84 5187

568 4696 548 120 Markett,
1172 4692 336 104 Mark
1564 4692 80 96 I.

704 4840 344 108 Word
1124 4840 216 100 and
1412 4848 496 92 sentence
1984 4840 316 100 drills
2380 4836 180 104 for
2636 4840 380 136 Gregg
3088 4840 648 108 shorthand.
3880 4844 548 104 Anniver-

572 5028 252 96 sary
892 4992 160 100 ed.
1192 4992 176 128 By
1436 4988 332 104 Mark
1828 4992 88 96 I.
1992 4988 496 104 Markett
2564 5072 108 20 …
2820 4992 268 100 New
3164 4992 348 132 York,
3584 4992 492 136 Chicago
4188 5004 232 120 etc.]

572 5140 236 104 The
864 5136 380 136 Gregg
1300 5136 648 136 publishing
2008 5172 544 100 company
2620 5204 24 64 [
2652 5152 36 40 ͨ
2696 5144 56 96 1
2764 5144 124 96 93
2896 5144 64 96 0
2964 5204 28 68 ]

712 5296 28 76 i
748 5320 60 56 v
812 5360 20 32 ,
884 5296 168 80 188
1108 5320 84 72 p.
1304 5296 112 76 17
1420 5296 48 92 ½
1472 5300 116 72 ͨͫ.

588 5384 96 136 ©
744 5436 220 92 May
1016 5432 76 92 3,
1148 5432 272 92 1930;
1480 5432 128 80 2c.
1672 5432 216 92 May
1944 5432 100 92 6;
2108 5432 156 80 aff.
2324 5432 224 96 May
2600 5432 104 92 8;
2764 5436 76 76 A
2896 5432 332 96 23264;
3292 5432 304 96 Gregg
3652 5436 216 92 pub.
3920 5456 132 60 co.

736 5540 540 100 (30-13329)
4036 5544 228 80 5188

572 5728 584 120 Marshall,
1212 5728 124 100 M
1340 5764 136 68 rs.
1540 5728 468 100 Harriet
2084 5724 468 128 (Gibbs)

712 5872 232 104 The
1024 5884 304 120 story
1408 5872 124 100 of
1612 5872 360 132 Haiti,
2060 5872 296 100 from
2440 5876 180 100 the
2708 5872 572 136 discovery
3364 5876 124 104 of
3572 5876 184 104 the
3844 5876 360 104 island
4288 5876 144 132 by

580 6024 728 128 Christopher
1384 6020 592 108 Columbus
2060 6032 108 92 to
2240 6024 180 100 the
2500 6032 436 120 present
3008 6028 252 132 day,
3332 6028 144 132 by
3548 6028 464 100 Harriet
4088 6024 344 104 Gibbs

576 6172 496 104 Marshal
1084 6176 32 96 l
1220 6256 64 16 …
1408 6172 448 132 Boston,
1904 6172 236 100 The
2192 6172 324 104 Chris
2528 6184 44 88 t
2576 6172 344 132 opher
2968 6176 648 132 publishing
3656 6176 336 104 house
4052 6240 24 64 [ͨ
4080 6180 100 96 1
4196 6184 124 96 93
4328 6184 64 96 0
4400 6236 24 68 ]

716 6336 168 76 177
928 6356 84 72 p.
1116 6320 316 104 front.,
1484 6332 328 92 plates,
1864 6352 56 72 p
1924 6352 52 56 o
1984 6332 192 92 rts.,
2228 6332 228 80 fold.
2508 6352 244 72 map.
2864 6320 176 92 20
3068 6336 52 44 ½ͨͫ
3116 6360 28 44 .

720 6468 260 76 "List
1048 6464 100 80 of
1216 6464 232 76 Hait
1456 6464 24 72 i
1496 6484 116 56 an
1684 6484 208 60 mus
1900 6464 96 76 ic
1988 6464 104 80 ":
2164 6484 84 72 p.
2320 6464 108 80 13
2432 6464 52 80 9
2488 6464 252 80 -141.
2860 6464 124 80 "L
2992 6464 24 76 i
3028 6468 88 76 st
3184 6488 52 56 o
3244 6464 40 80 f
3352 6464 236 80 Hait
3592 6464 24 76 i
3632 6488 120 56 an
3816 6464 612 80 literature":

580 6584 56 72 p
648 6640 16 16 .
716 6572 420 80 142-147.

592 6704 96 96 ©
748 6712 216 92 Apr.
1016 6708 132 92 12,
1204 6712 44 72 1
1260 6708 48 76 9
1316 6712 48 72 3
1372 6704 56 80 0
1456 6728 16 68 ;
1528 6708 52 76 2
1588 6728 44 56 e
1640 6772 20 16 .
1712 6712 184 72 and
1952 6708 156 80 aff.
2164 6712 220 88 May
2440 6704 156 96 10;
2656 6708 76 76 A
2784 6708 332 92 23319;
3176 6704 612 96 Christopher
3844 6712 208 84 [pub.
4108 6712 316 76 house.

740 6816 540 100 (30-13208)
4036 6812 232 92 5189

584 7000 504 124 Meister,
1148 7000 452 124 Morris,
1664 7012 328 96 1895–

728 7232 108 24 …
920 7152 668 132 Magnetism
1664 7160 216 96 and
1956 7156 640 128 electricity,
2664 7156 148 132 by
2884 7148 408 112 Morris
3368 7152 452 104 Meister
3904 7232 108 24 …
4164 7152 268 104 New

588 7304 344 132 York,
1000 7308 408 100 Boston
1484 7316 268 116 [etc.]
1828 7304 120 104 C.
2020 7300 604 108 Scribner's
2684 7340 248 68 sons
3008 7364 24 68 [
3040 7324 60 64 ͨ
3088 7304 188 96 193
3284 7308 96 124 0]

724 7460 160 80 xiv
892 7520 16 32 ,
984 7496 20 60 [
1008 7460 52 72 2
1068 7496 20 56 ]
1104 7520 16 32 ,
1184 7456 172 80 210
1416 7480 80 72 p.
1616 7460 316 92 front.,
2000 7460 276 92 illus.,
2344 7460 168 80 col.
2576 7456 332 96 plates,
2976 7460 296 92 diagr.
3392 7460 228 80 20ͨͫ.
3760 7456 384 96 (Living
4208 7456 96 80 in
4372 7476 48 60 a

584 7568 296 80 world
932 7564 100 80 of
1084 7568 384 76 science.
1588 7604 20 56 (
1612 7564 60 80 b
1676 7568 176 76 ook
1904 7568 200 92 in,)

2372 7664 200 108 786
