4800 8320
332 644 384 128 Heinz,
772 648 144 104 H.
968 644 136 124 J.,
1160 676 584 92 company.

456 788 232 104 The
748 788 356 104 Heinz
1164 788 280 104 book
1504 788 120 104 of
1688 824 308 96 camp
2068 788 484 132 cookery,
2620 788 408 128 recipes
3092 788 212 100 and
3368 792 372 100 menus
3808 788 336 100 calcu-

324 940 288 100 lated
676 940 180 96 for
920 936 260 136 fifty
1240 936 440 136 hungry
1744 968 520 96 campers,
2328 936 536 128 prepared
2932 936 144 132 by
3140 936 356 100 Home
3564 936 588 100 economics

324 1084 716 132 department,
1104 1084 148 104 H.
1312 1084 108 104 J.
1484 1084 356 100 Heinz
1904 1116 564 100 company.
2624 1084 716 132 [Pittsburgh,
3404 1084 144 104 H.
3620 1084 104 104 J.
3792 1084 356 104 Heinz

324 1268 560 96 company,
984 1240 296 124 ͨ1930]

460 1388 536 92 cover-title,
1052 1392 108 76 32
1208 1412 84 72 p.
1408 1388 520 88 19½ͨͫ.

340 1524 92 88 ©
492 1528 224 92 July
764 1528 72 92 7,
892 1524 108 80 19
1000 1524 56 84 3
1060 1528 56 76 0
1144 1548 16 68 ;
1212 1528 132 76 2c.
1396 1528 184 76 and
1628 1532 168 96 aff.
1840 1524 220 92 July
2112 1528 156 84 14;
2324 1528 80 72 A
2452 1524 48 76 2
2512 1536 52 68 6
2568 1528 212 88 137;
2840 1528 88 72 H
2940 1588 16 16 .
3008 1528 84 76 J.
3148 1524 300 76 Heinz
3496 1548 104 56 co
3612 1588 16 16 .

492 1636 92 96 (3
592 1636 52 76 0
644 1640 240 108 -185
868 1636 52 76 3
924 1636 52 76 1
996 1636 28 88 )
3760 1632 228 80 7398

332 1844 492 120 Holmes,
880 1840 388 104 Urban
1324 1840 452 124 Tigner,
1836 1852 328 96 1900-

532 1984 64 112 …
660 1988 232 104 The
964 1988 424 100 French
1460 1988 312 96 novel
1852 1984 112 100 in
2040 1988 472 128 English
2584 1988 688 132 translation,
3352 1992 144 132 by
3568 1988 384 104 Urban
4032 1988 120 100 T.

324 2136 476 128 Holmes,
912 2132 196 132 jr.;
1224 2168 128 68 an
1472 2132 412 104 outline
1996 2136 180 100 for
2280 2132 620 104 individual
3012 2136 212 100 and
3336 2168 352 100 group
3796 2136 352 128 study.

320 2284 416 132 Chapel
796 2284 248 100 Hill
1116 2292 60 88 [
1148 2284 232 100 The
1436 2280 644 136 University
2140 2284 124 100 of
2324 2280 356 104 North
2744 2280 516 108 Carolina
3320 2320 300 96 press]
3728 2288 120 96 19
3860 2288 56 96 3
3928 2288 92 96 0.

460 2436 48 76 5
512 2440 56 76 8
636 2456 84 72 p.
832 2436 228 80 23ͨͫ.
1192 2436 384 92 ([North
1648 2436 440 80 Carolina
2164 2436 568 92 University.
2852 2440 544 92 University
3464 2440 488 80 extension
4036 2444 120 72 di

336 2552 324 96 vision]
728 2552 544 92 University
1336 2552 96 76 of
1492 2552 300 76 North
1856 2552 440 80 Carolina
2360 2548 488 84 extension
2908 2548 424 96 bulletin,
3392 2552 180 80 vol.
3636 2572 100 56 IX
3748 2612 16 32 ,
3828 2572 60 56 n
3896 2572 48 56 o
3956 2616 20 16 .
4040 2552 96 84 7)

460 2684 560 76 "Reference
1084 2680 760 96 bibliography":
1900 2704 88 72 p.
2056 2720 20 60 [
2084 2680 48 76 5
2140 2684 40 72 1
2196 2716 20 60 ]
2224 2728 56 8 -
2284 2680 48 76 5
2340 2684 80 80 2.

496 2824 240 76 June
788 2824 132 92 19,
976 2820 268 92 1930;
1300 2828 132 72 2c.
1484 2824 224 88 July
1764 2824 100 88 7;
1924 2824 100 76 af
2000 2824 56 72 f
2064 2884 16 16 .
2140 2824 228 88 July
2412 2820 104 92 2;
2576 2824 80 72 A
2708 2816 48 80 2
2768 2824 52 76 5
2824 2824 48 72 4
2876 2824 52 72 1
2936 2824 100 88 1;
3104 2824 540 92 University
3700 2824 100 76 of
3852 2824 304 76 North

472 2932 432 80 Carolina
960 2952 288 72 press.
1384 2932 92 92 (3
1484 2932 52 76 0
1540 2928 380 108 -18665)
3772 2928 224 80 7399

324 3140 596 104 Homerus.

456 3288 232 100 The
740 3288 328 128 Iliad,
1120 3288 144 132 by
1312 3288 456 128 Homer,
1820 3288 264 100 with
2140 3284 748 104 introduction
2936 3288 152 132 by
3136 3288 396 100 Louise
3584 3292 392 96 Pound
4044 3288 68 112 …

324 3436 652 100 translation
1040 3436 144 132 by
1244 3436 352 132 Lang,
1660 3436 280 100 Leaf
2008 3436 212 100 and
2288 3436 404 132 Myers.
2824 3436 264 100 New
3156 3436 344 132 York,
3568 3436 232 100 The
3860 3436 296 100 Mac-

320 3584 380 104 millan
760 3620 568 96 company,
1384 3592 288 92 1930.

460 3768 124 52 xx
632 3764 112 72 p.,
792 3748 44 72 1
884 3748 88 88 l.,
1016 3740 192 96 460,
1264 3744 76 80 [2
1352 3780 20 56 ]
1424 3764 80 72 p.
1552 3744 32 72 i
1592 3764 56 52 n
1648 3744 96 72 cl
1748 3808 16 12 .
1812 3744 284 76 front.
2216 3744 120 76 18½
2372 3744 32 64 ͨ
2408 3748 88 72 ͫ.
2632 3744 240 92 (The
2920 3748 380 72 modern
3348 3740 408 80 readers'
3808 3740 336 96 series)

460 3880 304 76 Books
832 3888 96 60 I-
928 3896 40 56 I
976 3896 60 56 X
1100 3880 528 76 translated
1696 3880 112 88 by
1876 3880 136 76 W.
2080 3880 288 88 Leaf;
2436 3880 284 72 books
2788 3896 284 56 X-XVI
3136 3880 120 88 by
3320 3876 108 76 A.
3496 3876 312 92 Lang;
3876 3880 284 76 books

332 4004 172 56 XVII
524 4004 120 56 -X
648 4004 64 56 X
716 4004 40 56 I
756 4004 56 56 V
864 3988 116 88 by
1036 3988 100 76 E.
1192 3988 208 88 Mye
1412 4004 44 56 r
1460 4008 44 56 s
1516 4048 12 16 .

340 4116 92 88 ©
496 4124 220 88 July
772 4128 48 72 8
828 4180 16 32 ,
896 4120 276 88 1930;
1228 4120 132 76 2c.
1412 4120 188 76 and
1652 4140 56 56 a
1712 4116 72 76 f
1724 4128 84 68 f.
1868 4120 224 88 July
2148 4116 100 92 9;
2308 4120 80 72 A
2440 4116 48 72 2
2472 4136 52 60 0
2552 4120 52 76 0
2612 4116 156 92 23;
2828 4120 96 72 M
2932 4120 244 76 acmi
3180 4120 32 72 l
3216 4120 164 76 lan
3428 4140 132 56 co.
3680 4128 124 84 [©
3872 4120 284 76 intro-

472 4236 52 72 d
536 4232 312 76 uction
840 4264 32 64 ]
1016 4228 92 92 (3
1116 4232 56 72 0
1176 4228 272 80 -1845
1452 4228 56 76 6
1528 4232 28 88 )
3748 4224 232 84 7400

320 4436 316 104 Job's
688 4436 664 124 daughters.

456 4584 384 100 Ritual
888 4584 124 100 of
1060 4584 304 104 Job's
1416 4584 628 132 daughters,
2096 4584 580 128 published
2728 4584 148 132 by
2928 4584 564 128 authority
3544 4584 124 100 of
3716 4584 188 96 the
3964 4584 192 104 Su-

324 4772 364 92 preme
752 4736 540 132 guardian
1360 4732 456 100 council.
1948 4736 264 96 Rev.
2280 4736 160 96 ed.
2548 4740 64 104 …
2792 4732 552 132 [Chicago,
3400 4736 240 108 [ͨ193
3656 4740 60 92 0
3704 4788 36 52 ]

460 4896 104 72 43
628 4916 84 72 p.
828 4892 292 92 diagr.
1236 4892 596 84 13½ͨͫ.

344 5004 88 88 ©
496 5032 100 72 M
600 5048 136 60 ar.
788 5028 76 92 1,
920 5024 44 72 1
1012 5024 132 80 930
1172 5048 16 68 ;
1244 5024 56 76 2
1304 5052 48 52 c
1360 5088 12 12 .
1432 5028 184 72 and
1756 5024 180 88 aff.
1884 5028 244 72 June
2180 5024 104 88 9;
2344 5024 76 76 A
2476 5024 328 88 24418;
2872 5024 444 92 Supreme
3372 5024 460 92 guardian
3892 5044 100 56 co
4000 5036 56 60 u
4068 5048 92 52 n

472 5160 52 52 c
524 5136 68 76 il
644 5160 48 56 o
704 5140 212 76 rder
972 5136 100 80 of
1128 5136 248 80 Job's
1436 5136 536 92 daughters,
2036 5132 384 80 Omaha.
2564 5132 92 96 (3
2660 5144 56 72 0
2716 5132 384 96 -18567)
3768 5132 224 80 7401

328 5348 752 120 Kavanaugh,
1144 5344 380 100 Frank
1580 5340 140 108 K.

460 5496 584 108 Kentucky
1116 5496 540 108 directory
1736 5496 176 100 for
1976 5496 188 100 the
2228 5532 184 64 use
2480 5496 120 100 of
2668 5504 396 124 courts,
3132 5504 276 92 state
3476 5496 216 100 and
3764 5504 400 92 county

332 5644 432 108 officials
848 5648 212 100 and
1144 5644 468 104 General
1696 5648 532 108 assembly
2308 5648 120 100 of
2504 5648 184 100 the
2768 5656 276 92 state
3120 5648 124 96 of
3320 5640 620 136 Kentucky,
4020 5648 140 128 by

328 5796 376 100 Frank
788 5796 140 100 K.
1016 5796 732 132 Kavanaugh.
1904 5792 684 136 [Frankfort,
2672 5792 252 136 Ky.,
3008 5796 236 100 The
3332 5792 312 108 State
3724 5792 440 132 journal

332 5984 568 96 company,
960 5952 120 96 19
1088 5952 128 96 30
1224 6012 28 60 ]

472 6100 192 92 282,
728 6096 96 100 [3]
892 6120 76 72 p.
1028 6100 32 76 i
1064 6120 56 56 n
1124 6108 48 60 c
1172 6100 64 76 l.
1292 6100 288 76 front.
1696 6104 44 72 1
1752 6096 52 80 6
1884 6104 92 72 ½ͨͫ.

388 6220 356 92 © Mar.
812 6236 76 88 3,
956 6236 44 72 1
1012 6236 160 76 930
1208 6256 12 60 :
1292 6236 60 68 2
1356 6244 52 60 c
1408 6296 16 16 .
1488 6236 220 88 Apr.
1772 6236 48 76 5
1856 6252 20 72 ;
1948 6252 48 56 a
2008 6232 40 76 f
2040 6232 40 76 f
2092 6296 16 16 .
2168 6232 236 92 Aug.
2468 6236 100 88 7;
2640 6232 80 76 A
2784 6228 168 80 258
2956 6232 48 76 6
3012 6232 52 72 8
3064 6276 4 20 .
3092 6252 20 72 ;
3188 6232 100 80 F.
3356 6232 112 80 K.
3540 6232 616 92 Kavanaugh,

476 6344 540 92 Frankfort,
1068 6344 176 92 Ky.
3764 6336 236 84 7402

340 6524 332 124 Kent,
728 6524 476 124 Regina.

464 6668 540 128 Oakland,
1068 6708 56 60 a
1192 6680 292 120 story
1552 6668 176 100 for
1792 6668 524 120 children,
2380 6668 140 132 by
2584 6668 424 132 Regina
3076 6664 240 104 Ken
3328 6680 40 88 t
3380 6748 24 48 ,
3472 6672 468 96 Frances
4004 6668 148 100 M.

336 6816 320 128 Pope,
724 6816 352 104 Helen
1144 6816 120 104 L.
1340 6816 768 128 McLaughlin,
2184 6816 304 100 Ruth
2556 6816 748 132 Burlingame,
3376 6816 328 100 Alma
3780 6816 372 104 Blake.

332 6964 540 128 Oakland,
920 6964 372 128 Calif.,
1336 6964 232 100 The
1616 6960 508 104 Oakland
2176 6964 372 100 Board
2600 6968 116 96 of
2764 6964 568 100 education
3396 7032 28 64 [
3424 6964 240 100 ͨ193
3676 6972 60 92 0]

464 7124 48 76 3
572 7144 80 72 p.
712 7120 88 92 l.,
856 7124 160 76 113
1072 7144 84 72 p.
1276 7124 304 88 front.,
1644 7124 68 72 il
1720 7124 28 72 l
1760 7144 128 56 us.
2004 7124 220 76 22ͨͫ.

472 7256 88 72 M
572 7276 164 72 aps
796 7280 112 56 on
964 7260 688 92 lining-papers.

352 7380 92 88 ©
512 7396 96 72 M
612 7412 116 72 ay
784 7396 72 88 7,
916 7392 268 92 1930;
1244 7392 56 76 2
1300 7408 48 64 c
1360 7456 16 16 .
1436 7392 240 80 June
1732 7392 156 92 10;
1952 7412 48 56 a
2012 7392 40 76 f
2052 7392 36 76 f
2096 7452 16 20 .
2172 7392 240 76 June
2468 7396 52 72 2
2528 7396 56 72 8
2612 7412 20 72 ;
2692 7392 76 76 A
2824 7392 328 92 26070;
3224 7392 424 80 Oakland
3708 7392 292 76 board
4060 7388 100 76 of

488 7496 516 84 education.
1140 7500 312 96 (30-18
1460 7504 52 76 5
1516 7500 160 96 87)
3768 7496 232 84 7403

2116 7608 264 100 1131
