4920 8252
556 684 508 124 Jockers,
1124 688 356 100 Ernst
1484 740 108 24 —
1644 684 620 108 Continued

684 844 192 92 xxi,
936 844 196 92 489,
1196 844 168 76 162
1428 864 84 72 p.
1628 844 332 92 plates,
2024 844 236 88 port.
2376 832 600 92 19½ͨͫ.
2796 832 24 96 (
2844 832 188 76 Hal
3040 832 72 92 f-
3124 832 72 76 ti
3208 832 28 76 t
3248 832 84 76 le
3348 852 28 56 :
3436 820 504 84 Johnson's
4008 820 276 80 Germ
4288 836 48 68 a
4360 836 52 56 n

544 952 340 92 series)

560 1056 96 96 ©
724 1064 212 76 Jan.
996 1064 140 92 14,
1196 1060 272 92 1930;
1532 1060 52 76 2
1588 1080 52 56 c
1648 1120 16 16 .
1728 1060 216 76 Jan.
2004 1060 52 72 1
2064 1056 56 76 8
2148 1076 16 72 ;
2232 1076 56 56 a
2292 1052 80 76 ff
2376 1116 16 16 .
2460 1056 208 76 Jan.
2740 1052 156 92 16;
2964 1052 80 72 A
3108 1048 336 88 19022;
3512 1044 424 80 Johnson
4000 1060 120 72 pu
4104 1080 72 68 b
4196 1100 16 12 .
4280 1056 132 56 co.

704 1168 488 96 (30-4102)
4080 1144 172 84 737

548 1348 548 124 Johnson,
1152 1348 248 120 Roy
1452 1348 316 120 Ivan,
1832 1356 316 96 1889-

684 1500 368 132 Study
1108 1500 220 100 and
1388 1492 760 136 appreciation
2208 1496 124 100 of
2388 1496 184 96 the
2632 1492 308 100 short
3000 1500 340 120 story,
3412 1488 260 100 with
3736 1492 672 124 representa-

544 1648 220 104 tive
816 1648 552 128 readings,
1412 1648 148 132 by
1612 1648 248 132 Roy
1904 1648 284 100 Ivan
2240 1648 500 100 Johnson
2808 1648 68 112 …
2944 1640 412 104 Esther
3412 1636 536 104 Marshall
4004 1636 408 104 Cowan

740 1800 332 132 Mary
1152 1796 196 108 Saf
1348 1796 44 100 f
1400 1796 196 104 ord
1672 1792 496 108 Peacock
2220 1812 64 104 …
2508 1792 268 100 New
2856 1788 348 132 York,
3280 1784 480 104 Newark
3840 1852 28 64 [
3876 1796 164 88 etc
4052 1852 56 60 .]
4196 1780 80 108 S
4288 1780 76 100 il
4376 1844 32 12 -

544 1984 220 92 ver,
820 1948 476 100 Burdett
1352 1948 216 100 and
1620 1976 544 104 company
2228 1948 264 124 [ͨ193
2504 1948 60 96 0
2572 2008 24 64 ]

680 2104 140 76 liii
876 2128 112 72 p.,
1040 2108 40 72 1
1144 2104 28 76 l
1184 2164 48 32 .,
1280 2104 196 88 386,
1528 2104 28 76 l
1568 2100 88 80 vi
1664 2100 28 76 i
1700 2104 88 72 –i
1796 2120 60 56 x
1908 2120 80 72 p.
2104 2096 52 80 2
2164 2100 540 88 0ͨͫ
2308 2120 20 56 .

684 2212 572 96 "Suggested
1324 2212 160 76 list
1552 2212 100 76 of
1716 2208 340 80 stories
2120 2208 156 76 for
2336 2204 768 96 supplementary
3172 2204 500 88 reading:
3744 2220 84 72 p.
3900 2196 124 80 lvi
4036 2200 24 72 i
4068 2200 176 76 –lx.

560 2316 96 96 ©
724 2328 56 76 J
788 2344 52 56 a
852 2344 84 60 n.
1000 2324 136 92 20,
1200 2320 276 92 1930;
1540 2320 136 80 2c.
1736 2324 184 72 and
1988 2320 172 104 aff.
2216 2320 208 72 Jan.
2492 2316 160 88 27;
2724 2316 76 76 A
2868 2312 328 92 19202;
3276 2308 328 92 Silver,
3672 2308 408 76 Burdett
4120 2320 92 76 &
4284 2324 48 56 c
4336 2332 16 40 o
4400 2368 12 12 .

704 2432 484 96 (30-4009)
4080 2412 52 80 7
4140 2412 52 80 3
4196 2408 56 84 8

552 2608 368 128 Kapp,
980 2608 620 124 Gottfried,
1664 2608 256 104 1897
1924 2672 68 12 –

688 2764 232 100 Das
988 2764 236 100 loch
1300 2764 148 100 im
1520 2788 428 104 wasser,
2016 2792 384 68 roman
2472 2788 208 72 von
2752 2756 580 104 Gottfried
3408 2752 372 132 Kapp.
3928 2744 500 136 Leipzig,

548 2916 128 100 P.
736 2912 332 104 Recla
1076 2948 108 64 m
1244 2908 32 136 j
1292 2944 184 72 un.
1548 2916 120 112 [ͨ
1624 2912 256 96 1929
1892 2972 24 68 ]

676 3068 52 76 2
776 3088 84 72 p.
912 3064 36 76 l
956 3128 40 32 .,
1056 3068 52 76 7
1108 3112 56 8 –
1172 3064 192 92 186,
1424 3068 64 92 [1
1508 3100 24 60 ]
1592 3088 84 72 p.
1788 3064 596 88 19ͨͫ.

560 3168 96 104 ©
728 3176 252 96 Sept.
1048 3176 136 92 11,
1256 3176 268 88 1929;
1652 3180 120 104 1c.
1800 3176 232 76 Nov.
2100 3180 96 76 6;
2276 3172 120 112 A—
2476 3180 44 72 F
2560 3192 156 56 ore
2724 3172 24 68 i
2760 3192 36 60 g
2808 3188 64 68 n
2956 3184 56 80 5
3012 3180 48 76 1
3064 3172 108 80 21
3204 3192 20 68 ;
3304 3172 72 72 P
3384 3172 60 72 h
3448 3172 32 72 i
3460 3176 180 104 li
3616 3176 120 104 pp
3756 3168 136 76 Re
3896 3188 48 64 c
3948 3168 84 84 la
4064 3188 52 52 m
4216 3164 196 92 jun.

700 3284 488 96 (30-5424)
4080 3272 164 80 739

540 3460 464 128 Kidder,
1064 3464 292 104 Fred
1412 3464 420 124 Smith,
1892 3472 120 96 18
2024 3472 56 96 6
2088 3472 56 96 3
2152 3532 52 8 –

676 3620 428 132 Triang
1112 3656 64 64 u
1188 3620 96 100 la
1304 3628 44 88 t
1352 3616 180 104 ion
1632 3616 452 132 applied
2184 3628 108 88 to
2408 3680 28 24 s
2448 3624 64 92 h
2524 3664 48 52 e
2408 3620 120 112 et
2788 3656 104 60 m
2900 3656 52 60 e
2964 3632 36 28 t
3000 3636 56 76 a
3216 3628 28 88 l
3240 3620 112 112 pa
3400 3620 260 112 ttern
3760 3648 56 64 c
3820 3616 292 96 uttin
4124 3644 72 96 g
4228 3644 20 92 ;
4352 3644 60 68 a

540 3768 888 136 comprehensive
1520 3764 444 104 treatise
2060 3768 184 100 for
2332 3776 436 92 cutters,
2860 3764 660 116 draftsmen,
3612 3764 492 100 foremen
4196 3764 216 100 and

540 3920 548 108 students;
1160 3916 712 132 progressing
1940 3916 292 100 from
2292 3916 184 100 the
2540 3916 500 132 simplest
3104 3916 392 132 phases
3564 3916 120 100 of
3748 3912 184 104 the
3996 3912 420 128 subject

536 4076 116 100 to
724 4072 184 100 the
984 4084 276 84 most
1340 4068 496 132 complex
1916 4068 548 132 problems
2540 4068 572 132 employed
3196 4068 112 100 in
3388 4068 176 100 the
3648 4064 764 132 development

544 4220 124 104 of
724 4220 300 104 sheet
1084 4220 328 100 metal
1476 4228 560 120 patterns:
2096 4216 268 104 with
2424 4216 568 132 appendix
3052 4252 140 68 on
3256 4216 344 104 elbow
3672 4228 496 120 patterns
4240 4216 180 100 for

536 4372 152 100 all
756 4372 348 100 forms
1168 4368 124 100 of
1356 4372 292 128 pipe.
1796 4372 172 132 By
2036 4368 124 100 F.
2232 4364 112 108 S.
2412 4368 468 100 Kidder.
3028 4368 264 100 New
3364 4368 348 132 York,
3780 4368 232 100 The
4084 4368 324 100 Sheet

536 4524 328 100 metal
924 4516 680 136 publication
1664 4552 576 100 company,
2300 4520 288 100 1930.

668 4676 52 76 2
772 4696 80 72 p.
904 4668 36 76 l
948 4736 44 28 .,
1044 4672 172 80 312
1268 4692 88 76 p.
1468 4672 280 92 illus.,
1800 4672 348 92 diagrs.
2264 4676 600 84 24ͨͫ.

672 4784 464 80 "Seventh
1196 4780 444 80 edition."

552 4876 96 88 ©
704 4896 48 76 J
772 4916 48 56 a
832 4916 88 56 n.
972 4892 132 80 13.
1160 4896 44 72 1
1212 4896 56 72 9
1280 4884 148 96 80;
1484 4896 52 72 2
1544 4912 48 56 c
1600 4956 16 12 .
1672 4896 184 72 and
1912 4892 100 76 af
1988 4892 60 76 f
2056 4956 16 12 .
2128 4892 216 76 Jan.
2396 4896 40 72 1
2456 4888 56 76 8
2536 4912 20 68 ;
2616 4892 76 76 A
2748 4888 328 92 19289;
3144 4892 280 80 Sheet
3484 4892 288 76 metal
3828 4888 580 96 publication

672 5024 132 56 co.
936 5000 488 96 (30-4224)
4072 4996 172 84 740

532 5176 452 128 Kirsch,
1056 5176 316 104 Felix
1436 5180 396 124 Marie,
1904 5192 120 92 18
2036 5192 60 96 8
2104 5184 128 108 4—
2644 5184 164 104 ed.

668 5328 664 104 Franciscan
1428 5332 636 128 education;
2168 5368 48 64 a
2316 5332 684 132 symposium
3096 5332 124 104 of
3312 5368 160 68 ess
3484 5368 68 80 a
3548 5368 160 92 ys,
3800 5332 360 104 edited
4264 5332 136 136 by

528 5484 92 100 F
632 5480 216 104 elix
1000 5492 80 104 M.
1148 5484 116 96 K
1272 5480 288 100 irsch
1740 5492 60 104 …
1916 5484 124 92 M
2040 5480 36 100 i
2084 5480 36 100 l
2132 5516 160 64 wa
2304 5516 64 64 u
2380 5480 224 116 kee,
2676 5480 312 104 Wis.,
3064 5484 272 100 New
3412 5484 316 100 York
3816 5496 228 116 [etc.
4056 5552 24 64 ]
4168 5484 236 100 The

528 5628 356 108 Bruce
936 5628 652 136 publishing
1644 5664 544 96 company
2288 5628 120 112 [ͨ
2328 5640 256 96 1929
2600 5696 20 64 ]

664 5808 60 52 x
776 5808 112 72 p.,
944 5788 52 72 1
1044 5788 32 72 l
1088 5844 16 16 .
1112 5808 16 52 ,
1184 5784 168 80 120
1400 5808 88 72 p.
1600 5788 52 72 2
1656 5784 540 84 3½ͨͫ
1856 5808 20 52 .

668 5896 352 92 Papers
1080 5896 188 76 and
1332 5892 576 80 discussions
1976 5896 488 92 presented
2532 5904 100 72 at
2692 5896 160 80 the
2912 5900 436 76 eleventh
3412 5900 356 76 annual
3828 5896 568 80 Franciscan

528 6004 596 80 educational
1204 6004 556 80 conference
1832 6004 212 80 held
2120 6008 100 76 at
2300 6004 132 80 St.
2512 6004 744 80 Bonaventure's
3332 6028 188 56 sem
3540 6008 24 76 i
3572 6028 264 72 nary,
3912 6012 76 72 A
4000 6008 60 76 ll
4072 6028 108 68 eg
4192 6028 44 56 a
4252 6028 152 72 ny,

528 6116 104 76 N.
688 6112 76 76 Y
776 6172 44 32 .,
872 6132 112 60 on
1040 6112 244 80 June
1328 6108 136 92 28,
1512 6112 140 92 29,
1696 6112 188 80 and
1936 6112 136 96 30,
2124 6108 252 84 1929.
2492 6124 48 60 c
2544 6112 64 92 f.
2664 6116 40 76 I
2716 6120 160 72 ntr
2880 6136 48 56 o
2936 6120 88 72 d.

664 6220 128 80 CO
800 6240 316 60 NTENT
1068 6224 52 64 S
1184 6284 16 16 .
1200 6220 324 76 -End
1584 6224 180 72 and
1824 6220 188 80 aim
2072 6224 100 76 of
2232 6220 572 80 Franciscan
2860 6244 52 56 e
2916 6224 60 76 d
2984 6244 56 56 u
3052 6244 44 52 c
3104 6228 100 72 at
3212 6224 180 92 ion,
3452 6224 116 92 by
3624 6228 76 72 T
3708 6228 120 72 ho
3836 6244 80 56 m
3928 6252 48 48 a
3996 6248 40 52 s
4100 6228 300 76 Plass-

524 6332 572 76 mann.-St.
1164 6328 392 80 Francis
1612 6328 100 80 of
1768 6328 300 80 Assisi
2132 6348 108 60 as
2300 6348 120 60 an
2476 6332 456 76 educator
2984 6336 188 72 and
3232 6336 152 76 his
3444 6336 604 88 pedagogical
4112 6336 284 76 meth-

536 6440 136 92 od,
752 6444 112 88 by
952 6440 348 76 Robert
1392 6436 1172 80 Hammer.—Franciscan
2652 6440 600 80 educational
3336 6444 204 76 idea
3564 6444 24 72 l
3600 6464 68 68 s,
3756 6444 120 88 by
3964 6444 144 76 Du
4116 6448 280 72 nstan

528 6544 1076 84 Dobbins.—Canonical
1704 6544 540 96 legislation
2340 6544 560 96 concerning
3000 6552 360 76 studies
3456 6552 156 76 for
3712 6552 468 88 religious,
4284 6556 116 88 by

524 6660 500 76 Valentine
1100 6656 1028 80 Schaaf.—Education
2204 6676 108 56 as
2380 6676 52 56 a
2504 6656 368 92 subject
2944 6656 96 80 in
3112 6680 176 56 our
3356 6660 576 76 Franciscan
4004 6660 392 88 schools,

524 6768 116 96 by
704 6768 368 80 Conrad
1140 6768 444 88 O'Leary.
1584 6808 116 12 —
1704 6768 72 72 T
1784 6768 60 72 h
1852 6784 52 56 e
1964 6760 420 96 training
2444 6764 100 80 of
2608 6784 172 56 our
2840 6768 576 76 Franciscan
3484 6772 456 84 teachers,
4000 6772 120 92 by
4184 6768 212 76 Vin-

520 6884 212 72 cent
784 6876 292 80 Focht
1088 6900 84 52 m
1180 6892 152 60 an.

540 6980 100 92 ©
688 6988 216 80 Dec.
952 6988 52 72 2
1008 6988 52 76 8
1064 7020 20 44 .
1136 6984 272 84 1929;
1456 6984 136 80 2c.
1636 6988 184 72 and
1872 6984 96 76 af
1952 6984 56 72 f
2012 7044 20 16 .
2080 6984 212 76 Feb.
2344 6984 72 84 1,
2472 6976 272 96 1930;
2800 6984 76 72 A
2928 6984 328 92 18441;
3316 6984 96 76 F.
3520 6992 72 88 M.
3644 6984 376 96 Kirsch,
4072 6984 324 80 Wash-

664 7096 352 88 ington.
1152 7092 320 96 (30-43
1476 7104 52 80 8
1532 7092 104 92 4)
4060 7088 168 88 741

524 7244 1148 104 Kommissarzhevsk
1680 7248 40 96 i
1712 7244 56 100 ĭ
1776 7328 24 40 ,
1864 7248 364 100 Fedor
2288 7244 740 124 Fedorovich,
3092 7260 124 92 18
3228 7260 52 92 8
3288 7260 128 92 2–

704 7404 68 108 …
840 7400 316 124 Myse
1160 7400 36 100 l
1212 7404 48 96 f
1316 7400 216 104 and
1588 7396 184 104 the
1824 7396 456 104 theatre.
2424 7396 496 108 London.
2976 7400 144 100 W
3132 7488 16 16 .
3204 7400 700 104 Heinemann
3968 7404 420 100 limited

532 7612 24 68 [
572 7552 256 100 1929
840 7612 24 68 ]

2324 7704 192 96 118
