4884 8252
428 724 404 124 Freud,
892 724 592 128 Sigmund,
1540 736 260 96 1856
1804 796 68 12 –

636 876 60 108 …
756 872 356 104 Three
1184 872 800 104 contributions
2060 888 108 92 to
2248 880 180 96 the
2500 876 392 132 theory
2968 872 124 104 of
3164 908 216 68 sex.
3524 868 188 104 4th
3792 868 164 100 ed.
4104 868 172 132 By

428 1020 548 136 Sigmund
1048 1024 368 100 Freud
1476 1032 64 108 …
1684 1028 644 100 authorized
2400 1024 664 104 translation
3140 1024 144 132 by
3356 1024 136 100 A.
3568 1020 136 100 A.
3784 1016 296 104 Brill
4168 1032 64 108 …

432 1172 260 100 with
764 1172 808 104 introductions
1644 1172 144 116 by
1860 1176 376 100 James
2308 1176 108 104 J.
2492 1176 488 100 Putnam
2996 1176 64 108 …
3260 1172 220 104 and
3552 1172 140 100 A.
3772 1168 128 100 A.
3988 1168 288 100 Brill

548 1324 68 112 …
684 1324 268 100 New
1020 1324 312 100 York
1404 1324 216 100 and
1684 1324 776 132 Washington,
2528 1324 500 100 Nervous
3096 1324 216 100 and
3384 1316 412 108 mental
3868 1316 412 104 disease

428 1472 644 132 publishing
1128 1508 192 96 co.,
1380 1480 292 96 1930.

564 1628 188 92 xiv,
824 1628 164 80 104
1056 1652 84 72 p.
1252 1628 48 80 2
1308 1620 540 96 3½ͨͫ
1516 1692 20 16 .
1672 1628 236 96 (Ner
1912 1648 112 60 vo
2032 1652 108 56 us
2208 1632 188 76 and
2460 1636 316 72 menta
2784 1636 28 72 l
2888 1628 368 80 disease
3320 1648 216 56 mon
3540 1648 48 56 o
3600 1644 232 76 grap
3836 1628 60 72 h
3968 1644 152 60 ser
4128 1624 24 76 i
4164 1644 124 76 es,

428 1756 116 60 no
552 1796 20 20 .
636 1736 100 92 7)

440 1844 92 88 ©
600 1848 56 76 J
664 1868 52 56 a
724 1872 88 56 n.
868 1852 80 88 2,
1004 1852 48 72 1
1060 1848 168 80 930
1260 1868 16 72 ;
1336 1852 48 72 2
1396 1872 44 52 c
1452 1908 12 16 .
1528 1852 184 76 and
1772 1852 160 76 aff.
1992 1852 212 76 Jan.
2260 1848 104 92 6;
2424 1848 80 76 A
2560 1848 332 92 17748;
2956 1848 424 76 Nervous
3440 1848 184 76 and
3684 1848 352 72 mental
4100 1844 92 76 di
4204 1864 40 56 s
4256 1888 24 8 -

568 1976 220 60 ease
836 1980 56 68 p
896 1956 148 80 ub.
1092 1976 132 60 co.
1348 1956 488 100 (30-1921)
3928 1948 168 84 138

428 2132 400 108 Friede
836 2132 72 104 ll
920 2216 28 44 ,
1008 2140 360 120 Egon,
1436 2140 252 104 1878
1692 2204 72 12 –

556 2284 112 104 A
728 2284 480 104 cultural
1264 2284 432 136 history
1752 2284 128 100 of
1940 2288 184 100 the
2180 2288 456 100 modern
2696 2320 252 100 age;
3012 2288 188 104 the
3260 2284 312 104 crisis
3628 2284 128 100 of
3816 2288 184 100 the
4064 2288 220 96 Eu-

428 2468 408 100 ropean
900 2436 240 104 soul
1208 2432 292 104 from
1564 2436 184 100 the
1808 2436 320 100 black
2192 2436 332 100 death
2592 2448 112 88 to
2764 2436 184 100 the
3012 2436 344 100 world
3428 2472 260 96 war,
3748 2436 148 132 by
3964 2436 320 136 Egon

440 2588 540 132 Friedell;
1080 2588 608 104 translated
1788 2584 292 104 from
2168 2588 188 100 the
2452 2588 484 104 German
3024 2588 144 132 by
3268 2584 456 108 Charles
3820 2588 464 104 Francis

440 2740 552 100 Atkinson
1060 2744 72 104 …
1320 2776 96 64 v.
1480 2752 84 88 1.
1712 2740 268 100 New
2036 2740 348 132 York,
2440 2740 132 100 A.
2632 2740 136 100 A.
2828 2740 432 132 Knopf,
3320 2744 120 96 19
3452 2744 52 92 3
3516 2744 92 96 0.

572 2896 48 76 7
680 2920 60 72 p
744 2960 16 12 .
820 2900 28 72 l
864 2956 44 28 .,
964 2896 52 76 3
1020 2896 108 76 –3
1136 2896 132 92 53,
1332 2896 124 76 vii
1468 2956 20 36 ,
1552 2896 72 96 [1
1640 2932 20 60 ]
1724 2916 84 72 p.
1920 2896 532 96 27ͨͫ.

444 2984 100 88 ©
600 3004 212 80 Jan.
872 3004 48 76 3
932 3064 16 28 ,
1004 3008 40 72 1
1060 3004 52 76 9
1116 3008 48 68 3
1172 3004 56 76 0
1260 3028 16 68 ;
1336 3004 128 76 2c.
1524 3004 176 76 and
1764 3004 156 76 aff.
1976 3004 212 76 Jan.
2248 2996 100 96 6;
2408 3004 80 76 A
2544 3004 328 92 18003;
2932 3004 332 76 Alfred
3324 3008 104 76 A.
3488 3004 344 96 Knopf,
3896 3008 20 72 i
3932 3028 56 52 n
3988 3008 48 64 c
4052 3068 16 16 .

592 3112 488 96 (30-1796)
3952 3112 172 84 139

428 3268 740 120 Goldbacher,
1228 3268 644 120 Lawrence,
1936 3272 252 104 1891
2192 3336 72 12 –

564 3420 840 128 Hemorrhoids,
1472 3424 184 104 the
1720 3420 528 132 injection
2312 3436 624 120 treatment,
3004 3424 216 100 and
3292 3420 492 136 pruritus
3856 3424 224 136 ani,
4144 3428 144 132 by

432 3572 584 104 Lawrence
1068 3572 700 104 Goldbacher
1848 3568 68 120 …
2000 3572 628 104 illustrated
2684 3572 264 100 with
3008 3580 124 96 31
3188 3572 552 104 half-tone
3792 3580 216 100 and
4068 3572 224 108 line

432 3724 708 136 engravings,
1212 3760 292 64 some
1588 3724 112 100 in
1780 3724 324 100 color.
2248 3716 824 140 Philadelphia,
3152 3724 124 104 F.
3360 3724 140 104 A.
3576 3724 348 108 Davis
4008 3760 280 72 com-

432 3908 332 100 pany,
820 3880 288 96 1930.

576 4032 56 76 2
680 4052 80 72 p.
816 4036 32 72 l
860 4088 44 36 .,
960 4032 48 76 7
1012 4072 56 12 –
1068 4028 168 80 205
1292 4048 80 72 p.
1428 4028 28 76 i
1464 4052 60 52 n
1532 4028 80 76 cl
1624 4088 12 12 .
1696 4028 28 76 i
1732 4028 240 92 llus.,
2032 4028 300 92 plates
2384 4024 264 96 (part
2704 4024 212 96 col.)
3040 4028 596 88 22½ͨͫ
3308 4088 16 20 .

576 4136 676 80 "References"
1308 4156 52 60 a
1368 4140 36 76 t
1456 4136 176 80 end
1684 4136 104 76 of
1836 4140 220 88 part
2096 4132 104 80 of
2252 4132 164 80 the
2464 4132 464 96 chapters.

448 4232 96 96 ©
612 4248 212 76 Dec.
880 4248 76 88 4,
1016 4248 272 84 1929;
1348 4244 52 76 2
1408 4248 44 68 c
1464 4308 12 12 .
1540 4244 212 80 Jan.
1804 4248 76 72 4.
1948 4240 268 92 1930;
2280 4236 160 84 aff.
2500 4244 212 76 Jan.
2772 4244 104 92 2;
2936 4248 84 72 A
3076 4248 332 88 17696;
3476 4248 96 76 F.
3632 4248 104 80 A.
3800 4252 296 76 Davis
4152 4240 112 96 co.

596 4352 488 96 (30-1677)
3956 4356 172 84 140

440 4512 544 120 Graham,
1044 4508 428 100 Evarts
1528 4504 592 124 Ambrose,
2180 4512 164 100 ed.

636 4656 72 120 …
780 4656 472 108 General
1332 4692 484 96 surgery.
1968 4656 208 100 Ed.
2252 4656 152 132 by
2476 4656 408 104 Evarts
2960 4656 108 100 A
3080 4740 16 20 .
3176 4656 500 108 Graham
3888 4656 72 120 …
4032 4664 252 104 Chi-

444 4840 304 100 cago,
804 4812 236 96 The
1100 4804 300 104 Year
1448 4804 284 104 book
1792 4804 616 132 publishers
2484 4808 268 120 [ͨ193
2764 4812 60 96 0
2828 4868 28 68 ]

584 4968 32 64 8
636 4964 112 80 00
804 4988 60 68 p
868 5028 16 12 .
1000 4964 272 92 illus.,
1336 4964 344 92 diagrs.
1796 4960 44 76 1
1852 4960 540 92 8½ͨͫ
2060 5024 20 16 .
2212 4960 240 96 (The
2512 4960 472 80 Practical
3044 4964 456 80 medicine
3564 4968 288 76 series
3912 4964 52 88 …
4140 4972 148 80 Se-

444 5076 188 76 ries
688 5072 268 92 1929)

456 5176 96 88 ©
608 5184 52 76 J
668 5200 48 64 a
720 5204 96 56 n.
872 5180 132 92 25,
1060 5180 272 88 1930;
1400 5192 92 68 2c
1500 5240 20 16 .
1572 5176 212 80 Feb.
1840 5176 160 92 21;
2064 5200 48 60 a
2116 5188 72 68 ff
2200 5240 20 16 .
2272 5176 220 80 Feb.
2544 5176 160 92 24;
2764 5176 76 80 A
2892 5176 332 96 18878;
3288 5184 240 76 Year
3588 5184 236 76 book
3880 5192 208 88 pul
4080 5188 28 72 i
4152 5188 136 72 sh-

576 5312 180 60 ers.
3960 5292 164 80 141

444 5448 444 116 Hanna,
944 5440 280 104 Paul
1276 5440 132 104 R.

664 5592 56 112 …
776 5588 672 104 Arithmetic
1516 5588 492 132 problem
2080 5584 468 136 solving,
2616 5624 64 64 a
2752 5592 328 132 study
3152 5592 124 100 of
3344 5596 188 100 the
3600 5596 456 104 relative
4128 5600 156 100 ef-

452 5744 644 100 fectiveness
1164 5736 124 100 of
1352 5736 308 100 three
1724 5736 500 100 methods
2292 5736 124 100 of
2484 5736 496 132 problem
3048 5740 468 132 solving,
3584 5740 148 128 by
3796 5744 288 100 Paul
4156 5748 128 100 R.

448 5896 444 128 Hanna,
1056 5892 136 112 PH.
1204 5928 92 60 D.
1444 5888 264 100 New
1776 5884 308 104 York
2144 5888 260 132 city,
2464 5888 604 104 Published
3128 5892 144 132 by
3344 5896 432 96 Bureau
3844 5896 124 100 of
4032 5896 264 128 pub-

448 6048 32 96 l
488 6040 492 108 ications.
1052 6040 536 100 Teachers
1656 6036 436 132 college,
2164 6036 576 100 Columbia
2812 6040 608 108 university
3492 6044 180 100 for
3740 6048 232 96 The
4036 6048 260 100 Lin-

452 6192 244 100 coln
752 6184 364 108 school
1176 6184 124 104 of
1356 6180 540 104 Teachers
1952 6180 408 132 college
2448 6188 320 116 [ͨ1929
2776 6244 24 68 ]

576 6348 56 76 3
688 6368 56 68 p
752 6408 20 16 .
824 6348 32 72 l
864 6404 48 32 .,
968 6344 112 76 68
1128 6364 84 72 p.
1316 6340 536 100 23ͨͫ.

584 6456 120 76 At
756 6456 240 72 head
1048 6452 100 76 of
1196 6448 260 80 title:
1512 6448 196 72 The
1760 6448 384 76 Lincoln
2196 6444 312 80 school
2564 6448 104 76 of
2716 6448 464 80 Teachers
3232 6452 376 92 college.

460 6536 100 88 ©
628 6564 208 72 Feb.
908 6564 76 80 4,
1052 6556 272 80 1930;
1392 6556 132 76 2c.
1592 6556 212 80 Feb.
1876 6556 48 72 5
1960 6576 20 68 ;
2048 6576 52 52 a
2108 6552 100 80 ff.
2280 6556 212 76 Feb.
2564 6552 156 92 15;
2796 6556 80 76 A
2940 6556 332 80 18753:
3344 6556 384 80 Lincoln
3804 6560 312 80 school
4184 6572 100 72 of

584 6672 468 76 Teachers
1100 6668 368 88 college.
1524 6664 224 76 New
1800 6664 276 76 York.
3956 6668 168 80 142

444 6820 644 120 Harrower,
1148 6820 396 116 Henry
1604 6816 460 120 Robert,
2128 6824 328 92 1883-
2868 6848 116 68 co
2996 6852 104 64 m
3104 6852 108 96 p.

584 6968 624 104 Endocrine
1296 6968 616 132 diagnostic
2000 6968 400 128 charts,
2492 6964 264 104 with
2848 6968 312 100 other
3252 6972 408 100 related
3756 6972 528 108 informa-

444 7120 272 132 tion,
764 7120 536 128 compiled
1356 7120 144 132 by
1556 7116 392 136 Henry
2000 7116 132 100 R.
2188 7116 632 132 Harrower,
2868 7144 92 68 M
2976 7200 20 20 .
3052 7148 64 60 D
3124 7192 20 20 .
3288 7116 572 132 Glendale,
3912 7124 376 140 Calif.,

444 7272 236 100 The
728 7268 596 104 Harrower
1380 7264 664 132 laboratory,
2092 7264 244 132 inc.,
2436 7264 288 120 ͨ1929.

584 7428 164 72 144
804 7444 84 72 p.
1004 7420 28 80 i
1040 7424 236 88 llus.,
1336 7420 296 92 diagr.
1748 7420 472 88 22ͨͫ.

460 7524 100 92 ©
616 7532 220 92 Apr.
892 7532 76 88 1,
1028 7528 268 92 1929;
1356 7528 48 76 2
1412 7548 44 52 c
1468 7588 12 16 .
1544 7528 56 76 J
1608 7548 144 56 an.
1812 7528 76 76 2.
1948 7524 268 92 1930;
2280 7532 160 72 aff.
2500 7524 216 80 Dec.
2768 7524 80 92 3,
2912 7524 268 92 1929;
3240 7524 80 76 A
3380 7528 48 72 1
3436 7528 300 100 6952;
3996 7532 180 96 Harro
4100 7552 76 56 w
4180 7552 48 56 e
4240 7564 40 52 r

588 7640 564 88 laboratory,
1208 7636 172 76 inc.
1508 7632 484 96 (30-1676)
3948 7636 172 84 143

2296 7736 136 100 22
