4800 8268
2468 7684 200 100 962

632 680 444 128 Berdal,
1144 680 1132 108 Henri-Continued

640 872 48 64 e
696 836 32 96 l
828 836 196 100 Dr.
1120 836 156 96 Fé
1280 836 36 92 l
1328 832 112 100 ix
1532 832 504 104 Fornells
2128 828 328 132 Puig.
2620 824 236 108 Con
2948 828 200 100 417
3240 824 412 132 figuras
3740 864 132 64 en
3968 864 56 64 e
4024 832 40 96 l
4152 836 332 92 texto.

636 984 448 104 Madrid
1168 992 260 120 (etc.,
1508 980 680 132 Espasa-Cal
2204 1016 68 88 p
2284 1016 84 96 e,
2424 1016 80 60 s.
2576 1016 92 64 a.
2744 988 68 104 [ͨ
2820 984 124 92 19
2956 980 60 92 2
3020 976 60 100 7
3068 1024 44 64 ]

772 1160 56 56 v
836 1140 28 76 i
872 1136 64 80 ii
1028 1160 112 72 p.,
1240 1140 44 72 1
1380 1136 88 92 1.,
1564 1136 168 80 808
1828 1144 80 68 p.
2024 1136 248 72 illus.
2388 1132 280 80 21J".
2804 1128 140 96 (H
2952 1132 88 76 al
3052 1132 72 96 f-
3132 1132 208 76 title
3356 1152 32 56 :
3484 1128 520 80 Biblioteca
4108 1152 84 56 m
4204 1128 44 80 é
4256 1132 88 76 di
4356 1152 44 56 c
4408 1148 88 60 o-

636 1244 212 96 quir
852 1244 64 80 d
920 1268 48 56 r
972 1268 56 72 g
1032 1244 32 80 i
1072 1268 100 56 ca
1312 1244 84 92 …)

648 1352 100 100 @
800 1360 224 88 July
1076 1360 132 84 15,
1260 1356 272 76 1927:
1592 1352 124 84 ic.
1772 1356 232 76 Mar.
2056 1356 80 92 7,
2188 1352 268 92 1930;
2516 1348 596 92 A-Foreign
3172 1348 268 92 6756;
3500 1348 396 96 Espasa-
3908 1348 72 80 C
3980 1372 52 52 a
4044 1352 28 72 l
4080 1368 140 72 pe,
4276 1372 68 56 s.
4400 1372 84 52 a.

800 1468 536 96 (30-16359)
4072 1456 232 84 6315

640 1624 348 100 Bible.
1132 1628 508 128 English.

824 1780 64 108 …
952 1780 236 100 The
1236 1776 308 136 Holy
1600 1772 348 120 Bible,
2000 1772 312 132 King
2368 1772 372 104 James
2792 1768 636 108 authorized
3488 1772 464 132 version,
4004 1768 488 108 contain-

640 1928 192 132 ing
892 1928 184 104 the
1140 1924 220 108 Old
1420 1932 216 100 and
1700 1928 264 96 New
2032 1928 720 128 Testaments,
2804 1924 612 100 translated
3484 1936 188 88 out
3732 1924 124 100 of
3912 1924 184 100 the
4160 1920 336 136 origi-

636 2080 184 100 nal
880 2084 512 128 tongues;
1460 2080 212 100 and
1736 2076 268 100 with
2068 2076 180 100 the
2312 2076 416 100 former
2784 2072 716 104 translations
3560 2072 596 132 diligently
4216 2104 280 72 com-

640 2232 340 128 pared
1048 2232 216 100 and
1332 2228 460 128 revised,
1852 2224 580 128 including
2492 2224 184 100 the
2744 2228 356 96 added
3172 2224 400 132 special
3644 2224 432 100 feature
4140 2224 356 100 Index

640 2388 112 92 to
808 2380 184 100 the
1052 2380 308 132 Holy
1420 2376 372 108 Bible;
1856 2372 300 132 gives
2216 2372 728 104 information
3008 2412 136 64 on
3208 2372 652 136 practically
3920 2408 212 100 any
4192 2408 304 96 ques-

640 2528 232 104 tion
932 2528 328 100 about
1316 2528 180 100 the
1552 2524 356 136 Bible,
1964 2528 540 128 arranged
2560 2524 148 132 by
2764 2524 456 132 subject,
3272 2520 588 136 scriptural
3920 2560 304 68 verse
4280 2528 216 104 and

640 2716 316 96 page,
1000 2676 432 104 enables
1484 2680 380 96 reader
1912 2684 112 92 to
2076 2672 596 104 determine
2728 2684 108 92 at
2888 2712 60 64 a
2996 2680 380 128 glance
3428 2676 188 100 the
3664 2684 312 92 exact
4020 2676 476 104 location

640 2828 124 104 of
828 2828 184 104 the
1076 2860 456 100 passage
1600 2824 424 108 desired
2092 2828 460 128 bearing
2616 2864 140 64 on
2824 2824 180 100 the
3076 2824 468 132 subject;
3616 2824 368 104 edited
4052 2832 216 100 and
4336 2864 160 68 re-

644 2976 300 104 vised
1004 2980 148 132 by
1208 2976 136 100 A.
1408 2980 320 100 Dana
1792 2976 420 104 Adams
2296 2980 64 112 …
2468 2972 596 104 associated
3136 2980 176 96 for
3372 2984 416 128 twenty
3848 3016 320 96 years
4228 2980 268 100 with

644 3128 180 104 the
872 3132 216 100 late
1148 3128 264 104 Rev.
1468 3128 124 100 F.
1652 3132 132 100 N.
1844 3124 528 104 Peloubet
2468 3140 68 104 …
2696 3124 824 136 Philadelphia,
3572 3128 236 128 Pa.,
3860 3124 136 104 A.
4052 3128 108 104 J.
4220 3128 276 104 Hol-

640 3316 252 64 man
952 3312 540 100 company
1556 3280 372 124 (°1930,

792 3476 20 56 [
816 3436 220 76 1071
1044 3472 20 60 ,
1124 3456 80 72 p.
1316 3452 48 60 c
1372 3456 48 56 o
1428 3436 56 76 l.
1540 3432 316 92 front.,
1916 3428 276 96 illus.,
2252 3452 100 60 co
2360 3436 60 72 l.
2476 3436 332 88 plates,
2864 3428 328 84 forms.
3300 3432 52 80 3
3360 3428 52 80 0
3360 3444 72 52 S
3512 3496 16 16 .

784 3548 120 76 At
960 3548 240 76 head
1260 3544 100 76 of
1416 3544 260 76 title:
1744 3544 408 76 Indexed
2216 3540 860 96 self-pronouncing
3132 3540 388 84 edition.

788 3656 248 76 "The
1100 3656 172 76 life
1340 3652 104 80 of
1512 3652 192 80 Our
1772 3652 248 76 Lord
2092 3652 276 76 Jesus
2444 3648 344 80 Christ.
2912 3652 144 92 By
3128 3652 196 80 Rev
3328 3672 20 52 .
3424 3652 324 80 James
3824 3652 484 84 Stalker":
4384 3660 48 76 1
4444 3660 48 76 5

648 3772 316 72 leaves
1028 3764 500 96 prcceding
1600 3764 152 80 the
1824 3764 224 76 New
2120 3764 572 76 Testament.

788 3876 132 76 "A
964 3896 208 56 new
1216 3872 860 96 self-pronouncing
2120 3872 532 92 dictionary
2700 3872 100 80 of
2852 3872 156 80 the
3060 3872 268 80 Bible
3392 3872 56 88 …
3532 3872 452 96 compiled
4040 3876 240 76 from
4340 3876 152 80 the

652 3988 280 76 latest
996 3984 404 80 editions
1460 3984 104 80 of
1620 3980 416 84 William
2104 3980 360 80 Smith"
2520 3980 152 96 (96
2732 4004 84 72 p.
2884 3988 100 72 at
3044 3980 228 100 end)

660 4068 92 88 ©
816 4096 244 80 June
1120 4100 72 80 7,
1248 4096 52 76 1
1308 4096 52 72 9
1364 4096 156 76 30:
1584 4096 128 76 2c.
1776 4096 244 76 June
2076 4092 160 92 10;
2300 4092 156 80 aff.
2516 4092 244 80 June
2820 4096 156 84 12;
3044 4096 80 72 A
3176 4092 332 92 23969;
3576 4092 256 80 Julia
3900 4096 104 80 E.
4064 4092 428 96 Phillips,

784 4208 316 92 Tulsa,
1144 4208 140 72 Ok
1256 4204 32 68 l
1332 4268 16 12 .
1484 4204 540 92 (30-16021)
4096 4204 232 80 6316

640 4336 520 124 Bridges,
1228 4332 668 108 Constance.

828 4488 68 112 …
964 4488 292 100 Thin
1316 4484 220 128 air;
1600 4524 56 64 a
1712 4484 684 132 Himalayan
2452 4484 600 128 interlude;
3116 4484 680 104 decorations
3852 4488 148 136 by
4060 4488 436 104 Ronald

644 4644 92 92 B
752 4676 64 60 a
820 4636 96 100 lf
924 4672 200 64 our
1204 4644 68 104 …
1456 4636 304 128 [New
1816 4636 348 124 York,
2232 4640 444 96 Brewer
2732 4640 212 96 and
3000 4636 508 132 Warren,
3560 4640 120 100 in
3684 4672 52 64 c
3748 4716 16 20 .
3836 4640 328 128 (19301

776 4792 168 76 384
1000 4808 84 72 p.
1136 4788 32 76 i
1176 4812 60 52 n
1240 4808 48 56 c
1292 4792 60 76 l.
1408 4788 288 80 front.
1748 4784 312 96 (map)
2132 4784 252 84 illus.
2500 4788 600 88 21ͨͫ.

784 4896 312 80 "First
1156 4896 444 92 printing,
1664 4896 268 92 June,
1996 4896 304 76 1930."

664 5000 92 104 O
812 5012 244 76 June
1108 5008 76 88 9,
1240 5008 268 88 1930;
1568 5008 128 80 2c.
1756 5008 240 76 June
2048 5008 160 88 14;
2272 5008 132 80 aff
2408 5068 16 16 .
2480 5008 244 76 June
2780 5008 156 76 11:
3012 5016 56 72 A
3128 5008 48 76 2
3184 5008 52 76 5
3244 5008 216 92 011;
3520 5008 520 80 Constance
4096 5008 396 96 Bridges

788 5120 56 76 J
852 5144 48 56 o
908 5140 112 56 ne
1028 5140 44 52 s
1080 5180 16 32 ,
1152 5120 224 76 New
1428 5120 280 80 York.
1836 5116 544 96 (30-16137)
4100 5116 236 84 6317

640 5248 520 124 Bridges,
1216 5248 280 124 Roy,
1556 5256 332 96 1885-

776 5396 304 132 Negr
1084 5428 60 68 o
1152 5396 280 104 head
1448 5476 20 52 ,
1552 5396 148 132 by
1784 5396 248 132 Roy
2120 5396 500 128 Bridges.
2780 5396 500 132 London,
3364 5396 708 108 Hutchinson
4160 5404 92 100 &
4340 5440 152 64 co.

644 5548 32 96 l
688 5548 152 100 td.
956 5552 188 96 193
1156 5552 92 100 01

780 5704 52 76 4
884 5724 80 72 p.
1016 5704 84 88 l.,
1156 5700 360 92 13-287,
1580 5740 20 56 [
1604 5704 120 84 1]
1744 5720 84 72 p.
1940 5704 48 72 1
2000 5700 504 88 9½ͨͫ.

660 5784 100 88 ©
820 5816 128 72 1e.
1008 5812 244 76 June
1308 5812 132 92 11,
1500 5812 112 76 19
1616 5808 104 80 30
1756 5832 16 68 ;
1836 5812 76 76 A
1972 5812 116 76 ad
2148 5812 28 76 i
2184 5836 60 52 n
2252 5816 36 72 t
2300 5876 12 12 .
2376 5808 328 92 13983;
2768 5808 276 96 puhd.
3104 5812 220 96 Apr.
3388 5812 156 92 15;
3616 5816 108 76 R.
3784 5816 424 92 Bridges,
4272 5816 220 76 Mel-

788 5924 372 92 bourne,
1204 5924 512 76 Australia.
1852 5920 544 96 (30-16254)
4096 5924 232 84 6318

648 6056 444 120 Brown,
1160 6052 292 100 Alva
1516 6052 328 108 Ross.

784 6200 240 108 Our
1100 6200 388 108 Lord's
1568 6216 280 88 most
1928 6204 460 100 sublime
2468 6208 420 124 words;
2972 6236 140 72 an
3196 6204 592 136 analytical
3876 6212 212 100 and
4172 6212 324 104 devo-

644 6352 348 104 tional
1056 6364 588 92 treatment
1708 6356 124 96 of
1896 6356 180 104 the
2140 6356 688 100 seventeenth
2900 6356 456 128 chapter
3416 6356 128 104 of
3604 6356 184 104 the
3852 6356 404 132 Gospel
4328 6400 164 64 ac-

648 6504 460 128 cording
1172 6512 108 92 to
1348 6504 336 128 John,
1744 6504 144 132 by
1952 6500 292 104 Alva
2312 6504 272 104 Ross
2652 6504 408 100 Brown
3128 6520 72 108 …
3392 6500 660 140 Kingsport,
4120 6512 376 132 Tenn.,

656 6652 548 108 Southern
1260 6652 652 132 publishers,
1964 6652 240 132 inc.,
2264 6656 288 96 1930.

784 6808 160 92 vii,
1008 6808 164 76 184
1240 6828 84 72 p.
1444 6808 288 76 front.
1784 6804 332 96 (port.)
2252 6808 224 76 17-.

664 6908 96 88 ©
812 6920 216 92 Apr.
1080 6920 136 84 18,
1268 6916 268 92 1930;
1592 6916 128 76 2c.
1772 6920 188 72 and
2012 6916 156 76 aff.
2224 6920 216 88 May
2492 6916 156 88 19;
2708 6916 72 76 A
2836 6916 328 92 24247;
3224 6916 104 84 A.
3380 6916 104 84 R.
3540 6920 368 92 Brown,
3964 6920 528 80 Kimberlin

796 7028 420 92 Heights.
1264 7028 280 76 Tenn.
1684 7028 256 92 (30-1
1952 7028 48 76 5
2008 7024 216 96 903)
4100 7028 240 84 6319

656 7156 480 132 (Brown,
1192 7160 264 96 Mrs.
1516 7152 408 104 Zenith
1996 7152 508 128 (Jones),
2576 7160 332 96 1898-

780 7304 236 104 The
1060 7300 872 100 Hammersmith
1980 7304 536 120 murders,
2564 7304 144 132 by
2752 7300 376 104 David
3176 7304 396 104 Frome
3632 7340 224 96 (pse
3860 7344 72 64 u
3940 7312 140 124 d.,
4208 7312 276 100 Lon-

644 7456 252 104 don,
948 7448 528 104 Methuen
1528 7456 88 96 &
1664 7488 152 64 co.
1872 7448 200 104 ltd.
2180 7456 188 96 193
2380 7456 64 96 0
2428 7472 40 68 ]
