<?xml version="1.0"?>
<alto xmlns="http://www.loc.gov/standards/alto/ns-v2#" xmlns:xlink="http://www.w3.org/1999/xlink" xmlns:xsi="http://www.w3.org/2001/XMLSchema-instance" xsi:schemaLocation="http://www.loc.gov/standards/alto/ns-v2# http://www.loc.gov/standards/alto/alto-v2.0.xsd">
	<Description>
		<MeasurementUnit>inch1200</MeasurementUnit>
		<sourceImageInformation>
			<fileIdentifier>catalogofcopyri271libr_001-2321.pdf_Page_0793.jpg</fileIdentifier>
		</sourceImageInformation>
		<OCRProcessing ID="OCR1">
			<ocrProcessingStep>
				<processingDateTime>2018-04-23T18:20:44</processingDateTime>
				<processingAgency>Data Conversion Laboratory</processingAgency>
				<processingSoftware>
					<softwareCreator>Prime</softwareCreator>
					<softwareName>Prime OCR</softwareName>
					<softwareVersion>4.40</softwareVersion>
				</processingSoftware>
			</ocrProcessingStep>
			<postProcessingStep>
				<processingDateTime>2018-04-25T17:34:53</processingDateTime>
				<processingAgency>Data Conversion Laboratory</processingAgency>
				<processingStepDescription>PRO -&gt; ALTO</processingStepDescription>
				<processingSoftware>
					<softwareCreator>Data Conversion Laboratory</softwareCreator>
					<softwareName>pro2alto.2018.02.27</softwareName>
					<softwareVersion>2.0</softwareVersion>
				</processingSoftware>
			</postProcessingStep>
		</OCRProcessing>
	</Description>
<Styles>
		<TextStyle ID="Style_1" FONTSIZE="8" FONTTYPE="serif" FONTWIDTH="proportional"/>
		<TextStyle ID="Style_2" FONTSIZE="8" FONTTYPE="serif" FONTWIDTH="proportional" FONTSTYLE="bold"/>
		<TextStyle ID="Style_3" FONTSIZE="8" FONTTYPE="serif" FONTWIDTH="proportional" FONTSTYLE="italics"/>
		<TextStyle ID="Style_4" FONTSIZE="7" FONTTYPE="serif" FONTWIDTH="proportional" FONTSTYLE="italics"/>
		<TextStyle ID="Style_5" FONTSIZE="7" FONTTYPE="serif" FONTWIDTH="proportional"/>
		<TextStyle ID="Style_6" FONTSIZE="10" FONTTYPE="serif" FONTWIDTH="proportional"/>
		<TextStyle ID="Style_7" FONTSIZE="7" FONTTYPE="serif" FONTWIDTH="proportional" FONTSTYLE="bold"/>
		<TextStyle ID="Style_8" FONTSIZE="6" FONTTYPE="serif" FONTWIDTH="proportional" FONTSTYLE="bold"/>
		<TextStyle ID="Style_9" FONTSIZE="6" FONTTYPE="serif" FONTWIDTH="proportional"/>
		<TextStyle ID="Style_10" FONTSIZE="6" FONTTYPE="serif" FONTWIDTH="proportional" FONTSTYLE="bold italics"/>
		<TextStyle ID="Style_11" FONTSIZE="7" FONTTYPE="serif" FONTWIDTH="proportional" FONTSTYLE="bold italics"/>
		<TextStyle ID="Style_12" FONTSIZE="5" FONTTYPE="sans-serif" FONTWIDTH="fixed" FONTSTYLE="bold underline superscript subscript"/>
		<TextStyle ID="Style_13" FONTSIZE="9" FONTTYPE="serif" FONTWIDTH="proportional"/>
		<TextStyle ID="Style_14" FONTSIZE="8" FONTTYPE="sans-serif" FONTWIDTH="fixed" FONTSTYLE="bold underline superscript subscript"/>
		<TextStyle ID="Style_15" FONTSIZE="7" FONTTYPE="sans-serif" FONTWIDTH="fixed" FONTSTYLE="bold underline superscript subscript"/>
		<TextStyle ID="Style_16" FONTSIZE="5" FONTTYPE="serif" FONTWIDTH="proportional" FONTSTYLE="bold"/>
		<TextStyle ID="Style_17" FONTSIZE="7" FONTTYPE="serif" FONTWIDTH="proportional" FONTSTYLE="superscript"/>
		<TextStyle ID="Style_18" FONTSIZE="10" FONTTYPE="serif" FONTWIDTH="proportional" FONTSTYLE="bold"/>
	</Styles>
	<Layout>
		<Page ID="Page_1" PHYSICAL_IMG_NR="1" HEIGHT="8268" WIDTH="4800">
			<PrintSpace ID="PS_1" HPOS="0" VPOS="0" HEIGHT="8268" WIDTH="4800">
				<TextBlock ID="TB_1.1" HPOS="104" VPOS="612" WIDTH="4124" HEIGHT="7220">
					<TextLine ID="TL_1.1.1" HPOS="236" VPOS="668" HEIGHT="128" WIDTH="2540">
						<String CONTENT="Academy" ID="St_1.1.1.1" HPOS="236" VPOS="672" HEIGHT="124" WIDTH="580" STYLEREFS="Style_1" WC="1" CC="0000000"/>
						<SP ID="SP_1.1.1.2" HPOS="776" VPOS="688" WIDTH="64"/>
						<String CONTENT="of" ID="St_1.1.1.3" HPOS="868" VPOS="676" HEIGHT="96" WIDTH="124" STYLEREFS="Style_2" WC="1" CC="00"/>
						<SP ID="SP_1.1.1.4" HPOS="960" VPOS="676" WIDTH="52"/>
						<String CONTENT="political" ID="St_1.1.1.5" HPOS="1040" VPOS="668" HEIGHT="128" WIDTH="496" STYLEREFS="Style_2" WC="1" CC="000000000"/>
						<SP ID="SP_1.1.1.6" HPOS="1516" VPOS="672" WIDTH="44"/>
						<String CONTENT="science," ID="St_1.1.1.7" HPOS="1588" VPOS="672" HEIGHT="124" WIDTH="472" STYLEREFS="Style_2" WC="1" CC="00000000"/>
						<SP ID="SP_1.1.1.8" HPOS="2040" VPOS="712" WIDTH="40"/>
						<String CONTENT="New" ID="St_1.1.1.9" HPOS="2108" VPOS="676" HEIGHT="96" WIDTH="268" STYLEREFS="Style_3" WC="1" CC="000"/>
						<SP ID="SP_1.1.1.10" HPOS="2324" VPOS="696" WIDTH="80"/>
						<String CONTENT="Y" ID="St_1.1.1.11" HPOS="2436" VPOS="676" HEIGHT="96" WIDTH="108" STYLEREFS="Style_3" WC="1" CC="0"/>
						<String CONTENT="or" ID="St_1.1.1.12" HPOS="2552" VPOS="708" HEIGHT="64" WIDTH="120" STYLEREFS="Style_4" WC="1" CC="00"/>
						<String CONTENT="k" ID="St_1.1.1.13" HPOS="2672" VPOS="676" HEIGHT="96" WIDTH="72" STYLEREFS="Style_4" WC="1" CC="0"/>
						<String CONTENT="." ID="St_1.1.1.14" HPOS="2756" VPOS="752" HEIGHT="20" WIDTH="20" STYLEREFS="Style_4" WC="1" CC="0"/>
					</TextLine>
					<TextLine ID="TL_1.1.2" HPOS="380" VPOS="816" HEIGHT="136" WIDTH="3696">
						<String CONTENT="&#x2026;" ID="St_1.1.2.1" HPOS="380" VPOS="900" HEIGHT="20" WIDTH="108" STYLEREFS="Style_5" WC="0.666666666666667" CC="333"/>
						<SP ID="SP_1.1.2.2" HPOS="472" VPOS="904" WIDTH="16"/>
						<String CONTENT="Public" ID="St_1.1.2.3" HPOS="548" VPOS="820" HEIGHT="100" WIDTH="392" STYLEREFS="Style_5" WC="0.866666666666667" CC="000000"/>
						<SP ID="SP_1.1.2.4" HPOS="908" VPOS="840" WIDTH="56"/>
						<String CONTENT="control" ID="St_1.1.2.5" HPOS="992" VPOS="824" HEIGHT="96" WIDTH="420" STYLEREFS="Style_5" WC="0.925555555555556" CC="0000000"/>
						<SP ID="SP_1.1.2.6" HPOS="1388" VPOS="824" WIDTH="48"/>
						<String CONTENT="of" ID="St_1.1.2.7" HPOS="1468" VPOS="816" HEIGHT="104" WIDTH="120" STYLEREFS="Style_5" WC="0.935555555555556" CC="00"/>
						<SP ID="SP_1.1.2.8" HPOS="1560" VPOS="820" WIDTH="52"/>
						<String CONTENT="power;" ID="St_1.1.2.9" HPOS="1640" VPOS="856" HEIGHT="96" WIDTH="420" STYLEREFS="Style_5" WC="0.952222222222222" CC="000000"/>
						<SP ID="SP_1.1.2.10" HPOS="2044" VPOS="840" WIDTH="44"/>
						<String CONTENT="a" ID="St_1.1.2.11" HPOS="2120" VPOS="856" HEIGHT="64" WIDTH="56" STYLEREFS="Style_5" WC="0.955555555555556" CC="0"/>
						<SP ID="SP_1.1.2.12" HPOS="2144" VPOS="840" WIDTH="60"/>
						<String CONTENT="series" ID="St_1.1.2.13" HPOS="2236" VPOS="820" HEIGHT="100" WIDTH="324" STYLEREFS="Style_5" WC="0.963333333333333" CC="000000"/>
						<SP ID="SP_1.1.2.14" HPOS="2532" VPOS="840" WIDTH="52"/>
						<String CONTENT="of" ID="St_1.1.2.15" HPOS="2612" VPOS="816" HEIGHT="100" WIDTH="120" STYLEREFS="Style_5" WC="0.966666666666667" CC="00"/>
						<SP ID="SP_1.1.2.16" HPOS="2700" VPOS="820" WIDTH="56"/>
						<String CONTENT="addresses" ID="St_1.1.2.17" HPOS="2788" VPOS="820" HEIGHT="100" WIDTH="560" STYLEREFS="Style_5" WC="0.973333333333333" CC="000000000"/>
						<SP ID="SP_1.1.2.18" HPOS="3320" VPOS="840" WIDTH="52"/>
						<String CONTENT="and" ID="St_1.1.2.19" HPOS="3404" VPOS="820" HEIGHT="100" WIDTH="212" STYLEREFS="Style_5" WC="0.974444444444444" CC="000"/>
						<SP ID="SP_1.1.2.20" HPOS="3576" VPOS="820" WIDTH="68"/>
						<String CONTENT="papers" ID="St_1.1.2.21" HPOS="3676" VPOS="852" HEIGHT="96" WIDTH="400" STYLEREFS="Style_5" WC="0.977777777777778" CC="000000"/>
					</TextLine>
					<TextLine ID="TL_1.1.3" HPOS="240" VPOS="964" HEIGHT="136" WIDTH="3836">
						<String CONTENT="presented" ID="St_1.1.3.1" HPOS="240" VPOS="968" HEIGHT="132" WIDTH="564" STYLEREFS="Style_5" WC="1" CC="000000000"/>
						<SP ID="SP_1.1.3.2" HPOS="768" VPOS="968" WIDTH="80"/>
						<String CONTENT="at" ID="St_1.1.3.3" HPOS="904" VPOS="980" HEIGHT="88" WIDTH="112" STYLEREFS="Style_5" WC="1" CC="00"/>
						<SP ID="SP_1.1.3.4" HPOS="988" VPOS="972" WIDTH="72"/>
						<String CONTENT="the" ID="St_1.1.3.5" HPOS="1112" VPOS="968" HEIGHT="100" WIDTH="180" STYLEREFS="Style_5" WC="1" CC="000"/>
						<SP ID="SP_1.1.3.6" HPOS="1264" VPOS="984" WIDTH="72"/>
						<String CONTENT="semi-annual" ID="St_1.1.3.7" HPOS="1388" VPOS="968" HEIGHT="104" WIDTH="728" STYLEREFS="Style_5" WC="1" CC="00000000000"/>
						<SP ID="SP_1.1.3.8" HPOS="2092" VPOS="968" WIDTH="68"/>
						<String CONTENT="meeting" ID="St_1.1.3.9" HPOS="2212" VPOS="964" HEIGHT="132" WIDTH="480" STYLEREFS="Style_5" WC="1" CC="0000000"/>
						<SP ID="SP_1.1.3.10" HPOS="2652" VPOS="984" WIDTH="84"/>
						<String CONTENT="of" ID="St_1.1.3.11" HPOS="2792" VPOS="964" HEIGHT="100" WIDTH="120" STYLEREFS="Style_5" WC="1" CC="00"/>
						<SP ID="SP_1.1.3.12" HPOS="2884" VPOS="968" WIDTH="72"/>
						<String CONTENT="the" ID="St_1.1.3.13" HPOS="3008" VPOS="968" HEIGHT="96" WIDTH="188" STYLEREFS="Style_5" WC="1" CC="000"/>
						<SP ID="SP_1.1.3.14" HPOS="3164" VPOS="984" WIDTH="76"/>
						<String CONTENT="Academy" ID="St_1.1.3.15" HPOS="3292" VPOS="964" HEIGHT="136" WIDTH="564" STYLEREFS="Style_5" WC="1" CC="0000000"/>
						<SP ID="SP_1.1.3.16" HPOS="3812" VPOS="984" WIDTH="88"/>
						<String CONTENT="of" ID="St_1.1.3.17" HPOS="3952" VPOS="964" HEIGHT="104" WIDTH="124" STYLEREFS="Style_5" WC="1" CC="00"/>
					</TextLine>
					<TextLine ID="TL_1.1.4" HPOS="244" VPOS="1112" HEIGHT="132" WIDTH="3828">
						<String CONTENT="political" ID="St_1.1.4.1" HPOS="244" VPOS="1116" HEIGHT="128" WIDTH="488" STYLEREFS="Style_5" WC="1" CC="000000000"/>
						<SP ID="SP_1.1.4.2" HPOS="708" VPOS="1120" WIDTH="64"/>
						<String CONTENT="science," ID="St_1.1.4.3" HPOS="820" VPOS="1116" HEIGHT="128" WIDTH="440" STYLEREFS="Style_5" WC="1" CC="00000000"/>
						<SP ID="SP_1.1.4.4" HPOS="1244" VPOS="1156" WIDTH="56"/>
						<String CONTENT="April" ID="St_1.1.4.5" HPOS="1344" VPOS="1116" HEIGHT="128" WIDTH="332" STYLEREFS="Style_5" WC="1" CC="00000"/>
						<SP ID="SP_1.1.4.6" HPOS="1652" VPOS="1120" WIDTH="68"/>
						<String CONTENT="11," ID="St_1.1.4.7" HPOS="1772" VPOS="1120" HEIGHT="124" WIDTH="156" STYLEREFS="Style_5" WC="1" CC="000"/>
						<SP ID="SP_1.1.4.8" HPOS="1908" VPOS="1156" WIDTH="60"/>
						<String CONTENT="1930," ID="St_1.1.4.9" HPOS="2020" VPOS="1120" HEIGHT="124" WIDTH="292" STYLEREFS="Style_5" WC="1" CC="00000"/>
						<SP ID="SP_1.1.4.10" HPOS="2296" VPOS="1156" WIDTH="60"/>
						<String CONTENT="edited" ID="St_1.1.4.11" HPOS="2404" VPOS="1112" HEIGHT="104" WIDTH="360" STYLEREFS="Style_5" WC="1" CC="000000"/>
						<SP ID="SP_1.1.4.12" HPOS="2724" VPOS="1120" WIDTH="80"/>
						<String CONTENT="by" ID="St_1.1.4.13" HPOS="2852" VPOS="1112" HEIGHT="132" WIDTH="148" STYLEREFS="Style_5" WC="1" CC="00"/>
						<SP ID="SP_1.1.4.14" HPOS="2956" VPOS="1136" WIDTH="84"/>
						<String CONTENT="Parker" ID="St_1.1.4.15" HPOS="3084" VPOS="1112" HEIGHT="100" WIDTH="428" STYLEREFS="Style_5" WC="1" CC="000000"/>
						<SP ID="SP_1.1.4.16" HPOS="3476" VPOS="1136" WIDTH="76"/>
						<String CONTENT="Thomas" ID="St_1.1.4.17" HPOS="3596" VPOS="1112" HEIGHT="104" WIDTH="476" STYLEREFS="Style_5" WC="1" CC="000000"/>
					</TextLine>
					<TextLine ID="TL_1.1.5" HPOS="236" VPOS="1260" HEIGHT="136" WIDTH="3836">
						<String CONTENT="M" ID="St_1.1.5.1" HPOS="236" VPOS="1264" HEIGHT="96" WIDTH="120" STYLEREFS="Style_5" WC="0.888888888888889" CC="1"/>
						<String CONTENT="o" ID="St_1.1.5.2" HPOS="360" VPOS="1280" HEIGHT="76" WIDTH="64" STYLEREFS="Style_6" WC="0.722222222222222" CC="4"/>
						<String CONTENT="on." ID="St_1.1.5.3" HPOS="432" VPOS="1300" HEIGHT="64" WIDTH="168" STYLEREFS="Style_6" WC="0.888888888888889" CC="000"/>
						<SP ID="SP_1.1.5.4" HPOS="588" VPOS="1304" WIDTH="80"/>
						<String CONTENT="[New" ID="St_1.1.5.5" HPOS="736" VPOS="1264" HEIGHT="128" WIDTH="300" STYLEREFS="Style_6" WC="0.866666666666667" CC="7000"/>
						<SP ID="SP_1.1.5.6" HPOS="984" VPOS="1284" WIDTH="76"/>
						<String CONTENT="York]" ID="St_1.1.5.7" HPOS="1088" VPOS="1264" HEIGHT="128" WIDTH="348" STYLEREFS="Style_6" WC="0.867777777777778" CC="00007"/>
						<SP ID="SP_1.1.5.8" HPOS="1420" VPOS="1296" WIDTH="44"/>
						<String CONTENT="The" ID="St_1.1.5.9" HPOS="1500" VPOS="1264" HEIGHT="100" WIDTH="232" STYLEREFS="Style_6" WC="0.894444444444444" CC="000"/>
						<SP ID="SP_1.1.5.10" HPOS="1704" VPOS="1284" WIDTH="56"/>
						<String CONTENT="Academy" ID="St_1.1.5.11" HPOS="1788" VPOS="1264" HEIGHT="132" WIDTH="560" STYLEREFS="Style_6" WC="0.924444444444444" CC="0000000"/>
						<SP ID="SP_1.1.5.12" HPOS="2308" VPOS="1284" WIDTH="68"/>
						<String CONTENT="of" ID="St_1.1.5.13" HPOS="2404" VPOS="1260" HEIGHT="104" WIDTH="120" STYLEREFS="Style_6" WC="0.931111111111111" CC="00"/>
						<SP ID="SP_1.1.5.14" HPOS="2492" VPOS="1264" WIDTH="56"/>
						<String CONTENT="political" ID="St_1.1.5.15" HPOS="2576" VPOS="1264" HEIGHT="128" WIDTH="500" STYLEREFS="Style_6" WC="0.947777777777778" CC="000000000"/>
						<SP ID="SP_1.1.5.16" HPOS="3052" VPOS="1264" WIDTH="52"/>
						<String CONTENT="science," ID="St_1.1.5.17" HPOS="3136" VPOS="1264" HEIGHT="128" WIDTH="444" STYLEREFS="Style_6" WC="0.957777777777778" CC="00000000"/>
						<SP ID="SP_1.1.5.18" HPOS="3564" VPOS="1304" WIDTH="40"/>
						<String CONTENT="Colum-" ID="St_1.1.5.19" HPOS="3632" VPOS="1260" HEIGHT="104" WIDTH="440" STYLEREFS="Style_6" WC="0.962222222222222" CC="000000"/>
					</TextLine>
					<TextLine ID="TL_1.1.6" HPOS="236" VPOS="1412" HEIGHT="132" WIDTH="1220">
						<String CONTENT="bia" ID="St_1.1.6.1" HPOS="236" VPOS="1412" HEIGHT="100" WIDTH="176" STYLEREFS="Style_6" WC="1" CC="000"/>
						<SP ID="SP_1.1.6.2" HPOS="380" VPOS="1432" WIDTH="56"/>
						<String CONTENT="university," ID="St_1.1.6.3" HPOS="464" VPOS="1412" HEIGHT="132" WIDTH="644" STYLEREFS="Style_6" WC="1" CC="00000000000"/>
						<SP ID="SP_1.1.6.4" HPOS="1092" VPOS="1452" WIDTH="48"/>
						<String CONTENT="1930." ID="St_1.1.6.5" HPOS="1168" VPOS="1420" HEIGHT="92" WIDTH="288" STYLEREFS="Style_6" WC="1" CC="00000"/>
					</TextLine>
					<TextLine ID="TL_1.1.7" HPOS="368" VPOS="1556" HEIGHT="104" WIDTH="3528">
						<String CONTENT="x" ID="St_1.1.7.1" HPOS="368" VPOS="1588" HEIGHT="52" WIDTH="60" STYLEREFS="Style_7" WC="0.888888888888889" CC="1"/>
						<String CONTENT="i." ID="St_1.1.7.2" HPOS="440" VPOS="1568" HEIGHT="72" WIDTH="56" STYLEREFS="Style_8" WC="0.74" CC="15"/>
						<SP ID="SP_1.1.7.3" HPOS="488" VPOS="1596" WIDTH="40"/>
						<String CONTENT="21" ID="St_1.1.7.4" HPOS="556" VPOS="1568" HEIGHT="72" WIDTH="104" STYLEREFS="Style_8" WC="0.87" CC="00"/>
						<String CONTENT="0" ID="St_1.1.7.5" HPOS="668" VPOS="1568" HEIGHT="76" WIDTH="56" STYLEREFS="Style_8" WC="0.888888888888889" CC="0"/>
						<SP ID="SP_1.1.7.6" HPOS="692" VPOS="1568" WIDTH="60"/>
						<String CONTENT="p." ID="St_1.1.7.7" HPOS="780" VPOS="1588" HEIGHT="72" WIDTH="80" STYLEREFS="Style_8" WC="0.922222222222222" CC="00"/>
						<SP ID="SP_1.1.7.8" HPOS="848" VPOS="1592" WIDTH="68"/>
						<String CONTENT="22&#x00BD;&#x0368;&#x036B;" ID="St_1.1.7.9" HPOS="976" VPOS="1556" HEIGHT="84" WIDTH="188" STYLEREFS="Style_8" WC="0.828888888888889" CC="0088"/>
						<String CONTENT="." ID="St_1.1.7.10" HPOS="1172" VPOS="1592" HEIGHT="44" WIDTH="20" STYLEREFS="Style_9" WC="0.805555555555556" CC="5"/>
						<SP ID="SP_1.1.7.11" HPOS="1188" VPOS="1592" WIDTH="76"/>
						<String CONTENT="(I" ID="St_1.1.7.12" HPOS="1336" VPOS="1568" HEIGHT="92" WIDTH="96" STYLEREFS="Style_10" WC="0.835555555555556" CC="00"/>
						<String CONTENT="ts" ID="St_1.1.7.13" HPOS="1440" VPOS="1568" HEIGHT="80" WIDTH="80" STYLEREFS="Style_11" WC="0.851111111111111" CC="00"/>
						<SP ID="SP_1.1.7.14" HPOS="1496" VPOS="1576" WIDTH="52"/>
						<String CONTENT="Proceedings" ID="St_1.1.7.15" HPOS="1584" VPOS="1568" HEIGHT="92" WIDTH="616" STYLEREFS="Style_11" WC="0.905555555555556" CC="00000000000"/>
						<SP ID="SP_1.1.7.16" HPOS="2176" VPOS="1572" WIDTH="60"/>
						<String CONTENT="&#x2026;" ID="St_1.1.7.17" HPOS="2272" VPOS="1608" HEIGHT="32" WIDTH="80" STYLEREFS="Style_12" WC="0.906666666666667" CC="003"/>
						<SP ID="SP_1.1.7.18" HPOS="2348" VPOS="1608" WIDTH="68"/>
						<String CONTENT="vol." ID="St_1.1.7.19" HPOS="2480" VPOS="1568" HEIGHT="76" WIDTH="176" STYLEREFS="Style_12" WC="0.904444444444445" CC="4000"/>
						<SP ID="SP_1.1.7.20" HPOS="2644" VPOS="1592" WIDTH="40"/>
						<String CONTENT="xiv," ID="St_1.1.7.21" HPOS="2716" VPOS="1572" HEIGHT="84" WIDTH="188" STYLEREFS="Style_12" WC="0.891111111111111" CC="3331"/>
						<SP ID="SP_1.1.7.22" HPOS="2892" VPOS="1592" WIDTH="40"/>
						<String CONTENT="no" ID="St_1.1.7.23" HPOS="2968" VPOS="1584" HEIGHT="56" WIDTH="112" STYLEREFS="Style_13" WC="0.882222222222222" CC="33"/>
						<String CONTENT="." ID="St_1.1.7.24" HPOS="3092" VPOS="1628" HEIGHT="16" WIDTH="20" STYLEREFS="Style_13" WC="0.884444444444444" CC="0"/>
						<SP ID="SP_1.1.7.25" HPOS="3100" VPOS="1592" WIDTH="40"/>
						<String CONTENT="1," ID="St_1.1.7.26" HPOS="3176" VPOS="1568" HEIGHT="88" WIDTH="76" STYLEREFS="Style_13" WC="0.89" CC="00"/>
						<SP ID="SP_1.1.7.27" HPOS="3236" VPOS="1592" WIDTH="44"/>
						<String CONTENT="May," ID="St_1.1.7.28" HPOS="3320" VPOS="1568" HEIGHT="88" WIDTH="240" STYLEREFS="Style_13" WC="0.9" CC="0000"/>
						<SP ID="SP_1.1.7.29" HPOS="3548" VPOS="1592" WIDTH="44"/>
						<String CONTENT="1930)" ID="St_1.1.7.30" HPOS="3628" VPOS="1564" HEIGHT="96" WIDTH="268" STYLEREFS="Style_13" WC="0.908888888888889" CC="00000"/>
					</TextLine>
					<TextLine ID="TL_1.1.8" HPOS="372" VPOS="1672" HEIGHT="96" WIDTH="3708">
						<String CONTENT="C" ID="St_1.1.8.1" HPOS="372" VPOS="1672" HEIGHT="80" WIDTH="68" STYLEREFS="Style_13" WC="0.888888888888889" CC="1"/>
						<String CONTENT="ON" ID="St_1.1.8.2" HPOS="444" VPOS="1696" HEIGHT="56" WIDTH="48" STYLEREFS="Style_13" WC="0.722222222222222" CC="4"/>
						<String CONTENT="TENTS.&#x2014;Preface.&#x2014;State" ID="St_1.1.8.3" HPOS="580" VPOS="1672" HEIGHT="80" WIDTH="1252" STYLEREFS="Style_13" WC="0.857777777777778" CC="44550000500000000000"/>
						<SP ID="SP_1.1.8.4" HPOS="1804" VPOS="1680" WIDTH="56"/>
						<String CONTENT="regulation.&#x2014;Immediate" ID="St_1.1.8.5" HPOS="1892" VPOS="1672" HEIGHT="96" WIDTH="1224" STYLEREFS="Style_13" WC="0.901111111111111" CC="00050000005000000000"/>
						<SP ID="SP_1.1.8.6" HPOS="3088" VPOS="1680" WIDTH="56"/>
						<String CONTENT="problems" ID="St_1.1.8.7" HPOS="3180" VPOS="1672" HEIGHT="92" WIDTH="460" STYLEREFS="Style_13" WC="0.917777777777778" CC="00000000"/>
						<SP ID="SP_1.1.8.8" HPOS="3616" VPOS="1680" WIDTH="52"/>
						<String CONTENT="in" ID="St_1.1.8.9" HPOS="3704" VPOS="1672" HEIGHT="76" WIDTH="96" STYLEREFS="Style_13" WC="0.922222222222222" CC="00"/>
						<SP ID="SP_1.1.8.10" HPOS="3764" VPOS="1680" WIDTH="64"/>
						<String CONTENT="pub" ID="St_1.1.8.11" HPOS="3860" VPOS="1672" HEIGHT="96" WIDTH="220" STYLEREFS="Style_13" WC="0.928888888888889" CC="0000"/>
					</TextLine>
					<TextLine ID="TL_1.1.9" HPOS="236" VPOS="1776" HEIGHT="100" WIDTH="3284">
						<String CONTENT="li" ID="St_1.1.9.1" HPOS="236" VPOS="1780" HEIGHT="76" WIDTH="68" STYLEREFS="Style_13" WC="0.888888888888889" CC="11"/>
						<String CONTENT="c" ID="St_1.1.9.2" HPOS="308" VPOS="1804" HEIGHT="56" WIDTH="48" STYLEREFS="Style_13" WC="0.777777777777778" CC="4"/>
						<SP ID="SP_1.1.9.3" HPOS="332" VPOS="1788" WIDTH="56"/>
						<String CONTENT="control" ID="St_1.1.9.4" HPOS="420" VPOS="1776" HEIGHT="84" WIDTH="384" STYLEREFS="Style_13" WC="0.898888888888889" CC="0000004"/>
						<String CONTENT="." ID="St_1.1.9.5" HPOS="840" VPOS="1828" HEIGHT="8" WIDTH="8" STYLEREFS="Style_13" WC="0.842222222222222" CC="7"/>
						<String CONTENT="&#x2014;The" ID="St_1.1.9.6" HPOS="832" VPOS="1784" HEIGHT="76" WIDTH="288" STYLEREFS="Style_13" WC="0.881111111111111" CC="0000"/>
						<SP ID="SP_1.1.9.7" HPOS="1092" VPOS="1788" WIDTH="56"/>
						<String CONTENT="future" ID="St_1.1.9.8" HPOS="1180" VPOS="1784" HEIGHT="76" WIDTH="328" STYLEREFS="Style_13" WC="0.917777777777778" CC="000000"/>
						<SP ID="SP_1.1.9.9" HPOS="1480" VPOS="1788" WIDTH="56"/>
						<String CONTENT="of" ID="St_1.1.9.10" HPOS="1568" VPOS="1784" HEIGHT="76" WIDTH="104" STYLEREFS="Style_13" WC="0.926666666666667" CC="00"/>
						<SP ID="SP_1.1.9.11" HPOS="1648" VPOS="1780" WIDTH="52"/>
						<String CONTENT="power" ID="St_1.1.9.12" HPOS="1732" VPOS="1800" HEIGHT="76" WIDTH="312" STYLEREFS="Style_13" WC="0.94" CC="00000"/>
						<SP ID="SP_1.1.9.13" HPOS="2020" VPOS="1788" WIDTH="52"/>
						<String CONTENT="supply" ID="St_1.1.9.14" HPOS="2108" VPOS="1784" HEIGHT="92" WIDTH="336" STYLEREFS="Style_13" WC="0.951111111111111" CC="000000"/>
						<SP ID="SP_1.1.9.15" HPOS="2412" VPOS="1788" WIDTH="60"/>
						<String CONTENT="and" ID="St_1.1.9.16" HPOS="2512" VPOS="1784" HEIGHT="72" WIDTH="180" STYLEREFS="Style_13" WC="0.955555555555556" CC="000"/>
						<SP ID="SP_1.1.9.17" HPOS="2660" VPOS="1780" WIDTH="60"/>
						<String CONTENT="public" ID="St_1.1.9.18" HPOS="2756" VPOS="1780" HEIGHT="96" WIDTH="312" STYLEREFS="Style_13" WC="0.962222222222222" CC="000000"/>
						<SP ID="SP_1.1.9.19" HPOS="3040" VPOS="1788" WIDTH="60"/>
						<String CONTENT="control." ID="St_1.1.9.20" HPOS="3136" VPOS="1784" HEIGHT="76" WIDTH="384" STYLEREFS="Style_13" WC="0.967777777777778" CC="00000000"/>
					</TextLine>
					<TextLine ID="TL_1.1.10" HPOS="256" VPOS="1908" HEIGHT="104" WIDTH="3816">
						<String CONTENT="&#x00A9;" ID="St_1.1.10.1" HPOS="256" VPOS="1908" HEIGHT="96" WIDTH="92" STYLEREFS="Style_13" WC="0.444444444444444" CC="5"/>
						<SP ID="SP_1.1.10.2" HPOS="300" VPOS="1908" WIDTH="76"/>
						<String CONTENT="May" ID="St_1.1.10.3" HPOS="404" VPOS="1924" HEIGHT="88" WIDTH="216" STYLEREFS="Style_13" WC="0.888888888888889" CC="000"/>
						<SP ID="SP_1.1.10.4" HPOS="588" VPOS="1932" WIDTH="52"/>
						<String CONTENT="13" ID="St_1.1.10.5" HPOS="664" VPOS="1920" HEIGHT="76" WIDTH="108" STYLEREFS="Style_13" WC="0.93" CC="00"/>
						<String CONTENT="," ID="St_1.1.10.6" HPOS="784" VPOS="1980" HEIGHT="32" WIDTH="16" STYLEREFS="Style_13" WC="0.937777777777778" CC="0"/>
						<SP ID="SP_1.1.10.7" HPOS="788" VPOS="1952" WIDTH="32"/>
						<String CONTENT="1" ID="St_1.1.10.8" HPOS="848" VPOS="1924" HEIGHT="72" WIDTH="44" STYLEREFS="Style_13" WC="0.908888888888889" CC="1"/>
						<String CONTENT="9" ID="St_1.1.10.9" HPOS="904" VPOS="1920" HEIGHT="68" WIDTH="48" STYLEREFS="Style_13" WC="0.878888888888889" CC="4"/>
						<String CONTENT="30" ID="St_1.1.10.10" HPOS="956" VPOS="1916" HEIGHT="80" WIDTH="112" STYLEREFS="Style_13" WC="0.88" CC="11"/>
						<String CONTENT=";" ID="St_1.1.10.11" HPOS="1100" VPOS="1940" HEIGHT="68" WIDTH="12" STYLEREFS="Style_13" WC="0.888888888888889" CC="0"/>
						<SP ID="SP_1.1.10.12" HPOS="1104" VPOS="1932" WIDTH="36"/>
						<String CONTENT="2c." ID="St_1.1.10.13" HPOS="1168" VPOS="1920" HEIGHT="76" WIDTH="128" STYLEREFS="Style_13" WC="0.912222222222222" CC="000"/>
						<SP ID="SP_1.1.10.14" HPOS="1284" VPOS="1952" WIDTH="48"/>
						<String CONTENT="and" ID="St_1.1.10.15" HPOS="1348" VPOS="1924" HEIGHT="72" WIDTH="180" STYLEREFS="Style_13" WC="0.897777777777778" CC="330"/>
						<SP ID="SP_1.1.10.16" HPOS="1496" VPOS="1924" WIDTH="56"/>
						<String CONTENT="aff." ID="St_1.1.10.17" HPOS="1576" VPOS="1916" HEIGHT="80" WIDTH="160" STYLEREFS="Style_13" WC="0.916666666666667" CC="0000"/>
						<SP ID="SP_1.1.10.18" HPOS="1724" VPOS="1952" WIDTH="36"/>
						<String CONTENT="May" ID="St_1.1.10.19" HPOS="1784" VPOS="1924" HEIGHT="84" WIDTH="220" STYLEREFS="Style_13" WC="0.926666666666667" CC="000"/>
						<SP ID="SP_1.1.10.20" HPOS="1972" VPOS="1932" WIDTH="52"/>
						<String CONTENT="15;" ID="St_1.1.10.21" HPOS="2052" VPOS="1916" HEIGHT="92" WIDTH="160" STYLEREFS="Style_13" WC="0.934444444444444" CC="000"/>
						<SP ID="SP_1.1.10.22" HPOS="2196" VPOS="1928" WIDTH="40"/>
						<String CONTENT="A" ID="St_1.1.10.23" HPOS="2264" VPOS="1916" HEIGHT="76" WIDTH="76" STYLEREFS="Style_13" WC="0.937777777777778" CC="0"/>
						<SP ID="SP_1.1.10.24" HPOS="2296" VPOS="1920" WIDTH="64"/>
						<String CONTENT="23412;" ID="St_1.1.10.25" HPOS="2388" VPOS="1916" HEIGHT="92" WIDTH="328" STYLEREFS="Style_13" WC="0.947777777777778" CC="000000"/>
						<SP ID="SP_1.1.10.26" HPOS="2704" VPOS="1932" WIDTH="40"/>
						<String CONTENT="Academy" ID="St_1.1.10.27" HPOS="2772" VPOS="1916" HEIGHT="92" WIDTH="468" STYLEREFS="Style_13" WC="0.955555555555556" CC="0000000"/>
						<SP ID="SP_1.1.10.28" HPOS="3208" VPOS="1932" WIDTH="52"/>
						<String CONTENT="of" ID="St_1.1.10.29" HPOS="3288" VPOS="1916" HEIGHT="80" WIDTH="100" STYLEREFS="Style_13" WC="0.957777777777778" CC="00"/>
						<SP ID="SP_1.1.10.30" HPOS="3360" VPOS="1920" WIDTH="48"/>
						<String CONTENT="political" ID="St_1.1.10.31" HPOS="3436" VPOS="1916" HEIGHT="92" WIDTH="420" STYLEREFS="Style_13" WC="0.954444444444444" CC="000000330"/>
						<SP ID="SP_1.1.10.32" HPOS="3836" VPOS="1920" WIDTH="40"/>
						<String CONTENT="sci-" ID="St_1.1.10.33" HPOS="3904" VPOS="1916" HEIGHT="80" WIDTH="168" STYLEREFS="Style_13" WC="0.956666666666667" CC="0000"/>
					</TextLine>
					<TextLine ID="TL_1.1.11" HPOS="380" VPOS="2020" HEIGHT="116" WIDTH="3528">
						<String CONTENT="ence." ID="St_1.1.11.1" HPOS="380" VPOS="2048" HEIGHT="56" WIDTH="240" STYLEREFS="Style_13" WC="1" CC="00000"/>
						<SP ID="SP_1.1.11.2" HPOS="608" VPOS="2080" WIDTH="76"/>
						<String CONTENT="(30-13620)" ID="St_1.1.11.3" HPOS="752" VPOS="2028" HEIGHT="92" WIDTH="536" STYLEREFS="Style_13" WC="1" CC="0000000000"/>
						<SP ID="SP_1.1.11.4" HPOS="1272" VPOS="2024" WIDTH="2404"/>
						<String CONTENT="5231" ID="St_1.1.11.5" HPOS="3676" VPOS="2020" HEIGHT="84" WIDTH="232" STYLEREFS="Style_13" WC="0.715555555555556" CC="0000"/>
					</TextLine>
					<TextLine ID="TL_1.1.12" HPOS="240" VPOS="2208" HEIGHT="136" WIDTH="3840">
						<String CONTENT="American" ID="St_1.1.12.1" HPOS="240" VPOS="2212" HEIGHT="100" WIDTH="608" STYLEREFS="Style_13" WC="1" CC="00000000"/>
						<SP ID="SP_1.1.12.2" HPOS="808" VPOS="2228" WIDTH="88"/>
						<String CONTENT="geographical" ID="St_1.1.12.3" HPOS="944" VPOS="2212" HEIGHT="120" WIDTH="800" STYLEREFS="Style_13" WC="1" CC="000000000000"/>
						<SP ID="SP_1.1.12.4" HPOS="1724" VPOS="2212" WIDTH="68"/>
						<String CONTENT="society" ID="St_1.1.12.5" HPOS="1844" VPOS="2208" HEIGHT="124" WIDTH="436" STYLEREFS="Style_13" WC="1" CC="0000000"/>
						<SP ID="SP_1.1.12.6" HPOS="2240" VPOS="2228" WIDTH="84"/>
						<String CONTENT="of" ID="St_1.1.12.7" HPOS="2372" VPOS="2208" HEIGHT="100" WIDTH="124" STYLEREFS="Style_13" WC="1" CC="00"/>
						<SP ID="SP_1.1.12.8" HPOS="2464" VPOS="2212" WIDTH="76"/>
						<String CONTENT="New" ID="St_1.1.12.9" HPOS="2592" VPOS="2212" HEIGHT="100" WIDTH="280" STYLEREFS="Style_13" WC="1" CC="000"/>
						<SP ID="SP_1.1.12.10" HPOS="2728" VPOS="2208" WIDTH="400"/>
						<String CONTENT="York." ID="St_1.1.12.11" HPOS="2968" VPOS="2208" HEIGHT="104" WIDTH="344" STYLEREFS="Style_13" WC="0.928888888888889" CC="00000"/>
						<SP ID="SP_1.1.12.12" HPOS="3296" VPOS="2252" WIDTH="84"/>
						<String CONTENT="School" ID="St_1.1.12.13" HPOS="3456" VPOS="2212" HEIGHT="100" WIDTH="408" STYLEREFS="Style_13" WC="0.936666666666667" CC="000000"/>
						<SP ID="SP_1.1.12.14" HPOS="3840" VPOS="2216" WIDTH="64"/>
						<String CONTENT="of" ID="St_1.1.12.15" HPOS="3956" VPOS="2216" HEIGHT="128" WIDTH="124" STYLEREFS="Style_13" WC="0.94" CC="00"/>
					</TextLine>
					<TextLine ID="TL_1.1.13" HPOS="368" VPOS="2368" HEIGHT="128" WIDTH="620">
						<String CONTENT="surveying." ID="St_1.1.13.1" HPOS="368" VPOS="2368" HEIGHT="128" WIDTH="620" STYLEREFS="Style_14" WC="1" CC="0000000000"/>
					</TextLine>
					<TextLine ID="TL_1.1.14" HPOS="384" VPOS="2536" HEIGHT="132" WIDTH="3692">
						<String CONTENT="&#x2026;" ID="St_1.1.14.1" HPOS="384" VPOS="2620" HEIGHT="16" WIDTH="104" STYLEREFS="Style_14" WC="0.666666666666667" CC="333"/>
						<SP ID="SP_1.1.14.2" HPOS="472" VPOS="2620" WIDTH="16"/>
						<String CONTENT="Star" ID="St_1.1.14.3" HPOS="568" VPOS="2536" HEIGHT="108" WIDTH="256" STYLEREFS="Style_14" WC="0.833333333333333" CC="0000"/>
						<SP ID="SP_1.1.14.4" HPOS="792" VPOS="2564" WIDTH="60"/>
						<String CONTENT="lists," ID="St_1.1.14.5" HPOS="880" VPOS="2536" HEIGHT="104" WIDTH="268" STYLEREFS="Style_14" WC="0.881111111111111" CC="000004"/>
						<SP ID="SP_1.1.14.6" HPOS="1136" VPOS="2588" WIDTH="44"/>
						<String CONTENT="being" ID="St_1.1.14.7" HPOS="1212" VPOS="2540" HEIGHT="128" WIDTH="328" STYLEREFS="Style_14" WC="0.914444444444444" CC="00000"/>
						<SP ID="SP_1.1.14.8" HPOS="1500" VPOS="2564" WIDTH="64"/>
						<String CONTENT="lists" ID="St_1.1.14.9" HPOS="1596" VPOS="2540" HEIGHT="104" WIDTH="244" STYLEREFS="Style_14" WC="0.933333333333333" CC="00000"/>
						<SP ID="SP_1.1.14.10" HPOS="1812" VPOS="2564" WIDTH="56"/>
						<String CONTENT="of" ID="St_1.1.14.11" HPOS="1896" VPOS="2540" HEIGHT="96" WIDTH="124" STYLEREFS="Style_14" WC="0.94" CC="00"/>
						<SP ID="SP_1.1.14.12" HPOS="1992" VPOS="2544" WIDTH="56"/>
						<String CONTENT="stars" ID="St_1.1.14.13" HPOS="2080" VPOS="2548" HEIGHT="92" WIDTH="280" STYLEREFS="Style_14" WC="0.95" CC="00000"/>
						<SP ID="SP_1.1.14.14" HPOS="2332" VPOS="2564" WIDTH="56"/>
						<String CONTENT="for" ID="St_1.1.14.15" HPOS="2420" VPOS="2536" HEIGHT="100" WIDTH="180" STYLEREFS="Style_14" WC="0.955555555555556" CC="000"/>
						<SP ID="SP_1.1.14.16" HPOS="2568" VPOS="2564" WIDTH="56"/>
						<String CONTENT="each" ID="St_1.1.14.17" HPOS="2656" VPOS="2540" HEIGHT="96" WIDTH="260" STYLEREFS="Style_14" WC="0.96" CC="0000"/>
						<SP ID="SP_1.1.14.18" HPOS="2872" VPOS="2544" WIDTH="72"/>
						<String CONTENT="degree" ID="St_1.1.14.19" HPOS="2980" VPOS="2540" HEIGHT="128" WIDTH="388" STYLEREFS="Style_14" WC="0.965555555555556" CC="000000"/>
						<SP ID="SP_1.1.14.20" HPOS="3336" VPOS="2564" WIDTH="60"/>
						<String CONTENT="of" ID="St_1.1.14.21" HPOS="3428" VPOS="2536" HEIGHT="100" WIDTH="120" STYLEREFS="Style_14" WC="0.966666666666667" CC="00"/>
						<SP ID="SP_1.1.14.22" HPOS="3516" VPOS="2544" WIDTH="60"/>
						<String CONTENT="latitude" ID="St_1.1.14.23" HPOS="3608" VPOS="2536" HEIGHT="104" WIDTH="468" STYLEREFS="Style_14" WC="0.972222222222222" CC="00000000"/>
					</TextLine>
					<TextLine ID="TL_1.1.15" HPOS="244" VPOS="2684" HEIGHT="132" WIDTH="3828">
						<String CONTENT="from" ID="St_1.1.15.1" HPOS="244" VPOS="2684" HEIGHT="104" WIDTH="292" STYLEREFS="Style_14" WC="1" CC="0000"/>
						<SP ID="SP_1.1.15.2" HPOS="480" VPOS="2704" WIDTH="80"/>
						<String CONTENT="6" ID="St_1.1.15.3" HPOS="588" VPOS="2692" HEIGHT="96" WIDTH="56" STYLEREFS="Style_14" WC="1" CC="0"/>
						<String CONTENT="0" ID="St_1.1.15.4" HPOS="652" VPOS="2692" HEIGHT="96" WIDTH="60" STYLEREFS="Style_14" WC="1" CC="0"/>
						<String CONTENT="0" ID="St_1.1.15.5" HPOS="704" VPOS="2688" HEIGHT="88" WIDTH="56" STYLEREFS="Style_14" WC="0.902222222222222" CC="7"/>
						<SP ID="SP_1.1.15.6" HPOS="708" VPOS="2688" WIDTH="60"/>
						<String CONTENT="north" ID="St_1.1.15.7" HPOS="828" VPOS="2692" HEIGHT="96" WIDTH="328" STYLEREFS="Style_14" WC="0.935555555555556" CC="00000"/>
						<SP ID="SP_1.1.15.8" HPOS="1096" VPOS="2688" WIDTH="80"/>
						<String CONTENT="to" ID="St_1.1.15.9" HPOS="1208" VPOS="2700" HEIGHT="88" WIDTH="112" STYLEREFS="Style_14" WC="0.946666666666667" CC="00"/>
						<SP ID="SP_1.1.15.10" HPOS="1288" VPOS="2708" WIDTH="56"/>
						<String CONTENT="60" ID="St_1.1.15.11" HPOS="1372" VPOS="2692" HEIGHT="96" WIDTH="124" STYLEREFS="Style_14" WC="0.955555555555556" CC="00"/>
						<String CONTENT="0" ID="St_1.1.15.12" HPOS="1488" VPOS="2696" HEIGHT="80" WIDTH="56" STYLEREFS="Style_15" WC="0.92" CC="7"/>
						<SP ID="SP_1.1.15.13" HPOS="1492" VPOS="2696" WIDTH="60"/>
						<String CONTENT="south" ID="St_1.1.15.14" HPOS="1616" VPOS="2688" HEIGHT="100" WIDTH="320" STYLEREFS="Style_15" WC="0.933333333333333" CC="00000"/>
						<SP ID="SP_1.1.15.15" HPOS="1896" VPOS="2688" WIDTH="64"/>
						<String CONTENT="with" ID="St_1.1.15.16" HPOS="1988" VPOS="2684" HEIGHT="104" WIDTH="272" STYLEREFS="Style_15" WC="0.944444444444444" CC="0000"/>
						<SP ID="SP_1.1.15.17" HPOS="2220" VPOS="2688" WIDTH="60"/>
						<String CONTENT="their" ID="St_1.1.15.18" HPOS="2308" VPOS="2688" HEIGHT="100" WIDTH="292" STYLEREFS="Style_15" WC="0.952222222222222" CC="00000"/>
						<SP ID="SP_1.1.15.19" HPOS="2564" VPOS="2704" WIDTH="56"/>
						<String CONTENT="approximate" ID="St_1.1.15.20" HPOS="2652" VPOS="2684" HEIGHT="132" WIDTH="760" STYLEREFS="Style_15" WC="0.964444444444444" CC="00000000000"/>
						<SP ID="SP_1.1.15.21" HPOS="3380" VPOS="2704" WIDTH="60"/>
						<String CONTENT="local" ID="St_1.1.15.22" HPOS="3472" VPOS="2688" HEIGHT="100" WIDTH="272" STYLEREFS="Style_15" WC="0.967777777777778" CC="00000"/>
						<SP ID="SP_1.1.15.23" HPOS="3720" VPOS="2692" WIDTH="48"/>
						<String CONTENT="side-" ID="St_1.1.15.24" HPOS="3800" VPOS="2684" HEIGHT="108" WIDTH="272" STYLEREFS="Style_15" WC="0.971111111111111" CC="00000"/>
					</TextLine>
					<TextLine ID="TL_1.1.16" HPOS="244" VPOS="2832" HEIGHT="136" WIDTH="3832">
						<String CONTENT="real" ID="St_1.1.16.1" HPOS="244" VPOS="2840" HEIGHT="96" WIDTH="220" STYLEREFS="Style_15" WC="1" CC="0000"/>
						<SP ID="SP_1.1.16.2" HPOS="440" VPOS="2836" WIDTH="56"/>
						<String CONTENT="times" ID="St_1.1.16.3" HPOS="532" VPOS="2836" HEIGHT="104" WIDTH="312" STYLEREFS="Style_15" WC="1" CC="00000"/>
						<SP ID="SP_1.1.16.4" HPOS="820" VPOS="2852" WIDTH="52"/>
						<String CONTENT="and" ID="St_1.1.16.5" HPOS="908" VPOS="2840" HEIGHT="100" WIDTH="212" STYLEREFS="Style_15" WC="1" CC="000"/>
						<SP ID="SP_1.1.16.6" HPOS="1084" VPOS="2836" WIDTH="68"/>
						<String CONTENT="azimuthis" ID="St_1.1.16.7" HPOS="1192" VPOS="2836" HEIGHT="100" WIDTH="540" STYLEREFS="Style_15" WC="0.874444444444444" CC="031441545"/>
						<SP ID="SP_1.1.16.8" HPOS="1704" VPOS="2856" WIDTH="60"/>
						<String CONTENT="of" ID="St_1.1.16.9" HPOS="1800" VPOS="2840" HEIGHT="100" WIDTH="124" STYLEREFS="Style_15" WC="0.888888888888889" CC="00"/>
						<SP ID="SP_1.1.16.10" HPOS="1892" VPOS="2836" WIDTH="60"/>
						<String CONTENT="crossing" ID="St_1.1.16.11" HPOS="1988" VPOS="2836" HEIGHT="132" WIDTH="488" STYLEREFS="Style_15" WC="0.916666666666667" CC="00000000"/>
						<SP ID="SP_1.1.16.12" HPOS="2436" VPOS="2852" WIDTH="68"/>
						<String CONTENT="the" ID="St_1.1.16.13" HPOS="2540" VPOS="2840" HEIGHT="96" WIDTH="180" STYLEREFS="Style_15" WC="0.907777777777778" CC="330"/>
						<SP ID="SP_1.1.16.14" HPOS="2692" VPOS="2852" WIDTH="60"/>
						<String CONTENT="altitude" ID="St_1.1.16.15" HPOS="2792" VPOS="2836" HEIGHT="100" WIDTH="464" STYLEREFS="Style_15" WC="0.924444444444444" CC="00000000"/>
						<SP ID="SP_1.1.16.16" HPOS="3224" VPOS="2852" WIDTH="60"/>
						<String CONTENT="of" ID="St_1.1.16.17" HPOS="3320" VPOS="2836" HEIGHT="100" WIDTH="124" STYLEREFS="Style_15" WC="0.928888888888889" CC="00"/>
						<SP ID="SP_1.1.16.18" HPOS="3412" VPOS="2836" WIDTH="60"/>
						<String CONTENT="60&#x00B0;," ID="St_1.1.16.19" HPOS="3512" VPOS="2840" HEIGHT="128" WIDTH="228" STYLEREFS="Style_15" WC="0.92" CC="0080"/>
						<SP ID="SP_1.1.16.20" HPOS="3724" VPOS="2876" WIDTH="44"/>
						<String CONTENT="with" ID="St_1.1.16.21" HPOS="3808" VPOS="2832" HEIGHT="104" WIDTH="268" STYLEREFS="Style_15" WC="0.925555555555556" CC="0000"/>
					</TextLine>
					<TextLine ID="TL_1.1.17" HPOS="236" VPOS="2984" HEIGHT="136" WIDTH="3836">
						<String CONTENT="magnitudes," ID="St_1.1.17.1" HPOS="236" VPOS="2984" HEIGHT="132" WIDTH="724" STYLEREFS="Style_15" WC="0.948888888888889" CC="00000000005"/>
						<SP ID="SP_1.1.17.2" HPOS="944" VPOS="3028" WIDTH="40"/>
						<String CONTENT="names," ID="St_1.1.17.3" HPOS="1016" VPOS="3020" HEIGHT="100" WIDTH="408" STYLEREFS="Style_15" WC="0.968888888888889" CC="000000"/>
						<SP ID="SP_1.1.17.4" HPOS="1408" VPOS="3028" WIDTH="44"/>
						<String CONTENT="and" ID="St_1.1.17.5" HPOS="1484" VPOS="2988" HEIGHT="100" WIDTH="216" STYLEREFS="Style_15" WC="0.974444444444444" CC="000"/>
						<SP ID="SP_1.1.17.6" HPOS="1660" VPOS="2984" WIDTH="68"/>
						<String CONTENT="approximate" ID="St_1.1.17.7" HPOS="1760" VPOS="2988" HEIGHT="128" WIDTH="764" STYLEREFS="Style_15" WC="0.983333333333333" CC="00000000000"/>
						<SP ID="SP_1.1.17.8" HPOS="2492" VPOS="3004" WIDTH="60"/>
						<String CONTENT="right" ID="St_1.1.17.9" HPOS="2588" VPOS="2984" HEIGHT="132" WIDTH="300" STYLEREFS="Style_15" WC="0.985555555555556" CC="00000"/>
						<SP ID="SP_1.1.17.10" HPOS="2860" VPOS="2992" WIDTH="56"/>
						<String CONTENT="ascensions," ID="St_1.1.17.11" HPOS="2948" VPOS="2984" HEIGHT="136" WIDTH="648" STYLEREFS="Style_15" WC="0.988888888888889" CC="00000000000"/>
						<SP ID="SP_1.1.17.12" HPOS="3576" VPOS="3028" WIDTH="48"/>
						<String CONTENT="includ-" ID="St_1.1.17.13" HPOS="3656" VPOS="2988" HEIGHT="100" WIDTH="416" STYLEREFS="Style_15" WC="0.99" CC="0000000"/>
					</TextLine>
					<TextLine ID="TL_1.1.18" HPOS="244" VPOS="3132" HEIGHT="140" WIDTH="3828">
						<String CONTENT="ing" ID="St_1.1.18.1" HPOS="244" VPOS="3136" HEIGHT="132" WIDTH="184" STYLEREFS="Style_15" WC="1" CC="000"/>
						<SP ID="SP_1.1.18.2" HPOS="388" VPOS="3152" WIDTH="72"/>
						<String CONTENT="all" ID="St_1.1.18.3" HPOS="496" VPOS="3140" HEIGHT="96" WIDTH="148" STYLEREFS="Style_15" WC="1" CC="000"/>
						<SP ID="SP_1.1.18.4" HPOS="620" VPOS="3136" WIDTH="52"/>
						<String CONTENT="stars" ID="St_1.1.18.5" HPOS="712" VPOS="3144" HEIGHT="96" WIDTH="280" STYLEREFS="Style_15" WC="1" CC="00000"/>
						<SP ID="SP_1.1.18.6" HPOS="964" VPOS="3152" WIDTH="60"/>
						<String CONTENT="for" ID="St_1.1.18.7" HPOS="1060" VPOS="3136" HEIGHT="100" WIDTH="180" STYLEREFS="Style_15" WC="1" CC="000"/>
						<SP ID="SP_1.1.18.8" HPOS="1212" VPOS="3152" WIDTH="60"/>
						<String CONTENT="which" ID="St_1.1.18.9" HPOS="1308" VPOS="3136" HEIGHT="100" WIDTH="352" STYLEREFS="Style_15" WC="1" CC="00000"/>
						<SP ID="SP_1.1.18.10" HPOS="1620" VPOS="3132" WIDTH="72"/>
						<String CONTENT="ten-day" ID="St_1.1.18.11" HPOS="1728" VPOS="3136" HEIGHT="108" WIDTH="448" STYLEREFS="Style_15" WC="0.985555555555556" CC="0000004"/>
						<SP ID="SP_1.1.18.12" HPOS="2140" VPOS="3152" WIDTH="72"/>
						<String CONTENT="places" ID="St_1.1.18.13" HPOS="2244" VPOS="3136" HEIGHT="128" WIDTH="364" STYLEREFS="Style_15" WC="0.987777777777778" CC="000000"/>
						<SP ID="SP_1.1.18.14" HPOS="2580" VPOS="3152" WIDTH="56"/>
						<String CONTENT="are" ID="St_1.1.18.15" HPOS="2676" VPOS="3172" HEIGHT="64" WIDTH="184" STYLEREFS="Style_15" WC="0.988888888888889" CC="000"/>
						<SP ID="SP_1.1.18.16" HPOS="2828" VPOS="3152" WIDTH="60"/>
						<String CONTENT="given" ID="St_1.1.18.17" HPOS="2924" VPOS="3136" HEIGHT="132" WIDTH="324" STYLEREFS="Style_15" WC="0.99" CC="00000"/>
						<SP ID="SP_1.1.18.18" HPOS="3208" VPOS="3152" WIDTH="72"/>
						<String CONTENT="for" ID="St_1.1.18.19" HPOS="3320" VPOS="3136" HEIGHT="100" WIDTH="180" STYLEREFS="Style_15" WC="0.991111111111111" CC="000"/>
						<SP ID="SP_1.1.18.20" HPOS="3468" VPOS="3152" WIDTH="60"/>
						<String CONTENT="the" ID="St_1.1.18.21" HPOS="3564" VPOS="3136" HEIGHT="100" WIDTH="184" STYLEREFS="Style_15" WC="0.991111111111111" CC="000"/>
						<SP ID="SP_1.1.18.22" HPOS="3716" VPOS="3152" WIDTH="56"/>
						<String CONTENT="year" ID="St_1.1.18.23" HPOS="3808" VPOS="3172" HEIGHT="100" WIDTH="264" STYLEREFS="Style_15" WC="0.992222222222222" CC="0000"/>
					</TextLine>
					<TextLine ID="TL_1.1.19" HPOS="240" VPOS="3280" HEIGHT="136" WIDTH="3832">
						<String CONTENT="1930" ID="St_1.1.19.1" HPOS="240" VPOS="3288" HEIGHT="96" WIDTH="256" STYLEREFS="Style_15" WC="1" CC="0000"/>
						<SP ID="SP_1.1.19.2" HPOS="460" VPOS="3288" WIDTH="60"/>
						<String CONTENT="in" ID="St_1.1.19.3" HPOS="548" VPOS="3284" HEIGHT="104" WIDTH="116" STYLEREFS="Style_15" WC="1" CC="00"/>
						<SP ID="SP_1.1.19.4" HPOS="624" VPOS="3304" WIDTH="60"/>
						<String CONTENT="the" ID="St_1.1.19.5" HPOS="712" VPOS="3288" HEIGHT="100" WIDTH="184" STYLEREFS="Style_15" WC="1" CC="000"/>
						<SP ID="SP_1.1.19.6" HPOS="864" VPOS="3304" WIDTH="52"/>
						<String CONTENT="American" ID="St_1.1.19.7" HPOS="944" VPOS="3284" HEIGHT="104" WIDTH="588" STYLEREFS="Style_15" WC="1" CC="00000000"/>
						<SP ID="SP_1.1.19.8" HPOS="1488" VPOS="3304" WIDTH="68"/>
						<String CONTENT="Ephemeris," ID="St_1.1.19.9" HPOS="1588" VPOS="3284" HEIGHT="132" WIDTH="680" STYLEREFS="Style_15" WC="1" CC="0000000000"/>
						<SP ID="SP_1.1.19.10" HPOS="2252" VPOS="3328" WIDTH="40"/>
						<String CONTENT="British" ID="St_1.1.19.11" HPOS="2324" VPOS="3280" HEIGHT="104" WIDTH="428" STYLEREFS="Style_15" WC="1" CC="0000000"/>
						<SP ID="SP_1.1.19.12" HPOS="2712" VPOS="3284" WIDTH="64"/>
						<String CONTENT="Nautical" ID="St_1.1.19.13" HPOS="2804" VPOS="3284" HEIGHT="104" WIDTH="516" STYLEREFS="Style_15" WC="0.99" CC="00400000"/>
						<SP ID="SP_1.1.19.14" HPOS="3296" VPOS="3288" WIDTH="48"/>
						<String CONTENT="almanac," ID="St_1.1.19.15" HPOS="3372" VPOS="3284" HEIGHT="128" WIDTH="532" STYLEREFS="Style_15" WC="0.991111111111111" CC="00000000"/>
						<SP ID="SP_1.1.19.16" HPOS="3888" VPOS="3324" WIDTH="36"/>
						<String CONTENT="or" ID="St_1.1.19.17" HPOS="3952" VPOS="3328" HEIGHT="64" WIDTH="120" STYLEREFS="Style_15" WC="0.992222222222222" CC="00"/>
					</TextLine>
					<TextLine ID="TL_1.1.20" HPOS="236" VPOS="3432" HEIGHT="136" WIDTH="3840">
						<String CONTENT="the" ID="St_1.1.20.1" HPOS="236" VPOS="3436" HEIGHT="100" WIDTH="176" STYLEREFS="Style_15" WC="1" CC="000"/>
						<SP ID="SP_1.1.20.2" HPOS="384" VPOS="3452" WIDTH="60"/>
						<String CONTENT="French" ID="St_1.1.20.3" HPOS="484" VPOS="3436" HEIGHT="100" WIDTH="428" STYLEREFS="Style_15" WC="1" CC="000000"/>
						<SP ID="SP_1.1.20.4" HPOS="872" VPOS="3436" WIDTH="72"/>
						<String CONTENT="Connaissance" ID="St_1.1.20.5" HPOS="984" VPOS="3436" HEIGHT="100" WIDTH="796" STYLEREFS="Style_15" WC="1" CC="000000000000"/>
						<SP ID="SP_1.1.20.6" HPOS="1748" VPOS="3452" WIDTH="64"/>
						<String CONTENT="des" ID="St_1.1.20.7" HPOS="1852" VPOS="3440" HEIGHT="96" WIDTH="184" STYLEREFS="Style_15" WC="1" CC="000"/>
						<SP ID="SP_1.1.20.8" HPOS="2008" VPOS="3456" WIDTH="56"/>
						<String CONTENT="temps," ID="St_1.1.20.9" HPOS="2104" VPOS="3444" HEIGHT="124" WIDTH="384" STYLEREFS="Style_15" WC="1" CC="000000"/>
						<SP ID="SP_1.1.20.10" HPOS="2472" VPOS="3476" WIDTH="48"/>
						<String CONTENT="also" ID="St_1.1.20.11" HPOS="2560" VPOS="3436" HEIGHT="100" WIDTH="224" STYLEREFS="Style_15" WC="1" CC="0000"/>
						<SP ID="SP_1.1.20.12" HPOS="2748" VPOS="3456" WIDTH="68"/>
						<String CONTENT="Suggestions" ID="St_1.1.20.13" HPOS="2860" VPOS="3432" HEIGHT="136" WIDTH="712" STYLEREFS="Style_15" WC="1" CC="00000000000"/>
						<SP ID="SP_1.1.20.14" HPOS="3540" VPOS="3456" WIDTH="60"/>
						<String CONTENT="for" ID="St_1.1.20.15" HPOS="3640" VPOS="3436" HEIGHT="100" WIDTH="184" STYLEREFS="Style_15" WC="1" CC="000"/>
						<SP ID="SP_1.1.20.16" HPOS="3792" VPOS="3456" WIDTH="60"/>
						<String CONTENT="the" ID="St_1.1.20.17" HPOS="3884" VPOS="3436" HEIGHT="104" WIDTH="192" STYLEREFS="Style_15" WC="1" CC="000"/>
					</TextLine>
					<TextLine ID="TL_1.1.21" HPOS="236" VPOS="3580" HEIGHT="136" WIDTH="3836">
						<String CONTENT="adjustments" ID="St_1.1.21.1" HPOS="236" VPOS="3584" HEIGHT="128" WIDTH="728" STYLEREFS="Style_15" WC="1" CC="00000000000"/>
						<SP ID="SP_1.1.21.2" HPOS="936" VPOS="3604" WIDTH="52"/>
						<String CONTENT="and" ID="St_1.1.21.3" HPOS="1020" VPOS="3588" HEIGHT="100" WIDTH="212" STYLEREFS="Style_15" WC="1" CC="000"/>
						<SP ID="SP_1.1.21.4" HPOS="1196" VPOS="3584" WIDTH="60"/>
						<String CONTENT="use" ID="St_1.1.21.5" HPOS="1288" VPOS="3620" HEIGHT="64" WIDTH="188" STYLEREFS="Style_15" WC="1" CC="000"/>
						<SP ID="SP_1.1.21.6" HPOS="1444" VPOS="3600" WIDTH="60"/>
						<String CONTENT="of" ID="St_1.1.21.7" HPOS="1532" VPOS="3584" HEIGHT="104" WIDTH="120" STYLEREFS="Style_15" WC="1" CC="00"/>
						<SP ID="SP_1.1.21.8" HPOS="1620" VPOS="3584" WIDTH="56"/>
						<String CONTENT="Reeves&apos;s" ID="St_1.1.21.9" HPOS="1704" VPOS="3580" HEIGHT="104" WIDTH="496" STYLEREFS="Style_15" WC="1" CC="00000000"/>
						<SP ID="SP_1.1.21.10" HPOS="2172" VPOS="3604" WIDTH="52"/>
						<String CONTENT="prism" ID="St_1.1.21.11" HPOS="2256" VPOS="3584" HEIGHT="132" WIDTH="348" STYLEREFS="Style_15" WC="1" CC="00000"/>
						<SP ID="SP_1.1.21.12" HPOS="2544" VPOS="3600" WIDTH="84"/>
						<String CONTENT="attachment" ID="St_1.1.21.13" HPOS="2660" VPOS="3584" HEIGHT="104" WIDTH="672" STYLEREFS="Style_15" WC="1" CC="0000000000"/>
						<SP ID="SP_1.1.21.14" HPOS="3300" VPOS="3592" WIDTH="56"/>
						<String CONTENT="for" ID="St_1.1.21.15" HPOS="3392" VPOS="3584" HEIGHT="104" WIDTH="180" STYLEREFS="Style_15" WC="1" CC="000"/>
						<SP ID="SP_1.1.21.16" HPOS="3540" VPOS="3604" WIDTH="56"/>
						<String CONTENT="theodo-" ID="St_1.1.21.17" HPOS="3628" VPOS="3588" HEIGHT="104" WIDTH="444" STYLEREFS="Style_15" WC="1" CC="0000000"/>
					</TextLine>
					<TextLine ID="TL_1.1.22" HPOS="236" VPOS="3732" HEIGHT="136" WIDTH="3840">
						<String CONTENT="lites." ID="St_1.1.22.1" HPOS="236" VPOS="3732" HEIGHT="104" WIDTH="272" STYLEREFS="Style_15" WC="1" CC="000000"/>
						<SP ID="SP_1.1.22.2" HPOS="496" VPOS="3772" WIDTH="88"/>
						<String CONTENT="New" ID="St_1.1.22.3" HPOS="660" VPOS="3736" HEIGHT="100" WIDTH="264" STYLEREFS="Style_15" WC="1" CC="000"/>
						<SP ID="SP_1.1.22.4" HPOS="872" VPOS="3752" WIDTH="92"/>
						<String CONTENT="York," ID="St_1.1.22.5" HPOS="1004" VPOS="3736" HEIGHT="108" WIDTH="344" STYLEREFS="Style_15" WC="1" CC="00000"/>
						<SP ID="SP_1.1.22.6" HPOS="1332" VPOS="3776" WIDTH="52"/>
						<String CONTENT="American" ID="St_1.1.22.7" HPOS="1428" VPOS="3732" HEIGHT="104" WIDTH="584" STYLEREFS="Style_15" WC="1" CC="00000000"/>
						<SP ID="SP_1.1.22.8" HPOS="1972" VPOS="3752" WIDTH="80"/>
						<String CONTENT="geographical" ID="St_1.1.22.9" HPOS="2092" VPOS="3732" HEIGHT="132" WIDTH="776" STYLEREFS="Style_15" WC="1" CC="000000000000"/>
						<SP ID="SP_1.1.22.10" HPOS="2848" VPOS="3736" WIDTH="60"/>
						<String CONTENT="society," ID="St_1.1.22.11" HPOS="2952" VPOS="3736" HEIGHT="132" WIDTH="440" STYLEREFS="Style_15" WC="1" CC="00000000"/>
						<SP ID="SP_1.1.22.12" HPOS="3376" VPOS="3776" WIDTH="56"/>
						<String CONTENT="School" ID="St_1.1.22.13" HPOS="3476" VPOS="3736" HEIGHT="104" WIDTH="392" STYLEREFS="Style_15" WC="1" CC="000000"/>
						<SP ID="SP_1.1.22.14" HPOS="3848" VPOS="3740" WIDTH="60"/>
						<String CONTENT="of" ID="St_1.1.22.15" HPOS="3952" VPOS="3736" HEIGHT="104" WIDTH="124" STYLEREFS="Style_15" WC="1" CC="00"/>
					</TextLine>
					<TextLine ID="TL_1.1.23" HPOS="232" VPOS="3880" HEIGHT="136" WIDTH="976">
						<String CONTENT="surveying," ID="St_1.1.23.1" HPOS="232" VPOS="3880" HEIGHT="136" WIDTH="624" STYLEREFS="Style_15" WC="1" CC="0000000000"/>
						<SP ID="SP_1.1.23.2" HPOS="844" VPOS="3928" WIDTH="44"/>
						<String CONTENT="1930." ID="St_1.1.23.3" HPOS="924" VPOS="3888" HEIGHT="100" WIDTH="284" STYLEREFS="Style_15" WC="1" CC="00000"/>
					</TextLine>
					<TextLine ID="TL_1.1.24" HPOS="380" VPOS="4036" HEIGHT="96" WIDTH="3668">
						<String CONTENT="[" ID="St_1.1.24.1" HPOS="380" VPOS="4072" HEIGHT="60" WIDTH="20" STYLEREFS="Style_15" WC="0.111111111111111" CC="8"/>
						<String CONTENT="437" ID="St_1.1.24.2" HPOS="404" VPOS="4036" HEIGHT="76" WIDTH="168" STYLEREFS="Style_15" WC="0.777777777777778" CC="000"/>
						<String CONTENT="]" ID="St_1.1.24.3" HPOS="580" VPOS="4076" HEIGHT="56" WIDTH="16" STYLEREFS="Style_15" WC="0.644444444444444" CC="8"/>
						<SP ID="SP_1.1.24.4" HPOS="584" VPOS="4052" WIDTH="40"/>
						<String CONTENT="p." ID="St_1.1.24.5" HPOS="652" VPOS="4060" HEIGHT="72" WIDTH="84" STYLEREFS="Style_15" WC="0.777777777777778" CC="00"/>
						<SP ID="SP_1.1.24.6" HPOS="724" VPOS="4064" WIDTH="36"/>
						<String CONTENT="i" ID="St_1.1.24.7" HPOS="784" VPOS="4036" HEIGHT="76" WIDTH="32" STYLEREFS="Style_15" WC="0.788888888888889" CC="3"/>
						<String CONTENT="n" ID="St_1.1.24.8" HPOS="820" VPOS="4060" HEIGHT="52" WIDTH="60" STYLEREFS="Style_15" WC="0.777777777777778" CC="3"/>
						<String CONTENT="cl" ID="St_1.1.24.9" HPOS="888" VPOS="4040" HEIGHT="72" WIDTH="80" STYLEREFS="Style_15" WC="0.777777777777778" CC="31"/>
						<String CONTENT="." ID="St_1.1.24.10" HPOS="976" VPOS="4100" HEIGHT="12" WIDTH="16" STYLEREFS="Style_15" WC="0.768888888888889" CC="3"/>
						<SP ID="SP_1.1.24.11" HPOS="980" VPOS="4064" WIDTH="40"/>
						<String CONTENT="illus.," ID="St_1.1.24.12" HPOS="1048" VPOS="4036" HEIGHT="96" WIDTH="272" STYLEREFS="Style_15" WC="0.853333333333333" CC="0000000"/>
						<SP ID="SP_1.1.24.13" HPOS="1308" VPOS="4064" WIDTH="36"/>
						<String CONTENT="diagrs.," ID="St_1.1.24.14" HPOS="1372" VPOS="4040" HEIGHT="92" WIDTH="372" STYLEREFS="Style_15" WC="0.895555555555556" CC="00000000"/>
						<SP ID="SP_1.1.24.15" HPOS="1732" VPOS="4064" WIDTH="36"/>
						<String CONTENT="forms." ID="St_1.1.24.16" HPOS="1796" VPOS="4036" HEIGHT="76" WIDTH="324" STYLEREFS="Style_15" WC="0.914444444444444" CC="000000"/>
						<SP ID="SP_1.1.24.17" HPOS="2108" VPOS="4064" WIDTH="64"/>
						<String CONTENT="27&#x00BD;" ID="St_1.1.24.18" HPOS="2224" VPOS="4036" HEIGHT="88" WIDTH="180" STYLEREFS="Style_15" WC="0.922222222222222" CC="000"/>
						<SP ID="SP_1.1.24.19" HPOS="2404" VPOS="4040" WIDTH="60"/>
						<String CONTENT="&#x00D7;" ID="St_1.1.24.20" HPOS="2420" VPOS="4060" HEIGHT="52" WIDTH="64" STYLEREFS="Style_15" WC="0.926666666666667" CC="0"/>
						<SP ID="SP_1.1.24.21" HPOS="2448" VPOS="4044" WIDTH="48"/>
						<String CONTENT="29&#x0368;&#x036b;." ID="St_1.1.24.22" HPOS="2512" VPOS="4036" HEIGHT="88" WIDTH="540" STYLEREFS="Style_16" WC="0.924444444444444" CC="11000"/>
						<SP ID="SP_1.1.24.23" HPOS="2724" VPOS="4076" WIDTH="72"/>
						<String CONTENT="(" ID="St_1.1.24.24" HPOS="2864" VPOS="4036" HEIGHT="96" WIDTH="32" STYLEREFS="Style_16" WC="0.926666666666667" CC="0"/>
						<String CONTENT="Its" ID="St_1.1.24.25" HPOS="2908" VPOS="4040" HEIGHT="72" WIDTH="144" STYLEREFS="Style_16" WC="0.931111111111111" CC="000"/>
						<SP ID="SP_1.1.24.26" HPOS="3028" VPOS="4052" WIDTH="48"/>
						<String CONTENT="Publication" ID="St_1.1.24.27" HPOS="3104" VPOS="4036" HEIGHT="80" WIDTH="588" STYLEREFS="Style_16" WC="0.943333333333333" CC="00000000000"/>
						<SP ID="SP_1.1.24.28" HPOS="3664" VPOS="4044" WIDTH="56"/>
						<String CONTENT="no." ID="St_1.1.24.29" HPOS="3748" VPOS="4060" HEIGHT="60" WIDTH="144" STYLEREFS="Style_16" WC="0.946666666666667" CC="000"/>
						<SP ID="SP_1.1.24.30" HPOS="3880" VPOS="4064" WIDTH="36"/>
						<String CONTENT="4" ID="St_1.1.24.31" HPOS="3944" VPOS="4040" HEIGHT="80" WIDTH="56" STYLEREFS="Style_16" WC="0.947777777777778" CC="0"/>
						<String CONTENT=")" ID="St_1.1.24.32" HPOS="4020" VPOS="4044" HEIGHT="76" WIDTH="28" STYLEREFS="Style_16" WC="0.942222222222222" CC="4"/>
					</TextLine>
					<TextLine ID="TL_1.1.25" HPOS="376" VPOS="4140" HEIGHT="104" WIDTH="3688">
						<String CONTENT="Lettered" ID="St_1.1.25.1" HPOS="376" VPOS="4148" HEIGHT="76" WIDTH="432" STYLEREFS="Style_16" WC="1" CC="00000000"/>
						<SP ID="SP_1.1.25.2" HPOS="776" VPOS="4140" WIDTH="60"/>
						<String CONTENT="on" ID="St_1.1.25.3" HPOS="868" VPOS="4168" HEIGHT="56" WIDTH="112" STYLEREFS="Style_16" WC="0.938888888888889" CC="33"/>
						<SP ID="SP_1.1.25.4" HPOS="952" VPOS="4148" WIDTH="60"/>
						<String CONTENT="cover:" ID="St_1.1.25.5" HPOS="1040" VPOS="4168" HEIGHT="56" WIDTH="320" STYLEREFS="Style_16" WC="0.962222222222222" CC="000000"/>
						<SP ID="SP_1.1.25.6" HPOS="1348" VPOS="4148" WIDTH="44"/>
						<String CONTENT="Complete" ID="St_1.1.25.7" HPOS="1428" VPOS="4148" HEIGHT="92" WIDTH="468" STYLEREFS="Style_16" WC="0.974444444444444" CC="00000000"/>
						<SP ID="SP_1.1.25.8" HPOS="1868" VPOS="4152" WIDTH="56"/>
						<String CONTENT="60&#x00B0;" ID="St_1.1.25.9" HPOS="1956" VPOS="4140" HEIGHT="84" WIDTH="148" STYLEREFS="Style_16" WC="0.963333333333333" CC="004"/>
						<SP ID="SP_1.1.25.10" HPOS="2056" VPOS="4140" WIDTH="64"/>
						<String CONTENT="star" ID="St_1.1.25.11" HPOS="2176" VPOS="4148" HEIGHT="76" WIDTH="204" STYLEREFS="Style_16" WC="0.968888888888889" CC="0000"/>
						<SP ID="SP_1.1.25.12" HPOS="2352" VPOS="4152" WIDTH="52"/>
						<String CONTENT="lists" ID="St_1.1.25.13" HPOS="2432" VPOS="4144" HEIGHT="80" WIDTH="212" STYLEREFS="Style_16" WC="0.973333333333333" CC="00000"/>
						<SP ID="SP_1.1.25.14" HPOS="2620" VPOS="4152" WIDTH="52"/>
						<String CONTENT="for" ID="St_1.1.25.15" HPOS="2704" VPOS="4148" HEIGHT="76" WIDTH="156" STYLEREFS="Style_16" WC="0.975555555555556" CC="000"/>
						<SP ID="SP_1.1.25.16" HPOS="2832" VPOS="4152" WIDTH="56"/>
						<String CONTENT="position" ID="St_1.1.25.17" HPOS="2916" VPOS="4148" HEIGHT="92" WIDTH="404" STYLEREFS="Style_16" WC="0.978888888888889" CC="00000000"/>
						<SP ID="SP_1.1.25.18" HPOS="3284" VPOS="4152" WIDTH="64"/>
						<String CONTENT="fixing" ID="St_1.1.25.19" HPOS="3380" VPOS="4148" HEIGHT="96" WIDTH="292" STYLEREFS="Style_16" WC="0.981111111111111" CC="000000"/>
						<SP ID="SP_1.1.25.20" HPOS="3640" VPOS="4152" WIDTH="56"/>
						<String CONTENT="by" ID="St_1.1.25.21" HPOS="3728" VPOS="4148" HEIGHT="96" WIDTH="120" STYLEREFS="Style_16" WC="0.982222222222222" CC="00"/>
						<SP ID="SP_1.1.25.22" HPOS="3816" VPOS="4152" WIDTH="60"/>
						<String CONTENT="the" ID="St_1.1.25.23" HPOS="3904" VPOS="4152" HEIGHT="76" WIDTH="160" STYLEREFS="Style_16" WC="0.983333333333333" CC="000"/>
					</TextLine>
					<TextLine ID="TL_1.1.26" HPOS="236" VPOS="4248" HEIGHT="100" WIDTH="1208">
						<String CONTENT="equal" ID="St_1.1.26.1" HPOS="236" VPOS="4256" HEIGHT="92" WIDTH="272" STYLEREFS="Style_16" WC="1" CC="00000"/>
						<SP ID="SP_1.1.26.2" HPOS="488" VPOS="4248" WIDTH="52"/>
						<String CONTENT="altitude" ID="St_1.1.26.3" HPOS="572" VPOS="4256" HEIGHT="80" WIDTH="404" STYLEREFS="Style_16" WC="0.967777777777778" CC="40000000"/>
						<SP ID="SP_1.1.26.4" HPOS="948" VPOS="4256" WIDTH="60"/>
						<String CONTENT="method." ID="St_1.1.26.5" HPOS="1040" VPOS="4260" HEIGHT="76" WIDTH="404" STYLEREFS="Style_16" WC="0.978888888888889" CC="0000000"/>
					</TextLine>
					<TextLine ID="TL_1.1.27" HPOS="372" VPOS="4364" HEIGHT="100" WIDTH="1160">
						<String CONTENT="Bibliography:" ID="St_1.1.27.1" HPOS="372" VPOS="4364" HEIGHT="96" WIDTH="724" STYLEREFS="Style_16" WC="1" CC="0000000000000"/>
						<SP ID="SP_1.1.27.2" HPOS="1084" VPOS="4372" WIDTH="40"/>
						<String CONTENT="p." ID="St_1.1.27.3" HPOS="1160" VPOS="4388" HEIGHT="72" WIDTH="84" STYLEREFS="Style_16" WC="1" CC="00"/>
						<SP ID="SP_1.1.27.4" HPOS="1232" VPOS="4392" WIDTH="44"/>
						<String CONTENT="[" ID="St_1.1.27.5" HPOS="1312" VPOS="4408" HEIGHT="56" WIDTH="24" STYLEREFS="Style_16" WC="0.95" CC="8"/>
						<String CONTENT="421" ID="St_1.1.27.6" HPOS="1336" VPOS="4368" HEIGHT="76" WIDTH="168" STYLEREFS="Style_17" WC="0.956666666666667" CC="000"/>
						<String CONTENT="]" ID="St_1.1.27.7" HPOS="1508" VPOS="4408" HEIGHT="52" WIDTH="24" STYLEREFS="Style_17" WC="0.923333333333333" CC="7"/>
					</TextLine>
					<TextLine ID="TL_1.1.28" HPOS="244" VPOS="4492" HEIGHT="108" WIDTH="3816">
						<String CONTENT="&#x00A9;" ID="St_1.1.28.1" HPOS="244" VPOS="4492" HEIGHT="96" WIDTH="92" STYLEREFS="Style_17" WC="0.555555555555556" CC="4"/>
						<SP ID="SP_1.1.28.2" HPOS="288" VPOS="4492" WIDTH="84"/>
						<String CONTENT="May" ID="St_1.1.28.3" HPOS="408" VPOS="4504" HEIGHT="88" WIDTH="220" STYLEREFS="Style_17" WC="0.911111111111111" CC="000"/>
						<SP ID="SP_1.1.28.4" HPOS="596" VPOS="4512" WIDTH="60"/>
						<String CONTENT="1," ID="St_1.1.28.5" HPOS="688" VPOS="4500" HEIGHT="92" WIDTH="76" STYLEREFS="Style_17" WC="0.944444444444444" CC="00"/>
						<SP ID="SP_1.1.28.6" HPOS="752" VPOS="4536" WIDTH="40"/>
						<String CONTENT="1930;" ID="St_1.1.28.7" HPOS="824" VPOS="4504" HEIGHT="88" WIDTH="272" STYLEREFS="Style_17" WC="0.967777777777778" CC="00000"/>
						<SP ID="SP_1.1.28.8" HPOS="1084" VPOS="4512" WIDTH="44"/>
						<String CONTENT="2c." ID="St_1.1.28.9" HPOS="1164" VPOS="4504" HEIGHT="76" WIDTH="128" STYLEREFS="Style_17" WC="0.931111111111111" CC="070"/>
						<SP ID="SP_1.1.28.10" HPOS="1284" VPOS="4536" WIDTH="40"/>
						<String CONTENT="May" ID="St_1.1.28.11" HPOS="1360" VPOS="4508" HEIGHT="88" WIDTH="220" STYLEREFS="Style_17" WC="0.944444444444444" CC="000"/>
						<SP ID="SP_1.1.28.12" HPOS="1548" VPOS="4516" WIDTH="64"/>
						<String CONTENT="5" ID="St_1.1.28.13" HPOS="1640" VPOS="4504" HEIGHT="76" WIDTH="52" STYLEREFS="Style_17" WC="0.93" CC="4"/>
						<String CONTENT=";" ID="St_1.1.28.14" HPOS="1724" VPOS="4520" HEIGHT="72" WIDTH="20" STYLEREFS="Style_17" WC="0.933333333333333" CC="0"/>
						<SP ID="SP_1.1.28.15" HPOS="1728" VPOS="4512" WIDTH="48"/>
						<String CONTENT="aff." ID="St_1.1.28.16" HPOS="1812" VPOS="4504" HEIGHT="76" WIDTH="156" STYLEREFS="Style_17" WC="0.944444444444444" CC="0000"/>
						<SP ID="SP_1.1.28.17" HPOS="1956" VPOS="4536" WIDTH="48"/>
						<String CONTENT="May" ID="St_1.1.28.18" HPOS="2040" VPOS="4504" HEIGHT="88" WIDTH="212" STYLEREFS="Style_17" WC="0.95" CC="000"/>
						<SP ID="SP_1.1.28.19" HPOS="2224" VPOS="4516" WIDTH="60"/>
						<String CONTENT="7;" ID="St_1.1.28.20" HPOS="2320" VPOS="4504" HEIGHT="88" WIDTH="100" STYLEREFS="Style_17" WC="0.954444444444444" CC="00"/>
						<SP ID="SP_1.1.28.21" HPOS="2408" VPOS="4512" WIDTH="44"/>
						<String CONTENT="A" ID="St_1.1.28.22" HPOS="2492" VPOS="4504" HEIGHT="72" WIDTH="80" STYLEREFS="Style_17" WC="0.956666666666667" CC="0"/>
						<SP ID="SP_1.1.28.23" HPOS="2528" VPOS="4504" WIDTH="72"/>
						<String CONTENT="22733;" ID="St_1.1.28.24" HPOS="2632" VPOS="4504" HEIGHT="88" WIDTH="328" STYLEREFS="Style_17" WC="0.963333333333333" CC="000000"/>
						<SP ID="SP_1.1.28.25" HPOS="2948" VPOS="4516" WIDTH="44"/>
						<String CONTENT="Amer." ID="St_1.1.28.26" HPOS="3032" VPOS="4504" HEIGHT="80" WIDTH="304" STYLEREFS="Style_17" WC="0.967777777777778" CC="00000"/>
						<SP ID="SP_1.1.28.27" HPOS="3324" VPOS="4536" WIDTH="40"/>
						<String CONTENT="geographica" ID="St_1.1.28.28" HPOS="3400" VPOS="4504" HEIGHT="96" WIDTH="616" STYLEREFS="Style_17" WC="0.957777777777778" CC="00000004113"/>
						<String CONTENT="l" ID="St_1.1.28.29" HPOS="4028" VPOS="4508" HEIGHT="76" WIDTH="32" STYLEREFS="Style_17" WC="0.956666666666667" CC="1"/>
					</TextLine>
					<TextLine ID="TL_1.1.29" HPOS="376" VPOS="4612" HEIGHT="116" WIDTH="3528">
						<String CONTENT="see.," ID="St_1.1.29.1" HPOS="376" VPOS="4628" HEIGHT="100" WIDTH="204" STYLEREFS="Style_17" WC="0.8" CC="11700"/>
						<SP ID="SP_1.1.29.2" HPOS="568" VPOS="4660" WIDTH="40"/>
						<String CONTENT="School" ID="St_1.1.29.3" HPOS="640" VPOS="4612" HEIGHT="76" WIDTH="328" STYLEREFS="Style_17" WC="0.916666666666667" CC="000000"/>
						<SP ID="SP_1.1.29.4" HPOS="948" VPOS="4632" WIDTH="44"/>
						<String CONTENT="of" ID="St_1.1.29.5" HPOS="1020" VPOS="4612" HEIGHT="76" WIDTH="100" STYLEREFS="Style_17" WC="0.933333333333333" CC="00"/>
						<SP ID="SP_1.1.29.6" HPOS="1092" VPOS="4632" WIDTH="48"/>
						<String CONTENT="surveying," ID="St_1.1.29.7" HPOS="1168" VPOS="4612" HEIGHT="96" WIDTH="524" STYLEREFS="Style_17" WC="0.961111111111111" CC="0000000000"/>
						<SP ID="SP_1.1.29.8" HPOS="1680" VPOS="4664" WIDTH="36"/>
						<String CONTENT="New" ID="St_1.1.29.9" HPOS="1748" VPOS="4612" HEIGHT="76" WIDTH="224" STYLEREFS="Style_17" WC="0.966666666666667" CC="000"/>
						<SP ID="SP_1.1.29.10" HPOS="1928" VPOS="4644" WIDTH="68"/>
						<String CONTENT="York." ID="St_1.1.29.11" HPOS="2024" VPOS="4612" HEIGHT="76" WIDTH="276" STYLEREFS="Style_17" WC="0.972222222222222" CC="00000"/>
						<SP ID="SP_1.1.29.12" HPOS="2288" VPOS="4660" WIDTH="72"/>
						<String CONTENT="(30-1364" ID="St_1.1.29.13" HPOS="2428" VPOS="4612" HEIGHT="96" WIDTH="436" STYLEREFS="Style_17" WC="0.967777777777778" CC="00004000"/>
						<String CONTENT="5" ID="St_1.1.29.14" HPOS="2872" VPOS="4612" HEIGHT="76" WIDTH="48" STYLEREFS="Style_17" WC="0.958888888888889" CC="4"/>
						<String CONTENT=")" ID="St_1.1.29.15" HPOS="2940" VPOS="4612" HEIGHT="92" WIDTH="28" STYLEREFS="Style_17" WC="0.958888888888889" CC="0"/>
						<SP ID="SP_1.1.29.16" HPOS="2948" VPOS="4624" WIDTH="728"/>
						<String CONTENT="5232" ID="St_1.1.29.17" HPOS="3676" VPOS="4612" HEIGHT="84" WIDTH="228" STYLEREFS="Style_17" WC="0.921111111111111" CC="0000"/>
					</TextLine>
					<TextLine ID="TL_1.1.30" HPOS="224" VPOS="4788" HEIGHT="128" WIDTH="1724">
						<String CONTENT="Anderson," ID="St_1.1.30.1" HPOS="224" VPOS="4788" HEIGHT="128" WIDTH="632" STYLEREFS="Style_17" WC="1" CC="000000000"/>
						<SP ID="SP_1.1.30.2" HPOS="840" VPOS="4832" WIDTH="44"/>
						<String CONTENT="Sherwood," ID="St_1.1.30.3" HPOS="916" VPOS="4792" HEIGHT="124" WIDTH="644" STYLEREFS="Style_17" WC="1" CC="000000000"/>
						<SP ID="SP_1.1.30.4" HPOS="1540" VPOS="4832" WIDTH="48"/>
						<String CONTENT="1876&#x2013;" ID="St_1.1.30.5" HPOS="1624" VPOS="4796" HEIGHT="104" WIDTH="324" STYLEREFS="Style_17" WC="1" CC="00000"/>
					</TextLine>
					<TextLine ID="TL_1.1.31" HPOS="360" VPOS="4936" HEIGHT="144" WIDTH="3704">
						<String CONTENT="Nearer" ID="St_1.1.31.1" HPOS="360" VPOS="4936" HEIGHT="100" WIDTH="412" STYLEREFS="Style_17" WC="1" CC="000000"/>
						<SP ID="SP_1.1.31.2" HPOS="740" VPOS="4960" WIDTH="64"/>
						<String CONTENT="the" ID="St_1.1.31.3" HPOS="836" VPOS="4940" HEIGHT="100" WIDTH="184" STYLEREFS="Style_17" WC="1" CC="000"/>
						<SP ID="SP_1.1.31.4" HPOS="988" VPOS="4956" WIDTH="60"/>
						<String CONTENT="grass" ID="St_1.1.31.5" HPOS="1080" VPOS="4976" HEIGHT="96" WIDTH="308" STYLEREFS="Style_17" WC="1" CC="00000"/>
						<SP ID="SP_1.1.31.6" HPOS="1360" VPOS="4956" WIDTH="56"/>
						<String CONTENT="roots," ID="St_1.1.31.7" HPOS="1452" VPOS="4952" HEIGHT="116" WIDTH="328" STYLEREFS="Style_17" WC="1" CC="000000"/>
						<SP ID="SP_1.1.31.8" HPOS="1764" VPOS="4980" WIDTH="44"/>
						<String CONTENT="by" ID="St_1.1.31.9" HPOS="1840" VPOS="4940" HEIGHT="132" WIDTH="144" STYLEREFS="Style_17" WC="1" CC="00"/>
						<SP ID="SP_1.1.31.10" HPOS="1944" VPOS="4956" WIDTH="72"/>
						<String CONTENT="Sherwood" ID="St_1.1.31.11" HPOS="2056" VPOS="4940" HEIGHT="108" WIDTH="592" STYLEREFS="Style_17" WC="1" CC="00000000"/>
						<SP ID="SP_1.1.31.12" HPOS="2608" VPOS="4940" WIDTH="68"/>
						<String CONTENT="Anderson," ID="St_1.1.31.13" HPOS="2712" VPOS="4940" HEIGHT="132" WIDTH="616" STYLEREFS="Style_17" WC="1" CC="000000000"/>
						<SP ID="SP_1.1.31.14" HPOS="3312" VPOS="4980" WIDTH="44"/>
						<String CONTENT="and" ID="St_1.1.31.15" HPOS="3392" VPOS="4948" HEIGHT="100" WIDTH="216" STYLEREFS="Style_17" WC="1" CC="000"/>
						<SP ID="SP_1.1.31.16" HPOS="3568" VPOS="4940" WIDTH="68"/>
						<String CONTENT="by" ID="St_1.1.31.17" HPOS="3668" VPOS="4948" HEIGHT="132" WIDTH="152" STYLEREFS="Style_17" WC="1" CC="00"/>
						<SP ID="SP_1.1.31.18" HPOS="3780" VPOS="4956" WIDTH="68"/>
						<String CONTENT="the" ID="St_1.1.31.19" HPOS="3880" VPOS="4948" HEIGHT="96" WIDTH="184" STYLEREFS="Style_17" WC="1" CC="000"/>
					</TextLine>
					<TextLine ID="TL_1.1.32" HPOS="224" VPOS="5088" HEIGHT="136" WIDTH="3840">
						<String CONTENT="same" ID="St_1.1.32.1" HPOS="224" VPOS="5120" HEIGHT="68" WIDTH="288" STYLEREFS="Style_17" WC="1" CC="0000"/>
						<SP ID="SP_1.1.32.2" HPOS="484" VPOS="5108" WIDTH="76"/>
						<String CONTENT="author," ID="St_1.1.32.3" HPOS="608" VPOS="5088" HEIGHT="128" WIDTH="428" STYLEREFS="Style_17" WC="1" CC="0000000"/>
						<SP ID="SP_1.1.32.4" HPOS="1020" VPOS="5128" WIDTH="56"/>
						<String CONTENT="an" ID="St_1.1.32.5" HPOS="1124" VPOS="5124" HEIGHT="64" WIDTH="140" STYLEREFS="Style_17" WC="1" CC="00"/>
						<SP ID="SP_1.1.32.6" HPOS="1224" VPOS="5112" WIDTH="84"/>
						<String CONTENT="account" ID="St_1.1.32.7" HPOS="1356" VPOS="5104" HEIGHT="88" WIDTH="452" STYLEREFS="Style_17" WC="1" CC="0000000"/>
						<SP ID="SP_1.1.32.8" HPOS="1780" VPOS="5100" WIDTH="72"/>
						<String CONTENT="of" ID="St_1.1.32.9" HPOS="1900" VPOS="5092" HEIGHT="100" WIDTH="124" STYLEREFS="Style_17" WC="1" CC="00"/>
						<SP ID="SP_1.1.32.10" HPOS="1996" VPOS="5096" WIDTH="68"/>
						<String CONTENT="a" ID="St_1.1.32.11" HPOS="2108" VPOS="5128" HEIGHT="64" WIDTH="60" STYLEREFS="Style_17" WC="1" CC="0"/>
						<SP ID="SP_1.1.32.12" HPOS="2132" VPOS="5116" WIDTH="80"/>
						<String CONTENT="j" ID="St_1.1.32.13" HPOS="2260" VPOS="5092" HEIGHT="128" WIDTH="32" STYLEREFS="Style_17" WC="1" CC="0"/>
						<String CONTENT="ourney-El" ID="St_1.1.32.14" HPOS="2308" VPOS="5092" HEIGHT="132" WIDTH="696" STYLEREFS="Style_17" WC="0.987777777777778" CC="000004000"/>
						<String CONTENT="i" ID="St_1.1.32.15" HPOS="3016" VPOS="5092" HEIGHT="96" WIDTH="28" STYLEREFS="Style_17" WC="0.988888888888889" CC="0"/>
						<String CONTENT="zabeth" ID="St_1.1.32.16" HPOS="3060" VPOS="5092" HEIGHT="100" WIDTH="384" STYLEREFS="Style_17" WC="0.98" CC="000400"/>
						<String CONTENT="to" ID="St_1.1.32.17" HPOS="3452" VPOS="5104" HEIGHT="88" WIDTH="108" STYLEREFS="Style_17" WC="0.981111111111111" CC="00"/>
						<String CONTENT="n." ID="St_1.1.32.18" HPOS="3568" VPOS="5132" HEIGHT="64" WIDTH="100" STYLEREFS="Style_17" WC="0.982222222222222" CC="00"/>
						<SP ID="SP_1.1.32.19" HPOS="3596" VPOS="5092" WIDTH="416"/>
						<String CONTENT="S" ID="St_1.1.32.20" HPOS="3836" VPOS="5092" HEIGHT="108" WIDTH="80" STYLEREFS="Style_17" WC="0.925555555555556" CC="0"/>
						<String CONTENT="an" ID="St_1.1.32.21" HPOS="3928" VPOS="5128" HEIGHT="68" WIDTH="136" STYLEREFS="Style_17" WC="0.925555555555556" CC="01"/>
					</TextLine>
					<TextLine ID="TL_1.1.33" HPOS="224" VPOS="5236" HEIGHT="136" WIDTH="2264">
						<String CONTENT="Francisco," ID="St_1.1.33.1" HPOS="224" VPOS="5236" HEIGHT="128" WIDTH="616" STYLEREFS="Style_17" WC="1" CC="0000000000"/>
						<SP ID="SP_1.1.33.2" HPOS="824" VPOS="5276" WIDTH="44"/>
						<String CONTENT="The" ID="St_1.1.33.3" HPOS="900" VPOS="5240" HEIGHT="96" WIDTH="232" STYLEREFS="Style_17" WC="1" CC="000"/>
						<SP ID="SP_1.1.33.4" HPOS="1104" VPOS="5252" WIDTH="52"/>
						<String CONTENT="Westgate" ID="St_1.1.33.5" HPOS="1184" VPOS="5240" HEIGHT="132" WIDTH="564" STYLEREFS="Style_17" WC="1" CC="00000000"/>
						<SP ID="SP_1.1.33.6" HPOS="1716" VPOS="5252" WIDTH="56"/>
						<String CONTENT="press," ID="St_1.1.33.7" HPOS="1804" VPOS="5276" HEIGHT="92" WIDTH="336" STYLEREFS="Style_17" WC="1" CC="000000"/>
						<SP ID="SP_1.1.33.8" HPOS="2124" VPOS="5276" WIDTH="44"/>
						<String CONTENT="1929." ID="St_1.1.33.9" HPOS="2200" VPOS="5244" HEIGHT="100" WIDTH="288" STYLEREFS="Style_17" WC="1" CC="00000"/>
					</TextLine>
					<TextLine ID="TL_1.1.34" HPOS="360" VPOS="5380" HEIGHT="108" WIDTH="1740">
						<String CONTENT="2" ID="St_1.1.34.1" HPOS="360" VPOS="5396" HEIGHT="72" WIDTH="52" STYLEREFS="Style_17" WC="1" CC="0"/>
						<SP ID="SP_1.1.34.2" HPOS="380" VPOS="5388" WIDTH="56"/>
						<String CONTENT="p." ID="St_1.1.34.3" HPOS="464" VPOS="5416" HEIGHT="72" WIDTH="80" STYLEREFS="Style_17" WC="1" CC="00"/>
						<SP ID="SP_1.1.34.4" HPOS="532" VPOS="5416" WIDTH="32"/>
						<String CONTENT="l.," ID="St_1.1.34.5" HPOS="592" VPOS="5396" HEIGHT="92" WIDTH="88" STYLEREFS="Style_17" WC="1" CC="000"/>
						<SP ID="SP_1.1.34.6" HPOS="664" VPOS="5416" WIDTH="36"/>
						<String CONTENT="34," ID="St_1.1.34.7" HPOS="728" VPOS="5396" HEIGHT="92" WIDTH="136" STYLEREFS="Style_17" WC="1" CC="000"/>
						<SP ID="SP_1.1.34.8" HPOS="852" VPOS="5416" WIDTH="40"/>
						<String CONTENT="[" ID="St_1.1.34.9" HPOS="924" VPOS="5396" HEIGHT="92" WIDTH="68" STYLEREFS="Style_17" WC="1" CC="0"/>
						<String CONTENT="1]" ID="St_1.1.34.10" HPOS="952" VPOS="5392" HEIGHT="84" WIDTH="120" STYLEREFS="Style_17" WC="0.944444444444444" CC="80"/>
						<SP ID="SP_1.1.34.11" HPOS="1016" VPOS="5404" WIDTH="40"/>
						<String CONTENT="p.," ID="St_1.1.34.12" HPOS="1084" VPOS="5416" HEIGHT="72" WIDTH="108" STYLEREFS="Style_17" WC="0.916666666666667" CC="150"/>
						<SP ID="SP_1.1.34.13" HPOS="1180" VPOS="5416" WIDTH="36"/>
						<String CONTENT="1" ID="St_1.1.34.14" HPOS="1244" VPOS="5400" HEIGHT="72" WIDTH="48" STYLEREFS="Style_17" WC="0.923333333333333" CC="0"/>
						<SP ID="SP_1.1.34.15" HPOS="1264" VPOS="5388" WIDTH="56"/>
						<String CONTENT="l." ID="St_1.1.34.16" HPOS="1348" VPOS="5396" HEIGHT="72" WIDTH="52" STYLEREFS="Style_17" WC="0.915555555555556" CC="04"/>
						<SP ID="SP_1.1.34.17" HPOS="1392" VPOS="5416" WIDTH="64"/>
						<String CONTENT="ill" ID="St_1.1.34.18" HPOS="1520" VPOS="5396" HEIGHT="76" WIDTH="104" STYLEREFS="Style_17" WC="0.926666666666667" CC="000"/>
						<String CONTENT="u" ID="St_1.1.34.19" HPOS="1628" VPOS="5416" HEIGHT="60" WIDTH="60" STYLEREFS="Style_17" WC="0.911111111111111" CC="5"/>
						<String CONTENT="s." ID="St_1.1.34.20" HPOS="1700" VPOS="5416" HEIGHT="60" WIDTH="68" STYLEREFS="Style_17" WC="0.916666666666667" CC="00"/>
						<SP ID="SP_1.1.34.21" HPOS="1756" VPOS="5420" WIDTH="64"/>
						<String CONTENT="23&#x0368;&#x036B;." ID="St_1.1.34.22" HPOS="1880" VPOS="5380" HEIGHT="96" WIDTH="220" STYLEREFS="Style_17" WC="0.871111111111111" CC="00785"/>
					</TextLine>
					<TextLine ID="TL_1.1.35" HPOS="364" VPOS="5500" HEIGHT="108" WIDTH="3696">
						<String CONTENT="&quot;Copy" ID="St_1.1.35.1" HPOS="364" VPOS="5504" HEIGHT="92" WIDTH="308" STYLEREFS="Style_17" WC="1" CC="00000"/>
						<SP ID="SP_1.1.35.2" HPOS="640" VPOS="5508" WIDTH="60"/>
						<String CONTENT="no." ID="St_1.1.35.3" HPOS="740" VPOS="5524" HEIGHT="56" WIDTH="140" STYLEREFS="Style_17" WC="1" CC="000"/>
						<SP ID="SP_1.1.35.4" HPOS="868" VPOS="5528" WIDTH="44"/>
						<String CONTENT="62" ID="St_1.1.35.5" HPOS="952" VPOS="5500" HEIGHT="80" WIDTH="108" STYLEREFS="Style_17" WC="1" CC="00"/>
						<SP ID="SP_1.1.35.6" HPOS="1028" VPOS="5500" WIDTH="60"/>
						<String CONTENT="of" ID="St_1.1.35.7" HPOS="1124" VPOS="5504" HEIGHT="76" WIDTH="100" STYLEREFS="Style_17" WC="1" CC="00"/>
						<SP ID="SP_1.1.35.8" HPOS="1196" VPOS="5500" WIDTH="56"/>
						<String CONTENT="an" ID="St_1.1.35.9" HPOS="1292" VPOS="5524" HEIGHT="56" WIDTH="120" STYLEREFS="Style_17" WC="0.974444444444444" CC="40"/>
						<SP ID="SP_1.1.35.10" HPOS="1376" VPOS="5512" WIDTH="68"/>
						<String CONTENT="edition" ID="St_1.1.35.11" HPOS="1480" VPOS="5504" HEIGHT="80" WIDTH="352" STYLEREFS="Style_17" WC="0.982222222222222" CC="0000000"/>
						<SP ID="SP_1.1.35.12" HPOS="1796" VPOS="5512" WIDTH="68"/>
						<String CONTENT="of" ID="St_1.1.35.13" HPOS="1900" VPOS="5504" HEIGHT="76" WIDTH="100" STYLEREFS="Style_17" WC="0.984444444444444" CC="00"/>
						<SP ID="SP_1.1.35.14" HPOS="1968" VPOS="5500" WIDTH="60"/>
						<String CONTENT="f" ID="St_1.1.35.15" HPOS="2060" VPOS="5504" HEIGHT="76" WIDTH="36" STYLEREFS="Style_17" WC="0.985555555555556" CC="0"/>
						<String CONTENT="ive" ID="St_1.1.35.16" HPOS="2096" VPOS="5504" HEIGHT="76" WIDTH="144" STYLEREFS="Style_17" WC="0.986666666666667" CC="000"/>
						<SP ID="SP_1.1.35.17" HPOS="2212" VPOS="5512" WIDTH="56"/>
						<String CONTENT="hundred" ID="St_1.1.35.18" HPOS="2304" VPOS="5504" HEIGHT="80" WIDTH="428" STYLEREFS="Style_17" WC="0.988888888888889" CC="0000000"/>
						<SP ID="SP_1.1.35.19" HPOS="2696" VPOS="5504" WIDTH="64"/>
						<String CONTENT="copies." ID="St_1.1.35.20" HPOS="2800" VPOS="5508" HEIGHT="92" WIDTH="328" STYLEREFS="Style_17" WC="0.991111111111111" CC="0000000"/>
						<SP ID="SP_1.1.35.21" HPOS="3116" VPOS="5536" WIDTH="68"/>
						<String CONTENT="Typography" ID="St_1.1.35.22" HPOS="3252" VPOS="5512" HEIGHT="92" WIDTH="624" STYLEREFS="Style_17" WC="0.992222222222222" CC="0000000000"/>
						<SP ID="SP_1.1.35.23" HPOS="3844" VPOS="5516" WIDTH="64"/>
						<String CONTENT="by" ID="St_1.1.35.24" HPOS="3944" VPOS="5516" HEIGHT="92" WIDTH="116" STYLEREFS="Style_17" WC="0.992222222222222" CC="00"/>
					</TextLine>
					<TextLine ID="TL_1.1.36" HPOS="228" VPOS="5608" HEIGHT="108" WIDTH="3832">
						<String CONTENT="the" ID="St_1.1.36.1" HPOS="228" VPOS="5612" HEIGHT="80" WIDTH="152" STYLEREFS="Style_17" WC="1" CC="000"/>
						<SP ID="SP_1.1.36.2" HPOS="356" VPOS="5616" WIDTH="52"/>
						<String CONTENT="Grabhorn" ID="St_1.1.36.3" HPOS="436" VPOS="5608" HEIGHT="80" WIDTH="492" STYLEREFS="Style_17" WC="0.934444444444444" CC="31300000"/>
						<SP ID="SP_1.1.36.4" HPOS="896" VPOS="5616" WIDTH="52"/>
						<String CONTENT="press." ID="St_1.1.36.5" HPOS="976" VPOS="5632" HEIGHT="72" WIDTH="288" STYLEREFS="Style_17" WC="0.958888888888889" CC="000000"/>
						<SP ID="SP_1.1.36.6" HPOS="1252" VPOS="5640" WIDTH="60"/>
						<String CONTENT="W" ID="St_1.1.36.7" HPOS="1364" VPOS="5612" HEIGHT="80" WIDTH="116" STYLEREFS="Style_17" WC="0.962222222222222" CC="0"/>
						<String CONTENT="o" ID="St_1.1.36.8" HPOS="1484" VPOS="5632" HEIGHT="56" WIDTH="48" STYLEREFS="Style_17" WC="0.964444444444444" CC="0"/>
						<String CONTENT="od-" ID="St_1.1.36.9" HPOS="1544" VPOS="5612" HEIGHT="76" WIDTH="148" STYLEREFS="Style_17" WC="0.968888888888889" CC="000"/>
						<String CONTENT="c" ID="St_1.1.36.10" HPOS="1700" VPOS="5632" HEIGHT="56" WIDTH="44" STYLEREFS="Style_17" WC="0.97" CC="0"/>
						<String CONTENT="uts" ID="St_1.1.36.11" HPOS="1752" VPOS="5612" HEIGHT="76" WIDTH="152" STYLEREFS="Style_17" WC="0.972222222222222" CC="000"/>
						<SP ID="SP_1.1.36.12" HPOS="1880" VPOS="5620" WIDTH="44"/>
						<String CONTENT="by" ID="St_1.1.36.13" HPOS="1952" VPOS="5612" HEIGHT="92" WIDTH="120" STYLEREFS="Style_17" WC="0.975555555555556" CC="00"/>
						<SP ID="SP_1.1.36.14" HPOS="2040" VPOS="5620" WIDTH="52"/>
						<String CONTENT="John" ID="St_1.1.36.15" HPOS="2120" VPOS="5612" HEIGHT="76" WIDTH="248" STYLEREFS="Style_17" WC="0.978888888888889" CC="0000"/>
						<SP ID="SP_1.1.36.16" HPOS="2332" VPOS="5620" WIDTH="56"/>
						<String CONTENT="Ira" ID="St_1.1.36.17" HPOS="2420" VPOS="5612" HEIGHT="76" WIDTH="156" STYLEREFS="Style_17" WC="0.98" CC="000"/>
						<SP ID="SP_1.1.36.18" HPOS="2544" VPOS="5620" WIDTH="60"/>
						<String CONTENT="Gannon." ID="St_1.1.36.19" HPOS="2632" VPOS="5612" HEIGHT="80" WIDTH="416" STYLEREFS="Style_17" WC="0.974444444444444" CC="4000000"/>
						<SP ID="SP_1.1.36.20" HPOS="3032" VPOS="5640" WIDTH="68"/>
						<String CONTENT="Each" ID="St_1.1.36.21" HPOS="3156" VPOS="5620" HEIGHT="72" WIDTH="256" STYLEREFS="Style_17" WC="0.976666666666667" CC="0000"/>
						<SP ID="SP_1.1.36.22" HPOS="3376" VPOS="5612" WIDTH="56"/>
						<String CONTENT="copy" ID="St_1.1.36.23" HPOS="3464" VPOS="5636" HEIGHT="72" WIDTH="228" STYLEREFS="Style_17" WC="0.978888888888889" CC="0000"/>
						<SP ID="SP_1.1.36.24" HPOS="3656" VPOS="5624" WIDTH="56"/>
						<String CONTENT="signed" ID="St_1.1.36.25" HPOS="3740" VPOS="5620" HEIGHT="96" WIDTH="320" STYLEREFS="Style_17" WC="0.981111111111111" CC="000000"/>
					</TextLine>
					<TextLine ID="TL_1.1.37" HPOS="224" VPOS="5716" HEIGHT="96" WIDTH="808">
						<String CONTENT="by" ID="St_1.1.37.1" HPOS="224" VPOS="5720" HEIGHT="92" WIDTH="120" STYLEREFS="Style_17" WC="1" CC="00"/>
						<SP ID="SP_1.1.37.2" HPOS="308" VPOS="5724" WIDTH="60"/>
						<String CONTENT="the" ID="St_1.1.37.3" HPOS="396" VPOS="5720" HEIGHT="76" WIDTH="160" STYLEREFS="Style_17" WC="1" CC="000"/>
						<SP ID="SP_1.1.37.4" HPOS="528" VPOS="5724" WIDTH="48"/>
						<String CONTENT="author.&quot;" ID="St_1.1.37.5" HPOS="604" VPOS="5716" HEIGHT="80" WIDTH="428" STYLEREFS="Style_17" WC="1" CC="00000000"/>
					</TextLine>
					<TextLine ID="TL_1.1.38" HPOS="244" VPOS="5844" HEIGHT="116" WIDTH="3812">
						<String CONTENT="&#x00A9;" ID="St_1.1.38.1" HPOS="244" VPOS="5844" HEIGHT="88" WIDTH="88" STYLEREFS="Style_17" WC="0.222222222222222" CC="7"/>
						<SP ID="SP_1.1.38.2" HPOS="288" VPOS="5844" WIDTH="80"/>
						<String CONTENT="July" ID="St_1.1.38.3" HPOS="400" VPOS="5852" HEIGHT="92" WIDTH="220" STYLEREFS="Style_17" WC="0.795555555555556" CC="0000"/>
						<SP ID="SP_1.1.38.4" HPOS="588" VPOS="5864" WIDTH="52"/>
						<String CONTENT="30," ID="St_1.1.38.5" HPOS="668" VPOS="5852" HEIGHT="92" WIDTH="136" STYLEREFS="Style_17" WC="0.877777777777778" CC="000"/>
						<SP ID="SP_1.1.38.6" HPOS="792" VPOS="5884" WIDTH="36"/>
						<String CONTENT="192" ID="St_1.1.38.7" HPOS="860" VPOS="5852" HEIGHT="76" WIDTH="164" STYLEREFS="Style_17" WC="0.912222222222222" CC="000"/>
						<String CONTENT="9" ID="St_1.1.38.8" HPOS="1028" VPOS="5852" HEIGHT="72" WIDTH="56" STYLEREFS="Style_17" WC="0.888888888888889" CC="4"/>
						<String CONTENT=";" ID="St_1.1.38.9" HPOS="1112" VPOS="5872" HEIGHT="72" WIDTH="20" STYLEREFS="Style_17" WC="0.895555555555556" CC="0"/>
						<SP ID="SP_1.1.38.10" HPOS="1116" VPOS="5864" WIDTH="44"/>
						<String CONTENT="2c." ID="St_1.1.38.11" HPOS="1188" VPOS="5852" HEIGHT="80" WIDTH="128" STYLEREFS="Style_17" WC="0.916666666666667" CC="000"/>
						<SP ID="SP_1.1.38.12" HPOS="1304" VPOS="5884" WIDTH="40"/>
						<String CONTENT="May" ID="St_1.1.38.13" HPOS="1376" VPOS="5856" HEIGHT="88" WIDTH="216" STYLEREFS="Style_17" WC="0.911111111111111" CC="040"/>
						<SP ID="SP_1.1.38.14" HPOS="1560" VPOS="5864" WIDTH="56"/>
						<String CONTENT="14," ID="St_1.1.38.15" HPOS="1648" VPOS="5852" HEIGHT="92" WIDTH="128" STYLEREFS="Style_17" WC="0.924444444444444" CC="000"/>
						<SP ID="SP_1.1.38.16" HPOS="1764" VPOS="5884" WIDTH="40"/>
						<String CONTENT="1" ID="St_1.1.38.17" HPOS="1836" VPOS="5856" HEIGHT="72" WIDTH="44" STYLEREFS="Style_17" WC="0.928888888888889" CC="0"/>
						<String CONTENT="0" ID="St_1.1.38.18" HPOS="1892" VPOS="5852" HEIGHT="80" WIDTH="52" STYLEREFS="Style_17" WC="0.913333333333333" CC="5"/>
						<String CONTENT="30;" ID="St_1.1.38.19" HPOS="1948" VPOS="5852" HEIGHT="92" WIDTH="156" STYLEREFS="Style_17" WC="0.914444444444444" CC="110"/>
						<SP ID="SP_1.1.38.20" HPOS="2092" VPOS="5864" WIDTH="40"/>
						<String CONTENT="aff." ID="St_1.1.38.21" HPOS="2168" VPOS="5852" HEIGHT="80" WIDTH="156" STYLEREFS="Style_17" WC="0.925555555555556" CC="0000"/>
						<SP ID="SP_1.1.38.22" HPOS="2312" VPOS="5884" WIDTH="40"/>
						<String CONTENT="May" ID="St_1.1.38.23" HPOS="2384" VPOS="5852" HEIGHT="92" WIDTH="216" STYLEREFS="Style_17" WC="0.932222222222222" CC="000"/>
						<SP ID="SP_1.1.38.24" HPOS="2564" VPOS="5864" WIDTH="60"/>
						<String CONTENT="12;" ID="St_1.1.38.25" HPOS="2656" VPOS="5852" HEIGHT="96" WIDTH="156" STYLEREFS="Style_17" WC="0.937777777777778" CC="000"/>
						<SP ID="SP_1.1.38.26" HPOS="2796" VPOS="5864" WIDTH="44"/>
						<String CONTENT="A" ID="St_1.1.38.27" HPOS="2872" VPOS="5856" HEIGHT="76" WIDTH="80" STYLEREFS="Style_17" WC="0.94" CC="0"/>
						<SP ID="SP_1.1.38.28" HPOS="2908" VPOS="5856" WIDTH="68"/>
						<String CONTENT="22880;" ID="St_1.1.38.29" HPOS="3004" VPOS="5856" HEIGHT="96" WIDTH="328" STYLEREFS="Style_17" WC="0.947777777777778" CC="000000"/>
						<SP ID="SP_1.1.38.30" HPOS="3316" VPOS="5868" WIDTH="44"/>
						<String CONTENT="S." ID="St_1.1.38.31" HPOS="3400" VPOS="5860" HEIGHT="84" WIDTH="88" STYLEREFS="Style_17" WC="0.95" CC="00"/>
						<SP ID="SP_1.1.38.32" HPOS="3472" VPOS="5892" WIDTH="40"/>
						<String CONTENT="Anderson," ID="St_1.1.38.33" HPOS="3544" VPOS="5864" HEIGHT="96" WIDTH="512" STYLEREFS="Style_17" WC="0.957777777777778" CC="000000000"/>
					</TextLine>
					<TextLine ID="TL_1.1.39" HPOS="368" VPOS="5960" HEIGHT="108" WIDTH="3520">
						<String CONTENT="Marion," ID="St_1.1.39.1" HPOS="368" VPOS="5960" HEIGHT="96" WIDTH="392" STYLEREFS="Style_17" WC="1" CC="0000000"/>
						<SP ID="SP_1.1.39.2" HPOS="748" VPOS="6012" WIDTH="36"/>
						<String CONTENT="Va." ID="St_1.1.39.3" HPOS="812" VPOS="5964" HEIGHT="76" WIDTH="164" STYLEREFS="Style_17" WC="1" CC="000"/>
						<SP ID="SP_1.1.39.4" HPOS="964" VPOS="6016" WIDTH="72"/>
						<String CONTENT="(30-13758)" ID="St_1.1.39.5" HPOS="1100" VPOS="5960" HEIGHT="96" WIDTH="540" STYLEREFS="Style_17" WC="1" CC="0000000000"/>
						<SP ID="SP_1.1.39.6" HPOS="1620" VPOS="5964" WIDTH="1976"/>
						<String CONTENT="-" ID="St_1.1.39.7" HPOS="3596" VPOS="5980" HEIGHT="4" WIDTH="12" STYLEREFS="Style_17" WC="0.746666666666667" CC="3"/>
						<SP ID="SP_1.1.39.8" HPOS="3596" VPOS="5980" WIDTH="12"/>
						<String CONTENT="52" ID="St_1.1.39.9" HPOS="3664" VPOS="5968" HEIGHT="84" WIDTH="112" STYLEREFS="Style_17" WC="0.75" CC="11"/>
						<String CONTENT="33" ID="St_1.1.39.10" HPOS="3776" VPOS="5972" HEIGHT="96" WIDTH="112" STYLEREFS="Style_17" WC="0.754444444444444" CC="11"/>
					</TextLine>
					<TextLine ID="TL_1.1.40" HPOS="224" VPOS="6140" HEIGHT="152" WIDTH="3836">
						<String CONTENT="B" ID="St_1.1.40.1" HPOS="224" VPOS="6140" HEIGHT="100" WIDTH="92" STYLEREFS="Style_18" WC="0.666666666666667" CC="3"/>
						<String CONTENT="." ID="St_1.1.40.2" HPOS="328" VPOS="6220" HEIGHT="24" WIDTH="24" STYLEREFS="Style_18" WC="0.666666666666667" CC="3"/>
						<String CONTENT="-M" ID="St_1.1.40.3" HPOS="364" VPOS="6144" HEIGHT="92" WIDTH="152" STYLEREFS="Style_18" WC="0.722222222222222" CC="13"/>
						<String CONTENT="." ID="St_1.1.40.4" HPOS="532" VPOS="6220" HEIGHT="24" WIDTH="24" STYLEREFS="Style_18" WC="0.777777777777778" CC="0"/>
						<SP ID="SP_1.1.40.5" HPOS="540" VPOS="6184" WIDTH="60"/>
						<String CONTENT="c" ID="St_1.1.40.6" HPOS="640" VPOS="6176" HEIGHT="68" WIDTH="52" STYLEREFS="Style_18" WC="0.841111111111111" CC="0"/>
						<String CONTENT="o" ID="St_1.1.40.7" HPOS="700" VPOS="6176" HEIGHT="68" WIDTH="64" STYLEREFS="Style_18" WC="0.861111111111111" CC="0"/>
						<String CONTENT=".&apos;s" ID="St_1.1.40.8" HPOS="772" VPOS="6140" HEIGHT="104" WIDTH="132" STYLEREFS="Style_18" WC="0.898888888888889" CC="000"/>
						<SP ID="SP_1.1.40.9" HPOS="872" VPOS="6160" WIDTH="68"/>
						<String CONTENT="cumulative" ID="St_1.1.40.10" HPOS="976" VPOS="6148" HEIGHT="100" WIDTH="660" STYLEREFS="Style_18" WC="0.948888888888889" CC="0000000000"/>
						<SP ID="SP_1.1.40.11" HPOS="1604" VPOS="6172" WIDTH="68"/>
						<String CONTENT="current" ID="St_1.1.40.12" HPOS="1712" VPOS="6160" HEIGHT="88" WIDTH="436" STYLEREFS="Style_18" WC="0.962222222222222" CC="0000000"/>
						<SP ID="SP_1.1.40.13" HPOS="2124" VPOS="6160" WIDTH="60"/>
						<String CONTENT="code" ID="St_1.1.40.14" HPOS="2224" VPOS="6148" HEIGHT="100" WIDTH="260" STYLEREFS="Style_18" WC="0.967777777777778" CC="0000"/>
						<SP ID="SP_1.1.40.15" HPOS="2452" VPOS="6164" WIDTH="68"/>
						<String CONTENT="ann" ID="St_1.1.40.16" HPOS="2560" VPOS="6180" HEIGHT="64" WIDTH="216" STYLEREFS="Style_18" WC="0.971111111111111" CC="000"/>
						<String CONTENT="o" ID="St_1.1.40.17" HPOS="2780" VPOS="6184" HEIGHT="64" WIDTH="60" STYLEREFS="Style_18" WC="0.972222222222222" CC="0"/>
						<String CONTENT="ta" ID="St_1.1.40.18" HPOS="2848" VPOS="6160" HEIGHT="88" WIDTH="112" STYLEREFS="Style_18" WC="0.973333333333333" CC="00"/>
						<String CONTENT="t" ID="St_1.1.40.19" HPOS="2968" VPOS="6160" HEIGHT="88" WIDTH="48" STYLEREFS="Style_18" WC="0.973333333333333" CC="0"/>
						<String CONTENT="ions," ID="St_1.1.40.20" HPOS="3020" VPOS="6148" HEIGHT="136" WIDTH="272" STYLEREFS="Style_18" WC="0.976666666666667" CC="00000"/>
						<SP ID="SP_1.1.40.21" HPOS="3276" VPOS="6192" WIDTH="48"/>
						<String CONTENT="keeping" ID="St_1.1.40.22" HPOS="3364" VPOS="6152" HEIGHT="140" WIDTH="472" STYLEREFS="Style_18" WC="0.98" CC="0000000"/>
						<SP ID="SP_1.1.40.23" HPOS="3796" VPOS="6168" WIDTH="72"/>
						<String CONTENT="up" ID="St_1.1.40.24" HPOS="3908" VPOS="6192" HEIGHT="100" WIDTH="152" STYLEREFS="Style_18" WC="0.981111111111111" CC="00"/>
					</TextLine>
					<TextLine ID="TL_1.1.41" HPOS="356" VPOS="6292" HEIGHT="148" WIDTH="3704">
						<String CONTENT="to" ID="St_1.1.41.1" HPOS="356" VPOS="6304" HEIGHT="88" WIDTH="116" STYLEREFS="Style_18" WC="1" CC="00"/>
						<SP ID="SP_1.1.41.2" HPOS="440" VPOS="6316" WIDTH="68"/>
						<String CONTENT="date" ID="St_1.1.41.3" HPOS="544" VPOS="6296" HEIGHT="100" WIDTH="244" STYLEREFS="Style_18" WC="1" CC="0000"/>
						<SP ID="SP_1.1.41.4" HPOS="760" VPOS="6308" WIDTH="64"/>
						<String CONTENT="Kerr&apos;s" ID="St_1.1.41.5" HPOS="860" VPOS="6292" HEIGHT="104" WIDTH="380" STYLEREFS="Style_18" WC="0.967777777777778" CC="400000"/>
						<SP ID="SP_1.1.41.6" HPOS="1212" VPOS="6316" WIDTH="64"/>
						<String CONTENT="c" ID="St_1.1.41.7" HPOS="1312" VPOS="6332" HEIGHT="60" WIDTH="52" STYLEREFS="Style_18" WC="0.972222222222222" CC="0"/>
						<String CONTENT="ycl" ID="St_1.1.41.8" HPOS="1368" VPOS="6296" HEIGHT="128" WIDTH="172" STYLEREFS="Style_18" WC="0.975555555555556" CC="000"/>
						<String CONTENT="o" ID="St_1.1.41.9" HPOS="1548" VPOS="6332" HEIGHT="60" WIDTH="60" STYLEREFS="Style_18" WC="0.977777777777778" CC="0"/>
						<String CONTENT="pedi" ID="St_1.1.41.10" HPOS="1616" VPOS="6292" HEIGHT="132" WIDTH="252" STYLEREFS="Style_18" WC="0.981111111111111" CC="0000"/>
						<String CONTENT="c" ID="St_1.1.41.11" HPOS="1880" VPOS="6332" HEIGHT="64" WIDTH="52" STYLEREFS="Style_18" WC="0.982222222222222" CC="0"/>
						<SP ID="SP_1.1.41.12" HPOS="1900" VPOS="6308" WIDTH="68"/>
						<String CONTENT="C" ID="St_1.1.41.13" HPOS="2004" VPOS="6292" HEIGHT="104" WIDTH="88" STYLEREFS="Style_18" WC="0.983333333333333" CC="0"/>
						<String CONTENT="alifornia" ID="St_1.1.41.14" HPOS="2104" VPOS="6292" HEIGHT="104" WIDTH="520" STYLEREFS="Style_18" WC="0.986666666666667" CC="000000000"/>
						<SP ID="SP_1.1.41.15" HPOS="2592" VPOS="6312" WIDTH="68"/>
						<String CONTENT="c" ID="St_1.1.41.16" HPOS="2700" VPOS="6336" HEIGHT="64" WIDTH="52" STYLEREFS="Style_18" WC="0.987777777777778" CC="0"/>
						<String CONTENT="o" ID="St_1.1.41.17" HPOS="2760" VPOS="6332" HEIGHT="64" WIDTH="60" STYLEREFS="Style_18" WC="0.987777777777778" CC="0"/>
						<String CONTENT="des," ID="St_1.1.41.18" HPOS="2828" VPOS="6296" HEIGHT="124" WIDTH="216" STYLEREFS="Style_18" WC="0.988888888888889" CC="0000"/>
						<SP ID="SP_1.1.41.19" HPOS="3028" VPOS="6336" WIDTH="48"/>
						<String CONTENT="Henning&apos;s" ID="St_1.1.41.20" HPOS="3116" VPOS="6300" HEIGHT="136" WIDTH="616" STYLEREFS="Style_18" WC="0.991111111111111" CC="000000000"/>
						<SP ID="SP_1.1.41.21" HPOS="3704" VPOS="6316" WIDTH="60"/>
						<String CONTENT="gen-" ID="St_1.1.41.22" HPOS="3804" VPOS="6344" HEIGHT="96" WIDTH="256" STYLEREFS="Style_18" WC="0.992222222222222" CC="0000"/>
					</TextLine>
					<TextLine ID="TL_1.1.42" HPOS="364" VPOS="6440" HEIGHT="120" WIDTH="3696">
						<String CONTENT="eral" ID="St_1.1.42.1" HPOS="364" VPOS="6448" HEIGHT="96" WIDTH="224" STYLEREFS="Style_18" WC="1" CC="0000"/>
						<SP ID="SP_1.1.42.2" HPOS="568" VPOS="6444" WIDTH="64"/>
						<String CONTENT="laws," ID="St_1.1.42.3" HPOS="676" VPOS="6448" HEIGHT="96" WIDTH="296" STYLEREFS="Style_18" WC="0.955555555555556" CC="00004"/>
						<SP ID="SP_1.1.42.4" HPOS="964" VPOS="6484" WIDTH="56"/>
						<String CONTENT="third" ID="St_1.1.42.5" HPOS="1064" VPOS="6440" HEIGHT="104" WIDTH="308" STYLEREFS="Style_18" WC="0.972222222222222" CC="00000"/>
						<SP ID="SP_1.1.42.6" HPOS="1336" VPOS="6444" WIDTH="80"/>
						<String CONTENT="edition" ID="St_1.1.42.7" HPOS="1464" VPOS="6440" HEIGHT="104" WIDTH="416" STYLEREFS="Style_18" WC="0.981111111111111" CC="0000000"/>
						<SP ID="SP_1.1.42.8" HPOS="1840" VPOS="6460" WIDTH="84"/>
						<String CONTENT="and" ID="St_1.1.42.9" HPOS="1972" VPOS="6448" HEIGHT="96" WIDTH="212" STYLEREFS="Style_18" WC="0.983333333333333" CC="000"/>
						<SP ID="SP_1.1.42.10" HPOS="2144" VPOS="6444" WIDTH="84"/>
						<String CONTENT="also" ID="St_1.1.42.11" HPOS="2276" VPOS="6444" HEIGHT="104" WIDTH="228" STYLEREFS="Style_18" WC="0.985555555555556" CC="0000"/>
						<SP ID="SP_1.1.42.12" HPOS="2468" VPOS="6460" WIDTH="76"/>
						<String CONTENT="code" ID="St_1.1.42.13" HPOS="2592" VPOS="6448" HEIGHT="100" WIDTH="260" STYLEREFS="Style_18" WC="0.987777777777778" CC="0000"/>
						<SP ID="SP_1.1.42.14" HPOS="2820" VPOS="6460" WIDTH="76"/>
						<String CONTENT="cases" ID="St_1.1.42.15" HPOS="2944" VPOS="6484" HEIGHT="72" WIDTH="288" STYLEREFS="Style_18" WC="0.988888888888889" CC="00000"/>
						<SP ID="SP_1.1.42.16" HPOS="3204" VPOS="6468" WIDTH="68"/>
						<String CONTENT="from" ID="St_1.1.42.17" HPOS="3320" VPOS="6452" HEIGHT="104" WIDTH="296" STYLEREFS="Style_18" WC="0.99" CC="0000"/>
						<SP ID="SP_1.1.42.18" HPOS="3560" VPOS="6468" WIDTH="96"/>
						<String CONTENT="Idaho" ID="St_1.1.42.19" HPOS="3704" VPOS="6456" HEIGHT="104" WIDTH="356" STYLEREFS="Style_18" WC="0.991111111111111" CC="00000"/>
					</TextLine>
					<TextLine ID="TL_1.1.43" HPOS="360" VPOS="6592" HEIGHT="148" WIDTH="3700">
						<String CONTENT="and" ID="St_1.1.43.1" HPOS="360" VPOS="6592" HEIGHT="100" WIDTH="216" STYLEREFS="Style_18" WC="1" CC="000"/>
						<SP ID="SP_1.1.43.2" HPOS="540" VPOS="6592" WIDTH="56"/>
						<String CONTENT="Montana" ID="St_1.1.43.3" HPOS="620" VPOS="6592" HEIGHT="100" WIDTH="536" STYLEREFS="Style_18" WC="1" CC="0000000"/>
						<SP ID="SP_1.1.43.4" HPOS="1124" VPOS="6608" WIDTH="64"/>
						<String CONTENT="&#x2026;" ID="St_1.1.43.5" HPOS="1216" VPOS="6676" HEIGHT="16" WIDTH="104" STYLEREFS="Style_18" WC="1" CC="000"/>
						<SP ID="SP_1.1.43.6" HPOS="1308" VPOS="6656" WIDTH="40"/>
						<String CONTENT="bringing" ID="St_1.1.43.7" HPOS="1376" VPOS="6592" HEIGHT="132" WIDTH="528" STYLEREFS="Style_18" WC="1" CC="00000000"/>
						<SP ID="SP_1.1.43.8" HPOS="1864" VPOS="6608" WIDTH="60"/>
						<String CONTENT="decisions" ID="St_1.1.43.9" HPOS="1952" VPOS="6592" HEIGHT="104" WIDTH="536" STYLEREFS="Style_18" WC="1" CC="000000000"/>
						<SP ID="SP_1.1.43.10" HPOS="2460" VPOS="6612" WIDTH="48"/>
						<String CONTENT="down" ID="St_1.1.43.11" HPOS="2532" VPOS="6592" HEIGHT="100" WIDTH="320" STYLEREFS="Style_18" WC="0.987777777777778" CC="4000"/>
						<SP ID="SP_1.1.43.12" HPOS="2812" VPOS="6612" WIDTH="60"/>
						<String CONTENT="to" ID="St_1.1.43.13" HPOS="2900" VPOS="6608" HEIGHT="92" WIDTH="112" STYLEREFS="Style_18" WC="0.988888888888889" CC="00"/>
						<SP ID="SP_1.1.43.14" HPOS="2976" VPOS="6612" WIDTH="60"/>
						<String CONTENT="79" ID="St_1.1.43.15" HPOS="3060" VPOS="6596" HEIGHT="104" WIDTH="124" STYLEREFS="Style_18" WC="0.99" CC="00"/>
						<SP ID="SP_1.1.43.16" HPOS="3152" VPOS="6596" WIDTH="60"/>
						<String CONTENT="Cal.," ID="St_1.1.43.17" HPOS="3244" VPOS="6600" HEIGHT="116" WIDTH="268" STYLEREFS="Style_18" WC="0.991111111111111" CC="00000"/>
						<SP ID="SP_1.1.43.18" HPOS="3496" VPOS="6640" WIDTH="40"/>
						<String CONTENT="dec." ID="St_1.1.43.19" HPOS="3560" VPOS="6608" HEIGHT="96" WIDTH="216" STYLEREFS="Style_18" WC="0.991111111111111" CC="0000"/>
						<SP ID="SP_1.1.43.20" HPOS="3764" VPOS="6640" WIDTH="40"/>
						<String CONTENT="142," ID="St_1.1.43.21" HPOS="3836" VPOS="6612" HEIGHT="128" WIDTH="224" STYLEREFS="Style_18" WC="0.992222222222222" CC="0000"/>
					</TextLine>
					<TextLine ID="TL_1.1.44" HPOS="360" VPOS="6740" HEIGHT="144" WIDTH="3700">
						<String CONTENT="60" ID="St_1.1.44.1" HPOS="360" VPOS="6748" HEIGHT="92" WIDTH="128" STYLEREFS="Style_18" WC="1" CC="00"/>
						<SP ID="SP_1.1.44.2" HPOS="452" VPOS="6744" WIDTH="72"/>
						<String CONTENT="Cal." ID="St_1.1.44.3" HPOS="568" VPOS="6740" HEIGHT="104" WIDTH="232" STYLEREFS="Style_18" WC="1" CC="0000"/>
						<SP ID="SP_1.1.44.4" HPOS="788" VPOS="6780" WIDTH="52"/>
						<String CONTENT="app." ID="St_1.1.44.5" HPOS="884" VPOS="6776" HEIGHT="96" WIDTH="252" STYLEREFS="Style_18" WC="1" CC="0000"/>
						<SP ID="SP_1.1.44.6" HPOS="1124" VPOS="6780" WIDTH="52"/>
						<String CONTENT="dec." ID="St_1.1.44.7" HPOS="1220" VPOS="6744" HEIGHT="100" WIDTH="216" STYLEREFS="Style_18" WC="1" CC="0000"/>
						<SP ID="SP_1.1.44.8" HPOS="1424" VPOS="6780" WIDTH="64"/>
						<String CONTENT="1010," ID="St_1.1.44.9" HPOS="1540" VPOS="6748" HEIGHT="124" WIDTH="280" STYLEREFS="Style_18" WC="1" CC="00000"/>
						<SP ID="SP_1.1.44.10" HPOS="1804" VPOS="6784" WIDTH="52"/>
						<String CONTENT="284" ID="St_1.1.44.11" HPOS="1900" VPOS="6744" HEIGHT="92" WIDTH="192" STYLEREFS="Style_18" WC="0.974444444444444" CC="033"/>
						<SP ID="SP_1.1.44.12" HPOS="2032" VPOS="6744" WIDTH="100"/>
						<String CONTENT="Pac." ID="St_1.1.44.13" HPOS="2172" VPOS="6740" HEIGHT="104" WIDTH="256" STYLEREFS="Style_18" WC="0.975555555555556" CC="0000"/>
						<SP ID="SP_1.1.44.14" HPOS="2412" VPOS="6784" WIDTH="56"/>
						<String CONTENT="1119" ID="St_1.1.44.15" HPOS="2516" VPOS="6752" HEIGHT="92" WIDTH="252" STYLEREFS="Style_18" WC="0.978888888888889" CC="0000"/>
						<SP ID="SP_1.1.44.16" HPOS="2736" VPOS="6748" WIDTH="80"/>
						<String CONTENT="(California." ID="St_1.1.44.17" HPOS="2872" VPOS="6744" HEIGHT="132" WIDTH="704" STYLEREFS="Style_18" WC="0.975555555555556" CC="000000000004"/>
						<SP ID="SP_1.1.44.18" HPOS="3572" VPOS="6788" WIDTH="52"/>
						<String CONTENT="Idaho," ID="St_1.1.44.19" HPOS="3668" VPOS="6756" HEIGHT="128" WIDTH="392" STYLEREFS="Style_18" WC="0.977777777777778" CC="000000"/>
					</TextLine>
					<TextLine ID="TL_1.1.45" HPOS="372" VPOS="6884" HEIGHT="144" WIDTH="3688">
						<String CONTENT="and" ID="St_1.1.45.1" HPOS="372" VPOS="6884" HEIGHT="104" WIDTH="216" STYLEREFS="Style_18" WC="1" CC="000"/>
						<SP ID="SP_1.1.45.2" HPOS="552" VPOS="6884" WIDTH="60"/>
						<String CONTENT="Montana" ID="St_1.1.45.3" HPOS="640" VPOS="6884" HEIGHT="104" WIDTH="532" STYLEREFS="Style_18" WC="1" CC="0000000"/>
						<SP ID="SP_1.1.45.4" HPOS="1136" VPOS="6904" WIDTH="64"/>
						<String CONTENT="cases)" ID="St_1.1.45.5" HPOS="1228" VPOS="6884" HEIGHT="132" WIDTH="340" STYLEREFS="Style_18" WC="1" CC="000000"/>
						<SP ID="SP_1.1.45.6" HPOS="1548" VPOS="6884" WIDTH="224"/>
						<String CONTENT="[v" ID="St_1.1.45.7" HPOS="1724" VPOS="6920" HEIGHT="92" WIDTH="100" STYLEREFS="Style_18" WC="0.911111111111111" CC="70"/>
						<String CONTENT="." ID="St_1.1.45.8" HPOS="1832" VPOS="6968" HEIGHT="20" WIDTH="20" STYLEREFS="Style_18" WC="0.915555555555556" CC="0"/>
						<SP ID="SP_1.1.45.9" HPOS="1836" VPOS="6928" WIDTH="44"/>
						<String CONTENT="9," ID="St_1.1.45.10" HPOS="1912" VPOS="6892" HEIGHT="124" WIDTH="96" STYLEREFS="Style_18" WC="0.924444444444444" CC="00"/>
						<SP ID="SP_1.1.45.11" HPOS="1992" VPOS="6928" WIDTH="36"/>
						<String CONTENT="no." ID="St_1.1.45.12" HPOS="2056" VPOS="6920" HEIGHT="68" WIDTH="172" STYLEREFS="Style_18" WC="0.933333333333333" CC="000"/>
						<SP ID="SP_1.1.45.13" HPOS="2216" VPOS="6928" WIDTH="40"/>
						<String CONTENT="1," ID="St_1.1.45.14" HPOS="2292" VPOS="6892" HEIGHT="124" WIDTH="92" STYLEREFS="Style_18" WC="0.938888888888889" CC="00"/>
						<SP ID="SP_1.1.45.15" HPOS="2368" VPOS="6928" WIDTH="36"/>
						<String CONTENT="May," ID="St_1.1.45.16" HPOS="2432" VPOS="6884" HEIGHT="136" WIDTH="304" STYLEREFS="Style_18" WC="0.946666666666667" CC="0000"/>
						<SP ID="SP_1.1.45.17" HPOS="2720" VPOS="6928" WIDTH="44"/>
						<String CONTENT="193" ID="St_1.1.45.18" HPOS="2796" VPOS="6896" HEIGHT="96" WIDTH="188" STYLEREFS="Style_18" WC="0.951111111111111" CC="000"/>
						<String CONTENT="0" ID="St_1.1.45.19" HPOS="2992" VPOS="6896" HEIGHT="96" WIDTH="60" STYLEREFS="Style_18" WC="0.952222222222222" CC="0"/>
						<String CONTENT="]" ID="St_1.1.45.20" HPOS="3036" VPOS="6888" HEIGHT="88" WIDTH="44" STYLEREFS="Style_18" WC="0.936666666666667" CC="7"/>
						<SP ID="SP_1.1.45.21" HPOS="3072" VPOS="6924" WIDTH="80"/>
						<String CONTENT="Prepared" ID="St_1.1.45.22" HPOS="3220" VPOS="6896" HEIGHT="132" WIDTH="560" STYLEREFS="Style_18" WC="0.946666666666667" CC="00000000"/>
						<SP ID="SP_1.1.45.23" HPOS="3740" VPOS="6896" WIDTH="64"/>
						<String CONTENT="and" ID="St_1.1.45.24" HPOS="3836" VPOS="6904" HEIGHT="100" WIDTH="224" STYLEREFS="Style_18" WC="0.95" CC="000"/>
					</TextLine>
					<TextLine ID="TL_1.1.46" HPOS="360" VPOS="7036" HEIGHT="144" WIDTH="3700">
						<String CONTENT="annotated" ID="St_1.1.46.1" HPOS="360" VPOS="7040" HEIGHT="96" WIDTH="584" STYLEREFS="Style_18" WC="1" CC="000000000"/>
						<SP ID="SP_1.1.46.2" HPOS="908" VPOS="7040" WIDTH="80"/>
						<String CONTENT="by" ID="St_1.1.46.3" HPOS="1036" VPOS="7040" HEIGHT="128" WIDTH="144" STYLEREFS="Style_18" WC="1" CC="00"/>
						<SP ID="SP_1.1.46.4" HPOS="1144" VPOS="7056" WIDTH="80"/>
						<String CONTENT="Everett" ID="St_1.1.46.5" HPOS="1272" VPOS="7036" HEIGHT="100" WIDTH="452" STYLEREFS="Style_18" WC="1" CC="0000000"/>
						<SP ID="SP_1.1.46.6" HPOS="1692" VPOS="7044" WIDTH="68"/>
						<String CONTENT="H." ID="St_1.1.46.7" HPOS="1808" VPOS="7036" HEIGHT="100" WIDTH="148" STYLEREFS="Style_18" WC="1" CC="00"/>
						<SP ID="SP_1.1.46.8" HPOS="1944" VPOS="7080" WIDTH="56"/>
						<String CONTENT="Roan." ID="St_1.1.46.9" HPOS="2048" VPOS="7040" HEIGHT="96" WIDTH="344" STYLEREFS="Style_18" WC="1" CC="00000"/>
						<SP ID="SP_1.1.46.10" HPOS="2380" VPOS="7080" WIDTH="92"/>
						<String CONTENT="San" ID="St_1.1.46.11" HPOS="2560" VPOS="7036" HEIGHT="108" WIDTH="224" STYLEREFS="Style_18" WC="0.985555555555556" CC="004"/>
						<SP ID="SP_1.1.46.12" HPOS="2744" VPOS="7056" WIDTH="80"/>
						<String CONTENT="Francisco," ID="St_1.1.46.13" HPOS="2872" VPOS="7040" HEIGHT="140" WIDTH="620" STYLEREFS="Style_18" WC="0.988888888888889" CC="0000000000"/>
						<SP ID="SP_1.1.46.14" HPOS="3476" VPOS="7084" WIDTH="56"/>
						<String CONTENT="Bender-" ID="St_1.1.46.15" HPOS="3580" VPOS="7052" HEIGHT="104" WIDTH="480" STYLEREFS="Style_18" WC="0.991111111111111" CC="0000000"/>
					</TextLine>
					<TextLine ID="TL_1.1.47" HPOS="356" VPOS="7180" HEIGHT="132" WIDTH="1280">
						<String CONTENT="M" ID="St_1.1.47.1" HPOS="356" VPOS="7180" HEIGHT="92" WIDTH="120" STYLEREFS="Style_18" WC="0.555555555555556" CC="4"/>
						<String CONTENT="oss" ID="St_1.1.47.2" HPOS="484" VPOS="7220" HEIGHT="68" WIDTH="172" STYLEREFS="Style_18" WC="0.888888888888889" CC="000"/>
						<SP ID="SP_1.1.47.3" HPOS="624" VPOS="7200" WIDTH="60"/>
						<String CONTENT="company," ID="St_1.1.47.4" HPOS="712" VPOS="7220" HEIGHT="92" WIDTH="568" STYLEREFS="Style_18" WC="0.965555555555556" CC="00000000"/>
						<SP ID="SP_1.1.47.5" HPOS="1264" VPOS="7224" WIDTH="48"/>
						<String CONTENT="1930." ID="St_1.1.47.6" HPOS="1348" VPOS="7192" HEIGHT="92" WIDTH="288" STYLEREFS="Style_18" WC="0.975555555555556" CC="00000"/>
					</TextLine>
					<TextLine ID="TL_1.1.48" HPOS="364" VPOS="7324" HEIGHT="108" WIDTH="1220">
						<String CONTENT="v" ID="St_1.1.48.1" HPOS="364" VPOS="7340" HEIGHT="64" WIDTH="56" STYLEREFS="Style_18" WC="0.555555555555556" CC="4"/>
						<SP ID="SP_1.1.48.2" HPOS="392" VPOS="7340" WIDTH="56"/>
						<String CONTENT="p." ID="St_1.1.48.3" HPOS="472" VPOS="7360" HEIGHT="72" WIDTH="84" STYLEREFS="Style_18" WC="0.888888888888889" CC="00"/>
						<String CONTENT="." ID="St_1.1.48.4" HPOS="560" VPOS="7360" HEIGHT="48" WIDTH="20" STYLEREFS="Style_18" WC="0.822222222222222" CC="4"/>
						<SP ID="SP_1.1.48.5" HPOS="572" VPOS="7360" WIDTH="40"/>
						<String CONTENT="1" ID="St_1.1.48.6" HPOS="644" VPOS="7340" HEIGHT="72" WIDTH="44" STYLEREFS="Style_18" WC="0.872222222222222" CC="0"/>
						<SP ID="SP_1.1.48.7" HPOS="664" VPOS="7332" WIDTH="52"/>
						<String CONTENT="l." ID="St_1.1.48.8" HPOS="748" VPOS="7340" HEIGHT="72" WIDTH="60" STYLEREFS="Style_18" WC="0.911111111111111" CC="00"/>
						<String CONTENT="," ID="St_1.1.48.9" HPOS="820" VPOS="7396" HEIGHT="24" WIDTH="12" STYLEREFS="Style_18" WC="0.877777777777778" CC="4"/>
						<SP ID="SP_1.1.48.10" HPOS="820" VPOS="7360" WIDTH="40"/>
						<String CONTENT="109" ID="St_1.1.48.11" HPOS="892" VPOS="7336" HEIGHT="76" WIDTH="168" STYLEREFS="Style_18" WC="0.911111111111111" CC="000"/>
						<SP ID="SP_1.1.48.12" HPOS="1028" VPOS="7328" WIDTH="56"/>
						<String CONTENT="p" ID="St_1.1.48.13" HPOS="1112" VPOS="7360" HEIGHT="72" WIDTH="60" STYLEREFS="Style_18" WC="0.921111111111111" CC="0"/>
						<String CONTENT="." ID="St_1.1.48.14" HPOS="1168" VPOS="7360" HEIGHT="48" WIDTH="20" STYLEREFS="Style_18" WC="0.901111111111111" CC="4"/>
						<SP ID="SP_1.1.48.15" HPOS="1180" VPOS="7360" WIDTH="64"/>
						<String CONTENT="2" ID="St_1.1.48.16" HPOS="1308" VPOS="7340" HEIGHT="72" WIDTH="52" STYLEREFS="Style_18" WC="0.911111111111111" CC="0"/>
						<String CONTENT="4" ID="St_1.1.48.17" HPOS="1360" VPOS="7340" HEIGHT="72" WIDTH="56" STYLEREFS="Style_18" WC="0.914444444444444" CC="0"/>
						<String CONTENT="&#x00BD;" ID="St_1.1.48.18" HPOS="1412" VPOS="7324" HEIGHT="76" WIDTH="32" STYLEREFS="Style_18" WC="0.877777777777778" CC="8"/>
						<String CONTENT="&#x0368;&#x036B;." ID="St_1.1.48.19" HPOS="1476" VPOS="7340" HEIGHT="68" WIDTH="108" STYLEREFS="Style_18" WC="0.827777777777778" CC="85"/>
					</TextLine>
					<TextLine ID="TL_1.1.49" HPOS="236" VPOS="7464" HEIGHT="104" WIDTH="3660">
						<String CONTENT="&#x00A9;" ID="St_1.1.49.1" HPOS="236" VPOS="7464" HEIGHT="100" WIDTH="100" STYLEREFS="Style_18" WC="0.222222222222222" CC="7"/>
						<SP ID="SP_1.1.49.2" HPOS="328" VPOS="7464" WIDTH="60"/>
						<String CONTENT="May" ID="St_1.1.49.3" HPOS="392" VPOS="7472" HEIGHT="92" WIDTH="212" STYLEREFS="Style_18" WC="0.755555555555556" CC="000"/>
						<SP ID="SP_1.1.49.4" HPOS="576" VPOS="7484" WIDTH="52"/>
						<String CONTENT="2" ID="St_1.1.49.5" HPOS="656" VPOS="7472" HEIGHT="76" WIDTH="56" STYLEREFS="Style_18" WC="0.824444444444444" CC="0"/>
						<String CONTENT="2" ID="St_1.1.49.6" HPOS="708" VPOS="7472" HEIGHT="76" WIDTH="52" STYLEREFS="Style_18" WC="0.777777777777778" CC="5"/>
						<String CONTENT="," ID="St_1.1.49.7" HPOS="772" VPOS="7532" HEIGHT="32" WIDTH="16" STYLEREFS="Style_18" WC="0.802222222222222" CC="0"/>
						<SP ID="SP_1.1.49.8" HPOS="776" VPOS="7504" WIDTH="40"/>
						<String CONTENT="1930:" ID="St_1.1.49.9" HPOS="844" VPOS="7472" HEIGHT="80" WIDTH="264" STYLEREFS="Style_18" WC="0.762222222222222" CC="04714"/>
						<SP ID="SP_1.1.49.10" HPOS="1100" VPOS="7484" WIDTH="40"/>
						<String CONTENT="2" ID="St_1.1.49.11" HPOS="1168" VPOS="7472" HEIGHT="72" WIDTH="48" STYLEREFS="Style_18" WC="0.777777777777778" CC="1"/>
						<String CONTENT="c" ID="St_1.1.49.12" HPOS="1224" VPOS="7496" HEIGHT="48" WIDTH="44" STYLEREFS="Style_18" WC="0.746666666666667" CC="7"/>
						<String CONTENT="." ID="St_1.1.49.13" HPOS="1268" VPOS="7504" HEIGHT="48" WIDTH="20" STYLEREFS="Style_18" WC="0.73" CC="5"/>
						<SP ID="SP_1.1.49.14" HPOS="1284" VPOS="7504" WIDTH="36"/>
						<String CONTENT="May" ID="St_1.1.49.15" HPOS="1352" VPOS="7472" HEIGHT="92" WIDTH="216" STYLEREFS="Style_18" WC="0.777777777777778" CC="000"/>
						<SP ID="SP_1.1.49.16" HPOS="1536" VPOS="7484" WIDTH="52"/>
						<String CONTENT="28;" ID="St_1.1.49.17" HPOS="1616" VPOS="7468" HEIGHT="88" WIDTH="160" STYLEREFS="Style_18" WC="0.793333333333333" CC="004"/>
						<SP ID="SP_1.1.49.18" HPOS="1764" VPOS="7484" WIDTH="40"/>
						<String CONTENT="aff." ID="St_1.1.49.19" HPOS="1836" VPOS="7468" HEIGHT="84" WIDTH="152" STYLEREFS="Style_18" WC="0.825555555555556" CC="0000"/>
						<SP ID="SP_1.1.49.20" HPOS="1976" VPOS="7504" WIDTH="72"/>
						<String CONTENT="May" ID="St_1.1.49.21" HPOS="2112" VPOS="7472" HEIGHT="92" WIDTH="156" STYLEREFS="Style_18" WC="0.795555555555556" CC="7740"/>
						<SP ID="SP_1.1.49.22" HPOS="2236" VPOS="7484" WIDTH="52"/>
						<String CONTENT="27;" ID="St_1.1.49.23" HPOS="2316" VPOS="7472" HEIGHT="92" WIDTH="160" STYLEREFS="Style_18" WC="0.815555555555556" CC="000"/>
						<SP ID="SP_1.1.49.24" HPOS="2460" VPOS="7484" WIDTH="44"/>
						<String CONTENT="A" ID="St_1.1.49.25" HPOS="2536" VPOS="7472" HEIGHT="80" WIDTH="80" STYLEREFS="Style_18" WC="0.823333333333333" CC="0"/>
						<SP ID="SP_1.1.49.26" HPOS="2572" VPOS="7472" WIDTH="64"/>
						<String CONTENT="23688;" ID="St_1.1.49.27" HPOS="2664" VPOS="7472" HEIGHT="96" WIDTH="328" STYLEREFS="Style_18" WC="0.848888888888889" CC="000000"/>
						<SP ID="SP_1.1.49.28" HPOS="2976" VPOS="7484" WIDTH="44"/>
						<String CONTENT="Bender-" ID="St_1.1.49.29" HPOS="3052" VPOS="7480" HEIGHT="84" WIDTH="396" STYLEREFS="Style_18" WC="0.855555555555556" CC="0000007"/>
						<String CONTENT="Mo" ID="St_1.1.49.30" HPOS="3484" VPOS="7488" HEIGHT="76" WIDTH="124" STYLEREFS="Style_18" WC="0.85" CC="51"/>
						<String CONTENT="ss" ID="St_1.1.49.31" HPOS="3620" VPOS="7508" HEIGHT="56" WIDTH="88" STYLEREFS="Style_18" WC="0.848888888888889" CC="30"/>
						<SP ID="SP_1.1.49.32" HPOS="3684" VPOS="7492" WIDTH="48"/>
						<String CONTENT="co." ID="St_1.1.49.33" HPOS="3764" VPOS="7508" HEIGHT="60" WIDTH="132" STYLEREFS="Style_18" WC="0.857777777777778" CC="000"/>
					</TextLine>
					<TextLine ID="TL_1.1.50" HPOS="3664" VPOS="7592" HEIGHT="92" WIDTH="236">
						<String CONTENT="5234" ID="St_1.1.50.1" HPOS="3664" VPOS="7592" HEIGHT="92" WIDTH="236" STYLEREFS="Style_18" WC="1" CC="0000"/>
					</TextLine>
					<TextLine ID="TL_1.1.51" HPOS="2008" VPOS="7684" HEIGHT="100" WIDTH="196">
						<String CONTENT="793" ID="St_1.1.51.1" HPOS="2008" VPOS="7684" HEIGHT="100" WIDTH="196" STYLEREFS="Style_18" WC="1" CC="000"/>
					</TextLine>
				</TextBlock>
			</PrintSpace>
		</Page>
	</Layout>
</alto>
