4800 8268
520 684 412 128 Smith,
992 688 360 104 Grace
1408 684 472 104 Turner.

644 832 624 132 Clippings,
1332 832 148 132 by
1544 832 356 108 Grace
1964 832 432 100 Turner
2460 824 400 108 Smith.
2992 824 268 104 New
3332 824 316 104 York
3712 824 256 132 city,
4036 824 124 104 L.
4228 824 136 104 N.

504 980 772 108 Green-Leach
1360 996 64 116 /
1436 988 188 96 193
1636 988 92 124 0j

644 1144 48 80 5
700 1144 56 76 2
812 1164 84 76 p.
1012 1136 272 84 1Sj-.

644 1280 356 80 Poems.

520 1404 96 100 ©
684 1416 212 80 Dec.
960 1416 136 92 24,
1156 1412 276 92 1929;
1496 1412 132 80 2c.
1692 1416 220 92 May
1972 1412 80 92 3,
2116 1412 108 80 19
2228 1408 116 84 30
2372 1432 16 72 ;
2460 1408 160 84 aff.
2684 1408 212 96 May
2972 1408 100 88 1;
3140 1408 80 76 A
3284 1400 332 100 22681;
3688 1408 100 80 G.
3856 1408 100 84 T.
4028 1408 332 96 Smith,

652 1528 456 92 Waupun,
1172 1524 220 80 Wis.
1528 1524 96 92 (3
1628 1520 60 80 0
1684 1520 388 96 -12635)
3968 1516 236 84 5012

508 1708 864 104 Southwestern
1432 1712 552 116 reporter.
2144 1704 200 124 (2d
2400 1700 280 124 ser.)

640 1860 520 104 Missouri
1232 1856 536 108 decisions
1840 1856 508 132 reported
2416 1856 120 100 in
2608 1852 348 108 South
3036 1860 452 96 western
3556 1864 532 124 reporter,
4156 1892 108 64 se
4264 1872 104 80 c-

508 2012 220 100 ond
776 2008 360 120 series,
1184 2012 264 96 vols.
1500 2012 128 96 20
1700 2008 112 132 (2
1820 2012 68 96 d
1912 2012 32 116 )
2012 2012 116 92 to
2176 2012 132 92 22
2376 2008 116 132 (2
2500 2008 64 100 d
2588 2004 36 136 )
2696 2000 508 140 October,
3264 2008 288 132 1929,
3596 2016 116 92 to
3764 2004 608 136 February,

512 2168 292 120 1930,
864 2164 592 96 annotated
1528 2240 104 16 ...
1700 2156 268 104 with
2024 2156 296 104 table
2372 2152 124 108 of
2552 2164 460 96 statutes
3068 2156 612 100 construed.
3832 2152 160 108 St.
4052 2156 320 128 Paul,

500 2312 304 104 West
872 2308 644 132 publishing
1580 2344 188 96 co.,
1840 2312 284 96 1930.

644 2464 404 80 Various
1112 2464 420 96 pagings.
1652 2464 52 76 2
1712 2464 56 76 6
1788 2468 44 44 -
1800 2468 56 44 m
1860 2524 20 20 .

516 2592 96 100 ©
668 2600 220 96 Apr.
940 2604 132 92 28,
1128 2604 48 72 1
1184 2604 56 80 9
1240 2600 156 92 30;
1452 2600 124 84 2c.
1636 2600 184 80 and
1876 2596 112 80 af
1956 2596 56 76 f
2016 2660 20 20 .
2092 2600 216 92 May
2360 2596 104 96 9;
2520 2596 80 76 A
2648 2596 332 88 22758;
3040 2596 260 80 West
3356 2596 212 96 pub.
3620 2616 104 60 co
3736 2656 16 20 .
3964 2596 48 76 5
4028 2588 172 88 013

508 2788 152 120 Sp
668 2784 224 104 ain.
1040 2788 352 132 Laws,
1444 2796 496 124 statutes,
1988 2792 196 96 etc.

644 2940 236 100 The
952 2936 292 108 Civil
1316 2936 260 104 code
1648 2936 124 104 of
1844 2932 384 136 Spain,
2300 2932 268 104 with
2640 2932 656 132 Philippine
3364 2944 308 96 notes
3744 2936 220 104 and
4032 2932 340 104 refer-

512 3124 340 96 ences,
952 3088 608 100 translated
1664 3088 216 100 and
1984 3084 364 104 edited
2448 3088 144 132 by
2696 3084 124 100 F.
2928 3080 120 108 C.
3152 3080 396 108 Fisher
3656 3164 112 20 ...
3920 3084 192 100 4th
4212 3080 164 108 ed.

512 3236 464 132 Manila,
1036 3240 216 100 and
1312 3236 628 136 Rochester,
2000 3236 132 100 N.
2200 3236 176 132 Y.,
2432 3236 236 104 The
2728 3236 520 128 Lawyers
3304 3232 744 132 co-operative
4108 3236 268 128 pub-

508 3388 420 136 lishing
980 3424 188 96 co.,
1228 3392 288 96 1930.

636 3540 232 96 xxii,
932 3544 164 76 784
1160 3564 80 72 p.
1356 3532 280 88 244in.

640 3676 248 76 "The
952 3680 264 72 notes
1288 3736 88 16 ...
1444 3676 372 76 include
1880 3696 260 56 cases
2204 3676 436 92 reported
2704 3676 100 76 in
2868 3680 416 72 volumes
3344 3676 112 76 43
3520 3680 96 72 to
3680 3676 132 92 51,
3880 3676 484 92 inclusive,

500 3784 104 80 of
652 3788 160 72 the
868 3784 528 92 Philippine
1456 3788 388 88 reports,
1904 3784 180 76 and
2144 3784 564 92 unreported
2768 3804 260 56 cases
3088 3784 372 96 printed
3512 3784 100 76 in
3664 3784 420 80 volumes
4136 3808 68 52 x
4208 3808 60 56 x
4272 3808 52 56 v
4324 3804 36 56 I

500 3892 188 76 and
748 3892 268 76 xxvsr
1064 3892 104 76 of
1220 3892 156 76 the
1436 3892 360 76 Official
1852 3916 56 68 g
1912 3916 48 52 a
1976 3892 700 76 zette."-Pref.

520 4012 92 96 ©
684 4028 220 92 Apr.
968 4028 136 92 23,
1172 4028 272 88 1930;
1516 4028 132 80 2c.
1712 4028 188 80 and
1964 4048 48 56 a
2028 4028 96 80 ff.
2192 4028 216 92 Apr.
2476 4028 164 92 26;
2712 4028 80 76 A
2852 4028 336 92 22411;
3268 4028 96 80 F.
3436 4028 100 80 C.
3604 4028 360 96 Fisher,
4036 4028 328 80 Wash-

640 4136 352 96 ington.
1128 4136 540 96 (30-12594)
3960 4136 240 84 5014

508 4324 672 120 Stevenson,
1236 4320 428 104 Robert
1720 4320 380 124 Louis,
2164 4328 624 96 1850-1894.

632 4472 264 104 Two
944 4468 608 108 mediaeval
1600 4472 272 104 tales
1932 4468 52 88 [
1964 4472 148 132 by
2120 4540 24 64 ]
2204 4472 132 104 R.
2384 4476 124 100 L.
2564 4468 108 112 S.
2828 4468 60 88 1
2864 4476 264 100 New
3180 4472 316 104 York
3588 4472 236 104 The
3872 4472 484 108 Limited

492 4620 472 104 editions
1016 4616 284 140 club,
1356 4628 288 96 1930.

632 4780 52 76 4
748 4800 84 72 p.
892 4772 84 100 1.,
1040 4776 460 92 xiii-xvii,
1568 4816 20 56 [
1596 4780 80 92 h
1688 4840 20 28 ,
1772 4780 108 76 67
1940 4800 112 72 p.,
2120 4780 48 76 1
2228 4780 60 76 1.
2348 4776 32 80 i
2384 4800 60 56 n
2452 4780 84 76 cl
2544 4840 20 20 .
2624 4780 168 76 col.
2860 4780 328 92 plates.
3308 4780 48 76 2
3364 4784 52 76 3
3424 4780 48 96 1
3500 4784 92 72 -.

640 4912 708 80 "Introduction
1400 4916 116 88 by
1580 4912 400 96 Clayton
2044 4912 532 80 Hamilton;
2648 4912 636 80 illustrations
3344 4916 116 92 by
3524 4912 96 84 C.
3684 4916 104 80 B.
3848 4904 312 88 Falls.'

640 5020 280 80 "This
992 5024 84 76 is
1148 5044 228 72 copy
1448 5024 392 76 number
1912 5024 516 92 Copyright
2500 5044 228 72 copy
2804 5024 100 80 of
2972 5024 332 80 fifteen
3376 5024 432 80 hundred
3880 5024 308 96 copies
4256 5024 108 80 of

500 5132 192 80 this
760 5132 356 80 edition
1196 5192 52 20 ..
1256 5172 24 32 .
1364 5132 372 92 printed
1808 5136 116 92 by
1996 5136 156 76 the
2228 5132 632 80 Marchbanks
2932 5156 264 72 press
3268 5132 148 80 for
3492 5136 160 76 the
3728 5136 456 76 members
4256 5136 104 76 of

500 5244 160 76 the
728 5240 404 80 Limited
1204 5240 404 80 editions
1680 5240 236 88 club,
1988 5244 188 76 and
2244 5240 76 80 it
2384 5240 80 80 is
2536 5240 324 96 signed
2932 5248 172 88 by:
3176 5244 96 80 C.
3348 5248 104 76 B.
3524 5244 344 80 Falls."

636 5352 140 80 CO
772 5372 60 56 N
844 5372 320 56 TENTS.
1168 5356 196 72 -A
1432 5352 380 88 lodging
1876 5352 152 76 for
2096 5356 156 76 the
2320 5352 268 92 night
2600 5356 280 76 .-Th
2888 5376 48 56 e
3012 5356 200 76 Sire
3284 5356 56 76 d
3352 5372 52 60 e
3472 5356 184 76 Mal
3672 5348 60 80 é
3728 5356 308 76 troit's
4100 5356 260 76 door.

512 5440 100 100 ©
676 5464 232 76 Mar.
964 5464 136 88 20,
1160 5464 272 88 1930;
1492 5464 128 76 2c.
1684 5464 180 76 and
1928 5484 44 56 a
1988 5464 40 72 f
2012 5464 48 76 f
2072 5528 12 12 .
2144 5464 220 92 Apr.
2424 5464 160 76 28:
2648 5464 80 76 A
2784 5464 52 76 2
2840 5464 276 92 2443;
3184 5464 404 80 Limited
3648 5464 404 80 editions
4112 5464 240 96 club,

640 5572 96 76 in
736 5572 48 68 e
800 5636 16 16 .
932 5612 20 56 [
964 5564 100 100 @
1116 5596 204 52 new
1372 5576 344 76 matter
1876 5572 544 96 (30-12612)
3952 5568 232 88 5015

500 5752 600 124 Strassler,
1160 5756 628 120 Margaret.

628 5900 112 104 A
820 5900 376 104 health
1284 5936 376 96 revue;
1752 5944 60 60 a
1900 5912 480 120 pageant
2460 5904 124 100 of
2668 5904 372 104 health
3132 5900 544 108 activities
3764 5904 220 100 and
4072 5900 284 104 rules

496 6052 484 132 adapted
1040 6048 176 104 for
1272 6052 372 124 junior
1696 6052 276 132 high
2032 6052 452 132 schools,
2532 6056 148 120 by
2732 6056 576 128 Margaret
3368 6052 584 132 Strassler;
4016 6052 340 100 intro-

496 6200 452 104 duction
1000 6200 148 132 by
1204 6200 124 104 T.
1388 6200 152 104 M.
1600 6200 304 104 Muir
1972 6284 108 20 ...
2216 6208 268 96 New
2540 6200 348 132 York,
2944 6204 140 104 A.
3148 6200 112 108 S.
3320 6208 420 96 Barnes
3800 6204 216 100 and
4072 6236 280 72 com-

496 6388 328 96 pany,
884 6352 804 128 incorporated,
1756 6356 288 96 1930.

632 6532 56 56 v
696 6512 28 72 i
736 6508 28 76 i
772 6512 56 92 i,
884 6512 108 76 75
1052 6532 80 72 p.
1192 6508 148 76 inc
1340 6512 36 72 l
1388 6572 12 16 .
1456 6508 320 96 front.,
1832 6512 280 92 illus.,
2168 6532 60 72 p
2232 6512 28 72 l
2268 6532 44 52 .,
2380 6492 336 112 disgrs.
2840 6512 200 92 231-
3044 6516 52 40 m
3092 6532 16 44 .

508 6600 92 100 ©
664 6620 220 92 Apr.
944 6620 128 92 14,
1132 6616 272 92 1930;
1460 6620 132 76 2c.
1648 6620 220 92 Apr.
1924 6620 160 92 11;
2144 6620 100 80 af
2228 6620 52 76 f
2288 6680 12 20 .
2360 6620 220 92 May
2636 6620 100 84 2;
2800 6620 76 76 A
2936 6620 324 92 22537;
3328 6620 104 80 A.
3496 6620 88 80 S.
3644 6620 356 80 Barnes
4060 6620 72 80 &
4184 6644 48 56 c
4240 6644 48 56 o
4300 6684 48 32 .,

636 6728 172 80 inc.
948 6728 540 92 (30-12758)
3952 6724 236 88 5016

508 6908 508 124 Swabey,
1080 6912 124 100 M
1208 6944 140 68 rs.
1408 6908 360 104 Marie
1828 6912 412 124 Taylor
2312 6908 540 128 (Collins)

624 7060 344 132 Logic
1032 7060 216 100 and
1308 7068 424 108 nature,
1788 7060 148 132 by
1996 7060 360 104 Marie
2416 7060 420 108 Collins
2904 7064 464 132 Swabey
3440 7148 108 20 ...
3700 7068 268 100 New
4032 7060 316 108 York

492 7204 256 136 city,
808 7208 232 104 The
1104 7212 268 100 New
1432 7208 316 104 York
1804 7208 616 136 university
2476 7248 336 96 press,
2876 7216 292 100 1930.

628 7364 188 96 xiv,
868 7364 172 80 384
1092 7384 80 72 p.
1288 7364 220 80 22-.

512 7452 96 100 ©
664 7476 220 92 Apr.
940 7476 136 80 21.
1132 7476 44 76 1
1188 7464 104 84 93
1300 7472 100 84 0:
1460 7472 128 92 2c.
1652 7480 216 88 May
1924 7484 104 88 2;
2092 7496 48 60 a
2152 7476 36 76 f
2176 7476 72 80 f.
2308 7480 156 76 Ma
2472 7500 56 68 y
2584 7476 100 76 1;
2748 7480 80 76 A
2884 7476 48 80 2
2936 7476 172 80 316
3112 7480 100 88 7;
3276 7480 228 84 New
3560 7480 252 84 York
3872 7476 252 80 univ.

656 7576 540 104 (30-12618)
3948 7580 112 92 50
4072 7580 108 92 17
