4800 8268
2092 7672 196 96 453

344 652 360 108 South
768 660 460 96 eastern
1288 656 1300 120 reporter-Continued

472 808 96 80 iii
584 872 20 32 ,
660 812 164 80 553
880 832 84 72 p.
1072 812 564 88 25½ͨͫ.

348 936 96 92 ©
500 948 236 76 Mar.
784 944 136 84 25.
968 944 272 92 1960;
1292 948 52 76 2
1348 952 52 72 c
1408 1008 16 16 .
1472 948 188 76 and
1708 944 160 80 aff.
1916 944 216 92 Apr.
2192 948 100 88 7;
2352 944 80 76 A
2476 944 220 80 2163
2704 944 48 80 3
2788 964 16 72 ;
2864 944 260 80 West
3172 944 212 96 pub.
3440 964 128 60 co.
3780 944 48 80 3
3844 944 48 80 0
3904 940 108 88 17

356 1212 104 16 ...
556 1132 232 100 The
876 1124 364 108 South
1324 1136 424 96 eastern
1832 1136 524 120 reporter.
2500 1168 100 60 v.
2696 1136 120 92 15
2824 1132 60 96 0
2896 1208 20 20 .
3060 1128 664 100 Permanent
3808 1124 168 104 ed.
4084 1124 64 120 …

476 1276 272 100 with
804 1280 716 132 key-number
1580 1276 728 100 annotations.
2456 1276 612 100 November
3128 1284 160 124 21,
3356 1276 836 128 1929-January

476 1432 164 128 30,
700 1436 288 92 1930.
1140 1424 156 108 St.
1352 1432 320 124 Paul,
1724 1428 308 100 West
2084 1424 648 136 publishing
2784 1464 188 92 co.,
3032 1432 288 96 1930.

472 1580 264 96 xviii,
792 1580 168 80 983
1016 1604 84 72 p.
1212 1580 224 80 26ͨͫ.
1568 1580 492 96 (National
2124 1584 424 88 reporter
2604 1580 724 92 system-state
3388 1576 340 100 series)

348 1712 96 92 ©
500 1720 236 76 Mar.
784 1720 76 88 3,
916 1716 272 92 1930;
1240 1720 132 80 2c.
1424 1720 184 76 and
1656 1716 160 80 aff.
1864 1720 220 92 Apr.
2140 1720 100 88 7;
2296 1712 84 80 A
2424 1720 332 88 21622;
2812 1716 268 80 West
3124 1716 212 92 pub.
3388 1736 48 56 c
3436 1736 56 56 o
3500 1772 20 20 .
3784 1708 224 92 3018

352 1984 108 16 ...
544 1900 576 104 Southern
1196 1912 492 124 reporter
1764 1900 356 136 digest
2212 1904 292 96 [1929
2580 1900 664 104 cumulative
3320 1900 408 100 annual
3800 1900 392 132 pocket

472 2060 256 120 part]
852 2132 108 20 ...
1132 2048 916 136 (Supplemented
2120 2056 152 128 by
2336 2048 664 104 cumulative
3068 2048 580 132 pamphlet
3712 2048 460 132 service)

472 2240 72 60 v
548 2204 192 100 ols.
800 2212 264 92 26-3
1072 2208 60 92 0
1208 2208 68 104 …
1468 2200 160 108 St.
1688 2204 320 132 Paul,
2068 2200 388 136 Minn.,
2512 2204 304 104 West
2876 2200 652 132 publishing
3584 2228 152 72 co.
3812 2212 56 96 [
3884 2204 128 96 19
4020 2204 160 124 30]

468 2360 52 76 7
576 2380 84 56 v.
772 2356 228 84 25ͨͫ.

472 2492 300 80 These
824 2492 528 92 pamphlets
1408 2512 168 56 are
1624 2496 96 76 to
1772 2492 112 80 be
1936 2492 268 80 fitted
2260 2492 196 80 into
2512 2492 160 80 the
2728 2492 240 80 back
3016 2492 104 80 of
3176 2492 160 80 the
3392 2492 416 76 volumes
3868 2492 96 80 of
4020 2488 160 80 the

332 2604 144 76 set
540 2604 96 76 to
700 2600 304 80 which
1072 2604 224 92 they
1364 2600 356 96 belong.

344 2720 92 92 ©
500 2736 212 76 Jan.
764 2736 140 92 20,
960 2736 272 92 1930;
1288 2740 132 72 2c.
1480 2736 224 80 each
1760 2740 240 76 Mar.
2052 2740 160 84 27;
2276 2732 212 84 affs.
2548 2736 212 76 Feb.
2820 2736 160 92 14;
3044 2732 84 80 A
3176 2736 108 76 21
3292 2736 52 76 3
3348 2736 48 76 1
3404 2736 52 76 3
3460 2732 388 92 -21319;
3916 2732 264 80 West

472 2844 212 92 pub.
740 2864 48 60 c
788 2864 60 60 o
852 2908 20 16 .
3464 2840 116 84 30
3580 2840 56 80 1
3644 2840 48 84 9
3700 2876 48 44 -
3824 2840 168 84 025

336 3020 364 104 South
800 3040 456 92 western
1352 3044 520 116 reporter.
2024 3028 416 108 Second
2536 3032 356 104 series.
3044 3028 328 108 Cases
3464 3032 416 128 argued
3972 3028 220 100 and

476 3176 676 108 determined
1232 3180 116 104 in
1424 3180 188 104 the
1696 3180 528 132 Supreme
2308 3192 360 92 courts
2748 3184 124 96 of
2948 3180 608 128 Arkansas,
3632 3176 560 128 Missouri,

472 3328 632 120 Tennessee,
1172 3332 216 100 and
1460 3332 404 128 Texas;
1944 3328 400 108 Courts
2412 3332 124 100 of
2604 3332 452 128 appeals
3124 3332 120 104 of
3316 3328 588 136 Kentucky
3972 3328 220 100 and

476 3476 576 132 Missouri;
1136 3480 400 104 Courts
1616 3484 120 100 of
1816 3480 260 104 civil
2156 3484 204 100 and
2452 3480 508 104 criminal
3040 3484 456 128 appeals
3572 3484 216 100 and
3872 3476 316 108 Com-

472 3628 448 104 mission
988 3632 124 100 of
1176 3632 452 128 appeals
1692 3632 124 104 of
1880 3632 388 132 Texas,
2336 3628 268 100 with
2672 3628 716 124 key-number
3456 3628 732 104 annotations.

472 3812 96 68 v.
628 3784 132 92 22
836 3776 248 140 (2d)
1244 3780 504 132 January
1812 3780 764 136 14-February
2648 3788 156 124 18,
2864 3784 288 96 1930.
3300 3784 668 96 Permanent
4024 3780 160 104 ed.

476 3928 156 104 St:
692 3928 320 116 Paul,
1064 3928 308 104 West
1424 3928 648 132 publishing
2120 3968 192 92 co.,
2372 3936 288 100 1930.

464 4104 152 68 xx,
680 4084 228 76 1198
964 4104 84 72 p.
1164 4080 224 80 26"'.

340 4188 96 96 ©
496 4192 232 80 Mar.
776 4192 136 92 29,
964 4192 268 92 1930;
1288 4196 132 76 2c.
1472 4196 180 76 and
1704 4192 160 80 aff.
1912 4196 224 92 Apr.
2188 4196 100 92 7;
2344 4196 76 76 A
2468 4196 336 92 21620;
2864 4196 264 80 West
3172 4196 216 92 pub.
3440 4220 48 56 c
3492 4216 52 56 o
3552 4260 16 16 .
3780 4192 232 84 3026

332 4376 368 104 South
760 4384 496 96 western
1316 4380 552 120 reporter.
2024 4376 200 128 (2d
2288 4376 284 124 ser.)

472 4528 568 104 Arkansas
1108 4528 532 104 decisions
1720 4612 104 16 ...
1904 4564 132 64 vo
2044 4532 40 96 l
2088 4568 76 60 s.
2240 4536 128 92 16
2456 4532 248 132 (2d)
2792 4544 108 88 to
2968 4532 128 96 21
3188 4532 248 132 (2d)
3520 4528 300 132 May,
3896 4536 292 124 1929,

336 4692 116 88 to
524 4680 540 132 January,
1144 4684 288 96 1930.
1576 4676 636 104 Annotated
2300 4760 108 20 ...
2500 4676 264 104 with
2840 4684 292 100 table
3208 4684 124 100 of
3404 4688 464 96 statutes
3940 4716 244 64 con-

332 4828 408 104 strued.
888 4828 160 104 St.
1112 4828 320 132 Paul,
1484 4828 308 104 West
1848 4828 648 132 publishing
2552 4864 188 100 co.,
2804 4836 288 96 1930.

464 4980 404 80 Various
924 4980 420 96 pagings.
1460 4984 224 76 26ͨͫ.

336 5084 96 96 ©
496 5096 232 76 Mar.
784 5092 132 92 12,
972 5092 112 76 19
1084 5092 48 76 3
1140 5092 100 88 0;
1300 5092 132 76 2c.
1484 5096 188 76 and
1724 5092 156 80 aff.
1936 5096 216 92 Apr.
2212 5100 100 84 7;
2372 5092 84 76 A
2500 5096 336 92 21619;
2896 5096 264 80 West
3212 5096 212 92 pub.
3480 5116 128 60 co.
3776 5092 228 84 3027

468 5272 588 136 Kentucky
1112 5276 536 104 decisions
1712 5360 108 16 ...
1888 5276 260 104 vols.
2216 5276 52 92 1
2276 5280 56 84 8
2416 5276 244 140 (2d)
2740 5292 112 88 to
2908 5288 124 92 21
3116 5276 244 140 (2d)
3520 5284 312 128 July,
3896 5284 288 124 1929,

336 5440 112 88 to
512 5428 540 132 January,
1128 5432 288 96 1930.
1556 5428 640 104 Annotated
2280 5508 104 16 ...
2544 5424 160 108 St.
2776 5432 316 132 Paul,
3160 5432 312 104 West
3540 5428 648 136 publishing

328 5612 192 96 co.,
572 5580 296 100 1930.

460 5724 404 84 Various
920 5728 416 96 pagings.
1444 5728 228 84 26ͨͫ.

332 5832 100 96 ©
488 5840 236 80 Mar.
772 5840 76 92 3,
900 5836 164 84 193
1068 5840 56 76 0
1156 5860 16 72 ;
1228 5840 48 72 2
1280 5852 72 68 c.
1408 5844 184 76 and
1644 5840 160 80 aff.
1852 5844 220 92 Apr.
2124 5848 104 84 7;
2284 5848 76 72 A
2412 5844 220 76 2162
2636 5844 52 76 3
2724 5864 20 68 ;
2800 5848 260 76 West
3112 5844 212 92 pub.
3376 5864 132 60 co.
3772 5840 228 84 3028

324 6020 368 120 Starr,
752 6016 644 124 Frederick,
1456 6032 328 96 1858-
2200 6032 164 96 ed.

456 6172 452 104 Central
980 6172 564 132 America;
1620 6172 512 132 readings
2200 6172 116 100 in
2388 6192 316 112 prose
2776 6176 216 104 and
3068 6188 388 120 poetry
3524 6172 296 108 from
3892 6180 272 104 Cen-

316 6320 220 100 tral
588 6320 592 100 American
1236 6320 460 132 writers,
1756 6320 460 104 selected
2276 6324 216 100 and
2552 6320 368 108 edited
2976 6328 148 132 by
3180 6324 596 104 Frederick
3844 6328 324 108 Starr

324 6548 108 20 ...
588 6468 520 132 Chicago,
1168 6468 268 104 New
1496 6472 312 100 York
1892 6468 252 104 [etc.]
2224 6476 132 100 B.
2416 6476 156 104 H.
2640 6472 508 108 Sanborn
3208 6472 84 92 &
3356 6508 188 92 co.,
3612 6480 292 96 1930.

452 6616 164 76 lxx
624 6624 68 76 ii
760 6648 112 72 p.,
936 6624 48 76 1
1052 6628 32 72 1
1092 6648 20 44 .
1112 6684 24 32 ,
1208 6624 52 76 4
1264 6624 52 80 3
1324 6624 52 76 5
1436 6648 60 72 p
1496 6648 20 44 .
1592 6624 32 76 i
1628 6648 60 56 n
1692 6648 48 56 c
1744 6628 56 76 l.
1868 6628 316 92 front.,
2256 6628 68 76 il
2332 6632 96 72 lu
2436 6648 68 56 s.
2620 6628 112 76 18
2744 6628 36 64 ½
2736 6608 16 76 ͨͫ
2804 6620 68 56 m
2884 6688 20 16 .
3036 6628 200 92 (Ha
3248 6632 24 72 l
3280 6628 40 96 f
3328 6676 28 8 -
3364 6632 208 72 title
3584 6652 32 56 :
3680 6628 200 76 The
3948 6628 208 80 His-

316 6732 268 92 panic
640 6732 316 92 series,
1012 6736 300 76 under
1360 6736 160 76 the
1572 6736 416 76 editorsh
1996 6736 28 76 i
2032 6760 64 72 p
2140 6760 52 52 o
2200 6736 44 76 f
2296 6736 56 76 J
2360 6796 20 20 .
2428 6740 112 76 D.
2596 6736 76 76 F
2676 6736 76 76 it
2760 6736 484 92 z-Gerald)

328 6840 96 88 ©
480 6848 104 76 M
580 6868 136 52 ar.
768 6844 128 84 17,
952 6844 268 88 1930;
1276 6844 128 80 2c.
1460 6848 184 72 and
1696 6844 156 80 aff.
1904 6848 236 76 Mar.
2192 6844 160 92 19;
2408 6848 80 72 A
2536 6844 332 92 20370;
2924 6844 268 96 Benj.
3248 6848 116 76 H.
3424 6844 360 80 Sanbor
3788 6868 60 52 n
3900 6848 64 76 &
4024 6868 100 52 co
4136 6908 16 12 .

472 6952 28 96 (
516 6956 52 76 3
572 6952 92 80 0-
688 6952 108 80 83
800 6952 156 92 99)
3760 6952 232 84 3029

320 7136 380 120 Stern,
756 7136 248 100 Ren
1012 7132 60 100 e
1076 7160 60 72 é
1196 7132 416 112 Bernd.

444 7280 236 104 The
740 7280 532 104 standard
1332 7280 320 104 letter
1712 7284 404 108 writer,
2180 7324 60 60 a
2300 7284 452 100 manual
2812 7284 124 100 of
2996 7284 336 104 social
3392 7288 212 100 and
3664 7284 492 100 business

316 7428 348 104 forms
728 7508 108 20 ...
904 7432 148 128 by
1108 7428 132 104 R.
1304 7428 128 104 B.
1496 7428 360 108 Stern.
1988 7424 524 144 Chicago,
2568 7432 508 104 Laidlaw
3128 7436 500 100 brothers
3704 7436 336 128 [ͨ1930]
