4800 8268
2080 7624 52 88 8
2144 7624 120 88 53

284 636 404 124 Pusey,
748 636 484 100 William
1292 636 360 124 Allen,
1716 640 928 100 ed.-Continued

416 796 168 76 448
644 816 84 68 p.
848 796 276 76 illus..
1196 796 264 88 diagr
1468 812 40 56 s
1520 856 12 12 .
1660 796 220 76 19ͨͫ.
2024 796 236 88 (The
2328 792 448 92 practical
2848 812 88 56 m
2944 788 356 80 edicine
3368 792 288 76 series
3728 796 56 84 …
3956 796 56 76 S
4016 812 84 56 e-

288 904 184 76 ries
536 904 264 92 1929)

292 1008 88 88 ©
452 1016 220 84 May
732 1012 128 76 14.
924 1012 260 84 1930:
1256 1012 48 72 2
1308 1032 76 60 c.
1448 1012 176 76 and
1692 1008 152 80 aff.
1912 1012 240 76 June
2212 1012 160 84 21;
2436 1008 80 76 A
2572 1008 328 88 25152;
2968 1012 244 72 Year
3272 1012 240 72 book
3572 1012 236 88 pubr
3812 1028 44 56 s
3868 1072 16 16 .

268 1192 624 120 Raymond,
948 1192 456 120 Ernest,
1464 1200 324 92 1888-
3716 1128 48 68 5
3776 1128 108 68 59
3892 1128 52 68 9

404 1336 104 100 A
560 1336 396 132 family
1004 1336 240 100 that
1296 1372 252 92 was,
1592 1336 144 132 by
1792 1336 392 100 Ernest
2236 1336 612 128 Raymond.
2972 1336 260 100 New
3292 1336 332 100 York.
3688 1340 132 96 D.
3876 1340 220 124 Ap-

280 1492 360 124 pleton
700 1484 216 100 and
968 1520 572 96 company,
1600 1488 284 96 1930.

404 1644 196 80 viii.
652 1648 168 72 453
876 1664 80 72 p.
1072 1644 224 76 20ͨͫ.

284 1732 92 88 ©
436 1756 92 72 M
536 1772 120 72 ay
704 1752 128 76 16.
892 1752 264 76 1930:
1216 1752 48 72 2
1272 1764 76 64 c.
1400 1756 180 72 and
1640 1772 44 52 a
1700 1748 96 80 ff.
1852 1752 216 88 May
2124 1748 152 92 19;
2336 1748 80 76 A
2468 1748 328 92 23657;
2852 1748 108 76 D.
3020 1748 460 92 Appleton
3536 1752 72 76 &
3656 1772 128 56 co.

416 1900 20 60 [
448 1856 96 96 ©
616 1864 452 72 revisions
1128 1860 152 76 for
1340 1860 492 76 American
1900 1860 392 92 market]
2432 1856 536 92 (30-14193)
3712 1856 228 84 5600

272 2020 272 116 Rex,
596 2024 132 92 M
724 2032 136 84 rs.
920 2016 312 100 Ruth
1288 2012 376 108 Irwin.

400 2168 196 100 We
700 2164 540 132 worship;
1344 2164 456 100 services
1904 2164 124 96 of
2132 2164 476 128 worship
2716 2164 176 96 for
2992 2168 180 96 the
3272 2168 316 96 small
3692 2168 408 100 church

268 2320 396 124 school,
740 2316 144 100 by
960 2316 304 100 Ruth
1340 2312 348 100 Irwin
1768 2312 264 100 Rex.
2180 2312 264 100 New
2524 2312 348 128 York,
2944 2312 496 128 London,
3520 2316 228 96 The
3832 2312 264 108 Cen-

268 2476 252 120 tury
572 2500 144 68 co.
860 2468 296 124 [©1930]

404 2620 168 76 viii
628 2640 108 68 p.,
792 2620 52 76 2
892 2620 36 68 l
936 2648 44 52 .,
1032 2620 280 76 3-335
1364 2636 80 72 p.
1564 2612 108 80 19
1680 2620 112 88 ½ͨͫ
1828 2676 16 16 .
2068 2612 248 84 $2.00

404 2728 352 76 Music:
808 2748 84 72 p.
948 2728 212 76 295-
1160 2728 56 72 3
1232 2724 132 80 15.

284 2816 92 88 ©
436 2840 216 80 May
712 2840 132 88 23,
900 2840 108 72 19
1012 2836 112 76 30
1156 2860 16 64 ;
1232 2836 128 80 2c.
1420 2840 180 72 and
1664 2836 156 76 aff.
1880 2836 96 76 M
1984 2856 112 56 ay
2156 2836 156 76 27:
2376 2832 80 76 A
2512 2836 328 88 23652;
2908 2832 412 92 Century
3380 2860 128 52 co.

436 2948 376 76 (30-145
812 2948 52 72 8
868 2948 100 76 4)
3696 2940 48 80 5
3756 2940 48 80 6
3812 2940 108 80 01

268 3100 604 124 Robinson,
928 3104 492 104 William
1480 3100 600 124 Josephus,
2140 3104 328 104 1867-

404 3252 540 100 Practical
1004 3248 900 132 prevenception;
1968 3284 152 92 or,
2176 3248 232 100 The
2468 3248 568 132 technique
3096 3248 120 100 of
3268 3248 296 104 birth
3628 3268 124 72 co
3752 3248 348 100 ntrol:

268 3404 384 128 giving
736 3400 176 100 the
1000 3404 312 96 latest
1400 3400 496 100 methods
1984 3396 120 100 of
2192 3396 644 132 prevention
2924 3396 120 100 of
3128 3400 672 124 conception,
3892 3400 204 96 dis-

268 3548 436 132 cussing
764 3548 288 100 their
1112 3548 348 128 effect,
1524 3548 568 96 favorable
2156 3584 120 60 or
2348 3544 756 132 unfavorable,
3172 3580 136 64 on
3376 3548 180 96 the
3624 3580 180 64 sex
3876 3556 220 88 act:

272 3700 284 100 their
616 3700 660 100 indications
1336 3700 212 96 and
1612 3692 1128 128 contra-indications,
2800 3692 520 132 pointing
3380 3704 192 92 out
3632 3700 184 96 the
3880 3732 224 64 rea-

268 3884 244 64 sons
592 3844 180 100 for
848 3844 460 100 failures
1388 3844 216 100 and
1676 3844 248 100 how
2000 3852 116 92 to
2196 3844 328 100 avoid
2600 3844 328 100 them.
3080 3844 224 96 For
3380 3844 180 100 the
3644 3844 452 100 medical

272 3992 612 132 profession
936 4032 136 64 on
1084 3992 32 100 l
1124 4032 100 92 y.
1348 3996 172 128 By
1568 3992 228 100 Wil
1808 3996 32 92 l
1852 3992 220 100 iam
2120 3992 108 104 J.
2284 3992 416 100 Robins
2708 4024 60 68 o
2780 4024 68 64 n
2908 4004 64 104 …
3148 3988 576 120 Hoboken,
3776 3996 92 92 N
3888 4072 20 20 .
3964 3992 144 100 J..

268 4144 228 100 The
556 4144 584 100 American
1200 4140 588 132 biological
1848 4140 404 128 society
2324 4152 68 116 [ͨ;
2404 4144 252 96 1929
2668 4204 24 64 ]

404 4320 84 68 v,
548 4296 164 80 170
772 4316 84 72 p.
972 4296 248 80 illus.
1336 4296 280 80 19½ͨͫ.

284 4404 92 96 ©
436 4412 216 72 Dec.
704 4408 76 84 5,
836 4408 268 88 1929;
1160 4408 52 72 2
1216 4432 48 56 c
1276 4468 16 16 .
1348 4408 184 76 and
1588 4408 156 76 aff.
1804 4408 92 72 M
1904 4424 52 56 a
1964 4428 56 68 y
2072 4408 160 88 15;
2292 4408 80 72 A
2424 4404 320 88 23432;
2812 4404 304 80 Amer.
3176 4404 92 76 bi
3276 4424 48 56 o
3332 4400 324 96 logical
3728 4400 372 92 society,

408 4520 176 76 inc.
716 4516 540 96 (30-14372)
3712 4508 236 84 5602

268 4672 716 120 Rosenholtz,
1048 4672 420 120 Joseph
1528 4672 340 120 Leon,
1932 4680 312 92 1899-

404 4820 228 100 The
676 4824 512 96 elements
1232 4816 120 104 of
1400 4816 428 100 ferrous
1876 4820 696 128 metallurgy,
2620 4816 144 124 by
2812 4820 412 128 Joseph
3272 4820 124 96 L.
3448 4816 656 100 Rosenholtz

360 5048 72 20 .
536 4972 264 96 New
880 4968 344 128 York,
1300 4968 108 104 J.
1484 4964 368 132 Wiley
1924 4972 84 96 &
2084 5000 280 96 sons,
2440 4964 264 124 inc.;
2784 4964 496 128 London,
3364 4964 580 132 Chapman
4024 4972 76 92 &

272 5120 300 124 Hall,
628 5116 460 128 limited,
1148 5120 292 96 1930.

404 5272 52 76 3
512 5296 80 68 p.
652 5272 88 88 l.,
800 5272 28 72 i
840 5272 28 72 i
872 5272 32 72 i
908 5316 60 8 -
968 5272 128 76 vii
1108 5332 16 24 ,
1188 5268 160 76 248
1416 5292 76 68 p.
1616 5272 272 76 illus..
1956 5272 268 84 diagr
2228 5292 44 52 s
2284 5332 16 12 .
2356 5268 88 92 (1
2512 5272 276 76 fold.)
2920 5268 276 92 23½ͨͫ.
3424 5264 248 96 $3.00

280 5376 96 92 ©
440 5392 144 68 Ma
592 5404 56 64 y
708 5384 44 72 1
760 5384 56 76 9
820 5444 16 20 ,
896 5384 100 72 19
1004 5392 56 68 3
1064 5384 96 72 0:
1220 5384 120 80 2c.
1408 5384 180 72 and
1648 5400 48 60 a
1708 5380 32 76 f
1740 5380 40 76 f
1788 5444 16 12 .
1860 5384 220 88 May
2136 5384 156 84 21;
2356 5380 72 76 A
2488 5380 324 80 24024:
2876 5380 84 76 J.
3016 5380 76 76 L
3100 5440 12 16 .
3176 5376 588 92 Rosenholtz,
3824 5388 272 80 '[roy.

412 5492 100 84 N.
572 5496 104 76 Y.
812 5492 536 92 (30-14376)
3708 5484 112 80 56
3832 5484 108 80 03

272 5648 500 120 Rubado,
832 5648 532 104 Clarence
1424 5644 480 120 Arthur,
1968 5656 328 96 1886-

404 5828 564 100 Problems
1040 5824 120 100 of
1236 5828 184 96 the
1496 5824 224 132 city
1792 5828 368 96 school
2232 5824 904 128 superintendent
3212 5824 108 100 in
3408 5824 176 100 the
3664 5824 248 100 field
3992 5820 120 100 of

272 5976 652 104 arithmetic,
996 5976 148 128 by
1216 5972 520 104 Clarence
1812 5972 432 104 Arthur
2320 5972 460 104 Rubado
2856 5984 68 108 …
3128 5972 268 100 New
3472 5972 308 100 York
3860 6008 48 60 c
3920 5972 188 128 ity.

272 6124 528 100 Teachers
856 6124 440 132 college,
1352 6124 580 104 Columbia
1984 6124 648 132 university,
2692 6128 288 96 1930.

400 6284 48 72 3
500 6304 80 72 p.
632 6280 28 68 1
672 6308 44 56 ..
768 6284 160 72 107
980 6304 80 72 p.
1164 6284 104 76 23
1280 6280 52 80 1
1428 6344 16 16 .
1568 6284 512 88 (Teachers
2128 6284 368 88 college,
2552 6280 480 80 Columbia
3092 6280 548 88 university.
3748 6280 352 76 Contri-

272 6388 368 80 butions
688 6396 96 72 to
832 6392 516 92 education,
1400 6412 144 56 no.
1592 6392 112 76 40
1708 6392 48 72 6
1780 6388 24 88 )

404 6500 500 72 Published
948 6504 196 72 also
1192 6520 108 56 as
1340 6500 296 76 thesis
1688 6500 204 92 (PH.
1936 6500 128 88 D.)
2120 6496 476 80 Columbia
2652 6496 548 88 university.

404 6608 132 72 "A
584 6596 464 88 classified
1108 6608 644 92 bibliography
1808 6608 100 76 of
1960 6608 156 76 the
2168 6608 492 92 published
2716 6604 432 76 material
3208 6628 112 52 on
3380 6608 152 72 the
3592 6608 352 84 subject
4012 6604 92 72 of

268 6716 640 76 arithmetic":
972 6736 80 72 p.
1096 6712 108 80 65
1208 6736 40 36 -
1264 6716 188 76 107.

280 6816 92 88 ©
436 6832 100 68 M
536 6844 128 56 ar.
724 6824 52 72 5
784 6884 12 24 ,
856 6824 44 72 1
908 6824 48 72 9
964 6824 112 72 30
1096 6840 20 64 :
1180 6824 132 80 2c.
1368 6824 92 72 M
1468 6844 116 68 ay
1644 6844 96 56 ,:
1804 6824 100 72 af
1900 6824 36 72 f
1948 6884 12 16 .
2024 6836 92 68 M
2116 6840 48 60 a
2184 6844 52 68 y
2296 6824 52 72 9
2368 6840 20 64 :
2456 6824 80 72 A
2588 6824 280 72 22717
2900 6844 20 64 ;
2980 6820 464 76 Teachers
3500 6824 344 88 college
3852 6880 16 28 ,
3932 6820 156 76 Co-

404 6932 340 76 lumbia
820 6932 244 76 univ.
1204 6932 532 88 (30-14481)
3700 6924 232 80 5604

268 7088 92 96 R
368 7084 108 100 ul
488 7084 192 124 ing
728 7128 48 64 c
788 7128 52 64 a
848 7120 48 60 s
900 7120 52 60 e
1012 7096 232 96 law.
1408 7100 112 92 19
1532 7100 124 88 30
1704 7132 44 60 s
1760 7128 60 64 u
1840 7096 252 124 pple
2096 7132 108 60 m
2212 7116 124 76 en
2348 7100 40 88 t
2444 7092 288 100 conti
2744 7128 68 64 n
2824 7128 64 64 u
2896 7092 192 128 ing
3136 7096 652 96 Permanent
3848 7128 44 60 s
3896 7120 196 96 up-

408 7272 68 92 p
484 7240 36 96 l
528 7256 380 84 ement.
1040 7276 96 60 v.
1200 7264 76 88 8.
1416 7240 268 100 This
1748 7276 276 92 >upp
2032 7240 28 96 l
2080 7252 348 88 ement
2488 7236 244 104 brin
2744 7276 68 84 g
2820 7280 44 56 s
2928 7240 176 100 the
3172 7240 372 96 article
3556 7272 44 60 s
3660 7240 112 100 in
3832 7240 96 96 R
3940 7272 60 64 u
4012 7240 84 92 l-

412 7384 192 132 ing
664 7420 232 64 case
964 7388 36 92 l
1008 7420 160 64 aw
1236 7388 212 96 and
1520 7388 176 96 the
1768 7388 660 96 Permanent
2492 7420 284 96 supp
2784 7384 32 100 l
2828 7396 348 88 ement
3248 7396 108 88 to
3428 7384 500 128 January
4004 7388 88 92 1.
