4800 8268
2384 7760 120 96 79
2516 7760 56 92 6

616 672 548 124 Cushing,
1220 676 480 120 Morgan
1756 672 124 104 B.

752 904 108 20 …
924 820 380 108 Banks
1356 820 216 104 and
1628 816 528 136 banking,
2208 816 144 124 by
2408 812 472 132 Morgan
2944 812 128 100 B.
3136 808 504 136 Cushing
3704 892 108 16 …
3884 808 588 132 foreword,

608 972 848 128 interpolations
1496 968 220 104 and
1764 968 476 100 revision
2284 964 124 100 of
2456 960 528 104 statistics
3032 960 144 136 by
3224 956 220 136 Joy
3492 960 424 100 Luther
3964 960 504 100 Leonard

616 1200 108 20 …
872 1184 24 68 [
908 1120 824 132 Philadelphia]
1804 1112 20 112 ͨ
1844 1124 188 96 193
2044 1120 60 96 0
2116 1196 20 24 .

744 1280 56 72 4
804 1276 52 80 9
916 1300 84 72 p.
1112 1276 52 76 2
1172 1276 52 76 5
1240 1280 36 80 ½
1304 1280 44 44 ͨͫ
1376 1336 20 20 .

748 1412 124 80 At
920 1412 240 76 bead
1216 1432 48 56 o
1268 1412 44 72 f
1364 1408 264 80 title:
1680 1412 396 76 Lecture
2128 1408 228 76 text.

632 1540 100 100 ©
800 1552 220 88 May
1088 1548 132 92 10,
1292 1552 32 72 1
1348 1548 104 76 93
1460 1544 104 92 0;
1632 1548 128 84 2c.
1832 1548 184 76 and
2088 1564 48 60 a
2152 1544 96 80 ff.
2320 1544 216 92 May
2608 1544 48 72 1
2664 1544 52 72 5
2748 1564 20 68 ;
2840 1544 76 72 A
2984 1544 56 72 2
3044 1544 48 72 3
3104 1540 216 92 399;
3396 1540 540 92 LaFayette
4008 1540 460 92 institute,

760 1660 172 76 inc.
1076 1700 96 76 [
1080 1652 100 100 ©
1232 1660 492 84 foreword,
1784 1652 720 96 interpolations
2556 1652 184 80 and
2792 1652 492 96 revisions]
3416 1652 544 92 (30-13618)
4084 1644 232 84 5247

620 1840 444 120 Deitch,
1132 1840 520 104 Guilford
1720 1840 136 108 A.

760 1988 396 132 Digest
1216 2024 60 64 o
1292 1988 48 100 f
1408 1988 300 104 insur
1720 2024 52 64 a
1784 2024 192 64 nce
2040 2024 236 64 case
2276 2024 56 64 s
2392 1984 636 136 embracing
3092 1984 152 100 all
3308 1984 536 100 decisions
3920 2068 112 16 …
4180 2020 72 64 v
4264 2064 16 20 .
4348 1988 128 96 41

624 2140 176 100 for
856 2144 180 96 the
1092 2176 260 96 year
1408 2140 404 124 ending
1880 2140 468 100 October
2408 2144 60 96 3
2480 2148 92 124 1,
2636 2144 284 96 1928.
3052 2140 172 132 By
3284 2132 532 108 Guilford
3880 2136 136 100 A.
4076 2132 400 104 Deitch

628 2372 112 20 …
844 2292 456 100 assisted
1408 2292 144 120 by
1652 2288 416 104 Marita
2168 2296 292 92 Kerz
2564 2288 596 132 Reynolds.
3332 2284 804 136 Indianapolis,
4244 2284 236 100 The

616 2440 168 100 Ro
792 2476 64 64 u
868 2444 144 128 gh
1072 2476 68 64 n
1148 2476 60 64 o
1220 2452 36 88 t
1268 2476 52 64 e
1328 2480 48 60 s
1436 2476 572 100 company,
2072 2444 120 96 19
2200 2444 60 96 2
2272 2444 88 96 9.

752 2604 56 68 L
816 2656 16 24 ,
896 2596 52 76 5
952 2596 52 76 5
1008 2596 52 76 9
1120 2616 88 72 p.
1316 2596 228 76 23ͨͫ.

632 2732 92 88 ©
788 2732 228 80 Nov.
1076 2728 132 96 30,
1272 2732 268 92 1929;
1604 2732 132 84 2c.
1796 2732 248 80 June
2104 2732 76 92 5,
2240 2732 272 92 1930;
2576 2728 164 88 off.
2800 2732 244 76 June
3104 2732 104 92 6;
3272 2732 80 72 A
3412 2728 332 92 24310;
3812 2728 332 96 Rough
4204 2732 268 76 notes

756 2860 136 60 co.
4084 2836 228 84 5248

616 3016 520 128 Deming,
1196 3020 440 108 Horace
1696 3024 404 124 Grove,
2168 3036 188 92 188
2368 3036 52 92 5
2428 3092 56 12 –

752 3176 136 100 In
956 3176 184 104 the
1204 3176 336 100 realm
1604 3176 128 104 of
1792 3176 456 132 carbon;
2320 3180 184 100 the
2572 3196 300 100 story
2940 3176 124 104 of
3128 3176 452 136 organic
3644 3176 624 132 chemistry,
4332 3176 148 136 by

616 3324 432 104 Horace
1108 3320 96 108 G
1220 3408 20 16 .
1292 3324 484 136 Deming
1840 3412 108 16 …
2100 3328 268 100 New
2420 3328 344 132 York,
2816 3328 108 108 J.
2976 3328 368 136 Wiley
3396 3332 92 96 &
3536 3364 284 96 sons,
3872 3332 260 124 inc.;
4192 3328 284 100 Lon-

620 3476 248 132 don,
928 3476 576 132 Chapman
1556 3480 84 100 &
1696 3476 228 104 Hal
1932 3484 32 96 l
1984 3564 20 48 ,
2056 3476 464 132 limited,
2576 3484 288 96 1930.

744 3652 88 72 x,
884 3632 168 80 365
1104 3652 84 72 p.
1304 3632 96 76 ill
1416 3652 132 60 us,
1604 3632 144 92 (in
1756 3632 76 80 cl
1848 3696 16 16 .
1916 3632 336 92 ports.)
2384 3632 224 80 23ͨͫ.
2836 3632 256 96 $3.00

752 3764 572 80 "Reference
1372 3764 276 80 list":
1700 3788 84 72 p.
1840 3768 424 80 351-357.

632 3888 96 92 ©
796 3904 216 92 May
1076 3904 76 92 2,
1216 3904 272 88 1930;
1552 3908 48 72 2
1612 3928 44 56 c
1664 3968 16 16 .
1748 3908 216 88 May
2032 3908 100 92 8;
2200 3904 100 80 af
2296 3904 40 76 f
2344 3968 12 20 .
2428 3908 216 92 May
2704 3908 100 92 6;
2876 3908 76 76 A
3016 3908 332 92 22747;
3420 3912 116 72 H.
3604 3908 104 80 G.
3772 3908 140 76 De
3916 3908 280 92 ming,
4264 3904 200 80 Lin-

760 4016 232 88 coln,
1048 4016 228 80 Neb.
1400 4012 540 96 (30-13368)
4076 4012 236 84 5249

620 4192 636 124 Detweiler,
1316 4196 472 104 Charles
1844 4200 492 120 Samuel,
2396 4204 332 104 1878–

744 4348 232 96 The
1064 4348 464 132 waiting
1604 4348 300 104 isles;
2000 4352 448 128 Baptist
2532 4352 508 104 missions
3124 4352 112 104 in
3320 4356 184 100 the
3592 4352 652 132 Caribbean,
4324 4352 148 136 by

616 4492 456 108 Charles
1132 4496 108 108 S.
1296 4496 644 136 Detweiler;
2000 4504 356 100 edited
2420 4504 140 132 by
2612 4504 184 100 the
2848 4508 736 128 Department
3636 4504 124 100 of
3812 4504 660 132 missionary

616 4640 612 116 education,
1304 4652 364 104 Board
1756 4648 124 100 of
1952 4652 576 104 education
2604 4652 124 104 of
2800 4652 184 104 the
3056 4660 564 100 Northern
3696 4656 452 128 Baptist
4220 4688 248 68 con-

616 4792 444 100 vention
1172 4880 108 20 …
1464 4796 820 140 Philadelphia,
2392 4808 412 96 Boston
2920 4816 268 120 [etc.]
3296 4808 236 96 The
3632 4804 432 108 Judson
4168 4840 304 96 press

620 4952 72 116 [
700 4948 288 120 1930]

748 5096 52 72 5
848 5112 84 68 p.
976 5100 92 92 l.,
1112 5104 284 76 3-167
1444 5128 80 72 p.
1640 5104 320 100 front.,
2012 5116 332 88 plates.
2460 5112 224 84 20ͨͫ.

752 5208 724 84 "References":
1532 5236 80 72 p.
1668 5216 196 84 167.

628 5324 96 96 ©
792 5348 216 92 May
1072 5348 104 76 10
1184 5408 16 24 ,
1264 5352 108 76 19
1380 5348 52 68 3
1432 5352 108 92 0;
1604 5344 124 88 2c.
1792 5360 184 72 and
2040 5380 48 52 a
2104 5356 72 76 ff
2180 5420 16 20 .
2264 5360 220 92 May
2544 5360 160 92 16;
2768 5360 80 80 A
2908 5360 332 88 22900;
3308 5364 56 80 J
3376 5364 228 76 udso
3608 5380 60 60 n
3736 5372 284 84 press.

776 5452 320 92 (30-13
1104 5456 52 76 5
1160 5460 152 92 15)
4072 5464 232 84 5250

608 5628 656 136 Dickinson,
1316 5640 500 112 Thomas
1868 5652 536 128 Herbert,
2464 5660 328 108 1877–
3212 5696 56 64 e
3272 5660 104 104 d.

748 5776 268 108 Chie
1028 5780 56 104 f
1156 5800 840 132 contemporary
2072 5804 672 120 dramatists,
2820 5812 304 100 third
3196 5804 384 128 series;
3656 5808 420 124 twenty
4152 5800 316 132 plays

616 5924 284 108 from
980 5936 180 100 the
1240 5956 360 88 recent
1672 5948 384 104 drama
2132 5956 128 96 of
2332 5956 180 100 the
2588 5960 420 104 United
3092 5956 396 132 States,
3568 5956 344 104 Great
3988 5948 480 128 Britain,

608 6076 588 140 Germany,
1296 6088 492 136 Austria,
1884 6100 456 136 France,
2432 6108 336 128 Italy,
2872 6108 384 132 Spain,
3352 6104 436 112 Russia,
3876 6104 592 128 Hungary,

612 6224 952 132 Czechoslovakia,
1664 6248 180 100 the
1952 6248 488 108 Yiddish
2540 6260 464 108 theatre,
3100 6260 220 100 and
3436 6252 780 112 Scandinavia,
4312 6284 156 68 se-

596 6376 348 108 lected
1016 6388 212 96 and
1304 6388 360 104 edited
1736 6392 144 132 by
1948 6388 480 116 Thomas
2492 6404 152 104 H.
2716 6392 608 116 Dickinson
3412 6488 112 20 …
3676 6408 448 96 Boston.
4200 6400 268 100 New

604 6524 312 108 York
1000 6544 268 120 [etc.]
1352 6536 180 104 Ho
1544 6576 60 64 u
1612 6544 348 104 ghton
2036 6548 160 104 Mi
2208 6548 60 104 f
2236 6540 76 96 f
2240 6548 68 104 l
2320 6556 108 96 in
2504 6592 540 96 company
3128 6560 380 128 [1930]

732 6688 128 92 ix,
916 6692 52 76 6
976 6688 48 80 9
1032 6688 56 80 8
1136 6712 84 72 p.
1336 6692 100 80 21
1452 6696 64 52 "
1540 6760 20 16 .

740 6796 64 76 C
812 6816 48 56 O
872 6812 316 60 NTENT
1192 6820 48 52 S
1252 6804 332 76 .—The
1636 6808 456 96 Emperor
2136 6816 312 92 Jones,
2504 6820 116 92 by
2672 6812 100 72 E.
2832 6820 352 80 O'Neill
3200 6884 16 12 .
3272 6824 188 72 —In
3512 6816 560 80 Abraham's
4120 6820 348 84 bosom,

600 6904 116 88 by
800 6904 92 76 P.
980 6904 644 88 Green.-The
1700 6916 284 80 silver
2068 6928 244 88 cord,
2392 6928 120 88 by
2596 6932 84 76 S.
2764 6904 776 104 Howard.-The
3620 6932 312 72 Dover
4012 6928 252 84 road,
4348 6924 120 92 by

600 7012 100 76 A.
756 7012 104 76 A.
920 7004 148 80 Mi
1096 7016 504 80 ne.-Juno
1652 7028 188 72 and
1896 7028 156 80 the
2108 7036 432 88 paycock,
2600 7036 116 92 by
2776 7036 88 80 S.
2924 7036 820 96 O'Casey.-Such
3800 7036 80 76 is
3932 7036 192 76 life,
4188 7036 124 72 by
4364 7032 104 80 F.

596 7116 564 92 Wedekind;
1224 7124 112 76 tr.
1392 7124 116 92 by
1560 7128 96 80 F.
1716 7132 84 76 J.
1856 7136 100 72 Zi
2028 7128 92 72 gl
2116 7140 520 76 er.—From
2696 7168 272 52 morn
3020 7152 92 72 to
3176 7144 500 96 midnight,
3732 7144 120 92 by
3908 7144 108 76 G.
4068 7140 396 92 Kaiser;

596 7224 32 68 t
640 7244 64 52 r.
760 7220 120 96 by
928 7228 100 76 A.
1084 7228 464 80 Dukes.-
1524 7228 80 68 E
1636 7240 316 92 lectra,
2004 7244 124 92 by
2172 7248 116 76 H.
2336 7268 180 56 von
2568 7252 816 88 Hofmannsthal;
3440 7256 120 72 tr.
3608 7252 116 92 by
3776 7252 100 76 A.
3932 7252 524 88 Symons.—

592 7328 196 80 The
856 7336 516 96 steamship
1440 7340 476 96 Tenacity,
1984 7352 120 92 by
2172 7352 92 80 C.
2336 7356 432 88 Vildrac;
2848 7364 112 72 tr.
3032 7364 128 88 by
3224 7364 84 76 J.
3396 7360 88 80 S.
3548 7352 920 96 Newberry.—Time

596 7436 76 72 is
740 7460 48 56 a
856 7444 336 72 dream.
1264 7444 120 88 by
1448 7436 112 88 H.
1624 7448 76 80 R
1716 7516 16 16 .
1796 7456 588 84 Lenormand
2420 7484 20 56 :
2504 7468 116 76 tr.
2688 7468 120 88 by
2876 7468 468 84 Winifred
3428 7468 248 76 Katz
3684 7468 32 76 i
3724 7488 84 56 n.
3928 7464 352 92 Naked,
4348 7460 120 96 by

592 7544 100 80 L.
764 7544 588 100 Pirandello;
1432 7556 112 80 tr.
1616 7556 116 96 by
1804 7564 108 76 A.
1980 7564 332 92 Living
2320 7592 40 44 s
2372 7540 500 116 ton.—The
2948 7580 212 84 love
3232 7580 100 76 of
3412 7580 164 76 the
3644 7580 264 72 three
3980 7576 296 92 kings,
4348 7572 116 92 by
