4920 8268
628 652 356 124 Scott,
1044 648 492 128 Gabriel,
1600 652 332 108 1874-

776 884 112 24 ...
944 808 228 100 Das
1224 804 408 104 eiserne
1680 808 660 132 geschlecht,
2388 836 416 72 roman.
2952 808 508 132 Bremen,
3512 804 120 108 C.
3696 808 808 132 Schilnemann,

632 964 288 96 1929.

752 1108 196 96 240,
1008 1104 100 104 [1]
1176 1132 80 72 p.
1376 1108 108 84 19
1488 1112 36 80 ½
1564 1112 84 76 ͨͫ.

760 1244 652 96 "Berechtigte
1488 1240 612 100 übersetzung
2160 1264 172 60 aus
2396 1244 112 80 de
2512 1268 92 52 m
2664 1244 704 96 norwegisehen
3432 1268 180 56 von
3676 1244 316 80 Käthe
4056 1244 132 80 Mi
4192 1268 52 60 e
4252 1244 240 80 the."

628 1384 92 88 ©
788 1380 196 80 Oct.
1040 1380 132 92 18,
1228 1380 276 92 1929;
1560 1384 48 72 l
1608 1400 84 64 c.
1752 1384 216 76 Dec.
2024 1384 160 88 13;
2244 1380 604 92 A-Foreign
2904 1380 276 92 5806;
3244 1376 216 84 Carl
3528 1380 56 80 S
3596 1396 48 68 c
3648 1380 564 84 hünemann.

776 1492 488 100 (30-8711)
4092 1492 236 84 3012

624 1672 372 128 Shaw,
1056 1672 412 104 Lillian
1528 1672 412 128 Eloise,
2004 1684 332 96 1893-

756 1912 108 16 ...
956 1824 580 136 Reducing
1612 1824 116 104 in
1804 1832 344 128 spots,
2228 1828 544 132 prepared
2856 1824 184 104 for
3112 1828 652 104 Delineator
3844 1832 400 132 beauty
4320 1832 164 104 in-

612 1976 384 104 stitute
1080 1980 148 132 by
1308 1976 420 104 Lillian
1820 1980 132 100 E.
2040 1976 336 108 Shaw
2400 1976 60 120 …
2736 1976 268 104 New
3096 1980 316 100 York
3492 1980 264 132 city,
3844 1976 648 108 Delineator

604 2128 444 136 service,
1096 2132 340 100 ͨ1930.

748 2288 136 92 23,
952 2324 20 60 [
980 2288 48 72 1
1040 2324 20 60 ]
1128 2308 84 72 p.
1324 2284 252 80 illus.
1692 2284 528 88 22½ͨͫ.
2112 2284 600 92 (Delineator
2772 2284 384 80 service.
3280 2288 168 96 [Bu
3456 2288 32 72 l
3496 2280 368 100 letins])

748 2424 140 80 On
940 2440 328 64 cover:
1328 2420 552 80 Delineator
1928 2420 272 80 home
2256 2420 464 80 institute.

628 2556 92 88 ©
784 2564 100 76 M
884 2580 136 56 ar.
1076 2560 132 88 20,
1268 2556 268 92 1930;
1600 2560 132 76 2c.
1788 2560 188 76 and
2036 2556 160 84 aff.
2256 2560 236 76 Mar.
2548 2560 160 88 22;
2772 2560 80 76 A
2904 2556 336 96 20512;
3304 2560 500 76 Butterick
3864 2580 120 76 pu
3992 2560 52 76 b
4044 2596 20 48 .
4132 2580 124 64 co.

772 2672 28 92 (
812 2672 52 80 3
872 2668 384 96 0-8581)
4084 2668 240 84 3013

620 2852 532 124 Sherriff,
1208 2852 432 104 Robert
1700 2848 432 128 Cedric,
2200 2860 332 96 1896-

760 3004 584 136 Journey's
1400 3004 252 136 end,
1712 3040 60 64 a
1832 3004 356 132 novel,
2244 3008 148 132 by
2448 3004 136 108 R.
2652 3004 120 108 C.
2840 3004 476 108 Sherriff
3376 3008 220 104 and
3652 3004 452 108 Vernon
4168 3012 328 100 Bart-

624 3160 228 100 lett.
996 3160 268 100 New
1328 3156 348 132 York,
1736 3152 600 108 Frederick
2396 3156 136 104 A.
2596 3152 392 108 Stokes
3044 3192 580 100 company,
3684 3164 292 96 1930.

744 3316 52 76 3
852 3332 84 76 p.
988 3316 84 88 1.,
1124 3312 288 80 3-308
1460 3332 112 72 p.,
1628 3312 48 76 1
1724 3312 64 80 1.
1900 3308 284 84 19½ͨͫ.

620 3444 96 88 ©
788 3452 236 76 Mar.
1088 3448 136 92 20,
1292 3448 272 88 1930;
1632 3448 132 80 2c.
1836 3448 232 76 Mar.
2136 3448 164 88 25;
2372 3448 160 80 aff.
2600 3448 236 80 Mar.
2904 3448 164 88 26;
3140 3448 80 76 A
3288 3448 220 76 2061
3516 3448 52 80 3
3600 3468 24 72 ;
3696 3452 108 76 R.
3876 3448 96 84 C.
4048 3448 424 96 Sherriff,

752 3560 600 92 Rossendale,
1420 3560 504 92 Hampton,
1988 3556 292 92 Wick,
2348 3560 456 92 England,
2868 3560 184 76 and
3120 3560 372 80 Vernon
3556 3560 444 96 Bartlett,
4064 3560 408 80 London.

768 3668 28 100 (
812 3672 52 80 3
872 3668 384 96 0-8600)
4084 3668 232 84 3014

616 3852 548 128 Siemsen,
1224 3852 372 128 Anna,
1664 3860 328 100 1882-
2420 3884 116 72 co
2544 3888 108 68 m
2656 3888 108 100 p.

752 4088 108 24 ...
952 4008 316 100 Mens
1280 4040 52 68 c
1336 4004 208 104 hen
1632 4004 228 100 und
1948 4004 984 104 menschenkinder
3016 4040 192 68 aus
3300 4004 104 104 al
3416 4008 32 100 l
3460 4040 116 68 er
3660 4004 308 140 welt;
4056 4008 208 104 mit
4348 4016 124 100 21

604 4156 744 132 abbildungen
1432 4192 136 64 au
1584 4156 52 100 f
1708 4152 1120 136 kunstdruckpapier.
2968 4156 324 132 Jena,
3368 4156 1104 136 Urania-verlagsge-

600 4304 572 104 sellschaft
1220 4348 140 64 m.
1416 4304 96 104 b.
1568 4312 104 96 h.
1816 4312 292 124 [ͨ1929]

736 4464 164 76 112
956 4484 80 72 p.
1148 4468 320 88 front.,
1524 4464 332 92 plates.
1972 4460 232 84 21ͨͫ.

612 4596 100 88 ©
784 4604 140 76 No
932 4624 56 56 v
996 4664 16 16 .
1084 4600 136 96 10,
1292 4600 268 92 1929;
1640 4600 124 76 1c.
1848 4600 208 76 Jan.
2124 4600 56 76 3
2184 4660 20 32 ,
2276 4600 272 88 1950;
2632 4600 72 72 A-
2828 4596 400 96 Foreign
3304 4600 164 76 592
3468 4600 60 76 3
3560 4620 20 68 ;
3660 4600 76 76 U
3748 4600 720 96 rania-verlags-

744 4712 332 96 gesells
1084 4748 52 64 c
1140 4712 212 80 haft
1412 4732 112 56 m.
1584 4712 56 76 b
1644 4764 20 48 .
1728 4712 56 72 h
1800 4772 16 16 .
1948 4712 28 92 (
1992 4708 52 84 3
2052 4708 384 96 0-8862)
4072 4708 232 84 3015

608 4896 364 104 South
1036 4892 488 104 Dakota.
1676 4900 88 100 C
1772 4896 688 104 onstitution.

748 5048 788 132 Constitution,
1596 5048 288 100 1929.
2036 5044 312 108 State
2400 5048 128 100 of
2584 5048 72 104 S
2668 5080 64 64 o
2736 5048 196 100 uth
2992 5044 476 136 Dakota,
3524 5048 596 104 annotated
4196 5044 288 132 (The

608 5236 216 64 ann
836 5212 112 88 ot
956 5200 148 100 ati
1116 5236 64 64 o
1188 5236 124 64 ns
1384 5236 52 64 c
1444 5236 64 64 o
1512 5236 188 64 ver
1772 5200 448 132 printed
2292 5196 544 104 decisions
2904 5212 112 88 to
3084 5200 288 104 Mar.
3452 5208 156 124 15,
3688 5196 308 136 1929)
4164 5196 84 104 C
4248 5200 76 96 o
4328 5232 152 68 m-

612 5348 296 132 piled
968 5352 144 132 by
1172 5348 300 104 John
1536 5348 500 104 Howard
2100 5344 368 132 Gates,
2528 5344 340 136 judge
2928 5384 64 64 o
3004 5348 52 100 f
3112 5348 188 104 the
3364 5348 536 132 Supreme
3960 5356 308 96 court
4328 5380 64 68 u
4416 5384 64 96 p

612 5516 112 88 to
784 5500 260 104 1927
1100 5504 212 96 and
1368 5500 148 132 by
1568 5500 464 132 Dwight
2096 5496 532 136 Campbel
2636 5500 32 100 l
2684 5584 20 48 ,
2760 5500 340 132 judge
3160 5500 124 104 of
3336 5500 184 108 the
3580 5500 532 132 Supreme
4172 5512 312 96 court

608 5684 148 96 up
832 5660 116 92 to
1028 5652 288 100 1929.
1476 5708 24 68 [
1508 5648 420 128 Pierre,
2004 5644 108 108 S.
2196 5648 136 100 D.
2348 5708 24 68 ]
2460 5644 432 136 Gladys
2964 5648 316 132 Pyle,
3352 5660 552 120 secretary
3984 5648 124 104 of
4184 5656 288 96 state

616 5812 72 120 [ͨ
696 5808 52 92 1
760 5804 192 100 929
940 5832 36 88 ]

736 5956 164 76 122
956 5976 88 76 p.
1152 5952 564 88 26½ͨͫ.

740 6064 264 80 With
1052 6064 192 80 this
1292 6064 84 80 is
1424 6064 312 76 bound
1788 6064 192 76 The
2028 6068 240 72 laws
2320 6068 336 92 passed
2708 6072 104 72 at
2868 6064 156 80 the
3076 6064 608 96 twenty-first
3736 6064 356 80 session
4148 6068 104 72 of
4304 6068 160 80 the

604 6176 592 92 Legislature
1264 6176 100 80 of
1432 6176 160 76 the
1660 6180 248 72 state
1980 6176 100 80 of
2152 6176 292 80 South
2520 6176 372 76 Dakota
2976 6236 88 20 ...
3144 6184 92 72 to
3312 6176 304 80 which
3688 6196 164 60 are
3924 6176 296 76 added
4300 6176 160 80 the

604 6288 232 76 laws
904 6284 340 96 passed
1308 6292 104 72 at
1476 6288 164 76 the
1700 6284 348 92 special
2124 6284 360 80 session
2548 6288 104 76 of
2716 6288 160 76 the
2944 6284 492 80 twentieth
3508 6284 552 96 legislature
4132 6288 100 76 of
4300 6284 160 80 the

604 6400 248 76 state
916 6392 104 84 of
1084 6392 292 80 South
1444 6392 380 80 Dakota
1896 6456 88 16 ...
2104 6392 360 80 Official
2532 6400 136 76 ed.
2792 6392 348 96 Pierre,
3216 6396 92 80 S.
3372 6396 140 92 D.,
3588 6396 268 80 State
3924 6392 544 96 publishing

600 6524 480 72 company,
1140 6500 252 84 1929.

608 6588 96 88 ©
780 6616 232 88 Aug.
1080 6616 76 76 7.
1232 6616 268 88 1929;
1572 6616 132 76 2c.
1776 6616 184 76 and
2036 6636 44 56 a
2096 6612 48 76 f
2108 6612 84 80 f.
2268 6616 212 76 Jan.
2552 6616 132 88 22,
2760 6616 112 76 19
2872 6612 52 80 3
2932 6616 100 92 0;
3112 6616 80 76 A
3264 6612 328 92 19109;
3672 6616 384 92 Dwight
4132 6616 324 96 Camp-

736 6724 212 96 bell,
1008 6724 284 96 judge
1348 6724 104 80 of
1508 6728 156 72 the
1728 6724 448 96 Supreme
2236 6748 44 52 C
2288 6728 220 72 ourt
2564 6724 104 80 of
2728 6724 296 80 South
3088 6724 404 96 Dakota,
3556 6724 348 96 Pierre,
3976 6724 88 80 S.
4124 6728 84 72 D
4220 6788 16 16 .

4068 6832 228 84 3016

604 6936 364 104 South
1020 6944 460 92 eastern
1536 6940 552 120 reporter.

736 7088 688 132 Temporary
1496 7088 352 104 South
1916 7100 428 92 eastern
2412 7100 492 120 reporter
2976 7088 360 132 digest
3400 7092 128 100 of
3592 7128 296 68 cases
3956 7088 512 132 reported

604 7240 112 100 in
784 7240 480 100 volumes
1332 7244 188 96 141
1584 7252 112 88 to
1764 7244 192 92 150
2020 7240 352 108 South
2440 7252 420 88 eastern
2924 7248 524 124 reporter.
3600 7240 408 104 Edited
4072 7244 148 128 by
4280 7240 188 100 the

608 7388 512 104 editorial
1196 7384 256 108 staff
1532 7388 124 100 of
1728 7384 232 96 The
2044 7388 588 104 American
2712 7388 360 128 digest
3148 7396 400 124 system
3640 7472 112 20 ...
3908 7388 160 108 St.
4148 7388 324 128 Paul,

600 7536 300 104 West
964 7536 644 136 publishing
1656 7576 192 92 co.,
1904 7544 292 96 1930.

2388 7692 200 100 452
