4800 8268
420 628 448 124 Quaife,
928 628 268 104 Milo
1256 628 1184 112 Milton-Continued

560 784 248 80 "The
860 792 380 88 present
1292 788 364 80 volume
1708 788 80 76 is
1844 788 156 80 the
2056 788 428 80 eleventh
2536 788 260 76 work
2852 784 492 100 published
3400 788 120 92 by
3572 792 160 76 the
3788 788 228 84 Yale
4072 792 196 76 uni-

420 892 356 96 versity
836 916 260 72 press
1160 916 116 56 on
1340 900 156 76 the
1560 896 348 80 Amasa
1976 896 284 80 Stone
2320 896 376 80 Mather
2756 896 488 80 memorial
3308 896 576 92 publication
3944 896 320 80 fund."

556 1000 452 84 "Sources
1060 1004 100 80 of
1204 1000 724 84 information":
1980 1024 88 72 p.
2116 1000 420 84 184-194.

432 1096 92 88 ©
592 1112 232 80 Mar.
884 1116 132 92 21,
1076 1112 268 96 1930;
1404 1112 96 80 2c
1516 1180 16 16 .
1588 1112 224 96 Apr.
1864 1112 104 92 4;
2032 1112 160 80 aff.
2248 1112 216 96 Apr.
2520 1112 104 92 2;
2684 1112 84 80 A
2820 1112 332 92 21585;
3212 1112 236 80 Yale
3504 1112 248 80 univ.
3812 1132 292 76 press.

580 1220 28 96 (
624 1224 52 76 3
680 1220 440 96 0-10360)
3872 1216 232 88 3869

420 1400 364 128 Riley,
844 1404 468 124 Eugene
1364 1400 584 108 Boniface.

572 1552 648 108 Economics
1304 1556 180 100 for
1568 1556 600 132 secondary
2248 1556 452 132 schools,
2780 1556 144 132 by
3008 1556 452 132 Eugene
3544 1556 124 100 B.
3756 1552 328 136 Riley
4148 1556 68 108 …

436 1708 352 96 under
848 1704 180 104 the
1092 1704 512 104 editorial
1668 1704 688 132 supervision
2416 1704 124 100 of
2604 1704 384 136 Edgar
3056 1704 104 108 S.
3224 1700 468 108 Furniss
3780 1708 68 108 …
4024 1700 268 104 Rev.

440 1856 216 100 and
740 1856 208 100 enl.
1032 1856 160 100 ed.
1300 1864 64 104 …
1552 1856 448 128 Boston,
2084 1852 268 104 New
2432 1852 320 100 York
2844 1864 228 92 [etc.
3056 1864 40 88 ]
3200 1856 616 128 Houghton
3896 1852 276 100 Miff
4124 1852 48 100 l
4176 1852 116 100 in

436 2036 540 104 company
1048 1992 264 140 [ͨ193
1324 2008 60 96 0
1388 2068 28 64 ]

564 2164 56 68 v
624 2156 32 76 i
704 2176 116 72 p.,
872 2156 48 76 1
968 2160 88 92 l.,
1108 2156 168 80 456
1324 2176 84 72 p.
1524 2156 280 96 illus.,
1852 2156 348 96 diagrs.
2316 2156 560 88 19½ͨͫ.

560 2264 176 76 Bib
740 2264 32 76 l
776 2264 264 96 iogra
1048 2284 56 72 p
1108 2264 180 92 hy:
1348 2288 84 72 p.
1500 2300 20 60 [
1524 2264 52 80 4
1580 2264 108 80 35
1700 2256 192 88 ]-44
1900 2264 52 80 6
1960 2328 16 16 .

444 2372 96 92 ©
592 2372 220 96 Apr.
856 2372 56 80 9
916 2436 16 32 ,
980 2372 108 80 19
1088 2372 116 80 30
1236 2396 20 72 ;
1300 2376 60 76 2
1356 2388 76 76 c.
1480 2376 220 92 Apr.
1748 2376 156 92 14;
1960 2372 156 80 aff.
2164 2372 220 96 Apr.
2432 2372 164 92 12;
2644 2376 80 76 A
2772 2372 332 92 21778;
3160 2376 100 76 E.
3312 2376 108 80 B.
3472 2372 296 96 Riley,
3820 2372 456 96 Jamaica,

560 2480 108 84 N.
720 2484 104 80 Y.
952 2480 544 96 (30-10398)
3872 2480 236 84 3870

428 2660 796 128 Rittenhouse,
1276 2664 372 104 Jessie
1696 2660 340 128 Belle,
2096 2672 332 96 1869-

564 2816 236 104 The
872 2824 340 92 secret
1280 2816 288 128 bird,
1640 2816 144 132 by
1856 2816 348 104 Jessie
2276 2816 136 104 B.
2484 2812 728 108 Rittenhouse
3280 2816 60 112 …
3560 2816 420 104 Boston
4052 2824 220 96 and

428 2964 272 100 New
752 2960 348 132 York,
1152 2960 616 136 Houghton
1824 2960 272 104 Miff
2028 2960 68 104 l
2104 2960 116 104 in
2272 2996 580 100 company,
2912 2964 292 104 1930.

556 3120 56 76 3
664 3140 84 72 p.
804 3112 88 100 l.,
952 3120 32 76 i
988 3124 64 68 x
1052 3164 60 8 -
1100 3124 64 68 x
1180 3180 16 32 ,
1276 3140 36 64 [
1324 3136 32 68 1
1360 3156 12 56 ]
1388 3184 16 28 ,
1464 3116 112 80 99
1628 3140 84 72 p.
1828 3120 596 84 21½ͨͫ.

556 3228 360 80 Poems.

432 3332 96 88 ©
580 3336 224 92 Apr.
852 3336 56 80 9
908 3340 188 92 ,19
1088 3336 116 80 30
1232 3356 20 72 ;
1304 3340 132 76 2c.
1484 3340 224 88 Apr.
1756 3340 156 88 11;
1968 3336 160 76 aff.
2180 3336 220 92 Apr.
2448 3332 160 96 10;
2664 3336 80 76 A
2792 3336 168 80 217
2964 3336 52 80 3
3020 3336 104 92 5;
3180 3340 88 76 J.
3320 3336 108 80 R.
3484 3336 456 96 Scollard,
3984 3344 284 92 Kent,

560 3448 288 80 Conn.
972 3448 544 92 (30-10498)
3876 3440 232 88 3871

428 3628 332 120 Rose,
812 3632 268 104 Mrs.
1140 3632 332 120 Mary
1528 3628 428 108 Davies
2024 3628 560 132 (Swartz)
2656 3632 304 104 1874-
2968 3700 12 12 -

564 3784 236 100 The
872 3784 472 108 relation
1420 3784 124 104 of
1624 3784 232 104 diet
1932 3796 112 92 to
2116 3784 376 100 health
2576 3788 216 96 and
2872 3788 436 128 growth
3388 3784 124 100 of
3584 3784 504 104 children
4164 3784 116 100 in

424 3928 724 136 institutions,
1192 3932 272 100 with
1516 3964 60 64 a
1624 3932 448 104 method
2120 3932 128 104 of
2296 3932 640 132 evaluating
2984 3928 516 108 dietaries
3548 3940 220 96 and
3820 3972 60 64 a
3932 3932 336 104 three-

428 4080 344 104 weeks
828 4080 436 136 dietary
1316 4084 708 132 conforming
2072 4088 116 96 to
2240 4084 188 100 the
2476 4084 588 104 standards
3116 4084 584 132 proposed,
3752 4084 148 136 by
3952 4084 328 132 Mary

440 4228 424 108 Swartz
928 4232 284 104 Rose
1296 4244 68 104 …
1460 4240 216 96 and
1740 4232 284 104 Cora
2088 4232 128 104 E.
2280 4232 308 136 Gray
2652 4244 68 104 …
2836 4232 272 104 with
3164 4232 188 104 the
3408 4232 704 132 cooperation
4168 4232 124 104 of

424 4380 616 104 Katherine
1108 4384 124 100 L.
1308 4384 388 104 Foster
1768 4384 64 108 …
2040 4384 340 100 From
2452 4384 184 100 the
2704 4380 580 112 Nutrition
3356 4384 632 132 laboratory
4064 4384 216 100 and

424 4532 184 104 the
692 4532 332 104 Child
1108 4536 764 128 development
1944 4532 540 132 institute,
2560 4532 540 108 Teachers
3176 4536 440 132 college,
3700 4532 580 108 Columbia

428 4684 636 132 university.
1208 4684 272 100 New
1552 4684 316 100 York
1936 4684 260 132 city,
2264 4684 540 104 Teachers
2876 4688 440 128 college,
3392 4684 576 104 Columbia
4048 4684 228 100 uni-

428 4832 440 132 versity,
924 4840 292 96 1930.

568 4988 152 92 vii,
772 4988 168 80 128
988 5012 84 72 p.
1172 4988 600 88 23½ͨͫ.
1556 4988 576 96 (Half-title:
2184 4988 272 80 Child
2508 4988 648 96 development
3204 4992 652 92 monographs.
3968 4992 152 76 Mo
4124 5012 60 56 n
4188 5012 56 56 o
4236 5008 32 48 -

428 5104 300 88 graph
784 5120 64 56 n
852 5120 52 56 o
912 5164 16 16 .
992 5096 96 96 2)

512 5284 8 12 .
552 5204 728 96 Bibliography:
1340 5232 84 72 p.
1492 5204 420 84 101-102.

436 5308 96 96 ©
604 5320 240 84 Mar,
900 5320 136 92 28,
1100 5320 104 76 19
1208 5320 52 76 3
1268 5320 104 88 0;
1436 5320 128 80 2c.
1632 5320 220 92 Apr.
1912 5320 108 88 4;
2088 5316 112 80 af
2168 5316 56 76 f
2232 5384 16 12 .
2312 5320 220 92 Apr.
2596 5320 160 88 10;
2824 5320 84 76 A
2968 5320 336 92 21697;
3368 5320 476 80 Teachers
3904 5320 372 96 college,

560 5428 484 80 Columbia
1100 5428 252 84 univ.
1480 5428 540 96 (30-10526)
3872 5424 244 88 3872

420 5608 484 124 Russell,
960 5608 388 108 Keith.

608 5768 68 104 …
744 5760 236 104 The
1040 5760 408 136 Young
1508 5760 504 104 birdmen
2072 5796 360 68 across
2492 5764 188 100 the
2740 5760 612 128 continent;
3424 5800 152 88 or,
3640 5764 232 100 The
3936 5768 328 96 coast-

436 5920 460 92 to-coast
952 5908 328 132 flight
1336 5912 124 100 of
1516 5912 184 100 the
1760 5912 352 132 Night
2168 5912 304 128 mail,
2528 5912 144 132 by
2732 5908 344 104 Keith
3136 5912 468 132 Russell,
3660 5912 628 104 illustrated

432 6060 140 136 by
644 6060 492 104 Richard
1212 6064 152 100 M.
1444 6060 528 136 Rodgers.
2116 6060 268 104 New
2460 6056 352 140 York,
2888 6056 320 108 Sears
3284 6056 648 144 publishing
4004 6096 280 68 com-

432 6244 328 100 pany,
812 6212 208 104 inc.
1084 6212 200 128 [ͨ19
1292 6212 56 96 3
1360 6212 60 96 0
1428 6272 28 68 ]

548 6364 96 76 vi
712 6384 116 72 p.,
896 6364 48 76 1
1020 6364 88 88 l.,
1180 6364 164 76 241
1416 6384 84 72 p.
1616 6364 320 92 front.,
2008 6364 336 92 plates.
2456 6360 596 88 19½ͨͫ.
2876 6364 224 92 (His
3176 6364 196 76 The
3444 6364 332 96 Young
3848 6364 424 80 birdmen

416 6472 332 88 books)

428 6560 100 96 ©
588 6580 220 96 Apr.
868 6584 76 84 7,
1004 6580 108 76 19
1120 6584 48 76 3
1176 6580 100 92 0;
1340 6584 60 72 2
1396 6584 48 64 c
1456 6644 16 20 .
1532 6584 224 92 Apr.
1816 6580 156 92 10;
2040 6580 116 76 af
2116 6580 60 76 f
2180 6644 20 16 .
2260 6580 220 92 Apr.
2540 6580 104 92 9;
2708 6580 80 76 A
2848 6580 328 92 20974;
3248 6580 284 84 Sears
3592 6580 208 96 pub.
3864 6604 160 72 co.,
4088 6584 176 80 inc.

576 6692 28 92 (
620 6692 52 80 3
680 6688 224 80 0-10
904 6692 52 80 3
964 6692 152 92 81)
3872 6688 240 84 3873

404 6860 924 128 Schmid-Noerr,
1392 6860 592 108 Friedrich
2044 6860 444 128 Alfred,
2560 6868 328 104 1877-

644 7008 64 112 …
772 7008 252 104 Wie
1124 7008 352 108 Sankt
1564 7012 472 100 Antonii
2132 7012 288 100 altar
2512 7048 132 64 zu
2736 7012 556 100 Isenheim
3380 7012 348 100 durch
3820 7008 448 104 Meister

412 7160 472 104 Matthis
992 7160 200 104 Gri
1192 7168 36 92 i
1236 7160 428 104 newald
1772 7160 524 104 errichtet
2400 7164 340 124 ward,
2844 7160 176 104 ein
3128 7152 564 140 gesprich.
3836 7152 432 104 Berlin-

424 7308 704 128 Grunewald,
1184 7312 852 132 Horen-verlag,
2096 7316 284 96 1929.

544 7460 52 80 2
640 7484 84 72 p.
772 7452 36 80 l
816 7520 44 36 .,
908 7464 224 76 7-17
1136 7460 48 80 3
1240 7484 112 72 p.,
1400 7464 48 76 1
1496 7464 60 76 1.
1608 7460 100 80 in
1712 7464 84 76 cl
1804 7528 16 16 .
1868 7460 252 88 XIII
2104 7484 60 72 p
2164 7464 48 76 l
2200 7484 20 48 .
2280 7460 28 92 (
2324 7448 212 100 XII
2516 7464 500 92 mounted;
3072 7468 216 88 part
3340 7464 360 92 double,
3756 7468 216 88 part
4024 7460 220 96 col.)

408 7568 600 88 26ͨͫ.

2200 7680 192 100 581
