4920 8252
640 688 920 124 Attenborough,
1620 688 428 124 Gladys
2100 692 364 120 Mary.

780 868 356 108 Stays.

796 1016 180 100 (In
1028 1016 384 88 Cornhil
1424 1020 28 80 l
1524 1016 536 104 magazine,
2132 1016 252 100 Dec.,
2460 1016 280 96 1929)

652 1156 88 88 ©
852 1160 120 96 1c.
984 1160 212 80 Jan.
1244 1160 140 84 21,
1436 1160 112 76 19
1548 1160 52 80 3
1604 1160 60 76 0
1688 1180 16 72 ;
1764 1160 80 76 A
1896 1160 116 76 ad
2068 1160 28 76 i
2108 1180 56 52 n
2172 1168 36 68 t
2220 1224 16 16 .
2292 1156 328 100 13501;
2680 1160 276 92 pubd.
3004 1160 236 76 Nov.
3288 1156 52 76 2
3348 1156 56 76 5
3408 1216 16 32 ,
3480 1156 168 76 192
3648 1156 64 76 9
3736 1172 20 72 ;
3820 1156 352 88 Gladys
4228 1152 272 92 Mary

780 1268 432 100 Linaker,
1272 1268 388 92 Oxford,
1724 1268 456 92 England.
4112 1256 228 84 1267

644 1472 600 124 Audubon,
1296 1472 300 104 John
1652 1476 428 124 James,
2144 1480 252 100 1785
2400 1544 72 12 –
2480 1484 284 96 1851.

780 1656 76 100 J
864 1696 60 64 o
928 1660 324 96 urnal
1332 1660 120 100 of
1524 1660 304 100 John
1904 1660 72 96 J
1988 1696 52 60 a
2056 1696 220 60 mes
2352 1656 556 104 Audubon
2984 1660 316 96 made
3376 1660 68 100 d
3456 1652 332 128 uring
3856 1648 172 108 his
4104 1648 228 132 trip
4400 1656 116 92 to

644 1808 268 100 New
980 1804 468 108 Orleans
1516 1808 112 100 in
1704 1812 392 100 1820-1
2100 1812 60 92 8
2172 1812 164 100 21.
2408 1808 364 104 edited
2836 1808 144 132 by
3048 1804 492 104 Howard
3624 1800 532 132 Corning,
4232 1796 284 104 fore-

644 1960 292 100 word
1004 1960 148 132 by
1216 1960 100 100 R
1328 1996 64 64 u
1400 1960 336 100 thven
1800 1960 404 100 Deane.
2356 1960 452 132 Boston,
2868 1960 236 100 The
3172 1956 284 104 Club
3524 1956 124 104 of
3712 1956 216 100 odd
3996 1952 520 124 volumes,

648 2112 288 100 1929.

772 2264 124 92 ix,
956 2264 56 76 2
1012 2264 52 80 3
1068 2264 56 80 4
1184 2284 112 72 p.,
1356 2264 48 76 1
1464 2264 24 76 l
1508 2324 16 20 .
1640 2264 292 80 front.
1988 2264 332 96 (port.)
2396 2264 368 80 facsim.
2880 2264 52 80 2
2940 2264 540 88 5½ͨͫ
3092 2324 16 16 .

776 2404 124 72 Fr
908 2420 52 56 o
964 2400 192 80 ntis
1164 2420 60 72 p
1224 2396 88 80 ie
1316 2424 48 56 c
1368 2420 52 56 e
1500 2404 180 72 and
1768 2400 44 76 f
1820 2420 48 60 a
1880 2424 48 56 c
1932 2400 180 80 sim
2112 2400 68 76 il
2188 2424 48 56 e
2320 2420 52 56 a
2384 2420 152 60 cco
2548 2420 152 72 mp
2704 2420 52 56 a
2768 2420 56 56 n
2836 2400 24 76 i
2868 2404 112 72 ed
3064 2404 120 88 by
3264 2420 52 72 g
3324 2420 60 56 u
3392 2400 172 76 ard
3648 2400 216 76 shee
3876 2404 32 72 t
3916 2420 44 56 s
4044 2396 232 80 with
4360 2396 148 80 de-

636 2528 44 56 s
684 2508 136 80 cri
828 2528 56 72 p
892 2512 188 76 tive
1136 2512 580 88 letterpress.

776 2620 284 76 "This
1124 2616 356 80 edition
1548 2616 84 76 is
1700 2616 364 80 limited
2136 2620 92 76 to
2300 2620 264 76 three
2632 2620 428 76 hundred
3128 2620 184 76 and
3380 2636 172 56 one
3620 2612 340 96 copies.
4032 2612 100 80 of
4196 2612 308 80 which

640 2728 572 88 twenty-five
1284 2724 312 92 copies
1668 2744 164 60 are
1912 2728 436 76 reserved
2424 2728 120 92 by
2620 2728 164 76 the
2860 2728 68 76 C
2932 2728 96 76 lu
3040 2728 52 72 b
3172 2724 104 80 of
3348 2728 180 76 odd
3608 2744 116 60 vo
3728 2728 28 72 l
3768 2720 344 84 umes."

772 2840 140 72 An
968 2840 272 72 exact
1296 2852 232 76 copy
1580 2832 100 80 of
1736 2832 156 80 the
1952 2832 396 88 original
2412 2836 588 92 manuscript
3048 2836 304 76 which
3412 2832 80 80 is
3552 2836 96 72 in
3708 2836 156 76 the
3924 2836 428 76 Museum
4408 2832 100 80 of

636 2944 636 92 comparative
1364 2944 384 88 zoology
1832 2944 104 76 of
2016 2944 440 76 Harvard
2556 2944 576 92 university;
3228 2964 204 56 now
3524 2944 488 92 published
4108 2944 152 76 for
4348 2944 160 76 the

636 3052 208 80 first
900 3052 252 76 time.
1260 3068 52 60 c
1316 3048 64 92 f.
1440 3052 356 76 Introd.

652 3184 88 88 ©
820 3188 212 80 Dec.
1092 3188 48 76 2
1148 3188 52 80 3
1212 3248 12 32 ,
1292 3188 272 76 1929:
1628 3188 132 84 2c.
1824 3188 136 72 De
1968 3208 44 52 c
2024 3248 16 20 .
2104 3188 152 88 13;
2328 3188 160 76 aff.
2556 3188 212 76 Feb.
2832 3192 76 88 1,
2976 3188 44 76 1
3028 3184 48 80 9
3084 3188 52 76 3
3144 3188 100 88 0;
3316 3188 80 76 A
3460 3188 332 92 18469;
3864 3188 232 80 Club
4160 3216 48 44 o
4220 3188 40 76 f
4324 3188 172 80 odd

780 3300 444 76 volumes.
1340 3336 20 56 [
1400 3272 64 88 ©
1528 3296 656 92 introductory
2236 3300 272 88 essay
2564 3296 184 80 and
2808 3296 436 80 editorial
3304 3300 220 76 note
3576 3300 116 88 by
3748 3296 420 80 Howard
4232 3296 124 76 Co
4364 3316 144 56 rn-

756 3404 92 80 in
860 3428 52 64 g
920 3468 16 24 ,
1004 3412 184 72 and
1252 3404 204 80 fore
1456 3416 88 64 w
1548 3416 52 60 o
1616 3408 132 88 rd,
1812 3408 120 92 by
1996 3404 396 80 Francis
2460 3408 112 76 H.
2644 3404 404 80 Herrick
3116 3412 180 72 and
3368 3404 440 80 Ruthven
3876 3408 192 76 Dea
4084 3428 56 56 n
4148 3428 48 56 e
4192 3424 24 68 ]

800 3516 28 88 (
844 3516 52 76 3
900 3516 224 76 0-50
1128 3516 52 76 3
1188 3516 96 88 7)
4112 3512 228 80 1268

776 3728 480 104 Journal
1308 3728 124 104 of
1484 3728 296 100 John
1840 3728 376 104 James
2272 3728 556 104 Audubon
2884 3728 320 104 made
3260 3728 328 104 while
3640 3728 580 132 obtaining
4272 3724 244 108 sub-

644 3904 592 136 scriptions
1332 3920 112 92 to
1532 3904 172 104 his
1796 3904 404 108 "Birds
2292 3908 124 104 of
2512 3904 576 104 America"
3200 3916 620 104 1840–1843,
3916 3904 228 104 edit
4148 3944 56 60 e
4208 3908 68 100 d
4372 3904 144 128 by

644 4060 496 104 Howard
1216 4056 532 132 Corning,
1820 4060 540 104 foreword
2440 4060 144 132 by
2652 4060 156 100 Fr
2816 4096 48 64 a
2884 4060 228 104 ncis
3180 4060 148 100 H.
3400 4056 516 104 Herrick.
4060 4060 456 128 Boston,

644 4212 232 100 The
928 4208 284 108 Club
1264 4244 64 64 o
1340 4208 48 104 f
1432 4212 220 100 odd
1704 4212 516 108 volumes,
2280 4216 284 96 1929.

772 4368 52 72 3
876 4384 84 72 p.
1016 4360 36 76 l
1056 4428 48 28 .,
1160 4364 276 92 v-vii,
1496 4364 168 80 179
1716 4384 108 76 p.,
1884 4368 48 72 1
1992 4368 28 72 l
2032 4428 16 16 .
2164 4368 292 76 front.
2572 4364 596 84 25ͨͫ.

776 4500 644 96 Frontispiece
1468 4500 660 96 accompanied
2184 4500 120 96 by
2352 4504 300 84 guard
2708 4504 260 76 sheet
3024 4500 232 80 with
3308 4500 512 96 descriptiv
3828 4524 48 56 e
3928 4504 576 92 letterpress.

776 4608 284 76 "This
1136 4608 352 80 edition
1564 4608 80 76 is
1720 4608 364 80 limited
2160 4612 92 76 to
2336 4616 176 72 two
2584 4612 432 76 hundred
3088 4612 180 76 and
3352 4608 572 96 twenty-five
3996 4612 332 92 copies,
4408 4612 100 80 of

640 4720 84 68 w
724 4720 100 76 hi
824 4720 52 68 c
888 4720 52 72 h
1016 4716 568 96 twenty-five
1652 4716 308 96 copies
2028 4720 52 68 a
2096 4740 100 56 re
2264 4724 432 72 reserved
2764 4720 120 92 by
2952 4720 156 80 the
3180 4720 232 80 Club
3480 4720 104 80 of
3644 4720 180 80 odd
3892 4720 504 80 volumes."

776 4828 144 76 An
984 4828 276 76 exact
1328 4848 256 72 copy,
1652 4832 336 88 except
2048 4828 156 76 for
2268 4848 52 56 a
2396 4828 184 80 few
2644 4828 592 80 corrections,
3316 4828 104 80 of
3484 4828 160 80 the
3712 4828 400 92 original
4188 4852 316 56 manu-

636 4936 292 92 script
992 4936 304 76 which
1352 4932 80 80 is
1488 4936 96 72 in
1644 4936 160 76 the
1860 4936 428 76 Museum
2352 4936 96 76 of
2508 4936 636 92 comparative
3204 4936 384 92 zoology
3644 4936 100 80 of
3800 4940 444 80 Harvard
4308 4940 196 76 uni-

636 5044 408 92 versity;
1112 5064 208 56 now
1376 5044 492 92 published
1924 5044 156 80 for
2136 5044 164 80 the
2352 5044 208 80 first
2616 5044 252 80 time.

652 5160 92 88 ©
820 5180 212 80 Dec.
1092 5184 128 76 23.
1292 5180 268 80 1929:
1628 5184 132 76 2c.
1824 5184 80 76 D
1908 5204 52 56 e
1968 5208 68 52 c.
2104 5188 44 72 1
2160 5188 48 76 3
2244 5204 16 68 ;
2328 5184 160 76 aff.
2552 5184 212 76 Feb.
2832 5188 76 88 1,
2976 5184 108 76 19
3084 5188 52 76 3
3144 5184 100 92 0;
3316 5188 80 72 A
3456 5188 332 84 18469;
3860 5188 232 80 Club
4160 5188 100 76 of
4320 5188 184 76 odd

784 5292 444 76 volumes.
1344 5332 20 56 [
1392 5276 80 96 ©
1532 5292 652 92 introductory
2240 5316 268 72 essay
2568 5292 184 76 and
2808 5292 432 80 editorial
3304 5300 216 76 note
3576 5296 120 92 by
3748 5296 420 80 Howard
4228 5292 276 80 Corn-

788 5400 176 84 ing,
1028 5404 184 72 and
1272 5400 492 76 foreword,
1832 5392 116 104 by
2012 5404 396 76 Francis
2468 5404 116 76 H.
2648 5404 404 76 Herrick
3120 5404 184 76 and
3368 5404 440 80 Ruthven
3876 5404 260 80 Dean
4148 5428 48 52 e
4216 5444 8 56 ]

800 5508 28 76 (
848 5508 48 76 3
904 5508 224 76 0-50
1128 5512 52 76 3
1188 5508 100 88 8)
4116 5512 224 80 1269

644 5688 520 104 Babcock
1224 5688 96 104 &
1388 5692 132 104 W
1524 5688 72 100 il
1612 5724 200 72 cox
1880 5724 588 96 company.

788 5868 404 112 Steam,
1260 5868 80 100 it
1344 5888 52 68 s
1464 5872 636 116 generation
2168 5880 208 96 and
2452 5884 68 76 u
2520 5888 48 72 s
2580 5908 52 68 e
2648 5956 16 16 .
2808 5876 268 100 New
3144 5880 108 96 Y
3260 5912 60 64 o
3328 5876 164 112 rk,
3556 5880 236 100 The
3856 5880 96 96 B
3964 5876 132 100 ab
4108 5912 176 64 coc
4296 5876 72 100 k
4428 5880 88 96 &

644 6016 180 104 Wi
840 6016 32 100 l
880 6052 196 68 cox
1132 6052 536 104 company
1760 6016 248 120 [ͨ193
2020 6028 60 96 0
2088 6088 24 64 ]

784 6172 56 80 7
892 6192 84 72 p.
1032 6176 88 88 1.,
1180 6172 164 80 383
1404 6196 80 72 p.
1548 6176 32 76 i
1584 6200 60 52 n
1652 6180 76 76 cl
1744 6240 16 16 .
1824 6180 244 76 illus.
2084 6240 12 32 ,
2160 6180 328 88 tables,
2552 6180 344 88 diagrs.
3012 6180 52 76 2
3072 6172 504 88 6½ͨͫ
3280 6244 16 16 .

788 6304 688 80 "Thirty-sixth
1544 6312 380 76 edition.
2052 6316 356 76 Fourth
2480 6312 500 96 printing."

656 6412 88 88 ©
808 6436 212 80 Jan.
1068 6440 48 76 3
1128 6504 20 28 ,
1196 6440 272 92 1930;
1524 6424 128 100 2c.
1704 6444 212 80 Feb.
1972 6448 100 80 7;
2128 6448 160 80 aff.
2344 6448 212 80 Feb.
2608 6424 148 100 19.
2824 6452 80 76 A
2956 6448 328 96 19412;
3348 6448 432 80 Babcock
3832 6452 68 76 &
3952 6452 144 76 Wi
4108 6456 24 68 l
4144 6472 48 56 c
4200 6472 116 56 ox
4372 6472 44 56 c
4424 6472 52 56 o
4472 6472 20 44 .

800 6544 28 96 (
844 6548 52 76 3
900 6544 384 100 0-4841)
4112 6556 228 80 1270

652 6724 560 128 Banning,
1268 6732 124 100 M
1396 6768 136 68 rs.
1588 6732 592 124 Margaret
2252 6736 528 124 (Culkin)
2852 6752 256 92 1891
3112 6808 72 12 –

772 6900 476 104 Prelude
1308 6912 116 92 to
1488 6904 276 132 love,
1820 6912 152 132 by
2032 6916 572 124 Margaret
2668 6912 416 108 Culkin
3148 6916 552 132 Banning.
3852 6916 264 104 New
4192 6916 312 104 York

640 7048 216 104 and
908 7052 456 100 London
1368 7088 28 56 .
1460 7056 448 132 Harper
1960 7068 88 96 &
2100 7060 532 116 brothers,
2692 7068 188 100 193
2892 7072 60 96 0
2964 7144 16 20 .

772 7204 52 76 4
872 7228 88 72 p.
1008 7196 84 100 l.,
1144 7204 172 80 278
1356 7228 84 72 p.
1560 7204 596 88 19½ͨͫ.

776 7336 312 84 "First
1144 7340 440 84 edition."

656 7464 88 88 ©
824 7476 212 76 Feb.
1100 7476 104 76 19
1212 7508 20 48 .
1308 7476 268 76 1930:
1648 7480 128 80 2c.
1848 7484 212 80 Feb.
2132 7488 156 88 20;
2364 7488 156 76 aff.
2596 7488 212 76 Feb.
2884 7488 160 88 21;
3120 7488 76 76 A
3268 7488 324 92 19696;
3668 7492 100 72 M
3780 7552 16 20 .
3868 7492 92 76 C.
4036 7488 460 92 Banning,

780 7584 388 92 Duluth,
1232 7588 288 80 Minn.
1652 7588 28 92 (
1696 7592 52 76 3
1752 7588 220 80 0-55
1976 7596 52 76 3
2036 7596 100 96 9)
4108 7592 228 80 1271

2436 7704 124 96 19
2560 7692 64 92 4
