4752 8320
2104 7676 256 96 1889

336 692 384 120 Adair,
776 692 424 124 James,
1260 700 368 100 trader
1676 700 272 100 with
2004 700 180 100 the
2232 700 496 100 Indians.

460 836 444 104 Adair's
968 840 468 132 History
1496 844 128 96 of
1684 844 184 100 the
1928 844 584 100 American
2576 844 496 124 Indians,
3136 840 356 104 edited
3560 844 344 96 under
3968 844 184 96 the

332 988 484 128 auspices
864 988 124 100 of
1028 992 184 96 the
1256 988 524 100 National
1824 992 408 128 society
2272 992 124 96 of
2440 992 184 100 the
2672 988 464 104 colonial
3184 992 364 100 dames
3600 988 124 104 of
3772 988 376 100 Amer-

336 1136 192 128 ica,
600 1136 112 100 in
784 1136 628 128 Tennessee,
1472 1136 148 132 by
1696 1136 440 104 Samuel
2208 1136 260 108 Cole
2532 1136 588 128 Williams,
3188 1172 160 68 LL.
3420 1172 64 68 D
3496 1220 16 20 .
3652 1140 492 104 Johnson

336 1284 288 132 City,
676 1284 376 132 Tenn.,
1104 1284 232 100 The
1384 1284 548 132 Watauga
1988 1320 336 96 press,
2380 1292 288 96 1930.

460 1460 252 60 xxxv
720 1444 128 88 iii,
908 1444 168 76 508
1124 1464 84 68 p.
1324 1444 228 76 fold.
1604 1460 240 72 map.
1956 1444 108 76 24
2076 1444 48 92 1
2148 1448 92 72 -.

464 1552 448 76 Contains
976 1548 652 92 reproduction
1696 1552 100 76 of
1860 1552 156 76 the
2080 1552 400 88 original
2548 1556 216 88 t.-p.,
2832 1552 408 92 London,
3304 1552 248 76 1775.

468 1660 436 76 "Printed
968 1660 96 72 in
1128 1680 124 56 an
1312 1660 352 76 edition
1724 1660 364 76 limited
2152 1664 96 72 to
2312 1660 164 76 750
2540 1660 304 92 copies
2904 1660 248 76 from
3220 1660 296 96 type."
3628 1660 232 76 This
3920 1684 228 72 copy

328 1772 156 76 not
532 1768 528 76 numbered.

468 1880 460 72 "Account
988 1876 100 76 of
1140 1876 156 76 the
1356 1872 452 92 principal
1872 1876 288 72 tribes
2216 1876 100 72 of
2372 1876 156 72 the
2588 1872 388 80 Indians
3032 1876 100 76 of
3188 1876 156 76 the
3404 1876 504 76 Southeast
3968 1880 180 76 and

328 1988 100 80 of
472 1984 244 76 their
764 1980 1084 80 countries.'-Editor's
1896 1980 236 92 pref.

336 2120 96 88 ©
508 2124 220 88 May
800 2116 128 96 20,
1004 2116 108 80 19
1116 2120 48 76 3
1172 2116 100 92 0;
1348 2116 128 80 2c.
1552 2116 196 76 Oct.
1820 2116 104 84 1;
2000 2116 160 80 aff.
2236 2116 196 76 Oct.
2504 2116 160 88 11;
2744 2116 76 76 A
2892 2116 328 92 29802;
3300 2120 188 76 Nat
3492 2120 32 72 l
3524 2160 24 40 .
3624 2120 352 92 society
4048 2124 100 76 of

464 2232 392 76 colonial
908 2232 316 76 dames
1272 2228 100 76 of
1420 2228 452 88 America,
1924 2228 92 72 in
2068 2224 544 92 Tennessee,
2664 2228 508 76 Nashville.
3304 2264 20 56 [
3332 2224 100 96 ©
3488 2228 660 96 introduction,

460 2336 600 80 annotations
1116 2340 184 76 and
1352 2336 300 80 index]
1796 2332 536 96 (30-30107)
3688 2336 280 80 12207

332 2516 604 104 American
992 2516 640 104 federation
1692 2516 120 100 of
1868 2520 280 100 arts.

468 2668 504 100 Mexican
1028 2672 280 96 arts:
1368 2664 564 128 catalogue
1992 2660 124 104 of
2172 2700 140 64 an
2368 2660 612 104 exhibition
3040 2668 584 132 organized
3696 2668 176 100 for
3932 2672 216 96 and

332 2816 588 104 circulated
1008 2816 152 128 by
1244 2812 184 104 the
1516 2812 588 100 American
2196 2812 616 100 federation
2904 2812 124 100 of
3120 2824 256 92 arts.
3524 2820 624 100 1930-1931.

348 2968 608 124 [Portland,
1004 2964 248 128 Me.,
1308 2964 236 100 The
1600 2960 708 108 Southworth
2368 2996 332 96 press,
2756 2968 304 96 °1930
3056 2992 32 80 ]

456 3124 196 88 xiii,
712 3124 108 76 59
872 3144 112 68 p.,
1040 3124 52 72 2
1144 3124 56 76 1.
1316 3120 328 92 plates.
1756 3116 224 80 22-.

468 3232 176 76 "Of
700 3232 192 76 this
948 3232 484 88 catalogue
1488 3232 108 72 17
1604 3292 16 20 ,
1628 3232 56 72 0
1684 3232 112 72 00
1848 3228 308 92 copies
2212 3228 240 76 have
2508 3228 224 76 been
2792 3228 400 92 printed,
3256 3228 420 92 October,
3740 3228 268 76 1930.'

464 3340 648 76 Introduction
1172 3340 372 88 signed:
1608 3340 76 72 R
1696 3356 108 56 en
1804 3336 56 72 d
1916 3336 296 80 d'Har
2212 3348 120 60 no
2336 3348 60 60 n
2400 3348 56 60 c
2460 3340 240 76 ourt.

340 3468 92 88 ©
508 3476 196 76 Oct.
772 3476 132 92 11,
976 3472 268 88 1930;
1320 3480 124 72 2c.
1520 3476 180 72 and
1776 3472 96 76 af
1872 3472 36 76 f
1916 3536 16 16 .
2008 3472 196 76 Oct.
2284 3472 148 88 20;
2512 3472 76 72 A
2660 3472 328 88 30077;
3068 3476 300 72 Amer.
3444 3476 528 76 federation
4048 3476 100 76 of

460 3604 56 56 a
520 3592 92 72 rt
620 3604 44 52 s
672 3644 12 32 ,
744 3584 224 76 New
1024 3584 276 76 York.
1436 3584 28 92 (
1480 3584 108 76 30
1588 3628 60 8 -
1644 3584 168 100 303
1816 3580 152 96 24)
3684 3580 164 80 122
3860 3584 48 80 0
3916 3584 52 76 8

320 3764 436 124 Auden,
812 3768 484 120 Wystan
1356 3764 380 124 Hugh.

456 3916 416 132 Poems,
944 3916 148 132 by
1160 3916 168 100 W.
1404 3916 144 100 H.
1624 3916 428 100 Auden.
2196 3916 492 124 London,
2760 3916 356 100 Faber
3192 3916 88 92 &
3360 3916 360 100 Faber
3804 3928 324 120 [1930]

456 4072 108 76 79
612 4092 80 72 p.
808 4068 224 80 21".

332 4196 100 104 Q
476 4208 128 80 1c.
652 4208 224 76 Nov.
924 4208 76 96 6,
1052 4204 268 92 1930;
1372 4212 80 72 A
1496 4212 120 76 ad
1664 4208 32 76 i
1700 4212 132 72 nt.
1880 4204 328 92 14403;
2260 4204 276 92 pubd.
2588 4204 196 80 Oct.
2836 4204 104 92 9;
2992 4208 140 80 W.
3184 4208 116 76 H.
3356 4208 352 92 Auden,
3760 4212 380 76 Helens-

452 4316 324 96 burgh,
844 4316 868 92 Dumbartonshire,
1784 4316 468 76 Scotland.
2384 4312 540 96 (30-31822)
3680 4316 284 84 12209

320 4496 636 128 Auerbach,
1020 4500 160 120 F.,
1244 4508 160 96 ed.

452 4652 664 100 Technische
1228 4656 216 96 und
1552 4652 808 132 physikalische
2468 4652 576 100 mechanik
3148 4656 404 100 starrer
3656 4668 492 120 systeme,

320 4804 872 128 herausgegeben
1272 4836 212 68 von
1564 4800 292 132 prof.
1940 4804 156 100 dr.
2184 4800 124 100 F.
2388 4800 580 104 Auerbach
3048 4808 220 96 und
3356 4800 288 132 prof.
3732 4808 160 100 dr.
3980 4808 164 100 W.

320 4952 328 100 Hort.
796 4960 84 92 1.
944 4964 72 88 t.
1164 4952 384 100 Bearb.
1612 4988 212 64 von
1884 4948 292 136 prof.
2240 4952 160 100 dr.
2464 4952 124 96 F.
2648 4952 108 96 A
2760 4988 72 64 u
2840 4952 420 100 erbach.
3324 4956 164 100 dr.
3552 4956 132 96 R.
3752 4960 88 96 B
3852 4992 296 96 eyer-

320 5100 540 116 Zwickau,
916 5136 96 68 u.
1076 5136 88 68 a.
1308 5096 128 96 M
1440 5100 84 100 it
1580 5100 768 132 abbildungen.
2492 5100 496 132 Leipzig,
3044 5104 108 100 J.
3208 5104 136 100 A.
3408 5108 388 108 Barth,
3860 5112 284 96 1929.

456 5256 192 96 viii,
708 5256 164 80 787
928 5280 80 68 p.
1124 5260 276 88 illus.,
1460 5256 340 92 diagrs.
1920 5252 56 76 2
1980 5256 56 76 5
2056 5260 88 72 -.
2284 5256 380 92 (Handb
2676 5276 56 52 u
2744 5256 108 76 ch
2916 5256 164 80 der
3136 5256 472 92 physikali
3616 5280 44 56 s
3664 5260 232 76 chen
3956 5264 60 60 u
4024 5264 120 72 nd

328 5384 32 60 t
372 5368 312 76 echnis
692 5388 44 56 c
740 5368 180 76 hen
976 5364 516 80 mechanik.
1604 5364 172 80 Bd.
1836 5364 96 92 1)

332 5500 92 84 ©
516 5504 240 92 Sept.
840 5504 48 72 1
896 5504 40 72 1
956 5564 16 28 ,
1052 5500 272 76 1929:
1408 5500 48 76 l
1464 5520 72 60 e.
1616 5500 224 76 Nov.
1924 5496 52 80 6
2004 5520 20 68 ;
2112 5496 596 96 A-Foreign
2784 5496 272 96 5148;
3144 5500 372 80 Johann
3600 5504 428 76 Ambrosi
4036 5528 108 56 us

460 5612 324 76 Barth.
3676 5612 288 80 12210

316 5792 556 124 Barstow,
936 5792 468 104 Charles
1460 5792 436 124 Lester,
1964 5792 324 100 1867-

448 5940 472 100 Famous
988 5940 532 128 pictures;
1588 5940 328 96 noted
1984 5936 568 132 paintings
2616 5936 556 104 described
3244 5936 260 104 with
3580 5948 564 96 anecdotes

320 6092 116 100 of
504 6088 180 104 the
748 6088 524 132 painters,
1332 6088 148 128 by
1544 6084 452 104 Charles
2060 6084 124 104 L.
2252 6088 504 100 Barstow
2788 6100 64 104 …
3076 6088 268 100 New
3408 6096 216 96 and
3696 6112 212 80 rev.
3980 6096 160 96 ed.

320 6240 260 100 New
636 6236 340 132 York,
1024 6236 500 128 London,
1568 6236 232 100 The
1860 6232 488 136 Century
2400 6268 148 68 co.
2612 6264 28 76 [
2648 6232 232 104 0193
2888 6240 60 92 0

452 6400 132 76 vii
648 6420 112 72 p.,
820 6396 52 76 2
936 6400 32 68 1
972 6456 48 32 .,
1084 6392 276 84 3-252
1424 6416 84 72 p.
1620 6392 288 76 front.
1964 6388 332 96 (port.)
2372 6392 244 76 illus.
2732 6392 200 80 204C
2996 6456 16 12 .
3236 6392 248 96 $2.00

456 6508 308 76 "First
828 6504 256 96 print
1088 6504 28 76 i
1128 6500 200 96 ng."

332 6640 100 92 ©
484 6648 196 76 Oct.
728 6644 132 76 31.
912 6640 104 76 19
1024 6644 108 72 30
1164 6660 20 68 ;
1236 6636 124 80 2c.
1416 6636 180 80 and
1648 6636 96 76 af
1744 6636 40 72 f
1788 6700 16 16 .
1856 6636 228 80 Nov.
2132 6632 104 92 4;
2288 6632 80 76 A
2416 6632 328 92 30331;
2804 6632 412 100 Century
3268 6656 128 64 co.

484 6748 536 100 (30-0212)
3684 6752 280 76 12211

320 6936 564 120 Baunard,
936 6928 384 128 Louis,
1380 6936 616 96 1826-1919.

460 7088 232 100 The
760 7080 464 132 evening
1288 7076 128 104 of
1476 7072 204 104 life
1764 7072 924 136 (compensations
2756 7068 128 108 of
2948 7076 180 104 old
3200 7076 256 136 age)
3548 7084 592 104 translated

328 7236 216 104 and
664 7228 604 108 condensed
1396 7224 288 104 from
1800 7224 188 104 the
2108 7220 476 136 original
2708 7220 428 108 French
3256 7224 128 104 of
3500 7228 652 140 Monsignor

332 7380 528 108 Baunard
916 7380 148 132 by
1124 7376 300 108 John
1484 7376 124 100 L.
1676 7368 592 112 Stoddard.
2412 7368 688 132 Milwaukee,
3164 7376 232 100 The
3464 7380 352 104 Bruce
3884 7380 264 132 pub-

328 7532 412 136 lishing
796 7560 528 100 company
1472 7528 288 100 1930]
