4752 8320
408 728 520 96 Harvard
988 724 672 120 university.
1804 728 88 96 A
1916 724 36 96 l
1964 728 228 96 bert
2244 732 48 88 R
2352 728 240 108 usse
2600 728 32 96 l
2728 732 120 92 Cr
2848 764 48 56 s
2904 728 248 96 keine
3212 736 200 92 bur
3416 764 124 64 ea
3540 764 76 64 u
3664 732 188 128 for
3904 768 44 64 s
3960 740 104 92 tr
4068 764 108 68 ee
4188 744 36 88 t

544 872 336 132 traffic
940 872 1248 104 research-Continued

408 1052 280 96 man,
736 1016 136 132 by
924 1016 180 100 the
1148 1016 392 104 Albert
1588 1016 380 100 Russel
2016 1016 468 104 Erskine
2532 1020 320 100 burea
2872 1052 52 68 u
2944 1100 20 52 ,
3016 1020 520 100 Harvard
3596 1020 624 128 university.

408 1168 368 100 Miller
828 1164 728 128 McClintock,
1608 1164 520 128 director;
2184 1200 388 100 survey
2628 1164 584 132 sponsored
3268 1168 208 100 and
3540 1180 364 116 report
3964 1168 256 128 pub-

412 1312 340 100 lished
804 1312 140 132 by
988 1312 180 100 the
1220 1312 536 104 Chamber
1808 1312 120 100 of
1976 1348 576 68 commerce
2596 1312 124 100 of
2764 1316 432 104 Kansas
3248 1316 288 132 City,
3592 1316 432 104 Conrad
4076 1316 144 100 H.

408 1464 368 124 Mann,
836 1460 576 132 president.
1544 1460 432 104 Kansas
2040 1460 288 132 City,
2384 1464 256 132 Mo.,
2704 1468 288 96 1930.

540 1612 184 96 xvi,
780 1612 164 76 251
996 1636 80 72 p.
1192 1612 244 76 illus.
1496 1612 140 92 (in
1640 1636 44 52 c
1692 1616 56 80 l.
1800 1616 312 92 maps)
2188 1612 344 92 diagrs.
2648 1616 212 80 29½ͨͫ.

440 1724 76 100 ©
564 1732 228 88 Aug.
840 1732 132 88 11,
1020 1724 268 84 1930:
1344 1732 48 72 l
1400 1748 44 56 e
1456 1796 12 12 .
1520 1732 228 88 Aug.
1796 1728 160 88 29;
2012 1748 124 68 Ic.
2188 1732 228 88 Aug.
2468 1732 160 88 16;
2684 1732 152 76 aff.
2888 1732 232 88 Aug.
3172 1732 160 88 15;
3384 1732 80 76 A
3512 1728 316 84 26954:
3900 1732 132 76 Ch
4040 1756 52 52 a
4100 1756 116 52 m

544 1840 56 76 b
604 1860 100 56 er
752 1840 96 76 of
904 1848 500 68 commerce
1456 1840 96 76 of
1604 1840 376 72 Kansas
2036 1840 236 88 City,
2324 1840 380 76 Kansas
2760 1840 236 92 City,
3056 1840 176 76 Mo.

564 1948 260 96 (30-2
828 1952 48 72 3
884 1948 208 88 079)
3816 1948 232 80 9104

408 2104 736 120 Heisenberg,
1204 2104 500 104 Werner,
1776 2112 324 92 1901-

540 2252 228 104 The
836 2252 496 132 physical
1400 2252 592 132 principles
2060 2252 124 104 of
2244 2252 184 104 the
2492 2264 524 116 quantum
3088 2256 416 132 theory,
3564 2256 148 132 by
3772 2256 464 100 Werner

408 2404 116 100 H
532 2404 556 128 eisenberg
1136 2404 60 112 …
1384 2416 304 88 trans
1696 2404 32 96 l
1740 2408 244 96 ated
2072 2404 164 96 int
2244 2440 60 60 o
2392 2404 468 132 English
2940 2404 144 128 by
3172 2404 220 104 Car
3396 2408 36 96 l
3520 2404 412 100 Eckart
4016 2440 60 64 a
4084 2408 140 104 nd

412 2552 376 104 Frank
856 2552 112 104 C.
1040 2552 308 132 Hoyt
1444 2556 68 112 …
1688 2552 512 132 Chicago,
2268 2552 220 128 Ill.,
2552 2552 232 104 The
2848 2552 644 136 University
3560 2552 120 104 of
3748 2552 484 136 Chicago

412 2740 296 96 press
776 2708 316 120 119301

540 2876 60 56 x
604 2856 32 76 i
644 2856 28 76 i
680 2920 20 28 ,
760 2856 164 80 186
976 2880 80 68 p.
1172 2852 28 76 i
1212 2860 236 88 llus.,
1508 2856 344 88 diagrs.
1968 2852 280 96 19½ͨͫ.
2380 2856 24 92 (
2428 2848 44 76 H
2472 2860 44 68 a
2524 2876 48 56 l
2588 2860 24 68 f
2624 2856 72 92 -
2708 2856 148 76 titl
2864 2876 44 56 e
2928 2876 28 56 :
3012 2860 188 72 The
3268 2856 536 80 University
3868 2860 96 72 of
4024 2860 200 76 Chi-

404 2984 44 60 c
456 2984 172 72 ago
676 2964 356 80 science
1080 2964 336 92 series)

540 3076 500 76 "Lectures
1100 3072 52 84 …
1264 3080 96 68 at
1428 3072 152 76 the
1652 3068 536 96 University
2256 3076 100 72 of
2420 3068 400 96 Chicago
2888 3072 92 76 in
3048 3076 156 72 the
3272 3076 320 88 spring
3652 3076 100 76 of
3816 3076 32 72 1
3868 3076 164 76 929
4044 3076 184 76 ."-

412 3184 244 84 Pref.

416 3264 92 88 ©
572 3296 224 88 July
848 3292 132 76 21.
1036 3288 104 76 19
1148 3340 16 24 ,
1204 3292 100 88 0;
1368 3288 124 76 2c.
1552 3292 176 72 and
1788 3308 48 56 a
1860 3288 64 76 ff
1932 3356 12 12 .
2004 3292 228 88 Aug.
2288 3284 160 96 29;
2508 3292 80 72 A
2644 3292 52 72 2
2700 3288 56 76 6
2756 3284 216 96 957;
3040 3292 540 92 University
3640 3296 96 72 of
3800 3292 424 88 Chicago.

564 3400 532 96 (30-23005)
3820 3400 228 80 9105

412 3580 452 100 Hennet
924 3580 132 96 de
1116 3576 436 124 Goutel,
1616 3568 520 128 Étienne,
2200 3580 60 100 b
2272 3612 188 68 aro
2468 3616 72 64 n
2548 3664 20 16 .

640 3732 60 104 …
760 3724 160 100 Ch
936 3724 60 96 a
1004 3732 312 92 teaux
1416 3724 56 96 d
1492 3760 48 64 e
1632 3724 36 96 l
1676 3760 60 60 a
1820 3716 324 108 Loire
2232 3732 100 92 et
2420 3724 64 96 d
2500 3760 68 60 u
2652 3724 384 128 Berry.
3184 3728 124 96 16
3392 3724 248 100 hors
3724 3732 292 92 texte
4104 3760 128 64 en

408 3876 788 128 héliogravure.
1340 3872 356 128 Paris,
1752 3872 104 100 J.
1920 3872 636 100 Tallandier
2624 3876 312 124 [1930]

544 4032 156 88 xii,
756 4028 164 72 227
976 4036 100 68 p..
1140 4028 48 72 2
1244 4028 56 72 1.
1360 4028 12 12 '
1416 4024 40 76 f
1468 4048 40 48 r
1516 4048 48 52 o
1576 4048 52 48 n
1640 4028 36 72 t
1688 4084 40 28 .,
1788 4048 56 68 p
1844 4028 84 72 la
1948 4028 88 72 te
2044 4044 44 56 s
2100 4088 12 12 .
2232 4024 220 76 21'.
2588 4024 28 96 (
2640 4024 136 76 On
2832 4044 100 56 co
2940 4048 52 52 v
3000 4048 140 52 er:
3196 4024 128 76 La
3384 4028 72 72 F
3468 4048 40 52 r
3516 4044 48 56 a
3576 4048 168 52 nce
3796 4032 88 68 et
3940 4028 88 72 la
4084 4024 148 80 vie

420 4136 588 88 d'autrefois)

544 4248 120 72 At
712 4244 236 76 head
1000 4244 100 72 of
1148 4240 256 76 title:
1460 4244 312 72 Baron
1824 4244 372 72 Rennet
2248 4240 52 72 d
2312 4260 44 56 e
2412 4236 68 80 G
2492 4240 276 76 outel.

544 4352 44 32 "
604 4352 112 76 So
732 4368 212 60 urce
948 4360 48 60 s
1000 4348 100 76 ":
1160 4368 80 72 p.
1304 4368 24 60 [
1328 4348 448 76 221]-227.

420 4456 96 100 ©
572 4464 216 88 May
840 4464 36 72 1
896 4460 48 72 5
952 4520 16 28 ,
1028 4456 172 76 198
1196 4460 56 68 0
1256 4460 28 68 :
1300 4468 48 64 0
1468 4524 12 12 .
1536 4460 52 72 J
1600 4476 60 56 u
1668 4472 108 60 ne
1832 4456 152 88 20;
2044 4456 596 88 A---Foreign
2696 4452 268 92 8049;
3028 4456 264 76 Jules
3344 4456 568 80 Tallandier.

564 4568 372 96 (30-219
944 4572 48 72 5
1000 4568 96 88 7)
3820 4564 232 80 9106

408 4728 420 120 Irving,
888 4720 792 124 Washington,
1744 4724 620 100 1783-1859.

556 4872 232 104 The
848 4872 264 104 bold
1176 4872 488 132 dragoon
1736 4872 216 96 and
2020 4868 312 100 other
2404 4868 440 132 ghostly
2916 4872 300 124 tales,
3288 4868 144 132 by
3500 4868 724 136 Washington

424 5024 424 132 Irving,
896 5020 452 104 selected
1400 5020 216 100 and
1664 5016 364 104 edited
2076 5016 140 132 by
2264 5016 328 104 Anne
2640 5016 432 104 Carroll
3124 5020 428 124 Moore;
3612 5020 268 100 with
3932 5020 300 100 deco-

420 5172 348 104 rative
872 5168 600 104 diversions
1576 5168 140 132 by
1824 5168 368 100 James
2296 5168 684 132 Daugherty.
3128 5168 264 100 New
3500 5168 736 100 Amsterdam.

424 5320 128 100 A.
616 5320 136 104 A.
820 5316 428 132 Knopf,
1320 5324 284 96 1930.

552 5480 52 72 4
652 5500 80 68 p.
788 5480 84 88 1.,
928 5476 352 76 xi-xiii.
1336 5476 168 76 240
1556 5496 80 72 p.
1696 5476 92 76 in
1796 5496 44 56 c
1848 5476 56 76 l.
1960 5496 100 56 co
2064 5476 60 76 l.
2176 5476 316 84 front.,
2548 5472 248 76 illus.
2912 5472 524 88 24½ͨͫ.

420 5568 92 96 ©
576 5592 228 84 Aug.
864 5588 132 88 22,
1060 5588 48 72 1
1116 5584 48 76 9
1172 5636 16 24 ,
1172 5588 44 72 3
1228 5588 96 88 0;
1392 5588 96 72 2e
1504 5648 16 16 .
1580 5588 184 72 and
1824 5580 88 72 al
1912 5584 40 68 t
1968 5648 12 12 .
2044 5588 228 80 Aug.
2332 5580 52 76 2
2392 5588 100 84 7;
2556 5584 80 72 A
2696 5580 328 92 27182;
3088 5584 332 76 Alfred
3480 5588 100 72 A.
3648 5584 344 92 Knopf,
4056 5584 28 72 i
4088 5592 56 60 n
4148 5592 48 60 c
4212 5640 20 20 .

588 5680 88 96 [
588 5688 92 100 ©
740 5720 48 52 c
796 5720 48 48 o
852 5696 476 92 rrections,
1388 5696 92 72 in
1492 5700 32 72 t
1536 5696 280 76 roduc
1824 5696 28 72 t
1868 5696 152 72 ion
2076 5696 72 76 &
2200 5692 632 80 illustrations]
3000 5688 536 100 (30-23190)
3824 5688 228 80 9107

412 5824 540 124 Johnson,
1016 5824 224 100 Osa
1300 5820 352 104 Helen
1728 5820 612 124 (Leighty)
2416 5824 328 100 Mrs.
2808 5820 424 104 Martin
3296 5820 616 104 Johnson."

544 5972 408 132 Jungle
1024 5972 400 124 babies,
1496 5972 148 132 by
1720 5972 268 100 Mrs.
2064 5968 416 104 Martin
2564 5972 552 112 Johnson;
3204 5968 264 104 with
3548 5976 124 96 21
3752 5972 472 100 illustra-

416 6120 280 104 tions
764 6120 292 104 from
1120 6120 552 128 drawings
1740 6120 144 132 by
1948 6120 568 132 Margaret
2580 6120 484 100 Flinsch.
3208 6120 268 100 New
3540 6120 340 112 York,
3948 6120 276 100 Lon-

412 6272 248 128 don,
712 6272 96 104 G
820 6356 20 16 .
896 6272 124 100 P.
1076 6268 568 104 Putnam's
1700 6304 276 92 sons,
2036 6272 284 96 1930.

548 6424 152 92 vii,
752 6424 164 76 169
960 6444 84 72 p.
1096 6424 96 76 in
1200 6444 44 56 c
1248 6428 56 72 l.
1356 6420 28 80 i
1392 6428 236 84 llus.,
1684 6428 324 88 plates.
2124 6424 108 72 22
2244 6420 44 96 1
2296 6428 100 64 -.

548 6536 552 76 Illustrated
1156 6532 696 92 lining-papers.

552 6644 308 76 "First
916 6636 432 84 edition."

432 6740 88 88 ©
596 6752 224 88 Aug.
888 6748 132 92 22,
1088 6748 108 76 19
1200 6752 48 72 3
1252 6752 104 84 0;
1428 6748 124 80 2c.
1624 6752 176 72 and
1872 6744 156 80 aff.
2100 6748 224 88 Aug.
2396 6744 156 84 20;
2624 6744 76 76 A
2768 6744 324 92 26974;
3172 6752 64 72 O
3312 6748 444 92 Johnson,
3824 6744 412 96 Nairobi,

556 6860 72 72 B
632 6860 280 76 ritish
980 6860 228 80 East
1272 6860 352 80 Africa.
1764 6852 532 96 (30-22872)
3828 6852 224 84 9108

416 6984 456 124 Jordan,
924 6988 468 116 Harvey
1444 6984 460 120 Ernest,
1964 6984 308 104 1878-

552 7136 108 100 A
712 7136 560 100 text-book
1324 7136 120 100 of
1504 7136 580 132 histology,
2140 7140 144 128 by
2336 7136 456 120 Harvey
2848 7136 400 100 Ernest
3304 7136 428 100 Jordan
3796 7136 68 112 …
3972 7132 264 100 with

420 7284 204 104 five
672 7288 496 100 hundred
1224 7288 212 100 and
1488 7284 688 132 ninety-four
2228 7284 724 104 illustrations
3004 7284 112 104 in
3168 7284 184 104 the
3404 7296 260 120 text,
3716 7284 216 104 and
3984 7284 252 100 four

424 7436 376 124 plates.
944 7436 260 100 New
1288 7436 308 100 York
1672 7440 212 96 and
1964 7436 492 132 London,
2528 7436 136 100 D.
2744 7432 556 132 Appleton
3380 7436 216 100 and
3672 7464 568 96 company,

428 7592 284 96 1930.

2192 7740 40 92 1
2256 7740 56 84 8
2324 7740 120 92 99
