4800 8268
2440 7660 204 100 946

628 668 548 124 Babcock,
1240 668 344 104 Louis
1644 668 124 108 L.

764 824 228 100 The
1060 832 432 124 tarpon,
1556 824 144 132 by
1760 820 336 108 Louis
2156 824 128 96 L.
2348 820 560 124 Babcock;
2980 860 60 64 a
3108 820 672 132 description
3844 824 120 104 of
4032 824 180 104 the
4280 824 200 104 fish

636 972 496 128 together
1208 972 272 100 with
1560 1008 292 68 some
1928 972 296 100 hints
2308 1008 136 64 on
2520 968 144 104 its
2740 980 452 120 capture
3268 976 144 132 by
3488 976 200 100 rod
3764 976 220 100 and
4060 976 216 100 reel
4368 972 64 112 …

628 1124 136 100 3d
824 1124 164 100 ed.
1144 1120 512 132 [Buffalo,
1712 1120 464 104 Printed
2228 1124 144 128 by
2424 1120 108 104 J.
2584 1120 176 104 W.
2820 1120 500 104 Clement
3368 1156 188 96 co.]
3628 1128 288 96 1930.

760 1276 48 72 1
812 1276 52 76 3
872 1272 76 96 5,
1012 1312 24 60 1
1040 1276 52 76 4
1100 1312 20 60 ]
1180 1296 112 72 p.,
1348 1276 48 76 1
1456 1280 60 72 l.
1628 1272 68 80 il
1700 1276 180 76 lus.
1988 1276 112 76 24
2164 1268 112 88 ½ͨͫ.

764 1412 224 80 "Tw
988 1432 52 60 o
1124 1412 428 76 hundred
1632 1416 188 76 and
1892 1412 224 92 fifty
2188 1408 312 96 copies
2580 1432 244 56 were
2900 1408 376 96 printed
3356 1412 152 76 for
3588 1412 368 92 private
4036 1412 444 80 distribu-

628 1520 276 80 tion."

764 1632 132 80 "A
952 1628 352 96 partial
1360 1628 648 96 bibliography
2068 1628 100 80 of
2224 1628 156 80 the
2440 1628 452 92 tarpon":
2952 1648 84 72 p.
3092 1628 420 80 108-111.

640 1768 96 88 ©
788 1772 224 84 May
1060 1768 132 88 10,
1244 1768 40 72 1
1300 1768 164 76 930
1496 1788 16 68 ;
1564 1768 132 76 2c.
1748 1768 216 88 May
2012 1768 164 88 22;
2228 1764 156 76 aff.
2440 1764 220 92 May
2708 1764 164 92 23;
2924 1764 80 76 A
3052 1760 332 96 24072;
3440 1764 100 80 L.
3592 1768 100 76 L.
3744 1764 448 92 Babcock,
4256 1764 228 76 Buf-

768 1880 224 76 falo.
1128 1876 536 96 (30-15714)
4088 1872 228 84 6215

628 2060 508 120 Baitsell,
1196 2060 436 120 George
1688 2056 444 124 Alfred,
2192 2064 332 96 1885-

764 2212 456 100 Manual
1280 2212 120 100 of
1456 2208 480 136 biology,
1988 2212 144 132 by
2192 2204 424 136 George
2672 2208 136 100 A.
2872 2208 468 104 Baitsell
3440 2212 68 112 …
3664 2212 188 100 4th
3912 2212 164 104 ed.
4220 2212 268 104 New

632 2360 344 136 York,
1036 2364 232 100 The
1324 2360 644 104 Macmillan
2024 2396 572 96 company,
2660 2364 288 100 1930.

760 2524 60 68 x
828 2516 120 92 iv,
1008 2512 168 84 369
1236 2536 80 72 p.
1432 2512 284 76 front.
1836 2512 228 76 22ͨͫ.

764 2648 372 80 Earlier
1204 2648 408 80 editions
1676 2644 492 96 published
2248 2648 296 76 under
2616 2644 264 80 title:
2960 2648 384 80 Manual
3420 2648 104 80 of
3592 2648 496 96 biological
4160 2648 324 84 forms.

760 2764 196 76 The
1036 2760 544 88 laboratory
1664 2752 512 80 directions
2276 2756 128 92 (p.
2484 2752 440 96 229-349)
3028 2776 160 56 are
3276 2756 376 92 printed
3732 2776 120 60 on
3936 2760 556 80 detachable

624 2872 312 76 leaves
996 2888 116 56 on
1164 2888 172 56 one
1388 2864 200 80 side
1640 2868 240 88 only.

640 3004 96 100 ©
788 3008 244 76 June
1084 3004 128 84 10,
1264 3004 272 88 1930;
1588 2996 124 84 2c.
1768 3004 184 72 and
2004 3020 48 56 a
2064 3000 40 76 f
2096 3000 44 76 f
2212 3004 56 72 J
2272 3008 56 68 u
2332 3008 120 68 ne
2508 3004 160 88 11;
2720 3000 76 76 A
2848 3000 328 92 24473;
3232 3004 544 76 Macmillan
3828 3024 132 60 co.

788 3116 540 96 (30-15731)
4088 3112 236 84 6216

628 3300 604 124 Beckman,
1288 3296 580 104 Theodore
1928 3296 176 120 N.,
2168 3304 332 96 1894-

764 3452 436 108 Credits
1264 3452 216 100 and
1544 3448 624 104 collections
2228 3448 116 100 in
2404 3448 392 136 theory
2856 3452 220 100 and
3136 3448 516 136 practice,
3712 3452 144 132 by
3916 3452 568 108 Theodore

628 3604 132 100 N.
828 3600 556 104 Beckman
1448 3608 68 108 …
1720 3600 140 100 2d
1924 3600 164 100 ed.
2236 3596 268 104 New
2572 3596 316 104 York
2964 3608 264 120 [etc.]
3308 3596 832 108 McGraw-Hill
4204 3604 284 104 book

624 3784 572 100 company,
1252 3748 244 136 inc.,
1552 3752 292 104 1930.

760 3912 60 64 x
832 3904 152 96 vii,
1040 3904 164 76 599
1256 3924 84 72 p.
1400 3904 96 76 in
1500 3924 44 56 c
1552 3904 56 76 l.
1668 3900 276 92 illus.,
2000 3900 324 80 forms.
2440 3896 284 100 23½ͨͫ.
2944 3900 256 96 $4.00

764 4040 480 80 "Selected
1300 4036 576 76 references"
1932 4040 100 72 at
2084 4040 180 72 end
2316 4036 100 76 of
2464 4040 244 72 most
2764 4036 100 76 of
2916 4036 156 76 the
3128 4036 464 96 chapters.

640 4148 96 92 ©
800 4156 244 76 June
1100 4148 72 84 9.
1236 4148 272 92 1930;
1572 4148 132 80 2c.
1760 4148 184 76 and
2004 4144 152 84 aff.
2224 4148 244 72 June
2528 4148 156 92 11;
2748 4148 80 72 A
2884 4148 332 92 24451;
3284 4148 680 80 McGraw-Hill
4024 4156 240 76 book
4324 4172 156 76 co.,

772 4264 172 76 inc.
1084 4260 432 92 (30-1572
1524 4260 48 76 5
1592 4260 28 92 )
4072 4260 232 88 6217

628 4448 528 120 Bennett,
1216 4444 464 104 Arnold.

784 4592 468 132 [Arnold
1312 4592 92 100 B
1420 4588 456 104 ennett's
1932 4588 32 132 j
1984 4592 388 96 ournal]
2560 4588 268 136 May
2884 4592 64 96 2
2956 4596 60 96 0
3028 4672 20 48 ,
3104 4596 164 128 26,
3328 4600 56 92 3
3396 4600 60 96 0
3464 4672 24 52 ,
3548 4600 192 96 193
3752 4600 60 96 0
3820 4676 20 20 .

780 4748 28 96 (
824 4752 44 68 I
880 4772 60 56 n
984 4744 384 84 London
1412 4740 180 84 Dai
1600 4740 28 84 l
1636 4768 60 72 y
1740 4740 276 100 mail)

652 4852 88 100 ©
792 4848 32 76 1
832 4864 52 68 c
896 4924 16 12 .
964 4860 228 80 each
1240 4864 224 88 July
1508 4856 132 96 16,
1692 4856 272 92 1930;
2016 4856 76 76 A
2144 4860 120 76 ad
2312 4856 92 80 in
2416 4864 36 72 t
2460 4920 20 16 .
2528 4856 328 92 14094;
2908 4864 280 88 pubd.
3236 4860 224 92 May
3508 4860 132 92 20,
3692 4864 136 80 26.
3876 4864 160 88 30;
4092 4864 104 80 A.
4252 4868 232 76 Ben-

764 4976 228 84 nett,
1036 4972 408 76 London.
4088 4972 228 84 6218

628 5152 700 124 Blackwood,
1388 5152 616 124 Algernon.

772 5304 232 100 The
1048 5300 536 132 graceless
1624 5300 304 132 pair:
1976 5300 440 136 Dudley
2464 5308 216 96 and
2728 5300 568 136 Gilderoy.
3444 5312 92 96 5.
3612 5308 236 100 The
3892 5308 592 136 fish-pond.

788 5460 156 92 (In
988 5452 352 88 Sketch
1380 5452 536 100 magazine,
1956 5456 232 96 May
2228 5452 144 100 21,
2416 5456 108 80 19
2536 5456 108 80 30
2656 5456 40 96 )

644 5564 92 88 ©
796 5572 124 76 1c.
968 5572 224 88 July
1240 5572 132 80 17.
1424 5572 44 72 1
1480 5572 56 76 9
1532 5568 164 92 30;
1744 5572 76 72 A
1868 5572 120 72 ad
2040 5568 164 80 int.
2260 5568 328 92 14099;
2640 5572 280 92 pubd.
2968 5576 220 92 May
3236 5572 160 92 20;
3452 5572 108 84 A.
3608 5576 596 92 Blackwood,
4256 5580 228 76 Lon-

772 5680 204 80 don.
4088 5684 232 84 6219

624 5860 540 124 Bluemel,
1228 5860 468 104 Charles
1752 5860 460 124 Sidney,
2272 5872 328 96 1884-

772 6008 424 104 Mental
1256 6020 420 120 aspects
1736 6008 124 104 of
1916 6012 752 136 stammering,
2724 6008 148 140 by
2932 6012 120 104 C.
3124 6012 108 108 S.
3296 6016 500 104 Bluemel
3884 6016 64 112 …
4132 6024 352 100 Balti-

632 6196 336 96 more,
1012 6160 236 100 The
1292 6160 560 104 Williams
1900 6164 84 96 &
2032 6160 484 104 Wilkins
2568 6196 576 100 company,
3200 6172 288 96 1930.

764 6320 88 88 x,
920 6316 164 76 152
1144 6336 84 72 p.
1340 6320 336 92 plates.
1792 6316 112 76 19
1912 6300 156 112 ½ͨͫ.

644 6408 96 96 ©
796 6428 88 76 M
896 6448 48 56 a
956 6448 56 72 y
1060 6428 52 72 2
1116 6428 44 76 3
1176 6488 16 24 ,
1248 6428 56 72 1
1304 6424 156 76 930
1496 6448 12 68 ;
1564 6428 52 72 2
1624 6452 48 52 c
1676 6488 20 12 .
1748 6428 180 76 and
1984 6428 156 80 aff.
2192 6428 240 76 June
2484 6428 104 92 2;
2644 6432 76 72 A
2768 6428 224 80 2418
2992 6432 52 76 5
3080 6452 20 72 ;
3152 6428 260 80 Willi
3424 6452 48 56 a
3484 6452 140 60 ms
3676 6436 72 76 &
3796 6436 144 76 Wi
3948 6440 32 72 l
3988 6436 96 76 ki
4088 6460 56 52 n
4156 6460 44 52 s
4252 6460 100 60 co
4364 6500 16 12 .

784 6536 264 92 (30-1
1060 6536 48 80 5
1116 6536 208 92 544)
4084 6544 232 84 6220

628 6716 512 124 Brinton,
1204 6720 492 100 Howard
1756 6720 468 124 Haines,
2288 6732 328 92 1884-

760 6868 232 100 The
1048 6860 396 140 mystic
1508 6864 260 128 will,
1828 6868 328 100 based
2220 6904 140 64 on
2424 6908 60 60 a
2548 6872 328 128 study
2940 6872 124 100 of
3124 6872 184 104 the
3368 6872 672 140 philosophy
4100 6880 128 100 of
4288 6880 192 100 Ja-

624 7016 192 104 cob
884 7016 512 128 Boehme,
1456 7016 148 128 by
1664 7016 496 104 Howard
2228 7016 152 104 H.
2448 7020 476 100 Brinton
2988 7020 68 112 …
3184 7024 268 100 with
3520 7060 144 64 an
3728 7024 748 108 introduction

624 7168 140 128 by
832 7160 368 104 Rufus
1264 7164 152 100 M.
1484 7164 336 104 Jones
1908 7176 68 108 …
2144 7168 268 100 New
2484 7164 344 136 York,
2896 7168 232 104 The
3192 7168 644 108 Macmillan
3904 7208 576 104 company,

628 7320 288 100 1930.

760 7476 60 68 x
828 7472 104 76 iii
988 7496 108 72 p.,
1148 7472 52 76 2
1252 7476 84 88 l.,
1388 7472 284 80 3-269
1720 7492 84 72 p.
1916 7472 300 92 diagr.
2328 7472 112 80 20
2448 7472 40 92 ½ͨͫ
2496 7468 116 84 ".
