4884 8252
2384 7720 132 96 92

548 708 492 124 Pitman,
1100 712 128 100 Si
1228 752 60 64 r
1344 712 1100 108 Isaac-Continued

672 884 56 56 v
732 928 20 28 ,
808 868 188 92 131,
1056 904 20 60 [
1084 868 112 80 1]
1220 888 84 72 p.
1416 868 572 80 20ͨͫ.

552 956 92 92 ©
708 976 212 80 Jan.
972 976 80 96 2,
1108 976 272 92 1930;
1436 976 56 76 2
1484 984 48 64 c
1548 1040 16 16 .
1624 980 184 72 and
1884 972 92 88 af
1960 976 36 76 f
2004 1040 16 16 .
2080 976 208 76 Jan.
2348 976 156 88 25;
2564 976 80 72 A
2700 972 328 88 18377;
3096 972 264 76 Isaac
3420 968 376 72 Pitman
3860 964 68 76 &
3988 980 236 60 sons.

696 1084 488 96 (30-3848)
4060 1064 48 84 5
4120 1064 112 84 76

536 1264 292 124 Pool,
888 1264 464 124 Eugene
1404 1268 104 96 H
1524 1264 28 100 i
1560 1264 472 124 llhouse,
2096 1272 256 100 1874
2356 1332 64 8 –

672 1412 492 132 Surgery
1224 1424 120 92 at
1404 1416 184 100 the
1656 1412 264 104 New
1992 1412 308 100 York
2372 1412 484 128 hospital
2924 1444 196 64 one
3192 1404 504 104 hundred
3764 1436 320 100 years
4156 1432 240 100 ago,

536 1560 136 136 by
760 1560 448 136 Eugene
1296 1564 144 100 H.
1528 1560 276 104 Pool
1896 1564 220 100 and
2204 1560 384 100 Frank
2672 1556 108 108 J.
2872 1556 124 104 M
3000 1564 48 68 c
3044 1556 100 104 G
3152 1592 60 64 o
3224 1588 300 96 wan;
3620 1556 132 96 24
3844 1552 124 100 fu
3980 1552 76 96 ll
4060 1572 336 108 -page

532 1708 380 132 plates.
1036 1712 264 104 New
1356 1712 348 128 York,
1752 1712 124 100 P.
1932 1712 128 100 B.
2116 1708 476 132 Hoeber,
2644 1708 244 132 inc.,
2948 1712 288 96 1930.

668 1868 124 88 xi,
844 1868 164 80 188
1064 1888 76 72 p.
1196 1868 288 84 incl.
1460 1868 320 88 front.,
1832 1868 328 92 plates,
2216 1868 316 92 ports.,
2584 1864 420 76 facsims.
3120 1864 576 88 20ͨͫ.

672 1976 568 92 "Reprinted
1312 1976 228 76 with
1612 1976 476 76 additions
2156 1976 184 76 and
2412 1972 600 88 corrections,
3080 1972 244 76 from
3400 1972 356 72 Annals
3832 1964 96 80 of
4004 1960 388 84 medical

540 2080 360 96 history
972 2084 136 92 (n.
1164 2104 72 60 s.
1292 2104 48 52 v
1356 2084 84 72 ol
1452 2144 16 20 .
1528 2104 60 72 I,
1648 2104 148 56 no.
1852 2080 52 80 5
1912 2144 20 32 ,
1992 2080 268 96 1929)
2336 2080 496 96 published
2892 2080 536 88 December,
3492 2072 304 80 1929."

672 2192 728 80 'References":
1464 2212 76 72 p.
1604 2188 420 84 176-182.

548 2292 88 88 ©
712 2300 216 80 Jan.
992 2304 132 88 17,
1188 2308 36 68 1
1356 2300 192 92 930;
1528 2304 128 76 2c.
1724 2300 212 80 Jan.
2000 2300 160 80 23:
2228 2300 88 76 af
2300 2308 88 72 f.
2456 2300 212 76 Jan.
2732 2300 160 88 22;
2964 2296 80 76 A
3108 2296 332 88 19201;
3512 2296 236 76 Paul
3816 2292 104 80 B.
3996 2288 396 92 Hoeber,

680 2408 168 92 inc.
984 2408 484 100 (30-3741)
4056 2396 172 80 577

528 2588 148 100 Pr
684 2588 60 100 é
752 2596 292 116 vost,
1112 2592 460 124 Marcel,
1644 2596 328 100 1862-

660 2736 268 104 Mon
992 2740 256 100 cher
1308 2740 496 132 Tommy,
1864 2732 144 136 by
2072 2736 416 104 Marcel
2552 2740 160 96 Pr
2700 2736 64 96 é
2780 2744 272 120 vost,
3116 2732 364 104 edited
3548 2732 140 132 by
3752 2728 644 100 Florentine

536 2892 120 96 B.
708 2888 260 104 Jass
972 2924 60 68 o
1040 2924 208 96 gne
1332 2896 68 104 …
1480 2888 216 104 and
1744 2888 128 100 M
1880 2888 356 100 ildred
2292 2884 600 108 Severance
2976 2896 68 104 …
3192 2884 264 100 New
3512 2884 108 100 Y
3624 2920 60 64 o
3696 2880 160 128 rk,
3912 2880 148 100 H.
4112 2880 188 100 Ho
4308 2876 88 104 lt

528 3040 216 100 and
804 3072 540 100 company
1448 3040 336 124 [ͨ1929]

660 3220 60 56 x
776 3220 112 72 p.,
948 3200 48 72 1
1052 3200 32 72 l
1096 3256 40 36 .,
1196 3196 164 76 238
1420 3220 80 72 p.
1616 3196 316 92 front.,
1992 3200 328 88 plates.
2444 3196 632 84 17½ͨͫ
2708 3256 20 16 .

664 3308 148 76 Ma
828 3328 56 72 p
888 3328 44 56 s
992 3328 112 56 on
1164 3304 704 96 lining-papers.

544 3408 96 96 ©
700 3416 208 80 Dec.
968 3416 48 72 1
1020 3424 52 68 9
1088 3476 12 24 ,
1160 3416 160 76 192
1324 3412 60 76 9
1412 3432 20 68 ;
1488 3416 48 72 2
1540 3436 48 52 c
1600 3472 16 16 .
1672 3412 56 76 J
1740 3432 48 56 a
1800 3432 84 56 n.
1944 3416 36 72 1
2000 3416 76 88 7,
2132 3412 104 76 19
2244 3424 52 68 3
2300 3412 56 76 0
2384 3428 20 72 ;
2464 3428 48 60 a
2524 3412 44 72 f
2560 3412 40 72 f
2608 3472 16 16 .
2684 3412 208 76 Feb.
2956 3412 100 88 1;
3116 3412 80 72 A
3252 3412 48 72 1
3312 3412 48 76 7
3364 3408 52 76 9
3424 3412 52 76 6
3480 3412 104 88 4;
3648 3412 324 88 Henry
4032 3412 88 72 H
4128 3428 52 56 o
4188 3412 76 76 lt
4320 3412 72 76 &

672 3544 156 72 co.,
896 3524 164 72 inc.
1172 3504 148 100 [©
1460 3516 112 88 pre
1564 3520 228 80 face,
1868 3520 480 80 questions
2416 3524 184 72 and
2668 3520 488 92 exercises,
3224 3524 276 72 notes
3560 3520 188 76 and
3816 3520 576 88 vocabulary

680 3632 120 84 by
852 3632 544 76 Florentine
1452 3632 92 76 B.
1612 3604 212 104 Jass
1828 3652 52 52 o
1888 3652 172 64 gne
2092 3632 188 72 and
2316 3628 404 76 Mildred
2760 3628 516 76 Severance
3412 3628 488 96 (30-3318)
4056 3624 168 80 578

524 3812 612 104 Raveneau
1188 3812 136 100 de
1380 3812 484 120 Lussan,

664 3964 584 100 Raveneau
1332 3964 128 100 de
1536 3964 460 132 Lussan,
2072 3964 600 100 buccaneer
2744 3964 124 104 of
2948 3964 180 100 the
3212 3964 76 104 S
3300 3960 396 136 panish
3776 3960 308 100 Main
4176 3964 216 100 and

528 4116 300 136 early
896 4116 428 104 French
1384 4112 540 104 filibuster
1984 4116 124 100 of
2164 4112 184 104 the
2408 4112 460 128 Pacific;
2940 4152 64 64 a
3068 4112 660 104 translation
3796 4116 232 100 into
4096 4112 296 136 Eng-

532 4264 212 104 lish
812 4268 124 100 of
1000 4264 172 104 his
1240 4264 476 104 Journal
1788 4264 124 104 of
1980 4304 60 64 a
2116 4300 416 100 voyage
2608 4264 228 104 into
2912 4264 180 104 the
3172 4264 352 108 South
3600 4264 264 108 Seas
3940 4264 116 100 in
4140 4268 252 100 1684

528 4416 216 104 and
808 4416 184 100 the
1060 4416 580 132 following
1704 4452 312 96 years
2084 4416 268 100 with
2420 4416 180 100 the
2668 4408 624 108 filibusters.
3440 4416 656 100 Translated
4176 4416 216 100 and

528 4564 368 104 edited
972 4564 140 136 by
1188 4564 680 132 Marguerite
1944 4564 296 132 Eyer
2312 4564 476 104 Wilbur.
2936 4564 636 132 Cleveland,
3648 4568 232 100 The
3960 4564 432 104 Arthur

524 4716 148 100 H.
740 4716 340 104 Clark
1136 4752 580 96 company,
1780 4716 292 100 1930.

656 4872 164 76 303
884 4892 76 72 p.
1024 4872 28 72 i
1064 4896 56 52 n
1128 4872 84 76 cl
1220 4932 20 16 .
1296 4872 320 92 front.,
1676 4872 332 92 plates,
2068 4888 244 76 map,
2368 4868 420 80 facsims.
2900 4872 508 84 25ͨͫ.

540 4956 88 88 ©
708 4980 216 76 Dec.
984 4980 136 76 27,
1184 4980 272 88 1929;
1524 4980 132 80 2c.
1724 4976 220 80 Dec.
2004 4980 44 72 2
2056 4980 60 76 8
2140 4996 24 72 ;
2236 4980 84 72 af
2316 4980 76 76 f.
2460 4980 208 76 Jan.
2740 4980 132 88 17,
2936 4980 280 88 1930;
3288 4980 76 76 A
3428 4980 52 76 1
3488 4980 52 68 8
3544 4980 216 88 241;
3832 4984 368 72 Arthur
4264 4984 116 76 H.

668 5088 68 76 C
748 5088 208 76 lark
1004 5112 128 56 co.
1260 5088 28 92 (
1304 5088 112 76 30
1428 5088 156 76 -39
1588 5088 48 76 5
1648 5088 96 92 6)
4048 5088 176 84 579

528 5244 524 120 Roberts,
1108 5244 532 100 Kenneth
1696 5240 400 124 Lewis,
2168 5252 308 100 1885-

656 5392 536 128 Arundel,
1236 5392 328 132 being
1608 5392 184 104 the
1840 5392 748 104 recollections
2636 5392 124 104 of
2816 5388 396 108 Steven
3272 5392 368 104 Navon
3684 5392 124 104 of
3856 5396 540 124 Arundel,

532 5548 108 100 in
692 5544 180 108 the
932 5544 516 132 province
1504 5544 124 100 of
1680 5548 412 132 Maine,
2144 5548 512 104 attached
2716 5560 108 92 to
2880 5548 184 104 the
3120 5568 172 76 sec
3304 5556 152 96 ret
3516 5548 636 132 expedition
4212 5552 164 100 led

528 5696 136 132 by
716 5696 448 104 Colonel
1212 5696 528 100 Benedict
1788 5696 428 104 Arnold
2272 5692 432 136 against
2756 5692 432 120 Quebec
3236 5700 216 100 and
3504 5704 280 96 later
3828 5736 52 64 a
3936 5700 444 128 captain

524 5848 112 100 in
728 5848 180 100 the
996 5844 712 108 Continental
1796 5876 312 104 army
2196 5844 444 132 serving
2728 5860 112 92 at
2972 5844 440 116 Valcour
3500 5848 424 128 Island,
4012 5848 372 108 Bemis

524 5992 516 136 Heights,
1112 5996 212 100 and
1400 5992 648 132 Yorktown,
2116 5996 144 136 by
2328 5992 516 104 Kenneth
2916 5996 500 104 Roberts.
3560 5996 452 104 Garden
4092 6004 84 92 C
4192 6000 192 136 ity,

528 6148 128 100 N.
716 6148 172 128 Y.,
932 6144 688 132 Doubleday,
1668 6144 380 104 Doran
2096 6148 88 96 &
2228 6180 572 100 company,
2852 6148 244 108 inc.,
3152 6156 288 96 1930.

652 6304 52 72 4
760 6324 88 72 p.
896 6300 36 72 l
936 6356 48 32 .,
1040 6300 280 76 3-618
1372 6316 84 76 p.
1564 6296 572 88 20ͨͫ.

660 6408 312 80 "First
1036 6404 440 80 edition."

656 6520 268 92 Maps
980 6536 116 56 on
1156 6516 704 92 lining-papers.

536 6620 92 96 ©
684 6628 212 76 Jan.
948 6624 132 92 10,
1132 6624 272 88 1930;
1456 6624 48 76 2
1504 6644 80 60 c.
1636 6624 180 76 and
1884 6624 128 100 aff
2016 6684 12 16 .
2080 6624 212 76 Jan.
2344 6624 160 88 24;
2560 6624 76 76 A
2688 6624 104 76 19
2796 6624 60 76 2
2852 6628 52 72 4
2912 6624 112 104 0;
3072 6628 112 72 K.
3244 6628 424 84 Roberts.
3724 6628 120 80 Di
3900 6628 184 80 Gro
4088 6648 48 60 s
4144 6636 228 88 seta,

664 6736 280 92 Italy.
1076 6732 96 96 (3
1176 6752 56 72 0
1240 6776 36 8 -
1280 6756 52 72 3
1348 6732 212 92 872)
4036 6736 112 84 58
4160 6736 52 84 0

520 6888 660 124 Rochester,
1244 6888 144 100 N.
1456 6888 136 100 Y.
1736 6888 400 100 School
2204 6888 128 100 of
2396 6888 468 100 modern
2932 6888 824 124 kindergarten
3828 6892 552 124 training,

652 7036 216 108 inc.

648 7188 288 100 How
1004 7196 112 92 to
1184 7192 280 96 start
1528 7184 220 104 and
1812 7188 244 100 how
2120 7196 116 92 to
2304 7188 460 128 develop
2832 7224 280 96 your
3176 7224 244 64 own
3492 7192 264 132 play
3828 7228 356 96 group
4256 7228 128 68 or

524 7336 428 128 private
1032 7332 848 132 kindergarten;
1968 7372 60 64 a
2112 7332 532 136 practical
2732 7332 332 136 guide
3144 7352 112 88 to
3344 7336 728 136 establishing
4160 7344 220 100 and

516 7476 584 140 operating
1176 7520 60 64 a
1312 7480 580 132 profitable
1972 7484 260 136 play
2308 7520 360 100 group
2740 7520 124 64 or
2940 7488 432 128 private
3452 7488 916 136 kindergarten-
