4800 8268
2156 7716 192 100 143

320 668 428 120 Tuttle,
804 664 436 108 Wilbur
1300 664 120 108 C.

452 812 240 104 The
760 820 192 96 red
1020 812 284 104 head
1372 812 296 100 from
1744 808 236 108 Sun
2048 812 284 128 Dog.
2404 808 148 132 by
2620 808 176 100 W.
2868 804 120 108 C.
3064 808 384 100 Tuttle
3528 820 68 108 …
3788 808 416 100 Boston

320 968 216 100 and
608 964 272 100 New
952 960 348 120 York,
1364 960 624 136 Houghton
2060 964 120 96 M
2188 956 264 124 ifflin
2524 988 580 100 company,
3184 960 288 96 1930.

456 1120 52 80 3
572 1144 80 72 p.
712 1112 40 76 l
752 1180 48 28 .,
856 1120 192 92 290,
1144 1112 120 96 [1]
1288 1140 80 72 p.
1488 1116 596 92 19½ͨͫ.

344 1224 92 100 ©
496 1232 216 80 Feb.
764 1232 80 84 7.
900 1232 48 76 1
956 1232 56 72 9
1012 1232 52 72 3
1072 1228 56 80 0
1156 1252 20 60 :
1236 1232 128 76 2c.
1424 1232 216 72 Feb.
1700 1228 48 76 1
1756 1232 48 72 1
1828 1240 28 68 :
1924 1228 156 76 aff.
2144 1228 212 76 Feb.
2420 1228 96 80 8;
2584 1224 80 76 A
2720 1220 332 96 18596;
3116 1224 140 80 W.
3316 1220 96 84 C.
3472 1224 352 92 Tuttle,
3884 1224 88 76 H
3984 1244 48 48 o
4040 1228 164 84 lly-

464 1344 292 80 wood.
812 1340 284 80 Calif.
1224 1340 28 80 (
1268 1340 52 80 3
1328 1336 384 88 0-4658)
3848 1328 52 84 8
3912 1328 112 84 99

324 1520 184 108 Uh
520 1524 32 100 l
560 1552 156 96 er,
772 1520 300 104 John
1128 1520 376 128 Earle,
1564 1528 160 100 ed.

456 1672 236 100 The
768 1672 236 100 best
1084 1672 640 132 eighteenth
1808 1684 464 120 century
2348 1672 596 128 comedies;
3032 1668 272 104 with
3388 1684 600 88 comments
4072 1708 136 64 on

320 1824 188 100 the
576 1824 388 100 drama
1032 1824 220 100 and
1324 1820 188 104 the
1580 1820 648 104 dramatists
2300 1820 124 104 of
2488 1824 192 100 the
2748 1820 428 132 period,
3248 1820 372 104 edited
3688 1820 156 132 by
3908 1820 300 104 John

320 1972 336 100 Earle
720 1972 356 104 Uhler
1156 1980 68 104 …
1396 1972 272 100 New
1732 1972 352 120 York,
2148 1972 136 100 A.
2356 1972 132 100 A.
2552 1972 444 132 Knopf,
3064 1976 292 96 1929.

456 2152 56 52 v
520 2128 32 76 i
556 2128 28 76 i
596 2128 32 76 i
680 2152 112 72 p.,
844 2128 60 76 2
952 2124 32 76 l
992 2188 44 36 .,
1088 2128 176 80 480
1312 2152 88 72 p.
1516 2128 252 80 illus.
1880 2128 600 84 21ͨͫ.

460 2236 456 80 Contains
972 2236 668 96 reproduction
1696 2236 100 76 of
1852 2236 408 80 original
2316 2240 488 92 title-page
2860 2236 104 80 of
3016 2236 232 80 each
3308 2236 104 76 of
3464 2240 164 72 the
3684 2236 184 80 five
3920 2236 296 96 plays.

464 2348 440 80 Includes
956 2344 324 84 music.

464 2456 732 92 Bibliography:
1252 2476 84 72 p.
1380 2456 172 80 472
1552 2500 52 12 –
1608 2456 112 80 47
1724 2456 52 80 3
1812 2476 20 64 :
1888 2456 492 92 "Reading
2420 2456 168 80 list
2640 2456 100 76 of
2792 2456 544 92 eighteenth
3392 2460 396 88 century
3844 2452 372 96 plays":

328 2588 84 72 p.
464 2564 428 80 460–461.

468 2672 68 80 C
540 2680 56 64 O
600 2692 68 60 N
676 2692 244 60 TENT
968 2680 48 64 S
988 2736 16 16 .
1044 2676 176 76 —M
1228 2672 88 80 ai
1328 2696 64 56 n
1444 2680 432 72 currents
1936 2672 96 80 in
2092 2672 544 80 eighteenth
2692 2680 396 84 century
3148 2672 684 80 drama.-The
3884 2672 336 80 beaux'

328 2788 552 88 stratagem,
948 2780 120 96 by
1136 2780 360 96 George
1564 2780 852 96 Farquhar.—The
2484 2776 424 100 beggar's
2980 2800 312 72 opera,
3364 2780 116 92 by
3556 2780 252 80 John
3880 2780 348 92 Gay.—

332 2888 188 84 She
604 2896 316 88 stoops
1004 2896 96 76 to
1184 2912 432 72 conquer,
1704 2892 120 92 by
1908 2888 320 84 Oliver
2320 2888 556 80 Goldsmith.
2912 2888 348 80 —The
3340 2888 324 92 rivals,
3752 2892 188 76 and
4028 2888 200 80 The

328 3000 320 76 school
712 2996 156 84 for
932 3004 412 76 scandal,
1424 3004 116 88 by
1608 3000 108 76 R.
1788 3004 104 76 B.
1972 3000 908 80 Sheridan.—Notes
2948 3000 188 76 and
3208 2996 596 96 suggestions
3876 3020 48 48 o
3932 3020 60 56 n
4064 3000 164 76 the

328 3104 300 96 plays.

336 3212 96 96 ©
508 3220 204 76 Oct.
776 3224 52 76 3
836 3220 80 92 0,
988 3220 164 76 192
1152 3220 60 72 9
1232 3236 28 68 ;
1332 3224 128 72 2c.
1536 3224 212 76 Jan.
1820 3220 136 96 27,
2028 3220 48 76 1
2096 3224 36 60 9
2140 3220 112 76 30
2284 3244 16 64 ;
2380 3220 160 80 aff.
2612 3220 216 76 Jan.
2900 3220 160 88 28;
3140 3220 80 76 A
3284 3220 168 72 192
3460 3220 48 76 3
3516 3220 104 88 7;
3696 3216 336 80 Alfred
4104 3220 104 76 A.

472 3328 280 96 Knop
756 3328 44 76 f
804 3392 16 32 ,
884 3328 176 96 inc.
1180 3324 136 104 [©
1376 3352 208 56 new
1644 3336 376 88 matter]
2164 3332 28 92 (
2208 3328 120 80 30
2324 3368 40 44 -
2376 3328 276 96 4511)
3880 3320 172 84 900

328 3484 520 124 Upshall,
908 3484 476 108 Charles
1444 3488 336 120 Cecil,
1840 3500 52 92 1
1904 3500 56 92 9
1972 3496 128 96 01
2104 3556 68 12 –

460 3636 256 132 Day
772 3640 424 100 schools
1256 3672 152 64 vs.
1468 3640 696 100 institutions
2224 3640 180 100 for
2460 3640 184 100 the
2700 3636 312 104 deaf:
3080 3676 64 64 a
3200 3636 484 104 detailed
3740 3632 488 136 analysis

328 3792 124 100 of
516 3796 416 100 certain
1004 3792 608 104 variations
1684 3800 112 96 in
1864 3796 180 100 the
2112 3796 504 100 abilities,
2696 3796 800 124 environment,
3568 3796 216 100 and
3856 3788 364 104 habits

328 3940 128 104 of
500 3944 264 104 deaf
812 3940 412 136 pupils,
1268 3944 272 104 with
1592 3980 140 68 an
1780 3944 628 104 evaluation
2464 3944 124 104 of
2632 3944 292 104 their
2976 3940 316 108 effect
3336 3976 140 72 on
3520 3944 696 104 educational

328 4092 780 108 achievement,
1180 4096 144 104 by
1396 4096 120 108 C.
1592 4096 120 108 C.
1792 4096 104 104 U
1900 4112 76 92 p
1980 4116 52 76 s
2040 4100 232 100 hall
2364 4100 64 108 …
2620 4096 264 100 New
2964 4096 316 100 York
3352 4132 56 64 c
3412 4096 196 132 ity,
3680 4096 540 104 Teachers

328 4244 444 132 college,
832 4244 580 108 Columbia
1472 4248 652 132 university.
2180 4252 296 100 1929.

460 4404 56 80 3
584 4424 84 72 p.
748 4396 32 76 l
784 4464 48 28 .,
904 4400 168 80 104
1144 4424 88 72 p.
1348 4404 352 92 diagrs.
1816 4404 52 76 2
1868 4404 540 88 3½ͨͫ
2084 4468 16 16 .
2236 4408 520 88 (Teachers
2828 4408 376 88 college,
3284 4400 492 84 Columbia
3860 4400 360 80 univer-

328 4508 216 96 sity.
664 4508 716 84 Contributions
1436 4520 96 72 to
1588 4516 528 88 education,
2172 4532 148 60 no.
2372 4512 220 92 389)

464 4616 516 84 Published
1040 4624 204 76 also
1308 4640 108 60 as
1480 4620 300 80 thesis
1836 4624 28 96 (
1880 4640 140 60 PH
2024 4684 20 16 .
2108 4644 80 56 D.
2212 4624 28 92 )
2324 4624 164 80 Col
2500 4644 52 56 u
2564 4620 248 80 mbia
2884 4624 556 92 university.

464 4728 740 80 "References":
1264 4752 88 72 p.
1408 4732 112 76 10
1524 4732 52 76 3
1580 4732 256 80 –104.

344 4832 96 96 ©
500 4840 216 76 Dec.
772 4840 136 92 10,
964 4840 276 92 1929;
1296 4840 128 80 2c.
1480 4840 212 80 Jan.
1748 4844 56 72 2
1804 4840 52 76 3
1860 4876 20 48 ,
1940 4844 56 76 1
1968 4840 80 80 9
2056 4840 112 76 30
2188 4856 24 68 :
2276 4840 156 76 aff.
2492 4844 216 76 Jan.
2764 4840 160 92 21;
2984 4840 84 76 A
3120 4840 224 80 1914
3348 4844 52 76 3
3436 4860 16 72 ;
3512 4840 476 76 Teachers
4040 4840 180 76 col-

472 4948 228 96 lege,
760 4948 484 80 Columbia
1308 4948 248 80 univ.
1696 4952 28 80 (
1740 4952 52 80 3
1800 4952 220 80 0-46
2024 4952 56 80 3
2084 4952 104 92 2)
3876 4944 176 84 901

332 5100 428 128 Walsh,
820 5108 124 100 M
944 5144 64 60 r
1008 5144 80 68 s.
1140 5104 412 104 Louise
1628 5108 752 124 (Gilchriese)

464 5252 476 132 History
1004 5256 216 100 and
1288 5256 772 132 organization
2128 5260 124 100 of
2320 5260 580 100 education
2972 5260 116 100 in
3152 5256 868 136 Pennsylvania,
4076 5256 148 132 by

328 5400 404 104 Louise
828 5404 616 108 Gilchriese
1532 5408 392 104 Walsh
1980 5404 64 112 …
2252 5412 216 100 and
2568 5408 544 104 Matthew
3208 5408 300 104 John
3604 5408 392 104 Walsh
4052 5404 64 112 …

328 5556 612 100 Published
1024 5560 144 132 by
1252 5560 184 100 the
1528 5560 484 100 authors.
2168 5560 520 132 Indiana,
2776 5564 232 104 Pa.,
3096 5560 472 100 Printed
3652 5560 148 132 by
3884 5560 132 100 R.
4112 5560 76 108 S
4204 5644 16 16 .

332 5704 404 108 Grosse
788 5708 312 132 print
1148 5708 316 132 shop,
1528 5716 292 96 1930.

464 5872 60 64 x
532 5868 120 92 vi,
724 5868 172 76 412
956 5888 84 72 p.
1160 5868 248 80 illus.
1468 5872 336 92 (port.)
1892 5872 348 92 diagrs.
2356 5868 600 84 22½ͨͫ.

472 5976 412 80 "Second
952 5976 384 96 edition,
1408 5980 304 76 1930."

472 6084 676 80 "References"
1208 6092 100 72 at
1360 6088 180 76 end
1596 6088 100 76 of
1748 6092 244 72 most
2048 6088 104 76 of
2200 6088 160 76 the
2416 6092 472 92 chapters.

352 6180 96 96 ©
516 6196 208 76 Jan.
788 6196 132 96 17,
988 6196 104 76 19
1100 6196 108 76 30
1244 6220 16 68 ;
1324 6196 132 80 2c.
1520 6200 212 72 Jan.
1796 6200 160 76 27:
2024 6196 160 80 aff.
2252 6200 212 80 Jan.
2528 6200 160 92 21;
2756 6200 84 76 A
2900 6200 332 92 19206;
3300 6200 100 80 L.
3468 6200 104 80 G.
3636 6200 332 80 Walsh
4036 6204 184 76 and

484 6308 460 76 Matthew
1016 6308 252 76 John
1340 6308 360 80 Walsh.
1780 6308 432 80 Indiana.
2292 6308 160 80 Pa.
2568 6300 160 100 [©
2804 6308 372 96 picture
3248 6308 104 80 of
3436 6308 376 80 Samuel
3888 6312 332 88 Breck,

480 6416 384 92 preface
908 6416 188 76 and
1148 6416 408 92 changes
1604 6416 96 76 in
1756 6424 92 72 te
1844 6420 60 64 x
1924 6408 112 88 t]
2120 6420 28 88 (
2164 6416 52 80 3
2224 6416 164 80 0-4
2396 6420 48 76 5
2452 6416 156 96 20)
3884 6416 176 84 902

340 6564 804 128 Washington,
1204 6572 480 124 George,
1744 6612 280 92 pres.
2100 6576 100 96 U
2208 6660 20 16 .
2296 6568 68 88 S
2384 6656 60 52 .,
2500 6580 264 100 1732
2768 6644 68 8 –
2844 6580 292 104 1799.

476 6720 108 100 A
664 6724 424 132 reprint
1168 6724 128 100 of
1372 6728 184 104 the
1636 6724 500 124 journals
2216 6728 128 104 of
2420 6728 432 132 George
2932 6724 740 136 Washington
3756 6736 216 96 and
4056 6732 172 104 his

336 6872 368 132 guide,
776 6868 732 136 Christopher
1568 6876 104 104 G
1676 6880 180 124 ist,
1920 6880 472 132 reciting
2448 6880 292 100 their
2800 6880 696 132 experiences
3556 6920 136 68 on
3760 6884 184 100 the
4004 6880 220 104 his-

340 7024 280 100 toric
696 7024 452 104 mission
1228 7028 296 100 from
1600 7028 580 104 Governor
2252 7028 684 132 Dinwiddie,
3016 7032 124 104 of
3212 7028 564 136 Virginia,
3848 7040 116 92 to
4044 7036 184 96 the

344 7172 432 104 French
880 7172 288 108 forts
1268 7180 112 100 in
1480 7180 1328 112 November-December,
2912 7180 296 104 1753.
3352 7180 608 136 Including
4056 7216 176 68 ex-

340 7336 364 120 cerpts
764 7324 296 100 from
1120 7328 184 104 the
1360 7328 508 128 writings
1928 7328 128 100 of
2108 7328 116 104 hi
2232 7348 52 72 s
2288 7332 428 104 torians
2776 7336 216 100 and
3052 7340 588 96 statesmen
3696 7368 116 68 as
3868 7344 112 92 to
4040 7332 188 104 the

348 7476 680 128 importance
1084 7480 124 100 of
1264 7480 184 100 the
1500 7480 484 100 mission,
2048 7484 140 96 its
2252 7484 392 96 results
2704 7484 216 104 and
2976 7520 52 64 e
3036 7480 84 92 ff
3128 7492 164 92 ect
3348 7516 140 72 on
3544 7484 184 104 the
3788 7480 440 108 world's
