4920 8268
700 688 432 124 Morey,
1188 684 1136 124 Lloyd-Continued

828 844 124 92 xi,
1032 844 168 76 323
1280 864 88 72 p.
1484 844 276 92 illus.,
1836 844 300 92 diagr.
2252 844 600 88 23½ͨͫ.
2672 844 284 96 (Half
2964 892 28 8 -
3000 848 36 72 t
3048 848 28 72 i
3084 848 72 72 tl
3160 868 92 56 e:
3336 848 196 72 The
3616 844 300 96 Wiley
4000 848 564 96 accounting

692 952 316 96 series,
1064 956 140 76 ed.
1260 956 116 92 by
1428 952 116 76 H.
1596 956 104 76 T.
1760 952 392 88 Scovill)
2388 952 256 96 $6.00

828 1064 732 76 "References":
1616 1084 80 72 p.
1752 1060 428 84 319-320.

704 1160 96 92 ©
864 1172 240 80 Mar.
1164 1172 80 96 5,
1304 1172 276 92 1930;
1644 1172 132 84 2c.
1844 1176 232 76 Mar.
2144 1172 100 92 8;
2312 1172 160 80 aff.
2532 1168 244 84 Mar.
2840 1176 100 88 7;
3012 1172 84 80 A
3148 1172 52 80 2
3208 1172 56 80 0
3268 1176 216 92 188;
3556 1176 96 76 L.
3720 1180 352 88 Morey,
4140 1176 408 92 Urbana,

832 1284 44 76 I
884 1288 64 72 ll
960 1348 16 12 .
1112 1280 484 96 (30-8257)
4156 1280 236 84 2649

700 1436 604 128 Morrison,
1356 1436 404 124 Henry
1816 1436 488 124 Clinton,
2364 1444 336 100 1871-

836 1588 396 108 School
1316 1624 460 72 revenue
1828 1592 240 132 [by]
2160 1592 396 132 Henry
2636 1592 116 104 C.
2832 1588 564 108 Morrison
3456 1608 68 108 …
3748 1592 520 132 Chicago,
4348 1592 220 136 Ill.,

700 1744 228 100 The
984 1744 648 132 University
1688 1744 124 100 of
1868 1740 484 136 Chicago
2408 1776 304 100 press
2772 1748 232 96 [193
3016 1748 60 92 0

820 1904 88 84 x,
960 1896 164 80 242
1176 1916 84 72 p.
1376 1896 300 92 diagr.
1788 1896 540 84 23ͨͫ.

828 2008 480 88 "Reading
1376 2004 580 80 references"
2028 2012 96 72 at
2196 2008 176 76 end
2444 2004 100 76 of
2608 2012 244 72 most
2916 2008 100 76 of
3084 2008 160 76 the
3308 2008 472 92 chapters.

696 2116 96 88 ©
852 2116 220 84 Feb.
1124 2116 136 96 22,
1316 2116 112 76 19
1432 2116 112 76 30
1572 2136 16 72 ;
1648 2116 132 88 2c.
1836 2116 184 76 and
2080 2116 164 80 aff.
2300 2120 236 76 Mar.
2592 2116 160 92 13;
2812 2116 80 76 A
2948 2116 332 92 21050;
3348 2116 548 96 University
3952 2120 104 80 of
4112 2116 436 96 Chicago,

828 2224 432 96 Chicago.
1396 2224 488 100 (30-8254)
4156 2224 240 84 2650

700 2384 388 124 Munn,
1148 2380 360 108 Glenn
1568 2380 132 112 G.

820 2528 496 140 Meeting
1388 2532 188 104 the
1644 2536 264 100 bear
1980 2532 484 132 market;
2544 2536 244 100 how
2864 2540 112 92 to
3052 2568 468 96 prepare
3600 2536 184 100 for
3852 2536 184 100 the
4112 2536 444 136 coming

688 2680 228 108 bull
980 2680 460 132 market,
1508 2680 144 136 by
1720 2680 368 108 Glenn
2152 2684 136 108 G.
2352 2684 360 100 Munn
2792 2692 76 112 …
3048 2684 264 104 New
3384 2684 320 104 York
3768 2684 220 104 and
4052 2684 504 136 London,

684 2836 448 128 Harper
1176 2840 96 96 &
1316 2832 536 136 brothers,
1908 2840 292 96 1930.

816 2992 164 76 viii
1036 3016 112 72 p.,
1200 2992 52 76 2
1304 2996 88 84 1.,
1440 2992 172 76 276
1664 3012 84 72 p.
1860 2988 352 96 diagrs.
2328 2992 48 76 1
2384 2988 448 88 9ͨͫ
2532 3052 20 16 .

820 3100 312 84 "First
1184 3100 436 80 edition."

692 3208 92 88 ©
848 3216 100 80 M
948 3232 140 60 ar.
1140 3216 48 72 1
1200 3212 56 80 9
1260 3272 12 32 ,
1332 3208 272 96 1930;
1664 3212 132 80 2c.
1852 3212 236 76 Mar.
2148 3212 156 84 18;
2368 3212 160 84 aff.
2584 3212 240 76 Mar.
2876 3208 164 92 21;
3100 3212 80 72 A
3236 3208 332 96 20451;
3632 3212 380 92 Harper
4068 3212 68 76 &
4192 3212 248 76 bros.

840 3320 324 96 (30-83
1164 3340 56 76 0
1228 3320 100 92 8)
4148 3316 236 84 2651

688 3476 276 104 New
1020 3476 312 104 York
1412 3476 372 140 (City)
1944 3476 736 132 Department
2736 3480 124 132 of
2916 3476 568 132 hospitals.

868 3628 68 112 …
1004 3628 232 100 The
1296 3624 524 104 Bellevue
1876 3624 488 132 hospital
2420 3624 820 100 nomenclature
3300 3620 124 104 of
3484 3620 472 108 diseases
4020 3628 204 100 and
4300 3660 244 68 con-

680 3776 464 128 ditions;
1240 3772 424 104 revised
1752 3772 144 136 by
1980 3772 192 104 the
2260 3772 660 108 Committee
3004 3808 140 64 on
3232 3772 444 104 clinical
3768 3776 488 124 records;
4360 3808 188 100 ap-

680 3924 412 132 proved
1176 3924 144 136 by
1412 3924 200 104 Dr.
1704 3920 508 108 William
2304 3920 644 128 Schroeder,
3036 3920 176 136 jr.,
3300 3920 856 128 commissioner,
4256 3932 288 96 1929.

676 4076 268 104 New
1000 4072 348 132 York,
1404 4072 284 100 Paul
1748 4076 128 96 B.
1932 4072 480 136 Hoeber,
2464 4072 212 104 inc.
2744 4076 328 128 [1930]

812 4232 192 92 viii,
1064 4228 164 84 232
1288 4252 80 72 p.
1488 4228 560 88 16½ͨͫ.

816 4340 368 80 Earlier
1248 4340 412 76 editions
1728 4360 164 56 are
1964 4340 292 76 under
2328 4340 228 76 New
2628 4340 252 76 York
2968 4336 312 96 (City)
3412 4340 448 76 Trustees
3936 4340 100 80 of
4104 4340 448 80 Bellevue

676 4448 184 76 and
924 4448 284 80 allied
1272 4448 492 92 hospitals.

692 4552 96 100 ©
856 4560 216 80 Feb.
1136 4560 132 92 18,
1332 4556 272 92 1930;
1672 4556 128 80 2c.
1872 4556 212 80 Feb.
2148 4556 164 92 20;
2380 4556 100 80 af
2464 4556 52 76 f
2524 4624 12 12 .
2604 4556 216 80 Feb.
2884 4556 164 92 27;
3120 4556 76 76 A
3264 4556 328 92 19776;
3664 4560 236 76 Paul
3972 4564 100 72 B.
4144 4560 396 92 Hoeber,

820 4668 176 80 inc.
1128 4664 492 96 (30-8228)
4148 4664 240 84 2652

688 4820 432 128 Pascal,
1180 4824 460 104 Ernest.

820 4976 236 104 The
1112 5012 200 96 age
1368 4976 184 100 for
1604 4976 240 104 love
1908 4976 180 132 [by
2192 4976 404 104 Ernest
2652 4972 424 104 Pascal.
3220 4976 272 100 New
3552 4976 348 132 York,
3956 4976 600 128 Harcourt,

692 5128 340 100 Brace
1092 5128 212 100 and
1364 5160 544 100 company
1976 5128 136 112 [ͨ1
2112 5128 232 128 930]

808 5276 52 80 5
920 5300 84 72 p.
1056 5280 88 92 1.,
1204 5276 164 80 3-2
1376 5276 52 80 9
1436 5276 48 80 1
1544 5300 84 72 p.
1744 5284 44 72 1
1800 5276 504 88 9½ͨͫ
2012 5344 16 16 .

808 5388 316 80 "First
1188 5384 440 84 edition."

688 5496 92 88 ©
848 5500 232 76 Mar.
1136 5500 48 76 2
1192 5500 56 76 0
1256 5560 16 32 ,
1328 5500 112 76 19
1444 5500 112 76 30
1580 5516 20 72 ;
1664 5500 48 72 2
1716 5512 44 68 c
1776 5560 16 16 .
1852 5500 184 76 and
2096 5500 156 76 aff.
2312 5500 236 80 Mar.
2608 5500 156 88 24;
2832 5500 80 76 A
2964 5496 332 92 20506;
3364 5500 100 76 E.
3528 5500 360 92 Pascal,
3952 5500 584 92 Hollywood,

820 5608 280 76 Calif.
1232 5608 484 92 (30-8163)
4120 5604 236 84 2653

688 5760 416 124 Payne,
1160 5764 388 100 Enoch
1608 5760 476 128 George,
2144 5764 328 108 1877-

808 5908 236 104 The
1116 5920 304 124 story
1496 5908 124 104 of
1696 5908 524 128 aviation,
2296 5912 144 132 by
2520 5912 128 104 E.
2720 5912 432 132 George
3228 5912 380 132 Payne
3688 5912 68 108 …
3884 5912 220 104 and
4180 5912 148 100 H.
4408 5908 132 100 R.

680 6064 508 96 Barrows
1268 6068 64 104 …
1572 6060 272 100 New
1936 6064 348 116 York,
2376 6060 596 104 American
3064 6060 604 132 viewpoint
3760 6060 444 132 society,
4300 6060 240 128 inc.,

676 6220 288 92 1930.

808 6372 160 76 232
1024 6392 84 72 p.
1160 6368 32 80 i
1200 6392 60 56 n
1268 6372 76 76 cl
1356 6432 16 16 .
1428 6368 320 96 front.,
1800 6368 252 80 illus.
2164 6368 476 88 20ͨͫ.

812 6480 312 76 "First
1196 6480 96 76 of
1364 6480 156 76 the
1592 6476 292 80 series
1944 6476 52 88 …
2132 6476 496 96 providing
2696 6480 368 92 subject
3132 6484 348 72 matter
3548 6476 152 80 for
3772 6484 128 72 all
3976 6480 156 76 the
4196 6484 344 88 grades

676 6584 376 96 making
1108 6608 52 56 a
1224 6592 452 88 complete
1736 6592 144 72 set
1936 6588 104 76 of
2096 6592 380 72 readers
2540 6608 116 56 on
2716 6592 488 88 transport
3208 6608 48 56 a
3272 6584 660 80 tion."-Pref.

684 6692 96 92 ©
844 6700 212 76 Jan.
1116 6696 132 92 23,
1312 6696 272 80 1930;
1648 6696 128 80 2c.
1840 6700 188 72 and
2088 6692 96 80 af
2168 6692 56 80 f
2232 6756 12 16 .
2312 6700 236 72 Mar.
2608 6696 164 88 18;
2836 6696 80 76 A
2976 6692 328 96 21198;
3372 6696 308 76 Amer.
3748 6696 504 92 viewpoint
4316 6712 212 80 soc.,

812 6808 176 76 inc.
1120 6804 484 92 (30-8144)
4132 6800 232 84 2654

680 6932 552 124 Pittman,
1284 6932 400 120 Henry
1736 6932 540 108 Herbert.

812 7088 428 128 Poems,
1284 7084 144 132 by
1476 7084 484 100 Herbert
2008 7084 536 100 Pittman.
2700 7148 24 64 [
2732 7084 108 100 A
2844 7084 40 100 l
2888 7084 328 136 bany,
3264 7084 108 104 J.
3424 7088 128 104 B.
3600 7084 316 136 Lyon
3964 7116 580 104 company,

680 7232 480 132 printers
1268 7236 292 100 1930.

800 7388 52 76 3
908 7408 88 72 p.
1044 7380 88 100 1.,
1192 7388 168 76 106
1416 7408 80 72 p.
1612 7384 564 88 20½ͨͫ.

680 7480 100 92 ©
840 7500 236 76 Mar.
1136 7500 128 88 18,
1324 7496 112 80 19
1436 7496 52 80 3
1496 7496 100 88 0;
1656 7496 132 80 2c.
1844 7500 188 76 and
2088 7496 160 80 af.
2308 7500 232 76 Mar.
2604 7496 160 92 19;
2824 7496 80 76 A
2960 7496 332 88 20391;
3356 7500 116 76 H.
3532 7500 120 80 H.
3712 7496 448 88 Pittman,
4224 7496 76 76 E
4304 7496 28 72 l
4344 7496 180 76 iza-

808 7604 500 92 bethtown,
1364 7604 108 84 N.
1528 7608 104 76 Y.
1768 7604 488 96 (30-8286)
4124 7600 228 84 2655

2464 7708 192 100 402
