<?xml version="1.0"?>
<alto xmlns="http://www.loc.gov/standards/alto/ns-v2#" xmlns:xlink="http://www.w3.org/1999/xlink" xmlns:xsi="http://www.w3.org/2001/XMLSchema-instance" xsi:schemaLocation="http://www.loc.gov/standards/alto/ns-v2# http://www.loc.gov/standards/alto/alto-v2.0.xsd">
	<Description>
		<MeasurementUnit>inch1200</MeasurementUnit>
		<sourceImageInformation>
			<fileIdentifier>catalogofcopyri271libr_001-2321.pdf_Page_0089.jpg</fileIdentifier>
		</sourceImageInformation>
		<OCRProcessing ID="OCR1">
			<ocrProcessingStep>
				<processingDateTime>2018-04-21T12:02:44</processingDateTime>
				<processingAgency>Data Conversion Laboratory</processingAgency>
				<processingSoftware>
					<softwareCreator>Prime</softwareCreator>
					<softwareName>Prime OCR</softwareName>
					<softwareVersion>4.40</softwareVersion>
				</processingSoftware>
			</ocrProcessingStep>
			<postProcessingStep>
				<processingDateTime>2018-04-25T17:36:42</processingDateTime>
				<processingAgency>Data Conversion Laboratory</processingAgency>
				<processingStepDescription>PRO -&gt; ALTO</processingStepDescription>
				<processingSoftware>
					<softwareCreator>Data Conversion Laboratory</softwareCreator>
					<softwareName>pro2alto.2018.02.27</softwareName>
					<softwareVersion>2.0</softwareVersion>
				</processingSoftware>
			</postProcessingStep>
		</OCRProcessing>
	</Description>
<Styles>
		<TextStyle ID="Style_1" FONTSIZE="8" FONTTYPE="serif" FONTWIDTH="proportional" FONTSTYLE="bold"/>
		<TextStyle ID="Style_2" FONTSIZE="9" FONTTYPE="serif" FONTWIDTH="proportional" FONTSTYLE="bold"/>
		<TextStyle ID="Style_3" FONTSIZE="8" FONTTYPE="serif" FONTWIDTH="proportional"/>
		<TextStyle ID="Style_4" FONTSIZE="7" FONTTYPE="serif" FONTWIDTH="proportional" FONTSTYLE="bold"/>
		<TextStyle ID="Style_5" FONTSIZE="6" FONTTYPE="serif" FONTWIDTH="proportional" FONTSTYLE="bold"/>
		<TextStyle ID="Style_6" FONTSIZE="6" FONTTYPE="serif" FONTWIDTH="proportional"/>
		<TextStyle ID="Style_7" FONTSIZE="7" FONTTYPE="serif" FONTWIDTH="proportional"/>
		<TextStyle ID="Style_8" FONTSIZE="10" FONTTYPE="serif" FONTWIDTH="proportional" FONTSTYLE="bold"/>
		<TextStyle ID="Style_9" FONTSIZE="8" FONTTYPE="serif" FONTWIDTH="proportional" FONTSTYLE="italics"/>
		<TextStyle ID="Style_10" FONTSIZE="10" FONTTYPE="serif" FONTWIDTH="proportional" FONTSTYLE="italics"/>
		<TextStyle ID="Style_11" FONTSIZE="7" FONTTYPE="sans-serif" FONTWIDTH="fixed" FONTSTYLE="bold underline superscript subscript"/>
		<TextStyle ID="Style_12" FONTSIZE="6" FONTTYPE="sans-serif" FONTWIDTH="fixed" FONTSTYLE="bold underline superscript subscript"/>
		<TextStyle ID="Style_13" FONTSIZE="9" FONTTYPE="serif" FONTWIDTH="proportional"/>
		<TextStyle ID="Style_14" FONTSIZE="5" FONTTYPE="sans-serif" FONTWIDTH="fixed" FONTSTYLE="bold underline superscript subscript"/>
		<TextStyle ID="Style_15" FONTSIZE="10" FONTTYPE="serif" FONTWIDTH="proportional"/>
		<TextStyle ID="Style_16" FONTSIZE="7" FONTTYPE="serif" FONTWIDTH="proportional" FONTSTYLE="bold italics"/>
		<TextStyle ID="Style_17" FONTSIZE="6" FONTTYPE="serif" FONTWIDTH="proportional" FONTSTYLE="bold italics"/>
	</Styles>
	<Layout>
		<Page ID="Page_1" PHYSICAL_IMG_NR="1" HEIGHT="8268" WIDTH="4800">
			<PrintSpace ID="PS_1" HPOS="0" VPOS="0" HEIGHT="8268" WIDTH="4800">
				<TextBlock ID="TB_1.1" HPOS="2176" VPOS="7744" WIDTH="444" HEIGHT="200">
					<TextLine ID="TL_1.1.1" HPOS="2320" VPOS="7792" HEIGHT="92" WIDTH="128">
						<String CONTENT="89" ID="St_1.1.1.1" HPOS="2320" VPOS="7792" HEIGHT="92" WIDTH="128" STYLEREFS="Style_1" WC="0.888888888888889" CC="11"/>
					</TextLine>
				</TextBlock>
				<TextBlock ID="TB_1.2" HPOS="164" VPOS="636" WIDTH="4328" HEIGHT="7088">
					<TextLine ID="TL_1.2.1" HPOS="380" VPOS="700" HEIGHT="124" WIDTH="1880">
						<String CONTENT="MacC" ID="St_1.2.1.1" HPOS="380" VPOS="704" HEIGHT="104" WIDTH="344" STYLEREFS="Style_1" WC="1" CC="0000"/>
						<String CONTENT="l" ID="St_1.2.1.2" HPOS="732" VPOS="700" HEIGHT="100" WIDTH="32" STYLEREFS="Style_2" WC="1" CC="0"/>
						<String CONTENT="ure," ID="St_1.2.1.3" HPOS="776" VPOS="732" HEIGHT="92" WIDTH="236" STYLEREFS="Style_2" WC="1" CC="0000"/>
						<SP ID="SP_1.2.1.4" HPOS="996" VPOS="748" WIDTH="48"/>
						<String CONTENT="Victor-Continued" ID="St_1.2.1.5" HPOS="1080" VPOS="700" HEIGHT="108" WIDTH="1180" STYLEREFS="Style_3" WC="1" CC="0000000000000000"/>
					</TextLine>
					<TextLine ID="TL_1.2.2" HPOS="500" VPOS="856" HEIGHT="112" WIDTH="1460">
						<String CONTENT="4" ID="St_1.2.2.1" HPOS="500" VPOS="868" HEIGHT="72" WIDTH="56" STYLEREFS="Style_4" WC="0.888888888888889" CC="1"/>
						<SP ID="SP_1.2.2.2" HPOS="524" VPOS="876" WIDTH="64"/>
						<String CONTENT="p." ID="St_1.2.2.3" HPOS="616" VPOS="884" HEIGHT="72" WIDTH="84" STYLEREFS="Style_4" WC="0.833333333333333" CC="40"/>
						<SP ID="SP_1.2.2.4" HPOS="684" VPOS="904" WIDTH="44"/>
						<String CONTENT="l" ID="St_1.2.2.5" HPOS="756" VPOS="864" HEIGHT="76" WIDTH="32" STYLEREFS="Style_4" WC="0.888888888888889" CC="0"/>
						<String CONTENT=".," ID="St_1.2.2.6" HPOS="796" VPOS="924" HEIGHT="32" WIDTH="48" STYLEREFS="Style_4" WC="0.916666666666667" CC="00"/>
						<SP ID="SP_1.2.2.7" HPOS="832" VPOS="904" WIDTH="40"/>
						<String CONTENT="302" ID="St_1.2.2.8" HPOS="900" VPOS="860" HEIGHT="80" WIDTH="164" STYLEREFS="Style_4" WC="0.944444444444444" CC="000"/>
						<SP ID="SP_1.2.2.9" HPOS="1036" VPOS="872" WIDTH="56"/>
						<String CONTENT="p." ID="St_1.2.2.10" HPOS="1124" VPOS="880" HEIGHT="72" WIDTH="84" STYLEREFS="Style_4" WC="0.955555555555556" CC="00"/>
						<SP ID="SP_1.2.2.11" HPOS="1196" VPOS="900" WIDTH="68"/>
						<String CONTENT="1" ID="St_1.2.2.12" HPOS="1324" VPOS="860" HEIGHT="72" WIDTH="48" STYLEREFS="Style_5" WC="0.941111111111111" CC="3"/>
						<String CONTENT="9&#x00BD;&#x0368;&#x036B;" ID="St_1.2.2.13" HPOS="1384" VPOS="856" HEIGHT="112" WIDTH="576" STYLEREFS="Style_5" WC="0.935555555555556" CC="3000"/>
						<String CONTENT="." ID="St_1.2.2.14" HPOS="1592" VPOS="920" HEIGHT="16" WIDTH="16" STYLEREFS="Style_5" WC="0.933333333333333" CC="1"/>
					</TextLine>
					<TextLine ID="TL_1.2.3" HPOS="392" VPOS="956" HEIGHT="108" WIDTH="3864">
						<String CONTENT="&#x00A9;" ID="St_1.2.3.1" HPOS="392" VPOS="956" HEIGHT="88" WIDTH="92" STYLEREFS="Style_5" WC="0.222222222222222" CC="7"/>
						<SP ID="SP_1.2.3.2" HPOS="440" VPOS="960" WIDTH="84"/>
						<String CONTENT="Jan." ID="St_1.2.3.3" HPOS="556" VPOS="976" HEIGHT="76" WIDTH="212" STYLEREFS="Style_5" WC="0.795555555555556" CC="3000"/>
						<SP ID="SP_1.2.3.4" HPOS="756" VPOS="1000" WIDTH="40"/>
						<String CONTENT="30," ID="St_1.2.3.5" HPOS="824" VPOS="968" HEIGHT="96" WIDTH="136" STYLEREFS="Style_5" WC="0.877777777777778" CC="000"/>
						<SP ID="SP_1.2.3.6" HPOS="948" VPOS="1000" WIDTH="40"/>
						<String CONTENT="1930;" ID="St_1.2.3.7" HPOS="1024" VPOS="968" HEIGHT="92" WIDTH="268" STYLEREFS="Style_5" WC="0.895555555555556" CC="04000"/>
						<SP ID="SP_1.2.3.8" HPOS="1280" VPOS="976" WIDTH="44"/>
						<String CONTENT="2c." ID="St_1.2.3.9" HPOS="1412" VPOS="968" HEIGHT="96" WIDTH="120" STYLEREFS="Style_6" WC="0.916666666666667" CC="000"/>
						<SP ID="SP_1.2.3.10" HPOS="1480" VPOS="996" WIDTH="40"/>
						<String CONTENT="and" ID="St_1.2.3.11" HPOS="1552" VPOS="968" HEIGHT="72" WIDTH="180" STYLEREFS="Style_7" WC="0.93" CC="000"/>
						<SP ID="SP_1.2.3.12" HPOS="1704" VPOS="968" WIDTH="56"/>
						<String CONTENT="aff." ID="St_1.2.3.13" HPOS="1796" VPOS="964" HEIGHT="80" WIDTH="160" STYLEREFS="Style_7" WC="0.942222222222222" CC="0000"/>
						<SP ID="SP_1.2.3.14" HPOS="1944" VPOS="996" WIDTH="40"/>
						<String CONTENT="Feb." ID="St_1.2.3.15" HPOS="2020" VPOS="964" HEIGHT="76" WIDTH="216" STYLEREFS="Style_7" WC="0.95" CC="0000"/>
						<SP ID="SP_1.2.3.16" HPOS="2224" VPOS="996" WIDTH="40"/>
						<String CONTENT="1;" ID="St_1.2.3.17" HPOS="2300" VPOS="964" HEIGHT="88" WIDTH="100" STYLEREFS="Style_7" WC="0.954444444444444" CC="00"/>
						<SP ID="SP_1.2.3.18" HPOS="2388" VPOS="972" WIDTH="44"/>
						<String CONTENT="A" ID="St_1.2.3.19" HPOS="2468" VPOS="960" HEIGHT="76" WIDTH="80" STYLEREFS="Style_7" WC="0.956666666666667" CC="0"/>
						<SP ID="SP_1.2.3.20" HPOS="2504" VPOS="964" WIDTH="72"/>
						<String CONTENT="18451;" ID="St_1.2.3.21" HPOS="2608" VPOS="960" HEIGHT="88" WIDTH="328" STYLEREFS="Style_7" WC="0.951111111111111" CC="050000"/>
						<SP ID="SP_1.2.3.22" HPOS="2924" VPOS="972" WIDTH="48"/>
						<String CONTENT="William" ID="St_1.2.3.23" HPOS="3008" VPOS="956" HEIGHT="80" WIDTH="420" STYLEREFS="Style_7" WC="0.957777777777778" CC="0000000"/>
						<SP ID="SP_1.2.3.24" HPOS="3380" VPOS="972" WIDTH="76"/>
						<String CONTENT="Morrow" ID="St_1.2.3.25" HPOS="3492" VPOS="956" HEIGHT="80" WIDTH="408" STYLEREFS="Style_7" WC="0.963333333333333" CC="000000"/>
						<SP ID="SP_1.2.3.26" HPOS="3856" VPOS="972" WIDTH="72"/>
						<String CONTENT="&amp;" ID="St_1.2.3.27" HPOS="3964" VPOS="960" HEIGHT="76" WIDTH="64" STYLEREFS="Style_7" WC="0.956666666666667" CC="4"/>
						<SP ID="SP_1.2.3.28" HPOS="3996" VPOS="960" WIDTH="64"/>
						<String CONTENT="co.," ID="St_1.2.3.29" HPOS="4096" VPOS="976" HEIGHT="72" WIDTH="160" STYLEREFS="Style_7" WC="0.96" CC="0000"/>
					</TextLine>
					<TextLine ID="TL_1.2.4" HPOS="516" VPOS="1060" HEIGHT="112" WIDTH="3576">
						<String CONTENT="inc." ID="St_1.2.4.1" HPOS="516" VPOS="1084" HEIGHT="76" WIDTH="180" STYLEREFS="Style_7" WC="0.833333333333333" CC="1140"/>
						<SP ID="SP_1.2.4.2" HPOS="684" VPOS="1112" WIDTH="80"/>
						<String CONTENT="(30-" ID="St_1.2.4.3" HPOS="832" VPOS="1080" HEIGHT="92" WIDTH="208" STYLEREFS="Style_7" WC="0.925555555555556" CC="0000"/>
						<String CONTENT="3" ID="St_1.2.4.4" HPOS="1044" VPOS="1080" HEIGHT="76" WIDTH="56" STYLEREFS="Style_7" WC="0.888888888888889" CC="4"/>
						<String CONTENT="951)" ID="St_1.2.4.5" HPOS="1104" VPOS="1076" HEIGHT="84" WIDTH="216" STYLEREFS="Style_7" WC="0.92" CC="0000"/>
						<SP ID="SP_1.2.4.6" HPOS="1304" VPOS="1080" WIDTH="2616"/>
						<String CONTENT="558" ID="St_1.2.4.7" HPOS="3920" VPOS="1060" HEIGHT="80" WIDTH="172" STYLEREFS="Style_7" WC="0.672222222222222" CC="000"/>
					</TextLine>
					<TextLine ID="TL_1.2.5" HPOS="376" VPOS="1264" HEIGHT="124" WIDTH="1648">
						<String CONTENT="Mc" ID="St_1.2.5.1" HPOS="376" VPOS="1268" HEIGHT="100" WIDTH="176" STYLEREFS="Style_7" WC="0.888888888888889" CC="11"/>
						<String CONTENT="S" ID="St_1.2.5.2" HPOS="568" VPOS="1268" HEIGHT="96" WIDTH="76" STYLEREFS="Style_8" WC="0.74" CC="5"/>
						<String CONTENT="kimmon," ID="St_1.2.5.3" HPOS="644" VPOS="1264" HEIGHT="120" WIDTH="544" STYLEREFS="Style_8" WC="0.922222222222222" CC="0000000"/>
						<SP ID="SP_1.2.5.4" HPOS="1172" VPOS="1304" WIDTH="48"/>
						<String CONTENT="Mary," ID="St_1.2.5.5" HPOS="1248" VPOS="1264" HEIGHT="116" WIDTH="368" STYLEREFS="Style_8" WC="0.951111111111111" CC="00000"/>
						<SP ID="SP_1.2.5.6" HPOS="1600" VPOS="1300" WIDTH="44"/>
						<String CONTENT="co" ID="St_1.2.5.7" HPOS="1680" VPOS="1292" HEIGHT="72" WIDTH="116" STYLEREFS="Style_9" WC="0.958888888888889" CC="00"/>
						<String CONTENT="m" ID="St_1.2.5.8" HPOS="1804" VPOS="1292" HEIGHT="68" WIDTH="108" STYLEREFS="Style_10" WC="0.938888888888889" CC="4"/>
						<String CONTENT="p." ID="St_1.2.5.9" HPOS="1916" VPOS="1292" HEIGHT="96" WIDTH="108" STYLEREFS="Style_10" WC="0.933333333333333" CC="11"/>
					</TextLine>
					<TextLine ID="TL_1.2.6" HPOS="608" VPOS="1400" HEIGHT="140" WIDTH="3660">
						<String CONTENT="&#x0085;" ID="St_1.2.6.1" HPOS="608" VPOS="1416" HEIGHT="112" WIDTH="60" STYLEREFS="Style_10" WC="1" CC="0"/>
						<SP ID="SP_1.2.6.2" HPOS="624" VPOS="1476" WIDTH="56"/>
						<String CONTENT="This" ID="St_1.2.6.3" HPOS="728" VPOS="1412" HEIGHT="104" WIDTH="272" STYLEREFS="Style_10" WC="1" CC="0000"/>
						<SP ID="SP_1.2.6.4" HPOS="972" VPOS="1432" WIDTH="68"/>
						<String CONTENT="interlocking" ID="St_1.2.6.5" HPOS="1080" VPOS="1408" HEIGHT="132" WIDTH="744" STYLEREFS="Style_10" WC="1" CC="000000000000"/>
						<SP ID="SP_1.2.6.6" HPOS="1784" VPOS="1428" WIDTH="80"/>
						<String CONTENT="world," ID="St_1.2.6.7" HPOS="1904" VPOS="1408" HEIGHT="132" WIDTH="384" STYLEREFS="Style_10" WC="1" CC="000000"/>
						<SP ID="SP_1.2.6.8" HPOS="2272" VPOS="1452" WIDTH="52"/>
						<String CONTENT="compiled" ID="St_1.2.6.9" HPOS="2364" VPOS="1408" HEIGHT="128" WIDTH="548" STYLEREFS="Style_10" WC="1" CC="00000000"/>
						<SP ID="SP_1.2.6.10" HPOS="2872" VPOS="1408" WIDTH="80"/>
						<String CONTENT="from" ID="St_1.2.6.11" HPOS="2996" VPOS="1404" HEIGHT="100" WIDTH="296" STYLEREFS="Style_10" WC="1" CC="0000"/>
						<SP ID="SP_1.2.6.12" HPOS="3236" VPOS="1420" WIDTH="96"/>
						<String CONTENT="the" ID="St_1.2.6.13" HPOS="3376" VPOS="1400" HEIGHT="104" WIDTH="184" STYLEREFS="Style_10" WC="1" CC="000"/>
						<SP ID="SP_1.2.6.14" HPOS="3532" VPOS="1424" WIDTH="68"/>
						<String CONTENT="literatures" ID="St_1.2.6.15" HPOS="3640" VPOS="1400" HEIGHT="104" WIDTH="628" STYLEREFS="Style_10" WC="1" CC="00000000000"/>
					</TextLine>
					<TextLine ID="TL_1.2.7" HPOS="388" VPOS="1548" HEIGHT="152" WIDTH="3880">
						<String CONTENT="of" ID="St_1.2.7.1" HPOS="388" VPOS="1568" HEIGHT="104" WIDTH="120" STYLEREFS="Style_10" WC="1" CC="00"/>
						<SP ID="SP_1.2.7.2" HPOS="480" VPOS="1572" WIDTH="72"/>
						<String CONTENT="many" ID="St_1.2.7.3" HPOS="596" VPOS="1600" HEIGHT="100" WIDTH="332" STYLEREFS="Style_10" WC="1" CC="0000"/>
						<SP ID="SP_1.2.7.4" HPOS="892" VPOS="1588" WIDTH="80"/>
						<String CONTENT="l" ID="St_1.2.7.5" HPOS="1016" VPOS="1564" HEIGHT="96" WIDTH="40" STYLEREFS="Style_10" WC="1" CC="0"/>
						<String CONTENT="an" ID="St_1.2.7.6" HPOS="1064" VPOS="1600" HEIGHT="64" WIDTH="140" STYLEREFS="Style_10" WC="1" CC="00"/>
						<String CONTENT="d" ID="St_1.2.7.7" HPOS="1216" VPOS="1568" HEIGHT="96" WIDTH="68" STYLEREFS="Style_10" WC="1" CC="0"/>
						<String CONTENT="s," ID="St_1.2.7.8" HPOS="1292" VPOS="1600" HEIGHT="88" WIDTH="80" STYLEREFS="Style_10" WC="1" CC="00"/>
						<SP ID="SP_1.2.7.9" HPOS="1360" VPOS="1612" WIDTH="56"/>
						<String CONTENT="by" ID="St_1.2.7.10" HPOS="1460" VPOS="1564" HEIGHT="132" WIDTH="144" STYLEREFS="Style_10" WC="1" CC="00"/>
						<SP ID="SP_1.2.7.11" HPOS="1568" VPOS="1584" WIDTH="80"/>
						<String CONTENT="Mary" ID="St_1.2.7.12" HPOS="1696" VPOS="1560" HEIGHT="132" WIDTH="328" STYLEREFS="Style_10" WC="1" CC="0000"/>
						<SP ID="SP_1.2.7.13" HPOS="1988" VPOS="1584" WIDTH="84"/>
						<String CONTENT="McSkimmon" ID="St_1.2.7.14" HPOS="2120" VPOS="1556" HEIGHT="104" WIDTH="776" STYLEREFS="Style_10" WC="1" CC="000000000"/>
						<SP ID="SP_1.2.7.15" HPOS="2852" VPOS="1580" WIDTH="88"/>
						<String CONTENT="&#x0085;" ID="St_1.2.7.16" HPOS="2956" VPOS="1568" HEIGHT="120" WIDTH="68" STYLEREFS="Style_10" WC="1" CC="0"/>
						<SP ID="SP_1.2.7.17" HPOS="3088" VPOS="1628" WIDTH="64"/>
						<String CONTENT="and" ID="St_1.2.7.18" HPOS="3204" VPOS="1556" HEIGHT="100" WIDTH="216" STYLEREFS="Style_10" WC="1" CC="000"/>
						<SP ID="SP_1.2.7.19" HPOS="3380" VPOS="1564" WIDTH="88"/>
						<String CONTENT="Carol" ID="St_1.2.7.20" HPOS="3520" VPOS="1552" HEIGHT="108" WIDTH="328" STYLEREFS="Style_10" WC="1" CC="00000"/>
						<SP ID="SP_1.2.7.21" HPOS="3828" VPOS="1564" WIDTH="64"/>
						<String CONTENT="Del" ID="St_1.2.7.22" HPOS="3940" VPOS="1548" HEIGHT="104" WIDTH="216" STYLEREFS="Style_10" WC="1" CC="000"/>
						<String CONTENT="l" ID="St_1.2.7.23" HPOS="4160" VPOS="1548" HEIGHT="100" WIDTH="36" STYLEREFS="Style_10" WC="1" CC="0"/>
						<String CONTENT="a" ID="St_1.2.7.24" HPOS="4208" VPOS="1580" HEIGHT="68" WIDTH="60" STYLEREFS="Style_10" WC="1" CC="0"/>
					</TextLine>
					<TextLine ID="TL_1.2.8" HPOS="388" VPOS="1704" HEIGHT="140" WIDTH="3904">
						<String CONTENT="C" ID="St_1.2.8.1" HPOS="388" VPOS="1716" HEIGHT="108" WIDTH="84" STYLEREFS="Style_10" WC="1" CC="0"/>
						<String CONTENT="hies" ID="St_1.2.8.2" HPOS="480" VPOS="1716" HEIGHT="104" WIDTH="232" STYLEREFS="Style_10" WC="1" CC="0000"/>
						<String CONTENT="a" ID="St_1.2.8.3" HPOS="724" VPOS="1756" HEIGHT="64" WIDTH="60" STYLEREFS="Style_10" WC="1" CC="0"/>
						<SP ID="SP_1.2.8.4" HPOS="752" VPOS="1740" WIDTH="68"/>
						<String CONTENT="&#x0085;" ID="St_1.2.8.5" HPOS="860" VPOS="1728" HEIGHT="108" WIDTH="68" STYLEREFS="Style_10" WC="1" CC="0"/>
						<SP ID="SP_1.2.8.6" HPOS="956" VPOS="1784" WIDTH="88"/>
						<String CONTENT="Boston," ID="St_1.2.8.7" HPOS="1124" VPOS="1716" HEIGHT="128" WIDTH="452" STYLEREFS="Style_10" WC="1" CC="0000000"/>
						<SP ID="SP_1.2.8.8" HPOS="1564" VPOS="1760" WIDTH="48"/>
						<String CONTENT="N" ID="St_1.2.8.9" HPOS="1648" VPOS="1712" HEIGHT="96" WIDTH="100" STYLEREFS="Style_10" WC="1" CC="0"/>
						<String CONTENT="ew" ID="St_1.2.8.10" HPOS="1756" VPOS="1744" HEIGHT="64" WIDTH="152" STYLEREFS="Style_10" WC="1" CC="00"/>
						<SP ID="SP_1.2.8.11" HPOS="1864" VPOS="1736" WIDTH="84"/>
						<String CONTENT="York" ID="St_1.2.8.12" HPOS="1988" VPOS="1708" HEIGHT="100" WIDTH="312" STYLEREFS="Style_10" WC="1" CC="0000"/>
						<SP ID="SP_1.2.8.13" HPOS="2260" VPOS="1716" WIDTH="76"/>
						<String CONTENT="[etc.]" ID="St_1.2.8.14" HPOS="2376" VPOS="1716" HEIGHT="120" WIDTH="348" STYLEREFS="Style_10" WC="0.972222222222222" CC="800000"/>
						<SP ID="SP_1.2.8.15" HPOS="2628" VPOS="1748" WIDTH="56"/>
						<String CONTENT="Allyn" ID="St_1.2.8.16" HPOS="2724" VPOS="1704" HEIGHT="132" WIDTH="344" STYLEREFS="Style_10" WC="0.958888888888889" CC="14000"/>
						<SP ID="SP_1.2.8.17" HPOS="3032" VPOS="1736" WIDTH="72"/>
						<String CONTENT="and" ID="St_1.2.8.18" HPOS="3140" VPOS="1708" HEIGHT="100" WIDTH="220" STYLEREFS="Style_10" WC="0.962222222222222" CC="000"/>
						<SP ID="SP_1.2.8.19" HPOS="3320" VPOS="1716" WIDTH="72"/>
						<String CONTENT="Bacon" ID="St_1.2.8.20" HPOS="3428" VPOS="1708" HEIGHT="96" WIDTH="376" STYLEREFS="Style_10" WC="0.966666666666667" CC="00000"/>
						<SP ID="SP_1.2.8.21" HPOS="3764" VPOS="1728" WIDTH="76"/>
						<String CONTENT="[&#x0368;1929]" ID="St_1.2.8.22" HPOS="3884" VPOS="1708" HEIGHT="128" WIDTH="408" STYLEREFS="Style_10" WC="0.957777777777778" CC="7000000"/>
					</TextLine>
					<TextLine ID="TL_1.2.9" HPOS="524" VPOS="1856" HEIGHT="108" WIDTH="3740">
						<String CONTENT="v" ID="St_1.2.9.1" HPOS="524" VPOS="1896" HEIGHT="56" WIDTH="56" STYLEREFS="Style_10" WC="1" CC="0"/>
						<String CONTENT="ii" ID="St_1.2.9.2" HPOS="588" VPOS="1876" HEIGHT="72" WIDTH="68" STYLEREFS="Style_10" WC="1" CC="00"/>
						<String CONTENT="i" ID="St_1.2.9.3" HPOS="664" VPOS="1872" HEIGHT="76" WIDTH="28" STYLEREFS="Style_10" WC="1" CC="0"/>
						<SP ID="SP_1.2.9.4" HPOS="676" VPOS="1860" WIDTH="48"/>
						<String CONTENT="p.," ID="St_1.2.9.5" HPOS="752" VPOS="1892" HEIGHT="72" WIDTH="108" STYLEREFS="Style_10" WC="1" CC="000"/>
						<SP ID="SP_1.2.9.6" HPOS="848" VPOS="1896" WIDTH="40"/>
						<String CONTENT="1" ID="St_1.2.9.7" HPOS="920" VPOS="1876" HEIGHT="72" WIDTH="48" STYLEREFS="Style_10" WC="1" CC="0"/>
						<SP ID="SP_1.2.9.8" HPOS="940" VPOS="1868" WIDTH="60"/>
						<String CONTENT="l.," ID="St_1.2.9.9" HPOS="1004" VPOS="1872" HEIGHT="88" WIDTH="108" STYLEREFS="Style_10" WC="1" CC="000"/>
						<SP ID="SP_1.2.9.10" HPOS="1104" VPOS="1892" WIDTH="40"/>
						<String CONTENT="199" ID="St_1.2.9.11" HPOS="1172" VPOS="1868" HEIGHT="80" WIDTH="168" STYLEREFS="Style_10" WC="0.95" CC="017"/>
						<SP ID="SP_1.2.9.12" HPOS="1312" VPOS="1864" WIDTH="52"/>
						<String CONTENT="p" ID="St_1.2.9.13" HPOS="1392" VPOS="1892" HEIGHT="72" WIDTH="56" STYLEREFS="Style_11" WC="0.955555555555556" CC="0"/>
						<String CONTENT=".," ID="St_1.2.9.14" HPOS="1460" VPOS="1928" HEIGHT="32" WIDTH="44" STYLEREFS="Style_12" WC="0.958888888888889" CC="00"/>
						<SP ID="SP_1.2.9.15" HPOS="1492" VPOS="1900" WIDTH="44"/>
						<String CONTENT="1" ID="St_1.2.9.16" HPOS="1564" VPOS="1868" HEIGHT="72" WIDTH="48" STYLEREFS="Style_12" WC="0.962222222222222" CC="0"/>
						<SP ID="SP_1.2.9.17" HPOS="1584" VPOS="1864" WIDTH="56"/>
						<String CONTENT="l.," ID="St_1.2.9.18" HPOS="1672" VPOS="1868" HEIGHT="92" WIDTH="88" STYLEREFS="Style_12" WC="0.947777777777778" CC="005"/>
						<SP ID="SP_1.2.9.19" HPOS="1748" VPOS="1892" WIDTH="40"/>
						<String CONTENT="201-248" ID="St_1.2.9.20" HPOS="1816" VPOS="1864" HEIGHT="80" WIDTH="400" STYLEREFS="Style_12" WC="0.958888888888889" CC="0000000"/>
						<SP ID="SP_1.2.9.21" HPOS="2188" VPOS="1860" WIDTH="56"/>
						<String CONTENT="p." ID="St_1.2.9.22" HPOS="2272" VPOS="1888" HEIGHT="72" WIDTH="84" STYLEREFS="Style_12" WC="0.962222222222222" CC="00"/>
						<SP ID="SP_1.2.9.23" HPOS="2344" VPOS="1892" WIDTH="68"/>
						<String CONTENT="illus.," ID="St_1.2.9.24" HPOS="2468" VPOS="1864" HEIGHT="92" WIDTH="284" STYLEREFS="Style_12" WC="0.968888888888889" CC="0000000"/>
						<SP ID="SP_1.2.9.25" HPOS="2736" VPOS="1892" WIDTH="44"/>
						<String CONTENT="plates," ID="St_1.2.9.26" HPOS="2808" VPOS="1864" HEIGHT="92" WIDTH="336" STYLEREFS="Style_12" WC="0.973333333333333" CC="0000000"/>
						<SP ID="SP_1.2.9.27" HPOS="3132" VPOS="1892" WIDTH="44"/>
						<String CONTENT="map." ID="St_1.2.9.28" HPOS="3204" VPOS="1880" HEIGHT="72" WIDTH="244" STYLEREFS="Style_12" WC="0.975555555555556" CC="0000"/>
						<SP ID="SP_1.2.9.29" HPOS="3436" VPOS="1892" WIDTH="68"/>
						<String CONTENT="17&#x0368;&#x036B;." ID="St_1.2.9.30" HPOS="3568" VPOS="1864" HEIGHT="92" WIDTH="564" STYLEREFS="Style_12" WC="0.977777777777778" CC="00000"/>
						<SP ID="SP_1.2.9.31" HPOS="3780" VPOS="1896" WIDTH="80"/>
						<String CONTENT="(Acad-" ID="St_1.2.9.32" HPOS="3928" VPOS="1856" HEIGHT="96" WIDTH="336" STYLEREFS="Style_12" WC="0.98" CC="000000"/>
					</TextLine>
					<TextLine ID="TL_1.2.10" HPOS="388" VPOS="1972" HEIGHT="100" WIDTH="2044">
						<String CONTENT="emy" ID="St_1.2.10.1" HPOS="388" VPOS="1988" HEIGHT="84" WIDTH="204" STYLEREFS="Style_12" WC="0.851111111111111" CC="400"/>
						<SP ID="SP_1.2.10.2" HPOS="560" VPOS="1988" WIDTH="64"/>
						<String CONTENT="classics" ID="St_1.2.10.3" HPOS="660" VPOS="1976" HEIGHT="84" WIDTH="388" STYLEREFS="Style_12" WC="0.925555555555556" CC="00000040"/>
						<SP ID="SP_1.2.10.4" HPOS="1024" VPOS="1984" WIDTH="56"/>
						<String CONTENT="for" ID="St_1.2.10.5" HPOS="1112" VPOS="1976" HEIGHT="80" WIDTH="152" STYLEREFS="Style_12" WC="0.944444444444444" CC="000"/>
						<SP ID="SP_1.2.10.6" HPOS="1240" VPOS="1988" WIDTH="56"/>
						<String CONTENT="junior" ID="St_1.2.10.7" HPOS="1328" VPOS="1976" HEIGHT="92" WIDTH="320" STYLEREFS="Style_12" WC="0.961111111111111" CC="000000"/>
						<SP ID="SP_1.2.10.8" HPOS="1624" VPOS="1984" WIDTH="56"/>
						<String CONTENT="high" ID="St_1.2.10.9" HPOS="1716" VPOS="1972" HEIGHT="96" WIDTH="228" STYLEREFS="Style_12" WC="0.967777777777778" CC="0000"/>
						<SP ID="SP_1.2.10.10" HPOS="1908" VPOS="1972" WIDTH="68"/>
						<String CONTENT="schools)" ID="St_1.2.10.11" HPOS="2012" VPOS="1972" HEIGHT="96" WIDTH="420" STYLEREFS="Style_12" WC="0.975555555555556" CC="00000000"/>
					</TextLine>
					<TextLine ID="TL_1.2.11" HPOS="528" VPOS="2076" HEIGHT="104" WIDTH="2560">
						<String CONTENT="&quot;Suggestions" ID="St_1.2.11.1" HPOS="528" VPOS="2084" HEIGHT="96" WIDTH="668" STYLEREFS="Style_12" WC="1" CC="000000000000"/>
						<SP ID="SP_1.2.11.2" HPOS="1172" VPOS="2092" WIDTH="56"/>
						<String CONTENT="for" ID="St_1.2.11.3" HPOS="1264" VPOS="2084" HEIGHT="80" WIDTH="148" STYLEREFS="Style_12" WC="1" CC="000"/>
						<SP ID="SP_1.2.11.4" HPOS="1388" VPOS="2096" WIDTH="56"/>
						<String CONTENT="further" ID="St_1.2.11.5" HPOS="1480" VPOS="2084" HEIGHT="80" WIDTH="376" STYLEREFS="Style_12" WC="1" CC="0000000"/>
						<SP ID="SP_1.2.11.6" HPOS="1832" VPOS="2092" WIDTH="60"/>
						<String CONTENT="reading&quot;:" ID="St_1.2.11.7" HPOS="1928" VPOS="2080" HEIGHT="96" WIDTH="504" STYLEREFS="Style_12" WC="1" CC="000000000"/>
						<SP ID="SP_1.2.11.8" HPOS="2420" VPOS="2092" WIDTH="48"/>
						<String CONTENT="p." ID="St_1.2.11.9" HPOS="2504" VPOS="2104" HEIGHT="72" WIDTH="92" STYLEREFS="Style_12" WC="1" CC="00"/>
						<SP ID="SP_1.2.11.10" HPOS="2584" VPOS="2108" WIDTH="44"/>
						<String CONTENT="242-248." ID="St_1.2.11.11" HPOS="2660" VPOS="2076" HEIGHT="80" WIDTH="428" STYLEREFS="Style_12" WC="1" CC="00000000"/>
					</TextLine>
					<TextLine ID="TL_1.2.12" HPOS="400" VPOS="2184" HEIGHT="112" WIDTH="3864">
						<String CONTENT="&#x00A9;" ID="St_1.2.12.1" HPOS="400" VPOS="2188" HEIGHT="88" WIDTH="96" STYLEREFS="Style_12" WC="0.222222222222222" CC="7"/>
						<SP ID="SP_1.2.12.2" HPOS="448" VPOS="2188" WIDTH="84"/>
						<String CONTENT="Nov." ID="St_1.2.12.3" HPOS="560" VPOS="2200" HEIGHT="76" WIDTH="232" STYLEREFS="Style_12" WC="0.87" CC="0000"/>
						<SP ID="SP_1.2.12.4" HPOS="780" VPOS="2228" WIDTH="44"/>
						<String CONTENT="29" ID="St_1.2.12.5" HPOS="852" VPOS="2192" HEIGHT="80" WIDTH="116" STYLEREFS="Style_12" WC="0.913333333333333" CC="00"/>
						<String CONTENT="," ID="St_1.2.12.6" HPOS="972" VPOS="2256" HEIGHT="20" WIDTH="16" STYLEREFS="Style_12" WC="0.922222222222222" CC="0"/>
						<SP ID="SP_1.2.12.7" HPOS="976" VPOS="2228" WIDTH="40"/>
						<String CONTENT="1929;" ID="St_1.2.12.8" HPOS="1244" VPOS="2200" HEIGHT="96" WIDTH="256" STYLEREFS="Style_12" WC="0.902222222222222" CC="00007"/>
						<SP ID="SP_1.2.12.9" HPOS="1372" VPOS="2200" WIDTH="64"/>
						<String CONTENT="2c" ID="St_1.2.12.10" HPOS="1388" VPOS="2200" HEIGHT="96" WIDTH="108" STYLEREFS="Style_13" WC="0.888888888888889" CC="05"/>
						<String CONTENT="." ID="St_1.2.12.11" HPOS="1504" VPOS="2256" HEIGHT="12" WIDTH="16" STYLEREFS="Style_13" WC="0.888888888888889" CC="1"/>
						<SP ID="SP_1.2.12.12" HPOS="1508" VPOS="2228" WIDTH="60"/>
						<String CONTENT="a" ID="St_1.2.12.13" HPOS="1588" VPOS="2212" HEIGHT="56" WIDTH="52" STYLEREFS="Style_13" WC="0.877777777777778" CC="3"/>
						<String CONTENT="n" ID="St_1.2.12.14" HPOS="1648" VPOS="2212" HEIGHT="52" WIDTH="60" STYLEREFS="Style_13" WC="0.868888888888889" CC="3"/>
						<String CONTENT="d" ID="St_1.2.12.15" HPOS="1720" VPOS="2192" HEIGHT="76" WIDTH="56" STYLEREFS="Style_13" WC="0.87" CC="1"/>
						<SP ID="SP_1.2.12.16" HPOS="1744" VPOS="2196" WIDTH="76"/>
						<String CONTENT="aff." ID="St_1.2.12.17" HPOS="1920" VPOS="2196" HEIGHT="100" WIDTH="192" STYLEREFS="Style_14" WC="0.888888888888889" CC="0000"/>
						<SP ID="SP_1.2.12.18" HPOS="1988" VPOS="2236" WIDTH="40"/>
						<String CONTENT="Ja" ID="St_1.2.12.19" HPOS="2064" VPOS="2188" HEIGHT="80" WIDTH="112" STYLEREFS="Style_14" WC="0.898888888888889" CC="00"/>
						<String CONTENT="n" ID="St_1.2.12.20" HPOS="2184" VPOS="2204" HEIGHT="64" WIDTH="60" STYLEREFS="Style_14" WC="0.884444444444444" CC="5"/>
						<String CONTENT="." ID="St_1.2.12.21" HPOS="2264" VPOS="2252" HEIGHT="20" WIDTH="12" STYLEREFS="Style_14" WC="0.888888888888889" CC="0"/>
						<SP ID="SP_1.2.12.22" HPOS="2268" VPOS="2224" WIDTH="40"/>
						<String CONTENT="2" ID="St_1.2.12.23" HPOS="2344" VPOS="2188" HEIGHT="76" WIDTH="48" STYLEREFS="Style_14" WC="0.894444444444444" CC="0"/>
						<String CONTENT="3" ID="St_1.2.12.24" HPOS="2396" VPOS="2188" HEIGHT="76" WIDTH="56" STYLEREFS="Style_14" WC="0.885555555555556" CC="4"/>
						<String CONTENT="," ID="St_1.2.12.25" HPOS="2460" VPOS="2252" HEIGHT="28" WIDTH="16" STYLEREFS="Style_14" WC="0.888888888888889" CC="0"/>
						<SP ID="SP_1.2.12.26" HPOS="2468" VPOS="2224" WIDTH="40"/>
						<String CONTENT="1930;" ID="St_1.2.12.27" HPOS="2544" VPOS="2188" HEIGHT="88" WIDTH="276" STYLEREFS="Style_14" WC="0.903333333333333" CC="00000"/>
						<SP ID="SP_1.2.12.28" HPOS="2808" VPOS="2204" WIDTH="44"/>
						<String CONTENT="A" ID="St_1.2.12.29" HPOS="2892" VPOS="2188" HEIGHT="76" WIDTH="76" STYLEREFS="Style_14" WC="0.907777777777778" CC="0"/>
						<SP ID="SP_1.2.12.30" HPOS="2924" VPOS="2192" WIDTH="76"/>
						<String CONTENT="18278;" ID="St_1.2.12.31" HPOS="3036" VPOS="2188" HEIGHT="88" WIDTH="328" STYLEREFS="Style_14" WC="0.92" CC="000000"/>
						<SP ID="SP_1.2.12.32" HPOS="3352" VPOS="2200" WIDTH="44"/>
						<String CONTENT="Allyn" ID="St_1.2.12.33" HPOS="3436" VPOS="2184" HEIGHT="92" WIDTH="280" STYLEREFS="Style_14" WC="0.927777777777778" CC="00000"/>
						<SP ID="SP_1.2.12.34" HPOS="3684" VPOS="2200" WIDTH="64"/>
						<String CONTENT="&amp;" ID="St_1.2.12.35" HPOS="3784" VPOS="2184" HEIGHT="76" WIDTH="72" STYLEREFS="Style_14" WC="0.93" CC="0"/>
						<SP ID="SP_1.2.12.36" HPOS="3816" VPOS="2192" WIDTH="68"/>
						<String CONTENT="Bacon." ID="St_1.2.12.37" HPOS="3940" VPOS="2192" HEIGHT="96" WIDTH="324" STYLEREFS="Style_14" WC="0.937777777777778" CC="000000"/>
					</TextLine>
					<TextLine ID="TL_1.2.13" HPOS="548" VPOS="2288" HEIGHT="112" WIDTH="3560">
						<String CONTENT="(30-" ID="St_1.2.13.1" HPOS="548" VPOS="2304" HEIGHT="96" WIDTH="212" STYLEREFS="Style_14" WC="1" CC="0000"/>
						<String CONTENT="3" ID="St_1.2.13.2" HPOS="764" VPOS="2304" HEIGHT="80" WIDTH="52" STYLEREFS="Style_14" WC="0.911111111111111" CC="4"/>
						<String CONTENT="780)" ID="St_1.2.13.3" HPOS="824" VPOS="2300" HEIGHT="100" WIDTH="216" STYLEREFS="Style_14" WC="0.95" CC="0000"/>
						<SP ID="SP_1.2.13.4" HPOS="1024" VPOS="2308" WIDTH="2912"/>
						<String CONTENT="559" ID="St_1.2.13.5" HPOS="3936" VPOS="2288" HEIGHT="84" WIDTH="172" STYLEREFS="Style_14" WC="0.645555555555556" CC="000"/>
					</TextLine>
					<TextLine ID="TL_1.2.14" HPOS="388" VPOS="2484" HEIGHT="124" WIDTH="1252">
						<String CONTENT="Mainage," ID="St_1.2.14.1" HPOS="388" VPOS="2488" HEIGHT="120" WIDTH="568" STYLEREFS="Style_14" WC="1" CC="00000000"/>
						<SP ID="SP_1.2.14.2" HPOS="944" VPOS="2528" WIDTH="44"/>
						<String CONTENT="Th&#x00E9;odore." ID="St_1.2.14.3" HPOS="1016" VPOS="2484" HEIGHT="104" WIDTH="624" STYLEREFS="Style_14" WC="1" CC="000000000"/>
					</TextLine>
					<TextLine ID="TL_1.2.15" HPOS="532" VPOS="2628" HEIGHT="140" WIDTH="3752">
						<String CONTENT="Immortality;" ID="St_1.2.15.1" HPOS="532" VPOS="2636" HEIGHT="132" WIDTH="808" STYLEREFS="Style_14" WC="1" CC="000000000000"/>
						<SP ID="SP_1.2.15.2" HPOS="1332" VPOS="2656" WIDTH="48"/>
						<String CONTENT="essays" ID="St_1.2.15.3" HPOS="1420" VPOS="2640" HEIGHT="112" WIDTH="352" STYLEREFS="Style_14" WC="0.941111111111111" CC="433000"/>
						<SP ID="SP_1.2.15.4" HPOS="1792" VPOS="2640" WIDTH="60"/>
						<String CONTENT="on" ID="St_1.2.15.5" HPOS="1852" VPOS="2672" HEIGHT="68" WIDTH="136" STYLEREFS="Style_14" WC="0.928888888888889" CC="00"/>
						<SP ID="SP_1.2.15.6" HPOS="1952" VPOS="2660" WIDTH="72"/>
						<String CONTENT="the" ID="St_1.2.15.7" HPOS="2060" VPOS="2636" HEIGHT="104" WIDTH="188" STYLEREFS="Style_14" WC="0.94" CC="000"/>
						<SP ID="SP_1.2.15.8" HPOS="2216" VPOS="2652" WIDTH="64"/>
						<String CONTENT="problem" ID="St_1.2.15.9" HPOS="2312" VPOS="2636" HEIGHT="128" WIDTH="500" STYLEREFS="Style_14" WC="0.953333333333333" CC="0000000"/>
						<SP ID="SP_1.2.15.10" HPOS="2752" VPOS="2652" WIDTH="88"/>
						<String CONTENT="of" ID="St_1.2.15.11" HPOS="2876" VPOS="2636" HEIGHT="100" WIDTH="128" STYLEREFS="Style_14" WC="0.957777777777778" CC="00"/>
						<SP ID="SP_1.2.15.12" HPOS="2976" VPOS="2636" WIDTH="56"/>
						<String CONTENT="life" ID="St_1.2.15.13" HPOS="3068" VPOS="2632" HEIGHT="100" WIDTH="204" STYLEREFS="Style_14" WC="0.962222222222222" CC="0000"/>
						<SP ID="SP_1.2.15.14" HPOS="3244" VPOS="2652" WIDTH="60"/>
						<String CONTENT="after" ID="St_1.2.15.15" HPOS="3340" VPOS="2628" HEIGHT="104" WIDTH="300" STYLEREFS="Style_14" WC="0.966666666666667" CC="00000"/>
						<SP ID="SP_1.2.15.16" HPOS="3608" VPOS="2652" WIDTH="64"/>
						<String CONTENT="death," ID="St_1.2.15.17" HPOS="3704" VPOS="2628" HEIGHT="132" WIDTH="368" STYLEREFS="Style_14" WC="0.971111111111111" CC="000000"/>
						<SP ID="SP_1.2.15.18" HPOS="4056" VPOS="2672" WIDTH="44"/>
						<String CONTENT="by" ID="St_1.2.15.19" HPOS="4136" VPOS="2632" HEIGHT="132" WIDTH="148" STYLEREFS="Style_14" WC="0.972222222222222" CC="00"/>
					</TextLine>
					<TextLine ID="TL_1.2.16" HPOS="392" VPOS="2780" HEIGHT="140" WIDTH="3888">
						<String CONTENT="the" ID="St_1.2.16.1" HPOS="392" VPOS="2792" HEIGHT="104" WIDTH="188" STYLEREFS="Style_14" WC="1" CC="000"/>
						<SP ID="SP_1.2.16.2" HPOS="552" VPOS="2808" WIDTH="72"/>
						<String CONTENT="Rev." ID="St_1.2.16.3" HPOS="664" VPOS="2792" HEIGHT="100" WIDTH="268" STYLEREFS="Style_14" WC="0.944444444444444" CC="4000"/>
						<SP ID="SP_1.2.16.4" HPOS="920" VPOS="2828" WIDTH="56"/>
						<String CONTENT="Theodore" ID="St_1.2.16.5" HPOS="1024" VPOS="2788" HEIGHT="100" WIDTH="572" STYLEREFS="Style_14" WC="0.973333333333333" CC="00000000"/>
						<SP ID="SP_1.2.16.6" HPOS="1568" VPOS="2808" WIDTH="72"/>
						<String CONTENT="Mainage" ID="St_1.2.16.7" HPOS="1756" VPOS="2788" HEIGHT="132" WIDTH="456" STYLEREFS="Style_14" WC="0.982222222222222" CC="0000000"/>
						<SP ID="SP_1.2.16.8" HPOS="2184" VPOS="2804" WIDTH="76"/>
						<String CONTENT="&#x0085;" ID="St_1.2.16.9" HPOS="2288" VPOS="2796" HEIGHT="108" WIDTH="64" STYLEREFS="Style_14" WC="0.983333333333333" CC="0"/>
						<SP ID="SP_1.2.16.10" HPOS="2412" VPOS="2848" WIDTH="60"/>
						<String CONTENT="translated" ID="St_1.2.16.11" HPOS="2520" VPOS="2784" HEIGHT="100" WIDTH="616" STYLEREFS="Style_14" WC="0.987777777777778" CC="0000000000"/>
						<SP ID="SP_1.2.16.12" HPOS="3100" VPOS="2788" WIDTH="84"/>
						<String CONTENT="from" ID="St_1.2.16.13" HPOS="3232" VPOS="2780" HEIGHT="104" WIDTH="296" STYLEREFS="Style_14" WC="0.988888888888889" CC="0000"/>
						<SP ID="SP_1.2.16.14" HPOS="3472" VPOS="2800" WIDTH="96"/>
						<String CONTENT="the" ID="St_1.2.16.15" HPOS="3612" VPOS="2780" HEIGHT="104" WIDTH="184" STYLEREFS="Style_14" WC="0.99" CC="000"/>
						<SP ID="SP_1.2.16.16" HPOS="3768" VPOS="2800" WIDTH="76"/>
						<String CONTENT="fourth" ID="St_1.2.16.17" HPOS="3892" VPOS="2780" HEIGHT="100" WIDTH="388" STYLEREFS="Style_14" WC="0.991111111111111" CC="000000"/>
					</TextLine>
					<TextLine ID="TL_1.2.17" HPOS="392" VPOS="2932" HEIGHT="140" WIDTH="3888">
						<String CONTENT="French" ID="St_1.2.17.1" HPOS="392" VPOS="2944" HEIGHT="100" WIDTH="432" STYLEREFS="Style_14" WC="0.888888888888889" CC="114000"/>
						<SP ID="SP_1.2.17.2" HPOS="788" VPOS="2940" WIDTH="68"/>
						<String CONTENT="edition" ID="St_1.2.17.3" HPOS="892" VPOS="2940" HEIGHT="104" WIDTH="420" STYLEREFS="Style_14" WC="0.952222222222222" CC="0000000"/>
						<SP ID="SP_1.2.17.4" HPOS="1276" VPOS="2956" WIDTH="68"/>
						<String CONTENT="by" ID="St_1.2.17.5" HPOS="1376" VPOS="2944" HEIGHT="128" WIDTH="144" STYLEREFS="Style_14" WC="0.96" CC="00"/>
						<SP ID="SP_1.2.17.6" HPOS="1484" VPOS="2956" WIDTH="72"/>
						<String CONTENT="the" ID="St_1.2.17.7" HPOS="1592" VPOS="2940" HEIGHT="100" WIDTH="180" STYLEREFS="Style_14" WC="0.967777777777778" CC="000"/>
						<SP ID="SP_1.2.17.8" HPOS="1744" VPOS="2956" WIDTH="60"/>
						<String CONTENT="Rev." ID="St_1.2.17.9" HPOS="1840" VPOS="2936" HEIGHT="104" WIDTH="264" STYLEREFS="Style_14" WC="0.973333333333333" CC="0000"/>
						<SP ID="SP_1.2.17.10" HPOS="2092" VPOS="2980" WIDTH="48"/>
						<String CONTENT="J." ID="St_1.2.17.11" HPOS="2176" VPOS="2936" HEIGHT="104" WIDTH="108" STYLEREFS="Style_14" WC="0.976666666666667" CC="00"/>
						<SP ID="SP_1.2.17.12" HPOS="2272" VPOS="2976" WIDTH="48"/>
						<String CONTENT="M." ID="St_1.2.17.13" HPOS="2356" VPOS="2936" HEIGHT="104" WIDTH="152" STYLEREFS="Style_14" WC="0.978888888888889" CC="00"/>
						<SP ID="SP_1.2.17.14" HPOS="2496" VPOS="2980" WIDTH="44"/>
						<String CONTENT="Lelen." ID="St_1.2.17.15" HPOS="2576" VPOS="2932" HEIGHT="104" WIDTH="372" STYLEREFS="Style_14" WC="0.982222222222222" CC="000000"/>
						<SP ID="SP_1.2.17.16" HPOS="2936" VPOS="2976" WIDTH="88"/>
						<String CONTENT="St." ID="St_1.2.17.17" HPOS="3100" VPOS="2936" HEIGHT="104" WIDTH="160" STYLEREFS="Style_14" WC="0.984444444444444" CC="000"/>
						<SP ID="SP_1.2.17.18" HPOS="3248" VPOS="2980" WIDTH="44"/>
						<String CONTENT="Louis," ID="St_1.2.17.19" HPOS="3328" VPOS="2932" HEIGHT="136" WIDTH="372" STYLEREFS="Style_14" WC="0.986666666666667" CC="000000"/>
						<SP ID="SP_1.2.17.20" HPOS="3684" VPOS="2976" WIDTH="44"/>
						<String CONTENT="Mo." ID="St_1.2.17.21" HPOS="3764" VPOS="2932" HEIGHT="100" WIDTH="224" STYLEREFS="Style_14" WC="0.986666666666667" CC="000"/>
						<SP ID="SP_1.2.17.22" HPOS="3972" VPOS="2976" WIDTH="52"/>
						<String CONTENT="and" ID="St_1.2.17.23" HPOS="4064" VPOS="2932" HEIGHT="100" WIDTH="216" STYLEREFS="Style_14" WC="0.987777777777778" CC="000"/>
					</TextLine>
					<TextLine ID="TL_1.2.18" HPOS="392" VPOS="3088" HEIGHT="136" WIDTH="2108">
						<String CONTENT="London," ID="St_1.2.18.1" HPOS="392" VPOS="3092" HEIGHT="132" WIDTH="500" STYLEREFS="Style_14" WC="1" CC="0000000"/>
						<SP ID="SP_1.2.18.2" HPOS="880" VPOS="3132" WIDTH="40"/>
						<String CONTENT="B." ID="St_1.2.18.3" HPOS="944" VPOS="3092" HEIGHT="100" WIDTH="128" STYLEREFS="Style_14" WC="1" CC="00"/>
						<SP ID="SP_1.2.18.4" HPOS="1060" VPOS="3132" WIDTH="36"/>
						<String CONTENT="Herder" ID="St_1.2.18.5" HPOS="1124" VPOS="3092" HEIGHT="100" WIDTH="444" STYLEREFS="Style_14" WC="1" CC="000000"/>
						<SP ID="SP_1.2.18.6" HPOS="1536" VPOS="3108" WIDTH="56"/>
						<String CONTENT="book" ID="St_1.2.18.7" HPOS="1616" VPOS="3088" HEIGHT="104" WIDTH="288" STYLEREFS="Style_14" WC="1" CC="0000"/>
						<SP ID="SP_1.2.18.8" HPOS="1864" VPOS="3088" WIDTH="64"/>
						<String CONTENT="co.," ID="St_1.2.18.9" HPOS="1956" VPOS="3124" HEIGHT="96" WIDTH="188" STYLEREFS="Style_14" WC="1" CC="0000"/>
						<SP ID="SP_1.2.18.10" HPOS="2132" VPOS="3132" WIDTH="44"/>
						<String CONTENT="1930." ID="St_1.2.18.11" HPOS="2204" VPOS="3092" HEIGHT="100" WIDTH="296" STYLEREFS="Style_14" WC="1" CC="00000"/>
					</TextLine>
					<TextLine ID="TL_1.2.19" HPOS="524" VPOS="3244" HEIGHT="96" WIDTH="1432">
						<String CONTENT="2" ID="St_1.2.19.1" HPOS="524" VPOS="3248" HEIGHT="76" WIDTH="56" STYLEREFS="Style_14" WC="1" CC="0"/>
						<SP ID="SP_1.2.19.2" HPOS="552" VPOS="3244" WIDTH="56"/>
						<String CONTENT="p." ID="St_1.2.19.3" HPOS="632" VPOS="3268" HEIGHT="72" WIDTH="80" STYLEREFS="Style_14" WC="1" CC="00"/>
						<SP ID="SP_1.2.19.4" HPOS="704" VPOS="3276" WIDTH="36"/>
						<String CONTENT="l" ID="St_1.2.19.5" HPOS="764" VPOS="3248" HEIGHT="76" WIDTH="32" STYLEREFS="Style_14" WC="1" CC="0"/>
						<String CONTENT=".," ID="St_1.2.19.6" HPOS="808" VPOS="3308" HEIGHT="32" WIDTH="44" STYLEREFS="Style_14" WC="0.944444444444444" CC="40"/>
						<SP ID="SP_1.2.19.7" HPOS="840" VPOS="3272" WIDTH="36"/>
						<String CONTENT="273" ID="St_1.2.19.8" HPOS="904" VPOS="3248" HEIGHT="76" WIDTH="168" STYLEREFS="Style_14" WC="0.962222222222222" CC="000"/>
						<SP ID="SP_1.2.19.9" HPOS="1044" VPOS="3244" WIDTH="52"/>
						<String CONTENT="p." ID="St_1.2.19.10" HPOS="1120" VPOS="3268" HEIGHT="72" WIDTH="84" STYLEREFS="Style_14" WC="0.97" CC="00"/>
						<SP ID="SP_1.2.19.11" HPOS="1192" VPOS="3272" WIDTH="72"/>
						<String CONTENT="1" ID="St_1.2.19.12" HPOS="1324" VPOS="3248" HEIGHT="72" WIDTH="44" STYLEREFS="Style_14" WC="0.973333333333333" CC="0"/>
						<String CONTENT="9&#x00BD;&#x0368;&#x036B;" ID="St_1.2.19.13" HPOS="1380" VPOS="3244" HEIGHT="88" WIDTH="576" STYLEREFS="Style_14" WC="0.956666666666667" CC="4000"/>
						<String CONTENT="." ID="St_1.2.19.14" HPOS="1584" VPOS="3272" HEIGHT="48" WIDTH="16" STYLEREFS="Style_14" WC="0.933333333333333" CC="5"/>
					</TextLine>
					<TextLine ID="TL_1.2.20" HPOS="408" VPOS="3344" HEIGHT="104" WIDTH="3868">
						<String CONTENT="&#x00A9;" ID="St_1.2.20.1" HPOS="408" VPOS="3344" HEIGHT="92" WIDTH="100" STYLEREFS="Style_14" WC="0.555555555555556" CC="4"/>
						<SP ID="SP_1.2.20.2" HPOS="456" VPOS="3344" WIDTH="80"/>
						<String CONTENT="Jan." ID="St_1.2.20.3" HPOS="564" VPOS="3360" HEIGHT="80" WIDTH="212" STYLEREFS="Style_14" WC="0.925555555555556" CC="0000"/>
						<SP ID="SP_1.2.20.4" HPOS="764" VPOS="3384" WIDTH="40"/>
						<String CONTENT="14," ID="St_1.2.20.5" HPOS="832" VPOS="3360" HEIGHT="88" WIDTH="132" STYLEREFS="Style_14" WC="0.955555555555556" CC="000"/>
						<SP ID="SP_1.2.20.6" HPOS="952" VPOS="3380" WIDTH="40"/>
						<String CONTENT="19" ID="St_1.2.20.7" HPOS="1020" VPOS="3356" HEIGHT="80" WIDTH="104" STYLEREFS="Style_14" WC="0.965555555555556" CC="00"/>
						<String CONTENT="3" ID="St_1.2.20.8" HPOS="1132" VPOS="3360" HEIGHT="76" WIDTH="52" STYLEREFS="Style_14" WC="0.935555555555556" CC="4"/>
						<String CONTENT="0;" ID="St_1.2.20.9" HPOS="1192" VPOS="3356" HEIGHT="92" WIDTH="100" STYLEREFS="Style_14" WC="0.944444444444444" CC="00"/>
						<SP ID="SP_1.2.20.10" HPOS="1284" VPOS="3360" WIDTH="36"/>
						<String CONTENT="2c" ID="St_1.2.20.11" HPOS="1348" VPOS="3356" HEIGHT="72" WIDTH="108" STYLEREFS="Style_14" WC="0.928888888888889" CC="40"/>
						<String CONTENT="." ID="St_1.2.20.12" HPOS="1468" VPOS="3416" HEIGHT="16" WIDTH="12" STYLEREFS="Style_14" WC="0.933333333333333" CC="0"/>
						<SP ID="SP_1.2.20.13" HPOS="1472" VPOS="3380" WIDTH="36"/>
						<String CONTENT="Jan." ID="St_1.2.20.14" HPOS="1540" VPOS="3356" HEIGHT="76" WIDTH="208" STYLEREFS="Style_14" WC="0.946666666666667" CC="0000"/>
						<SP ID="SP_1.2.20.15" HPOS="1740" VPOS="3380" WIDTH="40"/>
						<String CONTENT="1" ID="St_1.2.20.16" HPOS="1808" VPOS="3356" HEIGHT="72" WIDTH="44" STYLEREFS="Style_14" WC="0.95" CC="0"/>
						<String CONTENT="6" ID="St_1.2.20.17" HPOS="1864" VPOS="3356" HEIGHT="72" WIDTH="48" STYLEREFS="Style_14" WC="0.932222222222222" CC="5"/>
						<String CONTENT=";" ID="St_1.2.20.18" HPOS="1952" VPOS="3376" HEIGHT="68" WIDTH="12" STYLEREFS="Style_14" WC="0.934444444444444" CC="0"/>
						<SP ID="SP_1.2.20.19" HPOS="1956" VPOS="3360" WIDTH="40"/>
						<String CONTENT="aff." ID="St_1.2.20.20" HPOS="2028" VPOS="3352" HEIGHT="80" WIDTH="160" STYLEREFS="Style_14" WC="0.931111111111111" CC="0040"/>
						<SP ID="SP_1.2.20.21" HPOS="2176" VPOS="3380" WIDTH="40"/>
						<String CONTENT="Jan." ID="St_1.2.20.22" HPOS="2244" VPOS="3356" HEIGHT="80" WIDTH="212" STYLEREFS="Style_14" WC="0.94" CC="0000"/>
						<SP ID="SP_1.2.20.23" HPOS="2448" VPOS="3380" WIDTH="40"/>
						<String CONTENT="17;" ID="St_1.2.20.24" HPOS="2516" VPOS="3352" HEIGHT="92" WIDTH="156" STYLEREFS="Style_14" WC="0.945555555555556" CC="000"/>
						<SP ID="SP_1.2.20.25" HPOS="2660" VPOS="3360" WIDTH="44"/>
						<String CONTENT="A" ID="St_1.2.20.26" HPOS="2736" VPOS="3352" HEIGHT="76" WIDTH="76" STYLEREFS="Style_14" WC="0.947777777777778" CC="0"/>
						<SP ID="SP_1.2.20.27" HPOS="2772" VPOS="3348" WIDTH="68"/>
						<String CONTENT="17986;" ID="St_1.2.20.28" HPOS="2868" VPOS="3352" HEIGHT="88" WIDTH="332" STYLEREFS="Style_14" WC="0.945555555555556" CC="004000"/>
						<SP ID="SP_1.2.20.29" HPOS="3184" VPOS="3356" WIDTH="48"/>
						<String CONTENT="B." ID="St_1.2.20.30" HPOS="3268" VPOS="3352" HEIGHT="76" WIDTH="100" STYLEREFS="Style_14" WC="0.948888888888889" CC="00"/>
						<SP ID="SP_1.2.20.31" HPOS="3356" VPOS="3380" WIDTH="40"/>
						<String CONTENT="Herder" ID="St_1.2.20.32" HPOS="3424" VPOS="3352" HEIGHT="76" WIDTH="372" STYLEREFS="Style_14" WC="0.954444444444444" CC="000000"/>
						<SP ID="SP_1.2.20.33" HPOS="3772" VPOS="3360" WIDTH="52"/>
						<String CONTENT="boo" ID="St_1.2.20.34" HPOS="3852" VPOS="3352" HEIGHT="76" WIDTH="172" STYLEREFS="Style_14" WC="0.957777777777778" CC="000"/>
						<String CONTENT="k" ID="St_1.2.20.35" HPOS="4028" VPOS="3348" HEIGHT="76" WIDTH="60" STYLEREFS="Style_14" WC="0.951111111111111" CC="4"/>
						<SP ID="SP_1.2.20.36" HPOS="4056" VPOS="3348" WIDTH="64"/>
						<String CONTENT="co." ID="St_1.2.20.37" HPOS="4148" VPOS="3368" HEIGHT="60" WIDTH="128" STYLEREFS="Style_14" WC="0.954444444444444" CC="000"/>
					</TextLine>
					<TextLine ID="TL_1.2.21" HPOS="560" VPOS="3452" HEIGHT="108" WIDTH="3564">
						<String CONTENT="(30-" ID="St_1.2.21.1" HPOS="560" VPOS="3468" HEIGHT="92" WIDTH="208" STYLEREFS="Style_14" WC="1" CC="0000"/>
						<String CONTENT="3" ID="St_1.2.21.2" HPOS="772" VPOS="3468" HEIGHT="76" WIDTH="56" STYLEREFS="Style_14" WC="0.933333333333333" CC="3"/>
						<String CONTENT="7" ID="St_1.2.21.3" HPOS="836" VPOS="3472" HEIGHT="76" WIDTH="48" STYLEREFS="Style_14" WC="0.925555555555556" CC="1"/>
						<String CONTENT="9" ID="St_1.2.21.4" HPOS="892" VPOS="3464" HEIGHT="80" WIDTH="48" STYLEREFS="Style_14" WC="0.888888888888889" CC="3"/>
						<String CONTENT="9)" ID="St_1.2.21.5" HPOS="948" VPOS="3464" HEIGHT="96" WIDTH="100" STYLEREFS="Style_14" WC="0.913333333333333" CC="00"/>
						<SP ID="SP_1.2.21.6" HPOS="1032" VPOS="3460" WIDTH="2920"/>
						<String CONTENT="5" ID="St_1.2.21.7" HPOS="3952" VPOS="3452" HEIGHT="84" WIDTH="48" STYLEREFS="Style_14" WC="0.626666666666667" CC="0"/>
						<String CONTENT="6" ID="St_1.2.21.8" HPOS="4012" VPOS="3452" HEIGHT="84" WIDTH="52" STYLEREFS="Style_14" WC="0.633333333333333" CC="0"/>
						<String CONTENT="0" ID="St_1.2.21.9" HPOS="4072" VPOS="3452" HEIGHT="84" WIDTH="52" STYLEREFS="Style_14" WC="0.64" CC="0"/>
					</TextLine>
					<TextLine ID="TL_1.2.22" HPOS="396" VPOS="3648" HEIGHT="124" WIDTH="1692">
						<String CONTENT="Manning-Sanders," ID="St_1.2.22.1" HPOS="396" VPOS="3652" HEIGHT="120" WIDTH="1148" STYLEREFS="Style_14" WC="1" CC="0000000000000000"/>
						<SP ID="SP_1.2.22.2" HPOS="1532" VPOS="3688" WIDTH="44"/>
						<String CONTENT="George." ID="St_1.2.22.3" HPOS="1612" VPOS="3648" HEIGHT="124" WIDTH="476" STYLEREFS="Style_14" WC="1" CC="0000000"/>
					</TextLine>
					<TextLine ID="TL_1.2.23" HPOS="532" VPOS="3796" HEIGHT="136" WIDTH="3756">
						<String CONTENT="Drum" ID="St_1.2.23.1" HPOS="532" VPOS="3808" HEIGHT="100" WIDTH="360" STYLEREFS="Style_14" WC="1" CC="0000"/>
						<SP ID="SP_1.2.23.2" HPOS="840" VPOS="3804" WIDTH="188"/>
						<String CONTENT="and" ID="St_1.2.23.3" HPOS="1004" VPOS="3804" HEIGHT="104" WIDTH="216" STYLEREFS="Style_14" WC="0.877777777777778" CC="000"/>
						<SP ID="SP_1.2.23.4" HPOS="1184" VPOS="3804" WIDTH="88"/>
						<String CONTENT="monkey," ID="St_1.2.23.5" HPOS="1328" VPOS="3800" HEIGHT="132" WIDTH="504" STYLEREFS="Style_14" WC="0.905555555555556" CC="0000040"/>
						<SP ID="SP_1.2.23.6" HPOS="1820" VPOS="3844" WIDTH="68"/>
						<String CONTENT="by" ID="St_1.2.23.7" HPOS="1948" VPOS="3800" HEIGHT="132" WIDTH="140" STYLEREFS="Style_14" WC="0.918888888888889" CC="00"/>
						<SP ID="SP_1.2.23.8" HPOS="2052" VPOS="3804" WIDTH="208"/>
						<String CONTENT="George" ID="St_1.2.23.9" HPOS="2204" VPOS="3800" HEIGHT="132" WIDTH="428" STYLEREFS="Style_14" WC="0.892222222222222" CC="000000"/>
						<SP ID="SP_1.2.23.10" HPOS="2604" VPOS="3820" WIDTH="84"/>
						<String CONTENT="Manning-Sanders." ID="St_1.2.23.11" HPOS="2748" VPOS="3796" HEIGHT="132" WIDTH="1124" STYLEREFS="Style_14" WC="0.92" CC="4000000000000000"/>
						<SP ID="SP_1.2.23.12" HPOS="3860" VPOS="3840" WIDTH="88"/>
						<String CONTENT="New" ID="St_1.2.23.13" HPOS="4024" VPOS="3796" HEIGHT="100" WIDTH="264" STYLEREFS="Style_14" WC="0.925555555555556" CC="000"/>
					</TextLine>
					<TextLine ID="TL_1.2.24" HPOS="408" VPOS="3952" HEIGHT="136" WIDTH="1568">
						<String CONTENT="York," ID="St_1.2.24.1" HPOS="408" VPOS="3952" HEIGHT="136" WIDTH="340" STYLEREFS="Style_14" WC="1" CC="00000"/>
						<SP ID="SP_1.2.24.2" HPOS="732" VPOS="4000" WIDTH="44"/>
						<String CONTENT="H." ID="St_1.2.24.3" HPOS="804" VPOS="3952" HEIGHT="108" WIDTH="148" STYLEREFS="Style_14" WC="1" CC="00"/>
						<SP ID="SP_1.2.24.4" HPOS="940" VPOS="4000" WIDTH="40"/>
						<String CONTENT="Liveright," ID="St_1.2.24.5" HPOS="1008" VPOS="3952" HEIGHT="132" WIDTH="620" STYLEREFS="Style_14" WC="1" CC="0000000000"/>
						<SP ID="SP_1.2.24.6" HPOS="1616" VPOS="3996" WIDTH="40"/>
						<String CONTENT="1930." ID="St_1.2.24.7" HPOS="1684" VPOS="3956" HEIGHT="100" WIDTH="292" STYLEREFS="Style_14" WC="1" CC="00000"/>
					</TextLine>
					<TextLine ID="TL_1.2.25" HPOS="532" VPOS="4100" HEIGHT="104" WIDTH="984">
						<String CONTENT="33" ID="St_1.2.25.1" HPOS="532" VPOS="4112" HEIGHT="76" WIDTH="108" STYLEREFS="Style_14" WC="0.888888888888889" CC="11"/>
						<String CONTENT="5" ID="St_1.2.25.2" HPOS="648" VPOS="4108" HEIGHT="80" WIDTH="52" STYLEREFS="Style_14" WC="0.777777777777778" CC="4"/>
						<SP ID="SP_1.2.25.3" HPOS="672" VPOS="4100" WIDTH="56"/>
						<String CONTENT="p." ID="St_1.2.25.4" HPOS="756" VPOS="4132" HEIGHT="72" WIDTH="84" STYLEREFS="Style_14" WC="0.888888888888889" CC="00"/>
						<SP ID="SP_1.2.25.5" HPOS="832" VPOS="4136" WIDTH="64"/>
						<String CONTENT="19&#x00BD;&#x0368;&#x036B;." ID="St_1.2.25.6" HPOS="956" VPOS="4100" HEIGHT="96" WIDTH="560" STYLEREFS="Style_14" WC="0.836666666666667" CC="330007"/>
					</TextLine>
					<TextLine ID="TL_1.2.26" HPOS="416" VPOS="4212" HEIGHT="100" WIDTH="3872">
						<String CONTENT="&#x00A9;" ID="St_1.2.26.1" HPOS="416" VPOS="4212" HEIGHT="96" WIDTH="96" STYLEREFS="Style_14" WC="0.555555555555556" CC="4"/>
						<SP ID="SP_1.2.26.2" HPOS="464" VPOS="4212" WIDTH="84"/>
						<String CONTENT="De" ID="St_1.2.26.3" HPOS="580" VPOS="4220" HEIGHT="76" WIDTH="136" STYLEREFS="Style_14" WC="0.75" CC="31"/>
						<String CONTENT="e" ID="St_1.2.26.4" HPOS="720" VPOS="4232" HEIGHT="64" WIDTH="48" STYLEREFS="Style_14" WC="0.777777777777778" CC="1"/>
						<String CONTENT="." ID="St_1.2.26.5" HPOS="784" VPOS="4284" HEIGHT="16" WIDTH="16" STYLEREFS="Style_14" WC="0.814444444444444" CC="0"/>
						<SP ID="SP_1.2.26.6" HPOS="788" VPOS="4252" WIDTH="44"/>
						<String CONTENT="6," ID="St_1.2.26.7" HPOS="860" VPOS="4216" HEIGHT="96" WIDTH="80" STYLEREFS="Style_14" WC="0.875555555555556" CC="00"/>
						<SP ID="SP_1.2.26.8" HPOS="928" VPOS="4252" WIDTH="44"/>
						<String CONTENT="1929;" ID="St_1.2.26.9" HPOS="1000" VPOS="4216" HEIGHT="92" WIDTH="276" STYLEREFS="Style_14" WC="0.925555555555556" CC="00000"/>
						<SP ID="SP_1.2.26.10" HPOS="1264" VPOS="4232" WIDTH="44"/>
						<String CONTENT="2c." ID="St_1.2.26.11" HPOS="1340" VPOS="4220" HEIGHT="80" WIDTH="132" STYLEREFS="Style_14" WC="0.894444444444444" CC="044"/>
						<SP ID="SP_1.2.26.12" HPOS="1464" VPOS="4252" WIDTH="44"/>
						<String CONTENT="Dec." ID="St_1.2.26.13" HPOS="1540" VPOS="4216" HEIGHT="80" WIDTH="212" STYLEREFS="Style_14" WC="0.916666666666667" CC="0000"/>
						<SP ID="SP_1.2.26.14" HPOS="1744" VPOS="4252" WIDTH="40"/>
						<String CONTENT="1" ID="St_1.2.26.15" HPOS="1820" VPOS="4220" HEIGHT="72" WIDTH="48" STYLEREFS="Style_14" WC="0.922222222222222" CC="0"/>
						<String CONTENT="3" ID="St_1.2.26.16" HPOS="1876" VPOS="4220" HEIGHT="72" WIDTH="52" STYLEREFS="Style_14" WC="0.925555555555556" CC="0"/>
						<String CONTENT=";" ID="St_1.2.26.17" HPOS="1960" VPOS="4240" HEIGHT="68" WIDTH="16" STYLEREFS="Style_14" WC="0.924444444444444" CC="1"/>
						<SP ID="SP_1.2.26.18" HPOS="1964" VPOS="4232" WIDTH="48"/>
						<String CONTENT="a" ID="St_1.2.26.19" HPOS="2048" VPOS="4236" HEIGHT="56" WIDTH="48" STYLEREFS="Style_14" WC="0.911111111111111" CC="4"/>
						<String CONTENT="ff." ID="St_1.2.26.20" HPOS="2108" VPOS="4216" HEIGHT="80" WIDTH="100" STYLEREFS="Style_14" WC="0.918888888888889" CC="000"/>
						<SP ID="SP_1.2.26.21" HPOS="2200" VPOS="4252" WIDTH="44"/>
						<String CONTENT="Dec." ID="St_1.2.26.22" HPOS="2276" VPOS="4216" HEIGHT="80" WIDTH="216" STYLEREFS="Style_14" WC="0.928888888888889" CC="0000"/>
						<SP ID="SP_1.2.26.23" HPOS="2484" VPOS="4252" WIDTH="40"/>
						<String CONTENT="14;" ID="St_1.2.26.24" HPOS="2556" VPOS="4216" HEIGHT="92" WIDTH="160" STYLEREFS="Style_14" WC="0.935555555555556" CC="000"/>
						<SP ID="SP_1.2.26.25" HPOS="2704" VPOS="4228" WIDTH="48"/>
						<String CONTENT="A" ID="St_1.2.26.26" HPOS="2788" VPOS="4216" HEIGHT="76" WIDTH="76" STYLEREFS="Style_14" WC="0.938888888888889" CC="0"/>
						<SP ID="SP_1.2.26.27" HPOS="2824" VPOS="4220" WIDTH="68"/>
						<String CONTENT="19279;" ID="St_1.2.26.28" HPOS="2928" VPOS="4216" HEIGHT="92" WIDTH="332" STYLEREFS="Style_14" WC="0.946666666666667" CC="000000"/>
						<SP ID="SP_1.2.26.29" HPOS="3248" VPOS="4228" WIDTH="48"/>
						<String CONTENT="Horace" ID="St_1.2.26.30" HPOS="3332" VPOS="4216" HEIGHT="76" WIDTH="372" STYLEREFS="Style_14" WC="0.953333333333333" CC="000000"/>
						<SP ID="SP_1.2.26.31" HPOS="3680" VPOS="4228" WIDTH="60"/>
						<String CONTENT="Liveright," ID="St_1.2.26.32" HPOS="3772" VPOS="4212" HEIGHT="92" WIDTH="516" STYLEREFS="Style_14" WC="0.961111111111111" CC="0000000000"/>
					</TextLine>
					<TextLine ID="TL_1.2.27" HPOS="544" VPOS="4316" HEIGHT="104" WIDTH="3580">
						<String CONTENT="in" ID="St_1.2.27.1" HPOS="544" VPOS="4328" HEIGHT="80" WIDTH="100" STYLEREFS="Style_14" WC="0.555555555555556" CC="44"/>
						<String CONTENT="c." ID="St_1.2.27.2" HPOS="644" VPOS="4348" HEIGHT="68" WIDTH="80" STYLEREFS="Style_14" WC="0.638888888888889" CC="50"/>
						<SP ID="SP_1.2.27.3" HPOS="712" VPOS="4368" WIDTH="76"/>
						<String CONTENT="(30-38" ID="St_1.2.27.4" HPOS="856" VPOS="4328" HEIGHT="92" WIDTH="324" STYLEREFS="Style_14" WC="0.867777777777778" CC="000000"/>
						<String CONTENT="6" ID="St_1.2.27.5" HPOS="1188" VPOS="4328" HEIGHT="80" WIDTH="56" STYLEREFS="Style_14" WC="0.842222222222222" CC="4"/>
						<String CONTENT="9)" ID="St_1.2.27.6" HPOS="1244" VPOS="4328" HEIGHT="92" WIDTH="96" STYLEREFS="Style_14" WC="0.864444444444444" CC="00"/>
						<SP ID="SP_1.2.27.7" HPOS="1328" VPOS="4332" WIDTH="2624"/>
						<String CONTENT="561" ID="St_1.2.27.8" HPOS="3952" VPOS="4316" HEIGHT="84" WIDTH="172" STYLEREFS="Style_14" WC="0.658888888888889" CC="000"/>
					</TextLine>
					<TextLine ID="TL_1.2.28" HPOS="404" VPOS="4508" HEIGHT="128" WIDTH="1728">
						<String CONTENT="Mather," ID="St_1.2.28.1" HPOS="404" VPOS="4508" HEIGHT="128" WIDTH="500" STYLEREFS="Style_14" WC="1" CC="0000000"/>
						<SP ID="SP_1.2.28.2" HPOS="892" VPOS="4552" WIDTH="48"/>
						<String CONTENT="Cotton," ID="St_1.2.28.3" HPOS="976" VPOS="4512" HEIGHT="124" WIDTH="456" STYLEREFS="Style_14" WC="1" CC="0000000"/>
						<SP ID="SP_1.2.28.4" HPOS="1416" VPOS="4552" WIDTH="52"/>
						<String CONTENT="1663-1728." ID="St_1.2.28.5" HPOS="1504" VPOS="4516" HEIGHT="100" WIDTH="628" STYLEREFS="Style_14" WC="0.982222222222222" CC="0000000031"/>
					</TextLine>
					<TextLine ID="TL_1.2.29" HPOS="544" VPOS="4656" HEIGHT="136" WIDTH="3756">
						<String CONTENT="The" ID="St_1.2.29.1" HPOS="544" VPOS="4660" HEIGHT="100" WIDTH="232" STYLEREFS="Style_14" WC="1" CC="000"/>
						<SP ID="SP_1.2.29.2" HPOS="748" VPOS="4676" WIDTH="68"/>
						<String CONTENT="life" ID="St_1.2.29.3" HPOS="852" VPOS="4660" HEIGHT="100" WIDTH="204" STYLEREFS="Style_14" WC="1" CC="0000"/>
						<SP ID="SP_1.2.29.4" HPOS="1028" VPOS="4676" WIDTH="68"/>
						<String CONTENT="of" ID="St_1.2.29.5" HPOS="1132" VPOS="4660" HEIGHT="100" WIDTH="124" STYLEREFS="Style_14" WC="1" CC="00"/>
						<SP ID="SP_1.2.29.6" HPOS="1228" VPOS="4664" WIDTH="68"/>
						<String CONTENT="Sir" ID="St_1.2.29.7" HPOS="1332" VPOS="4656" HEIGHT="108" WIDTH="184" STYLEREFS="Style_14" WC="1" CC="000"/>
						<SP ID="SP_1.2.29.8" HPOS="1488" VPOS="4680" WIDTH="64"/>
						<String CONTENT="William" ID="St_1.2.29.9" HPOS="1588" VPOS="4660" HEIGHT="104" WIDTH="504" STYLEREFS="Style_14" WC="1" CC="0000000"/>
						<SP ID="SP_1.2.29.10" HPOS="2040" VPOS="4676" WIDTH="92"/>
						<String CONTENT="Phips," ID="St_1.2.29.11" HPOS="2168" VPOS="4656" HEIGHT="136" WIDTH="392" STYLEREFS="Style_14" WC="1" CC="000000"/>
						<SP ID="SP_1.2.29.12" HPOS="2548" VPOS="4696" WIDTH="52"/>
						<String CONTENT="by" ID="St_1.2.29.13" HPOS="2636" VPOS="4660" HEIGHT="132" WIDTH="144" STYLEREFS="Style_14" WC="1" CC="00"/>
						<SP ID="SP_1.2.29.14" HPOS="2744" VPOS="4676" WIDTH="76"/>
						<String CONTENT="Cotton" ID="St_1.2.29.15" HPOS="2860" VPOS="4660" HEIGHT="100" WIDTH="408" STYLEREFS="Style_14" WC="1" CC="000000"/>
						<SP ID="SP_1.2.29.16" HPOS="3232" VPOS="4676" WIDTH="76"/>
						<String CONTENT="Mather;" ID="St_1.2.29.17" HPOS="3348" VPOS="4660" HEIGHT="124" WIDTH="500" STYLEREFS="Style_14" WC="1" CC="0000000"/>
						<SP ID="SP_1.2.29.18" HPOS="3836" VPOS="4676" WIDTH="56"/>
						<String CONTENT="edited" ID="St_1.2.29.19" HPOS="3932" VPOS="4656" HEIGHT="100" WIDTH="368" STYLEREFS="Style_14" WC="1" CC="000000"/>
					</TextLine>
					<TextLine ID="TL_1.2.30" HPOS="408" VPOS="4808" HEIGHT="136" WIDTH="3892">
						<String CONTENT="with" ID="St_1.2.30.1" HPOS="408" VPOS="4812" HEIGHT="100" WIDTH="272" STYLEREFS="Style_14" WC="1" CC="0000"/>
						<SP ID="SP_1.2.30.2" HPOS="644" VPOS="4812" WIDTH="84"/>
						<String CONTENT="a" ID="St_1.2.30.3" HPOS="776" VPOS="4844" HEIGHT="68" WIDTH="60" STYLEREFS="Style_14" WC="1" CC="0"/>
						<SP ID="SP_1.2.30.4" HPOS="804" VPOS="4828" WIDTH="80"/>
						<String CONTENT="preface" ID="St_1.2.30.5" HPOS="932" VPOS="4808" HEIGHT="132" WIDTH="448" STYLEREFS="Style_14" WC="1" CC="0000000"/>
						<SP ID="SP_1.2.30.6" HPOS="1348" VPOS="4828" WIDTH="76"/>
						<String CONTENT="by" ID="St_1.2.30.7" HPOS="1472" VPOS="4812" HEIGHT="132" WIDTH="144" STYLEREFS="Style_14" WC="1" CC="00"/>
						<SP ID="SP_1.2.30.8" HPOS="1580" VPOS="4828" WIDTH="80"/>
						<String CONTENT="Mark" ID="St_1.2.30.9" HPOS="1708" VPOS="4808" HEIGHT="112" WIDTH="336" STYLEREFS="Style_14" WC="1" CC="0000"/>
						<SP ID="SP_1.2.30.10" HPOS="2004" VPOS="4808" WIDTH="84"/>
						<String CONTENT="Van" ID="St_1.2.30.11" HPOS="2136" VPOS="4812" HEIGHT="104" WIDTH="252" STYLEREFS="Style_14" WC="1" CC="000"/>
						<SP ID="SP_1.2.30.12" HPOS="2348" VPOS="4828" WIDTH="88"/>
						<String CONTENT="Doren." ID="St_1.2.30.13" HPOS="2480" VPOS="4812" HEIGHT="100" WIDTH="408" STYLEREFS="Style_14" WC="1" CC="000000"/>
						<SP ID="SP_1.2.30.14" HPOS="2876" VPOS="4852" WIDTH="92"/>
						<String CONTENT="New" ID="St_1.2.30.15" HPOS="3056" VPOS="4812" HEIGHT="100" WIDTH="264" STYLEREFS="Style_14" WC="1" CC="000"/>
						<SP ID="SP_1.2.30.16" HPOS="3276" VPOS="4828" WIDTH="96"/>
						<String CONTENT="York," ID="St_1.2.30.17" HPOS="3424" VPOS="4808" HEIGHT="132" WIDTH="348" STYLEREFS="Style_14" WC="1" CC="00000"/>
						<SP ID="SP_1.2.30.18" HPOS="3760" VPOS="4852" WIDTH="60"/>
						<String CONTENT="Covi" ID="St_1.2.30.19" HPOS="3868" VPOS="4808" HEIGHT="104" WIDTH="276" STYLEREFS="Style_14" WC="0.985555555555556" CC="0033"/>
						<String CONTENT="c" ID="St_1.2.30.20" HPOS="4156" VPOS="4844" HEIGHT="64" WIDTH="48" STYLEREFS="Style_15" WC="0.978888888888889" CC="3"/>
						<String CONTENT="i-" ID="St_1.2.30.21" HPOS="4216" VPOS="4808" HEIGHT="100" WIDTH="84" STYLEREFS="Style_15" WC="0.971111111111111" CC="31"/>
					</TextLine>
					<TextLine ID="TL_1.2.31" HPOS="408" VPOS="4960" HEIGHT="132" WIDTH="1668">
						<String CONTENT="Friede," ID="St_1.2.31.1" HPOS="408" VPOS="4960" HEIGHT="124" WIDTH="436" STYLEREFS="Style_15" WC="1" CC="0000000"/>
						<SP ID="SP_1.2.31.2" HPOS="832" VPOS="5004" WIDTH="44"/>
						<String CONTENT="incorporated," ID="St_1.2.31.3" HPOS="904" VPOS="4960" HEIGHT="132" WIDTH="816" STYLEREFS="Style_15" WC="1" CC="0000000000000"/>
						<SP ID="SP_1.2.31.4" HPOS="1708" VPOS="5004" WIDTH="44"/>
						<String CONTENT="1929." ID="St_1.2.31.5" HPOS="1784" VPOS="4964" HEIGHT="100" WIDTH="292" STYLEREFS="Style_15" WC="1" CC="00000"/>
					</TextLine>
					<TextLine ID="TL_1.2.32" HPOS="544" VPOS="5112" HEIGHT="104" WIDTH="2244">
						<String CONTENT="xi," ID="St_1.2.32.1" HPOS="544" VPOS="5124" HEIGHT="88" WIDTH="124" STYLEREFS="Style_15" WC="1" CC="000"/>
						<SP ID="SP_1.2.32.2" HPOS="660" VPOS="5144" WIDTH="40"/>
						<String CONTENT="208" ID="St_1.2.32.3" HPOS="724" VPOS="5120" HEIGHT="84" WIDTH="168" STYLEREFS="Style_15" WC="1" CC="000"/>
						<SP ID="SP_1.2.32.4" HPOS="864" VPOS="5116" WIDTH="56"/>
						<String CONTENT="p.," ID="St_1.2.32.5" HPOS="948" VPOS="5144" HEIGHT="72" WIDTH="112" STYLEREFS="Style_15" WC="1" CC="000"/>
						<SP ID="SP_1.2.32.6" HPOS="1052" VPOS="5144" WIDTH="40"/>
						<String CONTENT="1" ID="St_1.2.32.7" HPOS="1120" VPOS="5128" HEIGHT="72" WIDTH="48" STYLEREFS="Style_15" WC="1" CC="0"/>
						<SP ID="SP_1.2.32.8" HPOS="1144" VPOS="5116" WIDTH="56"/>
						<String CONTENT="l" ID="St_1.2.32.9" HPOS="1228" VPOS="5128" HEIGHT="72" WIDTH="28" STYLEREFS="Style_15" WC="1" CC="0"/>
						<String CONTENT="." ID="St_1.2.32.10" HPOS="1268" VPOS="5184" HEIGHT="16" WIDTH="16" STYLEREFS="Style_15" WC="1" CC="0"/>
						<SP ID="SP_1.2.32.11" HPOS="1276" VPOS="5144" WIDTH="68"/>
						<String CONTENT="front." ID="St_1.2.32.12" HPOS="1396" VPOS="5120" HEIGHT="80" WIDTH="292" STYLEREFS="Style_15" WC="1" CC="000000"/>
						<SP ID="SP_1.2.32.13" HPOS="1680" VPOS="5144" WIDTH="40"/>
						<String CONTENT="(port.)" ID="St_1.2.32.14" HPOS="1748" VPOS="5120" HEIGHT="96" WIDTH="332" STYLEREFS="Style_15" WC="1" CC="0000000"/>
						<SP ID="SP_1.2.32.15" HPOS="2064" VPOS="5112" WIDTH="80"/>
						<String CONTENT="21&#x0368;&#x036B;." ID="St_1.2.32.16" HPOS="2212" VPOS="5120" HEIGHT="88" WIDTH="576" STYLEREFS="Style_15" WC="0.987777777777778" CC="00004"/>
					</TextLine>
					<TextLine ID="TL_1.2.33" HPOS="552" VPOS="5224" HEIGHT="100" WIDTH="3188">
						<String CONTENT="&quot;The" ID="St_1.2.33.1" HPOS="552" VPOS="5236" HEIGHT="72" WIDTH="248" STYLEREFS="Style_15" WC="1" CC="0000"/>
						<SP ID="SP_1.2.33.2" HPOS="776" VPOS="5236" WIDTH="56"/>
						<String CONTENT="edition" ID="St_1.2.33.3" HPOS="868" VPOS="5232" HEIGHT="76" WIDTH="360" STYLEREFS="Style_15" WC="1" CC="0000000"/>
						<SP ID="SP_1.2.33.4" HPOS="1196" VPOS="5236" WIDTH="64"/>
						<String CONTENT="is" ID="St_1.2.33.5" HPOS="1292" VPOS="5232" HEIGHT="76" WIDTH="84" STYLEREFS="Style_15" WC="1" CC="00"/>
						<SP ID="SP_1.2.33.6" HPOS="1352" VPOS="5236" WIDTH="56"/>
						<String CONTENT="limited" ID="St_1.2.33.7" HPOS="1444" VPOS="5228" HEIGHT="80" WIDTH="364" STYLEREFS="Style_15" WC="1" CC="0000000"/>
						<SP ID="SP_1.2.33.8" HPOS="1780" VPOS="5228" WIDTH="64"/>
						<String CONTENT="to" ID="St_1.2.33.9" HPOS="1880" VPOS="5236" HEIGHT="72" WIDTH="96" STYLEREFS="Style_15" WC="1" CC="00"/>
						<SP ID="SP_1.2.33.10" HPOS="1948" VPOS="5236" WIDTH="60"/>
						<String CONTENT="fi" ID="St_1.2.33.11" HPOS="2044" VPOS="5228" HEIGHT="80" WIDTH="60" STYLEREFS="Style_15" WC="1" CC="00"/>
						<String CONTENT="v" ID="St_1.2.33.12" HPOS="2112" VPOS="5252" HEIGHT="56" WIDTH="56" STYLEREFS="Style_15" WC="0.988888888888889" CC="3"/>
						<String CONTENT="e-hundred" ID="St_1.2.33.13" HPOS="2176" VPOS="5232" HEIGHT="76" WIDTH="516" STYLEREFS="Style_15" WC="0.982222222222222" CC="300000000"/>
						<SP ID="SP_1.2.33.14" HPOS="2664" VPOS="5224" WIDTH="64"/>
						<String CONTENT="numbered" ID="St_1.2.33.15" HPOS="2764" VPOS="5232" HEIGHT="76" WIDTH="508" STYLEREFS="Style_15" WC="0.985555555555556" CC="00000000"/>
						<SP ID="SP_1.2.33.16" HPOS="3244" VPOS="5228" WIDTH="64"/>
						<String CONTENT="copies.&quot;" ID="St_1.2.33.17" HPOS="3344" VPOS="5228" HEIGHT="96" WIDTH="396" STYLEREFS="Style_15" WC="0.987777777777778" CC="00000000"/>
					</TextLine>
					<TextLine ID="TL_1.2.34" HPOS="548" VPOS="5336" HEIGHT="96" WIDTH="3756">
						<String CONTENT="Published" ID="St_1.2.34.1" HPOS="548" VPOS="5340" HEIGHT="80" WIDTH="512" STYLEREFS="Style_15" WC="0.95" CC="000400000"/>
						<SP ID="SP_1.2.34.2" HPOS="1032" VPOS="5336" WIDTH="60"/>
						<String CONTENT="in" ID="St_1.2.34.3" HPOS="1116" VPOS="5340" HEIGHT="76" WIDTH="100" STYLEREFS="Style_15" WC="0.962222222222222" CC="00"/>
						<SP ID="SP_1.2.34.4" HPOS="1188" VPOS="5344" WIDTH="52"/>
						<String CONTENT="16" ID="St_1.2.34.5" HPOS="1264" VPOS="5340" HEIGHT="76" WIDTH="112" STYLEREFS="Style_15" WC="0.97" CC="00"/>
						<String CONTENT="9" ID="St_1.2.34.6" HPOS="1384" VPOS="5340" HEIGHT="80" WIDTH="48" STYLEREFS="Style_15" WC="0.944444444444444" CC="4"/>
						<String CONTENT="7" ID="St_1.2.34.7" HPOS="1440" VPOS="5344" HEIGHT="76" WIDTH="52" STYLEREFS="Style_15" WC="0.946666666666667" CC="0"/>
						<SP ID="SP_1.2.34.8" HPOS="1464" VPOS="5336" WIDTH="56"/>
						<String CONTENT="under" ID="St_1.2.34.9" HPOS="1548" VPOS="5344" HEIGHT="76" WIDTH="296" STYLEREFS="Style_15" WC="0.961111111111111" CC="00000"/>
						<SP ID="SP_1.2.34.10" HPOS="1820" VPOS="5344" WIDTH="52"/>
						<String CONTENT="title:" ID="St_1.2.34.11" HPOS="1900" VPOS="5340" HEIGHT="80" WIDTH="264" STYLEREFS="Style_15" WC="0.947777777777778" CC="003300"/>
						<SP ID="SP_1.2.34.12" HPOS="2152" VPOS="5344" WIDTH="44"/>
						<String CONTENT="Pietas" ID="St_1.2.34.13" HPOS="2224" VPOS="5336" HEIGHT="84" WIDTH="324" STYLEREFS="Style_15" WC="0.957777777777778" CC="000000"/>
						<SP ID="SP_1.2.34.14" HPOS="2524" VPOS="5344" WIDTH="52"/>
						<String CONTENT="in" ID="St_1.2.34.15" HPOS="2604" VPOS="5340" HEIGHT="76" WIDTH="100" STYLEREFS="Style_15" WC="0.961111111111111" CC="00"/>
						<SP ID="SP_1.2.34.16" HPOS="2672" VPOS="5344" WIDTH="60"/>
						<String CONTENT="patriam:" ID="St_1.2.34.17" HPOS="2756" VPOS="5340" HEIGHT="92" WIDTH="468" STYLEREFS="Style_15" WC="0.967777777777778" CC="00000000"/>
						<SP ID="SP_1.2.34.18" HPOS="3216" VPOS="5344" WIDTH="44"/>
						<String CONTENT="the" ID="St_1.2.34.19" HPOS="3292" VPOS="5344" HEIGHT="76" WIDTH="156" STYLEREFS="Style_15" WC="0.97" CC="000"/>
						<SP ID="SP_1.2.34.20" HPOS="3424" VPOS="5344" WIDTH="52"/>
						<String CONTENT="life" ID="St_1.2.34.21" HPOS="3500" VPOS="5340" HEIGHT="80" WIDTH="176" STYLEREFS="Style_15" WC="0.958888888888889" CC="3130"/>
						<SP ID="SP_1.2.34.22" HPOS="3648" VPOS="5344" WIDTH="60"/>
						<String CONTENT="of" ID="St_1.2.34.23" HPOS="3736" VPOS="5344" HEIGHT="76" WIDTH="96" STYLEREFS="Style_15" WC="0.961111111111111" CC="00"/>
						<SP ID="SP_1.2.34.24" HPOS="3808" VPOS="5336" WIDTH="56"/>
						<String CONTENT="His" ID="St_1.2.34.25" HPOS="3892" VPOS="5340" HEIGHT="76" WIDTH="176" STYLEREFS="Style_15" WC="0.956666666666667" CC="400"/>
						<SP ID="SP_1.2.34.26" HPOS="4044" VPOS="5344" WIDTH="52"/>
						<String CONTENT="Ex-" ID="St_1.2.34.27" HPOS="4124" VPOS="5344" HEIGHT="72" WIDTH="180" STYLEREFS="Style_15" WC="0.958888888888889" CC="000"/>
					</TextLine>
					<TextLine ID="TL_1.2.35" HPOS="412" VPOS="5448" HEIGHT="92" WIDTH="1732">
						<String CONTENT="cellency" ID="St_1.2.35.1" HPOS="412" VPOS="5452" HEIGHT="88" WIDTH="408" STYLEREFS="Style_15" WC="0.944444444444444" CC="40000000"/>
						<SP ID="SP_1.2.35.2" HPOS="792" VPOS="5452" WIDTH="60"/>
						<String CONTENT="Sir" ID="St_1.2.35.3" HPOS="884" VPOS="5448" HEIGHT="80" WIDTH="152" STYLEREFS="Style_15" WC="0.962222222222222" CC="000"/>
						<SP ID="SP_1.2.35.4" HPOS="1012" VPOS="5456" WIDTH="56"/>
						<String CONTENT="William" ID="St_1.2.35.5" HPOS="1096" VPOS="5448" HEIGHT="80" WIDTH="416" STYLEREFS="Style_15" WC="0.977777777777778" CC="0000000"/>
						<SP ID="SP_1.2.35.6" HPOS="1468" VPOS="5456" WIDTH="76"/>
						<String CONTENT="Phips," ID="St_1.2.35.7" HPOS="1576" VPOS="5448" HEIGHT="92" WIDTH="312" STYLEREFS="Style_15" WC="0.983333333333333" CC="000000"/>
						<SP ID="SP_1.2.35.8" HPOS="1880" VPOS="5476" WIDTH="40"/>
						<String CONTENT="k" ID="St_1.2.35.9" HPOS="1948" VPOS="5452" HEIGHT="72" WIDTH="60" STYLEREFS="Style_15" WC="0.984444444444444" CC="0"/>
						<String CONTENT="n" ID="St_1.2.35.10" HPOS="2012" VPOS="5468" HEIGHT="56" WIDTH="60" STYLEREFS="Style_15" WC="0.966666666666667" CC="5"/>
						<String CONTENT="r." ID="St_1.2.35.11" HPOS="2084" VPOS="5468" HEIGHT="60" WIDTH="60" STYLEREFS="Style_15" WC="0.961111111111111" CC="11"/>
					</TextLine>
					<TextLine ID="TL_1.2.36" HPOS="436" VPOS="5544" HEIGHT="112" WIDTH="3864">
						<String CONTENT="&#x00A9;" ID="St_1.2.36.1" HPOS="436" VPOS="5544" HEIGHT="92" WIDTH="96" STYLEREFS="Style_15" WC="0.555555555555556" CC="4"/>
						<SP ID="SP_1.2.36.2" HPOS="484" VPOS="5544" WIDTH="76"/>
						<String CONTENT="Dec." ID="St_1.2.36.3" HPOS="584" VPOS="5560" HEIGHT="76" WIDTH="216" STYLEREFS="Style_15" WC="0.814444444444444" CC="1400"/>
						<SP ID="SP_1.2.36.4" HPOS="792" VPOS="5584" WIDTH="36"/>
						<String CONTENT="27," ID="St_1.2.36.5" HPOS="856" VPOS="5560" HEIGHT="88" WIDTH="132" STYLEREFS="Style_15" WC="0.844444444444444" CC="004"/>
						<SP ID="SP_1.2.36.6" HPOS="980" VPOS="5584" WIDTH="36"/>
						<String CONTENT="1929;" ID="St_1.2.36.7" HPOS="1040" VPOS="5560" HEIGHT="88" WIDTH="276" STYLEREFS="Style_15" WC="0.902222222222222" CC="00000"/>
						<SP ID="SP_1.2.36.8" HPOS="1308" VPOS="5564" WIDTH="40"/>
						<String CONTENT="2c" ID="St_1.2.36.9" HPOS="1372" VPOS="5560" HEIGHT="72" WIDTH="100" STYLEREFS="Style_16" WC="0.888888888888889" CC="05"/>
						<String CONTENT="." ID="St_1.2.36.10" HPOS="1484" VPOS="5624" HEIGHT="12" WIDTH="16" STYLEREFS="Style_17" WC="0.888888888888889" CC="1"/>
						<SP ID="SP_1.2.36.11" HPOS="1492" VPOS="5592" WIDTH="40"/>
						<String CONTENT="Dec." ID="St_1.2.36.12" HPOS="1556" VPOS="5560" HEIGHT="76" WIDTH="216" STYLEREFS="Style_17" WC="0.884444444444444" CC="3101"/>
						<SP ID="SP_1.2.36.13" HPOS="1764" VPOS="5584" WIDTH="36"/>
						<String CONTENT="30" ID="St_1.2.36.14" HPOS="1828" VPOS="5556" HEIGHT="80" WIDTH="108" STYLEREFS="Style_17" WC="0.876666666666667" CC="31"/>
						<String CONTENT=";" ID="St_1.2.36.15" HPOS="1972" VPOS="5580" HEIGHT="68" WIDTH="16" STYLEREFS="Style_17" WC="0.876666666666667" CC="1"/>
						<SP ID="SP_1.2.36.16" HPOS="1980" VPOS="5564" WIDTH="40"/>
						<String CONTENT="a" ID="St_1.2.36.17" HPOS="2048" VPOS="5576" HEIGHT="60" WIDTH="56" STYLEREFS="Style_17" WC="0.87" CC="3"/>
						<String CONTENT="f" ID="St_1.2.36.18" HPOS="2108" VPOS="5560" HEIGHT="72" WIDTH="40" STYLEREFS="Style_17" WC="0.861111111111111" CC="4"/>
						<String CONTENT="f." ID="St_1.2.36.19" HPOS="2144" VPOS="5560" HEIGHT="76" WIDTH="60" STYLEREFS="Style_17" WC="0.868888888888889" CC="00"/>
						<SP ID="SP_1.2.36.20" HPOS="2196" VPOS="5584" WIDTH="40"/>
						<String CONTENT="Feb." ID="St_1.2.36.21" HPOS="2264" VPOS="5560" HEIGHT="76" WIDTH="212" STYLEREFS="Style_17" WC="0.885555555555556" CC="0000"/>
						<SP ID="SP_1.2.36.22" HPOS="2468" VPOS="5584" WIDTH="40"/>
						<String CONTENT="1," ID="St_1.2.36.23" HPOS="2536" VPOS="5560" HEIGHT="96" WIDTH="76" STYLEREFS="Style_17" WC="0.893333333333333" CC="00"/>
						<SP ID="SP_1.2.36.24" HPOS="2604" VPOS="5584" WIDTH="36"/>
						<String CONTENT="1930;" ID="St_1.2.36.25" HPOS="2668" VPOS="5556" HEIGHT="92" WIDTH="276" STYLEREFS="Style_17" WC="0.906666666666667" CC="00000"/>
						<SP ID="SP_1.2.36.26" HPOS="2932" VPOS="5564" WIDTH="36"/>
						<String CONTENT="A" ID="St_1.2.36.27" HPOS="2996" VPOS="5560" HEIGHT="76" WIDTH="84" STYLEREFS="Style_17" WC="0.911111111111111" CC="0"/>
						<SP ID="SP_1.2.36.28" HPOS="3036" VPOS="5552" WIDTH="72"/>
						<String CONTENT="181" ID="St_1.2.36.29" HPOS="3136" VPOS="5560" HEIGHT="76" WIDTH="164" STYLEREFS="Style_17" WC="0.916666666666667" CC="000"/>
						<String CONTENT="5" ID="St_1.2.36.30" HPOS="3308" VPOS="5560" HEIGHT="76" WIDTH="48" STYLEREFS="Style_17" WC="0.911111111111111" CC="4"/>
						<String CONTENT="2;" ID="St_1.2.36.31" HPOS="3360" VPOS="5560" HEIGHT="92" WIDTH="104" STYLEREFS="Style_17" WC="0.913333333333333" CC="00"/>
						<SP ID="SP_1.2.36.32" HPOS="3452" VPOS="5560" WIDTH="44"/>
						<String CONTENT="Covici," ID="St_1.2.36.33" HPOS="3532" VPOS="5560" HEIGHT="88" WIDTH="340" STYLEREFS="Style_17" WC="0.924444444444444" CC="0000000"/>
						<SP ID="SP_1.2.36.34" HPOS="3864" VPOS="5580" WIDTH="40"/>
						<String CONTENT="Friede," ID="St_1.2.36.35" HPOS="3932" VPOS="5560" HEIGHT="88" WIDTH="368" STYLEREFS="Style_17" WC="0.932222222222222" CC="0000000"/>
					</TextLine>
					<TextLine ID="TL_1.2.37" HPOS="560" VPOS="5652" HEIGHT="112" WIDTH="3576">
						<String CONTENT="inc." ID="St_1.2.37.1" HPOS="560" VPOS="5668" HEIGHT="80" WIDTH="176" STYLEREFS="Style_17" WC="1" CC="0000"/>
						<SP ID="SP_1.2.37.2" HPOS="728" VPOS="5692" WIDTH="68"/>
						<String CONTENT="[" ID="St_1.2.37.3" HPOS="856" VPOS="5708" HEIGHT="56" WIDTH="20" STYLEREFS="Style_17" WC="0.851111111111111" CC="8"/>
						<String CONTENT="&#x00A9;" ID="St_1.2.37.4" HPOS="904" VPOS="5652" HEIGHT="92" WIDTH="84" STYLEREFS="Style_17" WC="0.793333333333333" CC="5"/>
						<SP ID="SP_1.2.37.5" HPOS="936" VPOS="5652" WIDTH="84"/>
						<String CONTENT="preface" ID="St_1.2.37.6" HPOS="1048" VPOS="5668" HEIGHT="92" WIDTH="384" STYLEREFS="Style_17" WC="0.903333333333333" CC="0000000"/>
						<SP ID="SP_1.2.37.7" HPOS="1408" VPOS="5672" WIDTH="52"/>
						<String CONTENT="by" ID="St_1.2.37.8" HPOS="1488" VPOS="5668" HEIGHT="92" WIDTH="116" STYLEREFS="Style_17" WC="0.918888888888889" CC="00"/>
						<SP ID="SP_1.2.37.9" HPOS="1576" VPOS="5672" WIDTH="60"/>
						<String CONTENT="Carl" ID="St_1.2.37.10" HPOS="1664" VPOS="5668" HEIGHT="76" WIDTH="224" STYLEREFS="Style_17" WC="0.936666666666667" CC="0000"/>
						<SP ID="SP_1.2.37.11" HPOS="1872" VPOS="5664" WIDTH="48"/>
						<String CONTENT="Van" ID="St_1.2.37.12" HPOS="1944" VPOS="5668" HEIGHT="76" WIDTH="204" STYLEREFS="Style_17" WC="0.884444444444444" CC="780"/>
						<SP ID="SP_1.2.37.13" HPOS="2120" VPOS="5672" WIDTH="60"/>
						<String CONTENT="Doren" ID="St_1.2.37.14" HPOS="2212" VPOS="5668" HEIGHT="80" WIDTH="312" STYLEREFS="Style_17" WC="0.905555555555556" CC="00000"/>
						<SP ID="SP_1.2.37.15" HPOS="2540" VPOS="5680" WIDTH="80"/>
						<String CONTENT="(30-2356)" ID="St_1.2.37.16" HPOS="2692" VPOS="5668" HEIGHT="96" WIDTH="492" STYLEREFS="Style_17" WC="0.926666666666667" CC="000000000"/>
						<SP ID="SP_1.2.37.17" HPOS="3168" VPOS="5656" WIDTH="796"/>
						<String CONTENT="562" ID="St_1.2.37.18" HPOS="3964" VPOS="5668" HEIGHT="80" WIDTH="172" STYLEREFS="Style_17" WC="0.861111111111111" CC="000"/>
					</TextLine>
					<TextLine ID="TL_1.2.38" HPOS="416" VPOS="5824" HEIGHT="136" WIDTH="1944">
						<String CONTENT="Michigan." ID="St_1.2.38.1" HPOS="416" VPOS="5824" HEIGHT="124" WIDTH="624" STYLEREFS="Style_17" WC="1" CC="000000000"/>
						<SP ID="SP_1.2.38.2" HPOS="1024" VPOS="5864" WIDTH="84"/>
						<String CONTENT="Laws," ID="St_1.2.38.3" HPOS="1180" VPOS="5824" HEIGHT="132" WIDTH="360" STYLEREFS="Style_17" WC="1" CC="00000"/>
						<SP ID="SP_1.2.38.4" HPOS="1524" VPOS="5864" WIDTH="44"/>
						<String CONTENT="statutes," ID="St_1.2.38.5" HPOS="1600" VPOS="5836" HEIGHT="124" WIDTH="500" STYLEREFS="Style_17" WC="1" CC="000000000"/>
						<SP ID="SP_1.2.38.6" HPOS="2088" VPOS="5868" WIDTH="44"/>
						<String CONTENT="etc." ID="St_1.2.38.7" HPOS="2164" VPOS="5836" HEIGHT="96" WIDTH="196" STYLEREFS="Style_17" WC="1" CC="0000"/>
					</TextLine>
					<TextLine ID="TL_1.2.39" HPOS="556" VPOS="5968" HEIGHT="140" WIDTH="3756">
						<String CONTENT="Michigan" ID="St_1.2.39.1" HPOS="556" VPOS="5972" HEIGHT="132" WIDTH="576" STYLEREFS="Style_17" WC="1" CC="00000000"/>
						<SP ID="SP_1.2.39.2" HPOS="1092" VPOS="5988" WIDTH="76"/>
						<String CONTENT="code" ID="St_1.2.39.3" HPOS="1204" VPOS="5972" HEIGHT="100" WIDTH="264" STYLEREFS="Style_17" WC="1" CC="0000"/>
						<SP ID="SP_1.2.39.4" HPOS="1436" VPOS="5988" WIDTH="64"/>
						<String CONTENT="of" ID="St_1.2.39.5" HPOS="1532" VPOS="5968" HEIGHT="104" WIDTH="128" STYLEREFS="Style_17" WC="1" CC="00"/>
						<SP ID="SP_1.2.39.6" HPOS="1632" VPOS="5972" WIDTH="60"/>
						<String CONTENT="criminal" ID="St_1.2.39.7" HPOS="1724" VPOS="5972" HEIGHT="104" WIDTH="512" STYLEREFS="Style_17" WC="1" CC="00000000"/>
						<SP ID="SP_1.2.39.8" HPOS="2212" VPOS="5968" WIDTH="56"/>
						<String CONTENT="procedure," ID="St_1.2.39.9" HPOS="2308" VPOS="5972" HEIGHT="132" WIDTH="640" STYLEREFS="Style_17" WC="1" CC="0000000000"/>
						<SP ID="SP_1.2.39.10" HPOS="2932" VPOS="6008" WIDTH="48"/>
						<String CONTENT="annotated," ID="St_1.2.39.11" HPOS="3020" VPOS="5972" HEIGHT="108" WIDTH="636" STYLEREFS="Style_17" WC="1" CC="0000000000"/>
						<SP ID="SP_1.2.39.12" HPOS="3640" VPOS="6012" WIDTH="52"/>
						<String CONTENT="including" ID="St_1.2.39.13" HPOS="3732" VPOS="5972" HEIGHT="136" WIDTH="580" STYLEREFS="Style_17" WC="1" CC="000000000"/>
					</TextLine>
					<TextLine ID="TL_1.2.40" HPOS="420" VPOS="6120" HEIGHT="136" WIDTH="3884">
						<String CONTENT="list" ID="St_1.2.40.1" HPOS="420" VPOS="6124" HEIGHT="100" WIDTH="188" STYLEREFS="Style_17" WC="1" CC="0000"/>
						<SP ID="SP_1.2.40.2" HPOS="584" VPOS="6128" WIDTH="56"/>
						<String CONTENT="of" ID="St_1.2.40.3" HPOS="676" VPOS="6120" HEIGHT="100" WIDTH="124" STYLEREFS="Style_17" WC="1" CC="00"/>
						<SP ID="SP_1.2.40.4" HPOS="772" VPOS="6124" WIDTH="56"/>
						<String CONTENT="criminal" ID="St_1.2.40.5" HPOS="864" VPOS="6124" HEIGHT="100" WIDTH="512" STYLEREFS="Style_17" WC="1" CC="00000000"/>
						<SP ID="SP_1.2.40.6" HPOS="1356" VPOS="6120" WIDTH="52"/>
						<String CONTENT="charges" ID="St_1.2.40.7" HPOS="1444" VPOS="6124" HEIGHT="132" WIDTH="456" STYLEREFS="Style_17" WC="1" CC="0000000"/>
						<SP ID="SP_1.2.40.8" HPOS="1872" VPOS="6140" WIDTH="60"/>
						<String CONTENT="with" ID="St_1.2.40.9" HPOS="1968" VPOS="6124" HEIGHT="100" WIDTH="272" STYLEREFS="Style_17" WC="1" CC="0000"/>
						<SP ID="SP_1.2.40.10" HPOS="2200" VPOS="6120" WIDTH="72"/>
						<String CONTENT="statute" ID="St_1.2.40.11" HPOS="2312" VPOS="6128" HEIGHT="96" WIDTH="408" STYLEREFS="Style_17" WC="1" CC="0000000"/>
						<SP ID="SP_1.2.40.12" HPOS="2692" VPOS="6140" WIDTH="64"/>
						<String CONTENT="sections," ID="St_1.2.40.13" HPOS="2792" VPOS="6124" HEIGHT="132" WIDTH="504" STYLEREFS="Style_17" WC="1" CC="000000000"/>
						<SP ID="SP_1.2.40.14" HPOS="3280" VPOS="6160" WIDTH="52"/>
						<String CONTENT="Code" ID="St_1.2.40.15" HPOS="3372" VPOS="6124" HEIGHT="104" WIDTH="300" STYLEREFS="Style_17" WC="1" CC="0000"/>
						<SP ID="SP_1.2.40.16" HPOS="3640" VPOS="6140" WIDTH="64"/>
						<String CONTENT="of" ID="St_1.2.40.17" HPOS="3740" VPOS="6124" HEIGHT="100" WIDTH="128" STYLEREFS="Style_17" WC="1" CC="00"/>
						<SP ID="SP_1.2.40.18" HPOS="3836" VPOS="6120" WIDTH="68"/>
						<String CONTENT="proce-" ID="St_1.2.40.19" HPOS="3944" VPOS="6160" HEIGHT="92" WIDTH="360" STYLEREFS="Style_17" WC="1" CC="000000"/>
					</TextLine>
					<TextLine ID="TL_1.2.41" HPOS="424" VPOS="6268" HEIGHT="140" WIDTH="3888">
						<String CONTENT="dure," ID="St_1.2.41.1" HPOS="424" VPOS="6272" HEIGHT="132" WIDTH="304" STYLEREFS="Style_17" WC="1" CC="00000"/>
						<SP ID="SP_1.2.41.2" HPOS="712" VPOS="6312" WIDTH="52"/>
						<String CONTENT="forms" ID="St_1.2.41.3" HPOS="804" VPOS="6268" HEIGHT="108" WIDTH="352" STYLEREFS="Style_17" WC="1" CC="00000"/>
						<SP ID="SP_1.2.41.4" HPOS="1128" VPOS="6296" WIDTH="64"/>
						<String CONTENT="of" ID="St_1.2.41.5" HPOS="1228" VPOS="6268" HEIGHT="104" WIDTH="124" STYLEREFS="Style_17" WC="1" CC="00"/>
						<SP ID="SP_1.2.41.6" HPOS="1324" VPOS="6276" WIDTH="64"/>
						<String CONTENT="indictments," ID="St_1.2.41.7" HPOS="1424" VPOS="6272" HEIGHT="128" WIDTH="748" STYLEREFS="Style_17" WC="1" CC="000000000000"/>
						<SP ID="SP_1.2.41.8" HPOS="2160" VPOS="6312" WIDTH="48"/>
						<String CONTENT="topical" ID="St_1.2.41.9" HPOS="2248" VPOS="6272" HEIGHT="132" WIDTH="412" STYLEREFS="Style_17" WC="0.986666666666667" CC="0000040"/>
						<SP ID="SP_1.2.41.10" HPOS="2640" VPOS="6272" WIDTH="60"/>
						<String CONTENT="cross-reference" ID="St_1.2.41.11" HPOS="2740" VPOS="6272" HEIGHT="104" WIDTH="904" STYLEREFS="Style_17" WC="0.991111111111111" CC="000000000000000"/>
						<SP ID="SP_1.2.41.12" HPOS="3612" VPOS="6288" WIDTH="68"/>
						<String CONTENT="ind" ID="St_1.2.41.13" HPOS="3724" VPOS="6272" HEIGHT="104" WIDTH="192" STYLEREFS="Style_17" WC="0.991111111111111" CC="000"/>
						<String CONTENT="e" ID="St_1.2.41.14" HPOS="3928" VPOS="6312" HEIGHT="60" WIDTH="52" STYLEREFS="Style_17" WC="0.991111111111111" CC="0"/>
						<String CONTENT="x," ID="St_1.2.41.15" HPOS="3988" VPOS="6312" HEIGHT="92" WIDTH="100" STYLEREFS="Style_17" WC="0.992222222222222" CC="00"/>
						<SP ID="SP_1.2.41.16" HPOS="4076" VPOS="6312" WIDTH="48"/>
						<String CONTENT="by" ID="St_1.2.41.17" HPOS="4168" VPOS="6276" HEIGHT="132" WIDTH="144" STYLEREFS="Style_17" WC="0.992222222222222" CC="00"/>
					</TextLine>
					<TextLine ID="TL_1.2.42" HPOS="424" VPOS="6420" HEIGHT="136" WIDTH="3884">
						<String CONTENT="Harvey" ID="St_1.2.42.1" HPOS="424" VPOS="6420" HEIGHT="136" WIDTH="460" STYLEREFS="Style_17" WC="1" CC="000000"/>
						<SP ID="SP_1.2.42.2" HPOS="844" VPOS="6440" WIDTH="72"/>
						<String CONTENT="B." ID="St_1.2.42.3" HPOS="952" VPOS="6424" HEIGHT="100" WIDTH="128" STYLEREFS="Style_17" WC="1" CC="00"/>
						<SP ID="SP_1.2.42.4" HPOS="1068" VPOS="6464" WIDTH="44"/>
						<String CONTENT="M." ID="St_1.2.42.5" HPOS="1148" VPOS="6424" HEIGHT="100" WIDTH="152" STYLEREFS="Style_17" WC="1" CC="00"/>
						<SP ID="SP_1.2.42.6" HPOS="1288" VPOS="6464" WIDTH="44"/>
						<String CONTENT="Wilds" ID="St_1.2.42.7" HPOS="1368" VPOS="6420" HEIGHT="104" WIDTH="368" STYLEREFS="Style_17" WC="1" CC="00000"/>
						<SP ID="SP_1.2.42.8" HPOS="1712" VPOS="6440" WIDTH="68"/>
						<String CONTENT="&#x0085;" ID="St_1.2.42.9" HPOS="1832" VPOS="6420" HEIGHT="112" WIDTH="72" STYLEREFS="Style_17" WC="1" CC="0"/>
						<SP ID="SP_1.2.42.10" HPOS="1916" VPOS="6484" WIDTH="48"/>
						<String CONTENT="with" ID="St_1.2.42.11" HPOS="2008" VPOS="6424" HEIGHT="100" WIDTH="268" STYLEREFS="Style_17" WC="1" CC="0000"/>
						<SP ID="SP_1.2.42.12" HPOS="2236" VPOS="6424" WIDTH="76"/>
						<String CONTENT="introduction" ID="St_1.2.42.13" HPOS="2352" VPOS="6420" HEIGHT="104" WIDTH="752" STYLEREFS="Style_17" WC="1" CC="000000000000"/>
						<SP ID="SP_1.2.42.14" HPOS="3068" VPOS="6440" WIDTH="68"/>
						<String CONTENT="by" ID="St_1.2.42.15" HPOS="3176" VPOS="6424" HEIGHT="132" WIDTH="152" STYLEREFS="Style_17" WC="1" CC="00"/>
						<SP ID="SP_1.2.42.16" HPOS="3288" VPOS="6440" WIDTH="72"/>
						<String CONTENT="Honorable" ID="St_1.2.42.17" HPOS="3396" VPOS="6424" HEIGHT="100" WIDTH="652" STYLEREFS="Style_17" WC="1" CC="000000000"/>
						<SP ID="SP_1.2.42.18" HPOS="4016" VPOS="6440" WIDTH="60"/>
						<String CONTENT="Al-" ID="St_1.2.42.19" HPOS="4112" VPOS="6424" HEIGHT="100" WIDTH="196" STYLEREFS="Style_17" WC="1" CC="000"/>
					</TextLine>
					<TextLine ID="TL_1.2.43" HPOS="428" VPOS="6568" HEIGHT="140" WIDTH="3888">
						<String CONTENT="fred" ID="St_1.2.43.1" HPOS="428" VPOS="6568" HEIGHT="104" WIDTH="248" STYLEREFS="Style_17" WC="1" CC="0000"/>
						<SP ID="SP_1.2.43.2" HPOS="640" VPOS="6568" WIDTH="60"/>
						<String CONTENT="J." ID="St_1.2.43.3" HPOS="728" VPOS="6572" HEIGHT="104" WIDTH="108" STYLEREFS="Style_17" WC="0.888888888888889" CC="70"/>
						<SP ID="SP_1.2.43.4" HPOS="824" VPOS="6608" WIDTH="36"/>
						<String CONTENT="Murphy" ID="St_1.2.43.5" HPOS="888" VPOS="6572" HEIGHT="132" WIDTH="500" STYLEREFS="Style_17" WC="0.944444444444444" CC="000000"/>
						<SP ID="SP_1.2.43.6" HPOS="1348" VPOS="6584" WIDTH="72"/>
						<String CONTENT="&#x0085;" ID="St_1.2.43.7" HPOS="1444" VPOS="6572" HEIGHT="112" WIDTH="64" STYLEREFS="Style_17" WC="0.951111111111111" CC="0"/>
						<SP ID="SP_1.2.43.8" HPOS="1548" VPOS="6632" WIDTH="76"/>
						<String CONTENT="[Detroit]" ID="St_1.2.43.9" HPOS="1696" VPOS="6572" HEIGHT="128" WIDTH="564" STYLEREFS="Style_17" WC="0.97" CC="000000000"/>
						<SP ID="SP_1.2.43.10" HPOS="2196" VPOS="6596" WIDTH="44"/>
						<String CONTENT="Detroit" ID="St_1.2.43.11" HPOS="2272" VPOS="6572" HEIGHT="100" WIDTH="448" STYLEREFS="Style_17" WC="0.976666666666667" CC="0000000"/>
						<SP ID="SP_1.2.43.12" HPOS="2692" VPOS="6572" WIDTH="52"/>
						<String CONTENT="law" ID="St_1.2.43.13" HPOS="2768" VPOS="6572" HEIGHT="104" WIDTH="212" STYLEREFS="Style_17" WC="0.978888888888889" CC="000"/>
						<SP ID="SP_1.2.43.14" HPOS="2928" VPOS="6584" WIDTH="76"/>
						<String CONTENT="publishing" ID="St_1.2.43.15" HPOS="3032" VPOS="6572" HEIGHT="132" WIDTH="656" STYLEREFS="Style_17" WC="0.983333333333333" CC="0000000000"/>
						<SP ID="SP_1.2.43.16" HPOS="3648" VPOS="6584" WIDTH="64"/>
						<String CONTENT="company," ID="St_1.2.43.17" HPOS="3736" VPOS="6584" HEIGHT="124" WIDTH="580" STYLEREFS="Style_17" WC="0.978888888888889" CC="00400000"/>
					</TextLine>
					<TextLine ID="TL_1.2.44" HPOS="436" VPOS="6724" HEIGHT="96" WIDTH="288">
						<String CONTENT="1930." ID="St_1.2.44.1" HPOS="436" VPOS="6724" HEIGHT="96" WIDTH="288" STYLEREFS="Style_17" WC="1" CC="00000"/>
					</TextLine>
					<TextLine ID="TL_1.2.45" HPOS="576" VPOS="6876" HEIGHT="96" WIDTH="1056">
						<String CONTENT="[" ID="St_1.2.45.1" HPOS="576" VPOS="6916" HEIGHT="56" WIDTH="20" STYLEREFS="Style_17" WC="0.555555555555556" CC="4"/>
						<String CONTENT="252" ID="St_1.2.45.2" HPOS="604" VPOS="6876" HEIGHT="80" WIDTH="168" STYLEREFS="Style_17" WC="0.888888888888889" CC="000"/>
						<String CONTENT="]" ID="St_1.2.45.3" HPOS="772" VPOS="6888" HEIGHT="64" WIDTH="24" STYLEREFS="Style_17" WC="0.911111111111111" CC="0"/>
						<SP ID="SP_1.2.45.4" HPOS="784" VPOS="6888" WIDTH="44"/>
						<String CONTENT="p." ID="St_1.2.45.5" HPOS="860" VPOS="6896" HEIGHT="72" WIDTH="84" STYLEREFS="Style_17" WC="0.944444444444444" CC="00"/>
						<SP ID="SP_1.2.45.6" HPOS="932" VPOS="6900" WIDTH="68"/>
						<String CONTENT="2" ID="St_1.2.45.7" HPOS="1060" VPOS="6876" HEIGHT="76" WIDTH="52" STYLEREFS="Style_17" WC="0.955555555555556" CC="0"/>
						<String CONTENT="1&#x0368;&#x036B;" ID="St_1.2.45.8" HPOS="1120" VPOS="6876" HEIGHT="84" WIDTH="512" STYLEREFS="Style_17" WC="0.931111111111111" CC="400"/>
						<String CONTENT="." ID="St_1.2.45.9" HPOS="1268" VPOS="6940" HEIGHT="16" WIDTH="20" STYLEREFS="Style_17" WC="0.927777777777778" CC="1"/>
					</TextLine>
					<TextLine ID="TL_1.2.46" HPOS="448" VPOS="6968" HEIGHT="124" WIDTH="3860">
						<String CONTENT="&#x00A9;" ID="St_1.2.46.1" HPOS="448" VPOS="6968" HEIGHT="96" WIDTH="96" STYLEREFS="Style_17" WC="0.555555555555556" CC="4"/>
						<SP ID="SP_1.2.46.2" HPOS="496" VPOS="6968" WIDTH="84"/>
						<String CONTENT="Jan." ID="St_1.2.46.3" HPOS="616" VPOS="6984" HEIGHT="80" WIDTH="212" STYLEREFS="Style_17" WC="0.925555555555556" CC="0000"/>
						<SP ID="SP_1.2.46.4" HPOS="816" VPOS="7012" WIDTH="44"/>
						<String CONTENT="14," ID="St_1.2.46.5" HPOS="892" VPOS="6988" HEIGHT="92" WIDTH="132" STYLEREFS="Style_17" WC="0.955555555555556" CC="000"/>
						<SP ID="SP_1.2.46.6" HPOS="1016" VPOS="7008" WIDTH="40"/>
						<String CONTENT="1930;" ID="St_1.2.46.7" HPOS="1088" VPOS="6988" HEIGHT="88" WIDTH="276" STYLEREFS="Style_17" WC="0.972222222222222" CC="00000"/>
						<SP ID="SP_1.2.46.8" HPOS="1356" VPOS="6988" WIDTH="40"/>
						<String CONTENT="2c." ID="St_1.2.46.9" HPOS="1432" VPOS="6988" HEIGHT="76" WIDTH="132" STYLEREFS="Style_17" WC="0.955555555555556" CC="040"/>
						<SP ID="SP_1.2.46.10" HPOS="1552" VPOS="7012" WIDTH="44"/>
						<String CONTENT="and" ID="St_1.2.46.11" HPOS="1628" VPOS="6988" HEIGHT="76" WIDTH="188" STYLEREFS="Style_17" WC="0.962222222222222" CC="000"/>
						<SP ID="SP_1.2.46.12" HPOS="1788" VPOS="6980" WIDTH="60"/>
						<String CONTENT="aff." ID="St_1.2.46.13" HPOS="1880" VPOS="6988" HEIGHT="76" WIDTH="156" STYLEREFS="Style_17" WC="0.968888888888889" CC="0000"/>
						<SP ID="SP_1.2.46.14" HPOS="2028" VPOS="7008" WIDTH="44"/>
						<String CONTENT="Jan." ID="St_1.2.46.15" HPOS="2108" VPOS="6988" HEIGHT="76" WIDTH="216" STYLEREFS="Style_17" WC="0.973333333333333" CC="0000"/>
						<SP ID="SP_1.2.46.16" HPOS="2312" VPOS="7008" WIDTH="44"/>
						<String CONTENT="1" ID="St_1.2.46.17" HPOS="2388" VPOS="6992" HEIGHT="72" WIDTH="52" STYLEREFS="Style_17" WC="0.974444444444444" CC="0"/>
						<String CONTENT="6" ID="St_1.2.46.18" HPOS="2448" VPOS="6980" HEIGHT="76" WIDTH="56" STYLEREFS="Style_17" WC="0.975555555555556" CC="0"/>
						<String CONTENT=";" ID="St_1.2.46.19" HPOS="2528" VPOS="7008" HEIGHT="68" WIDTH="20" STYLEREFS="Style_17" WC="0.975555555555556" CC="0"/>
						<SP ID="SP_1.2.46.20" HPOS="2536" VPOS="6988" WIDTH="44"/>
						<String CONTENT="A" ID="St_1.2.46.21" HPOS="2620" VPOS="6988" HEIGHT="76" WIDTH="76" STYLEREFS="Style_17" WC="0.977777777777778" CC="0"/>
						<SP ID="SP_1.2.46.22" HPOS="2656" VPOS="6980" WIDTH="72"/>
						<String CONTENT="19282;" ID="St_1.2.46.23" HPOS="2760" VPOS="6988" HEIGHT="92" WIDTH="332" STYLEREFS="Style_17" WC="0.98" CC="000000"/>
						<SP ID="SP_1.2.46.24" HPOS="3080" VPOS="6992" WIDTH="48"/>
						<String CONTENT="Harvey" ID="St_1.2.46.25" HPOS="3164" VPOS="6992" HEIGHT="100" WIDTH="388" STYLEREFS="Style_17" WC="0.983333333333333" CC="000000"/>
						<SP ID="SP_1.2.46.26" HPOS="3520" VPOS="6992" WIDTH="64"/>
						<String CONTENT="B." ID="St_1.2.46.27" HPOS="3620" VPOS="6992" HEIGHT="76" WIDTH="104" STYLEREFS="Style_17" WC="0.983333333333333" CC="00"/>
						<SP ID="SP_1.2.46.28" HPOS="3712" VPOS="7012" WIDTH="44"/>
						<String CONTENT="M" ID="St_1.2.46.29" HPOS="3848" VPOS="6992" HEIGHT="72" WIDTH="36" STYLEREFS="Style_17" WC="0.984444444444444" CC="0"/>
						<String CONTENT="." ID="St_1.2.46.30" HPOS="3896" VPOS="7052" HEIGHT="12" WIDTH="12" STYLEREFS="Style_17" WC="0.984444444444444" CC="0"/>
						<SP ID="SP_1.2.46.31" HPOS="3896" VPOS="7012" WIDTH="48"/>
						<String CONTENT="Wilds," ID="St_1.2.46.32" HPOS="3984" VPOS="6988" HEIGHT="96" WIDTH="324" STYLEREFS="Style_17" WC="0.986666666666667" CC="000000"/>
					</TextLine>
					<TextLine ID="TL_1.2.47" HPOS="580" VPOS="7088" HEIGHT="104" WIDTH="3568">
						<String CONTENT="Detroit." ID="St_1.2.47.1" HPOS="580" VPOS="7096" HEIGHT="76" WIDTH="400" STYLEREFS="Style_17" WC="1" CC="00000000"/>
						<SP ID="SP_1.2.47.2" HPOS="972" VPOS="7116" WIDTH="76"/>
						<String CONTENT="(30-3981)" ID="St_1.2.47.3" HPOS="1120" VPOS="7088" HEIGHT="104" WIDTH="484" STYLEREFS="Style_17" WC="0.974444444444444" CC="000000400"/>
						<SP ID="SP_1.2.47.4" HPOS="1588" VPOS="7088" WIDTH="2388"/>
						<String CONTENT="563" ID="St_1.2.47.5" HPOS="3976" VPOS="7096" HEIGHT="80" WIDTH="172" STYLEREFS="Style_17" WC="0.713333333333333" CC="000"/>
					</TextLine>
					<TextLine ID="TL_1.2.48" HPOS="436" VPOS="7248" HEIGHT="128" WIDTH="1384">
						<String CONTENT="Moffatt," ID="St_1.2.48.1" HPOS="436" VPOS="7248" HEIGHT="124" WIDTH="504" STYLEREFS="Style_17" WC="1" CC="00000000"/>
						<SP ID="SP_1.2.48.2" HPOS="924" VPOS="7284" WIDTH="48"/>
						<String CONTENT="James," ID="St_1.2.48.3" HPOS="1000" VPOS="7248" HEIGHT="128" WIDTH="428" STYLEREFS="Style_17" WC="1" CC="000000"/>
						<SP ID="SP_1.2.48.4" HPOS="1412" VPOS="7284" WIDTH="44"/>
						<String CONTENT="1870-" ID="St_1.2.48.5" HPOS="1492" VPOS="7256" HEIGHT="104" WIDTH="328" STYLEREFS="Style_17" WC="1" CC="00000"/>
					</TextLine>
					<TextLine ID="TL_1.2.49" HPOS="576" VPOS="7400" HEIGHT="140" WIDTH="3740">
						<String CONTENT="The" ID="St_1.2.49.1" HPOS="576" VPOS="7400" HEIGHT="104" WIDTH="236" STYLEREFS="Style_17" WC="1" CC="000"/>
						<SP ID="SP_1.2.49.2" HPOS="780" VPOS="7412" WIDTH="68"/>
						<String CONTENT="day" ID="St_1.2.49.3" HPOS="888" VPOS="7400" HEIGHT="136" WIDTH="216" STYLEREFS="Style_17" WC="1" CC="000"/>
						<SP ID="SP_1.2.49.4" HPOS="1068" VPOS="7416" WIDTH="76"/>
						<String CONTENT="before" ID="St_1.2.49.5" HPOS="1180" VPOS="7400" HEIGHT="108" WIDTH="384" STYLEREFS="Style_17" WC="1" CC="000000"/>
						<SP ID="SP_1.2.49.6" HPOS="1532" VPOS="7416" WIDTH="68"/>
						<String CONTENT="yesterday;" ID="St_1.2.49.7" HPOS="1636" VPOS="7408" HEIGHT="132" WIDTH="636" STYLEREFS="Style_17" WC="1" CC="0000000000"/>
						<SP ID="SP_1.2.49.8" HPOS="2260" VPOS="7416" WIDTH="52"/>
						<String CONTENT="the" ID="St_1.2.49.9" HPOS="2360" VPOS="7408" HEIGHT="100" WIDTH="184" STYLEREFS="Style_17" WC="1" CC="000"/>
						<SP ID="SP_1.2.49.10" HPOS="2512" VPOS="7416" WIDTH="68"/>
						<String CONTENT="Fondren" ID="St_1.2.49.11" HPOS="2620" VPOS="7408" HEIGHT="100" WIDTH="520" STYLEREFS="Style_17" WC="1" CC="0000000"/>
						<SP ID="SP_1.2.49.12" HPOS="3104" VPOS="7416" WIDTH="80"/>
						<String CONTENT="lectures" ID="St_1.2.49.13" HPOS="3224" VPOS="7412" HEIGHT="100" WIDTH="460" STYLEREFS="Style_17" WC="1" CC="00000000"/>
						<SP ID="SP_1.2.49.14" HPOS="3656" VPOS="7416" WIDTH="68"/>
						<String CONTENT="for" ID="St_1.2.49.15" HPOS="3764" VPOS="7408" HEIGHT="100" WIDTH="180" STYLEREFS="Style_17" WC="1" CC="000"/>
						<SP ID="SP_1.2.49.16" HPOS="3916" VPOS="7416" WIDTH="68"/>
						<String CONTENT="1929," ID="St_1.2.49.17" HPOS="4024" VPOS="7412" HEIGHT="128" WIDTH="292" STYLEREFS="Style_17" WC="0.991111111111111" CC="00004"/>
					</TextLine>
					<TextLine ID="TL_1.2.50" HPOS="448" VPOS="7552" HEIGHT="140" WIDTH="3880">
						<String CONTENT="delivered" ID="St_1.2.50.1" HPOS="448" VPOS="7552" HEIGHT="100" WIDTH="552" STYLEREFS="Style_17" WC="1" CC="000000000"/>
						<SP ID="SP_1.2.50.2" HPOS="964" VPOS="7552" WIDTH="72"/>
						<String CONTENT="before" ID="St_1.2.50.3" HPOS="1072" VPOS="7552" HEIGHT="100" WIDTH="376" STYLEREFS="Style_17" WC="1" CC="000000"/>
						<SP ID="SP_1.2.50.4" HPOS="1420" VPOS="7572" WIDTH="60"/>
						<String CONTENT="Southern" ID="St_1.2.50.5" HPOS="1516" VPOS="7552" HEIGHT="108" WIDTH="556" STYLEREFS="Style_17" WC="1" CC="00000000"/>
						<SP ID="SP_1.2.50.6" HPOS="2036" VPOS="7572" WIDTH="68"/>
						<String CONTENT="Methodist" ID="St_1.2.50.7" HPOS="2140" VPOS="7556" HEIGHT="104" WIDTH="612" STYLEREFS="Style_17" WC="1" CC="000000000"/>
						<SP ID="SP_1.2.50.8" HPOS="2728" VPOS="7560" WIDTH="56"/>
						<String CONTENT="university," ID="St_1.2.50.9" HPOS="2820" VPOS="7556" HEIGHT="136" WIDTH="652" STYLEREFS="Style_17" WC="1" CC="00000000000"/>
						<SP ID="SP_1.2.50.10" HPOS="3456" VPOS="7596" WIDTH="44"/>
						<String CONTENT="Dallas," ID="St_1.2.50.11" HPOS="3536" VPOS="7556" HEIGHT="132" WIDTH="428" STYLEREFS="Style_17" WC="1" CC="0000000"/>
						<SP ID="SP_1.2.50.12" HPOS="3948" VPOS="7596" WIDTH="44"/>
						<String CONTENT="Tex.," ID="St_1.2.50.13" HPOS="4028" VPOS="7556" HEIGHT="132" WIDTH="300" STYLEREFS="Style_17" WC="1" CC="00000"/>
					</TextLine>
				</TextBlock>
			</PrintSpace>
		</Page>
	</Layout>
</alto>
