4752 8320
2108 7692 256 104 1745

316 708 464 120 Abbott,
840 704 456 104 Austin.

444 884 416 100 Abbott
936 884 264 96 New
1280 884 312 96 York
1664 884 112 96 di
1788 920 68 92 g
1820 884 196 100 test
2096 880 60 112 …
2368 880 768 104 Consolidated
3220 880 440 100 edition.
3808 880 316 100 Octo-

312 1036 216 104 ber,
588 1036 284 96 1930.
1020 1028 692 104 Cumulative
1764 1036 556 124 quarterly
2380 1032 564 128 pamphlet
3032 1040 64 104 …
3272 1028 584 104 Rochester
3916 1036 208 92 and

316 1184 264 96 New
652 1180 312 100 York
1028 1180 256 132 city,
1352 1180 132 100 N.
1568 1180 164 100 Y.,
1808 1184 168 96 Th
1984 1216 52 64 e
2108 1180 508 128 Lawyers
2688 1180 728 128 co-operative
3492 1180 636 128 publishing

312 1372 52 60 c
372 1364 396 96 ompan
776 1364 120 96 y:
992 1328 156 104 St.
1228 1332 312 96 Paul.
1648 1328 128 96 Mi
1796 1364 64 60 n
1872 1364 136 72 n.,
2088 1328 248 104 Wes
2348 1340 44 84 t
2472 1328 640 132 publishing
3188 1364 588 96 company:

324 1484 160 92 Yo
496 1484 128 96 rk
680 1516 56 64 c
740 1480 192 128 ity.
992 1480 100 96 N
1104 1560 20 16 .
1184 1480 104 96 Y
1300 1556 20 20 .
1324 1516 28 56 ,
1412 1480 92 96 B
1520 1480 288 100 aker.
1864 1480 100 96 V
1976 1516 56 52 o
2040 1512 60 60 o
2108 1516 52 60 r
2160 1480 72 92 h
2244 1476 32 100 i
2292 1520 44 56 s
2392 1480 80 92 &
2532 1516 48 52 c
2592 1512 476 100 ompany
3136 1496 128 104 [ͨ
3216 1484 44 92 1
3280 1480 188 92 930
3456 1508 36 76 ]

444 1636 128 88 iii,
652 1632 168 80 330
892 1652 84 72 p.
1088 1632 52 76 2
1148 1632 88 80 5
1220 1636 140 68 0½ͨͫ.

324 1768 92 92 ©
472 1772 192 76 Oct.
712 1768 132 88 17,
892 1768 272 88 1930;
1212 1768 132 88 2e.
1392 1768 184 76 and
1624 1764 100 80 af
1716 1768 44 72 f
1764 1828 16 16 .
1832 1768 224 76 Nov.
2104 1768 48 72 1
2160 1768 60 76 0
2244 1788 16 68 ;
2316 1768 76 72 A
2440 1768 112 76 30
2564 1780 48 68 5
2608 1764 52 76 2
2668 1768 100 88 1;
2824 1768 212 76 Wes
3048 1776 32 68 t
3132 1768 208 92 pub.
3392 1788 132 56 co.
3576 1768 68 76 &
3696 1768 72 76 L
3768 1792 48 48 a
3828 1792 148 64 wy
3984 1792 44 48 e
4036 1792 40 56 r
4080 1792 40 56 s

448 1880 616 92 co-operative
1124 1876 208 92 pub.
1396 1896 124 56 co.
3668 1876 284 76 11301

312 2088 460 124 Adams,
832 2088 164 104 St.
1056 2084 336 124 Clair,
1456 2096 328 92 1906—
2188 2092 156 96 ed.

436 2264 684 104 Workmen's
1172 2260 812 132 compensation
2040 2264 208 100 law
2300 2264 128 100 of
2476 2264 592 100 Louisiana
3148 2268 272 132 (Act
3472 2272 128 96 20
3652 2264 124 104 of
3836 2276 288 100 1914,

312 2444 276 100 page
664 2412 180 136 44)
944 2412 640 132 containing
1660 2412 184 100 the
1920 2420 436 120 present
2436 2412 460 132 reading
2976 2412 116 108 of
3176 2416 180 100 the
3440 2416 684 104 Workmen's

308 2560 808 132 compensation
1172 2564 212 96 law
1444 2560 120 104 of
1616 2560 596 100 Louisiana
2288 2564 268 132 (Act
2616 2568 132 96 20
2800 2560 124 100 of
2988 2572 288 120 1914,
3336 2600 280 96 page
3668 2564 236 132 44),
3964 2564 156 100 in-

308 2708 448 132 cluding
836 2708 144 100 all
1060 2708 184 104 the
1324 2708 744 104 amendments
2140 2744 148 96 up
2368 2720 112 92 to
2560 2708 216 104 and
2856 2708 576 136 including
3504 2716 220 96 Act
3804 2720 52 96 8
3872 2720 52 92 1
4004 2716 120 96 of

312 2864 284 96 1930.
736 2860 112 96 It
908 2860 228 100 also
1192 2860 492 100 contains
1740 2860 180 100 the
1980 2856 900 132 interpretations
2936 2860 356 100 which
3348 2864 188 96 the
3600 2864 524 128 Supreme

308 3020 308 88 court
676 3008 124 100 of
856 3008 184 100 the
1092 3008 416 104 United
1576 3008 392 108 States,
2032 3008 184 100 the
2276 3008 528 132 Supreme
2868 3020 308 92 court
3236 3008 124 100 of
3420 3012 180 100 the
3664 3024 272 88 state
4004 3008 120 104 of

308 3156 588 100 Louisiana
972 3160 216 96 and
1260 3156 184 100 the
1516 3156 440 100 various
2032 3160 400 104 Courts
2508 3156 120 100 of
2708 3160 392 128 appeal
3176 3160 276 100 have
3528 3160 376 128 placed
3988 3196 132 64 on

308 3304 220 100 this
620 3316 172 88 act
880 3340 148 96 up
1116 3316 112 88 to
1320 3304 184 100 the
1600 3316 436 120 present
2124 3304 292 100 time.
2592 3308 636 104 Annotated
3320 3308 144 128 by
3560 3308 160 108 St.
3820 3308 88 108 C
3916 3308 212 104 lair

312 3452 444 116 Adams,
812 3452 136 132 jr.
1060 3464 64 104 …
1284 3456 260 100 New
1612 3452 492 116 Orleans,
2164 3460 124 96 F.
2356 3460 120 100 F.
2544 3456 464 100 Hansell
3068 3460 80 88 &
3212 3456 260 128 bro.,
3536 3460 232 124 ltd.,
3844 3468 180 92 193
4036 3468 56 84 0
4108 3544 16 16 .

436 3608 56 76 2
540 3632 84 72 p.
676 3612 84 80 l.,
812 3608 168 80 156
1028 3632 84 72 p.
1224 3608 284 80 23½ͨͫ.

320 3728 92 96 ©
484 3748 196 76 Oct.
736 3748 76 76 1,
872 3744 268 92 1930;
1204 3744 128 80 2c.
1396 3748 196 76 Oct.
1652 3748 100 84 4;
1820 3744 160 80 aff.
2044 3748 192 76 Oct.
2300 3748 48 72 3
2384 3764 20 72 ;
2468 3748 76 72 A
2604 3744 328 92 29070;
3004 3748 96 76 F.
3164 3748 104 76 F.
3328 3748 392 76 Hansell
3784 3752 68 72 &
3916 3752 188 72 bro.

448 3856 164 80 ltd.
748 3852 532 96 (30-28459)
3668 3856 108 76 11
3788 3856 44 80 3
3848 3856 108 80 02

304 4060 596 128 Aleckson,
960 4064 300 104 Sam.

432 4232 404 104 Before
896 4236 184 100 the
1140 4272 264 92 war,
1468 4236 216 104 and
1756 4236 284 100 after
2104 4236 180 104 the
2348 4236 392 112 union;
2812 4272 132 68 an
3016 4236 904 136 autobiography,
3992 4236 136 132 by

308 4380 256 108 Sam
628 4384 108 100 A
740 4384 40 100 l
788 4424 52 64 e
848 4424 52 60 c
904 4384 268 100 kson
1236 4392 68 108 …
1496 4388 444 132 Boston,
2000 4384 124 92 M
2132 4424 228 88 ass.,
2432 4384 288 104 Gold
2780 4384 308 100 mind
3152 4384 640 132 publishing
3856 4424 52 64 c
3916 4424 60 64 o
3984 4424 144 60 m-

300 4568 292 100 pany
700 4544 96 88 [ͨ1
808 4540 188 96 929
1008 4600 24 64 ]

432 4688 52 72 2
548 4708 60 68 p
612 4752 20 20 .
692 4688 84 88 l.,
848 4684 76 80 [7
928 4724 24 56 ]
960 4688 212 76 -171
1240 4712 84 68 p.
1440 4688 336 80 19½ͨͫ.

320 4812 92 96 ©
480 4832 80 72 D
564 4852 48 52 e
624 4852 64 56 c.
748 4832 132 76 18,
936 4828 268 76 1929;
1264 4828 52 76 2
1324 4852 44 56 c
1380 4896 16 12 .
1452 4832 184 76 and
1696 4832 152 76 aff.
1908 4832 216 76 Dec.
2180 4828 52 76 2
2240 4824 56 72 8
2324 4848 16 72 ;
2404 4828 76 76 A
2536 4828 328 88 17733;
2932 4828 368 80 Samuel
3364 4828 492 96 Williams,
3920 4832 212 72 Bos-

452 4944 180 76 ton.
768 4940 536 92 (30-28490)
3676 4940 160 76 113
3848 4940 48 76 0
3908 4940 48 76 3

312 5148 252 104 Alm
572 5148 68 96 é
640 5180 228 92 ras,
924 5148 360 104 Henri
1344 5148 136 124 d',
1552 5160 316 92 1861—

500 5332 60 104 …
620 5324 408 100 Barras
1076 5328 104 88 et
1232 5360 188 64 son
1472 5336 408 120 temps;
1936 5360 48 64 s
1992 5360 52 64 c
2108 5360 188 64 nes
2344 5336 108 88 et
2504 5324 528 128 portraits
3104 5332 60 104 …
3336 5320 352 128 Paris,
3748 5324 132 96 A.
3920 5320 124 92 M
4052 5320 76 100 i

308 5472 232 104 chel
628 5508 36 80 [
648 5484 52 92 1
712 5480 192 96 930
912 5536 24 64 ]

444 5632 52 76 2
540 5652 84 72 p.
672 5632 88 92 l.,
808 5632 48 76 3
868 5632 104 76 88
1020 5652 108 72 p.
1184 5632 44 76 3
1284 5632 52 76 l.
1456 5628 28 76 i
1492 5628 32 76 l
1528 5632 32 76 l
1564 5652 164 68 us.,
1776 5632 328 92 plates,
2156 5636 288 84 ports.
2556 5628 104 76 21
2676 5628 44 72 ½
2744 5636 40 40 ͨͫ
2820 5692 16 16 .

324 5744 88 88 ©
492 5772 220 88 July
776 5768 48 68 8
828 5796 20 44 ,
920 5768 44 76 1
972 5764 112 72 93
1088 5768 100 76 0;
1260 5768 124 76 1c.
1452 5768 232 88 Aug.
1748 5768 112 68 15
1876 5776 24 60 ;
1976 5760 600 96 A—Foreign
2640 5760 268 92 8739;
2980 5764 280 76 Albin
3328 5764 132 76 Mi
3468 5784 44 60 c
3516 5768 180 76 hel.

472 5876 24 96 (
516 5880 48 76 3
572 5876 432 92 0-28696)
3676 5876 276 84 11301

328 6084 832 132 [Arrowsmith,
1216 6084 488 104 William
1764 6084 364 128 Lunn]

448 6268 232 100 The
744 6264 160 104 Be
904 6280 72 92 g
976 6264 336 100 broke
1376 6264 564 96 loose-leaf
2004 6272 388 100 system
2464 6260 52 100 f
2524 6300 56 56 o
2588 6300 56 60 r
2708 6260 608 108 university
3376 6268 400 96 lecture
3840 6276 248 88 note
4080 6284 48 72 s

324 6452 132 64 an
468 6420 56 96 d
620 6420 144 96 all
848 6416 452 128 literary
1388 6412 296 100 work
1740 6412 64 112 …
2032 6408 476 132 Oxford,
2588 6408 460 104 Printed
3132 6412 140 132 by
3360 6412 300 100 Basil
3748 6416 136 96 Bl
3900 6416 236 100 ack-

324 6568 192 100 wel
528 6572 28 96 l
664 6568 120 104 [ͨ1
784 6572 220 120 930]

456 6756 20 60 [
484 6720 48 76 4
544 6736 128 84 ]
640 6740 80 72 p.
832 6720 540 100 27ͨͫ.

332 6828 84 88 ©
492 6856 40 76 1
544 6852 72 80 c.
672 6856 228 76 Nov.
956 6852 132 76 21,
1152 6852 32 72 1
1204 6852 164 72 930
1404 6872 16 60 ;
1484 6852 80 72 A
1616 6852 120 72 ad
1796 6848 28 76 i
1832 6872 56 52 n
1900 6852 60 72 t.
2020 6848 328 84 14484;
2408 6872 64 68 p
2476 6848 180 76 ubd
2668 6908 16 16 .
2756 6848 244 92 Sept.
3056 6848 48 76 1
3112 6848 56 72 8
3196 6868 16 72 ;
3284 6852 256 72 Basil
3608 6852 112 72 Bl
3728 6872 44 52 a
3788 6852 204 72 ckw
3992 6872 48 52 e
4036 6852 100 92 ll,

460 6964 384 92 Oxford,
916 6960 452 92 England.
3680 6956 100 80 11
3796 6960 48 76 3
3856 6960 48 80 0
3920 6960 12 12 -

320 7144 508 104 Atlantic
892 7148 552 120 reporter.

532 7332 64 104 …
660 7324 148 100 Di
808 7340 72 88 g
896 7360 52 64 e
956 7332 92 92 st
1124 7320 124 100 of
1320 7328 176 92 the
1580 7320 488 96 Atlantic
2148 7328 516 120 reporter.
2812 7352 132 60 vo
2952 7320 40 96 l
3000 7356 44 64 s
3056 7400 16 16 .
3156 7328 128 88 14
3292 7324 56 92 1
3348 7328 128 92 -1
3488 7328 128 88 50
3628 7404 20 24 ,
3724 7328 216 96 and
4000 7332 64 104 …

336 7512 60 60 v
404 7480 404 96 olumes
884 7472 120 100 of
1080 7484 272 88 state
1432 7480 424 116 reports
1928 7476 60 108 …
2140 7464 264 100 with
2480 7464 288 104 table
2844 7464 124 104 of
3040 7480 404 88 statute
3436 7500 52 60 s
3568 7508 60 60 c
3628 7504 164 64 on
3828 7480 36 88 st
3880 7508 48 60 r
3940 7508 56 64 u
3928 7492 40 68 e
4056 7484 64 80 d
