4800 8268
352 660 552 124 Rummel,
964 660 464 120 Walter,
1484 660 484 136 freikerr
2024 652 996 108 von-Continued

476 816 192 92 235,
724 804 92 108 [1]
884 836 80 72 p.
1084 812 108 80 15
1196 812 48 96 1
1252 820 112 72 ".
1472 812 188 96 (On
1708 832 276 60 cover
1992 832 32 60 :
2068 812 132 76 Re
2212 832 44 56 c
2260 812 240 72 lams
2552 808 480 76 universal
3080 804 540 80 bibliothek.
3732 820 60 64 n
3804 832 68 52 r.
3908 808 284 80 7031-

344 924 268 92 [7033]

360 1060 96 92 ©
520 1064 228 80 Nov.
808 1060 136 92 20,
1012 1060 268 88 1929;
1348 1060 124 84 le.
1544 1060 212 76 Jan.
1816 1060 136 88 27,
2020 1056 48 76 1
2072 1056 56 76 9
2128 1052 112 80 30
2272 1076 16 68 ;
2356 1052 600 92 A-Foreign
3020 1052 272 92 6200;
3364 1052 376 96 Philipp
3808 1052 76 76 R
3892 1052 292 80 eelam

492 1172 200 92 jun.
820 1168 88 96 (3
920 1168 56 80 0
980 1168 160 76 -12
1148 1168 52 76 6
1204 1168 156 92 46)
3796 1156 112 84 49
3920 1160 108 80 01

352 1344 448 124 Saville,
864 1348 392 120 Henry
1316 1348 504 124 Martyn,
1888 1356 624 96 1833-1881.

476 1492 108 100 A
660 1496 252 100 scho
920 1496 108 100 ol
1100 1496 300 132 boy's
1480 1496 372 100 letters
1932 1492 124 104 of
2132 1504 816 120 seventy-seven
3028 1528 316 96 years
3424 1528 244 100 ago,
3748 1492 444 100 written

344 1640 296 104 from
700 1644 484 128 Phillips
1256 1644 552 132 academy,
1872 1640 560 128 Andover,
2500 1640 888 128 Massachusetts,
3456 1640 116 104 in
3644 1648 260 96 1852
3972 1644 220 100 and

348 1796 292 124 1853,
696 1792 148 132 by
892 1788 396 136 Henry
1340 1792 456 132 Martyn
1864 1788 448 136 Saville,
2372 1812 52 76 A
2424 1828 44 60 l
2480 1872 20 20 .
2560 1828 96 64 D.
2672 1872 20 48 ,
2752 1792 364 100 edited
3180 1792 272 100 with
3512 1828 64 64 a
3640 1788 552 104 foreword

344 1940 220 104 and
640 1940 372 104 sketch
1088 1940 124 104 of
1288 1940 168 104 his
1536 1940 204 104 life
1816 1940 148 132 by
2036 1940 172 104 his
2288 1940 224 104 sole
2592 1940 580 132 surviving
3248 1976 200 68 son
3532 1940 216 104 and
3824 1976 364 68 name-

340 2124 48 68 s
396 2088 232 136 ake,
688 2092 188 96 the
932 2088 104 100 R
1048 2092 460 100 everend
1568 2088 404 136 Henry
2032 2092 196 96 Ma
2228 2128 56 60 r
2288 2100 48 88 t
2340 2124 148 96 yn
2560 2084 416 108 Saville
3052 2172 108 20 …
3308 2092 220 100 Bos
3536 2100 108 92 to
3652 2128 108 88 n,
3824 2092 368 128 Mass.,

340 2236 132 100 R.
532 2236 132 108 G.
724 2240 448 132 Badger
1268 2244 308 96 [ͨ1930]

476 2396 172 76 137
712 2416 80 72 p.
908 2392 288 80 front.
1252 2392 336 96 (port.)
1716 2396 52 76 1
1772 2392 104 96 9
1980 2456 20 20 ½ͨͫ
1896 2396 68 56 .

364 2524 96 92 ©
512 2528 236 80 Mar.
796 2528 132 92 13,
976 2528 272 92 1930;
1300 2532 56 76 2
1360 2552 44 56 c
1416 2592 16 16 .
1480 2532 216 92 Apr.
1748 2532 160 92 28;
1960 2532 160 76 aff.
2168 2532 224 92 Apr.
2440 2532 160 92 26;
2656 2532 80 76 A
2780 2528 332 96 23100;
3168 2528 412 80 Richard
3636 2532 100 80 G.
3792 2536 400 84 Badger.

512 2636 536 96 (30-12470)
3800 2636 240 84 4902

356 2820 492 124 Savings
896 2824 304 100 bank
1252 2824 124 100 of
1428 2824 376 120 Utica,
1868 2828 100 100 U
1972 2836 44 88 t
2020 2828 100 104 ic
2128 2860 96 96 a,
2272 2828 136 104 N.
2468 2824 136 104 Y.

476 2972 368 132 Utica,
908 2976 184 100 the
1156 2972 228 104 hub
1452 2972 124 104 of
1636 2976 192 100 the
1888 2972 460 132 Empire
2416 2984 336 120 state;
2824 3012 60 64 a
2956 2976 336 128 study
3352 2972 128 104 of
3544 2972 416 108 Utica's
4032 3012 156 68 re-

340 3156 460 96 sources,
876 3124 320 100 made
1268 3124 392 132 chiefly
1732 3124 296 100 from
2104 3124 288 104 office
2464 3124 432 100 records
2976 3124 124 100 of
3168 3128 188 96 the
3432 3124 424 100 federal
3932 3160 256 100 gov

344 3284 496 92 ernment
904 3280 112 92 at
1072 3272 776 132 Washington,
1904 3272 152 132 by
2116 3276 184 100 the
2364 3272 476 132 Savings
2904 3272 296 104 bank
3256 3268 128 108 of
3444 3272 332 108 Utica
3836 3276 120 104 in
4020 3308 164 68 co

344 3424 576 132 öperation
996 3424 272 100 with
1340 3428 188 96 the
1604 3424 332 104 Utica
2016 3424 304 132 daily
2396 3460 304 96 press
2788 3508 108 20 …
3044 3424 368 132 Utica,
3488 3424 136 104 N.
3704 3428 180 124 Y.,
3964 3428 232 100 The

348 3568 472 136 Savings
872 3572 296 104 bank
1220 3572 128 104 of
1396 3572 364 132 Utica,
1824 3572 328 104 01929.

476 3728 116 80 26
640 3748 84 72 p.
836 3728 108 76 ill
952 3748 132 60 us.
1140 3728 148 96 (in
1292 3732 84 76 cl
1384 3788 16 20 .
1456 3728 264 96 map)
1792 3728 344 96 diagrs.
2248 3728 228 80 23".

368 3848 96 92 ©
524 3868 228 76 Nov.
804 3868 140 88 28,
1000 3856 272 100 1929;
1332 3868 132 76 2c.
1524 3868 184 76 and
1768 3856 156 88 aff.
1984 3868 220 92 Apr.
2264 3864 132 92 29,
2456 3864 272 92 1930;
2792 3864 84 76 A
2928 3868 332 88 23117;
3332 3864 400 92 Savings
3788 3860 56 72 b
3848 3868 192 72 ank
4100 3868 96 76 of

496 3976 304 76 Utica.
928 3976 320 92 (30-12
1252 3976 52 76 5
1308 3976 160 96 09)
3800 3968 236 84 4903

348 4156 892 124 Schneidewind,
1304 4156 536 108 Richard.

500 4388 108 20 …
708 4308 716 104 Commercial
1508 4312 612 100 chromium
2200 4312 180 128 pla
2396 4316 44 92 t
2448 4308 196 136 ing
2732 4312 204 132 [by]
3040 4308 492 104 Richard
3620 4308 76 104 S
3704 4348 56 64 c
3760 4308 244 104 hnei
4024 4312 72 96 d
4100 4348 100 60 e

352 4456 292 104 wind
716 4540 108 20 …
988 4460 596 128 [Menasha.,
1640 4460 308 132 Wis.,
2012 4456 424 136 George
2496 4460 364 104 Banta
2924 4456 644 136 publishing
3628 4492 568 100 company,

356 4612 260 96 1930
620 4672 24 64 1

492 4760 112 80 60
664 4784 84 72 p.
868 4764 28 76 i
904 4764 240 92 llus.,
1212 4760 344 96 diagrs.
1676 4764 224 80 23'.

496 4900 432 80 Circular
988 4900 288 76 series
1340 4924 148 56 no.
1552 4904 80 92 3,
1700 4900 456 96 January,
2220 4900 244 76 1930.

368 5032 100 88 ©
528 5036 208 80 Jan.
792 5040 76 88 3,
924 5032 272 96 1930;
1256 5036 128 80 2c.
1440 5036 184 80 and
1684 5040 152 80 off.
1900 5040 228 76 Mar.
2188 5036 156 92 19;
2404 5036 76 76 A
2536 5036 332 92 20415;
2936 5036 540 92 University
3536 5036 104 80 of
3692 5032 500 96 Michigan,

496 5144 208 80 Ann
756 5144 328 80 Arbor.
3784 5140 232 84 4904

364 5324 432 128 Scholz,
848 5324 524 108 Wilhelm
1428 5360 256 92 von,
1744 5332 320 100 1874-

496 5560 108 16 …
684 5476 232 100 Der
980 5512 236 96 weg
1280 5480 284 100 nach
1632 5480 288 128 Ilok,
1992 5516 412 64 roman.
2552 5476 1140 136 Berlin-Grunewald,
3764 5480 424 104 Horen-

344 5628 416 128 verlag,
816 5636 292 92 1930.

488 5780 188 92 521,
736 5764 100 112 [1]
896 5804 112 68 p.,
1064 5784 48 76 1
1164 5780 60 80 1.
1336 5780 52 80 2
1396 5780 108 96 01
1532 5788 40 40 -
1604 5844 20 20 .

488 5888 380 80 "Erstes
932 5884 136 84 bhis
1120 5892 412 76 sechstes
1588 5888 484 84 tausend."

372 5992 96 96 ©
532 5996 192 84 Oct.
780 6004 76 88 6,
908 6004 272 88 1929;
1240 6004 124 80 in.
1420 6004 216 76 Dec.
1692 6004 156 88 13;
1908 6004 596 88 A-Foreign
2560 6004 272 88 5827;
2892 6004 704 88 Horen-verlag,
3656 6020 80 72 g.
3796 6024 112 56 m.
3968 6004 80 76 b.
4108 6004 84 76 h.

516 6108 536 92 (30-12609)
3800 6108 228 84 4905

356 6292 360 104 South
812 6304 452 96 western
1364 6304 520 124 reporter.
2036 6296 420 104 Second
2548 6296 356 104 series.
3056 6292 320 108 Cases
3472 6296 412 132 argued
3976 6296 216 100 and

492 6444 672 104 determined
1248 6448 116 96 in
1444 6448 184 100 the
1708 6444 532 132 Supreme
2320 6452 360 96 courts
2760 6444 124 104 of
2960 6444 600 132 Arkansas,
3636 6444 560 132 Missouri,

488 6596 632 112 Tennessee,
1188 6596 212 100 and
1472 6596 408 108 Texas;
1956 6592 396 108 Courts
2420 6596 124 104 of
2612 6596 448 128 appeals
3132 6592 124 104 of
3320 6592 588 100 Kentucky
3976 6592 216 100 and

488 6740 568 104 Missouri:
1128 6740 396 108 Courts
1580 6740 124 104 of
1748 6740 260 104 civil
2060 6748 216 96 and
2332 6740 504 104 criminal
2888 6744 452 128 appeals
3392 6748 216 96 and
3664 6740 528 108 Commis

492 6888 236 104 sion
824 6892 124 100 of
1040 6892 452 128 appeals
1584 6892 124 100 of
1800 6892 352 100 Texas
2168 6976 20 36 ,
2284 6892 268 100 with
2648 6892 720 132 key-number
3460 6928 216 64 ann
3680 6896 116 92 ot
3804 6892 384 100 ations.

488 7076 96 64 v.
664 7044 128 92 23
896 7036 240 136 (2d)
1300 7040 568 132 February
1948 7040 588 100 25-March
2616 7044 156 104 11,
2852 7048 288 92 1930.
3284 7040 664 104 Permanent
4024 7040 160 104 ed.

496 7184 156 108 St.
708 7192 316 116 Paul,
1076 7188 304 100 West
1432 7188 640 132 publishing
2124 7224 52 64 c
2188 7220 124 80 o.,
2372 7192 288 96 1930.

496 7348 60 64 x
560 7340 124 96 ix,
744 7340 224 80 1192
1024 7364 84 72 p.
1220 7340 224 80 26-.

368 7448 100 92 ©
520 7452 216 92 Apr.
788 7448 48 76 2
840 7456 48 76 5
904 7512 16 28 ,
972 7448 268 92 1930;
1300 7448 48 76 2
1352 7472 48 56 c
1412 7512 12 16 .
1480 7452 180 76 and
1712 7472 52 56 a
1776 7448 92 80 ff.
1928 7456 216 84 May
2196 7448 100 92 9;
2356 7452 80 76 A
2480 7448 332 92 22759;
2868 7452 264 76 West
3180 7452 208 92 pub.
3448 7472 128 56 co.
3788 7444 228 84 4906

2136 7628 188 104 741
