4752 8320
2284 7748 256 100 1878

476 748 480 124 Duplan,
1016 748 280 100 Jean
1360 748 88 96 L
1460 744 56 100 e
1524 740 1076 124 opold-Cintinued

600 904 52 72 2
712 920 84 76 p.
860 904 80 88 l.,
1016 940 16 60 [
1040 896 308 100 7j-159
1412 916 84 72 p.
1612 892 220 80 23.
1976 896 184 92 (On
2224 908 312 60 cover:
2604 888 176 76 Bib
2788 888 68 76 li
2860 888 396 88 othlque
3320 880 460 96 politique
3840 884 92 76 et
4000 896 316 72 deono-

468 1036 356 92 mique)

604 1148 120 72 At
780 1148 236 72 head
1076 1140 100 80 of
1224 1140 260 80 title:
1548 1136 224 80 J.-L.
1824 1136 404 92 Duplan.

484 1256 96 88 ©
636 1284 212 76 Jan.
896 1280 132 84 22,
1084 1276 272 80 1930:
1416 1276 36 72 1
1460 1288 76 64 c.
1596 1276 232 76 Mar.
1880 1268 52 76 2
1940 1272 56 72 8
2020 1292 20 68 ;
2100 1264 596 96 A-Foreign
2748 1264 272 92 7010;
3080 1264 328 92 Payot.

632 1388 184 96 (30-
820 1432 40 32 ,
904 1388 220 76 0287
1144 1392 28 88 )
3860 1364 280 80 12141

484 1600 608 124 Edginton,
1160 1596 348 100 Helen
1576 1592 476 104 Marion.

612 1748 600 132 Love-girl,
1280 1748 140 132 by
1492 1752 120 92 M
1616 1780 52 64 a
1688 1784 68 96 y
1832 1748 88 96 E
1928 1748 68 96 d
2008 1744 420 132 ginton.
2584 1740 692 128 [Instalment
3352 1744 52 96 1
3408 1776 28 76 ]

636 1904 96 88 (I
740 1928 48 56 n
856 1900 396 84 Modern
1316 1924 372 52 woman
1752 1892 532 104 magazine,
2348 1892 268 96 Nov.,
2688 1888 276 100 1910)

484 2020 100 88 ©
632 2044 36 72 l
688 2064 48 56 e
740 2108 20 12 .
808 2044 208 72 Dec.
1068 2040 124 92 10,
1244 2036 268 92 1930;
1568 2036 72 76 A
1688 2040 112 72 ad
1856 2036 24 72 i
1892 2044 124 68 nt.
2068 2032 324 92 14543;
2448 2036 272 92 pubd.
2772 2032 196 76 Oct.
3016 2032 160 88 15;
3232 2032 296 72 Helen
3580 2024 364 80 Marion
4000 2028 72 72 E
4080 2032 56 72 d
4144 2024 92 72 in
4232 2044 56 64 g
4292 2052 36 36 -

616 2160 156 68 ton
832 2152 292 88 Baily,
1180 2152 76 72 L
1260 2172 48 52 o
1308 2152 276 72 ndon.
3864 2132 288 80 12142

480 2360 456 128 Empire
996 2368 312 96 trust
1360 2388 592 92 company.

612 2512 688 100 Illustrative
1384 2508 348 104 forms
1812 2508 124 104 of
2016 2504 200 104 life
2300 2504 572 104 insurance
2956 2512 340 92 trusts
3400 2504 184 132 (2d
3676 2500 220 132 ed.)
4060 2500 260 100 New

480 2660 316 104 York
860 2668 248 104 [etc.]
1184 2656 456 132 Empire
1692 2668 288 92 trust
2032 2692 544 96 company
2640 2720 24 68 [
2676 2660 188 96 193
2876 2660 60 96 0

612 2824 52 76 2
712 2840 80 72 p.
844 2820 88 88 l.,
976 2816 112 80 60
1132 2836 84 72 p.
1332 2816 52 76 2
1392 2812 48 80 5
1444 2820 28 40 0
1540 2876 16 16 .

492 2924 92 88 ©
652 2956 196 72 Oct.
908 2956 132 88 15,
1100 2952 272 80 1930:
1436 2948 48 72 2
1492 2972 48 52 e
1544 3012 16 16 .
1624 2952 184 76 and
1868 2948 156 80 aff.
2084 2948 228 80 Nov.
2372 2948 48 72 3
2456 2968 16 64 ;
2540 2948 76 72 A
2676 2944 168 76 298
2844 2944 52 76 0
2904 2944 100 84 8;
3076 2944 380 96 Empire
3512 2948 88 72 tr
3612 2964 52 56 u
3676 2948 92 72 st
3820 2960 104 60 co
3940 3004 12 16 .

648 3064 24 92 (
688 3064 164 76 30-
856 3064 52 76 3
904 3064 28 68 t
972 3064 160 72 050
3872 3048 44 80 1
3928 3048 56 80 2
3992 3048 104 76 14
4108 3044 48 84 3

488 3244 344 100 Erich
916 3244 444 116 Carow;
1444 3244 304 100 karri
1760 3244 52 100 e
1820 3280 108 64 re
2008 3244 288 100 eines
2380 3244 500 100 Berliner
2960 3236 896 108 volkskomikers.
4004 3248 88 88 1.
4176 3236 164 104 his

612 3400 160 96 20.
832 3392 488 104 tausend.
1452 3388 416 132 Berlin,
1920 3388 788 132 Eden-verlag,
2760 3424 104 100 g.
2924 3424 140 64 m.
3116 3388 104 100 b.
3272 3388 108 100 h.
3444 3388 268 128 [*193
3724 3388 60 100 0

612 3548 104 80 93
776 3568 80 72 p.
980 3548 104 76 ill
1092 3568 132 56 us.
1340 3548 44 72 1
1396 3544 132 80 9w
1548 3608 16 16 .

616 3680 284 80 Short
956 3680 380 80 articles
1392 3680 116 92 by
1564 3680 380 80 various
2004 3684 424 76 authors.

656 3820 228 80 Mar.
944 3824 72 84 1,
1080 3820 104 76 19
1188 3824 48 72 3
1248 3820 96 88 0;
1428 3816 108 80 Ic.
1592 3820 220 92 Apr.
1868 3820 160 80 22:
2092 3820 596 88 A-Foreign
2748 3820 268 88 7741;
3084 3820 648 88 Eden-verlag,
3792 3836 80 72 g.
3936 3824 80 60 in
4032 3876 16 16 .
4108 3816 80 76 b.
4248 3816 92 76 h.

644 3932 92 92 (3
744 3944 56 68 0
804 3964 48 36 -
852 3940 284 72 30018
1156 3940 28 80 )
3872 3920 112 80 12
3988 3924 20 72 1
4052 3924 104 76 44

480 4112 940 124 Feuchtwanger,
1484 4112 384 124 Erich,
1932 4124 328 96 1889-

664 4260 68 112 …
800 4260 508 128 Amusie;
1368 4260 432 104 studien
1856 4296 196 64 zur
2104 4260 908 132 pathologischen
3068 4256 704 136 psychologie
3832 4260 192 96 der
4080 4256 260 100 aku-

480 4412 472 100 stischen
1048 4412 868 132 wahrnehmung
2004 4408 228 104 und
2320 4420 300 92 vorst
2628 4448 56 64 e
2688 4412 316 132 llung
3092 4408 228 104 und
3408 4404 296 104 ihrer
3792 4404 548 104 struktur-

480 4556 416 136 gebiete
980 4560 576 104 besonders
1640 4560 116 100 in
1828 4560 368 104 musik
2272 4580 68 76 u
2348 4596 72 64 n
2428 4560 72 104 d
2580 4560 488 132 sprache,
3152 4596 212 68 von
3448 4556 344 104 Erich
3872 4556 468 104 Feucht-

480 4744 444 100 wanger
1000 4720 64 104 …
1256 4708 416 132 Berlin,
1732 4712 112 100 J.
1908 4712 76 104 S
1996 4712 488 132 pringer,
2544 4716 128 96 19
2676 4716 132 96 30
2820 4792 16 20 .

624 4892 52 52 v
684 4932 16 24 ,
748 4868 108 76 29
860 4868 48 72 5
920 4932 16 32 ,
996 4908 20 60 [
1044 4888 32 60 i
1160 4892 80 72 p.
1344 4868 248 80 illus.
1648 4872 136 92 (m
1796 4892 52 52 u
1860 4868 180 92 sic)
2156 4868 228 80 29-.
2508 4868 784 96 (Monographien
3348 4892 176 56 aus
3572 4872 208 76 dem
3832 4892 160 72 ges
4000 4892 52 52 a
4060 4892 88 52 m
4160 4872 36 72 t
4200 4892 140 72 ge-

484 4980 148 76 bie
640 4988 32 68 t
680 5000 48 56 e
776 4984 164 72 der
988 5000 60 52 n
1056 5000 164 56 eur
1228 5000 48 56 o
1284 4976 188 96 logi
1468 4984 52 64 e
1572 4984 56 64 u
1636 4980 124 76 nd
1808 4976 520 96 psychiatri
2324 4984 52 64 e
2436 4976 56 88 …
2636 4980 176 76 hft.
2864 4980 156 92 57)

660 5120 212 76 Apr.
928 5112 136 84 29.
1128 5108 268 88 1930:
1460 5120 128 72 le.
1652 5116 220 92 July
1932 5112 100 92 2;
2104 5112 592 92 A-Foreign
2760 5108 60 76 8
2820 5116 212 84 707;
3100 5112 320 80 Julius
3488 5112 468 96 Springer.

632 5232 168 100 (30
804 5228 380 104 -30001)
3876 5220 284 80 12145

488 5408 496 120 Forrest,
1044 5408 396 120 Henry
1492 5408 460 100 Telford
2008 5408 448 124 Stonor,
2516 5412 332 104 1870-

620 5556 228 100 The
936 5552 480 136 original
1496 5556 436 104 "Venus
2016 5560 100 96 &
2200 5552 532 132 Adonis",
2808 5556 144 132 by
3036 5556 148 104 H.
3268 5556 128 104 T.
3488 5552 108 108 S.
3680 5556 448 104 Forrest
4232 5556 72 108 …

484 5704 496 128 London,
1032 5704 300 104 John
1380 5704 300 104 Lane
1740 5768 24 64 [
1784 5712 256 96 1930

620 5864 156 88 vii,
820 5864 164 76 132
1024 5884 84 72 p.
1220 5864 112 76 22
1340 5864 136 92 10m
1488 5924 16 16 .

624 6000 144 72 An
844 6008 400 84 attempt
1328 6008 92 68 to
1500 6000 348 92 justify
1932 6000 156 80 the
2172 6004 328 88 theory
2580 6000 216 80 that
2876 6000 648 92 Shakespeare
3604 6000 508 80 submitted
4196 6000 148 80 his

492 6108 364 76 "Venus
912 6108 176 76 and
1156 6104 408 80 Adonis"
1624 6112 88 76 to
1772 6112 156 76 the
1980 6108 488 92 judgment
2528 6108 100 80 of
2684 6128 48 56 a
2796 6116 340 84 patron
3188 6128 104 60 or
3348 6108 400 92 literary
3800 6108 312 80 friend
4192 6116 148 88 (or

484 6216 412 96 possibly
972 6228 44 60 a
1100 6216 344 80 coterie
1520 6216 100 80 of
1688 6216 396 96 literary
2156 6216 412 92 friends)
2664 6220 204 76 who
2944 6216 624 96 interpolated
3648 6240 52 56 a
3780 6220 388 76 number
4244 6216 100 80 of

488 6336 404 80 stanzas,
944 6332 184 72 and
1184 6328 208 76 that
1448 6324 668 96 Shakespeare,
2172 6328 444 92 probably
2672 6324 148 80 for
2868 6328 212 76 fear
3128 6328 104 76 of
3280 6324 476 96 offending
3804 6324 148 80 his
4004 6332 336 88 patron

488 6456 104 56 or
640 6436 340 88 friend,
1032 6436 440 92 accepted
1528 6440 264 72 these
1840 6432 724 96 interpolations
2612 6440 184 72 and
2852 6440 500 72 consented
3408 6440 96 72 to
3556 6440 156 72 the
3760 6436 580 92 publication

492 6548 96 76 of
652 6548 156 72 the
872 6540 588 96 "improved"
1528 6564 260 72 poem
1860 6564 104 56 as
2028 6544 148 76 his
2240 6564 204 56 own
2516 6548 284 72 work.
2920 6548 112 72 In
3092 6548 440 88 chapters
3624 6564 56 56 m
3648 6528 60 76 n
3780 6548 180 72 and
4024 6552 32 60 i
4056 6568 60 52 v
4184 6548 156 76 the

492 6660 200 72 text
744 6656 100 76 of
896 6656 156 76 the
1108 6672 264 72 poem
1428 6652 80 76 is
1564 6648 372 96 printed
1992 6652 352 88 entire;
2404 6652 100 76 in
2556 6656 388 88 chapter
3000 6672 52 56 v
3104 6656 196 72 will
3356 6656 108 76 be
3516 6656 300 76 found
3872 6656 156 76 the
4088 6672 252 60 same

492 6776 32 64 t
532 6768 160 72 ext
760 6760 228 80 with
1056 6764 160 76 the
1284 6780 440 72 passages
1796 6760 308 76 which
2172 6760 92 76 in
2344 6764 156 72 the
2568 6760 404 76 writer's
3044 6760 376 92 opinion
3488 6784 256 56 come
3816 6768 292 72 under
4180 6764 160 76 the

492 6872 468 92 suspicion
1008 6872 100 72 of
1156 6872 272 88 being
1480 6868 828 92 "interpolations"
2360 6872 392 76 deleted.
2860 6888 44 56 c
2912 6872 64 88 f.
3032 6872 692 88 Introductory.

524 7000 76 88 ©
664 7008 52 72 l
704 7020 92 68 c.
868 7008 196 76 Oct.
1132 7004 52 76 3
1188 7008 76 84 1,
1336 7004 112 76 19
1448 7004 48 76 3
1504 7004 100 88 0;
1680 7004 72 76 A
1828 7008 116 72 ad
2012 7004 32 76 i
2052 7016 132 64 nt.
2252 7004 108 76 14
2368 7004 164 76 380
2560 7024 20 68 ;
2660 7008 272 88 pubd.
3008 7004 248 96 Sept.
3328 7008 56 72 5
3412 7028 16 68 ;
3512 7008 244 76 John
3828 7008 276 88 Lane,
4180 7008 156 76 the

632 7168 76 60 Il
716 7136 44 56 o
772 7116 88 76 dl
872 7136 44 56 e
924 7140 56 68 y
1040 7116 236 76 head
1288 7176 20 32 ,
1372 7116 160 76 ltd.
1672 7116 28 84 (
1716 7116 140 72 30
1844 7164 44 36 -
1888 7116 324 96 31467)
3872 7112 288 80 12146

492 7296 452 100 Franka
956 7332 68 68 u
1036 7376 24 40 ,
1128 7296 476 104 Gilbert.

628 7448 232 96 The
916 7460 392 88 secrets
1364 7448 120 100 of
1544 7488 52 60 a
1680 7448 372 104 mlitre
2116 7452 64 96 d
2200 7448 88 96 'h
2296 7444 64 92 o
2372 7460 104 84 te
2488 7448 28 96 l
2536 7528 16 20 .
2700 7452 228 96 The
2992 7448 424 132 platoni
3428 7488 52 64 c
3540 7452 368 100 friend
3968 7484 60 64 o
4040 7452 52 96 f
4156 7448 184 104 Sir

488 7596 388 104 Henry
948 7596 428 104 Dabehi
1388 7628 52 72 c
1444 7596 100 104 k.
