4984 8300
436 640 444 128 Singer,
948 640 520 108 Caroline
1472 704 148 16 —
1628 644 628 108 Continued

560 804 52 76 3
672 824 84 72 p.
808 804 28 72 l
848 832 20 44 .
880 860 16 36 ,
956 800 56 76 5
1016 848 52 8 –
1068 800 192 92 119,
1328 840 20 56 [
1356 796 120 92 1]
1496 824 112 72 p.,
1668 804 44 72 1
1788 800 120 88 l.
1952 800 28 76 i
1988 804 60 72 ll
2064 820 136 56 us.
2252 800 144 92 (in
2404 800 80 76 cl
2500 860 16 16 .
2576 800 264 92 map)
2920 800 164 76 col.
3144 800 332 88 plates.
3592 796 540 92 32ͨͫ.

564 912 560 76 Illustrated
1184 908 704 96 lining-papers.

568 1020 180 80 "Of
796 1020 192 80 this
1040 1020 356 80 edition
1444 1020 176 76 500
1668 1020 308 92 copies
2028 1020 116 72 ha
2164 1040 104 56 ve
2324 1020 224 76 been
2616 1016 364 96 printed
3052 1020 60 88 …
3264 1016 252 76 Each
3568 1036 232 72 copy
3852 1016 80 76 is
3988 1016 320 92 signed

428 1152 52 56 a
484 1132 128 76 nd
684 1128 592 80 numbered."
1392 1128 232 80 This
1692 1148 224 72 copy
1984 1128 372 76 neither
2424 1128 324 92 signed
2816 1144 176 60 nor
3056 1124 540 80 numbered.

572 1244 284 76 "This
908 1244 372 72 volume
1340 1240 376 76 records
1772 1236 92 84 in
1928 1236 252 76 vivid
2244 1244 200 72 text
2500 1236 184 76 and
2744 1232 412 96 striking
3212 1236 432 76 sketches
3704 1232 616 96 impressions

432 1352 336 92 gained
860 1348 340 92 during
1284 1348 440 76 fourteen
1816 1348 404 88 months,
2312 1356 268 84 spent
2668 1344 208 80 chie
2884 1344 32 76 f
2908 1344 28 76 l
2952 1364 52 72 y
3092 1364 120 56 on
3304 1344 156 76 the
3548 1348 236 72 west
3868 1348 268 72 coast
4220 1340 100 76 of

432 1460 356 84 Africa,
872 1460 232 76 with
1188 1476 44 60 a
1320 1456 224 80 final
1624 1460 404 88 journey
2104 1472 324 60 across
2512 1452 156 80 the
2744 1452 488 80 continent
3312 1460 96 72 to
3488 1448 824 96 Abyssinia."—3d

432 1568 356 92 prelim.
840 1568 224 80 leaf.

444 1676 96 96 ©
612 1680 244 92 Sept.
920 1680 132 84 12,
1112 1680 112 72 19
1224 1680 56 72 2
1284 1680 60 68 9
1372 1700 20 56 ;
1452 1676 48 76 2
1512 1700 44 52 c
1568 1740 16 16 .
1644 1676 184 76 and
1892 1692 88 76 af
1968 1684 32 72 f
2036 1736 12 16 .
2116 1676 80 72 D
2204 1692 48 64 e
2256 1692 44 64 c
2316 1736 16 16 .
2392 1672 164 80 26;
2616 1672 80 76 A
2760 1672 36 76 1
2816 1668 228 88 8085
3072 1692 20 56 ;
3164 1668 92 80 C.
3324 1668 96 80 L.
3484 1672 80 72 B
3572 1688 48 60 a
3632 1668 28 72 l
3672 1668 148 80 dri
3828 1668 52 76 d
3896 1688 132 72 ge.
4092 1668 228 76 New

576 1788 280 80 York.
984 1788 28 96 (
1028 1788 48 76 3
1088 1788 224 80 0-27
1312 1804 52 76 8
1376 1784 96 96 9)
3984 1772 160 84 381

428 1944 196 100 Sm
636 1940 32 100 i
680 1940 168 124 th,
912 1944 164 100 Ed
1088 1972 76 92 g
1172 1976 132 68 ar
1352 1940 652 124 Lawrence,
2068 1952 48 92 1
2132 1952 60 92 8
2200 1936 64 104 8
2264 1948 60 92 2
2328 2004 68 12 –

568 2092 688 104 Investment
1312 2100 288 92 trust
1656 2088 404 104 funds:
2112 2088 664 100 investment
2836 2100 284 88 trust
3184 2084 284 100 fund
3524 2084 104 100 A
3704 2084 624 132 (quarterly

432 2252 836 124 distributions)
1364 2252 660 100 investment
2100 2256 288 92 trust
2472 2244 280 104 fund
2836 2256 88 92 B
3024 2244 912 136 (accumulative)
4040 2280 64 64 a
4172 2280 152 64 se-

432 2412 248 132 quel
756 2424 108 88 to
944 2408 536 104 Common
1552 2408 360 104 stocks
1988 2444 112 64 as
2180 2412 264 124 long
2512 2420 284 88 term
2872 2408 772 108 investments;
3716 2404 152 120 by
3944 2400 388 132 Edgar

432 2564 592 104 Lawrence
1104 2560 368 108 Smith
1536 2572 68 104 …
1832 2560 264 104 New
2180 2560 352 108 York,
2612 2560 688 104 Investment
3384 2592 580 96 managers
4044 2592 280 64 com-

440 2748 296 100 pany
800 2748 120 108 [ͨ
880 2720 124 96 19
1012 2716 60 96 2
1080 2716 60 104 7
1132 2776 36 64 ]

580 2872 44 80 1
680 2896 80 72 p.
812 2868 88 96 l.,
952 2872 212 76 v–xi
1216 2892 112 72 p.,
1380 2872 36 76 1
1480 2868 84 92 l.,
1620 2872 48 80 8
1676 2872 48 80 3
1772 2892 88 72 p.
1912 2868 148 84 inc
2064 2872 28 72 l
2108 2932 16 20 .
2172 2868 328 80 forms.
2620 2868 952 92 19½ͨͫ.

452 2984 92 88 ©
616 2988 212 76 Jan.
892 2984 76 88 6,
1036 2988 36 72 1
1092 2984 56 72 9
1148 2980 160 92 28;
1376 2988 52 72 2
1432 3008 48 48 c
1480 3028 20 36 .
1572 2988 180 72 and
1820 2980 100 80 af
1924 2980 36 76 f
1968 3048 12 12 .
2048 2984 212 80 Jan.
2328 2980 32 76 1
2328 2992 128 80 6.
2532 2976 160 88 193
2700 2980 52 72 0
2784 3000 20 60 ;
2868 2980 80 76 A
3012 2988 44 72 1
3068 2984 56 76 8
3128 2984 120 100 15
3244 2984 52 76 9
3200 2984 28 72 ;
3424 2988 36 72 I
3476 2996 224 56 nves
3712 2980 20 72 t
3760 2996 200 56 men
3972 2980 28 72 t
4076 2996 88 56 m
4168 2996 48 64 a
4228 2996 92 64 n-

580 3112 48 56 a
644 3116 56 48 g
704 3112 96 56 er
804 3120 48 64 s
888 3112 104 56 co
1004 3156 16 12 .
1160 3092 24 92 (
1200 3092 116 76 30
1320 3136 48 12 -
1376 3092 168 104 267
1548 3092 52 76 0
1620 3096 28 76 )
3996 3080 48 84 3
4052 3084 116 80 82

440 3244 420 128 Smith,
920 3248 444 120 George
1420 3244 456 124 Vivian,
1944 3252 268 100 1876
2212 3284 56 48 –

576 3396 232 104 The
884 3396 828 132 Pennsylvania
1796 3396 480 132 practice
2356 3408 176 88 act
2608 3392 124 104 of
2816 3400 292 108 1915,
3188 3396 268 100 with
3540 3396 796 132 amendments,

440 3544 600 108 annotated
1092 3548 216 104 and
1364 3548 268 100 with
1684 3548 460 100 selected
2208 3544 380 104 forms.
2712 3544 136 104 3d
2904 3548 204 124 ed.,
3164 3544 580 132 including
3796 3544 540 108 Common

444 3700 304 128 pleas
812 3700 288 100 rules
1160 3696 124 100 of
1348 3696 792 132 Philadelphia
2212 3692 472 136 County.
2824 3700 176 128 By
3064 3696 432 136 George
3564 3696 132 104 V.
3772 3692 368 108 Smith
4212 3696 72 112 …

444 3848 268 104 New
768 3848 344 128 York,
1172 3844 340 108 Clark
1564 3848 640 104 Boardman
2264 3880 188 72 co.,
2504 3848 240 104 ltd.,
2804 3852 288 96 1929.

584 4008 316 76 xxxiv.
964 4004 108 80 69
1084 4004 52 80 6
1184 4028 84 72 p.
1384 4004 1108 88 23½ͨͫ.

456 4092 92 88 ©
612 4112 56 72 J
676 4140 148 52 an.
880 4116 52 76 9
940 4180 12 20 ,
1008 4116 108 76 19
1120 4120 52 72 3
1180 4116 120 84 0;
1336 4116 52 76 2
1392 4120 72 72 c.
1524 4120 212 76 Jan.
1792 4112 44 72 1
1852 4104 120 96 3;
2008 4140 44 52 a
2064 4116 80 76 ff
2152 4180 16 12 .
2220 4116 56 76 J
2280 4120 52 64 a
2328 4140 104 52 n.
2488 4116 160 92 11;
2708 4116 80 76 A
2840 4116 220 76 1809
3068 4108 52 76 8
3152 4136 16 64 ;
3232 4116 288 76 Clark
3576 4116 308 76 Board
3900 4140 88 52 m
3996 4140 120 52 an
4172 4140 104 52 co
4288 4176 44 28 .,

584 4228 28 76 l
624 4228 128 76 td.
892 4228 24 84 (
932 4228 52 76 3
992 4228 384 84 0-2677)
4000 4220 172 84 383

452 4380 456 120 Society
960 4380 124 100 of
1140 4376 616 108 American
1808 4376 968 128 bacteriologists.

672 4524 68 120 …
808 4532 524 132 Bergey's
1412 4532 448 100 manual
1948 4528 124 108 of
2152 4528 844 108 determinative
3084 4532 808 132 bacteriology;
3984 4568 60 68 a
4132 4528 204 132 key

468 4680 180 104 for
700 4684 184 100 the
944 4680 804 104 identification
1808 4676 128 108 of
1984 4680 620 136 organisms
2664 4676 128 108 of
2848 4680 180 104 the
3092 4684 276 100 class
3424 4684 920 112 Schizomycetes,

464 4832 148 132 by
684 4832 376 104 David
1136 4832 148 104 H.
1364 4836 432 132 Bergey
1852 4832 64 120 …
2080 4832 464 104 assisted
2616 4832 148 132 by
2840 4868 56 68 a
2976 4832 624 104 committee
3676 4832 128 104 of
3880 4832 184 104 the
4148 4828 192 108 So-

464 4984 284 132 ciety
812 4980 128 104 of
1000 4984 596 100 American
1660 4984 936 132 bacteriologists:
2668 4984 464 100 Francis
3200 4980 124 108 C.
3392 4984 592 128 Harrison,
4052 4980 284 104 Rob-

468 5144 168 92 ert
696 5132 104 108 S.
864 5136 396 124 Breed,
1320 5136 508 100 Bernard
1880 5132 176 104 W.
2112 5132 576 128 Hammer,
2748 5132 384 104 Frank
3188 5132 156 104 M.
3404 5132 600 128 Huntoon;
4072 5132 264 104 with

468 5320 140 64 an
672 5284 332 100 index
1060 5284 148 132 by
1268 5284 416 100 Robert
1748 5284 108 108 S.
1924 5288 360 100 Breed
2344 5284 64 112 …
2624 5284 652 128 Baltimore,
3336 5284 236 100 The
3632 5284 564 104 Williams
4260 5284 88 100 &

464 5432 488 108 Wilkins
1028 5468 580 96 company,
1688 5440 292 96 1930.

600 5592 264 88 xviii,
940 5592 168 76 589
1176 5612 88 72 p.
1392 5592 504 84 24ͨͫ.

628 5700 120 80 At
820 5704 248 76 head
1140 5700 100 80 of
1316 5700 260 80 title:
1656 5700 296 80 Third
2024 5700 384 80 edition.

544 5804 28 88 ©
628 5808 216 80 Jan.
896 5808 136 76 14.
1088 5808 276 92 1930;
1420 5808 132 80 2c.
1612 5812 184 76 and
1852 5808 160 80 aff.
2072 5812 212 76 Jan.
2340 5812 160 88 22;
2560 5808 80 80 A
2696 5808 332 96 19108;
3092 5808 472 80 Williams
3620 5808 72 80 &
3748 5808 404 80 Wilkins
4216 5832 104 56 co
4332 5868 12 12 .

624 5916 28 96 (
664 5920 48 76 3
724 5916 56 80 0
780 5964 52 8 -
836 5920 56 76 3
896 5916 216 96 178)
4012 5916 176 84 384

464 6072 360 120 Stein,
884 6072 392 104 Aaron
1336 6072 356 108 Marc.

604 6220 468 132 Spirals,
1136 6224 144 132 by
1348 6224 380 100 Aaron
1800 6228 252 96 Mar
2060 6260 52 64 c
2184 6224 344 108 Stein.
2672 6224 272 100 New
3012 6224 348 128 York,
3432 6224 416 132 Covici,
3912 6224 436 136 Friede,

472 6376 280 100 1930.

600 6528 52 80 4
708 6548 80 72 p.
844 6532 36 72 l
888 6588 44 32 .,
988 6532 48 76 3
1040 6572 60 12 –
1100 6528 172 80 298
1320 6552 88 72 p.
1524 6528 596 88 19½ͨͫ.

604 6636 48 36 "
660 6636 472 92 Designed
1184 6640 124 92 by
1364 6640 356 76 Robert
1780 6636 52 84 S
1848 6704 16 16 .
1924 6640 60 76 J
1988 6636 436 96 osephy."

480 6720 92 88 ©
636 6748 212 76 Jan.
904 6748 136 84 22,
1092 6748 116 76 19
1208 6748 112 76 30
1352 6768 16 60 ;
1424 6752 52 72 2
1488 6772 40 56 c
1540 6812 16 16 .
1616 6752 212 76 Jan.
1880 6752 52 72 2
1940 6752 52 72 5
2024 6772 16 68 ;
2104 6752 88 76 af
2196 6752 48 72 f
2248 6812 16 16 .
2324 6752 212 76 Jan.
2592 6752 164 88 24;
2816 6752 80 76 A
2948 6748 332 92 19187;
3344 6748 344 92 Covici,
3748 6748 276 80 Fried
4040 6768 44 56 e
4096 6812 16 16 .
4172 6748 176 80 inc.

632 6856 484 96 (30-3228)
4020 6852 168 84 385

472 6980 676 124 Stevenson,
1208 6984 432 104 Robert
1704 6984 384 128 Louis,
2156 6996 260 96 1850
2420 7056 68 8 –
2496 6992 292 100 1894.

604 7136 232 96 The
900 7136 744 132 manuscripts
1708 7136 124 100 of
1892 7136 416 100 Robert
2372 7136 340 100 Louis
2780 7140 696 104 Stevenson's
3544 7140 488 100 Records
4096 7136 128 104 of
4292 7176 52 60 a

472 7280 400 132 family
944 7280 124 100 of
1140 7284 620 132 engineers;
1836 7288 188 96 the
2096 7284 628 104 unfinished
2800 7284 548 132 chapters,
3420 7288 368 100 edited
3860 7284 276 104 with
4212 7320 140 68 an

472 7428 444 112 introdu
924 7452 56 64 c
992 7444 40 88 t
1044 7432 28 96 i
1088 7468 60 60 o
1144 7452 68 72 n
1292 7436 76 88 b
1372 7468 72 60 y
1520 7436 104 100 J.
1708 7436 228 104 Chr
1944 7432 32 96 i
1988 7436 288 100 stian
2356 7440 92 96 B
2464 7468 140 100 ay
2648 7444 60 104 …
2988 7436 200 104 Chi
3208 7468 108 68 ca
3340 7472 68 96 g
3416 7472 60 64 o
3488 7516 20 48 ,
3580 7440 172 100 W.
3832 7436 116 92 M
3968 7516 16 20 .
4064 7436 284 128 Hill,

476 7588 284 96 1929.

2352 7740 132 100 61
