4800 8320
2104 7724 256 100 1111

292 720 644 120 Shumway,
992 716 388 120 Harry
1436 720 48 96 I
1492 712 372 124 rving,
1928 728 48 88 1
1992 728 60 88 8
2060 724 192 92 83-

416 864 72 100 I
572 896 136 96 go
800 860 404 116 South;
1300 896 136 68 an
1524 860 796 132 unprejudiced
2408 860 260 96 visit
2756 868 108 88 to
2956 892 56 64 a
3104 888 352 100 group
3544 852 124 104 of
3752 860 368 92 cotton

284 1012 328 132 mills,
700 1012 144 132 by
936 1012 384 132 Harry
1412 1008 648 132 Shumway;
2164 1004 268 104 with
2524 1004 732 100 illustrations
3352 1000 288 100 from
3736 1000 384 132 photo-

288 1160 412 132 graphs
748 1160 144 132 by
940 1160 184 100 the
1180 1160 424 96 author.
1724 1160 420 96 Boston
2192 1156 216 100 and
2464 1156 268 100 New
2784 1152 344 136 York,
3180 1152 616 132 Houghton
3848 1148 268 104 Mif-

288 1312 56 96 f
308 1312 52 96 l
368 1312 116 96 in
540 1340 564 100 company,
1176 1312 288 96 1930.

428 1488 56 56 v
488 1468 32 76 i
568 1488 112 68 p.,
728 1468 52 72 2
828 1468 88 88 l.,
964 1464 108 80 90
1120 1484 80 72 p.
1316 1464 316 92 front.,
1684 1464 332 92 plates.
2132 1460 104 76 22
2248 1464 112 88 ½ͨͫ
2392 1520 20 20 .

424 1576 84 72 A
568 1572 568 92 description
1200 1568 100 80 of
1360 1568 52 80 f
1392 1592 32 56 i
1428 1592 108 56 ve
1600 1568 252 80 mills
1912 1568 100 76 in
2072 1568 164 80 the
2296 1568 472 76 Chattaho
2776 1588 48 56 o
2836 1568 216 76 chee
3116 1564 356 92 Valley,
3536 1564 208 80 Ala.

308 1672 92 96 ©
476 1684 240 76 June
780 1680 136 92 25,
984 1684 48 72 1
1040 1676 52 80 9
1096 1684 48 72 3
1152 1680 52 76 0
1236 1700 16 72 ;
1328 1676 132 80 2c.
1528 1676 244 80 June
1832 1676 164 92 28;
2068 1672 160 80 aff.
2300 1676 248 76 June
2608 1672 160 92 26;
2840 1676 84 72 A
2992 1672 328 92 24906;
3392 1672 124 76 H.
3592 1672 500 92 Sbumway

440 1792 108 76 W
556 1812 48 56 o
612 1792 224 76 llast
844 1812 48 56 o
896 1812 88 68 n,
1040 1792 284 76 Mass.
1448 1784 540 96 (30-17812)
3728 1776 232 84 7274

288 1912 860 108 Southwestern
1208 1912 240 100 Bell
1504 1912 596 124 telephone
2156 1940 164 76 co.

424 2060 292 100 How
784 2072 112 88 to
968 2060 312 100 make
1352 2056 472 104 minutes
1896 2092 220 100 pay
2192 2056 632 124 dividends;
2908 2096 56 60 a
3036 2060 280 96 book
3396 2056 176 100 for
3644 2056 488 100 business

284 2244 284 92 men,
644 2208 488 132 treating
1212 2244 140 64 on
1428 2212 184 96 the
1696 2212 492 124 problem
2268 2204 124 104 of
2472 2204 524 132 speeding
3080 2224 64 76 u
3156 2240 68 96 p
3312 2208 448 96 modern
3840 2204 288 100 busi-

288 2372 496 88 ness-at
832 2396 60 60 a
944 2356 332 132 profit
1324 2356 24 100 !
1508 2420 24 64 [
1548 2356 128 104 St
1688 2440 20 16 .
1756 2356 372 128 Louis]
2192 2356 144 104 So
2348 2356 348 100 uthw
2656 2392 56 64 es
2772 2368 236 88 tern
3064 2360 88 96 B
3164 2356 140 100 ell
3356 2368 100 84 te
3464 2356 32 92 l
3508 2356 420 100 ephone
3980 2388 144 64 co.

304 2512 356 120 [ͨ1930]

428 2668 96 76 31
588 2688 112 68 p.,
752 2668 104 72 11
908 2668 60 76 l.
1080 2664 328 92 plates,
1464 2660 104 80 fa
1576 2684 44 56 c
1628 2660 204 84 sim.
1940 2664 116 76 22
2040 2668 100 52 cm
2136 2668 20 68 .

428 2772 340 76 Treats
844 2772 100 76 of
1020 2772 156 76 the
1244 2772 544 76 instantane
1796 2792 48 56 o
1852 2792 108 56 us
2036 2768 660 92 reproduction
2768 2768 100 80 in
2936 2768 384 96 writing
3396 2768 100 80 of
3572 2788 184 72 any
3824 2772 308 88 letter,

296 2900 48 56 o
356 2880 216 76 rder
628 2900 48 56 o
684 2900 44 52 r
780 2880 44 76 f
832 2900 48 56 o
888 2900 140 56 rm
1084 2880 120 92 by
1256 2880 156 76 the
1468 2900 112 56 us
1588 2900 48 56 e
1692 2876 100 80 of
1844 2880 160 76 the
2060 2876 312 92 teleph
2380 2900 48 56 o
2432 2896 116 60 ne
2600 2876 580 92 typewriter.

308 2980 96 96 ©
460 2988 208 76 Jan.
716 2988 132 92 13,
904 2988 268 92 1930;
1228 2988 52 76 2
1288 3008 44 56 c
1340 3052 20 16 .
1408 2996 52 68 a
1468 2992 128 72 nd
1644 3008 52 56 a
1704 2984 100 80 ff.
1852 2984 60 80 J
1920 3004 148 60 an.
2116 2984 160 92 31;
2332 2984 84 76 A
2460 2980 328 96 19307;
2848 2984 104 80 V.
3004 2984 124 80 M.
3180 2984 236 80 Carr
3424 3004 48 56 o
3476 2984 96 92 ll,
3632 2984 128 80 St.
3812 2988 76 76 L
3896 3008 48 56 o
3952 2984 172 80 uis.

460 3092 532 100 (30-18157)
3740 3092 228 84 7275

296 3220 240 100 Tax
612 3224 212 100 law
904 3224 216 104 and
1196 3224 312 100 other
1584 3224 440 120 general
2096 3228 268 100 laws
2440 3220 472 136 relating
2992 3232 112 92 to
3176 3220 500 104 taxation
3756 3224 124 100 of
3952 3224 180 100 the

428 3376 276 92 state
772 3364 124 100 of
956 3368 268 104 New
1288 3368 112 100 Y
1400 3404 60 64 o
1472 3368 160 132 rk,
1696 3404 96 64 w
1804 3368 88 104 it
1896 3368 72 100 h
2036 3408 56 64 a
2100 3372 84 96 ll
2248 3372 748 100 amendments
3060 3380 112 92 to
3236 3368 188 104 the
3488 3372 212 100 end
3764 3404 60 64 o
3836 3368 52 96 f
3952 3368 184 100 the

428 3512 612 136 legislative
1100 3516 404 104 session
1564 3516 124 104 of
1744 3524 292 124 1930,
2092 3520 364 100 edited
2512 3520 148 132 by
2712 3520 304 104 John
3072 3520 128 100 T.
3260 3516 696 132 Fitzpatrick
4000 3516 60 112 …

428 3668 652 128 completely
1124 3664 500 104 indexed.
1736 3668 264 100 New
2056 3668 340 128 York,
2444 3668 396 128 Baker,
2888 3668 476 104 Voorhis
3412 3676 84 96 &
3540 3688 584 108 company:

432 3812 476 112 Albany.
960 3816 136 100 N.
1148 3816 140 100 Y.
1340 3816 220 100 and
1612 3816 264 100 New
1928 3816 348 116 York,
2328 3816 132 100 N.
2512 3820 176 132 Y.,
2736 3816 156 100 M.
2948 3816 432 100 Bender
3428 3820 88 92 &
3568 3852 568 96 company,

432 3960 800 136 incorporated,
1296 3968 288 96 1930.

436 4124 48 76 3
540 4144 84 68 p.
680 4124 84 88 l.,
828 4140 24 60 [
848 4124 48 76 3
904 4160 24 56 ]
940 4124 208 76 -481
1208 4144 84 72 p.
1408 4124 572 80 23ͨͫ.

320 4220 96 96 ©
484 4232 224 80 July
768 4232 76 92 1,
904 4232 268 88 1930;
1240 4228 52 76 2
1300 4248 40 60 c
1356 4292 16 16 .
1440 4232 176 80 end
1680 4232 160 76 aff.
1904 4232 224 88 July
2188 4228 100 92 2;
2356 4232 84 72 A
2496 4228 332 92 25308;
2900 4232 452 76 Matthew
3416 4232 368 76 Bender
3844 4236 72 76 &
3980 4256 100 56 co
4080 4276 56 52 .,

448 4340 200 92 inc.,
700 4340 432 76 Baker-V
1136 4360 48 56 o
1192 4340 256 76 orhis
1500 4352 68 72 &
1624 4360 100 56 co
1736 4404 16 12 .
1880 4340 536 96 (30-17402)
3748 4340 228 84 7276

300 4460 680 124 Thompson,
1040 4464 440 120 George
1532 4464 796 124 Washington,
2392 4476 328 96 1864-

432 4604 104 100 A
596 4608 528 128 practical
1184 4608 432 104 treatise
1684 4648 136 64 on
1884 4616 532 100 abstracts
2476 4616 216 100 and
2752 4608 328 136 titles,
3140 4608 276 108 with
3480 4612 376 104 forms.
4000 4620 60 92 2
4068 4616 68 100 d

300 4756 160 100 ed.
604 4756 176 136 By
856 4756 416 136 George
1340 4760 172 100 W.
1588 4760 624 132 Thompson
2292 4760 76 108 …
2556 4760 796 136 Indianapolis,
3424 4764 232 100 The
3728 4764 408 100 Bobbs-

300 4904 432 100 Merrill
788 4940 532 104 company
1404 4912 348 104 [ͨ1930]

436 5076 148 72 xx,
640 5060 108 76 13
756 5060 52 76 3
812 5060 52 72 2
920 5084 84 68 p.
1116 5060 52 76 2
1176 5060 56 76 6
1232 5064 84 40 ͨͫ
1324 5120 12 16 .

436 5164 436 80 Lettered
928 5188 120 56 on
1100 5188 320 56 cover:
1472 5168 492 80 Abstracts
2020 5172 184 80 and
2264 5172 284 80 titles.

444 5272 256 80 First
772 5276 352 76 edition
1192 5276 492 92 published
1752 5280 220 80 1919
2044 5280 172 80 has
2284 5280 264 80 title:
2620 5284 76 76 A
2768 5284 452 92 practical
3288 5288 392 76 treatise
3752 5308 116 56 on
3932 5288 212 76 title

308 5384 88 76 to
464 5384 200 76 real
728 5388 468 88 property.

320 5488 96 96 ©
476 5496 248 80 June
772 5496 52 80 6
832 5560 16 28 ,
904 5496 160 80 193
1072 5496 52 80 0
1156 5520 16 68 ;
1232 5496 128 80 2c.
1420 5504 184 72 and
1660 5504 48 72 o
1720 5500 40 76 f
1748 5496 68 80 f.
1876 5500 60 80 J
1940 5520 180 60 une
2172 5500 160 92 12;
2392 5504 80 72 A
2524 5504 52 72 2
2584 5504 48 76 5
2636 5504 108 76 00
2752 5500 104 92 9;
2920 5508 340 72 Bobbs-
3268 5508 96 72 M
3364 5504 264 76 errill
3684 5528 132 56 co.

472 5604 316 96 (30-18
792 5604 56 80 3
852 5604 152 96 96)
3748 5612 228 80 7277

324 5708 52 88 [
356 5708 140 104 U.
560 5708 108 100 S.
816 5708 344 100 Coast
1220 5708 524 124 artillery
1808 5708 408 124 school,
2280 5724 232 92 For
2520 5732 40 88 t
2620 5712 124 92 M
2752 5752 360 92 onroe,
3180 5720 236 128 Va.]

440 5852 252 104 Gun
700 5888 268 96 nery
980 5936 24 28 ,
1072 5852 196 104 fire
1340 5860 420 96 control
1836 5860 220 100 and
2128 5856 480 132 position
2680 5860 432 136 finding
3184 5864 180 100 for
3440 5864 696 100 antiaircraft

308 6000 528 132 artillery.
956 6004 772 128 Washington,
1780 6008 136 100 D.
1980 6008 152 112 C.,
2188 6008 332 104 Coast
2572 6012 504 132 artillery
3124 6012 440 132 journal
3632 6076 24 64 [
3648 6020 248 96 ͨ193
3908 6020 60 92 0]

448 6160 48 68 5
580 6180 84 72 p.
748 6164 84 88 l.,
920 6164 220 100 576,
1204 6200 20 56 [
1228 6164 52 72 2
1288 6164 48 72 3
1340 6200 24 56 ]
1456 6184 80 68 p.
1672 6164 36 76 i
1712 6168 68 72 ll
1784 6184 60 56 u
1852 6188 96 64 s.,
2032 6168 300 72 tables
2388 6168 260 92 (part
2728 6168 276 92 fold.)
3108 6168 152 80 dia
3272 6192 56 68 g
3324 6164 44 72 r
3364 6192 56 56 m
3424 6184 20 52 .
3508 6172 256 92 (part
3848 6172 280 92 fold.)

308 6268 52 68 2
364 6268 52 68 3
420 6268 20 64 ͨ
444 6272 40 40 ͫ
508 6296 24 40 .

448 6372 280 80 "This
772 6380 92 72 te
868 6380 64 60 x
940 6380 36 72 t
1020 6372 80 80 is
1144 6396 160 72 pre
1316 6396 36 52 s
1364 6380 272 76 ented
1680 6396 104 60 as
1832 6400 44 56 a
1928 6380 336 76 second
2308 6380 356 80 edition
2708 6384 100 76 of
2856 6384 364 92 Special
3264 6392 92 72 te
3360 6388 64 60 x
3428 6392 40 72 t
3512 6404 140 60 no.
3692 6384 132 92 26,
3860 6388 284 88 Army

308 6480 492 80 extension
856 6500 220 56 cour
1084 6500 144 60 ses
1240 6544 16 16 .
1376 6488 92 72 It
1528 6484 80 76 is
1672 6488 352 76 identic
2028 6504 40 56 a
2084 6488 32 72 l
2180 6488 232 76 with
2476 6492 160 72 the
2696 6492 40 72 f
2728 6488 28 76 i
2768 6500 132 68 rst
2968 6492 348 76 edition
3380 6492 96 76 in
3544 6512 52 56 a
3600 6492 64 68 ll
3736 6512 96 56 re
3844 6500 248 84 spet
4104 6492 24 64 s

312 6588 164 80 but
540 6588 232 76 with
832 6608 120 56 an
1020 6588 280 80 index
1364 6596 300 72 added
1732 6596 180 72 and
1984 6600 316 72 errata
2364 6596 540 76 eliminated
2964 6588 56 84 …
3196 6600 72 72 A
3280 6600 64 76 ll
3412 6620 96 56 cr
3516 6624 44 52 e
3572 6600 132 76 dit
3780 6600 144 76 for
4004 6592 32 64 t
4000 6604 56 68 h
4092 6608 48 52 e

312 6696 604 92 preparation
984 6696 100 80 of
1152 6700 156 76 the
1376 6704 92 72 te
1472 6704 60 60 x
1544 6704 32 72 t
1648 6704 336 76 should
2048 6704 108 76 be
2224 6704 276 92 given
2564 6708 92 72 to
2732 6708 156 72 the
2960 6708 280 76 Coast
3308 6708 416 88 artillery
3808 6732 40 52 s
3856 6712 108 72 ch
3976 6708 136 76 ool
4128 6776 16 16 ,

312 6804 296 72 under
664 6804 312 76 whose
1032 6804 456 80 direction
1552 6804 360 92 Special
1976 6812 204 76 text
2236 6832 144 56 no.
2436 6812 116 76 26
2608 6832 192 56 was
2860 6800 868 104 prepared."-Intr
3736 6820 108 72 od
3864 6880 12 8 .

328 6904 92 96 ©
492 6912 220 92 May
776 6912 132 80 27,
976 6912 40 72 1
1032 6908 100 84 93
1144 6912 100 88 0;
1316 6912 52 80 2
1376 6936 44 56 c
1432 6976 16 16 .
1516 6916 52 76 J
1548 6920 32 72 u
1600 6920 64 72 n
1712 6936 48 56 e
1820 6916 164 92 16;
2056 6936 48 56 a
2116 6916 100 80 ff.
2284 6920 220 88 July
2572 6916 160 92 23;
2804 6920 80 76 A
2952 6920 328 88 25045;
3356 6920 284 84 Coast
3704 6924 188 80 arti
3904 6928 64 72 ll
3976 6948 160 68 ery

452 7020 404 92 journal,
908 7020 640 92 Washington.
1664 7064 20 56 [
1708 7004 80 96 ©
1844 7044 48 60 c
1896 7028 520 76 orrections
2464 7028 184 76 and
2696 7028 280 76 index]
3136 7032 264 92 (30-1
3408 7032 48 76 6
3452 7024 56 72 5
3520 7032 48 72 5
3576 7032 100 96 5)
3800 7032 224 80 7278

316 7120 424 104 Urban,
800 7124 436 100 Wilbur
1288 7124 584 116 Marshall,
1928 7136 332 96 1873-

452 7264 856 104 Fundamentals
1376 7268 128 100 of
1568 7268 392 120 ethics;
2044 7308 132 68 an
2248 7272 744 104 introduction
3068 7288 108 92 to
3252 7284 344 96 moral
3672 7280 464 128 philoso-

316 7412 256 132 phy,
632 7412 144 136 by
836 7412 296 104 Wilb
1136 7452 72 64 u
1216 7452 52 60 r
1328 7416 540 104 Marshall
1924 7420 376 104 Urban
2364 7408 64 112 …
2644 7424 260 100 New
2972 7424 344 116 York,
3380 7428 120 100 H
3508 7508 16 16 .
3592 7428 276 100 Holt
3928 7428 204 100 and

312 7596 532 100 company
940 7568 168 96 [ͨ19
1120 7568 132 96 30]
