4752 8320
2152 7704 52 92 1
2216 7700 60 96 6
2284 7700 124 96 91

380 704 708 124 O'Flaherty,
1152 704 356 120 Liam,
1580 712 324 100 1897–

504 856 260 96 Two
844 884 308 100 years
1252 916 20 64 [
1284 852 144 128 by
1432 916 28 64 ]
1552 852 320 100 Liam
1960 848 700 132 O'Flaherty.
2812 848 264 100 New
3168 848 344 132 York,
3592 848 596 128 Harcourt,

376 1004 336 96 Brace
772 1000 216 100 and
1044 1036 540 92 company
1652 1004 368 120 [ͨ1930]

508 1160 116 84 vi,
672 1160 164 76 322
884 1180 84 72 p.
1080 1160 228 76 21ͨͫ.

508 1264 312 80 "First
872 1264 436 76 edition."

392 1384 88 88 ©
552 1400 244 92 Sept.
856 1400 104 72 25
952 1428 20 44 ,
1048 1396 264 92 1930;
1380 1396 124 80 2c.
1568 1400 180 72 and
1812 1396 152 76 aff.
2032 1396 192 76 Oct.
2288 1396 100 92 3;
2452 1396 80 76 A
2588 1396 328 88 29045;
2984 1396 500 92 Harcourt,
3552 1396 292 76 Brace
3908 1396 64 76 &
4036 1420 100 52 co
4152 1456 40 32 .,

520 1512 92 76 in
624 1532 44 56 c
676 1572 16 16 .
828 1508 208 92 (30-
1028 1524 56 68 2
1096 1508 264 92 7694)
3728 1500 288 84 10973

372 1688 412 128 Oliver,
844 1688 504 120 Douglas
1404 1688 124 104 L.

504 1836 104 100 A
668 1836 216 132 boy
944 1848 304 88 scout
1312 1836 108 100 in
1492 1836 180 100 the
1736 1836 352 128 grand
2156 1868 424 92 cavern,
2652 1836 144 128 by
2860 1836 496 128 Douglas
3420 1836 120 100 L.
3616 1832 376 108 Oliver
4080 1836 68 112 …

380 1984 256 100 with
704 1988 128 92 23
904 1984 724 100 illustrations
1700 1980 292 100 from
2064 1984 752 128 photographs
2888 1984 140 128 by
3100 1984 184 100 the
3356 1984 424 100 author.
3928 1984 260 100 New

384 2132 328 128 York,
768 2132 496 128 London,
1320 2128 132 104 G.
1508 2132 120 96 P.
1688 2128 568 100 Putnam's
2312 2164 280 96 sons,
2652 2136 284 92 1930.

496 2292 60 60 x
572 2344 16 20 .
648 2284 164 76 148
868 2304 80 68 p.
1068 2284 308 88 front.,
1440 2284 296 88 plates
1748 2344 12 20 ,
1824 2304 56 68 p
1888 2288 216 72 orts.
2224 2288 48 68 2
2280 2280 52 72 0
2428 2288 32 36 ½
2332 2288 28 48 ͨ
2416 2288 84 72 ͫ.

504 2392 308 76 "First
876 2392 436 76 edition."

388 2520 88 88 ©
552 2528 188 80 Oct.
804 2528 76 92 3,
940 2528 160 76 193
1108 2528 52 76 0
1192 2548 16 72 ;
1272 2528 128 80 2c.
1464 2528 76 76 O
1544 2544 44 60 c
1600 2536 60 72 t.
1724 2536 96 84 7;
1892 2528 152 76 aff.
2112 2528 192 76 Oct.
2372 2528 56 76 8
2456 2548 12 72 ;
2536 2528 80 72 A
2676 2528 328 92 29153;
3072 2528 112 80 D.
3244 2528 96 76 L.
3408 2528 336 92 Oliver,
3816 2516 92 92 ℅
3976 2532 220 76 Mrs.

516 2640 136 76 W.
696 2640 116 76 K.
852 2640 420 92 Duncan,
1320 2636 416 80 Atlanta.
1872 2636 216 92 (30-
2076 2656 52 72 2
2144 2636 264 96 7676)
3736 2632 284 84 10974

372 2816 444 124 Orcutt,
876 2816 484 104 William
1420 2820 356 120 Dana,
1848 2828 320 96 1870–

504 2960 228 104 The
800 2960 352 132 magic
1212 2960 120 104 of
1392 2964 180 100 the
1640 2964 328 124 book;
2040 2996 108 64 m
2152 3000 60 64 o
2220 3000 116 64 re
2404 2960 804 108 reminiscences
3272 2964 216 104 and
3552 2964 644 104 adventures

364 3112 120 100 of
524 3152 60 64 a
628 3112 564 132 bookman,
1236 3112 136 132 by
1416 3112 492 100 William
1956 3112 316 104 Dana
2320 3112 424 104 Orcutt.
2860 3112 440 132 Boston,
3344 3112 376 132 Little,
3764 3112 436 124 Brown,

368 3260 88 100 &
512 3296 560 96 company,
1136 3268 284 96 1930.

500 3412 56 76 4
608 3432 80 76 p.
740 3416 88 88 l.,
880 3412 92 76 vi
976 3412 32 76 i
1012 3456 56 8 -
1072 3436 56 52 x
1140 3412 32 76 i
1176 3412 52 92 i,
1284 3416 188 88 314,
1532 3416 76 92 [2
1608 3432 24 60 ]
1692 3436 80 72 p.
1832 3416 96 72 in
1932 3436 44 56 c
1980 3416 60 76 l.
2092 3416 324 92 plates.
2536 3440 44 52 c
2588 3416 84 76 ol
2684 3476 16 16 .
2756 3416 312 92 front.,
3128 3416 88 92 pl
3224 3436 48 56 a
3288 3424 136 72 tes
3480 3416 92 92 (1
3624 3416 220 92 col.)
3908 3420 288 88 ports.

388 3524 92 92 (1
544 3544 44 52 c
592 3540 52 56 o
652 3520 108 92 l.)
836 3520 412 80 facsims.
1368 3524 104 72 24
1508 3524 36 64 ½
1568 3524 52 40 ͨͫ
1628 3584 20 20 .

504 3632 240 72 Title
812 3632 436 92 vignette.

508 3736 660 96 Frontispiece,
1264 3740 364 76 colored
1720 3740 276 92 plate,
2100 3740 184 80 and
2376 3740 360 80 colored
2836 3740 408 96 portrait
3336 3744 648 88 accompanied
4088 3744 108 88 by

364 3848 296 92 guard
720 3852 308 76 sheets
1092 3848 232 76 with
1392 3848 552 88 descriptive
2016 3848 568 92 letterpress.

508 3956 348 80 "Three
924 3960 420 76 hundred
1412 3960 180 76 and
1664 3956 600 92 seventy-five
2328 3956 304 92 copies
2700 3960 100 76 of
2864 3960 188 76 this
3116 3956 360 80 limited
3548 3956 348 80 edition
3968 3960 40 68 h
4032 3980 168 52 ave

372 4072 228 72 been
648 4068 396 92 printed,
1096 4068 176 76 and
1332 4084 160 60 are
1536 4064 464 80 inscribed
2052 4068 120 88 by
2220 4068 160 76 the
2424 4068 364 76 author.
2904 4068 120 76 Of
3076 4068 152 76 the
3280 4068 564 88 twenty-five
3896 4088 100 56 co
4008 4084 52 64 p
4020 4068 180 76 ies

376 4172 236 80 whic
616 4180 56 68 h
728 4196 104 52 ar
840 4196 48 64 e
936 4180 160 68 not
1148 4172 148 76 for
1352 4172 192 76 sale
1600 4172 184 76 this
1840 4172 80 76 is
1972 4192 228 72 copy
2248 4172 152 76 for
2452 4172 568 92 copyright."

508 4284 68 80 C
544 4292 72 64 O
640 4304 64 56 N
712 4280 1284 76 TENTS.—Foreword.—The
2072 4284 248 72 seats
2396 4284 96 72 of
2568 4284 156 72 the
2800 4280 700 92 mighty.-The
3580 4304 208 56 resu
3804 4304 36 52 r
3856 4300 112 60 rect
4052 4284 144 72 ion

372 4392 96 76 of
568 4392 156 76 the
820 4392 396 76 Vatican
1320 4388 692 92 library.—The
2116 4392 456 84 language
2672 4388 96 76 of
2868 4392 156 88 typ
3032 4412 48 52 e
3088 4388 376 80 .—Pens
3568 4396 328 72 turned
4004 4392 192 72 into

372 4500 612 80 swords.—In
1032 4504 268 88 quest
1352 4496 100 76 of
1508 4500 608 88 Sweynheym
2172 4500 180 72 and
2408 4500 68 72 P
2488 4520 44 52 a
2544 4500 480 76 nnartz.—
3028 4500 76 72 B
3112 4500 108 72 od
3236 4524 48 48 o
3292 4500 92 72 ni
3440 4508 100 72 at
3596 4500 604 76 home.—The

380 4612 188 76 real
616 4608 568 80 investment
1236 4608 208 76 that
1496 4608 172 76 lies
1724 4608 92 72 in
1868 4608 308 76 books.

384 4716 96 96 ©
552 4728 244 92 Sept.
860 4724 132 88 26,
1056 4724 48 76 1
1112 4732 56 68 9
1164 4724 160 88 30;
1388 4732 52 68 2
1444 4744 72 60 c.
1580 4724 184 72 and
1828 4720 156 80 aff.
2052 4720 192 76 Oct.
2308 4720 100 92 4;
2480 4720 76 76 A
2616 4716 52 76 2
2676 4716 160 84 865
2844 4716 100 92 2;
3016 4720 136 80 W.
3220 4716 108 80 D.
3396 4720 356 80 Orcutt.
3824 4724 348 72 Boston

532 4832 28 96 (
576 4836 108 76 30
688 4832 376 92 -27743)
3736 4824 48 80 1
3792 4824 52 84 0
3848 4824 172 84 975

372 5016 692 120 Pakenham,
1124 5016 492 100 Thomas
1676 5016 584 120 Compton.

508 5168 644 128 Rearguard
1264 5164 168 136 [by
1432 5196 32 76 ]
1576 5168 548 124 Compton
2216 5164 668 100 Pakenham.
3032 5164 260 100 New
3392 5164 344 120 York,
3828 5168 136 96 A.
4072 5164 124 100 A.

376 5316 424 132 Knopf,
868 5320 284 96 1930.

512 5472 52 72 4
624 5492 80 72 p.
768 5468 32 72 l
808 5532 44 32 .,
916 5468 276 80 3-394
1252 5492 112 72 p.,
1428 5468 48 76 1
1540 5472 52 72 l.
1712 5464 156 80 19½
1904 5472 40 40 ͨͫ
1964 5500 24 40 .

396 5576 84 88 ©
544 5580 128 80 Oc
676 5584 60 76 t.
792 5580 44 72 1
848 5580 52 72 0
908 5640 12 20 ,
980 5580 104 72 19
1088 5580 116 72 30
1228 5600 20 68 ;
1304 5584 48 68 2
1360 5604 48 48 c
1408 5620 20 40 .
1488 5580 184 72 and
1724 5600 48 52 a
1784 5576 96 76 ff.
1940 5580 164 72 Oct
2120 5640 16 16 .
2188 5576 156 92 13;
2408 5576 80 76 A
2536 5572 328 96 29307;
2924 5576 328 76 Alfred
3308 5576 104 76 A.
3468 5576 344 88 Knopf,
3872 5576 172 76 inc.

540 5684 536 100 (30-27754)
3736 5680 284 84 10976

372 5868 664 120 Parkinson,
1092 5876 60 84 M
1092 5872 124 96 r
1224 5880 60 76 s
1284 5908 44 60 .
1420 5868 364 104 Sarah
1848 5868 440 104 Woods.

504 6016 580 100 Memories
1172 6012 124 104 of
1392 6012 548 108 Carlisle's
2036 6012 220 108 Old
2352 6012 648 132 graveyard,
3096 6012 140 132 by
3340 6012 352 104 Sarah
3792 6012 404 104 Woods

380 6164 608 100 Parkinson
1036 6168 60 108 …
1224 6200 52 64 c
1284 6164 576 128 ontaining
1916 6200 60 64 a
2028 6164 36 96 l
2076 6164 136 100 ist
2268 6160 124 104 of
2444 6164 180 100 the
2680 6164 704 124 inscriptions
3440 6200 60 64 o
3512 6200 68 64 n
3636 6200 60 60 a
3700 6164 32 96 l
3748 6164 36 96 l
3836 6200 48 60 s
3892 6168 40 92 t
3944 6196 60 64 o
4012 6200 184 60 nes

376 6308 108 100 in
532 6312 180 96 the
764 6312 548 100 enclosure
1368 6312 108 96 in
1540 6316 284 124 1898,
1884 6316 216 96 and
2152 6308 620 132 describing
2828 6352 60 64 a
2944 6308 288 100 walk
3280 6312 484 128 through
3824 6344 52 64 a
3944 6320 244 120 part

372 6456 120 100 of
576 6460 176 100 the
836 6460 648 128 graveyard.
1640 6456 600 104 Published
2324 6456 144 132 by
2552 6456 328 132 Mary
2964 6456 444 132 Kirtley
3496 6456 692 104 Lamberton.

380 6600 528 132 [Carlisle,
968 6608 228 124 Pa.,
1252 6608 464 100 Printed
1772 6608 144 128 by
1976 6608 180 100 the
2220 6604 528 136 Sentinel,
2856 6612 184 96 ͨ193
3048 6612 60 96 0

496 6752 168 84 259
724 6780 80 68 p.
868 6760 100 76 in
972 6760 76 76 cl
1064 6820 12 16 .
1144 6760 92 76 ill
1320 6780 64 56 us.
1384 6784 24 44 ,
1480 6764 312 88 ports.,
1860 6760 156 76 fac
2024 6780 40 56 s
2072 6760 204 80 ims.
2388 6756 272 96 23½ͨͫ.

504 6864 108 72 Bl
624 6872 184 72 ank
856 6884 280 72 pages
1188 6864 240 76 "For
1480 6872 316 72 record
1852 6868 100 76 of
2004 6864 600 96 inscriptions
2652 6892 120 52 on
2824 6872 316 72 stones
3196 6888 152 56 ere
3356 6872 84 72 ct
3448 6872 112 72 ed
3616 6872 244 72 since
3916 6872 32 68 1
3968 6864 56 68 8
4024 6864 164 80 98"

388 6972 476 96 (247-250)

504 7080 160 76 "In
736 7084 156 76 the
956 7080 388 92 copying
1408 7080 240 76 from
1720 7084 260 76 these
2048 7084 596 80 tombstones,
2712 7080 232 80 with
3016 7084 48 72 b
3076 7088 100 72 ut
3248 7104 44 52 a
3372 7080 44 76 f
3420 7104 44 56 e
3476 7100 80 56 w
3624 7104 48 56 e
3680 7088 56 60 x
3748 7092 96 64 ce
3856 7088 96 84 pt
3964 7080 24 76 i
3996 7104 52 48 o
4056 7104 132 68 ns,

372 7188 148 76 the
580 7192 300 76 entire
936 7188 380 92 epitaph
1376 7208 192 56 was
1632 7188 364 80 taken."

504 7296 560 92 "Drippings
1116 7296 240 80 from
1412 7300 156 76 the
1624 7296 392 80 Carlisle
2076 7292 200 84 well
2360 7292 56 84 …
2488 7300 392 76 selected
2940 7304 100 72 at
3100 7300 380 76 random
3540 7296 240 76 from
3836 7316 52 56 a
3944 7296 248 80 shelf

372 7428 44 44 o
428 7404 40 72 f
528 7404 220 76 local
812 7404 448 92 writings.
1380 7404 252 92 They
1684 7424 164 60 are
1904 7404 116 92 by
2076 7404 320 92 people
2452 7404 324 80 buried
2840 7404 92 76 in
3000 7404 152 76 the
3212 7404 548 92 graveyard,
3824 7424 104 52 or
3988 7412 200 64 con-

392 7516 48 60 c
416 7532 48 52 e
476 7512 268 92 rning
788 7512 316 92 people
1152 7512 320 80 buried
1528 7512 372 80 there":
1952 7532 80 72 p.
2088 7508 416 80 203-245.
