4752 8320
292 688 564 124 O'Daniel,
916 684 392 104 Victor
1364 680 504 124 Francis,
1932 692 324 96 1868-

516 848 60 104 …
636 832 708 108 Dominicans
1420 832 116 100 in
1612 832 300 128 early
1992 828 488 136 Florida,
2556 832 144 128 by
2776 832 184 96 the
3040 832 296 124 Very
3416 832 264 100 Rev.
3760 828 132 100 V.
3976 828 124 100 F.

292 980 536 108 O'Daniel
916 988 64 112 …
1156 980 268 104 New
1488 980 344 128 York,
1896 980 228 100 The
2184 976 416 108 United
2676 980 360 104 States
3104 976 500 108 Catholic
3668 976 436 100 histori-

292 1132 164 100 cal
516 1132 436 132 society,
1016 1136 284 96 1930.

428 1308 60 64 x
496 1284 128 92 iii,
688 1288 48 72 2
740 1288 112 76 30
904 1304 80 72 p.
1100 1284 104 76 23
1232 1296 60 52 m
1308 1348 16 12 .
1460 1280 388 96 (United
1916 1280 52 80 S
1980 1284 244 76 tates
2288 1280 424 80 Catholic
2768 1280 480 80 historical
3312 1280 376 92 society.
3808 1280 316 76 Mono-

292 1396 296 88 graph
640 1392 284 80 series
980 1392 188 92 xii)

432 1524 536 80 Half-title:
1020 1528 512 76 Historical
1588 1528 372 72 records
2008 1528 184 72 and
2244 1524 384 80 studies.

440 1636 660 88 "Twenty-odd
1152 1632 328 80 Friars
1532 1636 448 88 preacher
2028 1632 440 76 sketched
2520 1632 92 76 in
2668 1628 56 88 …
2824 1632 632 92 biographical
3516 1628 596 80 outlines."-

300 1744 520 80 Foreword.

428 1852 720 92 Bibliography:
1204 1868 84 72 p.
1344 1848 416 80 220-223.

308 2008 96 96 ©
452 2016 224 76 Nov.
724 2020 76 88 1,
848 2012 160 80 193
1016 2012 56 80 0
1100 2032 16 72 ;
1164 2012 132 80 2c.
1344 2012 196 80 Oct.
1588 2012 156 92 30;
1800 2012 152 76 aff.
2004 2016 228 76 Nov.
2276 2012 104 92 4;
2436 2012 72 76 A
2556 2008 324 96 30324;
2940 2012 340 80 United
3332 2012 320 80 States
3696 2008 420 80 Catholic

432 2124 488 76 historical
984 2144 180 56 soc.
1300 2120 156 96 (30
1456 2136 48 44 -
1492 2120 188 80 308
1668 2116 56 76 9
1736 2124 96 92 2)
3656 2116 292 84 12562

296 2332 504 124 Orleans,
880 2332 88 100 Il
976 2368 96 72 o.

428 2488 92 96 F
532 2488 220 104 und
764 2524 48 60 a
828 2524 104 92 y,
984 2488 144 132 by
1184 2488 56 96 I
1252 2488 36 96 l
1296 2524 60 64 o
1416 2480 488 108 Orleans.
2052 2488 260 96 New
2376 2484 340 128 York,
2772 2488 128 92 M
2900 2484 296 100 artin
3248 2488 88 96 &
3388 2516 148 68 co.
3608 2504 56 92 (
3688 2488 256 96 1930
3956 2548 20 64 1

436 2672 24 60 1
464 2636 108 76 22
576 2636 48 80 3
636 2676 20 56 1
716 2660 84 72 p.
916 2636 104 80 ill
1028 2660 56 56 u
1092 2660 44 56 s
1148 2700 12 16 .
1276 2640 48 76 2
1336 2632 72 84 5c
1408 2632 92 84 m.

432 2776 552 76 Illustrated
1040 2776 516 88 lining-pap
1564 2792 48 60 e
1616 2796 120 56 rs.

436 2884 408 88 Rhymes
900 2884 152 76 for
1112 2884 444 88 children,
1624 2884 228 76 with
1912 2884 376 72 illustra
2296 2884 132 76 tio
2436 2904 108 56 ns
2592 2876 60 80 b
2664 2904 56 68 y
2780 2884 156 76 the
3000 2884 232 76 auth
3236 2904 48 56 o
3296 2904 72 52 r.

312 3008 92 92 ©
460 3024 228 76 Nov.
736 3024 52 76 5
796 3084 16 28 ,
860 3020 108 76 19
972 3020 116 76 30
1116 3040 16 72 ;
1184 3016 128 84 2c.
1368 3040 48 56 a
1428 3024 120 68 nd
1600 3016 156 84 aff.
1808 3020 216 72 Nov.
2088 3016 156 92 12;
2304 3016 72 76 A
2428 3016 328 96 29978;
2816 3012 64 80 I.
2944 3016 420 96 Orleans,
3416 3020 224 76 New
3696 3020 272 80 York.

456 3128 536 96 (30-30783)
3660 3124 284 84 12563

300 3340 376 120 Owen,
756 3340 332 120 John,
1176 3340 324 104 1878-

428 3492 344 132 Many
832 3488 516 136 captives,
1408 3492 140 132 by
1604 3492 304 100 John
1968 3488 340 104 Owen
2372 3496 68 108 …
2636 3488 816 136 Philadelphia,
3508 3488 104 104 J.
3680 3492 88 96 B
3788 3572 16 16 .
3864 3488 260 132 Lip-

308 3644 416 128 pincott
796 3676 568 96 company,
1440 3644 284 96 1930.

436 3796 104 76 31
548 3796 48 76 5
660 3812 80 72 p.
860 3800 44 68 1
912 3792 540 88 9½ͨͫ.

312 3920 96 92 ©
468 3932 192 80 Oct.
712 3932 76 92 3,
844 3928 268 96 1930;
1164 3928 128 84 2c.
1348 3932 184 76 and
1580 3928 160 84 aff.
1792 3932 224 76 Nov.
2076 3936 40 68 1
2128 3932 48 72 5
2212 3952 16 72 ;
2284 3932 80 72 A
2416 3928 328 92 31080;
2800 3932 56 76 J
2868 3992 16 20 .
2940 3932 100 76 B.
3100 3932 236 92 Lipp
3336 3928 32 76 i
3372 3948 116 60 nc
3492 3932 144 76 ott
3684 3948 132 60 co.

460 4040 536 96 (30-30770)
3668 4036 288 80 12564

300 4248 240 120 Pag
532 4248 68 92 é
612 4332 24 40 ,
704 4248 396 104 Victor
1160 4248 516 120 Wilfred,
1748 4260 316 92 1885-

432 4392 532 104 Aviation
1024 4396 392 132 engine
1472 4396 608 128 examiner;
2148 4432 60 64 a
2272 4396 528 128 complete
2860 4428 372 68 course
3296 4392 124 104 of
3476 4400 404 96 lessons
3952 4392 180 104 for

300 4544 312 100 home
684 4580 120 64 or
880 4544 360 100 school
1320 4580 212 96 use,
1608 4544 116 100 in
1796 4544 496 132 question
2368 4548 220 96 and
2664 4580 416 64 answer
3160 4544 328 132 form,
3568 4540 184 104 for
3828 4548 300 96 those

304 4692 468 132 wishing
856 4700 112 96 to
1048 4692 436 132 qualify
1572 4728 112 68 as
1772 4692 464 104 aircraft
2324 4692 388 132 engine
2788 4692 644 104 mechanics.
3588 4692 272 104 Also
3952 4692 180 104 for

300 4840 332 128 pilots
688 4876 120 64 or
860 4844 492 96 students
1408 4840 472 132 wishing
1932 4880 56 60 a
2044 4844 440 132 general
2540 4844 216 100 and
2812 4840 624 104 diversified
3492 4840 644 136 knowledge

304 4988 120 100 of
488 4988 484 100 aviation
1040 4988 440 132 engines
1544 4992 216 100 and
1824 4992 288 96 their
2176 4992 668 100 accessories.
2980 4992 116 96 It
3160 4988 544 104 considers
3776 4992 116 96 in
3956 4992 172 100 de-

300 5136 204 100 tail
564 5136 220 104 and
844 5136 116 100 in
1020 5136 388 132 simple
1472 5140 576 128 language,
2112 5140 148 100 all
2328 5136 448 136 leading
2832 5148 316 120 types
3212 5136 124 104 of
3404 5136 484 104 aviation
3956 5172 172 68 en-

300 5284 340 132 gines,
712 5284 532 104 describes
1320 5284 596 132 principles
1988 5324 140 64 on
2200 5288 360 100 which
2628 5288 292 100 their
2992 5288 572 132 operation
3636 5288 92 100 is
3804 5288 328 104 based

300 5436 220 96 and
612 5432 300 132 gives
1032 5432 708 104 instructions
1860 5432 180 100 for
2164 5436 384 132 engine
2672 5436 644 132 inspection,
3412 5436 720 132 installation,

300 5580 420 104 trouble
764 5580 512 132 shooting
1324 5580 212 104 and
1588 5580 392 132 repair.
2100 5580 176 132 By
2308 5584 372 128 Major
2708 5580 392 108 Victor
3128 5588 172 100 W.
3336 5588 248 128 Pag
3588 5588 52 100 e
3724 5580 68 112 …
3836 5588 296 100 illus-

308 5732 352 100 trated
748 5732 268 96 with
1096 5732 524 132 specially
1700 5732 332 128 posed
2116 5732 756 132 photographs
2956 5736 216 100 and
3260 5732 436 136 factory
3784 5736 344 100 draw-

308 5880 248 128 ings
648 5880 72 108 …
876 5880 264 100 New
1212 5880 344 128 York,
1624 5880 232 100 The
1924 5880 488 100 Norman
2480 5880 172 104 W.
2724 5880 436 132 Henley
3232 5880 640 136 publishing
3944 5920 192 92 co.,

312 6032 284 96 1930.

436 6180 52 72 4
536 6200 84 72 p.
672 6172 32 76 1
712 6240 40 28 .,
808 6180 164 80 448
1024 6200 80 72 p.
1224 6180 28 76 i
1264 6180 24 72 l
1296 6180 28 76 l
1332 6200 160 72 us.,
1552 6180 344 92 diagrs.
2008 6180 116 80 24
2156 6188 56 40 m
2212 6204 16 48 .

444 6312 180 80 "To
712 6332 560 72 accompany
1356 6316 156 76 the
1596 6332 252 60 more
1932 6316 752 92 comprehensive
2768 6320 188 76 two
3040 6320 364 76 volume
3492 6320 144 80 set
3720 6320 412 80 'Modern

304 6420 420 80 aviation
784 6420 860 92 engines'."-Pref.

324 6536 88 88 ©
480 6560 196 76 Oct.
728 6560 132 88 28,
916 6556 268 92 1930;
1240 6564 128 72 2c.
1428 6564 180 72 and
1664 6584 48 52 a
1720 6560 100 76 ff.
1880 6564 224 76 Nov.
2164 6560 96 92 G;
2324 6560 80 76 A
2452 6560 332 96 30442;
2844 6564 416 76 Norman
3312 6564 140 80 W.
3512 6564 88 76 H
3604 6556 52 80 e
3660 6568 208 88 nley
3928 6564 208 92 pub.

444 6688 132 56 co.
708 6668 432 96 (30-3066
1148 6672 48 72 5
1216 6668 24 92 )
3668 6668 288 84 12565

308 6872 552 120 Peabody,
924 6876 396 116 Henry
1380 6872 724 108 Greenwood.

444 7016 388 108 Grand
932 7020 460 132 Canyon
1492 7020 492 104 national
2088 7020 316 132 park,
2504 7056 140 68 an
2748 7024 624 104 illustrated
3480 7028 408 100 lecture
3988 7024 140 116 by

320 7172 380 128 Henry
760 7168 132 104 G.
948 7172 544 132 Peabody.
1652 7172 636 132 [Pasadena,
2348 7172 376 132 Calif.,
2776 7172 152 100 H.
2988 7172 136 108 G.
3180 7172 552 132 Peabody,
3792 7172 336 132 '19301

444 7328 536 96 cover-title,
1048 7328 104 76 22
1220 7352 76 72 p.
1416 7332 32 72 i
1452 7332 24 72 l
1488 7332 100 72 lu
1592 7352 44 56 s
1648 7392 12 16 .
1716 7328 304 96 (map)
2152 7328 48 76 2
2208 7328 52 80 3
2280 7332 44 44 -
2348 7352 20 48 .

396 7464 24 80 )
476 7472 192 72 Oct.
728 7464 128 92 12,
908 7472 48 68 1
964 7464 52 76 9
1020 7464 148 80 30:
1236 7476 108 64 a>
1352 7532 12 12 .
1420 7488 48 52 a
1480 7468 120 76 nd
1660 7488 48 56 a
1716 7468 28 72 i
1800 7532 12 16 .
1872 7468 192 76 Oct.
2124 7464 156 96 20;
2340 7468 80 76 A
2468 7464 328 96 29990;
2860 7468 120 84 H.
3036 7468 100 80 G.
3196 7468 456 92 Peabody.

468 7564 532 104 (30-30680)
3668 7572 284 84 12566

2092 7672 260 112 1947
