4752 8320
320 688 472 120 Adkins,
852 688 420 100 Nelson
1328 680 640 116 Frederick.

448 832 720 104 Fitz-Greene
1232 832 504 128 Halleck,
1800 868 140 64 an
2004 832 300 132 early
2368 828 884 104 Knickerbocker
3316 828 192 104 wit
3572 836 212 96 and
3852 840 284 120 poet,

316 980 140 108 by
516 980 400 104 Nelson
972 980 596 104 Frederick
1620 980 436 100 Adkins
2136 984 64 112 …
2384 980 264 100 New
2704 980 432 124 Haven,
3192 980 280 100 Yale
3528 976 608 136 university

320 1164 348 96 press;
744 1192 24 64 [
780 1140 228 120 etc.,
1068 1136 192 92 etc.
1372 1136 124 92 19
1504 1132 52 96 3
1568 1132 92 96 0.

444 1312 60 52 x
516 1292 64 72 ii
628 1312 108 72 p.,
780 1292 44 72 1
872 1292 88 88 1.,
1004 1288 160 76 461
1212 1312 84 68 p.
1408 1288 96 76 fr
1508 1308 52 56 o
1568 1292 156 84 nt.,
1772 1308 108 72 po
1892 1292 88 72 rt
1984 1308 44 56 s
2040 1348 12 16 .
2168 1288 108 76 24
2288 1288 108 92 j-
2432 1348 16 16 .

452 1400 244 72 "The
760 1396 256 76 basis
1080 1396 96 76 of
1240 1400 160 72 the
1468 1400 376 88 present
1904 1396 516 92 biography
2472 1392 56 88 …
2660 1416 196 56 was
2920 1420 56 52 a
3040 1396 56 76 d
3108 1416 52 56 o
3164 1416 48 56 c
3220 1400 92 72 to
3320 1412 40 56 r
3368 1396 88 76 al
3528 1396 300 76 disser
3836 1400 84 72 ta
3940 1396 72 80 ti
4020 1416 52 60 o
4076 1420 60 52 n

316 1508 484 92 presented
872 1504 96 76 in
1040 1504 216 76 1925
1328 1508 96 72 to
1496 1508 156 72 the
1720 1504 368 92 faculty
2160 1504 100 76 of
2328 1508 160 72 the
2564 1504 224 76 Yale
2864 1504 476 76 Graduate
3408 1508 340 72 school.
3872 1504 268 80 Since

316 1616 244 88 then,
624 1616 156 72 the
840 1612 256 76 work
1152 1616 172 72 has
1384 1612 224 76 been
1672 1612 244 88 fully
1976 1612 360 76 revised
2400 1612 180 76 and
2648 1612 892 92 enlarged."-Pref.

452 1720 244 76 "The
768 1724 372 92 present
1212 1720 360 76 volume
1640 1720 84 76 is
1788 1720 156 76 the
2016 1720 260 76 tenth
2348 1720 256 76 work
2672 1720 488 92 published
3232 1720 116 92 by
3416 1724 160 72 the
3644 1720 228 76 Yale
3940 1720 196 80 uni-

316 1832 348 92 versity
748 1852 260 72 press
1092 1852 108 52 on
1292 1832 152 72 the
1532 1828 312 76 Oliver
1928 1828 244 92 Baty
2260 1828 648 92 Cunningham
2992 1828 480 76 memorial
3564 1828 576 96 publication

312 1936 316 80 fund."

444 2044 912 96 "Bibliographies":
1408 2068 84 68 p.
1552 2044 192 96 1376
1748 2080 52 56 r
1804 2040 248 92 -384;
2116 2044 344 76 "Index
2516 2044 100 76 of
2664 2044 484 76 sources":
3200 2064 84 76 p.
3344 2044 476 96 [453-401.

324 2172 92 96 ©
484 2180 240 92 Sept.
776 2176 124 84 19.
964 2176 112 76 19
1076 2176 108 80 30
1204 2188 24 72 :
1288 2188 52 68 2
1340 2200 80 64 c.
1480 2180 244 92 Sept.
1780 2176 156 92 25;
1996 2176 160 80 aff.
2216 2176 244 92 Sept.
2516 2176 156 92 24;
2732 2180 80 72 A
2868 2176 324 96 27831;
3256 2180 228 76 Yale
3540 2180 248 80 univ.
3844 2200 288 72 press.

472 2284 536 96 (30-25273)
3676 2284 288 84 10398

312 2468 544 120 Babcock,
916 2468 340 104 Maud
1316 2472 300 120 May,
1684 2468 304 108 1867-

436 2612 860 132 Interpretative
1352 2612 564 104 selections
1976 2612 180 104 for
2212 2616 492 128 colleges,
2764 2616 256 100 each
3080 2612 268 104 with
3404 2656 60 60 a
3520 2616 296 104 basic
3880 2652 248 92 pur-

312 2800 280 96 pose,
652 2764 148 136 by
860 2768 344 96 Maud
1268 2768 264 128 May
1604 2764 504 100 Babcock
2168 2764 68 112 …
2436 2764 496 132 Lincoln,
3004 2764 480 136 Chicago
3564 2780 264 116 [etc.]
3904 2768 236 104 The

308 2912 644 132 University
1008 2912 644 132 publishing
1708 2948 568 96 company,
2336 2920 120 96 19
2468 2920 52 96 3
2532 2920 92 96 0.

436 3072 64 72 x
508 3068 32 80 i
544 3092 60 56 x
652 3092 108 72 p.,
812 3072 44 76 1
908 3076 88 84 1.,
1044 3076 164 72 377
1256 3092 80 72 p.
1452 3072 52 76 2
1508 3072 56 76 0
1568 3060 160 104 4y.

320 3200 96 92 ©
472 3208 244 88 Sept.
764 3204 80 92 9,
892 3204 272 92 1930;
1212 3204 52 76 2
1268 3220 48 64 c
1328 3272 16 12 .
1400 3208 248 88 Sept.
1692 3204 156 92 23;
1908 3204 100 76 af
2000 3208 44 72 f
2048 3268 16 16 .
2124 3204 240 92 Sept.
2416 3204 160 92 26;
2628 3208 80 72 A
2756 3204 328 92 27788;
3144 3204 544 92 University
3736 3208 208 88 pub.
4000 3228 128 56 co.

468 3316 264 92 (30-2
736 3316 48 76 5
792 3316 212 88 267)
3668 3308 284 88 10399

436 3488 852 132 Interpretative
1352 3492 564 100 selections
1976 3488 180 104 for
2212 3492 276 132 high
2544 3492 472 128 schools;
3084 3528 140 64 an
3284 3492 220 104 aim
3564 3492 184 104 for
3804 3528 324 100 every

300 3640 544 132 selection,
904 3676 316 96 every
1284 3640 504 100 selection
1856 3640 268 100 with
2184 3676 136 64 an
2384 3640 252 132 aim,
2696 3640 140 132 by
2892 3644 344 100 Maud
3296 3644 268 132 May
3624 3644 504 104 Babcock

448 3792 60 112 …
568 3788 492 132 Lincoln,
1148 3788 480 132 Chicago
1724 3796 260 120 [etc.]
2080 3788 232 104 The
2396 3788 644 136 University
3124 3792 644 132 publishing
3848 3832 276 64 com-

304 3976 324 96 pany,
680 3944 292 96 1930.

432 4120 124 56 xv
564 4100 28 72 i
640 4120 112 68 p.,
800 4100 48 72 1
900 4100 84 88 1.,
1032 4096 168 80 213
1248 4120 80 68 p.
1444 4096 52 76 2
1500 4096 52 76 0
1564 4096 112 92 1-
1696 4124 24 48 .

320 4228 92 96 ©
484 4236 244 92 Sept.
796 4232 72 92 9,
932 4232 268 88 1930;
1272 4232 128 84 2c.
1472 4232 240 88 Sept.
1776 4228 156 92 23;
2004 4232 96 76 af
2100 4232 40 72 f
2144 4296 16 12 .
2232 4232 248 92 Sept.
2540 4232 160 88 26;
2768 4232 84 76 A
2912 4232 328 92 27787;
3312 4232 540 96 University
3916 4240 208 92 pub.

448 4364 128 60 co.
712 4340 264 96 (30-2
984 4344 52 72 5
1036 4340 212 96 266)
3660 4340 284 84 10400

300 4520 424 124 Bailey,
788 4524 392 120 Henry
1244 4524 780 120 Christopher,
2092 4524 328 108 1878-

488 4680 68 104 …
624 4672 232 100 The
924 4668 476 108 Garston
1464 4672 444 100 murder
1972 4708 236 64 case
2288 4680 68 104 …
2532 4668 444 108 Garden
3048 4672 288 136 City,
3404 4676 136 100 N.
3608 4676 176 132 Y.,
3848 4676 276 104 Pub.

300 4820 180 100 for
556 4820 184 100 the
824 4820 368 104 Crime
1272 4820 272 128 club,
1628 4820 240 132 inc.,
1944 4820 148 132 by
2164 4820 684 136 Doubleday,
2932 4820 376 104 Doran
3392 4832 88 96 &
3556 4860 572 96 company,

300 4968 240 132 inc.,
600 4976 288 96 1930.

432 5132 92 76 vi
576 5152 108 68 p.,
740 5132 44 72 1
836 5132 88 88 1.,
972 5128 164 80 293
1188 5148 80 72 p.
1384 5124 108 80 19
1500 5128 48 92 1
1576 5132 88 76 -.

432 5240 124 76 At
600 5240 240 76 head
892 5236 100 76 of
1040 5236 256 76 title:
1348 5236 120 76 H.
1520 5232 92 80 C.
1668 5232 352 96 Bailey.

436 5348 308 76 "First
800 5340 436 84 edition."

436 5456 376 76 London
872 5448 352 80 edition
1304 5448 488 92 (Methuen
1852 5448 72 80 &
1980 5472 156 68 co.,
2200 5440 216 100 ltd.)
2492 5452 172 76 has
2720 5448 260 80 title:
3048 5452 480 80 Garstons.

312 5580 96 92 ©
480 5588 180 92 Sep
660 5592 36 72 t
704 5648 20 16 .
776 5584 136 92 22,
972 5584 268 88 1930;
1308 5580 48 76 2
1364 5604 48 56 c
1412 5620 20 44 .
1496 5588 188 72 and
1740 5580 160 80 aff.
1968 5580 240 96 Sept.
2272 5580 160 92 27;
2496 5580 80 80 A
2636 5584 328 92 28632;
3036 5588 568 96 Doubleday,
3672 5592 80 72 D
3764 5612 228 60 oran
4052 5596 72 80 &

436 5720 104 52 co
548 5756 44 32 .,
652 5696 28 76 i
688 5716 60 56 n
748 5700 76 72 c.
960 5688 536 100 (30-25379)
3652 5696 288 84 10401

300 5876 404 124 Baker,
764 5876 128 92 M
892 5912 140 72 rs.
1092 5876 316 100 Ellen
1484 5872 416 128 (Friel)

428 6028 236 100 The
748 6020 620 108 wonderful
1452 6036 304 120 story
1844 6024 124 100 of
2052 6024 544 132 industry,
2684 6024 144 136 by
2920 6032 324 100 Ellen
3332 6032 296 104 Friel
3724 6032 392 132 Baker,

296 6176 620 104 illustrated
992 6176 148 128 by
1224 6176 320 104 Carle
1624 6168 408 104 Michel
2116 6176 340 128 Boog.
2632 6176 264 100 New
2984 6180 344 128 York,
3416 6184 476 104 Thomas
3976 6192 136 100 Y.

296 6324 464 104 Crowell
820 6356 536 96 company
1424 6328 364 124 [1930]

428 6480 28 72 i
464 6500 60 52 s
532 6540 20 28 ,
604 6480 48 76 3
660 6480 52 76 0
716 6480 52 80 8
816 6500 56 72 V
884 6540 12 16 .
1012 6500 44 56 c
1064 6500 52 52 o
1120 6480 32 72 l
1164 6540 12 16 .
1228 6476 44 76 f
1276 6500 104 56 ro
1384 6500 60 52 n
1452 6480 88 88 t.,
1592 6476 28 76 i
1628 6480 32 72 l
1664 6480 172 72 lus.
1952 6476 480 88 21ͨͫ.

312 6600 96 96 ©
496 6616 244 92 Sept.
820 6616 44 72 1
872 6608 52 76 6
932 6672 16 32 ,
1032 6612 268 80 1930:
1380 6612 52 72 S
1440 6636 44 56 c
1496 6676 12 16 .
1592 6612 244 92 Sept.
1916 6612 160 92 19;
2160 6612 100 76 af
2252 6608 40 76 f
2300 6676 16 16 .
2404 6612 244 96 Sept.
2724 6620 160 88 18;
2968 6620 80 76 A
3124 6620 328 96 28369;
3536 6624 404 84 Thomas
4016 6636 104 72 Y.

444 6724 388 80 Crowell
892 6744 124 56 co.
1152 6720 536 92 (30-25287)
3660 6732 292 84 10402

300 6908 404 120 Baker,
764 6908 620 120 Margaret.

424 7048 396 136 Noddy
904 7084 252 96 goes
1228 7088 68 60 a
1308 7044 556 136 -plowing,
1940 7048 148 108 by
2168 7052 556 132 Margaret
2812 7056 396 116 Baker,
3292 7064 264 100 with
3640 7068 476 128 pictures

288 7196 140 140 by
480 7200 320 108 Mary
864 7196 388 100 Baker.
1396 7192 56 88 1
1428 7196 260 100 New
1752 7196 304 96 York
2164 7196 248 100 Duff
2412 7212 32 84 i
2452 7196 168 100 eld
2680 7200 212 104 and
2952 7240 528 104 company
3564 7216 248 100 1193
3824 7224 56 96 0

436 7396 20 56 [
456 7356 168 80 104
616 7344 28 80 ]
704 7380 80 72 p.
840 7356 24 76 i
872 7376 60 56 n
936 7356 108 80 cl.
1088 7356 284 80 front.
1384 7416 20 24 ,
1456 7352 96 76 ill
1572 7376 52 52 u
1632 7372 68 56 s.
1820 7356 104 76 17
1932 7356 140 92 ½×
2104 7356 544 88 21ͨͫ
2304 7380 16 48 .

316 7488 92 92 ©
472 7496 244 92 Sept.
764 7492 132 92 20,
948 7492 268 84 1930;
1272 7488 128 80 2c.
1456 7488 196 80 Oct.
1704 7488 100 92 1;
1860 7488 100 76 af
1940 7488 56 76 f
2004 7552 12 16 .
2076 7488 244 92 Sept.
2372 7492 160 92 26;
2588 7496 80 72 A
2716 7496 328 96 27974;
3104 7500 152 80 Du
3248 7500 96 76 ffi
3356 7508 144 76 eld
3556 7508 72 76 &
3676 7532 128 56 co.

456 7604 268 92 (30-2
728 7604 52 76 5
784 7604 208 92 312)
3660 7620 108 84 10
3772 7604 52 80 4
3836 7620 108 80 03

2084 7704 252 100 1601
