4752 8320
2084 7680 264 108 2107

304 712 540 124 Lansing,
904 712 440 100 Marion
1412 712 1300 100 Florence-Continued

436 868 224 92 xvii,
708 868 164 76 326
920 892 80 68 p.
1052 868 96 72 in
1152 868 80 76 cl
1244 928 16 16 .
1308 868 312 88 front.,
1676 868 324 88 plates.
2116 864 564 88 21ͨͫ.

440 976 392 80 "Junior
888 976 364 76 books."

440 1088 312 76 "First
808 1084 436 76 edition."

312 1200 92 88 ©
468 1220 192 80 Oct.
712 1220 132 84 17,
896 1216 268 92 1930;
1220 1220 124 72 2c.
1396 1220 184 72 and
1628 1216 160 80 aff.
1836 1216 228 76 Nov.
2116 1212 48 76 2
2172 1212 52 76 0
2256 1232 16 72 ;
2328 1216 80 72 A
2456 1212 108 80 30
2572 1216 48 72 6
2624 1212 160 92 98;
2844 1216 568 88 Doubleday,
3468 1216 324 72 Doran
3844 1216 64 72 &
3964 1232 48 60 c
4016 1232 100 72 o.,

436 1328 176 80 inc.
748 1324 532 96 (31-26087)
3660 1316 284 84 13539

308 1536 568 124 Lasswell,
936 1532 424 104 Harold
1420 1532 504 124 Dwight,
1988 1540 324 96 1902-

432 1676 1024 136 Psychopathology
1548 1676 212 100 and
1856 1676 464 132 politics,
2408 1676 144 132 by
2640 1676 432 104 Harold
3164 1680 132 100 D.
3392 1676 512 100 Lasswell
3996 1680 64 112 …

300 1828 512 132 Chicago,
892 1828 212 120 Ill.,
1172 1828 232 96 The
1472 1828 644 132 University
2184 1828 120 100 of
2380 1824 476 132 Chicago
2928 1860 296 96 press
3328 1832 72 108 [1
3416 1832 120 92 93
3548 1832 56 96 0]

432 1984 28 76 i
464 1996 92 84 x,
616 1988 160 76 285
836 2008 80 72 p.
1028 1988 148 72 21ͨ
1176 1992 52 40 ͫ
1236 2048 16 16 .

436 2096 248 80 "The
732 2096 368 92 general
1160 2096 360 80 scheme
1564 2092 100 76 of
1708 2112 56 72 p
1772 2116 40 52 r
1824 2092 516 80 esentation
2392 2092 320 92 begins
2760 2092 224 76 with
3040 2112 252 56 some
3340 2096 432 88 chapters
3828 2096 288 76 which

304 2204 312 80 sketch
696 2204 160 80 the
928 2200 968 96 psychopathological
1980 2200 540 92 standpoint
2600 2200 88 76 in
2772 2200 120 76 its
2964 2200 484 76 historical
3528 2204 340 92 setting
3944 2204 176 76 and

300 2308 300 84 which
652 2312 332 76 review
1032 2312 156 76 the
1236 2316 368 72 current
1660 2308 352 76 criteria
2084 2308 100 76 of
2228 2308 408 92 political
2688 2312 280 92 types.
3080 2308 252 76 Then
3384 2332 300 56 comes
3732 2332 96 52 se
3836 2312 80 72 le
3916 2312 200 76 cted

300 2420 560 92 life-history
936 2416 460 76 material.
1528 2420 72 72 T
1608 2420 52 68 h
1672 2440 48 52 e
1792 2436 100 56 co
1904 2440 48 48 n
1968 2416 368 88 cluding
2408 2416 436 88 chapters
2912 2416 260 76 discu
3180 2436 44 56 s
3232 2436 40 56 s
3348 2420 156 76 the
3576 2420 380 92 bearing
4028 2420 100 76 of

296 2524 576 96 personality
960 2524 348 76 studies
1392 2544 112 56 on
1592 2524 360 88 general
2044 2524 412 88 political
2548 2524 328 96 theory
2968 2528 180 76 and
3232 2524 408 84 criticize
3724 2528 400 92 existing

300 2636 420 80 methods
776 2636 100 72 of
932 2636 84 72 st
1020 2652 60 56 u
1088 2632 400 96 dy."-p.
1552 2632 128 76 14.

436 2744 356 80 "Select
852 2740 212 76 bibli
1084 2756 40 60 o
1136 2740 464 92 graphy":
1668 2760 76 72 p.
1816 2740 412 76 268-275.

312 2860 88 88 ©
472 2880 168 76 Oct
652 2944 12 12 .
724 2880 132 92 28,
920 2876 268 92 1930;
1252 2876 48 72 2
1308 2892 68 64 c.
1440 2880 184 72 and
1684 2876 152 80 aff.
1900 2876 80 76 N
1980 2892 52 56 o
2044 2900 76 52 v.
2184 2876 148 84 21;
2408 2876 76 76 A
2540 2876 52 76 3
2600 2876 104 76 11
2712 2872 48 76 9
2768 2876 100 92 2;
2936 2876 544 92 University
3540 2880 96 76 of
3696 2880 136 76 Ch
3840 2876 204 92 icag
4052 2900 48 56 o
4100 2936 24 20 .

444 2988 428 92 Chicago.
1008 2984 536 96 (31-26088)
3664 2984 48 84 1
3720 2984 52 84 3
3784 2984 108 80 54
3900 2984 52 80 0

304 3164 216 104 Lef
528 3164 60 104 è
592 3200 232 92 vre,
904 3172 148 96 Fr
1060 3168 56 100 é
1124 3168 64 100 d
1200 3168 60 100 é
1264 3164 200 124 ric,
1544 3176 120 96 18
1676 3176 52 96 8
1740 3176 128 96 9-

508 3324 64 104 …
636 3316 76 108 S
724 3352 228 64 ams
956 3352 60 64 o
1020 3352 108 92 n,
1188 3316 168 100 fils
1416 3316 128 100 de
1608 3316 492 128 Samson,
2160 3352 376 64 roman
2596 3320 320 96 d'une
2976 3316 428 104 famille
3464 3320 132 104 de
3652 3340 228 80 sorc
3900 3320 20 96 i
3940 3356 112 60 er
4056 3356 76 64 s.

324 3464 388 132 [Paris]
792 3464 128 100 E.
992 3464 752 104 Flammarion
1824 3472 36 88 [
1844 3500 36 80 1
1928 3472 188 96 930
2128 3524 24 72 ]

436 3624 168 76 257
656 3644 108 72 p.,
824 3628 56 72 2
936 3628 56 72 l.
1108 3620 220 80 19ͨͫ.

312 3728 92 88 ©
468 3760 220 88 May
740 3760 72 88 8,
872 3760 44 72 1
924 3752 168 80 930
1112 3752 24 76 :
1260 3748 120 96 1c.
1388 3756 100 68 M
1488 3776 52 56 a
1548 3780 60 68 y
1660 3760 152 88 14;
1876 3756 600 92 A-Foreign
2528 3760 268 88 8752;
2860 3760 344 76 Ernest
3260 3760 656 76 Flammarion.

460 3864 532 92 (30-33182)
3672 3864 284 84 13541

308 4040 232 104 Lou
552 4044 72 116 ÿ
628 4072 92 96 s,
784 4040 420 128 Pierre,
1280 4048 620 104 1870-1925.

432 4188 464 104 Woman
956 4188 216 104 and
1232 4200 452 120 puppet,
1740 4192 144 136 by
1944 4192 372 104 Pierre
2380 4196 416 132 Louys;
2860 4196 732 108 illustrations
3652 4196 144 136 by
3860 4196 268 100 Wil

300 4336 264 104 liam
620 4332 388 140 Siegel.
1152 4336 300 136 [New
1512 4340 340 132 York]
1920 4340 300 104 Priv.
2284 4340 372 132 print.,
2720 4352 284 92 1930.

436 4492 48 72 1
556 4512 80 72 p.
704 4496 88 88 l.,
860 4488 160 80 153
1088 4512 84 72 p.
1284 4496 316 88 front.,
1672 4496 324 92 plates.
2116 4496 52 72 2
2176 4496 48 76 5
2168 4492 172 84 ͨͫ.

444 4600 280 80 "This
800 4600 352 76 edition
1204 4600 56 84 …
1408 4604 168 76 has
1656 4604 224 76 been
1956 4604 372 92 printed
2408 4604 244 76 from
2732 4628 52 56 a
2864 4600 204 80 new
3140 4608 568 80 translation
3792 4616 180 72 and
4052 4608 80 76 is

304 4708 372 92 strictly
736 4708 356 80 limited
1152 4716 96 72 to
1308 4712 48 72 2
1364 4712 48 76 5
1416 4712 112 76 00
1580 4712 328 88 copies.
2028 4712 80 76 N
2112 4732 60 56 u
2180 4712 256 76 mber
2496 4712 132 76 1."

312 4844 88 88 ©
464 4848 212 80 Dec.
728 4852 72 92 1,
856 4848 268 92 1930;
1180 4848 128 80 2c.
1364 4856 180 72 and
1600 4852 100 76 af
1676 4852 56 76 f
1740 4916 16 16 .
1812 4856 212 76 Dec.
2076 4856 100 88 4;
2232 4852 80 76 A
2360 4852 328 92 31421;
2748 4856 332 88 Lilyan
3140 4856 376 92 Sindell,
3576 4856 228 76 New
3852 4856 276 76 York.

460 4956 376 96 (30-331
844 4964 48 72 5
900 4960 96 96 5)
3668 4960 292 84 13542

300 5140 568 124 McCloud,
924 5140 404 108 David.

440 5292 232 100 The
728 5292 328 104 wives
1108 5296 120 100 of
1276 5328 280 100 men,
1608 5300 144 128 by
1804 5296 372 104 David
2232 5296 576 104 McCloud.
2952 5300 496 132 London,
3500 5300 268 100 New
3828 5300 308 100 York

316 5452 260 116 [etc.]
640 5444 660 132 Longmans,
1356 5444 356 104 Green
1764 5448 220 100 and
2036 5484 188 96 co.,
2284 5452 284 96 1930.

432 5596 56 76 4
544 5620 84 68 p.
680 5600 88 88 l.,
824 5596 168 80 318
1044 5620 80 68 p.
1248 5596 280 80 19½ͨͫ.

440 5704 440 76 "Printed
924 5704 96 76 in
1076 5708 156 76 the
1284 5708 344 76 United
1688 5708 308 76 States
2048 5708 100 76 of
2200 5708 512 80 America."

440 5812 308 80 "First
800 5812 432 80 edition."

312 5920 92 88 ©
460 5948 80 72 A
548 5968 56 52 u
612 5968 76 72 g.
740 5948 112 76 20
856 6008 12 32 ,
924 5948 48 76 1
980 5944 52 68 9
1036 5948 156 92 30;
1248 5948 48 76 2
1308 5972 44 52 c
1364 6012 16 16 .
1428 5952 228 88 Aug.
1708 5948 156 92 30;
1920 5952 100 72 af
1996 5952 80 76 f.
2136 5952 244 92 Sept.
2428 5952 104 92 2;
2588 5952 76 76 A
2716 5952 324 92 27226;
3100 5956 72 72 L
3184 5976 48 56 o
3236 5976 124 68 ng
3360 5960 84 60 m
3456 5972 196 76 ans,
3712 5956 124 76 Gr
3844 5972 48 52 e
3896 5972 116 60 en
4064 5956 68 76 &

444 6076 44 56 c
492 6076 52 56 o
552 6116 16 16 .
704 6056 376 92 (30-227
1088 6060 48 72 5
1144 6056 96 92 1)
3668 6060 288 84 13543

300 6232 780 128 Maeterlinck,
1148 6240 536 124 Maurice,
1760 6252 328 96 1862-

508 6380 60 112 …
628 6384 232 100 The
928 6380 200 108 life
1192 6384 128 104 of
1384 6384 184 104 the
1632 6396 224 120 ant,
1920 6392 608 100 translated
2592 6392 144 132 by
2808 6396 500 96 Bernard
3376 6392 356 100 Miall.
3868 6392 256 100 New

304 6528 340 132 York,
700 6536 228 96 The
984 6536 300 100 John
1332 6536 252 128 Day
1636 6572 540 100 company
2236 6548 264 120 [ͨ193
2516 6548 56 92 0]

436 6688 132 76 vii
576 6748 20 32 ,
648 6692 164 76 282
864 6716 112 68 p.,
1028 6692 48 76 1
1136 6696 56 72 l.
1308 6692 108 80 19
1424 6696 44 84 ½
1476 6696 112 76 ͨͫ.

444 6800 716 92 Bibliography:
1216 6824 84 68 p.
1352 6804 416 80 273-282.

312 6912 88 88 ©
472 6936 228 80 Nov.
764 6932 132 96 13,
960 6936 160 80 193
1128 6936 56 80 0
1212 6960 16 68 ;
1296 6936 132 80 2c.
1492 6940 224 76 Nov.
1784 6944 156 76 17;
2012 6936 156 84 aff.
2236 6944 228 76 Nov.
2528 6944 48 72 1
2588 6944 48 76 5
2668 6964 16 68 ;
2760 6944 76 76 A
2896 6944 224 80 3107
3124 6948 56 76 6
3208 6968 16 68 ;
3300 6948 116 80 M.
3488 6948 92 72 M
3588 6968 48 56 a
3652 6948 460 76 eterlinck,

440 7044 248 88 Nice,
752 7044 376 80 France.
1272 7044 260 96 (31-2
1540 7052 48 72 6
1596 7048 208 92 089)
3664 7052 52 84 1
3724 7052 52 84 3
3784 7052 168 84 544

308 7224 416 120 Moore,
792 7224 472 128 George,
1340 7240 324 92 1852-

436 7372 108 100 A
600 7372 316 124 flood,
968 7376 144 132 by
1164 7376 428 132 George
1640 7380 404 100 Moore.
2196 7384 260 100 New
2516 7388 344 124 York,
2916 7384 132 104 G.
3108 7388 120 100 C.
3284 7400 112 88 at
3448 7388 184 100 the
3688 7388 440 100 Harbor

308 7556 328 100 press,
692 7528 288 96 1930.
