4800 8268
320 620 500 132 Schultz,
880 628 392 100 James
1324 620 1248 108 Willard-Continued

460 784 160 96 vii,
692 820 20 60 [
716 784 48 76 1
768 780 20 76 ]
868 804 112 76 p.,
1048 784 60 76 2
1168 784 88 92 l.,
1324 784 192 92 254,
1588 816 28 60 [
1616 784 48 72 1
1676 816 24 60 ]
1768 800 80 72 p.
1964 784 168 76 col.
2200 780 316 88 front.,
2588 800 60 72 p
2648 780 32 76 l
2692 836 48 36 .,
2804 780 292 92 ports.
3208 776 108 80 21
3328 776 48 96 ½ͨͫ
3400 780 92 76 -.

460 892 640 92 Frontispiece
1152 888 660 92 accompanied
1864 888 120 92 by
2032 892 300 88 guard
2384 888 264 76 sheet
2700 884 228 80 with
2984 884 560 96 descriptive
3596 884 564 96 letterpress.

464 1000 252 76 "The
776 1000 176 76 life
1012 1000 96 76 of
1172 1000 156 76 the
1392 996 496 76 Blackfeet
1952 996 292 76 tribes
2308 992 96 80 in
2468 996 156 76 the
2692 996 232 88 days
2984 992 104 80 of
3152 992 156 80 the
3368 992 384 92 buffalo,
3816 992 188 76 and
4056 996 56 88 …

332 1108 248 76 their
640 1104 568 80 ceremonies
1264 1108 100 76 of
1428 1108 160 76 the
1648 1108 376 88 present
2088 1100 688 80 time."—Pref.

336 1212 100 96 ©
492 1216 220 96 Apr.
772 1216 72 88 9,
904 1216 272 88 1930;
1236 1216 132 76 2c.
1424 1216 216 92 Apr.
1700 1212 160 92 11;
1920 1220 160 76 aff.
2140 1212 216 92 Apr.
2416 1208 160 96 10;
2640 1212 80 76 A
2776 1208 328 92 22188;
3172 1208 84 80 J.
3316 1208 140 84 W.
3520 1208 404 92 Schultz,
3988 1208 184 80 Los

460 1324 400 96 Angeles
912 1328 188 76 and
1148 1324 376 84 Winold
1580 1324 300 96 Reiss,
1936 1324 228 76 New
2216 1324 280 80 York.
2624 1320 540 96 (30-11182)
3772 1316 240 84 4187

332 1508 444 124 Sibour,
836 1504 500 108 Violette
1408 1508 200 128 (Se
1612 1504 36 100 l
1656 1504 440 124 fridge)
2168 1544 68 68 v
2244 1504 164 108 ico
2416 1516 160 96 mt
2584 1540 52 72 e
2640 1544 48 68 s
2688 1532 108 76 se
2860 1504 172 108 de.

456 1656 420 132 Flying
932 1656 496 132 gypsies;
1492 1652 188 104 the
1744 1652 548 104 chronicle
2352 1648 124 108 of
2536 1688 60 68 a
2660 1660 164 124 10,
2828 1656 60 100 0
2896 1660 60 96 0
2960 1656 64 100 0
3056 1652 256 104 mile
3344 1652 176 104 air
3544 1648 628 136 vagabond-

320 1840 232 96 age,
604 1804 148 132 by
804 1804 484 108 Violette
1340 1804 132 100 de
1532 1800 432 108 Sibour.
2092 1804 328 128 Maps
2476 1804 388 100 drawn
2920 1804 148 132 by
3120 1800 184 104 the
3360 1800 508 104 Vicomte
3920 1800 252 104 Jac-

320 1988 260 96 ques
656 1952 132 104 de
872 1952 460 132 Sibour;
1416 1952 272 104 with
1768 1956 136 96 24
1980 1948 764 104 illustrations.
2896 1952 268 100 New
3248 1948 352 132 York,
3676 1948 504 132 London,

320 2100 136 108 G.
512 2104 128 100 P.
692 2096 572 108 Putnam's
1316 2132 284 100 sons,
1652 2104 296 100 1930.
2220 2140 60 28 -

460 2256 124 96 iv,
640 2256 168 80 306
856 2276 84 72 p.
1052 2256 320 92 front.,
1432 2252 252 84 illus.
1736 2252 360 96 (maps)
2168 2256 332 92 plates,
2560 2256 288 92 ports.
2960 2252 220 80 21ͨͫ.

464 2368 268 88 Maps
788 2384 116 60 on
956 2364 708 92 lining-papers.

340 2472 96 96 ©
512 2480 236 76 Mar.
816 2476 136 96 14,
1020 2476 272 84 1930;
1360 2476 136 84 2c.
1564 2480 188 72 and
1820 2476 160 84 aff.
2052 2476 236 76 Mar.
2356 2472 160 92 15;
2592 2476 80 76 A
2740 2472 332 92 21284;
3148 2468 408 84 Violette
3624 2476 116 76 de
3812 2472 360 96 Sibour,

464 2588 300 80 Paris.
904 2584 316 96 (30-11
1228 2588 52 80 3
1284 2584 160 96 55)
3784 2576 232 88 4188

340 2764 412 128 Sobol',
808 2764 392 104 Andre
1204 2764 40 104 ĭ
1300 2764 852 128 Mikhailovich,
2216 2776 628 96 1888-1926.

476 2920 364 100 Freak
916 2920 332 132 show,
1324 2920 608 104 translated
2012 2920 296 100 from
2380 2920 184 100 the
2644 2916 480 108 Russian
3196 2920 124 100 of
3400 2920 384 100 Andre
3864 2916 332 112 Sobol

344 3068 140 140 by
544 3068 368 136 Jenny
976 3068 408 108 Covan.
1528 3068 268 104 New
1860 3068 316 104 York
2232 3072 220 100 and
2508 3068 500 136 London,
3076 3068 120 108 C.
3260 3068 484 104 Kendall
3820 3076 264 104 [ͨ193
4096 3072 60 96 0]

468 3224 192 96 415,
736 3260 20 60 [
760 3224 48 76 1
820 3260 24 60 ]
916 3244 84 76 p.
1124 3224 32 80 i
1156 3228 216 80 llus.
1496 3224 224 80 21ͨͫ.

472 3332 252 84 "The
780 3332 636 80 illustrations
1484 3332 56 88 …
1640 3332 120 96 by
1820 3332 440 80 Jeanette
2324 3328 492 84 Seelhoff."

344 3424 100 96 ©
508 3440 220 96 Apr.
788 3440 136 96 15,
988 3440 268 92 1930;
1324 3444 132 80 2'c.
1520 3444 240 76 Mar.
1820 3440 164 96 31;
2048 3432 160 88 aff.
2272 3440 220 96 Apr.
2556 3440 160 92 16;
2784 3440 80 80 A
2924 3440 332 96 21944;
3328 3440 356 80 Claude
3748 3444 432 92 Kendall,

472 3552 228 80 New
752 3552 276 80 York.
1160 3548 540 100 (30-11280)
3788 3548 240 84 4189

340 3732 532 128 Sparkes,
924 3736 504 124 Boyden,
1492 3748 320 96 1890-

476 3888 360 136 Hetty
944 3884 392 140 Green,
1448 3928 60 64 a
1624 3920 428 72 woman
2164 3888 244 104 who
2516 3892 320 100 loved
2944 3924 424 100 money,
3476 3892 152 132 by
3736 3888 460 136 Boyden

348 4036 488 136 Sparkes
904 4040 216 104 and
1200 4036 440 108 Samuel
1716 4040 412 132 Taylor
2200 4040 376 104 Moore
2660 4052 68 108 …
2920 4036 448 108 Garden
3448 4040 292 136 City,
3812 4040 132 100 N.
4024 4040 172 132 Y.,

340 4188 688 136 Doubleday,
1076 4188 384 104 Doran
1516 4192 96 96 &
1664 4224 576 100 company,
2292 4188 244 136 inc.,
2596 4196 288 100 1930.

472 4340 52 80 6
576 4364 80 72 p.
716 4344 84 92 1.,
872 4344 340 92 [3]-338
1268 4364 84 72 p.
1464 4340 316 96 front.,
1840 4348 332 88 plates,
2232 4364 56 72 p
2296 4364 48 60 o
2356 4352 192 84 rts.,
2608 4344 104 76 fa
2720 4368 44 56 c
2772 4344 204 80 sim.
3092 4340 284 88 23½ͨͫ.

356 4452 96 96 ©
520 4456 220 92 Apr.
804 4456 136 92 11,
1004 4452 272 92 1930;
1344 4456 60 72 2
1396 4468 52 68 c
1460 4516 16 16 .
1544 4456 184 76 and
1792 4456 160 76 aff.
2020 4456 216 96 Apr.
2300 4456 164 92 21;
2532 4456 88 76 A
2680 4456 332 92 22242;
3084 4452 576 96 Doubleday,
3732 4456 320 76 Doran
4124 4456 72 84 &

480 4588 156 72 co.,
692 4564 180 96 inc.
1000 4564 540 96 (30-11153)
3788 4560 236 88 4190

344 4744 1128 132 Stenbock-Fermor,
1532 4744 684 132 Alexander,
2272 4752 300 136 graf,
2628 4756 332 96 1902-

548 4896 60 120 …
668 4900 740 136 Freiwilliger
1464 4900 600 132 Stenbock;
2120 4900 428 108 bericht
2600 4940 192 68 aus
2848 4904 244 104 dem
3148 4900 608 108 baltischen
3804 4900 400 108 befrei-

352 5048 708 136 ungskampf.
1208 5048 596 140 Stuttgart,
1868 5048 108 108 J.
2044 5048 696 140 Engelhorns
2800 5052 408 136 nachf.,
3272 5060 292 100 1929.

472 5204 56 80 2
532 5204 52 84 3
592 5204 76 96 6,
748 5200 20 76 [
768 5200 120 96 1]
920 5228 84 72 p.
1148 5204 224 84 19ͨͫ.
1536 5204 580 100 (Half-title:
2180 5204 524 100 Lebendige
2776 5212 244 92 welt,
3092 5200 284 88 erzh
3380 5212 96 76 lu
3484 5228 240 76 ngen
3788 5216 192 72 und
4052 5212 140 80 be-

340 5312 388 84 kenntni
736 5336 40 60 s
784 5312 148 96 se)

360 5420 96 96 ©
532 5428 248 92 Sept.
848 5428 132 92 27,
1048 5428 276 92 1929;
1396 5428 128 84 1c.
1592 5428 220 80 Dec.
1880 5432 104 88 3;
2056 5428 604 96 A-Foreign
2724 5428 52 76 5
2780 5428 48 76 5
2832 5428 164 96 30;
3068 5428 84 84 J.
3224 5428 588 96 Engelhorns
3880 5428 316 80 nachf.

500 5536 544 96 (30-11398)
3800 5536 232 84 4191

352 5716 384 124 Stone,
788 5716 500 104 Herbert
1344 5720 648 124 Lawrence,
2052 5720 328 108 1871-

476 5864 236 104 The
796 5864 600 104 America's
1488 5900 212 96 cup
1788 5904 332 92 races,
2204 5872 152 128 by
2440 5872 488 100 Herbert
3020 5872 124 100 L.
3244 5868 340 108 Stone
3660 5872 64 108 …
3896 5872 296 100 illus-

344 6016 360 100 trated
756 6016 272 100 with
1076 6016 800 132 photographs.
2000 6016 272 104 New
2320 6056 220 64 rev.
2596 6020 168 100 ed.
2884 6020 268 104 New
3208 6016 352 136 York,
3612 6020 232 100 The
3900 6020 296 104 Mac-

344 6164 384 100 millan
788 6200 572 96 company,
1424 6172 292 96 1930.

484 6320 52 76 7
588 6340 84 72 p.
724 6320 84 92 1.,
868 6316 360 92 13-356,
1292 6356 24 56 [
1320 6320 52 80 3
1380 6356 20 60 ]
1460 6340 84 72 p.
1660 6320 316 96 front.,
2032 6320 280 96 illus.,
2368 6324 332 92 plates,
2756 6328 320 88 ports..
3140 6320 344 92 diagrs.
3600 6304 560 100 21ͨͫ.

368 6416 92 92 ©
520 6428 220 92 Apr.
800 6428 132 96 15,
988 6428 108 80 19
1100 6428 116 80 80
1244 6452 16 68 ;
1316 6432 56 76 2
1376 6436 44 68 c
1436 6492 16 16 .
1508 6428 216 96 Apr.
1784 6432 160 92 16;
2008 6428 160 84 aff.
2224 6436 220 88 Apr.
2504 6436 156 88 17;
2720 6436 84 76 A
2856 6436 332 92 21852;
3256 6432 540 80 Macmillan
3856 6452 132 60 co.

508 6540 376 92 (30-113
892 6540 48 76 5
944 6536 104 96 9)
3800 6536 244 92 4192

356 6720 464 124 Stoney,
872 6720 456 104 Samuel
1384 6724 540 108 Gaillard.

484 6868 348 100 Black
892 6868 500 128 Genesis;
1460 6904 60 68 a
1576 6872 584 132 chronicle,
2216 6872 148 132 by
2428 6872 444 108 Samuel
2936 6872 512 108 Gaillard
3512 6872 412 136 Stoney
3984 6872 212 104 and

352 7012 544 108 Gertrude
976 7016 544 104 Mathews
1612 7016 444 136 Shelby,
2140 7020 736 104 illustrations
2960 7024 148 132 by
3192 7024 448 100 Martha
3736 7024 464 132 Bensley

364 7164 220 100 Brué
656 7200 144 64 re.
928 7164 268 100 New
1260 7168 344 128 York,
1668 7168 236 104 The
1964 7168 648 104 Macmillan
2680 7208 576 96 company,
3324 7176 292 96 1930.

492 7316 252 92 xxix,
804 7316 164 80 192
1020 7340 80 72 p.
1216 7320 100 76 ill
1328 7340 136 60 us.
1580 7324 108 76 23
1692 7328 84 44 ͨͫ
1772 7308 20 80 .

492 7424 332 88 "Tales
872 7428 104 76 of
1024 7428 156 76 the
1232 7428 348 80 Gullah
1628 7448 388 76 negroes
2068 7432 100 80 of
2224 7432 156 80 the
2436 7432 444 88 Carolina
2936 7436 180 84 low
3168 7456 44 68 c
3220 7456 52 68 o
3284 7440 276 92 untry
3628 7472 16 68 [
3656 7428 180 88 told
3904 7432 88 80 in
4052 7432 156 80 the

360 7532 272 84 Gulla
640 7536 64 88 h
768 7520 52 92 tl
832 7532 28 80 i
872 7536 56 72 a
928 7528 924 96 lect]"—Foreword.

2152 7648 192 104 631
