3019 3787
268 117 71 28 1150

259 238 160 25 CATHOLIC
445 237 97 25 PRESS
568 236 93 25 ASSN.

301 273 19 22 A
341 271 120 30 postal
484 270 99 30 guide
607 269 60 24 for
688 267 179 30 religious
342 271 609 63 nonprofit
486 302 257 31 publications.
791 299 160 29 Prepared
974 298 39 29 by

345 339 55 24 the
424 337 119 25 Postal
566 336 99 25 Rates
688 332 198 28 Committee.

340 373 24 25 ©
383 371 159 26 Catholic
568 371 98 24 Press
690 368 113 29 Assn.;
833 361 134 33 1Mar60;

343 401 156 30 A462236.

273 451 158 25 CATHOLIC
456 453 98 25 PRESS
578 455 93 24 ASSN.
720 455 63 26 SEE

312 484 160 26 Catholic
495 493 97 23 press
619 488 133 31 annual,
823 487 52 29 1960.

311 531 159 26 Catholic
495 534 96 24 Press
616 532 196 33 directory.

261 601 160 26 CATHOLIC
445 603 99 24 PRESS
566 603 182 25 DIRECTORY
769 604 58 24 for
848 608 51 19 use
921 604 67 30 July
1028 599 38 29 1960

302 636 139 30 through
464 637 79 30 July
567 633 92 32 1961.
706 637 25 25 ©
750 637 158 27 Catholic
934 640 97 25 Press

300 671 114 28 Assn.;
445 671 153 29 27Jul60;
627 666 154 35 A461899.

271 736 158 25 CATHOLIC
455 735 114 28 PRESS,
597 734 74 25 INC.

311 771 57 24 The
394 771 97 24 Bible
517 770 113 29 story.
678 769 57 24 SEE
760 768 114 28 Beron,

351 805 158 25 Richard.

319 844 119 24 Christ
462 844 58 22 and
545 843 57 23 the
627 842 133 25 church.
809 842 57 23 SEE
890 842 94 27 Ryan,

359 879 81 27 Mary
463 876 155 25 Perkins.

273 955 162 25 CATHOLIC
458 954 122 26 SCHOOL
602 952 156 27 JOURNAL.

315 989 159 25 Catholic
498 989 204 29 population
725 987 215 30 statistics,

397 1019 53 29 1960.
501 1023 74 25 Pub.
602 1028 38 19 as
664 1028 16 18 a
705 1022 139 24 service
868 1021 37 24 to

356 1058 221 25 advertisers
602 1057 39 29 by
665 1054 157 26 Catholic
846 1055 119 25 School

356 1092 141 24 Journal
522 1094 19 23 &
562 1090 157 25 Catholic
744 1089 202 31 Management

356 1127 157 24 Journal.
561 1126 96 29 Appl.
683 1123 138 27 author:
846 1124 101 24 Bruce
969 1123 75 25 Pub.

358 1160 52 25 Co.
457 1163 25 23 ©
500 1159 161 25 Catholic
683 1157 120 26 School
827 1158 140 24 Journal
991 1159 21 24 is

358 1194 158 25 Catholic
540 1193 202 29 Management
766 1191 155 30 Journal;

461 1229 31 29 1Jul60;
521 1223 155 34 A457143.

276 1282 160 25 CATHOLIC
461 1284 174 24 STUDENTS'
662 1285 142 27 MISSION
828 1288 156 28 CRUSADE,

316 1317 115 24 U.S.A.

317 1350 100 24 Latin
439 1352 157 26 America:
622 1353 142 29 pattern
784 1355 58 23 for
867 1356 51 23 the

379 1384 157 25 sixties.
582 1387 58 24 SEE
663 1387 156 31 Hoffman,
846 1390 118 24 Honan.

271 1441 160 25 CATHOLIC
454 1443 176 25 STUDENTS'
654 1443 143 26 MISSION
822 1444 154 31 CRUSADE,

307 1476 119 26 U.S.A.
474 1477 59 24 SEE

310 1510 120 25 Brazil
455 1511 37 24 in
515 1511 77 25 five
615 1511 117 28 hours.

275 1569 158 25 CATHOLIC
456 1567 161 25 UNIVERSE
640 1565 176 27 BULLETIN.
865 1563 57 25 SEE
315 1603 158 26 Catholic
499 1602 179 29 directory
700 1600 58 25 and
783 1598 178 31 telephone

356 1639 98 30 guide
477 1638 61 24 for
560 1636 57 25 the
640 1636 140 24 Diocese
803 1634 41 24 of
864 1633 200 26 Cleveland.

254 1713 161 26 CATHOLIC
438 1714 203 25 UNIVERSITY
664 1714 36 24 OF
723 1713 154 28 AMERICA.

297 1748 203 25 COMMISSION
521 1748 40 25 ON
581 1748 163 25 AMERICAN
765 1747 235 27 CITIZENSHIP.

295 1781 162 30 Teaching
479 1781 139 25 current
643 1780 154 27 affairs.
846 1781 181 25 Teacher's

334 1816 136 24 manual.
521 1815 72 25 Pub.
623 1815 38 30 by
707 1834 8 6 G.
743 1816 33 25 A.
806 1815 121 24 Pflaum
948 1815 60 24 for

336 1849 57 24 the
418 1849 203 24 Commission
644 1854 38 19 on
705 1848 160 26 American
338 1848 690 64 Citizenship.
479 1883 94 29 Appl.
602 1881 153 27 authors:
783 1882 141 25 Frances
949 1883 118 24 Lenore

334 1917 165 29 Flanagan
520 1917 20 23 &
561 1917 99 25 James
682 1917 33 25 T.
742 1916 116 31 Feely.
906 1917 94 30 Appl.

338 1950 117 25 states
479 1956 94 24 prev.
601 1951 73 28 pub.
704 1957 37 18 as
764 1949 58 26 The
846 1951 162 30 teaching
1031 1951 38 24 of

337 1985 139 24 current
500 1984 155 26 affairs.
704 1985 51 24 NM:
784 1985 181 24 revisions
990 1985 20 23 &

336 2018 203 30 completely
561 2024 60 19 new
641 2019 176 25 material.
864 2018 24 25 ©
908 2018 159 25 Catholic

336 2052 203 31 University
562 2052 38 25 of
621 2052 154 30 America;
807 2048 132 35 5Aug60;

336 2082 156 34 A461493.

275 2171 160 26 CATHOLIC
458 2171 205 27 UNIVERSITY
683 2172 41 25 OF
744 2172 157 28 AMERICA.
316 2173 716 58 WORKSHOP
417 2206 41 25 ON
480 2205 201 26 COUNSELING
705 2207 39 24 IN
765 2204 60 26 THE
846 2206 184 26 SECONDARY

315 2240 137 31 SCHOOL,
481 2239 95 31 1959.

315 2274 204 31 Counseling
542 2275 40 25 in
604 2275 57 25 the
686 2275 181 32 secondary
890 2276 135 30 school;

357 2309 58 24 the
439 2309 223 31 proceedings
690 2327 48 9 ...
764 2310 80 24 June
869 2310 37 24 12
930 2311 37 24 to
991 2310 53 30 23,

358 2343 79 30 1959.
499 2342 123 26 Edited
643 2343 40 31 by
702 2342 83 28 John
804 2342 37 28 W.
867 2343 178 27 Stafford.

354 2378 24 24 ©
396 2376 163 27 Catholic
580 2376 205 33 University
806 2378 40 25 of
866 2377 143 26 America

358 2411 114 31 Press,
500 2410 96 31 Inc.;
624 2406 155 37 10Jun60;
804 2407 160 35 A474233.

274 2480 160 24 CATHOLIC
458 2479 204 24 UNIVERSITY
682 2479 37 23 OF
742 2477 142 25 AMERICA
908 2476 114 30 PRESS,

316 2514 75 27 INC.

313 2548 99 25 Adult
438 2547 181 25 education
642 2547 56 24 and
723 2545 179 25 treatment
927 2549 119 25 groups

357 2584 39 23 in
420 2583 116 23 social
561 2582 177 29 agencies.
785 2580 58 24 SEE
866 2579 115 28 Klein,

357 2617 98 29 Joyce
480 2616 96 25 Gale.

317 2660 120 30 Beauty
460 2660 37 24 in
521 2660 58 24 the
603 2658 257 27 Pseudo-Denis.
907 2657 59 24 SEE

359 2695 133 29 Putnam,
520 2694 161 25 Caroline
703 2692 178 28 Canfield.

323 2736 281 25 Cardiovascular
627 2736 139 26 disease
788 2739 158 31 nursing.
995 2741 60 24 SEE

363 2770 197 31 Mattingly,
586 2772 162 29 Capitola
770 2772 54 31 B.,
852 2773 52 24 ed.

318 2823 182 30 Causality
522 2822 58 25 and
605 2822 57 24 the
684 2820 180 26 Thomistic
889 2820 120 29 theory

360 2857 37 25 of
420 2856 199 29 knowledge.
666 2855 57 25 SEE
748 2854 153 31 Preston,

357 2890 121 26 Robert
502 2891 35 26 A.

312 2932 180 24 Certitude
516 2932 58 24 and
601 2932 55 24 the
678 2932 203 34 philosophy
904 2934 37 24 of

355 2965 153 24 science.
558 2967 60 24 SEE
640 2967 217 32 Cunningham,
883 2968 122 25 Miriam

351 3000 77 24 Ann.

327 3036 58 25 The
410 3037 138 29 college
571 3036 159 25 business
755 3035 136 27 office.
939 3035 57 25 SEE

369 3070 135 28 Treece,
530 3069 141 30 Raymond
696 3070 52 28 J.,
775 3069 55 26 ed.

318 3118 59 24 The
401 3116 139 29 concept
565 3115 38 25 of
627 3115 179 25 substance
828 3114 57 24 and
912 3114 57 24 the

360 3149 221 30 development
605 3149 40 25 of
665 3148 221 26 Eucharistic
912 3148 161 30 theology

361 3185 37 24 to
423 3184 58 25 the
504 3183 201 25 thirteenth
728 3183 156 30 century.
931 3181 60 25 SEE

361 3219 135 29 Bonano,
524 3217 198 26 Salvatore.

319 3258 204 30 Conformity
546 3257 36 24 to
605 3262 99 25 group
730 3256 157 30 Judgment
912 3257 37 23 in
361 3257 689 60 relation
464 3293 37 23 to
526 3292 57 24 the
606 3292 138 24 assumed
770 3290 201 30 similarity
994 3290 37 24 of

360 3327 140 25 members
526 3326 36 24 to
587 3326 78 25 each
687 3324 117 29 other.
850 3325 59 23 SEE
932 3324 114 30 Mundy,

360 3360 143 30 Dorothy
524 3360 97 26 Jean.

323 3402 201 31 Counseling
547 3402 39 24 in
609 3402 57 24 the
691 3402 180 32 secondary
895 3403 134 24 school.

362 3436 62 25 SEE
445 3436 160 25 Catholic
628 3437 202 32 University
852 3437 38 24 of
911 3437 158 25 America.

360 3469 164 31 Workshop
547 3476 37 18 on
609 3470 200 32 Counseling
832 3472 39 24 in
893 3471 56 25 the

363 3504 183 30 Secondary
568 3504 135 32 School,
729 3502 79 34 1959.

1202 228 202 30 Developing
1428 226 159 29 teaching
1610 226 117 24 skills
1753 225 37 25 In

1242 261 117 27 music.
1407 261 58 23 SEE
1486 260 136 28 Werder,
1649 258 142 25 Richard
1810 257 57 30 H.,
1894 258 37 23 ed.

1198 313 243 26 Differential
1466 312 180 24 factorial
1671 310 157 30 patterns
1853 310 38 24 of

1240 348 78 31 boys
1343 348 57 24 and
1425 347 99 30 girls
1550 347 36 23 In
1607 344 180 31 algebraic
1242 350 670 60 computation.
1425 381 58 24 SEE
1506 380 155 30 Buddeke,
1689 378 96 28 Rita.

1198 432 244 25 Differential
1466 431 138 24 factors
1629 431 38 23 in
1689 430 178 30 algebraic

1241 465 221 31 computation
1486 465 58 24 for
1567 463 283 31 high-achieving

1241 501 78 29 boys
1343 499 56 24 and
1425 499 116 30 girls.
1588 498 58 24 SEE
1668 497 156 32 Novello,

1239 534 141 25 Russell
1403 534 36 26 R.

1198 577 182 26 Education
1404 575 59 24 for
1487 573 180 29 secondary
1691 570 118 25 school

1242 611 162 29 teaching
1427 610 36 23 In
1487 607 179 29 religious
1691 603 219 26 communities

1242 646 38 25 of
1303 651 75 20 men.
1426 643 59 25 SEE
1507 642 94 29 Cody,
1630 640 119 24 Conall
1772 638 137 26 Alfred.

1198 695 59 26 The
1281 694 118 24 effect
1423 693 39 24 of
1485 699 38 18 an
1241 690 669 70 endotoxin-detoxifying
1323 727 179 30 component
1527 726 38 24 of
1587 726 120 24 normal
1732 730 99 19 serum
1853 730 39 18 on

1241 763 57 26 the
1324 761 261 30 immunological
1609 759 200 30 properties
1833 759 38 23 of

1242 797 138 31 typhoid
1406 796 197 25 endotoxin.
1650 795 57 23 SEE
1730 794 157 30 Trapani,

1240 831 120 26 Robert
1384 831 95 23 John.
1507 830 55 23 Sr.

1199 869 58 26 The
1282 868 119 26 effect
1425 868 38 24 of
1484 866 201 26 ultrasonic
1712 865 221 26 irradiation

1241 909 38 20 on
1303 903 58 24 the
1384 900 221 30 development
1630 901 37 23 of
1691 900 57 25 the
1773 904 99 25 ovary
1896 899 38 24 in

1242 937 57 26 the
1324 936 159 30 tropical
1508 935 95 26 fish.
1650 934 59 24 SEE
1731 933 115 31 Bowes,

1240 972 100 25 David
1362 971 38 27 W.

1199 1012 60 25 The
1283 1012 118 24 effect
1426 1011 38 24 of
1485 1010 264 24 X-irradiation
1773 1014 39 19 on
1834 1009 57 23 the

1243 1047 119 24 immune
1386 1050 160 24 response
1569 1044 38 24 of
1631 1043 57 25 the
1714 1042 199 31 laboratory

1243 1080 57 25 rat
1325 1080 37 24 to
1384 1078 303 31 Nippostrongylus
1712 1077 116 27 Muris.
1875 1076 58 23 SEE

1241 1114 138 31 Hurley,
1404 1113 141 24 Francis
1569 1113 36 26 J.

1203 1157 58 26 The
1286 1157 138 25 effects
1449 1157 38 24 of
1508 1157 223 25 ultraviolet
1244 1157 648 60 Irradiation
1347 1198 38 18 on
1407 1191 323 30 deoxyribonucleic
1755 1192 77 24 acid

1243 1225 219 28 metabolism.
1509 1225 59 24 SEE
1590 1224 218 32 Harrington,

1244 1260 120 30 Joseph
1386 1261 36 25 D.

1200 1304 203 31 Elementary
1426 1304 179 24 reactions
1632 1303 37 23 In
1692 1302 58 24 low
1243 1302 669 63 temperature
1345 1338 218 26 oxidations.
1610 1337 58 24 SEE
1691 1335 115 32 Stief,

1243 1373 97 26 Louis
1365 1374 35 24 J.

1201 1408 81 26 Five
1306 1406 182 26 sixteenth
1511 1405 140 29 century
1670 1403 165 25 Venetian
1858 1402 78 24 lute

1244 1442 117 26 books.
1408 1440 58 24 SEE
1490 1438 155 30 Lefkoff,
1673 1437 137 27 Gerald.

1192 1485 142 27 Fulcoii
1356 1483 221 26 Belvacensis
1600 1480 182 31 Vtriusque
1806 1480 37 24 de

1233 1519 140 31 nuptiis
1399 1518 138 25 Christ!
1563 1517 35 24 et
1624 1514 195 27 ecclesiae.
1869 1515 59 24 SEE

1234 1555 179 30 Rousseau,
1439 1554 80 28 Mary
1544 1553 96 24 Isaac
1666 1550 134 30 Joguos.

1202 1595 59 25 The
1286 1595 118 23 fusion
1429 1594 37 24 of
1489 1593 201 28 discipline
1713 1591 58 25 and
1245 1597 632 62 counseling
1388 1628 181 24 functions
1593 1627 36 24 at
1654 1626 57 24 the
1735 1626 140 30 college

1246 1663 116 27 level.
1409 1663 57 23 SEE
1489 1662 116 29 Rodil,
1633 1661 203 29 Concepcion
1856 1660 36 26 F.

1203 1714 59 24 The
1286 1713 181 25 influence
1491 1711 38 25 of
1554 1711 116 29 plasma
1696 1709 137 26 factors
1859 1709 38 24 in

1244 1748 121 25 normal
1388 1746 58 25 and
1473 1744 300 31 plague-infected
1797 1744 119 29 guinea

1245 1782 96 30 pigs.
1389 1780 58 24 SEE
1470 1779 197 30 Stanziale,
1693 1777 143 26 William
1859 1778 34 26 G.

1203 1830 59 25 The
1287 1830 180 24 influence
1491 1828 38 24 of
1554 1827 56 24 the
1634 1824 220 31 therapist's

1246 1862 180 32 cognitive
1450 1862 57 24 and
1532 1860 180 25 affective
1736 1858 180 26 attitudes

1246 1904 38 20 on
1308 1898 57 24 the
1390 1896 140 31 quality
1553 1895 38 25 of
1615 1895 57 24 the
1696 1893 219 30 therapeutic

1246 1931 259 30 relationship.
1553 1930 58 24 SEE
1634 1929 136 30 Rieger,
1796 1928 141 24 Rebecca

1244 1966 201 30 Eisenberg.

1205 2009 79 26 John
1307 2008 139 26 Locke's
1471 2008 119 29 theory
1614 2007 38 25 of
1674 2007 158 30 meaning.
1879 2006 58 24 SEE

1244 2043 116 31 Fitts,
1389 2043 80 30 Mary
1492 2042 157 26 Pauline.

1202 2089 43 23 An
1268 2087 79 25 LCAO
1367 2087 41 25 MO
1430 2086 60 26 SCF
1514 2086 97 31 study
1635 2086 38 25 of
1697 2086 57 25 the
1248 2086 608 61 electronic
1392 2121 118 25 states
1532 2120 39 26 of
1596 2120 139 26 several
1758 2120 120 26 linear

1248 2155 162 32 hydrogen
1433 2155 197 31 complexes.
1676 2154 58 25 SEE
1756 2153 118 35 Ruffa,

1246 2189 143 32 Anthony
1409 2188 158 26 Richard.

1204 2236 59 24 The
1288 2236 77 24 laws
1389 2235 38 24 of
1452 2234 57 24 the
1532 2233 99 24 State
1655 2233 38 23 of
1715 2231 99 25 Texas
1248 2231 629 69 affecting
1410 2268 120 25 church
1554 2267 176 30 property.
1778 2265 58 24 SEE

1245 2303 177 31 McLeaish,
1449 2302 120 25 Donald
1594 2302 34 26 C.

1205 2349 59 26 The
1286 2348 266 25 manifestation
1574 2348 38 24 of
1636 2346 218 27 conscience.

1247 2383 59 26 SEE
1327 2384 76 30 Dee,
1431 2383 137 26 Dacian.

1208 2423 120 27 Manual
1352 2424 60 24 for
1433 2423 100 31 forty
1554 2423 116 24 hours.
1718 2422 60 25 SEE
1799 2422 148 27 Schmitz,

1247 2457 125 26 Walter
1393 2459 51 26 J.,
1476 2457 52 25 ed.

1206 2500 241 26 Mathematical
1470 2501 99 24 model
1594 2502 39 24 of
1656 2502 57 24 the
1737 2503 160 25 uncooled

1248 2535 179 30 spherical
1453 2541 98 25 surge
1573 2536 81 24 tank
1675 2537 238 30 pressurizer.

1248 2570 61 23 SEE
1328 2569 157 30 Lafleur,
1514 2570 118 29 Joseph
1653 2569 117 30 Delta,
1799 2572 52 22 Jr.

1205 2614 60 26 The
1287 2614 160 25 movement
1473 2614 59 24 for
1555 2612 262 26 international
1246 2618 675 61 copyright
1371 2649 39 24 In
1429 2647 205 25 nineteenth
1656 2646 141 31 century
1247 2646 671 64 America.
1350 2683 58 23 SEE
1432 2682 114 30 Clark,
1573 2681 121 25 Aubert
1717 2680 35 27 J.

1207 2728 159 25 Patterns
1392 2728 37 24 of
1452 2728 283 24 administration
1760 2728 37 24 in
1249 2728 669 59 Catholic
1330 2763 160 29 colleges
1514 2762 59 24 for
1594 2768 117 20 women.
1759 2761 58 25 SEE

1246 2796 178 31 Flaherty,
1453 2796 79 30 Mary
1553 2796 159 26 Rosalia.

1205 2842 60 26 The
1289 2843 98 28 penal
1411 2841 160 25 remedies
1595 2840 38 25 of
1657 2840 58 24 the
1739 2839 78 25 code
1841 2839 38 24 of

1249 2882 99 20 canon
1372 2877 75 25 law.
1494 2875 58 24 SEE
1575 2875 94 29 Love,
1699 2873 78 26 Paul
1800 2874 34 25 L.

1208 2925 302 30 Phenomenologies
1534 2925 39 23 of
1596 2923 157 27 freedom.
1799 2922 59 24 SEE

1248 2959 279 31 Schaldenbrand,
1555 2958 80 30 Mary
1656 2957 178 30 Aloyslus.

1205 3018 20 22 A
1249 3015 260 31 philosophical
1535 3014 99 29 study
1657 3013 38 24 of
1719 3011 57 26 the
1801 3011 117 24 status

1249 3051 38 24 of
1311 3050 180 24 education
1514 3054 36 19 as
1575 3053 16 19 a
1618 3047 156 27 science.
1820 3046 59 23 SEE

1250 3085 113 30 Gosen,
1391 3084 80 29 Mary
1493 3083 39 24 de
1556 3082 116 26 Sales.

1214 3121 137 26 Pioneer
1376 3120 158 25 theories
1558 3119 38 24 of
1617 3117 219 31 missiology.
1884 3117 57 24 SEE

1251 3154 158 30 Hoffman,
1434 3154 117 25 Ronan.

1208 3190 159 27 Politics
1392 3191 40 25 in
1454 3191 56 25 the
1532 3193 165 25 American
1717 3193 116 29 drama.

1249 3224 59 25 SEE
1330 3225 135 31 Nannes,
1494 3227 118 30 Caspar
1634 3227 36 27 H.

1212 3275 117 29 Pope's
1355 3273 114 26 Iliad.
1516 3273 61 26 SEE
1596 3274 159 27 Melmoth.
1780 3273 158 25 William.

1209 3315 220 32 Prejudicial
1453 3314 160 29 attempts
1638 3313 38 24 in
1699 3312 141 29 pending

1251 3350 217 32 litigation.
1515 3349 58 23 SEE
1595 3347 177 29 Dunnivan,
1800 3345 80 25 John
1903 3345 34 26 P.

1208 3391 58 26 The
1289 3390 180 26 reactions
1494 3388 38 25 of
1555 3388 58 25 the
1638 3388 97 24 imine
1758 3386 140 26 radical

1249 3424 38 27 at
1312 3424 117 30 liquid
1453 3423 163 29 nitrogen
1638 3419 238 31 temperature.

1248 3459 60 26 SEE
1331 3459 176 30 Cosgrave,
1534 3457 140 24 Desmond
1700 3455 33 28 P.

2081 218 119 23 Recent
2223 217 162 25 American
2407 217 216 25 naturalism.
2671 220 59 23 SEE

2124 249 195 32 Dougherty,
2347 251 77 24 Jude
2449 253 32 22 P.

2089 292 263 35 Re-evaluating
2375 298 57 23 art
2457 297 37 24 in
2516 298 197 27 education.
2760 300 60 25 SEE

2131 326 155 34 Newport,
2314 330 134 31 Esther,
2476 331 55 27 ed.

2089 371 221 27 Reflections
2336 380 38 17 on
2397 380 18 17 a
2436 374 160 31 literary
2619 374 215 26 revolution.

2133 406 59 24 SEE
2213 406 113 32 Hough,
2356 406 134 25 Graham.

2092 446 57 25 The
2172 446 141 26 refrain
2337 447 37 24 in
2395 446 202 25 nineteenth
2620 446 139 30 century

2131 479 142 31 English
2294 480 137 30 poetry.
2479 480 57 24 SEE
2560 480 113 28 Power,

2133 513 176 30 Alacoque.

2089 556 139 24 Richard
2253 554 179 26 Crashaw's
2458 555 219 29 paraphrases
2701 555 39 23 of
2761 554 58 25 the

2128 590 141 25 Vexilla
2294 590 115 29 regis.
2457 589 58 24 SEE
2537 589 156 30 Claydon,

2130 623 178 30 Margaret.

2089 665 79 24 Role
2192 663 221 25 definitions
2437 662 37 24 of
2497 662 158 24 Catholic
2682 660 118 25 sister

2131 696 179 26 educators
2334 697 57 24 and
2418 696 238 29 expectations
2681 695 37 24 of

2132 731 176 27 students.
2355 730 58 24 SEE
2436 730 135 29 Madden,
2599 729 80 29 Mary
2701 728 120 25 Loret-

2132 766 37 24 to
2192 765 96 28 Anne.

2088 803 59 23 The
2171 803 79 23 rule
2275 802 57 24 for
2355 806 77 19 nuns
2457 801 38 23 of
2517 800 55 27 St.
2599 799 180 25 Caesarius

2131 836 38 25 of
2191 835 117 29 Arles.
2356 835 58 24 SEE
2437 835 175 28 McCarthy,
2641 834 97 24 Maria

2131 869 157 29 Caritas.

2092 912 55 26 St.
2174 912 141 30 Cyprian
2338 918 38 18 on
2399 912 57 24 the
2480 911 118 25 Lord's
2623 911 135 30 Prayer.

2133 947 59 24 SEE
2215 946 196 31 O'Donnell,
2439 946 139 25 Clement
2602 946 34 26 M.

2089 995 77 23 Some
2190 993 138 26 effects
2354 993 36 24 of
2413 993 118 30 praise
2555 993 58 24 and
2637 991 140 31 reproof

2130 1033 39 19 on
2191 1026 77 25 test
2291 1026 240 29 performances
2557 1031 38 19 on
2638 1025 97 24 school

2129 1060 140 31 ability
2291 1061 57 24 and
2373 1061 140 29 reading
2535 1060 221 24 achievement

2130 1096 116 26 tests.
2294 1095 56 24 SEE
2402 1094 249 30 O'Shaughnessy,
2677 1094 80 29 Mary

2127 1128 159 28 Michael.

2091 1171 79 24 Some
2194 1170 199 25 extensions
2418 1168 38 24 of
2480 1173 15 19 a
2521 1167 139 24 theorem
2683 1166 37 24 of
2743 1165 79 25 Mar-

2133 1204 218 27 cinkiewlcz.
2399 1202 57 24 SEE
2480 1201 235 29 Christensen,
2745 1199 77 29 Inge

2132 1238 158 30 Futtrup.

2100 1274 118 30 Speech
2239 1276 163 31 training
2426 1278 36 24 in
2486 1279 57 23 the
2567 1280 98 24 Minor
2138 1282 628 58 Seminary.
2282 1311 61 24 SEE
2364 1312 135 31 Cuyler,
2526 1314 178 24 Cornelius
2729 1316 54 30 M.,

2140 1343 53 24 ed.

2095 1379 57 25 The
2178 1378 96 26 state
2298 1378 57 25 and
2380 1377 179 29 religious
2584 1374 217 27 toleration.

2138 1413 57 24 SEE
2217 1411 95 31 Burt,
2338 1410 120 25 Donald
2482 1411 35 25 X.

2094 1458 98 25 State
2217 1458 77 24 laws
2320 1457 179 30 providing
2523 1457 58 24 for
2605 1457 57 24 the
2136 1455 647 67 transportation
2340 1492 37 24 of
2399 1491 179 29 nonpublic
2605 1490 117 24 school

2136 1526 176 27 children.
2359 1525 58 24 SEE
2441 1525 175 30 Shanahan,
2646 1524 139 24 Patrick
2805 1524 37 26 E.

2092 1574 20 23 A
2134 1574 101 29 study
2256 1573 39 25 of
2317 1572 303 30 nonprofessional
2645 1571 179 30 personnel

2135 1608 39 24 in
2197 1607 117 26 social
2336 1607 97 26 work.
2481 1606 59 24 SEE
2563 1606 154 29 Monahan,

2134 1642 120 29 Fergus
2278 1641 136 26 Thomas.

2094 1679 19 23 A
2137 1678 98 30 study
2258 1678 38 24 of
2319 1678 242 29 operationism
2584 1678 57 23 and
2666 1677 55 24 its
2138 1677 647 64 Implications
2361 1712 58 24 for
2443 1712 219 24 educational
2136 1711 689 65 psychology.
2258 1746 58 25 SEE
2337 1746 136 30 Valois,
2501 1746 36 26 A.
2564 1745 95 27 John.

2093 1796 18 23 A
2136 1795 99 30 study
2257 1795 39 25 of
2319 1795 58 24 the
2400 1794 182 25 Cherenkov
2603 1793 99 30 yield
2726 1793 37 24 at

2135 1830 81 30 high
2238 1830 177 30 energies.
2462 1828 59 24 SEE
2543 1828 134 30 Larkin,
2137 1827 627 62 William
2238 1863 136 31 Joseph.

2093 1905 19 23 A
2137 1903 99 30 study
2258 1903 38 25 of
2320 1903 57 24 the
2402 1902 198 25 influences
2625 1901 38 24 of
2686 1899 158 26 Catholic

2136 1937 221 31 high-school
2382 1937 219 28 experiences
2625 1941 39 18 on
2137 1940 627 57 vocational
2279 1972 179 24 decisions
2484 1971 36 24 to
2544 1970 57 24 the
2136 1969 609 64 sisterhoods.
2300 2006 58 23 SEE
2381 2005 155 30 Barrett,
2564 2004 79 29 Mary
2666 2004 95 25 Mark.

2097 2045 162 30 Teaching
2280 2045 101 24 Latin
2406 2046 36 24 in
2466 2047 56 24 the
2544 2048 122 24 modern
2687 2049 115 25 world.

2139 2079 60 24 SEE
2220 2079 155 33 McGuire,
2403 2081 121 25 Martin
2545 2083 34 24 R.
2608 2084 54 30 P.,
2690 2085 51 23 ed.

2091 2127 204 33 Technology
2316 2128 60 24 and
2399 2129 182 24 Christian
2602 2128 155 24 culture.

2133 2163 60 24 SEE
2213 2162 117 32 Mohan,
2357 2163 118 24 Robert
2500 2162 95 30 Paul,
2625 2161 51 25 ed.

2094 2211 19 23 A
2136 2209 221 26 theoretical
2382 2208 261 29 investigation
2666 2206 37 25 of
2727 2206 57 24 the

2137 2244 138 26 excited
2301 2243 117 25 states
2443 2243 37 24 of
2505 2243 119 24 linear
2645 2242 56 26 H3.
2747 2239 59 26 SEE

2136 2279 176 30 Morrison,
2339 2278 102 30 Harry
2462 2278 36 26 L.

2099 2320 179 32 Thyroidal
2302 2325 158 25 response
2486 2319 37 24 to
2546 2318 218 30 goitrogens.

2142 2356 56 24 SEE
2223 2354 153 32 Paynter,
2405 2352 138 26 Orville
2566 2353 36 26 E.

2096 2399 58 24 The
2179 2397 99 26 truth
2301 2397 159 29 required
2484 2397 39 23 in
2545 2396 58 24 the
2628 2400 117 24 preces
2772 2395 56 24 for

2138 2432 198 30 rescripts.
2383 2431 58 24 SEE
2463 2431 115 29 Adams,
2605 2430 120 24 Donald
2748 2428 36 28 E.

2089 2483 57 24 The
2172 2481 201 31 vocabulary
2395 2481 35 23 of
2455 2481 139 31 general
2620 2481 137 23 science
2781 2481 37 24 at

2131 2516 55 24 the
2212 2515 120 31 eighth
2354 2515 96 30 grade
2476 2515 113 24 level.
2638 2516 60 24 SEE

2131 2549 133 30 Didier,
2290 2550 83 29 Mary
2393 2550 157 24 Ambrose.

2070 2616 156 31 CATLING,
2256 2616 141 26 PATRICK
2418 2616 115 27 SKENE.

2112 2649 123 24 Better
2257 2649 79 26 than
2358 2649 156 30 working.
2560 2648 199 28 Macmillan.

2151 2684 24 24 ©
2196 2682 140 26 Patrick
2356 2681 101 26 Skene
2479 2682 157 31 Catling;
2705 2681 115 33 10Oct60;

2152 2712 157 35 A468523.

2050 2787 264 27 CATO-MERIDIAN
2333 2788 185 25 TELEPHONE
2539 2788 54 28 CO.

2089 2822 96 30 Cato,
2211 2821 82 27 Fair
2313 2822 116 30 Haven,
2455 2822 179 30 Hannibal,
2661 2823 60 25 and

2129 2855 165 32 Lysander
2314 2857 198 30 exchanges,
2539 2857 181 30 including

2129 2890 181 32 exchanges
2334 2890 39 26 of
2393 2890 282 30 Baldwinsville,
2699 2890 121 27 Bowens

2130 2924 157 30 Corners,
2314 2924 59 26 and
2394 2924 61 25 Red
2478 2924 99 26 Creek
2599 2924 181 32 telephone

2129 2958 197 32 directory.
2374 2959 95 31 Sept.
2538 2955 54 30 1960.
2638 2960 24 24 ©
2129 2958 650 61 Cato-Meridian
2311 2993 183 31 Telephone
2518 2993 74 31 Co.;
2620 2990 156 34 23Aug60;

2128 3022 158 36 A467064.

2054 3109 113 31 CATTA,
2196 3108 97 27 TONY.

2095 3144 123 25 Father
2239 3143 155 31 Dujarie.
2444 3144 134 25 Introd.
2606 3145 38 28 by
2667 3142 140 26 Etienne

2136 3178 116 26 Catta.
2300 3178 140 31 English
2465 3177 221 26 translation
2709 3177 37 28 by

2136 3213 120 25 Edward
2280 3212 34 26 L.
2339 3212 138 26 Heston.
2523 3212 100 24 Bruce
2648 3211 113 26 Press.

2141 3239 176 37 (Catholic
2343 3246 76 25 life
2442 3240 260 35 publications)

2134 3283 24 23 ©
2177 3278 244 32 Congregation
2444 3279 38 25 of
2502 3279 81 29 Holy
2605 3278 116 29 Cross;

2135 3312 156 32 29Nov60;
2318 3309 156 34 A475490.

2046 3387 155 31 CATTANI,
2230 3386 101 27 GUIDO
2352 3386 35 27 S.
2437 3384 58 25 SEE

2087 3421 217 32 Scichilone,
2333 3422 176 24 Giovanni.
