<alto xmlns="http://www.loc.gov/standards/alto/ns-v3#" xmlns:xlink="http://www.w3.org/1999/xlink" xmlns:xsi="http://www.w3.org/2001/XMLSchema-instance" xsi:schemaLocation="http://www.loc.gov/standards/alto/ns-v3# http://www.loc.gov/alto/v3/alto-3-0.xsd"><Description>
<MeasurementUnit>pixel</MeasurementUnit>
<sourceImageInformation>
<fileName>1964_n18_n2_Part1.pdf</fileName>
</sourceImageInformation>
<OCRProcessing ID="IdOcr">
<ocrProcessingStep>
<processingDateTime>2018-12-18</processingDateTime>
<processingSoftware>
<softwareCreator>ABBYY</softwareCreator>
<softwareName>ABBYY Recognition Server</softwareName>
<softwareVersion>4.0</softwareVersion>
</processingSoftware>
</ocrProcessingStep>
</OCRProcessing>
</Description>
<Styles>
<ParagraphStyle ID="StyleId-FFFFFFFF-FFFF-FFFF-FFFF-FFFFFFFFFFFF-" ALIGN="Left" LEFT="0." RIGHT="0." FIRSTLINE="0."/>
<ParagraphStyle ID="StyleId-DF7B7759-C13C-44EE-BCC6-8C1F4C92D0FF-" ALIGN="Left" LEFT="0." RIGHT="0." FIRSTLINE="0." LINESPACE="13.30000019"/>
<ParagraphStyle ID="StyleId-48DD5FFE-C002-444A-8B2E-C9C25190FAF8-" ALIGN="Center" LEFT="0." RIGHT="0." FIRSTLINE="0." LINESPACE="15.5"/>
<ParagraphStyle ID="StyleId-9332A775-BE24-40D9-800B-1FF5433C5355-" ALIGN="Left" LEFT="0." RIGHT="0." FIRSTLINE="-8." LINESPACE="7.179999828"/>
<ParagraphStyle ID="StyleId-2CA5DC97-73ED-4C7C-864C-439E2E100378-" ALIGN="Left" LEFT="0." RIGHT="0." FIRSTLINE="-11." LINESPACE="6.96999979"/>
<ParagraphStyle ID="StyleId-93D5EE92-1481-4E10-8934-AA27F55782DD-" ALIGN="Left" LEFT="0." RIGHT="0." FIRSTLINE="-15." LINESPACE="7.900000095"/>
<ParagraphStyle ID="StyleId-01E73C58-FBA9-4D92-B47B-E2D0D400CE77-" ALIGN="Center" LEFT="0." RIGHT="0." FIRSTLINE="0." LINESPACE="12.19999981"/>
<ParagraphStyle ID="StyleId-38CD0DB2-48C3-45DB-8280-299C01716297-" ALIGN="Block" LEFT="0." RIGHT="0." FIRSTLINE="0." LINESPACE="13.73999977"/>
<ParagraphStyle ID="StyleId-E5C20581-EA48-47B6-9621-83020C9C6BB3-" ALIGN="Center" LEFT="0." RIGHT="0." FIRSTLINE="0." LINESPACE="26."/>
<ParagraphStyle ID="StyleId-CFCBA7D5-3C46-4C78-8057-18473361715D-" ALIGN="Left" LEFT="0." RIGHT="0." FIRSTLINE="-13." LINESPACE="6.96999979"/>
<ParagraphStyle ID="StyleId-33D81F52-5677-4878-94B9-72B1080383BD-" ALIGN="Left" LEFT="0." RIGHT="0." FIRSTLINE="-14." LINESPACE="6.96999979"/>
<ParagraphStyle ID="StyleId-8F6B4A22-638C-4C16-9488-E99931B0A6F2-" ALIGN="Left" LEFT="0." RIGHT="0." FIRSTLINE="0." LINESPACE="6.96999979"/>
<ParagraphStyle ID="StyleId-11C3C0AE-5CE1-4DF9-AA46-8A0E10E0A5AA-" ALIGN="Left" LEFT="0." RIGHT="0." FIRSTLINE="0." LINESPACE="8.5"/>
<ParagraphStyle ID="StyleId-A1602F5A-4832-4B0A-B831-5C15C60E8864-" ALIGN="Left" LEFT="0." RIGHT="0." FIRSTLINE="0." LINESPACE="6.96999979"/>
<ParagraphStyle ID="StyleId-F231A516-1A4C-4AC5-99E1-614C95A318C3-" ALIGN="Left" LEFT="0." RIGHT="0." FIRSTLINE="-9." LINESPACE="6.96999979"/>
<ParagraphStyle ID="StyleId-DBAA0445-BA97-452B-A160-D89DC415194B-" ALIGN="Left" LEFT="0." RIGHT="0." FIRSTLINE="0." LINESPACE="8.899999619"/>
<ParagraphStyle ID="StyleId-1EDCCAFE-75DD-4C5F-8E08-9778CED178C6-" ALIGN="Left" LEFT="0." RIGHT="0." FIRSTLINE="-14." LINESPACE="6.96999979"/>
<ParagraphStyle ID="StyleId-24F6CD73-328C-4785-95EC-CAE9887CC30B-" ALIGN="Left" LEFT="0." RIGHT="0." FIRSTLINE="0." LINESPACE="8.899999619"/>
<ParagraphStyle ID="StyleId-D7AA34D2-4E60-4178-A5C1-CAD477DD720A-" ALIGN="Left" LEFT="0." RIGHT="0." FIRSTLINE="0." LINESPACE="8.300000191"/>
<ParagraphStyle ID="StyleId-092D74D3-6A7C-44F8-9B67-FA9656592DA9-" ALIGN="Left" LEFT="0." RIGHT="0." FIRSTLINE="0." LINESPACE="7.179999828"/>
<ParagraphStyle ID="StyleId-BCE66817-9845-40BB-8174-38966274A06A-" ALIGN="Left" LEFT="0." RIGHT="0." FIRSTLINE="-11." LINESPACE="6.96999979"/>
<ParagraphStyle ID="StyleId-7C443AFD-FB3C-4C46-8ED1-78E11FE91CC1-" ALIGN="Left" LEFT="0." RIGHT="0." FIRSTLINE="-11." LINESPACE="6.769999981"/>
<ParagraphStyle ID="StyleId-A778DAB4-280A-4AD3-B934-0665E8EBB2D4-" ALIGN="Left" LEFT="0." RIGHT="0." FIRSTLINE="-12." LINESPACE="6.96999979"/>
<ParagraphStyle ID="StyleId-F613652B-B505-409D-9F25-6039FA4EFB42-" ALIGN="Left" LEFT="0." RIGHT="0." FIRSTLINE="0." LINESPACE="7.179999828"/>
<ParagraphStyle ID="StyleId-CDDF7EC2-1111-4932-9809-7450146853E8-" ALIGN="Block" LEFT="0." RIGHT="0." FIRSTLINE="0." LINESPACE="8.800000191"/>
</Styles>
<Layout>
<Page ID="Page1925" PHYSICAL_IMG_NR="1925" HEIGHT="3812" WIDTH="2896">
<TopMargin HEIGHT="117" WIDTH="2896" VPOS="0" HPOS="0">
</TopMargin>
<LeftMargin HEIGHT="3397" WIDTH="48" VPOS="117" HPOS="0">
</LeftMargin>
<RightMargin HEIGHT="3397" WIDTH="250" VPOS="117" HPOS="2646">
</RightMargin>
<BottomMargin HEIGHT="298" WIDTH="2896" VPOS="3514" HPOS="0">
</BottomMargin>
<PrintSpace HEIGHT="3397" WIDTH="2598" VPOS="117" HPOS="48">
<TextBlock ID="Page1925_Block1" HEIGHT="42" WIDTH="84" VPOS="117" HPOS="2562" LANG="en-US" STYLEREFS="StyleId-9D44AE26-C8D9-480D-8D1F-3BF161772F7C-">
<TextLine HEIGHT="28" WIDTH="70" VPOS="124" HPOS="2569">
<String CONTENT="1925" HEIGHT="28" WIDTH="70" VPOS="124" HPOS="2569"/>
</TextLine>
</TextBlock>
<TextBlock ID="Page1925_Block2" HEIGHT="3247" WIDTH="866" VPOS="255" HPOS="48" LANG="en-US" CS="1" STYLEREFS="StyleId-9D44AE26-C8D9-480D-8D1F-3BF161772F7C-">
<TextLine HEIGHT="29" WIDTH="213" VPOS="276" HPOS="67">
<String CONTENT="PEPE," HEIGHT="29" WIDTH="94" VPOS="276" HPOS="67"/>
<SP HEIGHT="29" WIDTH="25" VPOS="276" HPOS="162"/>
<String CONTENT="PAUL." HEIGHT="24" WIDTH="92" VPOS="276" HPOS="188"/>
</TextLine>
<TextLine HEIGHT="27" WIDTH="703" VPOS="307" HPOS="108">
<String LANG="de" CONTENT="Gestion" HEIGHT="24" WIDTH="138" VPOS="310" HPOS="108"/>
<SP HEIGHT="18" WIDTH="22" VPOS="315" HPOS="247"/>
<String LANG="en-US" CONTENT="automatisee" HEIGHT="24" WIDTH="218" VPOS="309" HPOS="270"/>
<SP HEIGHT="23" WIDTH="23" VPOS="308" HPOS="489"/>
<String LANG="de" CONTENT="des" HEIGHT="23" WIDTH="55" VPOS="308" HPOS="513"/>
<SP HEIGHT="18" WIDTH="24" VPOS="313" HPOS="569"/>
<String LANG="en-US" CONTENT="entreprises" HEIGHT="27" WIDTH="217" VPOS="307" HPOS="594"/>
</TextLine>
<TextLine HEIGHT="31" WIDTH="583" VPOS="340" HPOS="148">
<String CONTENT="par" HEIGHT="22" WIDTH="59" VPOS="349" HPOS="148"/>
<SP HEIGHT="23" WIDTH="20" VPOS="343" HPOS="208"/>
<String CONTENT="G." HEIGHT="23" WIDTH="31" VPOS="343" HPOS="229"/>
<SP HEIGHT="23" WIDTH="27" VPOS="343" HPOS="261"/>
<String CONTENT="Lhoste" HEIGHT="22" WIDTH="118" VPOS="343" HPOS="289"/>
<SP HEIGHT="22" WIDTH="22" VPOS="343" HPOS="408"/>
<String CONTENT="&amp;" HEIGHT="22" WIDTH="19" VPOS="343" HPOS="431"/>
<SP HEIGHT="24" WIDTH="20" VPOS="341" HPOS="451"/>
<String CONTENT="P." HEIGHT="24" WIDTH="32" VPOS="341" HPOS="472"/>
<SP HEIGHT="25" WIDTH="27" VPOS="340" HPOS="505"/>
<String CONTENT="P" HEIGHT="23" WIDTH="16" VPOS="340" HPOS="533"/>
<SP HEIGHT="28" WIDTH="21" VPOS="340" HPOS="550"/>
<String CONTENT="pe." HEIGHT="22" WIDTH="53" VPOS="346" HPOS="572"/>
<SP HEIGHT="24" WIDTH="47" VPOS="340" HPOS="626"/>
<String CONTENT="See" HEIGHT="23" WIDTH="57" VPOS="340" HPOS="674"/>
</TextLine>
<TextLine HEIGHT="29" WIDTH="317" VPOS="376" HPOS="148">
<String CONTENT="LHOSTE," HEIGHT="28" WIDTH="135" VPOS="377" HPOS="148"/>
<SP HEIGHT="28" WIDTH="24" VPOS="377" HPOS="284"/>
<String CONTENT="GABRIEL." HEIGHT="24" WIDTH="156" VPOS="376" HPOS="309"/>
</TextLine>
<TextLine HEIGHT="31" WIDTH="256" VPOS="447" HPOS="93">
<String CONTENT="PEPKE," HEIGHT="30" WIDTH="114" VPOS="448" HPOS="93"/>
<SP HEIGHT="30" WIDTH="24" VPOS="448" HPOS="208"/>
<String CONTENT="MAX" HEIGHT="24" WIDTH="61" VPOS="447" HPOS="233"/>
<SP HEIGHT="24" WIDTH="18" VPOS="447" HPOS="295"/>
<String CONTENT="H." HEIGHT="24" WIDTH="35" VPOS="448" HPOS="314"/>
</TextLine>
<TextLine HEIGHT="33" WIDTH="765" VPOS="479" HPOS="133">
<String CONTENT="A" HEIGHT="23" WIDTH="18" VPOS="483" HPOS="133"/>
<SP HEIGHT="29" WIDTH="22" VPOS="483" HPOS="152"/>
<String CONTENT="practical" HEIGHT="31" WIDTH="179" VPOS="481" HPOS="175"/>
<SP HEIGHT="29" WIDTH="20" VPOS="481" HPOS="355"/>
<String CONTENT="guide" HEIGHT="30" WIDTH="99" VPOS="480" HPOS="376"/>
<SP HEIGHT="24" WIDTH="23" VPOS="480" HPOS="476"/>
<String CONTENT="to" HEIGHT="24" WIDTH="37" VPOS="480" HPOS="500"/>
<SP HEIGHT="18" WIDTH="19" VPOS="486" HPOS="538"/>
<String CONTENT="motor" HEIGHT="24" WIDTH="101" VPOS="480" HPOS="558"/>
<SP HEIGHT="18" WIDTH="21" VPOS="485" HPOS="660"/>
<String CONTENT="conversion." HEIGHT="24" WIDTH="216" VPOS="479" HPOS="682"/>
</TextLine>
<TextLine HEIGHT="30" WIDTH="620" VPOS="513" HPOS="176" CS="1">
<String CONTENT="1st" HEIGHT="24" WIDTH="56" VPOS="516" HPOS="176"/>
<SP HEIGHT="24" WIDTH="23" VPOS="516" HPOS="233"/>
<String CONTENT="ed." HEIGHT="26" WIDTH="53" VPOS="515" HPOS="257"/>
<SP HEIGHT="28" WIDTH="45" VPOS="515" HPOS="311"/>
<String CONTENT="39" HEIGHT="28" WIDTH="39" VPOS="515" HPOS="357"/>
<SP/>
<String CS="1" CONTENT="l."/>
<SP/>
<String CS="1" CONTENT="&#169;"/>
<SP/>
<String CONTENT="Max" HEIGHT="24" WIDTH="60" VPOS="514" HPOS="538"/>
<SP HEIGHT="23" WIDTH="19" VPOS="514" HPOS="599"/>
<String CONTENT="H." HEIGHT="25" WIDTH="36" VPOS="514" HPOS="619"/>
<SP HEIGHT="26" WIDTH="23" VPOS="513" HPOS="656"/>
<String CONTENT="Pepke;" HEIGHT="29" WIDTH="116" VPOS="513" HPOS="680"/>
</TextLine>
<TextLine HEIGHT="35" WIDTH="315" VPOS="544" HPOS="177" CS="1">
<String CS="1" CONTENT="5Oct64;" HEIGHT="34" WIDTH="132" VPOS="545" HPOS="177"/>
<SP HEIGHT="29" WIDTH="24" VPOS="549" HPOS="310"/>
<!-- cceid 27B70494-6CCB-1014-A5FE-CCE70832EF77 --><String CONTENT="A719748." HEIGHT="34" WIDTH="157" VPOS="544" HPOS="335"/>
</TextLine>
<TextLine HEIGHT="32" WIDTH="279" VPOS="620" HPOS="69">
<String CONTENT="PEPPER," HEIGHT="30" WIDTH="137" VPOS="622" HPOS="69"/>
<SP HEIGHT="31" WIDTH="26" VPOS="621" HPOS="207"/>
<String CONTENT="ORLYN." HEIGHT="24" WIDTH="114" VPOS="620" HPOS="234"/>
</TextLine>
<TextLine HEIGHT="37" WIDTH="580" VPOS="645" HPOS="111">
<String CONTENT="Versatile" HEIGHT="27" WIDTH="180" VPOS="655" HPOS="111"/>
<SP HEIGHT="25" WIDTH="22" VPOS="653" HPOS="292"/>
<String CONTENT="transporter." HEIGHT="31" WIDTH="236" VPOS="650" HPOS="315"/>
<SP HEIGHT="27" WIDTH="46" VPOS="646" HPOS="552"/>
<String CONTENT="17" HEIGHT="27" WIDTH="37" VPOS="646" HPOS="599"/>
<SP HEIGHT="28" WIDTH="22" VPOS="645" HPOS="637"/>
<String CONTENT="1." HEIGHT="24" WIDTH="31" VPOS="645" HPOS="660"/>
</TextLine>
<TextLine HEIGHT="40" WIDTH="600" VPOS="678" HPOS="195" CS="1">
<String CS="1" CONTENT="&#169;"/>
<SP/>
<String CONTENT="Orlyn" HEIGHT="29" WIDTH="99" VPOS="689" HPOS="195"/>
<SP HEIGHT="25" WIDTH="18" VPOS="687" HPOS="295"/>
<String CONTENT="Pepper;" HEIGHT="29" WIDTH="136" VPOS="687" HPOS="314"/>
<SP HEIGHT="28" WIDTH="26" VPOS="685" HPOS="451"/>
<String CS="1" CONTENT="1Sep64;" HEIGHT="32" WIDTH="54" VPOS="678" HPOS="559"/>
<SP HEIGHT="29" WIDTH="24" VPOS="681" HPOS="614"/>
<!-- cceid 27B76838-6CCB-1014-A5FE-CCE70832EF77 --><String CONTENT="A718541." HEIGHT="31" WIDTH="156" VPOS="678" HPOS="639"/>
</TextLine>
<TextLine HEIGHT="29" WIDTH="275" VPOS="749" HPOS="91">
<String CONTENT="PEPYS," HEIGHT="29" WIDTH="114" VPOS="749" HPOS="91"/>
<SP HEIGHT="29" WIDTH="26" VPOS="749" HPOS="206"/>
<String CONTENT="SAMUEL." HEIGHT="25" WIDTH="133" VPOS="749" HPOS="233"/>
</TextLine>
<TextLine HEIGHT="30" WIDTH="685" VPOS="781" HPOS="131" STYLEREFS="StyleId-33CB8660-291F-4D07-92AB-B54C9EBAC315-">
<String CONTENT="Diary." HEIGHT="29" WIDTH="113" VPOS="782" HPOS="131"/>
<SP HEIGHT="23" WIDTH="45" VPOS="783" HPOS="245"/>
<String CONTENT="Based" HEIGHT="24" WIDTH="100" VPOS="782" HPOS="291"/>
<SP HEIGHT="23" WIDTH="22" VPOS="782" HPOS="392"/>
<String CONTENT="on" HEIGHT="17" WIDTH="38" VPOS="787" HPOS="415"/>
<SP HEIGHT="24" WIDTH="21" VPOS="781" HPOS="454"/>
<String CONTENT="the" HEIGHT="24" WIDTH="57" VPOS="781" HPOS="476"/>
<SP HEIGHT="23" WIDTH="21" VPOS="783" HPOS="534"/>
<String CONTENT="Mynors" HEIGHT="28" WIDTH="117" VPOS="783" HPOS="556"/>
<SP HEIGHT="23" WIDTH="22" VPOS="783" HPOS="674"/>
<String CONTENT="Bright" HEIGHT="28" WIDTH="119" VPOS="783" HPOS="697"/>
</TextLine>
<TextLine HEIGHT="34" WIDTH="685" VPOS="811" HPOS="172" STYLEREFS="StyleId-33CB8660-291F-4D07-92AB-B54C9EBAC315-" CS="1">
<String CONTENT="ed." HEIGHT="24" WIDTH="52" VPOS="815" HPOS="172"/>
<SP HEIGHT="18" WIDTH="26" VPOS="821" HPOS="225"/>
<String CONTENT="of" HEIGHT="23" WIDTH="38" VPOS="815" HPOS="252"/>
<SP HEIGHT="24" WIDTH="22" VPOS="815" HPOS="291"/>
<String CS="1" CONTENT="1875." HEIGHT="33" WIDTH="79" VPOS="811" HPOS="314"/>
<SP/>
<String CONTENT="Edited," HEIGHT="29" WIDTH="134" VPOS="815" HPOS="455"/>
<SP HEIGHT="24" WIDTH="26" VPOS="820" HPOS="590"/>
<String CONTENT="abridged" HEIGHT="30" WIDTH="161" VPOS="815" HPOS="617"/>
<SP HEIGHT="24" WIDTH="20" VPOS="815" HPOS="779"/>
<String CONTENT="and" HEIGHT="23" WIDTH="57" VPOS="816" HPOS="800"/>
</TextLine>
<TextLine HEIGHT="29" WIDTH="642" VPOS="849" HPOS="170" STYLEREFS="StyleId-33CB8660-291F-4D07-92AB-B54C9EBAC315-" CS="1">
<String CONTENT="with" HEIGHT="23" WIDTH="80" VPOS="849" HPOS="170"/>
<SP HEIGHT="23" WIDTH="20" VPOS="849" HPOS="251"/>
<String CONTENT="an" HEIGHT="19" WIDTH="38" VPOS="853" HPOS="272"/>
<SP HEIGHT="23" WIDTH="21" VPOS="849" HPOS="311"/>
<String CONTENT="introd." HEIGHT="24" WIDTH="134" VPOS="849" HPOS="333"/>
<SP HEIGHT="24" WIDTH="25" VPOS="849" HPOS="468"/>
<String CONTENT="by" HEIGHT="29" WIDTH="40" VPOS="849" HPOS="494"/>
<SP HEIGHT="28" WIDTH="21" VPOS="850" HPOS="535"/>
<String CONTENT="John" HEIGHT="24" WIDTH="79" VPOS="849" HPOS="557"/>
<SP HEIGHT="23" WIDTH="19" VPOS="850" HPOS="637"/>
<String CONTENT="D." HEIGHT="23" WIDTH="33" VPOS="850" HPOS="657"/>
<SP HEIGHT="24" WIDTH="26" VPOS="850" HPOS="691"/>
<String CONTENT="Jump." HEIGHT="28" WIDTH="94" VPOS="850" HPOS="718"/>
</TextLine>
<TextLine HEIGHT="29" WIDTH="683" VPOS="883" HPOS="170" STYLEREFS="StyleId-33CB8660-291F-4D07-92AB-B54C9EBAC315-">
<String CONTENT="New" HEIGHT="23" WIDTH="60" VPOS="884" HPOS="170"/>
<SP HEIGHT="24" WIDTH="17" VPOS="884" HPOS="231"/>
<String CONTENT="York," HEIGHT="28" WIDTH="96" VPOS="883" HPOS="249"/>
<SP HEIGHT="28" WIDTH="26" VPOS="883" HPOS="346"/>
<String CONTENT="Washington" HEIGHT="29" WIDTH="201" VPOS="883" HPOS="373"/>
<SP HEIGHT="23" WIDTH="22" VPOS="884" HPOS="575"/>
<String CONTENT="Square" HEIGHT="27" WIDTH="117" VPOS="884" HPOS="598"/>
<SP HEIGHT="22" WIDTH="22" VPOS="885" HPOS="716"/>
<String CONTENT="Press." HEIGHT="22" WIDTH="114" VPOS="885" HPOS="739"/>
</TextLine>
<TextLine HEIGHT="34" WIDTH="661" VPOS="913" HPOS="172" STYLEREFS="StyleId-33CB8660-291F-4D07-92AB-B54C9EBAC315-">
<String CONTENT="336" HEIGHT="32" WIDTH="57" VPOS="913" HPOS="172"/>
<SP HEIGHT="33" WIDTH="20" VPOS="913" HPOS="230"/>
<String CONTENT="p." HEIGHT="23" WIDTH="33" VPOS="923" HPOS="251"/>
<SP HEIGHT="34" WIDTH="52" VPOS="913" HPOS="285"/>
<String CONTENT="(Washington" HEIGHT="34" WIDTH="216" VPOS="913" HPOS="338"/>
<SP HEIGHT="24" WIDTH="21" VPOS="918" HPOS="555"/>
<String CONTENT="Square" HEIGHT="28" WIDTH="117" VPOS="918" HPOS="577"/>
<SP HEIGHT="23" WIDTH="22" VPOS="919" HPOS="695"/>
<String CONTENT="Press," HEIGHT="26" WIDTH="115" VPOS="919" HPOS="718"/>
</TextLine>
<TextLine HEIGHT="34" WIDTH="662" VPOS="947" HPOS="170" STYLEREFS="StyleId-33CB8660-291F-4D07-92AB-B54C9EBAC315-" CS="1">
<String CONTENT="W504)" HEIGHT="34" WIDTH="95" VPOS="947" HPOS="170"/>
<SP/>
<String CS="1" CONTENT="&#169;"/>
<SP/>
<String CONTENT="Washington" HEIGHT="29" WIDTH="202" VPOS="952" HPOS="352"/>
<SP HEIGHT="23" WIDTH="21" VPOS="953" HPOS="555"/>
<String CONTENT="Square" HEIGHT="27" WIDTH="117" VPOS="953" HPOS="577"/>
<SP HEIGHT="22" WIDTH="23" VPOS="954" HPOS="695"/>
<String CONTENT="Press," HEIGHT="26" WIDTH="113" VPOS="954" HPOS="719"/>
</TextLine>
<TextLine HEIGHT="34" WIDTH="458" VPOS="981" HPOS="171" STYLEREFS="StyleId-33CB8660-291F-4D07-92AB-B54C9EBAC315-">
<String CONTENT="Inc.;" HEIGHT="26" WIDTH="93" VPOS="987" HPOS="171"/>
<SP HEIGHT="27" WIDTH="28" VPOS="986" HPOS="265"/>
<String CONTENT="15Aug64;" HEIGHT="34" WIDTH="153" VPOS="981" HPOS="294"/>
<SP HEIGHT="29" WIDTH="25" VPOS="986" HPOS="448"/>
<!-- cceid 27B7CB0F-6CCB-1014-A5FE-CCE70832EF77 --><String CONTENT="A726543." HEIGHT="32" WIDTH="155" VPOS="982" HPOS="474"/>
</TextLine>
<TextLine HEIGHT="31" WIDTH="396" VPOS="1033" HPOS="73">
<String CONTENT="PERCEPTION" HEIGHT="27" WIDTH="200" VPOS="1035" HPOS="73"/>
<SP HEIGHT="26" WIDTH="20" VPOS="1034" HPOS="274"/>
<String CONTENT="AID," HEIGHT="30" WIDTH="74" VPOS="1034" HPOS="295"/>
<SP HEIGHT="29" WIDTH="29" VPOS="1035" HPOS="370"/>
<String CONTENT="INC." HEIGHT="26" WIDTH="69" VPOS="1033" HPOS="400"/>
</TextLine>
<TextLine HEIGHT="32" WIDTH="585" VPOS="1067" HPOS="115" CS="1">
<String CONTENT="Puzzees," HEIGHT="27" WIDTH="153" VPOS="1072" HPOS="115"/>
<SP HEIGHT="23" WIDTH="27" VPOS="1076" HPOS="269"/>
<String CONTENT="educational" HEIGHT="24" WIDTH="219" VPOS="1069" HPOS="297"/>
<SP HEIGHT="22" WIDTH="22" VPOS="1069" HPOS="517"/>
<String CONTENT="aids" HEIGHT="23" WIDTH="76" VPOS="1068" HPOS="540"/>
<SP HEIGHT="23" WIDTH="25" VPOS="1067" HPOS="617"/>
<String CONTENT="for" HEIGHT="22" WIDTH="57" VPOS="1067" HPOS="643"/>
</TextLine>
<TextLine HEIGHT="32" WIDTH="680" VPOS="1100" HPOS="156" CS="1">
<String CONTENT="developing" HEIGHT="27" WIDTH="200" VPOS="1105" HPOS="156"/>
<SP HEIGHT="24" WIDTH="19" VPOS="1108" HPOS="357"/>
<String CONTENT="perceptional" HEIGHT="30" WIDTH="241" VPOS="1101" HPOS="377"/>
<SP HEIGHT="23" WIDTH="22" VPOS="1101" HPOS="619"/>
<String CONTENT="abilities." HEIGHT="24" WIDTH="194" VPOS="1100" HPOS="642"/>
</TextLine>
<TextLine HEIGHT="31" WIDTH="519" VPOS="1134" HPOS="155">
<String CONTENT="See" HEIGHT="23" WIDTH="57" VPOS="1140" HPOS="155"/>
<SP HEIGHT="24" WIDTH="21" VPOS="1138" HPOS="213"/>
<String CONTENT="ADAMS," HEIGHT="28" WIDTH="115" VPOS="1137" HPOS="235"/>
<SP HEIGHT="28" WIDTH="24" VPOS="1137" HPOS="351"/>
<String CONTENT="WILLIAM" HEIGHT="25" WIDTH="142" VPOS="1135" HPOS="376"/>
<SP HEIGHT="24" WIDTH="20" VPOS="1135" HPOS="519"/>
<String CONTENT="A.," HEIGHT="28" WIDTH="54" VPOS="1135" HPOS="540"/>
<SP HEIGHT="23" WIDTH="27" VPOS="1140" HPOS="595"/>
<String CONTENT="ed." HEIGHT="24" WIDTH="51" VPOS="1134" HPOS="623"/>
</TextLine>
<TextLine HEIGHT="25" WIDTH="376" VPOS="1173" HPOS="74">
<String CONTENT="PERCEPTIVE" HEIGHT="25" WIDTH="200" VPOS="1173" HPOS="74"/>
<SP HEIGHT="23" WIDTH="21" VPOS="1174" HPOS="275"/>
<String CONTENT="PUB." HEIGHT="24" WIDTH="72" VPOS="1174" HPOS="297"/>
<SP HEIGHT="25" WIDTH="28" VPOS="1173" HPOS="370"/>
<String CONTENT="CO." HEIGHT="24" WIDTH="51" VPOS="1173" HPOS="399"/>
</TextLine>
<TextLine HEIGHT="29" WIDTH="664" VPOS="1208" HPOS="113" CS="1">
<String CONTENT="For" HEIGHT="24" WIDTH="59" VPOS="1209" HPOS="113"/>
<SP HEIGHT="24" WIDTH="21" VPOS="1209" HPOS="173"/>
<String CONTENT="those" HEIGHT="23" WIDTH="97" VPOS="1209" HPOS="195"/>
<SP HEIGHT="17" WIDTH="21" VPOS="1215" HPOS="293"/>
<String CONTENT="who" HEIGHT="23" WIDTH="60" VPOS="1209" HPOS="315"/>
<SP HEIGHT="17" WIDTH="19" VPOS="1214" HPOS="376"/>
<String CONTENT="wonder." HEIGHT="23" WIDTH="135" VPOS="1209" HPOS="396"/>
<SP HEIGHT="23" WIDTH="49" VPOS="1208" HPOS="532"/>
<String CONTENT="See" HEIGHT="23" WIDTH="55" VPOS="1208" HPOS="582"/>
<SP HEIGHT="23" WIDTH="21" VPOS="1208" HPOS="638"/>
<String CONTENT="MYERS," HEIGHT="29" WIDTH="117" VPOS="1208" HPOS="660"/>
</TextLine>
<TextLine HEIGHT="23" WIDTH="276" VPOS="1243" HPOS="155">
<String CONTENT="ROBERT" HEIGHT="23" WIDTH="119" VPOS="1243" HPOS="155"/>
<SP HEIGHT="23" WIDTH="19" VPOS="1243" HPOS="275"/>
<String CONTENT="EUGENE." HEIGHT="23" WIDTH="136" VPOS="1243" HPOS="295"/>
</TextLine>
<TextLine HEIGHT="30" WIDTH="296" VPOS="1297" HPOS="75">
<String CONTENT="PERCHIK," HEIGHT="30" WIDTH="155" VPOS="1297" HPOS="75"/>
<SP HEIGHT="30" WIDTH="26" VPOS="1297" HPOS="231"/>
<String CONTENT="SIMON." HEIGHT="25" WIDTH="113" VPOS="1297" HPOS="258"/>
</TextLine>
<TextLine HEIGHT="33" WIDTH="721" VPOS="1326" HPOS="116" CS="1">
<String CONTENT="I" HEIGHT="24" WIDTH="17" VPOS="1332" HPOS="116"/>
<SP/>
<String CONTENT="counted" HEIGHT="25" WIDTH="137" VPOS="1330" HPOS="157"/>
<SP HEIGHT="23" WIDTH="23" VPOS="1330" HPOS="295"/>
<String CONTENT="only" HEIGHT="29" WIDTH="79" VPOS="1330" HPOS="319"/>
<SP HEIGHT="29" WIDTH="21" VPOS="1330" HPOS="399"/>
<String CONTENT="April." HEIGHT="30" WIDTH="114" VPOS="1328" HPOS="421"/>
<SP HEIGHT="25" WIDTH="44" VPOS="1329" HPOS="536"/>
<String CONTENT="New" HEIGHT="23" WIDTH="60" VPOS="1329" HPOS="581"/>
<SP HEIGHT="23" WIDTH="20" VPOS="1328" HPOS="642"/>
<String CONTENT="Rochelle," HEIGHT="28" WIDTH="174" VPOS="1326" HPOS="663"/>
</TextLine>
<TextLine HEIGHT="33" WIDTH="582" VPOS="1360" HPOS="155" CS="1">
<String CONTENT="N.Y.," HEIGHT="27" WIDTH="94" VPOS="1366" HPOS="155"/>
<SP HEIGHT="28" WIDTH="26" VPOS="1365" HPOS="250"/>
<String CONTENT="Elizabeth" HEIGHT="25" WIDTH="182" VPOS="1363" HPOS="277"/>
<SP HEIGHT="24" WIDTH="20" VPOS="1363" HPOS="460"/>
<String CONTENT="Press." HEIGHT="24" WIDTH="115" VPOS="1363" HPOS="481"/>
<SP HEIGHT="27" WIDTH="45" VPOS="1360" HPOS="597"/>
<String CONTENT="22" HEIGHT="24" WIDTH="37" VPOS="1360" HPOS="643"/>
<SP HEIGHT="29" WIDTH="22" VPOS="1360" HPOS="681"/>
<String CONTENT="p." HEIGHT="23" WIDTH="33" VPOS="1366" HPOS="704"/>
</TextLine>
<TextLine HEIGHT="34" WIDTH="645" VPOS="1395" HPOS="157">
<String CONTENT="Many" HEIGHT="29" WIDTH="78" VPOS="1400" HPOS="157"/>
<SP HEIGHT="25" WIDTH="20" VPOS="1404" HPOS="236"/>
<String CONTENT="poems" HEIGHT="24" WIDTH="97" VPOS="1404" HPOS="257"/>
<SP HEIGHT="23" WIDTH="23" VPOS="1404" HPOS="355"/>
<String CONTENT="prev." HEIGHT="24" WIDTH="95" VPOS="1403" HPOS="379"/>
<SP HEIGHT="24" WIDTH="25" VPOS="1402" HPOS="475"/>
<String CONTENT="pub." HEIGHT="29" WIDTH="74" VPOS="1397" HPOS="501"/>
<SP HEIGHT="26" WIDTH="26" VPOS="1396" HPOS="576"/>
<String CONTENT="in" HEIGHT="24" WIDTH="39" VPOS="1396" HPOS="603"/>
<SP HEIGHT="19" WIDTH="19" VPOS="1401" HPOS="643"/>
<String CONTENT="various" HEIGHT="24" WIDTH="139" VPOS="1395" HPOS="663"/>
</TextLine>
<TextLine HEIGHT="36" WIDTH="628" VPOS="1428" HPOS="157">
<String CONTENT="periodicals." HEIGHT="32" WIDTH="236" VPOS="1432" HPOS="157"/>
<SP HEIGHT="26" WIDTH="45" VPOS="1432" HPOS="394"/>
<String CONTENT="NM:" HEIGHT="24" WIDTH="54" VPOS="1432" HPOS="440"/>
<SP HEIGHT="20" WIDTH="26" VPOS="1436" HPOS="495"/>
<String CONTENT="compilation" HEIGHT="32" WIDTH="222" VPOS="1428" HPOS="522"/>
<SP HEIGHT="25" WIDTH="20" VPOS="1428" HPOS="745"/>
<String CONTENT="&amp;" HEIGHT="25" WIDTH="19" VPOS="1428" HPOS="766"/>
</TextLine>
<TextLine HEIGHT="38" WIDTH="703" VPOS="1458" HPOS="157" CS="1">
<String CONTENT="editing." HEIGHT="28" WIDTH="155" VPOS="1468" HPOS="157"/>
<SP HEIGHT="25" WIDTH="43" VPOS="1467" HPOS="313"/>
<String CS="1" CONTENT="&#169;"/>
<SP/>
<String CONTENT="Simon" HEIGHT="24" WIDTH="98" VPOS="1467" HPOS="402"/>
<SP HEIGHT="23" WIDTH="20" VPOS="1466" HPOS="501"/>
<String CONTENT="Perchik;" HEIGHT="28" WIDTH="155" VPOS="1464" HPOS="522"/>
<SP HEIGHT="28" WIDTH="26" VPOS="1464" HPOS="678"/>
<String CONTENT="19Mar64;" HEIGHT="34" WIDTH="155" VPOS="1458" HPOS="705"/>
</TextLine>
<TextLine HEIGHT="33" WIDTH="153" VPOS="1497" HPOS="158">
<!-- cceid 27B8F548-6CCB-1014-A5FE-CCE70832EF77 --><String CONTENT="A713484." HEIGHT="33" WIDTH="153" VPOS="1497" HPOS="158"/>
</TextLine>
<TextLine HEIGHT="32" WIDTH="281" VPOS="1556" HPOS="80">
<String CONTENT="PERCY," HEIGHT="29" WIDTH="118" VPOS="1559" HPOS="80"/>
<SP HEIGHT="31" WIDTH="21" VPOS="1557" HPOS="199"/>
<String CONTENT="ALFRED." HEIGHT="24" WIDTH="140" VPOS="1556" HPOS="221"/>
</TextLine>
<TextLine HEIGHT="38" WIDTH="647" VPOS="1583" HPOS="121">
<String CONTENT="Virginia's" HEIGHT="32" WIDTH="199" VPOS="1589" HPOS="121"/>
<SP HEIGHT="18" WIDTH="22" VPOS="1595" HPOS="321"/>
<String CONTENT="unsung" HEIGHT="23" WIDTH="120" VPOS="1593" HPOS="344"/>
<SP HEIGHT="23" WIDTH="21" VPOS="1593" HPOS="465"/>
<String CONTENT="victory" HEIGHT="28" WIDTH="141" VPOS="1585" HPOS="487"/>
<SP HEIGHT="29" WIDTH="21" VPOS="1584" HPOS="629"/>
<String CONTENT="in" HEIGHT="23" WIDTH="37" VPOS="1584" HPOS="651"/>
<SP HEIGHT="24" WIDTH="21" VPOS="1583" HPOS="689"/>
<String CONTENT="the" HEIGHT="23" WIDTH="57" VPOS="1583" HPOS="711"/>
</TextLine>
<TextLine HEIGHT="34" WIDTH="684" VPOS="1615" HPOS="162">
<String CONTENT="Revolution." HEIGHT="25" WIDTH="217" VPOS="1624" HPOS="162"/>
<SP HEIGHT="25" WIDTH="45" VPOS="1621" HPOS="380"/>
<String CONTENT="Madison" HEIGHT="25" WIDTH="142" VPOS="1620" HPOS="426"/>
<SP HEIGHT="24" WIDTH="19" VPOS="1619" HPOS="569"/>
<String CONTENT="Heights," HEIGHT="30" WIDTH="155" VPOS="1617" HPOS="589"/>
<SP HEIGHT="30" WIDTH="25" VPOS="1615" HPOS="745"/>
<String CONTENT="Va.," HEIGHT="28" WIDTH="75" VPOS="1615" HPOS="771"/>
</TextLine>
<TextLine HEIGHT="38" WIDTH="667" VPOS="1649" HPOS="163">
<String CONTENT="Percy" HEIGHT="27" WIDTH="100" VPOS="1660" HPOS="163"/>
<SP HEIGHT="29" WIDTH="19" VPOS="1658" HPOS="264"/>
<String CONTENT="Press." HEIGHT="24" WIDTH="118" VPOS="1658" HPOS="284"/>
<SP HEIGHT="27" WIDTH="46" VPOS="1655" HPOS="403"/>
<String CONTENT="50" HEIGHT="28" WIDTH="38" VPOS="1654" HPOS="450"/>
<SP HEIGHT="29" WIDTH="17" VPOS="1654" HPOS="489"/>
<String CONTENT="p." HEIGHT="23" WIDTH="36" VPOS="1660" HPOS="507"/>
<SP HEIGHT="26" WIDTH="45" VPOS="1651" HPOS="544"/>
<String CONTENT="Appl." HEIGHT="30" WIDTH="95" VPOS="1651" HPOS="590"/>
<SP HEIGHT="18" WIDTH="27" VPOS="1656" HPOS="686"/>
<String CONTENT="states" HEIGHT="25" WIDTH="116" VPOS="1649" HPOS="714"/>
</TextLine>
<TextLine HEIGHT="39" WIDTH="632" VPOS="1682" HPOS="162">
<String CONTENT="based" HEIGHT="25" WIDTH="102" VPOS="1692" HPOS="162"/>
<SP HEIGHT="23" WIDTH="19" VPOS="1692" HPOS="265"/>
<String CONTENT="upon" HEIGHT="25" WIDTH="79" VPOS="1696" HPOS="285"/>
<SP HEIGHT="18" WIDTH="22" VPOS="1696" HPOS="365"/>
<String CONTENT="research" HEIGHT="25" WIDTH="160" VPOS="1688" HPOS="388"/>
<SP HEIGHT="23" WIDTH="21" VPOS="1688" HPOS="549"/>
<String CONTENT="completed" HEIGHT="31" WIDTH="180" VPOS="1684" HPOS="571"/>
<SP HEIGHT="25" WIDTH="21" VPOS="1682" HPOS="752"/>
<String CONTENT="&amp;" HEIGHT="23" WIDTH="20" VPOS="1682" HPOS="774"/>
</TextLine>
<TextLine HEIGHT="39" WIDTH="648" VPOS="1718" HPOS="163">
<String CONTENT="prev." HEIGHT="25" WIDTH="97" VPOS="1732" HPOS="163"/>
<SP HEIGHT="24" WIDTH="22" VPOS="1731" HPOS="261"/>
<String CONTENT="pub." HEIGHT="30" WIDTH="77" VPOS="1725" HPOS="284"/>
<SP HEIGHT="24" WIDTH="27" VPOS="1724" HPOS="362"/>
<String CONTENT="1959" HEIGHT="29" WIDTH="78" VPOS="1722" HPOS="390"/>
<SP HEIGHT="28" WIDTH="20" VPOS="1722" HPOS="469"/>
<String CONTENT="as" HEIGHT="17" WIDTH="37" VPOS="1728" HPOS="490"/>
<SP HEIGHT="25" WIDTH="23" VPOS="1720" HPOS="528"/>
<String CONTENT="Origin" HEIGHT="29" WIDTH="119" VPOS="1720" HPOS="552"/>
<SP HEIGHT="18" WIDTH="21" VPOS="1724" HPOS="672"/>
<String CONTENT="of" HEIGHT="23" WIDTH="37" VPOS="1718" HPOS="694"/>
<SP HEIGHT="23" WIDTH="21" VPOS="1718" HPOS="732"/>
<String CONTENT="the" HEIGHT="22" WIDTH="57" VPOS="1718" HPOS="754"/>
</TextLine>
<TextLine HEIGHT="41" WIDTH="673" VPOS="1749" HPOS="163">
<String CONTENT="Lynch" HEIGHT="30" WIDTH="101" VPOS="1760" HPOS="163"/>
<SP HEIGHT="24" WIDTH="21" VPOS="1759" HPOS="265"/>
<String CONTENT="law," HEIGHT="28" WIDTH="73" VPOS="1759" HPOS="287"/>
<SP HEIGHT="29" WIDTH="27" VPOS="1758" HPOS="361"/>
<String CONTENT="1780." HEIGHT="32" WIDTH="96" VPOS="1752" HPOS="389"/>
<SP HEIGHT="25" WIDTH="44" VPOS="1755" HPOS="486"/>
<String CONTENT="NM:" HEIGHT="24" WIDTH="54" VPOS="1754" HPOS="531"/>
<SP HEIGHT="18" WIDTH="25" VPOS="1759" HPOS="586"/>
<String CONTENT="revisions" HEIGHT="26" WIDTH="180" VPOS="1751" HPOS="612"/>
<SP HEIGHT="26" WIDTH="22" VPOS="1749" HPOS="793"/>
<String CONTENT="&amp;" HEIGHT="22" WIDTH="20" VPOS="1749" HPOS="816"/>
</TextLine>
<TextLine HEIGHT="37" WIDTH="703" VPOS="1782" HPOS="166" CS="1">
<String CONTENT="additions." HEIGHT="26" WIDTH="197" VPOS="1793" HPOS="166"/>
<SP HEIGHT="27" WIDTH="44" VPOS="1789" HPOS="364"/>
<String CS="1" CONTENT="&#169;"/>
<SP/>
<String CONTENT="Alfred" HEIGHT="25" WIDTH="122" VPOS="1788" HPOS="449"/>
<SP HEIGHT="24" WIDTH="19" VPOS="1788" HPOS="572"/>
<String CONTENT="Percy;" HEIGHT="27" WIDTH="114" VPOS="1788" HPOS="592"/>
<SP HEIGHT="30" WIDTH="26" VPOS="1784" HPOS="707"/>
<String CS="1" CONTENT="2Oct64;" HEIGHT="29" WIDTH="135" VPOS="1782" HPOS="734"/>
</TextLine>
<TextLine HEIGHT="34" WIDTH="158" VPOS="1823" HPOS="165">
<!-- cceid 27B95384-6CCB-1014-A5FE-CCE70832EF77 --><String CONTENT="A726552." HEIGHT="34" WIDTH="158" VPOS="1823" HPOS="165"/>
</TextLine>
<TextLine HEIGHT="30" WIDTH="360" VPOS="1890" HPOS="62">
<String CONTENT="PERCY," HEIGHT="30" WIDTH="115" VPOS="1890" HPOS="62"/>
<SP HEIGHT="30" WIDTH="25" VPOS="1890" HPOS="178"/>
<String CONTENT="THOMAS," HEIGHT="30" WIDTH="136" VPOS="1890" HPOS="204"/>
<SP HEIGHT="30" WIDTH="24" VPOS="1890" HPOS="341"/>
<String CONTENT="BP." HEIGHT="25" WIDTH="56" VPOS="1890" HPOS="366"/>
</TextLine>
<TextLine HEIGHT="29" WIDTH="587" VPOS="1924" HPOS="104">
<String CONTENT="Loose" HEIGHT="24" WIDTH="97" VPOS="1925" HPOS="104"/>
<SP HEIGHT="19" WIDTH="22" VPOS="1930" HPOS="202"/>
<String CONTENT="and" HEIGHT="25" WIDTH="59" VPOS="1924" HPOS="225"/>
<SP HEIGHT="25" WIDTH="19" VPOS="1924" HPOS="285"/>
<String CONTENT="humorous" HEIGHT="25" WIDTH="160" VPOS="1924" HPOS="305"/>
<SP HEIGHT="18" WIDTH="24" VPOS="1930" HPOS="466"/>
<String CONTENT="songs" HEIGHT="23" WIDTH="95" VPOS="1930" HPOS="491"/>
<SP HEIGHT="24" WIDTH="24" VPOS="1924" HPOS="587"/>
<String CONTENT="from" HEIGHT="24" WIDTH="79" VPOS="1924" HPOS="612"/>
</TextLine>
<TextLine HEIGHT="32" WIDTH="645" VPOS="1956" HPOS="142">
<String CONTENT="Bishop" HEIGHT="29" WIDTH="120" VPOS="1959" HPOS="142"/>
<SP HEIGHT="29" WIDTH="23" VPOS="1959" HPOS="263"/>
<String CONTENT="Percy's" HEIGHT="31" WIDTH="138" VPOS="1957" HPOS="287"/>
<SP HEIGHT="24" WIDTH="23" VPOS="1958" HPOS="426"/>
<String CONTENT="folio" HEIGHT="25" WIDTH="98" VPOS="1957" HPOS="450"/>
<SP HEIGHT="18" WIDTH="19" VPOS="1963" HPOS="549"/>
<String CONTENT="manuscript." HEIGHT="30" WIDTH="218" VPOS="1956" HPOS="569"/>
</TextLine>
<TextLine HEIGHT="31" WIDTH="664" VPOS="1991" HPOS="143">
<String CONTENT="Edited" HEIGHT="25" WIDTH="120" VPOS="1992" HPOS="143"/>
<SP HEIGHT="24" WIDTH="19" VPOS="1992" HPOS="264"/>
<String CONTENT="by" HEIGHT="30" WIDTH="41" VPOS="1992" HPOS="284"/>
<SP HEIGHT="29" WIDTH="20" VPOS="1993" HPOS="326"/>
<String CONTENT="Frederick" HEIGHT="26" WIDTH="182" VPOS="1991" HPOS="347"/>
<SP HEIGHT="25" WIDTH="19" VPOS="1991" HPOS="530"/>
<String CONTENT="J." HEIGHT="25" WIDTH="34" VPOS="1992" HPOS="550"/>
<SP HEIGHT="25" WIDTH="26" VPOS="1992" HPOS="585"/>
<String CONTENT="Furnivall." HEIGHT="25" WIDTH="195" VPOS="1991" HPOS="612"/>
</TextLine>
<TextLine HEIGHT="31" WIDTH="702" VPOS="2025" HPOS="145">
<String CONTENT="Introd." HEIGHT="26" WIDTH="133" VPOS="2026" HPOS="145"/>
<SP HEIGHT="25" WIDTH="25" VPOS="2027" HPOS="279"/>
<String CONTENT="by" HEIGHT="29" WIDTH="42" VPOS="2027" HPOS="305"/>
<SP HEIGHT="29" WIDTH="18" VPOS="2027" HPOS="348"/>
<String CONTENT="John" HEIGHT="25" WIDTH="82" VPOS="2026" HPOS="367"/>
<SP HEIGHT="25" WIDTH="19" VPOS="2026" HPOS="450"/>
<String CONTENT="Greenway." HEIGHT="29" WIDTH="175" VPOS="2026" HPOS="470"/>
<SP HEIGHT="25" WIDTH="45" VPOS="2026" HPOS="646"/>
<String CONTENT="Hatboro," HEIGHT="29" WIDTH="155" VPOS="2025" HPOS="692"/>
</TextLine>
<TextLine HEIGHT="32" WIDTH="664" VPOS="2059" HPOS="144" CS="1">
<String CONTENT="Pa.," HEIGHT="29" WIDTH="73" VPOS="2062" HPOS="144"/>
<SP HEIGHT="29" WIDTH="26" VPOS="2062" HPOS="218"/>
<String CONTENT="Folklore" HEIGHT="24" WIDTH="161" VPOS="2061" HPOS="245"/>
<SP HEIGHT="23" WIDTH="22" VPOS="2061" HPOS="407"/>
<String CONTENT="Associates." HEIGHT="26" WIDTH="215" VPOS="2059" HPOS="430"/>
<SP HEIGHT="26" WIDTH="46" VPOS="2059" HPOS="646"/>
<String CONTENT="127" HEIGHT="28" WIDTH="58" VPOS="2059" HPOS="693"/>
<SP HEIGHT="29" WIDTH="20" VPOS="2059" HPOS="752"/>
<String CONTENT="p." HEIGHT="23" WIDTH="35" VPOS="2065" HPOS="773"/>
</TextLine>
<TextLine HEIGHT="31" WIDTH="731" VPOS="2094" HPOS="144" CS="1">
<String CONTENT="This" HEIGHT="24" WIDTH="78" VPOS="2097" HPOS="144"/>
<SP HEIGHT="18" WIDTH="22" VPOS="2102" HPOS="223"/>
<String CONTENT="ed." HEIGHT="25" WIDTH="53" VPOS="2097" HPOS="246"/>
<SP HEIGHT="20" WIDTH="26" VPOS="2102" HPOS="300"/>
<String CONTENT="reprinted" HEIGHT="30" WIDTH="181" VPOS="2095" HPOS="327"/>
<SP HEIGHT="23" WIDTH="22" VPOS="2096" HPOS="509"/>
<String CS="1" CONTENT="in" HEIGHT="23" WIDTH="16" VPOS="2096" HPOS="532"/>
<SP HEIGHT="24" WIDTH="22" VPOS="2095" HPOS="570"/>
<String CONTENT="facsimile" HEIGHT="25" WIDTH="178" VPOS="2094" HPOS="593"/>
<SP HEIGHT="24" WIDTH="23" VPOS="2094" HPOS="772"/>
<String CONTENT="from" HEIGHT="24" WIDTH="79" VPOS="2094" HPOS="796"/>
</TextLine>
<TextLine HEIGHT="31" WIDTH="684" VPOS="2129" HPOS="144">
<String CONTENT="the" HEIGHT="24" WIDTH="57" VPOS="2131" HPOS="144"/>
<SP HEIGHT="18" WIDTH="24" VPOS="2137" HPOS="202"/>
<String CONTENT="original" HEIGHT="29" WIDTH="157" VPOS="2131" HPOS="227"/>
<SP HEIGHT="28" WIDTH="22" VPOS="2131" HPOS="385"/>
<String CONTENT="privately" HEIGHT="29" WIDTH="182" VPOS="2130" HPOS="408"/>
<SP HEIGHT="24" WIDTH="19" VPOS="2135" HPOS="591"/>
<String CONTENT="printed" HEIGHT="30" WIDTH="140" VPOS="2129" HPOS="611"/>
<SP HEIGHT="24" WIDTH="22" VPOS="2129" HPOS="752"/>
<String CONTENT="ed." HEIGHT="25" WIDTH="53" VPOS="2129" HPOS="775"/>
</TextLine>
<TextLine HEIGHT="69" WIDTH="690" VPOS="2160" HPOS="144" CS="1">
<String CONTENT="of" HEIGHT="24" WIDTH="38" VPOS="2165" HPOS="146"/>
<SP HEIGHT="24" WIDTH="20" VPOS="2165" HPOS="185"/>
<String CONTENT="1868." HEIGHT="31" WIDTH="94" VPOS="2160" HPOS="206"/>
<SP/>
<String CS="1" CONTENT="&#169;"/>
<SP/>
<String CONTENT="on" HEIGHT="18" WIDTH="39" VPOS="2170" HPOS="390"/>
<SP HEIGHT="24" WIDTH="20" VPOS="2164" HPOS="430"/>
<String CONTENT="introd.;" HEIGHT="30" WIDTH="154" VPOS="2163" HPOS="451"/>
<SP HEIGHT="29" WIDTH="25" VPOS="2164" HPOS="606"/>
<String CONTENT="John" HEIGHT="24" WIDTH="81" VPOS="2164" HPOS="632"/>
<SP HEIGHT="24" WIDTH="20" VPOS="2164" HPOS="714"/>
<String CONTENT="Greenway;" HEIGHT="65" WIDTH="690" VPOS="2164" HPOS="144"/>
<SP HEIGHT="30" WIDTH="26" VPOS="2199" HPOS="220"/>
<String CS="1" CONTENT="15Oct63;" HEIGHT="34" WIDTH="156" VPOS="2194" HPOS="247"/>
<SP HEIGHT="28" WIDTH="26" VPOS="2200" HPOS="404"/>
<!-- cceid 27B9B01B-6CCB-1014-A5FE-CCE70832EF77 --><String CONTENT="A724084." HEIGHT="34" WIDTH="154" VPOS="2193" HPOS="431"/>
</TextLine>
<TextLine HEIGHT="30" WIDTH="400" VPOS="2268" HPOS="71">
<String CONTENT="PERDIGUIER," HEIGHT="30" WIDTH="215" VPOS="2268" HPOS="71"/>
<SP HEIGHT="30" WIDTH="24" VPOS="2268" HPOS="287"/>
<String CONTENT="AGRICOL." HEIGHT="27" WIDTH="159" VPOS="2268" HPOS="312"/>
</TextLine>
<TextLine HEIGHT="30" WIDTH="689" VPOS="2303" HPOS="111" STYLEREFS="StyleId-33CB8660-291F-4D07-92AB-B54C9EBAC315-">
<String CONTENT="Memoires" HEIGHT="23" WIDTH="159" VPOS="2303" HPOS="111"/>
<SP HEIGHT="23" WIDTH="21" VPOS="2303" HPOS="271"/>
<String CONTENT="d'un" HEIGHT="24" WIDTH="81" VPOS="2303" HPOS="293"/>
<SP HEIGHT="18" WIDTH="21" VPOS="2309" HPOS="375"/>
<String CONTENT="compagnon." HEIGHT="25" WIDTH="195" VPOS="2308" HPOS="397"/>
<SP HEIGHT="27" WIDTH="44" VPOS="2303" HPOS="593"/>
<String CONTENT="Avec" HEIGHT="25" WIDTH="79" VPOS="2303" HPOS="638"/>
<SP HEIGHT="18" WIDTH="23" VPOS="2310" HPOS="718"/>
<String CONTENT="une" HEIGHT="19" WIDTH="58" VPOS="2309" HPOS="742"/>
</TextLine>
<TextLine HEIGHT="29" WIDTH="688" VPOS="2337" HPOS="151" STYLEREFS="StyleId-33CB8660-291F-4D07-92AB-B54C9EBAC315-">
<String CONTENT="nouvelle" HEIGHT="23" WIDTH="160" VPOS="2337" HPOS="151"/>
<SP HEIGHT="24" WIDTH="20" VPOS="2342" HPOS="312"/>
<String CONTENT="presentation" HEIGHT="29" WIDTH="243" VPOS="2337" HPOS="333"/>
<SP HEIGHT="18" WIDTH="22" VPOS="2343" HPOS="577"/>
<String LANG="de" CONTENT="et" HEIGHT="24" WIDTH="37" VPOS="2337" HPOS="600"/>
<SP HEIGHT="24" WIDTH="21" VPOS="2337" HPOS="638"/>
<String LANG="de" CONTENT="des" HEIGHT="23" WIDTH="57" VPOS="2338" HPOS="660"/>
<SP HEIGHT="18" WIDTH="22" VPOS="2343" HPOS="718"/>
<String CONTENT="notes" HEIGHT="23" WIDTH="98" VPOS="2338" HPOS="741"/>
</TextLine>
<TextLine HEIGHT="34" WIDTH="687" VPOS="2367" HPOS="152" STYLEREFS="StyleId-33CB8660-291F-4D07-92AB-B54C9EBAC315-">
<String LANG="de" CONTENT="de" HEIGHT="24" WIDTH="37" VPOS="2370" HPOS="152"/>
<SP HEIGHT="23" WIDTH="21" VPOS="2371" HPOS="190"/>
<String LANG="en-US" CONTENT="Jean" HEIGHT="23" WIDTH="80" VPOS="2371" HPOS="212"/>
<SP HEIGHT="22" WIDTH="19" VPOS="2372" HPOS="293"/>
<String LANG="en-US" CONTENT="Follain." HEIGHT="26" WIDTH="158" VPOS="2371" HPOS="313"/>
<SP HEIGHT="33" WIDTH="49" VPOS="2367" HPOS="472"/>
<String LANG="en-US" CONTENT="[Paris]" HEIGHT="34" WIDTH="131" VPOS="2367" HPOS="522"/>
<SP HEIGHT="33" WIDTH="25" VPOS="2368" HPOS="654"/>
<String LANG="de" CONTENT="Club" HEIGHT="24" WIDTH="78" VPOS="2372" HPOS="680"/>
<SP HEIGHT="23" WIDTH="22" VPOS="2372" HPOS="759"/>
<String LANG="de" CONTENT="des" HEIGHT="23" WIDTH="57" VPOS="2372" HPOS="782"/>
</TextLine>
<TextLine HEIGHT="34" WIDTH="562" VPOS="2401" HPOS="152" STYLEREFS="StyleId-33CB8660-291F-4D07-92AB-B54C9EBAC315-">
<String CONTENT="Libraires" HEIGHT="24" WIDTH="178" VPOS="2404" HPOS="152"/>
<SP HEIGHT="23" WIDTH="22" VPOS="2405" HPOS="331"/>
<String LANG="de" CONTENT="de" HEIGHT="23" WIDTH="39" VPOS="2405" HPOS="354"/>
<SP HEIGHT="23" WIDTH="21" VPOS="2406" HPOS="394"/>
<String CONTENT="France." HEIGHT="25" WIDTH="136" VPOS="2406" HPOS="416"/>
<SP HEIGHT="28" WIDTH="46" VPOS="2405" HPOS="553"/>
<String CONTENT="362" HEIGHT="32" WIDTH="57" VPOS="2401" HPOS="600"/>
<SP HEIGHT="30" WIDTH="21" VPOS="2405" HPOS="658"/>
<String CONTENT="p." HEIGHT="23" WIDTH="34" VPOS="2412" HPOS="680"/>
</TextLine>
<TextLine HEIGHT="31" WIDTH="583" VPOS="2438" HPOS="192" STYLEREFS="StyleId-33CB8660-291F-4D07-92AB-B54C9EBAC315-" CS="1">
<String LANG="en-US" CS="1" CONTENT="&#169;"/>
<SP/>
<String LANG="de" CONTENT="Club" HEIGHT="23" WIDTH="78" VPOS="2439" HPOS="192"/>
<SP HEIGHT="24" WIDTH="22" VPOS="2438" HPOS="271"/>
<String LANG="de" CONTENT="des" HEIGHT="24" WIDTH="57" VPOS="2438" HPOS="294"/>
<SP HEIGHT="23" WIDTH="22" VPOS="2440" HPOS="352"/>
<String LANG="en-US" CONTENT="Libraires" HEIGHT="24" WIDTH="180" VPOS="2439" HPOS="375"/>
<SP HEIGHT="24" WIDTH="22" VPOS="2439" HPOS="556"/>
<String LANG="de" CONTENT="de" HEIGHT="24" WIDTH="37" VPOS="2439" HPOS="579"/>
<SP HEIGHT="23" WIDTH="21" VPOS="2441" HPOS="617"/>
<String LANG="en-US" CONTENT="France;" HEIGHT="28" WIDTH="136" VPOS="2441" HPOS="639"/>
</TextLine>
<TextLine HEIGHT="33" WIDTH="377" VPOS="2468" HPOS="154" STYLEREFS="StyleId-33CB8660-291F-4D07-92AB-B54C9EBAC315-" CS="1">
<String CONTENT="15Jun64;" HEIGHT="33" WIDTH="153" VPOS="2468" HPOS="154"/>
<SP HEIGHT="29" WIDTH="23" VPOS="2472" HPOS="308"/>
<!-- cceid 27BA0F8A-6CCB-1014-A5FE-CCE70832EF77 --><String CS="1" CONTENT="AF0-42844." HEIGHT="30" WIDTH="114" VPOS="2468" HPOS="417"/>
</TextLine>
<TextLine HEIGHT="30" WIDTH="419" VPOS="2530" HPOS="82">
<String CONTENT="PERDUE-DAVIS," HEIGHT="30" WIDTH="257" VPOS="2530" HPOS="82"/>
<SP HEIGHT="29" WIDTH="24" VPOS="2531" HPOS="340"/>
<String CONTENT="VERNON." HEIGHT="26" WIDTH="136" VPOS="2530" HPOS="365"/>
</TextLine>
<TextLine HEIGHT="29" WIDTH="602" VPOS="2564" HPOS="123" CS="1">
<String CONTENT="The" HEIGHT="24" WIDTH="58" VPOS="2564" HPOS="123"/>
<SP HEIGHT="23" WIDTH="24" VPOS="2564" HPOS="182"/>
<String CONTENT="tones" HEIGHT="23" WIDTH="95" VPOS="2564" HPOS="207"/>
<SP HEIGHT="17" WIDTH="24" VPOS="2570" HPOS="303"/>
<String CONTENT="of" HEIGHT="23" WIDTH="37" VPOS="2564" HPOS="328"/>
<SP HEIGHT="28" WIDTH="20" VPOS="2564" HPOS="366"/>
<String CONTENT="plainsong." HEIGHT="29" WIDTH="195" VPOS="2564" HPOS="387"/>
<SP HEIGHT="25" WIDTH="47" VPOS="2564" HPOS="583"/>
<String CONTENT="Pt.2." HEIGHT="26" WIDTH="94" VPOS="2564" HPOS="631"/>
</TextLine>
<TextLine HEIGHT="33" WIDTH="603" VPOS="2594" HPOS="163">
<String CONTENT="Boston" HEIGHT="22" WIDTH="121" VPOS="2599" HPOS="163"/>
<SP HEIGHT="32" WIDTH="25" VPOS="2594" HPOS="285"/>
<String CONTENT="[appl." HEIGHT="32" WIDTH="110" VPOS="2594" HPOS="311"/>
<SP HEIGHT="19" WIDTH="28" VPOS="2604" HPOS="422"/>
<String CONTENT="states:" HEIGHT="23" WIDTH="130" VPOS="2598" HPOS="451"/>
<SP HEIGHT="23" WIDTH="26" VPOS="2598" HPOS="582"/>
<String CONTENT="England]" HEIGHT="33" WIDTH="157" VPOS="2594" HPOS="609"/>
</TextLine>
<TextLine HEIGHT="29" WIDTH="664" VPOS="2632" HPOS="166">
<String LANG="en-US" CONTENT="sole" HEIGHT="23" WIDTH="75" VPOS="2632" HPOS="166"/>
<SP HEIGHT="18" WIDTH="23" VPOS="2637" HPOS="242"/>
<String LANG="en-US" CONTENT="agents:" HEIGHT="29" WIDTH="133" VPOS="2632" HPOS="266"/>
<SP HEIGHT="23" WIDTH="26" VPOS="2632" HPOS="400"/>
<String LANG="en-US" CONTENT="E." HEIGHT="25" WIDTH="34" VPOS="2632" HPOS="427"/>
<SP HEIGHT="25" WIDTH="26" VPOS="2632" HPOS="462"/>
<String LANG="en-US" CONTENT="C." HEIGHT="25" WIDTH="32" VPOS="2632" HPOS="489"/>
<SP HEIGHT="25" WIDTH="27" VPOS="2632" HPOS="522"/>
<String LANG="de" CONTENT="Schirmer" HEIGHT="23" WIDTH="160" VPOS="2632" HPOS="550"/>
<SP HEIGHT="23" WIDTH="19" VPOS="2632" HPOS="711"/>
<String LANG="en-US" CONTENT="Music" HEIGHT="23" WIDTH="99" VPOS="2632" HPOS="731"/>
</TextLine>
<TextLine HEIGHT="35" WIDTH="626" VPOS="2661" HPOS="164">
<String CONTENT="Co." HEIGHT="25" WIDTH="53" VPOS="2666" HPOS="164"/>
<SP HEIGHT="26" WIDTH="47" VPOS="2665" HPOS="218"/>
<String CONTENT="22" HEIGHT="24" WIDTH="37" VPOS="2665" HPOS="266"/>
<SP HEIGHT="29" WIDTH="20" VPOS="2666" HPOS="304"/>
<String CONTENT="p." HEIGHT="24" WIDTH="34" VPOS="2671" HPOS="325"/>
<SP HEIGHT="35" WIDTH="51" VPOS="2661" HPOS="360"/>
<String CONTENT="(The" HEIGHT="35" WIDTH="74" VPOS="2661" HPOS="412"/>
<SP HEIGHT="23" WIDTH="19" VPOS="2667" HPOS="487"/>
<String CONTENT="Virginia" HEIGHT="29" WIDTH="162" VPOS="2666" HPOS="507"/>
<SP HEIGHT="19" WIDTH="21" VPOS="2671" HPOS="670"/>
<String CONTENT="music" HEIGHT="24" WIDTH="98" VPOS="2666" HPOS="692"/>
</TextLine>
<TextLine HEIGHT="66" WIDTH="627" VPOS="2696" HPOS="163" CS="1">
<String CONTENT="series," HEIGHT="29" WIDTH="132" VPOS="2700" HPOS="166"/>
<SP HEIGHT="22" WIDTH="25" VPOS="2707" HPOS="299"/>
<String CONTENT="no." HEIGHT="18" WIDTH="54" VPOS="2707" HPOS="325"/>
<SP HEIGHT="25" WIDTH="9" VPOS="2700" HPOS="380"/>
<String CONTENT="19)" HEIGHT="32" WIDTH="54" VPOS="2696" HPOS="390"/>
<SP HEIGHT="32" WIDTH="42" VPOS="2696" HPOS="445"/>
<String CS="1" CONTENT="&#169;"/>
<SP/>
<String CONTENT="Vernon" HEIGHT="23" WIDTH="120" VPOS="2701" HPOS="528"/>
<SP HEIGHT="23" WIDTH="22" VPOS="2701" HPOS="649"/>
<String CS="1" CONTENT="Perdue-Davis;" HEIGHT="61" WIDTH="627" VPOS="2701" HPOS="163"/>
</TextLine>
<TextLine HEIGHT="32" WIDTH="335" VPOS="2731" HPOS="307" CS="1">
<String CS="1" CONTENT="10Jul64;" HEIGHT="32" WIDTH="153" VPOS="2731" HPOS="307"/>
<SP HEIGHT="28" WIDTH="27" VPOS="2735" HPOS="461"/>
<!-- cceid 27BA720A-6CCB-1014-A5FE-CCE70832EF77 --><String CONTENT="AI-9177." HEIGHT="29" WIDTH="153" VPOS="2734" HPOS="489"/>
</TextLine>
<TextLine HEIGHT="30" WIDTH="234" VPOS="2774" HPOS="87">
<String CONTENT="PERETZ," HEIGHT="30" WIDTH="135" VPOS="2774" HPOS="87"/>
<SP HEIGHT="30" WIDTH="25" VPOS="2774" HPOS="223"/>
<String CONTENT="DON." HEIGHT="25" WIDTH="72" VPOS="2774" HPOS="249"/>
</TextLine>
<TextLine HEIGHT="29" WIDTH="722" VPOS="2808" HPOS="128">
<String CONTENT="The" HEIGHT="23" WIDTH="58" VPOS="2809" HPOS="128"/>
<SP HEIGHT="23" WIDTH="21" VPOS="2810" HPOS="187"/>
<String CONTENT="Middle" HEIGHT="25" WIDTH="118" VPOS="2808" HPOS="209"/>
<SP HEIGHT="23" WIDTH="21" VPOS="2809" HPOS="328"/>
<String CONTENT="East." HEIGHT="24" WIDTH="95" VPOS="2809" HPOS="350"/>
<SP HEIGHT="24" WIDTH="47" VPOS="2809" HPOS="446"/>
<String CONTENT="See" HEIGHT="23" WIDTH="56" VPOS="2809" HPOS="494"/>
<SP HEIGHT="24" WIDTH="23" VPOS="2809" HPOS="551"/>
<String CONTENT="JAECKEL," HEIGHT="28" WIDTH="154" VPOS="2809" HPOS="575"/>
<SP HEIGHT="28" WIDTH="25" VPOS="2809" HPOS="730"/>
<String CONTENT="HUGO." HEIGHT="24" WIDTH="94" VPOS="2809" HPOS="756"/>
</TextLine>
<TextLine HEIGHT="31" WIDTH="316" VPOS="2846" HPOS="80">
<String CONTENT="PEREZ," HEIGHT="31" WIDTH="114" VPOS="2846" HPOS="80"/>
<SP HEIGHT="30" WIDTH="25" VPOS="2847" HPOS="195"/>
<String CONTENT="EDWARD" HEIGHT="24" WIDTH="120" VPOS="2846" HPOS="221"/>
<SP HEIGHT="23" WIDTH="20" VPOS="2848" HPOS="342"/>
<String CONTENT="L." HEIGHT="24" WIDTH="33" VPOS="2848" HPOS="363"/>
</TextLine>
<TextLine HEIGHT="31" WIDTH="579" VPOS="2882" HPOS="121">
<String CONTENT="Paul" HEIGHT="23" WIDTH="77" VPOS="2882" HPOS="121"/>
<SP HEIGHT="23" WIDTH="20" VPOS="2882" HPOS="199"/>
<String CONTENT="VI." HEIGHT="22" WIDTH="54" VPOS="2883" HPOS="220"/>
<SP HEIGHT="22" WIDTH="46" VPOS="2883" HPOS="275"/>
<String CONTENT="See" HEIGHT="22" WIDTH="57" VPOS="2883" HPOS="322"/>
<SP HEIGHT="23" WIDTH="23" VPOS="2883" HPOS="380"/>
<String CONTENT="GONZALEZ," HEIGHT="30" WIDTH="175" VPOS="2883" HPOS="404"/>
<SP HEIGHT="29" WIDTH="26" VPOS="2884" HPOS="580"/>
<String CONTENT="J." HEIGHT="23" WIDTH="32" VPOS="2884" HPOS="607"/>
<SP HEIGHT="24" WIDTH="27" VPOS="2883" HPOS="640"/>
<String CONTENT="L." HEIGHT="23" WIDTH="32" VPOS="2883" HPOS="668"/>
</TextLine>
<TextLine HEIGHT="32" WIDTH="419" VPOS="2951" HPOS="83">
<String CONTENT="PEREZ" HEIGHT="24" WIDTH="98" VPOS="2951" HPOS="83"/>
<SP HEIGHT="24" WIDTH="22" VPOS="2952" HPOS="182"/>
<String CONTENT="GALDOS," HEIGHT="30" WIDTH="133" VPOS="2953" HPOS="205"/>
<SP HEIGHT="29" WIDTH="25" VPOS="2954" HPOS="339"/>
<String CONTENT="BENITO." HEIGHT="27" WIDTH="137" VPOS="2954" HPOS="365"/>
</TextLine>
<TextLine HEIGHT="33" WIDTH="763" VPOS="2986" HPOS="123">
<String CONTENT="La" HEIGHT="23" WIDTH="40" VPOS="2986" HPOS="123"/>
<SP HEIGHT="18" WIDTH="21" VPOS="2991" HPOS="164"/>
<String CONTENT="sombra." HEIGHT="25" WIDTH="134" VPOS="2987" HPOS="186"/>
<SP HEIGHT="24" WIDTH="43" VPOS="2988" HPOS="321"/>
<String CONTENT="Edited" HEIGHT="24" WIDTH="121" VPOS="2988" HPOS="365"/>
<SP HEIGHT="24" WIDTH="21" VPOS="2988" HPOS="487"/>
<String CONTENT="by" HEIGHT="30" WIDTH="39" VPOS="2989" HPOS="509"/>
<SP HEIGHT="30" WIDTH="17" VPOS="2989" HPOS="549"/>
<String CONTENT="Rodolfo" HEIGHT="25" WIDTH="142" VPOS="2989" HPOS="567"/>
<SP HEIGHT="23" WIDTH="21" VPOS="2991" HPOS="710"/>
<String CONTENT="Cardona." HEIGHT="25" WIDTH="154" VPOS="2991" HPOS="732"/>
</TextLine>
<TextLine HEIGHT="34" WIDTH="641" VPOS="3020" HPOS="166">
<String CONTENT="1st" HEIGHT="24" WIDTH="56" VPOS="3020" HPOS="166"/>
<SP HEIGHT="24" WIDTH="23" VPOS="3021" HPOS="223"/>
<String CONTENT="ed." HEIGHT="26" WIDTH="53" VPOS="3021" HPOS="247"/>
<SP HEIGHT="24" WIDTH="44" VPOS="3023" HPOS="301"/>
<String CONTENT="New" HEIGHT="24" WIDTH="61" VPOS="3023" HPOS="346"/>
<SP HEIGHT="24" WIDTH="18" VPOS="3024" HPOS="408"/>
<String CONTENT="York," HEIGHT="30" WIDTH="96" VPOS="3024" HPOS="427"/>
<SP HEIGHT="29" WIDTH="23" VPOS="3025" HPOS="524"/>
<String CONTENT="W." HEIGHT="26" WIDTH="36" VPOS="3025" HPOS="548"/>
<SP HEIGHT="25" WIDTH="23" VPOS="3026" HPOS="585"/>
<String CONTENT="W." HEIGHT="26" WIDTH="36" VPOS="3026" HPOS="609"/>
<SP HEIGHT="25" WIDTH="23" VPOS="3027" HPOS="646"/>
<String CONTENT="Norton." HEIGHT="26" WIDTH="137" VPOS="3027" HPOS="670"/>
</TextLine>
<TextLine HEIGHT="70" WIDTH="708" VPOS="3050" HPOS="164" CS="1">
<String CONTENT="147" HEIGHT="33" WIDTH="57" VPOS="3050" HPOS="167"/>
<SP HEIGHT="29" WIDTH="20" VPOS="3056" HPOS="225"/>
<String CONTENT="p." HEIGHT="24" WIDTH="34" VPOS="3061" HPOS="246"/>
<SP HEIGHT="24" WIDTH="43" VPOS="3057" HPOS="281"/>
<String CS="1" CONTENT="&#169;"/>
<SP/>
<String CONTENT="on" HEIGHT="19" WIDTH="39" VPOS="3062" HPOS="368"/>
<SP HEIGHT="25" WIDTH="19" VPOS="3063" HPOS="408"/>
<String CONTENT="pref.," HEIGHT="29" WIDTH="115" VPOS="3059" HPOS="428"/>
<SP HEIGHT="28" WIDTH="27" VPOS="3060" HPOS="544"/>
<String CONTENT="introd.," HEIGHT="30" WIDTH="153" VPOS="3060" HPOS="572"/>
<SP HEIGHT="28" WIDTH="26" VPOS="3062" HPOS="726"/>
<String CONTENT="bibliography," HEIGHT="58" WIDTH="708" VPOS="3062" HPOS="164"/>
</TextLine>
<TextLine HEIGHT="67" WIDTH="686" VPOS="3092" HPOS="164" CS="1">
<String CONTENT="chronological" HEIGHT="31" WIDTH="260" VPOS="3092" HPOS="327"/>
<SP HEIGHT="24" WIDTH="22" VPOS="3094" HPOS="588"/>
<String CONTENT="list" HEIGHT="23" WIDTH="77" VPOS="3095" HPOS="611"/>
<SP HEIGHT="22" WIDTH="21" VPOS="3096" HPOS="689"/>
<String CONTENT="&amp;" HEIGHT="22" WIDTH="20" VPOS="3096" HPOS="711"/>
<SP HEIGHT="23" WIDTH="19" VPOS="3096" HPOS="732"/>
<String CONTENT="vocabulary;" HEIGHT="57" WIDTH="686" VPOS="3097" HPOS="164"/>
<SP HEIGHT="28" WIDTH="23" VPOS="3125" HPOS="280"/>
<String CONTENT="W." HEIGHT="25" WIDTH="36" VPOS="3125" HPOS="304"/>
<SP HEIGHT="25" WIDTH="23" VPOS="3125" HPOS="341"/>
<String CONTENT="W." HEIGHT="26" WIDTH="37" VPOS="3125" HPOS="365"/>
<SP HEIGHT="24" WIDTH="23" VPOS="3127" HPOS="403"/>
<String CONTENT="Norton" HEIGHT="24" WIDTH="120" VPOS="3127" HPOS="427"/>
<SP HEIGHT="24" WIDTH="20" VPOS="3128" HPOS="548"/>
<String CONTENT="&amp;" HEIGHT="24" WIDTH="20" VPOS="3128" HPOS="569"/>
<SP HEIGHT="24" WIDTH="20" VPOS="3128" HPOS="590"/>
<String CONTENT="Co.," HEIGHT="30" WIDTH="73" VPOS="3128" HPOS="611"/>
<SP HEIGHT="29" WIDTH="27" VPOS="3129" HPOS="685"/>
<String CONTENT="Inc.;" HEIGHT="30" WIDTH="93" VPOS="3129" HPOS="713"/>
</TextLine>
<TextLine HEIGHT="35" WIDTH="215" VPOS="3154" HPOS="267" CS="1">
<String CS="1" CONTENT="1Jul64;" HEIGHT="33" WIDTH="32" VPOS="3154" HPOS="267"/>
<SP HEIGHT="28" WIDTH="23" VPOS="3159" HPOS="300"/>
<!-- cceid 27BB9BE0-6CCB-1014-A5FE-CCE70832EF77 --><String CONTENT="A706455." HEIGHT="34" WIDTH="158" VPOS="3155" HPOS="324"/>
</TextLine>
<TextLine HEIGHT="32" WIDTH="398" VPOS="3200" HPOS="77">
<String CONTENT="PEREZ" HEIGHT="23" WIDTH="98" VPOS="3200" HPOS="77"/>
<SP HEIGHT="24" WIDTH="19" VPOS="3200" HPOS="176"/>
<String CONTENT="Y" HEIGHT="23" WIDTH="20" VPOS="3201" HPOS="196"/>
<SP HEIGHT="23" WIDTH="19" VPOS="3201" HPOS="217"/>
<String CONTENT="JORBA," HEIGHT="31" WIDTH="114" VPOS="3201" HPOS="237"/>
<SP HEIGHT="29" WIDTH="27" VPOS="3203" HPOS="352"/>
<String CONTENT="JEAN." HEIGHT="25" WIDTH="95" VPOS="3203" HPOS="380"/>
</TextLine>
<TextLine HEIGHT="33" WIDTH="706" VPOS="3233" HPOS="119" CS="1">
<String LANG="en-US" CS="1" CONTENT="Il" HEIGHT="23" WIDTH="15" VPOS="3233" HPOS="119"/>
<SP/>
<String LANG="en-US" CONTENT="n'y" HEIGHT="28" WIDTH="59" VPOS="3235" HPOS="178"/>
<SP HEIGHT="23" WIDTH="20" VPOS="3240" HPOS="238"/>
<String LANG="en-US" CS="1" CONTENT="s"/>
<SP HEIGHT="23" WIDTH="24" VPOS="3241" HPOS="275"/>
<String LANG="en-US" CONTENT="pas" HEIGHT="23" WIDTH="55" VPOS="3241" HPOS="300"/>
<SP HEIGHT="23" WIDTH="23" VPOS="3236" HPOS="356"/>
<String LANG="de" CONTENT="de" HEIGHT="23" WIDTH="36" VPOS="3236" HPOS="380"/>
<SP HEIGHT="27" WIDTH="25" VPOS="3238" HPOS="417"/>
<String LANG="en-US" CONTENT="justice," HEIGHT="29" WIDTH="153" VPOS="3237" HPOS="443"/>
<SP HEIGHT="22" WIDTH="26" VPOS="3244" HPOS="597"/>
<String LANG="en-US" CONTENT="par" HEIGHT="23" WIDTH="61" VPOS="3243" HPOS="624"/>
<SP HEIGHT="23" WIDTH="18" VPOS="3237" HPOS="686"/>
<String LANG="de" CONTENT="Julien" HEIGHT="25" WIDTH="120" VPOS="3237" HPOS="705"/>
</TextLine>
<TextLine HEIGHT="32" WIDTH="724" VPOS="3268" HPOS="157" CS="1">
<String CONTENT="Clay," HEIGHT="29" WIDTH="94" VPOS="3268" HPOS="157"/>
<SP HEIGHT="22" WIDTH="26" VPOS="3275" HPOS="252"/>
<String CONTENT="pseud." HEIGHT="27" WIDTH="115" VPOS="3270" HPOS="279"/>
<SP HEIGHT="24" WIDTH="47" VPOS="3270" HPOS="395"/>
<String CONTENT="Paris," HEIGHT="30" WIDTH="112" VPOS="3270" HPOS="443"/>
<SP HEIGHT="29" WIDTH="27" VPOS="3271" HPOS="556"/>
<String CONTENT="Fayard." HEIGHT="29" WIDTH="135" VPOS="3271" HPOS="584"/>
<SP HEIGHT="24" WIDTH="46" VPOS="3272" HPOS="720"/>
<String CONTENT="217" HEIGHT="27" WIDTH="57" VPOS="3272" HPOS="767"/>
<SP HEIGHT="27" WIDTH="23" VPOS="3273" HPOS="825"/>
<String CS="1" CONTENT="p." HEIGHT="8" WIDTH="8" VPOS="3289" HPOS="873"/>
</TextLine>
<TextLine HEIGHT="38" WIDTH="556" VPOS="3295" HPOS="163" CS="1">
<String LANG="en-US" CONTENT="(L'Aventure" HEIGHT="30" WIDTH="212" VPOS="3296" HPOS="163"/>
<SP HEIGHT="18" WIDTH="25" VPOS="3309" HPOS="376"/>
<String LANG="de" CONTENT="criminelle," HEIGHT="29" WIDTH="214" VPOS="3304" HPOS="402"/>
<SP HEIGHT="28" WIDTH="28" VPOS="3305" HPOS="617"/>
<String LANG="en-US" CS="1" CONTENT="171)" HEIGHT="37" WIDTH="73" VPOS="3295" HPOS="646"/>
</TextLine>
<TextLine HEIGHT="74" WIDTH="665" VPOS="3326" HPOS="158" CS="1">
<String CONTENT="(Collection" HEIGHT="38" WIDTH="215" VPOS="3326" HPOS="163"/>
<SP HEIGHT="23" WIDTH="22" VPOS="3338" HPOS="379"/>
<String CONTENT="Pierre" HEIGHT="23" WIDTH="115" VPOS="3338" HPOS="402"/>
<SP HEIGHT="23" WIDTH="24" VPOS="3338" HPOS="518"/>
<String LANG="de" CONTENT="Nord)" HEIGHT="34" WIDTH="94" VPOS="3333" HPOS="543"/>
<SP HEIGHT="34" WIDTH="45" VPOS="3333" HPOS="638"/>
<String CS="1" CONTENT="&#169;"/>
<SP/>
<String CS="1" CONTENT="Librairie" HEIGHT="55" WIDTH="665" VPOS="3338" HPOS="158"/>
<SP HEIGHT="24" WIDTH="23" VPOS="3369" HPOS="214"/>
<String CONTENT="Artheme" HEIGHT="25" WIDTH="137" VPOS="3369" HPOS="238"/>
<SP HEIGHT="23" WIDTH="24" VPOS="3371" HPOS="376"/>
<String CONTENT="Fayard;" HEIGHT="29" WIDTH="133" VPOS="3371" HPOS="401"/>
<SP HEIGHT="28" WIDTH="28" VPOS="3372" HPOS="535"/>
<String CONTENT="30Mar64;" HEIGHT="32" WIDTH="153" VPOS="3368" HPOS="564"/>
</TextLine>
<TextLine HEIGHT="34" WIDTH="112" VPOS="3400" HPOS="240" CS="1">
<!-- cceid 27BBFEC3-6CCB-1014-A5FE-CCE70832EF77 --><String CS="1" CONTENT="AF0-42445." HEIGHT="34" WIDTH="112" VPOS="3400" HPOS="240"/>
</TextLine>
</TextBlock>
<TextBlock ID="Page1925_Block3" HEIGHT="3288" WIDTH="808" VPOS="226" HPOS="944" LANG="en-US" CS="1" STYLEREFS="StyleId-9D44AE26-C8D9-480D-8D1F-3BF161772F7C-">
<TextLine HEIGHT="26" WIDTH="439" VPOS="249" HPOS="957">
<String CONTENT="PERFECTING" HEIGHT="24" WIDTH="200" VPOS="251" HPOS="957"/>
<SP HEIGHT="23" WIDTH="22" VPOS="251" HPOS="1158"/>
<String CONTENT="SERVICE" HEIGHT="23" WIDTH="139" VPOS="250" HPOS="1181"/>
<SP HEIGHT="23" WIDTH="21" VPOS="249" HPOS="1321"/>
<String CONTENT="CO." HEIGHT="25" WIDTH="53" VPOS="249" HPOS="1343"/>
</TextLine>
<TextLine HEIGHT="34" WIDTH="713" VPOS="280" HPOS="995">
<String CONTENT="The" HEIGHT="24" WIDTH="58" VPOS="286" HPOS="995"/>
<SP HEIGHT="17" WIDTH="24" VPOS="292" HPOS="1054"/>
<String CONTENT="all" HEIGHT="24" WIDTH="57" VPOS="285" HPOS="1079"/>
<SP HEIGHT="29" WIDTH="23" VPOS="285" HPOS="1137"/>
<String CONTENT="purpose" HEIGHT="25" WIDTH="137" VPOS="289" HPOS="1161"/>
<SP HEIGHT="23" WIDTH="22" VPOS="284" HPOS="1299"/>
<String CONTENT="ball" HEIGHT="24" WIDTH="78" VPOS="283" HPOS="1322"/>
<SP HEIGHT="23" WIDTH="22" VPOS="283" HPOS="1401"/>
<String CONTENT="bearing" HEIGHT="28" WIDTH="142" VPOS="282" HPOS="1424"/>
<SP HEIGHT="30" WIDTH="19" VPOS="280" HPOS="1567"/>
<String CONTENT="Rotary" HEIGHT="28" WIDTH="121" VPOS="280" HPOS="1587"/>
</TextLine>
<TextLine HEIGHT="39" WIDTH="646" VPOS="308" HPOS="1037" CS="1">
<String CONTENT="Union." HEIGHT="24" WIDTH="115" VPOS="320" HPOS="1037"/>
<SP HEIGHT="25" WIDTH="47" VPOS="319" HPOS="1153"/>
<String CONTENT="19" HEIGHT="27" WIDTH="38" VPOS="319" HPOS="1201"/>
<SP HEIGHT="28" WIDTH="21" VPOS="319" HPOS="1240"/>
<String CONTENT="p." HEIGHT="23" WIDTH="33" VPOS="324" HPOS="1262"/>
<SP HEIGHT="34" WIDTH="52" VPOS="311" HPOS="1296"/>
<String CONTENT="(Bulletin" HEIGHT="34" WIDTH="175" VPOS="311" HPOS="1349"/>
<SP HEIGHT="18" WIDTH="21" VPOS="321" HPOS="1525"/>
<String CONTENT="no.700)" HEIGHT="34" WIDTH="136" VPOS="308" HPOS="1547"/>
</TextLine>
<TextLine HEIGHT="28" WIDTH="569" VPOS="349" HPOS="1038" CS="1">
<String CONTENT="NM:" HEIGHT="23" WIDTH="51" VPOS="353" HPOS="1038"/>
<SP HEIGHT="18" WIDTH="30" VPOS="358" HPOS="1090"/>
<String CONTENT="revisions." HEIGHT="24" WIDTH="195" VPOS="352" HPOS="1121"/>
<SP HEIGHT="25" WIDTH="44" VPOS="351" HPOS="1317"/>
<String CS="1" CONTENT="&#169;"/>
<SP/>
<String CONTENT="Perfecting" HEIGHT="28" WIDTH="201" VPOS="349" HPOS="1406"/>
</TextLine>
<TextLine HEIGHT="35" WIDTH="583" VPOS="379" HPOS="1038" CS="1">
<String CONTENT="Service" HEIGHT="25" WIDTH="138" VPOS="386" HPOS="1038"/>
<SP HEIGHT="24" WIDTH="24" VPOS="385" HPOS="1177"/>
<String CONTENT="Co.;" HEIGHT="29" WIDTH="72" VPOS="385" HPOS="1202"/>
<SP HEIGHT="30" WIDTH="28" VPOS="384" HPOS="1275"/>
<String CS="1" CONTENT="1Jun64;" HEIGHT="33" WIDTH="53" VPOS="379" HPOS="1384"/>
<SP HEIGHT="30" WIDTH="28" VPOS="382" HPOS="1438"/>
<!-- cceid 27BC627F-6CCB-1014-A5FE-CCE70832EF77 --><String CONTENT="A711771." HEIGHT="28" WIDTH="154" VPOS="382" HPOS="1467"/>
</TextLine>
<TextLine HEIGHT="25" WIDTH="276" VPOS="447" HPOS="951">
<String CONTENT="PERFECTONE" HEIGHT="24" WIDTH="199" VPOS="447" HPOS="951"/>
<SP HEIGHT="23" WIDTH="22" VPOS="448" HPOS="1151"/>
<String CONTENT="CO." HEIGHT="24" WIDTH="53" VPOS="448" HPOS="1174"/>
</TextLine>
<TextLine HEIGHT="30" WIDTH="647" VPOS="480" HPOS="992" CS="1">
<String CONTENT="Pliable" HEIGHT="23" WIDTH="136" VPOS="481" HPOS="992"/>
<SP HEIGHT="24" WIDTH="23" VPOS="486" HPOS="1129"/>
<String CONTENT="plastic" HEIGHT="30" WIDTH="139" VPOS="480" HPOS="1153"/>
<SP HEIGHT="17" WIDTH="22" VPOS="486" HPOS="1293"/>
<String CONTENT="molds;" HEIGHT="29" WIDTH="115" VPOS="480" HPOS="1316"/>
<SP HEIGHT="29" WIDTH="27" VPOS="480" HPOS="1432"/>
<String CONTENT="technique" HEIGHT="29" WIDTH="179" VPOS="480" HPOS="1460"/>
</TextLine>
<TextLine HEIGHT="30" WIDTH="711" VPOS="514" HPOS="1030">
<String CONTENT="manual" HEIGHT="22" WIDTH="119" VPOS="516" HPOS="1030"/>
<SP HEIGHT="23" WIDTH="25" VPOS="515" HPOS="1150"/>
<String CONTENT="for" HEIGHT="23" WIDTH="56" VPOS="515" HPOS="1176"/>
<SP HEIGHT="23" WIDTH="23" VPOS="515" HPOS="1233"/>
<String CONTENT="the" HEIGHT="24" WIDTH="56" VPOS="514" HPOS="1257"/>
<SP HEIGHT="17" WIDTH="22" VPOS="520" HPOS="1314"/>
<String CONTENT="use" HEIGHT="18" WIDTH="57" VPOS="520" HPOS="1337"/>
<SP HEIGHT="18" WIDTH="23" VPOS="520" HPOS="1395"/>
<String CONTENT="of" HEIGHT="23" WIDTH="39" VPOS="515" HPOS="1419"/>
<SP HEIGHT="29" WIDTH="19" VPOS="515" HPOS="1459"/>
<String CONTENT="prefabricated" HEIGHT="29" WIDTH="262" VPOS="515" HPOS="1479"/>
</TextLine>
<TextLine HEIGHT="29" WIDTH="644" VPOS="549" HPOS="1031" CS="1">
<String CONTENT="wax" HEIGHT="18" WIDTH="58" VPOS="554" HPOS="1031"/>
<SP HEIGHT="24" WIDTH="21" VPOS="554" HPOS="1090"/>
<String CONTENT="pontics." HEIGHT="29" WIDTH="155" VPOS="549" HPOS="1112"/>
<SP HEIGHT="17" WIDTH="27" VPOS="555" HPOS="1268"/>
<String CONTENT="veneers" HEIGHT="18" WIDTH="139" VPOS="554" HPOS="1296"/>
<SP HEIGHT="18" WIDTH="22" VPOS="553" HPOS="1436"/>
<String CONTENT="and" HEIGHT="23" WIDTH="58" VPOS="549" HPOS="1459"/>
<SP HEIGHT="23" WIDTH="23" VPOS="549" HPOS="1518"/>
<String CONTENT="crowns," HEIGHT="21" WIDTH="133" VPOS="554" HPOS="1542"/>
</TextLine>
<TextLine HEIGHT="30" WIDTH="600" VPOS="581" HPOS="1034">
<String CONTENT="1" HEIGHT="23" WIDTH="14" VPOS="582" HPOS="1034"/>
<SP HEIGHT="23" WIDTH="20" VPOS="582" HPOS="1049"/>
<String CONTENT="v." HEIGHT="19" WIDTH="34" VPOS="588" HPOS="1070"/>
<SP HEIGHT="26" WIDTH="45" VPOS="581" HPOS="1105"/>
<String CONTENT="Appl." HEIGHT="30" WIDTH="96" VPOS="581" HPOS="1151"/>
<SP HEIGHT="20" WIDTH="26" VPOS="586" HPOS="1248"/>
<String CONTENT="author:" HEIGHT="25" WIDTH="135" VPOS="581" HPOS="1275"/>
<SP HEIGHT="24" WIDTH="26" VPOS="582" HPOS="1411"/>
<String CONTENT="Max" HEIGHT="23" WIDTH="60" VPOS="582" HPOS="1438"/>
<SP HEIGHT="23" WIDTH="19" VPOS="583" HPOS="1499"/>
<String CONTENT="Kurtz." HEIGHT="25" WIDTH="115" VPOS="582" HPOS="1519"/>
</TextLine>
<TextLine HEIGHT="34" WIDTH="664" VPOS="612" HPOS="1072" CS="1">
<String CS="1" CONTENT="&#169;"/>
<SP/>
<String CONTENT="Perfectone" HEIGHT="25" WIDTH="200" VPOS="616" HPOS="1072"/>
<SP HEIGHT="24" WIDTH="22" VPOS="616" HPOS="1273"/>
<String CONTENT="Co.;" HEIGHT="30" WIDTH="74" VPOS="616" HPOS="1296"/>
<SP HEIGHT="30" WIDTH="26" VPOS="616" HPOS="1371"/>
<String CONTENT="26Jun64;" HEIGHT="34" WIDTH="155" VPOS="612" HPOS="1398"/>
<SP HEIGHT="30" WIDTH="25" VPOS="616" HPOS="1554"/>
<!-- cceid 27BCC250-6CCB-1014-A5FE-CCE70832EF77 --><String CONTENT="A704789." HEIGHT="34" WIDTH="156" VPOS="612" HPOS="1580"/>
</TextLine>
<TextLine HEIGHT="29" WIDTH="398" VPOS="689" HPOS="968">
<String CONTENT="PERGAMON" HEIGHT="24" WIDTH="160" VPOS="689" HPOS="968"/>
<SP HEIGHT="23" WIDTH="20" VPOS="689" HPOS="1129"/>
<String CONTENT="PRESS," HEIGHT="29" WIDTH="115" VPOS="689" HPOS="1150"/>
<SP HEIGHT="29" WIDTH="26" VPOS="689" HPOS="1266"/>
<String CONTENT="INC." HEIGHT="25" WIDTH="73" VPOS="689" HPOS="1293"/>
</TextLine>
<TextLine HEIGHT="29" WIDTH="644" VPOS="722" HPOS="1010">
<String CONTENT="Analysis" HEIGHT="29" WIDTH="157" VPOS="722" HPOS="1010"/>
<SP HEIGHT="18" WIDTH="23" VPOS="727" HPOS="1168"/>
<String CONTENT="of" HEIGHT="23" WIDTH="37" VPOS="722" HPOS="1192"/>
<SP HEIGHT="23" WIDTH="22" VPOS="722" HPOS="1230"/>
<String CONTENT="ancient" HEIGHT="23" WIDTH="138" VPOS="722" HPOS="1253"/>
<SP HEIGHT="23" WIDTH="19" VPOS="723" HPOS="1392"/>
<String CONTENT="metals." HEIGHT="24" WIDTH="137" VPOS="723" HPOS="1412"/>
<SP HEIGHT="24" WIDTH="48" VPOS="723" HPOS="1550"/>
<String CONTENT="See" HEIGHT="24" WIDTH="55" VPOS="723" HPOS="1599"/>
</TextLine>
<TextLine HEIGHT="29" WIDTH="296" VPOS="757" HPOS="1049">
<String CONTENT="CLAEY," HEIGHT="29" WIDTH="115" VPOS="757" HPOS="1049"/>
<SP HEIGHT="29" WIDTH="25" VPOS="757" HPOS="1165"/>
<String CONTENT="EARLE" HEIGHT="23" WIDTH="100" VPOS="757" HPOS="1191"/>
<SP HEIGHT="23" WIDTH="19" VPOS="757" HPOS="1292"/>
<String CONTENT="R." HEIGHT="25" WIDTH="33" VPOS="757" HPOS="1312"/>
</TextLine>
<TextLine HEIGHT="63" WIDTH="690" VPOS="796" HPOS="996" CS="1">
<String CONTENT="Annals." HEIGHT="22" WIDTH="135" VPOS="796" HPOS="996"/>
<SP HEIGHT="23" WIDTH="49" VPOS="796" HPOS="1132"/>
<String CONTENT="See" HEIGHT="23" WIDTH="55" VPOS="796" HPOS="1182"/>
<SP HEIGHT="23" WIDTH="24" VPOS="796" HPOS="1238"/>
<String CONTENT="INTERNATIONAL" HEIGHT="23" WIDTH="262" VPOS="796" HPOS="1263"/>
<SP HEIGHT="23" WIDTH="20" VPOS="797" HPOS="1526"/>
<String CONTENT="GEOPHYSICAL" HEIGHT="55" WIDTH="647" VPOS="797" HPOS="1039"/>
<SP HEIGHT="24" WIDTH="19" VPOS="829" HPOS="1118"/>
<String CONTENT="YEAR," HEIGHT="30" WIDTH="97" VPOS="829" HPOS="1138"/>
<SP HEIGHT="29" WIDTH="25" VPOS="830" HPOS="1236"/>
<String CONTENT="1957-1958." HEIGHT="32" WIDTH="194" VPOS="826" HPOS="1262"/>
</TextLine>
<TextLine HEIGHT="30" WIDTH="690" VPOS="867" HPOS="992">
<String CONTENT="Data" HEIGHT="23" WIDTH="78" VPOS="867" HPOS="992"/>
<SP HEIGHT="18" WIDTH="23" VPOS="872" HPOS="1071"/>
<String CONTENT="acquisition" HEIGHT="28" WIDTH="221" VPOS="867" HPOS="1095"/>
<SP HEIGHT="17" WIDTH="22" VPOS="873" HPOS="1317"/>
<String CONTENT="and" HEIGHT="22" WIDTH="56" VPOS="868" HPOS="1340"/>
<SP HEIGHT="27" WIDTH="23" VPOS="868" HPOS="1397"/>
<String CONTENT="processing" HEIGHT="28" WIDTH="201" VPOS="869" HPOS="1421"/>
<SP HEIGHT="28" WIDTH="21" VPOS="869" HPOS="1623"/>
<String CONTENT="in" HEIGHT="22" WIDTH="37" VPOS="869" HPOS="1645"/>
</TextLine>
<TextLine HEIGHT="28" WIDTH="526" VPOS="901" HPOS="1033">
<String CONTENT="biology" HEIGHT="28" WIDTH="140" VPOS="901" HPOS="1033"/>
<SP HEIGHT="23" WIDTH="22" VPOS="906" HPOS="1174"/>
<String CONTENT="and" HEIGHT="23" WIDTH="57" VPOS="901" HPOS="1197"/>
<SP HEIGHT="23" WIDTH="21" VPOS="901" HPOS="1255"/>
<String CONTENT="medicine." HEIGHT="23" WIDTH="175" VPOS="902" HPOS="1277"/>
<SP HEIGHT="23" WIDTH="49" VPOS="903" HPOS="1453"/>
<String CONTENT="See" HEIGHT="23" WIDTH="56" VPOS="903" HPOS="1503"/>
</TextLine>
<TextLine HEIGHT="25" WIDTH="568" VPOS="936" HPOS="1032">
<String CONTENT="ROCHESTER" HEIGHT="23" WIDTH="182" VPOS="936" HPOS="1032"/>
<SP HEIGHT="22" WIDTH="23" VPOS="937" HPOS="1215"/>
<String CONTENT="CONFERENCE" HEIGHT="24" WIDTH="200" VPOS="936" HPOS="1239"/>
<SP HEIGHT="23" WIDTH="21" VPOS="937" HPOS="1440"/>
<String CONTENT="ON" HEIGHT="23" WIDTH="39" VPOS="937" HPOS="1462"/>
<SP HEIGHT="23" WIDTH="17" VPOS="937" HPOS="1502"/>
<String CONTENT="DATA" HEIGHT="23" WIDTH="80" VPOS="938" HPOS="1520"/>
</TextLine>
<TextLine HEIGHT="27" WIDTH="590" VPOS="969" HPOS="1032">
<String CONTENT="ACQUISITION" HEIGHT="27" WIDTH="225" VPOS="969" HPOS="1032"/>
<SP HEIGHT="23" WIDTH="18" VPOS="970" HPOS="1258"/>
<String CONTENT="AND" HEIGHT="23" WIDTH="59" VPOS="970" HPOS="1277"/>
<SP HEIGHT="22" WIDTH="23" VPOS="971" HPOS="1337"/>
<String CONTENT="PROCESSING" HEIGHT="24" WIDTH="198" VPOS="970" HPOS="1361"/>
<SP HEIGHT="23" WIDTH="24" VPOS="971" HPOS="1560"/>
<String CONTENT="IN" HEIGHT="23" WIDTH="37" VPOS="971" HPOS="1585"/>
</TextLine>
<TextLine HEIGHT="33" WIDTH="542" VPOS="1000" HPOS="1032">
<String CONTENT="BIOLOGY" HEIGHT="23" WIDTH="141" VPOS="1004" HPOS="1032"/>
<SP HEIGHT="23" WIDTH="20" VPOS="1004" HPOS="1174"/>
<String CONTENT="AND" HEIGHT="22" WIDTH="60" VPOS="1004" HPOS="1195"/>
<SP HEIGHT="23" WIDTH="20" VPOS="1004" HPOS="1256"/>
<String CONTENT="MEDICINE," HEIGHT="29" WIDTH="175" VPOS="1004" HPOS="1277"/>
<SP HEIGHT="29" WIDTH="27" VPOS="1004" HPOS="1453"/>
<String CONTENT="1963." HEIGHT="33" WIDTH="93" VPOS="1000" HPOS="1481"/>
</TextLine>
<TextLine HEIGHT="27" WIDTH="663" VPOS="1041" HPOS="997">
<String CONTENT="The" HEIGHT="24" WIDTH="57" VPOS="1041" HPOS="997"/>
<SP HEIGHT="17" WIDTH="21" VPOS="1047" HPOS="1055"/>
<String CONTENT="wonderful" HEIGHT="23" WIDTH="182" VPOS="1043" HPOS="1077"/>
<SP HEIGHT="23" WIDTH="20" VPOS="1043" HPOS="1260"/>
<String CONTENT="world" HEIGHT="23" WIDTH="101" VPOS="1043" HPOS="1281"/>
<SP HEIGHT="22" WIDTH="22" VPOS="1044" HPOS="1383"/>
<String CONTENT="of" HEIGHT="23" WIDTH="37" VPOS="1044" HPOS="1406"/>
<SP HEIGHT="23" WIDTH="20" VPOS="1044" HPOS="1444"/>
<String CONTENT="breakfast." HEIGHT="24" WIDTH="195" VPOS="1044" HPOS="1465"/>
</TextLine>
<TextLine HEIGHT="30" WIDTH="318" VPOS="1076" HPOS="1038">
<String CONTENT="See" HEIGHT="23" WIDTH="57" VPOS="1076" HPOS="1038"/>
<SP HEIGHT="22" WIDTH="21" VPOS="1077" HPOS="1096"/>
<String CONTENT="TRIBUS," HEIGHT="29" WIDTH="137" VPOS="1077" HPOS="1118"/>
<SP HEIGHT="29" WIDTH="26" VPOS="1077" HPOS="1256"/>
<String CONTENT="SUE." HEIGHT="24" WIDTH="73" VPOS="1077" HPOS="1283"/>
</TextLine>
<TextLine HEIGHT="40" WIDTH="504" VPOS="1110" HPOS="956">
<String CONTENT="PERGAMON" HEIGHT="27" WIDTH="160" VPOS="1115" HPOS="956"/>
<SP HEIGHT="25" WIDTH="20" VPOS="1117" HPOS="1117"/>
<String CONTENT="PRESS," HEIGHT="33" WIDTH="113" VPOS="1117" HPOS="1138"/>
<SP HEIGHT="29" WIDTH="29" VPOS="1121" HPOS="1252"/>
<String CONTENT="INC)" HEIGHT="38" WIDTH="71" VPOS="1110" HPOS="1282"/>
<SP HEIGHT="38" WIDTH="47" VPOS="1110" HPOS="1354"/>
<String CONTENT="See" HEIGHT="25" WIDTH="58" VPOS="1121" HPOS="1402"/>
</TextLine>
<TextLine HEIGHT="34" WIDTH="686" VPOS="1152" HPOS="996">
<String CONTENT="INDEX" HEIGHT="23" WIDTH="98" VPOS="1152" HPOS="996"/>
<SP HEIGHT="23" WIDTH="18" VPOS="1153" HPOS="1095"/>
<String CONTENT="TO" HEIGHT="23" WIDTH="41" VPOS="1154" HPOS="1114"/>
<SP HEIGHT="23" WIDTH="20" VPOS="1154" HPOS="1156"/>
<String CONTENT="REVIEWS," HEIGHT="32" WIDTH="155" VPOS="1154" HPOS="1177"/>
<SP HEIGHT="29" WIDTH="27" VPOS="1157" HPOS="1333"/>
<String CONTENT="SYMPOSIA" HEIGHT="24" WIDTH="160" VPOS="1157" HPOS="1361"/>
<SP HEIGHT="25" WIDTH="20" VPOS="1158" HPOS="1522"/>
<String CONTENT="VOLUMES" HEIGHT="25" WIDTH="139" VPOS="1160" HPOS="1543"/>
</TextLine>
<TextLine HEIGHT="34" WIDTH="712" VPOS="1186" HPOS="1033">
<String CONTENT="AND" HEIGHT="23" WIDTH="60" VPOS="1186" HPOS="1033"/>
<SP HEIGHT="23" WIDTH="19" VPOS="1187" HPOS="1094"/>
<String CONTENT="MONOGRAPHS" HEIGHT="25" WIDTH="202" VPOS="1188" HPOS="1114"/>
<SP HEIGHT="23" WIDTH="25" VPOS="1190" HPOS="1317"/>
<String CONTENT="IN" HEIGHT="24" WIDTH="38" VPOS="1190" HPOS="1343"/>
<SP HEIGHT="24" WIDTH="20" VPOS="1191" HPOS="1382"/>
<String CONTENT="ORGANIC" HEIGHT="26" WIDTH="138" VPOS="1191" HPOS="1403"/>
<SP HEIGHT="23" WIDTH="23" VPOS="1194" HPOS="1542"/>
<String CONTENT="CHEMISTRY" HEIGHT="26" WIDTH="179" VPOS="1194" HPOS="1566"/>
</TextLine>
<TextLine HEIGHT="33" WIDTH="503" VPOS="1220" HPOS="1032" CS="1">
<String CONTENT="FOR" HEIGHT="23" WIDTH="60" VPOS="1220" HPOS="1032"/>
<SP HEIGHT="23" WIDTH="19" VPOS="1221" HPOS="1093"/>
<String CONTENT="THE" HEIGHT="23" WIDTH="62" VPOS="1221" HPOS="1113"/>
<SP HEIGHT="23" WIDTH="21" VPOS="1221" HPOS="1176"/>
<String CONTENT="PERIOD" HEIGHT="25" WIDTH="119" VPOS="1221" HPOS="1198"/>
<SP HEIGHT="23" WIDTH="22" VPOS="1224" HPOS="1318"/>
<String CS="1" CONTENT="1961-1962." HEIGHT="33" WIDTH="154" VPOS="1220" HPOS="1381"/>
</TextLine>
<TextLine HEIGHT="32" WIDTH="400" VPOS="1264" HPOS="957">
<String CONTENT="PERGAMON" HEIGHT="25" WIDTH="160" VPOS="1264" HPOS="957"/>
<SP HEIGHT="23" WIDTH="21" VPOS="1266" HPOS="1118"/>
<String CONTENT="PRESS," HEIGHT="31" WIDTH="116" VPOS="1265" HPOS="1140"/>
<SP HEIGHT="30" WIDTH="25" VPOS="1266" HPOS="1257"/>
<String CONTENT="LTD." HEIGHT="25" WIDTH="74" VPOS="1266" HPOS="1283"/>
</TextLine>
<TextLine HEIGHT="65" WIDTH="650" VPOS="1300" HPOS="995" CS="1">
<String CONTENT="Accounting" HEIGHT="29" WIDTH="204" VPOS="1300" HPOS="995"/>
<SP HEIGHT="29" WIDTH="22" VPOS="1300" HPOS="1200"/>
<String CONTENT="for" HEIGHT="24" WIDTH="58" VPOS="1300" HPOS="1223"/>
<SP HEIGHT="24" WIDTH="22" VPOS="1300" HPOS="1282"/>
<String CONTENT="industrial" HEIGHT="24" WIDTH="199" VPOS="1300" HPOS="1305"/>
<SP HEIGHT="24" WIDTH="20" VPOS="1300" HPOS="1505"/>
<String CONTENT="management." HEIGHT="52" WIDTH="609" VPOS="1306" HPOS="1036"/>
<SP HEIGHT="23" WIDTH="49" VPOS="1335" HPOS="1133"/>
<String CONTENT="See" HEIGHT="22" WIDTH="56" VPOS="1335" HPOS="1183"/>
<SP HEIGHT="23" WIDTH="23" VPOS="1335" HPOS="1240"/>
<String CONTENT="SIDEBOTHAM," HEIGHT="31" WIDTH="216" VPOS="1334" HPOS="1264"/>
<SP HEIGHT="31" WIDTH="24" VPOS="1334" HPOS="1481"/>
<String CONTENT="ROY." HEIGHT="24" WIDTH="74" VPOS="1334" HPOS="1506"/>
</TextLine>
<TextLine HEIGHT="29" WIDTH="707" VPOS="1374" HPOS="1007">
<String CONTENT="Advances" HEIGHT="23" WIDTH="158" VPOS="1375" HPOS="1007"/>
<SP HEIGHT="22" WIDTH="25" VPOS="1375" HPOS="1166"/>
<String CONTENT="in" HEIGHT="22" WIDTH="36" VPOS="1375" HPOS="1192"/>
<SP HEIGHT="17" WIDTH="22" VPOS="1380" HPOS="1229"/>
<String CONTENT="enzyme" HEIGHT="23" WIDTH="118" VPOS="1380" HPOS="1252"/>
<SP HEIGHT="17" WIDTH="23" VPOS="1380" HPOS="1371"/>
<String CONTENT="regulation." HEIGHT="28" WIDTH="215" VPOS="1375" HPOS="1395"/>
<SP HEIGHT="25" WIDTH="46" VPOS="1374" HPOS="1611"/>
<String CONTENT="See" HEIGHT="23" WIDTH="56" VPOS="1374" HPOS="1658"/>
</TextLine>
<TextLine HEIGHT="24" WIDTH="669" VPOS="1407" HPOS="1047">
<String CONTENT="SYMPOSIUM" HEIGHT="23" WIDTH="183" VPOS="1408" HPOS="1047"/>
<SP HEIGHT="23" WIDTH="20" VPOS="1408" HPOS="1231"/>
<String CONTENT="ON" HEIGHT="23" WIDTH="38" VPOS="1408" HPOS="1252"/>
<SP HEIGHT="23" WIDTH="19" VPOS="1408" HPOS="1291"/>
<String CONTENT="REGULATION" HEIGHT="24" WIDTH="203" VPOS="1407" HPOS="1311"/>
<SP HEIGHT="23" WIDTH="21" VPOS="1408" HPOS="1515"/>
<String CONTENT="OF" HEIGHT="23" WIDTH="37" VPOS="1408" HPOS="1537"/>
<SP HEIGHT="22" WIDTH="19" VPOS="1408" HPOS="1575"/>
<String CONTENT="ENZYME" HEIGHT="23" WIDTH="121" VPOS="1408" HPOS="1595"/>
</TextLine>
<TextLine HEIGHT="25" WIDTH="652" VPOS="1441" HPOS="1046">
<String CONTENT="ACTIVITY" HEIGHT="25" WIDTH="162" VPOS="1441" HPOS="1046"/>
<SP HEIGHT="25" WIDTH="20" VPOS="1441" HPOS="1209"/>
<String CONTENT="AND" HEIGHT="25" WIDTH="60" VPOS="1441" HPOS="1230"/>
<SP HEIGHT="23" WIDTH="21" VPOS="1443" HPOS="1291"/>
<String CONTENT="SYNTHESIS" HEIGHT="23" WIDTH="178" VPOS="1443" HPOS="1313"/>
<SP HEIGHT="23" WIDTH="25" VPOS="1443" HPOS="1492"/>
<String CONTENT="IN" HEIGHT="23" WIDTH="37" VPOS="1443" HPOS="1518"/>
<SP HEIGHT="23" WIDTH="19" VPOS="1443" HPOS="1556"/>
<String CONTENT="NORMAL" HEIGHT="25" WIDTH="122" VPOS="1441" HPOS="1576"/>
</TextLine>
<TextLine HEIGHT="29" WIDTH="690" VPOS="1475" HPOS="1046">
<String CONTENT="AND" HEIGHT="24" WIDTH="60" VPOS="1476" HPOS="1046"/>
<SP HEIGHT="22" WIDTH="20" VPOS="1477" HPOS="1107"/>
<String CONTENT="NEOPLASTIC" HEIGHT="24" WIDTH="201" VPOS="1476" HPOS="1128"/>
<SP HEIGHT="22" WIDTH="22" VPOS="1477" HPOS="1330"/>
<String CONTENT="LIVER." HEIGHT="25" WIDTH="115" VPOS="1477" HPOS="1353"/>
<SP HEIGHT="25" WIDTH="47" VPOS="1477" HPOS="1469"/>
<String CONTENT="2D," HEIGHT="27" WIDTH="53" VPOS="1477" HPOS="1517"/>
<SP HEIGHT="27" WIDTH="27" VPOS="1477" HPOS="1571"/>
<String CONTENT="INDIANA" HEIGHT="25" WIDTH="137" VPOS="1475" HPOS="1599"/>
</TextLine>
<TextLine HEIGHT="28" WIDTH="605" VPOS="1511" HPOS="1046">
<String CONTENT="UNIVERSITY" HEIGHT="23" WIDTH="204" VPOS="1511" HPOS="1046"/>
<SP HEIGHT="22" WIDTH="20" VPOS="1512" HPOS="1251"/>
<String CONTENT="SCHOOL" HEIGHT="23" WIDTH="121" VPOS="1511" HPOS="1272"/>
<SP HEIGHT="23" WIDTH="19" VPOS="1511" HPOS="1394"/>
<String CONTENT="OF" HEIGHT="23" WIDTH="38" VPOS="1511" HPOS="1414"/>
<SP HEIGHT="23" WIDTH="20" VPOS="1511" HPOS="1453"/>
<String CONTENT="MEDICINE," HEIGHT="28" WIDTH="177" VPOS="1511" HPOS="1474"/>
</TextLine>
<TextLine HEIGHT="33" WIDTH="93" VPOS="1540" HPOS="1048">
<String CONTENT="1963." HEIGHT="33" WIDTH="93" VPOS="1540" HPOS="1048"/>
</TextLine>
<TextLine HEIGHT="30" WIDTH="647" VPOS="1581" HPOS="994">
<String CONTENT="Advances" HEIGHT="23" WIDTH="157" VPOS="1585" HPOS="994"/>
<SP HEIGHT="23" WIDTH="25" VPOS="1584" HPOS="1152"/>
<String CONTENT="in" HEIGHT="22" WIDTH="37" VPOS="1584" HPOS="1178"/>
<SP HEIGHT="17" WIDTH="23" VPOS="1589" HPOS="1216"/>
<String CONTENT="space" HEIGHT="23" WIDTH="96" VPOS="1588" HPOS="1240"/>
<SP HEIGHT="17" WIDTH="22" VPOS="1588" HPOS="1337"/>
<String CONTENT="research." HEIGHT="24" WIDTH="175" VPOS="1581" HPOS="1360"/>
<SP HEIGHT="22" WIDTH="49" VPOS="1582" HPOS="1536"/>
<String CONTENT="See" HEIGHT="22" WIDTH="55" VPOS="1582" HPOS="1586"/>
</TextLine>
<TextLine HEIGHT="27" WIDTH="669" VPOS="1615" HPOS="1036">
<String CONTENT="INTER-AMERICAN" HEIGHT="24" WIDTH="283" VPOS="1618" HPOS="1036"/>
<SP HEIGHT="22" WIDTH="20" VPOS="1618" HPOS="1320"/>
<String CONTENT="SYMPOSIUM" HEIGHT="24" WIDTH="181" VPOS="1616" HPOS="1341"/>
<SP HEIGHT="23" WIDTH="20" VPOS="1616" HPOS="1523"/>
<String CONTENT="ON" HEIGHT="23" WIDTH="38" VPOS="1616" HPOS="1544"/>
<SP HEIGHT="23" WIDTH="21" VPOS="1615" HPOS="1583"/>
<String CONTENT="SPACE" HEIGHT="23" WIDTH="100" VPOS="1615" HPOS="1605"/>
</TextLine>
<TextLine HEIGHT="36" WIDTH="705" VPOS="1644" HPOS="1034" CS="1">
<String CONTENT="RESEARCH." HEIGHT="23" WIDTH="176" VPOS="1653" HPOS="1034"/>
<SP HEIGHT="23" WIDTH="48" VPOS="1652" HPOS="1211"/>
<String CONTENT="1ST," HEIGHT="28" WIDTH="72" VPOS="1652" HPOS="1260"/>
<SP HEIGHT="28" WIDTH="26" VPOS="1652" HPOS="1333"/>
<String CONTENT="BUENOS" HEIGHT="23" WIDTH="120" VPOS="1651" HPOS="1360"/>
<SP HEIGHT="24" WIDTH="21" VPOS="1650" HPOS="1481"/>
<String CONTENT="AIRES," HEIGHT="26" WIDTH="114" VPOS="1650" HPOS="1503"/>
<SP HEIGHT="27" WIDTH="27" VPOS="1649" HPOS="1618"/>
<String CS="1" CONTENT="1960." HEIGHT="27" WIDTH="53" VPOS="1644" HPOS="1686"/>
</TextLine>
<TextLine HEIGHT="30" WIDTH="525" VPOS="1688" HPOS="1003">
<String CONTENT="Analytical" HEIGHT="28" WIDTH="200" VPOS="1688" HPOS="1003"/>
<SP HEIGHT="23" WIDTH="24" VPOS="1689" HPOS="1204"/>
<String CONTENT="chemistry." HEIGHT="29" WIDTH="194" VPOS="1689" HPOS="1229"/>
<SP HEIGHT="24" WIDTH="48" VPOS="1690" HPOS="1424"/>
<String CONTENT="See" HEIGHT="23" WIDTH="55" VPOS="1690" HPOS="1473"/>
</TextLine>
<TextLine HEIGHT="30" WIDTH="481" VPOS="1723" HPOS="1044">
<String CONTENT="CROUTHAMEL," HEIGHT="30" WIDTH="215" VPOS="1723" HPOS="1044"/>
<SP HEIGHT="29" WIDTH="28" VPOS="1724" HPOS="1260"/>
<String CONTENT="CARL" HEIGHT="24" WIDTH="81" VPOS="1723" HPOS="1289"/>
<SP HEIGHT="23" WIDTH="18" VPOS="1724" HPOS="1371"/>
<String CONTENT="E.," HEIGHT="29" WIDTH="53" VPOS="1724" HPOS="1390"/>
<SP HEIGHT="24" WIDTH="27" VPOS="1729" HPOS="1444"/>
<String CONTENT="ed." HEIGHT="24" WIDTH="53" VPOS="1724" HPOS="1472"/>
</TextLine>
<TextLine HEIGHT="30" WIDTH="672" VPOS="1759" HPOS="996">
<String CONTENT="Aspects" HEIGHT="29" WIDTH="138" VPOS="1760" HPOS="996"/>
<SP HEIGHT="18" WIDTH="25" VPOS="1765" HPOS="1135"/>
<String CONTENT="of" HEIGHT="22" WIDTH="37" VPOS="1760" HPOS="1161"/>
<SP HEIGHT="23" WIDTH="21" VPOS="1759" HPOS="1199"/>
<String CONTENT="theoretical" HEIGHT="24" WIDTH="219" VPOS="1759" HPOS="1221"/>
<SP HEIGHT="22" WIDTH="21" VPOS="1760" HPOS="1441"/>
<String CONTENT="mineralogy" HEIGHT="28" WIDTH="205" VPOS="1759" HPOS="1463"/>
</TextLine>
<TextLine HEIGHT="30" WIDTH="648" VPOS="1792" HPOS="1038">
<String CONTENT="in" HEIGHT="23" WIDTH="37" VPOS="1794" HPOS="1038"/>
<SP HEIGHT="24" WIDTH="22" VPOS="1793" HPOS="1076"/>
<String CONTENT="the" HEIGHT="24" WIDTH="56" VPOS="1793" HPOS="1099"/>
<SP HEIGHT="23" WIDTH="22" VPOS="1794" HPOS="1156"/>
<String CONTENT="U.S.S.R.," HEIGHT="28" WIDTH="177" VPOS="1794" HPOS="1179"/>
<SP HEIGHT="24" WIDTH="26" VPOS="1798" HPOS="1357"/>
<String CONTENT="a" HEIGHT="17" WIDTH="18" VPOS="1798" HPOS="1384"/>
<SP HEIGHT="17" WIDTH="22" VPOS="1798" HPOS="1403"/>
<String CONTENT="collection" HEIGHT="24" WIDTH="198" VPOS="1792" HPOS="1426"/>
<SP HEIGHT="17" WIDTH="23" VPOS="1798" HPOS="1625"/>
<String CONTENT="of" HEIGHT="23" WIDTH="37" VPOS="1792" HPOS="1649"/>
</TextLine>
<TextLine HEIGHT="31" WIDTH="521" VPOS="1828" HPOS="1037">
<String CONTENT="papers." HEIGHT="25" WIDTH="136" VPOS="1833" HPOS="1037"/>
<SP HEIGHT="23" WIDTH="47" VPOS="1828" HPOS="1174"/>
<String CONTENT="See" HEIGHT="23" WIDTH="56" VPOS="1828" HPOS="1222"/>
<SP HEIGHT="22" WIDTH="22" VPOS="1829" HPOS="1279"/>
<String CONTENT="BATTEY," HEIGHT="31" WIDTH="136" VPOS="1828" HPOS="1302"/>
<SP HEIGHT="31" WIDTH="24" VPOS="1828" HPOS="1439"/>
<String CONTENT="M." HEIGHT="23" WIDTH="34" VPOS="1828" HPOS="1464"/>
<SP HEIGHT="22" WIDTH="25" VPOS="1828" HPOS="1499"/>
<String CONTENT="H." HEIGHT="22" WIDTH="33" VPOS="1828" HPOS="1525"/>
</TextLine>
<TextLine HEIGHT="65" WIDTH="629" VPOS="1869" HPOS="997" CS="1">
<String CONTENT="The" HEIGHT="23" WIDTH="56" VPOS="1869" HPOS="997"/>
<SP HEIGHT="17" WIDTH="22" VPOS="1874" HPOS="1054"/>
<String CONTENT="atomic" HEIGHT="23" WIDTH="119" VPOS="1869" HPOS="1077"/>
<SP HEIGHT="17" WIDTH="23" VPOS="1875" HPOS="1197"/>
<String CONTENT="adventure." HEIGHT="24" WIDTH="195" VPOS="1869" HPOS="1221"/>
<SP HEIGHT="23" WIDTH="47" VPOS="1870" HPOS="1417"/>
<String CONTENT="See" HEIGHT="23" WIDTH="56" VPOS="1870" HPOS="1465"/>
<SP HEIGHT="23" WIDTH="23" VPOS="1870" HPOS="1522"/>
<String CONTENT="GOLDSCHMIDT," HEIGHT="64" WIDTH="588" VPOS="1870" HPOS="1038"/>
<SP HEIGHT="29" WIDTH="25" VPOS="1905" HPOS="1194"/>
<String CONTENT="BERTRAND." HEIGHT="23" WIDTH="176" VPOS="1904" HPOS="1220"/>
</TextLine>
<TextLine HEIGHT="64" WIDTH="608" VPOS="1938" HPOS="991" CS="1">
<String CONTENT="Audio-typing" HEIGHT="29" WIDTH="245" VPOS="1941" HPOS="991"/>
<SP HEIGHT="24" WIDTH="20" VPOS="1945" HPOS="1237"/>
<String CONTENT="and" HEIGHT="23" WIDTH="57" VPOS="1940" HPOS="1258"/>
<SP HEIGHT="22" WIDTH="23" VPOS="1940" HPOS="1316"/>
<String CONTENT="electric" HEIGHT="24" WIDTH="158" VPOS="1938" HPOS="1340"/>
<SP HEIGHT="23" WIDTH="23" VPOS="1938" HPOS="1499"/>
<String CONTENT="typewriters." HEIGHT="61" WIDTH="567" VPOS="1938" HPOS="1032"/>
<SP HEIGHT="23" WIDTH="47" VPOS="1975" HPOS="1191"/>
<String CONTENT="See" HEIGHT="22" WIDTH="56" VPOS="1975" HPOS="1239"/>
<SP HEIGHT="24" WIDTH="22" VPOS="1973" HPOS="1296"/>
<String CONTENT="KINSEY," HEIGHT="30" WIDTH="136" VPOS="1972" HPOS="1319"/>
<SP HEIGHT="30" WIDTH="26" VPOS="1972" HPOS="1456"/>
<String CONTENT="T." HEIGHT="23" WIDTH="33" VPOS="1972" HPOS="1483"/>
<SP HEIGHT="24" WIDTH="25" VPOS="1971" HPOS="1517"/>
<String CONTENT="L." HEIGHT="24" WIDTH="35" VPOS="1971" HPOS="1543"/>
</TextLine>
<TextLine HEIGHT="26" WIDTH="704" VPOS="2015" HPOS="997">
<String CONTENT="The" HEIGHT="23" WIDTH="56" VPOS="2015" HPOS="997"/>
<SP HEIGHT="23" WIDTH="22" VPOS="2015" HPOS="1054"/>
<String CONTENT="best" HEIGHT="23" WIDTH="78" VPOS="2015" HPOS="1077"/>
<SP HEIGHT="22" WIDTH="22" VPOS="2016" HPOS="1156"/>
<String CONTENT="use" HEIGHT="18" WIDTH="58" VPOS="2021" HPOS="1179"/>
<SP HEIGHT="17" WIDTH="24" VPOS="2022" HPOS="1238"/>
<String CONTENT="of" HEIGHT="23" WIDTH="37" VPOS="2016" HPOS="1263"/>
<SP HEIGHT="23" WIDTH="22" VPOS="2016" HPOS="1301"/>
<String CONTENT="economic" HEIGHT="23" WIDTH="157" VPOS="2017" HPOS="1324"/>
<SP HEIGHT="18" WIDTH="23" VPOS="2022" HPOS="1482"/>
<String CONTENT="resources." HEIGHT="18" WIDTH="195" VPOS="2023" HPOS="1506"/>
</TextLine>
<TextLine HEIGHT="31" WIDTH="440" VPOS="2049" HPOS="1039">
<String CONTENT="See" HEIGHT="23" WIDTH="55" VPOS="2049" HPOS="1039"/>
<SP HEIGHT="23" WIDTH="22" VPOS="2049" HPOS="1095"/>
<String CONTENT="KANTOROVICH," HEIGHT="31" WIDTH="239" VPOS="2049" HPOS="1118"/>
<SP HEIGHT="30" WIDTH="23" VPOS="2050" HPOS="1358"/>
<String CONTENT="L." HEIGHT="25" WIDTH="36" VPOS="2050" HPOS="1382"/>
<SP HEIGHT="25" WIDTH="23" VPOS="2050" HPOS="1419"/>
<String CONTENT="V." HEIGHT="25" WIDTH="36" VPOS="2050" HPOS="1443"/>
</TextLine>
<TextLine HEIGHT="29" WIDTH="668" VPOS="2093" HPOS="992">
<String CONTENT="The" HEIGHT="22" WIDTH="58" VPOS="2095" HPOS="992"/>
<SP HEIGHT="24" WIDTH="21" VPOS="2093" HPOS="1051"/>
<String CONTENT="biochemistry" HEIGHT="29" WIDTH="244" VPOS="2093" HPOS="1073"/>
<SP HEIGHT="23" WIDTH="21" VPOS="2099" HPOS="1318"/>
<String CONTENT="of" HEIGHT="23" WIDTH="37" VPOS="2093" HPOS="1340"/>
<SP HEIGHT="28" WIDTH="21" VPOS="2093" HPOS="1378"/>
<String CONTENT="poliomyelitis" HEIGHT="28" WIDTH="260" VPOS="2093" HPOS="1400"/>
</TextLine>
<TextLine HEIGHT="29" WIDTH="584" VPOS="2127" HPOS="1032">
<String CONTENT="viruses." HEIGHT="23" WIDTH="157" VPOS="2128" HPOS="1032"/>
<SP HEIGHT="23" WIDTH="46" VPOS="2128" HPOS="1190"/>
<String CONTENT="See" HEIGHT="23" WIDTH="58" VPOS="2128" HPOS="1237"/>
<SP HEIGHT="24" WIDTH="22" VPOS="2127" HPOS="1296"/>
<String CONTENT="KOVACS," HEIGHT="29" WIDTH="133" VPOS="2127" HPOS="1319"/>
<SP HEIGHT="29" WIDTH="25" VPOS="2127" HPOS="1453"/>
<String CONTENT="ERNEST." HEIGHT="24" WIDTH="137" VPOS="2127" HPOS="1479"/>
</TextLine>
<TextLine HEIGHT="30" WIDTH="663" VPOS="2166" HPOS="997">
<String CONTENT="Cerebral" HEIGHT="24" WIDTH="158" VPOS="2171" HPOS="997"/>
<SP HEIGHT="24" WIDTH="24" VPOS="2170" HPOS="1156"/>
<String CONTENT="infarction." HEIGHT="24" WIDTH="214" VPOS="2169" HPOS="1181"/>
<SP HEIGHT="24" WIDTH="48" VPOS="2168" HPOS="1396"/>
<String CONTENT="See" HEIGHT="23" WIDTH="56" VPOS="2168" HPOS="1445"/>
<SP HEIGHT="22" WIDTH="24" VPOS="2168" HPOS="1502"/>
<String CONTENT="CARTER," HEIGHT="30" WIDTH="133" VPOS="2166" HPOS="1527"/>
</TextLine>
<TextLine HEIGHT="25" WIDTH="238" VPOS="2204" HPOS="1036">
<String CONTENT="ALAN" HEIGHT="23" WIDTH="80" VPOS="2206" HPOS="1036"/>
<SP HEIGHT="23" WIDTH="20" VPOS="2205" HPOS="1117"/>
<String CONTENT="BARHAM." HEIGHT="24" WIDTH="136" VPOS="2204" HPOS="1138"/>
</TextLine>
<TextLine HEIGHT="30" WIDTH="728" VPOS="2236" HPOS="995">
<String CONTENT="Chemical" HEIGHT="24" WIDTH="157" VPOS="2238" HPOS="995"/>
<SP HEIGHT="23" WIDTH="23" VPOS="2237" HPOS="1153"/>
<String CONTENT="binding" HEIGHT="29" WIDTH="141" VPOS="2237" HPOS="1177"/>
<SP HEIGHT="23" WIDTH="21" VPOS="2243" HPOS="1319"/>
<String CONTENT="and" HEIGHT="23" WIDTH="58" VPOS="2237" HPOS="1341"/>
<SP HEIGHT="23" WIDTH="23" VPOS="2237" HPOS="1400"/>
<String CONTENT="structure." HEIGHT="22" WIDTH="193" VPOS="2237" HPOS="1424"/>
<SP HEIGHT="23" WIDTH="47" VPOS="2236" HPOS="1618"/>
<String CONTENT="See" HEIGHT="23" WIDTH="57" VPOS="2236" HPOS="1666"/>
</TextLine>
<TextLine HEIGHT="28" WIDTH="236" VPOS="2274" HPOS="1036">
<String CONTENT="SPICE," HEIGHT="28" WIDTH="113" VPOS="2274" HPOS="1036"/>
<SP HEIGHT="28" WIDTH="26" VPOS="2274" HPOS="1150"/>
<String CONTENT="J." HEIGHT="24" WIDTH="34" VPOS="2274" HPOS="1177"/>
<SP HEIGHT="24" WIDTH="26" VPOS="2274" HPOS="1212"/>
<String CONTENT="E." HEIGHT="24" WIDTH="33" VPOS="2274" HPOS="1239"/>
</TextLine>
<TextLine HEIGHT="29" WIDTH="585" VPOS="2312" HPOS="999">
<String CONTENT="Clays" HEIGHT="28" WIDTH="97" VPOS="2313" HPOS="999"/>
<SP HEIGHT="17" WIDTH="22" VPOS="2318" HPOS="1097"/>
<String CONTENT="and" HEIGHT="22" WIDTH="57" VPOS="2313" HPOS="1120"/>
<SP HEIGHT="22" WIDTH="25" VPOS="2313" HPOS="1178"/>
<String CONTENT="clay" HEIGHT="28" WIDTH="78" VPOS="2313" HPOS="1204"/>
<SP HEIGHT="23" WIDTH="19" VPOS="2318" HPOS="1283"/>
<String CONTENT="minerals." HEIGHT="23" WIDTH="176" VPOS="2312" HPOS="1303"/>
<SP HEIGHT="23" WIDTH="47" VPOS="2312" HPOS="1480"/>
<String CONTENT="See" HEIGHT="23" WIDTH="56" VPOS="2312" HPOS="1528"/>
</TextLine>
<TextLine HEIGHT="24" WIDTH="651" VPOS="2346" HPOS="1038">
<String CONTENT="NATIONAL" HEIGHT="23" WIDTH="164" VPOS="2347" HPOS="1038"/>
<SP HEIGHT="23" WIDTH="20" VPOS="2347" HPOS="1203"/>
<String CONTENT="CONFERENCE" HEIGHT="23" WIDTH="200" VPOS="2347" HPOS="1224"/>
<SP HEIGHT="22" WIDTH="21" VPOS="2347" HPOS="1425"/>
<String CONTENT="ON" HEIGHT="23" WIDTH="38" VPOS="2346" HPOS="1447"/>
<SP HEIGHT="23" WIDTH="21" VPOS="2346" HPOS="1486"/>
<String CONTENT="CLAYS" HEIGHT="23" WIDTH="98" VPOS="2346" HPOS="1508"/>
<SP HEIGHT="22" WIDTH="20" VPOS="2346" HPOS="1607"/>
<String CONTENT="AND" HEIGHT="22" WIDTH="61" VPOS="2346" HPOS="1628"/>
</TextLine>
<TextLine HEIGHT="35" WIDTH="703" VPOS="2374" HPOS="1040">
<String CONTENT="CLAY" HEIGHT="23" WIDTH="80" VPOS="2380" HPOS="1040"/>
<SP HEIGHT="22" WIDTH="18" VPOS="2381" HPOS="1121"/>
<String CONTENT="MINERALS," HEIGHT="29" WIDTH="177" VPOS="2380" HPOS="1140"/>
<SP HEIGHT="29" WIDTH="27" VPOS="2380" HPOS="1318"/>
<String CONTENT="12TH," HEIGHT="30" WIDTH="93" VPOS="2379" HPOS="1346"/>
<SP HEIGHT="29" WIDTH="25" VPOS="2380" HPOS="1440"/>
<String CONTENT="ATLANTA," HEIGHT="30" WIDTH="156" VPOS="2379" HPOS="1466"/>
<SP HEIGHT="30" WIDTH="27" VPOS="2379" HPOS="1623"/>
<String CONTENT="1963." HEIGHT="32" WIDTH="92" VPOS="2374" HPOS="1651"/>
</TextLine>
<TextLine HEIGHT="29" WIDTH="484" VPOS="2416" HPOS="997">
<String CONTENT="Coastal" HEIGHT="24" WIDTH="137" VPOS="2417" HPOS="997"/>
<SP HEIGHT="22" WIDTH="23" VPOS="2417" HPOS="1135"/>
<String CONTENT="vegetation." HEIGHT="29" WIDTH="216" VPOS="2416" HPOS="1159"/>
<SP HEIGHT="23" WIDTH="48" VPOS="2416" HPOS="1376"/>
<String CONTENT="See" HEIGHT="23" WIDTH="56" VPOS="2416" HPOS="1425"/>
</TextLine>
<TextLine HEIGHT="29" WIDTH="276" VPOS="2451" HPOS="1039">
<String CONTENT="CHAPMAN," HEIGHT="28" WIDTH="153" VPOS="2452" HPOS="1039"/>
<SP HEIGHT="29" WIDTH="25" VPOS="2451" HPOS="1193"/>
<String CONTENT="V." HEIGHT="25" WIDTH="35" VPOS="2451" HPOS="1219"/>
<SP HEIGHT="25" WIDTH="25" VPOS="2451" HPOS="1255"/>
<String CONTENT="J." HEIGHT="25" WIDTH="34" VPOS="2451" HPOS="1281"/>
</TextLine>
<TextLine HEIGHT="64" WIDTH="685" VPOS="2489" HPOS="997" CS="1">
<String CONTENT="A" HEIGHT="22" WIDTH="18" VPOS="2492" HPOS="997"/>
<SP HEIGHT="22" WIDTH="23" VPOS="2492" HPOS="1016"/>
<String CONTENT="collection" HEIGHT="22" WIDTH="200" VPOS="2491" HPOS="1040"/>
<SP HEIGHT="17" WIDTH="22" VPOS="2496" HPOS="1241"/>
<String CONTENT="of" HEIGHT="23" WIDTH="36" VPOS="2490" HPOS="1264"/>
<SP HEIGHT="28" WIDTH="22" VPOS="2490" HPOS="1301"/>
<String CONTENT="problems" HEIGHT="28" WIDTH="159" VPOS="2490" HPOS="1324"/>
<SP HEIGHT="17" WIDTH="23" VPOS="2495" HPOS="1484"/>
<String CONTENT="on" HEIGHT="17" WIDTH="37" VPOS="2495" HPOS="1508"/>
<SP HEIGHT="17" WIDTH="21" VPOS="2495" HPOS="1546"/>
<String CS="1" CONTENT="mathe-tical" HEIGHT="59" WIDTH="626" VPOS="2489" HPOS="1040"/>
<SP HEIGHT="27" WIDTH="24" VPOS="2525" HPOS="1136"/>
<String CONTENT="physics." HEIGHT="28" WIDTH="154" VPOS="2525" HPOS="1161"/>
<SP HEIGHT="23" WIDTH="50" VPOS="2525" HPOS="1316"/>
<String CONTENT="See" HEIGHT="23" WIDTH="55" VPOS="2525" HPOS="1367"/>
<SP HEIGHT="22" WIDTH="21" VPOS="2525" HPOS="1423"/>
<String CONTENT="BUDAK," HEIGHT="28" WIDTH="115" VPOS="2524" HPOS="1445"/>
<SP HEIGHT="28" WIDTH="26" VPOS="2524" HPOS="1561"/>
<String CONTENT="B." HEIGHT="24" WIDTH="34" VPOS="2524" HPOS="1588"/>
<SP HEIGHT="24" WIDTH="25" VPOS="2524" HPOS="1623"/>
<String CONTENT="M." HEIGHT="23" WIDTH="33" VPOS="2524" HPOS="1649"/>
</TextLine>
<TextLine HEIGHT="65" WIDTH="724" VPOS="2563" HPOS="1002" CS="1">
<String CONTENT="Combustion" HEIGHT="24" WIDTH="200" VPOS="2565" HPOS="1002"/>
<SP HEIGHT="18" WIDTH="23" VPOS="2570" HPOS="1203"/>
<String CONTENT="chambers" HEIGHT="23" WIDTH="157" VPOS="2565" HPOS="1227"/>
<SP HEIGHT="23" WIDTH="23" VPOS="2564" HPOS="1385"/>
<String CONTENT="for" HEIGHT="23" WIDTH="58" VPOS="2564" HPOS="1409"/>
<SP HEIGHT="29" WIDTH="23" VPOS="2564" HPOS="1468"/>
<String CONTENT="jet" HEIGHT="30" WIDTH="55" VPOS="2563" HPOS="1492"/>
<SP HEIGHT="29" WIDTH="21" VPOS="2563" HPOS="1548"/>
<String CONTENT="propulsion" HEIGHT="59" WIDTH="587" VPOS="2569" HPOS="1042"/>
<SP HEIGHT="18" WIDTH="22" VPOS="2604" HPOS="1183"/>
<String CONTENT="engines." HEIGHT="29" WIDTH="154" VPOS="2599" HPOS="1206"/>
<SP HEIGHT="23" WIDTH="47" VPOS="2599" HPOS="1361"/>
<String CONTENT="See" HEIGHT="23" WIDTH="57" VPOS="2599" HPOS="1409"/>
<SP HEIGHT="23" WIDTH="23" VPOS="2598" HPOS="1467"/>
<String CONTENT="ZUYEV," HEIGHT="29" WIDTH="113" VPOS="2598" HPOS="1491"/>
<SP HEIGHT="29" WIDTH="25" VPOS="2598" HPOS="1605"/>
<String CONTENT="V." HEIGHT="23" WIDTH="34" VPOS="2598" HPOS="1631"/>
<SP HEIGHT="23" WIDTH="27" VPOS="2597" HPOS="1666"/>
<String CONTENT="S." HEIGHT="23" WIDTH="32" VPOS="2597" HPOS="1694"/>
</TextLine>
<TextLine HEIGHT="29" WIDTH="464" VPOS="2637" HPOS="1003">
<String CONTENT="Computing" HEIGHT="29" WIDTH="182" VPOS="2637" HPOS="1003"/>
<SP HEIGHT="23" WIDTH="19" VPOS="2643" HPOS="1186"/>
<String CONTENT="methods." HEIGHT="24" WIDTH="155" VPOS="2637" HPOS="1206"/>
<SP HEIGHT="23" WIDTH="48" VPOS="2638" HPOS="1362"/>
<String CONTENT="See" HEIGHT="23" WIDTH="56" VPOS="2638" HPOS="1411"/>
</TextLine>
<TextLine HEIGHT="30" WIDTH="278" VPOS="2671" HPOS="1044">
<String CONTENT="BEREZIN," HEIGHT="30" WIDTH="156" VPOS="2671" HPOS="1044"/>
<SP HEIGHT="30" WIDTH="26" VPOS="2671" HPOS="1201"/>
<String CONTENT="I." HEIGHT="25" WIDTH="33" VPOS="2671" HPOS="1228"/>
<SP HEIGHT="25" WIDTH="25" VPOS="2671" HPOS="1262"/>
<String CONTENT="S." HEIGHT="26" WIDTH="34" VPOS="2671" HPOS="1288"/>
</TextLine>
<TextLine HEIGHT="28" WIDTH="668" VPOS="2710" HPOS="999">
<String CONTENT="Continous" HEIGHT="24" WIDTH="178" VPOS="2714" HPOS="999"/>
<SP HEIGHT="17" WIDTH="22" VPOS="2719" HPOS="1178"/>
<String CONTENT="measurement" HEIGHT="24" WIDTH="221" VPOS="2712" HPOS="1201"/>
<SP HEIGHT="23" WIDTH="23" VPOS="2712" HPOS="1423"/>
<String CONTENT="of" HEIGHT="23" WIDTH="37" VPOS="2711" HPOS="1447"/>
<SP HEIGHT="23" WIDTH="20" VPOS="2711" HPOS="1485"/>
<String CONTENT="unsteady" HEIGHT="28" WIDTH="161" VPOS="2710" HPOS="1506"/>
</TextLine>
<TextLine HEIGHT="28" WIDTH="460" VPOS="2747" HPOS="1039">
<String CONTENT="flow." HEIGHT="23" WIDTH="92" VPOS="2748" HPOS="1039"/>
<SP HEIGHT="23" WIDTH="50" VPOS="2748" HPOS="1132"/>
<String CONTENT="See" HEIGHT="23" WIDTH="56" VPOS="2748" HPOS="1183"/>
<SP HEIGHT="22" WIDTH="23" VPOS="2748" HPOS="1240"/>
<String CONTENT="KATYS," HEIGHT="28" WIDTH="113" VPOS="2747" HPOS="1264"/>
<SP HEIGHT="28" WIDTH="27" VPOS="2747" HPOS="1378"/>
<String CONTENT="G." HEIGHT="24" WIDTH="33" VPOS="2747" HPOS="1406"/>
<SP HEIGHT="24" WIDTH="28" VPOS="2747" HPOS="1440"/>
<String CONTENT="P." HEIGHT="24" WIDTH="30" VPOS="2747" HPOS="1469"/>
</TextLine>
<TextLine HEIGHT="31" WIDTH="729" VPOS="2782" HPOS="1000">
<String CONTENT="A" HEIGHT="23" WIDTH="18" VPOS="2786" HPOS="1000"/>
<SP HEIGHT="23" WIDTH="22" VPOS="2786" HPOS="1019"/>
<String CONTENT="course" HEIGHT="18" WIDTH="118" VPOS="2791" HPOS="1042"/>
<SP HEIGHT="17" WIDTH="23" VPOS="2791" HPOS="1161"/>
<String CONTENT="of" HEIGHT="23" WIDTH="37" VPOS="2785" HPOS="1185"/>
<SP HEIGHT="23" WIDTH="20" VPOS="2785" HPOS="1223"/>
<String CONTENT="higher" HEIGHT="28" WIDTH="121" VPOS="2785" HPOS="1244"/>
<SP HEIGHT="18" WIDTH="20" VPOS="2790" HPOS="1366"/>
<String CONTENT="mathematics." HEIGHT="24" WIDTH="237" VPOS="2783" HPOS="1387"/>
<SP HEIGHT="24" WIDTH="47" VPOS="2782" HPOS="1625"/>
<String CONTENT="See" HEIGHT="23" WIDTH="56" VPOS="2782" HPOS="1673"/>
</TextLine>
<TextLine HEIGHT="31" WIDTH="277" VPOS="2818" HPOS="1043">
<String CONTENT="SMIRNOV," HEIGHT="30" WIDTH="156" VPOS="2819" HPOS="1043"/>
<SP HEIGHT="30" WIDTH="22" VPOS="2819" HPOS="1200"/>
<String CONTENT="V." HEIGHT="24" WIDTH="36" VPOS="2819" HPOS="1223"/>
<SP HEIGHT="25" WIDTH="26" VPOS="2818" HPOS="1260"/>
<String CONTENT="I'." HEIGHT="25" WIDTH="33" VPOS="2818" HPOS="1287"/>
</TextLine>
<TextLine HEIGHT="25" WIDTH="548" VPOS="2854" HPOS="1016">
<String CONTENT="A" HEIGHT="22" WIDTH="18" VPOS="2856" HPOS="1016"/>
<SP HEIGHT="23" WIDTH="23" VPOS="2856" HPOS="1035"/>
<String CONTENT="course" HEIGHT="17" WIDTH="117" VPOS="2862" HPOS="1059"/>
<SP HEIGHT="18" WIDTH="22" VPOS="2861" HPOS="1177"/>
<String CONTENT="of" HEIGHT="22" WIDTH="38" VPOS="2856" HPOS="1200"/>
<SP HEIGHT="22" WIDTH="21" VPOS="2856" HPOS="1239"/>
<String CONTENT="mathematics" HEIGHT="23" WIDTH="219" VPOS="2855" HPOS="1261"/>
<SP HEIGHT="23" WIDTH="24" VPOS="2854" HPOS="1481"/>
<String CONTENT="for" HEIGHT="23" WIDTH="58" VPOS="2854" HPOS="1506"/>
</TextLine>
<TextLine HEIGHT="32" WIDTH="604" VPOS="2886" HPOS="1059">
<String CONTENT="engineers" HEIGHT="28" WIDTH="177" VPOS="2890" HPOS="1059"/>
<SP HEIGHT="17" WIDTH="24" VPOS="2895" HPOS="1237"/>
<String CONTENT="and" HEIGHT="23" WIDTH="57" VPOS="2889" HPOS="1262"/>
<SP HEIGHT="22" WIDTH="23" VPOS="2889" HPOS="1320"/>
<String CONTENT="scientists." HEIGHT="24" WIDTH="214" VPOS="2887" HPOS="1344"/>
<SP HEIGHT="24" WIDTH="47" VPOS="2886" HPOS="1559"/>
<String CONTENT="See" HEIGHT="23" WIDTH="56" VPOS="2886" HPOS="1607"/>
</TextLine>
<TextLine HEIGHT="28" WIDTH="357" VPOS="2922" HPOS="1059">
<String CONTENT="CHIRGWIN," HEIGHT="27" WIDTH="175" VPOS="2923" HPOS="1059"/>
<SP HEIGHT="27" WIDTH="24" VPOS="2923" HPOS="1235"/>
<String CONTENT="BRIAN" HEIGHT="23" WIDTH="101" VPOS="2922" HPOS="1260"/>
<SP HEIGHT="23" WIDTH="20" VPOS="2922" HPOS="1362"/>
<String CONTENT="H." HEIGHT="24" WIDTH="33" VPOS="2922" HPOS="1383"/>
</TextLine>
<TextLine HEIGHT="59" WIDTH="666" VPOS="2957" HPOS="1003" CS="1">
<String CONTENT="Current" HEIGHT="24" WIDTH="135" VPOS="2957" HPOS="1003"/>
<SP HEIGHT="22" WIDTH="24" VPOS="2958" HPOS="1139"/>
<String CONTENT="aeronautical" HEIGHT="23" WIDTH="240" VPOS="2958" HPOS="1164"/>
<SP HEIGHT="22" WIDTH="22" VPOS="2958" HPOS="1405"/>
<String CONTENT="fatigue" HEIGHT="29" WIDTH="139" VPOS="2958" HPOS="1428"/>
<SP HEIGHT="22" WIDTH="22" VPOS="2963" HPOS="1568"/>
<String CONTENT="problems." HEIGHT="58" WIDTH="626" VPOS="2958" HPOS="1043"/>
<SP HEIGHT="26" WIDTH="47" VPOS="2990" HPOS="1136"/>
<String CONTENT="See" HEIGHT="23" WIDTH="57" VPOS="2990" HPOS="1184"/>
<SP HEIGHT="23" WIDTH="22" VPOS="2990" HPOS="1242"/>
<String CONTENT="SYMPOSIUM" HEIGHT="25" WIDTH="183" VPOS="2990" HPOS="1265"/>
<SP HEIGHT="23" WIDTH="21" VPOS="2991" HPOS="1449"/>
<String CONTENT="ON" HEIGHT="23" WIDTH="39" VPOS="2991" HPOS="1471"/>
<SP HEIGHT="23" WIDTH="20" VPOS="2991" HPOS="1511"/>
<String CONTENT="CURRENT" HEIGHT="23" WIDTH="137" VPOS="2991" HPOS="1532"/>
</TextLine>
<TextLine HEIGHT="28" WIDTH="603" VPOS="3023" HPOS="1040">
<String CONTENT="AERONAUTICAL" HEIGHT="24" WIDTH="245" VPOS="3023" HPOS="1040"/>
<SP HEIGHT="23" WIDTH="18" VPOS="3024" HPOS="1286"/>
<String CONTENT="FATIGUE" HEIGHT="24" WIDTH="142" VPOS="3024" HPOS="1305"/>
<SP HEIGHT="23" WIDTH="21" VPOS="3024" HPOS="1448"/>
<String CONTENT="PROBLEMS." HEIGHT="27" WIDTH="173" VPOS="3024" HPOS="1470"/>
</TextLine>
<TextLine HEIGHT="33" WIDTH="296" VPOS="3054" HPOS="1042">
<String CONTENT="3D," HEIGHT="28" WIDTH="52" VPOS="3059" HPOS="1042"/>
<SP HEIGHT="29" WIDTH="26" VPOS="3058" HPOS="1095"/>
<String CONTENT="ROME," HEIGHT="29" WIDTH="94" VPOS="3058" HPOS="1122"/>
<SP HEIGHT="28" WIDTH="29" VPOS="3059" HPOS="1217"/>
<String CONTENT="1963." HEIGHT="32" WIDTH="91" VPOS="3054" HPOS="1247"/>
</TextLine>
<TextLine HEIGHT="30" WIDTH="607" VPOS="3094" HPOS="997">
<String CONTENT="Development" HEIGHT="27" WIDTH="222" VPOS="3097" HPOS="997"/>
<SP HEIGHT="21" WIDTH="21" VPOS="3097" HPOS="1220"/>
<String CONTENT="means" HEIGHT="18" WIDTH="98" VPOS="3100" HPOS="1242"/>
<SP HEIGHT="22" WIDTH="23" VPOS="3100" HPOS="1341"/>
<String CONTENT="people." HEIGHT="28" WIDTH="133" VPOS="3094" HPOS="1365"/>
<SP HEIGHT="22" WIDTH="48" VPOS="3094" HPOS="1499"/>
<String CONTENT="See" HEIGHT="22" WIDTH="56" VPOS="3094" HPOS="1548"/>
</TextLine>
<TextLine HEIGHT="30" WIDTH="317" VPOS="3129" HPOS="1039">
<String CONTENT="TAYLOR," HEIGHT="28" WIDTH="136" VPOS="3131" HPOS="1039"/>
<SP HEIGHT="28" WIDTH="24" VPOS="3131" HPOS="1176"/>
<String CONTENT="DON," HEIGHT="28" WIDTH="75" VPOS="3130" HPOS="1201"/>
<SP HEIGHT="23" WIDTH="27" VPOS="3135" HPOS="1277"/>
<String CONTENT="ed." HEIGHT="23" WIDTH="51" VPOS="3129" HPOS="1305"/>
</TextLine>
<TextLine HEIGHT="36" WIDTH="685" VPOS="3160" HPOS="1003">
<String CONTENT="The" HEIGHT="23" WIDTH="57" VPOS="3169" HPOS="1003"/>
<SP HEIGHT="23" WIDTH="23" VPOS="3168" HPOS="1061"/>
<String CONTENT="digital" HEIGHT="29" WIDTH="139" VPOS="3167" HPOS="1085"/>
<SP HEIGHT="22" WIDTH="22" VPOS="3167" HPOS="1225"/>
<String CONTENT="computer." HEIGHT="30" WIDTH="174" VPOS="3164" HPOS="1248"/>
<SP HEIGHT="23" WIDTH="47" VPOS="3163" HPOS="1423"/>
<String CONTENT="See" HEIGHT="22" WIDTH="57" VPOS="3163" HPOS="1471"/>
<SP HEIGHT="23" WIDTH="23" VPOS="3162" HPOS="1529"/>
<String CONTENT="PARTON," HEIGHT="28" WIDTH="135" VPOS="3160" HPOS="1553"/>
</TextLine>
<TextLine HEIGHT="24" WIDTH="95" VPOS="3202" HPOS="1044">
<String CONTENT="K." HEIGHT="23" WIDTH="34" VPOS="3203" HPOS="1044"/>
<SP HEIGHT="24" WIDTH="26" VPOS="3202" HPOS="1079"/>
<String CONTENT="C." HEIGHT="23" WIDTH="33" VPOS="3202" HPOS="1106"/>
</TextLine>
<TextLine HEIGHT="36" WIDTH="729" VPOS="3231" HPOS="1000">
<String CONTENT="Digital" HEIGHT="30" WIDTH="139" VPOS="3237" HPOS="1000"/>
<SP HEIGHT="23" WIDTH="24" VPOS="3237" HPOS="1140"/>
<String CONTENT="differential" HEIGHT="25" WIDTH="240" VPOS="3234" HPOS="1165"/>
<SP HEIGHT="23" WIDTH="21" VPOS="3234" HPOS="1406"/>
<String CONTENT="analysers." HEIGHT="28" WIDTH="194" VPOS="3233" HPOS="1428"/>
<SP HEIGHT="23" WIDTH="48" VPOS="3231" HPOS="1623"/>
<String CONTENT="See" HEIGHT="22" WIDTH="57" VPOS="3231" HPOS="1672"/>
</TextLine>
<TextLine HEIGHT="30" WIDTH="297" VPOS="3269" HPOS="1042">
<String CONTENT="SHILEIKO," HEIGHT="29" WIDTH="176" VPOS="3270" HPOS="1042"/>
<SP HEIGHT="30" WIDTH="23" VPOS="3269" HPOS="1219"/>
<String CONTENT="A." HEIGHT="23" WIDTH="35" VPOS="3269" HPOS="1243"/>
<SP HEIGHT="23" WIDTH="25" VPOS="3269" HPOS="1279"/>
<String CONTENT="V." HEIGHT="23" WIDTH="34" VPOS="3269" HPOS="1305"/>
</TextLine>
<TextLine HEIGHT="30" WIDTH="525" VPOS="3310" HPOS="1007">
<String CONTENT="The" HEIGHT="23" WIDTH="57" VPOS="3312" HPOS="1007"/>
<SP HEIGHT="22" WIDTH="23" VPOS="3312" HPOS="1065"/>
<String CONTENT="dynamical" HEIGHT="29" WIDTH="178" VPOS="3311" HPOS="1089"/>
<SP HEIGHT="23" WIDTH="21" VPOS="3311" HPOS="1268"/>
<String CONTENT="behaviour" HEIGHT="23" WIDTH="181" VPOS="3311" HPOS="1290"/>
<SP HEIGHT="17" WIDTH="22" VPOS="3316" HPOS="1472"/>
<String CONTENT="of" HEIGHT="23" WIDTH="37" VPOS="3310" HPOS="1495"/>
</TextLine>
<TextLine HEIGHT="30" WIDTH="661" VPOS="3344" HPOS="1049">
<String CONTENT="structures." HEIGHT="23" WIDTH="214" VPOS="3345" HPOS="1049"/>
<SP HEIGHT="23" WIDTH="47" VPOS="3345" HPOS="1264"/>
<String CONTENT="See" HEIGHT="22" WIDTH="57" VPOS="3345" HPOS="1312"/>
<SP HEIGHT="23" WIDTH="20" VPOS="3344" HPOS="1370"/>
<String CONTENT="WARBURTON," HEIGHT="30" WIDTH="198" VPOS="3344" HPOS="1391"/>
<SP HEIGHT="30" WIDTH="25" VPOS="3344" HPOS="1590"/>
<String CONTENT="G." HEIGHT="23" WIDTH="33" VPOS="3344" HPOS="1616"/>
<SP HEIGHT="22" WIDTH="26" VPOS="3344" HPOS="1650"/>
<String CONTENT="B." HEIGHT="22" WIDTH="33" VPOS="3344" HPOS="1677"/>
</TextLine>
<TextLine HEIGHT="29" WIDTH="669" VPOS="3379" HPOS="1005">
<String CONTENT="Electrical" HEIGHT="24" WIDTH="200" VPOS="3380" HPOS="1005"/>
<SP HEIGHT="23" WIDTH="24" VPOS="3380" HPOS="1206"/>
<String CONTENT="correcting" HEIGHT="28" WIDTH="200" VPOS="3380" HPOS="1231"/>
<SP HEIGHT="24" WIDTH="21" VPOS="3384" HPOS="1432"/>
<String CONTENT="elements" HEIGHT="23" WIDTH="157" VPOS="3379" HPOS="1454"/>
<SP HEIGHT="23" WIDTH="25" VPOS="3379" HPOS="1612"/>
<String CONTENT="in" HEIGHT="22" WIDTH="36" VPOS="3379" HPOS="1638"/>
</TextLine>
<TextLine HEIGHT="29" WIDTH="650" VPOS="3413" HPOS="1045">
<String CONTENT="automatic" HEIGHT="24" WIDTH="181" VPOS="3414" HPOS="1045"/>
<SP HEIGHT="18" WIDTH="24" VPOS="3420" HPOS="1227"/>
<String CONTENT="control" HEIGHT="24" WIDTH="137" VPOS="3414" HPOS="1252"/>
<SP HEIGHT="22" WIDTH="21" VPOS="3414" HPOS="1390"/>
<String CONTENT="and" HEIGHT="23" WIDTH="58" VPOS="3413" HPOS="1412"/>
<SP HEIGHT="23" WIDTH="23" VPOS="3413" HPOS="1471"/>
<String CONTENT="regulation" HEIGHT="29" WIDTH="200" VPOS="3413" HPOS="1495"/>
</TextLine>
<TextLine HEIGHT="63" WIDTH="674" VPOS="3444" HPOS="1044" CS="1">
<String CONTENT="circuits." HEIGHT="25" WIDTH="175" VPOS="3448" HPOS="1047"/>
<SP HEIGHT="26" WIDTH="46" VPOS="3447" HPOS="1223"/>
<String CONTENT="See" HEIGHT="23" WIDTH="56" VPOS="3447" HPOS="1270"/>
<SP HEIGHT="23" WIDTH="23" VPOS="3448" HPOS="1327"/>
<String CONTENT="KRUG," HEIGHT="29" WIDTH="95" VPOS="3447" HPOS="1351"/>
<SP HEIGHT="29" WIDTH="26" VPOS="3447" HPOS="1447"/>
<String CONTENT="GERMAN" HEIGHT="25" WIDTH="122" VPOS="3445" HPOS="1474"/>
<SP HEIGHT="23" WIDTH="18" VPOS="3446" HPOS="1597"/>
<String CONTENT="KARLOVICH." HEIGHT="63" WIDTH="674" VPOS="3444" HPOS="1044"/>
</TextLine>
</TextBlock>
<TextBlock ID="Page1925_Block4" HEIGHT="3270" WIDTH="787" VPOS="223" HPOS="1855" LANG="en-US" CS="1" STYLEREFS="StyleId-9D44AE26-C8D9-480D-8D1F-3BF161772F7C-">
<TextLine HEIGHT="28" WIDTH="486" VPOS="230" HPOS="1867">
<String CONTENT="Elementary" HEIGHT="28" WIDTH="202" VPOS="230" HPOS="1867"/>
<SP HEIGHT="23" WIDTH="21" VPOS="235" HPOS="2070"/>
<String CONTENT="vectors." HEIGHT="22" WIDTH="152" VPOS="230" HPOS="2092"/>
<SP HEIGHT="22" WIDTH="51" VPOS="230" HPOS="2245"/>
<String CONTENT="See" HEIGHT="22" WIDTH="56" VPOS="230" HPOS="2297"/>
</TextLine>
<TextLine HEIGHT="29" WIDTH="401" VPOS="264" HPOS="1907">
<String CONTENT="WOLSTENHOLME," HEIGHT="28" WIDTH="259" VPOS="265" HPOS="1907"/>
<SP HEIGHT="29" WIDTH="26" VPOS="264" HPOS="2167"/>
<String CONTENT="E." HEIGHT="24" WIDTH="33" VPOS="264" HPOS="2194"/>
<SP HEIGHT="24" WIDTH="27" VPOS="264" HPOS="2228"/>
<String CONTENT="OE." HEIGHT="24" WIDTH="52" VPOS="264" HPOS="2256"/>
</TextLine>
<TextLine HEIGHT="65" WIDTH="729" VPOS="304" HPOS="1862" CS="1">
<String CONTENT="Elements" HEIGHT="23" WIDTH="159" VPOS="304" HPOS="1862"/>
<SP HEIGHT="18" WIDTH="24" VPOS="309" HPOS="2022"/>
<String CONTENT="of" HEIGHT="23" WIDTH="37" VPOS="304" HPOS="2047"/>
<SP HEIGHT="23" WIDTH="21" VPOS="304" HPOS="2085"/>
<String CONTENT="experimental" HEIGHT="28" WIDTH="240" VPOS="305" HPOS="2107"/>
<SP HEIGHT="23" WIDTH="23" VPOS="306" HPOS="2348"/>
<String CONTENT="stress" HEIGHT="23" WIDTH="115" VPOS="306" HPOS="2372"/>
<SP HEIGHT="18" WIDTH="24" VPOS="311" HPOS="2488"/>
<String CONTENT="analysis." HEIGHT="60" WIDTH="689" VPOS="306" HPOS="1902"/>
<SP HEIGHT="24" WIDTH="47" VPOS="338" HPOS="1999"/>
<String CONTENT="See" HEIGHT="24" WIDTH="55" VPOS="338" HPOS="2047"/>
<SP HEIGHT="23" WIDTH="23" VPOS="339" HPOS="2103"/>
<String CONTENT="HENDRY," HEIGHT="30" WIDTH="134" VPOS="339" HPOS="2127"/>
<SP HEIGHT="30" WIDTH="26" VPOS="339" HPOS="2262"/>
<String CONTENT="A." HEIGHT="26" WIDTH="34" VPOS="339" HPOS="2289"/>
<SP HEIGHT="24" WIDTH="23" VPOS="341" HPOS="2324"/>
<String CONTENT="W.." HEIGHT="24" WIDTH="56" VPOS="341" HPOS="2348"/>
</TextLine>
<TextLine HEIGHT="33" WIDTH="705" VPOS="380" HPOS="1883">
<String CONTENT="Environmental" HEIGHT="23" WIDTH="262" VPOS="380" HPOS="1883"/>
<SP HEIGHT="23" WIDTH="22" VPOS="381" HPOS="2146"/>
<String CONTENT="biology." HEIGHT="30" WIDTH="154" VPOS="381" HPOS="2169"/>
<SP HEIGHT="22" WIDTH="47" VPOS="383" HPOS="2324"/>
<String CONTENT="See" HEIGHT="23" WIDTH="57" VPOS="383" HPOS="2372"/>
<SP HEIGHT="23" WIDTH="21" VPOS="383" HPOS="2430"/>
<String CONTENT="MORGAN," HEIGHT="31" WIDTH="136" VPOS="382" HPOS="2452"/>
</TextLine>
<TextLine HEIGHT="24" WIDTH="97" VPOS="414" HPOS="1923">
<String CONTENT="R." HEIGHT="23" WIDTH="35" VPOS="414" HPOS="1923"/>
<SP HEIGHT="23" WIDTH="26" VPOS="414" HPOS="1959"/>
<String CONTENT="F." HEIGHT="24" WIDTH="34" VPOS="414" HPOS="1986"/>
</TextLine>
<TextLine HEIGHT="25" WIDTH="723" VPOS="450" HPOS="1873">
<String CONTENT="The" HEIGHT="24" WIDTH="57" VPOS="450" HPOS="1873"/>
<SP HEIGHT="17" WIDTH="24" VPOS="455" HPOS="1931"/>
<String CONTENT="essentials" HEIGHT="23" WIDTH="198" VPOS="450" HPOS="1956"/>
<SP HEIGHT="17" WIDTH="23" VPOS="456" HPOS="2155"/>
<String CONTENT="of" HEIGHT="23" WIDTH="37" VPOS="450" HPOS="2179"/>
<SP HEIGHT="23" WIDTH="21" VPOS="450" HPOS="2217"/>
<String CONTENT="forensic" HEIGHT="23" WIDTH="159" VPOS="451" HPOS="2239"/>
<SP HEIGHT="17" WIDTH="22" VPOS="457" HPOS="2399"/>
<String CONTENT="medicine." HEIGHT="23" WIDTH="174" VPOS="452" HPOS="2422"/>
</TextLine>
<TextLine HEIGHT="28" WIDTH="459" VPOS="485" HPOS="1914">
<String CONTENT="See" HEIGHT="23" WIDTH="58" VPOS="485" HPOS="1914"/>
<SP HEIGHT="22" WIDTH="24" VPOS="485" HPOS="1973"/>
<String CONTENT="POLSON," HEIGHT="28" WIDTH="132" VPOS="485" HPOS="1998"/>
<SP HEIGHT="28" WIDTH="27" VPOS="485" HPOS="2131"/>
<String CONTENT="CYRIL" HEIGHT="23" WIDTH="100" VPOS="485" HPOS="2159"/>
<SP HEIGHT="22" WIDTH="18" VPOS="486" HPOS="2260"/>
<String CONTENT="JOHN." HEIGHT="25" WIDTH="94" VPOS="485" HPOS="2279"/>
</TextLine>
<TextLine HEIGHT="25" WIDTH="723" VPOS="519" HPOS="1875">
<String CONTENT="The" HEIGHT="23" WIDTH="58" VPOS="519" HPOS="1875"/>
<SP HEIGHT="17" WIDTH="24" VPOS="525" HPOS="1934"/>
<String CONTENT="evolution" HEIGHT="23" WIDTH="180" VPOS="519" HPOS="1959"/>
<SP HEIGHT="17" WIDTH="21" VPOS="525" HPOS="2140"/>
<String CONTENT="of" HEIGHT="23" WIDTH="37" VPOS="519" HPOS="2162"/>
<SP HEIGHT="23" WIDTH="21" VPOS="519" HPOS="2200"/>
<String CONTENT="the" HEIGHT="24" WIDTH="56" VPOS="519" HPOS="2222"/>
<SP HEIGHT="22" WIDTH="22" VPOS="521" HPOS="2279"/>
<String CONTENT="United" HEIGHT="23" WIDTH="119" VPOS="520" HPOS="2302"/>
<SP HEIGHT="23" WIDTH="21" VPOS="521" HPOS="2422"/>
<String CONTENT="Nations." HEIGHT="23" WIDTH="154" VPOS="521" HPOS="2444"/>
</TextLine>
<TextLine HEIGHT="25" WIDTH="687" VPOS="553" HPOS="1918">
<String CONTENT="See" HEIGHT="23" WIDTH="56" VPOS="553" HPOS="1918"/>
<SP HEIGHT="23" WIDTH="24" VPOS="553" HPOS="1975"/>
<String CONTENT="INTERNATIONAL" HEIGHT="24" WIDTH="261" VPOS="553" HPOS="2000"/>
<SP HEIGHT="23" WIDTH="20" VPOS="554" HPOS="2262"/>
<String CONTENT="STUDENT" HEIGHT="23" WIDTH="140" VPOS="554" HPOS="2283"/>
<SP HEIGHT="23" WIDTH="19" VPOS="554" HPOS="2424"/>
<String CONTENT="MOVEMENT" HEIGHT="24" WIDTH="161" VPOS="554" HPOS="2444"/>
</TextLine>
<TextLine HEIGHT="25" WIDTH="462" VPOS="587" HPOS="1915">
<String CONTENT="FOR" HEIGHT="23" WIDTH="61" VPOS="587" HPOS="1915"/>
<SP HEIGHT="23" WIDTH="20" VPOS="587" HPOS="1977"/>
<String CONTENT="THE" HEIGHT="23" WIDTH="59" VPOS="587" HPOS="1998"/>
<SP HEIGHT="23" WIDTH="19" VPOS="587" HPOS="2058"/>
<String CONTENT="UNITED" HEIGHT="23" WIDTH="121" VPOS="587" HPOS="2078"/>
<SP HEIGHT="23" WIDTH="19" VPOS="587" HPOS="2200"/>
<String CONTENT="NATIONS." HEIGHT="25" WIDTH="157" VPOS="587" HPOS="2220"/>
</TextLine>
<TextLine HEIGHT="25" WIDTH="485" VPOS="624" HPOS="1871">
<String CONTENT="Excitation" HEIGHT="24" WIDTH="202" VPOS="625" HPOS="1871"/>
<SP HEIGHT="17" WIDTH="23" VPOS="630" HPOS="2074"/>
<String CONTENT="control." HEIGHT="23" WIDTH="152" VPOS="624" HPOS="2098"/>
<SP HEIGHT="23" WIDTH="49" VPOS="624" HPOS="2251"/>
<String CONTENT="See" HEIGHT="23" WIDTH="55" VPOS="624" HPOS="2301"/>
</TextLine>
<TextLine HEIGHT="28" WIDTH="257" VPOS="659" HPOS="1912">
<String CONTENT="ULANOV," HEIGHT="28" WIDTH="136" VPOS="659" HPOS="1912"/>
<SP HEIGHT="28" WIDTH="27" VPOS="659" HPOS="2049"/>
<String CONTENT="G." HEIGHT="24" WIDTH="31" VPOS="659" HPOS="2077"/>
<SP HEIGHT="24" WIDTH="26" VPOS="659" HPOS="2109"/>
<String CONTENT="M." HEIGHT="24" WIDTH="33" VPOS="659" HPOS="2136"/>
</TextLine>
<TextLine HEIGHT="24" WIDTH="643" VPOS="699" HPOS="1878">
<String CONTENT="Exercises" HEIGHT="23" WIDTH="181" VPOS="700" HPOS="1878"/>
<SP HEIGHT="23" WIDTH="23" VPOS="700" HPOS="2060"/>
<String CONTENT="in" HEIGHT="23" WIDTH="39" VPOS="700" HPOS="2084"/>
<SP HEIGHT="17" WIDTH="18" VPOS="705" HPOS="2124"/>
<String CONTENT="modern" HEIGHT="22" WIDTH="121" VPOS="700" HPOS="2143"/>
<SP HEIGHT="17" WIDTH="19" VPOS="705" HPOS="2265"/>
<String CONTENT="mathematics." HEIGHT="24" WIDTH="236" VPOS="699" HPOS="2285"/>
</TextLine>
<TextLine HEIGHT="30" WIDTH="438" VPOS="733" HPOS="1921">
<String CONTENT="See" HEIGHT="22" WIDTH="56" VPOS="735" HPOS="1921"/>
<SP HEIGHT="23" WIDTH="22" VPOS="734" HPOS="1978"/>
<String CONTENT="MARJORAM," HEIGHT="30" WIDTH="177" VPOS="733" HPOS="2001"/>
<SP HEIGHT="30" WIDTH="24" VPOS="733" HPOS="2179"/>
<String CONTENT="D." HEIGHT="24" WIDTH="33" VPOS="733" HPOS="2204"/>
<SP HEIGHT="23" WIDTH="26" VPOS="734" HPOS="2238"/>
<String CONTENT="T." HEIGHT="22" WIDTH="34" VPOS="734" HPOS="2265"/>
<SP HEIGHT="23" WIDTH="25" VPOS="733" HPOS="2300"/>
<String CONTENT="E." HEIGHT="24" WIDTH="33" VPOS="733" HPOS="2326"/>
</TextLine>
<TextLine HEIGHT="31" WIDTH="663" VPOS="773" HPOS="1876">
<String CONTENT="Experiments" HEIGHT="29" WIDTH="221" VPOS="773" HPOS="1876"/>
<SP HEIGHT="23" WIDTH="23" VPOS="774" HPOS="2098"/>
<String CONTENT="in" HEIGHT="23" WIDTH="36" VPOS="774" HPOS="2122"/>
<SP HEIGHT="22" WIDTH="22" VPOS="775" HPOS="2159"/>
<String CONTENT="behaviour" HEIGHT="22" WIDTH="180" VPOS="775" HPOS="2182"/>
<SP HEIGHT="22" WIDTH="22" VPOS="775" HPOS="2363"/>
<String CONTENT="therapy." HEIGHT="29" WIDTH="153" VPOS="775" HPOS="2386"/>
</TextLine>
<TextLine HEIGHT="31" WIDTH="460" VPOS="807" HPOS="1917">
<String CONTENT="See" HEIGHT="22" WIDTH="58" VPOS="808" HPOS="1917"/>
<SP HEIGHT="23" WIDTH="21" VPOS="807" HPOS="1976"/>
<String CONTENT="EYSENCK," HEIGHT="31" WIDTH="156" VPOS="807" HPOS="1998"/>
<SP HEIGHT="29" WIDTH="25" VPOS="809" HPOS="2155"/>
<String CONTENT="H." HEIGHT="24" WIDTH="34" VPOS="809" HPOS="2181"/>
<SP HEIGHT="24" WIDTH="27" VPOS="809" HPOS="2216"/>
<String CONTENT="J.," HEIGHT="29" WIDTH="52" VPOS="809" HPOS="2244"/>
<SP HEIGHT="24" WIDTH="27" VPOS="814" HPOS="2297"/>
<String CONTENT="ed." HEIGHT="23" WIDTH="52" VPOS="809" HPOS="2325"/>
</TextLine>
<TextLine HEIGHT="24" WIDTH="606" VPOS="848" HPOS="1879">
<String CONTENT="Fifth" HEIGHT="24" WIDTH="101" VPOS="848" HPOS="1879"/>
<SP HEIGHT="23" WIDTH="21" VPOS="848" HPOS="1981"/>
<String CONTENT="form" HEIGHT="23" WIDTH="80" VPOS="849" HPOS="2003"/>
<SP HEIGHT="23" WIDTH="18" VPOS="849" HPOS="2084"/>
<String CONTENT="French" HEIGHT="23" WIDTH="121" VPOS="849" HPOS="2103"/>
<SP HEIGHT="23" WIDTH="21" VPOS="849" HPOS="2225"/>
<String CONTENT="reader." HEIGHT="23" WIDTH="133" VPOS="849" HPOS="2247"/>
<SP HEIGHT="22" WIDTH="48" VPOS="850" HPOS="2381"/>
<String CONTENT="See" HEIGHT="22" WIDTH="55" VPOS="850" HPOS="2430"/>
</TextLine>
<TextLine HEIGHT="30" WIDTH="339" VPOS="882" HPOS="1920">
<String CONTENT="GAUTHIER," HEIGHT="30" WIDTH="177" VPOS="882" HPOS="1920"/>
<SP HEIGHT="29" WIDTH="25" VPOS="883" HPOS="2098"/>
<String CONTENT="ROBERT." HEIGHT="24" WIDTH="135" VPOS="882" HPOS="2124"/>
</TextLine>
<TextLine HEIGHT="30" WIDTH="703" VPOS="920" HPOS="1877">
<String CONTENT="The" HEIGHT="24" WIDTH="58" VPOS="921" HPOS="1877"/>
<SP HEIGHT="23" WIDTH="24" VPOS="921" HPOS="1936"/>
<String CONTENT="flight" HEIGHT="29" WIDTH="117" VPOS="921" HPOS="1961"/>
<SP HEIGHT="23" WIDTH="23" VPOS="921" HPOS="2079"/>
<String CONTENT="of" HEIGHT="23" WIDTH="37" VPOS="921" HPOS="2103"/>
<SP HEIGHT="23" WIDTH="19" VPOS="921" HPOS="2141"/>
<String CONTENT="uncontrolled" HEIGHT="23" WIDTH="242" VPOS="921" HPOS="2161"/>
<SP HEIGHT="22" WIDTH="24" VPOS="921" HPOS="2404"/>
<String CONTENT="rockets." HEIGHT="23" WIDTH="151" VPOS="920" HPOS="2429"/>
</TextLine>
<TextLine HEIGHT="29" WIDTH="419" VPOS="955" HPOS="1919">
<String CONTENT="See" HEIGHT="23" WIDTH="57" VPOS="955" HPOS="1919"/>
<SP HEIGHT="22" WIDTH="22" VPOS="956" HPOS="1977"/>
<String CONTENT="GANTMAKHER," HEIGHT="29" WIDTH="216" VPOS="955" HPOS="2000"/>
<SP HEIGHT="29" WIDTH="25" VPOS="955" HPOS="2217"/>
<String CONTENT="F." HEIGHT="24" WIDTH="33" VPOS="955" HPOS="2243"/>
<SP HEIGHT="24" WIDTH="26" VPOS="955" HPOS="2277"/>
<String CONTENT="R." HEIGHT="24" WIDTH="34" VPOS="955" HPOS="2304"/>
</TextLine>
<TextLine HEIGHT="30" WIDTH="627" VPOS="993" HPOS="1877">
<String CONTENT="Fuels" HEIGHT="23" WIDTH="100" VPOS="995" HPOS="1877"/>
<SP HEIGHT="17" WIDTH="22" VPOS="1000" HPOS="1978"/>
<String CONTENT="and" HEIGHT="22" WIDTH="57" VPOS="995" HPOS="2001"/>
<SP HEIGHT="22" WIDTH="21" VPOS="995" HPOS="2059"/>
<String CONTENT="new" HEIGHT="17" WIDTH="60" VPOS="1000" HPOS="2081"/>
<SP HEIGHT="23" WIDTH="19" VPOS="1000" HPOS="2142"/>
<String CONTENT="propellants." HEIGHT="30" WIDTH="236" VPOS="993" HPOS="2162"/>
<SP HEIGHT="23" WIDTH="48" VPOS="994" HPOS="2399"/>
<String CONTENT="See" HEIGHT="23" WIDTH="56" VPOS="994" HPOS="2448"/>
</TextLine>
<TextLine HEIGHT="65" WIDTH="627" VPOS="1028" HPOS="1919" CS="1">
<String CONTENT="CONFERENCE" HEIGHT="24" WIDTH="201" VPOS="1029" HPOS="1919"/>
<SP HEIGHT="23" WIDTH="21" VPOS="1029" HPOS="2121"/>
<String CONTENT="ON" HEIGHT="23" WIDTH="38" VPOS="1029" HPOS="2143"/>
<SP HEIGHT="23" WIDTH="19" VPOS="1029" HPOS="2182"/>
<String CONTENT="FUELS" HEIGHT="24" WIDTH="100" VPOS="1028" HPOS="2202"/>
<SP HEIGHT="24" WIDTH="20" VPOS="1028" HPOS="2303"/>
<String CONTENT="AND" HEIGHT="24" WIDTH="61" VPOS="1028" HPOS="2324"/>
<SP HEIGHT="24" WIDTH="19" VPOS="1028" HPOS="2386"/>
<String CONTENT="NEW" HEIGHT="24" WIDTH="60" VPOS="1028" HPOS="2406"/>
<SP HEIGHT="24" WIDTH="20" VPOS="1028" HPOS="2467"/>
<String CONTENT="PROPELLANTS," HEIGHT="65" WIDTH="627" VPOS="1028" HPOS="1919"/>
<SP HEIGHT="30" WIDTH="24" VPOS="1063" HPOS="2096"/>
<String CONTENT="MILAN." HEIGHT="25" WIDTH="115" VPOS="1063" HPOS="2121"/>
</TextLine>
<TextLine HEIGHT="30" WIDTH="744" VPOS="1102" HPOS="1877">
<String CONTENT="Functional" HEIGHT="23" WIDTH="201" VPOS="1102" HPOS="1877"/>
<SP HEIGHT="23" WIDTH="23" VPOS="1102" HPOS="2079"/>
<String CONTENT="analysis" HEIGHT="28" WIDTH="158" VPOS="1103" HPOS="2103"/>
<SP HEIGHT="23" WIDTH="24" VPOS="1103" HPOS="2262"/>
<String CONTENT="in" HEIGHT="23" WIDTH="34" VPOS="1103" HPOS="2287"/>
<SP HEIGHT="17" WIDTH="22" VPOS="1109" HPOS="2322"/>
<String CONTENT="normed" HEIGHT="22" WIDTH="119" VPOS="1104" HPOS="2345"/>
<SP HEIGHT="22" WIDTH="24" VPOS="1104" HPOS="2465"/>
<String CONTENT="spaces." HEIGHT="23" WIDTH="131" VPOS="1109" HPOS="2490"/>
</TextLine>
<TextLine HEIGHT="30" WIDTH="440" VPOS="1136" HPOS="1919">
<String CONTENT="See" HEIGHT="23" WIDTH="57" VPOS="1136" HPOS="1919"/>
<SP HEIGHT="22" WIDTH="23" VPOS="1137" HPOS="1977"/>
<String CONTENT="KANTOROVICH," HEIGHT="30" WIDTH="236" VPOS="1136" HPOS="2001"/>
<SP HEIGHT="29" WIDTH="27" VPOS="1137" HPOS="2238"/>
<String CONTENT="L." HEIGHT="24" WIDTH="32" VPOS="1137" HPOS="2266"/>
<SP HEIGHT="23" WIDTH="24" VPOS="1138" HPOS="2299"/>
<String CONTENT="V." HEIGHT="24" WIDTH="35" VPOS="1138" HPOS="2324"/>
</TextLine>
<TextLine HEIGHT="31" WIDTH="685" VPOS="1179" HPOS="1862">
<String CONTENT="The" HEIGHT="22" WIDTH="57" VPOS="1182" HPOS="1862"/>
<SP HEIGHT="24" WIDTH="25" VPOS="1186" HPOS="1920"/>
<String CONTENT="genesis" HEIGHT="30" WIDTH="137" VPOS="1180" HPOS="1946"/>
<SP HEIGHT="18" WIDTH="24" VPOS="1185" HPOS="2084"/>
<String CONTENT="of" HEIGHT="23" WIDTH="37" VPOS="1180" HPOS="2109"/>
<SP HEIGHT="28" WIDTH="22" VPOS="1180" HPOS="2147"/>
<String CONTENT="point" HEIGHT="29" WIDTH="97" VPOS="1179" HPOS="2170"/>
<SP HEIGHT="23" WIDTH="23" VPOS="1179" HPOS="2268"/>
<String CONTENT="set" HEIGHT="23" WIDTH="56" VPOS="1179" HPOS="2292"/>
<SP HEIGHT="23" WIDTH="23" VPOS="1179" HPOS="2349"/>
<String CONTENT="topology." HEIGHT="28" WIDTH="174" VPOS="1179" HPOS="2373"/>
</TextLine>
<TextLine HEIGHT="29" WIDTH="439" VPOS="1214" HPOS="1905">
<String CONTENT="See" HEIGHT="23" WIDTH="56" VPOS="1215" HPOS="1905"/>
<SP HEIGHT="22" WIDTH="24" VPOS="1215" HPOS="1962"/>
<String CONTENT="MANHEIM," HEIGHT="29" WIDTH="153" VPOS="1214" HPOS="1987"/>
<SP HEIGHT="28" WIDTH="27" VPOS="1215" HPOS="2141"/>
<String CONTENT="JEROME" HEIGHT="23" WIDTH="121" VPOS="1214" HPOS="2169"/>
<SP HEIGHT="23" WIDTH="19" VPOS="1214" HPOS="2291"/>
<String CONTENT="H." HEIGHT="25" WIDTH="33" VPOS="1214" HPOS="2311"/>
</TextLine>
<TextLine HEIGHT="64" WIDTH="667" VPOS="1249" HPOS="1880" CS="1">
<String CONTENT="George" HEIGHT="28" WIDTH="117" VPOS="1250" HPOS="1880"/>
<SP HEIGHT="23" WIDTH="23" VPOS="1250" HPOS="1998"/>
<String CONTENT="Brown," HEIGHT="28" WIDTH="114" VPOS="1250" HPOS="2022"/>
<SP HEIGHT="23" WIDTH="26" VPOS="1255" HPOS="2137"/>
<String CONTENT="a" HEIGHT="17" WIDTH="18" VPOS="1255" HPOS="2164"/>
<SP HEIGHT="23" WIDTH="19" VPOS="1255" HPOS="2183"/>
<String CONTENT="profile" HEIGHT="29" WIDTH="140" VPOS="1249" HPOS="2203"/>
<SP HEIGHT="18" WIDTH="23" VPOS="1255" HPOS="2344"/>
<String CONTENT="and" HEIGHT="22" WIDTH="56" VPOS="1250" HPOS="2368"/>
<SP HEIGHT="28" WIDTH="21" VPOS="1250" HPOS="2425"/>
<String CONTENT="pictorial" HEIGHT="58" WIDTH="627" VPOS="1249" HPOS="1920"/>
<SP HEIGHT="23" WIDTH="23" VPOS="1284" HPOS="1998"/>
<String CONTENT="biography." HEIGHT="29" WIDTH="194" VPOS="1284" HPOS="2022"/>
<SP HEIGHT="23" WIDTH="48" VPOS="1284" HPOS="2217"/>
<String CONTENT="See" HEIGHT="23" WIDTH="56" VPOS="1284" HPOS="2266"/>
<SP HEIGHT="23" WIDTH="24" VPOS="1284" HPOS="2323"/>
<String CONTENT="CONNOR," HEIGHT="30" WIDTH="134" VPOS="1283" HPOS="2348"/>
</TextLine>
<TextLine HEIGHT="24" WIDTH="259" VPOS="1317" HPOS="1917">
<String CONTENT="WILLIAM" HEIGHT="23" WIDTH="145" VPOS="1317" HPOS="1917"/>
<SP HEIGHT="22" WIDTH="19" VPOS="1318" HPOS="2063"/>
<String CONTENT="NEIL." HEIGHT="24" WIDTH="93" VPOS="1317" HPOS="2083"/>
</TextLine>
<TextLine HEIGHT="26" WIDTH="622" VPOS="1348" HPOS="1881">
<String CONTENT="Geschichten" HEIGHT="24" WIDTH="223" VPOS="1350" HPOS="1881"/>
<SP HEIGHT="18" WIDTH="21" VPOS="1355" HPOS="2105"/>
<String CONTENT="zum" HEIGHT="18" WIDTH="59" VPOS="1355" HPOS="2127"/>
<SP HEIGHT="18" WIDTH="17" VPOS="1355" HPOS="2187"/>
<String CONTENT="wiedererzahlen." HEIGHT="24" WIDTH="298" VPOS="1348" HPOS="2205"/>
</TextLine>
<TextLine HEIGHT="30" WIDTH="357" VPOS="1384" HPOS="1923">
<String CONTENT="See" HEIGHT="22" WIDTH="56" VPOS="1386" HPOS="1923"/>
<SP HEIGHT="22" WIDTH="25" VPOS="1386" HPOS="1980"/>
<String CONTENT="SAVIGNY," HEIGHT="30" WIDTH="155" VPOS="1384" HPOS="2006"/>
<SP HEIGHT="30" WIDTH="23" VPOS="1384" HPOS="2162"/>
<String CONTENT="W." HEIGHT="23" WIDTH="33" VPOS="1384" HPOS="2186"/>
<SP HEIGHT="23" WIDTH="27" VPOS="1384" HPOS="2220"/>
<String CONTENT="B." HEIGHT="23" WIDTH="32" VPOS="1384" HPOS="2248"/>
</TextLine>
<TextLine HEIGHT="30" WIDTH="687" VPOS="1429" HPOS="1879">
<String CONTENT="Giro" HEIGHT="26" WIDTH="80" VPOS="1430" HPOS="1879"/>
<SP HEIGHT="18" WIDTH="22" VPOS="1437" HPOS="1960"/>
<String CONTENT="credit" HEIGHT="24" WIDTH="117" VPOS="1430" HPOS="1983"/>
<SP HEIGHT="24" WIDTH="22" VPOS="1430" HPOS="2101"/>
<String CONTENT="transfer" HEIGHT="24" WIDTH="159" VPOS="1430" HPOS="2124"/>
<SP HEIGHT="18" WIDTH="24" VPOS="1435" HPOS="2284"/>
<String CONTENT="systems." HEIGHT="30" WIDTH="152" VPOS="1429" HPOS="2309"/>
<SP HEIGHT="24" WIDTH="47" VPOS="1429" HPOS="2462"/>
<String CONTENT="See" HEIGHT="23" WIDTH="56" VPOS="1429" HPOS="2510"/>
</TextLine>
<TextLine HEIGHT="29" WIDTH="277" VPOS="1466" HPOS="1920">
<String CONTENT="THOMSON," HEIGHT="29" WIDTH="155" VPOS="1466" HPOS="1920"/>
<SP HEIGHT="29" WIDTH="25" VPOS="1466" HPOS="2076"/>
<String CONTENT="F." HEIGHT="23" WIDTH="35" VPOS="1466" HPOS="2102"/>
<SP HEIGHT="23" WIDTH="26" VPOS="1466" HPOS="2138"/>
<String CONTENT="P." HEIGHT="22" WIDTH="32" VPOS="1466" HPOS="2165"/>
</TextLine>
<TextLine HEIGHT="31" WIDTH="752" VPOS="1501" HPOS="1879">
<String CONTENT="Halftone" HEIGHT="23" WIDTH="160" VPOS="1501" HPOS="1879"/>
<SP HEIGHT="23" WIDTH="22" VPOS="1506" HPOS="2040"/>
<String CONTENT="printing." HEIGHT="30" WIDTH="176" VPOS="1502" HPOS="2063"/>
<SP HEIGHT="25" WIDTH="45" VPOS="1503" HPOS="2240"/>
<String CONTENT="See" HEIGHT="23" WIDTH="58" VPOS="1503" HPOS="2286"/>
<SP HEIGHT="23" WIDTH="24" VPOS="1504" HPOS="2345"/>
<String CONTENT="INTERNATIONAL" HEIGHT="24" WIDTH="261" VPOS="1504" HPOS="2370"/>
</TextLine>
<TextLine HEIGHT="27" WIDTH="629" VPOS="1535" HPOS="1921">
<String CONTENT="CONFERENCE" HEIGHT="24" WIDTH="200" VPOS="1535" HPOS="1921"/>
<SP HEIGHT="23" WIDTH="24" VPOS="1536" HPOS="2122"/>
<String CONTENT="OF" HEIGHT="23" WIDTH="35" VPOS="1536" HPOS="2147"/>
<SP HEIGHT="23" WIDTH="23" VPOS="1536" HPOS="2183"/>
<String CONTENT="PRINTING" HEIGHT="25" WIDTH="159" VPOS="1536" HPOS="2207"/>
<SP HEIGHT="23" WIDTH="19" VPOS="1538" HPOS="2367"/>
<String CONTENT="RESEARCH" HEIGHT="25" WIDTH="163" VPOS="1537" HPOS="2387"/>
</TextLine>
<TextLine HEIGHT="33" WIDTH="621" VPOS="1568" HPOS="1922">
<String CONTENT="INSTITUTES." HEIGHT="27" WIDTH="213" VPOS="1568" HPOS="1922"/>
<SP HEIGHT="26" WIDTH="48" VPOS="1571" HPOS="2136"/>
<String CONTENT="7TH," HEIGHT="29" WIDTH="73" VPOS="1570" HPOS="2185"/>
<SP HEIGHT="28" WIDTH="27" VPOS="1571" HPOS="2259"/>
<String CONTENT="LONDON," HEIGHT="30" WIDTH="134" VPOS="1571" HPOS="2287"/>
<SP HEIGHT="29" WIDTH="28" VPOS="1572" HPOS="2422"/>
<String CONTENT="1963." HEIGHT="33" WIDTH="92" VPOS="1568" HPOS="2451"/>
</TextLine>
<TextLine HEIGHT="29" WIDTH="686" VPOS="1604" HPOS="1885">
<String CONTENT="Hard" HEIGHT="24" WIDTH="77" VPOS="1605" HPOS="1885"/>
<SP HEIGHT="23" WIDTH="21" VPOS="1605" HPOS="1963"/>
<String CONTENT="metals" HEIGHT="23" WIDTH="119" VPOS="1605" HPOS="1985"/>
<SP HEIGHT="23" WIDTH="24" VPOS="1610" HPOS="2105"/>
<String CONTENT="production," HEIGHT="28" WIDTH="214" VPOS="1605" HPOS="2130"/>
<SP HEIGHT="29" WIDTH="28" VPOS="1604" HPOS="2345"/>
<String CONTENT="technology" HEIGHT="28" WIDTH="197" VPOS="1604" HPOS="2374"/>
</TextLine>
<TextLine HEIGHT="25" WIDTH="666" VPOS="1638" HPOS="1925">
<String CONTENT="and" HEIGHT="22" WIDTH="57" VPOS="1640" HPOS="1925"/>
<SP HEIGHT="22" WIDTH="24" VPOS="1640" HPOS="1983"/>
<String CONTENT="research" HEIGHT="23" WIDTH="160" VPOS="1639" HPOS="2008"/>
<SP HEIGHT="22" WIDTH="22" VPOS="1639" HPOS="2169"/>
<String CONTENT="in" HEIGHT="22" WIDTH="37" VPOS="1639" HPOS="2192"/>
<SP HEIGHT="22" WIDTH="21" VPOS="1639" HPOS="2230"/>
<String CONTENT="the" HEIGHT="22" WIDTH="55" VPOS="1639" HPOS="2252"/>
<SP HEIGHT="23" WIDTH="23" VPOS="1639" HPOS="2308"/>
<String CONTENT="U.S.S.R." HEIGHT="25" WIDTH="156" VPOS="1638" HPOS="2332"/>
<SP HEIGHT="25" WIDTH="46" VPOS="1638" HPOS="2489"/>
<String CONTENT="See" HEIGHT="23" WIDTH="55" VPOS="1638" HPOS="2536"/>
</TextLine>
<TextLine HEIGHT="31" WIDTH="422" VPOS="1672" HPOS="1923">
<String CONTENT="BASHKIROV," HEIGHT="29" WIDTH="198" VPOS="1674" HPOS="1923"/>
<SP HEIGHT="30" WIDTH="28" VPOS="1673" HPOS="2122"/>
<String CONTENT="S." HEIGHT="25" WIDTH="32" VPOS="1673" HPOS="2151"/>
<SP HEIGHT="25" WIDTH="28" VPOS="1673" HPOS="2184"/>
<String CONTENT="I.," HEIGHT="29" WIDTH="50" VPOS="1673" HPOS="2213"/>
<SP HEIGHT="24" WIDTH="27" VPOS="1678" HPOS="2264"/>
<String CONTENT="ed." HEIGHT="24" WIDTH="53" VPOS="1672" HPOS="2292"/>
</TextLine>
<TextLine HEIGHT="32" WIDTH="725" VPOS="1708" HPOS="1882">
<String CONTENT="Health," HEIGHT="29" WIDTH="137" VPOS="1711" HPOS="1882"/>
<SP HEIGHT="29" WIDTH="27" VPOS="1711" HPOS="2020"/>
<String CONTENT="its" HEIGHT="23" WIDTH="55" VPOS="1710" HPOS="2048"/>
<SP HEIGHT="17" WIDTH="22" VPOS="1716" HPOS="2104"/>
<String CONTENT="nature" HEIGHT="23" WIDTH="119" VPOS="1710" HPOS="2127"/>
<SP HEIGHT="17" WIDTH="22" VPOS="1715" HPOS="2247"/>
<String CONTENT="and" HEIGHT="23" WIDTH="59" VPOS="1710" HPOS="2270"/>
<SP HEIGHT="23" WIDTH="21" VPOS="1710" HPOS="2330"/>
<String CONTENT="conservation." HEIGHT="24" WIDTH="255" VPOS="1708" HPOS="2352"/>
</TextLine>
<TextLine HEIGHT="30" WIDTH="360" VPOS="1745" HPOS="1924">
<String CONTENT="See" HEIGHT="23" WIDTH="58" VPOS="1746" HPOS="1924"/>
<SP HEIGHT="23" WIDTH="23" VPOS="1746" HPOS="1983"/>
<String CONTENT="CREW," HEIGHT="29" WIDTH="93" VPOS="1746" HPOS="2007"/>
<SP HEIGHT="29" WIDTH="25" VPOS="1746" HPOS="2101"/>
<String CONTENT="F." HEIGHT="24" WIDTH="35" VPOS="1746" HPOS="2127"/>
<SP HEIGHT="25" WIDTH="23" VPOS="1745" HPOS="2163"/>
<String CONTENT="A." HEIGHT="25" WIDTH="36" VPOS="1745" HPOS="2187"/>
<SP HEIGHT="25" WIDTH="23" VPOS="1745" HPOS="2224"/>
<String CONTENT="E." HEIGHT="25" WIDTH="36" VPOS="1745" HPOS="2248"/>
</TextLine>
<TextLine HEIGHT="28" WIDTH="623" VPOS="1786" HPOS="1886">
<String CONTENT="Hydraulics" HEIGHT="28" WIDTH="200" VPOS="1786" HPOS="1886"/>
<SP HEIGHT="18" WIDTH="23" VPOS="1791" HPOS="2087"/>
<String CONTENT="and" HEIGHT="23" WIDTH="56" VPOS="1787" HPOS="2111"/>
<SP HEIGHT="23" WIDTH="25" VPOS="1787" HPOS="2168"/>
<String CONTENT="fluid" HEIGHT="23" WIDTH="95" VPOS="1787" HPOS="2194"/>
<SP HEIGHT="23" WIDTH="22" VPOS="1787" HPOS="2290"/>
<String CONTENT="mechanics." HEIGHT="25" WIDTH="196" VPOS="1787" HPOS="2313"/>
</TextLine>
<TextLine HEIGHT="25" WIDTH="609" VPOS="1820" HPOS="1927">
<String CONTENT="See" HEIGHT="23" WIDTH="56" VPOS="1820" HPOS="1927"/>
<SP HEIGHT="22" WIDTH="23" VPOS="1820" HPOS="1984"/>
<String CONTENT="AUSTRALASIAN" HEIGHT="24" WIDTH="243" VPOS="1820" HPOS="2008"/>
<SP HEIGHT="23" WIDTH="21" VPOS="1821" HPOS="2252"/>
<String CONTENT="CONFERENCE" HEIGHT="24" WIDTH="201" VPOS="1821" HPOS="2274"/>
<SP HEIGHT="23" WIDTH="20" VPOS="1821" HPOS="2476"/>
<String CONTENT="ON" HEIGHT="23" WIDTH="39" VPOS="1821" HPOS="2497"/>
</TextLine>
<TextLine HEIGHT="27" WIDTH="623" VPOS="1854" HPOS="1926">
<String CONTENT="HYDRAULICS" HEIGHT="25" WIDTH="202" VPOS="1854" HPOS="1926"/>
<SP HEIGHT="24" WIDTH="23" VPOS="1854" HPOS="2129"/>
<String CONTENT="AND" HEIGHT="25" WIDTH="57" VPOS="1854" HPOS="2153"/>
<SP HEIGHT="23" WIDTH="20" VPOS="1856" HPOS="2211"/>
<String CONTENT="FLUID" HEIGHT="23" WIDTH="100" VPOS="1856" HPOS="2232"/>
<SP HEIGHT="22" WIDTH="20" VPOS="1857" HPOS="2333"/>
<String CONTENT="MECHANICS." HEIGHT="25" WIDTH="195" VPOS="1856" HPOS="2354"/>
</TextLine>
<TextLine HEIGHT="30" WIDTH="527" VPOS="1888" HPOS="1928">
<String CONTENT="1ST," HEIGHT="30" WIDTH="72" VPOS="1888" HPOS="1928"/>
<SP HEIGHT="29" WIDTH="27" VPOS="1889" HPOS="2001"/>
<String CONTENT="UNIVERSITY" HEIGHT="24" WIDTH="201" VPOS="1889" HPOS="2029"/>
<SP HEIGHT="23" WIDTH="22" VPOS="1890" HPOS="2231"/>
<String CONTENT="OF" HEIGHT="23" WIDTH="36" VPOS="1890" HPOS="2254"/>
<SP HEIGHT="23" WIDTH="19" VPOS="1890" HPOS="2291"/>
<String CONTENT="WESTERN" HEIGHT="23" WIDTH="144" VPOS="1890" HPOS="2311"/>
</TextLine>
<TextLine HEIGHT="34" WIDTH="320" VPOS="1918" HPOS="1925">
<String CONTENT="AUSTRALIA," HEIGHT="30" WIDTH="197" VPOS="1922" HPOS="1925"/>
<SP HEIGHT="29" WIDTH="29" VPOS="1923" HPOS="2123"/>
<String CONTENT="1962." HEIGHT="32" WIDTH="92" VPOS="1918" HPOS="2153"/>
</TextLine>
<TextLine HEIGHT="28" WIDTH="721" VPOS="1957" HPOS="1883">
<String CONTENT="Industrial" HEIGHT="23" WIDTH="198" VPOS="1958" HPOS="1883"/>
<SP HEIGHT="27" WIDTH="21" VPOS="1958" HPOS="2082"/>
<String CONTENT="paints," HEIGHT="27" WIDTH="135" VPOS="1958" HPOS="2104"/>
<SP HEIGHT="27" WIDTH="27" VPOS="1958" HPOS="2240"/>
<String CONTENT="basic" HEIGHT="22" WIDTH="97" VPOS="1958" HPOS="2268"/>
<SP HEIGHT="23" WIDTH="21" VPOS="1962" HPOS="2366"/>
<String CONTENT="principles." HEIGHT="28" WIDTH="216" VPOS="1957" HPOS="2388"/>
</TextLine>
<TextLine HEIGHT="29" WIDTH="337" VPOS="1990" HPOS="1921">
<String CONTENT="See" HEIGHT="23" WIDTH="58" VPOS="1992" HPOS="1921"/>
<SP HEIGHT="22" WIDTH="22" VPOS="1992" HPOS="1980"/>
<String CONTENT="TYSALL," HEIGHT="28" WIDTH="135" VPOS="1991" HPOS="2003"/>
<SP HEIGHT="28" WIDTH="26" VPOS="1991" HPOS="2139"/>
<String CONTENT="L." HEIGHT="24" WIDTH="31" VPOS="1991" HPOS="2166"/>
<SP HEIGHT="25" WIDTH="27" VPOS="1990" HPOS="2198"/>
<String CONTENT="A." HEIGHT="24" WIDTH="32" VPOS="1990" HPOS="2226"/>
</TextLine>
<TextLine HEIGHT="33" WIDTH="545" VPOS="2025" HPOS="1899" CS="1">
<String CONTENT="Integration" HEIGHT="29" WIDTH="219" VPOS="2029" HPOS="1899"/>
<SP HEIGHT="18" WIDTH="22" VPOS="2034" HPOS="2119"/>
<String CONTENT="of" HEIGHT="23" WIDTH="38" VPOS="2028" HPOS="2142"/>
<SP HEIGHT="22" WIDTH="21" VPOS="2028" HPOS="2181"/>
<String CONTENT="equations" HEIGHT="28" WIDTH="178" VPOS="2027" HPOS="2203"/>
<SP HEIGHT="18" WIDTH="23" VPOS="2031" HPOS="2382"/>
<String CONTENT="of" HEIGHT="23" WIDTH="38" VPOS="2025" HPOS="2406"/>
</TextLine>
<TextLine HEIGHT="33" WIDTH="628" VPOS="2058" HPOS="1938">
<String CONTENT="parabolic" HEIGHT="29" WIDTH="180" VPOS="2062" HPOS="1938"/>
<SP HEIGHT="22" WIDTH="23" VPOS="2062" HPOS="2119"/>
<String CONTENT="type" HEIGHT="28" WIDTH="76" VPOS="2062" HPOS="2143"/>
<SP HEIGHT="23" WIDTH="22" VPOS="2061" HPOS="2220"/>
<String CONTENT="by" HEIGHT="28" WIDTH="38" VPOS="2061" HPOS="2243"/>
<SP HEIGHT="28" WIDTH="23" VPOS="2061" HPOS="2282"/>
<String CONTENT="the" HEIGHT="23" WIDTH="55" VPOS="2060" HPOS="2306"/>
<SP HEIGHT="18" WIDTH="22" VPOS="2065" HPOS="2362"/>
<String CONTENT="method" HEIGHT="23" WIDTH="118" VPOS="2059" HPOS="2385"/>
<SP HEIGHT="22" WIDTH="23" VPOS="2059" HPOS="2504"/>
<String CONTENT="of" HEIGHT="23" WIDTH="38" VPOS="2058" HPOS="2528"/>
</TextLine>
<TextLine HEIGHT="28" WIDTH="519" VPOS="2094" HPOS="1939">
<String CONTENT="nets." HEIGHT="22" WIDTH="93" VPOS="2098" HPOS="1939"/>
<SP HEIGHT="24" WIDTH="47" VPOS="2096" HPOS="2033"/>
<String CONTENT="See" HEIGHT="23" WIDTH="57" VPOS="2096" HPOS="2081"/>
<SP HEIGHT="23" WIDTH="22" VPOS="2096" HPOS="2139"/>
<String CONTENT="SAUL'YEV," HEIGHT="27" WIDTH="176" VPOS="2095" HPOS="2162"/>
<SP HEIGHT="28" WIDTH="24" VPOS="2094" HPOS="2339"/>
<String CONTENT="V." HEIGHT="24" WIDTH="33" VPOS="2094" HPOS="2364"/>
<SP HEIGHT="24" WIDTH="27" VPOS="2094" HPOS="2398"/>
<String CONTENT="K." HEIGHT="24" WIDTH="32" VPOS="2094" HPOS="2426"/>
</TextLine>
<TextLine HEIGHT="29" WIDTH="685" VPOS="2135" HPOS="1884">
<String CONTENT="An" HEIGHT="23" WIDTH="39" VPOS="2137" HPOS="1884"/>
<SP HEIGHT="23" WIDTH="24" VPOS="2136" HPOS="1924"/>
<String CONTENT="introduction" HEIGHT="23" WIDTH="239" VPOS="2136" HPOS="1949"/>
<SP HEIGHT="24" WIDTH="22" VPOS="2135" HPOS="2189"/>
<String CONTENT="to" HEIGHT="23" WIDTH="38" VPOS="2135" HPOS="2212"/>
<SP HEIGHT="23" WIDTH="20" VPOS="2141" HPOS="2251"/>
<String CONTENT="gas" HEIGHT="24" WIDTH="57" VPOS="2140" HPOS="2272"/>
<SP HEIGHT="23" WIDTH="24" VPOS="2135" HPOS="2330"/>
<String CONTENT="discharges." HEIGHT="28" WIDTH="214" VPOS="2135" HPOS="2355"/>
</TextLine>
<TextLine HEIGHT="30" WIDTH="379" VPOS="2170" HPOS="1927">
<String CONTENT="See" HEIGHT="23" WIDTH="57" VPOS="2171" HPOS="1927"/>
<SP HEIGHT="23" WIDTH="22" VPOS="2171" HPOS="1985"/>
<String CONTENT="HOWATSON," HEIGHT="30" WIDTH="176" VPOS="2170" HPOS="2008"/>
<SP HEIGHT="30" WIDTH="23" VPOS="2170" HPOS="2185"/>
<String CONTENT="A." HEIGHT="25" WIDTH="37" VPOS="2170" HPOS="2209"/>
<SP HEIGHT="25" WIDTH="23" VPOS="2170" HPOS="2247"/>
<String CONTENT="M." HEIGHT="25" WIDTH="35" VPOS="2170" HPOS="2271"/>
</TextLine>
<TextLine HEIGHT="29" WIDTH="708" VPOS="2211" HPOS="1881">
<String CONTENT="An" HEIGHT="22" WIDTH="39" VPOS="2215" HPOS="1881"/>
<SP HEIGHT="22" WIDTH="22" VPOS="2214" HPOS="1921"/>
<String CONTENT="introduction" HEIGHT="23" WIDTH="240" VPOS="2213" HPOS="1944"/>
<SP HEIGHT="23" WIDTH="22" VPOS="2212" HPOS="2185"/>
<String CONTENT="to" HEIGHT="23" WIDTH="37" VPOS="2212" HPOS="2208"/>
<SP HEIGHT="22" WIDTH="23" VPOS="2212" HPOS="2246"/>
<String CONTENT="the" HEIGHT="22" WIDTH="55" VPOS="2212" HPOS="2270"/>
<SP HEIGHT="17" WIDTH="25" VPOS="2217" HPOS="2326"/>
<String CONTENT="seasoning" HEIGHT="28" WIDTH="178" VPOS="2212" HPOS="2352"/>
<SP HEIGHT="24" WIDTH="22" VPOS="2216" HPOS="2531"/>
<String CONTENT="of" HEIGHT="22" WIDTH="35" VPOS="2211" HPOS="2554"/>
</TextLine>
<TextLine HEIGHT="29" WIDTH="499" VPOS="2247" HPOS="1923">
<String CONTENT="timber." HEIGHT="24" WIDTH="134" VPOS="2247" HPOS="1923"/>
<SP HEIGHT="23" WIDTH="47" VPOS="2248" HPOS="2058"/>
<String CONTENT="See" HEIGHT="23" WIDTH="57" VPOS="2248" HPOS="2106"/>
<SP HEIGHT="24" WIDTH="22" VPOS="2247" HPOS="2164"/>
<String CONTENT="BROWN," HEIGHT="29" WIDTH="114" VPOS="2247" HPOS="2187"/>
<SP HEIGHT="29" WIDTH="24" VPOS="2247" HPOS="2302"/>
<String CONTENT="W." HEIGHT="25" WIDTH="35" VPOS="2247" HPOS="2327"/>
<SP HEIGHT="25" WIDTH="26" VPOS="2247" HPOS="2363"/>
<String CONTENT="H." HEIGHT="24" WIDTH="32" VPOS="2247" HPOS="2390"/>
</TextLine>
<TextLine HEIGHT="33" WIDTH="689" VPOS="2281" HPOS="1885">
<String CONTENT="An" HEIGHT="24" WIDTH="41" VPOS="2287" HPOS="1885"/>
<SP HEIGHT="24" WIDTH="21" VPOS="2287" HPOS="1927"/>
<String CONTENT="introductory" HEIGHT="29" WIDTH="243" VPOS="2285" HPOS="1949"/>
<SP HEIGHT="24" WIDTH="19" VPOS="2290" HPOS="2193"/>
<String CONTENT="guide" HEIGHT="29" WIDTH="98" VPOS="2284" HPOS="2213"/>
<SP HEIGHT="24" WIDTH="22" VPOS="2283" HPOS="2312"/>
<String CONTENT="to" HEIGHT="23" WIDTH="38" VPOS="2283" HPOS="2335"/>
<SP HEIGHT="23" WIDTH="20" VPOS="2289" HPOS="2374"/>
<String CONTENT="practical" HEIGHT="31" WIDTH="179" VPOS="2281" HPOS="2395"/>
</TextLine>
<TextLine HEIGHT="35" WIDTH="623" VPOS="2316" HPOS="1927">
<String CONTENT="physics." HEIGHT="30" WIDTH="156" VPOS="2321" HPOS="1927"/>
<SP HEIGHT="23" WIDTH="49" VPOS="2320" HPOS="2084"/>
<String CONTENT="See" HEIGHT="23" WIDTH="55" VPOS="2320" HPOS="2134"/>
<SP HEIGHT="23" WIDTH="24" VPOS="2319" HPOS="2190"/>
<String CONTENT="STEPHENSON," HEIGHT="30" WIDTH="215" VPOS="2317" HPOS="2215"/>
<SP HEIGHT="31" WIDTH="25" VPOS="2316" HPOS="2431"/>
<String CONTENT="J." HEIGHT="24" WIDTH="32" VPOS="2316" HPOS="2457"/>
<SP HEIGHT="23" WIDTH="27" VPOS="2316" HPOS="2490"/>
<String CONTENT="P." HEIGHT="23" WIDTH="32" VPOS="2316" HPOS="2518"/>
</TextLine>
<TextLine HEIGHT="63" WIDTH="687" VPOS="2362" HPOS="1888" CS="1">
<String CONTENT="Investigations" HEIGHT="29" WIDTH="281" VPOS="2362" HPOS="1888"/>
<SP HEIGHT="24" WIDTH="23" VPOS="2362" HPOS="2170"/>
<String CONTENT="into" HEIGHT="23" WIDTH="76" VPOS="2362" HPOS="2194"/>
<SP HEIGHT="17" WIDTH="23" VPOS="2368" HPOS="2271"/>
<String CONTENT="electrical" HEIGHT="24" WIDTH="199" VPOS="2362" HPOS="2295"/>
<SP HEIGHT="24" WIDTH="22" VPOS="2362" HPOS="2495"/>
<String CONTENT="discharges" HEIGHT="62" WIDTH="647" VPOS="2363" HPOS="1928"/>
<SP HEIGHT="24" WIDTH="24" VPOS="2395" HPOS="2068"/>
<String CONTENT="in" HEIGHT="24" WIDTH="36" VPOS="2395" HPOS="2093"/>
<SP HEIGHT="23" WIDTH="21" VPOS="2402" HPOS="2130"/>
<String CONTENT="gases." HEIGHT="23" WIDTH="114" VPOS="2402" HPOS="2152"/>
<SP HEIGHT="24" WIDTH="47" VPOS="2397" HPOS="2267"/>
<String CONTENT="See" HEIGHT="23" WIDTH="58" VPOS="2397" HPOS="2315"/>
</TextLine>
<TextLine HEIGHT="29" WIDTH="442" VPOS="2430" HPOS="1927">
<String CONTENT="KLYARFEL'D," HEIGHT="28" WIDTH="219" VPOS="2430" HPOS="1927"/>
<SP HEIGHT="27" WIDTH="25" VPOS="2431" HPOS="2147"/>
<String CONTENT="B." HEIGHT="23" WIDTH="32" VPOS="2431" HPOS="2173"/>
<SP HEIGHT="24" WIDTH="26" VPOS="2430" HPOS="2206"/>
<String CONTENT="N.," HEIGHT="29" WIDTH="53" VPOS="2430" HPOS="2233"/>
<SP HEIGHT="23" WIDTH="28" VPOS="2436" HPOS="2287"/>
<String CONTENT="ed." HEIGHT="25" WIDTH="53" VPOS="2431" HPOS="2316"/>
</TextLine>
<TextLine HEIGHT="30" WIDTH="647" VPOS="2462" HPOS="1885">
<String CONTENT="The" HEIGHT="24" WIDTH="57" VPOS="2464" HPOS="1885"/>
<SP HEIGHT="22" WIDTH="24" VPOS="2464" HPOS="1943"/>
<String CONTENT="isoquinoline" HEIGHT="29" WIDTH="238" VPOS="2463" HPOS="1968"/>
<SP HEIGHT="17" WIDTH="23" VPOS="2468" HPOS="2207"/>
<String CONTENT="alkaloids." HEIGHT="23" WIDTH="195" VPOS="2462" HPOS="2231"/>
<SP HEIGHT="23" WIDTH="47" VPOS="2462" HPOS="2427"/>
<String CONTENT="See" HEIGHT="23" WIDTH="57" VPOS="2462" HPOS="2475"/>
</TextLine>
<TextLine HEIGHT="30" WIDTH="279" VPOS="2498" HPOS="1925">
<String CONTENT="BENTLEY," HEIGHT="30" WIDTH="157" VPOS="2498" HPOS="1925"/>
<SP HEIGHT="30" WIDTH="24" VPOS="2498" HPOS="2083"/>
<String CONTENT="K." HEIGHT="24" WIDTH="35" VPOS="2498" HPOS="2108"/>
<SP HEIGHT="24" WIDTH="24" VPOS="2498" HPOS="2144"/>
<String CONTENT="W." HEIGHT="24" WIDTH="35" VPOS="2498" HPOS="2169"/>
</TextLine>
<TextLine HEIGHT="30" WIDTH="627" VPOS="2534" HPOS="1886">
<String CONTENT="The" HEIGHT="23" WIDTH="58" VPOS="2536" HPOS="1886"/>
<SP HEIGHT="23" WIDTH="22" VPOS="2536" HPOS="1945"/>
<String CONTENT="language" HEIGHT="28" WIDTH="158" VPOS="2536" HPOS="1968"/>
<SP HEIGHT="17" WIDTH="24" VPOS="2541" HPOS="2127"/>
<String CONTENT="of" HEIGHT="22" WIDTH="37" VPOS="2535" HPOS="2152"/>
<SP HEIGHT="22" WIDTH="21" VPOS="2535" HPOS="2190"/>
<String CONTENT="triangles." HEIGHT="28" WIDTH="195" VPOS="2535" HPOS="2212"/>
<SP HEIGHT="23" WIDTH="48" VPOS="2534" HPOS="2408"/>
<String CONTENT="See" HEIGHT="23" WIDTH="56" VPOS="2534" HPOS="2457"/>
</TextLine>
<TextLine HEIGHT="31" WIDTH="237" VPOS="2568" HPOS="1928">
<String CONTENT="CROWN," HEIGHT="30" WIDTH="115" VPOS="2569" HPOS="1928"/>
<SP HEIGHT="31" WIDTH="23" VPOS="2568" HPOS="2044"/>
<String CONTENT="A." HEIGHT="25" WIDTH="36" VPOS="2568" HPOS="2068"/>
<SP HEIGHT="24" WIDTH="23" VPOS="2569" HPOS="2105"/>
<String CONTENT="W." HEIGHT="24" WIDTH="36" VPOS="2569" HPOS="2129"/>
</TextLine>
<TextLine HEIGHT="66" WIDTH="689" VPOS="2606" HPOS="1888" CS="1">
<String CONTENT="Lectures" HEIGHT="23" WIDTH="160" VPOS="2608" HPOS="1888"/>
<SP HEIGHT="23" WIDTH="22" VPOS="2608" HPOS="2049"/>
<String CONTENT="francaises." HEIGHT="24" WIDTH="215" VPOS="2607" HPOS="2072"/>
<SP HEIGHT="23" WIDTH="48" VPOS="2607" HPOS="2288"/>
<String CONTENT="See" HEIGHT="23" WIDTH="56" VPOS="2607" HPOS="2337"/>
<SP HEIGHT="23" WIDTH="22" VPOS="2606" HPOS="2394"/>
<String CONTENT="KYNASTONSNELL," HEIGHT="66" WIDTH="647" VPOS="2606" HPOS="1930"/>
<SP HEIGHT="30" WIDTH="24" VPOS="2642" HPOS="2047"/>
<String CONTENT="H." HEIGHT="23" WIDTH="33" VPOS="2642" HPOS="2072"/>
<SP HEIGHT="24" WIDTH="25" VPOS="2641" HPOS="2106"/>
<String CONTENT="F." HEIGHT="24" WIDTH="33" VPOS="2641" HPOS="2132"/>
</TextLine>
<TextLine HEIGHT="33" WIDTH="747" VPOS="2676" HPOS="1888">
<String CONTENT="Linear" HEIGHT="24" WIDTH="119" VPOS="2680" HPOS="1888"/>
<SP HEIGHT="17" WIDTH="23" VPOS="2686" HPOS="2008"/>
<String CONTENT="representations" HEIGHT="31" WIDTH="299" VPOS="2678" HPOS="2032"/>
<SP HEIGHT="18" WIDTH="23" VPOS="2684" HPOS="2332"/>
<String CONTENT="of" HEIGHT="23" WIDTH="37" VPOS="2678" HPOS="2356"/>
<SP HEIGHT="24" WIDTH="21" VPOS="2677" HPOS="2394"/>
<String CONTENT="the" HEIGHT="24" WIDTH="57" VPOS="2677" HPOS="2416"/>
<SP HEIGHT="23" WIDTH="23" VPOS="2678" HPOS="2474"/>
<String CONTENT="Lorentz" HEIGHT="25" WIDTH="137" VPOS="2676" HPOS="2498"/>
</TextLine>
<TextLine HEIGHT="30" WIDTH="521" VPOS="2713" HPOS="1928">
<String CONTENT="group." HEIGHT="23" WIDTH="115" VPOS="2720" HPOS="1928"/>
<SP HEIGHT="23" WIDTH="47" VPOS="2714" HPOS="2044"/>
<String CONTENT="See" HEIGHT="23" WIDTH="56" VPOS="2714" HPOS="2092"/>
<SP HEIGHT="23" WIDTH="22" VPOS="2714" HPOS="2149"/>
<String CONTENT="NAIMARK," HEIGHT="30" WIDTH="156" VPOS="2713" HPOS="2172"/>
<SP HEIGHT="30" WIDTH="24" VPOS="2713" HPOS="2329"/>
<String CONTENT="M." HEIGHT="23" WIDTH="34" VPOS="2713" HPOS="2354"/>
<SP HEIGHT="22" WIDTH="24" VPOS="2713" HPOS="2389"/>
<String CONTENT="A." HEIGHT="22" WIDTH="35" VPOS="2713" HPOS="2414"/>
</TextLine>
<TextLine HEIGHT="33" WIDTH="687" VPOS="2747" HPOS="1871">
<String CONTENT="Mammalian" HEIGHT="25" WIDTH="183" VPOS="2752" HPOS="1871"/>
<SP HEIGHT="17" WIDTH="21" VPOS="2758" HPOS="2055"/>
<String CONTENT="cytogenetics" HEIGHT="30" WIDTH="238" VPOS="2750" HPOS="2077"/>
<SP HEIGHT="18" WIDTH="23" VPOS="2754" HPOS="2316"/>
<String CONTENT="and" HEIGHT="23" WIDTH="56" VPOS="2749" HPOS="2340"/>
<SP HEIGHT="23" WIDTH="23" VPOS="2749" HPOS="2397"/>
<String CONTENT="related" HEIGHT="24" WIDTH="137" VPOS="2747" HPOS="2421"/>
</TextLine>
<TextLine HEIGHT="34" WIDTH="605" VPOS="2781" HPOS="1912">
<String CONTENT="problems" HEIGHT="29" WIDTH="159" VPOS="2786" HPOS="1912"/>
<SP HEIGHT="23" WIDTH="25" VPOS="2785" HPOS="2072"/>
<String CONTENT="in" HEIGHT="23" WIDTH="36" VPOS="2785" HPOS="2098"/>
<SP HEIGHT="17" WIDTH="21" VPOS="2790" HPOS="2135"/>
<String CONTENT="radiobiology." HEIGHT="28" WIDTH="256" VPOS="2783" HPOS="2157"/>
<SP HEIGHT="25" WIDTH="47" VPOS="2781" HPOS="2414"/>
<String CONTENT="See" HEIGHT="23" WIDTH="55" VPOS="2781" HPOS="2462"/>
</TextLine>
<TextLine HEIGHT="31" WIDTH="707" VPOS="2813" HPOS="1914">
<String CONTENT="SYMPOSIUM" HEIGHT="24" WIDTH="182" VPOS="2820" HPOS="1914"/>
<SP HEIGHT="23" WIDTH="20" VPOS="2819" HPOS="2097"/>
<String CONTENT="ON" HEIGHT="23" WIDTH="37" VPOS="2819" HPOS="2118"/>
<SP HEIGHT="22" WIDTH="20" VPOS="2819" HPOS="2156"/>
<String CONTENT="MAMMALIAN" HEIGHT="25" WIDTH="181" VPOS="2816" HPOS="2177"/>
<SP HEIGHT="24" WIDTH="21" VPOS="2816" HPOS="2359"/>
<String CONTENT="CYTOGENETICS" HEIGHT="26" WIDTH="240" VPOS="2813" HPOS="2381"/>
</TextLine>
<TextLine HEIGHT="68" WIDTH="670" VPOS="2848" HPOS="1913" CS="1">
<String CONTENT="AND" HEIGHT="23" WIDTH="60" VPOS="2855" HPOS="1913"/>
<SP HEIGHT="24" WIDTH="20" VPOS="2854" HPOS="1974"/>
<String CONTENT="RELATED" HEIGHT="24" WIDTH="141" VPOS="2853" HPOS="1995"/>
<SP HEIGHT="23" WIDTH="22" VPOS="2853" HPOS="2137"/>
<String CONTENT="PROBLEMS" HEIGHT="25" WIDTH="157" VPOS="2850" HPOS="2160"/>
<SP HEIGHT="23" WIDTH="23" VPOS="2850" HPOS="2318"/>
<String CONTENT="IN" HEIGHT="23" WIDTH="38" VPOS="2850" HPOS="2342"/>
<SP HEIGHT="24" WIDTH="19" VPOS="2849" HPOS="2381"/>
<String CONTENT="RADIOBIOLOGY." HEIGHT="64" WIDTH="669" VPOS="2848" HPOS="1914"/>
<SP HEIGHT="26" WIDTH="48" VPOS="2886" HPOS="1989"/>
<String CONTENT="2D," HEIGHT="30" WIDTH="50" VPOS="2886" HPOS="2038"/>
<SP HEIGHT="30" WIDTH="28" VPOS="2886" HPOS="2089"/>
<String CONTENT="SAO" HEIGHT="23" WIDTH="58" VPOS="2886" HPOS="2118"/>
<SP HEIGHT="24" WIDTH="23" VPOS="2885" HPOS="2177"/>
<String CONTENT="PAULO" HEIGHT="24" WIDTH="97" VPOS="2884" HPOS="2201"/>
<SP HEIGHT="24" WIDTH="20" VPOS="2883" HPOS="2299"/>
<String CONTENT="AND" HEIGHT="23" WIDTH="59" VPOS="2883" HPOS="2320"/>
<SP HEIGHT="23" WIDTH="20" VPOS="2883" HPOS="2380"/>
<String CONTENT="RIO" HEIGHT="23" WIDTH="59" VPOS="2882" HPOS="2401"/>
<SP HEIGHT="23" WIDTH="19" VPOS="2882" HPOS="2461"/>
<String CONTENT="DE" HEIGHT="24" WIDTH="41" VPOS="2881" HPOS="2481"/>
</TextLine>
<TextLine HEIGHT="36" WIDTH="277" VPOS="2914" HPOS="1914">
<String CONTENT="JANEIRO," HEIGHT="29" WIDTH="155" VPOS="2921" HPOS="1914"/>
<SP HEIGHT="30" WIDTH="28" VPOS="2920" HPOS="2070"/>
<String CONTENT="1962." HEIGHT="33" WIDTH="92" VPOS="2914" HPOS="2099"/>
</TextLine>
<TextLine HEIGHT="34" WIDTH="626" VPOS="2953" HPOS="1882">
<String CONTENT="Man," HEIGHT="25" WIDTH="76" VPOS="2962" HPOS="1882"/>
<SP HEIGHT="21" WIDTH="27" VPOS="2966" HPOS="1959"/>
<String CONTENT="crops" HEIGHT="22" WIDTH="96" VPOS="2965" HPOS="1987"/>
<SP HEIGHT="17" WIDTH="23" VPOS="2964" HPOS="2084"/>
<String CONTENT="and" HEIGHT="23" WIDTH="58" VPOS="2958" HPOS="2108"/>
<SP HEIGHT="27" WIDTH="21" VPOS="2958" HPOS="2167"/>
<String CONTENT="pests" HEIGHT="27" WIDTH="97" VPOS="2958" HPOS="2189"/>
<SP HEIGHT="23" WIDTH="24" VPOS="2956" HPOS="2287"/>
<String CONTENT="in" HEIGHT="22" WIDTH="36" VPOS="2956" HPOS="2312"/>
<SP HEIGHT="22" WIDTH="23" VPOS="2956" HPOS="2349"/>
<String CONTENT="Central" HEIGHT="25" WIDTH="135" VPOS="2953" HPOS="2373"/>
</TextLine>
<TextLine HEIGHT="30" WIDTH="582" VPOS="2988" HPOS="1924">
<String CONTENT="America." HEIGHT="22" WIDTH="155" VPOS="2996" HPOS="1924"/>
<SP HEIGHT="23" WIDTH="47" VPOS="2993" HPOS="2080"/>
<String CONTENT="See" HEIGHT="23" WIDTH="57" VPOS="2993" HPOS="2128"/>
<SP HEIGHT="23" WIDTH="23" VPOS="2991" HPOS="2186"/>
<String CONTENT="ORDISH," HEIGHT="28" WIDTH="133" VPOS="2990" HPOS="2210"/>
<SP HEIGHT="29" WIDTH="27" VPOS="2989" HPOS="2344"/>
<String CONTENT="GEORGE." HEIGHT="24" WIDTH="134" VPOS="2988" HPOS="2372"/>
</TextLine>
<TextLine HEIGHT="24" WIDTH="606" VPOS="3029" HPOS="1890">
<String CONTENT="Manual" HEIGHT="22" WIDTH="120" VPOS="3031" HPOS="1890"/>
<SP HEIGHT="22" WIDTH="23" VPOS="3031" HPOS="2011"/>
<String CONTENT="on" HEIGHT="17" WIDTH="36" VPOS="3036" HPOS="2035"/>
<SP HEIGHT="18" WIDTH="22" VPOS="3035" HPOS="2072"/>
<String CONTENT="aircraft" HEIGHT="23" WIDTH="158" VPOS="3030" HPOS="2095"/>
<SP HEIGHT="22" WIDTH="24" VPOS="3030" HPOS="2254"/>
<String CONTENT="loads." HEIGHT="22" WIDTH="112" VPOS="3030" HPOS="2279"/>
<SP HEIGHT="23" WIDTH="47" VPOS="3029" HPOS="2392"/>
<String CONTENT="See" HEIGHT="23" WIDTH="56" VPOS="3029" HPOS="2440"/>
</TextLine>
<TextLine HEIGHT="32" WIDTH="275" VPOS="3064" HPOS="1933">
<String CONTENT="TAYLOR," HEIGHT="31" WIDTH="134" VPOS="3065" HPOS="1933"/>
<SP HEIGHT="31" WIDTH="26" VPOS="3065" HPOS="2068"/>
<String CONTENT="JAMES." HEIGHT="24" WIDTH="113" VPOS="3064" HPOS="2095"/>
</TextLine>
<TextLine HEIGHT="31" WIDTH="707" VPOS="3100" HPOS="1890">
<String CONTENT="Marine" HEIGHT="22" WIDTH="119" VPOS="3103" HPOS="1890"/>
<SP HEIGHT="23" WIDTH="23" VPOS="3108" HPOS="2010"/>
<String CONTENT="gyro-compasses" HEIGHT="25" WIDTH="279" VPOS="3106" HPOS="2034"/>
<SP HEIGHT="18" WIDTH="23" VPOS="3106" HPOS="2314"/>
<String CONTENT="and" HEIGHT="23" WIDTH="58" VPOS="3101" HPOS="2338"/>
<SP HEIGHT="22" WIDTH="21" VPOS="3101" HPOS="2397"/>
<String CONTENT="automatic" HEIGHT="23" WIDTH="178" VPOS="3100" HPOS="2419"/>
</TextLine>
<TextLine HEIGHT="33" WIDTH="625" VPOS="3133" HPOS="1932">
<String CONTENT="pilots," HEIGHT="30" WIDTH="135" VPOS="3136" HPOS="1932"/>
<SP HEIGHT="22" WIDTH="26" VPOS="3142" HPOS="2068"/>
<String CONTENT="a" HEIGHT="17" WIDTH="18" VPOS="3142" HPOS="2095"/>
<SP HEIGHT="24" WIDTH="19" VPOS="3135" HPOS="2114"/>
<String CONTENT="handbook" HEIGHT="23" WIDTH="162" VPOS="3135" HPOS="2134"/>
<SP HEIGHT="23" WIDTH="20" VPOS="3134" HPOS="2297"/>
<String CONTENT="for" HEIGHT="23" WIDTH="57" VPOS="3134" HPOS="2318"/>
<SP HEIGHT="17" WIDTH="21" VPOS="3140" HPOS="2376"/>
<String CONTENT="merchant" HEIGHT="24" WIDTH="159" VPOS="3133" HPOS="2398"/>
</TextLine>
<TextLine HEIGHT="32" WIDTH="603" VPOS="3167" HPOS="1932">
<String CONTENT="navy" HEIGHT="23" WIDTH="80" VPOS="3176" HPOS="1932"/>
<SP HEIGHT="24" WIDTH="21" VPOS="3175" HPOS="2013"/>
<String CONTENT="officers." HEIGHT="23" WIDTH="173" VPOS="3169" HPOS="2035"/>
<SP HEIGHT="23" WIDTH="49" VPOS="3169" HPOS="2209"/>
<String CONTENT="See" HEIGHT="22" WIDTH="55" VPOS="3169" HPOS="2259"/>
<SP HEIGHT="23" WIDTH="22" VPOS="3168" HPOS="2315"/>
<String CONTENT="BURGER," HEIGHT="30" WIDTH="135" VPOS="3167" HPOS="2338"/>
<SP HEIGHT="30" WIDTH="23" VPOS="3167" HPOS="2474"/>
<String CONTENT="W." HEIGHT="25" WIDTH="37" VPOS="3167" HPOS="2498"/>
</TextLine>
<TextLine HEIGHT="30" WIDTH="686" VPOS="3203" HPOS="1891">
<String CONTENT="The" HEIGHT="23" WIDTH="57" VPOS="3209" HPOS="1891"/>
<SP HEIGHT="17" WIDTH="21" VPOS="3214" HPOS="1949"/>
<String CONTENT="mathematical" HEIGHT="25" WIDTH="242" VPOS="3206" HPOS="1971"/>
<SP HEIGHT="24" WIDTH="22" VPOS="3205" HPOS="2214"/>
<String CONTENT="theory" HEIGHT="28" WIDTH="119" VPOS="3205" HPOS="2237"/>
<SP HEIGHT="23" WIDTH="20" VPOS="3210" HPOS="2357"/>
<String CONTENT="of" HEIGHT="23" WIDTH="38" VPOS="3204" HPOS="2378"/>
<SP HEIGHT="23" WIDTH="22" VPOS="3204" HPOS="2417"/>
<String CONTENT="optimal" HEIGHT="29" WIDTH="137" VPOS="3203" HPOS="2440"/>
</TextLine>
<TextLine HEIGHT="34" WIDTH="662" VPOS="3237" HPOS="1932">
<String CONTENT="processes." HEIGHT="25" WIDTH="195" VPOS="3246" HPOS="1932"/>
<SP HEIGHT="24" WIDTH="47" VPOS="3240" HPOS="2128"/>
<String CONTENT="See" HEIGHT="23" WIDTH="56" VPOS="3240" HPOS="2176"/>
<SP HEIGHT="23" WIDTH="23" VPOS="3239" HPOS="2233"/>
<String CONTENT="PONTRYAGIN," HEIGHT="28" WIDTH="215" VPOS="3238" HPOS="2257"/>
<SP HEIGHT="28" WIDTH="27" VPOS="3238" HPOS="2473"/>
<String CONTENT="L." HEIGHT="22" WIDTH="32" VPOS="3238" HPOS="2501"/>
<SP HEIGHT="23" WIDTH="26" VPOS="3237" HPOS="2534"/>
<String CONTENT="S." HEIGHT="23" WIDTH="33" VPOS="3237" HPOS="2561"/>
</TextLine>
<TextLine HEIGHT="64" WIDTH="709" VPOS="3277" HPOS="1899" CS="1">
<String CONTENT="Mathematics" HEIGHT="23" WIDTH="221" VPOS="3278" HPOS="1899"/>
<SP HEIGHT="23" WIDTH="24" VPOS="3278" HPOS="2121"/>
<String CONTENT="through" HEIGHT="29" WIDTH="138" VPOS="3277" HPOS="2146"/>
<SP HEIGHT="29" WIDTH="22" VPOS="3277" HPOS="2285"/>
<String CONTENT="geometry," HEIGHT="28" WIDTH="174" VPOS="3278" HPOS="2308"/>
<SP HEIGHT="22" WIDTH="26" VPOS="3284" HPOS="2483"/>
<String CONTENT="an" HEIGHT="18" WIDTH="37" VPOS="3283" HPOS="2510"/>
<SP HEIGHT="23" WIDTH="23" VPOS="3278" HPOS="2548"/>
<String CONTENT="inquiry" HEIGHT="62" WIDTH="666" VPOS="3278" HPOS="1942"/>
<SP HEIGHT="29" WIDTH="22" VPOS="3311" HPOS="2042"/>
<String CONTENT="into" HEIGHT="23" WIDTH="77" VPOS="3311" HPOS="2065"/>
<SP HEIGHT="23" WIDTH="22" VPOS="3311" HPOS="2143"/>
<String CONTENT="the" HEIGHT="23" WIDTH="56" VPOS="3311" HPOS="2166"/>
<SP HEIGHT="22" WIDTH="21" VPOS="3317" HPOS="2223"/>
<String CONTENT="place" HEIGHT="28" WIDTH="98" VPOS="3311" HPOS="2245"/>
<SP HEIGHT="17" WIDTH="24" VPOS="3317" HPOS="2344"/>
<String CONTENT="of" HEIGHT="22" WIDTH="36" VPOS="3312" HPOS="2369"/>
<SP HEIGHT="28" WIDTH="22" VPOS="3312" HPOS="2406"/>
<String CONTENT="geometry" HEIGHT="29" WIDTH="159" VPOS="3312" HPOS="2429"/>
</TextLine>
<TextLine HEIGHT="29" WIDTH="691" VPOS="3345" HPOS="1943">
<String CONTENT="in" HEIGHT="23" WIDTH="36" VPOS="3345" HPOS="1943"/>
<SP HEIGHT="23" WIDTH="22" VPOS="3345" HPOS="1980"/>
<String CONTENT="the" HEIGHT="23" WIDTH="57" VPOS="3345" HPOS="2003"/>
<SP HEIGHT="17" WIDTH="24" VPOS="3351" HPOS="2061"/>
<String CONTENT="school" HEIGHT="23" WIDTH="115" VPOS="3345" HPOS="2086"/>
<SP HEIGHT="23" WIDTH="22" VPOS="3345" HPOS="2202"/>
<String CONTENT="mathematics" HEIGHT="24" WIDTH="219" VPOS="3345" HPOS="2225"/>
<SP HEIGHT="17" WIDTH="25" VPOS="3352" HPOS="2445"/>
<String CONTENT="syllabus." HEIGHT="28" WIDTH="163" VPOS="3346" HPOS="2471"/>
</TextLine>
<TextLine HEIGHT="30" WIDTH="336" VPOS="3379" HPOS="1943">
<String CONTENT="See" HEIGHT="23" WIDTH="56" VPOS="3379" HPOS="1943"/>
<SP HEIGHT="22" WIDTH="23" VPOS="3380" HPOS="2000"/>
<String CONTENT="BUDDEN," HEIGHT="29" WIDTH="135" VPOS="3380" HPOS="2024"/>
<SP HEIGHT="29" WIDTH="24" VPOS="3380" HPOS="2160"/>
<String CONTENT="F." HEIGHT="24" WIDTH="34" VPOS="3380" HPOS="2185"/>
<SP HEIGHT="24" WIDTH="25" VPOS="3380" HPOS="2220"/>
<String CONTENT="J." HEIGHT="23" WIDTH="33" VPOS="3380" HPOS="2246"/>
</TextLine>
<TextLine HEIGHT="29" WIDTH="586" VPOS="3420" HPOS="1895">
<String CONTENT="Matrix" HEIGHT="24" WIDTH="122" VPOS="3420" HPOS="1895"/>
<SP HEIGHT="17" WIDTH="20" VPOS="3426" HPOS="2018"/>
<String CONTENT="analysis" HEIGHT="28" WIDTH="158" VPOS="3421" HPOS="2039"/>
<SP HEIGHT="17" WIDTH="23" VPOS="3427" HPOS="2198"/>
<String CONTENT="of" HEIGHT="22" WIDTH="36" VPOS="3421" HPOS="2222"/>
<SP HEIGHT="23" WIDTH="23" VPOS="3421" HPOS="2259"/>
<String CONTENT="electrical" HEIGHT="24" WIDTH="198" VPOS="3421" HPOS="2283"/>
</TextLine>
<TextLine HEIGHT="32" WIDTH="601" VPOS="3454" HPOS="1936">
<String CONTENT="machinery." HEIGHT="29" WIDTH="196" VPOS="3454" HPOS="1936"/>
<SP HEIGHT="23" WIDTH="47" VPOS="3455" HPOS="2133"/>
<String CONTENT="See" HEIGHT="23" WIDTH="56" VPOS="3455" HPOS="2181"/>
<SP HEIGHT="22" WIDTH="21" VPOS="3456" HPOS="2238"/>
<String CONTENT="HANCOCK," HEIGHT="31" WIDTH="156" VPOS="3455" HPOS="2260"/>
<SP HEIGHT="30" WIDTH="25" VPOS="3456" HPOS="2417"/>
<String CONTENT="N." HEIGHT="23" WIDTH="33" VPOS="3456" HPOS="2443"/>
<SP HEIGHT="22" WIDTH="26" VPOS="3457" HPOS="2477"/>
<String CONTENT="N." HEIGHT="22" WIDTH="33" VPOS="3457" HPOS="2504"/>
</TextLine>
</TextBlock>
</PrintSpace>
</Page>
</Layout>
</alto>