2896 3812
2569 124 70 28 1925

67 276 94 29 PEPE,
188 276 92 24 PAUL.

108 310 138 24 Gestion
270 309 218 24 automatisee
513 308 55 23 des
594 307 217 27 entreprises

148 349 59 22 par
229 343 31 23 G.
289 343 118 22 Lhoste
431 343 19 22 &
472 341 32 24 P.
533 340 16 23 P
572 346 53 22 pe.
674 340 57 23 See

148 377 135 28 LHOSTE,
309 376 156 24 GABRIEL.

93 448 114 30 PEPKE,
233 447 61 24 MAX
314 448 35 24 H.

133 483 18 23 A
175 481 179 31 practical
376 480 99 30 guide
500 480 37 24 to
558 480 101 24 motor
682 479 216 24 conversion.

176 513 620 30 1st ed. 39 l. © Max H. Pepke;
177 545 132 34 5Oct64;
335 544 157 34 A719748.

69 622 137 30 PEPPER,
234 620 114 24 ORLYN.

111 655 180 27 Versatile
315 650 236 31 transporter.
599 646 37 27 17
660 645 31 24 1.

195 678 600 40 © Orlyn Pepper; 1Sep64; A718541.
91 749 114 29 PEPYS,
233 749 133 25 SAMUEL.

131 782 113 29 Diary.
291 782 100 24 Based
415 787 38 17 on
476 781 57 24 the
556 783 117 28 Mynors
697 783 119 28 Bright

172 815 52 24 ed.
252 815 38 23 of
314 811 79 33 1875.
455 815 134 29 Edited,
617 815 161 30 abridged
800 816 57 23 and

170 849 80 23 with
272 853 38 19 an
333 849 134 24 introd.
494 849 40 29 by
557 849 79 24 John
657 850 33 23 D.
718 850 94 28 Jump.

170 884 60 23 New
249 883 96 28 York,
373 883 201 29 Washington
598 884 117 27 Square
739 885 114 22 Press.

172 913 57 32 336
251 923 33 23 p.
338 913 216 34 (Washington
577 918 117 28 Square
718 919 115 26 Press,

170 947 662 34 W504) © Washington Square Press,
171 987 93 26 Inc.;
294 981 153 34 15Aug64;
474 982 155 32 A726543.

73 1035 200 27 PERCEPTION
295 1034 74 30 AID,
400 1033 69 26 INC.

115 1072 153 27 Puzzees,
297 1069 219 24 educational
540 1068 76 23 aids
643 1067 57 22 for

156 1105 200 27 developing
377 1101 241 30 perceptional
642 1100 194 24 abilities.

155 1140 57 23 See
235 1137 115 28 ADAMS,
376 1135 142 25 WILLIAM
540 1135 54 28 A.,
623 1134 51 24 ed.

74 1173 200 25 PERCEPTIVE
297 1174 72 24 PUB.
399 1173 51 24 CO.

113 1209 59 24 For
195 1209 97 23 those
315 1209 60 23 who
396 1209 135 23 wonder.
582 1208 55 23 See
660 1208 117 29 MYERS,

155 1243 119 23 ROBERT
295 1243 136 23 EUGENE.

75 1297 155 30 PERCHIK,
258 1297 113 25 SIMON.

116 1332 17 24 I
157 1330 137 25 counted
319 1330 79 29 only
421 1328 114 30 April.
581 1329 60 23 New
663 1326 174 28 Rochelle,

155 1366 94 27 N.Y.,
277 1363 182 25 Elizabeth
481 1363 115 24 Press.
643 1360 37 24 22
704 1366 33 23 p.

157 1400 78 29 Many
257 1404 97 24 poems
379 1403 95 24 prev.
501 1397 74 29 pub.
603 1396 39 24 in
663 1395 139 24 various

157 1432 236 32 periodicals.
440 1432 54 24 NM:
522 1428 222 32 compilation
766 1428 19 25 &

157 1458 703 38 editing. © Simon Perchik; 19Mar64;
158 1497 153 33 A713484.

80 1559 118 29 PERCY,
221 1556 140 24 ALFRED.

121 1589 199 32 Virginia's
344 1593 120 23 unsung
487 1585 141 28 victory
651 1584 37 23 in
711 1583 57 23 the

162 1624 217 25 Revolution.
426 1620 142 25 Madison
589 1617 155 30 Heights,
771 1615 75 28 Va.,

163 1660 100 27 Percy
284 1658 118 24 Press.
450 1654 38 28 50
507 1660 36 23 p.
590 1651 95 30 Appl.
714 1649 116 25 states

162 1692 102 25 based
285 1696 79 25 upon
388 1688 160 25 research
571 1684 180 31 completed
774 1682 20 23 &

163 1732 97 25 prev.
284 1725 77 30 pub.
390 1722 78 29 1959
490 1728 37 17 as
552 1720 119 29 Origin
694 1718 37 23 of
754 1718 57 22 the

163 1760 101 30 Lynch
287 1759 73 28 law,
389 1752 96 32 1780.
531 1754 54 24 NM:
612 1751 180 26 revisions
816 1749 20 22 &

166 1782 703 37 additions. © Alfred Percy; 2Oct64;
165 1823 158 34 A726552.

62 1890 115 30 PERCY,
204 1890 136 30 THOMAS,
366 1890 56 25 BP.

104 1925 97 24 Loose
225 1924 59 25 and
305 1924 160 25 humorous
491 1930 95 23 songs
612 1924 79 24 from

142 1959 120 29 Bishop
287 1957 138 31 Percy's
450 1957 98 25 folio
569 1956 218 30 manuscript.

143 1992 120 25 Edited
284 1992 41 30 by
347 1991 182 26 Frederick
550 1992 34 25 J.
612 1991 195 25 Furnivall.

145 2026 133 26 Introd.
305 2027 42 29 by
367 2026 82 25 John
470 2026 175 29 Greenway.
692 2025 155 29 Hatboro,

144 2062 73 29 Pa.,
245 2061 161 24 Folklore
430 2059 215 26 Associates.
693 2059 58 28 127
773 2065 35 23 p.

144 2097 78 24 This
246 2097 53 25 ed.
327 2095 181 30 reprinted
532 2096 16 23 in
593 2094 178 25 facsimile
796 2094 79 24 from

144 2131 57 24 the
227 2131 157 29 original
408 2130 182 29 privately
611 2129 140 30 printed
775 2129 53 25 ed.

144 2160 690 69 of 1868. © on introd.; John Greenway; 15Oct63; A724084.
71 2268 215 30 PERDIGUIER,
312 2268 159 27 AGRICOL.

111 2303 159 23 Memoires
293 2303 81 24 d'un
397 2308 195 25 compagnon.
638 2303 79 25 Avec
742 2309 58 19 une

151 2337 160 23 nouvelle
333 2337 243 29 presentation
600 2337 37 24 et
660 2338 57 23 des
741 2338 98 23 notes

152 2370 37 24 de
212 2371 80 23 Jean
313 2371 158 26 Follain.
522 2367 131 34 [Paris]
680 2372 78 24 Club
782 2372 57 23 des

152 2404 178 24 Libraires
354 2405 39 23 de
416 2406 136 25 France.
600 2401 57 32 362
680 2412 34 23 p.

192 2438 583 31 © Club des Libraires de France;
154 2468 153 33 15Jun64;
417 2468 114 30 AF0-42844.

82 2530 257 30 PERDUE-DAVIS,
365 2530 136 26 VERNON.

123 2564 58 24 The
207 2564 95 23 tones
328 2564 37 23 of
387 2564 195 29 plainsong.
631 2564 94 26 Pt.2.

163 2599 121 22 Boston
311 2594 110 32 [appl.
451 2598 130 23 states:
609 2594 157 33 England]

166 2632 75 23 sole
266 2632 133 29 agents:
427 2632 34 25 E.
489 2632 32 25 C.
550 2632 160 23 Schirmer
731 2632 99 23 Music

164 2666 53 25 Co.
266 2665 37 24 22
325 2671 34 24 p.
412 2661 74 35 (The
507 2666 162 29 Virginia
692 2666 98 24 music

163 2696 627 66 series, no. 19) © Vernon Perdue-Davis;
307 2731 153 32 10Jul64;
489 2734 153 29 AI-9177.

87 2774 135 30 PERETZ,
249 2774 72 25 DON.

128 2809 58 23 The
209 2808 118 25 Middle
350 2809 95 24 East.
494 2809 56 23 See
575 2809 154 28 JAECKEL,
756 2809 94 24 HUGO.

80 2846 114 31 PEREZ,
221 2846 120 24 EDWARD
363 2848 33 24 L.

121 2882 77 23 Paul
220 2883 54 22 VI.
322 2883 57 22 See
404 2883 175 30 GONZALEZ,
607 2884 32 23 J.
668 2883 32 23 L.

83 2951 98 24 PEREZ
205 2953 133 30 GALDOS,
365 2954 137 27 BENITO.

123 2986 40 23 La
186 2987 134 25 sombra.
365 2988 121 24 Edited
509 2989 39 30 by
567 2989 142 25 Rodolfo
732 2991 154 25 Cardona.

166 3020 56 24 1st
247 3021 53 26 ed.
346 3023 61 24 New
427 3024 96 30 York,
548 3025 36 26 W.
609 3026 36 26 W.
670 3027 137 26 Norton.

164 3050 708 70 147 p. © on pref., introd., bibliography,
327 3092 260 31 chronological
611 3095 77 23 list
711 3096 20 22 &
164 3097 686 57 vocabulary;
304 3125 36 25 W.
365 3125 37 26 W.
427 3127 120 24 Norton
569 3128 20 24 &
611 3128 73 30 Co.,
713 3129 93 30 Inc.;

267 3154 32 33 1Jul64;
324 3155 158 34 A706455.

77 3200 98 23 PEREZ
196 3201 20 23 Y
237 3201 114 31 JORBA,
380 3203 95 25 JEAN.

119 3233 706 33 Il n'y s pas de justice, par Julien
157 3268 94 29 Clay,
279 3270 115 27 pseud.
443 3270 112 30 Paris,
584 3271 135 29 Fayard.
767 3272 57 27 217
873 3289 8 8 p.

163 3296 212 30 (L'Aventure
402 3304 214 29 criminelle,
646 3295 73 37 171)

158 3326 665 74 (Collection Pierre Nord) © Librairie Artheme Fayard; 30Mar64;
240 3400 112 34 AF0-42445.

957 251 200 24 PERFECTING
1181 250 139 23 SERVICE
1343 249 53 25 CO.

995 286 58 24 The
1079 285 57 24 all
1161 289 137 25 purpose
1322 283 78 24 ball
1424 282 142 28 bearing
1587 280 121 28 Rotary

1037 320 115 24 Union.
1201 319 38 27 19
1262 324 33 23 p.
1349 311 175 34 (Bulletin
1547 308 136 34 no.700)

1038 349 569 28 NM: revisions. © Perfecting
1038 386 138 25 Service
1202 385 72 29 Co.;
1384 379 53 33 1Jun64;
1467 382 154 28 A711771.

951 447 199 24 PERFECTONE
1174 448 53 24 CO.

992 481 136 23 Pliable
1153 480 139 30 plastic
1316 480 115 29 molds;
1460 480 179 29 technique

1030 516 119 22 manual
1176 515 56 23 for
1257 514 56 24 the
1337 520 57 18 use
1419 515 39 23 of
1479 515 262 29 prefabricated

1031 554 58 18 wax
1112 549 155 29 pontics.
1296 554 139 18 veneers
1459 549 58 23 and
1542 554 133 21 crowns,

1034 582 14 23 1
1070 588 34 19 v.
1151 581 96 30 Appl.
1275 581 135 25 author:
1438 582 60 23 Max
1519 582 115 25 Kurtz.

1072 612 664 34 © Perfectone Co.; 26Jun64; A704789.
968 689 160 24 PERGAMON
1150 689 115 29 PRESS,
1293 689 73 25 INC.

1010 722 157 29 Analysis
1192 722 37 23 of
1253 722 138 23 ancient
1412 723 137 24 metals.
1599 723 55 24 See

1049 757 115 29 CLAEY,
1191 757 100 23 EARLE
1312 757 33 25 R.

996 796 135 22 Annals.
1182 796 55 23 See
1263 796 262 23 INTERNATIONAL
1039 797 647 55 GEOPHYSICAL
1138 829 97 30 YEAR,
1262 826 194 32 1957-1958.

992 867 78 23 Data
1095 867 221 28 acquisition
1340 868 56 22 and
1421 869 201 28 processing
1645 869 37 22 in

1033 901 140 28 biology
1197 901 57 23 and
1277 902 175 23 medicine.
1503 903 56 23 See

1032 936 182 23 ROCHESTER
1239 936 200 24 CONFERENCE
1462 937 39 23 ON
1520 938 80 23 DATA

1032 969 225 27 ACQUISITION
1277 970 59 23 AND
1361 970 198 24 PROCESSING
1585 971 37 23 IN

1032 1004 141 23 BIOLOGY
1195 1004 60 22 AND
1277 1004 175 29 MEDICINE,
1481 1000 93 33 1963.

997 1041 57 24 The
1077 1043 182 23 wonderful
1281 1043 101 23 world
1406 1044 37 23 of
1465 1044 195 24 breakfast.

1038 1076 57 23 See
1118 1077 137 29 TRIBUS,
1283 1077 73 24 SUE.

956 1115 160 27 PERGAMON
1138 1117 113 33 PRESS,
1282 1110 71 38 INC)
1402 1121 58 25 See

996 1152 98 23 INDEX
1114 1154 41 23 TO
1177 1154 155 32 REVIEWS,
1361 1157 160 24 SYMPOSIA
1543 1160 139 25 VOLUMES

1033 1186 60 23 AND
1114 1188 202 25 MONOGRAPHS
1343 1190 38 24 IN
1403 1191 138 26 ORGANIC
1566 1194 179 26 CHEMISTRY

1032 1220 60 23 FOR
1113 1221 62 23 THE
1198 1221 119 25 PERIOD
1381 1220 154 33 1961-1962.

957 1264 160 25 PERGAMON
1140 1265 116 31 PRESS,
1283 1266 74 25 LTD.

995 1300 204 29 Accounting
1223 1300 58 24 for
1305 1300 199 24 industrial
1036 1306 609 52 management.
1183 1335 56 22 See
1264 1334 216 31 SIDEBOTHAM,
1506 1334 74 24 ROY.

1007 1375 158 23 Advances
1192 1375 36 22 in
1252 1380 118 23 enzyme
1395 1375 215 28 regulation.
1658 1374 56 23 See

1047 1408 183 23 SYMPOSIUM
1252 1408 38 23 ON
1311 1407 203 24 REGULATION
1537 1408 37 23 OF
1595 1408 121 23 ENZYME

1046 1441 162 25 ACTIVITY
1230 1441 60 25 AND
1313 1443 178 23 SYNTHESIS
1518 1443 37 23 IN
1576 1441 122 25 NORMAL

1046 1476 60 24 AND
1128 1476 201 24 NEOPLASTIC
1353 1477 115 25 LIVER.
1517 1477 53 27 2D,
1599 1475 137 25 INDIANA

1046 1511 204 23 UNIVERSITY
1272 1511 121 23 SCHOOL
1414 1511 38 23 OF
1474 1511 177 28 MEDICINE,

1048 1540 93 33 1963.

994 1585 157 23 Advances
1178 1584 37 22 in
1240 1588 96 23 space
1360 1581 175 24 research.
1586 1582 55 22 See

1036 1618 283 24 INTER-AMERICAN
1341 1616 181 24 SYMPOSIUM
1544 1616 38 23 ON
1605 1615 100 23 SPACE

1034 1653 176 23 RESEARCH.
1260 1652 72 28 1ST,
1360 1651 120 23 BUENOS
1503 1650 114 26 AIRES,
1686 1644 53 27 1960.

1003 1688 200 28 Analytical
1229 1689 194 29 chemistry.
1473 1690 55 23 See

1044 1723 215 30 CROUTHAMEL,
1289 1723 81 24 CARL
1390 1724 53 29 E.,
1472 1724 53 24 ed.

996 1760 138 29 Aspects
1161 1760 37 22 of
1221 1759 219 24 theoretical
1463 1759 205 28 mineralogy

1038 1794 37 23 in
1099 1793 56 24 the
1179 1794 177 28 U.S.S.R.,
1384 1798 18 17 a
1426 1792 198 24 collection
1649 1792 37 23 of

1037 1833 136 25 papers.
1222 1828 56 23 See
1302 1828 136 31 BATTEY,
1464 1828 34 23 M.
1525 1828 33 22 H.

997 1869 56 23 The
1077 1869 119 23 atomic
1221 1869 195 24 adventure.
1465 1870 56 23 See
1038 1870 588 64 GOLDSCHMIDT,
1220 1904 176 23 BERTRAND.

991 1941 245 29 Audio-typing
1258 1940 57 23 and
1340 1938 158 24 electric
1032 1938 567 61 typewriters.
1239 1975 56 22 See
1319 1972 136 30 KINSEY,
1483 1972 33 23 T.
1543 1971 35 24 L.

997 2015 56 23 The
1077 2015 78 23 best
1179 2021 58 18 use
1263 2016 37 23 of
1324 2017 157 23 economic
1506 2023 195 18 resources.

1039 2049 55 23 See
1118 2049 239 31 KANTOROVICH,
1382 2050 36 25 L.
1443 2050 36 25 V.

992 2095 58 22 The
1073 2093 244 29 biochemistry
1340 2093 37 23 of
1400 2093 260 28 poliomyelitis

1032 2128 157 23 viruses.
1237 2128 58 23 See
1319 2127 133 29 KOVACS,
1479 2127 137 24 ERNEST.

997 2171 158 24 Cerebral
1181 2169 214 24 infarction.
1445 2168 56 23 See
1527 2166 133 30 CARTER,

1036 2206 80 23 ALAN
1138 2204 136 24 BARHAM.

995 2238 157 24 Chemical
1177 2237 141 29 binding
1341 2237 58 23 and
1424 2237 193 22 structure.
1666 2236 57 23 See

1036 2274 113 28 SPICE,
1177 2274 34 24 J.
1239 2274 33 24 E.

999 2313 97 28 Clays
1120 2313 57 22 and
1204 2313 78 28 clay
1303 2312 176 23 minerals.
1528 2312 56 23 See

1038 2347 164 23 NATIONAL
1224 2347 200 23 CONFERENCE
1447 2346 38 23 ON
1508 2346 98 23 CLAYS
1628 2346 61 22 AND

1040 2380 80 23 CLAY
1140 2380 177 29 MINERALS,
1346 2379 93 30 12TH,
1466 2379 156 30 ATLANTA,
1651 2374 92 32 1963.

997 2417 137 24 Coastal
1159 2416 216 29 vegetation.
1425 2416 56 23 See

1039 2452 153 28 CHAPMAN,
1219 2451 35 25 V.
1281 2451 34 25 J.

997 2492 18 22 A
1040 2491 200 22 collection
1264 2490 36 23 of
1324 2490 159 28 problems
1508 2495 37 17 on
1040 2489 626 59 mathe-tical
1161 2525 154 28 physics.
1367 2525 55 23 See
1445 2524 115 28 BUDAK,
1588 2524 34 24 B.
1649 2524 33 23 M.

1002 2565 200 24 Combustion
1227 2565 157 23 chambers
1409 2564 58 23 for
1492 2563 55 30 jet
1042 2569 587 59 propulsion
1206 2599 154 29 engines.
1409 2599 57 23 See
1491 2598 113 29 ZUYEV,
1631 2598 34 23 V.
1694 2597 32 23 S.

1003 2637 182 29 Computing
1206 2637 155 24 methods.
1411 2638 56 23 See

1044 2671 156 30 BEREZIN,
1228 2671 33 25 I.
1288 2671 34 26 S.

999 2714 178 24 Continous
1201 2712 221 24 measurement
1447 2711 37 23 of
1506 2710 161 28 unsteady

1039 2748 92 23 flow.
1183 2748 56 23 See
1264 2747 113 28 KATYS,
1406 2747 33 24 G.
1469 2747 30 24 P.

1000 2786 18 23 A
1042 2791 118 18 course
1185 2785 37 23 of
1244 2785 121 28 higher
1387 2783 237 24 mathematics.
1673 2782 56 23 See

1043 2819 156 30 SMIRNOV,
1223 2819 36 24 V.
1287 2818 33 25 I'.

1016 2856 18 22 A
1059 2862 117 17 course
1200 2856 38 22 of
1261 2855 219 23 mathematics
1506 2854 58 23 for

1059 2890 177 28 engineers
1262 2889 57 23 and
1344 2887 214 24 scientists.
1607 2886 56 23 See

1059 2923 175 27 CHIRGWIN,
1260 2922 101 23 BRIAN
1383 2922 33 24 H.

1003 2957 135 24 Current
1164 2958 240 23 aeronautical
1428 2958 139 29 fatigue
1043 2958 626 58 problems.
1184 2990 57 23 See
1265 2990 183 25 SYMPOSIUM
1471 2991 39 23 ON
1532 2991 137 23 CURRENT

1040 3023 245 24 AERONAUTICAL
1305 3024 142 24 FATIGUE
1470 3024 173 27 PROBLEMS.

1042 3059 52 28 3D,
1122 3058 94 29 ROME,
1247 3054 91 32 1963.

997 3097 222 27 Development
1242 3100 98 18 means
1365 3094 133 28 people.
1548 3094 56 22 See

1039 3131 136 28 TAYLOR,
1201 3130 75 28 DON,
1305 3129 51 23 ed.

1003 3169 57 23 The
1085 3167 139 29 digital
1248 3164 174 30 computer.
1471 3163 57 22 See
1553 3160 135 28 PARTON,

1044 3203 34 23 K.
1106 3202 33 23 C.

1000 3237 139 30 Digital
1165 3234 240 25 differential
1428 3233 194 28 analysers.
1672 3231 57 22 See

1042 3270 176 29 SHILEIKO,
1243 3269 35 23 A.
1305 3269 34 23 V.

1007 3312 57 23 The
1089 3311 178 29 dynamical
1290 3311 181 23 behaviour
1495 3310 37 23 of

1049 3345 214 23 structures.
1312 3345 57 22 See
1391 3344 198 30 WARBURTON,
1616 3344 33 23 G.
1677 3344 33 22 B.

1005 3380 200 24 Electrical
1231 3380 200 28 correcting
1454 3379 157 23 elements
1638 3379 36 22 in

1045 3414 181 24 automatic
1252 3414 137 24 control
1412 3413 58 23 and
1495 3413 200 29 regulation

1047 3448 175 25 circuits.
1270 3447 56 23 See
1351 3447 95 29 KRUG,
1474 3445 122 25 GERMAN
1044 3444 674 63 KARLOVICH.

1867 230 202 28 Elementary
2092 230 152 22 vectors.
2297 230 56 22 See

1907 265 259 28 WOLSTENHOLME,
2194 264 33 24 E.
2256 264 52 24 OE.

1862 304 159 23 Elements
2047 304 37 23 of
2107 305 240 28 experimental
2372 306 115 23 stress
1902 306 689 60 analysis.
2047 338 55 24 See
2127 339 134 30 HENDRY,
2289 339 34 26 A.
2348 341 56 24 W..

1883 380 262 23 Environmental
2169 381 154 30 biology.
2372 383 57 23 See
2452 382 136 31 MORGAN,

1923 414 35 23 R.
1986 414 34 24 F.

1873 450 57 24 The
1956 450 198 23 essentials
2179 450 37 23 of
2239 451 159 23 forensic
2422 452 174 23 medicine.

1914 485 58 23 See
1998 485 132 28 POLSON,
2159 485 100 23 CYRIL
2279 485 94 25 JOHN.

1875 519 58 23 The
1959 519 180 23 evolution
2162 519 37 23 of
2222 519 56 24 the
2302 520 119 23 United
2444 521 154 23 Nations.

1918 553 56 23 See
2000 553 261 24 INTERNATIONAL
2283 554 140 23 STUDENT
2444 554 161 24 MOVEMENT

1915 587 61 23 FOR
1998 587 59 23 THE
2078 587 121 23 UNITED
2220 587 157 25 NATIONS.

1871 625 202 24 Excitation
2098 624 152 23 control.
2301 624 55 23 See

1912 659 136 28 ULANOV,
2077 659 31 24 G.
2136 659 33 24 M.

1878 700 181 23 Exercises
2084 700 39 23 in
2143 700 121 22 modern
2285 699 236 24 mathematics.

1921 735 56 22 See
2001 733 177 30 MARJORAM,
2204 733 33 24 D.
2265 734 34 22 T.
2326 733 33 24 E.

1876 773 221 29 Experiments
2122 774 36 23 in
2182 775 180 22 behaviour
2386 775 153 29 therapy.

1917 808 58 22 See
1998 807 156 31 EYSENCK,
2181 809 34 24 H.
2244 809 52 29 J.,
2325 809 52 23 ed.

1879 848 101 24 Fifth
2003 849 80 23 form
2103 849 121 23 French
2247 849 133 23 reader.
2430 850 55 22 See

1920 882 177 30 GAUTHIER,
2124 882 135 24 ROBERT.

1877 921 58 24 The
1961 921 117 29 flight
2103 921 37 23 of
2161 921 242 23 uncontrolled
2429 920 151 23 rockets.

1919 955 57 23 See
2000 955 216 29 GANTMAKHER,
2243 955 33 24 F.
2304 955 34 24 R.

1877 995 100 23 Fuels
2001 995 57 22 and
2081 1000 60 17 new
2162 993 236 30 propellants.
2448 994 56 23 See

1919 1029 201 24 CONFERENCE
2143 1029 38 23 ON
2202 1028 100 24 FUELS
2324 1028 61 24 AND
2406 1028 60 24 NEW
1919 1028 627 65 PROPELLANTS,
2121 1063 115 25 MILAN.

1877 1102 201 23 Functional
2103 1103 158 28 analysis
2287 1103 34 23 in
2345 1104 119 22 normed
2490 1109 131 23 spaces.

1919 1136 57 23 See
2001 1136 236 30 KANTOROVICH,
2266 1137 32 24 L.
2324 1138 35 24 V.

1862 1182 57 22 The
1946 1180 137 30 genesis
2109 1180 37 23 of
2170 1179 97 29 point
2292 1179 56 23 set
2373 1179 174 28 topology.

1905 1215 56 23 See
1987 1214 153 29 MANHEIM,
2169 1214 121 23 JEROME
2311 1214 33 25 H.

1880 1250 117 28 George
2022 1250 114 28 Brown,
2164 1255 18 17 a
2203 1249 140 29 profile
2368 1250 56 22 and
1920 1249 627 58 pictorial
2022 1284 194 29 biography.
2266 1284 56 23 See
2348 1283 134 30 CONNOR,

1917 1317 145 23 WILLIAM
2083 1317 93 24 NEIL.

1881 1350 223 24 Geschichten
2127 1355 59 18 zum
2205 1348 298 24 wiedererzahlen.

1923 1386 56 22 See
2006 1384 155 30 SAVIGNY,
2186 1384 33 23 W.
2248 1384 32 23 B.

1879 1430 80 26 Giro
1983 1430 117 24 credit
2124 1430 159 24 transfer
2309 1429 152 30 systems.
2510 1429 56 23 See

1920 1466 155 29 THOMSON,
2102 1466 35 23 F.
2165 1466 32 22 P.

1879 1501 160 23 Halftone
2063 1502 176 30 printing.
2286 1503 58 23 See
2370 1504 261 24 INTERNATIONAL

1921 1535 200 24 CONFERENCE
2147 1536 35 23 OF
2207 1536 159 25 PRINTING
2387 1537 163 25 RESEARCH

1922 1568 213 27 INSTITUTES.
2185 1570 73 29 7TH,
2287 1571 134 30 LONDON,
2451 1568 92 33 1963.

1885 1605 77 24 Hard
1985 1605 119 23 metals
2130 1605 214 28 production,
2374 1604 197 28 technology

1925 1640 57 22 and
2008 1639 160 23 research
2192 1639 37 22 in
2252 1639 55 22 the
2332 1638 156 25 U.S.S.R.
2536 1638 55 23 See

1923 1674 198 29 BASHKIROV,
2151 1673 32 25 S.
2213 1673 50 29 I.,
2292 1672 53 24 ed.

1882 1711 137 29 Health,
2048 1710 55 23 its
2127 1710 119 23 nature
2270 1710 59 23 and
2352 1708 255 24 conservation.

1924 1746 58 23 See
2007 1746 93 29 CREW,
2127 1746 35 24 F.
2187 1745 36 25 A.
2248 1745 36 25 E.

1886 1786 200 28 Hydraulics
2111 1787 56 23 and
2194 1787 95 23 fluid
2313 1787 196 25 mechanics.

1927 1820 56 23 See
2008 1820 243 24 AUSTRALASIAN
2274 1821 201 24 CONFERENCE
2497 1821 39 23 ON

1926 1854 202 25 HYDRAULICS
2153 1854 57 25 AND
2232 1856 100 23 FLUID
2354 1856 195 25 MECHANICS.

1928 1888 72 30 1ST,
2029 1889 201 24 UNIVERSITY
2254 1890 36 23 OF
2311 1890 144 23 WESTERN

1925 1922 197 30 AUSTRALIA,
2153 1918 92 32 1962.

1883 1958 198 23 Industrial
2104 1958 135 27 paints,
2268 1958 97 22 basic
2388 1957 216 28 principles.

1921 1992 58 23 See
2003 1991 135 28 TYSALL,
2166 1991 31 24 L.
2226 1990 32 24 A.

1899 2029 219 29 Integration
2142 2028 38 23 of
2203 2027 178 28 equations
2406 2025 38 23 of

1938 2062 180 29 parabolic
2143 2062 76 28 type
2243 2061 38 28 by
2306 2060 55 23 the
2385 2059 118 23 method
2528 2058 38 23 of

1939 2098 93 22 nets.
2081 2096 57 23 See
2162 2095 176 27 SAUL'YEV,
2364 2094 33 24 V.
2426 2094 32 24 K.

1884 2137 39 23 An
1949 2136 239 23 introduction
2212 2135 38 23 to
2272 2140 57 24 gas
2355 2135 214 28 discharges.

1927 2171 57 23 See
2008 2170 176 30 HOWATSON,
2209 2170 37 25 A.
2271 2170 35 25 M.

1881 2215 39 22 An
1944 2213 240 23 introduction
2208 2212 37 23 to
2270 2212 55 22 the
2352 2212 178 28 seasoning
2554 2211 35 22 of

1923 2247 134 24 timber.
2106 2248 57 23 See
2187 2247 114 29 BROWN,
2327 2247 35 25 W.
2390 2247 32 24 H.

1885 2287 41 24 An
1949 2285 243 29 introductory
2213 2284 98 29 guide
2335 2283 38 23 to
2395 2281 179 31 practical

1927 2321 156 30 physics.
2134 2320 55 23 See
2215 2317 215 30 STEPHENSON,
2457 2316 32 24 J.
2518 2316 32 23 P.

1888 2362 281 29 Investigations
2194 2362 76 23 into
2295 2362 199 24 electrical
1928 2363 647 62 discharges
2093 2395 36 24 in
2152 2402 114 23 gases.
2315 2397 58 23 See

1927 2430 219 28 KLYARFEL'D,
2173 2431 32 23 B.
2233 2430 53 29 N.,
2316 2431 53 25 ed.

1885 2464 57 24 The
1968 2463 238 29 isoquinoline
2231 2462 195 23 alkaloids.
2475 2462 57 23 See

1925 2498 157 30 BENTLEY,
2108 2498 35 24 K.
2169 2498 35 24 W.

1886 2536 58 23 The
1968 2536 158 28 language
2152 2535 37 22 of
2212 2535 195 28 triangles.
2457 2534 56 23 See

1928 2569 115 30 CROWN,
2068 2568 36 25 A.
2129 2569 36 24 W.

1888 2608 160 23 Lectures
2072 2607 215 24 francaises.
2337 2607 56 23 See
1930 2606 647 66 KYNASTONSNELL,
2072 2642 33 23 H.
2132 2641 33 24 F.

1888 2680 119 24 Linear
2032 2678 299 31 representations
2356 2678 37 23 of
2416 2677 57 24 the
2498 2676 137 25 Lorentz

1928 2720 115 23 group.
2092 2714 56 23 See
2172 2713 156 30 NAIMARK,
2354 2713 34 23 M.
2414 2713 35 22 A.

1871 2752 183 25 Mammalian
2077 2750 238 30 cytogenetics
2340 2749 56 23 and
2421 2747 137 24 related

1912 2786 159 29 problems
2098 2785 36 23 in
2157 2783 256 28 radiobiology.
2462 2781 55 23 See

1914 2820 182 24 SYMPOSIUM
2118 2819 37 23 ON
2177 2816 181 25 MAMMALIAN
2381 2813 240 26 CYTOGENETICS

1913 2855 60 23 AND
1995 2853 141 24 RELATED
2160 2850 157 25 PROBLEMS
2342 2850 38 23 IN
1914 2848 669 64 RADIOBIOLOGY.
2038 2886 50 30 2D,
2118 2886 58 23 SAO
2201 2884 97 24 PAULO
2320 2883 59 23 AND
2401 2882 59 23 RIO
2481 2881 41 24 DE

1914 2921 155 29 JANEIRO,
2099 2914 92 33 1962.

1882 2962 76 25 Man,
1987 2965 96 22 crops
2108 2958 58 23 and
2189 2958 97 27 pests
2312 2956 36 22 in
2373 2953 135 25 Central

1924 2996 155 22 America.
2128 2993 57 23 See
2210 2990 133 28 ORDISH,
2372 2988 134 24 GEORGE.

1890 3031 120 22 Manual
2035 3036 36 17 on
2095 3030 158 23 aircraft
2279 3030 112 22 loads.
2440 3029 56 23 See

1933 3065 134 31 TAYLOR,
2095 3064 113 24 JAMES.

1890 3103 119 22 Marine
2034 3106 279 25 gyro-compasses
2338 3101 58 23 and
2419 3100 178 23 automatic

1932 3136 135 30 pilots,
2095 3142 18 17 a
2134 3135 162 23 handbook
2318 3134 57 23 for
2398 3133 159 24 merchant

1932 3176 80 23 navy
2035 3169 173 23 officers.
2259 3169 55 22 See
2338 3167 135 30 BURGER,
2498 3167 37 25 W.

1891 3209 57 23 The
1971 3206 242 25 mathematical
2237 3205 119 28 theory
2378 3204 38 23 of
2440 3203 137 29 optimal

1932 3246 195 25 processes.
2176 3240 56 23 See
2257 3238 215 28 PONTRYAGIN,
2501 3238 32 22 L.
2561 3237 33 23 S.

1899 3278 221 23 Mathematics
2146 3277 138 29 through
2308 3278 174 28 geometry,
2510 3283 37 18 an
1942 3278 666 62 inquiry
2065 3311 77 23 into
2166 3311 56 23 the
2245 3311 98 28 place
2369 3312 36 22 of
2429 3312 159 29 geometry

1943 3345 36 23 in
2003 3345 57 23 the
2086 3345 115 23 school
2225 3345 219 24 mathematics
2471 3346 163 28 syllabus.

1943 3379 56 23 See
2024 3380 135 29 BUDDEN,
2185 3380 34 24 F.
2246 3380 33 23 J.

1895 3420 122 24 Matrix
2039 3421 158 28 analysis
2222 3421 36 22 of
2283 3421 198 24 electrical

1936 3454 196 29 machinery.
2181 3455 56 23 See
2260 3455 156 31 HANCOCK,
2443 3456 33 23 N.
2504 3457 33 22 N.
