2533 4412
0 0 0 0 93
99 441 390 71 Remington,
527 439 259 57 Harold.

175 532 58 56 A
262 531 259 58 treatise
554 550 77 37 on
663 531 105 56 the
793 530 392 71 bankruptcy
1213 530 120 54 law
1363 529 66 57 of
1459 530 102 55 the
1592 528 235 58 United
1861 529 231 74 States,

98 606 1993 75 by Harold Remington … 3d ed. Bankruptcy forms,
100 689 237 69 orders,
374 688 123 55 and
532 689 287 54 statutes,
893 704 56 37 v.
987 687 51 55 9.
1114 685 360 70 Rochester,
1511 683 74 57 N.
1623 685 92 71 Y.,
1756 685 128 56 The
98 685 1970 151 Lawyers
277 762 420 72 co-operative
731 762 363 72 publishing
1129 780 320 53 company,
1488 763 165 55 1925.

165 856 41 37 V,
237 838 82 47 855
348 855 37 38 p.
444 840 53 44 23
506 842 46 18 cm
559 875 8 9 .

98 895 52 55 ©
183 899 98 51 Jan.
314 898 65 49 26,
417 895 127 52 1925;
578 897 64 42 2c.
674 897 100 51 Jan.
806 897 77 50 31;
919 896 78 43 aff.
1032 894 106 45 Feb.
1171 896 49 51 2;
1257 896 43 42 A
1333 894 189 53 814867;
1559 895 60 43 H.
1656 895 285 53 Remington,
1978 897 115 43 New

171 954 128 43 York.
388 951 53 54 [©
468 952 224 44 additions
720 953 88 42 and
836 952 208 53 revision]

99 1053 262 71 Ritchie,
399 1052 170 58 John
603 1051 354 72 Woodside,
999 1053 188 57 1871-

244 1141 1851 75 … Fisiología aplicada; texto práctico de los principios
99 1221 372 73 tisiológicos
508 1240 42 53 y
585 1222 75 56 de
699 1240 72 37 su
809 1220 343 71 aplicación
1189 1239 37 37 a
1261 1221 91 58 los
1390 1220 355 71 problemas
1785 1223 74 56 de
1899 1222 197 72 salud,

100 1298 1998 72 por John W. Ritchie … traducida y adaptada por Roberto
100 1378 236 57 Brenes
372 1377 215 57 Mesén
620 1396 42 52 y
694 1377 189 56 Péter
916 1376 78 56 H.
1033 1374 368 61 Góldsmith.
102 1375 1972 152 Yonkers-on-Hudson,
258 1456 73 58 N.
360 1456 92 71 Y.,
481 1456 220 56 World
727 1455 159 57 book
912 1473 322 54 company,
1264 1456 165 54 1925.

170 1549 39 32 v,
237 1531 81 45 270
345 1547 39 38 p.
446 1532 112 44 illus.
623 1533 49 42 19½
707 1535 46 16 cm
760 1566 8 8 .
838 1533 17 40 (
867 1530 126 47 Serie
1021 1532 226 43 universal
1277 1533 52 42 de
1357 1532 211 50 sanidad)

100 1589 53 53 ©
177 1592 99 51 Jan.
303 1590 38 51 6,
370 1588 103 45 1925;
525 1590 64 43 2c.
616 1591 88 42 and
728 1590 78 42 aff.
833 1590 98 51 Jan.
964 1590 72 51 14;
1067 1590 43 42 A
1136 1589 187 52 814643;
1354 1589 165 44 World
1546 1588 120 44 book
1690 1605 65 27 co.

201 1645 218 55 (25-3215)

99 1744 285 74 Rolland,
427 1744 282 73 Romain,
754 1748 190 56 1866-

176 1823 1921 72 Annette and Sylvie … by Romain Rolland; translated
101 1902 166 57 from
307 1903 103 56 the
451 1902 247 57 French
737 1902 81 71 by
855 1901 137 57 Ben
1031 1902 140 71 Ray
1210 1902 299 56 Redman.
1594 1902 150 56 New
1785 1901 188 73 York,
2017 1901 78 56 H.

100 1979 155 59 Holt
289 1980 124 58 and
449 1998 322 54 company,
811 1980 165 57 1925.

170 2054 1747 56 viii, 331 p. front. (port.) 19½ cm . (His The soul enchanted, I)
101 2111 53 54 ©
182 2114 98 51 Jan.
309 2114 66 50 23,
410 2111 127 54 1925;
569 2113 64 43 2c.
663 2114 88 42 and
779 2113 78 43 aff.
888 2111 105 45 Feb.
1027 2113 52 42 10;
1133 2114 44 41 A
1208 2111 189 54 815969;
1431 2113 161 52 Henry
1623 2113 116 44 Holt
1771 2115 37 42 &
1836 2128 65 29 co.

178 2168 242 56 (25-3849)

104 2267 344 74 Salisbury,
488 2268 185 58 Ethel
709 2268 309 72 Imogene.

101 2344 1973 231 Boys’ and girls’ California, by Ethel Imogene Salisbury … Boston, New York [etc.] Houghton Mifflin company [c1925]
176 2579 1297 54 v, [3], 205, [1] p. front. illus. (incl. map) 23½cm.
103 2635 53 54 ©
189 2638 98 51 Jan.
321 2637 64 51 30,
423 2636 128 53 1925;
587 2638 63 42 2c.
686 2636 106 45 Feb.
828 2637 48 52 6;
913 2638 78 42 aff.
1028 2637 107 44 Feb.
1170 2635 48 53 5;
1256 2637 42 42 A
1333 2636 189 53 815932;
1561 2637 51 47 E.
1649 2639 35 42 I.
1723 2637 250 54 Salisbury,
2011 2640 87 42 Los

171 2694 213 52 Angeles.
454 2692 242 55 (25-3952)

106 2792 234 72 Schott,
379 2792 245 60 Walter
660 2793 231 73 Edgar.

181 2869 130 57 The
362 2869 396 57 immaculate
815 2869 343 71 deception.
1256 2869 87 58 Or
1399 2870 225 57 cosmic
1679 2890 107 37 sex
1839 2870 260 58 without

105 2947 242 72 dogma,
373 2948 83 70 by
478 2947 246 57 Walter
751 2947 218 72 Edgar
999 2947 234 58 Schott.
1305 2947 356 73 [Sausalito,
1693 2948 206 74 Calif.,
1926 2948 171 58 Priv.

103 3025 190 71 print.
324 3026 83 71 by
435 3024 188 58 Ethel
655 3025 82 56 M.
772 3025 235 72 Schott,
1038 3033 18 22 c
1062 3027 163 73 1925]

185 3102 108 49 [277]
325 3120 40 35 p.
425 3105 54 42 24
485 3106 46 17 cm
539 3140 7 7 .

105 3157 53 55 ©
191 3160 98 52 Jan.
322 3160 65 52 24,
426 3158 128 52 1925;
587 3160 66 43 2c.
688 3161 85 43 and
807 3160 78 44 aff.
921 3158 105 46 Feb.
1059 3160 49 52 2;
1145 3160 43 43 A
1222 3159 188 51 814880;
1448 3161 61 43 W.
1558 3160 51 47 E.
1648 3159 173 55 Schott;
1860 3160 240 56 Sausalito,

176 3216 134 44 Calif.
379 3214 242 56 (25-3758)

107 3314 270 72 Schultz,
419 3313 189 58 Louis
649 3314 71 58 R.

183 3392 237 72 Happy
446 3393 163 57 talks;
673 3412 88 50 or,
796 3393 325 58 Christian
1148 3394 328 57 character
1501 3395 283 72 building
1814 3396 108 57 for
1947 3397 153 72 boys

108 3470 1992 75 and girls, by Louis R. Schultz … Chicago, Milwaukee,
106 3547 355 57 Wisconsin
502 3548 287 72 printing
830 3567 106 52 co.,
981 3550 165 55 1924.

175 3624 82 43 289
291 3638 39 37 p.
393 3623 150 49 front.,
578 3623 153 53 plates.
793 3625 52 43 23½
881 3627 46 18 cm
934 3659 8 9 .

108 3677 53 54 ©
188 3680 97 51 Jan.
319 3681 34 49 1,
384 3679 128 52 1925;
541 3681 65 42 2c.
635 3682 86 42 and
748 3681 78 43 aff.
857 3680 104 44 Feb.
990 3682 50 51 2;
1070 3682 43 42 A
1142 3682 187 46 814882;
1363 3682 48 43 L.
1443 3683 52 42 R.
1529 3682 198 54 Schultz,
1758 3683 286 44 Milwaukee.

186 3734 241 56 (25-3856)

112 3834 287 72 Scroggs,
437 3836 237 71 Joseph
707 3835 377 60 Whitefield.

193 3914 317 72 Complete
554 3915 228 74 living;
829 3938 37 37 a
912 3919 188 70 study
1144 3920 68 56 of
1254 3919 104 58 the
1404 3917 393 73 significance
1843 3922 123 55 and
113 3938 1966 126 relationship
480 3998 62 53 to
567 3995 231 56 human
823 3995 112 58 life
961 3996 67 56 of
1053 3996 104 57 the
1183 3997 145 56 four
1351 3996 230 71 phases
1611 3997 67 58 of
1702 3996 112 59 life
1841 4017 261 53 appear-
