2533 4412
1109 4025 145 54 1615

207 450 1988 79 de Acosta, S . J ., bearb. von dr. H. G. Bonte. Leipzig,
202 528 70 58 F.
301 528 76 58 A.
405 528 381 75 Brockhaus,
816 531 164 56 1925.

277 619 1917 56 158 p., 1 l. front. (port.) 2 illus. (incl. map) plates. 19 cm . [Alte reisen
203 679 89 43 und
318 680 251 42 abenteuer.
633 679 63 46 14]

273 747 96 45 The
410 749 291 44 translations
740 764 76 28 are
855 746 313 54 considerably
1205 746 241 54 abridged;
1491 749 95 44 that
1625 750 120 43 from
1785 748 234 47 Garcilaso
2058 751 52 46 de
2150 751 44 44 la

203 805 129 52 Vega
360 806 37 43 is
427 805 120 44 from
571 805 68 44 his
671 803 358 46 Commentarios
1057 804 154 45 reales.

542 875 248 45 CONTENTS.—Pizarro
837 877 90 42 und
973 875 77 43 das
1099 875 251 44 Inkareich.
1353 901 57 5 —
1413 875 185 45 Bericht
1643 878 78 44 des
1770 877 234 46 Garcilaso
2052 879 53 44 de
2151 879 43 43 la

202 933 141 53 Vega.
345 958 57 6 —
405 932 191 45 Fünftes
632 933 112 43 buch
779 933 81 43 der
892 933 171 42 Natur-
1097 932 89 43 und
1221 932 397 51 Sittengeschichte
1652 933 257 51 Amerikas,
1947 951 87 29 von
2068 941 127 39 vater

201 989 107 54 José
332 991 55 43 de
410 991 185 43 Acosta.

199 1055 1696 57 © July 1, 1925; 1c. Dec. 1; A— Foreign 29301; F. A. Brockhaus.
278 1114 242 55 (26-2551)

200 1214 324 73 Garesché,
568 1214 276 58 Edward
883 1213 280 71 Francis,
1208 1215 189 57 1876-

275 1305 129 58 The
430 1308 303 69 patient’s
761 1304 215 72 guide;
1006 1303 299 73 thoughts
1335 1304 68 58 of
1428 1304 198 74 cheer,
1656 1306 404 73 consolation,
197 1326 1970 131 encouragement

674 1384 124 56 and
832 1381 412 58 information
1280 1382 105 57 for
1423 1382 105 58 the
1569 1383 144 74 sick,
1754 1384 335 73 especially
2125 1385 66 56 in

193 1459 1995 77 hospitals. By Edward F. Garesché … Milwaukee, Wis.,
195 1540 130 58 The
352 1538 299 74 Hospital
678 1539 362 72 publishing
1068 1557 324 55 company,
1423 1540 167 57 1925.

264 1620 93 51 viii,
388 1621 80 44 149
494 1634 40 38 p.
597 1620 50 43 14
653 1621 46 17 cm
706 1654 8 8 .

267 1678 43 42 A
338 1676 174 45 revised
538 1676 169 43 edition
735 1675 50 44 of
809 1675 78 43 the
908 1672 199 46 author’s
1137 1673 125 44 “The
1287 1674 205 53 patient’s
1520 1674 159 45 book”.

195 1730 54 54 ©
277 1734 107 42 Dec.
413 1732 37 51 7,
483 1730 102 45 1925;
640 1733 64 42 2c.
732 1731 87 43 and
846 1731 78 43 aff.
955 1732 107 42 Dec.
1089 1731 25 43 8;
1169 1731 43 42 A
1243 1730 163 44 876723;
1462 1731 53 46 E.
1544 1731 50 45 F.
1627 1732 241 53 Garesché,
1900 1732 290 47 Milwaukee.

275 1788 213 54 (26-270)

197 1885 601 76 [Gauthier-Villars,
836 1886 232 73 Henry]
1107 1888 191 57 1859-

194 1973 1997 163 … La fin du vice. 5. mille. Paris, Les Éditions Henry-Parville [1925]
263 2139 611 55 3 p. l., 7-246 p. 18½ cm .
264 2199 64 44 At
355 2199 115 43 head
496 2197 52 45 of
572 2197 98 44 title:
726 2195 145 54 Willy
917 2196 151 55 [pseud.]
1115 2202 43 38 et
1187 2195 336 52 Henry-Rossi.

194 2252 1697 56 © July 28, 1925; 1c. Dec. 7; A—Foreign 29341; Henry Parville.
272 2310 241 56 (26-2758)

193 2409 320 74 Goldring,
549 2408 296 74 Douglas.

273 2501 259 71 Cuckoo,
570 2520 39 37 a
638 2502 258 70 comedy
929 2500 67 57 of
1030 2499 439 73 adjustments.
1547 2500 277 73 London,
1867 2501 321 72 Chapman

195 2581 123 57 and
346 2579 166 73 Hall,
543 2579 130 71 ltd.,
706 2579 165 57 1925.
914 2644 13 10 e

283 2658 71 42 1 v.
192 2709 1994 56 © 1c. Nov. 25, 1925; A ad int. 7470; pubd. Sept. 29; D. Goldring, London.
195 2865 295 59 Harvard
518 2865 364 73 university.
953 2867 316 58 Graduate
1300 2867 209 56 school
1541 2867 67 71 of
1639 2867 282 58 business
267 2869 1896 132 administration,

659 2945 250 56 Bureau
947 2944 66 71 of
1050 2943 281 58 business
1368 2945 303 56 research.

273 3034 190 59 Cases
497 3053 77 38 on
601 3034 435 57 merchandise
1065 3034 240 56 control
1334 3034 66 55 in
1430 3035 104 56 the
1563 3035 331 57 wholesale
1924 3054 264 54 grocery

190 3113 305 57 business.
594 3110 391 73 Cambridge,
1042 3111 212 69 Mass.,
1312 3110 255 58 Bureau
1625 3112 68 56 of
1747 3112 287 58 business
193 3132 1969 129 research,
462 3190 164 56 1925.

263 3268 17 41 1
346 3302 8 8 v.
423 3266 223 53 (Bulletin
679 3281 69 28 no.
783 3264 77 55 55)

191 3321 54 54 ©
275 3323 118 43 Nov.
427 3321 36 52 5,
496 3321 128 52 1925;
655 3322 65 42 2c.
753 3322 119 43 Nov.
903 3321 77 52 28;
1015 3322 77 42 aff.
1125 3322 119 43 Nov.
1276 3320 78 53 27;
1387 3322 43 42 A
1462 3320 164 45 872637;
1688 3322 180 43 Bureau
1899 3323 51 43 of
1980 3322 204 44 business

261 3378 220 52 research,
514 3379 215 42 Harvard
760 3377 262 53 university,
1056 3377 284 53 Cambridge,
1376 3378 142 43 Mass.

192 3478 271 71 Harvey,
504 3475 174 73 Cyril
711 3477 66 56 P.

269 3566 161 72 Quia
471 3566 475 71 examinatores,
993 3586 34 37 a
1069 3565 123 56 few
1230 3584 215 38 verses
1489 3565 107 56 for
1639 3566 285 56 students
1970 3565 68 58 of
2081 3566 103 57 the

190 3646 134 70 law,
358 3645 83 70 by
474 3642 63 58 C.
571 3643 68 55 P.
672 3643 78 56 H.
785 3645 122 55 and
938 3644 60 56 J.
1031 3643 69 55 B.
1136 3643 90 71 B.,
1259 3642 152 56 with,
1439 3642 423 57 illustrations
1894 3643 82 70 by
2010 3642 64 58 C.
2110 3643 72 56 E.

191 3723 72 55 N.
347 3721 275 71 London,
657 3719 241 58 Caxton
927 3719 360 73 publishing
1318 3738 321 54 company,
1672 3721 129 71 ltd.,
1836 3721 165 55 1925.

263 3800 18 42 1
314 3813 41 28 V.

190 3851 1992 55 © 1c. Aug. 10, 1925; A ad int. 7225; pubd. June 13; C. P. Harvey, J. Basil
260 3906 1901 111 Blagden, London, & Carl E. Newton, ℅ Rearick, Dorr, Travis & Marshall, New York.
