2533 4412
1062 4019 147 58 1247

145 380 340 72 Hamilton,
525 380 245 57 Arthur
807 378 291 60 Edward.

218 472 130 56 The
385 471 133 57 real
596 490 79 52 boy
710 471 124 57 and
869 469 105 59 the
1010 489 134 38 new
1183 468 225 74 school,
1446 469 82 71 by
1562 470 75 56 A.
1678 470 71 56 E.
1789 470 342 73 Hamilton,

140 569 68 38 m.
240 570 52 37 a.
375 549 150 56 New
551 548 190 73 York,
771 547 161 58 Boni
960 547 48 57 &
1035 546 151 57 Live
1193 546 187 73 right,
1411 548 166 55 1925.

207 625 724 56 4 p. l., 11-385, [1] p. 19½ cm .
143 683 53 54 ©
223 685 120 51 Sept.
372 682 60 53 15,
462 683 129 52 1925;
617 684 64 42 2c.
710 684 101 43 Oct.
842 684 73 51 14;
943 683 78 43 aff.
1049 683 101 43 Oct.
1175 682 77 51 22;
1281 682 43 42 A
1351 680 189 53 872033;
1572 681 114 44 Boni
1712 683 37 43 &
1776 682 250 52 Liveright,
2054 683 81 43 inc.

220 738 270 56 (25-21179)

145 840 256 72 Harvey
435 837 250 75 society,
723 839 151 58 New
913 838 188 58 York.

221 933 128 55 The
386 932 260 70 Harvey
681 931 287 71 lectures,
1008 931 318 57 delivered
1362 933 202 55 under
1599 932 105 56 the
1745 931 285 72 auspices
2071 932 66 57 of

143 1011 103 55 the
275 1011 261 69 Harvey
566 1009 235 70 society
831 1009 65 56 of
926 1010 153 55 New
1105 1009 189 70 York,
1325 1009 199 56 under
1554 1009 103 56 the
1688 1011 349 70 patronage
2071 1009 67 57 of

142 1088 103 55 the
285 1087 152 56 New
475 1086 173 56 York
689 1087 298 70 academy
1028 1086 67 56 of
1134 1085 321 72 medicine,
1501 1087 357 71 1923-1924,
1902 1087 82 71 by
2087 1106 47 37 Dr.

141 1164 74 56 A.
243 1164 212 69 Biede,
480 1163 109 55 Hr.
617 1163 247 57 Walter
887 1164 72 54 R.
986 1162 210 72 Bloor,
1224 1163 109 55 Hr.
1361 1163 247 57 Walter
1630 1163 73 56 A.
1735 1164 230 57 Jacobs
1998 1165 141 67 [and

143 1240 1991 76 others] … Series 19. Philadelphia, London [etc.] J. B.
141 1318 363 71 Lippincott
541 1336 307 52 company
904 1318 163 73 [1925]

205 1394 85 43 254
317 1409 39 37 p.
414 1394 153 53 plates,
600 1393 140 44 tables
781 1395 126 52 (part
936 1393 136 54 fold.)
1111 1392 167 53 diagrs.
1337 1393 50 43 21
1398 1395 47 18 cm
1451 1428 8 8 .

137 1448 56 55 ©
221 1451 101 44 Oct.
347 1452 38 51 2,
415 1450 103 44 1925
535 1466 9 37 ;
570 1450 64 44 2c.
663 1451 87 43 and
776 1451 77 42 aff.
883 1451 109 43 Dec.
1020 1450 48 51 9;
1099 1450 42 43 A
1169 1449 189 54 872768;
1386 1451 40 52 J.
1455 1450 50 43 B.
1535 1450 256 53 Lippincott
1819 1467 65 28 co.

142 1550 267 71 Hoover,
445 1548 259 59 Ellison.

187 1635 336 62 .Cartoons
563 1637 168 57 from
767 1637 162 72 Life,
967 1638 83 70 by
1087 1637 245 57 Ellison
1370 1637 288 73 Hoover;
1697 1639 318 59 foreword
2050 1640 83 73 by

137 1716 236 57 Robert
402 1715 330 71 Benchley.
805 1711 152 60 New
984 1714 192 73 York,
1212 1714 214 58 Simon
1459 1717 123 57 and
1614 1716 318 74 Schuster,
1964 1719 166 56 1925.

207 1796 53 43 94
287 1809 40 38 p.
388 1793 115 44 illus.
563 1795 53 43 28½
670 1797 28 16 cm
707 1829 7 7 .

140 1849 52 53 ©
223 1850 119 53 Sept.
368 1851 66 49 28,
465 1848 130 53 1925;
623 1850 64 43 2c.
717 1850 101 43 Oct.
849 1848 46 53 5;
926 1850 78 43 aff.
1036 1849 100 45 Oct.
1166 1851 49 51 3;
1245 1850 43 42 A
1318 1850 189 53 868880;
1542 1851 156 46 Simon
1727 1852 37 45 &
1793 1851 230 55 Schuster,
2052 1854 83 43 inc.

218 1907 269 53 (25-21186)

141 1992 246 72 Hough,
426 1990 335 74 Benjamin
797 1990 213 75 Olney,
1051 1993 190 58 1865-

139 2083 1976 150 The export executive, by B. Olney Hough … Scranton,
293 2163 130 70 Pa.,
452 2160 462 58 International
939 2161 296 57 textbook
1261 2180 325 54 company,
1618 2163 166 59 1925.

208 2255 41 35 v,
275 2238 92 52 528,
397 2255 33 26 x
455 2253 39 38 p.
557 2239 129 52 illus.,
714 2239 145 43 forms
887 2239 127 52 (part
1041 2237 136 54 fold.)
1244 2239 53 44 23
1305 2241 46 18 cm
1357 2274 10 10 .

139 2295 53 54 ©
217 2297 106 52 July
348 2295 65 51 27,
445 2294 129 53 1925;
602 2296 65 42 2c.
694 2296 87 42 and
807 2296 78 43 aff.
918 2295 120 52 Sept.
1064 2296 53 42 22
1133 2311 9 37 ;
1173 2296 43 42 A
1243 2296 190 53 868412;
1465 2297 328 45 International
1820 2301 223 43 textbook
2069 2315 65 30 co.

217 2353 270 54 (25-21288)

141 2439 262 71 Hunter,
435 2436 192 59 Allan
654 2437 76 57 A.

214 2530 270 56 Youth’s
525 2531 363 70 adventure,
925 2530 84 71 by
1045 2529 189 57 Allan
1270 2530 74 56 A.
1385 2530 280 72 Hunter;
1705 2532 317 59 foreword
2058 2535 83 72 by

139 2608 217 72 Harry
395 2607 309 58 Emerson
742 2606 288 59 Fosdick.
1113 2607 151 58 New
1301 2607 172 58 York
1516 2611 147 72 [etc.]
1704 2608 74 61 H.
1820 2610 320 74 Appleton

138 2688 123 57 and
295 2705 319 53 company,
648 2687 165 55 1925.

207 2762 781 55 viii p., 1 l., 153, [1] p. 19½ cm .
210 2821 284 53 “Suggested
525 2819 236 53 readings”
790 2828 46 35 at
865 2821 84 42 end
979 2819 50 44 of
1055 2818 110 45 each
1192 2819 199 53 chapter.

139 2877 53 54 ©
227 2880 101 43 Oct.
365 2877 63 51 16,
463 2877 129 52 1925;
626 2879 64 41 2c.
723 2878 87 42 and
843 2876 79 44 aff.
957 2877 100 43 Oct.
1091 2877 77 51 20;
1205 2877 45 41 A
1283 2877 187 52 869621;
1508 2879 56 42 D.
1599 2879 229 52 Appleton
1862 2883 86 42 and
1980 2898 67 28 co.

218 2933 269 56 (25-21080)

142 3019 378 72 Hutcheson,
554 3021 153 56 Mrs.
745 3017 199 59 Helen
989 3018 306 73 (Thayer)
1341 3021 359 59 1860-1886.

214 3113 244 69 Poems,
509 3111 84 70 by
642 3109 202 58 Helen
897 3109 249 72 Thayer
1197 3110 384 61 Hutcheson.
1676 3109 434 81 [Washington

137 3190 75 58 H.
243 3189 84 75 C.,
353 3197 19 22 c
376 3190 164 71 1925]

209 3270 81 43 102
317 3285 40 37 p.
417 3268 102 47 23F
522 3270 29 17 m
559 3304 8 7 .

141 3322 1994 58 © Sept. 23, 1925; 1c. Sept. 26; 1c. and aff. Oct. 2; A 869163; M. R. Find-
209 3382 127 51 later,
369 3380 317 52 Washington.
747 3379 279 57 J25-21156)

141 3467 237 73 Irving,
417 3465 436 73 Washington,
894 3468 357 57 1783-1859.

216 3557 123 71 Rip
369 3557 142 57 Van
538 3556 265 71 Winkle,
837 3556 121 57 and
991 3556 129 56 The
1149 3557 222 71 legend
1401 3557 67 58 of
1499 3558 230 75 Sleepy
1756 3562 261 69 Hollow,
2049 3564 80 72 by

137 3634 419 73 Washington
579 3633 249 73 Irving;
852 3633 362 58 illustrated
1233 3635 83 71 by
1339 3635 150 57 Eric
1510 3637 191 72 Pape.
1765 3639 152 58 New
1938 3641 190 74 York,

140 3713 128 57 The
296 3712 360 57 Macmillan
684 3729 322 54 company,
1035 3711 165 57 1925.

208 3790 1922 57 xi, [3], 183, [1] p. incl. illus., plates, col. front., col. plates. 19½ cm . [The
140 3849 262 45 Macmillan
434 3848 235 44 children’s
700 3848 183 44 classics]

143 3905 52 53 ©
229 3907 101 43 Oct.
364 3905 66 49 20,
469 3902 127 52 1925;
631 3904 65 43 2c.
731 3904 87 42 and
853 3904 77 42 aff.
968 3904 102 43 Oct.
1103 3903 79 52 21;
1221 3905 43 41 A
1299 3904 189 53 869656;
1529 3907 263 45 Macmillan
1829 3925 64 28 co.
1971 3908 53 54 [©
2059 3913 75 43 the

211 3961 310 53 illustrations]
592 3957 270 57 (25-21157)
