2533 4412
1077 4054 111 57 737

126 415 260 72 Leroux,
430 414 250 71 Gaston,
725 415 187 58 1868-

200 508 277 58 Nomads
517 508 67 57 of
619 507 103 58 the
757 505 211 75 night;
1007 507 104 58 the
1148 508 189 57 latest
1377 508 378 57 adventures
1796 507 67 57 of
125 505 1962 141 Chéri-Bibi,

330 583 1779 74 by Gaston Leroux … frontispiece by George W.
127 660 1734 76 Gage. New York, The Macaulay company [ c 1925]
195 750 881 56 vi p., 1 l., 9-312 p. front. 19½cm.
194 825 190 44 London
415 822 172 46 edition
625 823 66 52 (J.
723 824 143 51 Long,
898 823 198 53 limited)
1133 823 82 45 has
1246 822 125 46 title:
1402 822 103 47 The
1532 822 197 54 dancing
1757 823 103 53 girl.

126 892 53 53 ©
206 892 106 54 July
345 892 62 51 10,
439 890 128 53 1925;
596 892 65 42 2c.
690 891 108 52 July
829 891 72 52 14;
933 892 78 42 aff.
1041 892 107 52 July
1179 889 75 54 15;
1284 891 44 42 A
1357 889 190 55 855874;
1581 892 243 53 Macaulay
1853 907 65 30 co.

204 947 270 57 (25-12851)

125 1046 325 74 Levinson,
491 1045 339 73 Abraham,
877 1049 189 57 1886-

199 1139 319 59 Pediatric
546 1141 282 71 nursing,
862 1160 35 38 a
958 1140 288 58 text-book
1273 1141 105 58 for
1405 1159 243 54 nurses,
1680 1143 85 70 by
1791 1142 324 58 Abraham

124 1217 1990 73 Levinson … illustrated with 27 engravings and 1 colored
122 1298 187 70 plate.
391 1293 439 73 Philadelphia
857 1297 123 56 and
1007 1294 151 58 New
1182 1294 190 71 York,
1399 1296 129 57 Lea
1553 1296 48 57 &
1627 1296 287 72 Febiger,
1946 1296 166 58 1925.

191 1369 1924 56 xiv, [17]–251 p. illus., col. pl., diagr. 21 cm . (Lettered on cover: The
124 1446 156 30 nurses
304 1437 100 39 text
426 1428 123 48 book
574 1428 164 52 series)

124 1483 55 53 ©
207 1484 107 52 July
345 1484 60 50 13,
439 1482 128 52 1925;
596 1483 65 43 2c.
691 1481 107 53 July
828 1482 74 52 14;
933 1483 79 42 aff.
1042 1482 107 52 July
1179 1482 75 52 16;
1285 1483 44 42 A
1361 1483 187 53 861103;
1583 1484 91 44 Lea
1703 1485 37 44 &
1769 1482 208 55 Febiger.

206 1538 269 56 (25-13752)

126 1638 216 73 Lewis,
381 1639 168 58 John
582 1636 353 74 Llewellyn,
974 1639 189 57 1880-

205 1729 129 57 The
363 1728 260 58 miners’
655 1727 156 74 fight
841 1729 108 56 for
977 1726 337 60 American
1349 1731 357 73 standards,
1737 1732 86 72 by
1850 1732 169 58 John
2049 1733 69 56 L.

126 1805 1994 78 Lewis … Indianapolis, The Bell publishing company
127 1916 13 44 [
142 1895 19 22 c
165 1887 163 72 1925]

199 1963 81 44 189
297 1977 41 38 p.
362 1961 100 45 incl.
485 1969 113 45 port.
657 1962 125 45 21cm.

128 2020 53 54 ©
206 2022 115 52 June
349 2019 63 54 15,
441 2018 128 55 1925;
597 2021 65 43 2c.
687 2022 89 42 and
802 2021 78 43 aff.
909 2020 106 53 July
1045 2020 73 53 13;
1146 2020 44 43 A
1217 2019 189 56 861087;
1439 2022 98 44 Bell
1562 2023 102 53 pub.
1695 2039 64 29 co.

205 2077 269 57 (25-13407)

125 2177 263 73 Loomis,
428 2179 185 72 Mary
653 2177 311 58 Texanna.

202 2272 200 58 Radio
436 2271 224 71 theory
689 2272 123 57 and
843 2269 350 73 operating,
1224 2272 105 56 for
1359 2272 106 60 the
1495 2271 177 61 radio
1709 2274 253 59 student
1994 2276 123 57 and

126 2348 1988 73 practical operator, by Mary Texanna Loomis … 1st ed.
126 2426 434 73 Washington,
596 2425 72 57 D.
709 2425 83 72 C.,
827 2426 251 58 Loomis
1113 2426 363 73 publishing
1511 2446 321 54 company,
1872 2429 166 57 1925.

194 2505 83 43 848
306 2518 40 37 p.
406 2502 129 51 illus.,
567 2509 132 45 port.,
731 2503 180 50 diagrs.,
941 2504 143 45 tables
1109 2503 48 51 (1
1194 2502 139 53 fold.)
1399 2503 56 45 20
1460 2506 47 18 cm
1512 2538 9 10 .

197 2559 353 52 Bibliography:
581 2572 41 38 p.
657 2557 235 50 [807]–810.

130 2613 53 54 ©
210 2614 107 53 July
349 2612 62 53 15,
444 2611 128 54 1925;
603 2612 65 44 2c.
694 2613 90 43 and
812 2613 78 44 aff.
920 2612 104 53 July
1059 2612 74 54 18;
1165 2613 44 43 A
1240 2612 188 55 861122;
1463 2614 65 43 M.
1557 2613 55 45 T.
1645 2614 197 55 Loomis,
198 2615 1899 100 Washington.
357 2669 271 55 (25-13989)

130 2769 182 72 Lord,
354 2768 340 58 Frederick
732 2767 246 74 Taylor,
1021 2771 188 56 1875-

204 2864 295 58 Diseases
525 2864 67 57 of
613 2864 103 57 the
739 2861 275 74 bronchi,
1038 2864 202 70 lungs,
1265 2866 122 57 and
1408 2864 240 73 pleura,
1672 2868 84 71 by
1779 2868 341 61 Frederick

131 2940 1988 72 T. Lord … 2d ed., thoroughly rev., with the addition of a
131 3019 258 72 chapter
425 3039 78 37 on
535 3018 376 71 pulmonary
943 3018 445 71 tuberculosis;
1424 3019 359 62 illustrated
1818 3024 152 57 with
2008 3026 110 56 107

132 3096 376 73 engravings
542 3096 122 57 and
695 3096 32 55 3
759 3093 247 59 colored
1037 3094 221 72 plates.
1342 3094 440 75 Philadelphia
1813 3103 122 57 and
1967 3102 153 59 New

129 3174 189 72 York,
343 3174 126 58 Lea
495 3172 48 58 &
569 3169 287 75 Febiger,
884 3171 165 60 1925.

201 3247 1242 56 xiii, [17]–776 p. illus., 3 col. pl., diagrs. 24½ cm .
133 3305 53 53 ©
212 3305 107 53 July
349 3305 63 50 14,
443 3302 129 53 1925;
603 3303 63 43 2c.
696 3303 106 52 July
833 3301 74 54 15;
939 3304 77 42 aff.
1047 3303 106 53 July
1185 3303 75 52 18;
1291 3304 44 42 A
1366 3303 187 54 861130;
1587 3306 92 44 Lea
1706 3308 37 44 &
1772 3306 208 56 Febiger.

212 3359 270 58 (25-13753)

132 3461 181 72 Love,
347 3461 186 72 Mary
620 3503 10 13 C.

131 3553 1964 138 Human conduct and the law, by Mary C. Love … published
375 3630 1742 79 under the auspices of Chi omega … Menasha,
133 3707 1609 71 Wis., George Banta publishing company [ c 1925]
205 3786 694 53 3 p. l., [v]-xi, 318 p. 22 cm .
208 3842 354 52 Bibliography:
594 3856 41 37 p.
667 3843 236 47 [301]–302.

138 3897 53 53 ©
225 3899 106 52 July
365 3896 39 53 7,
443 3895 129 53 1925;
609 3896 82 63 2c._
710 3897 86 42 and
832 3896 79 43 aff.
948 3895 105 53 July
1090 3896 48 51 8;
1177 3897 45 41 A
1259 3894 187 55 855788;
1488 3900 264 45 Macmillan
1789 3918 65 29 co.
1931 3903 53 53 [©
2020 3920 102 30 new

207 3956 86 42 and
327 3954 173 43 revised
533 3951 219 53 material]
822 3950 269 55 (25-12879)
