2533 4412
1334 4097 76 56 46

372 449 296 73 Valgren,
709 450 222 58 Victor
968 450 249 72 Nelson,
1262 452 192 57 1876-

450 541 329 56 Farmers’
817 541 244 56 mutual
1098 538 115 59 fire
1251 540 335 56 insurance
1623 539 66 56 in
1726 540 104 57 the
1868 541 237 58 United
2147 541 233 74 States,

373 619 82 72 by
475 618 222 58 Victor
719 618 74 58 N.
820 618 298 76 Valgren,
1242 666 10 9 PH.
1318 665 11 11 D.
1396 616 291 74 Chicago,
1712 618 116 73 Ill.,
1855 620 128 57 The
2007 619 374 74 University

372 697 69 57 of
470 695 271 75 Chicago
771 716 182 52 press
985 726 13 43 [
1000 704 18 21 c
1024 698 164 71 1924]

453 790 60 52 ix,
563 788 79 47 186
686 805 40 38 p.
788 789 116 44 illus.
935 790 140 53 (map,
1127 787 171 54 forms)
1366 789 51 42 21
1427 791 15 16 cm
1480 823 10 9 .
1558 787 294 54 (Half-title:
1905 790 241 44 Materials
2196 790 72 44 for
2315 790 73 46 the

378 849 134 53 study
538 847 51 46 of
613 847 231 54 business)

369 916 57 54 ©
452 918 108 42 Dec.
586 918 66 51 31,
682 916 129 52 1924;
839 918 66 41 2c.
932 916 88 43 and
1045 916 78 43 aff.
1150 916 99 52 Jan.
1277 916 38 51 8,
1346 914 129 53 1925;
1505 917 43 43 A
1574 914 191 54 815490;
1797 917 266 54 University
2088 919 53 43 of
2169 917 215 55 Chicago,

445 974 215 53 Chicago.
730 972 244 56 (25-2554)

375 1075 305 73 Vallings,
725 1073 331 59 Gabrielle.

450 1166 207 57 Earth
689 1165 181 58 fires:
909 1184 36 37 a
978 1164 288 71 pastoral
1301 1164 288 72 tragedy,
1626 1165 80 71 by
1743 1164 315 60 Gabrielle
2093 1166 288 74 Vallings

441 1243 1940 73 … with a preface by Lucas Malet. London, Hutchinson
371 1325 50 57 &
448 1344 85 38 co.
569 1325 181 74 [1924]

453 1413 918 57 ix p., 1 l., 13-503 p. 19½ cm . 7/6
369 1484 1961 59 © 1c. Jan. 8, 1925; A ad int. 6567; pubd. Nov. 9, 1924; G. Vallings, ℅
446 1548 190 43 Messrs.
666 1545 58 44 A.
756 1546 51 43 P.
837 1546 132 43 Watt
998 1545 38 43 &
1065 1558 93 36 son,
1190 1544 202 43 London.
1462 1542 244 55 (25-1547)

371 1650 143 57 Van
552 1648 269 70 Waters,
863 1645 275 60 Miriam.

448 1735 1935 74 Youth in conflict [by] Miriam Van Waters … New
370 1817 189 72 York,
587 1815 307 73 Republic
918 1814 366 73 publishing
1311 1832 324 55 company,
1664 1816 166 55 1925.

449 1899 97 49 xix,
573 1897 81 44 293
680 1911 41 38 p.
785 1896 50 44 19
842 1897 47 18 cm
895 1930 9 8 .

369 1953 54 54 ©
453 1954 110 42 Dec.
590 1952 68 52 30,
689 1951 131 52 1924;
847 1951 66 43 2c.
941 1951 100 52 Jan.
1071 1949 39 53 6,
1143 1947 131 54 1925;
1306 1949 79 43 aff.
1416 1949 100 53 Jan.
1546 1949 50 52 8;
1627 1949 44 43 A
1700 1948 190 55 815495;
1923 1950 221 53 Republic
2171 1952 102 52 pub.
2303 1968 65 28 co.,

441 2011 83 44 inc.
595 2008 244 56 (25-2080)

371 2115 143 58 Van
546 2112 219 74 Wyck,
804 2109 359 73 Frederick,
1205 2112 191 56 1864-

448 2203 477 72 Keskachauge,
977 2221 73 37 or
1095 2200 105 58 the
1247 2200 143 58 first
1435 2200 188 57 white
1676 2200 359 59 settlement
2081 2221 79 38 on
2210 2203 176 73 Long

370 2278 2013 77 Island, by Frederick Van Wyck … New York & London,
373 2363 68 59 G.
479 2365 70 55 P.
587 2361 335 57 Putnam’s
962 2377 165 54 sons,
1165 2358 166 56 1924.

439 2434 1946 58 xlv, 778 p. fold. front., plates (part fold.) ports., fold. maps, plans (part
369 2498 137 53 fold.)
533 2496 201 45 facsims.
791 2495 56 44 24
854 2497 47 17 cm
907 2529 9 10 .
1030 2492 154 56 $25.00

442 2555 128 44 “The
594 2552 168 46 author
782 2552 82 44 has
889 2551 117 45 tried
1029 2559 50 36 to
1102 2549 128 45 show
1254 2549 98 46 that
1378 2549 236 44 Flatlands
1638 2549 169 54 village
1832 2550 36 44 is
1894 2550 76 45 the
1996 2550 84 45 site
2106 2550 51 45 of
2181 2551 76 45 the
2283 2552 100 45 first

370 2612 140 47 white
534 2612 256 45 settlement
812 2625 59 30 on
894 2609 132 53 Long
1049 2605 169 56 Island,
1241 2608 88 44 and
1351 2606 51 46 of
1425 2607 74 45 the
1526 2607 160 44 Indian
1708 2606 168 55 village
1899 2606 52 46 of
1974 2607 408 56 Keskaechqueren

447 2671 46 43 …in
514 2669 124 46 what
661 2669 36 44 is
719 2682 106 30 now
847 2667 78 45 the
948 2666 207 53 borough
1179 2665 50 45 of
1255 2664 380 53 Brooklyn.”—p.
1657 2663 61 46 xi.

368 2727 56 54 ©
456 2728 108 43 Dec.
594 2726 70 53 29,
698 2725 107 44 1924;
861 2725 65 42 2c.
960 2724 110 42 Dec.
1104 2724 78 52 31;
1217 2722 79 44 aff.
1329 2723 101 52 Jan.
1461 2723 39 52 2,
1535 2722 131 52 1925;
1698 2722 44 43 A
1775 2720 188 55 814522;
1998 2721 51 45 F.
2082 2724 104 43 Van
2217 2725 165 51 Wvck,

443 2785 221 52 Babylon,
689 2784 59 42 N.
775 2782 55 44 Y.
896 2779 244 56 (25-1025)

372 2886 295 70 Vollmer,
708 2884 231 73 Philip,
981 2884 192 57 1860-

452 2976 131 57 The
614 2973 289 72 writings
940 2972 69 57 of
1040 2971 105 57 the
1178 2970 154 57 New
1365 2969 366 58 Testament
1761 2969 65 56 in
1860 2968 164 58 their
2056 2968 329 61 historical

375 3054 264 72 setting;
671 3072 80 37 an
780 3050 236 58 outline
1047 3048 186 74 guide
1262 3048 104 58 for
1397 3047 104 58 the
1535 3047 189 71 study
1752 3047 69 57 of
1847 3047 105 57 the
1983 3046 154 57 New
371 3049 1987 154 Testament,

605 3123 1774 81 by Philip Vollmer … New York, Chicago [etc.]
373 3205 1231 77 Fleming H. Revell company [ c 1924]
442 3288 82 44 220
555 3303 40 38 p.
659 3288 50 44 19½
743 3287 47 18 cm
797 3320 10 10 .

445 3344 217 45 Contains
696 3340 369 55 bibliographies.

372 3401 52 54 ©
451 3402 102 44 Oct.
578 3400 67 51 25,
673 3400 130 52 1924;
828 3400 65 42 2c.
919 3398 88 43 and
1032 3396 80 44 aff.
1135 3397 100 52 Jan.
1265 3394 62 52 10,
1357 3393 130 53 1925;
1517 3395 41 42 A
1586 3393 190 53 815529;
1805 3393 207 53 Fleming
2040 3394 61 43 H.
2131 3394 158 44 Revell
2315 3410 65 29 co.

451 3456 244 55 (25-2066)

392 3557 215 68 [Ward,
638 3559 152 55 Mrs.
823 3554 332 74 Atkinson]

451 3647 203 72 Songs
687 3647 67 56 of
782 3646 104 57 the
917 3664 118 51 ups
1068 3645 124 56 and
1223 3644 233 61 downs,
1486 3643 82 70 by
1598 3642 138 70 Fay
1768 3640 325 57 Inchfawn
2142 3643 235 72 [pseud.]

544 3725 263 57 London
846 3724 123 56 and
1007 3723 386 71 Melbourne,
1431 3721 218 71 Ward,
1687 3719 166 56 Lock
1891 3719 47 56 &
1975 3738 105 53 co.,
2120 3720 259 73 limited,

372 3807 164 56 1924.

447 3883 80 44 128
556 3897 39 38 p.
659 3879 51 46 17
717 3882 46 19 cm
770 3915 10 9 .

371 3931 2007 62 © 1c. Nov. 15, 1924; A ad int. 6551; pubd. Sept. 15; Mrs. A. Ward, The
446 3995 147 53 Croft,
621 3993 490 51 Bradford-on-Avon,
1138 3990 224 55 England.
1427 3988 244 56 (25-1573)
