2533 4412
1289 4078 109 57 506

343 497 162 73 City,
534 498 152 71 May
711 500 204 70 25-29,
944 500 167 55 1925.
1181 497 310 75 [Chicago,
1518 497 339 58 American
1881 497 267 59 medical
340 517 1978 132 association,
631 577 166 73 1925]

409 652 84 44 350
525 667 40 38 p.
626 652 131 52 illus.,
793 653 182 52 diagrs.,
1010 652 157 44 tables.
1231 652 50 42 21½
1321 653 48 19 cm
1374 687 9 9 .

341 707 53 54 ©
428 710 112 52 May
576 710 33 49 1,
648 709 104 44 1925;
812 710 66 43 2c.
911 709 113 53 May
1058 708 22 44 5;
1144 709 79 43 aff.
1258 710 115 52 May
1406 707 24 45 7;
1491 709 45 42 A
1568 708 165 45 829308;
1794 710 144 43 Amer.
1987 709 191 44 medical
2212 724 131 38 assn.,

412 765 214 54 Chicago.

337 848 340 60 American
708 848 267 76 railway
1007 848 397 60 association.
1479 849 392 60 Mechanical
1909 848 289 61 division.

418 929 126 59 Car
574 930 308 57 builders’
918 929 364 72 cyclopedia
1316 929 66 58 of
1416 928 338 59 American
1787 928 309 74 practice;
339 928 1982 137 definitions

551 1008 125 57 and
717 1007 238 72 typical
994 1007 425 57 illustrations
1466 1007 67 57 of
1579 1026 159 54 cars,
1783 1006 168 59 their
1993 1009 183 70 parts
2222 1010 124 56 and

340 1085 361 73 equipment;
757 1084 421 72 descriptions
1206 1086 124 56 and
1354 1084 423 58 illustrations
1807 1084 67 58 of
1900 1085 103 57 the
2031 1085 163 58 tools
2223 1087 121 57 and

337 1164 289 57 methods
657 1163 328 72 employed
1011 1162 68 57 in
1109 1162 168 58 their
1308 1162 427 58 construction
1769 1164 123 56 and
1926 1162 216 73 repair;
2206 1182 139 39 cars

339 1241 160 58 built
536 1240 67 57 in
641 1240 295 57 America
977 1240 106 57 for
1120 1240 344 58 industrial
1502 1240 365 71 operations
1908 1242 125 56 and
2072 1240 106 58 for
341 1240 1981 152 foreign

510 1318 332 58 railroads.
912 1318 145 57 11th
1086 1319 342 57 ed.—1925.
1499 1317 326 72 Compiled
1853 1320 124 56 and
2005 1317 211 59 edited
2242 1318 105 57 for

339 1396 104 59 the
478 1396 337 59 American
851 1395 264 73 railway
1150 1395 750 58 association—Division
1939 1417 55 50 v,
339 1396 1983 136 Mechanical

486 1474 337 72 (formerly
866 1474 246 58 Master
1155 1494 107 37 car
1302 1473 308 59 builders’
1656 1474 412 72 association)
2122 1475 222 72 editor,

339 1551 1938 74 Roy V. Wright … managing editor, Robert C. Augur …
339 1630 153 57 New
522 1630 191 73 York,
748 1630 75 57 N.
857 1630 94 73 Y.,
989 1629 291 73 Chicago,
1316 1630 96 56 Ill.
1453 1633 147 71 [etc.]
1640 1629 702 60 Simmons-Boardman

338 1708 944 74 publishing company [ c 1925]
413 1785 103 44 1163
550 1800 38 38 p.
650 1785 132 52 illus.,
813 1784 167 54 diagrs.
1041 1785 54 44 30½
1129 1788 47 17 cm
1184 1819 9 9 .

409 1843 302 50 Advertising
737 1848 191 37 matter:
960 1856 41 37 p.
1036 1841 118 44 1163.

340 1897 54 54 ©
426 1900 99 52 Jan.
558 1899 66 52 29,
662 1897 104 45 1925;
825 1899 65 42 2c.
922 1898 113 52 Apr.
1067 1897 53 44 25;
1181 1898 80 44 aff.
1295 1899 112 52 May
1444 1900 18 41 1;
1525 1898 45 42 A
1602 1897 167 45 829177;
1832 1897 514 47 Simmons-Boardman

411 1957 100 51 pub.
552 1971 66 28 co.
688 1954 245 56 (25-9108)

421 2045 400 58 Locomotive
883 2044 360 74 cyclopedia
1307 2045 68 57 of
1434 2042 338 60 American
1831 2044 277 72 practice;
346 2043 1979 139 definitions

637 2125 124 57 and
816 2122 239 74 typical
1107 2122 423 58 illustrations
1586 2124 66 57 of
1705 2121 423 72 locomotives,
2182 2124 167 58 their

344 2206 182 69 parts
572 2204 124 57 and
741 2202 388 73 equipment;
1178 2201 420 72 descriptions
1645 2204 125 57 and
1811 2202 423 60 illustrations
2282 2202 67 59 of

345 2282 103 57 the
474 2282 163 58 tools
665 2283 124 57 and
813 2282 288 58 methods
1132 2281 327 69 employed
1484 2281 66 57 in
1576 2279 166 60 their
1771 2280 426 60 construction
2224 2283 126 57 and

344 2361 245 71 repair;
616 2360 404 59 locomotives
1045 2361 159 58 built
1228 2362 66 56 in
1317 2358 295 59 America
1635 2361 106 56 for
1764 2358 343 61 industrial
343 2378 1981 119 operations

536 2440 125 57 and
682 2439 107 58 for
810 2439 254 72 foreign
1085 2437 332 60 railroads.
1482 2440 108 55 7th
1612 2439 343 58 ed.—1925.
2023 2438 326 73 Compiled

346 2520 125 56 and
508 2518 210 58 edited
754 2519 106 57 for
897 2518 103 58 the
1038 2515 337 60 American
1414 2515 265 74 railway
346 2516 1978 139 association—Division

519 2616 59 53 v,
617 2595 389 60 Mechanical
1054 2594 337 75 (formerly
1429 2595 339 60 American
1807 2595 265 75 railway
2110 2600 238 55 master

343 2673 1981 155 mechanics association) editor, Roy V. Wright … managing
345 2754 1975 152 editor, Robert C. Augur … New York, N. Y., Chicago,
559 2834 96 56 Ill.
700 2837 146 69 [etc.]
893 2831 704 60 Simmons-Boardman
1637 2832 366 75 publishing
2043 2853 306 54 company

344 2943 13 43 [
359 2920 18 21 c
382 2913 165 71 1925]

418 2993 102 42 1131
549 3006 40 36 p.
649 2990 131 51 illus.,
806 2989 169 53 diagrs.
1036 2990 53 45 30½
1124 2992 49 19 cm
1179 3028 9 9 .

414 3046 301 51 Advertising
741 3053 192 39 matter:
961 3063 41 34 p.
1034 3048 121 44 1131.

343 3100 52 54 ©
426 3102 112 52 Apr.
574 3101 61 52 15,
670 3101 131 52 1925;
834 3102 64 43 2c.
929 3101 113 52 Apr.
1073 3101 79 52 25;
1185 3101 80 43 aff.
1297 3101 114 53 May
1446 3102 47 51 1;
1527 3101 45 43 A
1602 3100 191 54 829178;
1830 3100 515 48 Simmons-Boardman

411 3159 102 53 pub.
555 3174 66 29 co.
689 3156 245 57 (25-9334)

338 3243 249 73 Austin,
620 3246 154 56 Mrs.
808 3245 187 73 Mary
1035 3244 306 74 (Hunter)
1387 3247 190 57 1868-

420 3322 424 71 Everyman’s
891 3321 241 72 genius,
1178 3325 83 69 by
1311 3323 186 71 Mary
1544 3321 264 73 Austin;
1859 3323 318 73 appendix
2226 3326 124 57 and

340 3399 459 73 bibliography,
830 3400 153 58 with
1013 3399 292 73 teaching
1337 3403 180 55 notes
1549 3400 84 73 by
1664 3401 290 58 Maxwell
1986 3402 179 58 Aley.
341 3403 1982 148 Indianapolis,

749 3478 129 59 The
908 3479 212 57 Bobbs
1150 3477 246 58 Merrill
1427 3497 306 54 company
1766 3509 13 43 [
1782 3487 19 23 c
1804 3479 166 74 1925]

412 3555 80 45 365
522 3571 40 36 p.
621 3556 51 42 21
682 3558 48 18 cm
736 3591 8 8 .

414 3611 334 54 Bibliography
763 3626 10 28 :
804 3627 41 38 p.
876 3612 206 46 359-365.

343 3667 53 54 ©
426 3669 112 52 Apr.
566 3670 69 49 22,
668 3669 129 53 1925;
827 3671 64 42 2c.
921 3670 112 52 Apr.
1061 3669 78 54 27;
1172 3671 79 43 aff.
1281 3671 113 51 Apr.
1422 3669 80 54 25;
1532 3671 45 42 A
1606 3670 188 53 823903;
1829 3671 360 45 Bobbs-Merrill
2221 3687 65 29 co.

422 3723 244 56 (25-9589)

343 3796 253 73 Ballew,
632 3797 250 58 Emmit.

420 3873 130 60 The
596 3874 325 72 neglected
966 3893 318 55 message;
1336 3894 88 51 or,
1476 3875 484 59 Homeseeker’s
2012 3878 328 57 excursion

343 3954 137 57 o’er
512 3952 104 58 the
650 3952 213 58 heroic
896 3957 198 68 route,
1128 3955 84 71 by
1244 3953 237 57 Emmit
1514 3953 255 72 Ballew,
1804 3954 421 58 illustrations
2260 3957 38 56 by
