2533 4412
1140 4054 109 57 517

202 420 387 72 Pemberton,
634 420 216 58 Lovell
891 421 247 56 Bearse.

269 512 59 56 A
363 512 259 56 modern
656 511 376 72 pilgrimage
1068 514 64 54 to
1171 509 319 59 Palestine
1534 510 112 73 [by]
1686 510 68 57 L.
1793 510 72 60 B.
201 510 1971 149 Pemberton;

376 589 150 56 with
561 589 420 57 illustrations
1016 588 166 57 from
1220 588 431 72 photographs
1689 588 83 72 by
1808 588 105 58 the
1950 588 243 57 author.

200 665 454 72 Philadelphia,
696 667 304 56 Dorrance
1029 666 123 58 and
1177 683 321 54 company,
1526 666 166 55 1925.

269 742 78 44 265
387 758 38 37 p.
488 742 151 52 front.,
677 742 155 54 plates,
868 751 116 44 port.
1042 743 53 43 23
1103 744 46 18 cm
1156 776 9 9 .

200 798 56 54 ©
285 800 112 52 Apr.
429 799 65 50 27,
531 799 129 53 1925;
691 801 64 42 2c.
788 801 88 44 and
905 801 79 43 aff.
1014 800 113 53 Apr.
1159 799 78 52 29;
1272 799 44 42 A
1347 797 189 54 829133;
1573 799 237 43 Dorrance
1842 799 38 43 &
1912 813 80 38 co.,
2024 798 83 44 inc.

280 855 243 56 (25-9575)

200 943 232 71 Potter,
472 942 261 73 Audrey
768 941 340 73 Abraham,
1152 943 190 58 1882-

277 1021 193 56 Farm
509 1023 256 69 motors,
812 1039 111 53 gas
969 1022 124 56 and
1137 1023 199 55 steam
1380 1018 273 73 engines,
1696 1017 332 72 hydraulic
2071 1020 123 56 and

201 1097 249 59 electric
500 1100 255 69 motors,
813 1097 272 58 traction
1140 1096 273 73 engines,
1473 1095 429 74 automobiles,
1962 1095 233 59 animal

199 1174 1993 73 motors, windmills, by Audrey A. Potter … 3d ed., rev.
200 1255 123 56 and
366 1253 113 57 enl.
564 1252 153 57 New
757 1252 174 57 York
993 1255 130 72 [etc.]
1171 1250 452 60 McGraw-Hill
1665 1251 161 58 book
1870 1270 322 54 company,

198 1330 135 70 inc.,
367 1331 166 56 1925.

268 1406 80 55 xii,
387 1407 85 43 299
512 1422 38 38 p.
624 1406 116 44 illus.
809 1406 52 47 21
872 1408 47 18 cm
925 1441 9 8 .
1003 1405 291 55 (Half-title:
1342 1404 315 54 Agricultural
1703 1404 294 56 engineering
2043 1405 152 52 series,

199 1463 51 46 E.
282 1464 50 43 B.
363 1463 311 51 McCormick,
702 1462 257 53 consulting
989 1462 172 55 editor)
1283 1461 124 55 $2.50

201 1518 53 54 ©
280 1521 112 52 May
418 1518 34 53 5,
484 1518 129 53 1925;
639 1520 65 43 2c.
733 1520 111 52 May
869 1519 50 52 8;
947 1519 79 44 aff.
1055 1520 112 52 May
1196 1521 75 51 11;
1299 1520 44 42 A
1369 1517 190 55 855015;
1590 1518 348 46 McGraw-Hill
1966 1520 121 44 book
2111 1535 81 37 co.,

271 1577 82 43 inc.
423 1575 241 56 (25-9521)

198 1660 367 72 Ridderhof,
610 1660 265 58 Cornell.

276 1736 1922 75 The ridderhand (semi-shorthand) … Copyright … by
201 1813 250 60 Cornell
481 1815 370 58 Ridderhof.
935 1817 152 58 New
1116 1816 191 71 York,
1340 1824 21 22 c
1363 1816 166 58 1925.

267 1891 702 55 2 p. l ., [9]–65, [2] p. 19½cm.
200 1948 53 54 ©
281 1950 112 51 Apr.
426 1946 62 55 15,
521 1948 128 54 1925;
680 1950 66 43 2c.
777 1950 86 43 and
889 1950 81 43 aff.
1001 1950 114 53 May
1143 1948 48 54 5;
1224 1950 44 43 A
1298 1950 188 53 829260;
1521 1949 48 45 C.
1601 1949 269 54 Ridderhof,
1901 1950 120 44 New
2049 1950 143 44 York.

278 2004 243 57 (25-9498)

198 2091 445 74 Rosenberger,
685 2092 177 58 Jesse
902 2091 303 73 Leonard,
1249 2093 189 58 1860-

278 2172 343 58 Rochester
656 2174 124 56 and
821 2171 289 73 Colgate;
1147 2170 328 60 historical
1510 2172 436 72 backgrounds
1988 2173 68 57 of
2091 2172 103 58 the

201 2248 1970 152 two universities, by Jesse Leonard Rosenberger … Chicago,
405 2326 1376 76 The University of Chicago press [ c 1925]
272 2406 78 51 vii,
381 2404 76 46 173
488 2421 40 37 p.
589 2405 142 45 front.
794 2407 50 45 19½
878 2408 47 18 cm
933 2446 9 8 .

200 2458 53 54 ©
286 2460 112 52 Apr.
433 2461 66 52 29,
539 2459 103 45 1925;
706 2461 64 42 2c.
805 2461 86 44 and
926 2462 80 43 aff.
1043 2461 113 53 May
1189 2461 51 52 4;
1280 2460 44 43 A
1360 2460 188 53 829213;
1587 2460 267 54 University
1889 2460 52 45 of
1978 2459 212 57 Chicago,

272 2515 212 54 Chicago.
553 2515 242 55 (25-9373)

197 2603 176 71 Ross,
417 2601 157 75 Clay
615 2602 338 75 Campbell,
996 2605 191 59 1892-

279 2684 131 58 The
458 2684 267 58 relation
774 2685 276 57 between
1099 2686 194 71 grade
1346 2685 207 57 school
1603 2685 223 58 record
1875 2687 122 56 and
2044 2685 153 72 high

205 2763 207 57 school
439 2762 452 71 achievement;
919 2783 36 37 a
985 2764 189 70 study
1200 2763 67 57 of
1292 2764 104 56 the
1425 2762 354 71 diagnostic
1800 2760 182 60 value
2013 2763 67 57 of
203 2761 1968 137 individual

518 2839 1678 74 record cards, by Clay Campbell Ross … New
202 2918 171 57 York
400 2917 144 72 city,
575 2918 308 58 Teachers
915 2918 248 74 college,
1196 2917 323 61 Columbia
1546 2917 371 74 university,
1949 2919 166 57 1925.

270 2995 1923 55 vii, [1], 70 p. incl. tables, diagrs. 23 ½ cm . (Teachers college, Columbia
202 3052 263 52 university.
527 3052 344 47 Contributions
897 3060 50 39 to
973 3052 251 52 education,
1252 3070 72 30 no.
1354 3054 102 50 166)

273 3108 247 46 Published
550 3110 98 44 also
679 3125 52 29 as
760 3109 136 46 thesis
935 3110 107 51 (PH.
1100 3111 36 50 D.)
1176 3110 238 46 Columbia
1444 3108 263 54 university,
1741 3107 119 50 1925.

275 3166 386 51 Bibliographical
691 3166 272 48 foot-notes.

197 3218 53 54 ©
284 3220 105 44 Feb.
426 3220 63 52 17,
526 3220 128 53 1925;
691 3222 64 43 2c.
790 3222 118 42 Mar.
940 3222 80 51 21;
1057 3222 79 43 aff.
1172 3222 119 44 Mar.
1324 3219 78 55 25;
1438 3221 44 43 A
1518 3218 188 57 822595;
1742 3221 229 46 Teachers
2005 3222 185 54 college,

272 3276 238 44 Columbia
539 3277 262 52 university.
870 3275 242 56 (25-9564)

199 3359 373 70 Ruddiman,
616 3360 189 58 Edsel
839 3361 378 72 Alexander,
1259 3364 190 57 1864-

276 3439 584 70 Incompatibilities
886 3439 66 57 in
975 3440 476 73 prescriptions,
1478 3440 107 58 for
1611 3443 285 57 students
1922 3441 67 57 in
197 3442 1973 145 pharmacy

408 3517 123 56 and
560 3516 305 58 medicine
897 3519 122 56 and
1047 3518 355 72 practicing
1430 3519 420 70 pharmacists
1885 3521 124 56 and
202 3520 1968 145 physicians,

477 3592 1715 76 by Edsel A. Ruddiman … 5th ed., rewritten and
201 3672 183 68 reset,
413 3670 157 57 total
593 3670 187 73 issue,
809 3671 273 58 thirteen
1110 3673 329 56 thousand.
1508 3673 152 58 New
1685 3673 190 73 York,
1904 3674 60 58 J.
1984 3673 209 72 Wiley

199 3745 48 58 &
283 3765 162 53 sons,
478 3746 117 59 inc.;
666 3751 148 71 [etc.,
851 3751 129 72 etc.]
1018 3750 165 57 1925.

267 3823 708 56 vii, 330 p. 22 ½ cm . $2.50
271 3879 378 45 “Abbreviations
680 3880 50 45 of
760 3881 282 45 references”
1060 3897 9 29 :
1104 3896 40 38 p.
1176 3882 75 45 vii.

203 3932 53 54 ©
283 3935 112 52 May
424 3936 35 49 1,
492 3934 103 45 1925;
649 3937 66 44 2c.
742 3938 86 43 and
854 3939 79 43 aff.
962 3939 112 52 May
1102 3938 49 53 7;
1181 3939 43 42 A
1251 3939 190 53 829294;
1473 3938 52 48 E.
1553 3941 57 43 A.
1642 3941 269 53 Ruddiman,
1943 3941 65 46 St.
2038 3941 149 45 Louis.

281 3990 241 55 (25-9525)
