2533 4412
0 0 0 0 631
124 423 404 69 Wentworth,
570 421 297 59 Patricia.

200 516 129 58 The
378 515 226 58 Dower
648 516 194 57 house
890 517 298 70 mystery,
1239 516 83 70 by
1371 513 282 59 Patricia
1702 515 407 58 Wentworth.

121 594 276 71 London,
428 594 260 57 Hodder
718 596 122 56 and
871 593 369 72 Stoughton,
1269 591 239 59 limited
1542 593 181 71 [1925]

189 685 510 52 2 p. l., 306 p. 19 cm .
122 751 1991 55 © 1c. June 11, 1925; A ad int. 7001; pubd. Apr. 21; Small, Maynard & co.,
192 811 96 51 inc.,
323 810 182 44 Boston.
575 808 272 55 (25-11825)

123 925 226 72 White,
392 925 275 58 Edward
708 925 252 72 Joseph,
1004 927 190 56 1869-

198 1016 279 59 William
513 1017 123 56 and
673 1016 297 70 Matilda;
1009 1035 36 37 a
1079 1015 351 58 mediaeval
1463 1015 328 58 historical
1827 1035 288 40 romance

126 1093 66 57 of
218 1091 279 59 William
521 1091 103 58 the
657 1090 363 73 Conqueror
1047 1091 123 57 and
1195 1091 99 57 his
1322 1091 166 72 wife,
1517 1090 287 74 Matilda,
1831 1094 82 70 by
1941 1093 172 58 Edw.

123 1170 1990 76 J. White … Boston, Mass., The Stratford company,
125 1251 164 56 1925.

192 1336 1110 56 6 p. l., iii p., 1 l., 315 p. front., plates. 19½cm.
118 1409 57 55 ©
204 1413 115 52 June
346 1410 39 53 8,
417 1408 129 54 1925;
577 1410 65 43 2c.
671 1410 116 52 June
817 1409 75 53 12;
924 1410 78 42 aff.
1033 1410 115 52 June
1181 1410 75 52 11;
1287 1409 43 42 A
1361 1408 190 55 855521;
1587 1408 233 49 Stratford
1850 1427 67 29 co.

199 1468 272 54 (25-11041)

121 1581 421 74 Willoughby,
584 1580 229 72 Frank,
853 1583 189 56 1866-

191 1667 306 78 Through
532 1672 103 58 the
670 1672 277 57 needle’s
984 1691 141 52 eye;
1165 1691 35 37 a
1236 1672 324 58 narrative
1600 1673 67 57 of
1703 1673 103 57 the
121 1677 1973 132 restoration

291 1751 68 57 of
393 1751 103 57 the
531 1749 269 58 Davidic
832 1749 295 73 kingdom
1165 1750 67 56 of
1267 1750 205 56 Israel
1505 1750 68 57 in
1607 1750 321 59 Palestine
1964 1753 152 57 with

122 1829 190 58 Jesus
362 1827 217 59 Christ
623 1847 68 37 as
737 1827 167 72 king.
991 1826 99 72 By
1137 1827 217 56 Frank
1397 1827 420 73 Willoughby.
1906 1830 211 59 Based

122 1926 168 52 upon
328 1906 128 56 The
493 1905 177 58 bride
709 1905 67 57 of
816 1903 232 74 Christ,
1086 1905 82 71 by
1207 1904 200 73 Emry
1441 1905 216 59 Davis.
1737 1907 151 57 New
1924 1907 188 75 York,

124 1983 129 59 The
287 1983 317 58 Palestine
640 2002 202 53 press,
877 1984 165 56 1925.

194 2073 544 54 1 p. l., 155 p. 19½c m .
122 2144 53 54 ©
199 2147 111 51 Apr.
340 2145 62 51 16,
432 2144 130 53 1925;
589 2146 64 42 2c.
681 2145 87 43 and
793 2145 78 42 aff.
897 2145 112 51 Apr.
1040 2143 73 52 17;
1142 2144 43 42 A
1211 2144 189 52 822926;
1431 2145 230 43 Palestine
1688 2160 139 37 press.

200 2201 269 55 (25-10552)

123 2324 258 71 Wilson,
422 2322 271 58 Herbert
729 2322 170 57 Earl.

193 2415 129 56 The
347 2415 130 57 lore
503 2415 123 57 and
649 2413 103 58 the
777 2415 134 56 lure
938 2413 68 57 of
1029 2413 103 57 the
1158 2412 338 72 Yosemite,
1521 2414 102 57 the
1649 2414 280 74 Indians,
1955 2417 166 58 their

124 2497 289 65 customs,
447 2492 255 72 legends
740 2492 123 56 and
896 2490 243 73 beliefs,
1175 2490 106 73 big
1314 2493 187 69 trees,
1537 2493 283 72 geology,
1856 2495 123 56 and
2014 2495 105 58 the

125 2575 177 68 story
333 2571 67 58 of
431 2570 337 70 Yosemite,
800 2571 82 71 by
915 2569 276 58 Herbert
1223 2569 157 58 Earl
1409 2569 263 59 Wilson.
1758 2571 128 59 San
122 2572 1973 151 Francisco,

335 2647 913 75 Calif., Sunset press [ c 1925]
197 2740 76 46 135
306 2757 38 37 p.
376 2741 103 44 incl.
512 2741 152 50 front.,
697 2740 114 43 illus.
875 2740 48 44 18
932 2742 46 17 cm
985 2773 7 9 .

122 2813 55 53 ©
204 2815 112 51 May
339 2814 68 50 29,
439 2811 128 51 1925;
595 2813 65 42 2c.
689 2813 115 51 June
831 2813 49 51 8;
910 2812 79 42 aff.
1017 2812 117 51 June
1157 2812 51 51 4;
1239 2813 42 41 A
1310 2810 188 53 829590;
1529 2813 62 42 H.
1622 2811 51 47 E.
1703 2812 194 53 Wilson,
194 2814 1900 100 Yosemite

284 2869 216 44 National
536 2870 134 49 Park,
706 2868 133 45 Calif.
905 2866 67 56 [©
1003 2868 184 51 chapter
1222 2868 273 53 “Geology”,
1528 2868 87 43 and
1650 2870 208 54 revision]

203 2925 269 56 (25-10887)

126 3041 342 73 Wiltshire,
504 3041 202 72 Mary.

203 3129 1915 76 Thursday’s child, by Mary Wiltshire … London, Mills
124 3213 48 58 &
196 3213 195 69 Boon,
420 3210 242 58 limited
690 3210 182 73 [1925]

193 3304 83 46 256
305 3319 41 38 p.
405 3304 55 43 20
465 3305 47 17 cm
518 3337 8 8 .

125 3370 1935 58 © 1c. June 26, 1925; A ad int. 7043; pubd. Apr. 30; M. Wiltshire, ℅
197 3431 190 53 Hughes
424 3430 171 43 Massie
631 3430 37 43 &
699 3445 80 36 co.,
814 3429 116 43 New
966 3429 142 43 York.
1178 3427 270 54 (25-12381)

129 3531 224 72 Wolfe,
388 3529 324 59 Humbert.

204 3624 127 58 The
372 3623 310 57 unknown
724 3621 290 71 goddess,
1053 3622 82 68 by
1175 3620 313 57 Humbert
1529 3619 229 60 Wolfe.
1840 3622 266 64 London,

127 3702 296 57 Methuen
450 3701 47 55 &
525 3719 105 53 co.,
659 3699 111 57 ltd.
802 3697 181 73 [1925]

196 3791 518 54 XV, 94 p., 1 l. 20 cm .
198 3865 182 43 Poems.

129 3929 1986 58 © 1c. June 20, 1925; A ad int. 7031; pubd. Apr. 23; Harcourt, Brace and
199 4008 80 35 co.,
315 3991 97 51 inc.,
448 3990 116 43 New
597 3988 143 43 York.
809 3985 269 56 (25-12531)
