2533 4412
999 4044 148 56 1083

73 403 204 69 Crum,
318 401 283 61 William
640 401 303 59 Leonard.

146 484 101 56 An
279 482 424 58 introduction
736 487 63 53 to
835 483 104 58 the
970 482 285 58 methods
1291 483 68 57 of
1392 481 312 60 economic
1737 481 327 71 statistics,

71 559 1994 74 by William Leonard Crum … and Alson Currie Patton
139 637 1924 75 … Chicago & New York, A. W. Shaw company; [etc.,
71 719 129 69 etc.]
230 717 165 56 1925.

139 794 80 51 xii,
254 797 79 43 493
370 809 41 36 p.
472 793 118 45 illus.
615 794 178 51 (maps)
836 793 143 47 tables
1009 794 48 52 (1
1098 792 138 53 fold.)
1280 792 169 53 diagrs.
1507 795 26 43 21½
1596 796 47 19 cm
1649 829 10 10 .

141 850 355 53 Bibliography:
559 887 10 9 p.
600 849 205 48 477-479.

67 903 56 54 ©
156 906 121 51 Sept.
311 906 60 49 19,
406 904 130 53 1925;
566 906 64 42 2c.
660 906 86 42 and
771 906 81 43 aff.
887 905 120 52 Sept.
1035 905 80 52 24;
1147 905 43 42 A
1221 904 190 53 861979;
1443 906 56 43 A.
1530 906 74 43 W.
1638 904 139 48 Shaw
1805 922 65 28 co.

148 959 270 57 (25-18567)

71 1045 212 70 Davis,
325 1046 197 58 Oscar
556 1045 189 74 King,
786 1048 188 57 1866-

142 1123 305 57 Released
478 1123 106 57 for
615 1121 384 73 publication
1017 1147 12 47 ;
1067 1142 168 39 some
1267 1122 203 59 inside
1504 1122 282 72 political
1814 1124 249 74 history

67 1200 68 58 of
160 1201 324 57 Theodore
510 1200 335 58 Roosevelt
871 1201 124 57 and
1018 1200 97 57 his
1143 1200 201 72 times,
1373 1201 360 71 1898-1918,
1755 1202 84 72 by
1866 1202 197 59 Oscar

67 1278 176 73 King
280 1278 196 57 Davis
524 1325 10 10 .…
668 1278 240 57 Boston
948 1279 124 57 and
1110 1278 153 57 New
1300 1278 190 72 York,
1531 1277 343 74 Houghton
65 1279 1974 134 Mifflin
198 1374 321 54 company,
548 1357 166 56 1925.

136 1435 79 45 viii
236 1450 54 39 p.,
318 1438 17 42 1
382 1469 23 17 l.,
428 1433 80 46 468
532 1450 38 38 p.
634 1435 150 51 front.,
809 1434 156 54 plates,
990 1442 151 45 ports.,
1171 1434 198 45 facsims.
1428 1436 52 43 23½
1517 1436 46 19 cm
1570 1471 9 8 .

70 1491 53 53 ©
153 1492 119 52 Sept.
297 1490 66 52 25,
396 1491 128 53 1925;
554 1493 64 41 2c.
646 1493 86 42 and
759 1492 78 43 aff.
869 1492 119 51 Sept.
1015 1492 78 51 28;
1122 1492 43 42 A
1194 1490 190 54 864789;
1416 1492 55 43 O.
1500 1492 59 42 K.
1590 1492 158 51 Davis,
1778 1493 118 43 New
1922 1493 143 44 York.

148 1547 269 55 (25-18478)

71 1633 265 71 Dayton,
380 1630 241 59 Helena
662 1630 223 60 Smith.

148 1713 149 57 New
325 1712 173 57 York
523 1711 67 56 in
621 1726 189 43 seven
837 1713 175 69 days,
1041 1713 83 69 by
1153 1712 242 59 Helena
1427 1711 205 60 Smith
1660 1713 254 71 Dayton
1942 1715 124 58 and

70 1788 1997 74 Louise Bascom Barratt … with one large map and six
72 1867 299 59 sectional
404 1886 197 52 maps.
685 1867 153 57 New
871 1866 191 70 York,
1096 1868 73 56 R.
1207 1867 82 56 M.
1327 1865 296 61 McBride
1660 1867 47 57 &
1742 1886 322 54 company,

72 1945 164 57 1925.

142 2020 1036 55 4 p. l. , 167 p. incl front., plans. 18½ cm .
139 2080 173 44 Folded
337 2080 105 50 plan
468 2079 45 44 in
538 2079 177 51 pocket.

71 2132 52 54 ©
152 2132 120 53 Sept.
303 2134 61 51 12,
393 2131 104 45 1925
514 2147 9 38 ;
551 2133 64 43 2c.
645 2132 121 52 Sept.
792 2133 51 42 21
861 2146 9 38 ;
899 2133 78 42 aff.
1009 2131 120 53 Sept.
1160 2133 49 43 18
1225 2147 8 37 ;
1264 2132 43 42 A
1333 2132 162 44 864691
1514 2148 10 38 ;
1553 2134 174 43 Robert
1752 2135 66 43 M.
1847 2135 220 43 McBride

141 2191 37 43 &
213 2205 65 29 co.
348 2187 270 56 (25-18265)

71 2273 292 73 Denison,
400 2274 234 58 Robert
672 2274 230 72 Fuller,
941 2277 189 56 1876-

146 2351 59 56 A
238 2352 255 57 manual
525 2352 105 57 for
664 2352 105 56 the
802 2351 247 72 issuing
1085 2352 124 57 and
1246 2351 128 58 sale
1411 2351 67 58 of
1514 2351 155 59 Ohio
1705 2352 198 58 bonds
1942 2353 123 57 and

69 2428 178 59 other
279 2429 210 71 public
523 2429 344 76 securities,
899 2429 154 57 with
1084 2429 200 57 forms
1319 2429 67 57 of
1419 2430 364 71 procedure.
1859 2431 79 58 2d
1970 2432 92 57 ed.

68 2504 1973 155 By Robert F. Denison … Cincinnati, The W. H. Anderson company, 1925.
138 2667 23 42 3
187 2681 41 38 p.
287 2699 9 17 l.,
325 2666 73 44 191
426 2680 39 38 p.
525 2666 152 43 23½cm.

140 2722 294 44 Interleaved.

72 2776 52 54 ©
163 2777 120 54 Sept.
318 2776 68 54 25,
424 2776 104 45 1925
546 2792 8 37 ;
590 2777 65 43 2c.
692 2778 86 42 and
814 2778 78 43 aff.
931 2776 123 53 Sept.
1088 2777 53 43 28
1157 2792 9 38 ;
1204 2777 43 42 A
1283 2777 163 45 864813
1463 2792 10 38 ;
1511 2779 75 43 W.
1624 2779 62 42 H.
1724 2778 242 44 Anderson
2002 2795 65 28 co.

145 2832 65 56 [©
245 2849 102 28 new
381 2841 179 45 matter]
631 2832 271 55 (25-18663)

73 2917 335 73 Dieterich,
447 2919 168 58 Fred
650 2919 53 58 G
1017 2921 358 69 1858-1923,
1415 2938 195 55 comp.

148 2995 129 58 The
329 2995 351 58 inventor’s
733 2995 322 58 universal
1110 2996 314 57 educator.
1515 2996 102 56 An
1672 2995 396 60 educational

71 3073 400 72 cyclopaedia
501 3074 124 57 and
652 3074 186 72 guide
866 3073 105 58 for
998 3073 346 73 inventors,
1371 3075 346 70 patentees,
70 3074 1976 150 manufacturers,
341 3151 369 73 mechanics,
756 3152 122 58 and
923 3151 85 58 all
1050 3152 212 58 others
1309 3153 335 58 connected
1688 3152 266 74 directly
1995 3172 72 40 or

69 3226 1994 154 indirectly with patents. Compiled and originally published by Fred G. Dieterich … Washington, D. C., c 1925.
142 3388 79 44 159
245 3402 40 38 p.
347 3385 115 45 illus.
490 3387 96 52 (incl
644 3386 141 53 port.)
882 3383 168 46 15½x23½
1087 3387 47 18 cm
1141 3420 9 9 .

75 3440 52 54 ©
167 3442 119 52 Sept.
327 3443 64 50 18,
432 3441 128 52 1925;
598 3443 64 42 2c.
700 3443 87 42 and
824 3443 78 42 aff.
945 3440 119 53 Sept.
1103 3442 78 50 21;
1221 3441 47 45 A
1301 3440 190 53 864699;
1531 3442 164 44 Albert
1732 3442 52 47 E.
1825 3442 244 54 Dieterich,

143 3496 1584 57 Washington. [ © pages 2, 13, 17, 87, 117, 118] (25-18487)
77 3582 764 72 Dubreuil-Chambardel,
880 3582 207 72 Louis,
1128 3584 188 57 1879-

217 3659 1853 71 … Les variations du corps humain. Illustré de 104
73 3735 230 75 figures
339 3737 156 58 dans
530 3738 57 57 le
619 3740 187 55 texte.
889 3736 205 72 Paris,
1130 3736 74 58 E.
1239 3736 448 75 Flammarion,
1724 3739 165 58 1925.

141 3814 1834 56 250 p., 1 l. illus. 19 cm . (Bibliothèque des connaissances médicales)
148 3871 1285 47 At head of title: … Dr. L. Dubreuil-Chambardel.
77 3926 1907 55 © July 16, 1925; 1c. July 29; A—Foreign 28363; Ernest Flammarion.
155 3984 269 54 (25-20541)
