2533 4412
0 0 0 0 3
165 458 266 69 Brewer,
473 456 236 57 Luther
743 455 316 71 Albertus,
1102 457 189 57 1858-

244 548 181 59 Some
464 548 195 56 Lamb
698 548 124 56 and
860 546 342 72 Browning
1239 546 220 58 letters
1501 549 62 54 to
1603 546 198 72 Leigh
1841 546 195 74 Hunt,
2077 549 81 71 by

163 626 240 57 Luther
438 625 74 56 A.
555 625 271 56 Brewer.
910 622 202 60 Cedar
1153 623 260 72 Rapids,
1491 643 72 53 Ia.,
1606 624 171 57 Priv.
1819 624 193 72 print.
2055 625 105 58 for

163 704 104 57 the
326 703 244 57 friends
635 701 68 58 of
760 702 241 57 Luther
1055 701 301 58 Albertus
1419 702 126 57 and
1603 701 258 59 Elinore
1924 703 236 72 Taylor

161 780 273 72 Brewer,
469 780 164 57 1924.

231 857 52 45 43
314 871 55 39 p.,
398 857 28 43 2
476 893 7 7 l.
548 857 18 43 1
603 856 130 53 illus.,
765 856 197 45 facsims.
1021 856 51 44 21
1082 858 47 19 cm
1136 892 9 9 .

234 914 95 44 “Of
360 914 89 43 this
482 913 122 45 book
636 913 131 44 three
796 914 203 43 hundred
1032 913 150 52 copies
1217 927 121 30 were
1372 913 176 52 printed
1584 915 42 43 in
1663 914 253 44 December
1952 913 204 46 nineteen

163 971 203 43 hundred
388 970 89 44 and
501 969 300 53 twenty-four
822 971 60 51 by
904 970 75 43 the
1001 968 155 46 Torch
1179 984 138 38 press,
1345 968 147 46 Cedar
1517 970 185 53 Rapids,
1728 971 167 44 Iowa.”

162 1040 54 54 ©
252 1043 109 41 Dec.
396 1041 68 51 20,
501 1040 130 51 1924;
668 1041 65 42 2c.
770 1041 86 43 and
893 1041 79 43 aff.
1011 1042 108 42 Dec.
1156 1041 78 51 23;
1273 1041 44 42 A
1353 1039 190 55 815504;
1586 1041 48 43 L.
1674 1042 57 43 A.
1770 1042 201 52 Brewer,
2010 1040 149 45 Cedar

234 1098 181 52 Rapids,
469 1114 38 27 Ia.
577 1096 242 55 (25-1484)

164 1198 232 71 Burtis,
440 1198 327 57 Thomson.

239 1290 165 57 Russ
432 1289 265 72 Farrell,
727 1288 260 73 airman,
1015 1290 84 70 by
1128 1289 313 57 Thomson
1466 1289 252 71 Burtis;
1749 1290 409 72 frontispiece

161 1369 84 70 by
276 1367 69 56 F.
384 1365 63 60 C.
482 1367 197 56 Yohn.
765 1365 252 59 Garden
1053 1365 162 75 City,
1250 1366 73 57 N.
1359 1366 94 72 Y.,
1486 1366 387 73 Doubleday,
1906 1368 172 73 Page
2113 1368 49 59 &

162 1464 323 53 company,
519 1446 165 56 1924.

233 1522 759 55 4 p. l., 238 p. front. 19½c m .
162 1592 53 54 ©
239 1594 117 43 Nov.
380 1594 68 50 28,
477 1594 128 51 1924;
631 1593 64 44 2c.
720 1593 86 44 and
830 1593 79 43 aff.
934 1594 98 51 Jan.
1060 1590 38 55 5,
1127 1591 128 53 1925;
1285 1593 40 42 A
1351 1591 187 53 814542;
1570 1593 280 53 Doubleday,
1880 1595 123 52 Page
2030 1596 36 42 &
2092 1610 64 28 co.

241 1649 214 56 (25-764)

162 1752 147 72 Bye,
349 1750 328 73 Raymond
717 1749 247 73 Taylor.

238 1825 1922 74 Principles of economics, by Raymond T. Bye … New
161 1906 189 71 York,
383 1906 74 56 A.
489 1905 75 57 A.
597 1904 242 72 Knopf,
871 1905 165 56 1924.

230 1984 76 53 vii,
337 1982 79 46 508
447 1998 38 39 p.
545 1983 167 54 diagrs.
771 1983 54 43 24
832 1983 47 18 cm
885 2017 9 9 .

234 2040 327 54 “Suggestions
589 2040 75 44 for
689 2040 178 44 further
893 2039 212 54 reading”
1132 2047 46 37 at
1202 2040 86 44 end
1309 2040 53 45 of
1388 2040 108 44 each
1522 2041 199 52 chapter.

162 2110 1994 55 © Nov. 24, 1924; 1c. Dec. 26; 1c. Jan. 14, 1925; aff. Dec. 24, 1924; A 814678;
232 2170 166 44 Alfred
421 2170 56 42 A.
504 2168 173 53 Knopf,
700 2169 82 43 inc.
852 2167 242 55 (25-1666)

230 2269 1903 150 … Callaghan’s Iowa digest, embodying all reported decisions of the Supreme court of
1372 2348 169 56 Iowa
1572 2348 168 56 from
1773 2349 124 56 and
237 2348 1897 150 including
372 2427 110 55 174
509 2426 477 56 Northwestern
1015 2427 291 69 reporter
1331 2425 274 73 through
1633 2426 109 56 195
240 2425 1893 135 Northwestern
387 2505 303 69 reporter,

729 2504 82 70 by
846 2502 180 57 Basil
1059 2503 214 72 Jones,
1314 2502 271 58 assisted
1622 2503 84 68 by
1741 2503 103 57 the
240 2503 1895 135 publisher’s
398 2580 292 59 editorial
717 2580 207 73 staff.
953 2599 55 38 v.
1040 2582 48 56 7.
1123 2579 443 76 [Supplement]

1638 2579 289 74 Chicago,
239 2578 1895 150 Callaghan
433 2659 47 56 &
510 2677 322 54 company,
866 2659 165 56 1924.

229 2736 28 42 2
281 2750 40 38 p.
370 2771 22 17 l,
420 2734 84 45 977
530 2750 40 37 p.
629 2735 55 43 26
689 2738 47 18 cm
743 2770 8 8 .

164 2804 53 54 ©
251 2807 109 42 Dec.
393 2805 67 52 30,
496 2804 106 44 1924;
659 2805 66 43 2c.
761 2804 86 44 and
881 2805 79 42 aff.
995 2805 99 52 Jan.
1127 2804 39 52 2,
1204 2802 130 54 1925;
1370 2804 44 42 A
1448 2803 188 52 814474;
1678 2803 250 54 Callaghan
1964 2806 37 43 &
2035 2820 65 28 co.

165 2920 211 69 Carco,
418 2919 280 71 Francis,
739 2921 191 56 1886-

241 3011 130 56 The
407 3010 292 57 hounded
736 3028 164 53 man,
939 3010 83 71 by
1059 3008 266 58 Francis
1371 3007 214 59 Carco.
1665 3008 152 57 New
1853 3010 189 71 York,
2086 3010 67 56 T.

165 3087 254 78 Seltzer,
449 3090 165 55 1924.

240 3167 382 54 234 p. 19½ cm .
243 3225 125 44 “The
391 3224 268 45 translation
684 3224 51 44 of
757 3224 87 44 this
868 3224 120 44 book
1010 3239 94 28 was
1128 3224 131 44 made
1280 3225 59 51 by
1363 3223 122 43 Alex
1507 3222 213 54 Jorand.”

239 3283 187 43 London
452 3281 167 44 edition
654 3282 65 52 (J.
750 3280 144 53 Cape)
928 3281 81 44 has
1036 3280 122 44 title:
1185 3280 99 44 The
1310 3295 138 29 noose
1473 3280 51 45 of
1549 3279 81 45 sin.

162 3350 53 54 ©
243 3353 97 51 Jan.
371 3350 34 46 5,
439 3350 129 50 1925;
597 3352 65 42 2c.
689 3352 98 52 Jan.
819 3351 74 52 16;
924 3352 78 42 aff.
1033 3352 99 51 Jan.
1166 3349 74 53 15;
1273 3351 44 42 A
1346 3349 187 53 815617;
1566 3350 201 45 Thomas
1800 3350 184 52 Seltzer,
2017 3351 82 44 inc.

241 3407 242 55 (25-1545)

165 3507 389 71 Chittenden,
588 3506 282 60 William
900 3507 350 70 Lawrence,
1285 3508 189 57 1862-

240 3595 1851 74 Ranch verses [by] William Lawrence Chittenden …
165 3676 143 56 16th
336 3674 301 73 printing,
670 3675 115 56 enl.
856 3674 274 71 Library
1159 3674 91 57 ed.
1321 3673 153 57 New
1500 3673 173 58 York
1705 3675 143 72 city,
1879 3675 278 72 London,

164 3752 69 60 G.
263 3753 68 57 P.
363 3753 332 57 Putnam’s
724 3771 163 54 sons,
917 3753 165 56 1925.

232 3831 77 52 xii,
339 3832 80 44 228
447 3847 39 38 p.
548 3832 149 49 front.,
726 3832 156 52 plates,
911 3839 139 45 ports.
1111 3831 53 44 20
1172 3833 45 18 cm
1225 3866 9 9 .

239 3888 209 44 Lettered
476 3902 57 29 on
563 3903 158 28 cover:
753 3888 68 51 By
850 3887 201 53 “Larry”
1081 3887 282 49 Chittenden,
1393 3887 441 53 “poet-ranchman”.

162 3955 53 54 ©
243 3958 98 51 Jan.
370 3958 38 49 2,
441 3956 129 53 1925;
599 3957 65 43 2c.
694 3958 98 51 Jan.
825 3956 49 51 7;
906 3957 80 43 aff.
1014 3957 99 52 Jan.
1144 3958 50 46 6;
1226 3956 44 42 A
1300 3955 188 54 815481;
1523 3959 75 44 W.
1630 3959 49 42 L.
1712 3958 283 53 Chittenden,
2025 3960 135 43 West

233 4015 131 43 Palm
392 4014 161 50 Beach,
581 4012 95 45 Fla.
741 4011 66 54 [©
835 4013 217 44 revisions
1078 4014 86 41 and
1192 4028 99 29 new
1314 4014 224 57 material]
1610 4013 214 59 (25-836)
