2533 4412
1126 4080 115 56 479

177 506 54 43 of
258 506 123 53 John
415 504 198 44 Bartlett
641 504 53 42 of
725 504 191 51 Boston,
948 502 381 50 Massachusetts,
1362 503 44 42 in
1437 500 93 43 the.
1544 514 134 39 years
1710 498 259 53 1790-1793,
2003 497 169 55 during

177 576 202 38 voyages
406 568 49 37 to
485 559 194 52 Canton,
710 561 76 43 the
811 560 259 43 northwest
1100 565 127 37 coast
1258 557 53 43 of
1344 557 150 43 North
1526 555 231 46 America,
1787 554 91 46 and
1907 554 262 46 elsewhere.

179 617 53 53 ©
258 619 110 50 Apr.
399 619 60 48 11,
490 615 128 53 1925;
646 617 64 42 2c.
738 618 111 50 Apr.
882 617 73 51 13;
985 616 78 43 aff.
1091 616 111 50 Apr.
1233 612 76 54 15;
1339 615 43 41 A
1409 612 189 53 822896;
1629 613 182 43 Marine
1839 612 208 43 research
2077 627 88 29 soc.

252 672 67 55 [©
347 689 101 28 new
475 681 178 44 matter]
725 671 241 55 (25-8514)

180 758 291 73 Semmig,
514 758 239 58 Jeanne
795 758 207 71 Berta,
1046 758 187 57 1867-

251 848 130 58 Das
415 849 128 57 fest
571 848 86 56 im
689 848 243 72 dunkel,
966 864 219 40 roman
1216 864 122 39 von
1370 846 241 58 Jeanne
1642 844 197 59 Berta
1873 844 291 74 Semmig.

174 926 303 72 Dresden,
567 973 10 9 O.
608 927 228 71 Laube,
869 927 165 56 1924.

253 1007 22 42 3
305 1021 39 37 p.
394 1040 22 17 l.,
470 1005 110 43 9-318
610 1019 38 37 p.
708 1004 53 43 20½
797 1007 45 17 cm
850 1040 8 8 .

179 1056 1876 57 © Nov. 27, 1924; 1c. Mar. 19, 1925; A—Foreign 27471; Oscar Laube.
258 1116 268 56 (25-10080)

179 1202 203 70 Shaw,
423 1202 239 71 George
701 1201 301 71 Bernard,
1046 1203 186 56 1856-

257 1295 349 58 Table-talk
657 1296 69 57 of
777 1294 67 59 G.
899 1294 70 57 B.
1026 1294 60 59 S.
1173 1292 488 60 Conversations
1716 1309 77 39 on
1846 1291 211 73 things
2110 1292 61 56 in

179 1371 270 73 general,
498 1371 276 56 between
822 1369 242 73 George
1111 1369 291 58 Bernard
1451 1369 186 58 Shaw
1685 1369 125 58 and
1857 1368 99 58 his
178 1368 1972 156 biographer,
450 1451 82 72 by

554 1449 345 60 Archibald
922 1450 388 58 Henderson.
1375 1450 150 58 New
1550 1449 175 59 York
1747 1451 124 58 and
1894 1448 276 69 London,

178 1528 255 70 Harper
459 1528 47 56 &
531 1526 289 58 brothers
873 1527 165 55 1925.

247 1603 1333 54 6 p. l., 162 p. front. (port.) plates, facsim. 19½ cm .
250 1663 152 45 “First
430 1662 228 48 edition.”.

581 1719 73 45 CONTENTS.—On
695 1718 153 55 things
891 1719 47 45 in
981 1718 198 54 general.
1194 1744 58 7 —
1265 1718 99 45 The
1405 1717 174 54 drama,
1621 1720 75 45 the
1737 1718 187 52 theater,
1968 1718 87 45 and
2100 1719 75 44 the

180 1776 400 54 films.—England
604 1775 88 45 and
717 1777 240 44 America:
981 1775 558 46 contrasts.—Literature
1565 1778 89 44 and
1677 1775 345 47 science.—The
2046 1785 128 44 great

179 1850 94 29 war
298 1836 87 43 and
409 1835 74 44 the
509 1834 258 43 aftermath.

182 1889 53 53 ©
260 1890 110 51 Apr.
403 1888 62 52 17,
494 1887 129 53 1925;
651 1889 63 42 2c.
742 1889 111 51 Apr.
885 1888 73 51 18;
987 1887 78 42 aff.
1093 1888 111 51 Apr.
1232 1887 77 51 20;
1339 1888 43 41 A
1408 1888 188 50 822984;
1627 1888 52 44 G.
1709 1889 50 42 B.
1792 1887 147 53 Shaw,
1969 1890 203 52 London,

251 1947 87 42 and
364 1946 250 43 Archibald
642 1944 282 51 Henderson,
956 1942 170 53 Chapel
1156 1943 114 52 Hill,
1300 1944 58 42 N.
1389 1942 49 45 C.
1508 1942 242 56 (25-8769)

182 2031 230 70 Simon,
448 2030 167 59 John
648 2032 202 70 Mary,
885 2032 189 57 1889-

256 2124 58 56 A
352 2123 326 71 Scripture
714 2122 270 70 manual,
1022 2121 280 58 directed
1337 2125 64 54 to
1439 2122 104 57 the
1580 2122 488 72 interpretation
2109 2125 67 57 of

179 2199 1928 72 Biblical revelation, by the Rev. John-Mary Simon …
181 2298 56 38 v.
273 2283 50 52 1.
406 2280 151 56 New
586 2279 190 71 York,
809 2279 58 57 J.
904 2278 68 56 F.
1007 2278 295 71 Wagner,
1335 2277 150 71 inc.;
1525 2281 148 70 [etc.,
1709 2282 131 69 etc.,
1876 2287 18 22 c
1898 2281 163 73 1924]

251 2356 82 42 xiii
362 2370 52 37 p.,
444 2356 29 41 2
499 2355 43 52 1.,
569 2347 78 51 441
681 2369 38 37 p.
782 2354 152 52 front.,
1024 2389 8 16 pl.,
1064 2369 138 37 maps.
1262 2354 52 43 23
1323 2356 47 18 cm
1376 2388 9 8 .

184 2410 53 53 ©
278 2413 108 42 Dec.
430 2412 36 51 1,
509 2411 104 43 1924
629 2426 8 37 ;
678 2412 64 42 2c.
783 2412 111 50 Apr.
933 2412 40 51 2,
1017 2409 129 54 1925;
1188 2411 78 43 aff.
1309 2411 118 43 Mar.
1470 2411 77 51 31;
1591 2412 43 41 A
1675 2410 190 54 822760;
1908 2413 169 52 Joseph
2120 2413 50 44 F.

253 2469 216 52 Wagner,
502 2468 81 43 inc.
653 2465 242 56 (25-8993)

183 2553 221 73 Smith,
441 2553 222 57 Albert
697 2552 297 75 William,
1034 2555 187 57 1856-

256 2645 168 58 John
452 2644 215 58 Edson
697 2644 202 58 Sweet,
947 2663 37 38 a
1013 2648 178 68 story
1218 2644 68 58 of
1310 2644 426 59 achievement
1761 2648 65 57 in
179 2648 1970 147 engineering
327 2723 123 57 and
489 2722 67 58 of

591 2722 1514 71 influence upon men, by Albert W. Smith …
180 2800 152 58 New
378 2800 189 71 York,
620 2801 128 57 The
797 2799 334 59 American
1182 2800 236 72 society
1466 2800 68 57 of
1579 2800 381 60 mechanical
178 2804 1970 146 engineers,
406 2879 166 56 1925.

258 2957 65 43 xii
351 2972 53 37 p.,
435 2959 28 41 2
510 2992 24 17 l.,
580 2956 152 43 [3]-220
763 2971 38 38 p.
862 2955 155 53 plates,
1050 2958 25 41 2
1104 2963 114 45 port.
1249 2956 127 52 (incl.
1409 2956 164 50 front.)
1639 2958 53 41 22½
1727 2960 47 18 cm
1780 2992 9 8 .

186 3012 53 53 ©
278 3013 118 42 Mar.
438 3010 61 53 17,
543 3010 129 68 1925;
709 3012 66 43 2c.
814 3013 86 43 and
937 3013 78 42 aff.
1053 3013 129 51 Apr.·
1201 3013 79 51 23;
1321 3014 43 41 A
1402 3012 188 53 823861;
1632 3015 244 43 American
1916 3016 169 51 society
2123 3017 52 43 of

255 3068 276 44 mechanical
569 3070 245 51 engineers.
884 3066 243 56 (25-8850)

186 3154 221 73 Smith,
448 3156 238 72 Joseph
721 3155 263 71 Russell,
1023 3156 190 59 1874-

263 3245 354 59 Commerce
643 3247 123 56 and
787 3247 309 71 industry.
1163 3247 149 56 New
1339 3247 88 57 ed.
1490 3247 99 70 By
1611 3248 60 58 J.
1695 3249 250 60 Russell
1971 3251 198 59 Smith

249 3323 1450 75 … New York, H. Holt and company [ c 1925]
264 3401 1382 55 1 p. l., v - x . 767 p. front., illus., maps, diagrs. 20½ cm .
189 3457 52 54 ©
274 3460 111 51 Apr.
420 3460 40 50 8,
497 3457 130 53 1925;
659 3459 65 42 2c.
760 3458 89 44 and
879 3459 79 42 aff.
993 3460 111 51 Apr.
1144 3457 74 51 17;
1256 3459 44 41 A
1335 3457 188 54 822935;
1560 3460 161 53 Henry
1756 3462 116 44 Holt
1908 3464 37 43 &
1979 3464 196 53 co·[©

257 3530 97 29 new
387 3522 166 36 matter
583 3515 86 43 and
701 3514 310 53 illustrations]
1082 3513 242 55 (25-8698)

188 3598 241 71 Snider,
471 3599 246 56 Denton
757 3597 252 72 Jaques,
1052 3600 189 55 1841-

263 3676 129 56 The
421 3675 125 56 rise
577 3675 66 56 of
669 3694 211 51 young:
911 3674 462 71 Shakespeare;
1406 3694 32 37 a
1470 3676 366 71 biographic
1864 3681 199 62 novel,
2093 3683 76 68 by

184 3753 246 58 Denton
467 3753 236 71 Jaques
743 3751 242 59 Snider.
1066 3751 88 59 St.
1192 3751 209 68 Louis,
1439 3753 129 59 The
1602 3754 277 60 William
1916 3758 259 73 Harvey

185 3832 205 57 Miner
415 3851 106 46 co.,
546 3830 136 71 inc.,
711 3831 164 56 1925.

261 3911 81 43 464
369 3926 40 37 p.
473 3910 50 43 18
529 3911 47 18 cm
583 3945 7 6 .

191 3966 53 53 ©
277 3966 106 44 Feb.
418 3964 64 44 17,
517 3962 128 54 1925;
677 3964 63 43 2c.
772 3965 87 43 and
889 3965 78 43 aff.
1000 3963 106 44 Feb.
1137 3964 79 51 28;
1251 3964 43 43 A
1326 3964 186 54 822222;

1549 3968 55 43 D.
1637 3969 40 49 J.
1714 3968 177 50 Snider,
1926 3970 63 47 St.
2025 3974 149 43 Louis.

269 4020 242 57 (25-8743)
