2533 4412
1063 4006 148 59 1553

175 353 123 57 Art
341 354 256 72 studies,
640 354 365 73 mediaeval,
1050 357 398 58 renaissance
1494 361 122 56 and
1658 362 277 72 modern,
1999 382 75 49 [v.]
2121 366 51 70 3,

255 432 164 70 1925,
448 432 82 71 by
556 432 306 58 members
893 433 68 56 of
988 434 105 56 the
1120 434 417 70 Department
1567 437 68 57 of
1663 438 102 58 the
1793 438 119 58 fine
1946 443 134 54 arts
2108 444 64 53 at

252 509 301 57 Harvard
583 510 124 56 and
734 509 338 58 Princeton
1100 511 422 60 universities.
1595 513 393 76 Cambridge,
250 517 1897 126 Harvard
436 586 369 72 university,
838 588 166 56 1925.

246 663 18 41 1
294 676 42 30 V.

173 715 53 54 ©
256 718 108 45 Dec.
394 718 65 52 22,
496 717 129 53 1925;
659 718 63 44 2c.
753 719 87 43 and
872 719 78 43 aff.
985 720 107 43 Dec.
1125 720 78 53 28;
1240 721 44 43 A
1315 721 189 53 872985;
1541 724 220 44 Harvard
1791 725 118 44 univ.
1945 740 138 38 press.

171 808 224 75 Bailly,
434 810 301 74 Auguste,
777 813 189 57 1878-

315 902 1530 75 … La vestale. Paris, A. Fayard et c ie [ c 1925]
235 980 85 46 288
346 995 42 36 p.
451 981 52 45 19
507 984 48 19 cm
561 1016 9 9 .

168 1032 1912 56 © July 1, 1925; 1c. Dec. 7; A—Foreign 29406; Arthème Fayard & co.
247 1089 242 56 (26-2084)

167 1175 194 58 Bible.
435 1178 77 55 N.
552 1178 67 56 T.
701 1176 364 59 Selections.
1146 1176 286 72 English.

245 1268 131 57 The
407 1269 313 57 student’s
750 1268 152 56 New
933 1269 367 56 Testament
1326 1268 420 71 compilation.
1821 1269 129 57 The
166 1269 1974 133 Epistles
322 1346 68 56 of
426 1345 161 57 Paul
621 1345 105 57 the
765 1346 242 71 apostle
1047 1348 63 54 to
1149 1344 105 58 the
1295 1345 488 57 Thessalonians
1834 1347 18 71 (I
1923 1348 123 56 and
2137 1347 18 72 II)

167 1423 294 73 Timothy
512 1422 19 73 (I
605 1424 124 57 and
825 1423 18 73 II)
897 1423 201 70 Titus,
1143 1422 345 58 Philemon.
1573 1422 128 59 San
1745 1423 218 74 Diego,
2014 1423 148 74 Cal.,

166 1500 303 59 Students
503 1501 364 73 publishing
904 1501 402 72 corporation
1347 1502 180 73 [1925]

231 1577 82 44 399
340 1592 38 38 p.
435 1578 151 44 23½cm.

163 1632 53 54 ©
251 1634 119 53 Aug.
407 1634 66 50 29,
516 1633 130 53 1925;
682 1634 65 43 2c.
783 1634 90 44 and
907 1634 77 43 aff.
1028 1632 120 55 Sept.
1185 1633 50 53 9;
1275 1634 44 42 A
1357 1631 190 54 864527;
1586 1634 169 52 Joseph
1792 1633 233 52 Hallinan,
2068 1632 89 47 San

233 1689 161 54 Diego,
432 1689 134 45 Calif.
1969 1697 109 38 9890

240 1774 1921 70 The big surprise … [London] Middleton publications
158 1854 344 72 ltd. [ c 1925].
229 1933 79 50 [98]
336 1945 43 38 p.
439 1929 134 53 illus.,
601 1933 85 44 col.
712 1931 159 52 plates.
929 1930 124 48 22cm.

159 1984 1996 55 © 1c. Oct. 28, 1925; A ad int. 7533; pubd. Sept. 1; Middleton publications,
227 2044 94 53 ltd.,
358 2044 200 43 London.
626 2041 216 57 (26-955).

158 2126 315 74 Bingham
502 2126 288 59 brothers
825 2142 106 56 co.,
967 2127 94 57 New
1158 2127 187 57 York.

233 2220 129 58 The
403 2219 335 73 Vibrator;
784 2241 36 38 a
858 2220 331 57 handbook
1230 2237 78 38 on
1347 2218 309 73 printers’
1691 2218 252 71 rollers,
1983 2238 35 37 a
156 2239 1972 117 resume
357 2300 70 56 of
452 2298 103 58 the

586 2302 210 53 recent
823 2295 202 60 issues
1058 2298 68 58 of
1154 2316 115 38 our
1295 2294 389 73 publication
1708 2293 60 57 in
1805 2298 350 56 condensed

152 2376 185 56 form.
420 2374 152 58 New
604 2374 191 65 York,
831 2373 311 73 Bingham
1178 2374 292 58 brothers
1510 2393 107 52 co.,
1655 2372 166 58 1925.

222 2449 1143 53 3 p. l., 5-106 p. illus. ( incl. ports.) 20½cm.
223 2508 99 45 The
352 2508 221 45 Vibrator
602 2507 36 46 is
667 2508 76 45 the
771 2508 143 44 house
943 2522 145 35 organ
1118 2507 52 44 of
1201 2505 228 52 Bingham
1457 2506 210 46 brothers
1698 2521 66 30 co.

150 2560 56 53 ©
235 2563 109 42 Dec.
376 2561 62 51 10,
472 2561 130 52 1925;
632 2561 65 44 2c.
728 2562 87 43 and
843 2561 80 43 aff.
953 2562 111 44 Dec.
1097 2561 75 52 12;
1205 2561 44 42 A
1278 2559 191 53 875481;
1505 2559 225 53 Bingham
1760 2560 209 45 brothers
2002 2576 65 29 co.

231 2616 270 57 (25-27958)

153 2705 302 70 Branson,
494 2703 277 58 Edward
805 2701 288 75 Regnier,
1133 2704 189 57 1875-

229 2799 129 56 The
392 2798 120 56 law
546 2799 69 56 of
645 2794 411 59 instructions
1091 2800 64 55 to
1190 2792 199 74 juries
1423 2792 66 59 in
1524 2793 144 60 civil
1703 2798 124 56 and
1862 2795 280 59 criminal

151 2894 191 52 cases,
388 2873 167 59 rules
601 2876 123 56 and
770 2893 35 37 a
849 2872 303 72 complete
1196 2870 325 60 collection
1560 2874 69 56 of
1671 2872 328 74 judicially
148 2893 1974 131 approved
421 2953 124 56 and

578 2948 1500 72 annotated forms, by Edward R. Branson …
149 3029 78 56 2d
256 3030 110 69 ed.,
397 3027 379 72 thoroughly
803 3047 128 38 rev.
964 3029 124 56 and
1117 3026 250 72 greatly
1396 3026 114 57 enl.
1542 3029 84 69 by
1652 3027 106 58 the
1787 3027 357 72 publishers

149 3105 292 60 editorial
499 3104 169 59 staff.
752 3101 452 74 Indianapolis,
1262 3104 129 56 The
1447 3104 485 58 Bobbs-Merrill
146 3125 1974 131 company
351 3214 11 41 [
367 3192 17 22 c
387 3183 149 57 1925]

215 3241 98 69 xlii,
343 3259 104 47 1435
475 3274 42 35 p.
575 3259 54 45 23
636 3262 47 18 cm
690 3295 9 8 .

147 3314 53 53 ©
229 3315 118 43 Nov.
382 3314 62 51 12,
476 3312 130 54 1925;
635 3312 65 44 2c.
729 3313 109 42 Dec.
871 3312 74 52 19;
976 3311 80 44 aff.
1085 3312 109 43 Dec.
1226 3311 75 52 18;
1333 3311 44 42 A
1405 3310 191 54 872917;
1630 3312 359 46 Bobbs-Merrill
2020 3331 66 28 co.

225 3367 270 58 (25-27955)

146 3455 269 68 Bromm,
452 3453 237 56 Emma.

223 3532 124 56 Ein
397 3528 539 73 philosophisches
989 3528 769 73 weltentwicklungswerk
1804 3532 67 56 in
144 3532 1972 146 reimeform;

373 3608 86 56 im
495 3607 266 71 glauben
791 3605 238 57 meiner
1063 3605 727 71 Evang.-Lutherischen
142 3606 1974 137 Christuskirche
398 3686 128 55 und
567 3682 387 57 mussschule
995 3683 129 56 und
1168 3682 539 71 “mussmilitär”,
1751 3704 123 37 von
1918 3685 224 56 Emma

141 3759 1741 78 Bromm … [Reading, Pa., Bartels & Dersch, 1925]
215 3836 743 56 128 p. front. (port.) 17 cm .
143 3896 52 54 ©
229 3896 120 52 Sept.
375 3896 68 51 24,
478 3893 129 52 1925;
638 3894 63 43 2c.
732 3893 87 43 and
849 3892 77 44 aff.
962 3890 121 53 Sept.
1112 3891 79 52 26;
1225 3891 43 43 A
1298 3891 189 55 861990;
1520 3892 52 47 E.
1609 3893 198 48 Bromm,
1843 3894 295 49 Morsemere,

211 3953 63 48 N.
301 3953 26 52 J.
