<alto xmlns="http://www.loc.gov/standards/alto/ns-v3#" xmlns:xlink="http://www.w3.org/1999/xlink" xmlns:xsi="http://www.w3.org/2001/XMLSchema-instance" xsi:schemaLocation="http://www.loc.gov/standards/alto/ns-v3# http://www.loc.gov/alto/v3/alto-3-0.xsd"><Description>
<MeasurementUnit>pixel</MeasurementUnit>
<sourceImageInformation>
<fileName>1925_v22_Part001.pdf</fileName>
</sourceImageInformation>
<OCRProcessing ID="IdOcr">
<ocrProcessingStep>
<processingDateTime>2019-04-03</processingDateTime>
<processingSoftware>
<softwareCreator>ABBYY</softwareCreator>
<softwareName>ABBYY Recognition Server</softwareName>
<softwareVersion>4.0</softwareVersion>
</processingSoftware>
</ocrProcessingStep>
</OCRProcessing>
</Description>
<Styles>
<ParagraphStyle ID="StyleId-FFFFFFFF-FFFF-FFFF-FFFF-FFFFFFFFFFFF-" ALIGN="Left" LEFT="0." RIGHT="0." FIRSTLINE="0."/>
<ParagraphStyle ID="StyleId-2E5B4E57-07AD-4719-97CB-14521F7F4F8A-" ALIGN="Left" LEFT="0." RIGHT="0." FIRSTLINE="0." LINESPACE="8.899999619"/>
<ParagraphStyle ID="StyleId-62A6F688-D6E3-4EFC-837B-4A4C4EB582B7-" ALIGN="Center" LEFT="0." RIGHT="0." FIRSTLINE="0." LINESPACE="12.19999981"/>
<ParagraphStyle ID="StyleId-21B71EBC-BDB5-4E16-A8F2-58189A39665B-" ALIGN="Block" LEFT="0." RIGHT="0." FIRSTLINE="-13." LINESPACE="11.35000038"/>
<ParagraphStyle ID="StyleId-1E1A68C4-DD4F-417A-A13D-7FEC29ECB499-" ALIGN="Block" LEFT="0." RIGHT="0." FIRSTLINE="-15." LINESPACE="13.30000019"/>
<ParagraphStyle ID="StyleId-6B39EC51-644D-4E90-AF07-84EF2B1E466A-" ALIGN="Block" LEFT="0." RIGHT="0." FIRSTLINE="-15." LINESPACE="8.340000153"/>
<ParagraphStyle ID="StyleId-2C1BA15F-E223-41D6-853D-AAFBDAC17E68-" ALIGN="Center" LEFT="0." RIGHT="0." FIRSTLINE="0." LINESPACE="13."/>
<ParagraphStyle ID="StyleId-A3B2CDF3-43F0-422C-90A0-E074BFEC3BC0-" ALIGN="Block" LEFT="0." RIGHT="0." FIRSTLINE="0." LINESPACE="8.899999619"/>
<ParagraphStyle ID="StyleId-28AB2493-EA15-49C1-A6AC-ED5BC404F0B9-" ALIGN="Center" LEFT="0." RIGHT="0." FIRSTLINE="0." LINESPACE="12.19999981"/>
<ParagraphStyle ID="StyleId-4417A6D4-97E2-4EFC-962D-7FBC0D5273E4-" ALIGN="Left" LEFT="0." RIGHT="0." FIRSTLINE="15." LINESPACE="8.340000153"/>
<ParagraphStyle ID="StyleId-D4EF9C5E-3110-4A39-B7BC-3D84E0F04894-" ALIGN="Center" LEFT="0." RIGHT="0." FIRSTLINE="0." LINESPACE="13.30000019"/>
<ParagraphStyle ID="StyleId-D1243F31-1201-4D92-8F69-43ADB01E9AD1-" ALIGN="Left" LEFT="0." RIGHT="0." FIRSTLINE="-13." LINESPACE="13.30000019"/>
<ParagraphStyle ID="StyleId-C65417C6-23F2-4D8F-BA55-ECE73D98CAB9-" ALIGN="Left" LEFT="0." RIGHT="0." FIRSTLINE="0." LINESPACE="8.899999619"/>
<ParagraphStyle ID="StyleId-835763C1-08DD-41BE-8BAD-8E41EA88DAE3-" ALIGN="Center" LEFT="0." RIGHT="0." FIRSTLINE="0." LINESPACE="11.10000038"/>
<ParagraphStyle ID="StyleId-78FD6B81-8F83-422D-8DF4-4274EAFD19C6-" ALIGN="Block" LEFT="0." RIGHT="0." FIRSTLINE="-17." LINESPACE="12.19999981"/>
<ParagraphStyle ID="StyleId-F506BC7F-570D-458B-9F05-A143E1F5FD17-" ALIGN="Block" LEFT="0." RIGHT="0." FIRSTLINE="-17." LINESPACE="11.35000038"/>
<ParagraphStyle ID="StyleId-CBE02C6B-22D0-48C6-A874-7E90A22F4375-" ALIGN="Center" LEFT="0." RIGHT="0." FIRSTLINE="0." LINESPACE="4.400000095"/>
<ParagraphStyle ID="StyleId-14CC0121-63AF-4AB4-9656-E02F46C61AF2-" ALIGN="Left" LEFT="0." RIGHT="0." FIRSTLINE="0." LINESPACE="8.899999619"/>
<ParagraphStyle ID="StyleId-DD64CECB-1B22-4BFF-84F0-DFDE2B0000F8-" ALIGN="Left" LEFT="0." RIGHT="0." FIRSTLINE="0." LINESPACE="12.19999981"/>
<ParagraphStyle ID="StyleId-8AEF4AA8-141A-4E5D-9C3E-C0F9F43C742F-" ALIGN="Left" LEFT="0." RIGHT="0." FIRSTLINE="0." LINESPACE="8.300000191"/>
<ParagraphStyle ID="StyleId-8C396D2A-39C0-48AB-BABA-2679D8AB257E-" ALIGN="Left" LEFT="0." RIGHT="0." FIRSTLINE="0." LINESPACE="11.10000038"/>
<ParagraphStyle ID="StyleId-3B7FE50F-10D4-487F-BDCD-FD26EB60FD4A-" ALIGN="Block" LEFT="0." RIGHT="0." FIRSTLINE="13." LINESPACE="8.340000153"/>
<ParagraphStyle ID="StyleId-8CC5CC8E-615B-4C42-BB46-DB28FA355C27-" ALIGN="Left" LEFT="0." RIGHT="0." FIRSTLINE="0." LINESPACE="12.19999981"/>
<ParagraphStyle ID="StyleId-BC67E79D-8D99-4188-8B35-A59DBB7E2BB0-" ALIGN="Block" LEFT="0." RIGHT="0." FIRSTLINE="11." LINESPACE="9.399999619"/>
</Styles>
<Layout>
<Page ID="Page1421" PHYSICAL_IMG_NR="1421" HEIGHT="4412" WIDTH="2533">
<TopMargin HEIGHT="380" WIDTH="2533" VPOS="0" HPOS="0">
</TopMargin>
<LeftMargin HEIGHT="3741" WIDTH="80" VPOS="380" HPOS="0">
</LeftMargin>
<RightMargin HEIGHT="3741" WIDTH="325" VPOS="380" HPOS="2208">
</RightMargin>
<BottomMargin HEIGHT="291" WIDTH="2533" VPOS="4121" HPOS="0">
</BottomMargin>
<PrintSpace HEIGHT="3741" WIDTH="2128" VPOS="380" HPOS="80">
<TextBlock ID="Page1421_Block1" HEIGHT="79" WIDTH="168" VPOS="4042" HPOS="1030" LANG="en-US" STYLEREFS="StyleId-AC183F67-BFF4-46D7-9DE8-664986CFAA61-">
<TextLine HEIGHT="55" WIDTH="147" VPOS="4053" HPOS="1041">
<String CONTENT="1421" HEIGHT="55" WIDTH="147" VPOS="4053" HPOS="1041"/>
</TextLine>
</TextBlock>
<TextBlock ID="Page1421_Block2" HEIGHT="3668" WIDTH="2128" VPOS="380" HPOS="80" CS="1" STYLEREFS="StyleId-8C9D8AFD-9134-4F79-B6EF-02ADFE30B246-">
<Shape>
<Polygon POINTS="80,380 2208,380 2208,4014 743,4014 743,4048 80,4048 80,380"/>
</Shape>
<TextLine HEIGHT="73" WIDTH="646" VPOS="389" HPOS="116" STYLEREFS="StyleId-4621924C-ED6A-4DBE-A5A2-AE91EABB0006-" LANG="de">
<String CONTENT="Finkeistein," HEIGHT="72" WIDTH="403" VPOS="390" HPOS="116"/>
<SP HEIGHT="72" WIDTH="34" VPOS="390" HPOS="520"/>
<String CONTENT="Louis." HEIGHT="60" WIDTH="207" VPOS="389" HPOS="555"/>
</TextLine>
<TextLine HEIGHT="74" WIDTH="1847" VPOS="469" HPOS="259" STYLEREFS="StyleId-802D58FF-7151-4730-AF40-B18C4381DAE3-" CS="1">
<String LANG="de" CS="1" CONTENT="&#8230;"/>
<SP HEIGHT="58" WIDTH="28" VPOS="470" HPOS="259"/>
<String LANG="en-US" CONTENT="Jewish" HEIGHT="58" WIDTH="239" VPOS="469" HPOS="288"/>
<SP HEIGHT="58" WIDTH="24" VPOS="469" HPOS="528"/>
<String LANG="en-US" CONTENT="self-government" HEIGHT="72" WIDTH="559" VPOS="469" HPOS="553"/>
<SP HEIGHT="57" WIDTH="17" VPOS="469" HPOS="1113"/>
<String LANG="de" CONTENT="in" HEIGHT="56" WIDTH="65" VPOS="469" HPOS="1131"/>
<SP HEIGHT="54" WIDTH="24" VPOS="472" HPOS="1197"/>
<String LANG="en-US" CONTENT="the" HEIGHT="57" WIDTH="103" VPOS="469" HPOS="1222"/>
<SP HEIGHT="38" WIDTH="24" VPOS="488" HPOS="1326"/>
<String LANG="de" CONTENT="middle" HEIGHT="58" WIDTH="232" VPOS="469" HPOS="1351"/>
<SP HEIGHT="38" WIDTH="26" VPOS="489" HPOS="1584"/>
<String LANG="en-US" CONTENT="ages," HEIGHT="54" WIDTH="166" VPOS="489" HPOS="1611"/>
<SP HEIGHT="72" WIDTH="26" VPOS="471" HPOS="1778"/>
<String LANG="en-US" CONTENT="by" HEIGHT="71" WIDTH="84" VPOS="471" HPOS="1805"/>
<SP HEIGHT="71" WIDTH="15" VPOS="471" HPOS="1890"/>
<String LANG="de" CONTENT="Rabbi" HEIGHT="58" WIDTH="200" VPOS="470" HPOS="1906"/>
</TextLine>
<TextLine HEIGHT="135" WIDTH="1971" VPOS="546" HPOS="114" STYLEREFS="StyleId-802D58FF-7151-4730-AF40-B18C4381DAE3-" LANG="en-US" CS="1">
<String CONTENT="Louis" HEIGHT="58" WIDTH="190" VPOS="546" HPOS="114"/>
<SP HEIGHT="58" WIDTH="29" VPOS="546" HPOS="305"/>
<String CONTENT="Finkelstein" HEIGHT="57" WIDTH="388" VPOS="546" HPOS="335"/>
<SP HEIGHT="40" WIDTH="32" VPOS="565" HPOS="724"/>
<String CS="1" CONTENT="&#8230;"/>
<SP HEIGHT="40" WIDTH="30" VPOS="565" HPOS="819"/>
<String CONTENT="with" HEIGHT="56" WIDTH="152" VPOS="546" HPOS="850"/>
<SP HEIGHT="57" WIDTH="28" VPOS="546" HPOS="1003"/>
<String CONTENT="a" HEIGHT="38" WIDTH="35" VPOS="565" HPOS="1032"/>
<SP HEIGHT="57" WIDTH="29" VPOS="546" HPOS="1068"/>
<String CONTENT="foreword" HEIGHT="57" WIDTH="315" VPOS="546" HPOS="1098"/>
<SP HEIGHT="56" WIDTH="27" VPOS="547" HPOS="1414"/>
<String CONTENT="by" HEIGHT="70" WIDTH="83" VPOS="548" HPOS="1442"/>
<SP HEIGHT="71" WIDTH="26" VPOS="547" HPOS="1526"/>
<String CONTENT="Professor" HEIGHT="58" WIDTH="343" VPOS="547" HPOS="1553"/>
<SP HEIGHT="56" WIDTH="27" VPOS="547" HPOS="1897"/>
<String CONTENT="Alexander" HEIGHT="134" WIDTH="1970" VPOS="547" HPOS="115"/>
<SP HEIGHT="56" WIDTH="36" VPOS="623" HPOS="314"/>
<String CONTENT="Marx." HEIGHT="56" WIDTH="202" VPOS="623" HPOS="351"/>
<SP HEIGHT="56" WIDTH="80" VPOS="623" HPOS="554"/>
<String CONTENT="New" HEIGHT="58" WIDTH="153" VPOS="623" HPOS="635"/>
</TextLine>
<TextLine HEIGHT="148" WIDTH="1973" VPOS="623" HPOS="112" STYLEREFS="StyleId-802D58FF-7151-4730-AF40-B18C4381DAE3-" LANG="en-US" CS="1">
<String CONTENT="York," HEIGHT="73" WIDTH="190" VPOS="623" HPOS="825"/>
<SP HEIGHT="72" WIDTH="45" VPOS="624" HPOS="1016"/>
<String CONTENT="The" HEIGHT="57" WIDTH="128" VPOS="624" HPOS="1062"/>
<SP HEIGHT="57" WIDTH="41" VPOS="624" HPOS="1191"/>
<String CONTENT="Jewish" HEIGHT="58" WIDTH="238" VPOS="623" HPOS="1233"/>
<SP HEIGHT="57" WIDTH="42" VPOS="624" HPOS="1472"/>
<String CONTENT="theological" HEIGHT="73" WIDTH="373" VPOS="624" HPOS="1515"/>
<SP HEIGHT="57" WIDTH="42" VPOS="625" HPOS="1889"/>
<String CONTENT="seminary" HEIGHT="147" WIDTH="1973" VPOS="624" HPOS="112"/>
<SP HEIGHT="52" WIDTH="28" VPOS="719" HPOS="275"/>
<String CONTENT="of" HEIGHT="57" WIDTH="68" VPOS="700" HPOS="304"/>
<SP HEIGHT="56" WIDTH="26" VPOS="700" HPOS="373"/>
<String CONTENT="America," HEIGHT="71" WIDTH="312" VPOS="700" HPOS="400"/>
<SP HEIGHT="69" WIDTH="31" VPOS="702" HPOS="713"/>
<String CONTENT="1924." HEIGHT="57" WIDTH="165" VPOS="701" HPOS="745"/>
</TextLine>
<TextLine HEIGHT="54" WIDTH="1421" VPOS="776" HPOS="182" LANG="en-US" CS="1">
<String CONTENT="xiii" HEIGHT="43" WIDTH="82" VPOS="776" HPOS="182"/>
<SP HEIGHT="52" WIDTH="26" VPOS="776" HPOS="265"/>
<String CONTENT="p.," HEIGHT="37" WIDTH="52" VPOS="791" HPOS="292"/>
<SP HEIGHT="51" WIDTH="25" VPOS="777" HPOS="345"/>
<String CONTENT="2" HEIGHT="41" WIDTH="27" VPOS="777" HPOS="371"/>
<SP HEIGHT="42" WIDTH="25" VPOS="777" HPOS="399"/>
<String CS="1" CONTENT="l.," HEIGHT="17" WIDTH="21" VPOS="811" HPOS="443"/>
<SP HEIGHT="51" WIDTH="27" VPOS="777" HPOS="465"/>
<String CONTENT="390" HEIGHT="44" WIDTH="82" VPOS="776" HPOS="493"/>
<SP HEIGHT="53" WIDTH="24" VPOS="776" HPOS="576"/>
<String CONTENT="p." HEIGHT="37" WIDTH="37" VPOS="792" HPOS="601"/>
<SP HEIGHT="43" WIDTH="52" VPOS="777" HPOS="639"/>
<String CS="1" CONTENT="23&#189;" HEIGHT="43" WIDTH="54" VPOS="777" HPOS="692"/>
<String STYLE="superscript" CONTENT="cm" HEIGHT="18" WIDTH="46" VPOS="779" HPOS="781"/>
<String CONTENT="." HEIGHT="8" WIDTH="7" VPOS="812" HPOS="834"/>
<SP HEIGHT="53" WIDTH="69" VPOS="777" HPOS="842"/>
<String CONTENT="(Abraham" HEIGHT="54" WIDTH="261" VPOS="776" HPOS="912"/>
<SP HEIGHT="43" WIDTH="28" VPOS="776" HPOS="1174"/>
<String CONTENT="Berliner" HEIGHT="44" WIDTH="207" VPOS="776" HPOS="1203"/>
<SP HEIGHT="29" WIDTH="25" VPOS="791" HPOS="1411"/>
<String CONTENT="series)" HEIGHT="53" WIDTH="166" VPOS="776" HPOS="1437"/>
</TextLine>
<TextLine HEIGHT="56" WIDTH="1924" VPOS="832" HPOS="185" LANG="en-US">
<String CONTENT="Developed" HEIGHT="54" WIDTH="261" VPOS="832" HPOS="185"/>
<SP HEIGHT="44" WIDTH="33" VPOS="833" HPOS="447"/>
<String CONTENT="from" HEIGHT="45" WIDTH="121" VPOS="833" HPOS="481"/>
<SP HEIGHT="37" WIDTH="27" VPOS="840" HPOS="603"/>
<String CONTENT="the" HEIGHT="44" WIDTH="76" VPOS="833" HPOS="631"/>
<SP HEIGHT="30" WIDTH="28" VPOS="847" HPOS="708"/>
<String CONTENT="author&#8217;s" HEIGHT="45" WIDTH="199" VPOS="832" HPOS="737"/>
<SP HEIGHT="38" WIDTH="31" VPOS="847" HPOS="937"/>
<String CONTENT="prize" HEIGHT="53" WIDTH="123" VPOS="832" HPOS="969"/>
<SP HEIGHT="30" WIDTH="27" VPOS="847" HPOS="1093"/>
<String CONTENT="essay" HEIGHT="39" WIDTH="132" VPOS="847" HPOS="1121"/>
<SP HEIGHT="37" WIDTH="29" VPOS="849" HPOS="1254"/>
<String CONTENT="submitted" HEIGHT="46" WIDTH="242" VPOS="832" HPOS="1284"/>
<SP HEIGHT="45" WIDTH="32" VPOS="833" HPOS="1527"/>
<String CONTENT="to" HEIGHT="37" WIDTH="48" VPOS="841" HPOS="1560"/>
<SP HEIGHT="37" WIDTH="28" VPOS="841" HPOS="1609"/>
<String CONTENT="the" HEIGHT="46" WIDTH="74" VPOS="833" HPOS="1638"/>
<SP HEIGHT="45" WIDTH="31" VPOS="834" HPOS="1713"/>
<String CONTENT="faculty" HEIGHT="54" WIDTH="173" VPOS="834" HPOS="1745"/>
<SP HEIGHT="39" WIDTH="30" VPOS="849" HPOS="1919"/>
<String CONTENT="of" HEIGHT="45" WIDTH="50" VPOS="834" HPOS="1950"/>
<SP HEIGHT="44" WIDTH="31" VPOS="834" HPOS="2001"/>
<String CONTENT="the" HEIGHT="45" WIDTH="76" VPOS="833" HPOS="2033"/>
</TextLine>
<TextLine HEIGHT="54" WIDTH="1996" VPOS="889" HPOS="113" LANG="en-US">
<String CONTENT="Jewish" HEIGHT="53" WIDTH="170" VPOS="890" HPOS="113"/>
<SP HEIGHT="43" WIDTH="35" VPOS="890" HPOS="284"/>
<String CONTENT="theological" HEIGHT="52" WIDTH="271" VPOS="890" HPOS="320"/>
<SP HEIGHT="43" WIDTH="38" VPOS="890" HPOS="592"/>
<String CONTENT="seminary" HEIGHT="53" WIDTH="225" VPOS="889" HPOS="631"/>
<SP HEIGHT="37" WIDTH="34" VPOS="905" HPOS="857"/>
<String CONTENT="of" HEIGHT="45" WIDTH="52" VPOS="889" HPOS="892"/>
<SP HEIGHT="43" WIDTH="37" VPOS="889" HPOS="945"/>
<String CONTENT="America," HEIGHT="52" WIDTH="224" VPOS="890" HPOS="983"/>
<SP HEIGHT="36" WIDTH="37" VPOS="906" HPOS="1208"/>
<String CONTENT="under" HEIGHT="43" WIDTH="142" VPOS="891" HPOS="1246"/>
<SP HEIGHT="36" WIDTH="36" VPOS="898" HPOS="1389"/>
<String CONTENT="the" HEIGHT="43" WIDTH="73" VPOS="891" HPOS="1426"/>
<SP HEIGHT="36" WIDTH="36" VPOS="898" HPOS="1500"/>
<String CONTENT="title" HEIGHT="45" WIDTH="98" VPOS="890" HPOS="1537"/>
<SP HEIGHT="44" WIDTH="37" VPOS="891" HPOS="1636"/>
<String CONTENT="&#8220;The" HEIGHT="47" WIDTH="126" VPOS="889" HPOS="1674"/>
<SP HEIGHT="44" WIDTH="40" VPOS="892" HPOS="1801"/>
<String CONTENT="Rabbinical" HEIGHT="46" WIDTH="267" VPOS="889" HPOS="1842"/>
</TextLine>
<TextLine HEIGHT="107" WIDTH="1976" VPOS="946" HPOS="111" LANG="en-US" CS="1">
<String CONTENT="synods" HEIGHT="51" WIDTH="165" VPOS="948" HPOS="115"/>
<SP HEIGHT="43" WIDTH="42" VPOS="946" HPOS="281"/>
<String CONTENT="from" HEIGHT="44" WIDTH="123" VPOS="946" HPOS="324"/>
<SP HEIGHT="36" WIDTH="40" VPOS="954" HPOS="448"/>
<String CONTENT="the" HEIGHT="44" WIDTH="74" VPOS="946" HPOS="489"/>
<SP HEIGHT="29" WIDTH="41" VPOS="961" HPOS="564"/>
<String CONTENT="eleventh" HEIGHT="44" WIDTH="205" VPOS="946" HPOS="606"/>
<SP HEIGHT="43" WIDTH="41" VPOS="946" HPOS="812"/>
<String CONTENT="to" HEIGHT="37" WIDTH="48" VPOS="953" HPOS="854"/>
<SP HEIGHT="36" WIDTH="40" VPOS="954" HPOS="903"/>
<String CONTENT="the" HEIGHT="44" WIDTH="74" VPOS="946" HPOS="944"/>
<SP HEIGHT="29" WIDTH="42" VPOS="961" HPOS="1019"/>
<String CONTENT="seventeenth" HEIGHT="43" WIDTH="287" VPOS="947" HPOS="1062"/>
<SP HEIGHT="42" WIDTH="43" VPOS="947" HPOS="1350"/>
<String CONTENT="centuries" HEIGHT="43" WIDTH="225" VPOS="947" HPOS="1394"/>
<SP HEIGHT="28" WIDTH="44" VPOS="962" HPOS="1620"/>
<String CONTENT="and" HEIGHT="42" WIDTH="86" VPOS="948" HPOS="1665"/>
<SP HEIGHT="43" WIDTH="43" VPOS="948" HPOS="1752"/>
<String CONTENT="their" HEIGHT="44" WIDTH="118" VPOS="947" HPOS="1796"/>
<SP HEIGHT="32" WIDTH="42" VPOS="962" HPOS="1915"/>
<String CONTENT="enactments&#8221;." HEIGHT="91" WIDTH="1976" VPOS="955" HPOS="111"/>
<SP HEIGHT="27" WIDTH="60" VPOS="1018" HPOS="297"/>
<String CONTENT="cf." HEIGHT="52" WIDTH="56" VPOS="1001" HPOS="358"/>
<SP HEIGHT="44" WIDTH="35" VPOS="1002" HPOS="415"/>
<String CONTENT="Pref." HEIGHT="46" WIDTH="123" VPOS="1000" HPOS="451"/>
</TextLine>
<TextLine HEIGHT="111" WIDTH="1972" VPOS="1057" HPOS="114" LANG="en-US" CS="1">
<String CONTENT="&#169;" HEIGHT="53" WIDTH="53" VPOS="1057" HPOS="114"/>
<SP HEIGHT="53" WIDTH="28" VPOS="1057" HPOS="168"/>
<String CONTENT="Dec." HEIGHT="43" WIDTH="108" VPOS="1059" HPOS="197"/>
<SP HEIGHT="42" WIDTH="28" VPOS="1059" HPOS="306"/>
<String CONTENT="20," HEIGHT="51" WIDTH="66" VPOS="1059" HPOS="335"/>
<SP HEIGHT="50" WIDTH="33" VPOS="1060" HPOS="402"/>
<String CONTENT="1924;" HEIGHT="52" WIDTH="129" VPOS="1059" HPOS="436"/>
<SP HEIGHT="52" WIDTH="31" VPOS="1059" HPOS="566"/>
<String CONTENT="2c." HEIGHT="42" WIDTH="63" VPOS="1059" HPOS="598"/>
<SP HEIGHT="42" WIDTH="31" VPOS="1059" HPOS="662"/>
<String CONTENT="Nov." HEIGHT="43" WIDTH="117" VPOS="1059" HPOS="694"/>
<SP HEIGHT="41" WIDTH="35" VPOS="1060" HPOS="812"/>
<String CONTENT="19," HEIGHT="51" WIDTH="63" VPOS="1059" HPOS="848"/>
<SP HEIGHT="50" WIDTH="32" VPOS="1060" HPOS="912"/>
<String CONTENT="1925;" HEIGHT="52" WIDTH="129" VPOS="1057" HPOS="945"/>
<SP HEIGHT="36" WIDTH="32" VPOS="1073" HPOS="1075"/>
<String CONTENT="aff." HEIGHT="45" WIDTH="77" VPOS="1057" HPOS="1108"/>
<SP HEIGHT="43" WIDTH="31" VPOS="1059" HPOS="1186"/>
<String CONTENT="Nov." HEIGHT="43" WIDTH="119" VPOS="1059" HPOS="1218"/>
<SP HEIGHT="41" WIDTH="34" VPOS="1060" HPOS="1338"/>
<String CONTENT="17;" HEIGHT="53" WIDTH="75" VPOS="1057" HPOS="1373"/>
<SP HEIGHT="51" WIDTH="33" VPOS="1059" HPOS="1449"/>
<!-- cceid 371C193C-6DD5-1014-B757-AF09C522E301 --><String CONTENT="A" HEIGHT="42" WIDTH="44" VPOS="1059" HPOS="1483"/>
<SP HEIGHT="43" WIDTH="28" VPOS="1058" HPOS="1528"/>
<String CONTENT="872507;" HEIGHT="54" WIDTH="189" VPOS="1057" HPOS="1557"/>
<SP HEIGHT="51" WIDTH="32" VPOS="1060" HPOS="1747"/>
<String CONTENT="Jewish" HEIGHT="54" WIDTH="174" VPOS="1057" HPOS="1780"/>
<SP HEIGHT="42" WIDTH="26" VPOS="1059" HPOS="1955"/>
<String CONTENT="theological" HEIGHT="110" WIDTH="1903" VPOS="1058" HPOS="183"/>
</TextLine>
<TextLine HEIGHT="55" WIDTH="921" VPOS="1114" HPOS="386" LANG="en-US">
<String CONTENT="seminary" HEIGHT="52" WIDTH="226" VPOS="1116" HPOS="386"/>
<SP HEIGHT="37" WIDTH="37" VPOS="1131" HPOS="613"/>
<String CONTENT="of" HEIGHT="44" WIDTH="51" VPOS="1115" HPOS="651"/>
<SP HEIGHT="43" WIDTH="37" VPOS="1115" HPOS="703"/>
<String CONTENT="America." HEIGHT="44" WIDTH="226" VPOS="1115" HPOS="741"/>
<SP HEIGHT="53" WIDTH="68" VPOS="1116" HPOS="968"/>
<String CONTENT="(25-24594)" HEIGHT="55" WIDTH="270" VPOS="1114" HPOS="1037"/>
</TextLine>
<TextLine HEIGHT="75" WIDTH="840" VPOS="1196" HPOS="114" STYLEREFS="StyleId-4621924C-ED6A-4DBE-A5A2-AE91EABB0006-" LANG="en-US">
<String CONTENT="Footner," HEIGHT="70" WIDTH="288" VPOS="1201" HPOS="114"/>
<SP HEIGHT="70" WIDTH="37" VPOS="1201" HPOS="403"/>
<String CONTENT="Hulbert," HEIGHT="70" WIDTH="284" VPOS="1200" HPOS="441"/>
<SP HEIGHT="65" WIDTH="39" VPOS="1205" HPOS="726"/>
<String CONTENT="1879-" HEIGHT="64" WIDTH="188" VPOS="1196" HPOS="766"/>
</TextLine>
<TextLine HEIGHT="136" WIDTH="1972" VPOS="1280" HPOS="113" STYLEREFS="StyleId-802D58FF-7151-4730-AF40-B18C4381DAE3-" LANG="en-US" CS="1">
<String CONTENT="The" HEIGHT="57" WIDTH="129" VPOS="1283" HPOS="191"/>
<SP HEIGHT="38" WIDTH="38" VPOS="1302" HPOS="321"/>
<String CONTENT="shanty" HEIGHT="70" WIDTH="228" VPOS="1282" HPOS="360"/>
<SP HEIGHT="69" WIDTH="38" VPOS="1283" HPOS="589"/>
<String CONTENT="sled," HEIGHT="70" WIDTH="148" VPOS="1282" HPOS="628"/>
<SP HEIGHT="69" WIDTH="37" VPOS="1283" HPOS="777"/>
<String CS="1" CONTENT="by" HEIGHT="56" WIDTH="38" VPOS="1283" HPOS="815"/>
<SP HEIGHT="55" WIDTH="36" VPOS="1282" HPOS="898"/>
<String CONTENT="Hulbert" HEIGHT="57" WIDTH="271" VPOS="1282" HPOS="935"/>
<SP HEIGHT="58" WIDTH="36" VPOS="1281" HPOS="1207"/>
<String CONTENT="Footner." HEIGHT="58" WIDTH="294" VPOS="1281" HPOS="1244"/>
<SP HEIGHT="56" WIDTH="81" VPOS="1281" HPOS="1539"/>
<String CONTENT="London," HEIGHT="65" WIDTH="279" VPOS="1281" HPOS="1621"/>
<SP HEIGHT="66" WIDTH="38" VPOS="1280" HPOS="1901"/>
<String CONTENT="Hodder" HEIGHT="136" WIDTH="1972" VPOS="1280" HPOS="113"/>
</TextLine>
<TextLine HEIGHT="74" WIDTH="1006" VPOS="1357" HPOS="252" STYLEREFS="StyleId-802D58FF-7151-4730-AF40-B18C4381DAE3-" LANG="en-US">
<String CONTENT="and" HEIGHT="56" WIDTH="123" VPOS="1361" HPOS="252"/>
<SP HEIGHT="58" WIDTH="28" VPOS="1359" HPOS="376"/>
<String CONTENT="Stoughton," HEIGHT="71" WIDTH="370" VPOS="1359" HPOS="405"/>
<SP HEIGHT="68" WIDTH="28" VPOS="1361" HPOS="776"/>
<String CONTENT="limited" HEIGHT="60" WIDTH="241" VPOS="1357" HPOS="805"/>
<SP HEIGHT="71" WIDTH="29" VPOS="1360" HPOS="1047"/>
<String CONTENT="[1925]" HEIGHT="72" WIDTH="181" VPOS="1359" HPOS="1077"/>
</TextLine>
<TextLine HEIGHT="52" WIDTH="314" VPOS="1434" HPOS="182" LANG="en-US">
<String CONTENT="317" HEIGHT="47" WIDTH="80" VPOS="1434" HPOS="182"/>
<SP HEIGHT="52" WIDTH="26" VPOS="1434" HPOS="263"/>
<String CONTENT="p." HEIGHT="36" WIDTH="40" VPOS="1450" HPOS="290"/>
<SP HEIGHT="42" WIDTH="62" VPOS="1437" HPOS="331"/>
<String CONTENT="19" HEIGHT="44" WIDTH="51" VPOS="1437" HPOS="394"/>
<String STYLE="superscript" CONTENT="cm" HEIGHT="20" WIDTH="47" VPOS="1437" HPOS="449"/>
</TextLine>
<TextLine HEIGHT="55" WIDTH="1997" VPOS="1487" HPOS="113" LANG="en-US" CS="1">
<String CONTENT="&#169;" HEIGHT="54" WIDTH="53" VPOS="1487" HPOS="113"/>
<SP/>
<String CS="1" CONTENT="1c."/>
<SP HEIGHT="43" WIDTH="33" VPOS="1490" HPOS="261"/>
<String CONTENT="Nov." HEIGHT="44" WIDTH="117" VPOS="1490" HPOS="295"/>
<SP HEIGHT="43" WIDTH="28" VPOS="1491" HPOS="413"/>
<String CONTENT="28," HEIGHT="52" WIDTH="66" VPOS="1490" HPOS="442"/>
<SP HEIGHT="51" WIDTH="33" VPOS="1491" HPOS="509"/>
<String CONTENT="1925;" HEIGHT="53" WIDTH="129" VPOS="1488" HPOS="543"/>
<SP HEIGHT="51" WIDTH="32" VPOS="1490" HPOS="673"/>
<!-- cceid 371C380A-6DD5-1014-B757-AF09C522E301 --><String CONTENT="A" HEIGHT="42" WIDTH="44" VPOS="1490" HPOS="706"/>
<SP HEIGHT="43" WIDTH="28" VPOS="1490" HPOS="751"/>
<String CONTENT="ad" HEIGHT="42" WIDTH="56" VPOS="1491" HPOS="780"/>
<SP HEIGHT="44" WIDTH="30" VPOS="1489" HPOS="837"/>
<String CONTENT="int." HEIGHT="44" WIDTH="76" VPOS="1489" HPOS="868"/>
<SP HEIGHT="44" WIDTH="33" VPOS="1489" HPOS="945"/>
<String CONTENT="7485;" HEIGHT="53" WIDTH="132" VPOS="1488" HPOS="979"/>
<SP HEIGHT="38" WIDTH="33" VPOS="1504" HPOS="1112"/>
<String CONTENT="pubd." HEIGHT="53" WIDTH="130" VPOS="1489" HPOS="1146"/>
<SP HEIGHT="44" WIDTH="33" VPOS="1490" HPOS="1277"/>
<String CONTENT="Oct." HEIGHT="44" WIDTH="101" VPOS="1490" HPOS="1311"/>
<SP HEIGHT="42" WIDTH="30" VPOS="1491" HPOS="1413"/>
<String CONTENT="2;" HEIGHT="51" WIDTH="50" VPOS="1491" HPOS="1444"/>
<SP HEIGHT="54" WIDTH="36" VPOS="1488" HPOS="1495"/>
<String CS="1" CONTENT="Gorge" HEIGHT="38" WIDTH="109" VPOS="1504" HPOS="1598"/>
<SP HEIGHT="43" WIDTH="32" VPOS="1490" HPOS="1708"/>
<String CONTENT="H." HEIGHT="42" WIDTH="61" VPOS="1490" HPOS="1741"/>
<SP HEIGHT="42" WIDTH="33" VPOS="1490" HPOS="1803"/>
<String CONTENT="Doran" HEIGHT="44" WIDTH="157" VPOS="1490" HPOS="1837"/>
<SP HEIGHT="27" WIDTH="32" VPOS="1505" HPOS="1995"/>
<String CONTENT="co.," HEIGHT="39" WIDTH="82" VPOS="1503" HPOS="2028"/>
</TextLine>
<TextLine HEIGHT="56" WIDTH="635" VPOS="1544" HPOS="185" LANG="en-US">
<String CONTENT="New" HEIGHT="44" WIDTH="115" VPOS="1546" HPOS="185"/>
<SP HEIGHT="44" WIDTH="36" VPOS="1546" HPOS="301"/>
<String CONTENT="York." HEIGHT="44" WIDTH="141" VPOS="1546" HPOS="338"/>
<SP HEIGHT="53" WIDTH="69" VPOS="1547" HPOS="480"/>
<String CONTENT="(25-25758)" HEIGHT="56" WIDTH="270" VPOS="1544" HPOS="550"/>
</TextLine>
<TextLine HEIGHT="79" WIDTH="798" VPOS="1630" HPOS="114" STYLEREFS="StyleId-4621924C-ED6A-4DBE-A5A2-AE91EABB0006-">
<String LANG="de" CONTENT="Fr&#246;schel," HEIGHT="70" WIDTH="311" VPOS="1630" HPOS="114"/>
<SP HEIGHT="68" WIDTH="37" VPOS="1632" HPOS="426"/>
<String LANG="en-US" CONTENT="Georg," HEIGHT="77" WIDTH="220" VPOS="1632" HPOS="464"/>
<SP HEIGHT="66" WIDTH="37" VPOS="1636" HPOS="685"/>
<String LANG="en-US" CONTENT="1891-" HEIGHT="56" WIDTH="189" VPOS="1634" HPOS="723"/>
</TextLine>
<TextLine HEIGHT="74" WIDTH="1920" VPOS="1707" HPOS="187" STYLEREFS="StyleId-802D58FF-7151-4730-AF40-B18C4381DAE3-">
<String LANG="en-US" CONTENT="Der" HEIGHT="59" WIDTH="131" VPOS="1707" HPOS="187"/>
<SP HEIGHT="56" WIDTH="21" VPOS="1708" HPOS="319"/>
<String LANG="de" CONTENT="korallenthron," HEIGHT="73" WIDTH="490" VPOS="1708" HPOS="341"/>
<SP HEIGHT="53" WIDTH="27" VPOS="1728" HPOS="832"/>
<String LANG="en-US" CONTENT="roman" HEIGHT="38" WIDTH="218" VPOS="1727" HPOS="860"/>
<SP HEIGHT="38" WIDTH="24" VPOS="1726" HPOS="1079"/>
<String LANG="en-US" CONTENT="von" HEIGHT="40" WIDTH="123" VPOS="1726" HPOS="1104"/>
<SP HEIGHT="58" WIDTH="28" VPOS="1708" HPOS="1228"/>
<String LANG="en-US" CONTENT="Georg" HEIGHT="72" WIDTH="207" VPOS="1708" HPOS="1257"/>
<SP HEIGHT="72" WIDTH="23" VPOS="1708" HPOS="1465"/>
<String LANG="de" CONTENT="Fr&#246;schel." HEIGHT="58" WIDTH="315" VPOS="1708" HPOS="1489"/>
<SP HEIGHT="57" WIDTH="64" VPOS="1708" HPOS="1805"/>
<String LANG="en-US" CONTENT="Berlin," HEIGHT="72" WIDTH="237" VPOS="1708" HPOS="1870"/>
</TextLine>
<TextLine HEIGHT="74" WIDTH="505" VPOS="1785" HPOS="111" STYLEREFS="StyleId-802D58FF-7151-4730-AF40-B18C4381DAE3-">
<String LANG="de" CONTENT="Ullstein" HEIGHT="60" WIDTH="272" VPOS="1785" HPOS="111"/>
<SP HEIGHT="53" WIDTH="30" VPOS="1806" HPOS="384"/>
<String LANG="en-US" CONTENT="[" HEIGHT="43" WIDTH="13" VPOS="1816" HPOS="415"/>
<String STYLE="superscript" LANG="en-US" CONTENT="c" HEIGHT="20" WIDTH="18" VPOS="1795" HPOS="430"/>
<String LANG="en-US" CONTENT="1925]" HEIGHT="71" WIDTH="163" VPOS="1788" HPOS="453"/>
</TextLine>
<TextLine HEIGHT="53" WIDTH="1726" VPOS="1864" HPOS="181" LANG="en-US" CS="1">
<String CONTENT="312," HEIGHT="50" WIDTH="93" VPOS="1866" HPOS="181"/>
<SP HEIGHT="34" WIDTH="29" VPOS="1882" HPOS="275"/>
<String CONTENT="[1]" HEIGHT="45" WIDTH="52" VPOS="1867" HPOS="305"/>
<SP/>
<String CS="1" CONTENT="p.,"/>
<SP/>
<String CS="1" CONTENT="1"/>
<SP/>
<String CS="1" CONTENT="l."/>
<SP HEIGHT="40" WIDTH="64" VPOS="1868" HPOS="546"/>
<String CS="1" CONTENT="16&#189;" HEIGHT="43" WIDTH="51" VPOS="1865" HPOS="611"/>
<String STYLE="superscript" CONTENT="m" HEIGHT="16" WIDTH="28" VPOS="1867" HPOS="712"/>
<String CONTENT="." HEIGHT="7" WIDTH="6" VPOS="1901" HPOS="749"/>
<SP HEIGHT="50" WIDTH="68" VPOS="1866" HPOS="756"/>
<String CONTENT="(Half-title:" HEIGHT="52" WIDTH="288" VPOS="1864" HPOS="825"/>
<SP HEIGHT="42" WIDTH="31" VPOS="1866" HPOS="1114"/>
<String LANG="de" CONTENT="Das" HEIGHT="42" WIDTH="96" VPOS="1866" HPOS="1146"/>
<SP HEIGHT="27" WIDTH="26" VPOS="1881" HPOS="1243"/>
<String LANG="de" CONTENT="neue" HEIGHT="29" WIDTH="111" VPOS="1879" HPOS="1270"/>
<SP HEIGHT="44" WIDTH="26" VPOS="1864" HPOS="1382"/>
<String CONTENT="Ullstein-buch." HEIGHT="45" WIDTH="351" VPOS="1864" HPOS="1409"/>
<SP HEIGHT="30" WIDTH="62" VPOS="1881" HPOS="1761"/>
<String CONTENT="[3])" HEIGHT="53" WIDTH="83" VPOS="1864" HPOS="1824"/>
</TextLine>
<TextLine HEIGHT="55" WIDTH="1656" VPOS="1919" HPOS="114" LANG="en-US" CS="1">
<String CONTENT="&#169;" HEIGHT="54" WIDTH="53" VPOS="1919" HPOS="114"/>
<SP HEIGHT="54" WIDTH="27" VPOS="1919" HPOS="168"/>
<String CONTENT="May" HEIGHT="52" WIDTH="112" VPOS="1922" HPOS="196"/>
<SP HEIGHT="52" WIDTH="20" VPOS="1922" HPOS="309"/>
<String CONTENT="26," HEIGHT="52" WIDTH="67" VPOS="1921" HPOS="330"/>
<SP HEIGHT="50" WIDTH="29" VPOS="1923" HPOS="398"/>
<String CONTENT="1925;" HEIGHT="53" WIDTH="129" VPOS="1920" HPOS="428"/>
<SP/>
<String CS="1" CONTENT="1c."/>
<SP HEIGHT="43" WIDTH="27" VPOS="1922" HPOS="651"/>
<String CONTENT="Oct." HEIGHT="43" WIDTH="101" VPOS="1922" HPOS="679"/>
<SP HEIGHT="41" WIDTH="29" VPOS="1922" HPOS="781"/>
<String CONTENT="10;" HEIGHT="52" WIDTH="74" VPOS="1921" HPOS="811"/>
<SP HEIGHT="52" WIDTH="28" VPOS="1921" HPOS="886"/>
<!-- cceid 371C5550-6DD5-1014-B757-AF09C522E301 --><String CONTENT="A&#8212;Foreign" HEIGHT="54" WIDTH="301" VPOS="1920" HPOS="915"/>
<SP HEIGHT="42" WIDTH="24" VPOS="1921" HPOS="1217"/>
<String CONTENT="28943;" HEIGHT="53" WIDTH="162" VPOS="1920" HPOS="1242"/>
<SP HEIGHT="52" WIDTH="31" VPOS="1921" HPOS="1405"/>
<String LANG="de" CONTENT="Ullstein" HEIGHT="44" WIDTH="198" VPOS="1921" HPOS="1437"/>
<SP HEIGHT="29" WIDTH="25" VPOS="1936" HPOS="1636"/>
<String CONTENT="a." HEIGHT="28" WIDTH="37" VPOS="1937" HPOS="1662"/>
<SP HEIGHT="38" WIDTH="27" VPOS="1936" HPOS="1700"/>
<String CONTENT="g." HEIGHT="38" WIDTH="42" VPOS="1936" HPOS="1728"/>
</TextLine>
<TextLine HEIGHT="56" WIDTH="270" VPOS="1976" HPOS="192" LANG="en-US">
<String CONTENT="(25-25416)" HEIGHT="56" WIDTH="270" VPOS="1976" HPOS="192"/>
</TextLine>
<TextLine HEIGHT="73" WIDTH="990" VPOS="2061" HPOS="118" STYLEREFS="StyleId-802D58FF-7151-4730-AF40-B18C4381DAE3-" LANG="en-US">
<String CONTENT="Frothingham," HEIGHT="73" WIDTH="472" VPOS="2061" HPOS="118"/>
<SP HEIGHT="72" WIDTH="37" VPOS="2062" HPOS="591"/>
<String CONTENT="Robert," HEIGHT="72" WIDTH="249" VPOS="2062" HPOS="629"/>
<SP HEIGHT="69" WIDTH="39" VPOS="2065" HPOS="879"/>
<String CONTENT="1865-" HEIGHT="56" WIDTH="189" VPOS="2065" HPOS="919"/>
</TextLine>
<TextLine HEIGHT="151" WIDTH="1977" VPOS="2139" HPOS="115" STYLEREFS="StyleId-802D58FF-7151-4730-AF40-B18C4381DAE3-" LANG="en-US" CS="1">
<String CONTENT="Around" HEIGHT="61" WIDTH="264" VPOS="2140" HPOS="190"/>
<SP HEIGHT="61" WIDTH="25" VPOS="2140" HPOS="455"/>
<String CONTENT="the" HEIGHT="58" WIDTH="102" VPOS="2139" HPOS="481"/>
<SP HEIGHT="38" WIDTH="28" VPOS="2159" HPOS="584"/>
<String CONTENT="world;" HEIGHT="69" WIDTH="227" VPOS="2140" HPOS="613"/>
<SP HEIGHT="50" WIDTH="29" VPOS="2159" HPOS="841"/>
<String CONTENT="a" HEIGHT="38" WIDTH="36" VPOS="2159" HPOS="871"/>
<SP HEIGHT="58" WIDTH="25" VPOS="2139" HPOS="908"/>
<String CONTENT="friendly" HEIGHT="72" WIDTH="280" VPOS="2139" HPOS="934"/>
<SP HEIGHT="53" WIDTH="25" VPOS="2159" HPOS="1215"/>
<String CONTENT="guide" HEIGHT="73" WIDTH="185" VPOS="2139" HPOS="1241"/>
<SP HEIGHT="58" WIDTH="29" VPOS="2139" HPOS="1427"/>
<String CONTENT="for" HEIGHT="58" WIDTH="105" VPOS="2139" HPOS="1457"/>
<SP HEIGHT="54" WIDTH="26" VPOS="2143" HPOS="1563"/>
<String CONTENT="the" HEIGHT="58" WIDTH="104" VPOS="2139" HPOS="1590"/>
<SP HEIGHT="40" WIDTH="24" VPOS="2157" HPOS="1695"/>
<String CONTENT="world" HEIGHT="59" WIDTH="199" VPOS="2139" HPOS="1720"/>
<SP HEIGHT="58" WIDTH="24" VPOS="2140" HPOS="1920"/>
<String CONTENT="traveler," HEIGHT="146" WIDTH="1977" VPOS="2144" HPOS="115"/>
<SP HEIGHT="72" WIDTH="30" VPOS="2218" HPOS="261"/>
<String CONTENT="by" HEIGHT="72" WIDTH="82" VPOS="2218" HPOS="292"/>
</TextLine>
<TextLine HEIGHT="73" WIDTH="1708" VPOS="2217" HPOS="404" STYLEREFS="StyleId-802D58FF-7151-4730-AF40-B18C4381DAE3-" LANG="en-US" CS="1">
<String CONTENT="Robert" HEIGHT="59" WIDTH="237" VPOS="2218" HPOS="404"/>
<SP HEIGHT="60" WIDTH="29" VPOS="2217" HPOS="642"/>
<String CONTENT="Frothingham" HEIGHT="72" WIDTH="458" VPOS="2217" HPOS="672"/>
<SP HEIGHT="40" WIDTH="35" VPOS="2236" HPOS="1131"/>
<String CS="1" CONTENT="&#8230;"/>
<SP HEIGHT="58" WIDTH="85" VPOS="2217" HPOS="1229"/>
<String CONTENT="Boston" HEIGHT="58" WIDTH="239" VPOS="2217" HPOS="1315"/>
<SP HEIGHT="41" WIDTH="32" VPOS="2236" HPOS="1555"/>
<String CONTENT="and" HEIGHT="59" WIDTH="124" VPOS="2218" HPOS="1588"/>
<SP HEIGHT="59" WIDTH="27" VPOS="2217" HPOS="1713"/>
<String CONTENT="New" HEIGHT="59" WIDTH="151" VPOS="2217" HPOS="1741"/>
<SP HEIGHT="58" WIDTH="27" VPOS="2217" HPOS="1893"/>
<String CONTENT="York," HEIGHT="73" WIDTH="191" VPOS="2217" HPOS="1921"/>
</TextLine>
<TextLine HEIGHT="75" WIDTH="1146" VPOS="2294" HPOS="113" STYLEREFS="StyleId-802D58FF-7151-4730-AF40-B18C4381DAE3-" LANG="en-US">
<String CONTENT="Houghton" HEIGHT="73" WIDTH="342" VPOS="2296" HPOS="113"/>
<SP HEIGHT="57" WIDTH="31" VPOS="2295" HPOS="456"/>
<String CONTENT="Mifflin" HEIGHT="58" WIDTH="216" VPOS="2294" HPOS="488"/>
<SP HEIGHT="37" WIDTH="29" VPOS="2315" HPOS="705"/>
<String CONTENT="company," HEIGHT="53" WIDTH="323" VPOS="2313" HPOS="735"/>
<SP HEIGHT="69" WIDTH="34" VPOS="2296" HPOS="1059"/>
<String CONTENT="1925." HEIGHT="57" WIDTH="165" VPOS="2295" HPOS="1094"/>
</TextLine>
<TextLine HEIGHT="54" WIDTH="1929" VPOS="2372" HPOS="185" LANG="en-US" CS="1">
<String CONTENT="xxi," HEIGHT="52" WIDTH="94" VPOS="2373" HPOS="185"/>
<SP HEIGHT="50" WIDTH="29" VPOS="2375" HPOS="280"/>
<String CONTENT="320" HEIGHT="45" WIDTH="81" VPOS="2373" HPOS="310"/>
<SP HEIGHT="52" WIDTH="26" VPOS="2374" HPOS="392"/>
<String CONTENT="p." HEIGHT="37" WIDTH="39" VPOS="2389" HPOS="419"/>
<SP HEIGHT="44" WIDTH="60" VPOS="2373" HPOS="459"/>
<String CONTENT="front.," HEIGHT="52" WIDTH="151" VPOS="2373" HPOS="520"/>
<SP HEIGHT="38" WIDTH="32" VPOS="2387" HPOS="672"/>
<String CONTENT="plates." HEIGHT="52" WIDTH="155" VPOS="2372" HPOS="705"/>
<SP HEIGHT="42" WIDTH="64" VPOS="2373" HPOS="861"/>
<String CS="1" CONTENT="18&#189;" HEIGHT="43" WIDTH="49" VPOS="2372" HPOS="926"/>
<String STYLE="superscript" CONTENT="cm" HEIGHT="18" WIDTH="45" VPOS="2374" HPOS="1010"/>
<String CONTENT="." HEIGHT="8" WIDTH="7" VPOS="2407" HPOS="1064"/>
<SP HEIGHT="53" WIDTH="68" VPOS="2373" HPOS="1072"/>
<String CONTENT="(Lettered" HEIGHT="53" WIDTH="242" VPOS="2373" HPOS="1141"/>
<SP HEIGHT="46" WIDTH="25" VPOS="2373" HPOS="1384"/>
<String CONTENT="on" HEIGHT="30" WIDTH="58" VPOS="2389" HPOS="1410"/>
<SP HEIGHT="29" WIDTH="29" VPOS="2388" HPOS="1469"/>
<String CONTENT="cover:" HEIGHT="30" WIDTH="157" VPOS="2388" HPOS="1499"/>
<SP HEIGHT="46" WIDTH="33" VPOS="2373" HPOS="1657"/>
<String CONTENT="The" HEIGHT="46" WIDTH="100" VPOS="2373" HPOS="1691"/>
<SP HEIGHT="44" WIDTH="31" VPOS="2374" HPOS="1792"/>
<String CONTENT="Park" HEIGHT="43" WIDTH="125" VPOS="2374" HPOS="1824"/>
<SP HEIGHT="44" WIDTH="27" VPOS="2374" HPOS="1950"/>
<String CONTENT="street" HEIGHT="37" WIDTH="136" VPOS="2381" HPOS="1978"/>
</TextLine>
<TextLine HEIGHT="54" WIDTH="197" VPOS="2431" HPOS="114" LANG="en-US">
<String CONTENT="library)" HEIGHT="54" WIDTH="197" VPOS="2431" HPOS="114"/>
</TextLine>
<TextLine HEIGHT="55" WIDTH="1994" VPOS="2485" HPOS="116" LANG="en-US">
<String CONTENT="&#169;" HEIGHT="53" WIDTH="53" VPOS="2487" HPOS="116"/>
<SP HEIGHT="55" WIDTH="33" VPOS="2485" HPOS="170"/>
<String CONTENT="Nov." HEIGHT="47" WIDTH="117" VPOS="2485" HPOS="204"/>
<SP HEIGHT="42" WIDTH="32" VPOS="2489" HPOS="322"/>
<String CONTENT="20," HEIGHT="51" WIDTH="64" VPOS="2487" HPOS="355"/>
<SP HEIGHT="49" WIDTH="34" VPOS="2489" HPOS="420"/>
<String CONTENT="1925;" HEIGHT="53" WIDTH="131" VPOS="2485" HPOS="455"/>
<SP HEIGHT="51" WIDTH="31" VPOS="2487" HPOS="587"/>
<String CONTENT="2c." HEIGHT="42" WIDTH="63" VPOS="2487" HPOS="619"/>
<SP HEIGHT="43" WIDTH="35" VPOS="2486" HPOS="683"/>
<String CONTENT="Nov." HEIGHT="43" WIDTH="118" VPOS="2486" HPOS="719"/>
<SP HEIGHT="43" WIDTH="32" VPOS="2486" HPOS="838"/>
<String CONTENT="23;" HEIGHT="52" WIDTH="79" VPOS="2486" HPOS="871"/>
<SP HEIGHT="38" WIDTH="35" VPOS="2500" HPOS="951"/>
<String CONTENT="aff." HEIGHT="42" WIDTH="78" VPOS="2486" HPOS="987"/>
<SP HEIGHT="42" WIDTH="36" VPOS="2486" HPOS="1066"/>
<String CONTENT="Nov." HEIGHT="43" WIDTH="119" VPOS="2486" HPOS="1103"/>
<SP HEIGHT="43" WIDTH="31" VPOS="2486" HPOS="1223"/>
<String CONTENT="21;" HEIGHT="52" WIDTH="78" VPOS="2486" HPOS="1255"/>
<SP HEIGHT="51" WIDTH="37" VPOS="2487" HPOS="1334"/>
<!-- cceid 371C74AA-6DD5-1014-B757-AF09C522E301 --><String CONTENT="A" HEIGHT="42" WIDTH="44" VPOS="2487" HPOS="1372"/>
<SP HEIGHT="43" WIDTH="33" VPOS="2487" HPOS="1417"/>
<String CONTENT="872557;" HEIGHT="54" WIDTH="189" VPOS="2485" HPOS="1451"/>
<SP HEIGHT="50" WIDTH="36" VPOS="2489" HPOS="1641"/>
<String CONTENT="R." HEIGHT="41" WIDTH="51" VPOS="2489" HPOS="1678"/>
<SP HEIGHT="44" WIDTH="36" VPOS="2486" HPOS="1730"/>
<String CONTENT="Frothingham," HEIGHT="54" WIDTH="343" VPOS="2486" HPOS="1767"/>
</TextLine>
<TextLine HEIGHT="56" WIDTH="629" VPOS="2541" HPOS="187" LANG="en-US">
<String CONTENT="New" HEIGHT="43" WIDTH="117" VPOS="2545" HPOS="187"/>
<SP HEIGHT="43" WIDTH="30" VPOS="2545" HPOS="305"/>
<String CONTENT="York." HEIGHT="44" WIDTH="142" VPOS="2544" HPOS="336"/>
<SP HEIGHT="53" WIDTH="67" VPOS="2544" HPOS="479"/>
<String CONTENT="(25-24253)" HEIGHT="56" WIDTH="269" VPOS="2541" HPOS="547"/>
</TextLine>
<TextLine HEIGHT="72" WIDTH="664" VPOS="2627" HPOS="119" STYLEREFS="StyleId-4621924C-ED6A-4DBE-A5A2-AE91EABB0006-" LANG="en-US">
<String CONTENT="Gerhard," HEIGHT="69" WIDTH="300" VPOS="2630" HPOS="119"/>
<SP HEIGHT="70" WIDTH="35" VPOS="2629" HPOS="420"/>
<String CONTENT="Albert" HEIGHT="59" WIDTH="223" VPOS="2627" HPOS="456"/>
<SP HEIGHT="56" WIDTH="34" VPOS="2629" HPOS="680"/>
<String CONTENT="F." HEIGHT="56" WIDTH="68" VPOS="2629" HPOS="715"/>
</TextLine>
<TextLine HEIGHT="71" WIDTH="1851" VPOS="2706" HPOS="262" STYLEREFS="StyleId-802D58FF-7151-4730-AF40-B18C4381DAE3-" LANG="en-US" CS="1">
<String CS="1" CONTENT="&#8230;"/>
<SP HEIGHT="57" WIDTH="26" VPOS="2709" HPOS="262"/>
<String CONTENT="Handbook" HEIGHT="58" WIDTH="354" VPOS="2706" HPOS="289"/>
<SP HEIGHT="56" WIDTH="20" VPOS="2706" HPOS="644"/>
<String CONTENT="for" HEIGHT="56" WIDTH="107" VPOS="2706" HPOS="665"/>
<SP HEIGHT="55" WIDTH="18" VPOS="2708" HPOS="773"/>
<String CONTENT="bakers," HEIGHT="71" WIDTH="244" VPOS="2706" HPOS="792"/>
<SP HEIGHT="71" WIDTH="23" VPOS="2706" HPOS="1037"/>
<String CONTENT="by" HEIGHT="71" WIDTH="83" VPOS="2706" HPOS="1061"/>
<SP HEIGHT="71" WIDTH="21" VPOS="2706" HPOS="1145"/>
<String CONTENT="Albert" HEIGHT="57" WIDTH="226" VPOS="2706" HPOS="1167"/>
<SP HEIGHT="57" WIDTH="20" VPOS="2706" HPOS="1394"/>
<String CONTENT="F." HEIGHT="57" WIDTH="69" VPOS="2706" HPOS="1415"/>
<SP HEIGHT="58" WIDTH="28" VPOS="2707" HPOS="1485"/>
<String CONTENT="Gerhard" HEIGHT="59" WIDTH="288" VPOS="2707" HPOS="1514"/>
<SP HEIGHT="58" WIDTH="29" VPOS="2709" HPOS="1803"/>
<String CS="1" CONTENT="&#8230;"/>
<SP HEIGHT="59" WIDTH="67" VPOS="2709" HPOS="1895"/>
<String CONTENT="New" HEIGHT="56" WIDTH="150" VPOS="2709" HPOS="1963"/>
</TextLine>
<TextLine HEIGHT="73" WIDTH="1359" VPOS="2782" HPOS="118" STYLEREFS="StyleId-802D58FF-7151-4730-AF40-B18C4381DAE3-" LANG="en-US">
<String CONTENT="York" HEIGHT="57" WIDTH="171" VPOS="2786" HPOS="118"/>
<SP HEIGHT="56" WIDTH="26" VPOS="2785" HPOS="290"/>
<String CONTENT="&amp;" HEIGHT="56" WIDTH="48" VPOS="2785" HPOS="317"/>
<SP HEIGHT="56" WIDTH="26" VPOS="2785" HPOS="366"/>
<String CONTENT="London," HEIGHT="68" WIDTH="278" VPOS="2785" HPOS="393"/>
<SP HEIGHT="69" WIDTH="31" VPOS="2784" HPOS="672"/>
<String CONTENT="The" HEIGHT="57" WIDTH="128" VPOS="2783" HPOS="704"/>
<SP HEIGHT="59" WIDTH="31" VPOS="2782" HPOS="833"/>
<String CONTENT="Century" HEIGHT="72" WIDTH="280" VPOS="2782" HPOS="865"/>
<SP HEIGHT="52" WIDTH="27" VPOS="2802" HPOS="1146"/>
<String CONTENT="co.," HEIGHT="53" WIDTH="105" VPOS="2802" HPOS="1174"/>
<SP HEIGHT="69" WIDTH="33" VPOS="2786" HPOS="1280"/>
<String CONTENT="1925." HEIGHT="55" WIDTH="163" VPOS="2785" HPOS="1314"/>
</TextLine>
<TextLine HEIGHT="62" WIDTH="1930" VPOS="2857" HPOS="184" LANG="en-US" CS="1">
<String CONTENT="xix," HEIGHT="52" WIDTH="98" VPOS="2861" HPOS="184"/>
<SP HEIGHT="51" WIDTH="24" VPOS="2862" HPOS="283"/>
<String CONTENT="484" HEIGHT="43" WIDTH="83" VPOS="2861" HPOS="308"/>
<SP HEIGHT="51" WIDTH="25" VPOS="2861" HPOS="392"/>
<String CONTENT="p." HEIGHT="38" WIDTH="38" VPOS="2874" HPOS="418"/>
<SP HEIGHT="42" WIDTH="29" VPOS="2861" HPOS="457"/>
<String CS="1" CONTENT="incl." HEIGHT="42" WIDTH="69" VPOS="2861" HPOS="487"/>
<SP HEIGHT="43" WIDTH="30" VPOS="2859" HPOS="588"/>
<String CONTENT="illus.," HEIGHT="54" WIDTH="131" VPOS="2857" HPOS="619"/>
<SP/>
<String CS="1" CONTENT="plans.," HEIGHT="17" WIDTH="8" VPOS="2893" HPOS="909"/>
<SP HEIGHT="44" WIDTH="26" VPOS="2866" HPOS="918"/>
<String CONTENT="tables," HEIGHT="54" WIDTH="159" VPOS="2857" HPOS="945"/>
<SP HEIGHT="51" WIDTH="25" VPOS="2860" HPOS="1105"/>
<String CONTENT="diagrs.," HEIGHT="52" WIDTH="183" VPOS="2859" HPOS="1131"/>
<SP HEIGHT="50" WIDTH="27" VPOS="2860" HPOS="1315"/>
<String CONTENT="forms," HEIGHT="43" WIDTH="156" VPOS="2860" HPOS="1343"/>
<SP HEIGHT="37" WIDTH="58" VPOS="2876" HPOS="1500"/>
<String CONTENT="plates." HEIGHT="53" WIDTH="155" VPOS="2860" HPOS="1559"/>
<SP HEIGHT="42" WIDTH="55" VPOS="2862" HPOS="1715"/>
<String CS="1" CONTENT="22&#189;" HEIGHT="43" WIDTH="53" VPOS="2862" HPOS="1771"/>
<String STYLE="superscript" CONTENT="cm" HEIGHT="17" WIDTH="46" VPOS="2866" HPOS="1859"/>
<String CONTENT="." HEIGHT="9" WIDTH="8" VPOS="2898" HPOS="1913"/>
<SP HEIGHT="53" WIDTH="67" VPOS="2866" HPOS="1922"/>
<String CONTENT="(The" HEIGHT="57" WIDTH="124" VPOS="2862" HPOS="1990"/>
</TextLine>
<TextLine HEIGHT="59" WIDTH="925" VPOS="2912" HPOS="116" LANG="en-US">
<String CONTENT="Century" HEIGHT="52" WIDTH="201" VPOS="2919" HPOS="116"/>
<SP HEIGHT="38" WIDTH="24" VPOS="2933" HPOS="318"/>
<String CONTENT="vocational" HEIGHT="46" WIDTH="260" VPOS="2915" HPOS="343"/>
<SP HEIGHT="44" WIDTH="24" VPOS="2915" HPOS="604"/>
<String CONTENT="series)" HEIGHT="56" WIDTH="163" VPOS="2912" HPOS="629"/>
<SP HEIGHT="54" WIDTH="119" VPOS="2914" HPOS="793"/>
<String CONTENT="$5.00" HEIGHT="54" WIDTH="128" VPOS="2913" HPOS="913"/>
</TextLine>
<TextLine HEIGHT="58" WIDTH="1614" VPOS="2971" HPOS="116" LANG="en-US">
<String CONTENT="&#169;" HEIGHT="53" WIDTH="53" VPOS="2976" HPOS="116"/>
<SP HEIGHT="53" WIDTH="23" VPOS="2976" HPOS="170"/>
<String CONTENT="Nov." HEIGHT="43" WIDTH="117" VPOS="2977" HPOS="194"/>
<SP HEIGHT="43" WIDTH="24" VPOS="2976" HPOS="312"/>
<String CONTENT="23," HEIGHT="48" WIDTH="65" VPOS="2976" HPOS="337"/>
<SP HEIGHT="48" WIDTH="28" VPOS="2976" HPOS="403"/>
<String CONTENT="1925;" HEIGHT="53" WIDTH="129" VPOS="2972" HPOS="432"/>
<SP HEIGHT="51" WIDTH="24" VPOS="2974" HPOS="562"/>
<String CONTENT="2c." HEIGHT="42" WIDTH="64" VPOS="2974" HPOS="587"/>
<SP HEIGHT="27" WIDTH="26" VPOS="2988" HPOS="652"/>
<String CONTENT="and" HEIGHT="42" WIDTH="85" VPOS="2974" HPOS="679"/>
<SP HEIGHT="42" WIDTH="25" VPOS="2974" HPOS="765"/>
<String CONTENT="aff." HEIGHT="42" WIDTH="78" VPOS="2973" HPOS="791"/>
<SP HEIGHT="42" WIDTH="26" VPOS="2973" HPOS="870"/>
<String CONTENT="Nov." HEIGHT="43" WIDTH="117" VPOS="2973" HPOS="897"/>
<SP HEIGHT="42" WIDTH="25" VPOS="2973" HPOS="1015"/>
<String CONTENT="25;" HEIGHT="54" WIDTH="76" VPOS="2971" HPOS="1041"/>
<SP HEIGHT="52" WIDTH="28" VPOS="2973" HPOS="1118"/>
<!-- cceid 371C9575-6DD5-1014-B757-AF09C522E301 --><String CONTENT="A" HEIGHT="42" WIDTH="44" VPOS="2973" HPOS="1147"/>
<SP HEIGHT="43" WIDTH="24" VPOS="2972" HPOS="1192"/>
<String CONTENT="875256;" HEIGHT="53" WIDTH="189" VPOS="2972" HPOS="1217"/>
<SP HEIGHT="53" WIDTH="29" VPOS="2972" HPOS="1407"/>
<String CONTENT="Century" HEIGHT="55" WIDTH="201" VPOS="2972" HPOS="1437"/>
<SP HEIGHT="36" WIDTH="25" VPOS="2991" HPOS="1639"/>
<String CONTENT="co." HEIGHT="29" WIDTH="65" VPOS="2990" HPOS="1665"/>
</TextLine>
<TextLine HEIGHT="58" WIDTH="268" VPOS="3029" HPOS="196" LANG="en-US">
<String CONTENT="(25-24247)" HEIGHT="58" WIDTH="268" VPOS="3029" HPOS="196"/>
</TextLine>
<TextLine HEIGHT="71" WIDTH="323" VPOS="3116" HPOS="119" STYLEREFS="StyleId-4621924C-ED6A-4DBE-A5A2-AE91EABB0006-">
<String LANG="de" CONTENT="G&#246;hl," HEIGHT="71" WIDTH="173" VPOS="3116" HPOS="119"/>
<SP HEIGHT="71" WIDTH="38" VPOS="3116" HPOS="293"/>
<String LANG="en-US" CONTENT="Th." HEIGHT="57" WIDTH="110" VPOS="3116" HPOS="332"/>
</TextLine>
<TextLine HEIGHT="72" WIDTH="1833" VPOS="3192" HPOS="198" STYLEREFS="StyleId-802D58FF-7151-4730-AF40-B18C4381DAE3-" LANG="de" CS="1">
<String CONTENT="Unterrichtsbeispiele" HEIGHT="72" WIDTH="707" VPOS="3192" HPOS="198"/>
<SP HEIGHT="38" WIDTH="52" VPOS="3212" HPOS="906"/>
<String CONTENT="aus" HEIGHT="37" WIDTH="111" VPOS="3212" HPOS="959"/>
<SP HEIGHT="57" WIDTH="55" VPOS="3193" HPOS="1071"/>
<String CONTENT="der" HEIGHT="57" WIDTH="110" VPOS="3193" HPOS="1127"/>
<SP HEIGHT="38" WIDTH="54" VPOS="3212" HPOS="1238"/>
<String CONTENT="arbeite" HEIGHT="59" WIDTH="235" VPOS="3193" HPOS="1293"/>
<SP HEIGHT="38" WIDTH="6" VPOS="3214" HPOS="1529"/>
<String CONTENT="schule." HEIGHT="58" WIDTH="226" VPOS="3194" HPOS="1536"/>
<SP HEIGHT="55" WIDTH="33" VPOS="3197" HPOS="1763"/>
<String CONTENT="hft." HEIGHT="57" WIDTH="119" VPOS="3196" HPOS="1855"/>
<SP HEIGHT="35" WIDTH="56" VPOS="3218" HPOS="1975"/>
<String CS="1" CONTENT="IV."/>
</TextLine>
<TextLine HEIGHT="76" WIDTH="1992" VPOS="3271" HPOS="119" STYLEREFS="StyleId-802D58FF-7151-4730-AF40-B18C4381DAE3-" LANG="de">
<String CONTENT="Handbet&#228;tigung:" HEIGHT="71" WIDTH="588" VPOS="3271" HPOS="119"/>
<SP HEIGHT="56" WIDTH="28" VPOS="3271" HPOS="708"/>
<String CONTENT="falten," HEIGHT="71" WIDTH="219" VPOS="3271" HPOS="737"/>
<SP HEIGHT="71" WIDTH="27" VPOS="3271" HPOS="957"/>
<String CONTENT="formen," HEIGHT="73" WIDTH="266" VPOS="3271" HPOS="985"/>
<SP HEIGHT="72" WIDTH="26" VPOS="3272" HPOS="1252"/>
<String CONTENT="bauen" HEIGHT="56" WIDTH="203" VPOS="3272" HPOS="1279"/>
<SP HEIGHT="37" WIDTH="23" VPOS="3291" HPOS="1483"/>
<String CONTENT="und" HEIGHT="56" WIDTH="128" VPOS="3274" HPOS="1507"/>
<SP HEIGHT="70" WIDTH="24" VPOS="3274" HPOS="1636"/>
<String CONTENT="gartenarbeit," HEIGHT="72" WIDTH="450" VPOS="3275" HPOS="1661"/>
</TextLine>
<TextLine HEIGHT="74" WIDTH="1995" VPOS="3347" HPOS="117" STYLEREFS="StyleId-802D58FF-7151-4730-AF40-B18C4381DAE3-" LANG="de">
<String CONTENT="von" HEIGHT="38" WIDTH="122" VPOS="3369" HPOS="117"/>
<SP HEIGHT="55" WIDTH="34" VPOS="3351" HPOS="240"/>
<String CONTENT="Th." HEIGHT="55" WIDTH="110" VPOS="3350" HPOS="275"/>
<SP HEIGHT="59" WIDTH="37" VPOS="3348" HPOS="386"/>
<String CONTENT="G&#246;hl." HEIGHT="59" WIDTH="172" VPOS="3348" HPOS="424"/>
<SP HEIGHT="56" WIDTH="74" VPOS="3348" HPOS="597"/>
<String CONTENT="Esslingen" HEIGHT="72" WIDTH="338" VPOS="3347" HPOS="672"/>
<SP HEIGHT="37" WIDTH="31" VPOS="3367" HPOS="1011"/>
<String CONTENT="und" HEIGHT="56" WIDTH="128" VPOS="3349" HPOS="1043"/>
<SP HEIGHT="56" WIDTH="34" VPOS="3349" HPOS="1172"/>
<String CONTENT="M&#252;nchen," HEIGHT="72" WIDTH="326" VPOS="3349" HPOS="1207"/>
<SP HEIGHT="70" WIDTH="37" VPOS="3351" HPOS="1534"/>
<String CONTENT="J." HEIGHT="56" WIDTH="60" VPOS="3351" HPOS="1572"/>
<SP HEIGHT="56" WIDTH="37" VPOS="3350" HPOS="1633"/>
<String CONTENT="F." HEIGHT="56" WIDTH="70" VPOS="3350" HPOS="1671"/>
<SP HEIGHT="58" WIDTH="39" VPOS="3351" HPOS="1742"/>
<String CONTENT="Schreiber" HEIGHT="58" WIDTH="330" VPOS="3351" HPOS="1782"/>
</TextLine>
<TextLine HEIGHT="74" WIDTH="180" VPOS="3428" HPOS="122" STYLEREFS="StyleId-802D58FF-7151-4730-AF40-B18C4381DAE3-" LANG="de">
<String CONTENT="[1925]" HEIGHT="74" WIDTH="180" VPOS="3428" HPOS="122"/>
</TextLine>
<TextLine HEIGHT="58" WIDTH="1001" VPOS="3500" HPOS="187" CS="1">
<String LANG="de" CONTENT="64" HEIGHT="43" WIDTH="53" VPOS="3504" HPOS="187"/>
<SP HEIGHT="54" WIDTH="33" VPOS="3504" HPOS="241"/>
<String LANG="de" CONTENT="p." HEIGHT="40" WIDTH="39" VPOS="3518" HPOS="275"/>
<SP HEIGHT="42" WIDTH="57" VPOS="3502" HPOS="315"/>
<String LANG="de" CONTENT="20" HEIGHT="43" WIDTH="53" VPOS="3502" HPOS="373"/>
<SP HEIGHT="43" WIDTH="32" VPOS="3502" HPOS="427"/>
<String LANG="en-US" CONTENT="numb." HEIGHT="42" WIDTH="148" VPOS="3502" HPOS="460"/>
<SP/>
<String LANG="en-US" CS="1" CONTENT="pl."/>
<SP HEIGHT="53" WIDTH="25" VPOS="3501" HPOS="702"/>
<String LANG="en-US" CONTENT="(part" HEIGHT="53" WIDTH="126" VPOS="3501" HPOS="728"/>
<SP HEIGHT="36" WIDTH="33" VPOS="3508" HPOS="855"/>
<String LANG="en-US" CONTENT="col.)" HEIGHT="54" WIDTH="109" VPOS="3500" HPOS="889"/>
<SP HEIGHT="54" WIDTH="64" VPOS="3500" HPOS="999"/>
<String LANG="de" CONTENT="21" HEIGHT="44" WIDTH="51" VPOS="3500" HPOS="1064"/>
<String STYLE="superscript" LANG="de" CONTENT="cm" HEIGHT="17" WIDTH="45" VPOS="3503" HPOS="1126"/>
<String LANG="de" CONTENT="." HEIGHT="10" WIDTH="10" VPOS="3535" HPOS="1178"/>
</TextLine>
<TextLine HEIGHT="55" WIDTH="1741" VPOS="3556" HPOS="120" LANG="de" CS="1">
<String CONTENT="&#169;" HEIGHT="54" WIDTH="52" VPOS="3557" HPOS="120"/>
<SP HEIGHT="54" WIDTH="28" VPOS="3557" HPOS="173"/>
<String LANG="en-US" CONTENT="Oct." HEIGHT="44" WIDTH="100" VPOS="3559" HPOS="202"/>
<SP HEIGHT="43" WIDTH="28" VPOS="3559" HPOS="303"/>
<String CONTENT="30," HEIGHT="51" WIDTH="66" VPOS="3558" HPOS="332"/>
<SP HEIGHT="51" WIDTH="31" VPOS="3558" HPOS="399"/>
<String CONTENT="1925;" HEIGHT="53" WIDTH="128" VPOS="3556" HPOS="431"/>
<SP/>
<String CS="1" CONTENT="1c."/>
<SP HEIGHT="44" WIDTH="29" VPOS="3556" HPOS="654"/>
<String LANG="en-US" CONTENT="Dec." HEIGHT="44" WIDTH="108" VPOS="3556" HPOS="684"/>
<SP HEIGHT="41" WIDTH="32" VPOS="3558" HPOS="793"/>
<String CONTENT="16;" HEIGHT="52" WIDTH="73" VPOS="3557" HPOS="826"/>
<SP HEIGHT="52" WIDTH="31" VPOS="3557" HPOS="900"/>
<!-- cceid 371CB56D-6DD5-1014-B757-AF09C522E301 --><String LANG="en-US" CONTENT="A" HEIGHT="42" WIDTH="44" VPOS="3557" HPOS="932"/>
<String CONTENT="&#8212;Foreign" HEIGHT="53" WIDTH="255" VPOS="3556" HPOS="977"/>
<SP HEIGHT="42" WIDTH="27" VPOS="3558" HPOS="1233"/>
<String CONTENT="29615;" HEIGHT="53" WIDTH="161" VPOS="3557" HPOS="1261"/>
<SP HEIGHT="51" WIDTH="31" VPOS="3559" HPOS="1423"/>
<String CONTENT="J." HEIGHT="51" WIDTH="39" VPOS="3559" HPOS="1455"/>
<SP HEIGHT="42" WIDTH="30" VPOS="3559" HPOS="1495"/>
<String CONTENT="F." HEIGHT="42" WIDTH="49" VPOS="3559" HPOS="1526"/>
<SP HEIGHT="47" WIDTH="33" VPOS="3558" HPOS="1576"/>
<String CONTENT="Schreiber." HEIGHT="47" WIDTH="251" VPOS="3558" HPOS="1610"/>
</TextLine>
<TextLine HEIGHT="72" WIDTH="624" VPOS="3626" HPOS="121" STYLEREFS="StyleId-4621924C-ED6A-4DBE-A5A2-AE91EABB0006-" LANG="de">
<String CONTENT="Greenbie," HEIGHT="71" WIDTH="318" VPOS="3626" HPOS="121"/>
<SP HEIGHT="71" WIDTH="36" VPOS="3626" HPOS="440"/>
<String CONTENT="Sydney." HEIGHT="72" WIDTH="268" VPOS="3626" HPOS="477"/>
</TextLine>
<TextLine HEIGHT="80" WIDTH="1919" VPOS="3703" HPOS="198" STYLEREFS="StyleId-802D58FF-7151-4730-AF40-B18C4381DAE3-">
<String LANG="en-US" CONTENT="Gold" HEIGHT="59" WIDTH="159" VPOS="3704" HPOS="198"/>
<SP HEIGHT="56" WIDTH="41" VPOS="3704" HPOS="358"/>
<String LANG="en-US" CONTENT="of" HEIGHT="55" WIDTH="68" VPOS="3705" HPOS="400"/>
<SP HEIGHT="59" WIDTH="43" VPOS="3703" HPOS="469"/>
<String LANG="de" CONTENT="Ophir;" HEIGHT="71" WIDTH="229" VPOS="3703" HPOS="513"/>
<SP HEIGHT="51" WIDTH="43" VPOS="3722" HPOS="743"/>
<String LANG="en-US" CONTENT="or," HEIGHT="51" WIDTH="90" VPOS="3722" HPOS="787"/>
<SP HEIGHT="69" WIDTH="42" VPOS="3704" HPOS="878"/>
<String LANG="en-US" CONTENT="The" HEIGHT="57" WIDTH="130" VPOS="3703" HPOS="921"/>
<SP HEIGHT="56" WIDTH="40" VPOS="3704" HPOS="1052"/>
<String LANG="en-US" CONTENT="lure" HEIGHT="57" WIDTH="134" VPOS="3704" HPOS="1093"/>
<SP HEIGHT="54" WIDTH="43" VPOS="3707" HPOS="1228"/>
<String LANG="en-US" CONTENT="that" HEIGHT="62" WIDTH="138" VPOS="3703" HPOS="1272"/>
<SP HEIGHT="54" WIDTH="41" VPOS="3711" HPOS="1411"/>
<String LANG="en-US" CONTENT="made" HEIGHT="60" WIDTH="181" VPOS="3705" HPOS="1453"/>
<SP HEIGHT="58" WIDTH="42" VPOS="3707" HPOS="1635"/>
<String LANG="de" CONTENT="America," HEIGHT="76" WIDTH="310" VPOS="3707" HPOS="1678"/>
<SP HEIGHT="73" WIDTH="45" VPOS="3710" HPOS="1989"/>
<String LANG="en-US" CONTENT="by" HEIGHT="72" WIDTH="82" VPOS="3710" HPOS="2035"/>
</TextLine>
<TextLine HEIGHT="75" WIDTH="1993" VPOS="3780" HPOS="122" STYLEREFS="StyleId-802D58FF-7151-4730-AF40-B18C4381DAE3-" CS="1">
<String LANG="de" CONTENT="Sydney" HEIGHT="72" WIDTH="254" VPOS="3783" HPOS="122"/>
<SP HEIGHT="72" WIDTH="33" VPOS="3782" HPOS="377"/>
<String LANG="de" CONTENT="Greenbie" HEIGHT="60" WIDTH="302" VPOS="3780" HPOS="411"/>
<SP HEIGHT="40" WIDTH="43" VPOS="3801" HPOS="714"/>
<String LANG="de" CS="1" CONTENT="&#8230;"/>
<SP HEIGHT="39" WIDTH="41" VPOS="3801" HPOS="820"/>
<String LANG="en-US" CONTENT="and" HEIGHT="57" WIDTH="123" VPOS="3782" HPOS="862"/>
<SP HEIGHT="57" WIDTH="34" VPOS="3782" HPOS="986"/>
<String LANG="en-US" CONTENT="Marjorie" HEIGHT="73" WIDTH="307" VPOS="3780" HPOS="1021"/>
<SP HEIGHT="59" WIDTH="38" VPOS="3783" HPOS="1329"/>
<String LANG="de" CONTENT="Greenbie" HEIGHT="59" WIDTH="304" VPOS="3783" HPOS="1368"/>
<SP HEIGHT="38" WIDTH="41" VPOS="3805" HPOS="1673"/>
<String LANG="de" CS="1" CONTENT="&#8230;"/>
<SP HEIGHT="61" WIDTH="85" VPOS="3785" HPOS="1778"/>
<String LANG="de" CONTENT="Garden" HEIGHT="61" WIDTH="251" VPOS="3785" HPOS="1864"/>
</TextLine>
<TextLine HEIGHT="75" WIDTH="1658" VPOS="3858" HPOS="123" STYLEREFS="StyleId-802D58FF-7151-4730-AF40-B18C4381DAE3-">
<String LANG="de" CONTENT="City," HEIGHT="72" WIDTH="162" VPOS="3860" HPOS="123"/>
<SP HEIGHT="71" WIDTH="30" VPOS="3860" HPOS="286"/>
<String LANG="de" CONTENT="N." HEIGHT="56" WIDTH="74" VPOS="3860" HPOS="317"/>
<SP HEIGHT="56" WIDTH="33" VPOS="3859" HPOS="392"/>
<String LANG="de" CONTENT="Y.," HEIGHT="68" WIDTH="94" VPOS="3859" HPOS="426"/>
<SP HEIGHT="68" WIDTH="30" VPOS="3859" HPOS="521"/>
<String LANG="en-US" CONTENT="Doubleday," HEIGHT="71" WIDTH="384" VPOS="3859" HPOS="552"/>
<SP HEIGHT="66" WIDTH="31" VPOS="3858" HPOS="937"/>
<String LANG="de" CONTENT="Page" HEIGHT="73" WIDTH="172" VPOS="3858" HPOS="969"/>
<SP HEIGHT="59" WIDTH="32" VPOS="3858" HPOS="1142"/>
<String LANG="de" CONTENT="&amp;" HEIGHT="59" WIDTH="47" VPOS="3858" HPOS="1175"/>
<SP HEIGHT="59" WIDTH="31" VPOS="3858" HPOS="1223"/>
<String LANG="en-US" CONTENT="company," HEIGHT="55" WIDTH="323" VPOS="3878" HPOS="1255"/>
<SP HEIGHT="66" WIDTH="35" VPOS="3865" HPOS="1579"/>
<String LANG="de" CONTENT="1925." HEIGHT="61" WIDTH="166" VPOS="3863" HPOS="1615"/>
</TextLine>
<TextLine HEIGHT="54" WIDTH="1223" VPOS="3935" HPOS="190" CS="1">
<String LANG="de" CONTENT="xix" HEIGHT="43" WIDTH="82" VPOS="3937" HPOS="190"/>
<SP/>
<String LANG="de" CS="1" CONTENT="p.,"/>
<SP/>
<String LANG="de" CS="1" CONTENT="1"/>
<SP/>
<String LANG="de" CS="1" CONTENT="l.," HEIGHT="17" WIDTH="8" VPOS="3970" HPOS="458"/>
<SP HEIGHT="50" WIDTH="27" VPOS="3937" HPOS="467"/>
<String LANG="de" CONTENT="330" HEIGHT="44" WIDTH="81" VPOS="3936" HPOS="495"/>
<SP HEIGHT="53" WIDTH="24" VPOS="3936" HPOS="577"/>
<String LANG="de" CONTENT="p." HEIGHT="38" WIDTH="40" VPOS="3951" HPOS="602"/>
<SP HEIGHT="44" WIDTH="60" VPOS="3935" HPOS="643"/>
<String LANG="en-US" CONTENT="front.," HEIGHT="51" WIDTH="150" VPOS="3935" HPOS="704"/>
<SP HEIGHT="39" WIDTH="24" VPOS="3950" HPOS="855"/>
<String LANG="en-US" CONTENT="plates," HEIGHT="54" WIDTH="159" VPOS="3935" HPOS="880"/>
<SP HEIGHT="39" WIDTH="23" VPOS="3950" HPOS="1040"/>
<String LANG="en-US" CONTENT="ports." HEIGHT="46" WIDTH="139" VPOS="3943" HPOS="1064"/>
<SP HEIGHT="45" WIDTH="57" VPOS="3935" HPOS="1204"/>
<String LANG="de" CONTENT="23" HEIGHT="46" WIDTH="53" VPOS="3935" HPOS="1262"/>
<String LANG="en-US" CS="1" CONTENT="&#189;"/>
<String STYLE="superscript" LANG="de" CONTENT="cm" HEIGHT="19" WIDTH="47" VPOS="3938" HPOS="1350"/>
<String LANG="de" CONTENT="." HEIGHT="10" WIDTH="11" VPOS="3972" HPOS="1402"/>
</TextLine>
<TextLine HEIGHT="46" WIDTH="391" VPOS="3992" HPOS="193">
<String LANG="de" CONTENT="&#8220;First" HEIGHT="45" WIDTH="150" VPOS="3993" HPOS="193"/>
<SP HEIGHT="36" WIDTH="32" VPOS="4002" HPOS="344"/>
<String LANG="en-US" CONTENT="edition.&#8221;" HEIGHT="46" WIDTH="207" VPOS="3992" HPOS="377"/>
</TextLine>
</TextBlock>
</PrintSpace>
</Page>
</Layout>
</alto>