2533 4412
1074 4047 108 56 505

139 430 255 73 Abbatt,
431 430 296 59 William.

221 523 128 56 The
389 522 328 72 colloquial
750 523 135 56 who
902 527 46 53 ’s
984 523 167 70 who;
1193 541 79 37 an
1311 524 270 69 attempt
1616 525 63 54 to
1715 520 275 73 identify
2027 523 103 56 the

141 616 190 55 many
369 600 277 71 authors,
687 600 246 58 writers
979 601 123 56 and
1142 600 422 56 contributors
1605 599 135 57 who
1779 599 159 57 have
1977 601 156 57 used

141 696 380 53 pen-names,
556 677 258 72 initials,
851 681 110 53 etc.
1009 677 397 71 (1600-1924)
1452 677 131 56 also
1620 696 39 37 a
1689 677 113 57 list
1834 676 66 57 of
141 678 1966 148 sobriquets,

378 754 375 72 nicknames,
797 755 334 72 epigrams,
1175 753 286 73 oddities,
1500 772 131 38 war
1669 755 286 71 phrases,
1999 757 131 68 etc.,

142 830 1990 73 compiled by William Abbatt … v. 2. Great Britain and
141 908 286 59 colonies.
503 911 390 71 Tarrytown,
929 911 71 55 N.
1035 909 93 74 Y.,
1161 909 96 58 W.
1291 909 256 73 Abbatt,
1583 911 165 55 1925.

213 983 541 54 1 p. l ., 137 p. 23½ cm .
140 1039 53 54 ©
222 1042 112 52 Apr.
361 1042 65 50 20,
462 1040 129 54 1925;
621 1043 65 42 2c.
720 1043 112 51 May
861 1042 77 52 20;
973 1043 79 43 aff.
1086 1043 112 51 May
1231 1041 76 53 18;
1340 1042 44 42 A
1416 1039 162 46 855303;
1639 1042 75 45 W.
1746 1043 186 43 Abbatt.

137 1125 143 71 Abt,
316 1125 181 57 Isaac
528 1124 259 73 Arthur,
825 1127 90 57 ed.

216 1216 369 72 Pediatrics,
630 1217 83 71 by
754 1216 255 59 various
1057 1217 277 56 authors.
1420 1215 234 58 Edited
1698 1217 82 71 by
1823 1216 186 58 Isaac
2053 1218 74 56 A.

138 1294 1991 73 Abt … v. 7 [Physiology of nervous system, surgery of
138 1372 162 57 head
338 1372 48 55 &
426 1371 195 72 spine,
663 1371 182 57 brain
884 1371 49 56 &
976 1371 206 71 spinal
1222 1372 165 71 cord,
1430 1371 278 57 diseases
1753 1371 65 57 of
1857 1391 271 39 nervous

142 1452 250 70 system,
423 1448 584 73 psychopathology
1036 1448 66 58 of
1135 1448 180 73 child,
1349 1448 238 58 defects
1623 1449 67 57 of
1723 1449 240 74 speech,
138 1471 1968 113 sexual

284 1526 1841 75 life of child] … Philadelphia and London, W. B.
141 1605 317 58 Saunders
495 1621 303 54 company
833 1605 180 72 [1925]

208 1682 60 50 ix,
299 1679 83 48 879
412 1695 39 38 p.
513 1680 130 51 illus.,
676 1680 83 44 col.
792 1680 157 52 plates,
982 1679 166 55 diagrs.
1206 1677 53 46 25
1268 1682 47 18 cm
1322 1714 9 8 .

136 1736 54 53 ©
221 1738 111 52 May
361 1737 67 52 27,
461 1735 103 45 1925;
622 1738 63 41 2c.
717 1737 87 42 and
833 1737 78 42 aff.
943 1737 115 51 June
1094 1737 18 42 1;
1173 1736 44 42 A
1249 1734 162 46 829450;
1470 1736 75 45 W.
1579 1736 50 44 B.
1665 1735 227 48 Saunders
1923 1753 65 29 co.

136 1822 255 71 Adams,
433 1820 281 59 William
751 1820 219 73 Henry
1006 1820 382 73 Davenport,
1429 1822 360 57 1828-1891.

219 1916 128 57 The
385 1915 155 71 days
580 1914 67 58 of
685 1913 310 72 chivalry;
1034 1931 88 54 or,
1161 1912 160 58 How
1357 1912 265 73 Aimery
1655 1913 106 59 the
1797 1911 333 74 bright-of-

140 1995 138 57 face
314 1994 247 57 became
596 2010 182 69 page,
819 1990 226 74 squire,
1084 1992 125 59 and
1244 1989 238 76 knight,
1519 1992 83 72 by
1634 1990 97 59 W.
1770 1989 79 61 H.
138 1991 1970 153 Davenport

318 2072 236 58 Adams;
621 2070 152 58 with
805 2088 36 38 a
874 2068 411 74 frontispiece
1317 2070 66 56 in
1417 2071 119 57 full
1570 2070 168 58 color
1771 2070 83 73 by
1887 2071 141 72 Ray
2064 2070 63 59 C.

143 2152 251 71 Strang.
479 2149 255 72 Boston,
764 2149 66 56 L.
867 2146 64 59 C.
963 2147 171 73 Page
1165 2148 47 56 &
1242 2166 305 55 company
1579 2177 12 43 [
1592 2155 18 21 c
1615 2149 165 71 1925]

210 2226 1491 54 2 p. l. , iii-viii p., 1 l., 313 p. col. front., plates. 20 ½ cm .
211 2287 43 42 A
288 2286 96 43 free
417 2283 261 53 adaptation
710 2283 52 46 of
793 2284 213 44 Madame
1041 2283 226 45 Colomb’s
1302 2282 314 47 “Franchise”.

136 2337 54 54 ©
217 2340 111 51 May
353 2340 38 50 9,
421 2338 129 53 1925;
578 2339 64 43 2c.
671 2339 112 51 May
811 2339 75 51 13;
913 2339 80 43 aff.
1021 2339 111 51 May
1162 2338 73 52 12;
1265 2338 44 42 A
1337 2337 188 53 855069;
1557 2342 29 42 L.
1638 2337 49 45 C.
1717 2339 125 53 Page
1871 2339 38 45 &
1934 2354 81 38 co.,
2043 2340 83 44 inc.

209 2394 66 55 [©
302 2395 290 52 frontispiece
617 2395 86 43 and
731 2394 317 53 introduction]
1120 2393 242 55 (25-9616)

137 2494 379 75 [Aldington,
550 2496 152 56 Mrs.
739 2492 195 59 Hilda
974 2491 383 78 (Doolittle)]
1395 2495 188 57 1886-

217 2585 311 62 Collected
562 2604 212 55 poems
813 2588 66 58 of
915 2586 77 58 H.
1029 2586 74 58 D.
1187 2587 152 58 New
1372 2585 190 73 York,
1596 2586 162 58 Boni
1792 2590 125 59 and
1952 2586 176 60 Live-

139 2668 187 73 right,
358 2668 165 57 1925.

208 2745 89 52 viii,
325 2746 83 45 306
433 2761 39 35 p.
531 2746 53 43 20
592 2748 14 17 cm
646 2782 7 8 .

137 2799 52 53 ©
219 2800 112 52 May
364 2801 35 50 1,
432 2798 128 53 1925;
589 2799 66 43 2c.
685 2799 88 42 and
801 2799 79 42 aff.
913 2799 111 52 May
1055 2798 50 52 8;
1139 2798 44 42 A
1213 2797 188 52 829324;
1437 2797 116 44 Boni
1584 2798 43 45 &
1653 2797 246 54 Liveright,
1931 2800 84 44 inc.

215 2854 241 56 (25-9543)

136 2954 335 59 American
523 2957 435 69 management
1010 2951 396 59 association.
1516 2953 182 72 Office
1754 2953 352 60 executives’

213 3032 287 60 division.
584 3031 365 60 Committee
987 3052 79 37 on
1098 3032 211 72 salary
1344 3031 559 59 standardization.

216 3125 229 72 Salary
470 3122 510 61 administration;
1037 3125 217 71 report
1275 3126 85 70 by
1381 3125 104 57 the
1513 3122 366 61 Committee
1907 3144 79 40 on
140 3124 1965 154 salary

293 3200 1767 64 standardization of the Office executives’ division …
138 3283 151 57 New
338 3281 190 71 York,
582 3281 73 57 N.
707 3281 94 71 Y.,
853 3281 336 57 American
1239 3284 437 69 management
1730 3281 395 74 association,

136 3368 17 21 c
159 3361 163 55 1925.

211 3439 77 45 127
317 3456 40 34 p.
418 3438 129 51 illus.,
578 3438 167 52 diagrs.
804 3439 55 43 22½
892 3440 47 17 cm
945 3472 10 9 .
1024 3436 288 54 ([American
1341 3445 316 45 management
1688 3438 288 49 association]
137 3439 1970 101 Office

249 3494 269 46 executives’
545 3494 136 45 series.
754 3510 71 30 no.
852 3494 50 50 5)

211 3553 157 43 “Brief
397 3551 231 45 reference
656 3550 100 46 list”
774 3567 9 28 :
812 3567 40 35 p.
879 3552 66 44 39.

135 3605 54 54 ©
226 3607 119 43 Mar.
382 3604 37 54 5,
460 3604 102 45 1925;
626 3606 66 42 2c.
730 3607 87 42 and
854 3606 77 42 aff.
971 3606 119 42 Mar.
1127 3603 25 46 7;
1216 3605 44 42 A
1297 3602 163 49 823325;
1526 3605 247 45 American
1811 3616 313 45 management

206 3678 116 28 assn.
391 3660 242 56 (25-9533)

134 3759 334 59 American
484 3759 266 59 medical
766 3759 395 59 association.
1226 3759 256 61 Section
1501 3780 79 39 on
1597 3763 525 74 ophthalmology.

211 3853 242 70 Papers
486 3854 63 54 to
582 3852 74 56 be
687 3852 337 70 presented
1055 3851 215 57 before
1305 3851 103 57 the
1445 3852 250 58 Section
1729 3872 81 39 on
134 3854 1967 147 ophthalmology

431 3928 67 57 of
546 3929 103 56 the
699 3928 335 57 American
1081 3928 265 57 medical
1395 3930 396 72 association,
1842 3930 283 59 Atlantic
