2533 4412
1059 4035 148 56 1655

138 366 282 70 Terman,
460 362 200 59 Lewis
698 362 308 72 Madison,
1046 365 188 56 1877-

212 454 356 59 Children’s
606 453 292 72 reading;
938 475 35 37 a
1011 452 183 73 guide
1230 452 104 57 for
1370 456 258 68 parents
1668 455 122 56 and
1827 454 302 69 teachers,

133 531 1997 73 by Lewis M. Terman … and Margaret Lima … New
131 611 189 69 York,
358 610 277 71 London,
674 610 74 56 D.
786 609 319 71 Appleton
1142 610 123 56 and
1303 628 323 54 company,
1666 611 164 56 1926.

203 687 65 53 xi,
289 687 79 45 363
390 702 42 38 p.
489 687 51 44 21
551 690 46 18 cm
603 722 8 8 .

134 744 52 53 ©
218 746 108 42 Dec.
356 745 64 47 24,
454 743 130 53 1925;
615 744 65 44 2c.
711 744 88 43 and
828 745 77 42 aff.
938 744 108 44 Dec.
1076 743 77 52 28;
1184 743 44 42 A
1259 741 166 46 872997;
1484 745 55 42 D.
1574 744 228 53 Appleton
1834 746 86 43 and
1952 761 64 27 co.

212 801 242 54 (26-1068)

134 900 285 72 Uzarski,
454 900 214 73 Adolf,
706 903 189 56 1885-

210 990 587 73 Tun-Kwang-Pipi;
860 991 338 57 erlebnisse
1227 992 127 56 und
1383 991 339 58 abenteuer
1747 992 112 57 der
132 992 1978 134 expedition

296 1069 161 57 nach
490 1068 264 72 Europa
787 1069 184 57 nebst
1004 1069 199 57 einem
1238 1069 243 57 bericht
1515 1070 108 57 des
1661 1070 190 57 herm
1893 1070 239 59 Gustav

131 1147 232 57 Hetzer
391 1146 85 57 im
505 1147 279 72 anhang;
816 1146 450 73 aufgefunden,
1297 1145 317 60 übersetzt
1642 1148 127 57 und
1798 1148 332 58 illustriert

131 1244 122 38 von
292 1225 198 57 Adolf
524 1224 288 59 Uzarski.
895 1225 319 71 Potsdam,
1257 1225 68 58 G.
1366 1224 446 72 Kiepenheuer
1854 1256 12 43 [
1869 1235 18 22 c
1890 1228 164 72 1924]

206 1300 817 55 301 p. incl. illus., plates. 19½cm .
131 1358 1942 55 © Dec. 31, 1924; 1c. Mar. 19, 1925; A—Foreign 27469; G. Kiepenheuer.
211 1416 243 56 (26-3459)

134 1516 229 58 Verein
411 1516 329 58 deutscher
787 1515 576 58 eisenhüttenleute.
1453 1516 677 73 Gemeinschaftsstelle

209 1593 488 59 Schmiermittel.

214 1683 378 59 Richtlinien
653 1684 108 57 für
821 1686 118 56 den
1001 1684 258 58 einkauf
1317 1686 128 56 und
1507 1685 97 58 die
1666 1685 283 72 prüfung
2009 1705 117 39 von

138 1762 531 58 Schmiermitteln.
742 1762 389 73 Aufgestellt
1159 1763 128 57 und
1317 1762 171 73 hrsg.
1520 1781 144 39 vom
1691 1762 235 58 Verein
135 1764 1972 134 deutscher

345 1840 580 71 eisenhüttenleute,
957 1840 671 72 gemeinschaftsstelle
1695 1840 433 59 schmiermittel

134 1921 127 56 und
299 1921 140 56 dem
475 1918 356 58 Deutschen
869 1918 281 57 verband
1187 1918 110 56 für
1334 1917 99 58 die
1471 1918 655 75 materialprüfungen

135 1995 1966 157 der technik <aus schuss IX > 4. erweiterte aufl. Düsseldorf,
327 2074 238 74 Verlag
597 2075 373 73 Stahleisen,
999 2094 78 38 m.
1106 2075 56 57 b.
1191 2075 78 73 h:,
1302 2076 165 56 1925.

199 2156 52 44 81
289 2172 39 37 p.
389 2154 115 45 illus.
564 2156 51 43 21
624 2156 47 18 cm
678 2190 9 9 .

206 2213 189 43 Printed
420 2213 44 43 in
488 2219 101 45 part
613 2226 58 30 on
695 2226 84 30 one
803 2211 95 44 side
922 2211 51 44 of
996 2210 93 43 leaf
1109 2211 121 52 only.

132 2263 1801 58 © Dec. 29, 1924; 1c. Mar. 19, 1925; A—Foreign 27230; Stahleisen.
212 2325 241 55 (26-3402)

136 2409 168 72 Volz,
341 2409 296 59 Wilhelm
672 2408 286 58 Theodor
989 2408 254 73 August
1277 2408 338 71 Hermann,
1655 2410 189 57 1870-
2003 2411 88 55 ed.

211 2499 132 58 Der
368 2499 395 58 ostdeutsche
788 2498 399 72 volksboden,
1216 2498 283 58 aufsätze
1528 2518 74 37 zu
1628 2499 118 57 den
1773 2499 226 73 fragen
2027 2501 106 56 des

133 2575 1976 152 Ostens hrsg. von geh. reg.-rat dr. Wilhelm Volz … Breslau,
287 2657 71 56 F.
392 2656 168 73 Hirt,
594 2658 165 56 1924.

207 2733 49 46 51
281 2749 39 39 p.
378 2735 54 42 22½
468 2737 47 17 cm
520 2769 10 9 .

545 2798 275 45 CONTENTS.—Kötzschke.
873 2789 129 54 Über
1027 2799 84 44 den
1168 2812 193 40 ursprung
1385 2798 91 44 und
1500 2798 71 45 die
1595 2798 349 53 geschichtliche
137 2801 1973 106 bedeutung
275 2856 82 44 der

380 2853 316 46 ostdeutschen
745 2853 453 53 siedlung.—Dopsch.
1256 2854 86 43 Die
1368 2852 269 45 historische
1666 2853 196 54 Stellung
1889 2856 75 41 der
139 2856 1971 99 Deutsehen
301 2912 44 43 in
372 2910 204 45 Böhmen

601 2911 91 44 und
718 2910 564 44 Mähren.—Holtzmann.
1338 2910 88 43 Die
1450 2909 219 45 herkunft
1694 2911 80 44 der
1800 2911 260 46 Deutschen
2092 2912 41 42 in

139 2967 205 45 Böhmen
364 2969 90 44 und
477 2967 209 44 Mähren.

137 3022 1937 56 © Sept. 26, 1924; 1c. Jan. 29, 1925; A —Foreign 26616; Ferdinand Hirt.
213 3080 242 56 (26-3575)

136 3165 292 74 Wagner,
468 3165 294 74 Richard,
805 3167 357 58 1813-1883.

280 3255 1853 75 … Riccardo Wagner a Matilde Wesendonk, diario e
136 3337 219 56 lettere;
415 3334 383 73 prefazione,
827 3337 145 57 note
1004 3354 31 37 e
1062 3334 290 57 versione
1380 3333 63 59 di
1473 3334 275 58 Antonio
1779 3335 354 58 Pescarzoli

203 3413 1404 73 … V. 1. Milano,·Bottega di poesia [ c 1925]
210 3489 1923 55 1 V. fronts, (ports.) illus. (music) 19 ½ cm . (I fascicoli musicali, scelti da
138 3547 222 44 Giovanni
390 3548 72 42 Da
494 3547 160 53 Nova)

138 3601 1798 55 © Sept. 30, 1925; 1c. Dec. 5; A —Foreign 29434; Bottega di poesia.
215 3659 242 54 (26-2931)

141 3744 414 73 Wapelhorst,
590 3745 327 57 Innocenz.

218 3837 449 72 Compendium
715 3858 214 39 sacrae
977 3836 296 74 liturgiae
1321 3838 184 72 juxta
1548 3837 192 60 ritum
1787 3857 343 39 romanum.

141 3912 1987 68 scripsit P. Innocentius Wapelhorst … ad novissima
