2533 4412
1160 4090 73 58 23

214 454 288 71 Graham,
543 453 214 57 Frank
792 452 279 59 Duncan.

289 549 264 59 Audel’s
590 549 236 71 Handy
859 550 160 58 book
1057 549 68 57 of
1158 548 306 73 practical
1501 547 347 75 electricity
1884 549 153 58 with
213 545 1972 160 wiring
359 627 351 72 diagrams;
753 628 197 71 ready

990 627 322 60 reference
1356 627 103 57 for
1501 625 429 76 professional
213 623 1974 160 electricians,
449 709 286 56 students
778 706 123 58 and
942 706 81 58 all
1067 704 314 60 electrical
1417 707 299 70 workers,
1753 706 87 71 by
1879 706 215 57 Frank
2136 708 71 55 D.

215 783 290 61 Graham.
643 802 89 39 New
760 784 192 70 York,
983 786 68 55 T.
1083 784 205 57 Audel
1317 785 47 56 &
1392 804 87 37 co.
1513 811 14 45 [
1529 791 19 23 c
1552 783 165 73 1924]

281 858 1649 59 3 p. l., x, 986, xlviii p. incl. front. (port.) illus., diagrs. 17 cm .
209 919 53 52 ©
287 922 99 50 Jan.
419 921 60 48 12,
513 918 103 45 1925;
671 920 63 42 2c.
765 920 89 43 and
877 919 78 44 aff.
984 921 98 53 Jan.
1116 918 73 53 15;
1219 921 45 42 A
1289 918 191 54 815608;
1509 918 142 46 Theo.
1680 919 149 45 Audel
1857 921 37 43 &
1922 935 67 29 co.

288 974 241 57 (25-2363)

211 1074 604 73 Granville-Barker,
858 1074 239 75 Harley
1134 1075 336 70 Granville,
1513 1077 188 58 1877-

285 1166 266 58 Preface
577 1166 83 72 by
685 1165 243 72 Harley
956 1164 592 62 Granville-Barker
1575 1170 63 54 to
1666 1166 229 58 Love’s
1925 1167 281 60 labour’s

208 1244 121 57 lost
369 1243 158 73 (The
568 1244 275 71 players’
878 1242 462 73 Shakespeare)
1430 1243 277 73 London,
1741 1244 73 56 E.
1849 1244 195 72 Benn,
2077 1244 131 72 ltd.,

210 1322 166 56 1924.

277 1398 180 45 xxxviii
489 1414 38 38 p.
587 1399 50 43 21½
675 1401 15 17 cm
729 1433 9 9 .

204 1452 56 55 ©
290 1457 108 42 Dec.
425 1455 68 51 26,
526 1456 128 51 1924;
684 1456 65 43 2c.
839 1456 27 42 and
894 1455 78 44 aff.
1005 1457 108 43 Dec.
1143 1456 77 52 29;
1253 1456 45 42 A
1328 1456 189 52 814639;
1551 1455 175 53 Harley
1759 1456 446 52 Granville-Barker,

278 1512 199 45 London.
547 1511 243 55 (25-1868)

207 1612 254 71 Grimm,
499 1613 200 58 Jacob
729 1613 267 74 Ludwig
1029 1612 174 73 Karl,
1241 1614 358 58 1785-1863.

288 1701 1919 79 Grimm’s fairy tales, edited by Orton Lowe … Sixty
209 1781 440 72 illustrations,
680 1781 151 58 with
864 1783 247 57 colored
1141 1782 205 72 plates
1381 1784 83 71 by
1496 1781 225 60 Edwin
1754 1783 170 59 John
1956 1783 248 59 Prittie.

208 1858 457 73 Philadelphia,
715 1858 290 75 Chicago,
1055 1860 130 58 The
1229 1860 172 59 John
1447 1859 65 60 C.
1560 1860 295 59 Winston
1897 1879 307 57 company

209 1968 13 43 [
225 1946 19 21 c
248 1937 149 57 1924]

275 2032 45 37 x,
351 2015 83 48 310
462 2033 40 36 p.
561 2016 85 46 col.
676 2014 154 54 front.,
861 2014 132 54 illus.,
1024 2014 86 46 col.
1143 2015 156 52 plates.
1358 2016 52 44 21
1418 2017 47 18 cm
1472 2051 10 10 .
1549 2015 239 53 (Lettered
1821 2032 59 30 on
1910 2030 158 33 cover:
2104 2018 98 47 The

208 2074 213 45 Winston
451 2074 249 49 clear-type
728 2071 189 52 popular
946 2070 212 53 classics)

206 2126 52 53 ©
284 2128 120 51 Aug.
430 2126 66 50 28,
527 2126 105 43 1924;
686 2127 63 42 2c.
779 2126 101 43 Oct.
908 2126 50 50 4;
987 2125 78 43 aff.
1092 2127 99 50 Jan.
1219 2125 67 51 20,
1316 2123 129 53 1925;
1475 2125 43 42 A
1545 2123 189 52 815695;
1765 2127 119 52 John
1913 2128 47 44 C.
1991 2129 214 45 Winston

275 2197 65 30 co.
404 2181 66 56 [©
499 2182 208 44 editorial
735 2189 165 35 matter
928 2183 58 51 by
1017 2182 149 43 Orton
1195 2182 138 43 Lowe
1360 2184 87 41 and
1477 2181 297 46 illustrations
1805 2186 57 50 by
1895 2184 163 47 Edwin
2086 2187 119 52 John

277 2240 177 52 Prittie]
526 2237 243 55 (25-2131)

208 2341 344 74 [Harrison,
591 2336 284 78 Fairfax]
914 2341 189 58 1869-

281 2444 294 75 Virginia
606 2444 151 57 land
787 2446 241 71 grants,
1064 2462 36 37 a
1133 2444 190 72 study
1352 2444 69 57 of
1454 2446 464 74 conveyancing
1949 2449 66 56 in
207 2445 1973 141 relation
363 2526 64 55 to
456 2523 264 57 colonial
741 2522 269 72 politics.

1094 2521 363 73 Richmond,
1486 2522 172 58 Priv.
1685 2525 212 74 print.,
1928 2527 129 57 The
2088 2527 117 59 Old

207 2600 335 60 Dominion
570 2619 201 54 press,
803 2600 164 57 1925.

281 2677 483 56 184 p., 1 l. 23½ cm .
277 2734 312 47 Introduction
616 2736 181 51 signed:
827 2733 51 44 F.
907 2734 61 43 H.
1007 2734 50 53 (i.
1087 2749 35 29 e.
1153 2731 192 46 Fairfax
1375 2734 255 54 Harrison)

205 2791 52 53 ©
281 2794 100 52 Jan.
411 2791 62 52 16,
503 2790 129 53 1925;
660 2792 64 43 2c.
751 2791 87 43 and
862 2791 78 43 aff.
967 2792 98 52 Jan.
1097 2790 73 53 17;
1199 2792 43 41 A
1268 2790 189 53 815621;
1488 2788 49 47 F.
1567 2793 242 50 Harrison,
1837 2795 199 52 Belvoir,
2062 2797 85 45 Va.

282 2846 242 57 (25-2670)

208 2950 460 71 Horenburger,
703 2946 341 60 Frederick
1076 2948 94 59 W.

280 3039 231 59 Where
539 3042 65 53 to
634 3037 223 72 cruise,
888 3036 212 59 charts
1131 3038 107 55 for
1264 3040 205 54 motor
1498 3038 296 59 boatmen
1821 3043 126 56 and
1974 3062 42 38 a
205 3059 1968 134 compilation
500 3116 65 57 of
591 3116 212 57 useful
830 3113 280 73 cruising

1133 3114 414 58 information
1577 3121 316 69 arranged
1919 3121 108 56 for
2053 3141 148 52 easy

207 3190 1990 82 reference and use on board the small cruiser … by F. W.
205 3269 1993 85 Horenburger … 3d ed., rev. and enlarged. New York,
206 3352 72 55 N.
311 3350 94 73 Y.,
437 3350 211 56 Motor
676 3348 276 72 boating,
986 3349 165 55 1924.

277 3425 78 43 128
379 3440 37 39 p.
470 3438 140 37 maps.
662 3425 55 42 29
723 3427 46 17 cm
777 3459 7 7 .

201 3481 56 54 ©
285 3483 107 42 Dec.
415 3480 71 53 45,
515 3481 129 50 1924;
673 3482 63 41 2c.
766 3481 97 51 Jan.
889 3480 55 42 24
973 3478 129 54 1925;
1132 3480 78 43 aff.
1239 3481 98 52 Jan.
1365 3481 76 52 22;
1473 3483 42 41 A
1544 3480 189 56 815746;
1766 3486 158 44 Motor
1951 3488 196 54 boating.

207 3598 208 70 Howe,
452 3595 186 58 Mark
667 3595 257 72 Antony
956 3594 91 57 De
1080 3593 226 60 Wolfe.

204 3684 1971 159 Memoirs of the Harvard dead in the war against Germany, v. 5.
204 3769 1967 151 Cambridge,
474 3843 302 56 Harvard
807 3840 355 72 university
1190 3861 200 52 press,
1427 3844 164 57 1924.

273 3919 62 52 xi,
424 3954 9 17 [1],
460 3918 92 52 772,
584 3919 52 51 [1]
666 3933 40 36 p.
767 3925 138 44 ports.
963 3917 54 43 24½c
1070 3920 28 16 m
1106 3953 7 7 .

205 3976 52 53 ©
286 3978 108 41 Dec.
421 3974 67 53 27,
518 3975 129 51 1924;
677 3975 63 42 2c.
772 3975 107 41 Dec.
908 3973 78 53 31;
1016 3973 79 44 aff.
1126 3975 107 41 Dec.
1263 3974 77 52 30;
1371 3975 44 42 A
1445 3975 189 55 814449;
1667 3979 216 46 Harvard
1911 3983 117 44 univ.
2059 4000 137 37 press.
