2533 4412
1308 4115 111 56 530

335 451 454 73 Bumgardner,
828 447 286 75 Eugenia
1151 447 63 60 S.

414 538 1858 76 Undaunted exiles, by Eugenia S. Bumgardner …
340 623 331 71 Staunton,
702 620 135 72 Va.,
873 621 130 59 The
1034 619 294 59 McClure
1358 636 324 54 company,
1713 617 137 72 inc.,
1884 617 166 56 1925.

410 699 1127 54 5 p. l., 230 p. front., plates, ports. 22½ cm .
335 754 54 55 ©
424 757 113 51 May
576 757 35 50 1,
651 753 131 54 1925;
818 755 66 42 2c.
923 755 112 50 May
1069 754 52 51 4;
1159 753 79 43 aff.
1276 753 113 51 May
1425 753 51 50 2;
1516 751 47 45 A
1597 749 189 53 829255;
1828 749 53 48 E.
1922 748 44 48 S.
2008 749 331 53 Bumgardner,

408 812 236 52 Staunton,
674 812 85 43 Va.
825 808 245 57 (25-9774)

339 898 401 74 Callaghan’s
774 897 246 58 Illinois
1057 896 224 73 digest,
1320 896 301 71 complete
1659 896 169 56 from
1860 894 234 58 Breese
2129 897 63 55 to
2232 895 110 57 300

414 978 249 57 Illinois
702 979 125 55 and
864 976 171 56 from
1075 978 32 53 1
1150 979 63 54 to
1259 977 109 54 221
1410 974 245 57 Illinois
1700 974 333 72 appellate,
2078 973 131 58 also
415 974 1904 154 including

700 1055 245 57 Illinois
981 1054 213 71 points
1228 1053 202 57 found
1461 1053 68 56 in
1564 1052 238 58 United
1840 1051 213 59 States
2091 1055 251 69 reports

416 1136 125 56 and
577 1135 67 56 in
683 1133 273 58 Federal
991 1135 253 69 reports
1283 1135 63 54 to
1387 1132 162 71 date,
1589 1131 84 72 by
1710 1129 246 74 George
1994 1130 70 57 F.
415 1130 1903 140 Longsdorf.

662 1231 56 38 V.
753 1213 51 55 9.
892 1210 296 75 [Judicial
1218 1213 63 54 to
1316 1209 413 73 Marshaling]
1817 1208 290 73 Chicago,
416 1208 1908 156 Callaghan
618 1291 124 56 and

778 1307 323 54 company,
1138 1289 167 57 1925.

413 1365 671 56 1 p. l., 8207-9216 p. 26 cm .
339 1422 54 56 ©
420 1425 112 53 May
556 1423 67 55 25,
654 1423 101 45 1925;
811 1424 64 43 2c.
904 1424 87 43 and
1018 1423 79 44 aff.
1125 1423 112 53 May
1262 1421 53 44 28;
1370 1421 44 44 A
1441 1420 163 46 829405;
1663 1420 253 54 Callaghan
1944 1422 39 44 &
2007 1436 52 30 co.

344 1512 328 57 Casanova
714 1510 76 58 de
835 1508 304 72 Seingalt,
1187 1508 295 59 Giacomo
1526 1507 335 72 Girolamo,
1909 1509 360 59 1725-1798.

423 1600 394 59 Casanova’s
858 1618 224 54 escape
1122 1598 170 58 from
1334 1599 106 58 the
1478 1598 238 72 Leads;
1762 1617 81 38 an
1885 1602 255 70 excerpt
2183 1598 169 58 from

342 1679 105 58 the
479 1677 296 59 memoirs
809 1680 68 56 of
912 1676 292 60 Giacomo
1245 1677 333 59 Casanova
1612 1676 65 58 di
1714 1675 304 73 Seingalt,
344 1678 1984 138 translated

447 1756 131 58 into
608 1755 287 73 English,
923 1755 154 58 with
1103 1774 80 38 an
1211 1754 446 72 introduction,
1685 1755 84 73 by
1794 1754 246 59 Arthur
2068 1756 282 57 Machen.

343 1832 1066 74 New York, A. A. Knopf [ c 1925]
413 1913 80 44 215
525 1926 40 39 p.
628 1911 52 44 18
687 1913 46 17 cm
740 1947 8 8 .
812 1910 187 48 [Borzoi
1027 1910 167 54 pocket
1220 1910 163 48 books]

343 1967 54 55 ©
426 1968 106 44 Feb.
561 1969 37 50 6,
632 1967 129 53 1925;
790 1969 64 42 2c.
884 1967 107 45 Feb.
1024 1968 75 52 19;
1129 1970 79 42 aff.
1238 1967 106 45 Feb.
1377 1969 75 52 14;
1483 1968 44 43 A
1556 1968 189 53 822127;
1777 1968 169 44 Alfred
1974 1969 57 42 A.
2062 1968 173 53 Knopf,
2266 1968 83 46 inc.

423 2025 245 56 (25-9598)

349 2110 414 59 Commission
797 2126 79 41 on
909 2126 231 59 survey
1171 2111 68 57 of
1270 2110 254 74 foreign
1557 2111 286 59 students
1877 2110 67 58 in
1978 2110 104 58 the
2115 2110 238 61 United

426 2187 211 60 States
676 2189 67 57 of
777 2187 311 60 America.

429 2270 130 57 The
593 2268 253 74 foreign
881 2270 253 57 student
1166 2269 66 57 in
1265 2267 325 73 America;
1627 2290 37 37 a
1698 2272 190 69 study
1920 2271 84 70 by
2037 2270 105 58 the
350 2269 1981 136 Commission

666 2366 78 39 on
797 2366 232 53 survey
1080 2348 68 58 of
1199 2345 251 75 foreign
1504 2349 286 57 students
1843 2349 65 56 in
1961 2349 107 59 the
2119 2349 238 59 United

355 2426 213 60 States
613 2428 67 56 of
721 2426 312 71 America,
1076 2426 201 58 under
1317 2427 105 58 the
1466 2426 285 73 auspices
1796 2428 68 58 of
1903 2428 106 58 the
2051 2427 306 74 Friendly

352 2506 302 58 relations
680 2504 386 59 committees
1088 2505 69 58 of
1177 2507 107 56 the
1304 2505 227 73 Young
1550 2510 203 54 men’s
1781 2507 324 59 Christian
353 2509 1978 134 association

563 2586 125 57 and
722 2584 103 59 the
861 2583 228 75 Young
1120 2587 300 56 women’s
1460 2584 324 61 Christian
1821 2585 396 75 association,
353 2588 1979 134 edited
538 2664 84 72 by
676 2663 95 58 W.

831 2662 312 75 Reginald
1196 2663 309 71 Wheeler,
1564 2664 224 72 Henry
1842 2665 78 57 H.
1980 2666 194 73 King,
2234 2668 124 57 and

355 2743 361 58 Alexander
756 2742 70 57 B.
869 2740 344 75 Davidson,
1253 2741 152 59 with
1447 2761 37 37 a
1523 2745 317 58 foreword
1879 2744 85 72 by
2002 2745 238 61 Robert
2281 2746 73 57 E.

356 2820 214 72 Speer.
655 2820 153 58 New
833 2819 190 72 York,
1052 2819 404 60 Association
1483 2840 200 55 press,
1714 2823 166 59 1925.

423 2900 163 51 xxxiv,
614 2901 83 44 329
723 2915 40 35 p.
791 2899 104 46 incl.
923 2899 157 47 tables,
1145 2900 112 45 fold.
1286 2914 115 37 map.
1460 2902 53 43 23½
1550 2903 47 18 cm
1603 2937 8 8 .

350 2953 55 54 ©
428 2956 120 42 Mar.
569 2953 68 53 27,
666 2953 103 45 1925;
819 2954 66 43 2c.
909 2954 113 52 Apr.
1047 2954 23 43 3;
1123 2955 78 42 aff.
1226 2954 112 52 Apr.
1368 2955 46 42 11;
1468 2955 48 42 A
1536 2953 191 54 822854;
1757 2954 188 46 Charles
1972 2958 56 43 D.
2054 2958 199 52 Hurrey.
2283 2959 74 44 for

422 3011 75 45 the
524 3010 307 45 Commission
855 3025 58 29 on
938 3020 166 42 survey
1128 3009 51 45 of
1204 3010 180 53 foreign
1411 3011 202 44 students
1639 3012 44 43 in
1708 3012 75 45 the
1808 3014 59 43 U.
1897 3013 44 46 S.
1968 3015 73 52 A.,
2069 3015 120 44 New
2212 3017 143 43 York.

430 3065 245 57 (25-9560)

357 3151 207 75 Craig,
601 3151 211 60 David
844 3152 73 61 R.

435 3231 1854 80 Personal leadership in industry, by David R. Craig …
359 3311 2000 137 and W. W. Charters … 1st ed. New York [etc.] McGraw-Hill
521 3390 161 58 book
711 3408 323 54 company,
1063 3389 136 73 inc.,
1233 3390 165 56 1925.

431 3469 96 50 xiii,
561 3467 80 46 245
674 3484 40 35 p.
775 3470 50 43 21cm.
1011 3467 128 51 $2.50

355 3520 54 55 ©
444 3523 113 51 May
592 3522 38 51 8,
668 3520 130 53 1925;
833 3521 65 44 2c.
933 3523 87 43 and
1053 3523 78 43 aff.
1170 3523 113 52 May
1320 3522 75 52 11;
1433 3522 44 43 A
1511 3520 190 55 855021;
1740 3525 349 45 McGraw-Hill
2123 3528 121 43 book
2278 3544 80 37 co.,

427 3579 83 43 inc.
580 3576 244 56 (25-9785)

357 3661 315 74 Delphian
708 3662 251 74 society,
1001 3663 292 74 Chicago.

437 3742 131 59 The
596 3740 201 73 living
824 3744 164 70 past,
1020 3741 317 74 prepared
1369 3742 104 58 for
1504 3742 104 59 the
1641 3743 314 74 Delphian
1988 3746 238 75 society
360 3769 1978 109 under
508 3819 104 59 the

647 3819 309 58 direction
994 3819 68 58 of
1094 3820 51 57 I.
1181 3820 73 57 E.
1290 3819 209 71 Wing,
1539 3840 69 38 m.
1645 3841 52 37 a.
1785 3821 475 64 Contributions
2297 3831 64 55 to

362 3918 116 38 our
531 3898 396 73 civilization,
981 3902 89 68 pt.
1128 3900 167 69 1-10,
1348 3898 144 59 first
1541 3919 171 52 year.
1816 3901 192 59 From
359 3905 1978 129 Mediterranean
629 3977 183 58 lands

914 3976 620 77 … [Chicago, c 1925]
434 4055 49 44 10
507 4061 84 50 pts.
652 4054 156 53 plates,
833 4068 139 39 maps.
1031 4054 53 45 23½
1121 4057 47 18 cm
1174 4089 9 10 .
