2533 4412
0 0 0 0 78
370 489 269 71 Rankin,
680 488 169 59 Enid
888 489 192 58 Scott.

449 581 1863 73 The dominion of sea and air, by Enid Scott Rankin …
372 661 151 56 New
550 659 175 57 York
754 661 125 56 and
907 659 278 72 London,
1221 659 129 57 The
1386 658 282 73 Century
1697 678 86 38 co.
1819 692 14 42 [
1833 669 20 21 c
1857 662 148 56 1925]

439 750 80 52 xii,
555 751 84 43 339
673 765 39 38 p.
778 749 55 43 20½
868 753 46 17 cm
920 785 9 9 .
1045 749 128 55 $2.50

443 820 352 54 Bibliography:
832 834 40 38 p.
907 817 205 47 315-322.

372 876 52 54 ©
451 880 98 50 Jan.
576 879 65 50 23,
673 877 129 53 1925;
831 879 64 42 2c.
923 878 87 43 and
1037 878 79 42 aff.
1143 878 100 52 Jan.
1269 876 79 54 27;
1379 878 44 43 A
1449 877 191 53 815762;
1673 876 200 55 Century
1901 895 65 28 co.
451 934 245 54 (25-3098)

372 1035 194 71 Ruch,
602 1034 175 59 Giles
810 1033 259 60 Murrel.

454 1131 130 57 The
612 1129 460 72 improvement
1101 1129 69 59 of
1198 1129 104 59 the
1331 1128 255 59 written
1617 1129 440 73 examination,
2087 1132 84 71 by
2198 1130 70 59 G.
2298 1130 82 58 M.

374 1205 2009 76 Ruch … Chicago, Atlanta [etc.] Scott, Foresman and
374 1305 308 54 company
710 1317 14 43 [
724 1293 19 21 c
749 1286 166 72 1924]

442 1397 45 35 x,
521 1380 80 44 193
627 1393 40 38 p.
728 1376 170 55 diagrs.
958 1377 56 45 20
1020 1380 46 18 cm
1073 1415 9 9 .

449 1449 277 55 “Examples
753 1450 51 45 of
829 1447 228 55 objective
1081 1447 394 47 examinations”:
1502 1465 38 36 p.
1571 1446 201 49 153-190.

445 1523 357 52 Bibliography:
833 1538 39 35 p.
906 1519 204 47 149-150.

372 1577 54 54 ©
459 1580 107 42 Dec.
599 1579 66 50 31,
701 1569 130 59 1924;
863 1577 65 43 2c.
960 1577 86 42 and
1078 1576 78 43 aff.
1187 1576 101 52 Jan.
1324 1572 64 54 15,
1424 1571 129 56 1925;
1588 1575 43 42 A
1665 1575 189 53 815612;
1892 1575 140 53 Scott,
2066 1577 250 44 Foresman
2349 1579 37 43 &

442 1651 64 28 co.
577 1633 245 55 (25-3312)

373 1736 208 71 Sears,
620 1732 208 59 Annie
866 1732 259 74 Lyman.

453 1822 1861 74 The primary allegiance, by Annie Lyman Sears …
371 1904 259 70 Boston,
658 1901 72 60 B.
758 1902 60 59 J.
848 1901 317 58 Brimmer
1192 1919 324 55 company,
1549 1903 166 55 1924.

449 1984 81 45 349
556 1998 41 40 p.
660 1984 52 43 19
717 1985 47 17 cm
771 2018 8 8 .

374 2039 53 54 ©
454 2042 108 42 Dec.
589 2040 67 52 30,
685 2039 130 53 1924;
842 2039 66 43 2c.
936 2037 106 45 Feb.
1070 2035 36 54 5,
1138 2037 130 53 1925;
1299 2039 79 42 aff.
1408 2035 108 47 Feb,
1543 2037 49 53 6;
1621 2038 44 43 A
1692 2038 191 53 814937;
1916 2040 49 42 B.
1992 2040 40 53 J.
2064 2040 227 44 Brimmer
2318 2056 65 29 co,

453 2096 244 56 (25-3550)

375 2196 351 72 Selekman,
766 2197 135 57 Ben
936 2194 234 59 Morris.

521 2284 1869 75 … Sharing management with the workers; a study of
376 2367 101 57 the
502 2364 412 74 partnership
938 2366 150 70 plan
1113 2364 68 57 of
1203 2363 104 58 the
1331 2363 311 60 Dutchess
1667 2364 349 72 bleachery,
377 2365 1988 138 Wappingers

505 2441 1881 76 Falls, New York, by Ben M. Selekman … New York,
376 2522 252 59 Russell
663 2523 164 72 Sage
859 2519 395 72 foundation,
1291 2521 166 56 1924.

447 2602 92 53 xiv,
571 2601 80 44 142
679 2615 39 39 p.
779 2599 53 45 20½
868 2602 15 17 cm
922 2637 8 8 .
1001 2598 275 55 (Industrial
1306 2597 215 46 relations
1551 2599 164 54 series)

375 2658 53 54 ©
461 2660 99 52 Jan.
597 2659 64 52 12,
697 2658 130 53 1925;
861 2659 66 42 2c.
961 2658 87 43 and
1081 2658 78 43 aff.
1196 2656 106 45 Feb.
1339 2656 47 53 5;
1426 2657 44 43 A
1501 2656 191 53 815918;
1731 2658 181 43 Russell
1950 2657 121 54 Sage
2105 2658 280 45 foundation.

456 2715 243 56 (25-3562)

377 2816 311 72 Snedden,
725 2816 213 57 David
974 2814 271 71 Samuel,
1283 2816 192 56 1868-
1633 2814 91 61 ed.

451 2908 202 57 Home
692 2905 346 58 economics
1079 2904 362 72 education;
1483 2904 240 59 studies
1763 2905 68 58 of
1867 2905 357 58 vocational
2263 2908 122 57 and

374 2982 2014 77 general courses, edited by David Snedden … New York
377 3064 143 73 city,
563 3063 313 58 Teachers
919 3062 248 72 college,
1213 3059 328 60 Columbia
1578 3061 372 72 university,
1992 3062 165 56 1924.

444 3141 59 51 vi,
533 3141 84 43 224
648 3155 39 38 p.
747 3139 53 44 23
808 3142 47 17 cm
863 3175 7 7 .

447 3197 209 53 “During
690 3197 76 43 the
803 3196 107 44 1922
943 3210 199 29 summer
1176 3194 174 45 session
1381 3193 54 46 of
1469 3193 239 46 Columbia
1743 3193 263 55 university,
2042 3194 74 47 the
2153 3194 148 47 editor
2334 3195 52 45 of

378 3256 74 43 the
487 3255 240 54 following
760 3268 160 38 papers
955 3253 178 44 formed
1168 3268 27 28 a
1228 3251 165 53 special
1427 3252 116 43 class
1578 3259 47 37 to
1661 3253 132 52 study
1828 3250 169 46 certain
2032 3262 183 35 current
377 3254 1986 102 problems
520 3312 50 44 of
599 3312 133 43 home
766 3310 253 44 economics
1053 3308 249 45 education.
1365 3307 100 46 The
1495 3323 160 38 papers
1691 3317 229 44 represent
1954 3324 25 29 a
2014 3309 178 52 portion
2227 3310 50 44 of
2310 3310 74 44 the

377 3370 128 43 work
536 3368 52 45 of
620 3368 97 44 that
750 3365 512 55 group.”—Foreword.

448 3425 217 45 Contains
698 3423 368 54 bibliographies.

378 3481 52 53 ©
466 3483 99 51 Jan.
608 3481 63 52 16,
712 3480 130 53 1925;
881 3481 64 42 2c.
985 3480 98 52 Jan.
1121 3479 78 52 22;
1238 3479 79 43 aff.
1357 3479 99 53 Jan.
1496 3479 77 52 23;
1616 3479 44 42 A
1699 3477 189 54 814739;
1929 3477 228 46 Teachers
2198 3479 187 53 college,

450 3537 239 46 Columbia
714 3537 120 44 univ.
904 3534 243 56 (25-2888)

379 3636 249 75 Taylor,
666 3637 282 59 William
987 3636 221 73 Henry
1245 3634 247 71 Collier,
1534 3637 187 56 1863-

456 3728 209 60 Garde
696 3726 67 58 of
788 3727 238 71 Happy
1052 3726 256 71 Valley;
1338 3745 35 38 a
1399 3725 335 59 mid-West
1762 3726 123 57 tale
1911 3725 82 72 by
2018 3725 159 58 Wm.
2206 3726 78 57 H.
2316 3725 64 61 C.

379 3807 252 72 Taylor.
702 3806 273 72 [Kansas
1006 3804 163 72 City,
1196 3803 143 71 Mo.,
1368 3804 209 57 Retail
1605 3804 388 57 lumberman
2021 3804 363 74 publishing

378 3905 104 54 co.]
511 3893 20 23 c
534 3885 166 57 1925.

455 3961 727 57 3 p. l., 306 p. illus. 18½ cm .
376 4020 56 53 ©
499 4036 68 28 Jan.
603 4020 65 45 28,
710 4016 129 53 1925;
877 4018 64 43 2c.
981 4016 106 45 Feb.
1124 4017 50 50 2;
1215 4018 77 42 aff.
1329 4018 99 52 Jan.
1467 4018 77 51 31;
1583 4018 44 42 A
1663 4016 191 53 815883;
1894 4018 74 43 W.
2008 4018 61 42 H.
2109 4016 48 45 C.
2194 4017 189 52 Taylor,

449 4078 181 42 Kansas
659 4074 117 54 City,
802 4076 82 43 Mo.
968 4072 242 55 (25-3552)
