2533 4412
0 0 0 0 859
106 408 193 59 Bible.
380 410 62 56 N.
491 410 68 56 T.
644 408 258 74 Gospels
910 456 10 10 .
1001 408 362 60 Selections.
1445 408 285 75 English.

184 490 126 57 The
350 492 177 69 story
563 490 68 57 of
668 489 221 72 Jesus;
929 490 102 58 the
1073 490 299 71 complete
1411 491 221 57 record
1672 491 67 56 of
1777 491 318 73 Matthew,

104 566 185 58 Mark
329 568 125 56 and
493 566 170 58 Luke
703 565 66 58 in
811 588 38 38 a
890 565 198 74 single
1127 565 346 71 narrative,
1516 570 91 56 ed.
1651 569 83 70 by
1775 570 75 55 A.
1892 569 205 60 Bruce

106 644 223 72 Curry,
364 642 316 58 Harrison
716 643 61 58 S.
814 643 224 60 Elliott
1073 644 141 71 [and
1247 645 230 70 others]
1511 644 427 60 introduction
1974 649 124 58 and

105 721 1993 72 explanatory notes by Thomas W. Graham … New
102 800 189 71 York,
319 797 401 59 Association
749 817 200 53 press,
980 799 165 56 1925.

169 878 114 51 xxii,
316 876 79 46 173
423 891 42 37 p.
527 876 50 45 17½
611 879 48 18 cm
664 912 9 9 .

104 931 53 53 ©
186 932 106 53 July
324 932 62 50 10,
418 920 129 56 1925:
580 931 64 42 2c.
675 930 106 52 July
813 929 75 52 17;
921 930 78 43 aff.
1031 930 105 52 July
1169 928 74 54 16;
1275 931 44 41 A
1350 930 188 52 864029;
1574 932 235 44 Internatl,
1841 933 256 46 committee

173 988 51 44 of
251 989 56 42 Y.
340 989 64 41 M.
437 986 49 45 C.
516 988 70 49 A.,
619 986 119 43 New
767 986 142 43 York.
979 984 271 55 (25–16153)

103 1058 211 76 [Bond,
362 1055 159 59 Paul
568 1053 274 78 Stanley]
891 1058 189 56 1879-
1238 1056 89 58 ed.

175 1135 189 58 Basic
395 1153 235 53 course,
661 1133 320 71 infantry;
1016 1132 245 72 reprint
1296 1134 67 56 of
1396 1132 282 74 training
1710 1136 388 72 regulations

102 1215 124 57 and
254 1212 273 72 subjects
555 1212 167 56 from
748 1211 72 56 R.
910 1257 10 10 O.
952 1211 67 57 T.
1053 1209 64 60 C.
1145 1211 255 56 manual
1427 1214 62 54 to
1520 1230 183 39 cover
1729 1214 371 74 completely

99 1287 1995 156 first and second year senior R. O. T. C. courses … Annapolis, Md., National service publishing company [ c 1925]
167 1447 75 54 vii,
272 1445 82 47 528
379 1462 40 37 p.
480 1444 128 54 illus.,
638 1443 167 54 diagrs.
864 1443 56 45 24
925 1444 47 19 cm
978 1478 9 9 .

171 1505 102 44 “An
308 1513 133 36 exact
476 1503 170 52 reprint
683 1502 48 44 of
766 1501 74 44 the
874 1509 298 45 government
1206 1500 227 55 Training
1467 1501 279 54 regulations
1782 1505 233 44 corrected
2050 1511 47 38 to

100 1562 174 45 include
301 1561 194 52 changes
523 1558 233 54 published
785 1558 45 42 in
861 1557 104 45 1925
994 1559 58 51 by
1081 1556 75 45 the
1183 1559 118 43 War
1329 1560 297 51 department.
1687 1558 152 45 When
1867 1575 61 30 no
100 1561 1975 111 training
204 1617 254 54 regulation
487 1617 80 44 has
596 1616 112 43 been
737 1613 248 55 published,
1015 1613 76 44 the
1120 1614 208 44 material
1357 1614 38 45 is
1423 1630 57 29 an
1509 1624 131 36 exact
1671 1614 171 55 reprint
1874 1617 121 45 from
2023 1617 74 45 the

99 1677 54 42 R.
185 1675 55 44 O.
269 1673 55 44 T.
355 1672 47 46 C.
434 1672 195 50 manual,
653 1670 128 46 basic
810 1668 386 49 course.”—Pref.

100 1732 53 53 ©
184 1732 105 52 July
318 1731 66 50 28,
419 1728 129 53 1925;
579 1729 65 42 2c.
675 1729 87 42 and
793 1728 78 43 aff.
901 1727 107 53 July
1035 1728 79 51 28;
1147 1729 44 41 A
1223 1727 188 53 864034;
1447 1729 125 43 Natl,
1605 1729 172 44 service
1807 1731 102 51 pub.
1941 1747 67 28 co.

179 1786 269 56 (25–16138)

176 1858 130 58 The
343 1858 72 56 R.
456 1855 67 59 O.
564 1856 68 56 T.
674 1853 64 60 C.
776 1854 270 57 manual;
1129 1853 317 73 Infantry.
1529 1854 60 57 A
1624 1857 133 57 text
1796 1857 158 58 book
1991 1858 104 58 for

98 1932 1994 72 the Reserve officers training corps … Basic course.
97 2032 56 41 V.
209 2018 51 69 1,
316 2016 49 55 2.
458 2011 370 73 Annapolis,
882 2011 147 72 Md.,
1086 2009 298 59 National
1439 2011 237 59 service
1730 2012 364 76 publishing

97 2111 305 53 company
434 2123 13 43 [
447 2101 19 21 c
471 2092 163 73 1925]

163 2171 29 42 2
219 2186 41 27 V.
321 2169 130 51 illus.,
483 2167 166 53 diagrs.
708 2165 55 44 24
769 2168 47 18 cm
822 2201 9 8 .

168 2226 193 44 Preface
389 2224 183 54 signed:
602 2224 51 42 P.
685 2220 45 49 S.
763 2220 144 54 Bond,
936 2221 161 44 editor.

167 2281 226 47 “Seventh
424 2279 169 48 edition
631 2278 149 55 (new)
817 2278 119 53 July,
973 2274 146 48 1925.”

97 2339 53 53 ©
177 2340 106 52 July
308 2339 65 50 28,
404 2336 104 45 1925
525 2352 9 37 ;
562 2337 65 42 2c.
654 2336 109 43 each
788 2337 87 42 and
902 2336 78 42 aff.
1007 2335 107 53 July
1139 2335 79 51 28;
1248 2336 44 41 A
1318 2334 190 53 864035;
1540 2336 125 43 Natl,
1695 2336 169 45 service
1894 2338 101 52 pub.
2024 2354 67 29 co.

176 2394 269 56 (25–16140)

96 2468 185 68 Born,
318 2465 168 70 Max,
523 2465 190 57 1882-

238 2540 1847 76 … Vorlesungen ü ber atommechanik, von dr. Max Born
162 2620 1858 76 … Hrsg, unter mitwirkung von dr. Friedrich Hund …
96 2705 50 53 1.
176 2702 100 56 bd.
344 2698 235 71 Berlin,
610 2698 59 57 J.
704 2696 325 72 Springer,
1061 2697 165 55 1925.

166 2778 60 51 ix,
259 2775 80 45 358
373 2790 39 37 p.
474 2775 182 51 diagrs,
691 2772 109 45 fold.
836 2772 89 44 tab.
984 2772 51 43 21
1045 2775 47 18 cm
1098 2807 9 8 .

95 2827 1570 117 © Feb. 9, 1925; 1c. Apr. 7; A—Foreign 27404; J. Springer. (25–16750)
98 2962 127 56 The
254 2960 136 72 Boy
417 2960 206 56 scouts
651 2975 153 54 year
830 2956 162 57 book
1020 2957 181 73 [1925.
1282 2975 57 37 v.
1371 2958 88 70 11]
1527 2955 117 57 Ed.
1673 2956 85 73 by
1784 2957 306 57 Franklin

170 3033 1919 152 K. Mathiews … Published for the Boy scouts of America. New York, London, D. Appleton and company
174 3194 180 74 [1925]

162 3270 94 51 247,
291 3271 18 41 1
342 3284 40 37 p.
413 3268 100 43 incl.
547 3268 154 50 front.,
733 3267 131 50 illus.,
894 3266 155 52 plates.
1107 3265 58 44 26
1170 3268 47 18 cm
1222 3300 9 8 .

95 3326 53 53 ©
177 3329 119 50 Aug.
326 3326 67 51 28,
427 3323 103 45 1925
547 3339 9 37 ;
587 3324 64 43 2c.
681 3324 86 42 and
797 3323 78 43 aff.
909 3322 122 52 Sept.
1059 3323 52 51 2;
1145 3323 44 41 A
1220 3321 189 51 861639;
1443 3322 57 42 D.
1532 3321 228 53 Appleton
1790 3324 86 42 and
1908 3339 66 28 co.

94 3394 250 71 Brieux,
386 3394 270 71 Eugene,
697 3394 190 56 1858-

167 3471 119 58 Les
322 3469 391 57 Américains
750 3468 143 58 chez
924 3487 189 51 nous;
1150 3465 272 59 comédie
1456 3487 74 38 en
1563 3467 160 58 trois
1761 3471 167 55 actes
1964 3487 121 53 par

90 3544 1993 155 Eugène Brieux … with introduction, notes, and vocabulary by Irving Lysander Foster … Boston, New York
94 3709 146 70 [etc.]
268 3704 164 59 Ginn
457 3702 123 58 and
605 3719 305 53 company
935 3730 13 43 [
949 3709 19 21 c
972 3701 165 71 1925]

166 3801 78 34 XX,
281 3784 78 44 169
391 3799 39 37 p.
465 3780 99 45 incl.
598 3780 136 45 front.,
765 3778 166 56 (port.)
973 3779 130 50 illus.,
1139 3777 156 55 plates.
1357 3776 51 46 17½
1443 3780 47 19 cm
1496 3813 8 7 .
1574 3777 351 56 (International
98 3779 1967 107 modern
202 3843 224 50 language
451 3838 168 50 series)

91 3896 56 53 ©
182 3898 119 51 Aug.
337 3897 38 50 4,
415 3893 129 49 1925;
580 3894 66 42 2c.
683 3894 120 51 Aug.
837 3892 79 52 20;
955 3892 78 43 aff.
1072 3892 119 51 Aug.
1232 3891 74 52 18;
1346 3893 44 41 A
1428 3890 188 55 864295;
1656 3893 158 53 Irving
1851 3893 234 52 Lysander

164 3952 176 52 Foster,
371 3950 126 47 State
527 3949 197 53 College,
754 3950 78 42 Pa.
902 3947 271 55 (25–16393)
