2533 4412
1090 4050 110 57 817

143 407 316 75 Heyliger,
504 407 298 73 William,
851 411 188 56 1884-

219 499 1913 75 Quinby and son, by William Heyliger … New York,
141 580 275 71 London,
443 579 75 57 D.
546 579 321 72 Appleton
892 581 124 57 and
1044 597 321 53 company,
1393 578 167 56 1925.

209 672 26 44 3
261 685 43 37 p.
350 705 21 16 l.,
399 671 93 50 239,
523 687 52 30 [1]
607 684 41 37 p.
709 669 139 45 front.
913 671 146 44 19½cm.

143 736 53 53 ©
225 739 119 51 Aug.
379 737 60 51 14,
473 735 130 53 1925;
633 736 65 43 2c.
729 737 87 42 and
846 737 78 42 aff.
956 737 119 52 Aug.
1109 735 74 53 17;
1215 737 43 41 A
1290 735 189 54 861419;
1514 737 56 42 D.
1602 736 231 53 Appleton
1862 737 38 44 &
1929 752 65 29 co;

221 791 270 57 (25-15846)

143 894 345 72 Heymann,
531 891 250 74 Robert,
823 895 190 57 1879-

286 982 1849 77 … Der narrentanz der liebe, roman … Leipzig, F.
141 1063 250 57 Moeser
415 1061 206 57 nackf.
656 1089 13 44 [
672 1069 18 21 c
693 1061 164 74 1924]

210 1153 81 45 300
324 1169 39 37 p.
427 1153 49 44 19
483 1155 47 17 cm
536 1187 9 9 .
613 1151 430 55 (Kypros-büther)

211 1222 134 46 “1.-5.
375 1221 228 48 tausend.”

143 1294 53 53 ©
224 1295 118 43 Nov.
369 1295 67 50 29,
468 1293 128 52 1924;
656 1308 36 28 1c.
720 1293 120 42 Mar.
873 1293 63 51 19,
969 1291 129 53 1925;
1129 1293 43 41 A
1175 1291 257 54 —Foreign
1456 1292 162 53 27222;
1651 1292 149 44 Franz
1830 1294 196 44 Moeser.

221 1349 269 57 (25 – 10666)
141 1452 213 71 Hines,
399 1450 271 59 Herbert
709 1447 244 62 Waldo.

219 1543 387 70 Missionary
640 1540 330 58 education
1003 1543 67 58 in
1101 1540 104 57 the
1242 1542 158 57 local
1435 1541 259 72 church;
1731 1561 36 38 a
1801 1542 333 59 handbook

142 1616 1991 76 for leaders, by Herbert Waldo Hines, PH. D. Ed. and
140 1701 141 71 pub.
316 1700 85 71 by
431 1698 104 57 the
569 1697 417 71 Department
1021 1695 67 57 of
1118 1694 384 74 missionary
1536 1698 346 73 education,
1918 1699 215 58 Board

142 1780 66 56 of
247 1777 329 58 education
616 1776 65 57 of
718 1775 105 56 the
860 1773 321 57 Northern
1218 1773 261 72 Baptist
1513 1776 389 57 convention.
1981 1776 153 59 New

145 1856 168 59 York
336 1855 126 73 city
488 1884 14 44 [
502 1862 20 23 c
525 1854 165 73 1925]

216 1952 26 41 2
265 1965 39 37 p.
331 1948 40 50 1.,
398 1945 123 45 iii-iv
545 1961 56 37 p.,
627 1947 19 41 1
691 1978 23 17 l.,
743 1944 76 43 116
845 1958 38 37 p.
948 1943 49 44 19½
1033 1945 46 17 cm
1086 1978 9 8 .

142 2018 53 54 ©
221 2020 115 52 June
367 2016 60 51 18,
461 2014 129 53 1925;
617 2016 66 42 2c.
710 2014 87 43 and
821 2014 80 43 aff.
929 2013 106 53 July
1062 2013 49 52 9;
1142 2014 43 42 A
1213 2012 189 55 861032;
1436 2014 177 53 Baptist
1641 2015 142 45 board
1808 2014 54 46 of
1887 2016 250 54 education,

213 2077 298 50 Department
543 2072 50 44 of
626 2071 270 51 missionary
929 2070 249 51 education,
1214 2070 116 44 New
1364 2071 142 44 York.
1576 2071 270 57 (25–15753)

142 2175 254 71 Horine,
440 2173 169 59 John
648 2170 469 72 Winebrenner,
1161 2172 190 57 1869-

217 2270 61 56 A
302 2268 179 56 home
513 2264 382 71 enterprise;
926 2282 36 38 a
994 2263 190 71 study
1210 2262 69 58 of
1303 2263 181 58 home
1512 2264 316 73 missions,
1856 2267 84 58 by
1967 2268 171 58 John

143 2340 1991 157 W. Horine … the third of a series of “Key-books” prepared under the general editorship of the Rev. F. H.
143 2495 1992 159 Knubel … and the Rev. M. G. G. Scherer, D. D. Philadelphia, Pa., The United Lutheran publication house,
141 2659 166 56 1925.

209 2739 1313 60 2 p . l., 3-136 p. plates. 19 cm . (The Key books)
143 2817 53 53 ©
222 2819 115 51 June
367 2815 61 51 16,
460 2812 129 53 1925;
617 2814 64 41 2c.
709 2813 115 51 June
848 2812 78 51 29;
953 2811 81 43 aff.
1062 2812 116 51 June
1201 2811 80 52 27;
1312 2813 43 41 A
1384 2809 190 56 855696;
1606 2815 153 43 Board
1785 2815 51 44 of
1862 2816 276 53 publication

213 2874 50 44 of
291 2874 74 43 the
393 2871 170 45 United
593 2868 230 44 Lutheran
853 2868 167 43 church
1050 2868 48 42 in
1125 2869 229 51 America,
1388 2868 326 54 Philadelphia.

222 2926 270 59 (25–15965)

147 3030 274 73 [Hoyem,
461 3026 229 73 Oliver]
730 3027 190 56 1891-

219 3121 60 56 A
321 3118 184 74 guide
549 3117 177 70 book,
769 3114 420 73 Washington
1232 3115 341 76 cathedral,
1617 3117 112 58 Mt.
1779 3119 89 60 St.
1914 3121 224 75 Alban,

142 3193 1975 152 Washington, D. C., A. D. 1924. [Washington, D. C., National cathedral foundation, c 1925]
212 3369 54 43 48
295 3383 39 37 p.
396 3366 114 43 illus.
537 3363 128 55 (incl.
699 3362 151 55 plans)
915 3363 54 44 23
977 3365 48 18 cm
1031 3397 10 10 .

145 3439 53 53 ©
224 3439 105 44 Feb.
358 3437 65 52 17,
451 3435 129 52 1925;
605 3436 64 42 2c.
696 3436 87 42 and
807 3436 79 42 aff.
913 3435 112 52 May
1049 3435 78 51 27;
1157 3436 43 41 A
1224 3434 189 53 829805;
1444 3437 218 45 National
1687 3441 229 44 cathedral
214 3443 1900 97 foundation.
390 3491 270 56 (25–11474)

144 3598 228 71 Japan.
454 3593 350 61 Consulate.
887 3592 134 58 San
1058 3590 356 59 Francisco.

220 3689 409 58 Documental
671 3686 249 72 history
967 3687 68 57 of
1078 3686 121 56 law
1245 3705 173 39 cases
1467 3687 303 76 affecting
1814 3692 319 73 Japanese

143 3763 1968 232 in the United States, 1916–1924 … compiled by the consulate-general of Japan, San Francisco … [San Francisco] 1925.
213 4004 28 42 2
269 4018 41 28 V.
368 4002 54 42 22½
456 4001 47 18 cm
509 4035 10 10 .
