2533 4412
0 0 0 0 111
169 443 273 74 Shively,
482 445 255 71 George.

242 535 348 73 Initiation,
626 534 85 72 by
749 534 241 73 George
1031 534 272 71 Shively.
1406 535 150 56 New
1594 535 190 72 York,
1825 536 337 72 Harcourt,

162 614 199 57 Brace
395 614 123 56 and
551 631 306 53 company
889 642 13 44 [
906 621 17 22 c
927 614 164 72 1925]

235 690 593 53 2 p. l., 3-312 p. 19½ cm .
167 748 53 53 ©
249 750 99 51 Jan.
377 749 67 51 29,
477 748 128 50 1925;
636 748 64 43 2c.
731 749 89 42 and
847 749 79 42 aff.
959 749 106 43 Feb.
1100 749 74 51 14;
1207 749 44 42 A
1281 748 189 52 823030;
1506 749 246 49 Harcourt,
1789 749 144 43 Brace
1963 749 88 43 and
2081 765 80 37 co.,

238 808 81 41 inc.
389 804 241 55 (25-4205)

167 907 184 72 Steel,
392 907 253 59 Samuel
677 907 344 73 Augustus,
1063 909 190 58 1849-

244 998 129 57 The
404 1017 203 53 sunny
634 999 186 70 road;
849 999 180 57 home
1057 998 113 58 life
1199 998 65 56 in
1293 998 186 57 Dixie
1508 998 232 73 during
1768 998 105 58 the
1901 1018 150 53 war,
2081 999 82 72 by

168 1075 61 58 S.
259 1076 74 56 A.
369 1076 185 57 Steel.
627 1076 347 72 [Memphis,
1004 1076 231 57 Latsch
1264 1076 48 56 &
1343 1075 259 72 Arnold,
1632 1085 18 21 c
1653 1077 167 72 1925]

236 1152 77 44 160
350 1166 39 38 p.
452 1151 135 45 front.
615 1153 167 53 (port.)
854 1153 49 43 19½
938 1157 47 16 cm
990 1188 9 9 .

165 1207 55 53 ©
246 1208 118 53 Sept.
389 1209 36 50 3,
454 1209 129 52 1924;
605 1210 66 42 2c.
673 1210 120 51 Jan.
822 1211 62 50 19,
913 1208 127 54 1925;
1067 1210 79 43 aff.
1171 1208 105 45 Feb.
1303 1210 49 52 9;
1378 1209 44 43 A
1447 1208 190 53 815980;
1663 1209 104 46 Ella
1793 1210 203 43 Brevard
2024 1208 137 54 Steel,

237 1266 257 52 Mansfield,
520 1267 78 42 La.
660 1265 242 58 (25-4338)

168 1367 335 71 Thornton,
542 1366 282 60 William
857 1366 303 71 Wheeler,
1201 1371 190 56 1851-

245 1463 129 57 The
409 1464 119 56 law
562 1463 273 73 relating
869 1469 63 53 to
970 1464 84 57 oil
1090 1466 122 56 and
1247 1484 131 53 gas,
1414 1464 322 72 including
1770 1463 82 58 oil
1889 1464 125 57 and
2049 1482 112 53 gas

165 1542 200 57 leases
397 1544 124 55 and
550 1545 333 69 contracts,
914 1541 374 72 production
1319 1544 67 57 of
1418 1543 85 58 oil
1532 1544 124 56 and
1686 1561 132 54 gas,
1849 1542 151 57 both
165 1545 1974 136 natural

336 1621 122 56 and
491 1619 309 72 artificial,
834 1622 123 56 and
989 1620 341 73 supplying
1357 1621 148 57 heat
1539 1621 124 57 and
1691 1619 160 74 light
1882 1619 281 71 thereby,

164 1697 277 57 whether
471 1698 84 71 by
586 1697 248 72 private
869 1697 436 73 corporations
1342 1718 72 39 or
1443 1696 506 75 municipalities,
165 1717 1975 131 regulating

402 1795 111 53 gas
553 1775 373 74 companies,
963 1776 351 73 insurance,
1350 1777 380 73 negligence,
166 1780 1975 145 transportation,

344 1852 370 73 explosives,
740 1855 198 58 forms
968 1856 66 56 of
1059 1854 83 57 oil
1167 1855 124 58 and
1314 1874 112 53 gas
1452 1856 201 57 leases
1681 1855 123 59 and
1829 1858 334 68 contracts,

165 1936 131 69 etc.,
329 1929 152 60 with
515 1932 85 57 all
630 1932 262 73 federal,
929 1936 163 55 state
1127 1933 124 57 and
1285 1932 262 60 Ontario
1583 1935 268 57 statutes
166 1933 1973 151 pertaining

167 2010 1973 138 to natural gas and oil. 4th ed. By W. W. Thornton …
466 2089 372 71 Cincinnati,
876 2090 132 58 The
1039 2089 99 58 W.
1175 2089 78 58 H.
1292 2090 335 58 Anderson
1666 2107 104 56 co.,
1810 2091 164 57 1925.

232 2170 29 42 2
283 2184 43 29 v.
385 2169 56 44 26
446 2170 47 18 cm
498 2203 40 30 ..

236 2226 156 51 Paged
419 2223 329 53 continuously.

166 2279 53 53 ©
251 2281 106 43 Feb.
389 2279 38 53 6,
462 2279 128 52 1925;
623 2281 63 41 2c.
719 2279 110 43 each
859 2279 88 43 and
978 2279 78 42 aff.
1090 2277 106 44 Feb.
1230 2279 49 51 9;
1314 2278 44 42 A
1391 2278 189 53 814974;
1615 2280 75 43 W.
1725 2281 61 42 H.
1820 2279 243 45 Anderson
2095 2297 63 28 co.

252 2335 53 53 [©
331 2351 101 29 new
457 2343 99 37 text
583 2343 142 45 notes,
752 2335 143 44 forms
922 2335 88 43 and
1038 2335 150 53 index]
1256 2335 242 54 (25-4104)

164 2436 235 59 United
438 2435 322 59 Lutheran
799 2435 235 58 church
1072 2435 67 57 in
1179 2434 308 59 America.

245 2531 1850 73 The family, a study book for groups and individuals …
165 2609 457 74 Philadelphia,
690 2610 130 71 Pa.,
890 2609 130 58 The
1085 2608 237 59 United
1388 2610 324 58 Lutheran
1777 2610 383 73 publication

165 2689 191 58 house
388 2720 13 42 [
401 2696 20 21 c
425 2690 165 71 1925]

233 2770 327 44 83 p. 19½c m .
240 2826 126 45 “The
404 2824 273 46 Committee
711 2839 59 30 on
806 2822 143 44 moral
988 2821 89 46 and
1114 2822 140 45 social
1290 2822 192 46 welfare
1518 2823 54 44 of
1610 2823 76 45 the
1723 2822 173 47 United
1935 2825 227 45 Lutheran

168 2882 168 46 church
373 2890 202 45 presents
614 2881 75 44 the
725 2881 163 44 second
923 2880 51 44 of
1014 2897 24 27 a
1075 2879 138 45 series
1254 2880 53 45 of
1352 2880 144 52 ‘study
1532 2879 160 45 books’
1730 2881 148 44 which
1915 2897 79 30 are
2029 2883 136 53 being

166 2941 219 52 prepared
407 2939 142 44 under
575 2939 58 44 its
658 2937 263 45 direction.”

166 2994 55 53 ©
246 2996 98 51 Jan.
372 2995 65 50 29,
470 2992 129 53 1925;
629 2994 64 41 2c.
720 2994 86 41 and
835 2993 78 42 aff.
943 2991 106 43 Feb.
1077 2991 50 50 9;
1157 2991 44 42 A
1227 2989 191 51 814957;
1452 2990 151 44 Board
1631 2991 50 44 of
1708 2992 275 51 publication
2009 2993 51 44 of
2086 2994 76 43 the

237 3052 171 44 United
434 3050 228 43 Lutheran
687 3048 167 44 church
880 3049 44 42 in
950 3047 227 44 America.
1241 3047 242 54 (25-4100)

166 3138 73 57 U.
269 3138 61 58 S.
411 3138 205 56 Naval
648 3136 316 73 academy,
990 3136 184 55 Anna
1179 3133 178 73 polis.
1439 3135 166 72 Dept.
1655 3135 66 72 of
1748 3136 260 58 modern
239 3138 1898 151 languages.

242 3310 59 56 A
344 3309 274 72 Spanish
654 3308 277 57 nautical
969 3308 231 71 phrase
1238 3307 159 58 book
1439 3308 123 57 and
1603 3309 255 69 reader;
1900 3309 103 56 the
166 3308 1970 151 Department

527 3388 67 57 of
633 3387 259 56 modern
931 3387 362 71 languages.
1375 3384 77 57 U.
1498 3384 59 58 S.
1600 3385 206 57 Naval
1846 3387 313 71 academy.

227 3464 287 72 Reprinted
558 3465 147 55 1925
747 3464 150 56 with
943 3463 398 57 corrections.
1423 3462 370 72 Annapolis,
1839 3463 146 72 Md.,
2032 3465 128 56 The

167 3543 234 59 United
429 3542 211 59 States
666 3543 189 55 naval
880 3540 307 71 institute,
1218 3541 165 56 1925.

240 3618 640 55 175 p. fold. tab. 18½ cm .
169 3675 53 53 ©
252 3676 86 52 Jan.
381 3674 67 51 27,
482 3673 129 52 1925;
643 3674 65 42 2c.
740 3673 99 52 Jan.
870 3673 77 48 31;
982 3672 79 42 aff.
1093 3670 106 45 Feb.
1233 3671 49 51 2;
1318 3672 42 41 A
1393 3670 189 53 814872;
1619 3672 170 44 United
1825 3672 151 46 States
2011 3675 150 43 Naval

240 3731 213 47 institute,
477 3730 266 53 Annapolis.
805 3728 242 55 (25-4090)

169 3819 73 57 U.
281 3818 60 58 S.
424 3819 302 71 Supreme
761 3820 191 52 court.

249 3906 1910 73 Cases argued and decided … October term, 1923, in
172 3983 1990 75 263, 264, 265 U. S. Book 68. Lawyers’ ed. … By the
