2533 4412
1347 4080 110 59 730

396 422 213 69 Black,
652 422 245 58 Arthur
939 422 382 74 Davenport,
1368 443 193 54 comp.

473 517 199 56 Index
711 516 68 57 of
815 516 104 57 the
956 515 349 72 periodical
1341 516 215 57 dental
1593 516 335 58 literature
1961 517 333 72 published
2333 518 67 56 in

395 594 105 57 the
528 594 268 73 English
821 595 310 71 language
1158 594 323 72 including
1506 594 351 73 fifty-three
1885 594 420 72 publications
2333 595 66 57 in

396 672 312 73 England,
753 671 259 59 Canada
1050 673 122 56 and
1211 673 104 56 the
1354 672 237 58 United
1632 672 231 73 States,
1904 673 104 56 for
2047 676 108 54 ten
2191 691 206 55 years,

397 752 359 56 1876–1885.
828 750 60 56 A
920 749 311 58 classified
1266 750 241 72 subject
1540 750 189 57 index
1761 771 80 37 on
1873 751 105 57 the
2011 751 149 71 plan
2195 751 70 57 of
2295 751 103 58 the

396 828 232 73 Dewey
679 827 263 60 decimal
993 827 460 59 classification.
1545 827 102 57 An
1700 828 422 72 alphabetical
2172 830 230 58 author

394 907 220 71 index;
656 926 35 37 a
729 907 112 57 list
877 907 69 57 of
983 907 214 57 dental
1234 906 193 58 books
1468 907 308 58 reviewed
1815 907 231 74 during
2083 908 104 57 the
2230 927 168 39 same

394 983 1982 137 period. Comp. by Arthur D. Black … Pub. by the Dental
519 1063 1881 71 index bureau … under the auspices of the American
398 1141 1688 75 association of dental colleges … [Buffalo] 1925.
465 1218 113 43 xlvii
609 1232 55 38 p.,
697 1220 18 41 1
767 1252 21 16 l.,
818 1218 94 52 336,
940 1218 70 52 24,
1039 1215 194 47 337-552
1262 1233 39 37 p.
1360 1218 57 43 26½
1451 1221 47 17 cm
1505 1253 7 8 .

396 1272 54 54 ©
478 1275 107 52 July
615 1275 63 52 10,
710 1273 104 45 1925
831 1288 10 38 ;
868 1274 65 44 2c.
962 1274 107 53 July
1093 1274 81 53 20;
1204 1275 79 43 aff.
1313 1274 107 53 July
1450 1274 75 53 17;
1557 1275 44 42 A
1629 1272 192 55 855976;
1852 1275 170 44 Dental
2052 1274 136 45 index
2217 1276 183 53 bureau,

468 1331 199 44 Buffalo.

395 1416 314 74 Bolenius,
748 1418 223 58 Emma
1006 1415 228 60 Miller.

477 1511 129 57 The
631 1510 183 72 boys’
842 1511 124 57 and
991 1510 184 73 girls’
1205 1511 287 70 readers;
1522 1511 314 57 teachers’
1862 1512 254 56 manual
2144 1513 107 56 for
2275 1513 123 73 4th,

397 1588 1978 152 5th, and 6th grades, by Emma Miller Bolenius … Boston,
562 1668 151 56 New
745 1667 176 57 York
957 1670 147 71 [etc.]
1142 1666 346 73 Houghton
1522 1666 218 57 Mifflin
1774 1685 309 54 company
2119 1699 14 44 [
2135 1677 17 21 c
2157 1669 164 73 1925]

466 1744 483 44 3 v. illus. 19½ cm .
396 1799 54 54 ©
479 1800 108 54 July
615 1801 40 51 9,
687 1799 132 54 1925;
850 1801 63 43 2c.
946 1800 109 44 each
1084 1800 107 53 July
1225 1799 75 53 15;
1332 1800 80 43 aff.
1442 1798 106 55 July
1582 1800 74 52 14;
1688 1800 45 43 A
1762 1800 192 52 861095;
1986 1800 53 48 E.
2073 1802 65 42 M.
2173 1800 227 55 Bolenius,

468 1858 260 52 Lancaster,
766 1858 78 43 Pa.
909 1855 67 55 [©
1011 1856 196 45 revision
1242 1857 87 43 and
1362 1872 101 29 new
1494 1863 181 47 matter]
1747 1855 271 56 (25-12967)

396 1941 305 72 Bottome,
739 1939 262 75 Phyllis.

475 2033 131 58 The
633 2031 227 75 depths
888 2034 67 58 of
979 2033 386 73 prosperity,
1393 2033 84 73 by
1503 2032 244 73 Phyllis
1774 2032 292 60 Bottome
2096 2037 124 56 and
395 2035 1983 149 Dorothy

581 2112 376 71 Thompson.
1042 2111 151 59 New
1225 2112 191 73 York,
1453 2111 243 74 George
1729 2112 80 57 H.
1845 2112 217 58 Doran
2096 2132 307 54 company

397 2221 13 44 [
412 2201 20 22 c
435 2193 165 72 1925]

466 2267 586 54 3 p. l., 9-321 p. 19½c m .
395 2326 56 55 ©
476 2328 108 53 July
609 2328 37 49 8,
679 2326 130 53 1925;
840 2327 63 43 2c.
931 2327 108 53 July
1066 2327 49 51 9;
1145 2327 79 43 aff.
1253 2326 107 53 July
1389 2328 74 51 11;
1495 2327 44 42 A
1566 2324 189 55 855832;
1790 2326 177 54 George
1997 2327 61 43 H.
2089 2328 157 43 Doran
2276 2343 66 29 co.

476 2384 272 55 (25-12734)

398 2471 266 71 Bourne,
701 2470 220 73 Henry
954 2468 321 74 Eldridge,
1313 2471 190 56 1862-

473 2565 58 57 A
574 2563 250 74 history
870 2565 69 58 of
983 2563 104 59 the
1131 2562 240 60 United
1416 2562 232 73 States,
1697 2564 83 72 by
1824 2562 224 75 Henry
2092 2564 305 75 Eldridge

393 2641 2007 75 Bourne and Elbert Jay Benton … Rev. Boston, New
395 2721 174 57 York
615 2725 110 55 [etc.]
773 2720 75 57 D.
878 2719 64 60 C.
970 2720 211 59 Heath
1207 2719 49 56 &
1281 2739 86 39 co.
1397 2749 13 43 [
1411 2726 19 21 c
1435 2720 165 72 1925]

464 2799 95 51 viii,
597 2798 93 53 543,
728 2798 82 44 xlii
847 2812 40 38 p.
948 2796 85 49 col.
1071 2798 141 44 front.,
1241 2797 168 52 (port.)
1454 2797 130 51 illus.,
1620 2795 83 48 col.
1740 2798 157 51 plates,
1933 2811 142 40 maps.
2133 2799 56 45 20½c
2239 2802 30 18 m
2275 2835 10 10 .

469 2858 137 50 Maps
635 2872 58 28 on
721 2854 343 52 lining-papers.

394 2909 57 54 ©
482 2912 116 51 June
627 2910 64 51 22,
729 2909 130 53 1925;
890 2910 66 41 2c.
988 2908 106 52 July
1130 2909 74 49 13;
1239 2908 78 43 aff.
1350 2907 106 52 July
1491 2908 74 51 10;
1598 2907 45 43 A
1675 2905 190 55 855865;
1899 2909 57 43 D.
1992 2908 48 45 C.
2075 2910 155 43 Heath
2263 2912 37 43 &
2332 2926 65 28 co.

486 2965 52 53 [©
565 2982 99 28 new
691 2973 178 46 matter]
941 2963 272 56 (25-12755)

397 3051 136 74 Boy
567 3054 208 54 scouts
811 3050 67 57 of
909 3046 311 60 America.

542 3140 1860 73 … The official handbook for boys. 32d ed., one hundred
395 3222 314 58 thousand
737 3221 228 72 copies.
1049 3220 152 57 New
1227 3219 191 71 York,
1448 3219 131 61 The
1605 3219 140 72 Boy
1773 3224 207 54 scouts
2012 3220 69 59 of
2108 3221 294 59 America

398 3330 13 43 [
413 3309 20 22 c
435 3300 165 73 1925]

465 3379 94 50 xiv,
590 3377 80 44 512
702 3393 40 38 p.
802 3377 132 51 illus.,
965 3376 168 53 diagrs.
1197 3375 49 45 18
1253 3377 47 19 cm
1306 3410 10 10 .

469 3434 217 46 Contains
718 3434 279 53 advertising
1028 3440 178 38 matter.

398 3491 53 54 ©
484 3494 113 51 May
625 3493 68 50 23,
728 3491 130 52 1925;
892 3492 65 42 2c.
988 3492 88 43 and
1106 3492 79 42 aff.
1218 3491 107 53 July
1360 3490 75 52 10;
1469 3490 45 43 A
1546 3488 190 55 855826;
1773 3491 99 53 Boy
1905 3499 148 36 scouts
2087 3492 51 43 of
2170 3490 228 55 America,

469 3550 83 42 inc.
622 3547 271 55 (25-12868)

396 3633 317 73 Brackett,
750 3632 277 59 Charles.

476 3715 354 73 Week-end,
884 3715 84 73 by
1022 3712 261 61 Charles
1334 3712 317 57 Brackett.
1735 3713 154 57 New
1940 3713 190 72 York,
2181 3714 73 57 R.
2311 3713 81 58 M.

396 3794 297 59 McBride
720 3793 48 57 &
795 3811 323 54 company,
1146 3792 166 57 1925.

471 3870 80 48 157
575 3886 42 38 p.
681 3872 52 46 19½c
784 3872 30 19 m
819 3906 10 10 .

397 3921 1999 59 © July 15, 1925; 2c. July 21; aff .July 22; A 855967; C. Brackett, ℅ O. K.
469 3982 250 54 Liveright,
751 3981 118 44 New
899 3981 142 44 York.
1110 3977 272 58 (25-13518)
