<alto xmlns="http://www.loc.gov/standards/alto/ns-v3#" xmlns:xlink="http://www.w3.org/1999/xlink" xmlns:xsi="http://www.w3.org/2001/XMLSchema-instance" xsi:schemaLocation="http://www.loc.gov/standards/alto/ns-v3# http://www.loc.gov/alto/v3/alto-3-0.xsd"><Description>
<MeasurementUnit>pixel</MeasurementUnit>
<sourceImageInformation>
<fileName>1925_v22_Part001.pdf</fileName>
</sourceImageInformation>
<OCRProcessing ID="IdOcr">
<ocrProcessingStep>
<processingDateTime>2019-04-03</processingDateTime>
<processingSoftware>
<softwareCreator>ABBYY</softwareCreator>
<softwareName>ABBYY Recognition Server</softwareName>
<softwareVersion>4.0</softwareVersion>
</processingSoftware>
</ocrProcessingStep>
</OCRProcessing>
</Description>
<Styles>
<ParagraphStyle ID="StyleId-FFFFFFFF-FFFF-FFFF-FFFF-FFFFFFFFFFFF-" ALIGN="Left" LEFT="0." RIGHT="0." FIRSTLINE="0."/>
<ParagraphStyle ID="StyleId-2E5B4E57-07AD-4719-97CB-14521F7F4F8A-" ALIGN="Left" LEFT="0." RIGHT="0." FIRSTLINE="0." LINESPACE="8.899999619"/>
<ParagraphStyle ID="StyleId-62A6F688-D6E3-4EFC-837B-4A4C4EB582B7-" ALIGN="Center" LEFT="0." RIGHT="0." FIRSTLINE="0." LINESPACE="12.19999981"/>
<ParagraphStyle ID="StyleId-21B71EBC-BDB5-4E16-A8F2-58189A39665B-" ALIGN="Block" LEFT="0." RIGHT="0." FIRSTLINE="-13." LINESPACE="11.35000038"/>
<ParagraphStyle ID="StyleId-1E1A68C4-DD4F-417A-A13D-7FEC29ECB499-" ALIGN="Block" LEFT="0." RIGHT="0." FIRSTLINE="-15." LINESPACE="13.30000019"/>
<ParagraphStyle ID="StyleId-6B39EC51-644D-4E90-AF07-84EF2B1E466A-" ALIGN="Block" LEFT="0." RIGHT="0." FIRSTLINE="-15." LINESPACE="8.340000153"/>
<ParagraphStyle ID="StyleId-2C1BA15F-E223-41D6-853D-AAFBDAC17E68-" ALIGN="Center" LEFT="0." RIGHT="0." FIRSTLINE="0." LINESPACE="13."/>
<ParagraphStyle ID="StyleId-A3B2CDF3-43F0-422C-90A0-E074BFEC3BC0-" ALIGN="Block" LEFT="0." RIGHT="0." FIRSTLINE="0." LINESPACE="8.899999619"/>
<ParagraphStyle ID="StyleId-28AB2493-EA15-49C1-A6AC-ED5BC404F0B9-" ALIGN="Center" LEFT="0." RIGHT="0." FIRSTLINE="0." LINESPACE="12.19999981"/>
<ParagraphStyle ID="StyleId-4417A6D4-97E2-4EFC-962D-7FBC0D5273E4-" ALIGN="Left" LEFT="0." RIGHT="0." FIRSTLINE="15." LINESPACE="8.340000153"/>
<ParagraphStyle ID="StyleId-D4EF9C5E-3110-4A39-B7BC-3D84E0F04894-" ALIGN="Center" LEFT="0." RIGHT="0." FIRSTLINE="0." LINESPACE="13.30000019"/>
<ParagraphStyle ID="StyleId-D1243F31-1201-4D92-8F69-43ADB01E9AD1-" ALIGN="Left" LEFT="0." RIGHT="0." FIRSTLINE="-13." LINESPACE="13.30000019"/>
<ParagraphStyle ID="StyleId-C65417C6-23F2-4D8F-BA55-ECE73D98CAB9-" ALIGN="Left" LEFT="0." RIGHT="0." FIRSTLINE="0." LINESPACE="8.899999619"/>
<ParagraphStyle ID="StyleId-835763C1-08DD-41BE-8BAD-8E41EA88DAE3-" ALIGN="Center" LEFT="0." RIGHT="0." FIRSTLINE="0." LINESPACE="11.10000038"/>
<ParagraphStyle ID="StyleId-78FD6B81-8F83-422D-8DF4-4274EAFD19C6-" ALIGN="Block" LEFT="0." RIGHT="0." FIRSTLINE="-17." LINESPACE="12.19999981"/>
<ParagraphStyle ID="StyleId-F506BC7F-570D-458B-9F05-A143E1F5FD17-" ALIGN="Block" LEFT="0." RIGHT="0." FIRSTLINE="-17." LINESPACE="11.35000038"/>
<ParagraphStyle ID="StyleId-CBE02C6B-22D0-48C6-A874-7E90A22F4375-" ALIGN="Center" LEFT="0." RIGHT="0." FIRSTLINE="0." LINESPACE="4.400000095"/>
<ParagraphStyle ID="StyleId-14CC0121-63AF-4AB4-9656-E02F46C61AF2-" ALIGN="Left" LEFT="0." RIGHT="0." FIRSTLINE="0." LINESPACE="8.899999619"/>
<ParagraphStyle ID="StyleId-DD64CECB-1B22-4BFF-84F0-DFDE2B0000F8-" ALIGN="Left" LEFT="0." RIGHT="0." FIRSTLINE="0." LINESPACE="12.19999981"/>
<ParagraphStyle ID="StyleId-8AEF4AA8-141A-4E5D-9C3E-C0F9F43C742F-" ALIGN="Left" LEFT="0." RIGHT="0." FIRSTLINE="0." LINESPACE="8.300000191"/>
<ParagraphStyle ID="StyleId-8C396D2A-39C0-48AB-BABA-2679D8AB257E-" ALIGN="Left" LEFT="0." RIGHT="0." FIRSTLINE="0." LINESPACE="11.10000038"/>
<ParagraphStyle ID="StyleId-3B7FE50F-10D4-487F-BDCD-FD26EB60FD4A-" ALIGN="Block" LEFT="0." RIGHT="0." FIRSTLINE="13." LINESPACE="8.340000153"/>
<ParagraphStyle ID="StyleId-8CC5CC8E-615B-4C42-BB46-DB28FA355C27-" ALIGN="Left" LEFT="0." RIGHT="0." FIRSTLINE="0." LINESPACE="12.19999981"/>
<ParagraphStyle ID="StyleId-BC67E79D-8D99-4188-8B35-A59DBB7E2BB0-" ALIGN="Block" LEFT="0." RIGHT="0." FIRSTLINE="11." LINESPACE="9.399999619"/>
</Styles>
<Layout>
<Page ID="Page1193" PHYSICAL_IMG_NR="1193" HEIGHT="4412" WIDTH="2533">
<TopMargin HEIGHT="391" WIDTH="2533" VPOS="0" HPOS="0">
</TopMargin>
<LeftMargin HEIGHT="3838" WIDTH="31" VPOS="391" HPOS="0">
</LeftMargin>
<RightMargin HEIGHT="3838" WIDTH="369" VPOS="391" HPOS="2164">
</RightMargin>
<BottomMargin HEIGHT="183" WIDTH="2533" VPOS="4229" HPOS="0">
</BottomMargin>
<PrintSpace HEIGHT="3838" WIDTH="2133" VPOS="391" HPOS="31">
<TextBlock ID="Page1193_Block1" HEIGHT="184" WIDTH="468" VPOS="4045" HPOS="829" LANG="en-US" STYLEREFS="StyleId-76C3DB6D-46BA-411E-9484-B3FE96091F4E-">
<TextLine HEIGHT="56" WIDTH="148" VPOS="4078" HPOS="996">
<String CONTENT="1193" HEIGHT="56" WIDTH="148" VPOS="4078" HPOS="996"/>
</TextLine>
</TextBlock>
<TextBlock ID="Page1193_Block2" HEIGHT="3707" WIDTH="2133" VPOS="391" HPOS="31" LANG="en-US" CS="1" STYLEREFS="StyleId-6BB8775E-DB08-40AE-A9DA-B1675A8E44D4-">
<Shape>
<Polygon POINTS="31,391 2164,391 2164,4029 553,4029 553,4098 31,4098 31,391"/>
</Shape>
<TextLine HEIGHT="76" WIDTH="1242" VPOS="440" HPOS="98" STYLEREFS="StyleId-FD74EAE3-9B13-497A-A531-FAD95654C456-">
<String LANG="en-US" CONTENT="Abemethy," HEIGHT="74" WIDTH="378" VPOS="440" HPOS="98"/>
<SP HEIGHT="72" WIDTH="38" VPOS="442" HPOS="477"/>
<String LANG="en-US" CONTENT="Arthur" HEIGHT="57" WIDTH="242" VPOS="442" HPOS="516"/>
<SP HEIGHT="57" WIDTH="36" VPOS="443" HPOS="759"/>
<String LANG="de" CONTENT="Talmage," HEIGHT="74" WIDTH="313" VPOS="442" HPOS="796"/>
<SP HEIGHT="68" WIDTH="39" VPOS="447" HPOS="1110"/>
<String LANG="en-US" CONTENT="1872-" HEIGHT="57" WIDTH="190" VPOS="446" HPOS="1150"/>
</TextLine>
<TextLine HEIGHT="156" WIDTH="2003" VPOS="532" HPOS="95" STYLEREFS="StyleId-920E2AFE-EE8F-4EB0-8808-4A5AB6149383-" CS="1">
<String CS="1" CONTENT="&#8230;"/>
<SP HEIGHT="56" WIDTH="38" VPOS="534" HPOS="240"/>
<String CONTENT="The" HEIGHT="57" WIDTH="128" VPOS="532" HPOS="279"/>
<SP HEIGHT="56" WIDTH="32" VPOS="533" HPOS="408"/>
<String CONTENT="Apostles" HEIGHT="70" WIDTH="299" VPOS="533" HPOS="441"/>
<SP HEIGHT="54" WIDTH="15" VPOS="536" HPOS="741"/>
<String CONTENT="&#8217;" HEIGHT="27" WIDTH="12" VPOS="536" HPOS="757"/>
<SP HEIGHT="54" WIDTH="34" VPOS="536" HPOS="770"/>
<String CONTENT="creed;" HEIGHT="70" WIDTH="210" VPOS="534" HPOS="805"/>
<SP HEIGHT="48" WIDTH="35" VPOS="556" HPOS="1016"/>
<String CONTENT="a" HEIGHT="37" WIDTH="38" VPOS="556" HPOS="1052"/>
<SP HEIGHT="39" WIDTH="29" VPOS="554" HPOS="1091"/>
<String CONTENT="romance" HEIGHT="40" WIDTH="288" VPOS="552" HPOS="1121"/>
<SP HEIGHT="56" WIDTH="33" VPOS="536" HPOS="1410"/>
<String CONTENT="in" HEIGHT="56" WIDTH="65" VPOS="536" HPOS="1444"/>
<SP HEIGHT="37" WIDTH="32" VPOS="555" HPOS="1510"/>
<String CONTENT="religion," HEIGHT="74" WIDTH="286" VPOS="535" HPOS="1543"/>
<SP HEIGHT="68" WIDTH="32" VPOS="539" HPOS="1830"/>
<String CONTENT="by" HEIGHT="71" WIDTH="82" VPOS="539" HPOS="1863"/>
<SP HEIGHT="72" WIDTH="32" VPOS="538" HPOS="1946"/>
<String CONTENT="Arthur" HEIGHT="129" WIDTH="1976" VPOS="538" HPOS="95"/>
<SP HEIGHT="55" WIDTH="26" VPOS="611" HPOS="242"/>
<String CONTENT="Talmage" HEIGHT="73" WIDTH="296" VPOS="610" HPOS="269"/>
<SP HEIGHT="57" WIDTH="26" VPOS="610" HPOS="566"/>
<String CONTENT="Abernethy" HEIGHT="73" WIDTH="368" VPOS="610" HPOS="593"/>
<SP HEIGHT="52" WIDTH="27" VPOS="631" HPOS="962"/>
<String CS="1" CONTENT="&#8230;"/>
<SP HEIGHT="58" WIDTH="65" VPOS="611" HPOS="1053"/>
<String CONTENT="Nashville," HEIGHT="74" WIDTH="342" VPOS="611" HPOS="1119"/>
<SP HEIGHT="71" WIDTH="29" VPOS="614" HPOS="1462"/>
<String CONTENT="Tenn.," HEIGHT="71" WIDTH="213" VPOS="614" HPOS="1492"/>
<SP HEIGHT="72" WIDTH="29" VPOS="613" HPOS="1706"/>
<String CONTENT="Cokesbury" HEIGHT="75" WIDTH="362" VPOS="613" HPOS="1736"/>
</TextLine>
<TextLine HEIGHT="72" WIDTH="398" VPOS="688" HPOS="91" STYLEREFS="StyleId-920E2AFE-EE8F-4EB0-8808-4A5AB6149383-">
<String CONTENT="press," HEIGHT="53" WIDTH="199" VPOS="707" HPOS="91"/>
<SP HEIGHT="71" WIDTH="31" VPOS="689" HPOS="291"/>
<String CONTENT="1925." HEIGHT="57" WIDTH="166" VPOS="688" HPOS="323"/>
</TextLine>
<TextLine HEIGHT="55" WIDTH="1172" VPOS="778" HPOS="167">
<String CONTENT="104" HEIGHT="43" WIDTH="78" VPOS="780" HPOS="167"/>
<SP HEIGHT="52" WIDTH="25" VPOS="780" HPOS="246"/>
<String CONTENT="p." HEIGHT="38" WIDTH="40" VPOS="794" HPOS="272"/>
<SP HEIGHT="42" WIDTH="61" VPOS="780" HPOS="313"/>
<String CONTENT="19" HEIGHT="43" WIDTH="52" VPOS="780" HPOS="375"/>
<String STYLE="superscript" CONTENT="cm" HEIGHT="17" WIDTH="46" VPOS="781" HPOS="432"/>
<String CONTENT="." HEIGHT="7" WIDTH="8" VPOS="815" HPOS="485"/>
<SP HEIGHT="53" WIDTH="67" VPOS="779" HPOS="494"/>
<String CONTENT="(Cokesbury" HEIGHT="54" WIDTH="296" VPOS="778" HPOS="562"/>
<SP HEIGHT="52" WIDTH="28" VPOS="780" HPOS="859"/>
<String CONTENT="devotional" HEIGHT="46" WIDTH="256" VPOS="778" HPOS="888"/>
<SP HEIGHT="44" WIDTH="27" VPOS="779" HPOS="1145"/>
<String CONTENT="series)" HEIGHT="54" WIDTH="166" VPOS="779" HPOS="1173"/>
</TextLine>
<TextLine HEIGHT="104" WIDTH="1977" VPOS="847" HPOS="92" CS="1">
<String CONTENT="&#169;" HEIGHT="54" WIDTH="56" VPOS="849" HPOS="92"/>
<SP HEIGHT="54" WIDTH="26" VPOS="849" HPOS="149"/>
<String CONTENT="Aug." HEIGHT="53" WIDTH="120" VPOS="851" HPOS="176"/>
<SP HEIGHT="44" WIDTH="30" VPOS="850" HPOS="297"/>
<String CONTENT="6," HEIGHT="52" WIDTH="35" VPOS="850" HPOS="328"/>
<SP HEIGHT="50" WIDTH="34" VPOS="852" HPOS="364"/>
<String CONTENT="1925;" HEIGHT="55" WIDTH="129" VPOS="847" HPOS="399"/>
<SP HEIGHT="52" WIDTH="29" VPOS="850" HPOS="529"/>
<String CONTENT="2c." HEIGHT="44" WIDTH="65" VPOS="850" HPOS="559"/>
<SP HEIGHT="29" WIDTH="28" VPOS="865" HPOS="625"/>
<String CONTENT="and" HEIGHT="44" WIDTH="88" VPOS="850" HPOS="654"/>
<SP HEIGHT="44" WIDTH="28" VPOS="850" HPOS="743"/>
<String CONTENT="aff." HEIGHT="44" WIDTH="78" VPOS="850" HPOS="772"/>
<SP HEIGHT="48" WIDTH="34" VPOS="849" HPOS="851"/>
<String CONTENT="Sept." HEIGHT="54" WIDTH="121" VPOS="849" HPOS="886"/>
<SP HEIGHT="43" WIDTH="29" VPOS="852" HPOS="1008"/>
<String CONTENT="26;" HEIGHT="54" WIDTH="78" VPOS="850" HPOS="1038"/>
<SP HEIGHT="53" WIDTH="33" VPOS="851" HPOS="1117"/>
<!-- cceid 362E0F2B-6DD5-1014-B757-AF09C522E301 --><String CONTENT="A" HEIGHT="43" WIDTH="44" VPOS="851" HPOS="1151"/>
<SP HEIGHT="44" WIDTH="28" VPOS="851" HPOS="1196"/>
<String CONTENT="869241;" HEIGHT="54" WIDTH="190" VPOS="850" HPOS="1225"/>
<SP HEIGHT="52" WIDTH="34" VPOS="852" HPOS="1416"/>
<String CONTENT="Lamar" HEIGHT="45" WIDTH="167" VPOS="852" HPOS="1451"/>
<SP HEIGHT="44" WIDTH="29" VPOS="854" HPOS="1619"/>
<String CONTENT="&amp;" HEIGHT="44" WIDTH="37" VPOS="854" HPOS="1649"/>
<SP HEIGHT="44" WIDTH="29" VPOS="854" HPOS="1687"/>
<String CONTENT="Barton," HEIGHT="53" WIDTH="186" VPOS="854" HPOS="1717"/>
<SP HEIGHT="51" WIDTH="33" VPOS="856" HPOS="1904"/>
<String CONTENT="Nashville." HEIGHT="96" WIDTH="1906" VPOS="855" HPOS="163"/>
</TextLine>
<TextLine HEIGHT="56" WIDTH="270" VPOS="906" HPOS="350">
<String CONTENT="(25-20427)" HEIGHT="56" WIDTH="270" VPOS="906" HPOS="350"/>
</TextLine>
<TextLine HEIGHT="74" WIDTH="1370" VPOS="1006" HPOS="91" STYLEREFS="StyleId-FD74EAE3-9B13-497A-A531-FAD95654C456-">
<String CONTENT="American" HEIGHT="58" WIDTH="337" VPOS="1006" HPOS="91"/>
<SP HEIGHT="41" WIDTH="27" VPOS="1023" HPOS="429"/>
<String CONTENT="society" HEIGHT="73" WIDTH="237" VPOS="1006" HPOS="457"/>
<SP HEIGHT="72" WIDTH="27" VPOS="1007" HPOS="695"/>
<String CONTENT="for" HEIGHT="56" WIDTH="103" VPOS="1007" HPOS="723"/>
<SP HEIGHT="53" WIDTH="28" VPOS="1011" HPOS="827"/>
<String CONTENT="testing" HEIGHT="74" WIDTH="238" VPOS="1006" HPOS="856"/>
<SP HEIGHT="57" WIDTH="25" VPOS="1023" HPOS="1095"/>
<String CONTENT="materials." HEIGHT="58" WIDTH="340" VPOS="1006" HPOS="1121"/>
</TextLine>
<TextLine HEIGHT="151" WIDTH="1975" VPOS="1097" HPOS="91" STYLEREFS="StyleId-920E2AFE-EE8F-4EB0-8808-4A5AB6149383-" CS="1">
<String CS="1" CONTENT="&#8230;"/>
<SP HEIGHT="58" WIDTH="47" VPOS="1098" HPOS="238"/>
<String CONTENT="A." HEIGHT="57" WIDTH="77" VPOS="1098" HPOS="286"/>
<SP HEIGHT="59" WIDTH="46" VPOS="1097" HPOS="364"/>
<String CONTENT="S." HEIGHT="59" WIDTH="61" VPOS="1097" HPOS="411"/>
<SP HEIGHT="55" WIDTH="46" VPOS="1099" HPOS="473"/>
<String CONTENT="T." HEIGHT="56" WIDTH="68" VPOS="1099" HPOS="520"/>
<SP HEIGHT="57" WIDTH="45" VPOS="1098" HPOS="589"/>
<String CONTENT="M." HEIGHT="56" WIDTH="83" VPOS="1098" HPOS="635"/>
<SP HEIGHT="54" WIDTH="45" VPOS="1101" HPOS="719"/>
<String CONTENT="tentative" HEIGHT="58" WIDTH="305" VPOS="1097" HPOS="765"/>
<SP HEIGHT="38" WIDTH="48" VPOS="1118" HPOS="1071"/>
<String CONTENT="standards," HEIGHT="71" WIDTH="358" VPOS="1099" HPOS="1120"/>
<SP HEIGHT="69" WIDTH="45" VPOS="1101" HPOS="1479"/>
<String CONTENT="1925." HEIGHT="55" WIDTH="167" VPOS="1101" HPOS="1525"/>
<SP HEIGHT="55" WIDTH="83" VPOS="1101" HPOS="1693"/>
<String CONTENT="Philadelphia," HEIGHT="147" WIDTH="1975" VPOS="1101" HPOS="91"/>
</TextLine>
<TextLine HEIGHT="76" WIDTH="1205" VPOS="1175" HPOS="291" STYLEREFS="StyleId-920E2AFE-EE8F-4EB0-8808-4A5AB6149383-">
<String CONTENT="Headquarters" HEIGHT="72" WIDTH="477" VPOS="1175" HPOS="291"/>
<SP HEIGHT="37" WIDTH="35" VPOS="1195" HPOS="769"/>
<String CONTENT="of" HEIGHT="57" WIDTH="67" VPOS="1175" HPOS="805"/>
<SP HEIGHT="58" WIDTH="30" VPOS="1175" HPOS="873"/>
<String CONTENT="the" HEIGHT="58" WIDTH="103" VPOS="1175" HPOS="904"/>
<SP HEIGHT="38" WIDTH="32" VPOS="1195" HPOS="1008"/>
<String CONTENT="society" HEIGHT="72" WIDTH="239" VPOS="1175" HPOS="1041"/>
<SP HEIGHT="55" WIDTH="31" VPOS="1195" HPOS="1281"/>
<String CONTENT="[1925]" HEIGHT="74" WIDTH="183" VPOS="1177" HPOS="1313"/>
</TextLine>
<TextLine HEIGHT="54" WIDTH="916" VPOS="1251" HPOS="160">
<String CONTENT="876" HEIGHT="44" WIDTH="82" VPOS="1252" HPOS="160"/>
<SP HEIGHT="52" WIDTH="27" VPOS="1253" HPOS="243"/>
<String CONTENT="p." HEIGHT="38" WIDTH="38" VPOS="1267" HPOS="271"/>
<SP HEIGHT="43" WIDTH="60" VPOS="1252" HPOS="310"/>
<String CONTENT="illus.," HEIGHT="51" WIDTH="130" VPOS="1252" HPOS="371"/>
<SP HEIGHT="43" WIDTH="31" VPOS="1260" HPOS="502"/>
<String CONTENT="tables," HEIGHT="53" WIDTH="158" VPOS="1251" HPOS="534"/>
<SP HEIGHT="52" WIDTH="32" VPOS="1252" HPOS="693"/>
<String CONTENT="diagrs." HEIGHT="52" WIDTH="167" VPOS="1252" HPOS="726"/>
<SP HEIGHT="42" WIDTH="57" VPOS="1253" HPOS="894"/>
<String CONTENT="23" HEIGHT="44" WIDTH="55" VPOS="1252" HPOS="952"/>
<String STYLE="superscript" CONTENT="cm" HEIGHT="17" WIDTH="47" VPOS="1255" HPOS="1013"/>
<String CONTENT="." HEIGHT="9" WIDTH="10" VPOS="1287" HPOS="1066"/>
</TextLine>
<TextLine HEIGHT="111" WIDTH="1975" VPOS="1321" HPOS="91" CS="1">
<String CONTENT="&#169;" HEIGHT="54" WIDTH="53" VPOS="1322" HPOS="91"/>
<SP HEIGHT="54" WIDTH="27" VPOS="1322" HPOS="145"/>
<String CONTENT="Oct." HEIGHT="44" WIDTH="101" VPOS="1324" HPOS="173"/>
<SP HEIGHT="43" WIDTH="26" VPOS="1324" HPOS="275"/>
<String CONTENT="26," HEIGHT="52" WIDTH="68" VPOS="1323" HPOS="302"/>
<SP HEIGHT="51" WIDTH="30" VPOS="1324" HPOS="371"/>
<String CONTENT="1925;" HEIGHT="52" WIDTH="128" VPOS="1322" HPOS="402"/>
<SP HEIGHT="50" WIDTH="29" VPOS="1324" HPOS="531"/>
<String CONTENT="2c." HEIGHT="42" WIDTH="64" VPOS="1324" HPOS="561"/>
<SP HEIGHT="44" WIDTH="32" VPOS="1323" HPOS="626"/>
<String CONTENT="Oct." HEIGHT="44" WIDTH="101" VPOS="1323" HPOS="659"/>
<SP HEIGHT="42" WIDTH="25" VPOS="1324" HPOS="761"/>
<String CONTENT="27;" HEIGHT="52" WIDTH="80" VPOS="1322" HPOS="787"/>
<SP HEIGHT="37" WIDTH="30" VPOS="1337" HPOS="868"/>
<String CONTENT="aff." HEIGHT="44" WIDTH="79" VPOS="1322" HPOS="899"/>
<SP HEIGHT="44" WIDTH="30" VPOS="1322" HPOS="979"/>
<String CONTENT="Nov." HEIGHT="44" WIDTH="119" VPOS="1322" HPOS="1010"/>
<SP HEIGHT="42" WIDTH="33" VPOS="1324" HPOS="1130"/>
<String CONTENT="16;" HEIGHT="53" WIDTH="74" VPOS="1322" HPOS="1164"/>
<SP HEIGHT="52" WIDTH="30" VPOS="1323" HPOS="1239"/>
<!-- cceid 362E4B53-6DD5-1014-B757-AF09C522E301 --><String CONTENT="A" HEIGHT="42" WIDTH="44" VPOS="1323" HPOS="1270"/>
<SP HEIGHT="43" WIDTH="27" VPOS="1323" HPOS="1315"/>
<String CONTENT="875066;" HEIGHT="54" WIDTH="190" VPOS="1321" HPOS="1343"/>
<SP HEIGHT="52" WIDTH="31" VPOS="1323" HPOS="1534"/>
<String CONTENT="Amer." HEIGHT="44" WIDTH="155" VPOS="1323" HPOS="1566"/>
<SP HEIGHT="29" WIDTH="30" VPOS="1339" HPOS="1722"/>
<String CONTENT="soc." HEIGHT="30" WIDTH="88" VPOS="1339" HPOS="1753"/>
<SP HEIGHT="43" WIDTH="32" VPOS="1325" HPOS="1842"/>
<String CONTENT="for" HEIGHT="45" WIDTH="75" VPOS="1325" HPOS="1875"/>
<SP HEIGHT="35" WIDTH="26" VPOS="1335" HPOS="1951"/>
<String CONTENT="testing" HEIGHT="99" WIDTH="1906" VPOS="1333" HPOS="160"/>
</TextLine>
<TextLine HEIGHT="54" WIDTH="612" VPOS="1378" HPOS="274">
<String CONTENT="materials," HEIGHT="53" WIDTH="244" VPOS="1379" HPOS="274"/>
<SP HEIGHT="52" WIDTH="40" VPOS="1380" HPOS="519"/>
<String CONTENT="Philadelphia." HEIGHT="53" WIDTH="326" VPOS="1378" HPOS="560"/>
</TextLine>
<TextLine HEIGHT="74" WIDTH="1057" VPOS="1479" HPOS="89" STYLEREFS="StyleId-FD74EAE3-9B13-497A-A531-FAD95654C456-">
<String CONTENT="American" HEIGHT="58" WIDTH="335" VPOS="1480" HPOS="89"/>
<SP HEIGHT="41" WIDTH="31" VPOS="1497" HPOS="425"/>
<String CONTENT="sociological" HEIGHT="74" WIDTH="401" VPOS="1479" HPOS="457"/>
<SP HEIGHT="58" WIDTH="33" VPOS="1481" HPOS="859"/>
<String CONTENT="society." HEIGHT="74" WIDTH="253" VPOS="1479" HPOS="893"/>
</TextLine>
<TextLine HEIGHT="74" WIDTH="1923" VPOS="1572" HPOS="166" STYLEREFS="StyleId-920E2AFE-EE8F-4EB0-8808-4A5AB6149383-" CS="1">
<String CONTENT="Papers" HEIGHT="70" WIDTH="241" VPOS="1575" HPOS="166"/>
<SP HEIGHT="38" WIDTH="33" VPOS="1592" HPOS="408"/>
<String CONTENT="and" HEIGHT="56" WIDTH="124" VPOS="1574" HPOS="442"/>
<SP HEIGHT="70" WIDTH="25" VPOS="1574" HPOS="567"/>
<String CONTENT="proceedings." HEIGHT="72" WIDTH="430" VPOS="1572" HPOS="593"/>
<SP HEIGHT="54" WIDTH="72" VPOS="1574" HPOS="1024"/>
<String CONTENT="19th" HEIGHT="56" WIDTH="145" VPOS="1573" HPOS="1097"/>
<SP HEIGHT="55" WIDTH="29" VPOS="1573" HPOS="1243"/>
<String CONTENT="annual" HEIGHT="57" WIDTH="232" VPOS="1572" HPOS="1273"/>
<SP HEIGHT="56" WIDTH="26" VPOS="1572" HPOS="1506"/>
<String CONTENT="meeting" HEIGHT="74" WIDTH="277" VPOS="1572" HPOS="1533"/>
<SP HEIGHT="54" WIDTH="32" VPOS="1592" HPOS="1811"/>
<String CS="1" CONTENT="&#8230;"/>
<SP HEIGHT="58" WIDTH="34" VPOS="1575" HPOS="1908"/>
<String CONTENT="held" HEIGHT="59" WIDTH="146" VPOS="1574" HPOS="1943"/>
</TextLine>
<TextLine HEIGHT="73" WIDTH="1996" VPOS="1650" HPOS="90" STYLEREFS="StyleId-920E2AFE-EE8F-4EB0-8808-4A5AB6149383-">
<String CONTENT="at" HEIGHT="54" WIDTH="68" VPOS="1655" HPOS="90"/>
<SP HEIGHT="59" WIDTH="28" VPOS="1650" HPOS="159"/>
<String CONTENT="Chicago," HEIGHT="73" WIDTH="297" VPOS="1650" HPOS="188"/>
<SP HEIGHT="72" WIDTH="37" VPOS="1650" HPOS="486"/>
<String CONTENT="December" HEIGHT="65" WIDTH="344" VPOS="1650" HPOS="524"/>
<SP HEIGHT="54" WIDTH="35" VPOS="1651" HPOS="869"/>
<String CONTENT="29-31," HEIGHT="70" WIDTH="204" VPOS="1651" HPOS="905"/>
<SP HEIGHT="69" WIDTH="40" VPOS="1652" HPOS="1110"/>
<String CONTENT="1924." HEIGHT="55" WIDTH="165" VPOS="1651" HPOS="1151"/>
<SP HEIGHT="37" WIDTH="76" VPOS="1669" HPOS="1317"/>
<String CONTENT="v." HEIGHT="37" WIDTH="56" VPOS="1669" HPOS="1394"/>
<SP HEIGHT="53" WIDTH="41" VPOS="1653" HPOS="1451"/>
<String CONTENT="19." HEIGHT="55" WIDTH="88" VPOS="1652" HPOS="1493"/>
<SP HEIGHT="56" WIDTH="42" VPOS="1651" HPOS="1582"/>
<String CONTENT="The" HEIGHT="58" WIDTH="129" VPOS="1650" HPOS="1625"/>
<SP HEIGHT="54" WIDTH="36" VPOS="1654" HPOS="1755"/>
<String CONTENT="trend" HEIGHT="57" WIDTH="187" VPOS="1653" HPOS="1792"/>
<SP HEIGHT="57" WIDTH="38" VPOS="1653" HPOS="1980"/>
<String CONTENT="of" HEIGHT="56" WIDTH="67" VPOS="1653" HPOS="2019"/>
</TextLine>
<TextLine HEIGHT="78" WIDTH="1995" VPOS="1725" HPOS="89" STYLEREFS="StyleId-920E2AFE-EE8F-4EB0-8808-4A5AB6149383-">
<String CONTENT="our" HEIGHT="37" WIDTH="112" VPOS="1749" HPOS="89"/>
<SP HEIGHT="38" WIDTH="27" VPOS="1748" HPOS="202"/>
<String CONTENT="civilization." HEIGHT="59" WIDTH="395" VPOS="1727" HPOS="230"/>
<SP HEIGHT="60" WIDTH="69" VPOS="1725" HPOS="626"/>
<String CONTENT="Chicago," HEIGHT="74" WIDTH="289" VPOS="1725" HPOS="696"/>
<SP HEIGHT="72" WIDTH="26" VPOS="1727" HPOS="986"/>
<String CONTENT="Ill.," HEIGHT="73" WIDTH="117" VPOS="1727" HPOS="1013"/>
<SP HEIGHT="72" WIDTH="29" VPOS="1728" HPOS="1131"/>
<String CONTENT="The" HEIGHT="57" WIDTH="128" VPOS="1727" HPOS="1161"/>
<SP HEIGHT="58" WIDTH="26" VPOS="1726" HPOS="1290"/>
<String CONTENT="University" HEIGHT="74" WIDTH="374" VPOS="1726" HPOS="1317"/>
<SP HEIGHT="53" WIDTH="24" VPOS="1747" HPOS="1692"/>
<String CONTENT="of" HEIGHT="58" WIDTH="67" VPOS="1728" HPOS="1717"/>
<SP HEIGHT="60" WIDTH="27" VPOS="1727" HPOS="1785"/>
<String CONTENT="Chicago" HEIGHT="76" WIDTH="271" VPOS="1727" HPOS="1813"/>
</TextLine>
<TextLine HEIGHT="73" WIDTH="401" VPOS="1807" HPOS="85" STYLEREFS="StyleId-920E2AFE-EE8F-4EB0-8808-4A5AB6149383-">
<String CONTENT="press" HEIGHT="52" WIDTH="180" VPOS="1826" HPOS="85"/>
<SP HEIGHT="54" WIDTH="38" VPOS="1826" HPOS="266"/>
<String CONTENT="[1925]" HEIGHT="73" WIDTH="181" VPOS="1807" HPOS="305"/>
</TextLine>
<TextLine HEIGHT="57" WIDTH="1931" VPOS="1879" HPOS="154" CS="1">
<String CONTENT="vi," HEIGHT="53" WIDTH="57" VPOS="1882" HPOS="154"/>
<SP HEIGHT="51" WIDTH="30" VPOS="1884" HPOS="212"/>
<String CONTENT="264" HEIGHT="44" WIDTH="83" VPOS="1882" HPOS="243"/>
<SP HEIGHT="51" WIDTH="29" VPOS="1883" HPOS="327"/>
<String CONTENT="p." HEIGHT="38" WIDTH="39" VPOS="1896" HPOS="357"/>
<SP HEIGHT="42" WIDTH="56" VPOS="1883" HPOS="397"/>
<String CONTENT="25" HEIGHT="45" WIDTH="53" VPOS="1880" HPOS="454"/>
<String STYLE="superscript" CONTENT="cm" HEIGHT="18" WIDTH="47" VPOS="1883" HPOS="516"/>
<String CONTENT="." HEIGHT="8" WIDTH="9" VPOS="1916" HPOS="569"/>
<SP HEIGHT="53" WIDTH="67" VPOS="1881" HPOS="579"/>
<String CS="1" CONTENT="(Half-title:" HEIGHT="53" WIDTH="266" VPOS="1880" HPOS="672"/>
<SP HEIGHT="42" WIDTH="9" VPOS="1881" HPOS="967"/>
<String CONTENT="Publications" HEIGHT="45" WIDTH="309" VPOS="1879" HPOS="977"/>
<SP HEIGHT="28" WIDTH="32" VPOS="1896" HPOS="1287"/>
<String CONTENT="of" HEIGHT="43" WIDTH="50" VPOS="1881" HPOS="1320"/>
<SP HEIGHT="43" WIDTH="31" VPOS="1881" HPOS="1371"/>
<String CONTENT="the" HEIGHT="44" WIDTH="76" VPOS="1881" HPOS="1403"/>
<SP HEIGHT="43" WIDTH="28" VPOS="1882" HPOS="1480"/>
<String CONTENT="American" HEIGHT="45" WIDTH="248" VPOS="1880" HPOS="1509"/>
<SP HEIGHT="29" WIDTH="32" VPOS="1897" HPOS="1758"/>
<String CONTENT="sociological" HEIGHT="55" WIDTH="294" VPOS="1881" HPOS="1791"/>
</TextLine>
<TextLine HEIGHT="54" WIDTH="397" VPOS="1938" HPOS="83" CS="1">
<String CS="1" CONTENT="society." HEIGHT="50" WIDTH="170" VPOS="1941" HPOS="83"/>
<SP HEIGHT="27" WIDTH="57" VPOS="1955" HPOS="266"/>
<String CONTENT="v." HEIGHT="27" WIDTH="41" VPOS="1955" HPOS="324"/>
<SP HEIGHT="42" WIDTH="37" VPOS="1940" HPOS="366"/>
<String CONTENT="19)" HEIGHT="54" WIDTH="76" VPOS="1938" HPOS="404"/>
</TextLine>
<TextLine HEIGHT="113" WIDTH="1975" VPOS="1992" HPOS="86" CS="1">
<String CONTENT="&#169;" HEIGHT="55" WIDTH="53" VPOS="1994" HPOS="86"/>
<SP HEIGHT="55" WIDTH="34" VPOS="1994" HPOS="140"/>
<String CONTENT="Oct." HEIGHT="45" WIDTH="101" VPOS="1996" HPOS="175"/>
<SP HEIGHT="44" WIDTH="33" VPOS="1996" HPOS="277"/>
<String CONTENT="30," HEIGHT="53" WIDTH="67" VPOS="1995" HPOS="311"/>
<SP HEIGHT="52" WIDTH="36" VPOS="1996" HPOS="379"/>
<String CONTENT="1925;" HEIGHT="54" WIDTH="130" VPOS="1992" HPOS="416"/>
<SP HEIGHT="51" WIDTH="34" VPOS="1995" HPOS="547"/>
<String CONTENT="2c." HEIGHT="43" WIDTH="65" VPOS="1995" HPOS="582"/>
<SP HEIGHT="44" WIDTH="35" VPOS="1994" HPOS="648"/>
<String CONTENT="Nov." HEIGHT="44" WIDTH="119" VPOS="1994" HPOS="684"/>
<SP HEIGHT="43" WIDTH="39" VPOS="1995" HPOS="804"/>
<String CONTENT="10;" HEIGHT="53" WIDTH="73" VPOS="1993" HPOS="844"/>
<SP HEIGHT="38" WIDTH="36" VPOS="2008" HPOS="918"/>
<String CS="1" CONTENT="aff." HEIGHT="44" WIDTH="79" VPOS="1994" HPOS="955"/>
<SP HEIGHT="44" WIDTH="36" VPOS="1993" HPOS="1035"/>
<String CONTENT="Nov." HEIGHT="45" WIDTH="120" VPOS="1993" HPOS="1072"/>
<SP HEIGHT="43" WIDTH="37" VPOS="1995" HPOS="1193"/>
<String CONTENT="11;" HEIGHT="53" WIDTH="76" VPOS="1994" HPOS="1231"/>
<SP HEIGHT="53" WIDTH="36" VPOS="1994" HPOS="1308"/>
<!-- cceid 362E8003-6DD5-1014-B757-AF09C522E301 --><String CONTENT="A" HEIGHT="43" WIDTH="44" VPOS="1994" HPOS="1345"/>
<SP HEIGHT="46" WIDTH="33" VPOS="1994" HPOS="1390"/>
<String CONTENT="869975;" HEIGHT="56" WIDTH="191" VPOS="1992" HPOS="1424"/>
<SP HEIGHT="53" WIDTH="36" VPOS="1995" HPOS="1616"/>
<String CONTENT="American" HEIGHT="45" WIDTH="247" VPOS="1995" HPOS="1653"/>
<SP HEIGHT="29" WIDTH="36" VPOS="2011" HPOS="1901"/>
<String CONTENT="sociological" HEIGHT="110" WIDTH="1907" VPOS="1995" HPOS="154"/>
<SP HEIGHT="43" WIDTH="34" VPOS="2053" HPOS="319"/>
<String CONTENT="soc.," HEIGHT="38" WIDTH="103" VPOS="2067" HPOS="354"/>
<SP HEIGHT="54" WIDTH="37" VPOS="2051" HPOS="458"/>
<String CONTENT="Chicago." HEIGHT="53" WIDTH="212" VPOS="2051" HPOS="496"/>
</TextLine>
<TextLine HEIGHT="74" WIDTH="898" VPOS="2152" HPOS="83" STYLEREFS="StyleId-49C8B0E8-7852-4A41-8D73-EF2539B8EA50-">
<String CONTENT="Arizona." HEIGHT="58" WIDTH="290" VPOS="2152" HPOS="83"/>
<SP HEIGHT="58" WIDTH="72" VPOS="2154" HPOS="374"/>
<String CONTENT="Supreme" HEIGHT="72" WIDTH="305" VPOS="2154" HPOS="447"/>
<SP HEIGHT="39" WIDTH="34" VPOS="2171" HPOS="753"/>
<String CONTENT="court." HEIGHT="54" WIDTH="193" VPOS="2155" HPOS="788"/>
</TextLine>
<TextLine HEIGHT="138" WIDTH="1971" VPOS="2242" HPOS="85" STYLEREFS="StyleId-920E2AFE-EE8F-4EB0-8808-4A5AB6149383-" CS="1">
<String CONTENT="Report" HEIGHT="71" WIDTH="243" VPOS="2246" HPOS="162"/>
<SP HEIGHT="53" WIDTH="36" VPOS="2248" HPOS="406"/>
<String CONTENT="of" HEIGHT="57" WIDTH="68" VPOS="2244" HPOS="443"/>
<SP HEIGHT="57" WIDTH="38" VPOS="2244" HPOS="512"/>
<String CONTENT="cases" HEIGHT="39" WIDTH="178" VPOS="2262" HPOS="551"/>
<SP HEIGHT="38" WIDTH="36" VPOS="2262" HPOS="730"/>
<String CONTENT="argued" HEIGHT="72" WIDTH="241" VPOS="2243" HPOS="767"/>
<SP HEIGHT="57" WIDTH="37" VPOS="2243" HPOS="1009"/>
<String CONTENT="and" HEIGHT="56" WIDTH="124" VPOS="2243" HPOS="1047"/>
<SP HEIGHT="56" WIDTH="38" VPOS="2243" HPOS="1172"/>
<String CONTENT="determined" HEIGHT="58" WIDTH="391" VPOS="2242" HPOS="1211"/>
<SP HEIGHT="60" WIDTH="42" VPOS="2243" HPOS="1603"/>
<String CS="1" CONTENT="&#8230;"/>
<SP HEIGHT="59" WIDTH="45" VPOS="2243" HPOS="1709"/>
<String CONTENT="from" HEIGHT="57" WIDTH="168" VPOS="2243" HPOS="1755"/>
<SP HEIGHT="56" WIDTH="39" VPOS="2245" HPOS="1924"/>
<String CONTENT="December" HEIGHT="135" WIDTH="1971" VPOS="2245" HPOS="85"/>
</TextLine>
<TextLine HEIGHT="77" WIDTH="1714" VPOS="2319" HPOS="365" STYLEREFS="StyleId-920E2AFE-EE8F-4EB0-8808-4A5AB6149383-">
<String CONTENT="22," HEIGHT="71" WIDTH="88" VPOS="2323" HPOS="365"/>
<SP HEIGHT="70" WIDTH="39" VPOS="2324" HPOS="454"/>
<String CONTENT="1923," HEIGHT="71" WIDTH="166" VPOS="2322" HPOS="494"/>
<SP HEIGHT="69" WIDTH="35" VPOS="2324" HPOS="661"/>
<String CONTENT="to" HEIGHT="54" WIDTH="65" VPOS="2324" HPOS="697"/>
<SP HEIGHT="59" WIDTH="37" VPOS="2320" HPOS="763"/>
<String CONTENT="October" HEIGHT="59" WIDTH="269" VPOS="2320" HPOS="801"/>
<SP HEIGHT="55" WIDTH="35" VPOS="2322" HPOS="1071"/>
<String CONTENT="6," HEIGHT="70" WIDTH="50" VPOS="2322" HPOS="1107"/>
<SP HEIGHT="70" WIDTH="40" VPOS="2322" HPOS="1158"/>
<String CONTENT="1924." HEIGHT="55" WIDTH="165" VPOS="2321" HPOS="1199"/>
<SP HEIGHT="57" WIDTH="75" VPOS="2319" HPOS="1365"/>
<String CONTENT="Alice" HEIGHT="58" WIDTH="175" VPOS="2319" HPOS="1441"/>
<SP HEIGHT="57" WIDTH="40" VPOS="2320" HPOS="1617"/>
<String CONTENT="M." HEIGHT="57" WIDTH="83" VPOS="2320" HPOS="1658"/>
<SP HEIGHT="57" WIDTH="38" VPOS="2320" HPOS="1742"/>
<String CONTENT="Birdsall," HEIGHT="76" WIDTH="298" VPOS="2320" HPOS="1781"/>
</TextLine>
<TextLine HEIGHT="76" WIDTH="1996" VPOS="2396" HPOS="84" STYLEREFS="StyleId-920E2AFE-EE8F-4EB0-8808-4A5AB6149383-">
<String CONTENT="reporter," HEIGHT="69" WIDTH="306" VPOS="2403" HPOS="84"/>
<SP HEIGHT="38" WIDTH="94" VPOS="2418" HPOS="391"/>
<String CONTENT="v." HEIGHT="37" WIDTH="57" VPOS="2418" HPOS="486"/>
<SP HEIGHT="55" WIDTH="71" VPOS="2400" HPOS="544"/>
<String CONTENT="26." HEIGHT="55" WIDTH="88" VPOS="2400" HPOS="616"/>
<SP HEIGHT="57" WIDTH="111" VPOS="2398" HPOS="705"/>
<String CONTENT="San" HEIGHT="57" WIDTH="129" VPOS="2398" HPOS="817"/>
<SP HEIGHT="55" WIDTH="67" VPOS="2398" HPOS="947"/>
<String CONTENT="Francisco," HEIGHT="71" WIDTH="357" VPOS="2397" HPOS="1015"/>
<SP HEIGHT="72" WIDTH="68" VPOS="2396" HPOS="1373"/>
<String CONTENT="Bancroft-Whitney" HEIGHT="76" WIDTH="638" VPOS="2396" HPOS="1442"/>
</TextLine>
<TextLine HEIGHT="72" WIDTH="525" VPOS="2477" HPOS="82" STYLEREFS="StyleId-920E2AFE-EE8F-4EB0-8808-4A5AB6149383-">
<String CONTENT="company," HEIGHT="54" WIDTH="322" VPOS="2495" HPOS="82"/>
<SP HEIGHT="69" WIDTH="34" VPOS="2478" HPOS="405"/>
<String CONTENT="1925." HEIGHT="56" WIDTH="167" VPOS="2477" HPOS="440"/>
</TextLine>
<TextLine HEIGHT="54" WIDTH="554" VPOS="2552" HPOS="148" CS="1">
<String CONTENT="xxxix," HEIGHT="52" WIDTH="166" VPOS="2554" HPOS="148"/>
<SP HEIGHT="53" WIDTH="28" VPOS="2553" HPOS="315"/>
<String CONTENT="707" HEIGHT="45" WIDTH="80" VPOS="2552" HPOS="344"/>
<SP HEIGHT="53" WIDTH="27" VPOS="2552" HPOS="425"/>
<String CONTENT="p." HEIGHT="38" WIDTH="40" VPOS="2567" HPOS="453"/>
<SP HEIGHT="44" WIDTH="57" VPOS="2552" HPOS="494"/>
<String CS="1" CONTENT="22&#189;" HEIGHT="43" WIDTH="55" VPOS="2552" HPOS="552"/>
<String STYLE="superscript" CONTENT="cm" HEIGHT="18" WIDTH="47" VPOS="2555" HPOS="640"/>
<String CONTENT="." HEIGHT="9" WIDTH="9" VPOS="2587" HPOS="693"/>
</TextLine>
<TextLine HEIGHT="59" WIDTH="1997" VPOS="2605" HPOS="81">
<String CONTENT="&#169;" HEIGHT="55" WIDTH="53" VPOS="2609" HPOS="81"/>
<SP HEIGHT="55" WIDTH="26" VPOS="2609" HPOS="135"/>
<String CONTENT="Nov." HEIGHT="44" WIDTH="118" VPOS="2611" HPOS="162"/>
<SP HEIGHT="45" WIDTH="26" VPOS="2609" HPOS="281"/>
<String CONTENT="7," HEIGHT="54" WIDTH="38" VPOS="2609" HPOS="308"/>
<SP HEIGHT="52" WIDTH="28" VPOS="2611" HPOS="347"/>
<String CONTENT="1925;" HEIGHT="55" WIDTH="130" VPOS="2607" HPOS="376"/>
<SP HEIGHT="52" WIDTH="27" VPOS="2610" HPOS="507"/>
<String CONTENT="2c." HEIGHT="43" WIDTH="65" VPOS="2610" HPOS="535"/>
<SP HEIGHT="28" WIDTH="26" VPOS="2625" HPOS="601"/>
<String CONTENT="and" HEIGHT="44" WIDTH="87" VPOS="2609" HPOS="628"/>
<SP HEIGHT="44" WIDTH="26" VPOS="2609" HPOS="716"/>
<String CONTENT="aff." HEIGHT="44" WIDTH="79" VPOS="2608" HPOS="743"/>
<SP HEIGHT="44" WIDTH="27" VPOS="2608" HPOS="823"/>
<String CONTENT="Nov." HEIGHT="44" WIDTH="118" VPOS="2608" HPOS="851"/>
<SP HEIGHT="43" WIDTH="31" VPOS="2609" HPOS="970"/>
<String CONTENT="16;" HEIGHT="53" WIDTH="75" VPOS="2607" HPOS="1002"/>
<SP HEIGHT="53" WIDTH="28" VPOS="2607" HPOS="1078"/>
<!-- cceid 362EB244-6DD5-1014-B757-AF09C522E301 --><String CONTENT="A" HEIGHT="44" WIDTH="45" VPOS="2607" HPOS="1107"/>
<SP HEIGHT="45" WIDTH="25" VPOS="2607" HPOS="1153"/>
<String CONTENT="875098;" HEIGHT="55" WIDTH="191" VPOS="2605" HPOS="1179"/>
<SP HEIGHT="53" WIDTH="29" VPOS="2607" HPOS="1371"/>
<String CONTENT="Alice" HEIGHT="45" WIDTH="134" VPOS="2607" HPOS="1401"/>
<SP HEIGHT="44" WIDTH="24" VPOS="2608" HPOS="1536"/>
<String CONTENT="M." HEIGHT="45" WIDTH="66" VPOS="2608" HPOS="1561"/>
<SP HEIGHT="45" WIDTH="29" VPOS="2608" HPOS="1628"/>
<String CONTENT="Birdsall," HEIGHT="55" WIDTH="212" VPOS="2607" HPOS="1658"/>
<SP HEIGHT="53" WIDTH="29" VPOS="2609" HPOS="1871"/>
<String CONTENT="for" HEIGHT="45" WIDTH="73" VPOS="2609" HPOS="1901"/>
<SP HEIGHT="36" WIDTH="27" VPOS="2619" HPOS="1975"/>
<String CONTENT="the" HEIGHT="44" WIDTH="75" VPOS="2611" HPOS="2003"/>
</TextLine>
<TextLine HEIGHT="54" WIDTH="1273" VPOS="2663" HPOS="149">
<String CONTENT="benefit" HEIGHT="44" WIDTH="164" VPOS="2668" HPOS="149"/>
<SP HEIGHT="36" WIDTH="34" VPOS="2675" HPOS="314"/>
<String CONTENT="of" HEIGHT="44" WIDTH="50" VPOS="2667" HPOS="349"/>
<SP HEIGHT="43" WIDTH="33" VPOS="2667" HPOS="400"/>
<String CONTENT="the" HEIGHT="44" WIDTH="78" VPOS="2666" HPOS="434"/>
<SP HEIGHT="29" WIDTH="31" VPOS="2681" HPOS="513"/>
<String CONTENT="state" HEIGHT="37" WIDTH="115" VPOS="2673" HPOS="545"/>
<SP HEIGHT="29" WIDTH="34" VPOS="2681" HPOS="661"/>
<String CONTENT="of" HEIGHT="45" WIDTH="50" VPOS="2665" HPOS="696"/>
<SP HEIGHT="43" WIDTH="32" VPOS="2665" HPOS="747"/>
<String CONTENT="Arizona," HEIGHT="52" WIDTH="216" VPOS="2665" HPOS="780"/>
<SP HEIGHT="52" WIDTH="38" VPOS="2665" HPOS="997"/>
<String CONTENT="Phoenix," HEIGHT="51" WIDTH="219" VPOS="2664" HPOS="1036"/>
<SP HEIGHT="50" WIDTH="38" VPOS="2665" HPOS="1256"/>
<String CONTENT="Ariz." HEIGHT="44" WIDTH="127" VPOS="2663" HPOS="1295"/>
</TextLine>
<TextLine HEIGHT="73" WIDTH="1074" VPOS="2766" HPOS="82" STYLEREFS="StyleId-920E2AFE-EE8F-4EB0-8808-4A5AB6149383-">
<String CONTENT="Bartlett," HEIGHT="73" WIDTH="288" VPOS="2766" HPOS="82"/>
<SP HEIGHT="73" WIDTH="37" VPOS="2766" HPOS="371"/>
<String CONTENT="Alden" HEIGHT="57" WIDTH="207" VPOS="2766" HPOS="409"/>
<SP HEIGHT="57" WIDTH="35" VPOS="2766" HPOS="617"/>
<String CONTENT="Eugene," HEIGHT="72" WIDTH="269" VPOS="2766" HPOS="653"/>
<SP HEIGHT="65" WIDTH="41" VPOS="2768" HPOS="923"/>
<String CONTENT="1873-" HEIGHT="57" WIDTH="191" VPOS="2767" HPOS="965"/>
</TextLine>
<TextLine HEIGHT="74" WIDTH="1928" VPOS="2854" HPOS="154" STYLEREFS="StyleId-920E2AFE-EE8F-4EB0-8808-4A5AB6149383-" CS="1">
<String CONTENT="Least" HEIGHT="57" WIDTH="190" VPOS="2858" HPOS="154"/>
<SP HEIGHT="57" WIDTH="33" VPOS="2858" HPOS="345"/>
<String CONTENT="known" HEIGHT="56" WIDTH="221" VPOS="2858" HPOS="379"/>
<SP HEIGHT="56" WIDTH="32" VPOS="2857" HPOS="601"/>
<String CONTENT="America," HEIGHT="73" WIDTH="310" VPOS="2855" HPOS="634"/>
<SP HEIGHT="72" WIDTH="35" VPOS="2856" HPOS="945"/>
<String CONTENT="by" HEIGHT="71" WIDTH="84" VPOS="2856" HPOS="981"/>
<SP HEIGHT="72" WIDTH="31" VPOS="2855" HPOS="1066"/>
<String CONTENT="A." HEIGHT="59" WIDTH="76" VPOS="2855" HPOS="1098"/>
<SP HEIGHT="59" WIDTH="35" VPOS="2855" HPOS="1175"/>
<String CONTENT="Eugene" HEIGHT="72" WIDTH="257" VPOS="2855" HPOS="1211"/>
<SP HEIGHT="57" WIDTH="37" VPOS="2854" HPOS="1469"/>
<String CONTENT="Bartlett" HEIGHT="59" WIDTH="277" VPOS="2854" HPOS="1507"/>
<SP HEIGHT="55" WIDTH="41" VPOS="2858" HPOS="1785"/>
<String CS="1" CONTENT="&#8230;"/>
<SP HEIGHT="38" WIDTH="40" VPOS="2876" HPOS="1891"/>
<String CONTENT="with" HEIGHT="57" WIDTH="150" VPOS="2858" HPOS="1932"/>
</TextLine>
<TextLine HEIGHT="78" WIDTH="1762" VPOS="2930" HPOS="76" STYLEREFS="StyleId-920E2AFE-EE8F-4EB0-8808-4A5AB6149383-" CS="1">
<String CONTENT="maps" HEIGHT="52" WIDTH="180" VPOS="2956" HPOS="76"/>
<SP HEIGHT="38" WIDTH="36" VPOS="2956" HPOS="257"/>
<String CONTENT="and" HEIGHT="56" WIDTH="123" VPOS="2937" HPOS="294"/>
<SP HEIGHT="58" WIDTH="32" VPOS="2935" HPOS="418"/>
<String CONTENT="illustrations." HEIGHT="58" WIDTH="439" VPOS="2934" HPOS="451"/>
<SP HEIGHT="58" WIDTH="74" VPOS="2933" HPOS="891"/>
<String CONTENT="New" HEIGHT="57" WIDTH="153" VPOS="2933" HPOS="966"/>
<SP HEIGHT="57" WIDTH="31" VPOS="2932" HPOS="1120"/>
<String CONTENT="York," HEIGHT="73" WIDTH="190" VPOS="2932" HPOS="1152"/>
<SP HEIGHT="75" WIDTH="38" VPOS="2930" HPOS="1343"/>
<String CONTENT="Chicago" HEIGHT="74" WIDTH="270" VPOS="2930" HPOS="1382"/>
<SP HEIGHT="53" WIDTH="38" VPOS="2952" HPOS="1653"/>
<String CONTENT="[etc.]" HEIGHT="71" WIDTH="146" VPOS="2936" HPOS="1692"/>
</TextLine>
<TextLine HEIGHT="153" WIDTH="1981" VPOS="2934" HPOS="75" STYLEREFS="StyleId-920E2AFE-EE8F-4EB0-8808-4A5AB6149383-" CS="1">
<String CONTENT="Fleming" HEIGHT="153" WIDTH="1981" VPOS="2934" HPOS="75"/>
<SP HEIGHT="73" WIDTH="22" VPOS="3014" HPOS="187"/>
<String CONTENT="H." HEIGHT="56" WIDTH="79" VPOS="3014" HPOS="210"/>
<SP HEIGHT="56" WIDTH="27" VPOS="3014" HPOS="290"/>
<String CONTENT="Revell" HEIGHT="58" WIDTH="217" VPOS="3013" HPOS="318"/>
<SP HEIGHT="57" WIDTH="26" VPOS="3013" HPOS="536"/>
<String CONTENT="company" HEIGHT="53" WIDTH="308" VPOS="3030" HPOS="563"/>
<SP HEIGHT="52" WIDTH="27" VPOS="3031" HPOS="872"/>
<String CONTENT="[" HEIGHT="43" WIDTH="14" VPOS="3040" HPOS="900"/>
<String STYLE="superscript" CONTENT="c" HEIGHT="22" WIDTH="18" VPOS="3019" HPOS="916"/>
<String CONTENT="1925]" HEIGHT="68" WIDTH="165" VPOS="3011" HPOS="938"/>
</TextLine>
<TextLine HEIGHT="56" WIDTH="1061" VPOS="3088" HPOS="145">
<String CONTENT="286" HEIGHT="44" WIDTH="83" VPOS="3092" HPOS="145"/>
<SP HEIGHT="52" WIDTH="27" VPOS="3092" HPOS="229"/>
<String CONTENT="p." HEIGHT="38" WIDTH="39" VPOS="3106" HPOS="257"/>
<SP HEIGHT="43" WIDTH="59" VPOS="3091" HPOS="297"/>
<String CONTENT="front.," HEIGHT="52" WIDTH="151" VPOS="3091" HPOS="357"/>
<SP HEIGHT="38" WIDTH="29" VPOS="3105" HPOS="509"/>
<String CONTENT="plates," HEIGHT="54" WIDTH="156" VPOS="3089" HPOS="539"/>
<SP HEIGHT="38" WIDTH="28" VPOS="3104" HPOS="696"/>
<String CONTENT="port.," HEIGHT="46" WIDTH="129" VPOS="3096" HPOS="725"/>
<SP HEIGHT="37" WIDTH="28" VPOS="3104" HPOS="855"/>
<String CONTENT="maps." HEIGHT="38" WIDTH="140" VPOS="3102" HPOS="884"/>
<SP HEIGHT="43" WIDTH="57" VPOS="3088" HPOS="1025"/>
<String CONTENT="21" HEIGHT="43" WIDTH="50" VPOS="3088" HPOS="1083"/>
<String STYLE="superscript" CONTENT="cm" HEIGHT="18" WIDTH="47" VPOS="3089" HPOS="1143"/>
<String CONTENT="." HEIGHT="9" WIDTH="9" VPOS="3121" HPOS="1197"/>
</TextLine>
<TextLine HEIGHT="58" WIDTH="1670" VPOS="3143" HPOS="409" CS="1">
<String CS="1" CONTENT="CONTENTS.&#8212;pt." HEIGHT="51" WIDTH="136" VPOS="3150" HPOS="409"/>
<SP/>
<String CS="1" CONTENT="l."/>
<SP/>
<String CONTENT="Our" HEIGHT="44" WIDTH="100" VPOS="3146" HPOS="664"/>
<SP HEIGHT="42" WIDTH="34" VPOS="3146" HPOS="765"/>
<String CONTENT="least" HEIGHT="43" WIDTH="115" VPOS="3146" HPOS="800"/>
<SP HEIGHT="44" WIDTH="36" VPOS="3145" HPOS="916"/>
<String CONTENT="known" HEIGHT="43" WIDTH="165" VPOS="3145" HPOS="953"/>
<SP HEIGHT="46" WIDTH="39" VPOS="3143" HPOS="1119"/>
<String CONTENT="Southwest.&#8212;pt." HEIGHT="53" WIDTH="400" VPOS="3143" HPOS="1159"/>
<SP HEIGHT="36" WIDTH="38" VPOS="3150" HPOS="1560"/>
<String CONTENT="2." HEIGHT="37" WIDTH="39" VPOS="3150" HPOS="1599"/>
<SP HEIGHT="43" WIDTH="34" VPOS="3144" HPOS="1639"/>
<String CONTENT="America&#8217;s" HEIGHT="45" WIDTH="251" VPOS="3144" HPOS="1674"/>
<SP HEIGHT="42" WIDTH="40" VPOS="3147" HPOS="1926"/>
<String CONTENT="little" HEIGHT="45" WIDTH="112" VPOS="3146" HPOS="1967"/>
</TextLine>
<TextLine HEIGHT="55" WIDTH="2003" VPOS="3200" HPOS="77">
<String CONTENT="known" HEIGHT="44" WIDTH="165" VPOS="3208" HPOS="77"/>
<SP HEIGHT="28" WIDTH="38" VPOS="3222" HPOS="243"/>
<String CONTENT="northeast" HEIGHT="44" WIDTH="237" VPOS="3205" HPOS="282"/>
<SP HEIGHT="37" WIDTH="41" VPOS="3213" HPOS="520"/>
<String CONTENT="[Newfoundland].&#8212;pt." HEIGHT="53" WIDTH="545" VPOS="3202" HPOS="562"/>
<SP HEIGHT="38" WIDTH="40" VPOS="3207" HPOS="1108"/>
<String CONTENT="3." HEIGHT="38" WIDTH="40" VPOS="3207" HPOS="1149"/>
<SP HEIGHT="45" WIDTH="40" VPOS="3200" HPOS="1190"/>
<String CONTENT="Outposts" HEIGHT="53" WIDTH="219" VPOS="3200" HPOS="1231"/>
<SP HEIGHT="29" WIDTH="43" VPOS="3216" HPOS="1451"/>
<String CONTENT="and" HEIGHT="44" WIDTH="89" VPOS="3201" HPOS="1495"/>
<SP HEIGHT="45" WIDTH="39" VPOS="3201" HPOS="1585"/>
<String CONTENT="outport's" HEIGHT="46" WIDTH="204" VPOS="3208" HPOS="1625"/>
<SP HEIGHT="28" WIDTH="42" VPOS="3219" HPOS="1830"/>
<String CONTENT="of" HEIGHT="45" WIDTH="50" VPOS="3202" HPOS="1873"/>
<SP HEIGHT="44" WIDTH="41" VPOS="3202" HPOS="1924"/>
<String CONTENT="least" HEIGHT="45" WIDTH="114" VPOS="3203" HPOS="1966"/>
</TextLine>
<TextLine HEIGHT="57" WIDTH="2004" VPOS="3257" HPOS="77">
<String CONTENT="known" HEIGHT="43" WIDTH="164" VPOS="3265" HPOS="77"/>
<SP HEIGHT="44" WIDTH="40" VPOS="3263" HPOS="242"/>
<String CONTENT="America:" HEIGHT="44" WIDTH="244" VPOS="3261" HPOS="283"/>
<SP HEIGHT="43" WIDTH="43" VPOS="3260" HPOS="528"/>
<String CONTENT="Little" HEIGHT="45" WIDTH="137" VPOS="3259" HPOS="572"/>
<SP HEIGHT="43" WIDTH="41" VPOS="3260" HPOS="710"/>
<String CONTENT="known" HEIGHT="43" WIDTH="166" VPOS="3260" HPOS="752"/>
<SP HEIGHT="44" WIDTH="39" VPOS="3258" HPOS="919"/>
<String CONTENT="isles" HEIGHT="44" WIDTH="104" VPOS="3258" HPOS="959"/>
<SP HEIGHT="30" WIDTH="41" VPOS="3272" HPOS="1064"/>
<String CONTENT="of" HEIGHT="45" WIDTH="52" VPOS="3257" HPOS="1106"/>
<SP HEIGHT="44" WIDTH="37" VPOS="3257" HPOS="1159"/>
<String CONTENT="the" HEIGHT="44" WIDTH="75" VPOS="3257" HPOS="1197"/>
<SP HEIGHT="43" WIDTH="43" VPOS="3257" HPOS="1273"/>
<String CONTENT="Indies," HEIGHT="53" WIDTH="163" VPOS="3257" HPOS="1317"/>
<SP HEIGHT="52" WIDTH="45" VPOS="3258" HPOS="1481"/>
<String CONTENT="Pitch" HEIGHT="44" WIDTH="133" VPOS="3258" HPOS="1527"/>
<SP HEIGHT="42" WIDTH="42" VPOS="3259" HPOS="1661"/>
<String CONTENT="Lake," HEIGHT="53" WIDTH="136" VPOS="3259" HPOS="1704"/>
<SP HEIGHT="52" WIDTH="42" VPOS="3260" HPOS="1841"/>
<String CONTENT="Up" HEIGHT="54" WIDTH="77" VPOS="3260" HPOS="1884"/>
<SP HEIGHT="45" WIDTH="40" VPOS="3269" HPOS="1962"/>
<String CONTENT="the" HEIGHT="45" WIDTH="78" VPOS="3261" HPOS="2003"/>
</TextLine>
<TextLine HEIGHT="118" WIDTH="1982" VPOS="3312" HPOS="75" CS="1">
<String CONTENT="Demerara" HEIGHT="42" WIDTH="251" VPOS="3323" HPOS="75"/>
<SP HEIGHT="43" WIDTH="33" VPOS="3319" HPOS="327"/>
<String CONTENT="River," HEIGHT="49" WIDTH="152" VPOS="3317" HPOS="361"/>
<SP HEIGHT="50" WIDTH="33" VPOS="3316" HPOS="514"/>
<String CONTENT="On" HEIGHT="44" WIDTH="73" VPOS="3316" HPOS="548"/>
<SP HEIGHT="36" WIDTH="33" VPOS="3324" HPOS="622"/>
<String CONTENT="the" HEIGHT="44" WIDTH="75" VPOS="3316" HPOS="656"/>
<SP HEIGHT="29" WIDTH="32" VPOS="3330" HPOS="732"/>
<String CONTENT="road" HEIGHT="44" WIDTH="111" VPOS="3315" HPOS="765"/>
<SP HEIGHT="44" WIDTH="31" VPOS="3315" HPOS="877"/>
<String CONTENT="to" HEIGHT="35" WIDTH="50" VPOS="3323" HPOS="909"/>
<SP HEIGHT="43" WIDTH="27" VPOS="3315" HPOS="960"/>
<String CONTENT="Yancey&#8217;s," HEIGHT="53" WIDTH="240" VPOS="3313" HPOS="988"/>
<SP HEIGHT="53" WIDTH="30" VPOS="3312" HPOS="1229"/>
<String CONTENT="Teaticket," HEIGHT="52" WIDTH="253" VPOS="3312" HPOS="1260"/>
<SP HEIGHT="52" WIDTH="38" VPOS="3312" HPOS="1514"/>
<String CONTENT="Cuttyhunk," HEIGHT="56" WIDTH="274" VPOS="3312" HPOS="1553"/>
<SP HEIGHT="51" WIDTH="32" VPOS="3316" HPOS="1828"/>
<String CONTENT="The" HEIGHT="44" WIDTH="100" VPOS="3316" HPOS="1861"/>
<SP HEIGHT="44" WIDTH="32" VPOS="3317" HPOS="1962"/>
<String CONTENT="Albany" HEIGHT="113" WIDTH="1982" VPOS="3317" HPOS="75"/>
<SP HEIGHT="37" WIDTH="24" VPOS="3393" HPOS="195"/>
<String CONTENT="wilderness." HEIGHT="44" WIDTH="278" VPOS="3376" HPOS="220"/>
</TextLine>
<TextLine HEIGHT="63" WIDTH="1944" VPOS="3424" HPOS="73" CS="1">
<String CONTENT="&#169;" HEIGHT="54" WIDTH="57" VPOS="3433" HPOS="73"/>
<SP HEIGHT="54" WIDTH="26" VPOS="3433" HPOS="131"/>
<String CONTENT="June" HEIGHT="52" WIDTH="114" VPOS="3435" HPOS="158"/>
<SP HEIGHT="45" WIDTH="25" VPOS="3432" HPOS="273"/>
<String CONTENT="27," HEIGHT="53" WIDTH="67" VPOS="3430" HPOS="299"/>
<SP HEIGHT="50" WIDTH="32" VPOS="3433" HPOS="367"/>
<String CONTENT="1925;" HEIGHT="53" WIDTH="130" VPOS="3429" HPOS="400"/>
<SP HEIGHT="52" WIDTH="29" VPOS="3430" HPOS="531"/>
<String CONTENT="2c." HEIGHT="42" WIDTH="64" VPOS="3430" HPOS="561"/>
<SP HEIGHT="28" WIDTH="29" VPOS="3444" HPOS="626"/>
<String CONTENT="and" HEIGHT="43" WIDTH="87" VPOS="3429" HPOS="656"/>
<SP/>
<String CONTENT="aff." HEIGHT="42" WIDTH="79" VPOS="3429" HPOS="771"/>
<SP HEIGHT="44" WIDTH="31" VPOS="3428" HPOS="851"/>
<String CONTENT="Oct." HEIGHT="44" WIDTH="102" VPOS="3428" HPOS="883"/>
<SP HEIGHT="42" WIDTH="32" VPOS="3429" HPOS="986"/>
<String CONTENT="14;" HEIGHT="51" WIDTH="74" VPOS="3427" HPOS="1019"/>
<SP HEIGHT="51" WIDTH="32" VPOS="3427" HPOS="1094"/>
<!-- cceid 362EE4D8-6DD5-1014-B757-AF09C522E301 --><String CONTENT="A" HEIGHT="42" WIDTH="44" VPOS="3427" HPOS="1127"/>
<SP HEIGHT="43" WIDTH="28" VPOS="3427" HPOS="1172"/>
<String CONTENT="869458;" HEIGHT="54" WIDTH="188" VPOS="3424" HPOS="1201"/>
<SP HEIGHT="52" WIDTH="35" VPOS="3426" HPOS="1390"/>
<String CONTENT="Fleming" HEIGHT="56" WIDTH="211" VPOS="3426" HPOS="1426"/>
<SP HEIGHT="53" WIDTH="27" VPOS="3429" HPOS="1638"/>
<String CONTENT="H." HEIGHT="44" WIDTH="62" VPOS="3429" HPOS="1666"/>
<SP HEIGHT="43" WIDTH="32" VPOS="3430" HPOS="1729"/>
<String CONTENT="Revell" HEIGHT="43" WIDTH="156" VPOS="3430" HPOS="1762"/>
<SP HEIGHT="43" WIDTH="30" VPOS="3431" HPOS="1919"/>
<String CONTENT="co." HEIGHT="29" WIDTH="67" VPOS="3446" HPOS="1950"/>
</TextLine>
<TextLine HEIGHT="58" WIDTH="270" VPOS="3486" HPOS="155">
<String CONTENT="(25-20251)" HEIGHT="58" WIDTH="270" VPOS="3486" HPOS="155"/>
</TextLine>
<TextLine HEIGHT="78" WIDTH="889" VPOS="3583" HPOS="78" STYLEREFS="StyleId-FD74EAE3-9B13-497A-A531-FAD95654C456-">
<String CONTENT="Berger," HEIGHT="69" WIDTH="251" VPOS="3592" HPOS="78"/>
<SP HEIGHT="72" WIDTH="36" VPOS="3588" HPOS="330"/>
<String CONTENT="William" HEIGHT="61" WIDTH="282" VPOS="3585" HPOS="367"/>
<SP HEIGHT="56" WIDTH="34" VPOS="3586" HPOS="650"/>
<String CONTENT="Francis." HEIGHT="59" WIDTH="282" VPOS="3583" HPOS="685"/>
</TextLine>
<TextLine HEIGHT="142" WIDTH="1974" VPOS="3674" HPOS="71" STYLEREFS="StyleId-920E2AFE-EE8F-4EB0-8808-4A5AB6149383-" CS="1">
<String CONTENT="The" HEIGHT="57" WIDTH="129" VPOS="3680" HPOS="150"/>
<SP HEIGHT="59" WIDTH="42" VPOS="3678" HPOS="280"/>
<String CONTENT="Sunday-school" HEIGHT="73" WIDTH="497" VPOS="3675" HPOS="323"/>
<SP HEIGHT="56" WIDTH="37" VPOS="3675" HPOS="821"/>
<String CONTENT="teacher" HEIGHT="57" WIDTH="253" VPOS="3674" HPOS="859"/>
<SP HEIGHT="37" WIDTH="39" VPOS="3692" HPOS="1113"/>
<String CONTENT="as" HEIGHT="38" WIDTH="69" VPOS="3692" HPOS="1153"/>
<SP HEIGHT="38" WIDTH="40" VPOS="3692" HPOS="1223"/>
<String CONTENT="a" HEIGHT="37" WIDTH="35" VPOS="3692" HPOS="1264"/>
<SP HEIGHT="38" WIDTH="39" VPOS="3692" HPOS="1300"/>
<String CONTENT="soul-winner," HEIGHT="73" WIDTH="417" VPOS="3674" HPOS="1340"/>
<SP HEIGHT="71" WIDTH="39" VPOS="3676" HPOS="1758"/>
<String CONTENT="by" HEIGHT="71" WIDTH="82" VPOS="3676" HPOS="1798"/>
<SP HEIGHT="70" WIDTH="36" VPOS="3677" HPOS="1881"/>
<String CONTENT="William" HEIGHT="139" WIDTH="1974" VPOS="3677" HPOS="71"/>
</TextLine>
<TextLine HEIGHT="79" WIDTH="1797" VPOS="3749" HPOS="269" STYLEREFS="StyleId-920E2AFE-EE8F-4EB0-8808-4A5AB6149383-" CS="1">
<String CONTENT="Francis" HEIGHT="60" WIDTH="265" VPOS="3754" HPOS="269"/>
<SP HEIGHT="58" WIDTH="45" VPOS="3754" HPOS="535"/>
<String CONTENT="Berger," HEIGHT="72" WIDTH="260" VPOS="3754" HPOS="581"/>
<SP HEIGHT="52" WIDTH="48" VPOS="3772" HPOS="842"/>
<String CS="1" CONTENT="A." HEIGHT="10" WIDTH="10" VPOS="3799" HPOS="933"/>
<SP HEIGHT="38" WIDTH="49" VPOS="3771" HPOS="944"/>
<String CS="1" CONTENT="M." HEIGHT="11" WIDTH="11" VPOS="3798" HPOS="1053"/>
<SP HEIGHT="59" WIDTH="86" VPOS="3750" HPOS="1065"/>
<String CONTENT="New" HEIGHT="58" WIDTH="153" VPOS="3750" HPOS="1152"/>
<SP HEIGHT="57" WIDTH="45" VPOS="3750" HPOS="1306"/>
<String CONTENT="York," HEIGHT="74" WIDTH="191" VPOS="3750" HPOS="1352"/>
<SP HEIGHT="75" WIDTH="52" VPOS="3749" HPOS="1544"/>
<String CONTENT="Chicago" HEIGHT="77" WIDTH="270" VPOS="3749" HPOS="1597"/>
<SP HEIGHT="56" WIDTH="50" VPOS="3772" HPOS="1868"/>
<String CONTENT="[etc.]" HEIGHT="70" WIDTH="147" VPOS="3758" HPOS="1919"/>
</TextLine>
<TextLine HEIGHT="78" WIDTH="1211" VPOS="3829" HPOS="70" STYLEREFS="StyleId-920E2AFE-EE8F-4EB0-8808-4A5AB6149383-">
<String CONTENT="Fleming" HEIGHT="70" WIDTH="289" VPOS="3837" HPOS="70"/>
<SP HEIGHT="73" WIDTH="25" VPOS="3834" HPOS="360"/>
<String CONTENT="H." HEIGHT="56" WIDTH="80" VPOS="3834" HPOS="386"/>
<SP HEIGHT="57" WIDTH="28" VPOS="3833" HPOS="467"/>
<String CONTENT="Revell" HEIGHT="57" WIDTH="218" VPOS="3832" HPOS="496"/>
<SP HEIGHT="55" WIDTH="27" VPOS="3834" HPOS="715"/>
<String CONTENT="company" HEIGHT="54" WIDTH="305" VPOS="3847" HPOS="743"/>
<SP HEIGHT="54" WIDTH="29" VPOS="3848" HPOS="1049"/>
<String CONTENT="[" HEIGHT="44" WIDTH="13" VPOS="3858" HPOS="1079"/>
<String STYLE="superscript" CONTENT="c" HEIGHT="21" WIDTH="18" VPOS="3838" HPOS="1094"/>
<String CONTENT="1925]" HEIGHT="75" WIDTH="165" VPOS="3829" HPOS="1116"/>
</TextLine>
<TextLine HEIGHT="55" WIDTH="354" VPOS="3912" HPOS="143" CS="1">
<String CONTENT="140" HEIGHT="44" WIDTH="78" VPOS="3915" HPOS="143"/>
<SP HEIGHT="52" WIDTH="24" VPOS="3915" HPOS="222"/>
<String CONTENT="p." HEIGHT="38" WIDTH="40" VPOS="3929" HPOS="247"/>
<SP HEIGHT="47" WIDTH="62" VPOS="3912" HPOS="288"/>
<String CS="1" CONTENT="19&#189;"/>
<String STYLE="superscript" CS="1" CONTENT="cm" HEIGHT="17" WIDTH="15" VPOS="3915" HPOS="436"/>
<String CONTENT="." HEIGHT="8" WIDTH="7" VPOS="3947" HPOS="490"/>
</TextLine>
<TextLine HEIGHT="62" WIDTH="1909" VPOS="3961" HPOS="75">
<String CONTENT="&#169;" HEIGHT="54" WIDTH="53" VPOS="3969" HPOS="75"/>
<SP HEIGHT="54" WIDTH="29" VPOS="3969" HPOS="129"/>
<String CONTENT="May" HEIGHT="51" WIDTH="112" VPOS="3972" HPOS="159"/>
<SP HEIGHT="53" WIDTH="24" VPOS="3970" HPOS="272"/>
<String CONTENT="9," HEIGHT="49" WIDTH="37" VPOS="3970" HPOS="297"/>
<SP HEIGHT="50" WIDTH="34" VPOS="3969" HPOS="335"/>
<String CONTENT="1925;" HEIGHT="53" WIDTH="130" VPOS="3966" HPOS="370"/>
<SP HEIGHT="51" WIDTH="28" VPOS="3968" HPOS="501"/>
<String CONTENT="2c." HEIGHT="42" WIDTH="66" VPOS="3968" HPOS="530"/>
<SP HEIGHT="28" WIDTH="28" VPOS="3981" HPOS="597"/>
<String CONTENT="and" HEIGHT="43" WIDTH="87" VPOS="3966" HPOS="626"/>
<SP HEIGHT="43" WIDTH="28" VPOS="3966" HPOS="714"/>
<String CONTENT="aff." HEIGHT="43" WIDTH="79" VPOS="3965" HPOS="743"/>
<SP HEIGHT="44" WIDTH="31" VPOS="3964" HPOS="823"/>
<String CONTENT="Oct." HEIGHT="44" WIDTH="101" VPOS="3964" HPOS="855"/>
<SP HEIGHT="41" WIDTH="34" VPOS="3965" HPOS="957"/>
<String CONTENT="14;" HEIGHT="51" WIDTH="74" VPOS="3963" HPOS="992"/>
<SP HEIGHT="52" WIDTH="30" VPOS="3962" HPOS="1067"/>
<!-- cceid 362F1AC3-6DD5-1014-B757-AF09C522E301 --><String CONTENT="A" HEIGHT="43" WIDTH="45" VPOS="3962" HPOS="1098"/>
<SP HEIGHT="44" WIDTH="30" VPOS="3962" HPOS="1144"/>
<String CONTENT="869456;" HEIGHT="54" WIDTH="189" VPOS="3961" HPOS="1175"/>
<SP HEIGHT="54" WIDTH="31" VPOS="3961" HPOS="1365"/>
<String CONTENT="Fleming" HEIGHT="56" WIDTH="211" VPOS="3961" HPOS="1397"/>
<SP HEIGHT="53" WIDTH="27" VPOS="3964" HPOS="1609"/>
<String CONTENT="H." HEIGHT="45" WIDTH="62" VPOS="3964" HPOS="1637"/>
<SP HEIGHT="43" WIDTH="32" VPOS="3966" HPOS="1700"/>
<String CONTENT="Revell" HEIGHT="43" WIDTH="157" VPOS="3966" HPOS="1733"/>
<SP HEIGHT="42" WIDTH="29" VPOS="3967" HPOS="1891"/>
<String CONTENT="co." HEIGHT="28" WIDTH="63" VPOS="3981" HPOS="1921"/>
</TextLine>
<TextLine HEIGHT="56" WIDTH="270" VPOS="4025" HPOS="153">
<String CONTENT="(25-20423)" HEIGHT="56" WIDTH="270" VPOS="4025" HPOS="153"/>
</TextLine>
</TextBlock>
</PrintSpace>
</Page>
</Layout>
</alto>