2533 4412
1100 4078 111 57 553

161 433 331 57 American
548 433 262 57 medical
867 432 393 58 association.
1360 433 256 58 Council
1677 453 80 38 on
1809 435 341 71 pharmacy

238 512 123 57 and
393 511 350 73 chemistry.

238 600 150 57 New
417 602 121 55 and
565 601 346 57 nonofficial
939 602 321 70 remedies,
1291 602 166 71 1925,
1487 600 362 73 containing
163 599 1958 136 descriptions

361 678 67 57 of
457 680 103 55 the
592 680 250 56 articles
873 680 197 57 which
1102 680 186 61 stand
1318 680 293 69 accepted
1641 679 82 71 by
1753 679 104 56 the
1892 678 256 59 Council

161 775 78 38 on
268 756 341 72 pharmacy
641 758 122 56 and
792 757 338 71 chemistry
1161 756 67 57 of
1259 757 102 56 the
1392 756 335 57 American
1755 755 266 58 medical

164 775 1957 117 association
505 854 77 38 on
619 835 290 72 January
946 839 51 69 1,
1035 836 165 57 1925.
1281 833 289 75 Chicago,
1609 835 336 57 American
161 835 1961 135 medical

321 913 395 72 association,
760 916 164 55 1925.

242 992 747 53 1 p. l., 461, xxxx p. 10½ cm .
169 1048 52 53 ©
253 1050 110 52 May
393 1048 65 53 20,
493 1047 103 46 1925;
656 1052 62 41 2c.
751 1051 89 42 and
871 1050 78 44 aff.
983 1052 112 51 May
1126 1047 50 46 25;
1237 1051 43 41 A
1312 1050 161 43 829421;
1535 1048 245 44 American
1813 1048 189 43 medical
2035 1063 116 28 assn.

159 1160 332 74 Appleton,
528 1162 233 73 Victor,
795 1166 214 71 pseud.

240 1241 138 58 Don
416 1242 240 72 Sturdy
687 1243 65 56 in
788 1244 103 57 the
925 1244 149 58 land
1107 1245 66 57 of
1210 1243 325 58 volcanoes;
1606 1260 87 51 or,
1733 1241 129 56 The
1897 1240 150 57 trail
2084 1241 66 58 of

164 1320 1962 137 the Ten Thousand Smokes, by Victor Appleton … illustrated
426 1400 89 71 by
563 1398 244 59 Walter
866 1400 60 59 S.
985 1400 260 73 Rogers.
1330 1400 149 57 New
1536 1399 189 71 York,
1785 1399 260 59 Grosset
2103 1399 48 57 &

163 1475 465 74 Dunlap [ c 1925]
232 1555 1344 53 iv, 214 p. front. 19 ½ cm . (His D-on Sturdy series)
166 1609 54 53 ©
249 1612 111 42 May
389 1610 59 51 15,
482 1610 129 54 1925;
640 1614 63 41 2c.
731 1612 87 43 and
844 1612 78 43 aff.
951 1613 111 51 May
1091 1613 75 51 18;
1197 1613 43 42 A
1266 1611 189 52 855236;
1488 1611 187 44 Grosset
1703 1612 37 43 &
1767 1610 192 51 Dunlap.

246 1666 240 55 (25-9983)

241 1740 139 56 Don
449 1740 238 71 Sturdy
751 1741 65 56 in
880 1741 103 57 the
1051 1741 202 57 tombs
1320 1741 68 57 of
1454 1740 174 72 gold;
1696 1759 89 51 or,
1853 1740 129 56 The
2051 1739 102 58 old

156 1816 1970 151 Egyptian’s great secret, by Victor Appleton … illustrated by
485 1894 243 58 Walter
753 1895 61 58 S.
840 1895 259 73 Rogers.
1163 1896 151 57 New
1334 1896 190 72 York,
1549 1897 263 58 Grosset
1830 1896 48 56 &
1899 1895 252 72 Dunlap

164 2003 12 44 [c
201 1975 146 54 1925
351 2003 12 43 ]

236 2053 58 51 iv,
320 2052 80 45 214
428 2069 36 36 p.
527 2054 140 44 front.
731 2056 49 43 19½c
834 2057 28 17 m
869 2090 4 7 .
945 2054 117 53 (His
1087 2055 103 44 Don
1220 2054 169 53 Sturdy
1415 2055 163 51 series)

169 2108 52 53 ©
246 2110 111 51 May
386 2108 61 52 15,
477 2108 101 45 1925;
632 2113 63 40 2c.
721 2111 86 42 and
833 2110 77 43 aff.
939 2111 111 51 May
1080 2112 48 42 18;
1181 2112 43 41 A
1249 2109 164 44 855238;
1469 2110 187 44 Grosset
1681 2112 37 42 &
1744 2110 192 52 Dunlap.

246 2164 241 55 (25-9984)

239 2239 140 59 Don
416 2240 239 71 Sturdy
692 2262 77 36 on
805 2242 103 56 the
946 2243 209 56 desert
1193 2242 68 57 of
1295 2244 313 69 mystery;
1647 2253 87 59 or,
1772 2241 280 73 Autoing
2086 2242 66 56 in

165 2318 1989 73 the land of caravans, by Victor Appleton … illustrated
163 2397 82 71 by
292 2395 244 59 Walter
588 2397 60 58 S.
703 2398 259 72 Rogers.
1045 2398 151 56 Mew
1246 2397 190 71 York,
1491 2398 260 58 Grosset
1802 2399 48 57 &
1900 2398 250 71 Dunlap

165 2503 13 43 [
178 2481 18 20 c
201 2475 163 71 1925]

234 2553 56 50 iv,
319 2555 83 42 214
431 2568 39 37 p.
531 2554 135 43 front.
731 2555 51 44 19½
814 2557 47 16 cm
867 2590 9 7 .
945 2553 117 53 (His
1092 2556 106 43 Don
1231 2553 171 54 Sturdy
1432 2554 163 53 series)

169 2606 53 55 ©
249 2610 109 52 May
390 2608 60 44 15.
482 2608 127 53 1925;
638 2612 63 41 2c.
731 2611 86 43 and
844 2610 79 44 aff.
953 2611 111 52 May
1094 2611 72 53 18;
1197 2611 39 43 A
1267 2608 164 47 855240;
1489 2610 187 46 Grosset
1703 2613 39 43 &
1767 2611 194 52 Dunlap.

249 2665 241 55 (25-9985)

242 2740 140 57 Don
425 2740 239 72 Sturdy
704 2741 152 57 with
896 2742 102 58 the
1041 2742 108 72 big
1191 2742 187 58 snake
1419 2743 293 70 hunters;
1759 2761 89 53 or,
1890 2743 156 57 Lost
2087 2743 66 55 in

165 2818 1961 136 the jungles of the Amazon, by Victor Appleton … illustrated
427 2898 82 70 by
559 2897 243 58 Walter
860 2898 59 58 S.
978 2899 260 72 Rogers.
1339 2898 151 57 New
1541 2898 190 72 York,
1790 2900 260 58 Grosset
2106 2900 47 56 &

165 2973 249 74 Dunlap
446 3004 12 42 [
459 2982 18 20 c
483 2976 162 72 1925]

234 3052 58 51 iv,
319 3054 84 43 214
430 3068 38 36 p.
531 3054 140 44 front.
734 3055 48 43 19½
819 3057 14 17 cm
871 3089 9 9 .
949 3054 119 53 (His
1095 3057 108 44 Don
1234 3055 174 53 Sturdy
1432 3056 165 52 series)

169 3106 53 54 ©
251 3109 111 51 May
391 3107 63 53 15,
484 3108 103 44 1925;
643 3113 63 40 2c.
734 3111 86 42 and
846 3110 78 44 aff.
953 3112 112 51 May
1096 3112 48 42 18;
1200 3112 43 42 A
1270 3109 164 46 855239;
1491 3111 186 47 Grosset
1704 3114 38 42 &
1769 3112 192 52 Dunlap.

247 3163 240 56 (25-9986)

162 3249 324 58 Beautiful
536 3252 309 57 America.
928 3254 143 57 Jan.
1129 3256 163 54 1925.
1377 3254 153 56 New
1578 3254 190 73 York,
1822 3256 327 57 Beautiful

237 3327 291 57 America
554 3329 361 73 publishing
943 3349 165 51 corp.
1141 3361 12 42 [
1155 3341 18 20 c
1178 3332 162 70 1924]

242 3406 76 43 160
359 3421 39 37 p.
461 3406 113 44 illus.
635 3407 53 43 30
695 3410 14 17 cm.

169 3460 55 54 ©
255 3464 107 42 Dec.
421 3464 38 49 14,
494 3465 104 42 1924;
653 3467 63 40 2c.
749 3466 86 42 and
864 3465 77 43 aff.
975 3466 112 52 Apr.
1117 3467 67 51 29,
1217 3463 104 46 1925;
1381 3467 43 41 A
1456 3467 164 43 829144;
1680 3467 230 43 Beautiful
1939 3468 212 43 America

237 3521 101 51 pub.
369 3534 118 38 corp.

161 3605 348 71 Benjamin,
550 3607 151 56 Earl
739 3606 312 74 Whitney,
1094 3610 189 56 1889-

242 3697 1842 76 Marketing poultry products, by Earl W. Benjamin …
165 3775 77 57 2d
274 3775 110 72 ed.,
419 3794 126 40 rev.
627 3776 151 58 New
808 3777 189 73 York,
1033 3776 59 59 J.
1127 3776 208 59 Wilev
1367 3776 48 57 &
1449 3796 163 55 sons,
1646 3778 117 59 inc.;
1835 3782 148 72 [etc.,
2019 3783 110 54 etc.]

163 3857 166 55 1925.

234 3930 1918 61 2 p. l., iii-ix, 332 p. illus., col. plates, diagrs. 23½ cm . (Half-title: Poultry
165 3987 1072 49 science series, ed. by J . E. Rice) $3.50
