<alto xmlns="http://www.loc.gov/standards/alto/ns-v3#" xmlns:xlink="http://www.w3.org/1999/xlink" xmlns:xsi="http://www.w3.org/2001/XMLSchema-instance" xsi:schemaLocation="http://www.loc.gov/standards/alto/ns-v3# http://www.loc.gov/alto/v3/alto-3-0.xsd"><Description>
<MeasurementUnit>pixel</MeasurementUnit>
<sourceImageInformation>
<fileName>1925_v22_Part001.pdf</fileName>
</sourceImageInformation>
<OCRProcessing ID="IdOcr">
<ocrProcessingStep>
<processingDateTime>2019-04-03</processingDateTime>
<processingSoftware>
<softwareCreator>ABBYY</softwareCreator>
<softwareName>ABBYY Recognition Server</softwareName>
<softwareVersion>4.0</softwareVersion>
</processingSoftware>
</ocrProcessingStep>
</OCRProcessing>
</Description>
<Styles>
<ParagraphStyle ID="StyleId-FFFFFFFF-FFFF-FFFF-FFFF-FFFFFFFFFFFF-" ALIGN="Left" LEFT="0." RIGHT="0." FIRSTLINE="0."/>
<ParagraphStyle ID="StyleId-2E5B4E57-07AD-4719-97CB-14521F7F4F8A-" ALIGN="Left" LEFT="0." RIGHT="0." FIRSTLINE="0." LINESPACE="8.899999619"/>
<ParagraphStyle ID="StyleId-62A6F688-D6E3-4EFC-837B-4A4C4EB582B7-" ALIGN="Center" LEFT="0." RIGHT="0." FIRSTLINE="0." LINESPACE="12.19999981"/>
<ParagraphStyle ID="StyleId-21B71EBC-BDB5-4E16-A8F2-58189A39665B-" ALIGN="Block" LEFT="0." RIGHT="0." FIRSTLINE="-13." LINESPACE="11.35000038"/>
<ParagraphStyle ID="StyleId-1E1A68C4-DD4F-417A-A13D-7FEC29ECB499-" ALIGN="Block" LEFT="0." RIGHT="0." FIRSTLINE="-15." LINESPACE="13.30000019"/>
<ParagraphStyle ID="StyleId-6B39EC51-644D-4E90-AF07-84EF2B1E466A-" ALIGN="Block" LEFT="0." RIGHT="0." FIRSTLINE="-15." LINESPACE="8.340000153"/>
<ParagraphStyle ID="StyleId-2C1BA15F-E223-41D6-853D-AAFBDAC17E68-" ALIGN="Center" LEFT="0." RIGHT="0." FIRSTLINE="0." LINESPACE="13."/>
<ParagraphStyle ID="StyleId-A3B2CDF3-43F0-422C-90A0-E074BFEC3BC0-" ALIGN="Block" LEFT="0." RIGHT="0." FIRSTLINE="0." LINESPACE="8.899999619"/>
<ParagraphStyle ID="StyleId-28AB2493-EA15-49C1-A6AC-ED5BC404F0B9-" ALIGN="Center" LEFT="0." RIGHT="0." FIRSTLINE="0." LINESPACE="12.19999981"/>
<ParagraphStyle ID="StyleId-4417A6D4-97E2-4EFC-962D-7FBC0D5273E4-" ALIGN="Left" LEFT="0." RIGHT="0." FIRSTLINE="15." LINESPACE="8.340000153"/>
<ParagraphStyle ID="StyleId-D4EF9C5E-3110-4A39-B7BC-3D84E0F04894-" ALIGN="Center" LEFT="0." RIGHT="0." FIRSTLINE="0." LINESPACE="13.30000019"/>
<ParagraphStyle ID="StyleId-D1243F31-1201-4D92-8F69-43ADB01E9AD1-" ALIGN="Left" LEFT="0." RIGHT="0." FIRSTLINE="-13." LINESPACE="13.30000019"/>
<ParagraphStyle ID="StyleId-C65417C6-23F2-4D8F-BA55-ECE73D98CAB9-" ALIGN="Left" LEFT="0." RIGHT="0." FIRSTLINE="0." LINESPACE="8.899999619"/>
<ParagraphStyle ID="StyleId-835763C1-08DD-41BE-8BAD-8E41EA88DAE3-" ALIGN="Center" LEFT="0." RIGHT="0." FIRSTLINE="0." LINESPACE="11.10000038"/>
<ParagraphStyle ID="StyleId-78FD6B81-8F83-422D-8DF4-4274EAFD19C6-" ALIGN="Block" LEFT="0." RIGHT="0." FIRSTLINE="-17." LINESPACE="12.19999981"/>
<ParagraphStyle ID="StyleId-F506BC7F-570D-458B-9F05-A143E1F5FD17-" ALIGN="Block" LEFT="0." RIGHT="0." FIRSTLINE="-17." LINESPACE="11.35000038"/>
<ParagraphStyle ID="StyleId-CBE02C6B-22D0-48C6-A874-7E90A22F4375-" ALIGN="Center" LEFT="0." RIGHT="0." FIRSTLINE="0." LINESPACE="4.400000095"/>
<ParagraphStyle ID="StyleId-14CC0121-63AF-4AB4-9656-E02F46C61AF2-" ALIGN="Left" LEFT="0." RIGHT="0." FIRSTLINE="0." LINESPACE="8.899999619"/>
<ParagraphStyle ID="StyleId-DD64CECB-1B22-4BFF-84F0-DFDE2B0000F8-" ALIGN="Left" LEFT="0." RIGHT="0." FIRSTLINE="0." LINESPACE="12.19999981"/>
<ParagraphStyle ID="StyleId-8AEF4AA8-141A-4E5D-9C3E-C0F9F43C742F-" ALIGN="Left" LEFT="0." RIGHT="0." FIRSTLINE="0." LINESPACE="8.300000191"/>
<ParagraphStyle ID="StyleId-8C396D2A-39C0-48AB-BABA-2679D8AB257E-" ALIGN="Left" LEFT="0." RIGHT="0." FIRSTLINE="0." LINESPACE="11.10000038"/>
<ParagraphStyle ID="StyleId-3B7FE50F-10D4-487F-BDCD-FD26EB60FD4A-" ALIGN="Block" LEFT="0." RIGHT="0." FIRSTLINE="13." LINESPACE="8.340000153"/>
<ParagraphStyle ID="StyleId-8CC5CC8E-615B-4C42-BB46-DB28FA355C27-" ALIGN="Left" LEFT="0." RIGHT="0." FIRSTLINE="0." LINESPACE="12.19999981"/>
<ParagraphStyle ID="StyleId-BC67E79D-8D99-4188-8B35-A59DBB7E2BB0-" ALIGN="Block" LEFT="0." RIGHT="0." FIRSTLINE="11." LINESPACE="9.399999619"/>
</Styles>
<Layout>
<Page ID="Page805" PHYSICAL_IMG_NR="805" HEIGHT="4412" WIDTH="2533">
<TopMargin HEIGHT="390" WIDTH="2533" VPOS="0" HPOS="0">
</TopMargin>
<LeftMargin HEIGHT="3646" WIDTH="62" VPOS="390" HPOS="0">
</LeftMargin>
<RightMargin HEIGHT="3646" WIDTH="449" VPOS="390" HPOS="2084">
</RightMargin>
<BottomMargin HEIGHT="376" WIDTH="2533" VPOS="4036" HPOS="0">
<TextBlock ID="Page805_Block1" HEIGHT="209" WIDTH="305" VPOS="4049" HPOS="987" LANG="en-US" STYLEREFS="StyleId-96F57FE5-B1D2-4757-B359-43C2EF05468E-">
<TextLine HEIGHT="57" WIDTH="110" VPOS="4050" HPOS="1022">
<String CONTENT="805" HEIGHT="57" WIDTH="110" VPOS="4050" HPOS="1022"/>
</TextLine>
</TextBlock>
</BottomMargin>
<PrintSpace HEIGHT="3646" WIDTH="2022" VPOS="390" HPOS="62">
<TextBlock ID="Page805_Block2" HEIGHT="3646" WIDTH="2022" VPOS="390" HPOS="62" LANG="en-US" CS="1" STYLEREFS="StyleId-07A06FBD-1872-48FC-8086-81BBE8AC0463-">
<TextLine HEIGHT="75" WIDTH="1029" VPOS="400" HPOS="76" STYLEREFS="StyleId-12E8B93D-4AF7-4136-9B49-AE4E6928FCD4-">
<String CONTENT="Se" HEIGHT="59" WIDTH="80" VPOS="401" HPOS="76"/>
<SP HEIGHT="56" WIDTH="37" VPOS="402" HPOS="157"/>
<String CONTENT="Boyar," HEIGHT="72" WIDTH="225" VPOS="402" HPOS="195"/>
<SP HEIGHT="72" WIDTH="39" VPOS="402" HPOS="421"/>
<String CONTENT="Gerald" HEIGHT="59" WIDTH="233" VPOS="401" HPOS="461"/>
<SP HEIGHT="58" WIDTH="35" VPOS="402" HPOS="695"/>
<String CONTENT="Edwin," HEIGHT="75" WIDTH="241" VPOS="400" HPOS="731"/>
<SP HEIGHT="55" WIDTH="41" VPOS="420" HPOS="973"/>
<String CONTENT="ed." HEIGHT="58" WIDTH="90" VPOS="403" HPOS="1015"/>
</TextLine>
<TextLine HEIGHT="74" WIDTH="1912" VPOS="492" HPOS="154" STYLEREFS="StyleId-BA3BBE00-7820-4BAB-A5C3-B71C3A4C3EC4-">
<String CONTENT="Literature" HEIGHT="59" WIDTH="359" VPOS="492" HPOS="154"/>
<SP HEIGHT="58" WIDTH="24" VPOS="492" HPOS="514"/>
<String CONTENT="for" HEIGHT="58" WIDTH="104" VPOS="492" HPOS="539"/>
<SP HEIGHT="54" WIDTH="23" VPOS="497" HPOS="644"/>
<String CONTENT="the" HEIGHT="58" WIDTH="104" VPOS="493" HPOS="668"/>
<SP HEIGHT="57" WIDTH="25" VPOS="494" HPOS="773"/>
<String CONTENT="business" HEIGHT="60" WIDTH="287" VPOS="493" HPOS="799"/>
<SP HEIGHT="39" WIDTH="24" VPOS="512" HPOS="1087"/>
<String CONTENT="man," HEIGHT="52" WIDTH="164" VPOS="512" HPOS="1112"/>
<SP HEIGHT="52" WIDTH="26" VPOS="512" HPOS="1277"/>
<String CONTENT="selected" HEIGHT="58" WIDTH="268" VPOS="493" HPOS="1304"/>
<SP HEIGHT="56" WIDTH="24" VPOS="495" HPOS="1573"/>
<String CONTENT="and" HEIGHT="56" WIDTH="125" VPOS="495" HPOS="1598"/>
<SP HEIGHT="56" WIDTH="25" VPOS="495" HPOS="1724"/>
<String CONTENT="edited" HEIGHT="60" WIDTH="208" VPOS="492" HPOS="1750"/>
<SP HEIGHT="58" WIDTH="21" VPOS="494" HPOS="1959"/>
<String CONTENT="by" HEIGHT="72" WIDTH="85" VPOS="494" HPOS="1981"/>
</TextLine>
<TextLine HEIGHT="75" WIDTH="1984" VPOS="569" HPOS="79" STYLEREFS="StyleId-BA3BBE00-7820-4BAB-A5C3-B71C3A4C3EC4-" CS="1">
<String CONTENT="Gerald" HEIGHT="59" WIDTH="231" VPOS="570" HPOS="79"/>
<SP HEIGHT="58" WIDTH="35" VPOS="570" HPOS="311"/>
<String CONTENT="E." HEIGHT="57" WIDTH="74" VPOS="570" HPOS="347"/>
<SP HEIGHT="58" WIDTH="40" VPOS="571" HPOS="422"/>
<String CONTENT="Se" HEIGHT="58" WIDTH="80" VPOS="571" HPOS="463"/>
<SP HEIGHT="58" WIDTH="32" VPOS="570" HPOS="544"/>
<String CONTENT="Boyar" HEIGHT="73" WIDTH="215" VPOS="570" HPOS="577"/>
<SP HEIGHT="39" WIDTH="40" VPOS="590" HPOS="793"/>
<String CS="1" CONTENT="&#8230;"/>
<SP HEIGHT="58" WIDTH="80" VPOS="570" HPOS="897"/>
<String CONTENT="New" HEIGHT="58" WIDTH="152" VPOS="570" HPOS="978"/>
<SP HEIGHT="57" WIDTH="32" VPOS="570" HPOS="1131"/>
<String CONTENT="York," HEIGHT="74" WIDTH="192" VPOS="570" HPOS="1164"/>
<SP HEIGHT="73" WIDTH="37" VPOS="571" HPOS="1357"/>
<String CONTENT="F." HEIGHT="57" WIDTH="72" VPOS="571" HPOS="1395"/>
<SP HEIGHT="58" WIDTH="40" VPOS="571" HPOS="1468"/>
<String CONTENT="S." HEIGHT="58" WIDTH="61" VPOS="571" HPOS="1509"/>
<SP HEIGHT="60" WIDTH="42" VPOS="569" HPOS="1571"/>
<String CONTENT="Crofts" HEIGHT="60" WIDTH="217" VPOS="569" HPOS="1614"/>
<SP HEIGHT="58" WIDTH="37" VPOS="571" HPOS="1832"/>
<String CONTENT="&amp;" HEIGHT="57" WIDTH="50" VPOS="571" HPOS="1870"/>
<SP HEIGHT="58" WIDTH="33" VPOS="571" HPOS="1921"/>
<String CONTENT="co.," HEIGHT="53" WIDTH="108" VPOS="591" HPOS="1955"/>
</TextLine>
<TextLine HEIGHT="56" WIDTH="166" VPOS="650" HPOS="77" STYLEREFS="StyleId-BA3BBE00-7820-4BAB-A5C3-B71C3A4C3EC4-">
<String CONTENT="1925." HEIGHT="56" WIDTH="166" VPOS="650" HPOS="77"/>
</TextLine>
<TextLine HEIGHT="56" WIDTH="651" VPOS="739" HPOS="152" CS="1">
<String CONTENT="xxiv" HEIGHT="45" WIDTH="115" VPOS="740" HPOS="152"/>
<SP HEIGHT="40" WIDTH="16" VPOS="755" HPOS="268"/>
<String LANG="la" CONTENT="p.," HEIGHT="40" WIDTH="57" VPOS="755" HPOS="285"/>
<SP HEIGHT="53" WIDTH="23" VPOS="742" HPOS="343"/>
<String LANG="la" CS="1" CONTENT="1"/>
<SP HEIGHT="45" WIDTH="25" VPOS="739" HPOS="386"/>
<String CS="1" CONTENT="l," HEIGHT="18" WIDTH="10" VPOS="774" HPOS="443"/>
<SP HEIGHT="51" WIDTH="20" VPOS="741" HPOS="454"/>
<String CONTENT="419" HEIGHT="44" WIDTH="83" VPOS="741" HPOS="475"/>
<SP HEIGHT="54" WIDTH="19" VPOS="741" HPOS="559"/>
<String CONTENT="p." HEIGHT="39" WIDTH="40" VPOS="756" HPOS="579"/>
<SP HEIGHT="43" WIDTH="56" VPOS="743" HPOS="620"/>
<String CONTENT="21" HEIGHT="44" WIDTH="52" VPOS="742" HPOS="677"/>
<String STYLE="superscript" CONTENT="cm" HEIGHT="19" WIDTH="48" VPOS="743" HPOS="738"/>
<String CONTENT="." HEIGHT="10" WIDTH="11" VPOS="776" HPOS="792"/>
</TextLine>
<TextLine HEIGHT="57" WIDTH="1934" VPOS="808" HPOS="76">
<String CONTENT="&#169;" HEIGHT="54" WIDTH="53" VPOS="808" HPOS="76"/>
<SP HEIGHT="54" WIDTH="24" VPOS="808" HPOS="130"/>
<String CONTENT="Aug." HEIGHT="52" WIDTH="120" VPOS="811" HPOS="155"/>
<SP HEIGHT="43" WIDTH="27" VPOS="811" HPOS="276"/>
<String CONTENT="8," HEIGHT="51" WIDTH="39" VPOS="811" HPOS="304"/>
<SP HEIGHT="50" WIDTH="30" VPOS="812" HPOS="344"/>
<String CONTENT="1925;" HEIGHT="54" WIDTH="128" VPOS="809" HPOS="375"/>
<SP HEIGHT="52" WIDTH="27" VPOS="811" HPOS="504"/>
<String CONTENT="2c." HEIGHT="44" WIDTH="66" VPOS="811" HPOS="532"/>
<SP HEIGHT="30" WIDTH="27" VPOS="825" HPOS="599"/>
<String CONTENT="and" HEIGHT="43" WIDTH="88" VPOS="812" HPOS="627"/>
<SP HEIGHT="43" WIDTH="24" VPOS="812" HPOS="716"/>
<String CONTENT="aff." HEIGHT="43" WIDTH="79" VPOS="812" HPOS="741"/>
<SP HEIGHT="43" WIDTH="27" VPOS="812" HPOS="821"/>
<String CONTENT="Aug." HEIGHT="53" WIDTH="120" VPOS="812" HPOS="849"/>
<SP HEIGHT="42" WIDTH="31" VPOS="813" HPOS="970"/>
<String CONTENT="11;" HEIGHT="52" WIDTH="75" VPOS="812" HPOS="1002"/>
<SP HEIGHT="52" WIDTH="30" VPOS="812" HPOS="1078"/>
<!-- cceid 33802D71-6DD5-1014-B757-AF09C522E301 --><String CONTENT="A" HEIGHT="42" WIDTH="44" VPOS="812" HPOS="1109"/>
<SP HEIGHT="45" WIDTH="25" VPOS="812" HPOS="1154"/>
<String CONTENT="864152;" HEIGHT="54" WIDTH="190" VPOS="809" HPOS="1180"/>
<SP HEIGHT="53" WIDTH="32" VPOS="810" HPOS="1371"/>
<String CONTENT="F." HEIGHT="45" WIDTH="50" VPOS="810" HPOS="1404"/>
<SP HEIGHT="47" WIDTH="31" VPOS="810" HPOS="1455"/>
<String CONTENT="S." HEIGHT="47" WIDTH="45" VPOS="810" HPOS="1487"/>
<SP HEIGHT="45" WIDTH="30" VPOS="810" HPOS="1533"/>
<String CONTENT="Crofts" HEIGHT="46" WIDTH="157" VPOS="810" HPOS="1564"/>
<SP HEIGHT="44" WIDTH="28" VPOS="812" HPOS="1722"/>
<String CONTENT="&amp;" HEIGHT="44" WIDTH="38" VPOS="812" HPOS="1751"/>
<SP HEIGHT="44" WIDTH="26" VPOS="812" HPOS="1790"/>
<String CONTENT="co.;" HEIGHT="38" WIDTH="80" VPOS="825" HPOS="1817"/>
<SP HEIGHT="51" WIDTH="29" VPOS="812" HPOS="1898"/>
<String CONTENT="inc." HEIGHT="43" WIDTH="82" VPOS="812" HPOS="1928"/>
</TextLine>
<TextLine HEIGHT="57" WIDTH="270" VPOS="865" HPOS="155">
<String CONTENT="(25-15529)" HEIGHT="57" WIDTH="270" VPOS="865" HPOS="155"/>
</TextLine>
<TextLine HEIGHT="71" WIDTH="1061" VPOS="981" HPOS="76" STYLEREFS="StyleId-12E8B93D-4AF7-4136-9B49-AE4E6928FCD4-" CS="1">
<String CONTENT="Smith," HEIGHT="71" WIDTH="221" VPOS="981" HPOS="76"/>
<SP HEIGHT="69" WIDTH="43" VPOS="983" HPOS="298"/>
<String CONTENT="Matthew" HEIGHT="59" WIDTH="303" VPOS="982" HPOS="342"/>
<SP HEIGHT="59" WIDTH="40" VPOS="982" HPOS="646"/>
<String CONTENT="J" HEIGHT="59" WIDTH="41" VPOS="982" HPOS="687"/>
<SP/>
<String CONTENT="W." HEIGHT="61" WIDTH="96" VPOS="981" HPOS="1041"/>
</TextLine>
<TextLine HEIGHT="74" WIDTH="1913" VPOS="1072" HPOS="152" STYLEREFS="StyleId-BA3BBE00-7820-4BAB-A5C3-B71C3A4C3EC4-">
<String CONTENT="Letters" HEIGHT="58" WIDTH="250" VPOS="1072" HPOS="152"/>
<SP HEIGHT="56" WIDTH="42" VPOS="1074" HPOS="403"/>
<String CONTENT="to" HEIGHT="56" WIDTH="66" VPOS="1074" HPOS="446"/>
<SP HEIGHT="39" WIDTH="42" VPOS="1091" HPOS="513"/>
<String CONTENT="an" HEIGHT="38" WIDTH="79" VPOS="1092" HPOS="556"/>
<SP HEIGHT="56" WIDTH="43" VPOS="1073" HPOS="636"/>
<String CONTENT="infidel;" HEIGHT="73" WIDTH="242" VPOS="1072" HPOS="680"/>
<SP HEIGHT="52" WIDTH="47" VPOS="1093" HPOS="923"/>
<String CONTENT="essays" HEIGHT="53" WIDTH="217" VPOS="1093" HPOS="971"/>
<SP HEIGHT="53" WIDTH="41" VPOS="1093" HPOS="1189"/>
<String CONTENT="proving" HEIGHT="73" WIDTH="271" VPOS="1073" HPOS="1231"/>
<SP HEIGHT="69" WIDTH="41" VPOS="1077" HPOS="1503"/>
<String CONTENT="the" HEIGHT="58" WIDTH="105" VPOS="1074" HPOS="1545"/>
<SP HEIGHT="39" WIDTH="46" VPOS="1093" HPOS="1651"/>
<String CONTENT="reasonable" HEIGHT="58" WIDTH="367" VPOS="1075" HPOS="1698"/>
</TextLine>
<TextLine HEIGHT="154" WIDTH="1992" VPOS="1149" HPOS="74" STYLEREFS="StyleId-BA3BBE00-7820-4BAB-A5C3-B71C3A4C3EC4-" CS="1">
<String CONTENT="basis" HEIGHT="59" WIDTH="171" VPOS="1150" HPOS="74"/>
<SP HEIGHT="38" WIDTH="33" VPOS="1171" HPOS="246"/>
<String CONTENT="of" HEIGHT="57" WIDTH="67" VPOS="1151" HPOS="280"/>
<SP HEIGHT="60" WIDTH="32" VPOS="1149" HPOS="348"/>
<String CONTENT="Christianity" HEIGHT="74" WIDTH="420" VPOS="1149" HPOS="381"/>
<SP HEIGHT="52" WIDTH="31" VPOS="1171" HPOS="802"/>
<String CONTENT="and" HEIGHT="56" WIDTH="125" VPOS="1153" HPOS="834"/>
<SP HEIGHT="56" WIDTH="31" VPOS="1153" HPOS="960"/>
<String CONTENT="answering" HEIGHT="73" WIDTH="354" VPOS="1152" HPOS="992"/>
<SP HEIGHT="70" WIDTH="31" VPOS="1155" HPOS="1347"/>
<String CONTENT="the" HEIGHT="57" WIDTH="104" VPOS="1152" HPOS="1379"/>
<SP HEIGHT="38" WIDTH="33" VPOS="1171" HPOS="1484"/>
<String CONTENT="attacks" HEIGHT="57" WIDTH="243" VPOS="1152" HPOS="1518"/>
<SP HEIGHT="39" WIDTH="34" VPOS="1171" HPOS="1762"/>
<String CONTENT="of" HEIGHT="58" WIDTH="69" VPOS="1152" HPOS="1797"/>
<SP HEIGHT="57" WIDTH="28" VPOS="1152" HPOS="1867"/>
<String CONTENT="modernism" HEIGHT="134" WIDTH="1963" VPOS="1153" HPOS="78"/>
<SP HEIGHT="39" WIDTH="26" VPOS="1247" HPOS="309"/>
<String CONTENT="and" HEIGHT="58" WIDTH="123" VPOS="1229" HPOS="336"/>
<SP HEIGHT="71" WIDTH="22" VPOS="1229" HPOS="460"/>
<String CONTENT="pseudo-science," HEIGHT="75" WIDTH="523" VPOS="1228" HPOS="483"/>
<SP HEIGHT="73" WIDTH="21" VPOS="1230" HPOS="1007"/>
<String CONTENT="by" HEIGHT="72" WIDTH="85" VPOS="1230" HPOS="1029"/>
<SP HEIGHT="72" WIDTH="23" VPOS="1230" HPOS="1115"/>
<String CONTENT="Rev." HEIGHT="57" WIDTH="151" VPOS="1230" HPOS="1139"/>
<SP HEIGHT="57" WIDTH="26" VPOS="1230" HPOS="1291"/>
<String CONTENT="Matthew" HEIGHT="57" WIDTH="304" VPOS="1230" HPOS="1318"/>
<SP HEIGHT="58" WIDTH="21" VPOS="1230" HPOS="1623"/>
<String CONTENT="J." HEIGHT="58" WIDTH="60" VPOS="1230" HPOS="1645"/>
<SP HEIGHT="58" WIDTH="25" VPOS="1229" HPOS="1706"/>
<String CONTENT="W." HEIGHT="58" WIDTH="97" VPOS="1229" HPOS="1732"/>
<SP HEIGHT="58" WIDTH="30" VPOS="1231" HPOS="1830"/>
<String CONTENT="Smith" HEIGHT="59" WIDTH="205" VPOS="1230" HPOS="1861"/>
</TextLine>
<TextLine HEIGHT="74" WIDTH="1920" VPOS="1306" HPOS="143" STYLEREFS="StyleId-BA3BBE00-7820-4BAB-A5C3-B71C3A4C3EC4-" CS="1">
<String CS="1" CONTENT="&#8230;"/>
<SP HEIGHT="58" WIDTH="86" VPOS="1307" HPOS="143"/>
<String CONTENT="St." HEIGHT="58" WIDTH="91" VPOS="1307" HPOS="230"/>
<SP HEIGHT="58" WIDTH="24" VPOS="1306" HPOS="322"/>
<String CONTENT="Louis," HEIGHT="72" WIDTH="209" VPOS="1306" HPOS="347"/>
<SP HEIGHT="72" WIDTH="26" VPOS="1306" HPOS="557"/>
<String CONTENT="Mo.," HEIGHT="74" WIDTH="143" VPOS="1306" HPOS="584"/>
<SP HEIGHT="53" WIDTH="26" VPOS="1327" HPOS="728"/>
<String CONTENT="and" HEIGHT="56" WIDTH="124" VPOS="1308" HPOS="755"/>
<SP HEIGHT="57" WIDTH="22" VPOS="1307" HPOS="880"/>
<String CONTENT="London," HEIGHT="73" WIDTH="277" VPOS="1307" HPOS="903"/>
<SP HEIGHT="73" WIDTH="24" VPOS="1307" HPOS="1181"/>
<String CONTENT="B." HEIGHT="58" WIDTH="72" VPOS="1307" HPOS="1206"/>
<SP HEIGHT="57" WIDTH="25" VPOS="1308" HPOS="1279"/>
<String CONTENT="Herder" HEIGHT="58" WIDTH="251" VPOS="1308" HPOS="1305"/>
<SP HEIGHT="57" WIDTH="20" VPOS="1308" HPOS="1557"/>
<String CONTENT="book" HEIGHT="57" WIDTH="161" VPOS="1308" HPOS="1578"/>
<SP HEIGHT="58" WIDTH="23" VPOS="1308" HPOS="1740"/>
<String CONTENT="co.," HEIGHT="52" WIDTH="104" VPOS="1328" HPOS="1764"/>
<SP HEIGHT="70" WIDTH="27" VPOS="1310" HPOS="1869"/>
<String CONTENT="1925." HEIGHT="55" WIDTH="166" VPOS="1310" HPOS="1897"/>
</TextLine>
<TextLine HEIGHT="58" WIDTH="525" VPOS="1395" HPOS="149" CS="1">
<String CONTENT="2" HEIGHT="43" WIDTH="27" VPOS="1400" HPOS="149"/>
<SP HEIGHT="53" WIDTH="22" VPOS="1400" HPOS="177"/>
<String LANG="la" CONTENT="p." HEIGHT="38" WIDTH="39" VPOS="1415" HPOS="200"/>
<SP HEIGHT="47" WIDTH="24" VPOS="1395" HPOS="240"/>
<String LANG="la" CS="1" CONTENT="1"/>
<String CONTENT=".," HEIGHT="19" WIDTH="25" VPOS="1433" HPOS="284"/>
<SP HEIGHT="51" WIDTH="26" VPOS="1401" HPOS="310"/>
<String CONTENT="160" HEIGHT="45" WIDTH="77" VPOS="1398" HPOS="337"/>
<SP HEIGHT="54" WIDTH="23" VPOS="1398" HPOS="415"/>
<String CONTENT="p." HEIGHT="39" WIDTH="41" VPOS="1413" HPOS="439"/>
<SP HEIGHT="42" WIDTH="61" VPOS="1401" HPOS="481"/>
<String CS="1" CONTENT="19&#189;" HEIGHT="44" WIDTH="26" VPOS="1399" HPOS="567"/>
<String STYLE="superscript" CONTENT="cm" HEIGHT="19" WIDTH="47" VPOS="1402" HPOS="627"/>
</TextLine>
<TextLine HEIGHT="56" WIDTH="1910" VPOS="1468" HPOS="75">
<String CONTENT="&#169;" HEIGHT="54" WIDTH="53" VPOS="1469" HPOS="75"/>
<SP HEIGHT="54" WIDTH="23" VPOS="1469" HPOS="129"/>
<String CONTENT="Aug." HEIGHT="52" WIDTH="120" VPOS="1472" HPOS="153"/>
<SP HEIGHT="43" WIDTH="25" VPOS="1471" HPOS="274"/>
<String CONTENT="3," HEIGHT="51" WIDTH="39" VPOS="1471" HPOS="300"/>
<SP HEIGHT="51" WIDTH="28" VPOS="1471" HPOS="340"/>
<String CONTENT="1925;" HEIGHT="55" WIDTH="130" VPOS="1468" HPOS="369"/>
<SP HEIGHT="52" WIDTH="26" VPOS="1471" HPOS="500"/>
<String CONTENT="2c." HEIGHT="43" WIDTH="65" VPOS="1471" HPOS="527"/>
<SP HEIGHT="43" WIDTH="25" VPOS="1471" HPOS="593"/>
<String CONTENT="Aug." HEIGHT="52" WIDTH="121" VPOS="1471" HPOS="619"/>
<SP HEIGHT="45" WIDTH="27" VPOS="1469" HPOS="741"/>
<String CONTENT="7;" HEIGHT="54" WIDTH="48" VPOS="1469" HPOS="769"/>
<SP HEIGHT="38" WIDTH="29" VPOS="1485" HPOS="818"/>
<String CONTENT="aff." HEIGHT="44" WIDTH="78" VPOS="1470" HPOS="848"/>
<SP HEIGHT="42" WIDTH="25" VPOS="1472" HPOS="927"/>
<String CONTENT="Aug." HEIGHT="51" WIDTH="121" VPOS="1472" HPOS="953"/>
<SP HEIGHT="44" WIDTH="27" VPOS="1471" HPOS="1075"/>
<String CONTENT="6;" HEIGHT="52" WIDTH="50" VPOS="1471" HPOS="1103"/>
<SP HEIGHT="51" WIDTH="29" VPOS="1472" HPOS="1154"/>
<!-- cceid 3380805C-6DD5-1014-B757-AF09C522E301 --><String CONTENT="A" HEIGHT="42" WIDTH="44" VPOS="1472" HPOS="1184"/>
<SP HEIGHT="44" WIDTH="28" VPOS="1471" HPOS="1229"/>
<String CONTENT="864121;" HEIGHT="54" WIDTH="188" VPOS="1470" HPOS="1258"/>
<SP HEIGHT="52" WIDTH="31" VPOS="1472" HPOS="1447"/>
<String CONTENT="B." HEIGHT="43" WIDTH="51" VPOS="1472" HPOS="1479"/>
<SP HEIGHT="42" WIDTH="28" VPOS="1473" HPOS="1531"/>
<String CONTENT="Herder" HEIGHT="43" WIDTH="184" VPOS="1473" HPOS="1560"/>
<SP HEIGHT="44" WIDTH="25" VPOS="1472" HPOS="1745"/>
<String CONTENT="book" HEIGHT="44" WIDTH="121" VPOS="1472" HPOS="1771"/>
<SP HEIGHT="43" WIDTH="25" VPOS="1472" HPOS="1893"/>
<String CONTENT="co." HEIGHT="29" WIDTH="66" VPOS="1487" HPOS="1919"/>
</TextLine>
<TextLine HEIGHT="56" WIDTH="270" VPOS="1525" HPOS="154">
<String CONTENT="(25-15540)" HEIGHT="56" WIDTH="270" VPOS="1525" HPOS="154"/>
</TextLine>
<TextLine HEIGHT="74" WIDTH="888" VPOS="1640" HPOS="76" STYLEREFS="StyleId-12E8B93D-4AF7-4136-9B49-AE4E6928FCD4-">
<String CONTENT="Snell," HEIGHT="70" WIDTH="186" VPOS="1640" HPOS="76"/>
<SP HEIGHT="69" WIDTH="36" VPOS="1641" HPOS="263"/>
<String CONTENT="Roy" HEIGHT="73" WIDTH="139" VPOS="1641" HPOS="300"/>
<SP HEIGHT="74" WIDTH="33" VPOS="1640" HPOS="440"/>
<String CONTENT="Judson," HEIGHT="72" WIDTH="261" VPOS="1640" HPOS="474"/>
<SP HEIGHT="69" WIDTH="38" VPOS="1643" HPOS="736"/>
<String CONTENT="1878-" HEIGHT="58" WIDTH="189" VPOS="1642" HPOS="775"/>
</TextLine>
<TextLine HEIGHT="77" WIDTH="1849" VPOS="1731" HPOS="220" STYLEREFS="StyleId-BA3BBE00-7820-4BAB-A5C3-B71C3A4C3EC4-" CS="1">
<String CS="1" CONTENT="&#8230;"/>
<SP HEIGHT="58" WIDTH="28" VPOS="1735" HPOS="220"/>
<String CONTENT="The" HEIGHT="58" WIDTH="129" VPOS="1735" HPOS="249"/>
<SP HEIGHT="61" WIDTH="23" VPOS="1732" HPOS="379"/>
<String CONTENT="flying" HEIGHT="75" WIDTH="195" VPOS="1731" HPOS="403"/>
<SP HEIGHT="52" WIDTH="22" VPOS="1753" HPOS="599"/>
<String CONTENT="sub," HEIGHT="70" WIDTH="131" VPOS="1734" HPOS="622"/>
<SP HEIGHT="68" WIDTH="22" VPOS="1736" HPOS="754"/>
<String CONTENT="by" HEIGHT="71" WIDTH="85" VPOS="1736" HPOS="777"/>
<SP HEIGHT="73" WIDTH="18" VPOS="1734" HPOS="863"/>
<String CONTENT="Roy" HEIGHT="73" WIDTH="141" VPOS="1734" HPOS="882"/>
<SP HEIGHT="73" WIDTH="18" VPOS="1734" HPOS="1024"/>
<String CONTENT="J." HEIGHT="59" WIDTH="61" VPOS="1734" HPOS="1043"/>
<SP HEIGHT="60" WIDTH="28" VPOS="1734" HPOS="1105"/>
<String CONTENT="Snell." HEIGHT="60" WIDTH="187" VPOS="1734" HPOS="1134"/>
<SP HEIGHT="60" WIDTH="68" VPOS="1734" HPOS="1322"/>
<String CONTENT="Chicago," HEIGHT="74" WIDTH="289" VPOS="1734" HPOS="1391"/>
<SP HEIGHT="71" WIDTH="25" VPOS="1736" HPOS="1681"/>
<String CONTENT="The" HEIGHT="59" WIDTH="132" VPOS="1736" HPOS="1707"/>
<SP HEIGHT="59" WIDTH="20" VPOS="1736" HPOS="1840"/>
<String CONTENT="Reilly" HEIGHT="73" WIDTH="208" VPOS="1735" HPOS="1861"/>
</TextLine>
<TextLine HEIGHT="75" WIDTH="549" VPOS="1810" HPOS="72" STYLEREFS="StyleId-BA3BBE00-7820-4BAB-A5C3-B71C3A4C3EC4-">
<String CONTENT="&amp;" HEIGHT="57" WIDTH="47" VPOS="1812" HPOS="72"/>
<SP HEIGHT="57" WIDTH="25" VPOS="1812" HPOS="120"/>
<String CONTENT="Lee" HEIGHT="58" WIDTH="121" VPOS="1812" HPOS="146"/>
<SP HEIGHT="39" WIDTH="27" VPOS="1831" HPOS="268"/>
<String CONTENT="co." HEIGHT="41" WIDTH="87" VPOS="1830" HPOS="296"/>
<SP HEIGHT="44" WIDTH="33" VPOS="1840" HPOS="384"/>
<String CONTENT="[" HEIGHT="44" WIDTH="14" VPOS="1840" HPOS="418"/>
<String STYLE="superscript" CONTENT="c" HEIGHT="23" WIDTH="21" VPOS="1817" HPOS="431"/>
<String CONTENT="1925]" HEIGHT="75" WIDTH="166" VPOS="1810" HPOS="455"/>
</TextLine>
<TextLine HEIGHT="54" WIDTH="1563" VPOS="1901" HPOS="141">
<String CONTENT="282" HEIGHT="44" WIDTH="83" VPOS="1905" HPOS="141"/>
<SP HEIGHT="49" WIDTH="30" VPOS="1906" HPOS="225"/>
<String CONTENT="p." HEIGHT="38" WIDTH="42" VPOS="1917" HPOS="256"/>
<SP HEIGHT="46" WIDTH="33" VPOS="1902" HPOS="299"/>
<String CONTENT="incl." HEIGHT="50" WIDTH="102" VPOS="1902" HPOS="333"/>
<SP HEIGHT="49" WIDTH="32" VPOS="1903" HPOS="436"/>
<String CONTENT="front." HEIGHT="45" WIDTH="138" VPOS="1903" HPOS="469"/>
<SP HEIGHT="43" WIDTH="55" VPOS="1904" HPOS="608"/>
<String CONTENT="20" HEIGHT="44" WIDTH="55" VPOS="1904" HPOS="664"/>
<String STYLE="superscript" CONTENT="cm" HEIGHT="18" WIDTH="48" VPOS="1905" HPOS="724"/>
<String CONTENT="." HEIGHT="10" WIDTH="11" VPOS="1937" HPOS="777"/>
<SP HEIGHT="52" WIDTH="65" VPOS="1903" HPOS="789"/>
<String CONTENT="(His" HEIGHT="52" WIDTH="119" VPOS="1903" HPOS="855"/>
<SP HEIGHT="45" WIDTH="30" VPOS="1904" HPOS="975"/>
<String CONTENT="Radio-phone" HEIGHT="53" WIDTH="323" VPOS="1901" HPOS="1006"/>
<SP HEIGHT="44" WIDTH="32" VPOS="1905" HPOS="1330"/>
<String CONTENT="boys" HEIGHT="50" WIDTH="112" VPOS="1905" HPOS="1363"/>
<SP HEIGHT="30" WIDTH="37" VPOS="1918" HPOS="1476"/>
<String CONTENT="stories)" HEIGHT="51" WIDTH="190" VPOS="1904" HPOS="1514"/>
</TextLine>
<TextLine HEIGHT="115" WIDTH="1667" VPOS="1968" HPOS="73" CS="1">
<String CONTENT="&#169;" HEIGHT="54" WIDTH="56" VPOS="1969" HPOS="73"/>
<SP HEIGHT="55" WIDTH="21" VPOS="1969" HPOS="130"/>
<String CONTENT="July" HEIGHT="53" WIDTH="107" VPOS="1971" HPOS="152"/>
<SP HEIGHT="52" WIDTH="24" VPOS="1972" HPOS="260"/>
<String CONTENT="1," HEIGHT="49" WIDTH="34" VPOS="1972" HPOS="285"/>
<SP HEIGHT="49" WIDTH="26" VPOS="1972" HPOS="320"/>
<String CONTENT="1925;" HEIGHT="53" WIDTH="130" VPOS="1969" HPOS="347"/>
<SP HEIGHT="52" WIDTH="23" VPOS="1970" HPOS="478"/>
<String CONTENT="2c." HEIGHT="43" WIDTH="65" VPOS="1970" HPOS="502"/>
<SP HEIGHT="28" WIDTH="23" VPOS="1985" HPOS="568"/>
<String CONTENT="and" HEIGHT="43" WIDTH="87" VPOS="1971" HPOS="592"/>
<SP HEIGHT="43" WIDTH="22" VPOS="1971" HPOS="680"/>
<String CONTENT="aff." HEIGHT="44" WIDTH="79" VPOS="1970" HPOS="703"/>
<SP HEIGHT="43" WIDTH="26" VPOS="1971" HPOS="783"/>
<String CONTENT="Aug." HEIGHT="52" WIDTH="119" VPOS="1971" HPOS="810"/>
<SP HEIGHT="44" WIDTH="25" VPOS="1969" HPOS="930"/>
<String CONTENT="6;" HEIGHT="53" WIDTH="49" VPOS="1969" HPOS="956"/>
<SP HEIGHT="52" WIDTH="27" VPOS="1970" HPOS="1006"/>
<!-- cceid 3380D85B-6DD5-1014-B757-AF09C522E301 --><String CONTENT="A" HEIGHT="42" WIDTH="44" VPOS="1970" HPOS="1034"/>
<SP HEIGHT="43" WIDTH="22" VPOS="1970" HPOS="1079"/>
<String CONTENT="864117;" HEIGHT="54" WIDTH="190" VPOS="1968" HPOS="1102"/>
<SP HEIGHT="52" WIDTH="28" VPOS="1970" HPOS="1293"/>
<String CONTENT="Reilly" HEIGHT="53" WIDTH="150" VPOS="1970" HPOS="1322"/>
<SP HEIGHT="52" WIDTH="24" VPOS="1971" HPOS="1473"/>
<String CONTENT="&amp;" HEIGHT="44" WIDTH="37" VPOS="1971" HPOS="1498"/>
<SP HEIGHT="45" WIDTH="23" VPOS="1970" HPOS="1536"/>
<String CONTENT="Lee" HEIGHT="45" WIDTH="88" VPOS="1970" HPOS="1560"/>
<SP HEIGHT="29" WIDTH="24" VPOS="1986" HPOS="1649"/>
<String CONTENT="co.(25-15124)" HEIGHT="98" WIDTH="1587" VPOS="1985" HPOS="153"/>
</TextLine>
<TextLine HEIGHT="72" WIDTH="871" VPOS="2142" HPOS="74" STYLEREFS="StyleId-12E8B93D-4AF7-4136-9B49-AE4E6928FCD4-" CS="1">
<String CONTENT="Snowden," HEIGHT="71" WIDTH="323" VPOS="2143" HPOS="74"/>
<SP HEIGHT="71" WIDTH="42" VPOS="2143" HPOS="398"/>
<String CS="1" CONTENT="Ren&#233;" HEIGHT="58" WIDTH="135" VPOS="2143" HPOS="441"/>
<SP HEIGHT="60" WIDTH="38" VPOS="2143" HPOS="612"/>
<String CONTENT="Ravenel." HEIGHT="59" WIDTH="294" VPOS="2142" HPOS="651"/>
</TextLine>
<TextLine HEIGHT="73" WIDTH="1914" VPOS="2235" HPOS="155" STYLEREFS="StyleId-BA3BBE00-7820-4BAB-A5C3-B71C3A4C3EC4-" CS="1">
<String CONTENT="The" HEIGHT="56" WIDTH="129" VPOS="2237" HPOS="155"/>
<SP HEIGHT="38" WIDTH="28" VPOS="2255" HPOS="285"/>
<String CONTENT="origin" HEIGHT="72" WIDTH="207" VPOS="2235" HPOS="314"/>
<SP HEIGHT="38" WIDTH="27" VPOS="2254" HPOS="522"/>
<String CONTENT="and" HEIGHT="57" WIDTH="124" VPOS="2236" HPOS="550"/>
<SP HEIGHT="57" WIDTH="24" VPOS="2236" HPOS="675"/>
<String CONTENT="destiny" HEIGHT="72" WIDTH="251" VPOS="2235" HPOS="700"/>
<SP HEIGHT="53" WIDTH="26" VPOS="2254" HPOS="952"/>
<String CONTENT="of" HEIGHT="56" WIDTH="67" VPOS="2236" HPOS="979"/>
<SP HEIGHT="56" WIDTH="24" VPOS="2236" HPOS="1047"/>
<String CONTENT="man" HEIGHT="38" WIDTH="147" VPOS="2254" HPOS="1072"/>
<SP HEIGHT="40" WIDTH="34" VPOS="2255" HPOS="1220"/>
<String CS="1" CONTENT="&#8230;"/>
<SP HEIGHT="40" WIDTH="69" VPOS="2255" HPOS="1316"/>
<String LANG="la" CONTENT="v." HEIGHT="38" WIDTH="56" VPOS="2255" HPOS="1386"/>
<SP HEIGHT="54" WIDTH="31" VPOS="2238" HPOS="1443"/>
<String CONTENT="1." HEIGHT="54" WIDTH="50" VPOS="2238" HPOS="1475"/>
<SP HEIGHT="58" WIDTH="32" VPOS="2235" HPOS="1526"/>
<String CONTENT="Origin" HEIGHT="73" WIDTH="222" VPOS="2235" HPOS="1559"/>
<SP HEIGHT="38" WIDTH="28" VPOS="2255" HPOS="1782"/>
<String CONTENT="of" HEIGHT="58" WIDTH="67" VPOS="2235" HPOS="1811"/>
<SP HEIGHT="57" WIDTH="25" VPOS="2235" HPOS="1879"/>
<String CONTENT="man." HEIGHT="38" WIDTH="164" VPOS="2255" HPOS="1905"/>
</TextLine>
<TextLine HEIGHT="151" WIDTH="1976" VPOS="2313" HPOS="73" STYLEREFS="StyleId-BA3BBE00-7820-4BAB-A5C3-B71C3A4C3EC4-" CS="1">
<String CONTENT="By" HEIGHT="73" WIDTH="100" VPOS="2313" HPOS="73"/>
<SP HEIGHT="71" WIDTH="27" VPOS="2315" HPOS="174"/>
<String CONTENT="Rene" HEIGHT="57" WIDTH="170" VPOS="2315" HPOS="202"/>
<SP HEIGHT="59" WIDTH="29" VPOS="2313" HPOS="373"/>
<String CONTENT="Ravenel" HEIGHT="58" WIDTH="279" VPOS="2313" HPOS="403"/>
<SP HEIGHT="58" WIDTH="31" VPOS="2313" HPOS="683"/>
<String CONTENT="Snowden" HEIGHT="58" WIDTH="309" VPOS="2313" HPOS="715"/>
<SP HEIGHT="39" WIDTH="35" VPOS="2333" HPOS="1025"/>
<String CS="1" CONTENT="&#8230;"/>
<SP HEIGHT="58" WIDTH="75" VPOS="2314" HPOS="1123"/>
<String CONTENT="Los" HEIGHT="57" WIDTH="124" VPOS="2314" HPOS="1199"/>
<SP HEIGHT="58" WIDTH="32" VPOS="2313" HPOS="1324"/>
<String CONTENT="Angeles," HEIGHT="74" WIDTH="291" VPOS="2313" HPOS="1357"/>
<SP HEIGHT="70" WIDTH="38" VPOS="2315" HPOS="1649"/>
<String CONTENT="Times-mirror" HEIGHT="136" WIDTH="1972" VPOS="2313" HPOS="77"/>
<SP HEIGHT="53" WIDTH="25" VPOS="2410" HPOS="185"/>
<String CONTENT="press," HEIGHT="54" WIDTH="202" VPOS="2410" HPOS="211"/>
<SP HEIGHT="70" WIDTH="29" VPOS="2394" HPOS="414"/>
<String CONTENT="1923." HEIGHT="57" WIDTH="166" VPOS="2392" HPOS="444"/>
</TextLine>
<TextLine HEIGHT="56" WIDTH="637" VPOS="2480" HPOS="143" CS="1">
<String CONTENT="92," HEIGHT="51" WIDTH="66" VPOS="2482" HPOS="143"/>
<SP HEIGHT="30" WIDTH="34" VPOS="2506" HPOS="210"/>
<String CS="1" CONTENT="[1]" HEIGHT="30" WIDTH="52" VPOS="2506" HPOS="245"/>
<SP HEIGHT="39" WIDTH="28" VPOS="2497" HPOS="298"/>
<String CONTENT="p." HEIGHT="38" WIDTH="41" VPOS="2497" HPOS="327"/>
<SP HEIGHT="43" WIDTH="58" VPOS="2482" HPOS="369"/>
<String CONTENT="diagr." HEIGHT="53" WIDTH="142" VPOS="2481" HPOS="428"/>
<SP HEIGHT="42" WIDTH="60" VPOS="2482" HPOS="571"/>
<String CS="1" CONTENT="19&#189;" HEIGHT="45" WIDTH="51" VPOS="2480" HPOS="632"/>
<String STYLE="superscript" CONTENT="cm" HEIGHT="18" WIDTH="47" VPOS="2484" HPOS="717"/>
<String CONTENT="." HEIGHT="9" WIDTH="9" VPOS="2516" HPOS="771"/>
</TextLine>
<TextLine HEIGHT="55" WIDTH="1992" VPOS="2549" HPOS="77">
<String CONTENT="&#169;" HEIGHT="54" WIDTH="53" VPOS="2550" HPOS="77"/>
<SP HEIGHT="54" WIDTH="24" VPOS="2550" HPOS="131"/>
<String CONTENT="Apr." HEIGHT="51" WIDTH="112" VPOS="2553" HPOS="156"/>
<SP HEIGHT="43" WIDTH="24" VPOS="2552" HPOS="269"/>
<String CONTENT="4," HEIGHT="52" WIDTH="41" VPOS="2552" HPOS="294"/>
<SP HEIGHT="51" WIDTH="27" VPOS="2553" HPOS="336"/>
<String CONTENT="1923" HEIGHT="43" WIDTH="104" VPOS="2552" HPOS="364"/>
<SP HEIGHT="52" WIDTH="14" VPOS="2552" HPOS="469"/>
<String CONTENT=";" HEIGHT="38" WIDTH="10" VPOS="2566" HPOS="484"/>
<SP HEIGHT="52" WIDTH="24" VPOS="2552" HPOS="495"/>
<String CONTENT="2c." HEIGHT="43" WIDTH="66" VPOS="2552" HPOS="520"/>
<SP HEIGHT="52" WIDTH="27" VPOS="2552" HPOS="587"/>
<String CONTENT="June" HEIGHT="52" WIDTH="114" VPOS="2552" HPOS="615"/>
<SP HEIGHT="44" WIDTH="25" VPOS="2552" HPOS="730"/>
<String CONTENT="22," HEIGHT="52" WIDTH="68" VPOS="2552" HPOS="756"/>
<SP HEIGHT="51" WIDTH="29" VPOS="2553" HPOS="825"/>
<String CONTENT="1925;" HEIGHT="54" WIDTH="130" VPOS="2550" HPOS="855"/>
<SP HEIGHT="38" WIDTH="27" VPOS="2566" HPOS="986"/>
<String CONTENT="aff." HEIGHT="43" WIDTH="79" VPOS="2552" HPOS="1014"/>
<SP HEIGHT="42" WIDTH="27" VPOS="2553" HPOS="1094"/>
<String CONTENT="Apr." HEIGHT="51" WIDTH="112" VPOS="2553" HPOS="1122"/>
<SP HEIGHT="43" WIDTH="25" VPOS="2552" HPOS="1235"/>
<String CONTENT="27;" HEIGHT="54" WIDTH="78" VPOS="2550" HPOS="1261"/>
<SP HEIGHT="52" WIDTH="29" VPOS="2552" HPOS="1340"/>
<!-- cceid 33812C48-6DD5-1014-B757-AF09C522E301 --><String CONTENT="A" HEIGHT="43" WIDTH="44" VPOS="2552" HPOS="1370"/>
<SP HEIGHT="43" WIDTH="25" VPOS="2552" HPOS="1415"/>
<String CONTENT="864047;" HEIGHT="54" WIDTH="190" VPOS="2549" HPOS="1441"/>
<SP HEIGHT="51" WIDTH="30" VPOS="2552" HPOS="1632"/>
<String CONTENT="R." HEIGHT="42" WIDTH="53" VPOS="2552" HPOS="1663"/>
<SP HEIGHT="44" WIDTH="28" VPOS="2550" HPOS="1717"/>
<String CONTENT="R." HEIGHT="44" WIDTH="54" VPOS="2550" HPOS="1746"/>
<SP HEIGHT="47" WIDTH="31" VPOS="2549" HPOS="1801"/>
<String CONTENT="Snowden," HEIGHT="55" WIDTH="236" VPOS="2549" HPOS="1833"/>
</TextLine>
<TextLine HEIGHT="57" WIDTH="666" VPOS="2606" HPOS="148">
<String CONTENT="Los" HEIGHT="44" WIDTH="89" VPOS="2609" HPOS="148"/>
<SP HEIGHT="44" WIDTH="23" VPOS="2609" HPOS="238"/>
<String CONTENT="Angeles." HEIGHT="55" WIDTH="213" VPOS="2607" HPOS="262"/>
<SP HEIGHT="54" WIDTH="67" VPOS="2609" HPOS="476"/>
<String CONTENT="(25-15072)" HEIGHT="57" WIDTH="270" VPOS="2606" HPOS="544"/>
</TextLine>
<TextLine HEIGHT="73" WIDTH="803" VPOS="2722" HPOS="78" STYLEREFS="StyleId-12E8B93D-4AF7-4136-9B49-AE4E6928FCD4-">
<String CONTENT="Southwestern" HEIGHT="58" WIDTH="468" VPOS="2722" HPOS="78"/>
<SP HEIGHT="42" WIDTH="32" VPOS="2738" HPOS="547"/>
<String CONTENT="reporter." HEIGHT="68" WIDTH="301" VPOS="2727" HPOS="580"/>
</TextLine>
<TextLine HEIGHT="151" WIDTH="1992" VPOS="2813" HPOS="76" STYLEREFS="StyleId-BA3BBE00-7820-4BAB-A5C3-B71C3A4C3EC4-" CS="1">
<String CONTENT="Arkansas" HEIGHT="57" WIDTH="328" VPOS="2814" HPOS="151"/>
<SP HEIGHT="56" WIDTH="40" VPOS="2815" HPOS="480"/>
<String CONTENT="decisions" HEIGHT="58" WIDTH="308" VPOS="2814" HPOS="521"/>
<SP HEIGHT="37" WIDTH="41" VPOS="2834" HPOS="830"/>
<String CONTENT="reported" HEIGHT="70" WIDTH="298" VPOS="2816" HPOS="872"/>
<SP HEIGHT="58" WIDTH="37" VPOS="2814" HPOS="1171"/>
<String CONTENT="in" HEIGHT="56" WIDTH="66" VPOS="2814" HPOS="1209"/>
<SP HEIGHT="54" WIDTH="38" VPOS="2817" HPOS="1276"/>
<String CONTENT="the" HEIGHT="57" WIDTH="103" VPOS="2814" HPOS="1315"/>
<SP HEIGHT="58" WIDTH="45" VPOS="2813" HPOS="1419"/>
<String CONTENT="Southwestern" HEIGHT="58" WIDTH="470" VPOS="2813" HPOS="1465"/>
<SP HEIGHT="37" WIDTH="41" VPOS="2832" HPOS="1936"/>
<String CONTENT="reporter" HEIGHT="131" WIDTH="1969" VPOS="2832" HPOS="76"/>
<SP HEIGHT="37" WIDTH="42" VPOS="2911" HPOS="297"/>
<String CONTENT="with" HEIGHT="57" WIDTH="152" VPOS="2891" HPOS="340"/>
<SP HEIGHT="57" WIDTH="42" VPOS="2891" HPOS="493"/>
<String CONTENT="key-number" HEIGHT="72" WIDTH="410" VPOS="2892" HPOS="536"/>
<SP HEIGHT="38" WIDTH="43" VPOS="2911" HPOS="947"/>
<String CONTENT="annotations," HEIGHT="72" WIDTH="419" VPOS="2892" HPOS="991"/>
<SP HEIGHT="54" WIDTH="48" VPOS="2910" HPOS="1411"/>
<String CONTENT="vols." HEIGHT="56" WIDTH="153" VPOS="2891" HPOS="1460"/>
<SP HEIGHT="54" WIDTH="53" VPOS="2892" HPOS="1614"/>
<String CONTENT="263" HEIGHT="56" WIDTH="109" VPOS="2891" HPOS="1668"/>
<SP HEIGHT="56" WIDTH="47" VPOS="2891" HPOS="1778"/>
<String CONTENT="to" HEIGHT="54" WIDTH="63" VPOS="2893" HPOS="1826"/>
<SP HEIGHT="55" WIDTH="50" VPOS="2892" HPOS="1890"/>
<String CONTENT="268," HEIGHT="72" WIDTH="127" VPOS="2891" HPOS="1941"/>
</TextLine>
<TextLine HEIGHT="75" WIDTH="1995" VPOS="2967" HPOS="78" STYLEREFS="StyleId-BA3BBE00-7820-4BAB-A5C3-B71C3A4C3EC4-" CS="1">
<String CONTENT="August," HEIGHT="72" WIDTH="267" VPOS="2969" HPOS="78"/>
<SP HEIGHT="69" WIDTH="25" VPOS="2971" HPOS="346"/>
<String CONTENT="1924" HEIGHT="55" WIDTH="150" VPOS="2971" HPOS="372"/>
<SP HEIGHT="55" WIDTH="21" VPOS="2971" HPOS="523"/>
<String CONTENT="to" HEIGHT="55" WIDTH="65" VPOS="2972" HPOS="545"/>
<SP HEIGHT="57" WIDTH="22" VPOS="2970" HPOS="611"/>
<String CONTENT="April," HEIGHT="72" WIDTH="203" VPOS="2970" HPOS="634"/>
<SP HEIGHT="70" WIDTH="29" VPOS="2972" HPOS="838"/>
<String CONTENT="1925" HEIGHT="56" WIDTH="147" VPOS="2971" HPOS="868"/>
<SP HEIGHT="55" WIDTH="31" VPOS="2971" HPOS="1016"/>
<String CS="1" CONTENT="&#8230;"/>
<SP HEIGHT="58" WIDTH="70" VPOS="2969" HPOS="1111"/>
<String CONTENT="St." HEIGHT="58" WIDTH="90" VPOS="2969" HPOS="1182"/>
<SP HEIGHT="55" WIDTH="27" VPOS="2970" HPOS="1273"/>
<String CONTENT="Paul," HEIGHT="70" WIDTH="176" VPOS="2969" HPOS="1301"/>
<SP HEIGHT="71" WIDTH="26" VPOS="2968" HPOS="1478"/>
<String CONTENT="West" HEIGHT="58" WIDTH="182" VPOS="2968" HPOS="1505"/>
<SP HEIGHT="68" WIDTH="20" VPOS="2971" HPOS="1688"/>
<String CONTENT="publishing" HEIGHT="74" WIDTH="364" VPOS="2967" HPOS="1709"/>
</TextLine>
<TextLine HEIGHT="70" WIDTH="303" VPOS="3047" HPOS="77" STYLEREFS="StyleId-BA3BBE00-7820-4BAB-A5C3-B71C3A4C3EC4-">
<String CONTENT="co.," HEIGHT="51" WIDTH="104" VPOS="3066" HPOS="77"/>
<SP HEIGHT="68" WIDTH="31" VPOS="3049" HPOS="182"/>
<String CONTENT="1925." HEIGHT="57" WIDTH="166" VPOS="3047" HPOS="214"/>
</TextLine>
<TextLine HEIGHT="57" WIDTH="1460" VPOS="3134" HPOS="148" CS="1">
<String CONTENT="Various" HEIGHT="44" WIDTH="198" VPOS="3136" HPOS="148"/>
<SP HEIGHT="38" WIDTH="31" VPOS="3150" HPOS="347"/>
<String CONTENT="pagings." HEIGHT="52" WIDTH="202" VPOS="3137" HPOS="379"/>
<SP HEIGHT="44" WIDTH="57" VPOS="3136" HPOS="582"/>
<String CS="1" CONTENT="26&#189;" HEIGHT="44" WIDTH="56" VPOS="3136" HPOS="640"/>
<String STYLE="superscript" CONTENT="cm" HEIGHT="18" WIDTH="47" VPOS="3140" HPOS="729"/>
<String CONTENT="." HEIGHT="8" WIDTH="9" VPOS="3172" HPOS="782"/>
<SP HEIGHT="53" WIDTH="67" VPOS="3138" HPOS="792"/>
<String CONTENT="([National" HEIGHT="55" WIDTH="261" VPOS="3136" HPOS="860"/>
<SP HEIGHT="43" WIDTH="34" VPOS="3136" HPOS="1122"/>
<String CONTENT="reporter" HEIGHT="46" WIDTH="206" VPOS="3142" HPOS="1157"/>
<SP HEIGHT="28" WIDTH="32" VPOS="3151" HPOS="1364"/>
<String CONTENT="system])" HEIGHT="55" WIDTH="211" VPOS="3134" HPOS="1397"/>
</TextLine>
<TextLine HEIGHT="57" WIDTH="1742" VPOS="3204" HPOS="77" CS="1">
<String CONTENT="&#169;" HEIGHT="54" WIDTH="53" VPOS="3204" HPOS="77"/>
<SP HEIGHT="55" WIDTH="21" VPOS="3204" HPOS="131"/>
<String CONTENT="June" HEIGHT="52" WIDTH="114" VPOS="3207" HPOS="153"/>
<SP HEIGHT="43" WIDTH="23" VPOS="3208" HPOS="268"/>
<String CONTENT="30," HEIGHT="53" WIDTH="66" VPOS="3206" HPOS="292"/>
<SP HEIGHT="51" WIDTH="27" VPOS="3208" HPOS="359"/>
<String CONTENT="1925;" HEIGHT="53" WIDTH="130" VPOS="3206" HPOS="387"/>
<SP HEIGHT="51" WIDTH="22" VPOS="3208" HPOS="518"/>
<String CONTENT="2c." HEIGHT="43" WIDTH="65" VPOS="3208" HPOS="541"/>
<SP HEIGHT="43" WIDTH="22" VPOS="3208" HPOS="607"/>
<String CONTENT="Aug." HEIGHT="53" WIDTH="121" VPOS="3208" HPOS="630"/>
<SP HEIGHT="43" WIDTH="23" VPOS="3208" HPOS="752"/>
<String CONTENT="3;" HEIGHT="51" WIDTH="49" VPOS="3208" HPOS="776"/>
<SP HEIGHT="37" WIDTH="26" VPOS="3222" HPOS="826"/>
<String CONTENT="aff." HEIGHT="44" WIDTH="79" VPOS="3208" HPOS="853"/>
<SP HEIGHT="44" WIDTH="23" VPOS="3208" HPOS="933"/>
<String CONTENT="Aug." HEIGHT="53" WIDTH="120" VPOS="3208" HPOS="957"/>
<SP HEIGHT="43" WIDTH="29" VPOS="3209" HPOS="1078"/>
<String CS="1" CONTENT="1;" HEIGHT="38" WIDTH="10" VPOS="3222" HPOS="1144"/>
<SP HEIGHT="52" WIDTH="24" VPOS="3208" HPOS="1155"/>
<!-- cceid 33818D55-6DD5-1014-B757-AF09C522E301 --><String CONTENT="A" HEIGHT="42" WIDTH="44" VPOS="3208" HPOS="1180"/>
<SP HEIGHT="43" WIDTH="25" VPOS="3207" HPOS="1225"/>
<String CONTENT="861272;" HEIGHT="52" WIDTH="188" VPOS="3206" HPOS="1251"/>
<SP HEIGHT="51" WIDTH="26" VPOS="3207" HPOS="1440"/>
<String CONTENT="West" HEIGHT="43" WIDTH="133" VPOS="3207" HPOS="1467"/>
<SP HEIGHT="45" WIDTH="23" VPOS="3213" HPOS="1601"/>
<String CONTENT="pub." HEIGHT="52" WIDTH="101" VPOS="3206" HPOS="1625"/>
<SP HEIGHT="28" WIDTH="25" VPOS="3221" HPOS="1727"/>
<String CONTENT="co." HEIGHT="28" WIDTH="66" VPOS="3221" HPOS="1753"/>
</TextLine>
<TextLine HEIGHT="76" WIDTH="1112" VPOS="3318" HPOS="79" STYLEREFS="StyleId-BA3BBE00-7820-4BAB-A5C3-B71C3A4C3EC4-">
<String CONTENT="Stitt," HEIGHT="73" WIDTH="170" VPOS="3318" HPOS="79"/>
<SP HEIGHT="72" WIDTH="38" VPOS="3319" HPOS="250"/>
<String CONTENT="Edward" HEIGHT="59" WIDTH="277" VPOS="3319" HPOS="289"/>
<SP HEIGHT="60" WIDTH="31" VPOS="3319" HPOS="567"/>
<String CONTENT="Walmsley," HEIGHT="75" WIDTH="359" VPOS="3319" HPOS="599"/>
<SP HEIGHT="68" WIDTH="40" VPOS="3324" HPOS="959"/>
<String CONTENT="1862-" HEIGHT="57" WIDTH="191" VPOS="3322" HPOS="1000"/>
</TextLine>
<TextLine HEIGHT="229" WIDTH="1990" VPOS="3408" HPOS="77" STYLEREFS="StyleId-BA3BBE00-7820-4BAB-A5C3-B71C3A4C3EC4-" CS="1">
<String CONTENT="Memory" HEIGHT="78" WIDTH="286" VPOS="3409" HPOS="153"/>
<SP HEIGHT="58" WIDTH="46" VPOS="3429" HPOS="440"/>
<String CONTENT="selections," HEIGHT="74" WIDTH="346" VPOS="3410" HPOS="487"/>
<SP HEIGHT="71" WIDTH="48" VPOS="3413" HPOS="834"/>
<String CONTENT="their" HEIGHT="59" WIDTH="166" VPOS="3410" HPOS="883"/>
<SP HEIGHT="37" WIDTH="46" VPOS="3430" HPOS="1050"/>
<String CONTENT="value" HEIGHT="57" WIDTH="183" VPOS="3410" HPOS="1097"/>
<SP HEIGHT="38" WIDTH="49" VPOS="3429" HPOS="1281"/>
<String CONTENT="and" HEIGHT="56" WIDTH="123" VPOS="3411" HPOS="1331"/>
<SP HEIGHT="59" WIDTH="44" VPOS="3408" HPOS="1455"/>
<String CONTENT="importance," HEIGHT="72" WIDTH="404" VPOS="3408" HPOS="1500"/>
<SP HEIGHT="71" WIDTH="49" VPOS="3409" HPOS="1905"/>
<String CONTENT="improvements" HEIGHT="148" WIDTH="1965" VPOS="3409" HPOS="77"/>
<SP HEIGHT="38" WIDTH="30" VPOS="3507" HPOS="476"/>
<String CONTENT="recommended;" HEIGHT="69" WIDTH="500" VPOS="3490" HPOS="507"/>
<SP HEIGHT="71" WIDTH="28" VPOS="3488" HPOS="1008"/>
<String CONTENT="by" HEIGHT="71" WIDTH="84" VPOS="3488" HPOS="1037"/>
<SP HEIGHT="71" WIDTH="27" VPOS="3488" HPOS="1122"/>
<String CONTENT="Edward" HEIGHT="57" WIDTH="277" VPOS="3488" HPOS="1150"/>
<SP HEIGHT="57" WIDTH="24" VPOS="3487" HPOS="1428"/>
<String CONTENT="W." HEIGHT="57" WIDTH="98" VPOS="3487" HPOS="1453"/>
<SP HEIGHT="58" WIDTH="33" VPOS="3487" HPOS="1552"/>
<String CONTENT="Stitt" HEIGHT="59" WIDTH="158" VPOS="3486" HPOS="1586"/>
<SP HEIGHT="56" WIDTH="31" VPOS="3488" HPOS="1745"/>
<String CS="1" CONTENT="&#8230;"/>
<SP HEIGHT="57" WIDTH="30" VPOS="3486" HPOS="1840"/>
<String CONTENT="introduction" HEIGHT="137" WIDTH="1958" VPOS="3486" HPOS="81"/>
<SP HEIGHT="57" WIDTH="31" VPOS="3566" HPOS="335"/>
<String CONTENT="by" HEIGHT="70" WIDTH="85" VPOS="3566" HPOS="367"/>
<SP HEIGHT="71" WIDTH="32" VPOS="3565" HPOS="453"/>
<String CONTENT="John" HEIGHT="58" WIDTH="169" VPOS="3565" HPOS="486"/>
<SP HEIGHT="57" WIDTH="32" VPOS="3565" HPOS="656"/>
<String CONTENT="H." HEIGHT="58" WIDTH="81" VPOS="3565" HPOS="689"/>
<SP HEIGHT="57" WIDTH="35" VPOS="3566" HPOS="771"/>
<String CONTENT="Finley" HEIGHT="71" WIDTH="226" VPOS="3566" HPOS="807"/>
<SP HEIGHT="52" WIDTH="36" VPOS="3585" HPOS="1034"/>
<String CS="1" CONTENT="&#8230;"/>
<SP HEIGHT="57" WIDTH="77" VPOS="3565" HPOS="1135"/>
<String CONTENT="New" HEIGHT="57" WIDTH="153" VPOS="3565" HPOS="1213"/>
<SP HEIGHT="57" WIDTH="31" VPOS="3564" HPOS="1367"/>
<String CONTENT="York," HEIGHT="70" WIDTH="190" VPOS="3564" HPOS="1399"/>
<SP HEIGHT="69" WIDTH="35" VPOS="3565" HPOS="1590"/>
<String CONTENT="Philadelphia" HEIGHT="73" WIDTH="441" VPOS="3563" HPOS="1626"/>
</TextLine>
<TextLine HEIGHT="73" WIDTH="1580" VPOS="3642" HPOS="85" STYLEREFS="StyleId-BA3BBE00-7820-4BAB-A5C3-B71C3A4C3EC4-">
<String CONTENT="[etc.]" HEIGHT="69" WIDTH="144" VPOS="3646" HPOS="85"/>
<SP HEIGHT="73" WIDTH="28" VPOS="3642" HPOS="230"/>
<String CONTENT="Hinds," HEIGHT="73" WIDTH="224" VPOS="3642" HPOS="259"/>
<SP HEIGHT="72" WIDTH="27" VPOS="3643" HPOS="484"/>
<String CONTENT="Hayden" HEIGHT="72" WIDTH="269" VPOS="3643" HPOS="512"/>
<SP HEIGHT="38" WIDTH="25" VPOS="3663" HPOS="782"/>
<String CONTENT="and" HEIGHT="56" WIDTH="123" VPOS="3646" HPOS="808"/>
<SP HEIGHT="59" WIDTH="24" VPOS="3643" HPOS="932"/>
<String CONTENT="Eldredge," HEIGHT="72" WIDTH="334" VPOS="3643" HPOS="957"/>
<SP HEIGHT="72" WIDTH="24" VPOS="3643" HPOS="1292"/>
<String CONTENT="inc." HEIGHT="57" WIDTH="117" VPOS="3643" HPOS="1317"/>
<SP HEIGHT="44" WIDTH="28" VPOS="3671" HPOS="1435"/>
<String CONTENT="[" HEIGHT="44" WIDTH="13" VPOS="3671" HPOS="1464"/>
<String STYLE="superscript" CONTENT="c" HEIGHT="21" WIDTH="19" VPOS="3650" HPOS="1477"/>
<String CONTENT="1925]" HEIGHT="71" WIDTH="165" VPOS="3644" HPOS="1500"/>
</TextLine>
<TextLine HEIGHT="56" WIDTH="443" VPOS="3732" HPOS="153" STYLEREFS="StyleId-BA3BBE00-7820-4BAB-A5C3-B71C3A4C3EC4-">
<String CONTENT="xvi," HEIGHT="52" WIDTH="91" VPOS="3735" HPOS="153"/>
<SP HEIGHT="50" WIDTH="24" VPOS="3737" HPOS="245"/>
<String CONTENT="295" HEIGHT="47" WIDTH="79" VPOS="3732" HPOS="270"/>
<SP HEIGHT="56" WIDTH="23" VPOS="3732" HPOS="350"/>
<String CONTENT="p." HEIGHT="39" WIDTH="41" VPOS="3749" HPOS="374"/>
<SP HEIGHT="41" WIDTH="62" VPOS="3737" HPOS="416"/>
<String CONTENT="19" HEIGHT="44" WIDTH="50" VPOS="3735" HPOS="479"/>
<String STYLE="superscript" CONTENT="cm" HEIGHT="17" WIDTH="47" VPOS="3737" HPOS="534"/>
<String CONTENT="." HEIGHT="8" WIDTH="8" VPOS="3770" HPOS="588"/>
</TextLine>
<TextLine HEIGHT="56" WIDTH="1125" VPOS="3806" HPOS="160">
<String CONTENT="&#8220;Favorite" HEIGHT="45" WIDTH="239" VPOS="3806" HPOS="160"/>
<SP HEIGHT="28" WIDTH="24" VPOS="3823" HPOS="400"/>
<String CONTENT="selections" HEIGHT="45" WIDTH="233" VPOS="3807" HPOS="425"/>
<SP HEIGHT="29" WIDTH="26" VPOS="3823" HPOS="659"/>
<String CONTENT="and" HEIGHT="43" WIDTH="86" VPOS="3810" HPOS="686"/>
<SP HEIGHT="43" WIDTH="24" VPOS="3810" HPOS="773"/>
<String CONTENT="songs&#8221;:" HEIGHT="54" WIDTH="191" VPOS="3808" HPOS="798"/>
<SP HEIGHT="39" WIDTH="24" VPOS="3823" HPOS="990"/>
<String CONTENT="p." HEIGHT="38" WIDTH="41" VPOS="3824" HPOS="1015"/>
<SP HEIGHT="41" WIDTH="22" VPOS="3811" HPOS="1057"/>
<String CONTENT="221-291." HEIGHT="44" WIDTH="205" VPOS="3808" HPOS="1080"/>
</TextLine>
<TextLine HEIGHT="54" WIDTH="648" VPOS="3863" HPOS="156">
<String CONTENT="Bibliography:" HEIGHT="54" WIDTH="350" VPOS="3863" HPOS="156"/>
<SP HEIGHT="38" WIDTH="25" VPOS="3879" HPOS="507"/>
<String CONTENT="p." HEIGHT="38" WIDTH="41" VPOS="3879" HPOS="533"/>
<SP HEIGHT="41" WIDTH="24" VPOS="3867" HPOS="575"/>
<String CONTENT="293-295." HEIGHT="46" WIDTH="204" VPOS="3864" HPOS="600"/>
</TextLine>
<TextLine HEIGHT="59" WIDTH="1988" VPOS="3929" HPOS="82" CS="1">
<String CONTENT="&#169;" HEIGHT="54" WIDTH="53" VPOS="3929" HPOS="82"/>
<SP HEIGHT="54" WIDTH="21" VPOS="3929" HPOS="136"/>
<String CONTENT="Apr." HEIGHT="52" WIDTH="112" VPOS="3932" HPOS="158"/>
<SP HEIGHT="42" WIDTH="27" VPOS="3934" HPOS="271"/>
<String CONTENT="11," HEIGHT="49" WIDTH="62" VPOS="3934" HPOS="299"/>
<SP HEIGHT="49" WIDTH="27" VPOS="3934" HPOS="362"/>
<String CONTENT="1925;" HEIGHT="52" WIDTH="129" VPOS="3932" HPOS="390"/>
<SP HEIGHT="49" WIDTH="23" VPOS="3935" HPOS="520"/>
<String CONTENT="2c." HEIGHT="43" WIDTH="64" VPOS="3935" HPOS="544"/>
<SP HEIGHT="28" WIDTH="22" VPOS="3950" HPOS="609"/>
<String CONTENT="and" HEIGHT="43" WIDTH="87" VPOS="3936" HPOS="632"/>
<SP HEIGHT="43" WIDTH="22" VPOS="3936" HPOS="720"/>
<String CONTENT="aff." HEIGHT="42" WIDTH="79" VPOS="3937" HPOS="743"/>
<SP HEIGHT="42" WIDTH="23" VPOS="3937" HPOS="823"/>
<String CONTENT="Aug." HEIGHT="51" WIDTH="119" VPOS="3937" HPOS="847"/>
<SP HEIGHT="42" WIDTH="27" VPOS="3937" HPOS="967"/>
<String CONTENT="1;" HEIGHT="50" WIDTH="45" VPOS="3937" HPOS="995"/>
<SP HEIGHT="51" WIDTH="27" VPOS="3936" HPOS="1041"/>
<!-- cceid 3381F9E9-6DD5-1014-B757-AF09C522E301 --><String CONTENT="A" HEIGHT="42" WIDTH="44" VPOS="3936" HPOS="1069"/>
<SP HEIGHT="44" WIDTH="21" VPOS="3936" HPOS="1114"/>
<String CONTENT="864070;" HEIGHT="53" WIDTH="189" VPOS="3934" HPOS="1136"/>
<SP HEIGHT="52" WIDTH="27" VPOS="3935" HPOS="1326"/>
<String CONTENT="Hinds," HEIGHT="49" WIDTH="163" VPOS="3935" HPOS="1354"/>
<SP HEIGHT="49" WIDTH="25" VPOS="3935" HPOS="1518"/>
<String CONTENT="Hayden" HEIGHT="53" WIDTH="195" VPOS="3934" HPOS="1544"/>
<SP HEIGHT="44" WIDTH="25" VPOS="3934" HPOS="1740"/>
<String CONTENT="&amp;" HEIGHT="44" WIDTH="37" VPOS="3934" HPOS="1766"/>
<SP HEIGHT="48" WIDTH="23" VPOS="3931" HPOS="1804"/>
<String CS="1" CONTENT="Eldredge," HEIGHT="55" WIDTH="242" VPOS="3931" HPOS="1828"/>
</TextLine>
<TextLine HEIGHT="49" WIDTH="421" VPOS="3987" HPOS="150">
<String CONTENT="inc." HEIGHT="44" WIDTH="82" VPOS="3987" HPOS="150"/>
<SP HEIGHT="45" WIDTH="68" VPOS="3991" HPOS="233"/>
<String CONTENT="(25-15528)" HEIGHT="48" WIDTH="269" VPOS="3988" HPOS="302"/>
</TextLine>
</TextBlock>
</PrintSpace>
</Page>
</Layout>
</alto>