2533 4412
1308 4071 115 56 644

357 408 401 75 [Conference
792 426 80 40 on
908 408 323 58 Christian
1263 407 332 60 education
1626 408 68 58 in
1729 408 217 71 China,
1981 413 151 58 New
2169 414 191 71 York,

431 489 166 71 1925]

435 579 264 60 Chinese
737 580 324 59 Christian
1099 579 361 73 education;
1496 603 36 37 a
1567 584 217 70 report
1821 582 68 58 of
1922 603 36 37 a
1993 582 367 59 conference

356 660 141 58 held
534 659 64 57 in
637 659 153 58 New
823 659 175 56 York
1037 661 143 70 city,
1219 657 188 74 April
1442 659 125 72 6th,
1608 660 168 71 1925,
1815 660 199 58 under
2054 657 103 62 the
2197 660 163 72 joint

355 738 287 72 auspices
677 738 68 59 of
775 738 105 56 the
913 736 463 61 International
1410 736 384 72 missionary
1826 738 238 58 council
2100 740 123 56 and
2255 740 105 58 the

354 816 279 74 Foreign
676 813 299 62 missions
1024 815 370 60 conference
1444 817 69 57 of
1560 815 208 57 North
1816 815 310 59 America.
2211 817 150 58 New

354 895 188 72 York,
573 895 166 57 1925.

430 975 75 44 103
537 986 40 39 p.
637 974 53 43 23
698 975 48 18 cm
751 1010 10 8 .

354 1027 53 53 ©
440 1029 112 51 May
579 1025 67 54 27,
681 1024 130 55 1925;
840 1027 66 43 2c.
938 1027 116 51 June
1086 1026 46 52 1;
1166 1026 78 43 aff.
1279 1027 111 52 May
1418 1026 55 43 29;
1532 1026 44 44 A
1606 1022 191 56 855443;
1833 1024 271 46 Committee
2136 1027 51 44 of
426 1024 1914 107 reference

562 1085 87 42 and
680 1083 183 45 counsel
894 1083 50 44 of
974 1083 76 43 the
1082 1081 200 55 Foreign
1314 1083 211 44 missions
1557 1081 268 47 conference
1856 1083 55 44 of
1946 1084 153 43 North
2133 1084 227 52 America,

427 1142 96 51 inc.,
555 1141 117 44 New
701 1140 143 44 York.
913 1138 273 56 (25-10904)

359 1256 265 72 Conrad,
660 1253 254 74 Joseph.

434 1348 337 73 Suspense.
858 1348 213 73 [chap.]
1105 1349 131 55 6-7.

430 1427 81 52 (In
544 1427 335 44 Hutchinson’s
910 1426 258 53 magazine,
1201 1427 135 52 June,
1371 1426 127 51 1925)

355 1483 53 53 ©
464 1500 36 27 1c.
530 1484 107 52 July
666 1482 37 52 7,
736 1482 131 54 1925;
898 1484 44 42 A
972 1484 56 42 ad
1057 1484 76 42 int.
1164 1482 132 53 7083;
1329 1483 131 51 pubd.
1491 1483 114 52 May
1637 1483 73 51 10;
1744 1482 283 54 Doubleday,
2059 1485 124 52 Page
2215 1486 37 42 &
2281 1500 81 40 co.,

428 1539 685 55 Garden City, L . I ., N. Y.
360 1640 205 74 [Cook,
608 1640 129 74 (T.)
777 1641 159 73 firm,
965 1638 376 76 publishers,
1371 1639 277 58 London.

442 1716 197 73 (1925.
725 1717 185 59 Thos.
947 1716 171 60 Cook
1151 1715 52 59 &
1237 1714 169 75 son)]

433 1808 266 58 Around
740 1808 104 58 the
883 1807 230 72 world;
1157 1826 36 38 a
1237 1805 223 61 cruise.
1547 1808 170 71 [New
1756 1808 192 72 York,
1994 1810 69 56 T.
2108 1809 170 59 Cook
2321 1811 48 59 &

356 1906 133 51 son,
517 1895 18 22 c
539 1885 168 73 1925]

427 1965 65 52 79,
525 1966 52 45 [1]
606 1978 40 39 p.
676 1962 74 46 incl.
806 1963 159 53 plates.
1025 1964 54 43 23
1086 1965 48 18 cm
1140 1998 8 8 .

429 2021 137 55 Maps
599 2037 60 28 on
691 2018 352 56 lining-papers.

353 2078 57 54 ©
434 2081 118 51 June
576 2080 37 51 2,
645 2076 130 54 1925;
804 2079 64 43 2c.
894 2080 115 51 June
1035 2078 49 51 3;
1113 2078 78 43 aff.
1217 2078 117 53 June
1357 2078 51 51 4;
1438 2078 43 42 A
1508 2076 190 54 855478;
1729 2076 139 47 Thos.
1900 2078 129 45 Cook
2056 2081 36 44 &
2121 2096 96 36 son,
2246 2082 117 44 New

427 2137 142 44 York.
639 2133 272 58 (25-11128)

360 2238 146 70 Cox,
542 2235 250 59 Donald
822 2233 300 72 William,
1160 2254 194 54 comp.

435 2329 327 73 Abridged
794 2329 119 71 key
948 2330 61 55 to
1045 2327 351 59 crossword
1430 2328 358 58 definitions
1824 2330 47 56 &
1906 2329 184 58 clues.
356 2328 1984 156 [Compiled]

574 2404 1789 80 by Donald W. Cox … London, Michell, Cox & co.,
358 2488 166 55 1925.

426 2564 53 43 34
510 2578 38 38 p.
614 2563 52 43 18½
699 2565 47 19 cm
752 2598 8 9 .

357 2620 53 53 ©
471 2637 35 27 1c.
539 2622 115 51 June
689 2619 61 53 18,
786 2616 129 55 1925;
949 2619 44 42 A
1024 2620 56 42 ad
1111 2619 76 43 int.
1219 2615 133 55 7085;
1387 2619 131 52 pubd.
1554 2620 112 51 May
1702 2620 74 51 18;
1814 2621 54 43 D.
1904 2622 73 43 W.
2013 2621 112 53 Cox,
2161 2624 201 46 London.

360 2734 193 71 Dake,
598 2731 259 61 Charles
897 2733 333 67 Laurence,
1274 2735 191 56 1883-

434 2823 504 75 Interpretation
968 2824 69 58 of
1067 2824 418 74 topographic
1519 2826 123 58 and
1674 2825 282 75 geologic
1983 2849 202 53 maps,
2216 2831 153 59 with

361 2903 234 73 special
627 2901 323 61 reference
983 2906 64 54 to
1083 2901 488 60 determination
1607 2904 68 58 of
1711 2906 337 72 structure,
2080 2908 83 71 by
2199 2908 63 58 C.
2296 2911 70 56 L.

357 2978 1836 80 Dake … and J. S. Brown … 1st ed. New York [etc.]
362 2984 1982 136 McGraw-Hill
733 3058 162 58 book
922 3075 325 55 company,
1277 3056 137 72 inc.,
1444 3058 167 59 1925.

429 3135 62 54 xi,
521 3134 81 46 355
632 3148 40 39 p.
733 3133 119 45 illus.
880 3132 129 56 (incl.
1039 3135 158 52 maps)
1236 3132 172 55 diagrs.
1474 3135 51 44 19
1530 3136 47 18 cm
1583 3170 9 8 .
1707 3135 126 55 $3.00

359 3191 53 54 ©
442 3194 116 52 June
592 3193 60 53 19,
688 3189 129 54 1925;
850 3191 65 44 2c.
945 3193 115 52 June
1089 3193 78 52 22;
1201 3192 78 45 aff.
1310 3193 114 52 June
1455 3193 78 52 23;
1567 3194 43 43 A
1641 3192 190 56 855639;
1867 3196 347 46 McGraw-Hill
2245 3201 120 44 book

429 3266 79 36 co.,
542 3251 82 42 inc.
694 3247 271 57 (25-12038)

363 3349 239 69 Dawes,
644 3347 207 60 Rufus
893 3347 230 73 Cutler,
1164 3350 190 59 1867-

441 3441 128 58 The
614 3441 223 58 Dawes
877 3440 149 72 plan
1065 3439 64 59 in
1171 3439 103 60 the
1312 3440 274 72 making,
1626 3443 81 70 by
1806 3443 149 59 Rufus
2001 3445 65 60 C.
2109 3449 256 73 Dawes;

359 3514 2006 83 with foreword by Frank O. Lowden … Indianapolis, The
360 3592 487 61 Bobbs-Merrill
873 3614 309 53 company
1211 3622 14 45 [
1227 3602 19 23 c
1250 3594 165 73 1925]

430 3670 1215 56 9 p. l., 17-525 p. front., plates, ports. 22½c m .
432 3727 319 57 Appendices:
780 3743 74 28 no.
886 3729 35 43 1.
950 3725 102 45 The
1081 3727 239 46 evolution
1348 3728 53 42 of
1427 3727 79 44 the
1535 3737 143 37 terms
1708 3731 53 43 of
1792 3731 239 47 reference
2060 3742 46 37 to
2137 3737 75 43 the
362 3751 1982 82 committees

573 3785 53 44 of
655 3790 187 48 experts.
916 3800 74 29 no.
1017 3787 38 41 2.
1086 3783 299 47 Resolutions
1415 3785 200 54 adopted
1644 3790 59 52 by
1729 3787 78 46 the
1837 3789 283 54 Reparation
365 3793 1978 96 commission

500 3857 61 28 on
600 3842 268 45 November
902 3842 65 52 30,
1007 3843 118 43 1923.
1187 3857 73 28 no.
1296 3842 37 43 3.
1373 3841 174 55 Report
1585 3844 54 43 of
1675 3844 289 48 committees
2001 3850 54 43 of
2092 3859 185 45 experts
2317 3860 48 40 to

364 3897 282 55 Reparation
676 3897 325 45 commission:
1035 3897 225 54 complete
1289 3897 197 54 English
1514 3907 101 36 text
1644 3900 114 45 with
1786 3917 218 32 annexes.

362 3955 53 53 ©
448 3958 111 50 May
588 3955 66 50 29,
688 3953 129 55 1925;
848 3956 65 42 2c.
944 3957 115 51 June
1091 3954 48 53 5;
1173 3955 78 44 aff.
1284 3957 115 52 June
1430 3956 49 52 4;
1516 3957 43 42 A
1592 3956 159 46 829581;
1819 3961 359 47 Bobbs-Merrill
2208 3982 53 27 co.

441 4011 269 56 (25-10922)
