2533 4412
1064 4085 109 55 711

115 533 161 54 state
322 532 303 67 reporter,
672 529 122 56 and
840 527 275 71 Spencer
1159 527 242 58 Gilbert
1445 527 304 72 Nauman,
1797 526 307 58 assistant

116 610 160 54 state
305 609 304 68 reporter.
677 604 455 72 Philadelphia,
1163 603 240 73 George
1434 604 67 55 T.
1531 604 176 57 Bisel
1733 623 104 53 co.,
1869 605 166 56 1925.

181 682 145 52 xxxii,
358 681 79 45 673
467 697 39 37 p.
560 682 54 43 23
621 684 47 18 cm
674 716 10 9 .

114 737 53 53 ©
195 739 107 52 July
333 738 62 52 15,
426 737 130 52 1925;
588 738 63 42 2c.
681 738 88 43 and
799 738 77 42 aff.
907 737 106 52 July
1041 737 77 51 22;
1151 736 44 43 A
1225 736 188 52 855990;
1449 735 140 53 Clyde
1621 737 49 43 L.
1701 736 140 53 King,
1872 744 230 46 secretary

184 794 52 44 of
265 794 74 44 the
367 794 373 43 commonwealth
771 793 75 44 for
872 794 75 43 the
976 800 114 36 state
1121 792 50 44 of
1202 792 345 53 Pennsylvania,
1578 793 287 53 Harrisburg,
1910 794 78 42 Pa.

115 877 478 74 Pennsylvania.
671 879 302 72 Supreme
1015 882 189 53 court.

189 955 468 72 Pennsylvania
699 959 162 54 state
903 958 265 69 reports,
1250 975 56 36 v.
1352 957 127 69 282,
1524 955 363 73 containing
1928 975 174 38 cases

113 1033 1988 72 decided … October term, 1924, and January term, 1925.
111 1112 321 71 Reported
470 1111 84 71 by
591 1111 223 56 Albert
853 1110 71 57 B.
965 1111 293 72 Weimer,
1302 1113 162 54 state
1506 1113 306 68 reporter.
114 1111 1968 149 Philadelphia,
415 1188 144 58 Geo.
595 1189 66 55 T.
694 1188 173 57 Bisel
899 1207 105 53 co.,
1040 1189 164 56 1925.

182 1265 114 42 xxiii,
342 1265 81 43 694
452 1280 40 37 p.
551 1264 57 44 23
613 1266 46 18 cm
665 1299 9 8 .

115 1320 53 53 ©
194 1322 116 51 June
334 1319 67 52 25,
432 1318 129 54 1925;
591 1320 65 43 2c.
683 1320 106 52 July
814 1320 79 52 22;
925 1320 77 43 aff.
1031 1319 106 53 July
1164 1321 49 51 3;
1244 1320 43 43 A
1317 1319 188 53 861140;
1538 1319 143 53 Clyde
1708 1320 50 43 L.
1787 1320 138 53 King,
183 1336 1898 93 secretary
310 1376 52 44 of
388 1376 73 44 the
487 1375 375 45 commonwealth
892 1375 74 44 for
992 1376 74 44 the
1095 1384 114 35 state
1236 1376 51 44 of
1316 1376 344 52 Pennsylvania,
1693 1377 298 53 Harrisburg,
2023 1379 80 43 Pa.

115 1460 376 70 Phillimore,
524 1463 153 56 Mrs.

191 1540 176 57 Paul.
451 1541 174 70 chap.
660 1542 54 54 4.

188 1618 81 51 (In
297 1619 175 41 Nation
502 1619 40 41 &
571 1619 79 41 the
680 1618 316 50 Athenaeum)

115 1672 53 53 ©
251 1708 8 8 1c.
288 1672 106 54 July
421 1672 67 53 20,
521 1673 129 51 1925;
681 1673 43 42 A
754 1674 56 42 ad
840 1673 76 43 int.
946 1671 134 53 7148;
1112 1671 130 53 pubd.
1274 1673 114 52 May
1415 1672 79 52 23;
1531 1671 177 54 George
1739 1673 63 42 H.
1834 1672 158 44 Doran
2023 1688 81 38 co.,

184 1729 120 44 New
331 1729 143 44 York.

115 1814 212 69 Ponet,
360 1813 182 58 Mme.
577 1813 248 57 Marthe
869 1813 390 73 (Bordeaux)

260 1899 1845 75 … Le secret de l’Étang Noir, and a review by Leon
114 1978 54 56 D
175 1979 187 56 audet,
422 1977 206 62 edited
663 1978 152 57 with
850 1977 444 73 introduction,
1337 1978 305 61 exercises
1682 1981 123 58 and
114 1981 1965 148 vocabulary,

115 2053 1963 153 by Milton Garver … New York & London, The Century co., 1925.
181 2225 75 37 xv,
286 2211 78 46 149
385 2225 41 38 p.
488 2211 138 44 front.,
656 2210 170 53 (port.)
896 2212 52 43 19½
981 2213 15 17 cm
1033 2245 8 9 .
1111 2209 125 54 (The
1261 2211 200 52 Century
1487 2209 133 48 modern
1703 2212 221 52 language
1951 2210 151 54 series,

114 2266 212 46 Kenneth
353 2265 267 52 McKenzie,
647 2267 171 51 editor)
939 2265 124 53 $1.00

182 2322 65 46 At
272 2324 115 43 head
409 2324 52 44 of
484 2322 123 46 title:
631 2324 172 51 Jeanne
829 2323 273 45 Danemarie
1134 2324 165 50 (Mme.
1326 2324 185 45 Marthe
1540 2325 444 51 Ponet-Bordeaux)

115 2375 53 53 ©
193 2377 107 52 July
321 2378 39 49 2,
389 2377 128 52 1925;
545 2377 63 43 2c.
635 2377 86 43 and
746 2378 78 42 aff.
849 2376 107 53 July
983 2377 49 51 6;
1060 2377 43 42 A
1128 2375 190 54 855764;
1349 2376 200 55 Century
1574 2393 66 29 co.

194 2432 267 55 (25-12640)

117 2518 240 57 Ramón
391 2533 41 57 y
467 2516 197 73 Cajal,
703 2516 321 74 Santiago,
1065 2520 189 57 1852-

191 2595 91 58 La
319 2595 278 59 infancia
636 2596 73 58 de
748 2596 239 57 Ramón
1027 2616 41 52 y
1109 2595 211 74 Cajal;
1362 2597 207 59 edited
1607 2597 150 59 with
116 2598 1969 148 introduction,

306 2678 195 68 notes,
545 2674 305 57 exercises
893 2675 124 56 and
1055 2675 396 72 vocabulary,
1494 2677 83 71 by
1614 2676 328 59 Elizabeth
116 2679 1967 131 McGuire

404 2750 1460 78 … New York, H. Holt and company [ c 1925]
185 2828 95 51 xiii,
311 2829 82 43 222
421 2844 40 37 p.
661 2862 8 9 17½cm.

189 2884 123 44 “The
342 2885 354 53 accompanying
724 2893 97 35 text
850 2885 37 44 is
917 2894 100 44 part
1046 2886 51 45 of
1124 2886 73 44 the
1227 2886 195 54 opening
1450 2887 205 52 chapters
1685 2888 51 44 of
1766 2889 258 45 Recuerdos
2055 2893 53 42 de

119 2942 59 43 mi
220 2940 119 54 vida,
382 2941 73 44 the
497 2941 218 52 complete
758 2942 360 53 autobiography
1159 2942 51 45 of
1256 2943 148 45 Señor
1446 2945 105 43 Don
1595 2944 221 54 Santiago
1859 2948 180 43 Ramón
2082 2966 27 32 y

120 2997 361 53 Cajal.”—Pref.

119 3053 53 53 ©
204 3056 115 51 June
352 3056 64 50 18,
452 3055 128 52 1925;
614 3055 64 43 2c.
712 3056 87 42 and
832 3056 78 42 aff.
946 3056 115 52 June
1091 3056 78 51 25;
1206 3057 43 42 A
1283 3055 188 54 855658;
1508 3058 162 53 Henry
1703 3060 119 43 Holt
1857 3061 37 44 &
1927 3077 66 27 co.

196 3109 270 56 (25-11599)

120 3194 297 69 Redfield,
457 3193 212 60 Bessie
709 3195 68 59 G.

194 3272 126 58 Aid
364 3277 63 53 to
472 3272 233 71 rhyme,
748 3274 84 69 by
873 3272 219 59 Bessie
1141 3274 66 57 G.
1254 3274 299 58 Redfield.
1636 3278 151 57 New
1830 3280 173 57 York
2047 3286 62 53 &

117 3351 277 69 London,
427 3349 67 58 G.
524 3349 67 57 P.
622 3349 331 58 Putnam’s
983 3368 165 49 sons,
1178 3352 165 57 1925.

187 3425 59 52 vi,
276 3425 80 46 533
385 3440 40 39 p.
488 3426 51 44 16½
573 3428 46 17 cm
626 3461 8 9 .

187 3483 242 43 Alternate
455 3497 139 37 pages
622 3482 152 44 blank.

120 3538 53 53 ©
203 3540 114 51 June
351 3539 62 49 19,
446 3536 128 53 1925;
606 3538 63 44 2c.
701 3540 86 42 and
817 3539 77 43 aff.
927 3538 106 53 July
1065 3541 46 50 1;
1144 3540 43 42 A
1218 3540 189 52 829955;
1442 3543 49 42 B.
1527 3543 51 44 G.
1612 3544 216 54 Redfield,
1862 3547 242 45 Hartford.

198 3593 269 55 (25-12532)

200 3680 128 56 The
355 3681 218 54 return
597 3679 68 57 of
690 3679 102 58 the
820 3680 212 72 kings;
1063 3681 164 57 facts
1257 3682 192 57 about
1473 3683 104 58 the
1606 3686 369 72 conspiracy
2003 3688 104 57 for

119 3755 103 58 the
258 3755 382 58 restoration
673 3756 68 57 of
773 3756 340 73 monarchy
1145 3757 65 57 in
1243 3762 238 56 central
1515 3759 272 77 Europe,
1824 3765 83 71 by
1940 3764 75 57 X.
2056 3767 50 56 7.

120 3833 150 58 New
295 3832 189 70 York,
510 3833 200 69 Dodd,
737 3834 187 58 Mead
952 3836 123 57 and
1102 3854 319 53 company,
1453 3839 165 57 1925.

191 3911 24 43 3
244 3926 39 37 p.
331 3944 22 17 l.,
382 3908 78 45 271
492 3924 39 38 p.
590 3911 51 42 21
650 3912 47 18 cm
703 3944 10 10 .

122 3965 1983 60 © June 20, 1925 ; 2c. July 1; aff. June 30; A 855727; Dodd, Mead & co., inc.
201 4021 270 55 (25-11974)
