2533 4412
0 0 0 0 857
93 413 458 73 Abderhalden,
595 414 181 72 Emil,
820 417 189 57 1877-
1166 416 91 57 ed.

169 507 351 57 Handbuch
566 508 113 56 der
722 506 421 72 biologischen
1192 506 588 57 arbeitsmethoden,
1883 505 207 58 Unter

91 583 1997 72 mitarbeit von zahlreichen fachmännern hrsg. von … Emil
91 661 1996 150 Abderhalden … abt. 4: Angewandte chemische und physikalische methoden. t. 3. Untersuchungen des blutes und
90 815 1975 153 der lymphe. 1. hlfte. … Berlin, Wien, Urban & Schwarzenberg, 1924.
159 983 1376 55 xvii, 688 p. illus., plates (part col.) diagrs. 25 ½ cm .
161 1056 116 44 New
312 1056 106 53 (2d)
454 1055 170 47 edition
646 1055 53 45 of
724 1055 76 44 the
827 1056 287 44 “Handbuch
1138 1057 80 42 der
1243 1055 362 44 biochemischen
1632 1055 454 54 arbeitsmethoden”,

91 1112 527 52 1909 – 1919, in 9 vols.
89 1175 1975 118 © Nov. 25, 1924; 1c. June 22, ‘1925; A—Foreign 27995; Urban & Schwarzenberg.
84 1338 274 73 Albalat,
399 1338 287 71 Antoine,
732 1341 190 57 1856-

231 1430 1857 75 … Comment on devient é crivain … Paris, Plon-
85 1508 265 60 Nourrit
381 1512 63 56 et
474 1529 31 39 c
507 1511 33 29 ie
575 1540 15 43 [
591 1518 19 23 c
613 1511 165 72 1925]

156 1600 601 54 4 p. l ., ii, 280 p. 18 ½ cm .
87 1669 1852 57 © Mar. 2, 1925; 1c. Apr. 2; A —Foreign 27261; Plon-Nourrit & co.
166 1727 271 56 (25 – 16475)
85 1827 201 74 Allen,
326 1828 229 58 Alfred
594 1830 206 71 Bates,
842 1831 190 57 1865-

163 1922 295 74 Physical
486 1923 151 72 plan
669 1924 104 57 for
805 1942 36 38 a
873 1923 507 71 transportation
1414 1924 236 70 system
1680 1923 106 59 for
1817 1924 105 58 the
1957 1924 127 73 city

87 2002 67 58 of
190 2000 300 74 Chicago;
525 2004 63 56 to
623 2001 103 59 the
764 1998 366 61 Committee
1166 2019 81 39 on
1279 2001 159 57 local
1471 1999 508 73 transportation
2015 2001 69 59 of

86 2080 103 58 the
218 2079 144 73 City
387 2079 238 58 council
650 2080 67 57 of
740 2079 104 57 the
870 2079 126 71 city
1021 2079 69 59 of
1117 2077 290 73 Chicago,
1437 2079 340 59 submitted
1799 2083 85 68 by
1908 2080 74 57 A.
2007 2080 73 58 B.

86 2158 199 57 Allen.
371 2156 306 73 [Chicago]
712 2156 166 59 1925.

155 2235 269 51 cover-title,
463 2233 48 45 15
549 2249 40 37 p.
650 2233 117 45 illus.
793 2234 128 51 (incl.
957 2232 155 53 plans)
1156 2233 168 52 diagrs.
1351 2232 18 53 (1
1441 2232 137 53 fold.)
1644 2232 199 46 26½x35
1851 2236 47 18 cm
1906 2269 8 8 .

87 2288 54 54 ©
168 2291 112 51 May
302 2290 66 49 29,
401 2287 102 45 1925
520 2303 10 38 ;
557 2289 64 43 2c.
648 2288 106 53 July
784 2288 75 53 14;
888 2288 78 43 aff.
993 2288 108 52 July
1131 2288 74 43 13·
1233 2289 45 42 A
1304 2287 189 54 863186;
1521 2289 58 43 A.
1610 2289 51 44 B.
1690 2289 149 53 Allen,
1869 2288 213 55 Chicago.

166 2344 270 56 (25–16227)

84 2444 201 72 Allen,
327 2443 341 59 Frederick
707 2445 231 71 James,
980 2446 190 57 1864-

162 2540 58 56 A
250 2539 184 73 guide
463 2544 64 53 to
558 2539 104 57 the
695 2540 188 70 study
911 2539 68 58 of
1007 2538 434 72 occupations;
1475 2559 38 37 a
1543 2539 267 58 selected
1841 2539 242 59 critical

84 2615 1995 151 bibliography of the common occupations with specific references for their study, by Frederick J. Allen … Rev.
87 2776 90 57 ed.
261 2774 325 70 Prepared
629 2774 196 57 under
860 2773 105 57 the
1006 2770 284 74 auspices
1331 2773 69 58 of
1436 2772 105 58 the
1577 2772 257 57 Bureau
1873 2773 69 57 of
86 2792 1969 117 vocational
382 2849 320 74 guidance,
731 2849 321 59 Graduate
1080 2849 209 59 school
1313 2850 70 57 of
1406 2848 347 72 education,
1779 2848 302 60 Harvard

83 2928 369 59 university.
539 2926 392 73 Cambridge,
964 2926 301 62 Harvard
1293 2926 356 72 university
1676 2945 203 54 press,
1912 2928 167 59 1925.

154 2989 637 68 XV p., 1 l., 197 p. 22½cm.
88 3058 53 54 ©
173 3061 115 52 June
324 3058 63 53 15,
424 3057 129 53 1925;
588 3059 64 42 2c.
686 3058 107 52 July
829 3058 74 51 13;
940 3057 78 43 aff.
1052 3058 121 52 Aug.
1209 3055 48 54 5;
1293 3057 45 42 A
1373 3055 188 54 855602;
1599 3056 51 45 F.
1685 3058 40 52 J.
1761 3058 151 52 Allen,
155 3056 1907 113 Cambridge,
353 3116 142 43 Mass.
558 3112 67 56 [©
651 3114 222 52 complete
899 3113 196 44 revision
1119 3114 87 42 and
1233 3112 247 54 rewriting]
1551 3111 272 57 (25–16299)

85 3215 337 58 American
450 3215 124 58 law
604 3219 246 68 reports
885 3214 356 57 annotated.

168 3303 1913 73 Cumulative index … vols. 34–37. Combining cases
88 3387 124 56 and
237 3384 416 58 annotations.
720 3383 339 71 Appendix
1083 3382 364 72 containing
1469 3382 125 56 late
1625 3382 459 71 supplemental

88 3463 307 57 decisions
428 3461 106 57 for
561 3461 76 56 A.
671 3461 67 56 L.
771 3462 72 55 R.
879 3460 401 57 annotations
1312 3459 65 56 in
1413 3459 431 57 continuation
1879 3460 67 56 of
1977 3461 103 56 the

88 3540 159 57 Blue
282 3538 160 58 book
479 3538 68 57 of
584 3540 165 55 1925.
829 3538 362 69 Rochester,
1230 3536 74 56 N.
1344 3535 94 72 Y.,
1481 3536 129 56 The
1649 3536 298 72 Lawyers
89 3555 1966 134 cooperative
451 3615 365 73 publishing
855 3633 334 54 company;
1233 3613 370 73 Northport,
1645 3613 68 57 L.
1757 3614 71 71 I.,
1871 3614 73 56 N.
1987 3613 94 72 Y.,

87 3695 277 56 Edward
391 3694 359 69 Thompson
777 3711 333 52 company;
1143 3690 127 59 San
1299 3690 356 74 Francisco,
1687 3690 206 73 Calif.,
88 3690 1970 151 Bancroft-Whitney
611 3789 321 54 company,
969 3770 166 57 1925.

156 3848 94 52 302,
278 3848 55 46 89
361 3862 40 37 p.
459 3847 57 43 24
521 3849 47 18 cm
573 3882 9 8 .

87 3903 53 53 ©
165 3905 118 52 Aug.
308 3905 65 49 21,
404 3901 129 50 1925;
559 3902 64 44 2c.
650 3903 86 43 and
761 3903 78 42 aff.
865 3903 119 51 Aug.
1007 3895 79 58 25;
1116 3901 45 42 A
1186 3898 188 54 861565;
1404 3900 216 53 Lawyers
1646 3900 307 53 co-operative
1977 3900 103 53 pub.

157 3976 80 36 co.,
268 3959 198 47 Edward
496 3957 264 53 Thompson
790 3973 78 36 co.,
903 3956 463 53 Bancroft-Whitney
1396 3972 66 29 co.
