2533 4412
1114 4078 108 56 125

154 443 303 71 Sullivan,
496 440 298 74 Aloysius
831 441 85 57 M.

235 534 269 59 Sonnets
531 532 69 58 of
625 555 35 37 a
688 530 352 73 simpleton,
1070 530 123 57 and
1221 529 179 57 other
1425 546 234 54 poems,
1687 527 84 72 by
1793 526 77 57 A.
1901 527 83 56 M.
155 525 1972 145 Sullivan.

426 611 287 70 Newark,
742 610 74 56 N.
847 609 81 71 J.,
957 609 73 56 D.
1067 609 61 57 S.
1163 606 244 71 Colyer,
1437 605 166 57 1924.

225 703 63 53 ix,
322 704 91 51 101,
448 703 52 46 [1]
531 716 42 38 p.
632 702 55 43 20
694 702 47 18 cm
746 734 9 9 .

157 773 53 54 ©
240 776 98 51 Jan.
365 771 68 53 25,
467 770 130 54 1925;
626 773 65 42 2c.
722 772 87 43 and
838 771 78 43 aff.
947 770 107 44 Feb.
1089 770 75 52 18;
1196 770 43 43 A
1269 768 190 53 822070;
1491 769 58 43 A.
1584 769 64 43 M.
1683 768 219 52 Sullivan,
1934 768 216 51 Newark,

228 831 59 44 N.
324 831 41 53 J.
434 828 242 56 (25-4681)

225 926 1925 75 … The Supreme court reporter. v. 44. Permanent ed.
234 1004 1895 138 Cases argued and determined … with key-number annotations.
636 1083 368 72 November,
1033 1082 360 72 1923-July,
1421 1082 165 56 1924.
1654 1081 90 57 St.
1771 1081 178 72 Paul,
1974 1081 183 58 West

233 1161 365 73 publishing
631 1180 106 53 co.,
773 1162 165 56 1924.

229 1239 130 52 xxiii,
387 1237 81 45 709
495 1253 53 40 p.,
593 1239 56 43 26½
681 1240 46 17 cm
735 1274 8 7 .
813 1237 245 54 (National
1084 1244 206 45 reporter
1318 1236 399 52 system—United
1748 1234 149 47 States
1927 1234 164 54 series)

159 1307 54 54 ©
240 1309 108 43 Dec.
378 1309 37 50 4,
446 1308 129 52 1924;
604 1309 65 43 2c.
699 1307 105 44 Feb.
837 1309 62 51 13,
931 1307 130 53 1925;
1092 1308 78 43 aff.
1201 1306 108 44 Feb.
1342 1307 74 52 12;
1447 1306 43 43 A
1521 1306 187 52 823062;
1740 1307 132 44 West
1902 1304 101 54 pub.
2032 1320 67 28 co.

162 1466 361 71 Tammann,
554 1466 242 58 Gustav
826 1463 306 59 Heinrich
1160 1463 254 60 Johann
1441 1461 311 75 Appolon,
1788 1464 191 58 1861-

235 1555 61 57 A
331 1557 133 56 text
496 1556 162 57 book
692 1555 67 57 of
792 1555 535 72 metallography;
1366 1553 341 73 chemistry
1741 1554 125 58 and
1901 1554 255 73 physics

161 1632 1927 73 of the metals and their alloys, by Gustav Tammann …
161 1712 353 57 translated
549 1711 167 57 from
753 1711 103 57 the
894 1710 174 58 third
1104 1710 274 59 German
1416 1710 235 58 edition
1688 1710 153 58 with
1877 1711 106 57 the
160 1728 1975 119 permission

449 1788 69 58 of
543 1789 102 57 the
674 1789 245 72 author,
944 1789 83 70 by
1055 1788 313 72 Reginald
1395 1787 176 59 Scott
1596 1788 179 57 Dean
1803 1789 126 57 and
1953 1788 204 59 Leslie

164 1865 1999 75 Gerald Swenson … New York, The Chemical catalog
163 1964 324 54 company,
518 1945 136 72 inc.,
689 1946 165 56 1925.

237 2022 1257 55 2 p. l., 3-388 p. illus., fold. tab., diagrs. 23½cm.
165 2079 53 54 ©
245 2080 108 45 Feb.
383 2082 64 50 18,
477 2079 131 53 1925;
635 2081 65 43 2c.
729 2079 105 45 Feb.
860 2080 79 52 20;
969 2081 79 43 aff.
1078 2079 106 45 Feb.
1215 2081 74 51 19;
1321 2080 47 44 A
1393 2080 188 52 823140;
1614 2078 231 46 Chemical
1873 2079 181 53 catalog
2081 2095 80 37 co.,

235 2138 82 43 inc.
388 2136 243 56 (25-4751)

165 2234 377 74 Tomlinson,
580 2237 257 56 Everett
875 2235 358 73 Titsworth,
1274 2238 189 56 1859-

309 2325 1853 75 … Scouting on the Mohawk; a soldier of the wilderness,
162 2403 1976 150 by Everett T. Tomlinson … New York, London, D. Appleton
406 2482 124 56 and
557 2500 322 54 company,
909 2483 164 55 1925.

241 2559 81 45 357
351 2575 40 38 p.
453 2559 151 51 front.,
635 2561 156 52 plates.
854 2561 49 43 19½
939 2563 46 17 cm
992 2595 9 9 .
1070 2561 118 52 (His
1215 2561 245 43 American
1491 2562 207 52 scouting
1727 2561 164 54 series)

243 2616 246 46 Published
516 2616 103 46 1905
646 2619 140 42 under
810 2617 122 44 title:
962 2619 45 42 A
1033 2617 168 45 soldier
1225 2619 52 44 of
1299 2619 75 43 the
1400 2617 275 45 wilderness.

169 2672 53 54 ©
249 2673 106 44 Feb.
382 2674 67 50 20,
481 2671 129 55 1925;
638 2675 65 43 2c.
733 2675 87 43 and
846 2675 79 43 aff.
955 2674 107 45 Feb.
1089 2676 79 52 24;
1199 2676 45 42 A
1273 2675 187 52 822146;
1493 2676 56 43 D.
1580 2676 228 52 Appleton
1838 2677 40 44 &
1904 2692 66 28 co.

247 2730 242 54 (25-4984)

168 2828 266 70 Vedder,
475 2830 276 58 Edward
790 2829 244 74 Bright,
1077 2833 189 57 1878-

247 2922 130 57 The
413 2920 267 59 medical
715 2926 247 68 aspects
1001 2923 69 58 of
1107 2922 294 60 chemical
1436 2925 296 71 warfare,
1769 2926 84 72 by
1890 2925 278 58 Edward

168 2998 1998 78 B. Vedder … with a chapter on the Naval medical aspects
171 3078 1997 77 of chemical warfare, by Duncan C. Walton … Baltimore,
171 3155 312 60 Williams
510 3154 47 57 &
581 3154 269 61 Wilkins
876 3174 325 55 company,
1228 3157 165 58 1925.

241 3234 95 52 xvi,
361 3233 82 46 327
469 3250 39 36 p.
571 3234 155 52 front.,
751 3236 56 43 34
832 3251 71 36 pl.,
929 3234 168 53 diagrs.
1155 3236 53 43 23½
1244 3238 47 17 cm
1297 3270 11 10 .

246 3291 326 45 “References”
598 3298 47 37 at
669 3292 86 43 end
778 3291 51 45 of
853 3299 102 44 part
979 3293 52 43 of
1054 3293 76 44 the
1154 3293 223 51 chapters.

171 3345 56 53 ©
256 3347 100 52 Jan.
384 3346 67 51 29,
486 3344 129 53 1925;
646 3346 64 42 2c.
740 3347 88 42 and
857 3347 80 43 aff.
968 3345 108 45 Feb.
1108 3348 49 51 3;
1189 3347 45 42 A
1265 3346 189 53 815899;
1487 3347 229 45 Williams
1749 3350 37 43 &
1817 3350 198 44 Wilkins
2046 3367 65 28 co.

253 3400 242 56 (25-4088)

174 3497 298 75 Warlick,
511 3499 283 60 William
828 3499 258 74 Walter,
1128 3503 189 56 1895-
1474 3521 194 56 comp.

251 3594 206 58 Naval
486 3594 310 72 aviation;
827 3615 36 39 a
893 3597 134 55 text
1054 3596 162 57 book
1244 3597 106 56 for
1377 3597 103 57 the
1509 3598 378 58 instruction
1919 3601 68 57 of
179 3598 1969 145 midshipmen

495 3671 66 58 in
597 3673 104 57 the
736 3672 418 72 Department
1190 3674 68 57 of
1296 3675 418 72 seamanship,
1748 3676 77 58 U.
1866 3677 61 59 S.
1967 3678 205 58 Naval

182 3749 1922 74 academy, compiled by Lieutenant W. W. Warlick …
176 3828 369 71 Annapolis,
576 3828 147 71 Md.,
753 3827 237 60 United
1021 3830 212 57 States
1263 3832 187 56 naval
1481 3831 308 75 institute,
1823 3835 165 56 1925.

256 3906 80 44 128
359 3921 41 37 p.
458 3905 129 47 illus.,
613 3917 56 31 xi
694 3921 57 36 pl.
778 3904 127 53 (incl.
931 3906 165 49 front.)
1163 3907 52 43 23½
1250 3908 48 18 cm
1304 3942 10 9 .

181 3957 53 54 ©
261 3961 98 51 Jan.
387 3961 68 49 31,
485 3960 128 52 1925;
641 3960 66 43 2c.
736 3959 108 45 Feb.
873 3960 50 52 4;
953 3960 79 44 aff.
1061 3959 107 45 Feb.
1199 3959 48 53 5;
1278 3961 45 42 A
1351 3960 190 54 815930;
1572 3964 60 44 U.
1665 3963 45 47 S.
1738 3966 133 43 naval
1901 3966 214 45 institute.

260 4015 242 54 (25-4089)
