<alto xmlns="http://www.loc.gov/standards/alto/ns-v3#" xmlns:xlink="http://www.w3.org/1999/xlink" xmlns:xsi="http://www.w3.org/2001/XMLSchema-instance" xsi:schemaLocation="http://www.loc.gov/standards/alto/ns-v3# http://www.loc.gov/alto/v3/alto-3-0.xsd"><Description>
<MeasurementUnit>pixel</MeasurementUnit>
<sourceImageInformation>
<fileName>1925_v22_Part001.pdf</fileName>
</sourceImageInformation>
<OCRProcessing ID="IdOcr">
<ocrProcessingStep>
<processingDateTime>2019-04-03</processingDateTime>
<processingSoftware>
<softwareCreator>ABBYY</softwareCreator>
<softwareName>ABBYY Recognition Server</softwareName>
<softwareVersion>4.0</softwareVersion>
</processingSoftware>
</ocrProcessingStep>
</OCRProcessing>
</Description>
<Styles>
<ParagraphStyle ID="StyleId-FFFFFFFF-FFFF-FFFF-FFFF-FFFFFFFFFFFF-" ALIGN="Left" LEFT="0." RIGHT="0." FIRSTLINE="0."/>
<ParagraphStyle ID="StyleId-2E5B4E57-07AD-4719-97CB-14521F7F4F8A-" ALIGN="Left" LEFT="0." RIGHT="0." FIRSTLINE="0." LINESPACE="8.899999619"/>
<ParagraphStyle ID="StyleId-62A6F688-D6E3-4EFC-837B-4A4C4EB582B7-" ALIGN="Center" LEFT="0." RIGHT="0." FIRSTLINE="0." LINESPACE="12.19999981"/>
<ParagraphStyle ID="StyleId-21B71EBC-BDB5-4E16-A8F2-58189A39665B-" ALIGN="Block" LEFT="0." RIGHT="0." FIRSTLINE="-13." LINESPACE="11.35000038"/>
<ParagraphStyle ID="StyleId-1E1A68C4-DD4F-417A-A13D-7FEC29ECB499-" ALIGN="Block" LEFT="0." RIGHT="0." FIRSTLINE="-15." LINESPACE="13.30000019"/>
<ParagraphStyle ID="StyleId-6B39EC51-644D-4E90-AF07-84EF2B1E466A-" ALIGN="Block" LEFT="0." RIGHT="0." FIRSTLINE="-15." LINESPACE="8.340000153"/>
<ParagraphStyle ID="StyleId-2C1BA15F-E223-41D6-853D-AAFBDAC17E68-" ALIGN="Center" LEFT="0." RIGHT="0." FIRSTLINE="0." LINESPACE="13."/>
<ParagraphStyle ID="StyleId-A3B2CDF3-43F0-422C-90A0-E074BFEC3BC0-" ALIGN="Block" LEFT="0." RIGHT="0." FIRSTLINE="0." LINESPACE="8.899999619"/>
<ParagraphStyle ID="StyleId-28AB2493-EA15-49C1-A6AC-ED5BC404F0B9-" ALIGN="Center" LEFT="0." RIGHT="0." FIRSTLINE="0." LINESPACE="12.19999981"/>
<ParagraphStyle ID="StyleId-4417A6D4-97E2-4EFC-962D-7FBC0D5273E4-" ALIGN="Left" LEFT="0." RIGHT="0." FIRSTLINE="15." LINESPACE="8.340000153"/>
<ParagraphStyle ID="StyleId-D4EF9C5E-3110-4A39-B7BC-3D84E0F04894-" ALIGN="Center" LEFT="0." RIGHT="0." FIRSTLINE="0." LINESPACE="13.30000019"/>
<ParagraphStyle ID="StyleId-D1243F31-1201-4D92-8F69-43ADB01E9AD1-" ALIGN="Left" LEFT="0." RIGHT="0." FIRSTLINE="-13." LINESPACE="13.30000019"/>
<ParagraphStyle ID="StyleId-C65417C6-23F2-4D8F-BA55-ECE73D98CAB9-" ALIGN="Left" LEFT="0." RIGHT="0." FIRSTLINE="0." LINESPACE="8.899999619"/>
<ParagraphStyle ID="StyleId-835763C1-08DD-41BE-8BAD-8E41EA88DAE3-" ALIGN="Center" LEFT="0." RIGHT="0." FIRSTLINE="0." LINESPACE="11.10000038"/>
<ParagraphStyle ID="StyleId-78FD6B81-8F83-422D-8DF4-4274EAFD19C6-" ALIGN="Block" LEFT="0." RIGHT="0." FIRSTLINE="-17." LINESPACE="12.19999981"/>
<ParagraphStyle ID="StyleId-F506BC7F-570D-458B-9F05-A143E1F5FD17-" ALIGN="Block" LEFT="0." RIGHT="0." FIRSTLINE="-17." LINESPACE="11.35000038"/>
<ParagraphStyle ID="StyleId-CBE02C6B-22D0-48C6-A874-7E90A22F4375-" ALIGN="Center" LEFT="0." RIGHT="0." FIRSTLINE="0." LINESPACE="4.400000095"/>
<ParagraphStyle ID="StyleId-14CC0121-63AF-4AB4-9656-E02F46C61AF2-" ALIGN="Left" LEFT="0." RIGHT="0." FIRSTLINE="0." LINESPACE="8.899999619"/>
<ParagraphStyle ID="StyleId-DD64CECB-1B22-4BFF-84F0-DFDE2B0000F8-" ALIGN="Left" LEFT="0." RIGHT="0." FIRSTLINE="0." LINESPACE="12.19999981"/>
<ParagraphStyle ID="StyleId-8AEF4AA8-141A-4E5D-9C3E-C0F9F43C742F-" ALIGN="Left" LEFT="0." RIGHT="0." FIRSTLINE="0." LINESPACE="8.300000191"/>
<ParagraphStyle ID="StyleId-8C396D2A-39C0-48AB-BABA-2679D8AB257E-" ALIGN="Left" LEFT="0." RIGHT="0." FIRSTLINE="0." LINESPACE="11.10000038"/>
<ParagraphStyle ID="StyleId-3B7FE50F-10D4-487F-BDCD-FD26EB60FD4A-" ALIGN="Block" LEFT="0." RIGHT="0." FIRSTLINE="13." LINESPACE="8.340000153"/>
<ParagraphStyle ID="StyleId-8CC5CC8E-615B-4C42-BB46-DB28FA355C27-" ALIGN="Left" LEFT="0." RIGHT="0." FIRSTLINE="0." LINESPACE="12.19999981"/>
<ParagraphStyle ID="StyleId-BC67E79D-8D99-4188-8B35-A59DBB7E2BB0-" ALIGN="Block" LEFT="0." RIGHT="0." FIRSTLINE="11." LINESPACE="9.399999619"/>
</Styles>
<Layout>
<Page ID="Page228" PHYSICAL_IMG_NR="228" HEIGHT="4412" WIDTH="2533">
<TopMargin HEIGHT="394" WIDTH="2533" VPOS="0" HPOS="0">
</TopMargin>
<LeftMargin HEIGHT="3662" WIDTH="310" VPOS="394" HPOS="0">
</LeftMargin>
<RightMargin HEIGHT="3662" WIDTH="183" VPOS="394" HPOS="2350">
</RightMargin>
<BottomMargin HEIGHT="356" WIDTH="2533" VPOS="4056" HPOS="0">
<TextBlock ID="Page228_Block1" HEIGHT="151" WIDTH="271" VPOS="4068" HPOS="1188" LANG="en-US" STYLEREFS="StyleId-2B49E556-D4A3-457B-8DE8-24710E76F911-">
<TextLine HEIGHT="57" WIDTH="112" VPOS="4072" HPOS="1266">
<String CONTENT="228" HEIGHT="57" WIDTH="112" VPOS="4072" HPOS="1266"/>
</TextLine>
</TextBlock>
</BottomMargin>
<PrintSpace HEIGHT="3662" WIDTH="2040" VPOS="394" HPOS="310">
<TextBlock ID="Page228_Block2" HEIGHT="3662" WIDTH="2040" VPOS="394" HPOS="310" LANG="en-US" CS="1" STYLEREFS="StyleId-DCEC3B69-85BB-41C4-9D0C-D408099D8A9E-">
<TextLine HEIGHT="74" WIDTH="771" VPOS="404" HPOS="321" STYLEREFS="StyleId-0876E25C-60E8-4CFE-8B79-0BC4780FB532-">
<String CONTENT="Clawson," HEIGHT="74" WIDTH="305" VPOS="404" HPOS="321"/>
<SP HEIGHT="71" WIDTH="38" VPOS="407" HPOS="627"/>
<String CONTENT="John" HEIGHT="58" WIDTH="171" VPOS="407" HPOS="666"/>
<SP HEIGHT="59" WIDTH="33" VPOS="406" HPOS="838"/>
<String CONTENT="Lewis." HEIGHT="60" WIDTH="220" VPOS="406" HPOS="872"/>
</TextLine>
<TextLine HEIGHT="75" WIDTH="1938" VPOS="499" HPOS="398">
<String CONTENT="A" HEIGHT="57" WIDTH="60" VPOS="499" HPOS="398"/>
<SP HEIGHT="57" WIDTH="37" VPOS="499" HPOS="459"/>
<String CONTENT="catalogue" HEIGHT="72" WIDTH="325" VPOS="500" HPOS="497"/>
<SP HEIGHT="38" WIDTH="42" VPOS="520" HPOS="823"/>
<String CONTENT="of" HEIGHT="58" WIDTH="66" VPOS="500" HPOS="866"/>
<SP HEIGHT="57" WIDTH="41" VPOS="500" HPOS="933"/>
<String CONTENT="early" HEIGHT="72" WIDTH="177" VPOS="501" HPOS="975"/>
<SP HEIGHT="73" WIDTH="36" VPOS="500" HPOS="1153"/>
<String CONTENT="English" HEIGHT="73" WIDTH="268" VPOS="500" HPOS="1190"/>
<SP HEIGHT="57" WIDTH="39" VPOS="501" HPOS="1459"/>
<String CONTENT="books" HEIGHT="57" WIDTH="193" VPOS="501" HPOS="1499"/>
<SP HEIGHT="57" WIDTH="38" VPOS="501" HPOS="1693"/>
<String CONTENT="in" HEIGHT="57" WIDTH="64" VPOS="501" HPOS="1732"/>
<SP HEIGHT="55" WIDTH="42" VPOS="504" HPOS="1797"/>
<String CONTENT="the" HEIGHT="57" WIDTH="103" VPOS="502" HPOS="1840"/>
<SP HEIGHT="57" WIDTH="40" VPOS="502" HPOS="1944"/>
<String CONTENT="library" HEIGHT="72" WIDTH="243" VPOS="502" HPOS="1985"/>
<SP HEIGHT="53" WIDTH="37" VPOS="521" HPOS="2229"/>
<String CONTENT="of" HEIGHT="57" WIDTH="69" VPOS="503" HPOS="2267"/>
</TextLine>
<TextLine HEIGHT="152" WIDTH="1988" VPOS="577" HPOS="321" CS="1">
<String CONTENT="John" HEIGHT="59" WIDTH="172" VPOS="578" HPOS="321"/>
<SP HEIGHT="59" WIDTH="25" VPOS="578" HPOS="494"/>
<String CONTENT="L." HEIGHT="57" WIDTH="67" VPOS="578" HPOS="520"/>
<SP HEIGHT="59" WIDTH="35" VPOS="577" HPOS="588"/>
<String CONTENT="Clawson," HEIGHT="75" WIDTH="305" VPOS="577" HPOS="624"/>
<SP HEIGHT="73" WIDTH="32" VPOS="579" HPOS="930"/>
<String CONTENT="Buffalo," HEIGHT="73" WIDTH="275" VPOS="579" HPOS="963"/>
<SP HEIGHT="72" WIDTH="29" VPOS="580" HPOS="1239"/>
<String CONTENT="by" HEIGHT="71" WIDTH="84" VPOS="580" HPOS="1269"/>
<SP HEIGHT="72" WIDTH="32" VPOS="579" HPOS="1354"/>
<String CONTENT="Seymour" HEIGHT="73" WIDTH="311" VPOS="579" HPOS="1387"/>
<SP HEIGHT="56" WIDTH="25" VPOS="580" HPOS="1699"/>
<String CS="1" CONTENT="De" HEIGHT="37" WIDTH="29" VPOS="600" HPOS="1789"/>
<SP HEIGHT="55" WIDTH="31" VPOS="582" HPOS="1819"/>
<String CONTENT="Ricci." HEIGHT="58" WIDTH="191" VPOS="580" HPOS="1851"/>
<SP HEIGHT="56" WIDTH="82" VPOS="581" HPOS="2043"/>
<String CONTENT="Philadelphia," HEIGHT="148" WIDTH="1988" VPOS="581" HPOS="321"/>
</TextLine>
<TextLine HEIGHT="74" WIDTH="1517" VPOS="657" HPOS="629">
<String CONTENT="New" HEIGHT="57" WIDTH="154" VPOS="657" HPOS="629"/>
<SP HEIGHT="56" WIDTH="28" VPOS="658" HPOS="784"/>
<String CONTENT="York," HEIGHT="71" WIDTH="192" VPOS="658" HPOS="813"/>
<SP HEIGHT="70" WIDTH="36" VPOS="659" HPOS="1006"/>
<String CONTENT="The" HEIGHT="56" WIDTH="130" VPOS="658" HPOS="1043"/>
<SP HEIGHT="56" WIDTH="35" VPOS="658" HPOS="1174"/>
<String CONTENT="Rosenbach" HEIGHT="57" WIDTH="372" VPOS="658" HPOS="1210"/>
<SP HEIGHT="56" WIDTH="34" VPOS="659" HPOS="1583"/>
<String CONTENT="company," HEIGHT="54" WIDTH="324" VPOS="677" HPOS="1618"/>
<SP HEIGHT="70" WIDTH="36" VPOS="661" HPOS="1943"/>
<String CONTENT="1924." HEIGHT="56" WIDTH="166" VPOS="660" HPOS="1980"/>
</TextLine>
<TextLine HEIGHT="55" WIDTH="912" VPOS="749" HPOS="389" STYLEREFS="StyleId-E648E50E-B9C1-49D4-9293-F8DAFEB339FF-">
<String CONTENT="xvi," HEIGHT="53" WIDTH="94" VPOS="749" HPOS="389"/>
<SP HEIGHT="51" WIDTH="22" VPOS="751" HPOS="484"/>
<String CONTENT="348" HEIGHT="43" WIDTH="84" VPOS="750" HPOS="507"/>
<SP HEIGHT="52" WIDTH="18" VPOS="750" HPOS="592"/>
<String CONTENT="p." HEIGHT="38" WIDTH="40" VPOS="764" HPOS="611"/>
<SP HEIGHT="42" WIDTH="60" VPOS="750" HPOS="652"/>
<String CONTENT="illus." HEIGHT="43" WIDTH="116" VPOS="750" HPOS="713"/>
<SP HEIGHT="54" WIDTH="25" VPOS="750" HPOS="830"/>
<String CONTENT="(facsims.)" HEIGHT="55" WIDTH="253" VPOS="749" HPOS="856"/>
<SP HEIGHT="53" WIDTH="65" VPOS="750" HPOS="1110"/>
<String CONTENT="28" HEIGHT="43" WIDTH="58" VPOS="750" HPOS="1176"/>
<String STYLE="superscript" CONTENT="cm" HEIGHT="17" WIDTH="47" VPOS="754" HPOS="1238"/>
<String CONTENT="." HEIGHT="8" WIDTH="8" VPOS="786" HPOS="1293"/>
</TextLine>
<TextLine HEIGHT="56" WIDTH="1943" VPOS="821" HPOS="394" STYLEREFS="StyleId-E648E50E-B9C1-49D4-9293-F8DAFEB339FF-">
<String CONTENT="&#8220;Of" HEIGHT="45" WIDTH="97" VPOS="821" HPOS="394"/>
<SP HEIGHT="45" WIDTH="30" VPOS="821" HPOS="492"/>
<String CONTENT="this" HEIGHT="45" WIDTH="89" VPOS="821" HPOS="523"/>
<SP HEIGHT="28" WIDTH="34" VPOS="837" HPOS="613"/>
<String CONTENT="catalogue" HEIGHT="54" WIDTH="241" VPOS="822" HPOS="648"/>
<SP HEIGHT="36" WIDTH="32" VPOS="830" HPOS="890"/>
<String CONTENT="two" HEIGHT="36" WIDTH="94" VPOS="830" HPOS="923"/>
<SP HEIGHT="44" WIDTH="30" VPOS="822" HPOS="1018"/>
<String CONTENT="hundred" HEIGHT="44" WIDTH="205" VPOS="822" HPOS="1049"/>
<SP HEIGHT="43" WIDTH="33" VPOS="823" HPOS="1255"/>
<String CONTENT="numbered" HEIGHT="44" WIDTH="247" VPOS="823" HPOS="1289"/>
<SP HEIGHT="43" WIDTH="34" VPOS="824" HPOS="1537"/>
<String CONTENT="copies" HEIGHT="54" WIDTH="150" VPOS="822" HPOS="1572"/>
<SP HEIGHT="48" WIDTH="33" VPOS="822" HPOS="1723"/>
<String CONTENT="have" HEIGHT="46" WIDTH="117" VPOS="822" HPOS="1757"/>
<SP HEIGHT="44" WIDTH="34" VPOS="824" HPOS="1875"/>
<String CONTENT="been" HEIGHT="44" WIDTH="113" VPOS="824" HPOS="1910"/>
<SP HEIGHT="39" WIDTH="33" VPOS="838" HPOS="2024"/>
<String CONTENT="printed," HEIGHT="54" WIDTH="189" VPOS="823" HPOS="2058"/>
<SP HEIGHT="36" WIDTH="35" VPOS="840" HPOS="2248"/>
<String CONTENT="of" HEIGHT="46" WIDTH="53" VPOS="822" HPOS="2284"/>
</TextLine>
<TextLine HEIGHT="47" WIDTH="572" VPOS="878" HPOS="321" STYLEREFS="StyleId-E648E50E-B9C1-49D4-9293-F8DAFEB339FF-">
<String CONTENT="which" HEIGHT="47" WIDTH="149" VPOS="878" HPOS="321"/>
<SP HEIGHT="46" WIDTH="22" VPOS="878" HPOS="471"/>
<String CONTENT="this" HEIGHT="45" WIDTH="89" VPOS="879" HPOS="494"/>
<SP HEIGHT="44" WIDTH="26" VPOS="880" HPOS="584"/>
<String CONTENT="is" HEIGHT="44" WIDTH="38" VPOS="880" HPOS="611"/>
<SP HEIGHT="28" WIDTH="24" VPOS="896" HPOS="650"/>
<String CONTENT="no." HEIGHT="29" WIDTH="72" VPOS="896" HPOS="675"/>
<SP HEIGHT="42" WIDTH="27" VPOS="882" HPOS="748"/>
<String CONTENT="162.&#8221;" HEIGHT="44" WIDTH="117" VPOS="880" HPOS="776"/>
</TextLine>
<TextLine HEIGHT="56" WIDTH="1954" VPOS="950" HPOS="322" STYLEREFS="StyleId-E648E50E-B9C1-49D4-9293-F8DAFEB339FF-">
<String CONTENT="&#169;" HEIGHT="55" WIDTH="55" VPOS="950" HPOS="322"/>
<SP HEIGHT="55" WIDTH="24" VPOS="950" HPOS="378"/>
<String CONTENT="Aug." HEIGHT="53" WIDTH="121" VPOS="953" HPOS="403"/>
<SP HEIGHT="43" WIDTH="27" VPOS="953" HPOS="525"/>
<String CONTENT="8," HEIGHT="51" WIDTH="38" VPOS="953" HPOS="553"/>
<SP HEIGHT="50" WIDTH="28" VPOS="954" HPOS="592"/>
<String CONTENT="1924" HEIGHT="43" WIDTH="105" VPOS="953" HPOS="621"/>
<SP HEIGHT="51" WIDTH="15" VPOS="954" HPOS="727"/>
<String CONTENT=";" HEIGHT="37" WIDTH="8" VPOS="968" HPOS="743"/>
<SP HEIGHT="52" WIDTH="27" VPOS="953" HPOS="752"/>
<String CONTENT="2c." HEIGHT="43" WIDTH="64" VPOS="953" HPOS="780"/>
<SP HEIGHT="41" WIDTH="29" VPOS="954" HPOS="845"/>
<String CONTENT="Mar." HEIGHT="42" WIDTH="118" VPOS="954" HPOS="875"/>
<SP HEIGHT="44" WIDTH="28" VPOS="954" HPOS="994"/>
<String CONTENT="7," HEIGHT="52" WIDTH="38" VPOS="954" HPOS="1023"/>
<SP HEIGHT="52" WIDTH="29" VPOS="954" HPOS="1062"/>
<String CONTENT="1925;" HEIGHT="54" WIDTH="131" VPOS="952" HPOS="1092"/>
<SP HEIGHT="38" WIDTH="28" VPOS="968" HPOS="1224"/>
<String CONTENT="aff." HEIGHT="44" WIDTH="80" VPOS="953" HPOS="1253"/>
<SP HEIGHT="44" WIDTH="28" VPOS="953" HPOS="1334"/>
<String CONTENT="Mar." HEIGHT="43" WIDTH="119" VPOS="953" HPOS="1363"/>
<SP HEIGHT="41" WIDTH="31" VPOS="955" HPOS="1483"/>
<String CONTENT="12;" HEIGHT="51" WIDTH="73" VPOS="954" HPOS="1515"/>
<SP HEIGHT="51" WIDTH="28" VPOS="954" HPOS="1589"/>
<!-- cceid 2D25AB10-6DD5-1014-B757-AF09C522E301 --><String CONTENT="A" HEIGHT="42" WIDTH="44" VPOS="954" HPOS="1618"/>
<SP HEIGHT="44" WIDTH="26" VPOS="953" HPOS="1663"/>
<String CONTENT="823375;" HEIGHT="53" WIDTH="191" VPOS="953" HPOS="1690"/>
<SP HEIGHT="52" WIDTH="30" VPOS="954" HPOS="1882"/>
<String CONTENT="Rosenbach" HEIGHT="44" WIDTH="269" VPOS="953" HPOS="1913"/>
<SP HEIGHT="44" WIDTH="26" VPOS="953" HPOS="2183"/>
<String CONTENT="co." HEIGHT="29" WIDTH="66" VPOS="969" HPOS="2210"/>
</TextLine>
<TextLine HEIGHT="54" WIDTH="245" VPOS="1009" HPOS="402" STYLEREFS="StyleId-E648E50E-B9C1-49D4-9293-F8DAFEB339FF-">
<String CONTENT="(25-6174)" HEIGHT="54" WIDTH="245" VPOS="1009" HPOS="402"/>
</TextLine>
<TextLine HEIGHT="74" WIDTH="1191" VPOS="1139" HPOS="323">
<String CONTENT="Cole," HEIGHT="73" WIDTH="163" VPOS="1139" HPOS="323"/>
<SP HEIGHT="72" WIDTH="40" VPOS="1140" HPOS="487"/>
<String CONTENT="Charles" HEIGHT="59" WIDTH="259" VPOS="1139" HPOS="528"/>
<SP HEIGHT="58" WIDTH="38" VPOS="1140" HPOS="788"/>
<String CONTENT="Buckingham," HEIGHT="74" WIDTH="455" VPOS="1139" HPOS="827"/>
<SP HEIGHT="68" WIDTH="39" VPOS="1144" HPOS="1283"/>
<String CONTENT="1865-" HEIGHT="56" WIDTH="191" VPOS="1143" HPOS="1323"/>
</TextLine>
<TextLine HEIGHT="78" WIDTH="1865" VPOS="1230" HPOS="400" CS="1">
<String CONTENT="Elements" HEIGHT="58" WIDTH="323" VPOS="1233" HPOS="400"/>
<SP HEIGHT="37" WIDTH="46" VPOS="1254" HPOS="724"/>
<String CONTENT="of" HEIGHT="57" WIDTH="67" VPOS="1234" HPOS="771"/>
<SP HEIGHT="57" WIDTH="44" VPOS="1234" HPOS="839"/>
<String CONTENT="commercial" HEIGHT="58" WIDTH="396" VPOS="1233" HPOS="884"/>
<SP HEIGHT="56" WIDTH="40" VPOS="1234" HPOS="1281"/>
<String CONTENT="law," HEIGHT="74" WIDTH="138" VPOS="1234" HPOS="1322"/>
<SP HEIGHT="73" WIDTH="43" VPOS="1235" HPOS="1461"/>
<String CONTENT="by" HEIGHT="71" WIDTH="84" VPOS="1235" HPOS="1505"/>
<SP HEIGHT="74" WIDTH="44" VPOS="1232" HPOS="1590"/>
<String CONTENT="Charles" HEIGHT="61" WIDTH="261" VPOS="1232" HPOS="1635"/>
<SP HEIGHT="57" WIDTH="46" VPOS="1234" HPOS="1897"/>
<String CONTENT="B." HEIGHT="56" WIDTH="70" VPOS="1234" HPOS="1944"/>
<SP HEIGHT="61" WIDTH="51" VPOS="1230" HPOS="2015"/>
<String CONTENT="Cole" HEIGHT="61" WIDTH="145" VPOS="1230" HPOS="2067"/>
<SP HEIGHT="39" WIDTH="52" VPOS="1254" HPOS="2213"/>
<String CS="1" CONTENT="&#8230;"/>
</TextLine>
<TextLine HEIGHT="74" WIDTH="2012" VPOS="1311" HPOS="320" CS="1">
<String CONTENT="under" HEIGHT="56" WIDTH="203" VPOS="1313" HPOS="320"/>
<SP HEIGHT="54" WIDTH="33" VPOS="1315" HPOS="524"/>
<String CONTENT="the" HEIGHT="56" WIDTH="104" VPOS="1313" HPOS="558"/>
<SP HEIGHT="37" WIDTH="37" VPOS="1332" HPOS="663"/>
<String CONTENT="editorship" HEIGHT="72" WIDTH="351" VPOS="1312" HPOS="701"/>
<SP HEIGHT="53" WIDTH="39" VPOS="1331" HPOS="1053"/>
<String CONTENT="of" HEIGHT="58" WIDTH="68" VPOS="1312" HPOS="1093"/>
<SP HEIGHT="57" WIDTH="35" VPOS="1312" HPOS="1162"/>
<String CONTENT="Thomas" HEIGHT="57" WIDTH="273" VPOS="1313" HPOS="1198"/>
<SP HEIGHT="59" WIDTH="40" VPOS="1311" HPOS="1472"/>
<String CONTENT="Conyngton" HEIGHT="74" WIDTH="374" VPOS="1311" HPOS="1513"/>
<SP HEIGHT="41" WIDTH="41" VPOS="1331" HPOS="1888"/>
<String CS="1" CONTENT="&#8230;"/>
<SP HEIGHT="61" WIDTH="77" VPOS="1311" HPOS="1994"/>
<String CONTENT="Boston," HEIGHT="74" WIDTH="260" VPOS="1311" HPOS="2072"/>
</TextLine>
<TextLine HEIGHT="77" WIDTH="1748" VPOS="1389" HPOS="321" CS="1">
<String CONTENT="New" HEIGHT="58" WIDTH="153" VPOS="1389" HPOS="321"/>
<SP HEIGHT="57" WIDTH="27" VPOS="1390" HPOS="475"/>
<String CONTENT="York" HEIGHT="57" WIDTH="175" VPOS="1390" HPOS="503"/>
<SP HEIGHT="75" WIDTH="32" VPOS="1390" HPOS="679"/>
<String CS="1" CONTENT="[etc.]" HEIGHT="72" WIDTH="148" VPOS="1393" HPOS="712"/>
<SP HEIGHT="75" WIDTH="32" VPOS="1390" HPOS="861"/>
<String CONTENT="Houghton" HEIGHT="74" WIDTH="347" VPOS="1390" HPOS="894"/>
<SP HEIGHT="57" WIDTH="29" VPOS="1390" HPOS="1242"/>
<String CONTENT="Mifflin" HEIGHT="57" WIDTH="217" VPOS="1390" HPOS="1272"/>
<SP HEIGHT="38" WIDTH="32" VPOS="1409" HPOS="1490"/>
<String CONTENT="company" HEIGHT="55" WIDTH="308" VPOS="1409" HPOS="1523"/>
<SP HEIGHT="55" WIDTH="33" VPOS="1410" HPOS="1832"/>
<String CONTENT="[" HEIGHT="44" WIDTH="14" VPOS="1421" HPOS="1866"/>
<String STYLE="superscript" CONTENT="c" HEIGHT="23" WIDTH="21" VPOS="1397" HPOS="1879"/>
<String CONTENT="1925]" HEIGHT="75" WIDTH="165" VPOS="1391" HPOS="1904"/>
</TextLine>
<TextLine HEIGHT="54" WIDTH="462" VPOS="1468" HPOS="388">
<String CONTENT="xiv," HEIGHT="52" WIDTH="94" VPOS="1469" HPOS="388"/>
<SP HEIGHT="52" WIDTH="28" VPOS="1469" HPOS="483"/>
<String CONTENT="384" HEIGHT="44" WIDTH="84" VPOS="1469" HPOS="512"/>
<SP HEIGHT="53" WIDTH="28" VPOS="1469" HPOS="597"/>
<String CONTENT="p." HEIGHT="39" WIDTH="39" VPOS="1483" HPOS="626"/>
<SP HEIGHT="44" WIDTH="58" VPOS="1468" HPOS="666"/>
<String CONTENT="21" HEIGHT="44" WIDTH="52" VPOS="1468" HPOS="725"/>
<String STYLE="superscript" CONTENT="cm" HEIGHT="17" WIDTH="48" VPOS="1472" HPOS="786"/>
<String CONTENT="." HEIGHT="8" WIDTH="9" VPOS="1504" HPOS="841"/>
</TextLine>
<TextLine HEIGHT="56" WIDTH="711" VPOS="1538" HPOS="392" STYLEREFS="StyleId-E648E50E-B9C1-49D4-9293-F8DAFEB339FF-" CS="1">
<String CONTENT="Bibliography:" HEIGHT="55" WIDTH="355" VPOS="1538" HPOS="392"/>
<SP HEIGHT="38" WIDTH="36" VPOS="1554" HPOS="748"/>
<String CONTENT="p." HEIGHT="38" WIDTH="39" VPOS="1554" HPOS="785"/>
<SP HEIGHT="29" WIDTH="39" VPOS="1565" HPOS="825"/>
<String CS="1" CONTENT="[333]-334." HEIGHT="53" WIDTH="224" VPOS="1540" HPOS="879"/>
</TextLine>
<TextLine HEIGHT="56" WIDTH="1870" VPOS="1609" HPOS="322" STYLEREFS="StyleId-E648E50E-B9C1-49D4-9293-F8DAFEB339FF-">
<String CONTENT="&#169;" HEIGHT="54" WIDTH="54" VPOS="1611" HPOS="322"/>
<SP HEIGHT="54" WIDTH="27" VPOS="1611" HPOS="377"/>
<String CONTENT="Mar." HEIGHT="43" WIDTH="121" VPOS="1613" HPOS="405"/>
<SP HEIGHT="44" WIDTH="31" VPOS="1612" HPOS="527"/>
<String CONTENT="5," HEIGHT="52" WIDTH="34" VPOS="1612" HPOS="559"/>
<SP HEIGHT="51" WIDTH="34" VPOS="1613" HPOS="594"/>
<String CONTENT="1925;" HEIGHT="55" WIDTH="129" VPOS="1610" HPOS="629"/>
<SP HEIGHT="52" WIDTH="28" VPOS="1613" HPOS="759"/>
<String CONTENT="2c." HEIGHT="42" WIDTH="65" VPOS="1613" HPOS="788"/>
<SP HEIGHT="27" WIDTH="30" VPOS="1628" HPOS="854"/>
<String CONTENT="and" HEIGHT="44" WIDTH="87" VPOS="1612" HPOS="885"/>
<SP HEIGHT="44" WIDTH="27" VPOS="1612" HPOS="973"/>
<String CONTENT="aff." HEIGHT="44" WIDTH="80" VPOS="1612" HPOS="1001"/>
<SP HEIGHT="42" WIDTH="30" VPOS="1613" HPOS="1082"/>
<String CONTENT="Mar." HEIGHT="42" WIDTH="120" VPOS="1613" HPOS="1113"/>
<SP HEIGHT="43" WIDTH="29" VPOS="1612" HPOS="1234"/>
<String CONTENT="9;" HEIGHT="52" WIDTH="49" VPOS="1612" HPOS="1264"/>
<SP HEIGHT="52" WIDTH="31" VPOS="1612" HPOS="1314"/>
<!-- cceid 2D263C07-6DD5-1014-B757-AF09C522E301 --><String CONTENT="A" HEIGHT="42" WIDTH="44" VPOS="1612" HPOS="1346"/>
<SP HEIGHT="43" WIDTH="28" VPOS="1612" HPOS="1391"/>
<String CONTENT="822318;" HEIGHT="52" WIDTH="189" VPOS="1612" HPOS="1420"/>
<SP HEIGHT="52" WIDTH="32" VPOS="1612" HPOS="1610"/>
<String CONTENT="Houghton" HEIGHT="53" WIDTH="255" VPOS="1611" HPOS="1643"/>
<SP HEIGHT="42" WIDTH="30" VPOS="1612" HPOS="1899"/>
<String CONTENT="Mifflin" HEIGHT="46" WIDTH="166" VPOS="1609" HPOS="1930"/>
<SP HEIGHT="29" WIDTH="28" VPOS="1626" HPOS="2097"/>
<String CONTENT="co." HEIGHT="29" WIDTH="66" VPOS="1627" HPOS="2126"/>
</TextLine>
<TextLine HEIGHT="57" WIDTH="246" VPOS="1667" HPOS="402" STYLEREFS="StyleId-E648E50E-B9C1-49D4-9293-F8DAFEB339FF-">
<String CONTENT="(25-6317)" HEIGHT="57" WIDTH="246" VPOS="1667" HPOS="402"/>
</TextLine>
<TextLine HEIGHT="74" WIDTH="1737" VPOS="1800" HPOS="326" STYLEREFS="StyleId-BA8325BB-F433-42CA-939B-0A477A18AAB4-">
<String CONTENT="Columbia" HEIGHT="60" WIDTH="326" VPOS="1802" HPOS="326"/>
<SP HEIGHT="41" WIDTH="28" VPOS="1819" HPOS="653"/>
<String CONTENT="university." HEIGHT="73" WIDTH="370" VPOS="1800" HPOS="682"/>
<SP HEIGHT="55" WIDTH="69" VPOS="1803" HPOS="1053"/>
<String CONTENT="Department" HEIGHT="71" WIDTH="414" VPOS="1803" HPOS="1123"/>
<SP HEIGHT="52" WIDTH="33" VPOS="1806" HPOS="1538"/>
<String CONTENT="of" HEIGHT="72" WIDTH="67" VPOS="1801" HPOS="1572"/>
<SP HEIGHT="73" WIDTH="27" VPOS="1801" HPOS="1640"/>
<String CONTENT="philosophy." HEIGHT="74" WIDTH="395" VPOS="1800" HPOS="1668"/>
</TextLine>
<TextLine HEIGHT="73" WIDTH="1935" VPOS="1894" HPOS="404">
<String CONTENT="Studies" HEIGHT="59" WIDTH="255" VPOS="1896" HPOS="404"/>
<SP HEIGHT="57" WIDTH="27" VPOS="1896" HPOS="660"/>
<String CONTENT="in" HEIGHT="56" WIDTH="69" VPOS="1896" HPOS="688"/>
<SP HEIGHT="54" WIDTH="30" VPOS="1899" HPOS="758"/>
<String CONTENT="the" HEIGHT="57" WIDTH="103" VPOS="1896" HPOS="789"/>
<SP HEIGHT="57" WIDTH="29" VPOS="1896" HPOS="893"/>
<String CONTENT="history" HEIGHT="71" WIDTH="252" VPOS="1896" HPOS="923"/>
<SP HEIGHT="52" WIDTH="30" VPOS="1915" HPOS="1176"/>
<String CONTENT="of" HEIGHT="58" WIDTH="70" VPOS="1894" HPOS="1207"/>
<SP HEIGHT="57" WIDTH="26" VPOS="1894" HPOS="1278"/>
<String CONTENT="ideas," HEIGHT="71" WIDTH="198" VPOS="1894" HPOS="1305"/>
<SP HEIGHT="51" WIDTH="35" VPOS="1914" HPOS="1504"/>
<String CONTENT="ed." HEIGHT="57" WIDTH="90" VPOS="1895" HPOS="1540"/>
<SP HEIGHT="56" WIDTH="32" VPOS="1895" HPOS="1631"/>
<String CONTENT="by" HEIGHT="71" WIDTH="85" VPOS="1895" HPOS="1664"/>
<SP HEIGHT="69" WIDTH="29" VPOS="1897" HPOS="1750"/>
<String CONTENT="the" HEIGHT="56" WIDTH="103" VPOS="1895" HPOS="1780"/>
<SP HEIGHT="57" WIDTH="31" VPOS="1894" HPOS="1884"/>
<String CONTENT="Department" HEIGHT="72" WIDTH="423" VPOS="1894" HPOS="1916"/>
</TextLine>
<TextLine HEIGHT="76" WIDTH="2010" VPOS="1972" HPOS="324">
<String CONTENT="of" HEIGHT="57" WIDTH="70" VPOS="1976" HPOS="324"/>
<SP HEIGHT="72" WIDTH="26" VPOS="1976" HPOS="395"/>
<String CONTENT="philosophy" HEIGHT="73" WIDTH="384" VPOS="1975" HPOS="422"/>
<SP HEIGHT="53" WIDTH="28" VPOS="1994" HPOS="807"/>
<String CONTENT="of" HEIGHT="57" WIDTH="67" VPOS="1975" HPOS="836"/>
<SP HEIGHT="59" WIDTH="33" VPOS="1973" HPOS="904"/>
<String CONTENT="Columbia" HEIGHT="59" WIDTH="329" VPOS="1973" HPOS="938"/>
<SP HEIGHT="37" WIDTH="27" VPOS="1993" HPOS="1268"/>
<String CONTENT="university," HEIGHT="74" WIDTH="372" VPOS="1972" HPOS="1296"/>
<SP HEIGHT="38" WIDTH="71" VPOS="1992" HPOS="1669"/>
<String CONTENT="v." HEIGHT="38" WIDTH="56" VPOS="1992" HPOS="1741"/>
<SP HEIGHT="55" WIDTH="36" VPOS="1974" HPOS="1798"/>
<String CONTENT="2." HEIGHT="55" WIDTH="49" VPOS="1974" HPOS="1835"/>
<SP HEIGHT="57" WIDTH="73" VPOS="1972" HPOS="1885"/>
<String CONTENT="New" HEIGHT="57" WIDTH="154" VPOS="1972" HPOS="1959"/>
<SP HEIGHT="57" WIDTH="27" VPOS="1972" HPOS="2114"/>
<String CONTENT="York," HEIGHT="74" WIDTH="192" VPOS="1972" HPOS="2142"/>
</TextLine>
<TextLine HEIGHT="72" WIDTH="1162" VPOS="2054" HPOS="325">
<String CONTENT="Columbia" HEIGHT="58" WIDTH="325" VPOS="2055" HPOS="325"/>
<SP HEIGHT="37" WIDTH="36" VPOS="2075" HPOS="651"/>
<String CONTENT="university" HEIGHT="72" WIDTH="356" VPOS="2054" HPOS="688"/>
<SP HEIGHT="53" WIDTH="31" VPOS="2073" HPOS="1045"/>
<String CONTENT="press," HEIGHT="54" WIDTH="204" VPOS="2072" HPOS="1077"/>
<SP HEIGHT="72" WIDTH="38" VPOS="2054" HPOS="1282"/>
<String CONTENT="1925." HEIGHT="56" WIDTH="166" VPOS="2054" HPOS="1321"/>
</TextLine>
<TextLine HEIGHT="56" WIDTH="608" VPOS="2144" HPOS="393" STYLEREFS="StyleId-E648E50E-B9C1-49D4-9293-F8DAFEB339FF-" CS="1">
<String LANG="en-US" CONTENT="5" HEIGHT="44" WIDTH="22" VPOS="2147" HPOS="393"/>
<SP HEIGHT="53" WIDTH="26" VPOS="2147" HPOS="416"/>
<String LANG="la" CONTENT="p." HEIGHT="38" WIDTH="39" VPOS="2162" HPOS="443"/>
<SP/>
<String LANG="la" CS="1" CONTENT="l.,"/>
<SP/>
<String LANG="la" CS="1" CONTENT="["/>
<String LANG="en-US" CONTENT="3]-377" HEIGHT="55" WIDTH="157" VPOS="2144" HPOS="598"/>
<SP HEIGHT="54" WIDTH="24" VPOS="2144" HPOS="756"/>
<String LANG="en-US" CONTENT="p." HEIGHT="38" WIDTH="40" VPOS="2160" HPOS="781"/>
<SP HEIGHT="43" WIDTH="53" VPOS="2146" HPOS="822"/>
<String LANG="en-US" CONTENT="21" HEIGHT="42" WIDTH="51" VPOS="2146" HPOS="876"/>
<String STYLE="superscript" LANG="en-US" CONTENT="cm" HEIGHT="17" WIDTH="48" VPOS="2148" HPOS="938"/>
<String LANG="en-US" CONTENT="." HEIGHT="7" WIDTH="8" VPOS="2181" HPOS="993"/>
</TextLine>
<TextLine HEIGHT="59" WIDTH="2013" VPOS="2213" HPOS="321" STYLEREFS="StyleId-4E3E6BE5-57D0-4A04-82CF-3B2F33D7A3FB-">
<String CONTENT="&#169;" HEIGHT="54" WIDTH="54" VPOS="2218" HPOS="321"/>
<SP HEIGHT="54" WIDTH="25" VPOS="2218" HPOS="376"/>
<String CONTENT="Mar." HEIGHT="42" WIDTH="121" VPOS="2221" HPOS="402"/>
<SP HEIGHT="44" WIDTH="24" VPOS="2219" HPOS="524"/>
<String CONTENT="23," HEIGHT="51" WIDTH="66" VPOS="2219" HPOS="549"/>
<SP HEIGHT="50" WIDTH="31" VPOS="2220" HPOS="616"/>
<String CONTENT="1925;" HEIGHT="52" WIDTH="129" VPOS="2217" HPOS="648"/>
<SP HEIGHT="51" WIDTH="27" VPOS="2218" HPOS="778"/>
<String CONTENT="2c." HEIGHT="43" WIDTH="64" VPOS="2218" HPOS="806"/>
<SP HEIGHT="43" WIDTH="29" VPOS="2218" HPOS="871"/>
<String CONTENT="Mar." HEIGHT="42" WIDTH="121" VPOS="2218" HPOS="901"/>
<SP HEIGHT="42" WIDTH="24" VPOS="2217" HPOS="1023"/>
<String CONTENT="26;" HEIGHT="51" WIDTH="78" VPOS="2215" HPOS="1048"/>
<SP HEIGHT="35" WIDTH="29" VPOS="2231" HPOS="1127"/>
<String CONTENT="aff." HEIGHT="43" WIDTH="80" VPOS="2216" HPOS="1157"/>
<SP HEIGHT="43" WIDTH="27" VPOS="2216" HPOS="1238"/>
<String CONTENT="Mar." HEIGHT="43" WIDTH="120" VPOS="2216" HPOS="1266"/>
<SP HEIGHT="44" WIDTH="25" VPOS="2215" HPOS="1387"/>
<String CONTENT="25;" HEIGHT="53" WIDTH="78" VPOS="2214" HPOS="1413"/>
<SP HEIGHT="52" WIDTH="30" VPOS="2215" HPOS="1492"/>
<!-- cceid 2D26CF52-6DD5-1014-B757-AF09C522E301 --><String CONTENT="A" HEIGHT="43" WIDTH="42" VPOS="2215" HPOS="1523"/>
<SP HEIGHT="43" WIDTH="27" VPOS="2215" HPOS="1566"/>
<String CONTENT="822610;" HEIGHT="53" WIDTH="190" VPOS="2214" HPOS="1594"/>
<SP HEIGHT="54" WIDTH="32" VPOS="2213" HPOS="1785"/>
<String CONTENT="Columbia" HEIGHT="46" WIDTH="241" VPOS="2213" HPOS="1818"/>
<SP HEIGHT="29" WIDTH="22" VPOS="2230" HPOS="2060"/>
<String CONTENT="university" HEIGHT="56" WIDTH="251" VPOS="2213" HPOS="2083"/>
</TextLine>
<TextLine HEIGHT="39" WIDTH="142" VPOS="2290" HPOS="393" STYLEREFS="StyleId-4E3E6BE5-57D0-4A04-82CF-3B2F33D7A3FB-">
<String CONTENT="press." HEIGHT="39" WIDTH="142" VPOS="2290" HPOS="393"/>
</TextLine>
<TextLine HEIGHT="75" WIDTH="1124" VPOS="2388" HPOS="324" STYLEREFS="StyleId-61DE8A75-34F7-43BA-8D49-3EAE3C8E13DA-">
<String CONTENT="Couse," HEIGHT="71" WIDTH="216" VPOS="2392" HPOS="324"/>
<SP HEIGHT="72" WIDTH="37" VPOS="2391" HPOS="541"/>
<String CONTENT="Howard" HEIGHT="57" WIDTH="281" VPOS="2390" HPOS="579"/>
<SP HEIGHT="58" WIDTH="30" VPOS="2389" HPOS="861"/>
<String CONTENT="Ambrose," HEIGHT="72" WIDTH="325" VPOS="2388" HPOS="892"/>
<SP HEIGHT="69" WIDTH="38" VPOS="2391" HPOS="1218"/>
<String CONTENT="1871-" HEIGHT="57" WIDTH="191" VPOS="2389" HPOS="1257"/>
</TextLine>
<TextLine HEIGHT="78" WIDTH="1935" VPOS="2477" HPOS="401">
<String CONTENT="Forms" HEIGHT="56" WIDTH="227" VPOS="2487" HPOS="401"/>
<SP HEIGHT="39" WIDTH="38" VPOS="2503" HPOS="629"/>
<String CONTENT="and" HEIGHT="58" WIDTH="125" VPOS="2484" HPOS="668"/>
<SP HEIGHT="71" WIDTH="33" VPOS="2484" HPOS="794"/>
<String CONTENT="precedents" HEIGHT="74" WIDTH="371" VPOS="2481" HPOS="828"/>
<SP HEIGHT="59" WIDTH="38" VPOS="2478" HPOS="1200"/>
<String CONTENT="for" HEIGHT="58" WIDTH="104" VPOS="2478" HPOS="1239"/>
<SP HEIGHT="38" WIDTH="35" VPOS="2499" HPOS="1344"/>
<String CONTENT="conveyancing" HEIGHT="74" WIDTH="468" VPOS="2477" HPOS="1380"/>
<SP HEIGHT="53" WIDTH="36" VPOS="2498" HPOS="1849"/>
<String CONTENT="and" HEIGHT="57" WIDTH="125" VPOS="2479" HPOS="1886"/>
<SP HEIGHT="57" WIDTH="33" VPOS="2479" HPOS="2012"/>
<String CONTENT="business" HEIGHT="60" WIDTH="290" VPOS="2477" HPOS="2046"/>
</TextLine>
<TextLine HEIGHT="79" WIDTH="2016" VPOS="2555" HPOS="323">
<String CONTENT="transactions" HEIGHT="60" WIDTH="428" VPOS="2562" HPOS="323"/>
<SP HEIGHT="40" WIDTH="41" VPOS="2581" HPOS="752"/>
<String CONTENT="adapted" HEIGHT="73" WIDTH="277" VPOS="2561" HPOS="794"/>
<SP HEIGHT="58" WIDTH="40" VPOS="2561" HPOS="1072"/>
<String CONTENT="to" HEIGHT="53" WIDTH="63" VPOS="2563" HPOS="1113"/>
<SP HEIGHT="54" WIDTH="44" VPOS="2562" HPOS="1177"/>
<String CONTENT="the" HEIGHT="58" WIDTH="105" VPOS="2558" HPOS="1222"/>
<SP HEIGHT="57" WIDTH="39" VPOS="2559" HPOS="1328"/>
<String CONTENT="laws" HEIGHT="56" WIDTH="152" VPOS="2559" HPOS="1368"/>
<SP HEIGHT="38" WIDTH="43" VPOS="2577" HPOS="1521"/>
<String CONTENT="of" HEIGHT="58" WIDTH="69" VPOS="2556" HPOS="1565"/>
<SP HEIGHT="61" WIDTH="42" VPOS="2555" HPOS="1635"/>
<String CONTENT="Ohio." HEIGHT="61" WIDTH="177" VPOS="2555" HPOS="1678"/>
<SP HEIGHT="58" WIDTH="82" VPOS="2556" HPOS="1856"/>
<String CONTENT="2d" HEIGHT="60" WIDTH="79" VPOS="2556" HPOS="1939"/>
<SP HEIGHT="57" WIDTH="43" VPOS="2559" HPOS="2019"/>
<String CONTENT="ed." HEIGHT="58" WIDTH="93" VPOS="2558" HPOS="2063"/>
<SP HEIGHT="56" WIDTH="81" VPOS="2558" HPOS="2157"/>
<String CONTENT="By" HEIGHT="73" WIDTH="100" VPOS="2558" HPOS="2239"/>
</TextLine>
<TextLine HEIGHT="71" WIDTH="2013" VPOS="2636" HPOS="322" CS="1">
<String CONTENT="Howard" HEIGHT="60" WIDTH="283" VPOS="2642" HPOS="322"/>
<SP HEIGHT="57" WIDTH="32" VPOS="2642" HPOS="606"/>
<String CONTENT="A." HEIGHT="57" WIDTH="76" VPOS="2642" HPOS="639"/>
<SP HEIGHT="59" WIDTH="42" VPOS="2640" HPOS="716"/>
<String CONTENT="Couse" HEIGHT="59" WIDTH="200" VPOS="2640" HPOS="759"/>
<SP HEIGHT="37" WIDTH="46" VPOS="2662" HPOS="960"/>
<String CS="1" CONTENT="&#8230;"/>
<SP HEIGHT="59" WIDTH="90" VPOS="2637" HPOS="1069"/>
<String CONTENT="Cincinnati," HEIGHT="71" WIDTH="375" VPOS="2636" HPOS="1160"/>
<SP HEIGHT="69" WIDTH="39" VPOS="2638" HPOS="1536"/>
<String CONTENT="The" HEIGHT="58" WIDTH="128" VPOS="2637" HPOS="1576"/>
<SP HEIGHT="59" WIDTH="37" VPOS="2636" HPOS="1705"/>
<String LANG="la" CONTENT="W." HEIGHT="58" WIDTH="98" VPOS="2636" HPOS="1743"/>
<SP HEIGHT="57" WIDTH="36" VPOS="2636" HPOS="1842"/>
<String CONTENT="H." HEIGHT="57" WIDTH="81" VPOS="2636" HPOS="1879"/>
<SP HEIGHT="58" WIDTH="37" VPOS="2636" HPOS="1961"/>
<String CONTENT="Anderson" HEIGHT="59" WIDTH="336" VPOS="2636" HPOS="1999"/>
</TextLine>
<TextLine HEIGHT="75" WIDTH="525" VPOS="2720" HPOS="323">
<String CONTENT="company," HEIGHT="55" WIDTH="326" VPOS="2740" HPOS="323"/>
<SP HEIGHT="73" WIDTH="30" VPOS="2722" HPOS="650"/>
<String CONTENT="1925." HEIGHT="57" WIDTH="167" VPOS="2720" HPOS="681"/>
</TextLine>
<TextLine HEIGHT="53" WIDTH="495" VPOS="2812" HPOS="393" CS="1">
<String CONTENT="vii," HEIGHT="52" WIDTH="76" VPOS="2813" HPOS="393"/>
<SP HEIGHT="50" WIDTH="29" VPOS="2815" HPOS="470"/>
<String CONTENT="1633" HEIGHT="44" WIDTH="106" VPOS="2814" HPOS="500"/>
<SP HEIGHT="50" WIDTH="27" VPOS="2815" HPOS="607"/>
<String CONTENT="p." HEIGHT="38" WIDTH="42" VPOS="2827" HPOS="635"/>
<SP HEIGHT="43" WIDTH="57" VPOS="2812" HPOS="678"/>
<String CS="1" CONTENT="26&#189;" HEIGHT="44" WIDTH="57" VPOS="2812" HPOS="736"/>
<String STYLE="superscript" CONTENT="cm" HEIGHT="17" WIDTH="47" VPOS="2813" HPOS="826"/>
<String CONTENT="." HEIGHT="9" WIDTH="8" VPOS="2845" HPOS="880"/>
</TextLine>
<TextLine HEIGHT="61" WIDTH="2008" VPOS="2878" HPOS="324" STYLEREFS="StyleId-4E3E6BE5-57D0-4A04-82CF-3B2F33D7A3FB-">
<String CONTENT="&#169;" HEIGHT="54" WIDTH="54" VPOS="2885" HPOS="324"/>
<SP HEIGHT="54" WIDTH="36" VPOS="2885" HPOS="379"/>
<String CONTENT="Mar." HEIGHT="42" WIDTH="119" VPOS="2887" HPOS="416"/>
<SP HEIGHT="42" WIDTH="39" VPOS="2887" HPOS="536"/>
<String CONTENT="14," HEIGHT="51" WIDTH="62" VPOS="2886" HPOS="576"/>
<SP HEIGHT="51" WIDTH="38" VPOS="2886" HPOS="639"/>
<String CONTENT="1925;" HEIGHT="53" WIDTH="130" VPOS="2882" HPOS="678"/>
<SP HEIGHT="52" WIDTH="34" VPOS="2883" HPOS="809"/>
<String CONTENT="2c." HEIGHT="42" WIDTH="64" VPOS="2883" HPOS="844"/>
<SP HEIGHT="28" WIDTH="36" VPOS="2897" HPOS="909"/>
<String CONTENT="and" HEIGHT="43" WIDTH="88" VPOS="2882" HPOS="946"/>
<SP HEIGHT="43" WIDTH="34" VPOS="2882" HPOS="1035"/>
<String CONTENT="aff." HEIGHT="43" WIDTH="78" VPOS="2881" HPOS="1070"/>
<SP HEIGHT="41" WIDTH="39" VPOS="2882" HPOS="1149"/>
<String CONTENT="Mar." HEIGHT="41" WIDTH="119" VPOS="2882" HPOS="1189"/>
<SP HEIGHT="42" WIDTH="39" VPOS="2881" HPOS="1309"/>
<String CONTENT="16;" HEIGHT="52" WIDTH="73" VPOS="2879" HPOS="1349"/>
<SP HEIGHT="52" WIDTH="38" VPOS="2879" HPOS="1423"/>
<!-- cceid 2D275BFE-6DD5-1014-B757-AF09C522E301 --><String CONTENT="A" HEIGHT="43" WIDTH="42" VPOS="2879" HPOS="1462"/>
<SP HEIGHT="44" WIDTH="36" VPOS="2878" HPOS="1505"/>
<String CONTENT="822442;" HEIGHT="53" WIDTH="189" VPOS="2878" HPOS="1542"/>
<SP HEIGHT="51" WIDTH="38" VPOS="2880" HPOS="1732"/>
<String LANG="la" CONTENT="W." HEIGHT="43" WIDTH="75" VPOS="2880" HPOS="1771"/>
<SP HEIGHT="42" WIDTH="37" VPOS="2880" HPOS="1847"/>
<String CONTENT="H." HEIGHT="42" WIDTH="62" VPOS="2880" HPOS="1885"/>
<SP HEIGHT="44" WIDTH="38" VPOS="2878" HPOS="1948"/>
<String CONTENT="Anderson" HEIGHT="46" WIDTH="244" VPOS="2878" HPOS="1987"/>
<SP HEIGHT="29" WIDTH="34" VPOS="2895" HPOS="2232"/>
<String CONTENT="co." HEIGHT="29" WIDTH="65" VPOS="2895" HPOS="2267"/>
</TextLine>
<TextLine HEIGHT="63" WIDTH="1651" VPOS="2934" HPOS="397" STYLEREFS="StyleId-4E3E6BE5-57D0-4A04-82CF-3B2F33D7A3FB-">
<String CONTENT="[&#169;" HEIGHT="55" WIDTH="67" VPOS="2942" HPOS="397"/>
<SP HEIGHT="53" WIDTH="24" VPOS="2942" HPOS="465"/>
<String CONTENT="new" HEIGHT="29" WIDTH="100" VPOS="2957" HPOS="490"/>
<SP HEIGHT="45" WIDTH="25" VPOS="2941" HPOS="591"/>
<String CONTENT="forms," HEIGHT="50" WIDTH="157" VPOS="2941" HPOS="617"/>
<SP HEIGHT="36" WIDTH="23" VPOS="2955" HPOS="775"/>
<String CONTENT="new" HEIGHT="28" WIDTH="100" VPOS="2955" HPOS="799"/>
<SP HEIGHT="29" WIDTH="24" VPOS="2954" HPOS="900"/>
<String CONTENT="notes" HEIGHT="36" WIDTH="128" VPOS="2946" HPOS="925"/>
<SP HEIGHT="28" WIDTH="25" VPOS="2953" HPOS="1054"/>
<String CONTENT="and" HEIGHT="43" WIDTH="88" VPOS="2938" HPOS="1080"/>
<SP HEIGHT="43" WIDTH="23" VPOS="2938" HPOS="1169"/>
<String CONTENT="new" HEIGHT="29" WIDTH="99" VPOS="2952" HPOS="1193"/>
<SP HEIGHT="29" WIDTH="22" VPOS="2952" HPOS="1293"/>
<String CONTENT="matter" HEIGHT="36" WIDTH="168" VPOS="2944" HPOS="1316"/>
<SP HEIGHT="43" WIDTH="26" VPOS="2936" HPOS="1485"/>
<String CONTENT="in" HEIGHT="43" WIDTH="43" VPOS="2936" HPOS="1512"/>
<SP HEIGHT="42" WIDTH="26" VPOS="2938" HPOS="1556"/>
<String CONTENT="index]" HEIGHT="52" WIDTH="149" VPOS="2937" HPOS="1583"/>
<SP HEIGHT="52" WIDTH="69" VPOS="2937" HPOS="1733"/>
<String CONTENT="(25-6708)" HEIGHT="56" WIDTH="245" VPOS="2934" HPOS="1803"/>
</TextLine>
<TextLine HEIGHT="74" WIDTH="584" VPOS="3052" HPOS="324" STYLEREFS="StyleId-61DE8A75-34F7-43BA-8D49-3EAE3C8E13DA-">
<String CONTENT="Crane," HEIGHT="67" WIDTH="218" VPOS="3059" HPOS="324"/>
<SP HEIGHT="70" WIDTH="39" VPOS="3056" HPOS="543"/>
<String CONTENT="Clarkson." HEIGHT="62" WIDTH="325" VPOS="3052" HPOS="583"/>
</TextLine>
<TextLine HEIGHT="77" WIDTH="1931" VPOS="3140" HPOS="402">
<String CONTENT="The" HEIGHT="57" WIDTH="129" VPOS="3149" HPOS="402"/>
<SP HEIGHT="39" WIDTH="46" VPOS="3167" HPOS="532"/>
<String CONTENT="western" HEIGHT="56" WIDTH="272" VPOS="3149" HPOS="579"/>
<SP HEIGHT="38" WIDTH="46" VPOS="3164" HPOS="852"/>
<String CONTENT="shore," HEIGHT="70" WIDTH="201" VPOS="3146" HPOS="899"/>
<SP HEIGHT="72" WIDTH="45" VPOS="3144" HPOS="1101"/>
<String CONTENT="by" HEIGHT="72" WIDTH="84" VPOS="3144" HPOS="1147"/>
<SP HEIGHT="75" WIDTH="46" VPOS="3141" HPOS="1232"/>
<String CONTENT="Clarkson" HEIGHT="60" WIDTH="308" VPOS="3141" HPOS="1279"/>
<SP HEIGHT="61" WIDTH="47" VPOS="3140" HPOS="1588"/>
<String CONTENT="Crane." HEIGHT="61" WIDTH="221" VPOS="3140" HPOS="1636"/>
<SP HEIGHT="58" WIDTH="85" VPOS="3140" HPOS="1858"/>
<String CONTENT="New" HEIGHT="60" WIDTH="152" VPOS="3140" HPOS="1944"/>
<SP HEIGHT="57" WIDTH="43" VPOS="3143" HPOS="2097"/>
<String CONTENT="York," HEIGHT="75" WIDTH="192" VPOS="3142" HPOS="2141"/>
</TextLine>
<TextLine HEIGHT="76" WIDTH="1285" VPOS="3222" HPOS="320">
<String CONTENT="Harcourt," HEIGHT="69" WIDTH="340" VPOS="3229" HPOS="320"/>
<SP HEIGHT="72" WIDTH="27" VPOS="3226" HPOS="661"/>
<String CONTENT="Brace" HEIGHT="56" WIDTH="200" VPOS="3226" HPOS="689"/>
<SP HEIGHT="38" WIDTH="27" VPOS="3244" HPOS="890"/>
<String CONTENT="and" HEIGHT="56" WIDTH="124" VPOS="3225" HPOS="918"/>
<SP HEIGHT="56" WIDTH="23" VPOS="3225" HPOS="1043"/>
<String CONTENT="company" HEIGHT="53" WIDTH="309" VPOS="3240" HPOS="1067"/>
<SP HEIGHT="54" WIDTH="26" VPOS="3240" HPOS="1377"/>
<String CONTENT="[" HEIGHT="43" WIDTH="12" VPOS="3251" HPOS="1404"/>
<String STYLE="superscript" CONTENT="c" HEIGHT="21" WIDTH="18" VPOS="3229" HPOS="1418"/>
<String CONTENT="1925]" HEIGHT="72" WIDTH="164" VPOS="3222" HPOS="1441"/>
</TextLine>
<TextLine HEIGHT="54" WIDTH="392" VPOS="3320" HPOS="429" STYLEREFS="StyleId-E648E50E-B9C1-49D4-9293-F8DAFEB339FF-" CS="1">
<String CS="1" CONTENT="v," HEIGHT="17" WIDTH="8" VPOS="3357" HPOS="429"/>
<SP HEIGHT="51" WIDTH="25" VPOS="3323" HPOS="438"/>
<String CONTENT="303" HEIGHT="45" WIDTH="79" VPOS="3320" HPOS="464"/>
<SP HEIGHT="51" WIDTH="23" VPOS="3322" HPOS="544"/>
<String CONTENT="p." HEIGHT="38" WIDTH="42" VPOS="3335" HPOS="568"/>
<SP HEIGHT="42" WIDTH="61" VPOS="3320" HPOS="611"/>
<String CS="1" CONTENT="19&#189;" HEIGHT="43" WIDTH="52" VPOS="3320" HPOS="673"/>
<String STYLE="superscript" CONTENT="cm" HEIGHT="18" WIDTH="46" VPOS="3320" HPOS="759"/>
<String CONTENT="." HEIGHT="7" WIDTH="8" VPOS="3354" HPOS="813"/>
</TextLine>
<TextLine HEIGHT="68" WIDTH="2006" VPOS="3377" HPOS="325" STYLEREFS="StyleId-E648E50E-B9C1-49D4-9293-F8DAFEB339FF-">
<String CONTENT="&#169;" HEIGHT="54" WIDTH="54" VPOS="3391" HPOS="325"/>
<SP HEIGHT="54" WIDTH="23" VPOS="3391" HPOS="380"/>
<String CONTENT="Mar." HEIGHT="41" WIDTH="120" VPOS="3394" HPOS="404"/>
<SP HEIGHT="44" WIDTH="25" VPOS="3390" HPOS="525"/>
<String CONTENT="5," HEIGHT="52" WIDTH="37" VPOS="3390" HPOS="551"/>
<SP HEIGHT="50" WIDTH="27" VPOS="3392" HPOS="589"/>
<String CONTENT="1925;" HEIGHT="53" WIDTH="130" VPOS="3388" HPOS="617"/>
<SP HEIGHT="52" WIDTH="26" VPOS="3389" HPOS="748"/>
<String CONTENT="2c." HEIGHT="42" WIDTH="65" VPOS="3389" HPOS="775"/>
<SP HEIGHT="28" WIDTH="24" VPOS="3403" HPOS="841"/>
<String CONTENT="and" HEIGHT="43" WIDTH="87" VPOS="3387" HPOS="866"/>
<SP HEIGHT="43" WIDTH="23" VPOS="3387" HPOS="954"/>
<String CONTENT="aff." HEIGHT="42" WIDTH="78" VPOS="3387" HPOS="978"/>
<SP HEIGHT="43" WIDTH="27" VPOS="3386" HPOS="1057"/>
<String CONTENT="Mar." HEIGHT="43" WIDTH="120" VPOS="3386" HPOS="1085"/>
<SP HEIGHT="43" WIDTH="27" VPOS="3386" HPOS="1206"/>
<String CONTENT="12;" HEIGHT="51" WIDTH="75" VPOS="3385" HPOS="1234"/>
<SP HEIGHT="51" WIDTH="27" VPOS="3385" HPOS="1310"/>
<!-- cceid 2D27E8DD-6DD5-1014-B757-AF09C522E301 --><String CONTENT="A" HEIGHT="41" WIDTH="45" VPOS="3385" HPOS="1338"/>
<SP HEIGHT="50" WIDTH="22" VPOS="3377" HPOS="1384"/>
<String CONTENT="823382;" HEIGHT="59" WIDTH="191" VPOS="3377" HPOS="1407"/>
<SP HEIGHT="51" WIDTH="29" VPOS="3385" HPOS="1599"/>
<String CONTENT="Harcourt," HEIGHT="51" WIDTH="249" VPOS="3385" HPOS="1629"/>
<SP HEIGHT="52" WIDTH="25" VPOS="3384" HPOS="1879"/>
<String CONTENT="Brace" HEIGHT="45" WIDTH="145" VPOS="3384" HPOS="1905"/>
<SP HEIGHT="43" WIDTH="25" VPOS="3386" HPOS="2051"/>
<String CONTENT="&amp;" HEIGHT="43" WIDTH="37" VPOS="3386" HPOS="2077"/>
<SP HEIGHT="43" WIDTH="23" VPOS="3386" HPOS="2115"/>
<String CONTENT="co.," HEIGHT="35" WIDTH="79" VPOS="3401" HPOS="2139"/>
<SP HEIGHT="50" WIDTH="28" VPOS="3386" HPOS="2219"/>
<String CONTENT="inc." HEIGHT="44" WIDTH="83" VPOS="3386" HPOS="2248"/>
</TextLine>
<TextLine HEIGHT="57" WIDTH="244" VPOS="3445" HPOS="404" STYLEREFS="StyleId-E648E50E-B9C1-49D4-9293-F8DAFEB339FF-">
<String CONTENT="(25-6165)" HEIGHT="57" WIDTH="244" VPOS="3445" HPOS="404"/>
</TextLine>
<TextLine HEIGHT="75" WIDTH="994" VPOS="3543" HPOS="326" STYLEREFS="StyleId-61DE8A75-34F7-43BA-8D49-3EAE3C8E13DA-">
<String CONTENT="Curtis," HEIGHT="69" WIDTH="229" VPOS="3548" HPOS="326"/>
<SP HEIGHT="67" WIDTH="37" VPOS="3550" HPOS="556"/>
<String CONTENT="Mrs." HEIGHT="55" WIDTH="152" VPOS="3550" HPOS="594"/>
<SP HEIGHT="58" WIDTH="40" VPOS="3546" HPOS="747"/>
<String CONTENT="Alice" HEIGHT="59" WIDTH="180" VPOS="3544" HPOS="788"/>
<SP HEIGHT="72" WIDTH="46" VPOS="3546" HPOS="969"/>
<String CONTENT="(Turner)" HEIGHT="75" WIDTH="304" VPOS="3543" HPOS="1016"/>
</TextLine>
<TextLine HEIGHT="76" WIDTH="1927" VPOS="3633" HPOS="402">
<String CONTENT="A" HEIGHT="55" WIDTH="59" VPOS="3642" HPOS="402"/>
<SP HEIGHT="57" WIDTH="33" VPOS="3640" HPOS="462"/>
<String CONTENT="Yankee" HEIGHT="57" WIDTH="253" VPOS="3640" HPOS="496"/>
<SP HEIGHT="51" WIDTH="39" VPOS="3658" HPOS="750"/>
<String CONTENT="girl" HEIGHT="72" WIDTH="124" VPOS="3637" HPOS="790"/>
<SP HEIGHT="55" WIDTH="35" VPOS="3639" HPOS="915"/>
<String CONTENT="at" HEIGHT="54" WIDTH="64" VPOS="3639" HPOS="951"/>
<SP HEIGHT="58" WIDTH="36" VPOS="3635" HPOS="1016"/>
<String CONTENT="Gettysburg," HEIGHT="71" WIDTH="408" VPOS="3635" HPOS="1053"/>
<SP HEIGHT="72" WIDTH="36" VPOS="3634" HPOS="1462"/>
<String CONTENT="by" HEIGHT="71" WIDTH="83" VPOS="3634" HPOS="1499"/>
<SP HEIGHT="72" WIDTH="32" VPOS="3633" HPOS="1583"/>
<String CONTENT="Alice" HEIGHT="60" WIDTH="174" VPOS="3633" HPOS="1616"/>
<SP HEIGHT="58" WIDTH="39" VPOS="3635" HPOS="1791"/>
<String CONTENT="Turner" HEIGHT="57" WIDTH="247" VPOS="3635" HPOS="1831"/>
<SP HEIGHT="59" WIDTH="36" VPOS="3635" HPOS="2079"/>
<String CONTENT="Curtis" HEIGHT="59" WIDTH="213" VPOS="3635" HPOS="2116"/>
</TextLine>
<TextLine HEIGHT="76" WIDTH="1940" VPOS="3711" HPOS="390" CS="1">
<String CS="1" CONTENT="&#8230;"/>
<SP HEIGHT="57" WIDTH="58" VPOS="3721" HPOS="390"/>
<String CONTENT="illustrated" HEIGHT="59" WIDTH="362" VPOS="3717" HPOS="449"/>
<SP HEIGHT="57" WIDTH="52" VPOS="3716" HPOS="812"/>
<String CONTENT="by" HEIGHT="71" WIDTH="84" VPOS="3716" HPOS="865"/>
<SP HEIGHT="73" WIDTH="54" VPOS="3714" HPOS="950"/>
<String CONTENT="Charles" HEIGHT="58" WIDTH="261" VPOS="3714" HPOS="1005"/>
<SP HEIGHT="59" WIDTH="57" VPOS="3711" HPOS="1267"/>
<String CONTENT="Garner." HEIGHT="59" WIDTH="262" VPOS="3711" HPOS="1325"/>
<SP HEIGHT="55" WIDTH="95" VPOS="3712" HPOS="1588"/>
<String CONTENT="Philadelphia," HEIGHT="76" WIDTH="459" VPOS="3711" HPOS="1684"/>
<SP HEIGHT="71" WIDTH="57" VPOS="3716" HPOS="2144"/>
<String CONTENT="The" HEIGHT="57" WIDTH="128" VPOS="3715" HPOS="2202"/>
</TextLine>
<TextLine HEIGHT="77" WIDTH="1116" VPOS="3792" HPOS="322">
<String CONTENT="Penn" HEIGHT="55" WIDTH="177" VPOS="3802" HPOS="322"/>
<SP HEIGHT="52" WIDTH="25" VPOS="3817" HPOS="500"/>
<String CONTENT="publishing" HEIGHT="73" WIDTH="365" VPOS="3796" HPOS="526"/>
<SP HEIGHT="52" WIDTH="25" VPOS="3814" HPOS="892"/>
<String CONTENT="company," HEIGHT="54" WIDTH="324" VPOS="3811" HPOS="918"/>
<SP HEIGHT="72" WIDTH="28" VPOS="3793" HPOS="1243"/>
<String CONTENT="1925." HEIGHT="55" WIDTH="166" VPOS="3792" HPOS="1272"/>
</TextLine>
<TextLine HEIGHT="59" WIDTH="874" VPOS="3887" HPOS="399" STYLEREFS="StyleId-4E3E6BE5-57D0-4A04-82CF-3B2F33D7A3FB-" CS="1">
<String CONTENT="204" HEIGHT="43" WIDTH="82" VPOS="3895" HPOS="399"/>
<SP HEIGHT="51" WIDTH="24" VPOS="3895" HPOS="482"/>
<String CONTENT="p." HEIGHT="38" WIDTH="39" VPOS="3908" HPOS="507"/>
<SP HEIGHT="42" WIDTH="27" VPOS="3893" HPOS="547"/>
<String CONTENT="incl." HEIGHT="44" WIDTH="102" VPOS="3891" HPOS="575"/>
<SP HEIGHT="44" WIDTH="30" VPOS="3890" HPOS="678"/>
<String CONTENT="front.," HEIGHT="43" WIDTH="137" VPOS="3890" HPOS="709"/>
<SP HEIGHT="37" WIDTH="59" VPOS="3903" HPOS="847"/>
<String CONTENT="plates." HEIGHT="52" WIDTH="154" VPOS="3888" HPOS="907"/>
<SP HEIGHT="42" WIDTH="63" VPOS="3887" HPOS="1062"/>
<String CS="1" CONTENT="19&#189;" HEIGHT="44" WIDTH="50" VPOS="3887" HPOS="1126"/>
<String STYLE="superscript" CONTENT="cm" HEIGHT="17" WIDTH="45" VPOS="3888" HPOS="1212"/>
<String CONTENT="." HEIGHT="7" WIDTH="8" VPOS="3921" HPOS="1265"/>
</TextLine>
<TextLine HEIGHT="65" WIDTH="1647" VPOS="3954" HPOS="327" STYLEREFS="StyleId-E648E50E-B9C1-49D4-9293-F8DAFEB339FF-">
<String CONTENT="&#169;" HEIGHT="54" WIDTH="54" VPOS="3965" HPOS="327"/>
<SP HEIGHT="55" WIDTH="24" VPOS="3964" HPOS="382"/>
<String CONTENT="Feb." HEIGHT="45" WIDTH="106" VPOS="3964" HPOS="407"/>
<SP HEIGHT="43" WIDTH="29" VPOS="3964" HPOS="514"/>
<String CONTENT="1," HEIGHT="50" WIDTH="34" VPOS="3964" HPOS="544"/>
<SP HEIGHT="51" WIDTH="28" VPOS="3963" HPOS="579"/>
<String CONTENT="1925;" HEIGHT="52" WIDTH="130" VPOS="3960" HPOS="608"/>
<SP HEIGHT="51" WIDTH="27" VPOS="3961" HPOS="739"/>
<String CONTENT="2c." HEIGHT="42" WIDTH="64" VPOS="3961" HPOS="767"/>
<SP HEIGHT="29" WIDTH="24" VPOS="3974" HPOS="832"/>
<String CONTENT="and" HEIGHT="43" WIDTH="86" VPOS="3959" HPOS="857"/>
<SP HEIGHT="42" WIDTH="24" VPOS="3959" HPOS="944"/>
<String CONTENT="aff." HEIGHT="44" WIDTH="80" VPOS="3957" HPOS="969"/>
<SP HEIGHT="42" WIDTH="27" VPOS="3958" HPOS="1050"/>
<String CONTENT="Mar." HEIGHT="42" WIDTH="119" VPOS="3958" HPOS="1078"/>
<SP HEIGHT="43" WIDTH="30" VPOS="3957" HPOS="1198"/>
<String CONTENT="13;" HEIGHT="50" WIDTH="74" VPOS="3957" HPOS="1229"/>
<SP HEIGHT="51" WIDTH="27" VPOS="3956" HPOS="1304"/>
<!-- cceid 2D287CEF-6DD5-1014-B757-AF09C522E301 --><String CONTENT="A" HEIGHT="42" WIDTH="44" VPOS="3956" HPOS="1332"/>
<SP HEIGHT="46" WIDTH="24" VPOS="3956" HPOS="1377"/>
<String CONTENT="822371;" HEIGHT="52" WIDTH="191" VPOS="3954" HPOS="1402"/>
<SP HEIGHT="50" WIDTH="31" VPOS="3956" HPOS="1594"/>
<String CONTENT="Penn" HEIGHT="43" WIDTH="125" VPOS="3956" HPOS="1626"/>
<SP HEIGHT="39" WIDTH="24" VPOS="3969" HPOS="1752"/>
<String CONTENT="pub." HEIGHT="53" WIDTH="103" VPOS="3955" HPOS="1777"/>
<SP HEIGHT="28" WIDTH="26" VPOS="3971" HPOS="1881"/>
<String CONTENT="co." HEIGHT="30" WIDTH="66" VPOS="3970" HPOS="1908"/>
</TextLine>
</TextBlock>
</PrintSpace>
</Page>
</Layout>
</alto>