2533 4412
0 0 0 0 459
175 414 184 71 Gray,
393 412 237 73 Joseph
659 413 68 56 M
1014 412 68 57 M
1411 414 190 56 1877-

251 503 311 59 Sufficient
598 502 339 73 ministers,
974 503 83 72 by
1094 502 241 72 Joseph
1372 501 84 58 M.
1494 502 84 58 M.
1620 501 191 74 Gray,
179 502 1960 136 introduction

339 582 83 70 by
458 580 237 71 Bishop
735 580 277 58 William
1051 580 70 57 F.
1162 579 355 58 McDowell.
1599 579 153 59 New
1789 579 190 73 York,
175 578 1962 153 Cincinnati,

455 658 129 57 The
614 658 334 73 Abingdon
978 676 179 53 press
1191 686 14 43 [
1206 666 18 22 c
1228 657 148 56 1925]

244 735 355 53 134 p. 19½ cm .
243 792 212 43 Lectures
483 792 225 43 delivered
733 799 46 36 at
805 792 71 44 De
903 795 140 42 Pauw
1069 790 260 53 university,
1356 806 57 30 on
1440 791 74 45 the
1541 791 222 44 Matthew
1793 789 211 54 Simpson
174 791 1965 102 foundation
356 848 75 45 for

460 848 191 44 lectures
680 863 57 30 on
767 849 254 53 preaching,
1082 849 58 53 cf.
1171 847 260 46 Foreword.

173 903 1986 56 © Mar. 18, 1925; 2c. and aff. Apr. 14; A 823721; J. M . M . Gray, Scranton,
244 963 78 43 Pa.
392 961 242 55 (25-8451)

172 1045 231 73 Griffin,
430 1045 232 58 Austin
690 1047 51 56 B
1050 1048 190 57 1880-

248 1137 129 60 The
402 1137 119 57 law
548 1136 67 58 of
641 1136 231 59 chattel
896 1140 362 70 mortgages
1286 1136 123 59 and
1436 1135 383 59 conditional
1847 1136 181 72 sales,
170 1156 1969 117 under

320 1215 103 57 the
463 1213 298 60 Uniform
801 1213 381 59 conditional
1225 1215 162 57 sales
1428 1218 117 68 act,
1590 1214 276 72 adapted
1905 1216 65 56 to
2012 1215 151 58 New

169 1291 1992 72 York state. 4th ed. By Austin B. Griffin … and Arthur
169 1369 1970 152 F. Curtis … Albany, N. Y., M. Bender & company, incorporated, 1925.
238 1525 58 51 lv,
325 1526 83 44 360
432 1541 41 37 p.
531 1526 54 43 23½
621 1526 46 18 cm
673 1559 9 9 .

171 1581 53 54 ©
252 1584 118 42 Mar.
396 1580 65 54 27,
492 1581 129 52 1925;
649 1582 64 43 2c.
742 1583 119 42 Mar.
889 1581 77 52 30;
994 1582 79 42 aff.
1101 1582 119 43 Mar.
1247 1583 81 52 28;
1357 1583 45 42 A
1429 1580 188 55 823562;
1646 1583 58 42 A.
1733 1581 50 44 F.
1814 1581 167 54 Curtis,
2010 1580 149 55 Delhi,

240 1639 60 44 N.
327 1639 55 43 Y.
446 1636 66 55 [©
536 1653 101 28 new
661 1643 177 48 matter]
909 1636 243 56 (25-8379)

172 1723 164 72 Hall,
375 1722 349 74 Radclyffe.

170 1813 1967 152 A Saturday life, by Radclyffe Hall … London, Arrowsmith [1925]
237 1968 617 53 3 p. l., 9-320 p. 19½ cm .
171 2022 1985 58 © 1c. May 27, 1925; A ad int. 6960; pubd. Mar. 30; R. Hall, ℅ A. M.
241 2082 154 44 Heath
427 2083 37 43 &
495 2097 80 37 co.,
609 2082 92 50 ltd.,
735 2081 201 44 London.
1005 2080 270 55 (25-11324)

171 2166 311 69 Hansard,
517 2165 189 58 Luke.

248 2255 1841 74 The flame in the south; a novel, by Luke Hansard …
169 2336 277 71 London,
481 2334 395 57 Hutchinson
907 2334 49 56 &
988 2353 86 37 co.
1113 2335 180 73 [1925]

237 2411 485 53 285 p., 1 l. 19½ cm .
170 2464 1986 56 © 1c. Mar. 5, 1925; A ad int. 6712; pubd. Jan. 6; L. Hansard, ℅ Andrew
239 2525 62 43 H.
335 2525 193 50 Dakers,
563 2523 199 44 London.
832 2522 270 54 (25-11590)

169 2608 261 75 Hillyer,
472 2608 227 73 Curtis,
740 2610 188 58 1872-
1085 2608 90 59 ed.

245 2685 165 60 Code
438 2687 69 57 of
532 2688 135 71 law,
693 2686 276 71 practice
998 2686 124 57 and
1148 2687 200 56 forms
1375 2686 106 57 for
1506 2686 290 73 justices’
1825 2691 124 57 and
1977 2691 179 58 other

164 2764 269 58 inferior
465 2767 210 54 courts
707 2763 66 56 in
804 2763 105 57 the
942 2767 269 54 western
1249 2766 215 71 states,
1501 2763 213 60 Curtis
1747 2766 250 73 Hillyer
2033 2770 123 58 and

165 2843 73 56 N.
269 2842 71 57 B.
374 2842 251 71 Nelson,
658 2841 327 57 coeditors.
1058 2842 76 56 2d
1166 2841 92 57 ed.
1333 2840 129 59 San
1494 2842 355 75 Francisco,
1882 2844 272 61 Bender-

165 2920 171 57 Moss
364 2937 320 54 company,
712 2919 166 57 1925.

239 2998 74 51 vii,
344 2999 106 44 1432
474 3013 40 37 p.
573 2996 53 45 25
634 3000 46 17 cm
687 3032 9 9 .

169 3053 53 54 ©
249 3055 111 51 Apr.
387 3055 41 51 2,
459 3052 103 44 1925;
617 3054 66 42 2c.
712 3053 112 52 Apr.
856 3052 73 52 10;
960 3052 78 43 aff.
1067 3052 112 52 Apr.
1208 3052 50 52 9;
1287 3053 43 42 A
1360 3051 161 46 823665;
1581 3052 48 46 C.
1661 3055 194 53 Hillyer,
1890 3056 93 47 San
238 3057 1896 97 Francisco.
438 3108 242 56 (25-8690)

168 3198 260 67 Homer,
465 3195 217 73 Henry
714 3192 170 75 Clay,
918 3195 190 58 1854-

242 3272 314 59 Horner’s
585 3272 263 72 probate
876 3270 294 73 practice,
1200 3269 296 74 covering
1522 3273 277 73 practice
1827 3275 65 59 in
168 3278 1967 143 administration,
520 3347 454 75 guardianship
1018 3348 123 57 and
1179 3347 282 73 insanity
1499 3352 411 73 proceedings
1948 3354 66 58 in
2053 3358 103 57 the

170 3433 161 54 state
361 3428 68 57 of
454 3426 265 70 Illinois,
744 3425 151 58 with
923 3425 301 73 complete
1253 3425 220 73 forms,
1501 3430 84 71 by
1609 3429 79 57 H.
1722 3429 158 73 Clay
1901 3432 257 61 Horner

236 3501 1916 80 … 3d ed., by Ferdinand Goss. Chicago, Callaghan and
166 3599 322 56 company,
520 3581 166 58 1925.

234 3660 113 51 xxii,
384 3659 108 45 1306
521 3672 43 40 p.
621 3658 56 44 24½
710 3659 46 18 cm
762 3691 10 10 .

238 3716 169 45 “Rules
446 3715 52 43 of
537 3714 200 54 practice
776 3714 53 43 of
871 3713 76 44 the
991 3713 201 44 Probate
1236 3721 132 37 court
1408 3716 53 43 of
1505 3715 132 47 Cook
1679 3719 195 53 County,
1918 3722 236 48 Illinois”:

165 3792 42 37 p.
236 3772 259 47 1139-1161.

236 3828 318 54 “Companion
580 3827 90 45 and
696 3827 305 52 complement
1026 3826 54 43 of
1107 3826 91 43 Mr.
1225 3827 230 45 Horner’s
1483 3839 156 37 recent
1663 3833 189 46 treatise
1880 3849 58 34 on
1970 3835 185 49 Estates

175 3884 397 56 (1923).”—Pref.

168 3941 53 54 ©
245 3944 113 50 Apr.
384 3943 37 49 9,
452 3939 128 53 1925;
609 3941 64 42 2c.
701 3940 86 43 and
812 3940 78 42 aff.
916 3940 113 51 Apr.
1058 3940 73 51 11;
1160 3940 43 42 A
1229 3940 188 53 823686;
1449 3941 250 56 Callaghan
1725 3947 38 44 &
1788 3962 66 30 co.

247 3998 240 56 (25-8382)
