2533 4412
994 4050 148 55 1213

84 405 286 71 Dickens,
412 404 273 73 Charles,
725 406 357 57 1812-1870.

158 494 129 57 The
317 495 297 71 personal
638 495 249 71 history
916 496 123 56 and
1067 494 365 71 experience
1464 495 67 57 of
1559 495 209 58 David
78 494 1972 136 Copperfield

250 572 102 58 the
379 591 299 53 younger,
706 573 83 71 by
819 571 259 60 Charles
1106 571 299 72 Dickens;
1437 572 304 73 abridged
1767 574 84 72 by
1877 573 193 58 Edith

80 650 299 57 Freelove
431 650 222 75 Smith,
701 651 359 56 illustrated
1106 650 83 71 by
1235 648 265 59 Harriet
1551 650 247 74 Savage
1849 650 221 59 Smith.

78 728 151 56 New
254 727 190 73 York,
474 728 128 57 The
632 727 359 58 Macmillan
1019 745 322 54 company,
1371 719 165 65 1925.

213 819 887 55 xv, 506 p. incl. front., plates. 19 ½ cm .
81 890 52 53 ©
165 892 100 43 Oct.
300 892 62 49 13,
397 889 129 53 1925;
558 891 63 42 2c.
652 891 87 42 and
769 891 78 42 aff.
881 890 101 44 Oct.
1019 889 73 52 14;
1127 891 43 41 A
1200 889 191 53 869394;
1428 890 265 44 Macmillan
1726 907 64 27 co.
1855 889 66 54 [©
150 892 1903 98 foreword
304 947 87 43 and
420 946 311 53 illustrations]
802 945 270 55 (25-20631)

81 1045 212 73 Doyle,
328 1045 111 59 Sir
471 1044 243 57 Arthur
753 1045 231 56 Conan.

157 1138 178 56 Land
366 1137 67 56 of
464 1137 178 69 mist;
675 1155 90 52 or,
787 1136 129 56 The
936 1138 183 69 quest
1137 1136 67 55 of
1224 1136 275 56 Edward
1520 1136 265 57 Malone.
1863 1137 190 74 [Chap.]

78 1217 128 54 4-6.

153 1292 78 51 (In
266 1292 176 42 Strand
474 1291 257 51 magazine,
765 1291 133 52 Aug.,
935 1291 127 51 1925)

78 1359 1973 112 © 1c. Sept. 17, 1925; A ad int· 7288; pubd. July 24; Sir A. C. Doyle, Crowborough,
407 1416 185 53 Sussex,
630 1414 221 55 England.

79 1518 212 73 Doyle,
325 1517 282 59 William
638 1518 239 72 Joseph
907 1517 270 71 Gabriel,
1213 1518 358 59 1873-1917.

153 1608 238 57 Father
418 1608 279 58 William
727 1608 216 72 Doyle,
1010 1655 11 11 S.
1127 1631 13 47 J.;
1171 1627 36 38 a
1240 1608 297 71 spiritual
1568 1609 206 73 study,
1803 1609 85 73 by

76 1610 1994 152 Professor Alfred O’Eahilly … 3d ed., rev. and enl. New
73 1764 174 57 York
278 1767 146 72 [etc.]
455 1764 377 72 Longmans,
863 1763 204 58 Green
1096 1764 124 57 and
1249 1782 105 54 co.,
1387 1765 167 56 1925.

140 1842 131 53 xxiii,
291 1841 77 45 565
388 1859 38 37 p.
501 1843 151 50 front.,
672 1842 117 44 illus.
816 1843 167 52 (maps,
1001 1842 201 53 facsim.)
1229 1841 141 53 plates
1401 1842 127 54 (part
1545 1841 110 54 col.)
1680 1851 138 45 ports.
1891 1844 52 43 22½
1978 1844 16 17 cm
2034 1878 8 8 .

147 1899 195 54 Largely
369 1899 221 52 compiled
618 1899 120 44 from
763 1898 204 53 journal's
993 1900 86 42 and
1105 1898 130 45 other
1262 1899 209 52 personal
1499 1900 182 43 records
1709 1900 84 43 left
1819 1901 57 52 by
1903 1898 169 46 Father

77 1956 160 53 Doyle.

148 2013 351 54 Bibliography:
531 2028 40 38 p.
600 2011 204 49 551-552.

77 2069 53 54 ©
159 2071 102 43 Oct.
289 2072 38 47 8,
360 2069 129 52 1925;
519 2070 63 42 2c.
614 2070 100 43 Oct.
744 2070 77 50 21;
853 2071 78 41 aff.
962 2070 102 43 Oct.
1093 2069 77 50 20;
1203 2069 48 42 A
1276 2069 189 52 869630;
1499 2070 276 52 Longmans,
1807 2070 150 45 Green
1986 2071 87 43 and

146 2143 65 28 co.
275 2125 66 55 [©
370 2127 195 43 revision
592 2127 88 42 and
707 2125 239 53 additions]
1018 2124 271 55 (25-20958)

79 2226 310 73 [Edgerly,
432 2225 302 75 Webster]

151 2317 128 57 The
311 2315 205 73 origin
546 2316 66 57 of
639 2335 178 51 man;
848 2335 36 38 a
914 2315 425 71 Shaftesbury
1368 2315 221 58 classic
1617 2317 317 71 prepared
1964 2316 106 59 for

73 2395 102 57 the
239 2394 287 57 author’s
588 2393 249 71 private
902 2393 180 73 class,
1142 2394 83 71 by
1287 2392 295 60 Edmund
1646 2393 424 74 Shaftesbury

76 2473 248 72 [pseud.]
397 2472 341 71 Hopewell,
769 2471 75 57 N.
878 2471 81 72 J.,
991 2471 265 57 Ealston
1289 2489 307 54 company
1626 2501 14 44 [
1641 2479 19 21 c
1664 2472 164 73 1925]

141 2552 53 43 60
220 2566 41 38 p.
320 2552 53 44 23
381 2553 45 17 cm
435 2586 8 7 .

76 2606 53 55 ©
155 2608 100 45 Oct.
284 2606 39 54 5,
352 2606 130 54 1925;
509 2607 65 43 2c.
602 2607 87 44 and
714 2608 79 42 aff.
822 2606 101 45 Oct.
952 2606 51 53 8;
1030 2606 44 43 A
1102 2606 188 52 869221;
1321 2604 190 46 Ralston
1539 2622 64 28 co.

154 2663 270 56 (25-20539)

76 2762 174 73 Ellis,
288 2765 152 56 Mrs.
482 2761 244 59 Salone.

153 2855 128 56 The
318 2855 125 56 last
482 2854 384 71 wilderness,
904 2855 83 70 by
1029 2852 226 59 Salone
1297 2852 178 57 Ellis.
1559 2852 259 72 Boston,
1860 2852 213 73 Small,

73 2933 314 72 Maynard
416 2931 48 58 &
496 2949 304 53 company
834 2960 12 43 [
849 2940 17 20 c
871 2932 164 70 1925]

144 3007 617 57 5 p. l., 3-356 p. 19½ cm .
75 3066 53 53 ©
157 3068 101 43 Oct.
288 3066 63 51 17,
380 3065 130 53 1925;
537 3067 63 42 2c.
626 3067 87 42 and
738 3067 79 42 aff.
845 3066 102 43 Oct.
973 3065 78 51 21;
1079 3065 44 42 A
1151 3062 190 54 869650;
1373 3061 157 55 Small,
1558 3064 227 53 Maynard
1813 3065 38 44 &
1878 3079 80 38 co.,
1986 3065 83 44 inc.

153 3122 270 56 (25-20831)

75 3223 368 70 Estabrook,
484 3221 336 60 Winifred.

144 3313 203 58 When
384 3312 102 57 the
526 3311 358 72 presidents
920 3329 162 39 were
1118 3311 174 75 boys,
1329 3309 421 73 Washington
1785 3311 66 57 to
72 3309 1971 155 Coolidge,

276 3391 132 57 told
447 3390 66 56 in
554 3389 297 76 pictures,
891 3389 85 71 by
1014 3387 320 59 Winifred
1377 3387 375 59 Estabrook.
71 3388 1969 153 Johnstown,

279 3469 132 70 Pa.,
442 3467 128 57 The
600 3467 237 58 Statler
864 3485 182 52 press
1078 3495 12 43 [
1093 3473 19 23 c
1115 3466 164 72 1925]

142 3549 51 43 63
221 3564 39 37 p.
290 3547 99 44 incl.
419 3547 151 48 front.,
600 3546 116 43 illus.
780 3545 49 44 17½
865 3548 46 18 cm
919 3581 8 8 .

73 3603 52 53 ©
154 3604 119 52 Sept.
300 3603 35 46 5,
367 3602 128 49 1925;
525 3603 64 42 2c.
616 3603 87 42 and
727 3603 78 42 aff.
834 3602 102 44 Oct.
967 3602 74 50 16;
1068 3600 44 42 A
1139 3599 190 53 869496;
1360 3598 170 48 Statler
1556 3614 139 38 press.

152 3659 269 56 (25-20943)

75 3758 199 72 Fales,
318 3757 242 58 Harold
597 3755 386 72 Athelstane,
1026 3758 189 57 1882-

148 3846 1854 77 Inorganic quantitative analysis, by Harold A. Fales …
72 3929 151 57 New
249 3928 192 70 York,
472 3928 128 58 The
635 3926 280 72 Century
941 3944 106 53 co.,
1077 3924 165 58 1925.
