2533 4412
1103 4072 109 54 555

170 436 341 67 Casanova,
549 433 229 72 Felipe.

245 525 351 57 Teneduria
627 526 74 57 de
732 524 194 58 libros
955 524 318 57 moderna.
1339 521 374 59 Sociedades
1742 521 417 73 mercantiles,

284 598 1874 75 por Felipe Casanova … San Juan, P. R., Tip. Cantero,
166 678 944 72 Fern á ndez & co., inc., 1925.
234 769 976 54 4 p. l., [101]-204 p. incl. forms. 23 cm .
174 839 53 54 ©
260 841 104 44 Feb.
396 841 65 49 20,
497 839 127 54 1925;
661 843 64 42 2c.
758 842 86 44 and
874 842 77 43 aff.
983 842 112 53 Apr.
1128 843 77 51 22;
1239 842 44 42 A
1315 838 189 54 855068;
1538 838 50 45 F.
1624 838 246 52 Casanova,
1907 838 91 47 San
2029 839 130 52 Juan,

245 900 140 42 Porto
417 898 125 44 Rico.
612 897 242 55 (25-9851)

169 996 181 72 Cecil,
386 997 248 58 Russell
666 997 348 73 Lafayette,
1052 1000 187 56 1881-

248 1089 204 71 Colds,
489 1109 201 52 cause,
727 1092 339 56 treatment
1102 1092 124 56 and
1257 1088 389 74 prevention,
1682 1090 84 71 by
1802 1090 248 56 Russell
2086 1090 70 56 L.

170 1167 1987 73 Cecil … New York, London, D. Appleton and company,
167 1247 164 56 1925.

236 1323 847 52 viii p., 1 l., 111 p. illus. 19½cm.
173 1386 1904 58 © May 8, 1925; 2c. May 12; aff. May 1 3; A 855074; D. Appleton & co.
252 1447 241 55 (25-9882)

170 1550 127 56 The
329 1548 199 70 Child,
558 1549 103 57 the
691 1548 178 57 clinic
899 1550 123 55 and
1049 1549 103 57 the
1182 1552 179 54 court;
1422 1569 38 37 a
1486 1569 202 53 group
1719 1551 67 57 of
1813 1570 232 53 papers
2075 1554 81 69 by

177 1622 1914 77 „ Jane Addams, C. Judson Herrick, A. L. Jacoby …
265 1704 123 56 [and
414 1702 227 73 others]
671 1702 329 71 published
1023 1703 66 56 in
1115 1703 402 69 coöperation
1539 1704 152 57 with
1714 1705 103 57 the
1843 1706 317 57 Wieboldt

245 1779 390 58 foundation.
720 1779 151 58 New
908 1780 190 72 York,
1139 1781 149 56 New
1328 1781 296 73 republic,
1664 1782 136 72 inc.,
1843 1785 163 55 1925.

236 1856 528 54 2 p. l., 344 p. 19½ cm .
239 1927 170 44 “Given
441 1935 46 35 at
519 1942 27 27 a
574 1926 119 52 joint
724 1927 402 44 commemoration
1157 1927 52 44 of
1238 1927 74 44 the
1345 1928 299 52 twenty-fifth
1675 1929 295 54 anniversary
2003 1931 49 43 of
2086 1933 74 42 the

168 1984 99 44 first
292 1984 200 53 juvenile
516 1993 130 35 court
673 1985 86 42 and
785 1986 50 42 of
861 1984 75 44 the
962 1983 214 44 fifteenth
1203 1984 295 55 anniversary
1524 1985 51 44 of
1603 1985 75 44 the
1706 1986 102 43 first
1835 1987 323 54 psychopathic

166 2042 212 51 institute,
395 2042 149 44 which
571 2057 93 29 was
689 2042 105 44 held
823 2043 43 41 in
889 2040 199 54 Chicago
1106 2041 45 43 in
1167 2041 124 53 early
1308 2042 215 54 January,
1545 2042 377 46 1925.”—Introd.
1950 2046 208 53 (signed:

168 2100 112 51 Jane
303 2099 219 52 Addams,
547 2099 244 52 chairman,
815 2097 314 55 Anniversary
1155 2099 281 53 committee)

174 2170 53 53 ©
253 2173 115 51 June
392 2172 37 50 8,
465 2170 128 54 1925;
622 2172 65 41 2c.
714 2172 116 51 June
855 2172 49 51 9;
934 2170 78 44 aff.
1041 2173 115 51 June
1187 2171 74 53 10;
1290 2172 44 41 A
1361 2171 189 52 829613;
1582 2174 116 41 New
1728 2173 209 52 republic,
1967 2173 82 43 inc.

252 2227 269 55 (25-10951)

169 2328 205 71 Clark,
413 2328 243 56 Horace
694 2325 245 73 Frisby.

245 2422 318 57 Elements
590 2422 68 57 of
682 2422 104 57 the
810 2421 260 56 modern
1095 2419 286 74 building
1406 2423 124 56 and
1554 2423 144 57 loan
1726 2421 430 73 associations,

167 2498 1969 138 by Horace F. Clark … and Frank A. Chase … A textbook
361 2579 316 71 prepared
712 2598 68 38 as
820 2600 35 37 a
890 2581 149 69 part
1077 2577 67 60 of
1180 2577 102 59 the
1324 2577 391 59 educational
1751 2597 302 55 program
2091 2581 67 58 of

166 2657 104 58 the
303 2655 335 58 American
673 2656 273 72 savings,
978 2656 286 73 building
1296 2659 121 56 and
1450 2659 144 54 loan
1625 2658 305 58 institute.
2005 2661 152 56 New

167 2734 188 71 York,
388 2735 128 57 The
547 2732 360 60 Macmillan
936 2752 322 54 company,
1290 2735 164 58 1925.

236 2811 1920 59 xviii p., 1 l., 540 p. incl. illus. (forms) tables, diagrs. 20½ cm . (Half-
170 2869 117 45 title:
319 2870 127 43 Land
473 2868 256 46 economics
756 2868 165 51 series)

169 2938 1966 103 “Vol. IV in the Standard course in real estate, outlined by the Joint commission
400 2995 309 52 representing
749 2995 75 45 the
866 2993 219 47 National
1128 2993 272 49 association
1443 2996 51 46 of
1537 2997 92 45 real
1673 3005 142 38 estate
1857 3000 180 51 boards,
2084 3002 74 44 the

169 3052 171 45 United
364 3051 55 44 Y.
447 3053 65 43 M.
541 3051 48 46 C.
613 3053 58 42 A.
696 3052 197 51 schools,
918 3053 86 43 and
1029 3051 76 46 the
1129 3051 212 46 Institute
1367 3053 75 44 for
1468 3054 205 44 research
1699 3056 46 43 in
1771 3057 106 45 land
1901 3060 255 45 economics

166 3109 88 45 and
282 3108 150 51 public
458 3108 229 45 utilities.”

237 3165 330 47 “References”
595 3173 45 38 at
670 3164 88 46 end
786 3165 51 46 of
862 3166 107 45 each
996 3165 199 52 chapter.

175 3233 52 54 ©
255 3235 112 52 May
398 3235 60 49 19,
490 3232 130 55 1925;
649 3236 64 44 2c.
740 3233 87 44 and
854 3233 78 44 aff.
963 3235 112 52 May
1100 3235 77 52 20;
1209 3236 43 42 A
1277 3233 190 56 855285;
1500 3237 264 45 Macmillan
1795 3256 52 28 co

252 3289 239 55 (25-9999)

168 3389 219 72 Cooke,
425 3389 191 57 Allan
651 3389 464 74 Worthington,
1157 3394 187 56 1872-

248 3482 398 58 Sacraments
696 3484 123 56 and
869 3482 263 71 society;
1185 3503 35 38 a
1272 3485 188 70 study
1509 3485 67 56 of
1625 3487 104 57 the
1779 3488 205 73 origin
2034 3493 122 56 and

167 3560 181 57 value
387 3559 66 56 of
487 3558 153 58 rites
675 3559 64 56 in
774 3560 265 72 religion
1076 3562 111 71 [by]
1225 3561 188 58 Allan
1446 3563 447 75 Worthington
1932 3568 220 59 Cooke.

169 3639 256 69 Boston,
452 3638 72 55 R.
552 3637 250 72 Badger
835 3639 200 71 [c1924]

235 3718 81 43 243
346 3732 39 33 p.
443 3717 26 42 21½cm.

240 3772 125 45 “The
390 3770 275 53 manuscript
690 3788 94 29 was
809 3772 221 53 prepared
1057 3772 45 45 in
1129 3774 127 52 June,
1285 3773 119 53 1915,
1429 3777 87 44 and
1541 3778 242 47 submitted
1811 3791 45 35 to
1883 3784 74 44 the
1983 3784 171 53 faculty

170 3831 53 44 of
251 3831 76 43 the
357 3829 228 44 Graduate
613 3828 154 44 school
798 3830 52 44 of
876 3839 95 36 arts
1000 3828 88 46 and
1119 3829 235 46 literature
1384 3833 53 44 of
1469 3835 74 43 the
1573 3835 267 55 University
1870 3840 51 44 of
1953 3839 200 56 Chicago

169 3888 45 43 in
248 3886 246 50 candidacy
528 3885 75 44 for
637 3885 75 44 the
744 3887 164 50 degree
940 3887 52 43 of
1023 3885 164 46 doctor
1221 3889 52 43 of
1308 3888 493 53 philosophy.”—Pref.

173 3952 1967 64 © Nov. 19, 1924; 2c. May 14, 1925; aff. May 12; A 855153; A. W. Cooke Newton, Mass. (25-9798)
