2533 4412
1080 4064 108 52 335

135 426 296 57 Harvard
462 424 366 73 university.
903 425 299 58 Harvard
1234 423 235 58 alumni
1503 423 395 59 association.

205 516 127 57 The
366 514 306 58 ninetieth
704 517 296 70 birthday
1035 515 67 58 of
1140 515 257 58 Charles
1431 514 280 59 William
1746 515 202 71 Eliot;
134 534 1968 131 proceedings

446 593 66 56 in
540 593 274 58 Sanders
841 595 243 55 theatre
1114 593 122 56 and
1261 594 104 56 the
1389 593 179 71 yard,
1595 592 220 57 March
1842 593 282 73 20,1924.

137 670 391 72 Cambridge,
557 670 300 58 Harvard
883 669 352 72 university
1261 689 199 52 press,
1490 670 165 56 1925.

203 745 1360 55 xiii p., 2 l., [3]-245, [15] p. front. pl., ports. 24½ cm .
205 804 215 43 “Printed
450 804 73 44 for
551 804 73 43 the
654 805 216 43 Harvard
898 804 167 44 alumni
1093 803 271 45 association
1394 805 86 42 and
1509 803 74 44 the
1613 804 268 43 Associated
1912 804 216 43 Harvard

134 860 164 45 clubs.”

136 917 52 53 ©
218 919 117 42 Mar.
363 919 67 51 20,
463 917 128 53 1925;
621 919 64 42 2c.
714 920 86 42 and
827 920 78 42 aff.
935 920 118 41 Mar.
1082 918 77 52 30;
1191 918 44 42 A
1263 916 188 53 822651;
1485 919 215 43 Harvard
1730 918 168 43 alumni

205 916 1895 110 association,
348 973 283 54 Cambridge,
669 976 140 42 Mass.
878 974 242 55 (25-7846)

137 1057 213 73 Hauff,
384 1057 241 59 Walter
653 1075 139 54 von,
828 1062 190 57 1876-

275 1148 1846 72 … Im siegeswagen des Dionysos; ein Nietzsche-roman.
130 1224 233 74 Berlin,
419 1225 345 58 Concordia
817 1226 292 57 deutsche
1159 1227 534 72 verlags-anstalt,
1746 1226 203 72 Engel
1996 1228 129 56 und

135 1302 255 74 Toeche,
419 1303 165 56 1924.

208 1380 93 52 247,
331 1385 51 43 [1]
412 1396 39 38 p.
506 1382 59 44 20
571 1383 46 17 cm
624 1416 9 8 .

213 1436 123 47 First
361 1438 235 54 published
622 1439 44 43 in
695 1437 117 46 1922.

137 1493 1988 55 © Sept. 20, 1924; 1c. Mar. 12, 1925: A—Foreign 27046; Concordia deutsche
206 1551 386 52 verlags-anstalt,
629 1550 147 54 Engel
813 1552 37 43 &
887 1550 194 45 Toeche.
1150 1551 242 54 (25-8928)

205 1635 1919 75 … Hawaii Japanese language school reader. Book 1-6
280 1715 1845 74 … approved by the Department of public instruction,
219 1793 328 73 Territory
581 1794 66 58 of
681 1793 248 58 Hawaii
980 1795 104 57 for
1115 1815 110 38 use
1257 1794 66 58 in
1357 1796 103 57 the
1494 1794 322 72 territory.

211 1796 1891 149 [Honolulu,
391 1873 66 56 T.
488 1872 98 71 H.]
618 1872 315 59 Honolulu
964 1872 440 71 star-bulletin,
1434 1874 190 55 1924-

206 1948 27 43 6
294 1983 8 8 v.
364 1947 114 44 illus.
545 1947 51 44 19
602 1950 45 17 cm
654 1982 8 9 .

204 2006 124 46 Title
353 2006 46 45 in
425 2007 223 52 Japanese
675 2014 47 38 at
748 2004 101 48 end.

207 2063 153 46 Books
408 2091 30 5 I-III:
549 2062 195 46 Revised
771 2062 185 46 edition.

139 2119 71 43 bk.
246 2121 34 49 1,
312 2117 52 53 ©
399 2117 120 52 Sept.
557 2117 63 52 10,
654 2117 127 51 1924;
816 2117 72 43 bk.
922 2117 39 51 2,
993 2114 52 53 ©
1078 2117 109 42 Dec.
1224 2118 45 50 1;
1304 2117 73 43 bk.
1411 2118 39 51 3,
1483 2116 52 53 ©
1569 2119 108 42 Dec.
1711 2119 77 52 30;
1824 2119 72 43 bk.
1928 2119 39 52 4,
2002 2118 37 55 5,
2071 2117 53 55 ©

212 2174 121 53 Sept.
378 2176 46 50 1;
467 2175 72 42 bk.
581 2175 37 48 6,
661 2172 52 53 ©
759 2173 120 53 Sept.
924 2174 73 50 13;
1040 2173 64 42 2c.
1148 2174 121 51 each,
1311 2173 106 44 Feb.
1463 2175 63 51 13,
1572 2173 129 53 1925;
1746 2175 102 44 affs.
1893 2175 108 44 Feb.
2049 2177 73 52 12;

208 2231 44 42 A
279 2228 381 53 823020-823025;
692 2230 296 51 Department
1015 2230 52 43 of
1091 2229 148 52 public
1267 2229 282 54 instruction,
1577 2229 239 55 Territory
1844 2232 54 43 of
1930 2232 196 53 Hawaii,

209 2287 247 43 Honolulu.
526 2285 242 55 (25-4953)

137 2372 202 72 Holm,
383 2371 309 59 Johanna.

215 2466 226 57 Poster
505 2465 125 57 and
693 2464 157 57 sand
909 2464 165 57 table
1137 2463 174 58 work
1367 2464 66 57 in
1494 2464 450 74 kindergarten
2008 2471 123 56 and

139 2544 285 70 primary
475 2543 247 71 grades.
802 2541 109 56 4th
965 2542 110 71 ed.,
1132 2561 125 37 rev.
1312 2542 123 57 and
1491 2543 113 56 enl.
1686 2542 99 72 By
1835 2544 295 58 Johanna

139 2623 205 57 Holm.
426 2622 140 55 Eau
606 2617 223 73 Claire,
866 2619 176 71 Wis.,
1080 2619 142 57 Eau
1260 2617 206 61 Claire
1502 2621 159 58 book
1696 2622 48 57 &
1780 2623 350 67 stationery

139 2720 106 51 co.,
277 2701 164 57 1924.

212 2779 54 44 40
294 2793 40 38 p.
393 2776 131 52 illus.,
555 2775 165 53 diagrs.
779 2774 52 45 25½
868 2777 48 18 cm
923 2814 8 8 .

141 2832 52 53 ©
217 2833 105 52 July
351 2831 62 52 15,
441 2832 129 51 1924;
594 2831 65 42 2c.
685 2830 99 51 Jan.
810 2829 39 48 6,
879 2827 128 53 1925;
1036 2829 78 42 aff.
1140 2829 99 51 Jan.
1268 2828 48 51 8;
1345 2828 44 42 A
1414 2827 189 54 815493;
1664 2866 8 8 J.
1700 2832 156 53 Holm,
1886 2833 240 54 Chippewa

210 2889 138 52 Falls,
385 2888 116 44 Wis.
569 2885 242 56 (25-7430)

139 2974 167 70 Holt,
339 2971 261 71 Roland,
637 2972 188 57 1867-

211 3051 59 56 A
300 3050 107 57 list
441 3049 68 57 of
537 3047 199 57 music
769 3047 103 57 for
905 3046 180 71 plays
1124 3047 124 56 and
1281 3050 326 69 pageants,
1641 3048 151 58 with
1825 3053 303 69 practical

139 3123 1986 79 suggestions, by Roland Holt … New York, London, D.
136 3208 316 71 Appleton
480 3205 123 56 and
630 3221 322 53 company,
980 3203 164 55 1925.

212 3285 78 52 xii,
316 3286 66 47 92,
413 3286 50 44 [1]
496 3298 41 37 p.
599 3283 49 43 18½c
700 3284 29 17 m
736 3316 8 8 .

142 3342 52 53 ©
225 3343 118 42 Mar.
372 3340 67 50 20,
470 3336 129 54 1925;
629 3338 64 42 2c.
724 3338 86 42 and
839 3337 78 42 aff.
950 3336 120 42 Mar.
1099 3336 77 51 24;
1210 3336 44 42 A
1285 3335 187 53 823496;
1507 3338 56 42 D.
1595 3338 229 52 Appleton
1854 3342 37 43 &
1921 3357 65 29 co.

220 3395 242 57 (25-7657)

142 3483 185 56 Iowa.
401 3479 301 71 Supreme
741 3480 191 53 court.

219 3553 1841 76 Reports of cases at law and in equity determined …
144 3637 150 71 May
326 3635 123 57 and
484 3632 365 71 September
884 3634 212 67 terms,
1133 3631 166 68 1923,
1337 3632 123 56 and
1494 3632 290 73 January
1821 3638 123 56 and
1980 3639 149 72 May

144 3718 212 66 terms,
386 3712 165 55 1924.
622 3709 74 57 U.
729 3708 69 58 G.
829 3707 316 71 Whitney,
1177 3710 291 67 reporter.
1551 3729 56 37 v.
1643 3713 125 72 196,
1803 3715 126 56 197.
2001 3716 125 58 Des

144 3791 259 69 Moines,
441 3788 127 56 The
605 3786 176 58 State
816 3785 68 57 of
914 3785 172 57 Iowa
1120 3786 179 72 [1924]

211 3868 26 42 2
264 3883 30 26 v
364 3866 52 43 23½
451 3867 46 18 cm
505 3899 8 7 .

144 3939 40 27 v.
216 3922 91 52 196,
332 3920 52 53 ©
412 3921 112 50 May
553 3919 62 48 19,
646 3918 128 50 1924;
802 3918 65 41 2c.
895 3917 115 51 June
1037 3915 73 51 16;
1139 3929 41 30 v.
1210 3914 91 52 197,
1329 3914 52 53 ©
1410 3918 108 42 Dec.
1547 3919 77 52 30;
1653 3921 64 43 2c.
1749 3923 118 44 Mar.
1897 3925 64 52 24,
1994 3926 103 44 1925

217 3979 101 43 affs.
345 3978 110 51 Apr.
483 3976 74 51 18;
584 3975 44 42 A
651 3972 179 54 823845,
852 3972 189 54 823846;
1071 3971 126 48 State
1221 3972 52 44 of
1298 3972 136 45 Iowa.
