2533 4412
0 0 0 0 1389
163 490 1917 57 133, [4] p., 1 l. illus. (map) 17½ cm . (Half-title: Wege zum wissen.
102 550 96 54 [ 37])
87 603 1664 56 © Dec. 15, 1924; 1c. Sept. 23; A—Foreign 28638; Ullstein a. g.
166 662 268 56 (25-24670)

89 747 276 71 Fowkes,
405 746 184 57 Ellen
624 745 213 58 Maud.

165 839 224 56 Looms
421 837 67 57 of
519 835 265 72 destiny,
856 835 174 71 chap.
1065 836 165 55 1-22.
1315 836 32 55 7
1378 834 415 58 instalments.

161 916 80 50 (In
277 917 295 40 Manchester
609 915 108 51 City
751 914 149 52 news)

89 966 1994 56 © 1c. each Dec. 9, 1925; A ad int. 7524; pubd. Oct. 10, 17, 24, 31, Nov. 7,
162 1029 63 49 14,
255 1028 50 41 21;
368 1026 51 47 E.
455 1027 64 42 M.
553 1025 206 52 Fowkes,
795 1025 301 51 Manchester,
1131 1023 222 53 England.

91 1113 217 57 Gavan
339 1111 216 75 Duffy,
591 1112 287 68 Thomas,
913 1113 188 57 1888-

89 1199 1964 153 The price of dawning day, by T. Gavan Duffy … Boston,
243 1280 213 70 Mass.,
482 1279 433 72 Propagation
944 1278 67 57 of
1038 1278 105 57 the
1170 1277 165 57 faith
1363 1277 183 75 office,
1574 1279 166 57 1925.

155 1359 95 53 236,
282 1362 51 43 [1]
365 1374 39 38 p.
465 1358 152 49 front.,
648 1358 157 52 plates,
835 1366 137 44 ports.
1034 1358 49 41 21
1093 1359 47 17 cm
1147 1396 7 7 .

158 1418 74 42 An
259 1422 189 39 account
474 1415 51 44 of
551 1415 270 52 missionary
848 1414 130 44 work
1005 1414 44 43 in
1074 1415 194 49 Annam,
1297 1427 165 39 among
1489 1413 75 45 the
1593 1413 225 46 Ba-Hnar
1843 1413 128 46 tribe.

91 1472 53 53 ©
181 1474 100 44 Oct.
318 1473 67 51 31,
424 1471 129 51 1925;
591 1472 64 43 2c.
693 1472 119 43 Nov.
854 1470 73 53 10;
966 1471 78 42 aff.
1083 1471 119 43 Nov.
1240 1470 49 52 9;
1329 1471 43 42 A
1410 1470 188 53 869968;
1637 1470 55 45 T.
1730 1472 157 44 Gavan
1926 1471 158 54 Duffy,

162 1530 182 43 Boston.
415 1528 269 54 (25-23241)

91 1613 257 70 Gerard,
384 1612 241 58 Louise.

168 1706 131 56 The
333 1705 253 57 shadow
617 1705 67 55 of
714 1704 103 57 the
848 1704 187 70 palm.
1122 1703 191 73 [chap.
1350 1704 87 73 16]

164 1783 80 51 (In
274 1783 185 41 London
490 1782 190 51 People)

93 1834 1996 55 © 1c. Dec. 8, 1925; A ad int. 7517; pubd. Oct. 11; L. Gerard, ℅ Mills &
163 1894 141 52 Boon,
335 1894 91 50 ltd.,
461 1893 199 44 London.

95 1978 376 73 Gernsback,
508 1978 204 74 Hugo.

171 2071 208 71 Ralph
409 2069 313 70 124C41+;
789 2089 38 37 a
858 2088 286 38 romance
1177 2070 71 57 of
1273 2070 104 58 the
1407 2089 157 53 year
1592 2072 168 71 2660,
1792 2071 82 73 by
1902 2071 188 74 Hugo

95 2147 1994 75 Gernsback … Boston, Mass., The Stratford company,
95 2227 164 57 1925.

166 2300 1152 55 5 p. l., 9-293 p. front., illus., plates. 20 cm .
95 2357 52 53 ©
177 2359 119 43 Nov.
327 2360 39 50 3,
399 2357 128 53 1925;
559 2358 64 42 2c.
655 2358 118 43 Nov.
805 2357 48 52 7;
888 2358 78 42 aff.
999 2358 118 42 Nov.
1153 2354 74 55 18';
1260 2357 44 42 A
1336 2355 188 54 872510;
1562 2356 234 48 Stratford
1827 2374 64 28 co.

173 2413 270 57 (25-23817)

98 2499 411 72 Gershenzon,
549 2497 270 59 Mikhail
858 2497 355 74 Osipovich,
1256 2499 358 57 1869-1925.

172 2576 130 58 The
350 2576 119 72 key
518 2579 64 55 to
630 2575 184 73 faith,
863 2575 83 72 by
995 2575 82 57 M.
1133 2573 68 61 O.
1254 2574 417 74 Gershenson,
1723 2576 365 60 authorized

96 2655 378 57 translation
515 2654 167 57 from
723 2653 103 58 the
866 2652 276 59 Russian
1180 2654 84 71 by
1302 2653 283 58 Herman
1624 2654 232 57 Frank.
1937 2655 151 58 New

95 2732 187 73 York,
315 2732 129 57 The
476 2731 361 58 Macmillan
866 2749 324 54 company,
1220 2732 166 56 1925.

168 2810 79 45 156
270 2826 39 38 p.
373 2812 51 44 19½c
474 2812 29 17 m
510 2845 8 8 .

94 2865 56 54 ©
178 2868 117 42 Nov.
326 2866 63 51 17,
419 2865 129 53 1925;
576 2866 65 43 2c.
669 2866 88 43 and
781 2866 79 43 aff.
889 2867 120 42 Nov.
1042 2865 74 52 18;
1146 2866 44 42 A
1217 2864 188 53 875127;
1437 2866 264 44 Macmillan
1727 2881 66 30 co.

177 2922 269 55 (25-23598)

101 3006 180 73 Grey,
322 3005 186 71 Zane,
548 3009 190 56 1872-

177 3082 1921 74 Tales of fishing virgin seas, by Zane Grey … with 100
98 3162 419 58 illustrations
556 3160 167 59 from
760 3160 431 74 photographs
1229 3160 186 59 taken
1450 3162 83 72 by
1567 3162 104 58 the
1710 3163 226 59 author
1975 3164 123 59 and

100 3240 244 72 others;
381 3240 314 72 drawings
731 3239 84 72 by
847 3238 230 58 Lillian
1109 3239 294 58 Wilhelm
1442 3239 221 59 Smith.
1739 3241 151 58 New
1925 3241 173 59 York

101 3324 124 55 and
250 3318 277 68 London,
554 3316 256 72 Harper
834 3317 49 57 &
908 3317 309 68 brothers,
1247 3316 165 58 1925.

169 3392 1815 57 vii p., 1 l., 216 p. illus., CXII pl. on 57 1. (incl. front., ports.) 27 cm .
172 3453 262 43 Illustrated
465 3450 329 53 lining-papers.

174 3510 113 44 Part
319 3508 51 45 of
401 3509 142 51 plates
575 3506 318 53 accompanied
924 3506 58 53 by
1015 3507 144 52 guard
1192 3506 147 46 sheets
1373 3507 108 45 with
1516 3508 271 54 descriptive
1823 3509 273 53 letterpress.

173 3565 153 44 “First
359 3561 208 47 edition.”

103 3620 53 53 ©
189 3622 118 44 Nov.
345 3621 62 50 18,
443 3619 130 52 1925;
605 3620 65 43 2c.
704 3619 118 43 Nov.
859 3618 75 52 18;
968 3619 77 42 aff.
1081 3619 117 43 Nov.
1232 3619 78 52 20;
1347 3622 43 41 A
1424 3619 188 55 875164;
1648 3623 47 42 Z.
1732 3622 135 53 Grey,
1903 3623 191 52 Avalon,

176 3677 134 45 Calif.
379 3675 269 56 (25-23898)

110 3759 297 59 Harvard
431 3760 286 60 business
747 3764 268 69 reports,
1045 3761 303 73 compiled
1374 3763 85 72 by
1485 3765 119 57 and
1634 3764 329 71 published
1994 3765 104 57 for

181 3839 104 57 the
312 3838 321 61 Graduate
662 3839 208 57 school
899 3840 67 56 of
992 3838 286 59 business
1308 3840 528 70 administration,
1858 3841 242 73 George

185 3919 68 55 F.
290 3918 210 57 Baker
529 3917 393 72 foundation,
956 3916 300 60 Harvard
1290 3918 368 73 university,
1733 3939 56 36 v.
1829 3922 50 54 1.
1959 3918 139 59 Chi-
