2533 4412
0 0 0 0 687
259 505 1853 53 xx, 195 p. front., illus., plates. 19 ½cm . (The Century modern language
123 576 153 36 series,
304 561 210 44 Kenneth
542 562 267 49 McKenzie,
836 562 171 50 editor)
1128 560 121 52 $1.25

123 613 53 53 ©
202 616 113 50 May
345 615 60 50 18,
437 614 129 52 1925;
593 616 64 42 2c.
684 616 87 42 and
792 616 81 43 aff.
903 617 111 51 May
1038 614 79 53 27;
1147 615 44 42 A
1219 613 188 54 855378;
1439 614 200 54 Century
1667 630 65 29 co.

202 668 269 56 (25-11407)

127 755 231 72 Salten,
402 754 196 73 Felix,
641 758 189 56 1869-

266 845 1848 75 … Geister der zeit; erlebnisse. Berlin [etc.] P. Zsolnay,
122 925 164 56 1924.

192 999 604 56 376, [1] p., 1 l. 19½ cm .
195 1057 209 54 “Essays,
436 1058 71 44 die
536 1058 71 43 ich
637 1059 62 42 im
726 1059 121 44 laufe
876 1061 80 42 der
982 1058 133 53 jahre
1145 1059 112 43 über
1287 1074 51 32 so
1365 1057 189 45 manche
1584 1058 209 44 künstler
1821 1060 91 42 und
122 1059 1972 99 lebenskünstler

356 1114 294 53 geschrieben
678 1114 254 53 habe.”—p.
964 1117 36 43 9.

123 1169 1796 56 © Dec. 16, 1924; 1c. Mar. 19, 1925; A—Foreign 27175; P. Zsolnay.
200 1225 270 56 (25-10999)

125 1311 413 74 Schlesinger,
578 1312 321 58 Hermann
936 1312 236 75 Irving,
1213 1315 188 57 1882-

201 1406 267 60 General
503 1406 355 74 chemistry,
897 1408 83 72 by
1013 1406 78 58 H.
1130 1407 47 58 I.
1220 1406 413 74 Schlesinger.
1721 1408 166 72 [New
1922 1406 188 75 York]

123 1485 374 72 Longmans,
528 1484 204 59 Green
758 1485 48 58 &
831 1504 106 51 co.,
964 1494 18 21 c
986 1485 164 56 1925.

217 1562 244 46 cover-title.
490 1565 82 43 242
600 1576 41 37 p.
702 1562 167 51 diagrs.
930 1565 50 41 21
990 1566 47 17 cm
1045 1601 9 9 .

193 1618 329 46 “References”
551 1629 45 34 at
622 1620 83 44 end
734 1619 51 44 of
809 1628 120 35 most
955 1618 54 46 of
1034 1619 76 45 the
1135 1619 222 50 chapters.

122 1670 53 53 ©
202 1672 114 52 June
347 1671 61 52 17,
443 1670 102 45 1925;
600 1672 64 43 2c.
694 1672 114 52 June
838 1672 75 52 19;
943 1672 79 43 aff.
1051 1673 115 51 June
1198 1672 74 52 18;
1304 1673 44 42 A
1376 1670 189 55 855604;
1598 1672 272 53 Longmans,
1901 1672 147 45 Green
2080 1674 36 43 &

192 1742 64 30 co.
325 1726 270 56 (25-11409)

125 1811 260 75 Sheehy,
430 1813 212 57 James
685 1813 50 57 E
1051 1832 193 54 comp.

200 1902 1917 73 A treatise on indulgences … with a list of the
121 1998 173 40 more
323 1980 453 72 easily-gained
801 1980 402 73 indulgences
1240 1981 334 73 (compiled
1600 1980 167 59 from
1797 1984 323 70 approved

125 2059 1990 69 sources) by Rev. J. E. Sheehy, S. P. M. [New York, c 1925]
191 2120 502 69 46 p. illusi 18 ½ cm .
119 2193 55 54 ©
206 2195 115 52 June
351 2194 37 50 4,
426 2193 130 53 1925;
588 2195 64 42 2c.
685 2196 87 42 and
804 2195 78 43 aff.
915 2195 115 52 June
1066 2195 74 51 19;
1176 2195 44 42 A
1253 2194 188 53 829766;
1477 2196 40 52 J.
1553 2194 50 48 E.
1642 2194 191 54 Sheehy,
1869 2195 245 53 Brooklyn.

200 2250 270 54 (25-11371)

126 2335 290 72 Sheldon,
455 2336 213 59 James
709 2336 44 57 C
1069 2330 189 65 1871-
1416 2338 89 58 ed.

199 2429 240 58 Martin
476 2431 193 57 fraud
707 2432 119 56 law
866 2432 67 56 of
969 2432 105 57 the
1115 2435 164 54 state
1319 2433 67 56 of
1424 2431 153 57 New
1612 2431 191 71 York,
1841 2431 153 57 with
2035 2451 80 38 an

123 2510 276 69 analysis
448 2510 67 55 of
556 2509 104 57 the
702 2514 99 53 act
845 2511 124 56 and
1012 2511 324 69 approved
1378 2509 219 70 forms,
1643 2508 306 71 compiled
1992 2511 123 55 and

123 2585 1988 76 analyzed by James C. Sheldon … [New York, R. C.
122 2664 265 71 Fender,
415 2673 20 21 c
439 2665 164 72 1925]

191 2744 491 50 2 p. l., 29 p. 23 cm .
197 2797 296 46 Cover-title:
531 2798 121 44 Text
687 2801 90 42 and
810 2799 198 51 analysis
1042 2799 53 43 of
1129 2798 75 45 the
1240 2794 174 48 Martin
1451 2798 132 44 fraud
1621 2799 87 42 law
1742 2797 52 45 of
1830 2798 117 44 New
1982 2798 133 43 York

122 2871 50 28 as
198 2857 216 43 amended
437 2857 60 49 by
522 2856 73 44 the
621 2854 340 51 Webb-Phelps
987 2855 95 49 bill,
1111 2852 119 49 1925.

121 2907 55 53 ©
204 2910 111 51 May
345 2909 63 50 14,
438 2907 129 53 1925;
594 2909 63 42 2c.
684 2910 87 42 and
795 2910 78 42 aff.
903 2909 110 52 May
1038 2894 52 57 2i;
1147 2909 44 42 A
1219 2906 189 53 855316;
1436 2908 40 51 J.
1507 2907 48 44 C.
1587 2906 211 47 Sheldon.
1827 2908 117 43 New
1970 2908 143 44 York.

201 2963 270 56 (25-11947)

126 3048 308 73 Simpson,
477 3048 334 73 Benjamin
850 3050 152 72 Roy,
1047 3052 189 56 1877-

200 3140 193 57 Notes
447 3160 78 37 on
576 3141 384 73 psychology
1009 3142 104 56 for
1165 3139 303 73 teachers,
1521 3140 84 71 by
1656 3139 335 73 Benjamin
2042 3139 72 56 R.

127 3218 1577 73 Simpson … Cleveland, O., G. Holmes [c1925]
194 3295 982 54 3 p. l., [9]-127 p. illus., diagr. 25 cm .
124 3350 53 54 ©
216 3354 112 51 May
362 3352 68 52 25,
470 3352 128 49 1925;
636 3354 63 42 2c.
739 3354 114 51 June
893 3354 74 51 11;
1006 3354 78 42 aff.
1124 3354 113 51 June
1278 3352 73 51 10;
1393 3352 44 42 A
1473 3350 190 54 858747;
1706 3352 49 42 B.
1795 3352 53 41 R.
1891 3350 224 52 Simpson,

196 3401 910 62 Cleveland Heights, O . (25-11603)
128 3493 261 58 Stevens,
445 3494 179 57 Jesse
660 3494 62 57 C.

201 3585 241 56 Return
473 3585 68 56 of
569 3585 102 57 the
704 3586 168 57 Jews;
939 3606 36 37 a
1005 3585 178 57 Bible
1218 3584 188 71 study
1438 3603 77 37 on
1547 3584 103 56 the
1684 3580 335 76 gathering
2050 3580 66 59 of

123 3661 232 70 Israel;
390 3663 168 56 what
594 3662 164 58 saith
791 3664 104 56 the
932 3663 362 70 Scripture?
1376 3662 99 69 By
1507 3661 184 58 Jesse
1729 3659 63 60 C.
1833 3660 280 57 Stevens.

123 3737 1680 76 Washington, D. C ., Peekskill, N. Y. [etc.] Review
1831 3737 124 58 and
126 3735 1967 139 herald
257 3816 362 74 publishing
650 3818 376 58 association
1086 3818 176 72 [c1925]

198 3893 76 44 128
304 3909 38 38 p.
372 3894 102 43 incl.
506 3894 152 52 front.,
688 3895 113 44 illus.
865 3896 50 43 19½
948 3898 47 17 cm
1001 3931 9 7 .

126 3948 53 53 ©
237 3966 83 28 June
346 3951 37 49 2,
417 3949 127 49 1925;
572 3952 65 42 2c.
666 3954 87 42 and
780 3952 77 43 aff.
886 3953 114 51 June
1029 3953 48 49 3;
1109 3952 44 42 A
1183 3949 187 53 858373;
1403 3950 184 45 Review
1617 3951 36 43 &
1681 3948 158 44 herald
1867 3946 99 54 pub.
1997 3961 115 28 assn.

205 4005 269 55 (25-10990)
