2533 4412
0 0 0 0 1283
159 400 309 73 Mérimée,
509 402 287 71 Prosper,
838 403 355 57 1803-1870.

232 491 200 58 Diane
459 492 74 56 de
561 491 229 72 Turgis;
851 511 34 36 a
913 491 306 57 chronicle
1247 491 68 56 of
1341 491 103 57 the
1475 491 177 72 reign
1681 492 68 56 of
1777 490 258 60 Charles
2130 539 12 25 IX,

155 569 81 71 by
274 570 278 69 Prosper
592 568 324 72 Mérimée;
958 569 352 57 translated
1347 569 47 56 &
1431 568 361 59 illustrated
1829 569 81 71 by
154 570 1964 134 Theodore

331 647 243 57 Bolton.
659 646 150 57 New
834 646 193 72 York,
1057 646 129 58 The
1214 646 243 57 Arnold
1484 665 322 54 company,
1836 647 166 56 1925.

224 737 692 56 254 p. illus., port. 19 ½c m .
157 808 52 53 ©
239 810 100 43 Oct.
363 810 67 50 28,
460 807 128 54 1925;
616 809 64 43 2c.
707 810 85 42 and
819 809 78 43 aff.
928 809 101 43 Oct.
1059 809 76 51 30;
1165 808 43 42 A
1235 807 189 52 869827;
1453 809 179 43 Arnold
1659 825 81 36 co.,
1767 809 82 44 inc.

236 864 267 57 (25-22283)

157 964 225 72 Miller,
413 968 152 55 Mrs.
601 965 174 58 Olive
808 965 263 58 Kennon
1113 966 344 72 (Beaupré)
1499 967 90 57 ed.

235 1056 128 56 The
387 1057 165 56 latch
574 1057 119 71 key
715 1055 66 58 of
802 1076 105 51 my
928 1056 371 72 bookhouse,
1325 1056 208 57 edited
1555 1057 81 70 by
1661 1057 175 58 Olive
1861 1058 288 70 Beaupré

159 1135 224 56 Miller.
469 1133 287 73 Chicago,
799 1134 127 58 The
963 1134 368 57 Bookhouse
1370 1134 105 57 for
1512 1134 276 58 children
1831 1165 12 43 [
1846 1144 18 21 c
1868 1137 163 71 1925]

219 1226 81 43 448
323 1240 38 38 p.
421 1225 117 43 illus.
566 1225 125 53 (part
713 1225 110 53 col.)
888 1226 54 43 24
949 1228 47 18 cm
1003 1260 8 8 .

223 1297 210 42 Lettered
456 1311 57 29 on
563 1311 107 29 cover
687 1311 9 28 :
731 1297 83 52 My
839 1298 119 42 book
980 1297 151 51 house,
1159 1295 84 45 six.

157 1368 52 53 ©
242 1369 101 44 Oct.
379 1370 60 50 12,
476 1367 102 45 1925;
637 1369 64 43 2c.
735 1369 101 43 Oct.
866 1369 78 51 22;
979 1369 77 42 aff.
1091 1369 101 43 Oct.
1222 1369 78 51 23;
1336 1369 43 42 A
1413 1368 187 52 869674;
1639 1369 55 43 O.
1730 1370 49 41 B.
1814 1370 170 50 Miller,
224 1371 1901 107 Winnetka,

408 1425 69 45 Ill.
547 1423 269 57 (25-21161)

155 1527 225 70 Moser,
416 1527 174 57 Paul.

229 1615 1911 74 Moser dictation studies, by Paul Moser … Chicago,
152 1691 151 60 New
325 1694 189 73 York,
540 1693 210 72 Lyons
779 1695 121 56 and
930 1692 334 59 Carnahan
1293 1724 12 43 [
1308 1701 19 22 c
1331 1695 163 70 1925]

221 1787 611 53 2 p. l ., 248, [2] p. 26 cm .
221 1858 327 53 Autographed
577 1857 120 44 from
722 1857 308 53 type-written
1057 1872 125 37 copy.

225 1914 258 53 “Designed
518 1914 73 44 for
625 1929 78 28 use
738 1915 57 51 by
830 1914 202 43 students
1069 1914 101 43 who
1205 1913 113 46 have
1353 1913 249 53 completed
1638 1913 115 45 their
1789 1915 100 43 first
1925 1916 131 51 study
2092 1914 51 44 of

153 1973 200 42 Munson
379 1970 387 53 theory.”—Pref.

154 2042 52 53 ©
238 2043 109 52 Aug.
389 2043 65 51 22,
491 2041 129 53 1925;
655 2042 63 43 2c.
752 2042 86 42 and
870 2042 79 42 aff.
983 2041 101 44 Oct.
1122 2041 73 52 14;
1230 2041 43 47 A
1307 2039 187 54 869405;
1532 2042 149 51 Lyons
1716 2043 86 42 and
1837 2041 252 45 Carnahan.

232 2097 269 56 (25-21196)

155 2198 299 58 National
483 2197 363 58 conference
881 2198 69 57 of
981 2196 191 59 social
1205 2196 189 59 work.

231 2290 420 71 Proceedings
687 2290 68 57 of
784 2290 103 56 the
921 2289 299 57 National
1252 2289 363 60 conference
1651 2290 68 56 of
1754 2290 190 57 social
1975 2291 172 56 work

222 2366 1921 75 … at the 52d annual session held in Denver, Colorado,
155 2443 1991 74 June 10-17, 1925 … Chicago, Ill., The University of
157 2523 269 72 Chicago
459 2541 181 52 press
681 2523 180 73 [1925]

221 2614 75 52 vii,
327 2613 77 45 733
436 2628 39 37 p.
538 2611 125 45 front.
703 2611 166 55 (port.)
908 2610 154 52 tables,
1095 2610 168 54 diagrs.
1321 2612 54 42 22½
1409 2613 45 18 cm
1463 2647 8 8 .

154 2684 52 53 ©
239 2686 109 42 Dec.
378 2685 39 51 8,
452 2682 128 53 1925;
612 2684 64 42 2c.
710 2684 108 42 Dec.
855 2681 73 54 15;
961 2683 78 43 aff.
1073 2683 108 42 Dec.
1218 2683 74 51 16;
1329 2683 42 41 A
1403 2680 188 53 872866;
1627 2682 217 43 National
1877 2682 268 44 conference

223 2742 50 43 of
306 2741 137 43 social
475 2741 140 49 work,
652 2738 213 54 Chicago.

157 2840 298 77 [O’Brien,
496 2840 198 72 Royal
736 2839 287 75 Gilmore]
1068 2842 188 55 1901-
1415 2839 89 56 ed.

229 2935 157 57 Noel
422 2936 122 56 and
581 2934 103 58 the
721 2933 344 72 genealogy
1103 2934 68 58 of
1206 2933 104 57 the
1349 2930 338 67 O’Briens;
1724 2931 186 72 being
1947 2951 36 38 a
153 2931 1964 153 history

322 3012 68 58 of
414 3012 103 58 the
544 3015 164 53 town
737 3013 67 56 of
829 3010 174 71 Noel,
1029 3011 179 56 Nova
1237 3008 230 71 Scotia,
1493 3009 83 58 its
1604 3007 387 60 inhabitants
2021 3010 122 56 and

154 3091 428 58 descendants.
669 3088 168 72 [New
886 3087 302 71 Bedford,
1243 3086 213 70 Mass.,
1510 3087 73 55 R.
1639 3085 69 60 Gr.
1765 3083 275 61 O’Brien
2095 3087 49 55 &

154 3167 71 58 E.
257 3168 71 59 R.
362 3164 291 73 O’Brien,
704 3164 164 74 c1925]

225 3254 1284 56 [50] p. front. (coat of arms) plates, port. 17 cm .
223 3317 115 43 “We
366 3330 78 30 are
473 3313 209 46 indebted
713 3323 47 37 to
790 3313 187 46 Charles
1010 3313 179 49 Brown,
1249 3348 8 8 B.
1324 3347 24 15 A.,
1380 3313 87 43 and
1499 3311 202 45 Rebecca
1733 3311 198 45 O’Brien
1961 3311 77 45 for
2067 3312 76 44 the

153 3374 178 49 history
368 3372 148 50 (Noel
545 3387 27 28 a
600 3377 187 44 century
817 3385 84 35 ago
935 3370 87 44 and
1051 3368 145 50 since)
1264 3368 105 44 And
1400 3368 97 44 also
1525 3378 47 35 to
1602 3369 163 44 Albert
1797 3367 213 51 O’Brien,
2040 3368 103 44 who

154 3430 36 42 is
223 3426 170 53 mainly
427 3426 277 52 responsible
737 3426 77 44 for
846 3426 74 44 the
953 3423 240 52 gathering
1226 3425 51 44 of
1308 3424 75 43 the
1414 3423 477 51 genealogy.”—Pref.

155 3480 52 53 ©
246 3482 119 52 Sept.
405 3481 63 50 14,
506 3479 128 52 1925;
671 3480 65 43 2c.
777 3478 119 54 Sept.
933 3480 77 50 24;
1050 3478 77 43 aff.
1167 3477 120 53 Sept.
1322 3478 77 51 23;
1440 3479 42 41 A
1519 3476 188 53 864738;
1748 3479 53 41 R.
1840 3478 52 44 G.
1932 3476 210 51 O’Brien,

225 3539 115 43 New
376 3536 215 53 Bedford,
627 3537 142 42 Mass.
837 3534 270 55 (25-21503)

158 3632 1962 140 The Ohio nisi prius reports. New series. v. 25 … Vinton
374 3716 71 55 R.
485 3714 303 72 Shepard,
827 3714 219 56 editor.
1126 3711 372 72 Cincinnati,
1536 3712 128 55 The
1703 3710 157 58 Ohio
1897 3711 117 55 law
230 3729 1887 134 reporter

483 3810 320 54 company,
841 3793 164 55 1925.

222 3868 427 52 V, 625 p. 23½ cm .
156 3923 52 54 ©
235 3926 107 42 Dec.
371 3926 63 50 14,
462 3923 128 53 1925;
617 3923 64 45 2c.
709 3925 108 42 Dec.
849 3922 73 52 17;
950 3923 79 43 aff.
1055 3924 109 42 Dec.
1195 3922 72 52 16;
1297 3923 42 41 A
1364 3920 189 52 872886;
1583 3921 118 44 Ohio
1729 3921 86 42 law
1844 3926 206 45 reporter
2077 3932 64 29 co.
