2533 4412
1132 4089 73 57 31

166 452 211 72 Speer,
417 450 163 58 Ocie.

243 541 59 55 A
338 539 198 70 brief;
579 539 202 56 Texas
821 537 201 58 forms
1064 536 123 57 and
1227 535 168 57 rules
1444 533 398 75 (annotated)
1890 533 84 74 by
2013 532 146 59 Ocie

170 617 213 71 Speer.
467 617 157 56 Fort
664 615 244 73 Worth,
949 616 190 55 Press
1182 614 65 57 of
1287 613 253 57 Bunker
1581 611 286 73 printing
1906 596 57 74 &
2001 610 158 58 book

167 712 105 54 co.,
299 694 116 56 inc.
448 723 12 43 [
460 702 20 21 c
484 694 164 71 1925]

237 773 79 44 313
345 787 39 38 p.
443 772 53 44 23½
532 774 46 17 cm
585 807 9 8 .

161 826 56 55 ©
247 828 99 52 Jan.
378 827 39 53 2,
452 825 129 53 1925;
614 826 65 43 2c.
711 827 100 53 Jan.
845 825 47 54 5;
927 827 77 43 aff.
1036 827 98 52 Jan.
1169 826 48 52 6;
1252 825 43 42 A
1328 823 189 54 815471;
1555 825 55 43 O.
1647 823 152 54 Speer,
1833 822 112 45 Fort
1978 822 181 52 Worth,

233 884 113 44 Tex.
416 883 214 55 (25-796)

166 983 207 73 Spyri,
407 986 174 56 Frau
617 984 294 58 Johanna
955 984 333 74 (Heusser)
1338 983 357 58 1827-1901.

170 1071 1966 141 Heidi, by Johanna Spyri; edited by Adeline B. Zachert …
403 1153 360 59 illustrated
835 1174 42 52 by
912 1153 187 59 Clara
1134 1154 83 57 M.
1250 1153 192 57 Burd.
1526 1151 458 73 Philadelphia,
168 1150 1966 154 Chicago
355 1235 145 69 [etc.]
536 1232 129 57 The
697 1232 169 57 John

902 1231 63 60 C.
998 1232 294 57 Winston
1324 1249 305 53 company
1666 1259 12 43 [
1682 1237 15 21 c
1703 1230 164 71 1924]

234 1309 100 52 xiii,
365 1309 138 46 7-290
534 1325 40 36 p.
633 1308 85 46 col.
754 1309 154 51 front.,
940 1310 129 50 illus.,
1103 1309 84 45 col.
1221 1309 156 50 plates.
1436 1310 52 42 21
1497 1311 47 17 cm
1549 1342 10 10 .
1628 1306 241 52 (Lettered
1904 1322 59 29 on
1996 1320 159 32 cover:

167 1365 98 46 The
290 1366 217 45 Winston
529 1366 251 51 clear-type
805 1366 188 50 popular
1017 1365 210 49 classics)

163 1419 55 54 ©
249 1420 119 52 Aug.
406 1421 35 51 1,
476 1418 129 53 19214;
637 1420 65 43 2c.
737 1419 100 45 Oct.
870 1420 50 50 4;
955 1418 78 44 aff.
1068 1418 100 45 Oct.
1200 1417 78 47 20;
1312 1418 43 42 A
1388 1415 189 53 815696;
1613 1417 118 53 John
1767 1416 48 45 C.
1848 1418 214 44 Winston
2096 1433 65 28 co.

239 1474 66 55 ©
327 1492 97 28 new
447 1477 183 51 preface
648 1476 86 43 and
756 1475 207 44 editorial
985 1482 165 36 matter
1172 1476 61 51 by
1251 1475 193 44 Adeline
1469 1475 50 42 B.
1544 1474 192 44 Zachert
1758 1474 85 44 and
1867 1474 295 45 illustrations

235 1534 59 51 by
322 1532 136 45 Clara
484 1534 64 42 M.
578 1534 138 51 Burd]
784 1530 243 57 (25-2138)

168 1634 291 71 Starrett,
500 1634 284 71 Vincent,
825 1635 226 57 1886-.

240 1724 218 58 Flame
507 1725 124 57 and
679 1724 164 72 dust,
894 1725 83 70 by
1024 1722 268 59 Vincent
1346 1722 297 58 Starrett.
1748 1720 291 75 Chicago,
2098 1723 63 55 P.

171 1801 230 72 Covici,
432 1801 166 58 1924.

240 1879 26 45 7
291 1895 40 36 p.
390 1915 9 17 l.,
427 1879 64 49 79,
522 1880 53 46 [1]
603 1893 55 39 p.,
687 1879 20 43 1
757 1915 8 8 l.
824 1879 57 45 24
885 1883 16 17 cm.

240 1934 144 46 “This
412 1935 174 44 edition
613 1935 39 45 is
681 1935 176 44 limited
885 1943 49 37 to
958 1935 84 46 450
1069 1935 253 44 numbered
1349 1934 167 54 copies,
1544 1934 91 45 and
1662 1934 93 46 this
1786 1934 38 44 is
1855 1950 73 29 no.
1957 1936 123 43 400.”

240 1994 182 44 Poems.

165 2049 56 54 ©
248 2051 108 43 Dec.
387 2048 64 55 15,
481 2051 128 50 1924;
637 2052 65 42 2c.
730 2051 99 52 Jan.
854 2051 68 52 24,
953 2049 129 53 1925;
1112 2050 78 44 aff.
1219 2051 99 51 Jan.
1345 2051 79 51 22;
1455 2051 44 42 A
1528 2049 190 53 815736;
1751 2050 162 44 Pascal
1942 2050 168 45 Covici.

246 2105 242 56 (25-2374)

171 2208 326 73 Stephens,
531 2209 206 72 Hugh,
771 2224 194 57 press,
998 2209 324 72 Jefferson
1354 2209 164 73 City,
1548 2210 124 57 Mo.

248 2299 258 57 Manual
546 2299 67 57 of
651 2298 412 58 instructions
1108 2318 102 37 on
1226 2299 231 70 college
1501 2298 230 58 annual
1772 2299 392 73 production.

171 2377 149 56 Rev.
360 2377 92 57 ed.
537 2377 326 72 Prepared
900 2379 123 57 and
1061 2376 254 59 written
1350 2380 84 70 by
1469 2377 104 59 the
1612 2377 232 71 college
1883 2377 285 74 printing

170 2455 402 72 department
595 2455 68 57 of
686 2455 103 59 the
816 2456 190 71 Hugh
1032 2455 309 73 Stephens
1366 2474 200 54 press.
1650 2456 327 57 Jefferson
2005 2456 162 72 City,

171 2534 143 71 Mo.,
345 2532 130 60 The
503 2533 193 72 Hugh
725 2532 310 74 Stephens
1065 2553 182 53 press
1281 2563 13 43 [
1296 2541 19 23 c
1319 2533 149 58 1924]

240 2610 1401 56 92 p., 1 l. illus. (mounted forms, part fold.) 31 cm .
243 2670 111 42 Part
383 2669 53 43 of
461 2667 75 46 the
566 2667 307 47 illustrations
900 2684 79 29 are
1003 2668 222 44 mounted
1254 2668 269 54 specimens.

244 2726 128 44 “One
400 2739 115 40 copy
541 2726 53 42 of
624 2742 24 27 a
678 2725 176 44 limited
884 2726 172 44 edition
1085 2725 155 45 issued
1272 2726 144 54 solely
1446 2727 78 43 for
1553 2726 79 45 the
1659 2726 227 55 guidance
1915 2728 54 43 of
1999 2728 169 44 annual

174 2783 134 44 staffs
339 2782 111 43 with
482 2783 156 42 whom
669 2782 76 44 the
780 2783 144 53 Hugh
961 2782 225 54 Stephens
1218 2798 130 39 press
1379 2784 170 44 works.
1609 2782 116 47 This
1758 2800 116 39 copy
1908 2784 38 45 is
1979 2801 73 29 no.
2091 2786 80 44 106

173 2842 103 50 and,
301 2839 177 54 though
504 2839 166 44 loaned
694 2849 48 35 to
769 2840 76 43 the
872 2841 111 43 staff
1008 2839 173 54 during
1203 2841 78 45 the
1307 2841 280 53 production
1612 2841 162 53 period
1804 2843 52 43 of
1883 2842 76 44 the
1986 2843 183 52 annual,

174 2896 200 44 remains
407 2912 85 28 our
521 2897 260 53 property.”

246 2952 250 46 Published
533 2955 105 43 1919
671 2953 148 44 under
853 2953 124 44 title:
1016 2953 146 55 Hugh
1200 2953 225 55 Stephens
1461 2956 188 43 manual
1684 2956 52 43 of
1771 2956 304 44 instructions
2109 2973 61 28 on

174 3010 172 53 college
377 3011 168 43 annual
573 3009 291 54 production,
894 3012 60 52 by
983 3012 108 43 Don
1121 3010 148 46 Davis
1299 3011 89 44 and
1422 3012 97 43 Ben
1548 3010 51 45 F.
1631 3012 206 47 Seward.

171 3065 54 53 ©
254 3068 119 42 Nov.
401 3066 66 53 25,
501 3068 104 42 1924;
661 3068 64 43 2c.
757 3068 95 43 Dec
900 3067 73 53 15;
1006 3069 79 43 aff.
1115 3070 99 51 Jan.
1243 3068 38 53 5,
1313 3068 130 48 1925;
1477 3070 43 42 A
1549 3069 197 53 815472;
1773 3071 143 53 Hugh
1950 3071 218 53 Stephens

241 3138 141 37 press.
450 3123 243 54 (25-1591)

174 3224 203 72 Stern,
419 3225 238 73 Gladys
696 3227 331 73 Bronwyn,
1069 3229 190 57 1890-

251 3313 132 58 The
406 3314 362 73 matriarch,
799 3336 35 37 a
864 3316 310 58 chronicle
1199 3319 83 71 by
1311 3318 67 59 G.
1409 3318 71 56 B.
1514 3318 204 59 Stern.
1802 3320 151 58 New
1980 3321 190 73 York,

169 3392 76 56 A.
280 3392 75 57 A.
388 3393 242 72 Knopf,
664 3395 165 56 1925.

241 3469 1017 55 4 p. l ., 291 p. fold, geneal. tab. 19½ cm .
245 3524 139 46 “This
409 3527 120 43 book
553 3529 82 43 has
662 3527 110 44 been
798 3527 234 53 published
1060 3531 89 42 and
1172 3528 298 54 copyrighted
1497 3530 44 44 in
1569 3530 210 55 England
1805 3535 144 42 under
1974 3534 74 44 the
2075 3535 96 44 title

174 3581 154 45 ‘Tents
349 3582 54 44 of
427 3583 198 44 Israel’.”

172 3638 1997 61 © Jan. 2, 1925; 2c. Jan. 10; aff. Jan. 9; A 814617; G. B. Stem, ℅ Andrew
245 3696 62 42 H.
337 3696 193 52 Dakers,
559 3697 202 44 London.
826 3698 243 55 (25-1015)

178 3797 361 71 Stevenson,
579 3800 235 57 Robert
847 3801 207 72 Louis,
1094 3804 357 57 1850-1894.

257 3890 310 57 Treasure
613 3891 235 72 Island,
891 3894 84 71 by
1015 3894 239 59 Robert
1294 3894 193 59 Louis
1537 3895 377 73 Stevenson;
1962 3898 208 59 edited

176 3966 1992 78 by Gilbert Sykes Blakely … illustrated by Frank God
