2533 4412
1315 4111 109 56 172

379 446 231 72 Payne,
645 444 246 60 Arthur
928 444 233 74 Frank,
1201 447 192 59 1876-

458 536 456 74 Organization
978 536 67 58 of
1107 535 360 59 vocational
1529 535 325 75 guidance,
1920 557 38 39 a
2022 536 370 74 companion

379 617 244 57 volume
667 619 63 55 to
775 613 539 59 Administration
1358 615 68 57 of
1463 613 359 61 vocational
1864 616 348 57 education.
2293 615 101 73 By

378 690 2014 155 Arthur F. Payne … 1st ed. New York [etc.] McGraw-Hill book company, inc., 1925.
451 866 93 52 xvi,
571 865 81 45 438
681 881 40 38 p.
782 863 168 54 diagrs.
1011 863 53 44 23½
1100 864 16 19 cm
1154 898 9 9 .
1278 859 128 56 $3.50

453 936 391 55 Bibliographies:
871 951 41 38 p.
939 934 207 44 402-431.

378 1009 54 54 ©
457 1009 108 45 Feb.
591 1008 39 53 5,
658 1005 130 56 1925;
814 1007 66 43 2c.
905 1005 108 44 Feb.
1044 1004 74 53 10;
1145 1005 79 43 aff.
1252 1003 106 46 Feb.
1389 1005 75 51 11;
1493 1004 43 42 A
1564 1003 190 55 814982;
1785 1004 349 47 McGraw-Hill
2162 1006 120 44 book
2307 1020 80 39 co.,

449 1068 82 43 inc.
602 1063 244 57 (25-5480)

376 1167 249 74 Phelps,
667 1164 285 61 William
989 1163 192 73 Lyon,
1225 1164 191 57 1865-

453 1260 259 57 Human
733 1260 228 54 nature
989 1256 125 56 and
1138 1255 105 57 the
1269 1253 236 74 gospel,
1533 1254 83 72 by
1639 1253 282 60 William
1948 1255 178 73 Lyon
2153 1255 234 73 Phelps

442 1330 1340 76 … New York, C. Scribner’s sons, 1925.
447 1411 701 58 xiv p., 2 l., 3-301 p. 19 cm .
376 1475 53 54 ©
457 1475 107 44 Feb.
595 1475 64 51 13,
690 1471 131 54 1925;
849 1472 65 42 2c.
944 1471 88 42 and
1058 1470 80 43 aff.
1167 1468 107 45 Feb.
1306 1469 74 51 19;
1411 1469 43 42 A
1482 1468 191 53 822218;
1707 1466 188 49 Charles
1927 1468 252 48 Scribner’s
2210 1485 119 30 sons.

457 1530 244 57 (25-5490)

374 1633 276 70 Planter,
694 1626 362 77 Josephine.

453 1724 175 58 Book
668 1720 67 60 of
777 1718 497 72 remembrance;
1316 1735 89 56 or,
1444 1716 134 58 Led
1613 1717 85 72 by
1735 1716 107 60 the
1885 1717 223 73 Spirit,
377 1718 1989 144 experiences

595 1800 67 59 of
698 1797 348 75 Josephine
1085 1796 281 73 Planter,
1403 1794 387 74 missionary
1825 1798 64 56 to
1930 1796 217 73 Tunis,
2185 1796 206 59 North

375 1872 1871 80 Africa … Chicago, Ill., Herald publishing co. [ c 1925]
449 1950 838 62 109 p. incl. front. (port.) 20 cm .
376 2016 53 55 ©
459 2018 100 54 Jan.
593 2015 65 53 19,
691 2011 131 57 1925;
853 2013 64 43 2c.
949 2011 109 45 Feb.
1093 2011 73 53 13;
1198 2009 79 46 aff.
1309 2007 109 47 Feb.
1453 2008 74 54 12;
1561 2008 46 44 A
1637 2006 190 57 823017;
1861 2009 41 53 J.
1935 2009 202 54 Planter,
2171 2008 214 57 Chicago.

455 2071 243 59 (25-5626)

373 2174 250 72 Powell,
665 2173 219 58 Dawn.

448 2265 312 73 Whither,
802 2264 83 70 by
925 2261 200 57 Hawn
1169 2258 250 58 Powell.
1500 2257 261 76 Boston,
1810 2258 215 76 Small,
2071 2258 316 75 Maynard

372 2348 48 56 &
455 2361 308 56 company
799 2373 13 43 [
812 2349 20 22 c
837 2341 166 73 1925]

443 2417 616 59 3 p. l., 3-305 p. 19½ cm .
373 2480 55 54 ©
454 2480 108 45 Feb.
584 2479 70 51 21,
684 2474 106 47 1925;
843 2476 67 42 2c.
936 2474 89 43 and
1050 2474 82 42 aff.
1159 2471 121 45 Mar.
1305 2470 53 53 2;
1384 2470 47 44 A
1458 2470 190 53 823230;
1680 2468 159 57 Small,
1867 2470 231 55 Maynard
2126 2474 40 44 &
2191 2489 83 38 co.,
2300 2474 85 46 inc.

456 2535 245 58 (25-5543)

375 2641 132 56 The
549 2633 310 78 practical
904 2631 326 60 Standard
1274 2627 358 73 dictionary
1677 2628 66 57 of
1790 2629 103 59 the
1941 2630 270 74 English
457 2634 1905 153 language,

721 2710 304 71 designed
1068 2711 65 54 to
1177 2705 142 73 give
1365 2706 104 58 the
1517 2704 454 76 orthography,
454 2710 1912 158 pronunciation,

651 2788 312 72 meaning,
1009 2787 125 57 and
1179 2784 359 72 etymology
1583 2783 70 57 of
1695 2803 151 41 over
1889 2786 248 72 140,000
2180 2789 208 58 words

455 2873 124 60 and
614 2869 268 74 phrases
919 2866 68 56 in
1023 2865 103 58 the
1168 2863 225 74 speech
1433 2862 125 58 and
1593 2860 334 63 literature
1970 2863 69 59 of
2076 2866 104 58 the
451 2867 1914 155 English-speaking

948 2942 279 74 peoples,
1265 2939 154 60 with
1462 2959 360 55 synonyms,
1866 2945 354 72 antonyms,
2265 2945 125 59 and

451 3022 464 81 prepositions;
957 3018 367 74 containing
1364 3018 135 59 also
1541 3037 82 38 an
1664 3020 319 73 appendix
2025 3021 71 58 of
2137 3022 251 74 foreign

452 3106 268 75 phrases
760 3101 159 59 used
960 3100 68 56 in
1068 3096 272 73 English
1384 3098 227 71 speech
1653 3099 125 57 and
1819 3096 353 77 literature,
2218 3102 170 70 2,500

451 3181 297 79 pictorial
770 3176 456 71 illustrations;
1257 3174 306 74 abridged
1586 3175 171 59 from
1780 3178 104 60 the
1911 3178 184 58 Funk
2120 3183 58 56 &
449 3201 1916 121 Wagnalls

642 3261 152 57 New
822 3257 310 59 standard
1157 3253 358 74 dictionary
1546 3254 69 58 of
1641 3254 104 59 the
1777 3256 271 73 English
2074 3256 312 75 language

450 3331 1937 83 by Frank H. Vizetelly … New York and London, Funk
451 3421 49 58 &
523 3415 331 73 Wagnalls
886 3430 326 55 company,
1245 3406 168 64 1925.

444 3497 95 53 xvi,
568 3496 108 45 1309
702 3508 42 40 p.
805 3491 120 44 illus.
984 3491 57 43 24½
1074 3492 47 17 cm
1128 3525 9 8 .

373 3556 55 54 ©
453 3558 101 52 Jan.
581 3554 67 49 31,
678 3549 133 55 1925;
838 3551 65 42 2c.
931 3549 89 43 and
1046 3548 80 43 aff.
1155 3547 119 43 Mar.
1304 3544 50 54 5;
1384 3546 46 42 A
1455 3546 191 53 823274;
1677 3546 133 45 Funk
1839 3547 37 44 &
1904 3549 242 53 Wagnalls
2174 3566 68 29 co.

452 3609 245 59 (25-5644)

375 3709 338 77 Quarterly
741 3705 375 59 cumulative
1145 3703 190 59 index
1362 3707 64 53 to
1457 3708 258 53 current
1737 3705 266 58 medical
2029 3707 349 60 literature.

454 3822 89 43 [v.]
588 3790 50 56 9.
721 3782 693 74 January-December,
1458 3784 165 55 1924.
1709 3781 291 78 Chicago,
2042 3786 336 60 American

448 3866 267 59 medical
752 3862 383 59 association
1173 3861 183 75 [1925]

443 3945 82 44 922
557 3958 39 38 p.
656 3942 56 44 26½c
762 3944 30 17 m
798 3977 9 7 .

374 3999 53 54 ©
456 4000 106 44 Feb.
590 4000 66 50 21,
689 3996 105 46 1925;
847 3996 64 43 2c.
940 3997 86 42 and
1053 3995 79 43 aff.
1162 3994 119 44 Mar.
1307 3994 52 50 2;
1390 3994 43 42 A
1463 3993 188 52 822232;
1683 3993 245 46 American
1957 3997 191 45 medical
2178 4013 117 30 assn.
