2533 4412
1309 4070 153 57 1068

395 405 372 76 [Couanard,
802 405 208 77 Lucie]

394 496 1988 153 … A l’âge mouillé … mœurs américaines d’avantguerre
660 594 137 56 [par
830 575 189 58 Lucie
1060 576 410 74 Saint-Elme,
1507 578 236 73 pseud.]
1827 578 207 73 Paris,
2075 580 175 59 “Les
390 580 1953 145 Gémeaux”,
723 660 20 23 c
746 654 167 57 1925.

459 729 85 46 208
568 745 55 38 p.,
657 734 17 41 1
705 729 27 44 1.
795 730 51 44 18½c
899 732 31 18 m
935 765 10 9 .

388 785 57 54 ©
477 787 121 43 Mar.
628 786 68 53 24,
731 785 132 55 1925;
925 803 36 28 1c.
993 788 114 52 Apr.
1138 786 80 55 25;
1252 787 308 54 A—Foreign
1589 786 162 56 27522;
1789 790 51 43 L.
1876 788 254 57 Couanard,
2165 793 147 43 Paris.

471 841 273 58 (25-11386)

394 931 283 72 Coward,
716 932 159 58 Noel
910 931 234 74 Pierce,
1184 935 150 57 1899–

466 1022 265 59 Chelsea
763 1023 179 73 buns,
979 1023 82 73 by
1092 1023 247 58 Hernia
1370 1024 378 59 Whittlebot
1784 1028 252 75 [pseud.]
2073 1028 212 60 edited
2314 1031 81 71 by

386 1100 159 59 Noel
570 1101 286 71 Coward,
880 1102 153 57 with
1057 1121 81 38 an
1160 1101 431 60 introduction
1612 1104 83 72 by
1721 1103 294 74 Gaspard
2037 1107 357 59 Pustontin.

386 1179 280 76 London,
695 1179 402 59 Hutchinson
1124 1180 48 58 &
1199 1200 87 38 co.
1319 1182 182 73 [1925]

456 1258 53 46 45
539 1275 41 38 p.
643 1259 138 45 front.
845 1260 50 43 19½
930 1262 47 17 cm
984 1295 8 8 .

391 1313 2007 60 © 1c. July 3, 1925; A ad int. 7129; pubd. May 8; N. Coward, ℅ Curtis
463 1373 181 51 Brown,
679 1372 93 53 ltd.,
807 1372 118 45 New
958 1373 144 43 York.
1172 1371 272 57 (25-21050)

392 1459 350 70 Crawford,
785 1460 271 57 Thomas
1093 1460 276 74 Dwight,
1410 1463 148 56 1860–

467 1552 229 74 Digest
727 1553 69 57 of
828 1552 105 58 the
968 1553 312 58 decisions
1317 1554 69 57 of
1417 1553 105 58 the
1559 1553 306 73 Supreme
1901 1557 180 55 court
2115 1557 69 56 of
389 1556 1990 132 Oklahoma

606 1632 125 57 and
760 1631 68 57 of
857 1631 105 57 the
997 1630 306 59 Criminal
1334 1634 182 55 court
1545 1632 67 57 of
1643 1632 260 72 appeals
1937 1634 67 56 of
2037 1633 362 75 Oklahoma,

391 1710 301 71 reported
723 1708 67 57 in
827 1708 348 59 Oklahoma
1211 1709 305 71 Supreme
1554 1713 180 54 court
1768 1714 272 70 reports,
2078 1714 73 56 88
2186 1715 65 55 to
2290 1714 109 56 106

394 1788 142 73 [and
565 1787 231 74 others]
866 1786 101 73 By
996 1788 69 55 T.
1095 1787 75 57 D.
1205 1786 351 59 Crawford,
1626 1805 57 39 v.
1716 1790 52 55 8.
1804 1784 428 77 Supplement.
2307 1791 91 59 St.

389 1865 211 72 Louis,
632 1864 143 73 Mo.,
808 1865 273 57 Thomas
1110 1865 121 57 law
1257 1865 162 57 book
1448 1884 324 54 company,
1806 1868 167 56 1925.

456 1941 551 54 2 p. l., 1039 p. 26 cm .
389 1997 54 55 ©
481 1999 102 45 Oct.
620 1999 67 52 24,
727 1997 132 55 1925;
897 1999 65 44 2c.
1001 1998 102 46 Oct.
1139 1997 78 54 27;
1257 1999 80 44 aff.
1376 1998 102 46 Oct.
1515 1998 80 54 28;
1635 1999 44 44 A
1717 1997 192 57 869792;
1948 1999 57 46 T.
2044 2001 56 45 D.
2140 1999 257 57 Crawford,

459 2056 140 44 Little
630 2056 142 52 Rock,
805 2056 116 43 Ark.

390 2143 206 72 Cross,
633 2141 253 61 Wilbur
920 2140 248 74 Lucius,
1208 2144 148 57 1862–

465 2238 132 58 The
635 2237 113 58 life
785 2238 125 58 and
947 2237 185 58 times
1172 2238 68 56 of
1275 2237 323 57 Laurence
1640 2236 244 72 Sterne,
1923 2238 84 70 by
2041 2237 249 60 Wilbur
2326 2239 69 56 L.

389 2314 2005 73 Cross … A new ed., in which are included many letters
384 2413 194 40 never
612 2394 221 58 before
867 2391 274 74 printed,
1175 2391 155 59 with
1363 2391 481 74 reproductions
1882 2395 68 57 of
1984 2394 105 58 the
2124 2392 271 74 original

383 2469 2010 75 manuscripts … New Haven, Yale university press;
388 2552 148 72 [etc.,
572 2553 128 68 etc.]
733 2550 168 59 1925.

454 2633 28 41 2
508 2645 41 29 v.
611 2629 179 49 fronts.,
820 2629 156 50 plates,
1006 2638 157 41 ports.,
1193 2628 199 46 facsims.
1452 2629 53 44 23½
1542 2631 47 18 cm
1595 2666 8 9 .

461 2686 140 45 “This
637 2686 38 45 is
712 2687 75 44 the
822 2684 125 47 third
980 2686 134 43 work
1147 2684 238 51 published
1420 2687 59 48 by
1515 2684 76 46 the
1624 2684 117 46 Yale
1775 2684 253 52 university
2063 2700 127 37 press
2227 2703 57 28 on
2320 2686 75 45 the

385 2742 209 46 William
623 2742 214 45 McKean
865 2743 171 44 Brown
1064 2741 238 45 memorial
1328 2740 278 51 publication
1633 2740 156 45 fund.”

460 2799 359 50 Bibliography:
847 2815 40 29 v.
915 2801 37 46 2,
981 2813 41 35 p.
1052 2796 237 49 [265]-298.

386 2852 54 54 ©
478 2852 122 54 Sept.
640 2854 61 48 11,
744 2851 130 52 1925;
911 2853 67 42 2c.
1016 2851 109 45 each
1162 2852 87 43 and
1283 2851 81 43 aff.
1405 2848 122 55 Sept.
1563 2849 79 55 25;
1681 2851 44 43 A
1763 2850 188 55 864759;
1993 2852 116 44 Yale
2144 2851 250 55 university

455 2925 139 38 press.
664 2907 273 56 (25-18717)

387 2995 457 73 Cunningham,
883 2994 225 58 Albert
1146 2992 352 74 Benjamin,
1540 2995 148 58 1888–

458 3085 255 59 Animal
745 3086 160 58 tales
939 3086 69 58 of
1036 3085 106 57 the
1173 3084 283 73 Rockies,
1489 3085 84 72 by
1602 3084 226 58 Albert
1857 3084 338 74 Benjamin
379 3085 1985 153 Cunningham.

783 3164 154 60 New
979 3164 191 73 York,
1222 3162 376 73 Cincinnati,
1645 3163 131 59 The
1822 3162 338 75 Abingdon
2204 3182 182 55 press

383 3276 13 43 [
397 3253 20 22 c
421 3245 165 73 1925]

453 3325 78 43 122
557 3339 40 38 p.
660 3323 151 51 front.,
838 3322 157 54 plates.
1084 3323 28 44 19½
1143 3324 48 17 cm
1198 3357 8 8 .

383 3379 54 54 ©
475 3381 120 52 Aug.
637 3378 63 53 17,
743 3378 131 54 1925;
914 3380 65 42 2c.
1018 3379 88 43 and
1143 3378 80 44 aff.
1266 3377 121 53 Sept.
1431 3375 75 55 17;
1548 3377 44 43 A
1632 3377 191 53 869036;
1865 3378 57 44 A.
1965 3378 51 43 B.
2059 3376 331 55 Cunningham,

455 3437 225 52 Pullman,
710 3436 160 45 Wash.
940 3433 272 57 (25-18855)

382 3524 290 70 Dawson,
711 3520 339 74 Benjamin
1083 3520 238 72 Elisha,
1360 3521 359 57 1852-1922.

461 3601 279 61 Orificial
815 3620 286 54 surgery,
1173 3602 85 56 its
1331 3598 397 73 philosophy,
1805 3598 386 72 application
2265 3601 124 57 and

380 3680 348 73 technique,
759 3680 155 57 with
948 3679 156 73 aids,
1142 3676 318 74 auxiliary
1489 3678 179 72 helps
1705 3675 126 60 and
1864 3677 171 59 after
2069 3695 160 54 care,
2267 3678 124 57 and

382 3759 467 72 seventy-three
876 3757 424 61 illustrations;
1361 3758 126 58 last
1512 3756 175 58 work
1716 3755 69 61 of
1811 3755 106 61 the
1943 3755 128 59 late
2099 3754 182 73 Benj.
2313 3756 72 58 E.

380 3833 2007 75 Dawson … edited by Minnie Elda Dawson. Kansas
382 3916 163 72 City,
599 3915 142 70 Mo.,
798 3914 131 58 The
981 3914 298 58 Western
1332 3912 259 73 Baptist
1644 3910 365 74 publishing
2062 3929 324 54 company,

379 3995 167 56 1925.
