2533 4412
1043 4081 111 56 589

105 435 387 73 Desjardins,
529 437 71 57 R.

248 525 1842 75 … Avec les Sénégalais par delà 1 ’Euphrate. Paris,
107 601 515 74 Calmann-Levy,
652 604 166 56 1925.

177 693 825 54 4 p. l., 304 p. fold. map. 19 cm .
100 761 1719 55 © Feb. 18, 1925; 1c. Feb. 27; A—Foreign 26962; Calmann-Levy.
179 819 269 56 (25-10480)

103 934 244 72 Doblin,
384 934 244 72 Alfred,
668 937 190 57 1878-

178 1023 116 58 Die
331 1024 222 57 beiden
588 1024 421 57 freundinnen
1045 1025 126 57 und
1206 1025 101 56 ihr
1344 1024 322 73 giftmord,
1706 1044 122 38 von
1864 1025 229 58 Alfred

101 1101 242 58 Doblin.
411 1101 236 71 Berlin,
677 1101 117 58 Die
824 1101 325 59 Schmiede
1180 1132 13 44 [
1196 1110 18 22 c
1217 1103 164 72 1924]

182 1178 1916 56 117 p., 1 l. col. fold. plated (in pocket) fold. facsims. 20½ em . (Added
110 1235 1981 55 t.-p.: Aussenseiter der gesellschaft—die verbrechen der gegenwart … . bd. 1)
99 1290 54 54 ©
178 1293 109 43 Dec.
318 1293 61 51 13,
410 1293 103 43 1924;
594 1308 35 27 1c.
656 1294 111 50 Apr.
794 1291 36 53 7,
861 1291 128 54 1925;
1019 1292 301 54 A—Foreign
1343 1293 163 53 27423;
1536 1294 174 52 Verlag
1737 1294 86 44 Die
1853 1294 236 44 schmiede.

178 1347 268 57 (25-10526)

104 1448 397 73 Dummelow,
543 1449 169 58 John
747 1448 283 74 Roberts,
1072 1451 90 58 ed.

177 1542 59 55 A
267 1543 427 68 commentary
727 1558 78 40 on
839 1540 103 58 the
976 1541 170 71 Holy
1177 1540 198 72 Bible,
1408 1543 83 70 by
1522 1541 256 58 various
1813 1542 282 73 writers;

100 1618 1972 134 edited by the Rev. J. B. Dummelow … with a special article
284 1695 1739 72 on Bible study by the Rev. S. Parkes Cadman …
102 1773 302 72 complete
437 1772 65 57 in
536 1791 113 39 one
681 1773 264 72 volume,
977 1772 151 59 with
1160 1775 256 70 general
1452 1774 251 58 articles
1740 1775 125 58 and
1897 1795 197 54 maps.

103 1850 454 72 Philadelphia,
602 1850 270 72 Chicago
919 1855 146 68 [etc.]
1113 1851 129 58 The
1283 1853 172 56 John
1497 1852 64 59 C.
1602 1852 295 59 Winston
101 1873 1973 127 company
300 1956 13 44 [
316 1935 18 22 c
337 1928 148 57 1925]

171 2005 107 44 clvii
303 2020 55 39 p.,
385 2006 18 42 1
463 2042 9 16 l.,
501 2005 116 52 1091,
647 2006 53 47 [1]
728 2020 40 39 p.
831 2005 157 53 front.,
1014 2006 160 53 plates.
1233 2008 57 44 24
1296 2009 46 17 cm
1347 2043 8 8 .

99 2061 54 53 ©
191 2063 110 53 May
341 2064 61 50 13,
444 2061 128 54 1925;
610 2064 64 42 2c.
713 2064 87 42 and
836 2065 78 42 aff.
953 2065 111 52 May
1099 2065 80 52 29;
1217 2065 47 43 A
1299 2064 188 53 855428;
1527 2066 118 52 John
1686 2065 48 44 C.
1773 2067 215 44 Winston
2021 2083 69 27 co.

171 2117 68 55 [©
274 2119 157 44 article
468 2134 57 28 on
565 2119 158 44 “Bible
757 2120 173 52 study”,
969 2134 137 39 pages
1145 2121 219 52 clv-clvii]
1437 2121 269 55 (25-10404)

101 2219 267 73 Duplay,
409 2218 296 74 Maurice,
748 2222 189 56 1880-

245 2307 1827 79 … Nos medecins, roman. Paris, A. Fayard et c ie [ c 1925]
177 2386 607 54 3 p. l., [9]-254 p. 19 cm .
100 2441 1905 58 © Mar. 3, 1925; 1c. May 2; A—Foreign 27560; Artheme Fayard & co.
178 2500 269 55 (25-10523)

102 2598 101 58 Du
233 2599 177 72 Pont,
446 2599 217 74 Henry
692 2598 338 75 Algernon,
1068 2602 189 57 1838-

178 2689 129 57 The
335 2690 329 72 campaign
691 2690 67 56 of
783 2692 149 55 1864
957 2691 64 55 in
1046 2691 105 57 the
1177 2690 224 73 Valley
1427 2691 67 57 of
1517 2692 293 73 Virginia
1837 2694 123 57 and
1986 2694 105 59 the

102 2767 1988 73 expedition to Lynchburg, by H. A. Du Pont … New
98 2844 189 74 York,
317 2845 299 57 National
641 2845 335 57 American
1005 2846 251 71 society,
1288 2847 163 56 1925.

179 2921 1171 55 5 p. l., 3-188 p. front. (port.) maps. 23½ cm .
101 2977 52 54 ©
182 2980 111 52 May
320 2979 66 52 20.,
419 2978 129 53 1925;
577 2980 64 42 2c.
672 2981 87 42 and
787 2981 78 42 aff.
896 2981 110 51 May
1033 2980 79 52 29;
1145 2981 44 41 A
1217 2979 189 54 855417;
1440 2982 62 41 H.
1531 2982 57 42 A.
1621 2982 74 43 Du
1725 2983 131 52 Pont,
170 2984 1900 103 Winterthur,

322 3036 101 43 Del.
492 3034 269 56 (25-10316)

103 3133 280 73 Eubank,
419 3133 162 58 Lulu
614 3133 362 58 Katherine.

181 3224 389 74 Concerning
598 3246 203 52 grace,
832 3226 166 57 faith
1030 3228 123 56 and
1181 3228 154 70 love,
1369 3228 123 56 and
1520 3228 237 58 Leaves
1791 3230 167 57 from
1989 3233 104 55 the

101 3302 1924 75 life of Our Divine Lord [by] Lulu Katherine Eubank …
105 3380 378 72 [Baltimore,
511 3381 190 57 Press
732 3380 68 58 of
826 3380 535 72 Fleet-McGinley
1390 3400 321 55 company,
1740 3393 20 22 c
1762 3386 163 72 1925]

171 3457 51 46 95
257 3472 39 38 p.
359 3458 53 44 19
416 3459 46 18 cm
469 3492 8 8 .

175 3515 176 46 Poems.

102 3569 52 54 ©
181 3572 112 51 May
322 3571 62 50 19,
417 3569 127 53 1925;
574 3571 63 43 2c.
666 3572 86 43 and
779 3572 77 43 aff.
887 3573 112 51 May
1023 3572 79 52 20;
1132 3572 44 42 A
1204 3570 188 53 855283;
1425 3572 48 43 L.
1503 3573 57 44 K.
1591 3573 206 54 Eubank,
1828 3575 260 44 Baltimore.

181 3626 268 55 (25-10324)

105 3725 424 74 Everybody’s
584 3726 330 59 handbook
968 3728 67 57 of
1091 3726 393 59 machinist’s
1542 3728 212 74 kinks;
1819 3749 38 39 a
183 3731 1883 147 timesaving
429 3806 89 57 lot

544 3806 66 58 of
637 3807 110 55 419
775 3807 173 58 ideas
975 3808 104 56 for
1106 3823 241 53 anyone
1371 3805 344 63 interested
1739 3809 66 58 in
1830 3811 105 57 the
185 3812 1879 142 fascinating
513 3882 173 58 work

738 3884 67 57 of
859 3906 38 36 a
948 3883 350 58 machinist.
1380 3884 175 57 Each
1607 3885 218 58 article
1879 3888 54 57 is
1993 3889 100 58 the

183 3961 326 69 discovery
549 3961 66 56 of
654 3982 36 37 a
726 3962 304 70 practical
1065 3980 162 51 man,
1268 3962 123 57 and
1426 3962 128 59 will
1587 3964 75 57 be
1701 3965 66 57 of
1802 3966 183 58 value
2022 3970 65 55 to
