<alto xmlns="http://www.loc.gov/standards/alto/ns-v3#" xmlns:xlink="http://www.w3.org/1999/xlink" xmlns:xsi="http://www.w3.org/2001/XMLSchema-instance" xsi:schemaLocation="http://www.loc.gov/standards/alto/ns-v3# http://www.loc.gov/alto/v3/alto-3-0.xsd"><Description>
<MeasurementUnit>pixel</MeasurementUnit>
<sourceImageInformation>
<fileName>1925_v22_Part001.pdf</fileName>
</sourceImageInformation>
<OCRProcessing ID="IdOcr">
<ocrProcessingStep>
<processingDateTime>2019-04-03</processingDateTime>
<processingSoftware>
<softwareCreator>ABBYY</softwareCreator>
<softwareName>ABBYY Recognition Server</softwareName>
<softwareVersion>4.0</softwareVersion>
</processingSoftware>
</ocrProcessingStep>
</OCRProcessing>
</Description>
<Styles>
<ParagraphStyle ID="StyleId-FFFFFFFF-FFFF-FFFF-FFFF-FFFFFFFFFFFF-" ALIGN="Left" LEFT="0." RIGHT="0." FIRSTLINE="0."/>
<ParagraphStyle ID="StyleId-2E5B4E57-07AD-4719-97CB-14521F7F4F8A-" ALIGN="Left" LEFT="0." RIGHT="0." FIRSTLINE="0." LINESPACE="8.899999619"/>
<ParagraphStyle ID="StyleId-62A6F688-D6E3-4EFC-837B-4A4C4EB582B7-" ALIGN="Center" LEFT="0." RIGHT="0." FIRSTLINE="0." LINESPACE="12.19999981"/>
<ParagraphStyle ID="StyleId-21B71EBC-BDB5-4E16-A8F2-58189A39665B-" ALIGN="Block" LEFT="0." RIGHT="0." FIRSTLINE="-13." LINESPACE="11.35000038"/>
<ParagraphStyle ID="StyleId-1E1A68C4-DD4F-417A-A13D-7FEC29ECB499-" ALIGN="Block" LEFT="0." RIGHT="0." FIRSTLINE="-15." LINESPACE="13.30000019"/>
<ParagraphStyle ID="StyleId-6B39EC51-644D-4E90-AF07-84EF2B1E466A-" ALIGN="Block" LEFT="0." RIGHT="0." FIRSTLINE="-15." LINESPACE="8.340000153"/>
<ParagraphStyle ID="StyleId-2C1BA15F-E223-41D6-853D-AAFBDAC17E68-" ALIGN="Center" LEFT="0." RIGHT="0." FIRSTLINE="0." LINESPACE="13."/>
<ParagraphStyle ID="StyleId-A3B2CDF3-43F0-422C-90A0-E074BFEC3BC0-" ALIGN="Block" LEFT="0." RIGHT="0." FIRSTLINE="0." LINESPACE="8.899999619"/>
<ParagraphStyle ID="StyleId-28AB2493-EA15-49C1-A6AC-ED5BC404F0B9-" ALIGN="Center" LEFT="0." RIGHT="0." FIRSTLINE="0." LINESPACE="12.19999981"/>
<ParagraphStyle ID="StyleId-4417A6D4-97E2-4EFC-962D-7FBC0D5273E4-" ALIGN="Left" LEFT="0." RIGHT="0." FIRSTLINE="15." LINESPACE="8.340000153"/>
<ParagraphStyle ID="StyleId-D4EF9C5E-3110-4A39-B7BC-3D84E0F04894-" ALIGN="Center" LEFT="0." RIGHT="0." FIRSTLINE="0." LINESPACE="13.30000019"/>
<ParagraphStyle ID="StyleId-D1243F31-1201-4D92-8F69-43ADB01E9AD1-" ALIGN="Left" LEFT="0." RIGHT="0." FIRSTLINE="-13." LINESPACE="13.30000019"/>
<ParagraphStyle ID="StyleId-C65417C6-23F2-4D8F-BA55-ECE73D98CAB9-" ALIGN="Left" LEFT="0." RIGHT="0." FIRSTLINE="0." LINESPACE="8.899999619"/>
<ParagraphStyle ID="StyleId-835763C1-08DD-41BE-8BAD-8E41EA88DAE3-" ALIGN="Center" LEFT="0." RIGHT="0." FIRSTLINE="0." LINESPACE="11.10000038"/>
<ParagraphStyle ID="StyleId-78FD6B81-8F83-422D-8DF4-4274EAFD19C6-" ALIGN="Block" LEFT="0." RIGHT="0." FIRSTLINE="-17." LINESPACE="12.19999981"/>
<ParagraphStyle ID="StyleId-F506BC7F-570D-458B-9F05-A143E1F5FD17-" ALIGN="Block" LEFT="0." RIGHT="0." FIRSTLINE="-17." LINESPACE="11.35000038"/>
<ParagraphStyle ID="StyleId-CBE02C6B-22D0-48C6-A874-7E90A22F4375-" ALIGN="Center" LEFT="0." RIGHT="0." FIRSTLINE="0." LINESPACE="4.400000095"/>
<ParagraphStyle ID="StyleId-14CC0121-63AF-4AB4-9656-E02F46C61AF2-" ALIGN="Left" LEFT="0." RIGHT="0." FIRSTLINE="0." LINESPACE="8.899999619"/>
<ParagraphStyle ID="StyleId-DD64CECB-1B22-4BFF-84F0-DFDE2B0000F8-" ALIGN="Left" LEFT="0." RIGHT="0." FIRSTLINE="0." LINESPACE="12.19999981"/>
<ParagraphStyle ID="StyleId-8AEF4AA8-141A-4E5D-9C3E-C0F9F43C742F-" ALIGN="Left" LEFT="0." RIGHT="0." FIRSTLINE="0." LINESPACE="8.300000191"/>
<ParagraphStyle ID="StyleId-8C396D2A-39C0-48AB-BABA-2679D8AB257E-" ALIGN="Left" LEFT="0." RIGHT="0." FIRSTLINE="0." LINESPACE="11.10000038"/>
<ParagraphStyle ID="StyleId-3B7FE50F-10D4-487F-BDCD-FD26EB60FD4A-" ALIGN="Block" LEFT="0." RIGHT="0." FIRSTLINE="13." LINESPACE="8.340000153"/>
<ParagraphStyle ID="StyleId-8CC5CC8E-615B-4C42-BB46-DB28FA355C27-" ALIGN="Left" LEFT="0." RIGHT="0." FIRSTLINE="0." LINESPACE="12.19999981"/>
<ParagraphStyle ID="StyleId-BC67E79D-8D99-4188-8B35-A59DBB7E2BB0-" ALIGN="Block" LEFT="0." RIGHT="0." FIRSTLINE="11." LINESPACE="9.399999619"/>
</Styles>
<Layout>
<Page ID="Page1230" PHYSICAL_IMG_NR="1230" HEIGHT="4412" WIDTH="2533">
<TopMargin HEIGHT="473" WIDTH="2533" VPOS="0" HPOS="0">
</TopMargin>
<LeftMargin HEIGHT="3667" WIDTH="320" VPOS="473" HPOS="0">
</LeftMargin>
<RightMargin HEIGHT="3667" WIDTH="98" VPOS="473" HPOS="2435">
</RightMargin>
<BottomMargin HEIGHT="272" WIDTH="2533" VPOS="4140" HPOS="0">
</BottomMargin>
<PrintSpace HEIGHT="3667" WIDTH="2115" VPOS="473" HPOS="320">
<TextBlock ID="Page1230_Block1" HEIGHT="76" WIDTH="168" VPOS="4064" HPOS="1280" LANG="en-US" STYLEREFS="StyleId-B1B69FBD-068E-4D46-96D3-A1CBC95FF499-">
<TextLine HEIGHT="56" WIDTH="149" VPOS="4074" HPOS="1290">
<String CONTENT="1230" HEIGHT="56" WIDTH="149" VPOS="4074" HPOS="1290"/>
</TextLine>
</TextBlock>
<TextBlock ID="Page1230_Block2" HEIGHT="3599" WIDTH="2115" VPOS="473" HPOS="320" LANG="en-US" CS="1" STYLEREFS="StyleId-96A51F34-8BAB-4AE1-9571-4CF880842447-">
<TextLine HEIGHT="73" WIDTH="1949" VPOS="485" HPOS="420" STYLEREFS="StyleId-3BED00B7-A10E-48F0-93BD-6CEEB2046549-" CS="1">
<String CS="1" CONTENT="D." HEIGHT="9" WIDTH="9" VPOS="534" HPOS="420"/>
<SP HEIGHT="58" WIDTH="44" VPOS="486" HPOS="430"/>
<String LANG="de" CONTENT="Graham" HEIGHT="58" WIDTH="278" VPOS="486" HPOS="475"/>
<String LANG="la" CONTENT="&#8212;" HEIGHT="5" WIDTH="79" VPOS="521" HPOS="755"/>
<String CONTENT="chief," HEIGHT="73" WIDTH="185" VPOS="485" HPOS="836"/>
<SP HEIGHT="72" WIDTH="42" VPOS="486" HPOS="1022"/>
<String CONTENT="Thomas" HEIGHT="56" WIDTH="272" VPOS="486" HPOS="1065"/>
<SP HEIGHT="58" WIDTH="42" VPOS="485" HPOS="1338"/>
<String CONTENT="J." HEIGHT="58" WIDTH="59" VPOS="485" HPOS="1381"/>
<SP HEIGHT="57" WIDTH="45" VPOS="485" HPOS="1441"/>
<String CONTENT="Emery&#8212;associate." HEIGHT="73" WIDTH="645" VPOS="485" HPOS="1487"/>
<SP HEIGHT="56" WIDTH="85" VPOS="488" HPOS="2133"/>
<String CONTENT="New" HEIGHT="56" WIDTH="150" VPOS="488" HPOS="2219"/>
</TextLine>
<TextLine HEIGHT="75" WIDTH="1079" VPOS="564" HPOS="355" STYLEREFS="StyleId-3BED00B7-A10E-48F0-93BD-6CEEB2046549-">
<String LANG="en-US" CONTENT="York," HEIGHT="73" WIDTH="191" VPOS="564" HPOS="355"/>
<SP HEIGHT="72" WIDTH="35" VPOS="565" HPOS="547"/>
<String LANG="de" CONTENT="Theo." HEIGHT="55" WIDTH="188" VPOS="565" HPOS="583"/>
<SP HEIGHT="56" WIDTH="32" VPOS="564" HPOS="772"/>
<String LANG="de" CONTENT="Andel" HEIGHT="57" WIDTH="207" VPOS="564" HPOS="805"/>
<SP HEIGHT="56" WIDTH="31" VPOS="564" HPOS="1013"/>
<String LANG="en-US" CONTENT="&amp;" HEIGHT="56" WIDTH="48" VPOS="564" HPOS="1045"/>
<SP HEIGHT="57" WIDTH="32" VPOS="564" HPOS="1094"/>
<String LANG="en-US" CONTENT="co." HEIGHT="38" WIDTH="85" VPOS="583" HPOS="1127"/>
<SP HEIGHT="43" WIDTH="36" VPOS="596" HPOS="1213"/>
<String LANG="en-US" CONTENT="[1925]" HEIGHT="75" WIDTH="184" VPOS="564" HPOS="1250"/>
</TextLine>
<TextLine HEIGHT="55" WIDTH="1393" VPOS="638" HPOS="424">
<String CONTENT="XV," HEIGHT="36" WIDTH="74" VPOS="657" HPOS="424"/>
<SP HEIGHT="51" WIDTH="37" VPOS="642" HPOS="499"/>
<String CONTENT="1949-2558" HEIGHT="47" WIDTH="248" VPOS="638" HPOS="537"/>
<SP HEIGHT="52" WIDTH="30" VPOS="641" HPOS="786"/>
<String CONTENT="p." HEIGHT="38" WIDTH="39" VPOS="655" HPOS="817"/>
<SP HEIGHT="44" WIDTH="61" VPOS="639" HPOS="857"/>
<String CONTENT="front.," HEIGHT="52" WIDTH="151" VPOS="639" HPOS="919"/>
<SP HEIGHT="50" WIDTH="35" VPOS="641" HPOS="1071"/>
<String CONTENT="illus.," HEIGHT="53" WIDTH="132" VPOS="640" HPOS="1107"/>
<SP HEIGHT="45" WIDTH="32" VPOS="648" HPOS="1240"/>
<String CONTENT="tables," HEIGHT="51" WIDTH="156" VPOS="641" HPOS="1273"/>
<SP HEIGHT="51" WIDTH="34" VPOS="641" HPOS="1430"/>
<String CONTENT="diagrs." HEIGHT="53" WIDTH="167" VPOS="640" HPOS="1465"/>
<SP HEIGHT="40" WIDTH="64" VPOS="644" HPOS="1633"/>
<String CONTENT="17" HEIGHT="44" WIDTH="50" VPOS="641" HPOS="1698"/>
<String STYLE="superscript" CONTENT="cm" HEIGHT="17" WIDTH="46" VPOS="644" HPOS="1755"/>
<String CONTENT="." HEIGHT="8" WIDTH="9" VPOS="677" HPOS="1808"/>
</TextLine>
<TextLine HEIGHT="54" WIDTH="1925" VPOS="696" HPOS="356">
<String CONTENT="&#169;" HEIGHT="53" WIDTH="53" VPOS="697" HPOS="356"/>
<SP HEIGHT="53" WIDTH="32" VPOS="697" HPOS="410"/>
<String CONTENT="Dec." HEIGHT="42" WIDTH="107" VPOS="700" HPOS="443"/>
<SP HEIGHT="42" WIDTH="31" VPOS="699" HPOS="551"/>
<String CONTENT="3," HEIGHT="47" WIDTH="36" VPOS="699" HPOS="583"/>
<SP HEIGHT="46" WIDTH="36" VPOS="700" HPOS="620"/>
<String CONTENT="1925;" HEIGHT="53" WIDTH="131" VPOS="696" HPOS="657"/>
<SP HEIGHT="51" WIDTH="30" VPOS="698" HPOS="789"/>
<String CONTENT="2c." HEIGHT="43" WIDTH="65" VPOS="698" HPOS="820"/>
<SP HEIGHT="43" WIDTH="31" VPOS="698" HPOS="886"/>
<String CONTENT="Dec." HEIGHT="43" WIDTH="110" VPOS="698" HPOS="918"/>
<SP HEIGHT="45" WIDTH="32" VPOS="696" HPOS="1029"/>
<String CONTENT="5;" HEIGHT="54" WIDTH="48" VPOS="696" HPOS="1062"/>
<SP HEIGHT="37" WIDTH="32" VPOS="713" HPOS="1111"/>
<String CONTENT="aff." HEIGHT="43" WIDTH="79" VPOS="698" HPOS="1144"/>
<SP HEIGHT="43" WIDTH="34" VPOS="698" HPOS="1224"/>
<String CONTENT="Dec." HEIGHT="43" WIDTH="109" VPOS="698" HPOS="1259"/>
<SP HEIGHT="44" WIDTH="32" VPOS="697" HPOS="1369"/>
<String CONTENT="7;" HEIGHT="53" WIDTH="48" VPOS="697" HPOS="1402"/>
<SP HEIGHT="52" WIDTH="34" VPOS="698" HPOS="1451"/>
<!-- cceid 365BB6A5-6DD5-1014-B757-AF09C522E301 --><String CONTENT="A" HEIGHT="42" WIDTH="44" VPOS="698" HPOS="1486"/>
<SP HEIGHT="43" WIDTH="30" VPOS="698" HPOS="1531"/>
<String CONTENT="872751;" HEIGHT="54" WIDTH="190" VPOS="696" HPOS="1562"/>
<SP HEIGHT="52" WIDTH="32" VPOS="698" HPOS="1753"/>
<String LANG="de" CONTENT="Theo." HEIGHT="44" WIDTH="144" VPOS="698" HPOS="1786"/>
<SP HEIGHT="42" WIDTH="31" VPOS="700" HPOS="1931"/>
<String CONTENT="Audel" HEIGHT="44" WIDTH="150" VPOS="700" HPOS="1963"/>
<SP HEIGHT="44" WIDTH="32" VPOS="700" HPOS="2114"/>
<String CONTENT="&amp;" HEIGHT="44" WIDTH="37" VPOS="700" HPOS="2147"/>
<SP HEIGHT="44" WIDTH="31" VPOS="700" HPOS="2185"/>
<String CONTENT="co." HEIGHT="28" WIDTH="64" VPOS="715" HPOS="2217"/>
</TextLine>
<TextLine HEIGHT="73" WIDTH="1547" VPOS="768" HPOS="359" STYLEREFS="StyleId-75FABCFF-DF51-4ACC-A171-E1219CA1905B-">
<String CONTENT="Grant," HEIGHT="70" WIDTH="216" VPOS="768" HPOS="359"/>
<SP HEIGHT="68" WIDTH="31" VPOS="770" HPOS="576"/>
<String CONTENT="Mrs" HEIGHT="56" WIDTH="137" VPOS="770" HPOS="608"/>
<String LANG="de" CONTENT="&#8222;" HEIGHT="20" WIDTH="17" VPOS="814" HPOS="751"/>
<SP HEIGHT="65" WIDTH="26" VPOS="769" HPOS="769"/>
<String CONTENT="Ethel" HEIGHT="57" WIDTH="189" VPOS="768" HPOS="796"/>
<SP HEIGHT="72" WIDTH="37" VPOS="768" HPOS="986"/>
<String CONTENT="(Watts)" HEIGHT="72" WIDTH="270" VPOS="768" HPOS="1024"/>
<SP HEIGHT="72" WIDTH="41" VPOS="768" HPOS="1295"/>
<String CONTENT="Mumford," HEIGHT="73" WIDTH="342" VPOS="768" HPOS="1337"/>
<SP HEIGHT="68" WIDTH="34" VPOS="773" HPOS="1680"/>
<String CONTENT="1878-" HEIGHT="56" WIDTH="191" VPOS="772" HPOS="1715"/>
</TextLine>
<TextLine HEIGHT="75" WIDTH="1938" VPOS="846" HPOS="432" STYLEREFS="StyleId-3BED00B7-A10E-48F0-93BD-6CEEB2046549-">
<String CONTENT="Hand-reading" HEIGHT="74" WIDTH="487" VPOS="846" HPOS="432"/>
<SP HEIGHT="70" WIDTH="22" VPOS="850" HPOS="920"/>
<String CONTENT="today;" HEIGHT="71" WIDTH="225" VPOS="848" HPOS="943"/>
<SP HEIGHT="52" WIDTH="28" VPOS="866" HPOS="1169"/>
<String CONTENT="a" HEIGHT="39" WIDTH="36" VPOS="866" HPOS="1198"/>
<SP HEIGHT="39" WIDTH="23" VPOS="866" HPOS="1235"/>
<String CONTENT="new" HEIGHT="39" WIDTH="137" VPOS="865" HPOS="1259"/>
<SP HEIGHT="39" WIDTH="25" VPOS="866" HPOS="1397"/>
<String CONTENT="angle" HEIGHT="72" WIDTH="183" VPOS="847" HPOS="1423"/>
<SP HEIGHT="39" WIDTH="25" VPOS="866" HPOS="1607"/>
<String CONTENT="of" HEIGHT="59" WIDTH="69" VPOS="846" HPOS="1633"/>
<SP HEIGHT="59" WIDTH="24" VPOS="846" HPOS="1703"/>
<String CONTENT="an" HEIGHT="39" WIDTH="81" VPOS="866" HPOS="1728"/>
<SP HEIGHT="39" WIDTH="24" VPOS="866" HPOS="1810"/>
<String CONTENT="ancient" HEIGHT="58" WIDTH="248" VPOS="848" HPOS="1835"/>
<SP HEIGHT="56" WIDTH="29" VPOS="851" HPOS="2084"/>
<String CONTENT="science," HEIGHT="73" WIDTH="256" VPOS="848" HPOS="2114"/>
</TextLine>
<TextLine HEIGHT="74" WIDTH="2013" VPOS="925" HPOS="354" STYLEREFS="StyleId-3BED00B7-A10E-48F0-93BD-6CEEB2046549-" CS="1">
<String CONTENT="by" HEIGHT="71" WIDTH="84" VPOS="927" HPOS="354"/>
<SP HEIGHT="72" WIDTH="36" VPOS="926" HPOS="439"/>
<String CONTENT="Ethel" HEIGHT="58" WIDTH="190" VPOS="926" HPOS="476"/>
<SP HEIGHT="57" WIDTH="37" VPOS="926" HPOS="667"/>
<String CONTENT="Watts" HEIGHT="57" WIDTH="213" VPOS="926" HPOS="705"/>
<SP HEIGHT="57" WIDTH="41" VPOS="926" HPOS="919"/>
<String CONTENT="Mumford" HEIGHT="57" WIDTH="329" VPOS="926" HPOS="961"/>
<SP HEIGHT="56" WIDTH="42" VPOS="927" HPOS="1291"/>
<String CS="1" CONTENT="&#8230;"/>
<SP HEIGHT="57" WIDTH="87" VPOS="925" HPOS="1396"/>
<String CONTENT="New" HEIGHT="58" WIDTH="152" VPOS="925" HPOS="1484"/>
<SP HEIGHT="56" WIDTH="38" VPOS="927" HPOS="1637"/>
<String CONTENT="York," HEIGHT="73" WIDTH="191" VPOS="926" HPOS="1676"/>
<SP HEIGHT="73" WIDTH="42" VPOS="926" HPOS="1868"/>
<String CONTENT="Frederick" HEIGHT="59" WIDTH="343" VPOS="926" HPOS="1911"/>
<SP HEIGHT="56" WIDTH="38" VPOS="928" HPOS="2255"/>
<String CONTENT="A." HEIGHT="55" WIDTH="73" VPOS="929" HPOS="2294"/>
</TextLine>
<TextLine HEIGHT="72" WIDTH="792" VPOS="1004" HPOS="356" STYLEREFS="StyleId-3BED00B7-A10E-48F0-93BD-6CEEB2046549-">
<String CONTENT="Stokes" HEIGHT="61" WIDTH="223" VPOS="1004" HPOS="356"/>
<SP HEIGHT="41" WIDTH="36" VPOS="1024" HPOS="580"/>
<String CONTENT="company," HEIGHT="53" WIDTH="326" VPOS="1023" HPOS="617"/>
<SP HEIGHT="68" WIDTH="37" VPOS="1007" HPOS="944"/>
<String CONTENT="1925." HEIGHT="58" WIDTH="166" VPOS="1004" HPOS="982"/>
</TextLine>
<TextLine HEIGHT="57" WIDTH="957" VPOS="1079" HPOS="459" CS="1">
<String CS="1" CONTENT="x"/>
<SP HEIGHT="38" WIDTH="25" VPOS="1098" HPOS="459"/>
<String CONTENT="p.," HEIGHT="38" WIDTH="56" VPOS="1098" HPOS="485"/>
<SP HEIGHT="51" WIDTH="27" VPOS="1085" HPOS="542"/>
<String CONTENT="3" HEIGHT="42" WIDTH="23" VPOS="1085" HPOS="570"/>
<SP/>
<String CS="1" CONTENT="l.,"/>
<SP HEIGHT="50" WIDTH="32" VPOS="1083" HPOS="666"/>
<String CONTENT="175" HEIGHT="45" WIDTH="78" VPOS="1081" HPOS="699"/>
<SP HEIGHT="54" WIDTH="27" VPOS="1081" HPOS="778"/>
<String CONTENT="p." HEIGHT="38" WIDTH="40" VPOS="1097" HPOS="806"/>
<SP HEIGHT="44" WIDTH="60" VPOS="1081" HPOS="847"/>
<String CONTENT="front.," HEIGHT="51" WIDTH="152" VPOS="1081" HPOS="908"/>
<SP HEIGHT="51" WIDTH="29" VPOS="1081" HPOS="1061"/>
<String CONTENT="illus." HEIGHT="46" WIDTH="115" VPOS="1079" HPOS="1091"/>
<SP HEIGHT="43" WIDTH="62" VPOS="1081" HPOS="1207"/>
<String CS="1" CONTENT="19&#189;" HEIGHT="44" WIDTH="25" VPOS="1082" HPOS="1295"/>
<String STYLE="superscript" CONTENT="cm" HEIGHT="17" WIDTH="47" VPOS="1083" HPOS="1355"/>
<String CONTENT="." HEIGHT="9" WIDTH="8" VPOS="1116" HPOS="1408"/>
</TextLine>
<TextLine HEIGHT="55" WIDTH="1956" VPOS="1138" HPOS="355" CS="1">
<String CONTENT="&#169;" HEIGHT="53" WIDTH="53" VPOS="1140" HPOS="355"/>
<SP HEIGHT="53" WIDTH="29" VPOS="1140" HPOS="409"/>
<String CONTENT="Oct." HEIGHT="44" WIDTH="102" VPOS="1141" HPOS="439"/>
<SP HEIGHT="43" WIDTH="31" VPOS="1141" HPOS="542"/>
<String CONTENT="8," HEIGHT="51" WIDTH="38" VPOS="1141" HPOS="574"/>
<SP HEIGHT="50" WIDTH="32" VPOS="1142" HPOS="613"/>
<String CONTENT="1925;" HEIGHT="53" WIDTH="130" VPOS="1138" HPOS="646"/>
<SP HEIGHT="50" WIDTH="30" VPOS="1141" HPOS="777"/>
<String CONTENT="2c." HEIGHT="42" WIDTH="64" VPOS="1141" HPOS="808"/>
<SP HEIGHT="27" WIDTH="30" VPOS="1155" HPOS="873"/>
<String CONTENT="and" HEIGHT="43" WIDTH="88" VPOS="1140" HPOS="904"/>
<SP HEIGHT="43" WIDTH="28" VPOS="1140" HPOS="993"/>
<String CONTENT="aff." HEIGHT="42" WIDTH="79" VPOS="1140" HPOS="1022"/>
<SP HEIGHT="43" WIDTH="32" VPOS="1140" HPOS="1102"/>
<String CONTENT="Oct." HEIGHT="43" WIDTH="101" VPOS="1140" HPOS="1135"/>
<SP HEIGHT="42" WIDTH="33" VPOS="1141" HPOS="1237"/>
<String CS="1" CONTENT="10;" HEIGHT="38" WIDTH="9" VPOS="1153" HPOS="1336"/>
<SP HEIGHT="52" WIDTH="32" VPOS="1139" HPOS="1346"/>
<!-- cceid 365BEE5F-6DD5-1014-B757-AF09C522E301 --><String CONTENT="A" HEIGHT="42" WIDTH="44" VPOS="1139" HPOS="1379"/>
<SP HEIGHT="43" WIDTH="29" VPOS="1139" HPOS="1424"/>
<String CONTENT="869274;" HEIGHT="53" WIDTH="190" VPOS="1138" HPOS="1454"/>
<SP HEIGHT="52" WIDTH="35" VPOS="1139" HPOS="1645"/>
<String CONTENT="Frederick" HEIGHT="45" WIDTH="247" VPOS="1139" HPOS="1681"/>
<SP HEIGHT="43" WIDTH="27" VPOS="1140" HPOS="1929"/>
<String CONTENT="A." HEIGHT="42" WIDTH="58" VPOS="1141" HPOS="1957"/>
<SP HEIGHT="46" WIDTH="34" VPOS="1141" HPOS="2016"/>
<String CONTENT="Stokes" HEIGHT="46" WIDTH="163" VPOS="1141" HPOS="2051"/>
<SP HEIGHT="28" WIDTH="30" VPOS="1156" HPOS="2215"/>
<String CONTENT="co." HEIGHT="28" WIDTH="65" VPOS="1156" HPOS="2246"/>
</TextLine>
<TextLine HEIGHT="55" WIDTH="273" VPOS="1196" HPOS="434">
<String CONTENT="(25-21397)" HEIGHT="55" WIDTH="273" VPOS="1196" HPOS="434"/>
</TextLine>
<TextLine HEIGHT="74" WIDTH="1111" VPOS="1267" HPOS="357" STYLEREFS="StyleId-3BED00B7-A10E-48F0-93BD-6CEEB2046549-">
<String CONTENT="Gray," HEIGHT="73" WIDTH="186" VPOS="1268" HPOS="357"/>
<SP HEIGHT="71" WIDTH="38" VPOS="1269" HPOS="544"/>
<String CONTENT="Joseph" HEIGHT="72" WIDTH="241" VPOS="1269" HPOS="583"/>
<SP HEIGHT="57" WIDTH="31" VPOS="1268" HPOS="825"/>
<String CONTENT="Alexander," HEIGHT="72" WIDTH="380" VPOS="1267" HPOS="857"/>
<SP HEIGHT="69" WIDTH="39" VPOS="1270" HPOS="1238"/>
<String CONTENT="1859-" HEIGHT="56" WIDTH="190" VPOS="1269" HPOS="1278"/>
</TextLine>
<TextLine HEIGHT="152" WIDTH="1988" VPOS="1347" HPOS="356" STYLEREFS="StyleId-3BED00B7-A10E-48F0-93BD-6CEEB2046549-" CS="1">
<String CONTENT="A" HEIGHT="55" WIDTH="58" VPOS="1348" HPOS="434"/>
<SP HEIGHT="57" WIDTH="35" VPOS="1348" HPOS="493"/>
<String CONTENT="digest" HEIGHT="73" WIDTH="211" VPOS="1347" HPOS="529"/>
<SP HEIGHT="54" WIDTH="33" VPOS="1350" HPOS="741"/>
<String CONTENT="of" HEIGHT="57" WIDTH="67" VPOS="1347" HPOS="775"/>
<SP HEIGHT="56" WIDTH="36" VPOS="1347" HPOS="843"/>
<String CONTENT="all" HEIGHT="56" WIDTH="84" VPOS="1347" HPOS="880"/>
<SP HEIGHT="56" WIDTH="34" VPOS="1347" HPOS="965"/>
<String CONTENT="the" HEIGHT="56" WIDTH="104" VPOS="1347" HPOS="1000"/>
<SP HEIGHT="37" WIDTH="37" VPOS="1366" HPOS="1105"/>
<String CONTENT="reported" HEIGHT="70" WIDTH="300" VPOS="1347" HPOS="1143"/>
<SP HEIGHT="56" WIDTH="36" VPOS="1347" HPOS="1444"/>
<String CONTENT="cases" HEIGHT="38" WIDTH="174" VPOS="1366" HPOS="1481"/>
<SP HEIGHT="56" WIDTH="39" VPOS="1349" HPOS="1656"/>
<String CONTENT="decided" HEIGHT="58" WIDTH="260" VPOS="1347" HPOS="1696"/>
<SP HEIGHT="58" WIDTH="32" VPOS="1347" HPOS="1957"/>
<String CONTENT="by" HEIGHT="72" WIDTH="84" VPOS="1347" HPOS="1990"/>
<SP HEIGHT="68" WIDTH="34" VPOS="1351" HPOS="2075"/>
<String CONTENT="the" HEIGHT="57" WIDTH="103" VPOS="1348" HPOS="2110"/>
<SP HEIGHT="59" WIDTH="42" VPOS="1347" HPOS="2214"/>
<String CONTENT="Supreme" HEIGHT="152" WIDTH="1988" VPOS="1347" HPOS="356"/>
</TextLine>
<TextLine HEIGHT="73" WIDTH="1767" VPOS="1424" HPOS="601" STYLEREFS="StyleId-3BED00B7-A10E-48F0-93BD-6CEEB2046549-">
<String CONTENT="court" HEIGHT="56" WIDTH="180" VPOS="1428" HPOS="601"/>
<SP HEIGHT="56" WIDTH="23" VPOS="1428" HPOS="782"/>
<String CONTENT="of" HEIGHT="57" WIDTH="69" VPOS="1426" HPOS="806"/>
<SP HEIGHT="57" WIDTH="25" VPOS="1426" HPOS="876"/>
<String CONTENT="errors" HEIGHT="40" WIDTH="211" VPOS="1444" HPOS="902"/>
<SP HEIGHT="39" WIDTH="30" VPOS="1445" HPOS="1114"/>
<String CONTENT="and" HEIGHT="57" WIDTH="125" VPOS="1427" HPOS="1145"/>
<SP HEIGHT="57" WIDTH="24" VPOS="1427" HPOS="1271"/>
<String CONTENT="the" HEIGHT="58" WIDTH="103" VPOS="1425" HPOS="1296"/>
<SP HEIGHT="59" WIDTH="31" VPOS="1424" HPOS="1400"/>
<String CONTENT="Superior" HEIGHT="73" WIDTH="304" VPOS="1424" HPOS="1432"/>
<SP HEIGHT="38" WIDTH="29" VPOS="1445" HPOS="1737"/>
<String CONTENT="court" HEIGHT="55" WIDTH="181" VPOS="1429" HPOS="1767"/>
<SP HEIGHT="55" WIDTH="25" VPOS="1429" HPOS="1949"/>
<String CONTENT="of" HEIGHT="57" WIDTH="66" VPOS="1427" HPOS="1975"/>
<SP HEIGHT="58" WIDTH="26" VPOS="1427" HPOS="2042"/>
<String CONTENT="the" HEIGHT="59" WIDTH="104" VPOS="1426" HPOS="2069"/>
<SP HEIGHT="41" WIDTH="31" VPOS="1444" HPOS="2174"/>
<String CONTENT="state" HEIGHT="56" WIDTH="162" VPOS="1429" HPOS="2206"/>
</TextLine>
<TextLine HEIGHT="59" WIDTH="2015" VPOS="1504" HPOS="357" STYLEREFS="StyleId-3BED00B7-A10E-48F0-93BD-6CEEB2046549-">
<String CONTENT="of" HEIGHT="56" WIDTH="70" VPOS="1507" HPOS="357"/>
<SP HEIGHT="59" WIDTH="32" VPOS="1504" HPOS="428"/>
<String CONTENT="Connecticut" HEIGHT="59" WIDTH="411" VPOS="1504" HPOS="461"/>
<SP HEIGHT="54" WIDTH="31" VPOS="1507" HPOS="873"/>
<String CONTENT="as" HEIGHT="38" WIDTH="68" VPOS="1523" HPOS="905"/>
<SP HEIGHT="38" WIDTH="31" VPOS="1523" HPOS="974"/>
<String CONTENT="well" HEIGHT="56" WIDTH="142" VPOS="1504" HPOS="1006"/>
<SP HEIGHT="57" WIDTH="32" VPOS="1504" HPOS="1149"/>
<String CONTENT="as" HEIGHT="37" WIDTH="68" VPOS="1524" HPOS="1182"/>
<SP HEIGHT="37" WIDTH="37" VPOS="1524" HPOS="1251"/>
<String CONTENT="of" HEIGHT="56" WIDTH="66" VPOS="1505" HPOS="1289"/>
<SP HEIGHT="56" WIDTH="33" VPOS="1505" HPOS="1356"/>
<String CONTENT="the" HEIGHT="57" WIDTH="104" VPOS="1504" HPOS="1390"/>
<SP HEIGHT="57" WIDTH="35" VPOS="1505" HPOS="1495"/>
<String CONTENT="United" HEIGHT="58" WIDTH="238" VPOS="1504" HPOS="1531"/>
<SP HEIGHT="58" WIDTH="34" VPOS="1504" HPOS="1770"/>
<String CONTENT="States" HEIGHT="59" WIDTH="213" VPOS="1504" HPOS="1805"/>
<SP HEIGHT="38" WIDTH="38" VPOS="1525" HPOS="2019"/>
<String CONTENT="courts" HEIGHT="56" WIDTH="209" VPOS="1507" HPOS="2058"/>
<SP HEIGHT="57" WIDTH="33" VPOS="1506" HPOS="2268"/>
<String CONTENT="in" HEIGHT="57" WIDTH="70" VPOS="1506" HPOS="2302"/>
</TextLine>
<TextLine HEIGHT="151" WIDTH="2012" VPOS="1582" HPOS="356" STYLEREFS="StyleId-3BED00B7-A10E-48F0-93BD-6CEEB2046549-" CS="1">
<String CONTENT="the" HEIGHT="56" WIDTH="104" VPOS="1585" HPOS="357"/>
<SP HEIGHT="57" WIDTH="36" VPOS="1584" HPOS="462"/>
<String CONTENT="District" HEIGHT="58" WIDTH="269" VPOS="1583" HPOS="499"/>
<SP HEIGHT="53" WIDTH="38" VPOS="1587" HPOS="769"/>
<String CONTENT="of" HEIGHT="56" WIDTH="68" VPOS="1584" HPOS="808"/>
<SP HEIGHT="59" WIDTH="38" VPOS="1582" HPOS="877"/>
<String CONTENT="Connecticut," HEIGHT="72" WIDTH="424" VPOS="1582" HPOS="916"/>
<SP HEIGHT="71" WIDTH="39" VPOS="1583" HPOS="1341"/>
<String CONTENT="from" HEIGHT="57" WIDTH="169" VPOS="1583" HPOS="1381"/>
<SP HEIGHT="55" WIDTH="37" VPOS="1583" HPOS="1551"/>
<String CONTENT="Kirby" HEIGHT="72" WIDTH="211" VPOS="1583" HPOS="1589"/>
<SP HEIGHT="69" WIDTH="35" VPOS="1586" HPOS="1801"/>
<String CONTENT="to" HEIGHT="54" WIDTH="64" VPOS="1586" HPOS="1837"/>
<SP HEIGHT="37" WIDTH="35" VPOS="1603" HPOS="1902"/>
<String CONTENT="vol." HEIGHT="57" WIDTH="120" VPOS="1584" HPOS="1938"/>
<SP HEIGHT="55" WIDTH="40" VPOS="1586" HPOS="2059"/>
<String CONTENT="99" HEIGHT="55" WIDTH="72" VPOS="1586" HPOS="2100"/>
<SP HEIGHT="59" WIDTH="40" VPOS="1584" HPOS="2173"/>
<String CONTENT="Connecticut" HEIGHT="136" WIDTH="1990" VPOS="1584" HPOS="356"/>
<SP HEIGHT="53" WIDTH="25" VPOS="1666" HPOS="632"/>
<String CONTENT="reports" HEIGHT="69" WIDTH="251" VPOS="1664" HPOS="658"/>
<SP HEIGHT="57" WIDTH="26" VPOS="1661" HPOS="910"/>
<String CONTENT="inclusive," HEIGHT="70" WIDTH="323" VPOS="1661" HPOS="937"/>
<SP HEIGHT="50" WIDTH="28" VPOS="1681" HPOS="1261"/>
<String CONTENT="with" HEIGHT="57" WIDTH="151" VPOS="1661" HPOS="1290"/>
<SP HEIGHT="55" WIDTH="29" VPOS="1662" HPOS="1442"/>
<String CONTENT="complete" HEIGHT="71" WIDTH="302" VPOS="1662" HPOS="1472"/>
<SP HEIGHT="38" WIDTH="30" VPOS="1681" HPOS="1775"/>
<String CONTENT="cross" HEIGHT="39" WIDTH="174" VPOS="1681" HPOS="1806"/>
<SP HEIGHT="39" WIDTH="29" VPOS="1681" HPOS="1981"/>
<String CONTENT="references" HEIGHT="60" WIDTH="357" VPOS="1662" HPOS="2011"/>
</TextLine>
<TextLine HEIGHT="151" WIDTH="2011" VPOS="1740" HPOS="355" STYLEREFS="StyleId-3BED00B7-A10E-48F0-93BD-6CEEB2046549-" CS="1">
<String CONTENT="to" HEIGHT="54" WIDTH="64" VPOS="1745" HPOS="357"/>
<SP HEIGHT="55" WIDTH="27" VPOS="1743" HPOS="422"/>
<String CONTENT="the" HEIGHT="57" WIDTH="105" VPOS="1741" HPOS="450"/>
<SP HEIGHT="58" WIDTH="28" VPOS="1740" HPOS="556"/>
<String CONTENT="Lawyers&#8217;" HEIGHT="72" WIDTH="328" VPOS="1740" HPOS="585"/>
<SP HEIGHT="51" WIDTH="29" VPOS="1743" HPOS="914"/>
<String CONTENT="reports" HEIGHT="69" WIDTH="252" VPOS="1742" HPOS="944"/>
<SP HEIGHT="38" WIDTH="30" VPOS="1758" HPOS="1197"/>
<String CONTENT="annotated" HEIGHT="56" WIDTH="346" VPOS="1741" HPOS="1228"/>
<SP HEIGHT="71" WIDTH="37" VPOS="1740" HPOS="1575"/>
<String CONTENT="(L." HEIGHT="71" WIDTH="96" VPOS="1740" HPOS="1613"/>
<SP HEIGHT="56" WIDTH="32" VPOS="1740" HPOS="1710"/>
<String CONTENT="R." HEIGHT="57" WIDTH="71" VPOS="1740" HPOS="1743"/>
<SP HEIGHT="56" WIDTH="32" VPOS="1741" HPOS="1815"/>
<String CONTENT="A.)" HEIGHT="72" WIDTH="108" VPOS="1740" HPOS="1848"/>
<SP HEIGHT="72" WIDTH="36" VPOS="1740" HPOS="1957"/>
<String CONTENT="and" HEIGHT="57" WIDTH="127" VPOS="1742" HPOS="1994"/>
<SP HEIGHT="57" WIDTH="27" VPOS="1742" HPOS="2122"/>
<String CONTENT="American" HEIGHT="135" WIDTH="1992" VPOS="1742" HPOS="355"/>
<SP HEIGHT="55" WIDTH="27" VPOS="1820" HPOS="499"/>
<String CONTENT="law" HEIGHT="56" WIDTH="123" VPOS="1820" HPOS="527"/>
<SP HEIGHT="37" WIDTH="28" VPOS="1839" HPOS="651"/>
<String CONTENT="reports" HEIGHT="69" WIDTH="251" VPOS="1821" HPOS="680"/>
<SP HEIGHT="72" WIDTH="43" VPOS="1817" HPOS="932"/>
<String CONTENT="(A." HEIGHT="72" WIDTH="103" VPOS="1817" HPOS="976"/>
<SP HEIGHT="56" WIDTH="33" VPOS="1818" HPOS="1080"/>
<String CONTENT="L." HEIGHT="56" WIDTH="67" VPOS="1818" HPOS="1114"/>
<SP HEIGHT="56" WIDTH="36" VPOS="1818" HPOS="1182"/>
<String CONTENT="R.)" HEIGHT="72" WIDTH="105" VPOS="1817" HPOS="1219"/>
<SP HEIGHT="72" WIDTH="39" VPOS="1817" HPOS="1325"/>
<String CONTENT="by" HEIGHT="71" WIDTH="86" VPOS="1818" HPOS="1365"/>
<SP HEIGHT="71" WIDTH="28" VPOS="1818" HPOS="1452"/>
<String CONTENT="Joseph" HEIGHT="71" WIDTH="243" VPOS="1818" HPOS="1481"/>
<SP HEIGHT="55" WIDTH="31" VPOS="1819" HPOS="1725"/>
<String CONTENT="A." HEIGHT="55" WIDTH="75" VPOS="1819" HPOS="1757"/>
<SP HEIGHT="59" WIDTH="37" VPOS="1818" HPOS="1833"/>
<String CONTENT="Gray" HEIGHT="73" WIDTH="176" VPOS="1818" HPOS="1871"/>
<SP HEIGHT="52" WIDTH="34" VPOS="1839" HPOS="2048"/>
<String CS="1" CONTENT="&#8230;"/>
<SP HEIGHT="37" WIDTH="76" VPOS="1840" HPOS="2145"/>
<String CONTENT="v." HEIGHT="37" WIDTH="57" VPOS="1840" HPOS="2222"/>
<SP HEIGHT="55" WIDTH="34" VPOS="1822" HPOS="2280"/>
<String CONTENT="4." HEIGHT="54" WIDTH="51" VPOS="1822" HPOS="2315"/>
</TextLine>
<TextLine HEIGHT="76" WIDTH="2013" VPOS="1896" HPOS="356" STYLEREFS="StyleId-3BED00B7-A10E-48F0-93BD-6CEEB2046549-">
<String CONTENT="Negligence-Services." HEIGHT="74" WIDTH="732" VPOS="1897" HPOS="356"/>
<SP HEIGHT="57" WIDTH="85" VPOS="1896" HPOS="1089"/>
<String CONTENT="New" HEIGHT="57" WIDTH="154" VPOS="1896" HPOS="1175"/>
<SP HEIGHT="57" WIDTH="33" VPOS="1896" HPOS="1330"/>
<String CONTENT="York," HEIGHT="73" WIDTH="190" VPOS="1896" HPOS="1364"/>
<SP HEIGHT="73" WIDTH="38" VPOS="1896" HPOS="1555"/>
<String CONTENT="Baker," HEIGHT="74" WIDTH="227" VPOS="1896" HPOS="1594"/>
<SP HEIGHT="73" WIDTH="37" VPOS="1897" HPOS="1822"/>
<String CONTENT="Voorhis" HEIGHT="59" WIDTH="275" VPOS="1897" HPOS="1860"/>
<SP HEIGHT="58" WIDTH="38" VPOS="1898" HPOS="2136"/>
<String CONTENT="&amp;" HEIGHT="57" WIDTH="48" VPOS="1898" HPOS="2175"/>
<SP HEIGHT="58" WIDTH="37" VPOS="1898" HPOS="2224"/>
<String CONTENT="co.," HEIGHT="55" WIDTH="107" VPOS="1917" HPOS="2262"/>
</TextLine>
<TextLine HEIGHT="56" WIDTH="165" VPOS="1978" HPOS="357" STYLEREFS="StyleId-3BED00B7-A10E-48F0-93BD-6CEEB2046549-">
<String CONTENT="1925." HEIGHT="56" WIDTH="165" VPOS="1978" HPOS="357"/>
</TextLine>
<TextLine HEIGHT="56" WIDTH="626" VPOS="2051" HPOS="423" CS="1">
<String CONTENT="vi," HEIGHT="51" WIDTH="59" VPOS="2056" HPOS="423"/>
<SP HEIGHT="51" WIDTH="30" VPOS="2056" HPOS="483"/>
<String CONTENT="2937-3917" HEIGHT="45" WIDTH="252" VPOS="2054" HPOS="514"/>
<SP HEIGHT="51" WIDTH="30" VPOS="2055" HPOS="767"/>
<String CONTENT="p." HEIGHT="38" WIDTH="40" VPOS="2068" HPOS="798"/>
<SP HEIGHT="44" WIDTH="58" VPOS="2053" HPOS="839"/>
<String CS="1" CONTENT="25&#189;" HEIGHT="45" WIDTH="52" VPOS="2051" HPOS="898"/>
<String STYLE="superscript" CONTENT="cm" HEIGHT="18" WIDTH="47" VPOS="2056" HPOS="988"/>
<String CONTENT="." HEIGHT="8" WIDTH="8" VPOS="2089" HPOS="1041"/>
</TextLine>
<TextLine HEIGHT="56" WIDTH="1900" VPOS="2108" HPOS="356">
<String CONTENT="&#169;" HEIGHT="53" WIDTH="53" VPOS="2111" HPOS="356"/>
<SP HEIGHT="53" WIDTH="30" VPOS="2111" HPOS="410"/>
<String CONTENT="Oct." HEIGHT="43" WIDTH="102" VPOS="2113" HPOS="441"/>
<SP HEIGHT="43" WIDTH="26" VPOS="2113" HPOS="544"/>
<String CONTENT="26," HEIGHT="52" WIDTH="68" VPOS="2111" HPOS="571"/>
<SP HEIGHT="49" WIDTH="35" VPOS="2114" HPOS="640"/>
<String CONTENT="1925;" HEIGHT="52" WIDTH="129" VPOS="2110" HPOS="676"/>
<SP HEIGHT="51" WIDTH="29" VPOS="2111" HPOS="806"/>
<String CONTENT="2c." HEIGHT="42" WIDTH="66" VPOS="2111" HPOS="836"/>
<SP HEIGHT="29" WIDTH="31" VPOS="2124" HPOS="903"/>
<String CONTENT="and" HEIGHT="42" WIDTH="87" VPOS="2111" HPOS="935"/>
<SP HEIGHT="42" WIDTH="28" VPOS="2111" HPOS="1023"/>
<String CONTENT="aff." HEIGHT="43" WIDTH="79" VPOS="2111" HPOS="1052"/>
<SP HEIGHT="43" WIDTH="30" VPOS="2111" HPOS="1132"/>
<String CONTENT="Dec." HEIGHT="42" WIDTH="109" VPOS="2111" HPOS="1163"/>
<SP HEIGHT="45" WIDTH="32" VPOS="2108" HPOS="1273"/>
<String CONTENT="5;" HEIGHT="54" WIDTH="48" VPOS="2108" HPOS="1306"/>
<SP HEIGHT="51" WIDTH="33" VPOS="2111" HPOS="1355"/>
<!-- cceid 365C1E7F-6DD5-1014-B757-AF09C522E301 --><String CONTENT="A" HEIGHT="41" WIDTH="44" VPOS="2111" HPOS="1389"/>
<SP HEIGHT="43" WIDTH="30" VPOS="2110" HPOS="1434"/>
<String CONTENT="875360;" HEIGHT="55" WIDTH="190" VPOS="2108" HPOS="1465"/>
<SP HEIGHT="51" WIDTH="35" VPOS="2112" HPOS="1656"/>
<String CONTENT="Baker," HEIGHT="51" WIDTH="163" VPOS="2112" HPOS="1692"/>
<SP HEIGHT="51" WIDTH="32" VPOS="2112" HPOS="1856"/>
<String CONTENT="Voorhis" HEIGHT="45" WIDTH="200" VPOS="2111" HPOS="1889"/>
<SP HEIGHT="43" WIDTH="31" VPOS="2113" HPOS="2090"/>
<String CONTENT="&amp;" HEIGHT="43" WIDTH="38" VPOS="2113" HPOS="2122"/>
<SP HEIGHT="43" WIDTH="29" VPOS="2113" HPOS="2161"/>
<String CONTENT="co." HEIGHT="28" WIDTH="65" VPOS="2127" HPOS="2191"/>
</TextLine>
<TextLine HEIGHT="73" WIDTH="760" VPOS="2180" HPOS="357" STYLEREFS="StyleId-75FABCFF-DF51-4ACC-A171-E1219CA1905B-">
<String CONTENT="Havard," HEIGHT="71" WIDTH="282" VPOS="2182" HPOS="357"/>
<SP HEIGHT="71" WIDTH="37" VPOS="2182" HPOS="640"/>
<String CONTENT="Aline," HEIGHT="73" WIDTH="205" VPOS="2180" HPOS="678"/>
<SP HEIGHT="69" WIDTH="41" VPOS="2184" HPOS="884"/>
<String CONTENT="1889-" HEIGHT="57" WIDTH="191" VPOS="2183" HPOS="926"/>
</TextLine>
<TextLine HEIGHT="73" WIDTH="1866" VPOS="2257" HPOS="500" STYLEREFS="StyleId-3BED00B7-A10E-48F0-93BD-6CEEB2046549-" CS="1">
<String CS="1" CONTENT="&#8230;"/>
<SP HEIGHT="59" WIDTH="33" VPOS="2259" HPOS="500"/>
<String CONTENT="Settlers" HEIGHT="59" WIDTH="268" VPOS="2259" HPOS="534"/>
<SP HEIGHT="39" WIDTH="26" VPOS="2278" HPOS="803"/>
<String CONTENT="of" HEIGHT="58" WIDTH="70" VPOS="2258" HPOS="830"/>
<SP HEIGHT="57" WIDTH="19" VPOS="2258" HPOS="901"/>
<String CONTENT="the" HEIGHT="58" WIDTH="106" VPOS="2258" HPOS="921"/>
<SP HEIGHT="38" WIDTH="22" VPOS="2278" HPOS="1028"/>
<String CONTENT="wilderness," HEIGHT="72" WIDTH="388" VPOS="2258" HPOS="1051"/>
<SP HEIGHT="72" WIDTH="22" VPOS="2258" HPOS="1440"/>
<String CONTENT="by" HEIGHT="72" WIDTH="84" VPOS="2258" HPOS="1463"/>
<SP HEIGHT="71" WIDTH="23" VPOS="2259" HPOS="1548"/>
<String CONTENT="Aline" HEIGHT="60" WIDTH="187" VPOS="2257" HPOS="1572"/>
<SP HEIGHT="59" WIDTH="23" VPOS="2258" HPOS="1760"/>
<String CONTENT="Havard" HEIGHT="59" WIDTH="267" VPOS="2258" HPOS="1784"/>
<SP HEIGHT="56" WIDTH="27" VPOS="2261" HPOS="2052"/>
<String CS="1" CONTENT="&#8230;"/>
<SP HEIGHT="58" WIDTH="69" VPOS="2259" HPOS="2144"/>
<String CONTENT="New" HEIGHT="58" WIDTH="152" VPOS="2259" HPOS="2214"/>
</TextLine>
<TextLine HEIGHT="79" WIDTH="1074" VPOS="2335" HPOS="353" STYLEREFS="StyleId-3BED00B7-A10E-48F0-93BD-6CEEB2046549-">
<String CONTENT="York," HEIGHT="76" WIDTH="192" VPOS="2338" HPOS="353"/>
<SP HEIGHT="76" WIDTH="31" VPOS="2338" HPOS="546"/>
<String CONTENT="C." HEIGHT="59" WIDTH="63" VPOS="2338" HPOS="578"/>
<SP HEIGHT="59" WIDTH="34" VPOS="2337" HPOS="642"/>
<String CONTENT="Scribner&#8217;s" HEIGHT="61" WIDTH="357" VPOS="2335" HPOS="677"/>
<SP HEIGHT="38" WIDTH="31" VPOS="2357" HPOS="1035"/>
<String CONTENT="sons," HEIGHT="54" WIDTH="164" VPOS="2355" HPOS="1067"/>
<SP HEIGHT="70" WIDTH="29" VPOS="2339" HPOS="1232"/>
<String CONTENT="1925." HEIGHT="56" WIDTH="165" VPOS="2337" HPOS="1262"/>
</TextLine>
<TextLine HEIGHT="112" WIDTH="1989" VPOS="2415" HPOS="354" CS="1">
<String CONTENT="5" HEIGHT="46" WIDTH="23" VPOS="2416" HPOS="426"/>
<SP HEIGHT="56" WIDTH="24" VPOS="2416" HPOS="450"/>
<String LANG="la" CONTENT="p." HEIGHT="38" WIDTH="40" VPOS="2434" HPOS="475"/>
<SP/>
<String LANG="la" CS="1" CONTENT="l.,"/>
<SP HEIGHT="49" WIDTH="23" VPOS="2419" HPOS="584"/>
<String CONTENT="305" HEIGHT="44" WIDTH="79" VPOS="2417" HPOS="608"/>
<SP HEIGHT="53" WIDTH="24" VPOS="2417" HPOS="688"/>
<String CONTENT="p." HEIGHT="38" WIDTH="40" VPOS="2432" HPOS="713"/>
<SP HEIGHT="43" WIDTH="61" VPOS="2416" HPOS="754"/>
<String CONTENT="front.," HEIGHT="51" WIDTH="151" VPOS="2416" HPOS="816"/>
<SP HEIGHT="38" WIDTH="25" VPOS="2431" HPOS="968"/>
<String CONTENT="plates." HEIGHT="54" WIDTH="157" VPOS="2415" HPOS="994"/>
<SP HEIGHT="41" WIDTH="63" VPOS="2418" HPOS="1152"/>
<String CS="1" CONTENT="19&#189;" HEIGHT="43" WIDTH="26" VPOS="2416" HPOS="1239"/>
<String STYLE="superscript" CS="1" CONTENT="cm" HEIGHT="18" WIDTH="27" VPOS="2417" HPOS="1319"/>
<String CONTENT="." HEIGHT="7" WIDTH="7" VPOS="2451" HPOS="1354"/>
<SP HEIGHT="54" WIDTH="70" VPOS="2415" HPOS="1362"/>
<String CONTENT="(Lettered" HEIGHT="54" WIDTH="239" VPOS="2415" HPOS="1433"/>
<SP HEIGHT="46" WIDTH="24" VPOS="2415" HPOS="1673"/>
<String CONTENT="on" HEIGHT="29" WIDTH="57" VPOS="2432" HPOS="1698"/>
<SP HEIGHT="29" WIDTH="24" VPOS="2431" HPOS="1756"/>
<String CONTENT="cover:" HEIGHT="30" WIDTH="159" VPOS="2431" HPOS="1781"/>
<SP HEIGHT="44" WIDTH="27" VPOS="2415" HPOS="1941"/>
<String CONTENT="The" HEIGHT="45" WIDTH="100" VPOS="2415" HPOS="1969"/>
<SP HEIGHT="38" WIDTH="21" VPOS="2431" HPOS="2070"/>
<String CONTENT="young" HEIGHT="38" WIDTH="153" VPOS="2431" HPOS="2092"/>
<SP HEIGHT="38" WIDTH="24" VPOS="2431" HPOS="2246"/>
<String CONTENT="pioneer" HEIGHT="104" WIDTH="1989" VPOS="2416" HPOS="354"/>
<SP HEIGHT="28" WIDTH="22" VPOS="2490" HPOS="462"/>
<String CONTENT="series)" HEIGHT="53" WIDTH="166" VPOS="2474" HPOS="485"/>
</TextLine>
<TextLine HEIGHT="56" WIDTH="2011" VPOS="2528" HPOS="356" STYLEREFS="StyleId-C39EFEB6-FC9C-4201-AFB8-596542F8DCB9-">
<String CONTENT="&#169;" HEIGHT="53" WIDTH="53" VPOS="2531" HPOS="356"/>
<SP HEIGHT="53" WIDTH="37" VPOS="2531" HPOS="410"/>
<String CONTENT="Sept." HEIGHT="52" WIDTH="120" VPOS="2532" HPOS="448"/>
<SP HEIGHT="43" WIDTH="32" VPOS="2531" HPOS="569"/>
<String CONTENT="25," HEIGHT="53" WIDTH="69" VPOS="2529" HPOS="602"/>
<SP HEIGHT="49" WIDTH="37" VPOS="2533" HPOS="672"/>
<String CONTENT="1925;" HEIGHT="53" WIDTH="130" VPOS="2529" HPOS="710"/>
<SP HEIGHT="53" WIDTH="33" VPOS="2529" HPOS="841"/>
<String CONTENT="2c." HEIGHT="44" WIDTH="65" VPOS="2529" HPOS="875"/>
<SP HEIGHT="43" WIDTH="36" VPOS="2531" HPOS="941"/>
<String CONTENT="Oct." HEIGHT="43" WIDTH="101" VPOS="2531" HPOS="978"/>
<SP HEIGHT="42" WIDTH="38" VPOS="2530" HPOS="1080"/>
<String CONTENT="14;" HEIGHT="51" WIDTH="74" VPOS="2530" HPOS="1119"/>
<SP HEIGHT="38" WIDTH="36" VPOS="2543" HPOS="1194"/>
<String CONTENT="aff." HEIGHT="42" WIDTH="79" VPOS="2530" HPOS="1231"/>
<SP HEIGHT="43" WIDTH="36" VPOS="2530" HPOS="1311"/>
<String CONTENT="Oct." HEIGHT="43" WIDTH="102" VPOS="2530" HPOS="1348"/>
<SP HEIGHT="43" WIDTH="35" VPOS="2529" HPOS="1451"/>
<String CONTENT="2;" HEIGHT="53" WIDTH="50" VPOS="2529" HPOS="1487"/>
<SP HEIGHT="53" WIDTH="36" VPOS="2529" HPOS="1538"/>
<!-- cceid 365C4D51-6DD5-1014-B757-AF09C522E301 --><String CONTENT="A" HEIGHT="43" WIDTH="45" VPOS="2529" HPOS="1575"/>
<SP HEIGHT="43" WIDTH="35" VPOS="2529" HPOS="1621"/>
<String CONTENT="868699;" HEIGHT="53" WIDTH="189" VPOS="2529" HPOS="1657"/>
<SP HEIGHT="54" WIDTH="41" VPOS="2528" HPOS="1847"/>
<String CONTENT="Charles" HEIGHT="45" WIDTH="187" VPOS="2528" HPOS="1889"/>
<SP HEIGHT="46" WIDTH="39" VPOS="2530" HPOS="2077"/>
<String CONTENT="Scribner&#8217;s" HEIGHT="47" WIDTH="250" VPOS="2529" HPOS="2117"/>
</TextLine>
<TextLine HEIGHT="57" WIDTH="461" VPOS="2586" HPOS="428" STYLEREFS="StyleId-C39EFEB6-FC9C-4201-AFB8-596542F8DCB9-">
<String CONTENT="sons." HEIGHT="30" WIDTH="117" VPOS="2603" HPOS="428"/>
<SP HEIGHT="54" WIDTH="69" VPOS="2589" HPOS="546"/>
<String CONTENT="(25-21267)" HEIGHT="57" WIDTH="273" VPOS="2586" HPOS="616"/>
</TextLine>
<TextLine HEIGHT="72" WIDTH="444" VPOS="2659" HPOS="359" STYLEREFS="StyleId-09B8D381-E7FE-4442-B440-6ED42E0393B9-">
<String CONTENT="Hawk," HEIGHT="72" WIDTH="221" VPOS="2659" HPOS="359"/>
<SP HEIGHT="71" WIDTH="35" VPOS="2660" HPOS="581"/>
<String CONTENT="John." HEIGHT="57" WIDTH="186" VPOS="2660" HPOS="617"/>
</TextLine>
<TextLine HEIGHT="76" WIDTH="1931" VPOS="2737" HPOS="438" STYLEREFS="StyleId-B85C73C8-02A1-4B83-B3C6-510CAD33D304-" CS="1">
<String CONTENT="The" HEIGHT="57" WIDTH="129" VPOS="2739" HPOS="438"/>
<SP HEIGHT="57" WIDTH="44" VPOS="2739" HPOS="568"/>
<String CONTENT="Lone" HEIGHT="56" WIDTH="169" VPOS="2739" HPOS="613"/>
<SP HEIGHT="57" WIDTH="44" VPOS="2738" HPOS="783"/>
<String CONTENT="Lodge" HEIGHT="71" WIDTH="212" VPOS="2738" HPOS="828"/>
<SP HEIGHT="37" WIDTH="42" VPOS="2757" HPOS="1041"/>
<String CONTENT="mystery," HEIGHT="71" WIDTH="302" VPOS="2739" HPOS="1084"/>
<SP HEIGHT="37" WIDTH="84" VPOS="2756" HPOS="1387"/>
<String CONTENT="chap." HEIGHT="71" WIDTH="176" VPOS="2737" HPOS="1472"/>
<SP HEIGHT="54" WIDTH="49" VPOS="2739" HPOS="1649"/>
<String CONTENT="14" HEIGHT="54" WIDTH="71" VPOS="2739" HPOS="1699"/>
<SP HEIGHT="72" WIDTH="54" VPOS="2737" HPOS="1771"/>
<String CONTENT="(contd.)-17." HEIGHT="73" WIDTH="405" VPOS="2737" HPOS="1826"/>
<SP HEIGHT="43" WIDTH="86" VPOS="2770" HPOS="2232"/>
<String CONTENT="[6" HEIGHT="73" WIDTH="50" VPOS="2740" HPOS="2319"/>
</TextLine>
<TextLine HEIGHT="73" WIDTH="420" VPOS="2818" HPOS="356" STYLEREFS="StyleId-B85C73C8-02A1-4B83-B3C6-510CAD33D304-">
<String CONTENT="instalments]" HEIGHT="73" WIDTH="420" VPOS="2818" HPOS="356"/>
</TextLine>
<TextLine HEIGHT="52" WIDTH="628" VPOS="2894" HPOS="452" STYLEREFS="StyleId-D6160448-C29B-4B5B-B4D4-A3238A8D0511-" CS="1">
<String CS="1" CONTENT="(In" HEIGHT="39" WIDTH="60" VPOS="2899" HPOS="452"/>
<SP HEIGHT="41" WIDTH="29" VPOS="2897" HPOS="513"/>
<String CONTENT="London" HEIGHT="40" WIDTH="187" VPOS="2897" HPOS="543"/>
<SP HEIGHT="40" WIDTH="31" VPOS="2896" HPOS="731"/>
<String CONTENT="Daily" HEIGHT="52" WIDTH="142" VPOS="2894" HPOS="763"/>
<SP HEIGHT="50" WIDTH="31" VPOS="2896" HPOS="906"/>
<String CONTENT="Mail)" HEIGHT="51" WIDTH="142" VPOS="2895" HPOS="938"/>
</TextLine>
<TextLine HEIGHT="57" WIDTH="2010" VPOS="2947" HPOS="357" STYLEREFS="StyleId-C39EFEB6-FC9C-4201-AFB8-596542F8DCB9-" CS="1">
<String CONTENT="&#169;" HEIGHT="53" WIDTH="53" VPOS="2951" HPOS="357"/>
<SP HEIGHT="53" WIDTH="43" VPOS="2951" HPOS="411"/>
<String CS="1" CONTENT="1c." HEIGHT="27" WIDTH="36" VPOS="2967" HPOS="479"/>
<SP HEIGHT="27" WIDTH="41" VPOS="2967" HPOS="516"/>
<String CONTENT="each" HEIGHT="44" WIDTH="109" VPOS="2950" HPOS="558"/>
<SP HEIGHT="42" WIDTH="40" VPOS="2950" HPOS="668"/>
<String CONTENT="Nov." HEIGHT="44" WIDTH="119" VPOS="2950" HPOS="709"/>
<SP HEIGHT="40" WIDTH="45" VPOS="2952" HPOS="829"/>
<String CONTENT="14," HEIGHT="49" WIDTH="63" VPOS="2951" HPOS="875"/>
<SP HEIGHT="48" WIDTH="43" VPOS="2952" HPOS="939"/>
<String CONTENT="1925;" HEIGHT="52" WIDTH="131" VPOS="2949" HPOS="983"/>
<SP HEIGHT="51" WIDTH="41" VPOS="2950" HPOS="1115"/>
<!-- cceid 365C7D39-6DD5-1014-B757-AF09C522E301 --><String CONTENT="A" HEIGHT="42" WIDTH="44" VPOS="2950" HPOS="1157"/>
<SP HEIGHT="42" WIDTH="41" VPOS="2950" HPOS="1202"/>
<String CONTENT="ad" HEIGHT="43" WIDTH="57" VPOS="2950" HPOS="1244"/>
<SP HEIGHT="45" WIDTH="39" VPOS="2948" HPOS="1302"/>
<String CONTENT="int." HEIGHT="45" WIDTH="77" VPOS="2948" HPOS="1342"/>
<SP HEIGHT="44" WIDTH="43" VPOS="2948" HPOS="1420"/>
<String CONTENT="7454;" HEIGHT="54" WIDTH="133" VPOS="2947" HPOS="1464"/>
<SP HEIGHT="37" WIDTH="44" VPOS="2964" HPOS="1598"/>
<String CONTENT="pubd." HEIGHT="52" WIDTH="131" VPOS="2949" HPOS="1643"/>
<SP HEIGHT="48" WIDTH="46" VPOS="2948" HPOS="1775"/>
<String CONTENT="Sept." HEIGHT="54" WIDTH="121" VPOS="2948" HPOS="1822"/>
<SP HEIGHT="40" WIDTH="46" VPOS="2952" HPOS="1944"/>
<String CONTENT="16-19," HEIGHT="51" WIDTH="147" VPOS="2950" HPOS="1991"/>
<SP HEIGHT="51" WIDTH="38" VPOS="2950" HPOS="2139"/>
<String CONTENT="21," HEIGHT="52" WIDTH="69" VPOS="2950" HPOS="2178"/>
<SP HEIGHT="52" WIDTH="40" VPOS="2950" HPOS="2248"/>
<String CONTENT="22;" HEIGHT="53" WIDTH="78" VPOS="2950" HPOS="2289"/>
</TextLine>
<TextLine HEIGHT="57" WIDTH="1121" VPOS="3004" HPOS="427" STYLEREFS="StyleId-C39EFEB6-FC9C-4201-AFB8-596542F8DCB9-" CS="1">
<String LANG="en-US" CONTENT="J." HEIGHT="52" WIDTH="40" VPOS="3009" HPOS="427"/>
<SP HEIGHT="44" WIDTH="32" VPOS="3008" HPOS="468"/>
<String LANG="en-US" CONTENT="Hawk," HEIGHT="50" WIDTH="168" VPOS="3008" HPOS="501"/>
<SP HEIGHT="54" WIDTH="31" VPOS="3004" HPOS="670"/>
<String LANG="en-US" CS="1" CONTENT="&#8453;"/>
<SP HEIGHT="47" WIDTH="30" VPOS="3004" HPOS="753"/>
<String LANG="en-US" CONTENT="Andrew" HEIGHT="44" WIDTH="205" VPOS="3007" HPOS="784"/>
<SP HEIGHT="44" WIDTH="30" VPOS="3007" HPOS="990"/>
<String LANG="en-US" CONTENT="H." HEIGHT="43" WIDTH="62" VPOS="3007" HPOS="1021"/>
<SP HEIGHT="43" WIDTH="32" VPOS="3007" HPOS="1084"/>
<String LANG="de" CONTENT="Dakers," HEIGHT="51" WIDTH="195" VPOS="3007" HPOS="1117"/>
<SP HEIGHT="52" WIDTH="30" VPOS="3006" HPOS="1313"/>
<String LANG="en-US" CONTENT="London." HEIGHT="44" WIDTH="204" VPOS="3006" HPOS="1344"/>
</TextLine>
<TextLine HEIGHT="75" WIDTH="1178" VPOS="3076" HPOS="360" STYLEREFS="StyleId-75FABCFF-DF51-4ACC-A171-E1219CA1905B-" CS="1">
<String CONTENT="[Hubbard" HEIGHT="73" WIDTH="329" VPOS="3077" HPOS="360"/>
<SP HEIGHT="58" WIDTH="36" VPOS="3077" HPOS="690"/>
<String CONTENT="Clarence" HEIGHT="58" WIDTH="296" VPOS="3076" HPOS="727"/>
<SP HEIGHT="58" WIDTH="40" VPOS="3077" HPOS="1024"/>
<String CONTENT="Custer]" HEIGHT="74" WIDTH="240" VPOS="3077" HPOS="1065"/>
<SP/>
<String CONTENT="1879-" HEIGHT="57" WIDTH="191" VPOS="3078" HPOS="1347"/>
</TextLine>
<TextLine HEIGHT="155" WIDTH="1991" VPOS="3154" HPOS="357" STYLEREFS="StyleId-3BED00B7-A10E-48F0-93BD-6CEEB2046549-" CS="1">
<String CONTENT="The" HEIGHT="58" WIDTH="130" VPOS="3156" HPOS="436"/>
<SP HEIGHT="58" WIDTH="27" VPOS="3156" HPOS="567"/>
<String CONTENT="instructor" HEIGHT="58" WIDTH="348" VPOS="3156" HPOS="595"/>
<SP HEIGHT="58" WIDTH="25" VPOS="3155" HPOS="944"/>
<String CONTENT="in" HEIGHT="58" WIDTH="67" VPOS="3155" HPOS="970"/>
<SP HEIGHT="53" WIDTH="28" VPOS="3175" HPOS="1038"/>
<String CONTENT="garment" HEIGHT="70" WIDTH="290" VPOS="3158" HPOS="1067"/>
<SP HEIGHT="55" WIDTH="28" VPOS="3158" HPOS="1358"/>
<String CONTENT="cleaning." HEIGHT="74" WIDTH="303" VPOS="3154" HPOS="1387"/>
<SP HEIGHT="44" WIDTH="85" VPOS="3184" HPOS="1691"/>
<String CONTENT="[Saint" HEIGHT="74" WIDTH="203" VPOS="3154" HPOS="1777"/>
<SP HEIGHT="61" WIDTH="26" VPOS="3155" HPOS="1981"/>
<String CONTENT="Louis," HEIGHT="74" WIDTH="211" VPOS="3154" HPOS="2008"/>
<SP HEIGHT="72" WIDTH="29" VPOS="3156" HPOS="2220"/>
<String CONTENT="National" HEIGHT="138" WIDTH="1991" VPOS="3156" HPOS="357"/>
<SP HEIGHT="55" WIDTH="32" VPOS="3239" HPOS="556"/>
<String CONTENT="association" HEIGHT="59" WIDTH="383" VPOS="3234" HPOS="589"/>
<SP HEIGHT="38" WIDTH="32" VPOS="3253" HPOS="973"/>
<String CONTENT="of" HEIGHT="58" WIDTH="69" VPOS="3233" HPOS="1006"/>
<SP HEIGHT="57" WIDTH="30" VPOS="3233" HPOS="1076"/>
<String CONTENT="dyers" HEIGHT="72" WIDTH="187" VPOS="3234" HPOS="1107"/>
<SP HEIGHT="39" WIDTH="35" VPOS="3253" HPOS="1295"/>
<String CONTENT="and" HEIGHT="57" WIDTH="125" VPOS="3235" HPOS="1331"/>
<SP HEIGHT="57" WIDTH="30" VPOS="3235" HPOS="1457"/>
<String CONTENT="cleaners," HEIGHT="73" WIDTH="299" VPOS="3234" HPOS="1488"/>
<SP HEIGHT="65" WIDTH="32" VPOS="3242" HPOS="1788"/>
<String STYLE="superscript" CONTENT="c" HEIGHT="22" WIDTH="19" VPOS="3242" HPOS="1821"/>
<String CONTENT="1924]" HEIGHT="75" WIDTH="165" VPOS="3234" HPOS="1845"/>
</TextLine>
<TextLine HEIGHT="56" WIDTH="618" VPOS="3311" HPOS="428" CS="1">
<String LANG="en-US" CONTENT="8" HEIGHT="43" WIDTH="23" VPOS="3314" HPOS="428"/>
<SP HEIGHT="53" WIDTH="29" VPOS="3314" HPOS="452"/>
<String LANG="la" CONTENT="p." HEIGHT="38" WIDTH="41" VPOS="3329" HPOS="482"/>
<SP/>
<String LANG="la" CS="1" CONTENT="l.,"/>
<SP HEIGHT="55" WIDTH="29" VPOS="3311" HPOS="597"/>
<String LANG="en-US" CONTENT="5-318" HEIGHT="46" WIDTH="135" VPOS="3311" HPOS="627"/>
<SP HEIGHT="52" WIDTH="29" VPOS="3313" HPOS="763"/>
<String LANG="en-US" CONTENT="p." HEIGHT="38" WIDTH="40" VPOS="3327" HPOS="793"/>
<SP HEIGHT="42" WIDTH="58" VPOS="3313" HPOS="834"/>
<String LANG="en-US" CS="1" CONTENT="23&#189;" HEIGHT="43" WIDTH="52" VPOS="3313" HPOS="893"/>
<String STYLE="superscript" LANG="en-US" CONTENT="cm" HEIGHT="18" WIDTH="47" VPOS="3314" HPOS="983"/>
<String LANG="en-US" CONTENT="." HEIGHT="9" WIDTH="9" VPOS="3347" HPOS="1037"/>
</TextLine>
<TextLine HEIGHT="56" WIDTH="2011" VPOS="3367" HPOS="359">
<String CONTENT="&#169;" HEIGHT="53" WIDTH="53" VPOS="3370" HPOS="359"/>
<SP HEIGHT="53" WIDTH="33" VPOS="3370" HPOS="413"/>
<String CONTENT="Jan." HEIGHT="51" WIDTH="99" VPOS="3372" HPOS="447"/>
<SP HEIGHT="41" WIDTH="37" VPOS="3373" HPOS="547"/>
<String CONTENT="15," HEIGHT="53" WIDTH="62" VPOS="3369" HPOS="585"/>
<SP HEIGHT="50" WIDTH="37" VPOS="3372" HPOS="648"/>
<String CONTENT="1925;" HEIGHT="54" WIDTH="130" VPOS="3368" HPOS="686"/>
<SP HEIGHT="52" WIDTH="34" VPOS="3370" HPOS="817"/>
<String CONTENT="2c." HEIGHT="42" WIDTH="64" VPOS="3370" HPOS="852"/>
<SP HEIGHT="27" WIDTH="35" VPOS="3385" HPOS="917"/>
<String CONTENT="and" HEIGHT="42" WIDTH="87" VPOS="3370" HPOS="953"/>
<SP HEIGHT="42" WIDTH="32" VPOS="3370" HPOS="1041"/>
<String CONTENT="aff." HEIGHT="42" WIDTH="79" VPOS="3370" HPOS="1074"/>
<SP HEIGHT="43" WIDTH="37" VPOS="3370" HPOS="1154"/>
<String CONTENT="Oct." HEIGHT="43" WIDTH="101" VPOS="3370" HPOS="1192"/>
<SP HEIGHT="41" WIDTH="38" VPOS="3371" HPOS="1294"/>
<String CONTENT="15" HEIGHT="45" WIDTH="47" VPOS="3367" HPOS="1333"/>
<SP HEIGHT="53" WIDTH="17" VPOS="3367" HPOS="1381"/>
<String CONTENT=";" HEIGHT="37" WIDTH="9" VPOS="3383" HPOS="1399"/>
<SP HEIGHT="51" WIDTH="36" VPOS="3369" HPOS="1409"/>
<!-- cceid 365CAE2A-6DD5-1014-B757-AF09C522E301 --><String CONTENT="A" HEIGHT="42" WIDTH="44" VPOS="3369" HPOS="1446"/>
<SP HEIGHT="43" WIDTH="35" VPOS="3369" HPOS="1491"/>
<String CONTENT="869491;" HEIGHT="51" WIDTH="190" VPOS="3369" HPOS="1527"/>
<SP HEIGHT="51" WIDTH="38" VPOS="3369" HPOS="1718"/>
<String CONTENT="National" HEIGHT="45" WIDTH="220" VPOS="3367" HPOS="1757"/>
<SP HEIGHT="44" WIDTH="34" VPOS="3368" HPOS="1978"/>
<String CONTENT="association" HEIGHT="45" WIDTH="271" VPOS="3368" HPOS="2013"/>
<SP HEIGHT="29" WIDTH="34" VPOS="3384" HPOS="2285"/>
<String CONTENT="of" HEIGHT="45" WIDTH="50" VPOS="3368" HPOS="2320"/>
</TextLine>
<TextLine HEIGHT="57" WIDTH="1207" VPOS="3423" HPOS="429">
<String CONTENT="dyers" HEIGHT="51" WIDTH="134" VPOS="3429" HPOS="429"/>
<SP HEIGHT="28" WIDTH="35" VPOS="3442" HPOS="564"/>
<String CONTENT="and" HEIGHT="43" WIDTH="88" VPOS="3427" HPOS="600"/>
<SP HEIGHT="43" WIDTH="32" VPOS="3427" HPOS="689"/>
<String CONTENT="cleaners," HEIGHT="51" WIDTH="216" VPOS="3427" HPOS="722"/>
<SP HEIGHT="51" WIDTH="34" VPOS="3427" HPOS="939"/>
<String CONTENT="Washington." HEIGHT="52" WIDTH="320" VPOS="3425" HPOS="974"/>
<SP HEIGHT="52" WIDTH="69" VPOS="3426" HPOS="1295"/>
<String CONTENT="(25-20966)" HEIGHT="56" WIDTH="271" VPOS="3423" HPOS="1365"/>
</TextLine>
<TextLine HEIGHT="75" WIDTH="998" VPOS="3495" HPOS="360" STYLEREFS="StyleId-75FABCFF-DF51-4ACC-A171-E1219CA1905B-">
<String CONTENT="Hughes," HEIGHT="73" WIDTH="278" VPOS="3497" HPOS="360"/>
<SP HEIGHT="69" WIDTH="40" VPOS="3497" HPOS="639"/>
<String CONTENT="Ray" HEIGHT="73" WIDTH="139" VPOS="3497" HPOS="680"/>
<SP HEIGHT="74" WIDTH="38" VPOS="3496" HPOS="820"/>
<String CONTENT="Osgood," HEIGHT="74" WIDTH="267" VPOS="3495" HPOS="859"/>
<SP HEIGHT="68" WIDTH="40" VPOS="3499" HPOS="1127"/>
<String CONTENT="1879-" HEIGHT="58" WIDTH="190" VPOS="3498" HPOS="1168"/>
</TextLine>
<TextLine HEIGHT="73" WIDTH="1934" VPOS="3573" HPOS="439" STYLEREFS="StyleId-3BED00B7-A10E-48F0-93BD-6CEEB2046549-" CS="1">
<String CONTENT="Community" HEIGHT="70" WIDTH="402" VPOS="3576" HPOS="439"/>
<SP HEIGHT="52" WIDTH="35" VPOS="3594" HPOS="842"/>
<String CONTENT="civics," HEIGHT="71" WIDTH="207" VPOS="3575" HPOS="878"/>
<SP HEIGHT="71" WIDTH="35" VPOS="3575" HPOS="1086"/>
<String CONTENT="by" HEIGHT="71" WIDTH="84" VPOS="3575" HPOS="1122"/>
<SP HEIGHT="71" WIDTH="35" VPOS="3575" HPOS="1207"/>
<String CONTENT="R." HEIGHT="56" WIDTH="72" VPOS="3575" HPOS="1243"/>
<SP HEIGHT="59" WIDTH="42" VPOS="3573" HPOS="1316"/>
<String CONTENT="O." HEIGHT="59" WIDTH="66" VPOS="3573" HPOS="1359"/>
<SP HEIGHT="57" WIDTH="40" VPOS="3574" HPOS="1426"/>
<String CONTENT="Hughes" HEIGHT="72" WIDTH="260" VPOS="3574" HPOS="1467"/>
<SP HEIGHT="38" WIDTH="44" VPOS="3594" HPOS="1728"/>
<String CS="1" CONTENT="&#8230;"/>
<SP HEIGHT="58" WIDTH="86" VPOS="3574" HPOS="1835"/>
<String CONTENT="Boston," HEIGHT="72" WIDTH="260" VPOS="3574" HPOS="1922"/>
<SP HEIGHT="71" WIDTH="37" VPOS="3575" HPOS="2183"/>
<String CONTENT="New" HEIGHT="56" WIDTH="152" VPOS="3575" HPOS="2221"/>
</TextLine>
<TextLine HEIGHT="75" WIDTH="1203" VPOS="3652" HPOS="357" STYLEREFS="StyleId-3BED00B7-A10E-48F0-93BD-6CEEB2046549-">
<String CONTENT="York" HEIGHT="57" WIDTH="174" VPOS="3654" HPOS="357"/>
<SP HEIGHT="72" WIDTH="28" VPOS="3654" HPOS="532"/>
<String CONTENT="[etc.]" HEIGHT="71" WIDTH="147" VPOS="3656" HPOS="561"/>
<SP HEIGHT="73" WIDTH="28" VPOS="3654" HPOS="709"/>
<String CONTENT="Allyn" HEIGHT="72" WIDTH="194" VPOS="3653" HPOS="738"/>
<SP HEIGHT="38" WIDTH="26" VPOS="3672" HPOS="933"/>
<String CONTENT="and" HEIGHT="57" WIDTH="126" VPOS="3653" HPOS="960"/>
<SP HEIGHT="58" WIDTH="25" VPOS="3652" HPOS="1087"/>
<String CONTENT="Bacon" HEIGHT="57" WIDTH="214" VPOS="3652" HPOS="1113"/>
<SP HEIGHT="52" WIDTH="28" VPOS="3672" HPOS="1328"/>
<String CONTENT="[" HEIGHT="43" WIDTH="13" VPOS="3681" HPOS="1357"/>
<String STYLE="superscript" CONTENT="c" HEIGHT="21" WIDTH="17" VPOS="3660" HPOS="1373"/>
<String CONTENT="1925]" HEIGHT="73" WIDTH="165" VPOS="3652" HPOS="1395"/>
</TextLine>
<TextLine HEIGHT="57" WIDTH="1091" VPOS="3728" HPOS="428">
<String CONTENT="xxvii," HEIGHT="54" WIDTH="145" VPOS="3731" HPOS="428"/>
<SP HEIGHT="54" WIDTH="28" VPOS="3731" HPOS="574"/>
<String CONTENT="641" HEIGHT="44" WIDTH="79" VPOS="3731" HPOS="603"/>
<SP HEIGHT="53" WIDTH="31" VPOS="3732" HPOS="683"/>
<String CONTENT="p." HEIGHT="39" WIDTH="40" VPOS="3746" HPOS="715"/>
<SP HEIGHT="45" WIDTH="60" VPOS="3729" HPOS="756"/>
<String CONTENT="front.," HEIGHT="53" WIDTH="151" VPOS="3729" HPOS="817"/>
<SP HEIGHT="51" WIDTH="34" VPOS="3731" HPOS="969"/>
<String CONTENT="illus.," HEIGHT="56" WIDTH="131" VPOS="3728" HPOS="1004"/>
<SP HEIGHT="54" WIDTH="29" VPOS="3730" HPOS="1136"/>
<String CONTENT="diagrs." HEIGHT="54" WIDTH="171" VPOS="3730" HPOS="1166"/>
<SP HEIGHT="45" WIDTH="58" VPOS="3729" HPOS="1338"/>
<String CONTENT="20" HEIGHT="44" WIDTH="53" VPOS="3729" HPOS="1397"/>
<String STYLE="superscript" CONTENT="cm" HEIGHT="18" WIDTH="47" VPOS="3732" HPOS="1458"/>
<String CONTENT="." HEIGHT="7" WIDTH="8" VPOS="3765" HPOS="1511"/>
</TextLine>
<TextLine HEIGHT="53" WIDTH="1382" VPOS="3786" HPOS="430">
<String CONTENT="Lettered" HEIGHT="45" WIDTH="215" VPOS="3789" HPOS="430"/>
<SP HEIGHT="44" WIDTH="26" VPOS="3789" HPOS="646"/>
<String CONTENT="on" HEIGHT="28" WIDTH="58" VPOS="3804" HPOS="673"/>
<SP HEIGHT="28" WIDTH="27" VPOS="3804" HPOS="732"/>
<String CONTENT="cover:" HEIGHT="30" WIDTH="159" VPOS="3803" HPOS="760"/>
<SP HEIGHT="44" WIDTH="31" VPOS="3788" HPOS="920"/>
<String CONTENT="New" HEIGHT="43" WIDTH="117" VPOS="3788" HPOS="952"/>
<SP HEIGHT="29" WIDTH="28" VPOS="3803" HPOS="1070"/>
<String CONTENT="edition;" HEIGHT="53" WIDTH="193" VPOS="3786" HPOS="1099"/>
<SP HEIGHT="51" WIDTH="32" VPOS="3788" HPOS="1293"/>
<String CONTENT="New" HEIGHT="43" WIDTH="117" VPOS="3788" HPOS="1326"/>
<SP HEIGHT="43" WIDTH="27" VPOS="3787" HPOS="1444"/>
<String CONTENT="York" HEIGHT="44" WIDTH="131" VPOS="3787" HPOS="1472"/>
<SP HEIGHT="44" WIDTH="27" VPOS="3788" HPOS="1604"/>
<String CONTENT="edition." HEIGHT="45" WIDTH="180" VPOS="3788" HPOS="1632"/>
</TextLine>
<TextLine HEIGHT="56" WIDTH="674" VPOS="3844" HPOS="430">
<String CONTENT="Bibliography:" HEIGHT="55" WIDTH="357" VPOS="3845" HPOS="430"/>
<SP HEIGHT="38" WIDTH="34" VPOS="3860" HPOS="788"/>
<String CONTENT="p." HEIGHT="38" WIDTH="39" VPOS="3860" HPOS="823"/>
<SP HEIGHT="44" WIDTH="34" VPOS="3844" HPOS="863"/>
<String CONTENT="620-622." HEIGHT="44" WIDTH="206" VPOS="3844" HPOS="898"/>
</TextLine>
<TextLine HEIGHT="114" WIDTH="1984" VPOS="3899" HPOS="360" CS="1">
<String CONTENT="&#169;" HEIGHT="53" WIDTH="53" VPOS="3904" HPOS="360"/>
<SP HEIGHT="53" WIDTH="29" VPOS="3904" HPOS="414"/>
<String CONTENT="Sept." HEIGHT="53" WIDTH="120" VPOS="3904" HPOS="444"/>
<SP HEIGHT="41" WIDTH="28" VPOS="3906" HPOS="565"/>
<String CONTENT="1," HEIGHT="48" WIDTH="34" VPOS="3906" HPOS="594"/>
<SP HEIGHT="48" WIDTH="28" VPOS="3906" HPOS="629"/>
<String CONTENT="1925;" HEIGHT="54" WIDTH="131" VPOS="3900" HPOS="658"/>
<SP HEIGHT="52" WIDTH="25" VPOS="3902" HPOS="790"/>
<String CONTENT="2c." HEIGHT="43" WIDTH="65" VPOS="3902" HPOS="816"/>
<SP HEIGHT="46" WIDTH="28" VPOS="3901" HPOS="882"/>
<String CONTENT="Sept." HEIGHT="53" WIDTH="122" VPOS="3901" HPOS="911"/>
<SP HEIGHT="42" WIDTH="25" VPOS="3902" HPOS="1034"/>
<String CONTENT="29;" HEIGHT="51" WIDTH="79" VPOS="3902" HPOS="1060"/>
<SP HEIGHT="37" WIDTH="26" VPOS="3916" HPOS="1140"/>
<String CONTENT="aff." HEIGHT="43" WIDTH="79" VPOS="3901" HPOS="1167"/>
<SP HEIGHT="47" WIDTH="30" VPOS="3899" HPOS="1247"/>
<String CONTENT="Sept." HEIGHT="53" WIDTH="120" VPOS="3899" HPOS="1278"/>
<SP HEIGHT="42" WIDTH="24" VPOS="3902" HPOS="1399"/>
<String CONTENT="28;" HEIGHT="52" WIDTH="80" VPOS="3901" HPOS="1424"/>
<SP HEIGHT="52" WIDTH="27" VPOS="3901" HPOS="1505"/>
<!-- cceid 365CDFC7-6DD5-1014-B757-AF09C522E301 --><String CONTENT="A" HEIGHT="42" WIDTH="44" VPOS="3901" HPOS="1533"/>
<SP HEIGHT="46" WIDTH="24" VPOS="3901" HPOS="1578"/>
<String CONTENT="864817;" HEIGHT="53" WIDTH="190" VPOS="3900" HPOS="1603"/>
<SP HEIGHT="50" WIDTH="28" VPOS="3903" HPOS="1794"/>
<String CONTENT="R." HEIGHT="41" WIDTH="53" VPOS="3903" HPOS="1823"/>
<SP HEIGHT="43" WIDTH="29" VPOS="3902" HPOS="1877"/>
<String CONTENT="O." HEIGHT="43" WIDTH="55" VPOS="3902" HPOS="1907"/>
<SP HEIGHT="43" WIDTH="28" VPOS="3902" HPOS="1963"/>
<String CONTENT="Hughes," HEIGHT="52" WIDTH="207" VPOS="3901" HPOS="1992"/>
<SP HEIGHT="48" WIDTH="26" VPOS="3902" HPOS="2200"/>
<String CONTENT="Pittsburgh." HEIGHT="114" WIDTH="1914" VPOS="3899" HPOS="430"/>
</TextLine>
<TextLine HEIGHT="55" WIDTH="1709" VPOS="3957" HPOS="656">
<String CONTENT="[&#169;" HEIGHT="54" WIDTH="66" VPOS="3958" HPOS="656"/>
<SP HEIGHT="53" WIDTH="28" VPOS="3958" HPOS="723"/>
<String CONTENT="additional" HEIGHT="44" WIDTH="250" VPOS="3958" HPOS="752"/>
<SP HEIGHT="42" WIDTH="28" VPOS="3958" HPOS="1003"/>
<String CONTENT="matter," HEIGHT="46" WIDTH="180" VPOS="3964" HPOS="1032"/>
<SP HEIGHT="37" WIDTH="28" VPOS="3973" HPOS="1213"/>
<String CONTENT="with" HEIGHT="43" WIDTH="112" VPOS="3958" HPOS="1242"/>
<SP HEIGHT="43" WIDTH="28" VPOS="3958" HPOS="1355"/>
<String CONTENT="special" HEIGHT="53" WIDTH="166" VPOS="3957" HPOS="1384"/>
<SP HEIGHT="43" WIDTH="30" VPOS="3957" HPOS="1551"/>
<String CONTENT="reference" HEIGHT="44" WIDTH="231" VPOS="3957" HPOS="1582"/>
<SP HEIGHT="36" WIDTH="30" VPOS="3965" HPOS="1814"/>
<String CONTENT="to" HEIGHT="37" WIDTH="46" VPOS="3965" HPOS="1845"/>
<SP HEIGHT="42" WIDTH="28" VPOS="3958" HPOS="1896"/>
<String CONTENT="New" HEIGHT="43" WIDTH="119" VPOS="3958" HPOS="1925"/>
<SP HEIGHT="43" WIDTH="29" VPOS="3958" HPOS="2045"/>
<String CONTENT="York" HEIGHT="43" WIDTH="131" VPOS="3958" HPOS="2075"/>
<SP HEIGHT="41" WIDTH="29" VPOS="3958" HPOS="2207"/>
<String CONTENT="state]" HEIGHT="46" WIDTH="128" VPOS="3964" HPOS="2237"/>
</TextLine>
<TextLine HEIGHT="56" WIDTH="270" VPOS="4016" HPOS="440">
<String CONTENT="(25-20962)" HEIGHT="56" WIDTH="270" VPOS="4016" HPOS="440"/>
</TextLine>
</TextBlock>
</PrintSpace>
</Page>
</Layout>
</alto>