2533 4412
1090 4086 111 58 597

140 435 445 74 Presbyterian
611 436 233 58 church
870 436 68 57 in
965 435 104 58 the
1100 435 75 58 U.
1209 435 62 59 S.
1301 434 75 57 A.

219 518 128 57 The
373 521 426 68 government,
825 516 345 71 discipline,
1198 517 123 56 and
1341 513 276 72 worship
1645 514 67 58 of
1734 514 104 58 the
141 514 1965 139 Presbyterian
375 594 227 57 church
631 593 68 56 in
727 594 103 58 the
861 593 236 58 United
1131 593 210 58 States
1373 594 68 56 of
1470 590 309 72 America,
1810 591 186 71 being
2026 593 102 56 the

141 669 503 59 administrative
672 672 336 57 standards
1035 670 403 59 subordinate
1464 673 63 54 to
1555 670 105 56 the
1684 670 174 56 word
1883 670 67 57 of
1976 669 152 69 God,

139 748 148 58 viz.:
317 749 104 58 the
452 749 168 56 form
652 750 67 57 of
748 751 424 70 government,
1205 748 103 56 the
1339 747 160 58 book
1532 748 67 56 of
1629 745 344 72 discipline,
2009 748 122 56 and

140 828 102 58 the
292 827 318 71 directory
656 827 105 58 for
809 828 104 57 the
959 825 275 72 worship
1287 824 67 57 of
1403 824 137 59 God
1588 844 68 39 as
1708 823 249 60 ratified
2008 825 122 58 and

143 906 274 72 adopted
448 906 82 70 by
565 905 102 57 the
703 904 214 72 Synod
950 906 67 57 of
1049 904 152 57 New
1231 903 173 56 York
1437 904 126 58 and
1595 901 439 73 Philadelphia
2067 903 63 56 in

141 983 104 58 the
276 1001 157 53 year
462 982 66 58 of
561 981 129 58 Our
721 982 169 57 Lord
921 983 165 70 1788,
1121 983 122 56 and
1276 1002 67 37 as
1377 981 303 58 amended
1710 980 66 56 in
1807 980 105 58 the
1943 997 186 53 years

140 1060 357 71 1805-1924,
528 1060 291 72 together
842 1059 152 57 with
1022 1059 103 57 the
1157 1056 471 60 constitutional
1659 1059 166 56 rules
1859 1059 270 69 adopted

143 1137 65 59 in
241 1138 357 71 1893-1912,
634 1138 124 57 and
788 1139 256 70 general
1075 1135 166 58 rules
1277 1137 105 58 for
1415 1133 427 73 judicatories.
143 1133 1967 155 Philadelphia,
439 1215 130 70 Pa.,
597 1214 224 58 Issued

847 1216 103 56 for
976 1215 103 57 the
1109 1212 162 59 office
1300 1213 68 59 of
1393 1214 103 57 the
1525 1212 266 59 General
1822 1213 311 70 assembly

142 1296 82 70 by
253 1294 103 58 the
389 1291 384 73 publication
803 1292 399 71 department
1234 1291 68 57 of
1331 1292 104 56 the
1465 1291 216 58 Board
1710 1291 66 57 of
1812 1290 319 58 Christian

145 1371 345 70 education,
521 1370 166 57 1924.

216 1461 355 54 166 p. 17½ cm .
136 1530 56 54 ©
222 1533 113 50 May
368 1530 61 52 18,
462 1528 131 53 1925;
623 1530 65 42 2c.
720 1529 86 43 and
836 1529 79 42 aff.
947 1529 113 52 May
1089 1529 77 51 22;
1200 1529 43 42 A
1275 1527 188 53 829346;
1498 1527 217 45 Trustees
1747 1528 52 43 of
1828 1528 77 44 the
207 1529 1903 102 Presbyterian
383 1586 142 44 board

554 1584 53 45 of
637 1584 273 54 publication
942 1585 86 43 and
1063 1584 200 46 Sabbath
1297 1584 154 44 school
1483 1586 141 50 work,
1662 1584 326 53 Philadelphia.

217 1641 271 57 (25-10268)

141 1755 241 74 Printy,
422 1756 243 57 Emmet
701 1754 315 73 Anthony,
1055 1756 190 57 1891-
1402 1756 89 58 ed.

221 1847 288 73 Surgical
541 1846 344 72 technique,
920 1846 209 59 edited
1158 1846 84 70 by
1272 1846 248 56 Emmet
1553 1845 74 56 A.
1662 1845 246 74 Printy,
2001 1893 10 10 M.
2088 1893 11 11 D.;

141 1925 271 73 original
445 1924 421 58 illustrations
903 1925 83 70 by
1021 1924 95 57 W.
1161 1923 63 58 C.
1268 1923 304 72 Shepard.
1654 1923 306 75 [Chicago]
2004 1925 129 55 The

139 2003 397 72 Laboratory
570 2002 68 58 of
674 2001 274 74 surgical
981 2001 325 73 technique
1345 2002 67 57 of
1451 2001 289 74 Chicago,
1779 2003 165 56 1925.

211 2091 859 55 xii p., 2 l., [326] p. illus. 26½c m .
212 2162 124 49 Each
368 2164 168 43 section
565 2162 82 44 has
680 2170 205 45 separate
916 2163 180 53 paging.

141 2232 54 55 ©
231 2235 112 51 May
378 2232 36 53 5,
453 2231 128 54 1925;
616 2233 66 44 2c.
717 2233 90 43 and
839 2234 78 42 aff.
954 2235 112 50 May
1099 2231 79 53 25;
1217 2233 43 42 A
1297 2231 188 54 855366;
1525 2234 284 51 Laboratory
1845 2234 53 43 of
1937 2233 195 54 surgical

211 2290 236 52 technique
477 2289 51 44 of
561 2288 212 54 Chicago,
809 2287 212 54 Chicago.
1091 2288 269 55 (25-10362)

142 2389 282 73 Roberts,
463 2390 180 57 Edna
679 2390 77 59 H.

218 2481 161 58 How
407 2485 66 54 to
501 2481 180 58 know
709 2482 184 72 laces,
927 2481 152 58 with
1109 2501 39 37 a
1175 2483 352 70 postscript
1557 2501 80 38 on
1669 2482 465 73 embroideries,

142 2559 321 74 including
507 2579 38 37 a
586 2559 169 57 brief
797 2559 248 73 history
1090 2559 68 57 of
1202 2560 103 56 the
1351 2560 256 57 world’s
1655 2560 248 57 famous
1950 2560 184 74 laces,

141 2638 152 57 with
330 2637 272 58 detailed
639 2638 416 71 descriptions
1096 2638 67 57 of
1199 2638 168 57 their
1402 2638 371 58 differences
1811 2638 68 56 in
1916 2639 220 72 design

145 2716 125 57 and
297 2716 458 73 manufacture,
786 2716 82 70 by
902 2715 185 57 Edna
1117 2717 79 55 H.
1232 2716 285 57 Roberts.
1592 2715 152 57 New
1776 2716 190 72 York,
2000 2716 136 72 Dry

144 2793 192 72 goods
375 2792 356 72 economist,
769 2794 165 55 1925.

213 2868 91 52 viii,
336 2867 52 45 67
417 2883 41 38 p.
519 2868 116 45 illus.
694 2869 56 43 20
755 2872 47 17 cm
808 2904 9 9 .

144 2922 53 54 ©
232 2926 112 51 May
380 2925 63 52 14,
479 2923 103 45 1925;
643 2925 65 44 2c.
740 2926 90 43 and
863 2926 79 43 aff.
979 2927 112 51 May
1123 2924 80 54 27;
1241 2926 43 42 A
1319 2923 189 55 855376;
1546 2924 181 46 Textile
1761 2926 102 53 pub.
1900 2941 80 37 co.,
2017 2926 119 45 New

212 2981 143 43 York.
425 2979 268 56 (25-10543)

144 3079 283 73 Roberts,
469 3080 169 58 John
678 3081 71 58 R.

227 3175 129 57 The
400 3174 229 73 dyeing
672 3175 67 57 of
777 3194 218 53 paper,
1037 3176 317 71 prepared
1395 3176 84 68 by
1519 3175 169 58 John
1730 3176 80 57 R:
1848 3177 287 57 Roberts.

146 3250 428 74 Wilmington,
612 3252 152 72 Del.,
805 3253 71 58 E.
918 3253 47 56 I.
1007 3256 82 55 du
1127 3254 164 55 Pont
1332 3256 72 55 de
1444 3253 306 57 Nemours
1789 3254 48 55 &
1876 3274 105 49 co.,
2018 3256 115 56 inc.

150 3358 13 43 [
164 3335 18 22 c
187 3329 164 71 1924]

222 3407 90 50 102,
343 3408 52 46 [1]
426 3422 40 34 p.
527 3406 116 45 illus.
700 3408 54 45 23½
790 3409 48 18 cm
843 3442 9 10 .

219 3462 101 44 The
347 3461 299 46 illustrations
675 3478 78 30 are
778 3464 213 44 mounted
1018 3464 184 44 colored
1232 3463 206 49 samples.

147 3513 53 54 ©
233 3514 108 45 Feb.
377 3516 61 51 13,
478 3514 128 53 1925;
640 3516 65 43 2c.
739 3516 111 52 Apr.
887 3516 74 51 17;
998 3517 80 43 aff.
1112 3518 114 50 May
1255 3516 79 52 22;
1370 3517 47 44 A
1448 3515 189 54 855339;
1674 3517 53 47 E.
1764 3518 35 42 I.
1835 3518 59 43 du
1929 3519 120 43 Pont
2082 3519 54 43 de

218 3572 227 43 Nemours
479 3572 37 43 &
547 3587 80 37 co.,
659 3572 82 44 inc.
811 3570 269 56 (25-10276)

149 3668 1720 75 Rosny, J. H., aîné , pseud, of J. H. H. Boex, 1856-
149 3756 1962 155 … Les femmes des autres, roman. Paris, E. Flammarion [ c 1925]
224 3913 83 45 246
332 3930 53 38 p.,
417 3917 18 42 1
485 3950 8 8 l.
557 3915 50 44 19
611 3917 46 17 cm
665 3951 8 8 .

149 3969 1901 57 © Apr. 16. 1925; 1c. Apr. 27; A—Foreign 27533; Ernest Flammarion.
228 4025 269 55 (25-10522)
