2533 4412
1310 4073 149 56 1246

380 404 209 71 Game,
631 402 227 60 Josiah
893 402 255 72 Bethea,
1188 404 192 59 1869-

455 493 319 73 Teaching
823 492 392 74 high-school
1268 492 221 71 Latin;
1541 512 38 39 a
1627 493 349 75 handbook,
2026 495 82 72 by
2158 495 225 59 Josiah

376 570 2010 76 Bethea Game … Rev. ed. Chicago, Ill., The University
377 651 70 58 of
475 650 272 73 Chicago
776 669 184 53 press
992 680 13 43 [
1007 659 18 22 c
1029 651 166 72 1925]

449 744 63 49 xi,
546 743 74 45 151
653 758 40 38 p.
782 742 25 45 18½
843 745 46 18 cm
897 778 7 8 .

454 813 70 45 “A
552 814 197 44 revision
776 815 86 42 and
887 812 310 54 enlargement
1221 814 51 43 of
1298 813 75 45 the
1400 813 265 45 Handbook
1691 814 74 43 for
1791 814 292 52 high-school
2111 815 203 44 teachers
2342 814 49 46 of

384 871 132 45 Latin
543 869 149 47 which
718 887 94 28 was
839 870 234 54 published
1100 886 49 29 as
1177 887 25 28 a
1228 869 189 47 bulletin
1444 871 50 44 of
1523 871 74 45 the
1625 871 222 45 Missouri
1875 879 116 37 state
2017 872 176 44 normal
2223 872 168 53 school,

384 927 120 55 Cape
534 927 264 50 Girardeau,
829 930 43 42 in
905 927 338 46 1907.”—Pref.

454 986 181 43 “Books
671 986 74 44 for
776 985 76 43 the
887 984 134 44 Latin
1057 985 296 52 department,
1389 1001 54 28 or
1475 986 73 43 for
1583 985 75 44 the
1694 985 132 43 Latin
1864 986 170 44 section
2069 985 50 45 of
2153 986 74 44 the
2261 985 129 55 high-

383 1042 153 46 school
564 1041 227 54 library”:
818 1057 40 38 p.
889 1040 202 46 147-149.

376 1111 56 53 ©
462 1113 101 43 Oct.
591 1113 38 49 9,
660 1111 132 52 1925;
819 1112 66 43 2c.
915 1112 101 43 Oct.
1042 1112 80 52 20;
1152 1112 79 43 aff.
1263 1113 102 43 Oct.
1392 1112 79 52 22;
1502 1112 44 42 A
1575 1111 189 52 872016;
1797 1111 269 55 University
2094 1113 49 44 of
2177 1112 214 55 Chicago,

451 1168 215 54 Chicago.
732 1166 66 56 [©
833 1168 211 53 revision]
1116 1167 273 55 (25-21155)

380 1270 206 73 Getty,
624 1269 241 71 George
899 1267 241 58 Albert.

456 1359 434 59 Foundations
923 1361 68 57 of
1020 1360 184 73 faith,
1239 1380 37 37 a
1303 1362 256 56 manual
1589 1360 69 59 of
1690 1359 325 60 Christian
2048 1361 344 75 evidences,

377 1437 1993 141 by George Albert Getty … Philadelphia, Pa., The United
483 1519 326 58 Lutheran
841 1517 388 73 publication
1258 1516 196 60 house
1490 1547 14 44 [
1504 1526 20 22 c
1528 1518 166 75 1925]

448 1614 49 43 91
532 1626 40 39 p.
637 1612 51 44 19
694 1613 47 18 cm
748 1646 8 9 .

379 1682 53 54 ©
470 1684 102 43 Oct.
614 1683 62 51 12,
716 1681 131 52 1925;
883 1682 64 42 2c.
985 1682 87 42 and
1109 1682 79 42 aff.
1228 1682 102 43 Oct.
1372 1681 74 52 14;
1485 1681 47 42 A
1567 1680 189 53 869467;
1799 1682 152 44 Board
1988 1682 50 44 of
2075 1682 118 53 publ.
2230 1683 50 44 of
2316 1683 76 45 the

450 1740 172 45 United
654 1739 232 43 Lutheran
917 1738 169 44 church
1119 1739 43 42 in
1164 1753 7 5 -
1193 1738 232 52 America,
1460 1737 328 54 Philadelphia.
1858 1738 272 55 (25-21395)

380 1840 265 73 Griffith,
688 1839 300 72 William,
1030 1841 191 58 1876-
1381 1840 91 58 ed.

454 1931 196 59 Great
694 1931 285 71 painters
1026 1930 125 58 and
1194 1929 166 59 their
1406 1929 249 58 famous
1700 1929 178 59 Bible
1924 1930 312 74 pictures;
2282 1932 105 59 the

374 2010 180 59 Bible
597 2013 177 71 story
813 2009 206 59 retold
1054 2008 66 58 in
1158 2026 115 41 one
1311 2007 292 60 hundred
1638 2009 449 73 masterpieces
375 2007 1985 156 chronologically
696 2090 334 71 arranged,
1058 2088 153 58 with
1238 2086 331 74 sidelights
1596 2106 79 39 on
1700 2087 105 58 the
1829 2087 115 59 life
1972 2089 124 58 and
2121 2088 172 60 work
2319 2091 70 57 of

376 2165 2011 74 the artists, edited by William Griffith … reproduced in
379 2250 329 70 aquatone.
793 2246 152 57 New
973 2244 192 73 York,
1193 2244 98 58 W.
1320 2243 80 57 H.
1428 2243 175 58 Wise
1630 2244 49 57 &
1708 2264 107 53 co.,
1847 2245 167 58 1925.

469 2335 920 57 1 p. l., 7-223 p. front., illus. 29 cm .
381 2408 52 54 ©
462 2411 100 43 Oct.
591 2409 37 51 6,
661 2407 130 52 1925;
817 2408 67 43 2c.
914 2408 101 43 Oct.
1049 2408 73 51 14;
1153 2407 78 43 aff.
1262 2407 102 44 Oct.
1393 2407 50 52 9;
1475 2407 44 42 A
1547 2406 190 53 869473;
1768 2407 210 45 William
2006 2409 62 43 H.
2098 2407 133 47 Wise
2258 2409 38 44 &
2325 2423 64 29 co.

458 2463 273 57 (25-21185)

381 2566 222 74 Grove,
640 2564 344 61 Frederick
1019 2564 231 76 Philip.

458 2659 268 60 Settlers
756 2659 68 57 of
848 2658 102 59 the
976 2658 235 72 marsh,
1238 2659 85 72 by
1346 2657 345 60 Frederick
1715 2658 212 73 Philip
1954 2658 225 61 Grove.
2243 2660 151 57 New

378 2736 1400 75 York, George H. Doran company [ c 1925]
449 2831 78 43 341
563 2844 39 39 p.
666 2829 52 45 19½
770 2831 29 17 cm
805 2863 10 10 .

379 2899 55 54 ©
465 2902 101 43 Oct.
597 2901 38 51 9,
670 2898 130 53 1925;
831 2899 65 43 2c.
930 2900 102 43 Oct.
1061 2899 79 51 22;
1173 2898 78 44 aff.
1286 2899 101 43 Oct.
1418 2898 78 52 20;
1530 2898 44 42 A
1605 2897 188 53 872043;
1829 2898 179 54 George
2039 2900 62 42 H.
2135 2899 157 43 Doran
2324 2912 65 30 co.

460 2954 272 58 (25-21065)

382 3058 304 70 Guerard,
725 3056 226 58 Albert
988 3054 186 73 Leon,
1216 3057 191 57 1880-

454 3148 262 73 Beyond
764 3147 247 72 hatred,
1060 3145 103 59 the
1215 3143 379 62 democratic
1642 3145 166 60 ideal
1856 3145 66 59 in
1969 3146 245 60 France
2263 3147 125 59 and

377 3223 2009 77 America, by Albert Guerard … New York, C. Scribner’s
379 3325 166 55 sons,
574 3306 167 57 1925.

449 3402 79 36 XX,
558 3385 81 44 298
667 3400 39 38 p.
767 3385 54 42 22½
857 3386 45 17 cm
910 3418 9 8 .

381 3441 52 54 ©
464 3443 101 43 Oct.
590 3442 39 50 9,
657 3440 104 44 1925
778 3456 8 37 ;
813 3441 64 42 2c.
906 3441 101 43 Oct.
1038 3440 74 51 14;
1139 3439 79 43 aff.
1247 3440 100 43 Oct.
1378 3438 73 52 12;
1483 3438 42 43 A
1551 3437 191 55 869700;
1773 3437 188 46 Charles
1992 3437 251 48 Scribner’s
2271 3453 117 30 sons.

461 3497 272 57 (25-21180)

383 3596 425 72 Halliburton,
845 3595 296 59 Richard.

458 3686 1865 74 The royal road to romance, by Richard Halliburton …
380 3767 457 73 Indianapolis,
873 3767 130 58 The
1037 3765 488 60 Bobbs-Merrill
1558 3784 308 54 company
1901 3794 14 44 [
1917 3772 19 22 c
1939 3765 166 73 1925]

450 3844 1107 57 8 p. l., 399 p. front., plates, ports. 24 cm .
453 3905 263 43 Illustrated
751 3901 345 54 lining-papers.

382 3960 52 54 ©
467 3962 101 43 Oct.
603 3961 63 51 12,
699 3958 130 53 1925;
860 3959 64 43 2c.
956 3959 88 43 and
1073 3959 78 42 aff.
1186 3959 101 43 Oct.
1323 3957 74 53 16;
1431 3958 44 42 A
1506 3956 190 53 869545;
1732 3956 361 45 Bobbs-Merrill
2124 3971 65 33 co.

461 4017 271 56 (25-21282)
