2533 4412
0 0 0 0 104
321 511 2003 76 Southall … v. 2. The sensations of vision. [Rochester, N. Y.]
322 594 132 58 The
492 593 251 72 Optical
781 593 238 71 society
1057 592 66 58 of
1160 591 312 72 America,
1513 593 165 55 1924.

390 664 1801 59 viii p., 1 l., 480 p. col. front., illus., plates (part col.) diagrs. 27½ cm .
393 726 215 45 Contains
641 726 367 52 bibliographies.

321 781 54 54 ©
399 784 99 52 Jan.
525 784 66 51 30,
621 782 130 53 1925;
778 783 65 44 2c.
871 782 108 44 Feb.
1005 783 50 52 9;
1083 783 79 42 aff.
1189 781 108 44 Feb.
1325 780 49 54 7;
1402 782 44 42 A
1473 779 191 54 815981;
1695 779 181 54 Optical
1905 795 88 29 soc.
2022 780 50 43 of
2099 779 227 44 America.

320 898 179 72 Hess,
543 896 218 75 Harry
798 897 286 58 Warren.

397 989 316 59 Lanterns
745 989 33 57 I
808 988 74 58 lit
914 993 65 54 at
1012 989 162 58 dusk
1204 989 112 72 [by]
1349 987 223 72 Harry
1599 988 274 57 Warren
1902 988 187 57 Hess.
322 985 1985 155 Oakland,

520 1067 208 72 Calif.,
758 1067 249 58 Jordan
1036 1066 290 74 printing
1353 1083 326 56 company,
1711 1066 166 57 1924.

392 1145 533 54 3 p. l ., 29 p. 18½c m .
392 1204 188 43 Verses.

323 1258 53 55 ©
408 1261 109 43 Dec.
547 1261 68 51 23,
650 1261 106 43 1924
772 1275 9 37 ;
814 1261 65 43 2c.
912 1261 100 52 Jan.
1049 1261 63 51 12,
1147 1258 130 55 1925;
1312 1260 80 44 aff.
1425 1258 107 45 Feb.
1569 1260 74 51 10;
1679 1259 43 43 A
1755 1257 190 54 815982;
1984 1259 61 43 H.
2079 1259 76 44 W.
2189 1259 141 51 Hess,

394 1318 225 52 Oakland,
650 1317 135 45 Calif.
851 1316 244 55 (25-4064)

321 1417 307 74 Hopkins,
669 1416 285 62 William
994 1417 185 73 John,
1223 1419 192 59 1863-

400 1504 1863 73 Tumbleberry and Chick, by William John Hopkins …
319 1585 153 58 with
504 1584 426 58 illustrations
964 1584 84 71 by
1081 1583 249 57 Arthur
1364 1582 69 61 G.
1531 1601 130 40 Dove.
1746 1584 241 57 Boston
2022 1584 126 57 and
2181 1582 152 58 New

320 1664 192 71 York,
543 1662 350 74 Houghton
924 1661 217 58 Mifflin
1174 1679 324 55 company,
1534 1663 166 56 1925.

393 1740 1047 55 3 p. l ., 287, [1] p. front., plates. 19½ cm .
323 1798 53 54 ©
398 1798 109 45 Feb.
533 1800 63 51 13,
624 1798 130 53 1925;
777 1800 66 42 2c.
867 1798 108 44 Feb.
1003 1799 74 51 16;
1101 1798 79 44 aff.
1205 1797 106 46 Feb.
1338 1799 75 52 14;
1437 1799 44 42 A
1504 1798 189 53 823098;
1719 1799 77 44 W.
1820 1799 40 52 J.
1885 1798 228 53 Hopkins,
394 1799 1913 110 Wellesley

488 1856 138 51 Hills,
652 1857 142 42 Mass.
864 1854 245 56 (25-4214)

322 1942 241 72 Hoppe,
600 1939 230 71 Willie,
870 1944 191 56 1887-

406 2035 230 73 Thirty
668 2056 189 53 years
897 2038 67 57 of
999 2034 308 75 billiards,
1343 2038 85 72 by
1458 2035 212 60 Willie
1706 2037 260 72 Hoppe;
2008 2035 209 62 edited
2251 2039 82 70 by

327 2115 273 59 Thomas
649 2115 278 57 Emmett
979 2114 273 73 Crozier,
1298 2114 153 59 with
1497 2118 71 54 11
1614 2115 425 60 illustrations
2088 2117 126 57 and
2261 2117 71 56 36

324 2191 340 75 diagrams.
749 2193 153 58 New
939 2192 175 58 York
1152 2194 59 55 &
1247 2192 280 74 London,
1567 2193 69 59 G.
1677 2193 71 57 P.
1788 2195 335 59 Putnam’s
2166 2214 166 52 sons,

327 2273 166 57 1925.

396 2350 93 53 viii,
517 2349 81 46 255
626 2366 41 37 p.
728 2350 129 44 front.
897 2350 168 52 (port.)
1099 2350 135 52 illus.,
1258 2350 155 52 plates,
1441 2349 171 53 diagrs.
1672 2350 51 44 21
1733 2353 16 17 cm
1786 2387 12 9 .

324 2404 54 54 ©
398 2406 99 52 Jan.
518 2406 69 51 23,
614 2403 129 53 1925;
768 2405 65 42 2c.
857 2405 99 52 Jan.
979 2405 78 52 26;
1082 2406 79 42 aff.
1185 2404 107 44 Feb.
1314 2405 50 52 6;
1391 2405 43 43 A
1458 2403 190 54 815958;
1675 2404 201 45 Thomas
1903 2404 201 47 Emmett
2131 2405 200 55 Crozier,

396 2462 247 53 Brooklyn.
713 2461 245 55 (25-4178)

323 2548 343 73 Housman,
703 2546 337 71 Laurence,
1080 2551 191 57 1867-

402 2640 456 73 Trimblerigg;
894 2660 40 38 a
962 2641 161 57 book
1155 2640 68 57 of
1256 2640 366 74 revelation,
1655 2641 85 73 by
1770 2642 327 60 Laurence
322 2643 1987 133 Housman.

555 2718 155 57 New
736 2718 192 73 York,
958 2718 76 57 A.
1066 2718 49 57 &
1147 2717 64 60 C.
1243 2718 180 73 Boni,
1456 2720 166 56 1925.

392 2795 84 45 320
506 2810 39 39 p.
635 2795 122 44 19½cm.

326 2850 54 54 ©
404 2852 100 52 Jan.
525 2851 68 53 26,
620 2851 131 53 1925;
778 2853 64 43 2c.
867 2851 108 45 Feb.
1005 2853 72 52 12;
1104 2853 80 42 aff.
1209 2851 107 45 Feb.
1344 2852 74 53 16;
1445 2852 43 43 A
1513 2851 190 54 823105;
1731 2853 165 45 Albert
1921 2855 38 44 &
1985 2853 188 46 Charles
2203 2856 128 52 Boni,

397 2909 84 44 inc.
551 2907 244 56 (25-4342)

326 2994 175 73 Huff,
536 2994 220 58 Bessie
784 2995 85 58 M.

408 3088 1859 74 How to publish a school paper, by Bessie M. Huff …
331 3165 1924 81 New York, Chicago, Mentzer, Bush & company [ c 1924]
401 3245 62 53 ix,
491 3247 69 50 [1],
587 3244 80 46 325
692 3261 41 36 p.
794 3244 117 47 illus.
939 3244 128 53 (incl.
1096 3246 172 52 forms)
1303 3246 169 53 diagrs.
1537 3248 147 45 19½cm.

401 3303 72 44 “A
503 3301 267 54 laboratory
800 3304 182 42 manual
1014 3302 74 44 for
1119 3301 274 53 journalism
1422 3303 46 43 in
1497 3303 113 53 high
1639 3305 235 46 schools”:
1906 3323 42 35 p.
1984 3307 239 49 [231]-315.

398 3359 358 54 Bibliography:
789 3374 41 37 p.
861 3358 62 48 ix.

328 3414 54 54 ©
412 3416 107 52 July
553 3414 63 52 17,
651 3414 108 44 1924
772 3428 9 38 ;
812 3413 67 43 2c.
910 3413 87 43 and
1029 3414 78 42 aff.
1141 3412 106 44 Feb.
1283 3413 61 53 12,
1380 3412 130 55 1925;
1545 3415 44 42 A
1621 3414 191 54 823015;
1850 3418 50 42 B.
1935 3419 65 43 M.
2035 3419 134 53 Huff,
399 3421 1911 104 Muskogee,

589 3471 106 44 Okl.
760 3467 244 57 (25-4172)

329 3556 250 72 Jessup,
618 3555 223 72 Henry
876 3554 299 73 Wynans,
1216 3558 190 56 1864-

409 3651 131 57 The
573 3650 121 56 law
727 3650 124 56 and
883 3648 277 72 practice
1193 3649 66 57 in
1294 3648 104 59 the
1437 3650 410 74 Surrogates’
1884 3658 211 55 courts
2131 3654 65 59 in
2229 3656 106 59 the

333 3732 164 56 state
540 3728 67 58 of
644 3727 155 58 New
837 3726 190 74 York,
1068 3727 191 74 being
1294 3728 105 59 the
1441 3727 168 61 sixth
1651 3730 235 59 edition
1927 3733 68 58 of
2035 3734 299 73 Jessup’s

335 3808 410 71 Surrogates’
786 3805 277 72 practice
1107 3808 125 57 and
1269 3807 104 58 the
1418 3810 225 57 second
1686 3809 236 60 edition
1966 3814 67 56 of
2074 3814 261 72 Jessup-

331 3885 344 59 Redfield’s
717 3885 154 57 Law
911 3886 124 56 and
1074 3885 276 71 practice
1391 3886 65 57 in
1498 3887 104 57 the
1649 3887 410 75 Surrogates’
2103 3895 229 70 courts,

332 3966 126 57 and
496 3964 131 58 also
668 3963 191 72 being
894 3985 36 37 a
970 3965 429 72 commentary
1437 3985 79 38 on
1555 3966 104 57 the
1702 3966 410 75 Surrogates’
2155 3975 176 53 court
