2533 4412
1265 4041 150 61 1414

346 477 2005 82 wald Schwarz … Mit 10 abbildungen im text. Wien,
345 556 61 58 J.
441 555 326 73 Springer,
799 558 167 56 1925.

414 649 972 55 xviii p., 1 l., 481, [1] p. illus. 25 ½ cm .
416 719 567 46 “Literaturverzeichnis”
1001 737 8 28 :
1043 736 39 38 p.
1120 720 237 48 [452]-476.

347 789 1806 61 © July 26, 1925; 1c. Oct. 10; A —Foreign 28889; Julius Springer.
425 845 272 57 (25-24867)

349 949 286 72 Seaman,
670 951 153 57 Mrs.
859 949 297 73 Augusta
1198 949 274 75 (Huiell)
1518 954 191 58 1879-

347 1039 1983 153 Blnebonnet Bend, by Augusta Huiell Seaman … illustrated by C. M. Relyea. New York &
1721 1123 279 72 London,
2038 1124 129 58 The
345 1124 1987 144 Century
524 1215 86 38 co.
646 1226 13 43 [
659 1204 21 22 c
683 1197 167 74 1925]

414 1287 73 51 vii,
520 1285 82 45 253
634 1301 39 37 p.
736 1287 153 53 front.,
922 1288 158 51 plates.
1147 1288 51 44 19½
1233 1291 46 17 cm
1286 1324 8 8 .
1410 1286 125 57 $1.75

345 1356 53 54 ©
429 1357 122 53 Sept.
583 1357 62 52 12,
675 1357 130 53 1925;
834 1358 64 44 2c.
926 1359 88 43 and
1041 1359 78 43 aff.
1151 1358 120 54 Sept.
1303 1358 74 54 15;
1408 1360 43 42 A
1480 1359 189 54 861832;
1702 1360 202 55 Century
1931 1376 66 30 co.

424 1413 274 56 (25-17937)

348 1515 261 74 Shaver,
646 1506 219 69 Erwin
896 1516 68 59 L.

423 1606 325 59 Christian
779 1608 536 72 world-builders;
1351 1630 36 37 a
1421 1610 340 72 suggested
1792 1609 150 73 plan
1974 1611 105 58 for
2114 1632 36 37 a
345 1612 1984 132 project
464 1686 106 57 for
595 1705 212 54 young
832 1687 285 72 people’s
1147 1706 257 58 groups,

1432 1688 84 71 by
1542 1688 219 57 Erwin
1789 1689 67 56 L.
1890 1688 260 60 Shaver.
343 1689 1989 149 Chicago,
545 1765 118 71 Ill.,
695 1765 131 58 The
857 1765 377 73 University
1266 1766 70 58 of
1366 1764 273 75 Chicago
1672 1785 182 54 press
1889 1795 15 45 [
1905 1776 20 22 c
1927 1768 166 72 1925]

413 1841 61 53 ix,
508 1841 52 46 58
592 1858 39 38 p.
696 1844 51 43 19½
780 1845 48 18 cm
834 1878 8 9 .
938 1842 266 53 (Half-title:
1239 1843 101 46 The
1368 1844 270 54 University
1669 1844 51 45 of
1752 1843 201 56 Chicago
1982 1844 298 55 publications
2312 1846 44 44 in

343 1899 1186 56 religious education … Constructive studies)
415 1957 152 44 Blank
595 1972 137 39 pages
763 1957 75 45 for
869 1957 201 45 “Notes”
1100 1957 213 45 inserted.

415 2014 217 46 Contains
664 2013 369 56 bibliographies.

342 2071 53 54 ©
431 2073 101 44 Oct.
571 2071 63 54 15,
670 2071 129 53 1925;
835 2072 64 44 2c.
935 2072 101 44 Oct.
1067 2072 81 52 20;
1185 2072 78 44 aff.
1302 2073 101 44 Oct.
1436 2073 80 52 22;
1553 2074 43 42 A
1629 2072 191 54 872011;
1857 2073 268 55 University
2159 2074 51 45 of

411 2074 1919 109 Chicago,
577 2129 213 53 Chicago.
861 2127 272 56 (25-23311)

418 2230 59 56 A
507 2228 386 60 Christian’s
924 2230 343 70 life-work;
1299 2251 35 38 a
1366 2230 340 68 suggested
1731 2232 152 65 plan
1910 2231 105 58 for
2044 2253 35 38 a
2108 2231 249 73 project

341 2307 105 59 for
486 2327 214 54 young
740 2309 286 71 people’s
1069 2327 255 55 groups,
1367 2309 84 71 by
1490 2307 220 59 Erwin
1750 2309 68 57 L.
1867 2309 260 59 Shaver.
340 2309 1990 151 Chicago,
544 2387 116 71 Ill.,
693 2387 131 58 The
855 2386 376 73 University
1261 2387 68 58 of
1362 2386 273 73 Chicago
1665 2406 184 53 press
1885 2416 14 44 [
1900 2395 21 23 c
1923 2389 166 71 1925]

410 2464 49 44 ix,
502 2465 54 44 48
585 2482 40 38 p.
691 2466 51 44 19½
776 2467 46 17 cm
829 2501 8 9 .
932 2464 266 54 (Half-title:
1232 2463 100 46 The
1363 2464 271 54 University
1664 2465 50 45 of
1746 2464 202 55 Chicago
1979 2465 299 54 publications
2310 2466 43 44 in

341 2519 1191 56 religious education … Constructive studies)
413 2579 152 45 Blank
593 2595 136 39 pages
761 2579 74 45 for
867 2578 201 46 “Notes”
1098 2579 212 44 inserted.

413 2638 217 44 Contains
661 2635 370 55 bibliographies.

340 2693 53 54 ©
421 2695 101 44 Oct.
551 2695 63 52 16,
643 2692 130 54 1925;
799 2694 65 43 2c.
895 2694 101 44 Oct.
1022 2693 77 52 20;
1128 2694 78 43 aff.
1235 2693 103 44 Oct.
1365 2693 76 52 22;
1473 2694 43 42 A
1543 2692 190 54 872012;
1762 2695 266 52 University
2055 2694 52 45 of
2134 2693 213 56 Chicago,

412 2751 215 54 Chicago.
698 2749 273 56 (25-23309)

343 2850 223 72 Smith,
603 2849 227 59 Albert
863 2850 54 59 R
1234 2852 192 57 1875-

414 2940 225 73 Digest
677 2940 70 58 of
782 2940 104 58 the
927 2940 311 58 decisions
1277 2940 68 57 of
1383 2940 105 57 the
1530 2939 307 73 Supreme
1878 2942 179 56 court
2096 2940 70 58 of
336 2939 1986 153 Arizona,
547 3019 298 73 covering
878 3020 84 57 all

996 3038 174 38 cases
1206 3017 65 58 in
1304 3018 280 58 volumes
1622 3020 33 55 1
1690 3020 65 56 to
1791 3019 89 72 25,
1918 3018 322 72 inclusive,
2276 3019 71 58 of

338 3097 104 58 the
469 3100 164 55 state
659 3100 252 69 reports
938 3098 124 57 and
1086 3096 310 60 decisions
1423 3096 70 58 of
1516 3096 105 59 the
1648 3099 211 55 courts
1887 3097 70 58 of
1979 3097 106 58 the
2107 3097 236 59 United

338 3175 214 60 States
578 3176 420 73 particularly
1024 3175 450 74 appertaining
1497 3177 65 56 to
1590 3194 70 39 or
1688 3175 245 74 arising
1955 3174 65 59 in
2046 3175 297 74 Arizona,

336 3255 151 58 with
527 3255 357 58 references
925 3258 64 55 to
1030 3254 404 58 annotations
1471 3254 66 57 in
1574 3254 106 58 the
1718 3254 338 58 American
2092 3256 121 56 law
336 3274 1983 131 reports
536 3358 12 47 ;
584 3335 133 57 also

752 3354 36 37 a
821 3332 325 59 combined
1178 3333 165 58 table
1376 3332 67 58 of
1476 3351 173 39 cases
1683 3331 288 74 digested
2003 3333 124 57 and
2161 3332 182 74 cited,

338 3412 284 73 showing
654 3412 207 58 where
898 3412 151 73 they
1081 3431 150 53 may
1262 3411 77 58 be
1374 3410 200 59 found
1608 3410 66 58 in
1710 3410 126 58 this
1873 3409 225 75 digest,
2135 3411 206 58 where

337 3490 277 58 Arizona
659 3510 175 38 cases
877 3509 109 39 are
1031 3490 164 58 cited
1240 3509 70 38 or
1356 3489 333 58 overruled
1730 3488 66 57 in
1840 3488 181 58 other
2064 3488 279 59 Arizona

338 3588 193 53 cases,
575 3569 125 58 and
739 3568 208 58 where
988 3568 278 57 Arizona
1310 3586 175 38 cases
1528 3566 161 58 have
1731 3567 156 57 been
1929 3567 300 71 reported
2271 3586 71 39 or

336 3647 291 58 referred
654 3650 65 54 to
747 3647 67 56 in
842 3647 105 58 the
975 3649 180 55 notes
1182 3647 66 57 in
1277 3643 338 60 American
1644 3644 329 74 decisions,
2003 3643 339 59 American

336 3727 270 71 reports,
663 3724 338 59 American
1059 3727 163 56 state
1280 3726 269 70 reports,
1606 3722 338 58 American
1999 3724 341 58 annotated

336 3824 194 54 cases,
578 3804 327 72 Lawyers’
953 3806 252 69 reports
1256 3802 360 71 annotated,
1666 3802 122 58 and
1838 3801 337 58 American
2222 3802 120 57 law

334 3879 1981 155 reports, by Albert R. Smith … San Francisco, Bancroft-Whitney company, 1925.
