2533 4412
993 4046 149 55 1209

182 420 205 58 Æsopus.

169 515 537 71 Never-grow-old
743 514 244 71 stories,
1023 512 204 60 retold
1261 517 169 56 from
1559 519 174 66 Æsop’s
1768 515 203 60 fables
2007 517 81 71 by

91 590 224 60 Edwin
364 591 250 73 Osgood
661 591 271 72 Grover;
981 591 153 57 with
1176 591 422 60 illustrations
1646 596 84 69 by
1776 594 203 72 Percy
2024 595 61 59 J.

89 668 436 73 Billinghurst.
611 667 290 74 Chicago,
951 670 151 58 New
1149 668 190 72 York,
1390 669 209 71 Lyons
1649 669 49 57 &
1750 670 334 60 Carnahan

105 747 188 72 [ c 1925]
163 836 1040 54 144 p. incl. col. front., col. illus. 19½ cm .
90 906 52 54 ©
172 907 100 44 Oct.
303 907 37 51 6,
373 906 103 44 1925
494 921 8 37 ;
532 907 65 42 2c.
626 906 87 43 and
741 906 79 43 aff.
852 906 101 44 Oct.
986 907 74 51 14;
1092 906 44 42 A
1165 905 189 52 869398;
1389 906 151 53 Lyons
1571 908 37 43 &
1638 907 251 46 Carnahan.

168 963 268 54 (25-20622)

88 1076 198 72 Allen,
322 1076 231 58 Alfred
588 1077 233 71 Henry.

164 1169 244 56 Allen’s
444 1167 393 57 commercial
867 1168 260 72 organic
1156 1168 311 71 analysis;
1503 1188 34 36 a
1571 1168 262 57 treatise
1870 1187 79 38 on
1982 1171 103 55 the

85 1246 377 72 properties,
495 1247 213 55 modes
745 1245 66 56 of
847 1245 315 73 assaying,
1201 1247 122 55 and
1357 1246 352 70 proximate
1747 1246 341 72 analytical

88 1323 423 58 examination
547 1322 67 57 of
648 1323 103 56 the
786 1323 257 56 various
1080 1323 261 72 organic
1374 1323 329 57 chemicals
1742 1326 122 55 and
87 1326 1975 133 products

261 1402 325 70 employed
622 1401 65 56 in
723 1401 104 56 the
867 1402 152 70 arts,
1057 1400 492 73 manufactures,
1586 1401 324 74 medicine,
1952 1406 130 69 etc.,

84 1480 152 56 with
266 1479 239 57 concise
535 1479 285 56 methods
853 1478 106 57 for
987 1478 103 57 the
1124 1479 312 56 detection
1468 1481 123 55 and
1624 1480 361 57 estimation
2017 1481 67 56 of

85 1557 167 57 their
289 1556 375 72 impurities,
708 1556 478 71 adulterations,
1230 1558 125 57 and
1392 1558 301 69 products
1736 1558 70 56 of
84 1560 1974 146 decomposition.

443 1653 56 36 V.
528 1635 52 53 4.
615 1633 250 79 Special
883 1633 358 58 characters
1263 1633 68 57 of
1351 1634 299 57 essential
1680 1635 146 71 oils;
1859 1636 221 73 resins,

81 1712 450 71 india-rubber,
561 1713 184 69 gutta
771 1710 249 71 percha,
1049 1711 230 71 balata,
1313 1713 124 55 and
1466 1712 188 57 allied
1685 1713 394 73 substances;

83 1791 106 56 the
225 1789 413 57 constituents
677 1788 67 57 of
784 1788 300 57 essential
1121 1788 133 72 oils,
1295 1791 123 55 and
1457 1789 186 58 allied
1684 1792 394 71 substances;

82 1866 1930 73 the general characters and. analysis of essential oils …
84 1945 105 57 5th
227 1946 91 55 ed.
397 1943 293 71 Entirely
726 1943 339 56 rewritten.
1146 1942 116 58 Ed.
1303 1945 83 70 by
1427 1943 254 59 Samuel
1722 1945 61 58 S.
1828 1946 256 59 Sadtler

149 2019 1587 73 … Elbert C. Lathrop … C. Ainsworth Mitchell …
81 2024 1974 148 Philadelphia,
382 2100 69 56 P.
479 2098 391 58 Blakiston’s
905 2118 112 38 son
1044 2099 48 56 &
1122 2118 85 38 co.
1247 2101 181 73 [1925]

149 2188 1221 54 4 p. l., v-x, 648 p. illus., tables, diagrs. 24 cm .
81 2259 52 54 ©
163 2261 119 43 Nov.
307 2261 67 50 23,
408 2259 129 53 1925;
569 2261 64 41 2c.
664 2259 87 43 and
779 2259 79 42 aff.
889 2258 119 44 Nov.
1039 2259 77 51 24;
1148 2258 44 42 A
1223 2257 188 54 875225;
1445 2260 51 42 P.
1528 2258 276 46 Blakiston’s
1836 2276 80 29 son
1947 2263 37 43 &
2011 2277 66 29 co.

78 2374 348 71 Anderson,
463 2371 356 73 Sherwood,
857 2374 191 57 1876-

147 2465 176 58 Dark
365 2465 292 72 laughter
708 2464 111 74 [by]
871 2462 340 59 Sherwood
1256 2462 352 59 Anderson.
1691 2464 153 58 New
1891 2467 187 73 York,

75 2544 160 58 Boni
268 2545 62 55 &
364 2541 345 73 Liveright,
745 2541 166 57 1925.

145 2633 366 56 319 p. 19½ cm .
147 2700 1847 59 “First printing, September, 1925 … Third printing, October, 1925.”
74 2777 56 54 ©
159 2777 120 52 Sept.
309 2775 61 52 15,
400 2773 104 46 1925
521 2789 9 38 ;
556 2776 64 41 2c.
649 2774 102 44 Oct.
779 2774 74 51 14;
882 2773 79 43 aff.
988 2772 101 44 Oct.
1113 2772 79 52 22;
1221 2772 44 42 A
1291 2770 189 54 872026;
1504 2772 120 48 Boni
1651 2774 37 43 &
1714 2774 249 54 Liveright,
1992 2776 82 45 inc.

155 2832 269 57 (25-20829)

75 2945 249 70 Atkins,
362 2943 192 60 Gaius
593 2942 215 70 Glenn,
846 2943 191 58 1868-

152 3036 364 60 Craftsmen
555 3033 68 58 of
660 3033 103 57 the
805 3031 152 71 soul,
998 3033 124 55 and
1161 3030 178 58 other
1381 3031 332 59 addresses
1752 3034 82 72 by
1873 3034 194 60 Gaius

74 3107 1991 79 Glenn Atkins … New York, Chicago [etc.] Fleming H.
69 3192 216 60 Revell
320 3209 305 54 company
659 3219 12 44 [
674 3197 18 23 c
697 3189 164 72 1925]

141 3288 80 44 203
252 3302 40 38 p.
356 3286 50 44 19½
440 3286 46 18 cm
492 3318 9 9 .

73 3357 54 54 ©
157 3359 112 50 May
297 3357 40 50 9,
370 3353 128 53 1925;
529 3353 65 43 2c.
625 3353 87 42 and
743 3352 78 43 aff.
853 3352 101 43 Oct.
989 3351 74 51 14;
1098 3350 44 42 A
1173 3347 189 55 869455;
1396 3349 207 54 Fleming
1635 3353 61 43 H.
1730 3354 158 44 Revell
1919 3371 67 29 co.

153 3411 270 57 (25-20733)

74 3526 241 76 [Baker,
355 3526 140 71 Ray
534 3521 338 75 Stannard]
915 3522 189 57 1870-

145 3616 401 59 Adventures
615 3613 66 57 in
751 3610 519 72 understanding,
1341 3612 83 70 by
1495 3612 208 60 David
1774 3615 290 74 Grayson

73 3695 249 74 [pseud.]
368 3690 361 59 illustrated
770 3692 84 69 by
897 3689 270 56 Thomas
1214 3688 302 73 Fogarty.
1602 3691 253 60 Garden
1901 3694 161 75 City,

69 3773 75 59 N.
170 3773 93 73 Y.,
291 3769 383 72 Doubleday,
703 3769 171 72 Page
901 3767 47 56 &
974 3784 322 55 company,
1324 3767 166 58 1925.

141 3858 1231 61 xii, [2], 273 p. incl. illus., plates, front. 21½ cm .
71 3937 52 54 ©
158 3937 119 52 Sept.
307 3935 66 51 25,
409 3933 131 52 1925;
573 3934 65 41 2c.
669 3933 87 42 and
786 3931 80 43 aff.
902 3930 101 44 Oct.
1040 3930 74 51 16;
1150 3930 43 41 A
1226 3929 188 53 869516;
1451 3931 282 55 Doubleday,
1771 3937 125 49 Page
1930 3939 37 43 &
2000 3954 65 29 co.

149 3992 269 56 (25-20632)
