<alto xmlns="http://www.loc.gov/standards/alto/ns-v3#" xmlns:xlink="http://www.w3.org/1999/xlink" xmlns:xsi="http://www.w3.org/2001/XMLSchema-instance" xsi:schemaLocation="http://www.loc.gov/standards/alto/ns-v3# http://www.loc.gov/alto/v3/alto-3-0.xsd"><Description>
<MeasurementUnit>pixel</MeasurementUnit>
<sourceImageInformation>
<fileName>1925_v22_Part001.pdf</fileName>
</sourceImageInformation>
<OCRProcessing ID="IdOcr">
<ocrProcessingStep>
<processingDateTime>2019-04-03</processingDateTime>
<processingSoftware>
<softwareCreator>ABBYY</softwareCreator>
<softwareName>ABBYY Recognition Server</softwareName>
<softwareVersion>4.0</softwareVersion>
</processingSoftware>
</ocrProcessingStep>
</OCRProcessing>
</Description>
<Styles>
<ParagraphStyle ID="StyleId-FFFFFFFF-FFFF-FFFF-FFFF-FFFFFFFFFFFF-" ALIGN="Left" LEFT="0." RIGHT="0." FIRSTLINE="0."/>
<ParagraphStyle ID="StyleId-2E5B4E57-07AD-4719-97CB-14521F7F4F8A-" ALIGN="Left" LEFT="0." RIGHT="0." FIRSTLINE="0." LINESPACE="8.899999619"/>
<ParagraphStyle ID="StyleId-62A6F688-D6E3-4EFC-837B-4A4C4EB582B7-" ALIGN="Center" LEFT="0." RIGHT="0." FIRSTLINE="0." LINESPACE="12.19999981"/>
<ParagraphStyle ID="StyleId-21B71EBC-BDB5-4E16-A8F2-58189A39665B-" ALIGN="Block" LEFT="0." RIGHT="0." FIRSTLINE="-13." LINESPACE="11.35000038"/>
<ParagraphStyle ID="StyleId-1E1A68C4-DD4F-417A-A13D-7FEC29ECB499-" ALIGN="Block" LEFT="0." RIGHT="0." FIRSTLINE="-15." LINESPACE="13.30000019"/>
<ParagraphStyle ID="StyleId-6B39EC51-644D-4E90-AF07-84EF2B1E466A-" ALIGN="Block" LEFT="0." RIGHT="0." FIRSTLINE="-15." LINESPACE="8.340000153"/>
<ParagraphStyle ID="StyleId-2C1BA15F-E223-41D6-853D-AAFBDAC17E68-" ALIGN="Center" LEFT="0." RIGHT="0." FIRSTLINE="0." LINESPACE="13."/>
<ParagraphStyle ID="StyleId-A3B2CDF3-43F0-422C-90A0-E074BFEC3BC0-" ALIGN="Block" LEFT="0." RIGHT="0." FIRSTLINE="0." LINESPACE="8.899999619"/>
<ParagraphStyle ID="StyleId-28AB2493-EA15-49C1-A6AC-ED5BC404F0B9-" ALIGN="Center" LEFT="0." RIGHT="0." FIRSTLINE="0." LINESPACE="12.19999981"/>
<ParagraphStyle ID="StyleId-4417A6D4-97E2-4EFC-962D-7FBC0D5273E4-" ALIGN="Left" LEFT="0." RIGHT="0." FIRSTLINE="15." LINESPACE="8.340000153"/>
<ParagraphStyle ID="StyleId-D4EF9C5E-3110-4A39-B7BC-3D84E0F04894-" ALIGN="Center" LEFT="0." RIGHT="0." FIRSTLINE="0." LINESPACE="13.30000019"/>
<ParagraphStyle ID="StyleId-D1243F31-1201-4D92-8F69-43ADB01E9AD1-" ALIGN="Left" LEFT="0." RIGHT="0." FIRSTLINE="-13." LINESPACE="13.30000019"/>
<ParagraphStyle ID="StyleId-C65417C6-23F2-4D8F-BA55-ECE73D98CAB9-" ALIGN="Left" LEFT="0." RIGHT="0." FIRSTLINE="0." LINESPACE="8.899999619"/>
<ParagraphStyle ID="StyleId-835763C1-08DD-41BE-8BAD-8E41EA88DAE3-" ALIGN="Center" LEFT="0." RIGHT="0." FIRSTLINE="0." LINESPACE="11.10000038"/>
<ParagraphStyle ID="StyleId-78FD6B81-8F83-422D-8DF4-4274EAFD19C6-" ALIGN="Block" LEFT="0." RIGHT="0." FIRSTLINE="-17." LINESPACE="12.19999981"/>
<ParagraphStyle ID="StyleId-F506BC7F-570D-458B-9F05-A143E1F5FD17-" ALIGN="Block" LEFT="0." RIGHT="0." FIRSTLINE="-17." LINESPACE="11.35000038"/>
<ParagraphStyle ID="StyleId-CBE02C6B-22D0-48C6-A874-7E90A22F4375-" ALIGN="Center" LEFT="0." RIGHT="0." FIRSTLINE="0." LINESPACE="4.400000095"/>
<ParagraphStyle ID="StyleId-14CC0121-63AF-4AB4-9656-E02F46C61AF2-" ALIGN="Left" LEFT="0." RIGHT="0." FIRSTLINE="0." LINESPACE="8.899999619"/>
<ParagraphStyle ID="StyleId-DD64CECB-1B22-4BFF-84F0-DFDE2B0000F8-" ALIGN="Left" LEFT="0." RIGHT="0." FIRSTLINE="0." LINESPACE="12.19999981"/>
<ParagraphStyle ID="StyleId-8AEF4AA8-141A-4E5D-9C3E-C0F9F43C742F-" ALIGN="Left" LEFT="0." RIGHT="0." FIRSTLINE="0." LINESPACE="8.300000191"/>
<ParagraphStyle ID="StyleId-8C396D2A-39C0-48AB-BABA-2679D8AB257E-" ALIGN="Left" LEFT="0." RIGHT="0." FIRSTLINE="0." LINESPACE="11.10000038"/>
<ParagraphStyle ID="StyleId-3B7FE50F-10D4-487F-BDCD-FD26EB60FD4A-" ALIGN="Block" LEFT="0." RIGHT="0." FIRSTLINE="13." LINESPACE="8.340000153"/>
<ParagraphStyle ID="StyleId-8CC5CC8E-615B-4C42-BB46-DB28FA355C27-" ALIGN="Left" LEFT="0." RIGHT="0." FIRSTLINE="0." LINESPACE="12.19999981"/>
<ParagraphStyle ID="StyleId-BC67E79D-8D99-4188-8B35-A59DBB7E2BB0-" ALIGN="Block" LEFT="0." RIGHT="0." FIRSTLINE="11." LINESPACE="9.399999619"/>
</Styles>
<Layout>
<Page ID="Page1481" PHYSICAL_IMG_NR="1481" HEIGHT="4412" WIDTH="2533">
<TopMargin HEIGHT="360" WIDTH="2533" VPOS="0" HPOS="0">
</TopMargin>
<LeftMargin HEIGHT="3808" WIDTH="144" VPOS="360" HPOS="0">
</LeftMargin>
<RightMargin HEIGHT="3808" WIDTH="333" VPOS="360" HPOS="2200">
</RightMargin>
<BottomMargin HEIGHT="244" WIDTH="2533" VPOS="4168" HPOS="0">
</BottomMargin>
<PrintSpace HEIGHT="3808" WIDTH="2056" VPOS="360" HPOS="144">
<TextBlock ID="Page1481_Block1" HEIGHT="174" WIDTH="368" VPOS="3994" HPOS="1077" LANG="en-US" STYLEREFS="StyleId-1E42EB3C-6CC8-4BE1-B2FF-5E5FBFB392C6-">
<TextLine HEIGHT="55" WIDTH="147" VPOS="4013" HPOS="1077">
<String CONTENT="1481" HEIGHT="55" WIDTH="147" VPOS="4013" HPOS="1077"/>
</TextLine>
</TextBlock>
<TextBlock ID="Page1481_Block2" HEIGHT="3674" WIDTH="2056" VPOS="360" HPOS="144" LANG="en-US" CS="1" STYLEREFS="StyleId-DEA98307-DD90-43BB-B92F-8ED0DC3D33BE-">
<Shape>
<Polygon POINTS="144,360 2200,360 2200,3961 963,3961 963,4034 144,4034 144,360"/>
</Shape>
<TextLine HEIGHT="71" WIDTH="650" VPOS="371" HPOS="166" STYLEREFS="StyleId-A164CE52-EFF5-4EC9-8B9D-6683D324B06C-" LANG="de">
<String CONTENT="Abbott," HEIGHT="71" WIDTH="251" VPOS="371" HPOS="166"/>
<SP HEIGHT="71" WIDTH="35" VPOS="371" HPOS="418"/>
<String CONTENT="Charles" HEIGHT="58" WIDTH="257" VPOS="371" HPOS="454"/>
<SP HEIGHT="57" WIDTH="30" VPOS="371" HPOS="712"/>
<String CONTENT="D." HEIGHT="57" WIDTH="73" VPOS="371" HPOS="743"/>
</TextLine>
<TextLine HEIGHT="74" WIDTH="1915" VPOS="447" HPOS="242" STYLEREFS="StyleId-CB1FEF18-A0AF-4AAF-ACBD-8E089CD1371D-">
<String LANG="de" CONTENT="Howard" HEIGHT="56" WIDTH="277" VPOS="449" HPOS="242"/>
<SP HEIGHT="56" WIDTH="21" VPOS="449" HPOS="520"/>
<String LANG="en-US" CONTENT="Pyle," HEIGHT="71" WIDTH="172" VPOS="449" HPOS="542"/>
<SP HEIGHT="50" WIDTH="25" VPOS="470" HPOS="715"/>
<String LANG="en-US" CONTENT="a" HEIGHT="37" WIDTH="36" VPOS="470" HPOS="741"/>
<SP HEIGHT="40" WIDTH="22" VPOS="467" HPOS="778"/>
<String LANG="en-US" CONTENT="chronicle" HEIGHT="57" WIDTH="307" VPOS="448" HPOS="801"/>
<SP HEIGHT="56" WIDTH="23" VPOS="449" HPOS="1109"/>
<String LANG="en-US" CONTENT="by" HEIGHT="71" WIDTH="81" VPOS="449" HPOS="1133"/>
<SP HEIGHT="73" WIDTH="24" VPOS="447" HPOS="1215"/>
<String LANG="de" CONTENT="Charles" HEIGHT="59" WIDTH="259" VPOS="447" HPOS="1240"/>
<SP HEIGHT="56" WIDTH="22" VPOS="450" HPOS="1500"/>
<String LANG="de" CONTENT="D." HEIGHT="55" WIDTH="73" VPOS="450" HPOS="1523"/>
<SP HEIGHT="55" WIDTH="26" VPOS="450" HPOS="1597"/>
<String LANG="de" CONTENT="Abbott," HEIGHT="71" WIDTH="255" VPOS="450" HPOS="1624"/>
<SP HEIGHT="52" WIDTH="24" VPOS="469" HPOS="1880"/>
<String LANG="en-US" CONTENT="with" HEIGHT="57" WIDTH="150" VPOS="449" HPOS="1905"/>
<SP HEIGHT="57" WIDTH="25" VPOS="449" HPOS="2056"/>
<String LANG="de" CONTENT="an" HEIGHT="38" WIDTH="75" VPOS="468" HPOS="2082"/>
</TextLine>
<TextLine HEIGHT="72" WIDTH="1994" VPOS="525" HPOS="163" STYLEREFS="StyleId-CB1FEF18-A0AF-4AAF-ACBD-8E089CD1371D-">
<String CONTENT="introduction" HEIGHT="57" WIDTH="425" VPOS="526" HPOS="163"/>
<SP HEIGHT="56" WIDTH="22" VPOS="527" HPOS="589"/>
<String CONTENT="by" HEIGHT="70" WIDTH="82" VPOS="527" HPOS="612"/>
<SP HEIGHT="72" WIDTH="25" VPOS="525" HPOS="695"/>
<String CONTENT="N." HEIGHT="58" WIDTH="74" VPOS="525" HPOS="721"/>
<SP HEIGHT="59" WIDTH="32" VPOS="525" HPOS="796"/>
<String CONTENT="C." HEIGHT="59" WIDTH="64" VPOS="525" HPOS="829"/>
<SP HEIGHT="58" WIDTH="25" VPOS="526" HPOS="894"/>
<String CONTENT="Wyeth" HEIGHT="71" WIDTH="231" VPOS="526" HPOS="920"/>
<SP HEIGHT="56" WIDTH="26" VPOS="526" HPOS="1152"/>
<String CONTENT="and" HEIGHT="56" WIDTH="122" VPOS="527" HPOS="1179"/>
<SP HEIGHT="56" WIDTH="24" VPOS="527" HPOS="1302"/>
<String CONTENT="many" HEIGHT="52" WIDTH="189" VPOS="545" HPOS="1327"/>
<SP HEIGHT="71" WIDTH="24" VPOS="526" HPOS="1517"/>
<String CONTENT="illustrations" HEIGHT="59" WIDTH="422" VPOS="526" HPOS="1542"/>
<SP HEIGHT="57" WIDTH="27" VPOS="527" HPOS="1965"/>
<String CONTENT="from" HEIGHT="57" WIDTH="164" VPOS="527" HPOS="1993"/>
</TextLine>
<TextLine HEIGHT="72" WIDTH="1998" VPOS="604" HPOS="164" STYLEREFS="StyleId-CB1FEF18-A0AF-4AAF-ACBD-8E089CD1371D-">
<String CONTENT="Howard" HEIGHT="57" WIDTH="277" VPOS="604" HPOS="164"/>
<SP HEIGHT="56" WIDTH="31" VPOS="605" HPOS="442"/>
<String CONTENT="Pyle&#8217;s" HEIGHT="70" WIDTH="215" VPOS="605" HPOS="474"/>
<SP HEIGHT="37" WIDTH="30" VPOS="623" HPOS="690"/>
<String CONTENT="works." HEIGHT="57" WIDTH="222" VPOS="604" HPOS="721"/>
<SP HEIGHT="57" WIDTH="98" VPOS="604" HPOS="944"/>
<String CONTENT="New" HEIGHT="57" WIDTH="153" VPOS="604" HPOS="1043"/>
<SP HEIGHT="57" WIDTH="27" VPOS="604" HPOS="1197"/>
<String CONTENT="York" HEIGHT="56" WIDTH="174" VPOS="604" HPOS="1225"/>
<SP HEIGHT="56" WIDTH="31" VPOS="604" HPOS="1400"/>
<String CONTENT="&amp;" HEIGHT="55" WIDTH="48" VPOS="605" HPOS="1432"/>
<SP HEIGHT="55" WIDTH="31" VPOS="605" HPOS="1481"/>
<String CONTENT="London," HEIGHT="71" WIDTH="277" VPOS="605" HPOS="1513"/>
<SP HEIGHT="72" WIDTH="33" VPOS="604" HPOS="1791"/>
<String CONTENT="Harper" HEIGHT="72" WIDTH="257" VPOS="604" HPOS="1825"/>
<SP HEIGHT="56" WIDTH="31" VPOS="606" HPOS="2083"/>
<String CONTENT="&amp;" HEIGHT="56" WIDTH="47" VPOS="606" HPOS="2115"/>
</TextLine>
<TextLine HEIGHT="70" WIDTH="506" VPOS="683" HPOS="162" STYLEREFS="StyleId-CB1FEF18-A0AF-4AAF-ACBD-8E089CD1371D-">
<String CONTENT="brothers," HEIGHT="70" WIDTH="308" VPOS="683" HPOS="162"/>
<SP HEIGHT="68" WIDTH="32" VPOS="685" HPOS="471"/>
<String CONTENT="1925." HEIGHT="55" WIDTH="164" VPOS="684" HPOS="504"/>
</TextLine>
<TextLine HEIGHT="54" WIDTH="1643" VPOS="759" HPOS="233" CS="1">
<String CONTENT="xix," HEIGHT="53" WIDTH="98" VPOS="759" HPOS="233"/>
<SP HEIGHT="31" WIDTH="26" VPOS="782" HPOS="332"/>
<String CONTENT="[3]," HEIGHT="53" WIDTH="69" VPOS="760" HPOS="359"/>
<SP HEIGHT="50" WIDTH="20" VPOS="760" HPOS="429"/>
<String CONTENT="249" HEIGHT="44" WIDTH="86" VPOS="759" HPOS="450"/>
<SP HEIGHT="52" WIDTH="19" VPOS="759" HPOS="537"/>
<String CONTENT="p." HEIGHT="37" WIDTH="38" VPOS="774" HPOS="557"/>
<SP HEIGHT="28" WIDTH="60" VPOS="775" HPOS="596"/>
<String CONTENT="col." HEIGHT="44" WIDTH="81" VPOS="759" HPOS="657"/>
<SP HEIGHT="43" WIDTH="26" VPOS="760" HPOS="739"/>
<String CONTENT="front.," HEIGHT="52" WIDTH="151" VPOS="760" HPOS="766"/>
<SP HEIGHT="48" WIDTH="24" VPOS="764" HPOS="918"/>
<String CONTENT="illus.," HEIGHT="51" WIDTH="129" VPOS="760" HPOS="943"/>
<SP HEIGHT="37" WIDTH="24" VPOS="774" HPOS="1073"/>
<String CONTENT="plates" HEIGHT="52" WIDTH="140" VPOS="759" HPOS="1098"/>
<SP HEIGHT="53" WIDTH="25" VPOS="760" HPOS="1239"/>
<String CONTENT="(part" HEIGHT="53" WIDTH="126" VPOS="760" HPOS="1265"/>
<SP HEIGHT="36" WIDTH="22" VPOS="769" HPOS="1392"/>
<String CONTENT="col.)" HEIGHT="53" WIDTH="110" VPOS="759" HPOS="1415"/>
<SP HEIGHT="51" WIDTH="24" VPOS="761" HPOS="1526"/>
<String CONTENT="port." HEIGHT="44" WIDTH="115" VPOS="768" HPOS="1551"/>
<SP HEIGHT="43" WIDTH="56" VPOS="761" HPOS="1667"/>
<String CS="1" CONTENT="24&#189;" HEIGHT="42" WIDTH="55" VPOS="761" HPOS="1724"/>
<String STYLE="superscript" CS="1" CONTENT="cm" HEIGHT="17" WIDTH="15" VPOS="763" HPOS="1814"/>
<String CONTENT="." HEIGHT="9" WIDTH="9" VPOS="795" HPOS="1867"/>
</TextLine>
<TextLine HEIGHT="56" WIDTH="1849" VPOS="815" HPOS="165">
<String CONTENT="&#169;" HEIGHT="54" WIDTH="52" VPOS="815" HPOS="165"/>
<SP HEIGHT="54" WIDTH="31" VPOS="815" HPOS="218"/>
<String CONTENT="Dec." HEIGHT="43" WIDTH="111" VPOS="818" HPOS="250"/>
<SP HEIGHT="43" WIDTH="30" VPOS="818" HPOS="362"/>
<String CONTENT="2," HEIGHT="50" WIDTH="40" VPOS="818" HPOS="393"/>
<SP HEIGHT="49" WIDTH="37" VPOS="819" HPOS="434"/>
<String CONTENT="1925;" HEIGHT="54" WIDTH="128" VPOS="815" HPOS="472"/>
<SP HEIGHT="51" WIDTH="32" VPOS="818" HPOS="601"/>
<String CONTENT="2c." HEIGHT="42" WIDTH="65" VPOS="818" HPOS="634"/>
<SP HEIGHT="43" WIDTH="33" VPOS="817" HPOS="700"/>
<String CONTENT="Dec." HEIGHT="44" WIDTH="108" VPOS="817" HPOS="734"/>
<SP HEIGHT="42" WIDTH="32" VPOS="818" HPOS="843"/>
<String CONTENT="3;" HEIGHT="49" WIDTH="49" VPOS="818" HPOS="876"/>
<SP HEIGHT="35" WIDTH="36" VPOS="832" HPOS="926"/>
<String CONTENT="aff." HEIGHT="42" WIDTH="78" VPOS="818" HPOS="963"/>
<SP HEIGHT="42" WIDTH="34" VPOS="818" HPOS="1042"/>
<String CONTENT="Dec." HEIGHT="43" WIDTH="108" VPOS="818" HPOS="1077"/>
<SP HEIGHT="42" WIDTH="30" VPOS="818" HPOS="1186"/>
<String CONTENT="4;" HEIGHT="51" WIDTH="51" VPOS="818" HPOS="1217"/>
<SP HEIGHT="51" WIDTH="34" VPOS="818" HPOS="1269"/>
<!-- cceid 3746C531-6DD5-1014-B757-AF09C522E301 --><String CONTENT="A" HEIGHT="41" WIDTH="43" VPOS="818" HPOS="1304"/>
<SP HEIGHT="44" WIDTH="32" VPOS="818" HPOS="1348"/>
<String CONTENT="872720;" HEIGHT="53" WIDTH="189" VPOS="817" HPOS="1381"/>
<SP HEIGHT="50" WIDTH="36" VPOS="820" HPOS="1571"/>
<String CONTENT="Harper" HEIGHT="51" WIDTH="184" VPOS="820" HPOS="1608"/>
<SP HEIGHT="43" WIDTH="33" VPOS="819" HPOS="1793"/>
<String CONTENT="&amp;" HEIGHT="43" WIDTH="37" VPOS="819" HPOS="1827"/>
<SP HEIGHT="43" WIDTH="30" VPOS="819" HPOS="1865"/>
<String CONTENT="bros." HEIGHT="43" WIDTH="118" VPOS="819" HPOS="1896"/>
</TextLine>
<TextLine HEIGHT="56" WIDTH="269" VPOS="872" HPOS="243">
<String CONTENT="(25-25284)" HEIGHT="56" WIDTH="269" VPOS="872" HPOS="243"/>
</TextLine>
<TextLine HEIGHT="74" WIDTH="1463" VPOS="957" HPOS="161" STYLEREFS="StyleId-A164CE52-EFF5-4EC9-8B9D-6683D324B06C-">
<String CONTENT="Abbott," HEIGHT="72" WIDTH="253" VPOS="958" HPOS="161"/>
<SP HEIGHT="68" WIDTH="30" VPOS="962" HPOS="415"/>
<String CONTENT="Mrs." HEIGHT="55" WIDTH="152" VPOS="962" HPOS="446"/>
<SP HEIGHT="57" WIDTH="33" VPOS="960" HPOS="599"/>
<String CONTENT="Jane" HEIGHT="57" WIDTH="159" VPOS="960" HPOS="633"/>
<SP HEIGHT="56" WIDTH="30" VPOS="959" HPOS="793"/>
<String CONTENT="Ludlow" HEIGHT="60" WIDTH="262" VPOS="957" HPOS="824"/>
<SP HEIGHT="71" WIDTH="36" VPOS="960" HPOS="1087"/>
<String CONTENT="(Drake)" HEIGHT="74" WIDTH="268" VPOS="957" HPOS="1124"/>
<SP HEIGHT="71" WIDTH="42" VPOS="959" HPOS="1393"/>
<String CONTENT="1881-" HEIGHT="55" WIDTH="188" VPOS="961" HPOS="1436"/>
</TextLine>
<TextLine HEIGHT="73" WIDTH="1923" VPOS="1036" HPOS="238" STYLEREFS="StyleId-CB1FEF18-A0AF-4AAF-ACBD-8E089CD1371D-" CS="1">
<String CONTENT="Barberry" HEIGHT="71" WIDTH="324" VPOS="1037" HPOS="238"/>
<SP HEIGHT="52" WIDTH="24" VPOS="1056" HPOS="563"/>
<String CONTENT="gate," HEIGHT="70" WIDTH="162" VPOS="1039" HPOS="588"/>
<SP HEIGHT="73" WIDTH="26" VPOS="1036" HPOS="751"/>
<String CONTENT="by" HEIGHT="72" WIDTH="83" VPOS="1036" HPOS="778"/>
<SP HEIGHT="71" WIDTH="26" VPOS="1037" HPOS="862"/>
<String CONTENT="Jane" HEIGHT="57" WIDTH="162" VPOS="1037" HPOS="889"/>
<SP HEIGHT="56" WIDTH="28" VPOS="1037" HPOS="1052"/>
<String CONTENT="Abbott" HEIGHT="57" WIDTH="240" VPOS="1036" HPOS="1081"/>
<SP HEIGHT="53" WIDTH="30" VPOS="1040" HPOS="1322"/>
<String CS="1" CONTENT="&#8230;"/>
<SP HEIGHT="37" WIDTH="32" VPOS="1056" HPOS="1416"/>
<String CONTENT="with" HEIGHT="56" WIDTH="152" VPOS="1037" HPOS="1449"/>
<SP HEIGHT="55" WIDTH="25" VPOS="1037" HPOS="1602"/>
<String CONTENT="illustrations" HEIGHT="58" WIDTH="422" VPOS="1037" HPOS="1628"/>
<SP HEIGHT="56" WIDTH="28" VPOS="1038" HPOS="2051"/>
<String CONTENT="by" HEIGHT="70" WIDTH="81" VPOS="1038" HPOS="2080"/>
</TextLine>
<TextLine HEIGHT="76" WIDTH="1993" VPOS="1113" HPOS="163" STYLEREFS="StyleId-CB1FEF18-A0AF-4AAF-ACBD-8E089CD1371D-">
<String CONTENT="Franc" HEIGHT="56" WIDTH="208" VPOS="1116" HPOS="163"/>
<SP HEIGHT="57" WIDTH="39" VPOS="1115" HPOS="372"/>
<String CONTENT="Boot" HEIGHT="58" WIDTH="165" VPOS="1115" HPOS="412"/>
<SP HEIGHT="58" WIDTH="40" VPOS="1115" HPOS="578"/>
<String CONTENT="McCreery." HEIGHT="72" WIDTH="357" VPOS="1113" HPOS="619"/>
<SP HEIGHT="55" WIDTH="99" VPOS="1116" HPOS="977"/>
<String CONTENT="Philadelphia" HEIGHT="71" WIDTH="439" VPOS="1114" HPOS="1077"/>
<SP HEIGHT="56" WIDTH="43" VPOS="1115" HPOS="1517"/>
<String CONTENT="&amp;" HEIGHT="56" WIDTH="47" VPOS="1115" HPOS="1561"/>
<SP HEIGHT="56" WIDTH="43" VPOS="1115" HPOS="1609"/>
<String CONTENT="London," HEIGHT="74" WIDTH="279" VPOS="1115" HPOS="1653"/>
<SP HEIGHT="73" WIDTH="44" VPOS="1116" HPOS="1933"/>
<String CONTENT="J." HEIGHT="57" WIDTH="59" VPOS="1116" HPOS="1978"/>
<SP HEIGHT="57" WIDTH="48" VPOS="1115" HPOS="2038"/>
<String CONTENT="B." HEIGHT="57" WIDTH="69" VPOS="1115" HPOS="2087"/>
</TextLine>
<TextLine HEIGHT="72" WIDTH="937" VPOS="1193" HPOS="161" STYLEREFS="StyleId-CB1FEF18-A0AF-4AAF-ACBD-8E089CD1371D-" CS="1">
<String CONTENT="Lippincott" HEIGHT="71" WIDTH="364" VPOS="1193" HPOS="161"/>
<SP HEIGHT="53" WIDTH="29" VPOS="1196" HPOS="526"/>
<String CONTENT="company" HEIGHT="54" WIDTH="306" VPOS="1210" HPOS="556"/>
<SP HEIGHT="65" WIDTH="24" VPOS="1200" HPOS="863"/>
<String CS="1" CONTENT="[c1925]" HEIGHT="71" WIDTH="165" VPOS="1194" HPOS="933"/>
</TextLine>
<TextLine HEIGHT="61" WIDTH="1048" VPOS="1269" HPOS="231" CS="1">
<String CONTENT="4" HEIGHT="43" WIDTH="27" VPOS="1272" HPOS="231"/>
<SP/>
<String CS="1" CONTENT="p."/>
<SP/>
<String CS="1" CONTENT="l.,"/>
<SP HEIGHT="53" WIDTH="19" VPOS="1270" HPOS="385"/>
<String CS="1" CONTENT="7-300" HEIGHT="44" WIDTH="108" VPOS="1270" HPOS="405"/>
<SP HEIGHT="60" WIDTH="17" VPOS="1270" HPOS="543"/>
<String CONTENT="p." HEIGHT="38" WIDTH="39" VPOS="1284" HPOS="561"/>
<SP HEIGHT="27" WIDTH="58" VPOS="1286" HPOS="601"/>
<String CONTENT="col." HEIGHT="44" WIDTH="82" VPOS="1269" HPOS="660"/>
<SP HEIGHT="42" WIDTH="24" VPOS="1271" HPOS="743"/>
<String CONTENT="front.," HEIGHT="49" WIDTH="151" VPOS="1271" HPOS="768"/>
<SP HEIGHT="39" WIDTH="20" VPOS="1283" HPOS="920"/>
<String CONTENT="plates." HEIGHT="52" WIDTH="156" VPOS="1270" HPOS="941"/>
<SP HEIGHT="41" WIDTH="57" VPOS="1271" HPOS="1098"/>
<String CONTENT="20" HEIGHT="43" WIDTH="53" VPOS="1269" HPOS="1156"/>
<String STYLE="superscript" CONTENT="cm" HEIGHT="17" WIDTH="45" VPOS="1273" HPOS="1217"/>
<String CONTENT="." HEIGHT="7" WIDTH="8" VPOS="1305" HPOS="1271"/>
</TextLine>
<TextLine HEIGHT="54" WIDTH="1850" VPOS="1326" HPOS="163">
<String CONTENT="&#169;" HEIGHT="54" WIDTH="52" VPOS="1326" HPOS="163"/>
<SP HEIGHT="54" WIDTH="32" VPOS="1326" HPOS="216"/>
<String CONTENT="Oct." HEIGHT="44" WIDTH="100" VPOS="1328" HPOS="249"/>
<SP HEIGHT="42" WIDTH="35" VPOS="1330" HPOS="350"/>
<String CONTENT="10," HEIGHT="51" WIDTH="63" VPOS="1328" HPOS="386"/>
<SP HEIGHT="49" WIDTH="34" VPOS="1330" HPOS="450"/>
<String CONTENT="1925;" HEIGHT="54" WIDTH="128" VPOS="1326" HPOS="485"/>
<SP HEIGHT="52" WIDTH="31" VPOS="1328" HPOS="614"/>
<String CONTENT="2c." HEIGHT="42" WIDTH="64" VPOS="1328" HPOS="646"/>
<SP HEIGHT="28" WIDTH="30" VPOS="1342" HPOS="711"/>
<String CONTENT="and" HEIGHT="42" WIDTH="86" VPOS="1329" HPOS="742"/>
<SP HEIGHT="42" WIDTH="31" VPOS="1329" HPOS="829"/>
<String CONTENT="aff." HEIGHT="42" WIDTH="78" VPOS="1329" HPOS="861"/>
<SP HEIGHT="41" WIDTH="33" VPOS="1329" HPOS="940"/>
<String CONTENT="Dec." HEIGHT="42" WIDTH="107" VPOS="1329" HPOS="974"/>
<SP HEIGHT="42" WIDTH="31" VPOS="1328" HPOS="1082"/>
<String CONTENT="9;" HEIGHT="50" WIDTH="51" VPOS="1328" HPOS="1114"/>
<SP HEIGHT="50" WIDTH="32" VPOS="1328" HPOS="1166"/>
<!-- cceid 3746DF16-6DD5-1014-B757-AF09C522E301 --><String CONTENT="A" HEIGHT="41" WIDTH="44" VPOS="1328" HPOS="1199"/>
<SP HEIGHT="43" WIDTH="29" VPOS="1327" HPOS="1244"/>
<String CONTENT="872762;" HEIGHT="53" WIDTH="189" VPOS="1326" HPOS="1274"/>
<SP HEIGHT="52" WIDTH="33" VPOS="1328" HPOS="1464"/>
<String CONTENT="J." HEIGHT="52" WIDTH="39" VPOS="1328" HPOS="1498"/>
<SP HEIGHT="42" WIDTH="35" VPOS="1328" HPOS="1538"/>
<String CONTENT="B." HEIGHT="41" WIDTH="51" VPOS="1328" HPOS="1574"/>
<SP HEIGHT="41" WIDTH="32" VPOS="1328" HPOS="1626"/>
<String CONTENT="Lippincott" HEIGHT="53" WIDTH="256" VPOS="1327" HPOS="1659"/>
<SP HEIGHT="36" WIDTH="31" VPOS="1336" HPOS="1916"/>
<String CONTENT="co." HEIGHT="28" WIDTH="65" VPOS="1344" HPOS="1948"/>
</TextLine>
<TextLine HEIGHT="55" WIDTH="270" VPOS="1383" HPOS="240">
<String CONTENT="(25-25279)" HEIGHT="55" WIDTH="270" VPOS="1383" HPOS="240"/>
</TextLine>
<TextLine HEIGHT="74" WIDTH="1393" VPOS="1468" HPOS="161" STYLEREFS="StyleId-A164CE52-EFF5-4EC9-8B9D-6683D324B06C-">
<String CONTENT="Algeo," HEIGHT="73" WIDTH="215" VPOS="1469" HPOS="161"/>
<SP HEIGHT="70" WIDTH="34" VPOS="1471" HPOS="377"/>
<String CONTENT="Mrs." HEIGHT="57" WIDTH="152" VPOS="1471" HPOS="412"/>
<SP HEIGHT="58" WIDTH="38" VPOS="1470" HPOS="565"/>
<String CONTENT="Sara" HEIGHT="58" WIDTH="162" VPOS="1470" HPOS="604"/>
<SP HEIGHT="72" WIDTH="40" VPOS="1470" HPOS="767"/>
<String CONTENT="(MacCormack)" HEIGHT="74" WIDTH="510" VPOS="1468" HPOS="808"/>
<SP HEIGHT="71" WIDTH="44" VPOS="1471" HPOS="1319"/>
<String CONTENT="1876-" HEIGHT="58" WIDTH="190" VPOS="1470" HPOS="1364"/>
</TextLine>
<TextLine HEIGHT="150" WIDTH="1972" VPOS="1547" HPOS="160" STYLEREFS="StyleId-CB1FEF18-A0AF-4AAF-ACBD-8E089CD1371D-" CS="1">
<String CONTENT="The" HEIGHT="58" WIDTH="127" VPOS="1550" HPOS="241"/>
<SP HEIGHT="40" WIDTH="34" VPOS="1568" HPOS="369"/>
<String CONTENT="story" HEIGHT="70" WIDTH="178" VPOS="1550" HPOS="404"/>
<SP HEIGHT="50" WIDTH="32" VPOS="1570" HPOS="583"/>
<String CONTENT="of" HEIGHT="57" WIDTH="67" VPOS="1550" HPOS="616"/>
<SP HEIGHT="57" WIDTH="32" VPOS="1550" HPOS="684"/>
<String CONTENT="a" HEIGHT="38" WIDTH="37" VPOS="1567" HPOS="717"/>
<SP HEIGHT="39" WIDTH="33" VPOS="1567" HPOS="755"/>
<String CONTENT="sub-pioneer," HEIGHT="73" WIDTH="415" VPOS="1547" HPOS="789"/>
<SP HEIGHT="69" WIDTH="31" VPOS="1551" HPOS="1205"/>
<String CONTENT="by" HEIGHT="69" WIDTH="83" VPOS="1551" HPOS="1237"/>
<SP HEIGHT="70" WIDTH="33" VPOS="1550" HPOS="1321"/>
<String CONTENT="Sara" HEIGHT="58" WIDTH="164" VPOS="1550" HPOS="1355"/>
<SP HEIGHT="57" WIDTH="31" VPOS="1548" HPOS="1520"/>
<String CONTENT="M." HEIGHT="57" WIDTH="83" VPOS="1548" HPOS="1552"/>
<SP HEIGHT="56" WIDTH="32" VPOS="1550" HPOS="1636"/>
<String CONTENT="Algeo." HEIGHT="71" WIDTH="218" VPOS="1550" HPOS="1669"/>
<SP HEIGHT="56" WIDTH="73" VPOS="1550" HPOS="1888"/>
<String CONTENT="Providence," HEIGHT="147" WIDTH="1972" VPOS="1550" HPOS="160"/>
</TextLine>
<TextLine HEIGHT="71" WIDTH="1384" VPOS="1626" HPOS="426" STYLEREFS="StyleId-CB1FEF18-A0AF-4AAF-ACBD-8E089CD1371D-" CS="1">
<String CONTENT="R." HEIGHT="55" WIDTH="71" VPOS="1628" HPOS="426"/>
<SP HEIGHT="55" WIDTH="32" VPOS="1627" HPOS="498"/>
<String CONTENT="I.," HEIGHT="70" WIDTH="70" VPOS="1627" HPOS="531"/>
<SP HEIGHT="70" WIDTH="34" VPOS="1627" HPOS="602"/>
<String CONTENT="Snow" HEIGHT="58" WIDTH="184" VPOS="1627" HPOS="637"/>
<SP HEIGHT="56" WIDTH="30" VPOS="1627" HPOS="822"/>
<String CONTENT="&amp;" HEIGHT="56" WIDTH="47" VPOS="1627" HPOS="853"/>
<SP HEIGHT="57" WIDTH="28" VPOS="1626" HPOS="901"/>
<String CONTENT="Farnham" HEIGHT="57" WIDTH="321" VPOS="1626" HPOS="930"/>
<SP HEIGHT="38" WIDTH="31" VPOS="1646" HPOS="1252"/>
<String CONTENT="company" HEIGHT="52" WIDTH="306" VPOS="1645" HPOS="1284"/>
<SP HEIGHT="50" WIDTH="32" VPOS="1647" HPOS="1591"/>
<String CS="1" CONTENT="[c"/>
<String LANG="el" CS="1" CONTENT="1925]" HEIGHT="55" WIDTH="149" VPOS="1627" HPOS="1661"/>
</TextLine>
<TextLine HEIGHT="55" WIDTH="1398" VPOS="1700" HPOS="231" CS="1">
<String CONTENT="7" HEIGHT="44" WIDTH="24" VPOS="1702" HPOS="231"/>
<SP/>
<String CS="1" CONTENT="p."/>
<SP/>
<String CS="1" CONTENT="l.,"/>
<SP HEIGHT="49" WIDTH="27" VPOS="1706" HPOS="393"/>
<String CONTENT="318" HEIGHT="44" WIDTH="83" VPOS="1705" HPOS="421"/>
<SP HEIGHT="49" WIDTH="23" VPOS="1706" HPOS="505"/>
<String CONTENT="p.," HEIGHT="36" WIDTH="54" VPOS="1719" HPOS="529"/>
<SP HEIGHT="47" WIDTH="31" VPOS="1708" HPOS="584"/>
<String CS="1" CONTENT="1"/>
<SP HEIGHT="46" WIDTH="18" VPOS="1702" HPOS="646"/>
<String CS="1" CONTENT="l." HEIGHT="9" WIDTH="8" VPOS="1737" HPOS="683"/>
<SP HEIGHT="42" WIDTH="62" VPOS="1704" HPOS="692"/>
<String CONTENT="front.," HEIGHT="49" WIDTH="157" VPOS="1704" HPOS="755"/>
<SP HEIGHT="48" WIDTH="28" VPOS="1705" HPOS="913"/>
<String CONTENT="illus." HEIGHT="46" WIDTH="118" VPOS="1702" HPOS="942"/>
<SP HEIGHT="53" WIDTH="26" VPOS="1702" HPOS="1061"/>
<String CONTENT="(incl." HEIGHT="53" WIDTH="126" VPOS="1702" HPOS="1088"/>
<SP HEIGHT="37" WIDTH="27" VPOS="1717" HPOS="1215"/>
<String CONTENT="ports.)" HEIGHT="54" WIDTH="169" VPOS="1700" HPOS="1243"/>
<SP HEIGHT="53" WIDTH="65" VPOS="1700" HPOS="1413"/>
<String CS="1" CONTENT="23&#189;" HEIGHT="43" WIDTH="53" VPOS="1703" HPOS="1479"/>
<String STYLE="superscript" CONTENT="cm" HEIGHT="18" WIDTH="47" VPOS="1704" HPOS="1568"/>
<String CONTENT="." HEIGHT="8" WIDTH="7" VPOS="1738" HPOS="1622"/>
</TextLine>
<TextLine HEIGHT="52" WIDTH="1923" VPOS="1759" HPOS="232">
<String CONTENT="&#8220;This" HEIGHT="46" WIDTH="139" VPOS="1760" HPOS="232"/>
<SP HEIGHT="31" WIDTH="28" VPOS="1775" HPOS="372"/>
<String CONTENT="edition" HEIGHT="44" WIDTH="172" VPOS="1760" HPOS="401"/>
<SP HEIGHT="30" WIDTH="27" VPOS="1776" HPOS="574"/>
<String CONTENT="of" HEIGHT="44" WIDTH="50" VPOS="1762" HPOS="602"/>
<SP HEIGHT="42" WIDTH="33" VPOS="1761" HPOS="653"/>
<String CONTENT="&#8216;The" HEIGHT="47" WIDTH="110" VPOS="1759" HPOS="687"/>
<SP HEIGHT="29" WIDTH="27" VPOS="1777" HPOS="798"/>
<String CONTENT="story" HEIGHT="42" WIDTH="128" VPOS="1769" HPOS="826"/>
<SP HEIGHT="36" WIDTH="26" VPOS="1775" HPOS="955"/>
<String CONTENT="of" HEIGHT="44" WIDTH="52" VPOS="1762" HPOS="982"/>
<SP HEIGHT="43" WIDTH="27" VPOS="1762" HPOS="1035"/>
<String CONTENT="a" HEIGHT="27" WIDTH="25" VPOS="1778" HPOS="1063"/>
<SP HEIGHT="27" WIDTH="28" VPOS="1778" HPOS="1089"/>
<String CONTENT="sub-pioneer&#8217;," HEIGHT="52" WIDTH="319" VPOS="1759" HPOS="1118"/>
<SP HEIGHT="49" WIDTH="29" VPOS="1761" HPOS="1438"/>
<String CONTENT="is" HEIGHT="44" WIDTH="37" VPOS="1761" HPOS="1468"/>
<SP HEIGHT="45" WIDTH="28" VPOS="1760" HPOS="1506"/>
<String CONTENT="limited" HEIGHT="45" WIDTH="172" VPOS="1759" HPOS="1535"/>
<SP HEIGHT="43" WIDTH="27" VPOS="1761" HPOS="1708"/>
<String CONTENT="to" HEIGHT="37" WIDTH="48" VPOS="1768" HPOS="1736"/>
<SP HEIGHT="29" WIDTH="29" VPOS="1777" HPOS="1785"/>
<String CONTENT="one" HEIGHT="30" WIDTH="86" VPOS="1776" HPOS="1815"/>
<SP HEIGHT="35" WIDTH="28" VPOS="1771" HPOS="1902"/>
<String CONTENT="thousand" HEIGHT="44" WIDTH="224" VPOS="1762" HPOS="1931"/>
</TextLine>
<TextLine HEIGHT="52" WIDTH="1994" VPOS="1816" HPOS="161">
<String CONTENT="copies," HEIGHT="49" WIDTH="164" VPOS="1819" HPOS="161"/>
<SP HEIGHT="42" WIDTH="24" VPOS="1826" HPOS="326"/>
<String CONTENT="the" HEIGHT="44" WIDTH="73" VPOS="1818" HPOS="351"/>
<SP HEIGHT="44" WIDTH="22" VPOS="1817" HPOS="425"/>
<String CONTENT="first" HEIGHT="45" WIDTH="100" VPOS="1817" HPOS="448"/>
<SP HEIGHT="36" WIDTH="24" VPOS="1826" HPOS="549"/>
<String CONTENT="two" HEIGHT="36" WIDTH="91" VPOS="1826" HPOS="574"/>
<SP HEIGHT="43" WIDTH="23" VPOS="1817" HPOS="666"/>
<String CONTENT="hundred" HEIGHT="44" WIDTH="204" VPOS="1817" HPOS="690"/>
<SP HEIGHT="43" WIDTH="23" VPOS="1818" HPOS="895"/>
<String CONTENT="of" HEIGHT="45" WIDTH="50" VPOS="1816" HPOS="919"/>
<SP HEIGHT="44" WIDTH="21" VPOS="1816" HPOS="970"/>
<String CONTENT="which" HEIGHT="43" WIDTH="149" VPOS="1817" HPOS="992"/>
<SP HEIGHT="42" WIDTH="22" VPOS="1818" HPOS="1142"/>
<String CONTENT="will" HEIGHT="45" WIDTH="94" VPOS="1816" HPOS="1165"/>
<SP HEIGHT="45" WIDTH="22" VPOS="1816" HPOS="1260"/>
<String CONTENT="be" HEIGHT="43" WIDTH="55" VPOS="1816" HPOS="1283"/>
<SP HEIGHT="27" WIDTH="25" VPOS="1831" HPOS="1339"/>
<String CONTENT="reserved" HEIGHT="43" WIDTH="210" VPOS="1818" HPOS="1365"/>
<SP HEIGHT="44" WIDTH="21" VPOS="1818" HPOS="1576"/>
<String CONTENT="by" HEIGHT="48" WIDTH="60" VPOS="1820" HPOS="1598"/>
<SP HEIGHT="41" WIDTH="21" VPOS="1827" HPOS="1659"/>
<String CONTENT="the" HEIGHT="43" WIDTH="75" VPOS="1819" HPOS="1681"/>
<SP HEIGHT="29" WIDTH="23" VPOS="1833" HPOS="1757"/>
<String CONTENT="author" HEIGHT="44" WIDTH="166" VPOS="1818" HPOS="1781"/>
<SP HEIGHT="41" WIDTH="25" VPOS="1820" HPOS="1948"/>
<String CONTENT="for" HEIGHT="44" WIDTH="73" VPOS="1820" HPOS="1974"/>
<SP HEIGHT="43" WIDTH="24" VPOS="1819" HPOS="2048"/>
<String CONTENT="her" HEIGHT="44" WIDTH="82" VPOS="1819" HPOS="2073"/>
</TextLine>
<TextLine HEIGHT="51" WIDTH="1086" VPOS="1872" HPOS="161">
<String CONTENT="fellow" HEIGHT="46" WIDTH="154" VPOS="1873" HPOS="161"/>
<SP HEIGHT="29" WIDTH="26" VPOS="1889" HPOS="316"/>
<String CONTENT="suffragists." HEIGHT="50" WIDTH="277" VPOS="1873" HPOS="343"/>
<SP HEIGHT="45" WIDTH="58" VPOS="1872" HPOS="621"/>
<String CONTENT="This" HEIGHT="46" WIDTH="113" VPOS="1872" HPOS="680"/>
<SP HEIGHT="29" WIDTH="26" VPOS="1889" HPOS="794"/>
<String CONTENT="copy," HEIGHT="37" WIDTH="126" VPOS="1886" HPOS="821"/>
<SP HEIGHT="45" WIDTH="11" VPOS="1873" HPOS="948"/>
<String CONTENT="is" HEIGHT="44" WIDTH="38" VPOS="1873" HPOS="960"/>
<SP HEIGHT="28" WIDTH="25" VPOS="1889" HPOS="999"/>
<String CONTENT="no." HEIGHT="28" WIDTH="71" VPOS="1888" HPOS="1025"/>
<SP HEIGHT="40" WIDTH="32" VPOS="1876" HPOS="1097"/>
<String CONTENT="108.&#8221;" HEIGHT="45" WIDTH="117" VPOS="1873" HPOS="1130"/>
</TextLine>
<TextLine HEIGHT="57" WIDTH="1748" VPOS="1925" HPOS="157" CS="1">
<String CONTENT="&#169;" HEIGHT="53" WIDTH="57" VPOS="1926" HPOS="157"/>
<SP HEIGHT="53" WIDTH="29" VPOS="1926" HPOS="215"/>
<String CONTENT="Dec." HEIGHT="43" WIDTH="109" VPOS="1928" HPOS="245"/>
<SP HEIGHT="43" WIDTH="29" VPOS="1928" HPOS="355"/>
<String CONTENT="5," HEIGHT="51" WIDTH="38" VPOS="1928" HPOS="385"/>
<SP HEIGHT="50" WIDTH="31" VPOS="1929" HPOS="424"/>
<String CONTENT="1925;" HEIGHT="52" WIDTH="130" VPOS="1926" HPOS="456"/>
<SP HEIGHT="51" WIDTH="29" VPOS="1927" HPOS="587"/>
<String CONTENT="2c." HEIGHT="42" WIDTH="65" VPOS="1927" HPOS="617"/>
<SP HEIGHT="42" WIDTH="29" VPOS="1927" HPOS="683"/>
<String CONTENT="Dec." HEIGHT="42" WIDTH="109" VPOS="1927" HPOS="713"/>
<SP HEIGHT="43" WIDTH="27" VPOS="1927" HPOS="823"/>
<String CONTENT="9;" HEIGHT="51" WIDTH="50" VPOS="1927" HPOS="851"/>
<SP HEIGHT="37" WIDTH="32" VPOS="1941" HPOS="902"/>
<String CONTENT="aff." HEIGHT="43" WIDTH="79" VPOS="1927" HPOS="935"/>
<SP HEIGHT="42" WIDTH="29" VPOS="1927" HPOS="1015"/>
<String CONTENT="Dec." HEIGHT="42" WIDTH="108" VPOS="1927" HPOS="1045"/>
<SP HEIGHT="42" WIDTH="29" VPOS="1927" HPOS="1154"/>
<String CONTENT="8;" HEIGHT="51" WIDTH="49" VPOS="1927" HPOS="1184"/>
<SP HEIGHT="50" WIDTH="31" VPOS="1928" HPOS="1234"/>
<!-- cceid 3746F8C4-6DD5-1014-B757-AF09C522E301 --><String CONTENT="A" HEIGHT="41" WIDTH="43" VPOS="1928" HPOS="1266"/>
<SP HEIGHT="43" WIDTH="30" VPOS="1927" HPOS="1310"/>
<String CONTENT="875427;" HEIGHT="54" WIDTH="189" VPOS="1925" HPOS="1341"/>
<SP HEIGHT="52" WIDTH="36" VPOS="1927" HPOS="1531"/>
<String CONTENT="S." HEIGHT="45" WIDTH="44" VPOS="1927" HPOS="1568"/>
<SP HEIGHT="41" WIDTH="33" VPOS="1929" HPOS="1613"/>
<String CONTENT="M." HEIGHT="41" WIDTH="63" VPOS="1929" HPOS="1647"/>
<SP HEIGHT="41" WIDTH="30" VPOS="1930" HPOS="1711"/>
<String CONTENT="Algeo," HEIGHT="53" WIDTH="163" VPOS="1929" HPOS="1742"/>
</TextLine>
<TextLine HEIGHT="109" WIDTH="1905" VPOS="1929" HPOS="229" CS="1">
<String CONTENT="Barrington," HEIGHT="105" WIDTH="1905" VPOS="1929" HPOS="229"/>
<SP HEIGHT="50" WIDTH="36" VPOS="1984" HPOS="320"/>
<String CONTENT="R." HEIGHT="43" WIDTH="52" VPOS="1984" HPOS="357"/>
<SP HEIGHT="43" WIDTH="37" VPOS="1984" HPOS="410"/>
<String CONTENT="I." HEIGHT="43" WIDTH="34" VPOS="1984" HPOS="448"/>
<SP HEIGHT="53" WIDTH="68" VPOS="1984" HPOS="483"/>
<String CONTENT="(25-25532)" HEIGHT="58" WIDTH="270" VPOS="1980" HPOS="552"/>
</TextLine>
<TextLine HEIGHT="59" WIDTH="883" VPOS="2069" HPOS="161" STYLEREFS="StyleId-A164CE52-EFF5-4EC9-8B9D-6683D324B06C-">
<String CONTENT="The" HEIGHT="57" WIDTH="127" VPOS="2071" HPOS="161"/>
<SP HEIGHT="57" WIDTH="30" VPOS="2071" HPOS="289"/>
<String CONTENT="Architectural" HEIGHT="59" WIDTH="467" VPOS="2069" HPOS="320"/>
<SP HEIGHT="57" WIDTH="27" VPOS="2069" HPOS="788"/>
<String CONTENT="forum." HEIGHT="58" WIDTH="228" VPOS="2070" HPOS="816"/>
</TextLine>
<TextLine HEIGHT="151" WIDTH="1977" VPOS="2146" HPOS="158" STYLEREFS="StyleId-CB1FEF18-A0AF-4AAF-ACBD-8E089CD1371D-" CS="1">
<String CONTENT="Seventy-two" HEIGHT="72" WIDTH="420" VPOS="2148" HPOS="237"/>
<SP HEIGHT="56" WIDTH="43" VPOS="2148" HPOS="658"/>
<String CONTENT="designs" HEIGHT="72" WIDTH="253" VPOS="2147" HPOS="702"/>
<SP HEIGHT="58" WIDTH="40" VPOS="2146" HPOS="956"/>
<String CONTENT="for" HEIGHT="57" WIDTH="105" VPOS="2146" HPOS="997"/>
<SP HEIGHT="56" WIDTH="37" VPOS="2146" HPOS="1103"/>
<String CONTENT="fireproof" HEIGHT="72" WIDTH="306" VPOS="2146" HPOS="1141"/>
<SP HEIGHT="57" WIDTH="38" VPOS="2146" HPOS="1448"/>
<String CONTENT="homes," HEIGHT="74" WIDTH="233" VPOS="2146" HPOS="1487"/>
<SP HEIGHT="71" WIDTH="41" VPOS="2149" HPOS="1721"/>
<String CONTENT="from" HEIGHT="57" WIDTH="168" VPOS="2149" HPOS="1763"/>
<SP HEIGHT="38" WIDTH="42" VPOS="2169" HPOS="1932"/>
<String CONTENT="a" HEIGHT="38" WIDTH="35" VPOS="2169" HPOS="1975"/>
<SP HEIGHT="38" WIDTH="39" VPOS="2169" HPOS="2011"/>
<String CONTENT="national" HEIGHT="114" WIDTH="1977" VPOS="2170" HPOS="158"/>
<SP HEIGHT="57" WIDTH="21" VPOS="2226" HPOS="356"/>
<String CONTENT="competition" HEIGHT="72" WIDTH="403" VPOS="2225" HPOS="378"/>
</TextLine>
<TextLine HEIGHT="150" WIDTH="2000" VPOS="2225" HPOS="157" STYLEREFS="StyleId-CB1FEF18-A0AF-4AAF-ACBD-8E089CD1371D-" CS="1">
<String CONTENT="among" HEIGHT="52" WIDTH="228" VPOS="2244" HPOS="806"/>
<SP HEIGHT="52" WIDTH="19" VPOS="2244" HPOS="1035"/>
<String CONTENT="architects," HEIGHT="72" WIDTH="353" VPOS="2225" HPOS="1055"/>
<SP HEIGHT="71" WIDTH="24" VPOS="2226" HPOS="1409"/>
<String CONTENT="draftsmen" HEIGHT="59" WIDTH="354" VPOS="2225" HPOS="1434"/>
<SP HEIGHT="37" WIDTH="22" VPOS="2246" HPOS="1789"/>
<String CONTENT="and" HEIGHT="55" WIDTH="123" VPOS="2229" HPOS="1812"/>
<SP HEIGHT="56" WIDTH="22" VPOS="2229" HPOS="1936"/>
<String CONTENT="architectural" HEIGHT="133" WIDTH="1975" VPOS="2228" HPOS="157"/>
<SP HEIGHT="57" WIDTH="31" VPOS="2305" HPOS="425"/>
<String CONTENT="students," HEIGHT="70" WIDTH="305" VPOS="2305" HPOS="457"/>
<SP HEIGHT="52" WIDTH="31" VPOS="2323" HPOS="763"/>
<String CONTENT="approved" HEIGHT="70" WIDTH="323" VPOS="2304" HPOS="795"/>
<SP HEIGHT="57" WIDTH="29" VPOS="2303" HPOS="1119"/>
<String CONTENT="by" HEIGHT="70" WIDTH="85" VPOS="2303" HPOS="1149"/>
<SP HEIGHT="67" WIDTH="27" VPOS="2306" HPOS="1235"/>
<String CONTENT="the" HEIGHT="58" WIDTH="103" VPOS="2303" HPOS="1263"/>
<SP HEIGHT="58" WIDTH="31" VPOS="2303" HPOS="1367"/>
<String CONTENT="American" HEIGHT="58" WIDTH="337" VPOS="2303" HPOS="1399"/>
<SP HEIGHT="56" WIDTH="29" VPOS="2305" HPOS="1737"/>
<String CONTENT="institute" HEIGHT="59" WIDTH="289" VPOS="2305" HPOS="1767"/>
<SP HEIGHT="37" WIDTH="32" VPOS="2327" HPOS="2057"/>
<String CONTENT="of" HEIGHT="57" WIDTH="67" VPOS="2307" HPOS="2090"/>
</TextLine>
<TextLine HEIGHT="72" WIDTH="1930" VPOS="2381" HPOS="158" STYLEREFS="StyleId-CB1FEF18-A0AF-4AAF-ACBD-8E089CD1371D-" CS="1">
<String CONTENT="architects" HEIGHT="57" WIDTH="334" VPOS="2383" HPOS="158"/>
<SP HEIGHT="38" WIDTH="33" VPOS="2401" HPOS="493"/>
<String CONTENT="and" HEIGHT="56" WIDTH="122" VPOS="2383" HPOS="527"/>
<SP HEIGHT="56" WIDTH="33" VPOS="2383" HPOS="650"/>
<String CONTENT="conducted" HEIGHT="57" WIDTH="343" VPOS="2382" HPOS="684"/>
<SP HEIGHT="57" WIDTH="28" VPOS="2381" HPOS="1028"/>
<String CONTENT="by" HEIGHT="72" WIDTH="82" VPOS="2381" HPOS="1057"/>
<SP HEIGHT="72" WIDTH="33" VPOS="2381" HPOS="1140"/>
<String CONTENT="The" HEIGHT="58" WIDTH="128" VPOS="2381" HPOS="1174"/>
<SP HEIGHT="58" WIDTH="32" VPOS="2381" HPOS="1303"/>
<String CONTENT="Architectural" HEIGHT="58" WIDTH="468" VPOS="2381" HPOS="1336"/>
<SP HEIGHT="57" WIDTH="30" VPOS="2383" HPOS="1805"/>
<String CONTENT="forum" HEIGHT="57" WIDTH="212" VPOS="2384" HPOS="1836"/>
<SP HEIGHT="38" WIDTH="39" VPOS="2404" HPOS="2049"/>
<String CS="1" CONTENT="&#8230;"/>
</TextLine>
<TextLine HEIGHT="75" WIDTH="1884" VPOS="2459" HPOS="160" STYLEREFS="StyleId-CB1FEF18-A0AF-4AAF-ACBD-8E089CD1371D-">
<String CONTENT="[Chicago]" HEIGHT="74" WIDTH="306" VPOS="2460" HPOS="160"/>
<SP HEIGHT="71" WIDTH="38" VPOS="2461" HPOS="467"/>
<String CONTENT="The" HEIGHT="57" WIDTH="128" VPOS="2460" HPOS="506"/>
<SP HEIGHT="58" WIDTH="34" VPOS="2460" HPOS="635"/>
<String CONTENT="United" HEIGHT="58" WIDTH="237" VPOS="2460" HPOS="670"/>
<SP HEIGHT="58" WIDTH="36" VPOS="2459" HPOS="908"/>
<String CONTENT="States" HEIGHT="58" WIDTH="212" VPOS="2459" HPOS="945"/>
<SP HEIGHT="53" WIDTH="36" VPOS="2478" HPOS="1158"/>
<String CONTENT="gypsum" HEIGHT="53" WIDTH="269" VPOS="2478" HPOS="1195"/>
<SP HEIGHT="38" WIDTH="33" VPOS="2478" HPOS="1465"/>
<String CONTENT="company," HEIGHT="55" WIDTH="323" VPOS="2478" HPOS="1499"/>
<SP HEIGHT="63" WIDTH="33" VPOS="2470" HPOS="1823"/>
<String STYLE="superscript" CONTENT="c" HEIGHT="22" WIDTH="19" VPOS="2470" HPOS="1857"/>
<String CONTENT="1925." HEIGHT="56" WIDTH="164" VPOS="2464" HPOS="1880"/>
</TextLine>
<TextLine HEIGHT="55" WIDTH="1019" VPOS="2536" HPOS="230">
<String CONTENT="112" HEIGHT="43" WIDTH="79" VPOS="2539" HPOS="230"/>
<SP HEIGHT="52" WIDTH="18" VPOS="2539" HPOS="310"/>
<String CONTENT="p." HEIGHT="38" WIDTH="40" VPOS="2553" HPOS="329"/>
<SP HEIGHT="44" WIDTH="58" VPOS="2537" HPOS="370"/>
<String CONTENT="illus." HEIGHT="44" WIDTH="117" VPOS="2537" HPOS="429"/>
<SP HEIGHT="52" WIDTH="25" VPOS="2538" HPOS="547"/>
<String CONTENT="(incl." HEIGHT="53" WIDTH="125" VPOS="2537" HPOS="573"/>
<SP HEIGHT="38" WIDTH="22" VPOS="2552" HPOS="699"/>
<String CONTENT="plans)" HEIGHT="54" WIDTH="153" VPOS="2537" HPOS="722"/>
<SP HEIGHT="53" WIDTH="24" VPOS="2538" HPOS="876"/>
<String CONTENT="diagrs." HEIGHT="54" WIDTH="167" VPOS="2536" HPOS="901"/>
<SP HEIGHT="42" WIDTH="58" VPOS="2537" HPOS="1069"/>
<String CONTENT="28" HEIGHT="43" WIDTH="54" VPOS="2537" HPOS="1128"/>
<String STYLE="superscript" CONTENT="cm" HEIGHT="18" WIDTH="47" VPOS="2540" HPOS="1188"/>
<String CONTENT="." HEIGHT="8" WIDTH="7" VPOS="2572" HPOS="1242"/>
</TextLine>
<TextLine HEIGHT="55" WIDTH="1194" VPOS="2593" HPOS="231">
<String CONTENT="Cover-title:" HEIGHT="46" WIDTH="292" VPOS="2595" HPOS="231"/>
<SP HEIGHT="44" WIDTH="33" VPOS="2594" HPOS="524"/>
<String CONTENT="Fireproof" HEIGHT="53" WIDTH="242" VPOS="2594" HPOS="558"/>
<SP HEIGHT="43" WIDTH="20" VPOS="2595" HPOS="801"/>
<String CONTENT="homes" HEIGHT="44" WIDTH="155" VPOS="2595" HPOS="822"/>
<SP HEIGHT="30" WIDTH="22" VPOS="2609" HPOS="978"/>
<String CONTENT="of" HEIGHT="44" WIDTH="52" VPOS="2595" HPOS="1001"/>
<SP HEIGHT="52" WIDTH="21" VPOS="2595" HPOS="1054"/>
<String CONTENT="period" HEIGHT="53" WIDTH="156" VPOS="2594" HPOS="1076"/>
<SP HEIGHT="46" WIDTH="22" VPOS="2594" HPOS="1233"/>
<String CONTENT="design." HEIGHT="55" WIDTH="169" VPOS="2593" HPOS="1256"/>
</TextLine>
<TextLine HEIGHT="57" WIDTH="1995" VPOS="2651" HPOS="158">
<String CONTENT="&#169;" HEIGHT="53" WIDTH="53" VPOS="2653" HPOS="158"/>
<SP HEIGHT="53" WIDTH="30" VPOS="2653" HPOS="212"/>
<String CONTENT="Nov." HEIGHT="42" WIDTH="118" VPOS="2655" HPOS="243"/>
<SP HEIGHT="40" WIDTH="31" VPOS="2656" HPOS="362"/>
<String CONTENT="11," HEIGHT="49" WIDTH="63" VPOS="2656" HPOS="394"/>
<SP HEIGHT="49" WIDTH="29" VPOS="2656" HPOS="458"/>
<String CONTENT="1925;" HEIGHT="54" WIDTH="129" VPOS="2651" HPOS="488"/>
<SP HEIGHT="51" WIDTH="29" VPOS="2654" HPOS="618"/>
<String CONTENT="2c." HEIGHT="42" WIDTH="64" VPOS="2654" HPOS="648"/>
<SP HEIGHT="27" WIDTH="29" VPOS="2669" HPOS="713"/>
<String CONTENT="and" HEIGHT="43" WIDTH="87" VPOS="2653" HPOS="743"/>
<SP HEIGHT="43" WIDTH="25" VPOS="2653" HPOS="831"/>
<String CONTENT="aff." HEIGHT="43" WIDTH="78" VPOS="2653" HPOS="857"/>
<SP HEIGHT="43" WIDTH="30" VPOS="2653" HPOS="936"/>
<String CONTENT="Dec." HEIGHT="43" WIDTH="109" VPOS="2653" HPOS="967"/>
<SP HEIGHT="44" WIDTH="27" VPOS="2652" HPOS="1077"/>
<String CONTENT="7;" HEIGHT="52" WIDTH="48" VPOS="2652" HPOS="1105"/>
<SP HEIGHT="51" WIDTH="31" VPOS="2653" HPOS="1154"/>
<!-- cceid 37471496-6DD5-1014-B757-AF09C522E301 --><String CONTENT="A" HEIGHT="41" WIDTH="43" VPOS="2653" HPOS="1186"/>
<SP HEIGHT="43" WIDTH="30" VPOS="2652" HPOS="1230"/>
<String CONTENT="877171;" HEIGHT="53" WIDTH="189" VPOS="2651" HPOS="1261"/>
<SP HEIGHT="51" WIDTH="31" VPOS="2653" HPOS="1451"/>
<String CONTENT="United" HEIGHT="44" WIDTH="170" VPOS="2653" HPOS="1483"/>
<SP HEIGHT="47" WIDTH="30" VPOS="2652" HPOS="1654"/>
<String CONTENT="States" HEIGHT="47" WIDTH="149" VPOS="2652" HPOS="1685"/>
<SP HEIGHT="30" WIDTH="16" VPOS="2667" HPOS="1835"/>
<String CONTENT="&#8220;gypsum" HEIGHT="41" WIDTH="206" VPOS="2667" HPOS="1852"/>
<SP HEIGHT="28" WIDTH="25" VPOS="2671" HPOS="2059"/>
<String CONTENT="co." HEIGHT="28" WIDTH="68" VPOS="2672" HPOS="2085"/>
</TextLine>
<TextLine HEIGHT="56" WIDTH="268" VPOS="2708" HPOS="238">
<String CONTENT="(25-25283)" HEIGHT="56" WIDTH="268" VPOS="2708" HPOS="238"/>
</TextLine>
<TextLine HEIGHT="75" WIDTH="1325" VPOS="2792" HPOS="158" STYLEREFS="StyleId-CB1FEF18-A0AF-4AAF-ACBD-8E089CD1371D-">
<String CONTENT="Babcock," HEIGHT="72" WIDTH="303" VPOS="2795" HPOS="158"/>
<SP HEIGHT="69" WIDTH="34" VPOS="2798" HPOS="462"/>
<String CONTENT="Mrs." HEIGHT="55" WIDTH="153" VPOS="2798" HPOS="497"/>
<SP HEIGHT="57" WIDTH="37" VPOS="2795" HPOS="651"/>
<String CONTENT="Bemie" HEIGHT="58" WIDTH="224" VPOS="2793" HPOS="689"/>
<SP HEIGHT="71" WIDTH="44" VPOS="2795" HPOS="914"/>
<String CONTENT="(Smade)" HEIGHT="74" WIDTH="287" VPOS="2792" HPOS="959"/>
<SP HEIGHT="71" WIDTH="46" VPOS="2794" HPOS="1247"/>
<String CONTENT="1868-" HEIGHT="55" WIDTH="189" VPOS="2796" HPOS="1294"/>
</TextLine>
<TextLine HEIGHT="76" WIDTH="1922" VPOS="2871" HPOS="230" STYLEREFS="StyleId-CB1FEF18-A0AF-4AAF-ACBD-8E089CD1371D-">
<String CONTENT="Booth" HEIGHT="57" WIDTH="206" VPOS="2874" HPOS="230"/>
<SP HEIGHT="56" WIDTH="23" VPOS="2874" HPOS="437"/>
<String CONTENT="and" HEIGHT="56" WIDTH="122" VPOS="2874" HPOS="461"/>
<SP HEIGHT="56" WIDTH="23" VPOS="2874" HPOS="584"/>
<String CONTENT="the" HEIGHT="57" WIDTH="102" VPOS="2873" HPOS="608"/>
<SP HEIGHT="37" WIDTH="26" VPOS="2892" HPOS="711"/>
<String CONTENT="spirit" HEIGHT="72" WIDTH="189" VPOS="2871" HPOS="738"/>
<SP HEIGHT="54" WIDTH="20" VPOS="2874" HPOS="928"/>
<String CONTENT="of" HEIGHT="57" WIDTH="68" VPOS="2871" HPOS="949"/>
<SP HEIGHT="57" WIDTH="22" VPOS="2871" HPOS="1018"/>
<String CONTENT="Lincoln;" HEIGHT="67" WIDTH="288" VPOS="2871" HPOS="1041"/>
<SP HEIGHT="48" WIDTH="26" VPOS="2890" HPOS="1330"/>
<String CONTENT="a" HEIGHT="36" WIDTH="40" VPOS="2890" HPOS="1357"/>
<SP HEIGHT="37" WIDTH="23" VPOS="2890" HPOS="1398"/>
<String CONTENT="story" HEIGHT="68" WIDTH="176" VPOS="2874" HPOS="1422"/>
<SP HEIGHT="51" WIDTH="22" VPOS="2891" HPOS="1599"/>
<String CONTENT="of" HEIGHT="59" WIDTH="67" VPOS="2872" HPOS="1622"/>
<SP HEIGHT="57" WIDTH="22" VPOS="2872" HPOS="1690"/>
<String CONTENT="a" HEIGHT="37" WIDTH="39" VPOS="2892" HPOS="1713"/>
<SP HEIGHT="55" WIDTH="20" VPOS="2874" HPOS="1753"/>
<String CONTENT="living" HEIGHT="74" WIDTH="200" VPOS="2873" HPOS="1774"/>
<SP HEIGHT="71" WIDTH="19" VPOS="2876" HPOS="1975"/>
<String CONTENT="dead" HEIGHT="58" WIDTH="157" VPOS="2876" HPOS="1995"/>
</TextLine>
<TextLine HEIGHT="77" WIDTH="1997" VPOS="2948" HPOS="155" STYLEREFS="StyleId-CB1FEF18-A0AF-4AAF-ACBD-8E089CD1371D-" CS="1">
<String CONTENT="man," HEIGHT="53" WIDTH="163" VPOS="2971" HPOS="155"/>
<SP HEIGHT="72" WIDTH="21" VPOS="2952" HPOS="319"/>
<String CONTENT="by" HEIGHT="71" WIDTH="83" VPOS="2952" HPOS="341"/>
<SP HEIGHT="72" WIDTH="20" VPOS="2951" HPOS="425"/>
<String CONTENT="Bernie" HEIGHT="56" WIDTH="228" VPOS="2951" HPOS="446"/>
<SP HEIGHT="57" WIDTH="21" VPOS="2950" HPOS="675"/>
<String CONTENT="Babcock" HEIGHT="58" WIDTH="287" VPOS="2949" HPOS="697"/>
<SP HEIGHT="56" WIDTH="24" VPOS="2949" HPOS="985"/>
<String CS="1" CONTENT="&#8230;"/>
<SP HEIGHT="56" WIDTH="85" VPOS="2949" HPOS="1073"/>
<String CONTENT="Philadelphia" HEIGHT="71" WIDTH="439" VPOS="2948" HPOS="1159"/>
<SP HEIGHT="56" WIDTH="23" VPOS="2950" HPOS="1599"/>
<String CONTENT="&amp;" HEIGHT="56" WIDTH="47" VPOS="2950" HPOS="1623"/>
<SP HEIGHT="56" WIDTH="21" VPOS="2950" HPOS="1671"/>
<String CONTENT="London," HEIGHT="74" WIDTH="277" VPOS="2951" HPOS="1693"/>
<SP HEIGHT="70" WIDTH="23" VPOS="2955" HPOS="1971"/>
<String CONTENT="J." HEIGHT="57" WIDTH="61" VPOS="2955" HPOS="1995"/>
<SP HEIGHT="56" WIDTH="24" VPOS="2954" HPOS="2057"/>
<String CONTENT="B." HEIGHT="57" WIDTH="70" VPOS="2954" HPOS="2082"/>
</TextLine>
<TextLine HEIGHT="73" WIDTH="918" VPOS="3028" HPOS="155" STYLEREFS="StyleId-CB1FEF18-A0AF-4AAF-ACBD-8E089CD1371D-">
<String CONTENT="Lippincott" HEIGHT="72" WIDTH="366" VPOS="3029" HPOS="155"/>
<SP HEIGHT="54" WIDTH="29" VPOS="3032" HPOS="522"/>
<String CONTENT="company," HEIGHT="53" WIDTH="322" VPOS="3046" HPOS="552"/>
<SP HEIGHT="70" WIDTH="32" VPOS="3029" HPOS="875"/>
<String CONTENT="1925." HEIGHT="56" WIDTH="165" VPOS="3028" HPOS="908"/>
</TextLine>
<TextLine HEIGHT="54" WIDTH="351" VPOS="3106" HPOS="225" CS="1">
<String CONTENT="320" HEIGHT="45" WIDTH="81" VPOS="3108" HPOS="225"/>
<SP HEIGHT="52" WIDTH="17" VPOS="3108" HPOS="307"/>
<String CONTENT="p." HEIGHT="39" WIDTH="41" VPOS="3121" HPOS="325"/>
<SP HEIGHT="43" WIDTH="62" VPOS="3107" HPOS="367"/>
<String CS="1" CONTENT="19&#189;" HEIGHT="44" WIDTH="52" VPOS="3106" HPOS="430"/>
<String STYLE="superscript" CONTENT="cm" HEIGHT="17" WIDTH="47" VPOS="3109" HPOS="515"/>
<String CONTENT="." HEIGHT="8" WIDTH="8" VPOS="3141" HPOS="568"/>
</TextLine>
<TextLine HEIGHT="54" WIDTH="535" VPOS="3162" HPOS="226">
<String CONTENT="&#8220;Second" HEIGHT="48" WIDTH="206" VPOS="3164" HPOS="226"/>
<SP HEIGHT="45" WIDTH="20" VPOS="3164" HPOS="433"/>
<String CONTENT="impression.&#8221;" HEIGHT="54" WIDTH="307" VPOS="3162" HPOS="454"/>
</TextLine>
<TextLine HEIGHT="59" WIDTH="1993" VPOS="3217" HPOS="157">
<String CONTENT="&#169;" HEIGHT="54" WIDTH="52" VPOS="3222" HPOS="157"/>
<SP HEIGHT="54" WIDTH="32" VPOS="3222" HPOS="210"/>
<String CONTENT="Oct." HEIGHT="43" WIDTH="101" VPOS="3224" HPOS="243"/>
<SP HEIGHT="41" WIDTH="29" VPOS="3224" HPOS="345"/>
<String CONTENT="23," HEIGHT="51" WIDTH="67" VPOS="3222" HPOS="375"/>
<SP HEIGHT="49" WIDTH="32" VPOS="3224" HPOS="443"/>
<String CONTENT="1925;" HEIGHT="53" WIDTH="130" VPOS="3220" HPOS="476"/>
<SP HEIGHT="52" WIDTH="31" VPOS="3221" HPOS="607"/>
<String CONTENT="2c." HEIGHT="43" WIDTH="64" VPOS="3221" HPOS="639"/>
<SP HEIGHT="27" WIDTH="31" VPOS="3236" HPOS="704"/>
<String CONTENT="and" HEIGHT="42" WIDTH="86" VPOS="3221" HPOS="736"/>
<SP HEIGHT="42" WIDTH="31" VPOS="3221" HPOS="823"/>
<String CONTENT="aff." HEIGHT="43" WIDTH="78" VPOS="3220" HPOS="855"/>
<SP HEIGHT="41" WIDTH="32" VPOS="3220" HPOS="934"/>
<String CONTENT="Dec." HEIGHT="42" WIDTH="110" VPOS="3220" HPOS="967"/>
<SP HEIGHT="43" WIDTH="29" VPOS="3219" HPOS="1078"/>
<String CONTENT="9;" HEIGHT="51" WIDTH="50" VPOS="3219" HPOS="1108"/>
<SP HEIGHT="51" WIDTH="34" VPOS="3219" HPOS="1159"/>
<!-- cceid 37473027-6DD5-1014-B757-AF09C522E301 --><String CONTENT="A" HEIGHT="41" WIDTH="43" VPOS="3219" HPOS="1194"/>
<SP HEIGHT="45" WIDTH="29" VPOS="3219" HPOS="1238"/>
<String CONTENT="872757;" HEIGHT="54" WIDTH="190" VPOS="3217" HPOS="1268"/>
<SP HEIGHT="52" WIDTH="35" VPOS="3219" HPOS="1459"/>
<String CONTENT="B." HEIGHT="43" WIDTH="49" VPOS="3219" HPOS="1495"/>
<SP HEIGHT="42" WIDTH="34" VPOS="3220" HPOS="1545"/>
<String CONTENT="Babcock," HEIGHT="54" WIDTH="224" VPOS="3220" HPOS="1580"/>
<SP HEIGHT="51" WIDTH="32" VPOS="3223" HPOS="1805"/>
<String CONTENT="Little" HEIGHT="44" WIDTH="137" VPOS="3223" HPOS="1838"/>
<SP HEIGHT="42" WIDTH="32" VPOS="3225" HPOS="1976"/>
<String CONTENT="Rock," HEIGHT="49" WIDTH="141" VPOS="3225" HPOS="2009"/>
</TextLine>
<TextLine HEIGHT="56" WIDTH="452" VPOS="3276" HPOS="226">
<String CONTENT="Ark." HEIGHT="43" WIDTH="113" VPOS="3280" HPOS="226"/>
<SP HEIGHT="53" WIDTH="68" VPOS="3279" HPOS="340"/>
<String CONTENT="(25-25281)" HEIGHT="56" WIDTH="269" VPOS="3276" HPOS="409"/>
</TextLine>
<TextLine HEIGHT="74" WIDTH="755" VPOS="3346" HPOS="158" STYLEREFS="StyleId-A164CE52-EFF5-4EC9-8B9D-6683D324B06C-">
<String CONTENT="Bauer," HEIGHT="69" WIDTH="224" VPOS="3351" HPOS="158"/>
<SP HEIGHT="71" WIDTH="34" VPOS="3349" HPOS="383"/>
<String CONTENT="Marion," HEIGHT="71" WIDTH="266" VPOS="3346" HPOS="418"/>
<SP HEIGHT="67" WIDTH="37" VPOS="3350" HPOS="685"/>
<String CONTENT="1889-" HEIGHT="56" WIDTH="190" VPOS="3348" HPOS="723"/>
</TextLine>
<TextLine HEIGHT="78" WIDTH="1920" VPOS="3423" HPOS="232" STYLEREFS="StyleId-CB1FEF18-A0AF-4AAF-ACBD-8E089CD1371D-">
<String CONTENT="How" HEIGHT="57" WIDTH="159" VPOS="3429" HPOS="232"/>
<SP HEIGHT="39" WIDTH="23" VPOS="3446" HPOS="392"/>
<String CONTENT="music" HEIGHT="59" WIDTH="200" VPOS="3424" HPOS="416"/>
<SP HEIGHT="51" WIDTH="25" VPOS="3446" HPOS="617"/>
<String CONTENT="grew," HEIGHT="55" WIDTH="185" VPOS="3442" HPOS="643"/>
<SP HEIGHT="69" WIDTH="25" VPOS="3426" HPOS="829"/>
<String CONTENT="from" HEIGHT="56" WIDTH="170" VPOS="3426" HPOS="855"/>
<SP HEIGHT="52" WIDTH="25" VPOS="3444" HPOS="1026"/>
<String CONTENT="prehistoric" HEIGHT="73" WIDTH="379" VPOS="3423" HPOS="1052"/>
<SP HEIGHT="53" WIDTH="24" VPOS="3430" HPOS="1432"/>
<String CONTENT="times" HEIGHT="62" WIDTH="182" VPOS="3424" HPOS="1457"/>
<SP HEIGHT="55" WIDTH="29" VPOS="3431" HPOS="1640"/>
<String CONTENT="to" HEIGHT="55" WIDTH="63" VPOS="3431" HPOS="1670"/>
<SP HEIGHT="53" WIDTH="28" VPOS="3433" HPOS="1734"/>
<String CONTENT="the" HEIGHT="58" WIDTH="104" VPOS="3430" HPOS="1763"/>
<SP HEIGHT="51" WIDTH="26" VPOS="3450" HPOS="1868"/>
<String CONTENT="present" HEIGHT="63" WIDTH="257" VPOS="3438" HPOS="1895"/>
</TextLine>
<TextLine HEIGHT="149" WIDTH="1973" VPOS="3501" HPOS="156" STYLEREFS="StyleId-CB1FEF18-A0AF-4AAF-ACBD-8E089CD1371D-" CS="1">
<String CONTENT="day," HEIGHT="68" WIDTH="143" VPOS="3509" HPOS="156"/>
<SP HEIGHT="70" WIDTH="50" VPOS="3505" HPOS="300"/>
<String CONTENT="by" HEIGHT="70" WIDTH="83" VPOS="3505" HPOS="351"/>
<SP HEIGHT="72" WIDTH="50" VPOS="3503" HPOS="435"/>
<String CONTENT="Marion" HEIGHT="57" WIDTH="251" VPOS="3502" HPOS="486"/>
<SP HEIGHT="56" WIDTH="49" VPOS="3501" HPOS="738"/>
<String CONTENT="Bauer" HEIGHT="57" WIDTH="211" VPOS="3501" HPOS="788"/>
<SP HEIGHT="57" WIDTH="53" VPOS="3501" HPOS="1000"/>
<String CONTENT="&amp;" HEIGHT="57" WIDTH="50" VPOS="3501" HPOS="1054"/>
<SP HEIGHT="57" WIDTH="49" VPOS="3501" HPOS="1105"/>
<String CONTENT="Ethel" HEIGHT="58" WIDTH="188" VPOS="3501" HPOS="1155"/>
<SP HEIGHT="56" WIDTH="52" VPOS="3503" HPOS="1344"/>
<String CONTENT="Peyser;" HEIGHT="72" WIDTH="268" VPOS="3503" HPOS="1397"/>
<SP HEIGHT="50" WIDTH="54" VPOS="3525" HPOS="1666"/>
<String CONTENT="with" HEIGHT="58" WIDTH="152" VPOS="3504" HPOS="1721"/>
<SP HEIGHT="59" WIDTH="54" VPOS="3505" HPOS="1874"/>
<String CONTENT="an" HEIGHT="39" WIDTH="81" VPOS="3525" HPOS="1929"/>
<SP HEIGHT="57" WIDTH="50" VPOS="3508" HPOS="2011"/>
<String CONTENT="introduction" HEIGHT="134" WIDTH="1973" VPOS="3508" HPOS="156"/>
<SP HEIGHT="56" WIDTH="40" VPOS="3582" HPOS="514"/>
<String CONTENT="by" HEIGHT="68" WIDTH="85" VPOS="3582" HPOS="555"/>
</TextLine>
<TextLine HEIGHT="153" WIDTH="1972" VPOS="3577" HPOS="155" STYLEREFS="StyleId-CB1FEF18-A0AF-4AAF-ACBD-8E089CD1371D-" CS="1">
<String CONTENT="William" HEIGHT="59" WIDTH="279" VPOS="3577" HPOS="681"/>
<SP HEIGHT="57" WIDTH="43" VPOS="3579" HPOS="961"/>
<String CONTENT="J." HEIGHT="57" WIDTH="59" VPOS="3579" HPOS="1005"/>
<SP HEIGHT="55" WIDTH="46" VPOS="3579" HPOS="1065"/>
<String CONTENT="Henderson;" HEIGHT="73" WIDTH="405" VPOS="3579" HPOS="1112"/>
<SP HEIGHT="51" WIDTH="43" VPOS="3601" HPOS="1518"/>
<String CONTENT="with" HEIGHT="58" WIDTH="153" VPOS="3581" HPOS="1562"/>
<SP HEIGHT="56" WIDTH="42" VPOS="3583" HPOS="1716"/>
<String CONTENT="64" HEIGHT="55" WIDTH="72" VPOS="3584" HPOS="1759"/>
<SP HEIGHT="55" WIDTH="43" VPOS="3583" HPOS="1832"/>
<String CONTENT="illustrations." HEIGHT="136" WIDTH="1972" VPOS="3583" HPOS="155"/>
<SP HEIGHT="57" WIDTH="80" VPOS="3659" HPOS="340"/>
<String CONTENT="New" HEIGHT="57" WIDTH="152" VPOS="3659" HPOS="421"/>
<SP HEIGHT="56" WIDTH="27" VPOS="3657" HPOS="574"/>
<String CONTENT="York," HEIGHT="68" WIDTH="189" VPOS="3657" HPOS="602"/>
<SP HEIGHT="69" WIDTH="32" VPOS="3656" HPOS="792"/>
<String CONTENT="London," HEIGHT="70" WIDTH="277" VPOS="3656" HPOS="825"/>
<SP HEIGHT="72" WIDTH="32" VPOS="3654" HPOS="1103"/>
<String CONTENT="G." HEIGHT="59" WIDTH="68" VPOS="3654" HPOS="1136"/>
<SP HEIGHT="56" WIDTH="32" VPOS="3657" HPOS="1205"/>
<String CONTENT="P." HEIGHT="55" WIDTH="69" VPOS="3657" HPOS="1238"/>
<SP HEIGHT="57" WIDTH="31" VPOS="3656" HPOS="1308"/>
<String CONTENT="Putnam&#8217;s" HEIGHT="61" WIDTH="333" VPOS="3656" HPOS="1340"/>
<SP HEIGHT="38" WIDTH="34" VPOS="3680" HPOS="1674"/>
<String CONTENT="sons," HEIGHT="52" WIDTH="165" VPOS="3678" HPOS="1709"/>
<SP HEIGHT="67" WIDTH="31" VPOS="3663" HPOS="1875"/>
<String CONTENT="1925." HEIGHT="57" WIDTH="166" VPOS="3662" HPOS="1907"/>
</TextLine>
<TextLine HEIGHT="59" WIDTH="1560" VPOS="3730" HPOS="223">
<String CONTENT="xix," HEIGHT="53" WIDTH="98" VPOS="3736" HPOS="223"/>
<SP HEIGHT="52" WIDTH="29" VPOS="3737" HPOS="322"/>
<String CONTENT="602" HEIGHT="46" WIDTH="82" VPOS="3736" HPOS="352"/>
<SP HEIGHT="51" WIDTH="28" VPOS="3736" HPOS="435"/>
<String CONTENT="p." HEIGHT="38" WIDTH="41" VPOS="3749" HPOS="464"/>
<SP HEIGHT="42" WIDTH="60" VPOS="3736" HPOS="506"/>
<String CONTENT="front.," HEIGHT="47" WIDTH="153" VPOS="3736" HPOS="567"/>
<SP HEIGHT="51" WIDTH="31" VPOS="3732" HPOS="721"/>
<String CONTENT="illus." HEIGHT="43" WIDTH="118" VPOS="3732" HPOS="753"/>
<SP HEIGHT="50" WIDTH="26" VPOS="3733" HPOS="872"/>
<String CONTENT="(incl." HEIGHT="51" WIDTH="127" VPOS="3732" HPOS="899"/>
<SP HEIGHT="29" WIDTH="30" VPOS="3748" HPOS="1027"/>
<String CONTENT="music)" HEIGHT="54" WIDTH="171" VPOS="3730" HPOS="1058"/>
<SP HEIGHT="52" WIDTH="37" VPOS="3733" HPOS="1230"/>
<String CONTENT="plates," HEIGHT="54" WIDTH="157" VPOS="3731" HPOS="1268"/>
<SP HEIGHT="37" WIDTH="30" VPOS="3749" HPOS="1426"/>
<String CONTENT="ports." HEIGHT="44" WIDTH="143" VPOS="3742" HPOS="1457"/>
<SP HEIGHT="43" WIDTH="58" VPOS="3735" HPOS="1601"/>
<String CONTENT="21" HEIGHT="43" WIDTH="50" VPOS="3735" HPOS="1660"/>
<String STYLE="superscript" CONTENT="cm" HEIGHT="19" WIDTH="49" VPOS="3738" HPOS="1719"/>
<String CONTENT="." HEIGHT="8" WIDTH="8" VPOS="3772" HPOS="1775"/>
</TextLine>
<TextLine HEIGHT="51" WIDTH="634" VPOS="3791" HPOS="225">
<String CONTENT="Illustrated" HEIGHT="45" WIDTH="267" VPOS="3793" HPOS="225"/>
<SP HEIGHT="43" WIDTH="25" VPOS="3793" HPOS="493"/>
<String CONTENT="lining-papers." HEIGHT="51" WIDTH="340" VPOS="3791" HPOS="519"/>
</TextLine>
<TextLine HEIGHT="52" WIDTH="1263" VPOS="3843" HPOS="227">
<String CONTENT="&#8220;Some" HEIGHT="47" WIDTH="164" VPOS="3848" HPOS="227"/>
<SP HEIGHT="28" WIDTH="30" VPOS="3866" HPOS="392"/>
<String CONTENT="of" HEIGHT="44" WIDTH="52" VPOS="3850" HPOS="423"/>
<SP HEIGHT="42" WIDTH="26" VPOS="3850" HPOS="476"/>
<String CONTENT="the" HEIGHT="43" WIDTH="75" VPOS="3849" HPOS="503"/>
<SP HEIGHT="43" WIDTH="29" VPOS="3849" HPOS="579"/>
<String CONTENT="books" HEIGHT="43" WIDTH="144" VPOS="3848" HPOS="609"/>
<SP HEIGHT="29" WIDTH="30" VPOS="3862" HPOS="754"/>
<String CONTENT="we" HEIGHT="28" WIDTH="68" VPOS="3862" HPOS="785"/>
<SP HEIGHT="29" WIDTH="30" VPOS="3861" HPOS="854"/>
<String CONTENT="consulted&#8221;:" HEIGHT="46" WIDTH="291" VPOS="3843" HPOS="885"/>
<SP HEIGHT="36" WIDTH="32" VPOS="3859" HPOS="1177"/>
<String CONTENT="p." HEIGHT="36" WIDTH="41" VPOS="3859" HPOS="1210"/>
<SP HEIGHT="47" WIDTH="32" VPOS="3845" HPOS="1252"/>
<String CONTENT="547-550." HEIGHT="46" WIDTH="205" VPOS="3844" HPOS="1285"/>
</TextLine>
<TextLine HEIGHT="61" WIDTH="1998" VPOS="3897" HPOS="156">
<String CONTENT="&#169;" HEIGHT="53" WIDTH="54" VPOS="3904" HPOS="156"/>
<SP HEIGHT="53" WIDTH="23" VPOS="3904" HPOS="211"/>
<String CONTENT="Nov." HEIGHT="42" WIDTH="118" VPOS="3906" HPOS="235"/>
<SP HEIGHT="43" WIDTH="23" VPOS="3904" HPOS="354"/>
<String CONTENT="20," HEIGHT="51" WIDTH="67" VPOS="3904" HPOS="378"/>
<SP HEIGHT="50" WIDTH="26" VPOS="3905" HPOS="446"/>
<String CONTENT="1925;" HEIGHT="53" WIDTH="129" VPOS="3900" HPOS="473"/>
<SP HEIGHT="51" WIDTH="26" VPOS="3902" HPOS="603"/>
<String CONTENT="2c." HEIGHT="42" WIDTH="64" VPOS="3902" HPOS="630"/>
<SP HEIGHT="27" WIDTH="24" VPOS="3916" HPOS="695"/>
<String CONTENT="and" HEIGHT="43" WIDTH="87" VPOS="3900" HPOS="720"/>
<SP HEIGHT="43" WIDTH="22" VPOS="3900" HPOS="808"/>
<String CONTENT="aff." HEIGHT="43" WIDTH="78" VPOS="3899" HPOS="831"/>
<SP HEIGHT="42" WIDTH="25" VPOS="3899" HPOS="910"/>
<String CONTENT="Nov." HEIGHT="43" WIDTH="118" VPOS="3899" HPOS="936"/>
<SP HEIGHT="42" WIDTH="22" VPOS="3899" HPOS="1055"/>
<String CONTENT="28;" HEIGHT="51" WIDTH="79" VPOS="3899" HPOS="1078"/>
<SP HEIGHT="52" WIDTH="26" VPOS="3898" HPOS="1158"/>
<!-- cceid 37474A72-6DD5-1014-B757-AF09C522E301 --><String CONTENT="A" HEIGHT="43" WIDTH="43" VPOS="3898" HPOS="1185"/>
<SP HEIGHT="44" WIDTH="23" VPOS="3898" HPOS="1229"/>
<String CONTENT="875269;" HEIGHT="55" WIDTH="188" VPOS="3897" HPOS="1253"/>
<SP HEIGHT="50" WIDTH="29" VPOS="3902" HPOS="1442"/>
<String CONTENT="M." HEIGHT="42" WIDTH="66" VPOS="3902" HPOS="1472"/>
<SP HEIGHT="42" WIDTH="26" VPOS="3902" HPOS="1539"/>
<String CONTENT="Bauer" HEIGHT="48" WIDTH="149" VPOS="3902" HPOS="1566"/>
<SP HEIGHT="50" WIDTH="25" VPOS="3905" HPOS="1716"/>
<String CONTENT="&amp;" HEIGHT="50" WIDTH="37" VPOS="3905" HPOS="1742"/>
<SP HEIGHT="51" WIDTH="24" VPOS="3904" HPOS="1780"/>
<String CONTENT="Ethel" HEIGHT="53" WIDTH="136" VPOS="3904" HPOS="1805"/>
<SP HEIGHT="51" WIDTH="26" VPOS="3906" HPOS="1942"/>
<String CONTENT="Peyser," HEIGHT="51" WIDTH="185" VPOS="3907" HPOS="1969"/>
</TextLine>
<TextLine HEIGHT="57" WIDTH="632" VPOS="3955" HPOS="228">
<String CONTENT="New" HEIGHT="42" WIDTH="116" VPOS="3962" HPOS="228"/>
<SP HEIGHT="44" WIDTH="32" VPOS="3960" HPOS="345"/>
<String CONTENT="York." HEIGHT="42" WIDTH="143" VPOS="3960" HPOS="378"/>
<SP HEIGHT="53" WIDTH="67" VPOS="3959" HPOS="522"/>
<String CONTENT="(25-25112)" HEIGHT="57" WIDTH="270" VPOS="3955" HPOS="590"/>
</TextLine>
</TextBlock>
</PrintSpace>
</Page>
</Layout>
</alto>