2533 4412
1050 4025 148 55 1343

140 482 313 73 gebrauch
497 482 163 57 beim
704 482 350 58 berechnen
1098 483 128 58 und
1273 483 343 57 entwerfen
1666 484 281 59 eiserner
138 485 1974 146 bauwerke,

399 547 1737 87 von dipl.-ing. prof. L. Geusen … 4., verm, und
138 637 168 56 verb.
339 635 138 57 aufl.
549 636 121 57 Mit
700 638 111 55 529
841 637 422 72 abbildungen
1288 637 22 55 im
1407 640 133 55 text
1571 640 128 57 und
1730 639 115 57 auf
1876 641 32 54 2
138 638 1975 147 farbigen

286 713 216 57 tafeln.
573 713 235 74 Berlin,
842 714 59 58 J.
939 713 324 74 Springer,
1300 715 165 56 1925.

205 803 74 51 vii,
308 803 82 43 310
418 817 38 37 p.
514 802 131 52 illus.,
671 804 26 41 2
727 803 83 44 col.
839 817 70 38 pl.,
940 802 168 54 diagrs.
1166 801 55 46 27½
1255 806 46 17 cm
1309 838 9 9 .

136 874 1849 56 © Apr. 27, 1925; 1c. Sept. 23; A—Foreign 28617; Julius Springer.
213 931 270 55 (25-23833)

136 1030 176 71 Hale,
350 1028 225 60 Mabel.

214 1122 1658 73 Martha Wilton’s strong tower, by Mabel Hale …
136 1122 1973 146 Anderson, Ind., Gospel trumpet company [ c 1925]
207 1289 438 54 112 p. illus. 18½ cm
136 1358 52 53 ©
218 1361 118 42 Nov.
367 1360 37 51 6,
439 1358 129 52 1925;
599 1360 64 42 2c.
693 1360 86 42 and
809 1359 78 43 aff.
920 1359 118 42 Nov.
1067 1359 50 51 9;
1149 1359 44 41 A
1223 1357 188 53 869960;
1446 1357 167 53 Gospel
1643 1366 198 44 trumpet
1870 1373 67 29 co.

212 1415 269 56 (25-22639)

135 1516 340 70 Hamilton,
513 1516 257 59 Walton
804 1515 176 72 Hale,
1019 1518 189 57 1881-

210 1613 129 56 The
379 1631 140 38 case
560 1613 67 56 of
663 1610 382 59 bituminous
1084 1610 150 70 coal,
1273 1612 82 69 by
1390 1609 255 59 Walton
1684 1610 79 55 H.
1804 1608 322 58 Hamilton

133 1692 124 56 and
300 1689 199 57 Helen
542 1689 71 56 R.
657 1687 273 72 Wright,
973 1687 151 58 with
1167 1688 104 58 the
1317 1687 104 59 aid
1465 1688 68 57 of
1575 1687 102 57 the
1724 1685 238 58 council
2007 1685 122 57 and

134 1766 154 58 staff
314 1766 67 59 of
406 1767 104 56 the
537 1766 299 58 Institute
865 1765 67 59 of
961 1761 360 62 economics.
1405 1764 152 57 New
1583 1764 191 70 York,
1805 1762 129 57 The
130 1762 1978 138 Macmillan

375 1862 321 53 company,
727 1844 165 55 1925.

131 1929 1975 106 xi p., 1 l., 310 p. illus. (maps) diagrs. 19½ cm . (Half-title: The Institute
252 1990 54 48 of
333 1987 271 50 economics.
666 1987 351 54 Investigations
1045 1989 46 45 in
1118 1989 207 52 industry
1354 1990 90 44 and
1472 1989 157 51 labor)

201 2060 125 45 “The
351 2062 159 43 annals
539 2059 52 47 of
618 2059 155 46 coal”:
801 2075 40 35 p.
867 2057 208 46 280-302.

201 2115 386 52 Bibliographical
618 2117 250 44 foot-notes

203 2173 126 45 “The
362 2171 216 46 Institute
610 2173 51 43 of
693 2170 256 47 economics
983 2173 81 43 has
1098 2172 280 45 undertaken
1411 2188 26 29 a
1471 2171 138 46 series
1642 2173 53 45 of
1727 2171 173 47 studies
1934 2188 60 30 on
2028 2173 100 47 coal

130 2230 52 44 of
206 2229 149 44 which
379 2229 90 45 this
494 2228 183 45 volume
701 2229 38 44 is
768 2228 75 44 the
871 2228 207 45 second.”

130 2295 52 53 ©
220 2297 119 43 Nov.
375 2297 37 50 4,
454 2293 104 46 1925
575 2310 8 37 ;
621 2295 65 44 2c.
723 2295 87 42 and
847 2295 77 42 aff
966 2295 118 42 Nov.
1123 2293 48 53 5;
1211 2295 44 41 A
1293 2295 188 52 872313;
1523 2296 211 43 Institute
1773 2297 50 44 of
1859 2298 270 52 economics,

200 2353 317 52 Washington.
587 2349 269 55 (25-22935)

132 2454 459 70 Hammarsten,
636 2451 284 73 Fredrik,
965 2455 359 56 1846-1922.

205 2544 385 71 Forebilder,
667 2543 416 58 betraktelser
1159 2562 80 38 av
1315 2543 272 57 Fredrik
1661 2543 468 59 Hammarsten.

132 2623 374 70 Stockholm,
541 2622 114 56 Ev.
693 2621 729 73 fosterlandsstiftelsen,
1460 2622 165 58 1925.

199 2716 54 43 84
284 2730 39 38 p.
384 2715 51 43 23½
471 2716 46 17 cm
525 2750 8 7 .

128 2782 1998 57 © Aug. 25, 1925; 1c. Oct. 1; A—Foreign 28801; "Evangeliska fosterlands
199 2842 247 45 stiftelsens
477 2842 245 51 bokforlag
752 2841 104 43 a.-b.
925 2839 270 55 (25-23902)

131 2943 273 70 Hansen,
441 2941 172 57 Lena
647 2941 68 56 B.

205 3033 332 58 Exercises
568 3033 138 56 that
736 3032 178 59 make
945 3034 324 70 geometry
1300 3030 220 72 easier,
1555 3029 395 75 conforming
1981 3032 149 57 with

128 3112 102 57 the
281 3110 170 58 Enid
502 3111 148 70 plan
704 3110 66 56 of
822 3107 442 59 classification
1335 3108 83 70 [by]
1487 3107 260 58 Hansen
1803 3108 48 58 &
1905 3109 221 58 Smith.

130 3189 200 74 [Enid,
364 3188 192 70 Okla.,
587 3187 168 58 Enid
784 3189 234 68 events,
1050 3195 19 22 c
1071 3186 164 73 1925]

196 3269 54 43 48
283 3283 40 37 p.
382 3266 54 44 20½
472 3269 45 17 cm
526 3302 8 7 .

200 3320 1308 55 Preface signed: Grace Smith … Lena B. Hansen …
129 3381 52 53 ©
218 3382 119 52 Sept.
373 3380 38 52 7,
447 3377 130 52 1925;
616 3379 63 42 2c.
719 3377 120 52 Sept.
880 3378 72 50 19;
991 3378 77 42 aff.
1107 3378 100 42 Oct.
1246 3375 47 50 5;
1332 3377 44 41 A
1409 3375 189 54 870485;
1638 3378 49 42 L.
1725 3378 50 43 B.
1814 3380 187 42 Hansen
2038 3380 86 42 and

199 3437 143 45 Grace
374 3438 65 42 M.
474 3435 160 51 Smith,
667 3434 128 50 Enid,
831 3433 104 44 Okl.
1005 3432 270 54 (25-22491)

130 3536 264 72 Haring,
437 3535 215 71 Harry
689 3532 238 70 Albert,
971 3533 191 56 1875-

203 3628 492 70 Warehousing;
743 3626 181 56 trade
972 3626 271 55 customs
1292 3623 123 59 and
1459 3623 327 72 practices,
1833 3623 292 58 financial

130 3711 124 56 and
299 3708 164 70 legal
512 3707 265 68 aspects,
825 3704 82 69 by
954 3703 79 55 H.
1083 3702 74 55 A.
1207 3697 266 75 Haring.
1557 3701 152 57 New
1754 3702 191 70 York,
1993 3703 129 55 The

131 3779 1006 76 Ronald press company [ c 1925]
201 3862 92 49 viii,
323 3860 81 46 787
430 3875 40 35 p.
498 3858 104 46 incl.
633 3858 156 48 forms,
818 3857 167 49 diagrs.
1043 3854 56 43 22
1104 3857 48 18 cm

129 3916 51 53 ©
211 3918 100 42 Oct.
341 3915 64 49 30,
439 3912 129 51 1925;
596 3912 65 43 2c.
692 3912 118 42 Nov.
838 3911 51 50 2;
920 3910 79 42 aff
1030 3910 119 42 Nov.
1179 3910 48 50 3;
1259 3910 44 41 A
1332 3907 188 53 869877;
1555 3909 177 44 Ronald
1763 3924 124 39 press
1919 3926 64 28 co.

206 3970 269 44 (25-22936)
