2533 4412
1055 4043 147 56 1327

160 395 281 73 Fraprie,
479 396 217 58 Frank
728 397 153 74 Roy,
919 400 190 57 1874-

233 487 337 58 American
593 487 446 73 photography
1066 507 307 53 exposure
1400 491 201 57 tables
1631 492 126 58 and
1779 492 170 57 hand
1975 492 177 74 book,

156 564 1996 77 by Frank R. Fraprie … 106th thousand of the exposure
156 641 217 58 tables.
454 641 258 74 Boston,
755 642 337 58 American
1133 643 460 73 photographic
1637 645 365 73 publishing
2045 666 107 52 co.,

157 719 163 57 1925.

223 806 742 57 2 p. l., 174, [25] p. 14 × 8 cm .
223 879 55 44 24
307 879 125 44 ruled
461 894 136 38 pages
627 878 75 45 for
731 893 224 39 exposure
985 881 181 44 records
1196 881 87 44 and
1312 883 25 44 6
1366 881 139 44 blank
1533 882 149 43 leaves
1713 891 45 36 at
1789 883 85 44 end
1905 882 75 45 for
2007 891 142 37 notes.

225 934 126 46 “The
386 943 182 45 present
604 935 167 46 edition
809 936 203 45 contains
1050 945 79 36 not
1166 937 107 52 only
1310 936 61 44 all
1408 946 166 35 matter
1612 938 206 45 included
1855 940 47 42 in
1941 940 209 51 previous

152 992 189 44 editions
373 992 53 44 of
459 992 74 44 the
567 992 244 44 American
846 992 316 54 photography
1195 1008 223 38 exposure
1452 993 155 52 tables,
1644 995 79 44 but
1759 995 96 44 also
1893 995 61 45 all
1989 996 51 45 of
2074 997 76 42 the

154 1047 295 47 information
477 1049 238 44 contained
745 1048 43 45 in
817 1049 112 44 ‘The
956 1058 143 36 secret
1127 1049 51 45 of
1206 1050 236 52 exposure’
1473 1050 251 53 completed
1752 1052 87 44 and
1866 1051 198 54 brought
2092 1068 59 39 up

151 1113 46 35 to
228 1103 333 46 date.”—Pref.

151 1172 1997 57 © June 30, 1925; 1c. Oct. 23; 1c. Nov. 7; aff. Oct. 22; A 869947; Amer.
221 1230 326 54 photographic
575 1231 100 53 pub.
705 1246 67 28 co.
842 1230 271 56 (25-23109)

150 1329 322 73 Freeman,
512 1330 200 58 Lewis
750 1331 328 71 Ransome,
1119 1333 148 57 1878–

226 1419 95 60 On
351 1420 103 58 the
486 1420 144 59 roof
658 1420 68 59 of
755 1420 102 58 the
887 1420 283 73 Rockies,
1202 1421 102 58 the
1338 1424 180 70 great
1551 1420 323 61 Columbia
1905 1421 239 61 icefield

148 1499 68 57 of
255 1499 105 58 the
405 1497 324 60 Canadian
771 1499 283 73 Rockies,
1094 1500 82 71 by
1217 1499 202 58 Lewis
1463 1500 73 57 R.
1580 1500 328 58 Freeman.
1993 1501 149 59 New

145 1576 188 73 York,
363 1577 201 75 Dodd,
594 1577 187 57 Mead
809 1579 123 56 and
960 1595 323 55 company,
1315 1578 167 57 1925.

211 1667 1036 56 xiii p., 1 l., 270 p. front., plates. 24 cm .
147 1738 53 53 ©
226 1740 102 44 Oct.
353 1740 65 49 31,
449 1737 130 54 1925;
606 1739 64 43 2c.
699 1740 117 42 Nov.
845 1739 49 51 9;
923 1739 78 42 aff.
1031 1740 118 41 Nov.
1178 1738 47 53 5;
1255 1740 43 41 A
1326 1739 190 53 869943;
1547 1740 149 51 Dodd,
1723 1740 138 43 Mead
1887 1741 38 43 &
1952 1756 80 36 co.,
2061 1741 82 44 inc.

224 1793 269 56 (25-22876)

147 1896 349 73 Gaebelein,
535 1897 174 57 Arno
751 1897 299 72 Clemens,
1093 1898 149 58 1861–

224 1988 131 56 The
383 1987 255 73 healing
666 1986 319 73 question;
1021 2006 79 38 an
1134 1986 423 59 examination
1591 1987 69 58 of
1691 1989 103 58 the
1829 1988 215 58 claims
2080 1988 68 58 of

146 2065 445 73 faith-healing
627 2066 124 57 and
788 2064 208 59 divine
1033 2065 255 73 healing
1325 2068 269 69 systems
1633 2066 65 56 in
1738 2067 102 56 the
1879 2066 158 73 light
2079 2067 67 57 of

145 2144 103 57 the
288 2144 361 71 Scriptures
689 2145 122 56 and
846 2144 266 72 history,
1149 2144 83 71 by
1267 2144 177 59 Arno
1486 2142 284 60 Clemens
1812 2144 332 59 Gaebelein

209 2221 1934 77 … New York city, Publication office “Our hope” [ c 1925]
215 2314 78 45 132
314 2328 40 38 p.
441 2313 28 44 19
475 2315 46 18 cm
527 2348 9 8 .

143 2386 53 53 ©
233 2386 119 53 Sept.
385 2387 70 51 23,
491 2385 128 52 1925;
654 2386 64 42 2c.
754 2386 86 42 and
875 2386 77 42 aff.
989 2387 118 41 Nov.
1143 2384 49 52 7;
1231 2386 43 41 A
1307 2384 190 53 872357;
1536 2385 56 43 A.
1632 2385 48 44 C.
1719 2385 252 51 Gaebelein,
2009 2386 129 44 New.

212 2444 142 43 York.
430 2441 270 56 (25-22592)

143 2544 257 72 George,
434 2542 236 72 Nancy.

284 2631 1851 73 … Les esclaves de Méquinez, roman; préface de Jérome
139 2716 60 54 et
225 2713 164 58 Jean
417 2712 317 71 Tharaud,
763 2713 453 69 avant-propos
1244 2709 295 59 d’Albert
1567 2710 74 58 de
1668 2710 464 59 Pouvourville.

135 2786 1973 141 Paris, Aux éditeurs associ é s, Les éditions du Monde moderne
358 2899 13 43 [
372 2878 19 21 c
395 2868 165 72 1925]

211 2961 61 52 xi,
305 2961 193 46 [13]-191
532 2975 39 37 p.
635 2960 48 43 18½
719 2961 47 18 cm
772 2993 9 8 .
850 2957 278 55 (Collection
1162 2959 89 43 “Le
1279 2966 127 35 vaste
1436 2957 202 52 monde”,
1666 2974 71 28 no.
1767 2960 51 51 8)

139 3027 1995 57 © Mar. 18, 1925; 1c. May 20; A—Foreign 27693; Aux éditeurs associ é s.
218 3086 268 56 (25-23096)

137 3189 258 71 Gerard,
431 3186 242 59 Louise.

217 3282 128 56 The
379 3280 253 57 shadow
664 3278 67 56 of
761 3279 103 56 the
896 3279 187 70 palm.
1171 3276 191 74 [chap.
1398 3278 87 73 14]

210 3373 80 51 (In
321 3373 185 41 London
537 3370 188 52 People)

138 3437 1972 105 © 1c. Nov. 25, 1925; A ad int. 7472; pubd. Sept. 27; L. Gerard, ltd., London.
137 3597 210 70 Gibbs,
381 3596 108 59 Sir
522 3594 212 74 Philip
768 3593 339 69 Hamilton,
1147 3596 147 57 1877–

134 3683 1965 155 Unchanging quest; a novel, by Philip Gibbs … London,
301 3763 396 59 Hutchinson
723 3763 47 57 &
798 3782 86 39 co.
916 3763 181 73 [1925]

203 3856 362 55 320 p. 19½c m .
136 3924 1976 57 © 1c. Nov. 11, 1925; A ad int. 7411; pubd. Sept. 15; George H. Doran co.,
207 3986 116 43 New
358 3985 144 43 York.
570 3983 270 55 (25-23726)
