2533 4412
1288 4064 149 57 1306

419 471 80 52 xii,
521 471 84 45 252
625 486 39 39 p.
729 472 53 43 19
787 473 48 18 cm
840 507 9 9 .

423 529 287 52 “Voluntary
745 528 259 46 committee
1039 528 221 54 selecting
1292 531 90 42 and
1417 529 251 54 arranging
1701 530 88 43 this
1826 529 275 55 lectionary:
2140 532 73 43 Rt.
2251 532 112 43 Rev.

353 586 188 45 Charles
566 586 147 45 Lewis
739 584 218 54 Slattery,
1009 622 8 8 D.
1070 623 25 16 D.,
1118 588 99 43 Rev
1254 587 199 44 Vincent
1478 587 65 43 Le
1564 588 102 52 Roy
1692 587 206 51 Bennett,
1926 588 110 44 Rev.

2061 587 119 53 John
351 589 1990 99 Mansfield
488 643 189 53 Groton,
706 644 110 43 Rev.
844 644 121 51 John
994 643 207 45 Wallace
1233 643 148 54 Suter,
1409 644 75 52 jr.,
1513 644 113 43 Rev.
1654 643 209 46 William

1892 645 247 45 Lawrence
2167 646 152 44 Wood"

422 701 392 43 “Recommended
838 702 59 52 by
924 701 76 43 the
1027 699 305 46 Commission
1356 716 59 29 on
1440 701 76 44 the
1543 702 197 43 revision
1765 701 51 44 of
1839 701 75 45 the
1939 701 248 54 lectionary
2214 702 51 46 of
2289 702 76 46 the

353 756 195 46 General
570 757 271 44 convention
866 758 74 44 for
962 758 265 53 permissive
1250 774 80 28 use
1354 758 44 43 in
1421 759 75 44 the
1520 758 244 52 Episcopal
1787 758 212 45 church.”

352 814 53 54 ©
439 817 101 43 Oct.
573 816 39 52 2,
647 814 105 45 1925;
811 817 64 42 2c.
908 817 88 42 and
1027 816 78 43 aff.
1141 817 101 43 Oct.
1278 814 22 45 5;
1361 817 44 42 A
1439 815 165 45 864950;
1666 816 254 53 Houghton
1955 815 165 45 Mifflin
2153 833 66 28 co.

430 871 273 57 (25-22591)

352 975 144 71 Boe,
537 974 268 59 Conrad.

432 1066 413 59 Commercial
892 1068 233 70 phrase
1178 1069 125 56 and
1355 1068 301 73 shipping
1706 1069 167 71 code,
1927 1068 306 71 compiled
2282 1069 84 71 by

355 1143 254 60 Conrad
637 1145 147 57 Boe.
857 1146 177 57 With
1068 1146 269 57 sections
1370 1146 108 57 for
1508 1146 449 73 commodities,
354 1146 1986 134 geographical

482 1242 236 52 names,
754 1242 243 54 money,
1034 1224 338 73 numerals,
1409 1224 364 72 quantities,
1811 1227 132 68 etc.,
1979 1224 385 71 particulars

354 1301 67 57 of
450 1301 194 71 ships,
674 1301 455 58 combinations
1161 1302 67 57 of
1257 1303 219 56 orders
1508 1303 124 56 and
1652 1302 183 57 other
1855 1303 219 56 tables.
352 1303 1992 149 Washington,
620 1379 74 57 D.
727 1378 84 74 C.,
842 1380 175 57 Judd
1046 1380 47 55 &
1122 1379 355 71 Detweiler,
1506 1380 138 72 inc.,
1675 1381 167 56 1925.

420 1456 522 53 4 p. l., 468 p. 31 cm .
353 1512 53 54 ©
439 1515 113 51 May
585 1515 35 51 1,
654 1513 130 53 1925;
818 1515 64 42 2c.
914 1515 87 43 and
1031 1515 81 44 aff.
1143 1514 112 53 May
1286 1516 50 50 6;
1370 1515 43 41 A
1447 1513 190 54 829297;
1674 1513 48 45 C.
1759 1514 107 52 Boe,
1900 1515 128 52 Oslo,
2061 1515 218 53 Norway.

355 1657 277 58 Bottlers
672 1659 125 57 and
830 1658 309 73 beverage
1177 1657 514 60 manufacturers
1729 1657 326 60 universal
430 1658 1911 150 encyclopedia;

681 1756 38 38 a
745 1737 304 72 complete
1080 1737 322 60 reference
1431 1738 160 58 book
1621 1738 124 58 and
1773 1737 186 73 guide
1991 1736 375 75 embodying

432 1837 38 38 a
505 1818 314 70 thorough
856 1819 125 57 and
1016 1814 514 75 comprehensive
1567 1814 405 74 description,
2009 1816 150 58 with
430 1817 1908 136 illustrations

733 1896 69 58 of
825 1894 339 72 machines,
1191 1893 264 60 utensils
1485 1896 125 57 and
1638 1894 281 72 supplies
1947 1896 69 58 of
2044 1913 191 54 every
430 1914 1909 117 nature
613 1973 296 73 required
948 1974 84 72 by

1067 1974 263 57 modern
1370 1973 267 59 bottlers
1680 1974 124 57 and
1844 1974 310 72 beverage
430 1992 1908 119 manufacturers
829 2054 66 56 in
931 2055 105 57 the

1071 2050 176 74 daily
1280 2053 263 58 conduct
1581 2053 68 58 of
1684 2052 167 59 their
1885 2050 309 72 business,
2232 2053 133 58 also

432 2132 363 72 containing
825 2131 291 59 valuable
1144 2130 418 59 information
1594 2129 125 59 and
1752 2127 307 61 statistics
431 2131 1910 152 embracing
582 2229 190 54 every

812 2210 237 58 branch
1094 2211 68 57 of
1203 2209 104 59 the
1353 2208 188 60 allied
1584 2207 234 59 trades.
1905 2205 292 76 Chicago,
430 2209 1911 152 Expositions
771 2307 309 53 company
1104 2289 69 58 of
1199 2286 313 70 America,
1540 2287 167 57 1925.

424 2366 82 46 435
538 2382 42 35 p.
639 2365 135 52 illus.,
807 2365 172 52 diagrs.
1040 2367 50 44 31
1098 2368 49 18 cm
1152 2401 9 9 .

356 2419 53 54 ©
439 2422 119 43 Nov.
587 2421 40 51 4,
659 2419 131 52 1925;
820 2421 64 42 2c.
914 2420 87 43 and
1030 2420 78 43 aff.
1141 2420 118 43 Nov.
1295 2420 74 50 11;
1402 2420 43 41 A
1475 2418 191 51 869978;
1699 2418 297 53 Expositions
2026 2435 65 27 co.
2123 2419 50 43 of
426 2420 1920 102 America.
578 2476 272 56 (25-22790)

358 2565 306 69 Brunner,
702 2564 296 59 Edmund
1030 2565 75 58 de
1143 2562 394 61 Schweinitz.

498 2653 1869 76 … Surveying your community; a handbook of method
355 2735 105 58 for
499 2736 104 57 the
644 2736 179 57 rural
861 2734 248 74 church,
1148 2735 85 72 by
1269 2734 297 58 Edmund
1604 2734 76 57 de
1722 2732 62 60 S.
1822 2733 312 58 Brunner.
2214 2732 152 59 New

351 2814 192 72 York,
573 2814 244 73 George
845 2813 81 58 H.
956 2813 220 58 Doran
1204 2831 309 53 company
1545 2842 13 44 [
1560 2819 18 22 c
1582 2812 165 73 1925]

428 2894 79 45 109
539 2910 39 38 p,
612 2893 102 45 incl.
750 2894 183 52 diagrs.,
970 2893 158 44 forms.
1188 2893 53 43 23
1250 2894 46 18 cm
1304 2927 8 8 .
1382 2891 241 54 (Institute
1657 2891 53 45 of
1743 2891 141 44 social
1919 2892 87 43 and
2042 2888 217 55 religious
355 2905 1989 92 research.

585 2950 148 45 Town
763 2952 87 43 and
878 2956 191 46 country
1099 2948 183 53 studies,
1313 2948 211 47 Edmund
1553 2949 54 43 de
1638 2947 46 48 S.
1716 2948 221 51 Brunner,
1965 2946 224 54 director)

426 3008 328 53 Bibliography:
810 3023 41 38 p.
885 3007 203 45 103-109.

358 3064 53 54 ©
440 3067 101 43 Oct.
570 3066 65 48 23,
668 3064 104 45 1925;
829 3065 64 44 2c.
924 3065 101 43 Oct.
1054 3063 53 44 27;
1163 3064 78 42 aff.
1273 3064 102 43 Oct.
1403 3063 56 43 28;
1515 3063 43 41 A
1588 3060 168 46 869782;
1812 3061 180 53 George
2021 3062 61 43 H.
2113 3062 158 43 Doran
2301 3077 64 27 co.

437 3121 272 55 (25-22271)

358 3209 361 69 Buchanan,
762 3209 43 57 C
1126 3207 77 58 H.

434 3299 60 56 A
523 3300 221 71 gospel
771 3298 107 57 for
907 3298 103 57 the
1042 3316 138 38 new
1210 3315 115 54 age;
1388 3296 187 72 being
1607 3295 104 57 the
1743 3295 230 71 reality
2004 3293 68 57 of
2104 3293 266 73 religion

358 3398 68 37 as
462 3378 191 58 Jesus
689 3376 229 72 taught
949 3376 68 72 it,
1051 3376 83 72 by
1168 3376 149 56 Rev.
1358 3373 64 62 C.
1460 3374 79 56 H.
1578 3373 362 57 Buchanan.
2026 3372 342 68 Nashville,

358 3458 213 69 Tenu.,
607 3454 366 73 Cokesbury
1002 3473 203 53 press,
1240 3454 165 56 1925.

426 3535 84 44 400
530 3549 39 38 p.
635 3534 51 43 19½c
737 3536 30 17 m
774 3569 8 8 .

358 3591 53 54 ©
442 3594 117 51 June
589 3592 36 51 8,
663 3590 130 53 1925;
826 3592 64 42 2c.
923 3592 88 42 and
1042 3592 78 42 aff.
1157 3590 120 52 Sept.
1310 3589 78 52 26;
1424 3590 43 41 A
1499 3586 190 53 869245;
1726 3588 167 42 Lamar
1924 3587 38 43 &
1995 3586 185 44 Barton.

429 3585 1916 108 Nashville.
619 3646 272 56 (25-22596)

361 3735 270 72 Bugbee,
668 3734 211 61 Willis
914 3735 280 72 Newton,
1233 3735 190 58 1870-
1582 3750 194 54 comp.

505 3818 1859 73 … What to do between the acts. Rev. ed. Compiled by
355 3906 209 58 Willis
601 3905 73 57 N.
712 3906 272 73 Bugbee.
1065 3905 331 72 Syracuse,
1432 3902 73 57 N.
1543 3901 95 71 Y.,
1676 3900 131 58 The
1843 3898 208 59 Willis
2087 3897 75 57 N.
356 3896 1984 146 Bugbee
499 4004 85 39 co.
619 4014 12 44 [
633 3992 19 21 c
656 3984 165 74 1925]
