2533 4412
1257 4053 152 56 1448

404 457 102 45 The
531 458 101 44 first
659 458 157 44 fifteen
843 457 53 45 of
924 457 76 45 the
1028 458 322 53 twenty-eight
1378 474 152 38 essays
1562 460 43 42 in
1634 459 88 44 this
1751 459 181 44 volume
1960 474 120 30 were
2110 460 236 53 published

334 515 44 43 in
414 513 106 46 1906
552 516 145 43 under
726 514 76 45 the
835 529 125 29 same
991 514 112 46 title.

408 570 147 48 Seven
585 579 95 35 arts:
740 570 219 54 painting,
992 571 243 53 sculpture,
1266 570 317 55 architecture,
1615 571 155 52 music,
1802 572 275 52 handicraft,
2109 574 77 43 the
2218 581 128 45 stage

343 628 257 54 (including
636 628 172 52 drama,
846 629 165 52 acting,
1049 627 289 54 pantomime,
1377 643 198 38 scenery,
1613 635 217 45 costume,
1867 629 86 44 and
1992 629 221 54 lighting)
2259 630 88 44 and

332 685 207 53 dancing.

333 754 53 55 ©
418 756 120 43 Nov.
568 755 68 52 24,
670 754 131 53 1925;
832 756 66 42 2c.
931 756 120 43 Nov.
1083 755 78 53 30;
1194 756 79 43 aff.
1305 755 109 44 Dec.
1446 756 49 52 3;
1529 756 45 42 A
1605 753 190 54 875322;
1830 754 53 48 E.
1915 756 51 42 P.
2000 756 176 43 Dutton
2209 757 39 44 &
2279 771 66 29 co.

411 811 273 56 (25-24886)

335 928 375 73 Thompson,
752 928 229 73 Vance,
1025 928 360 59 1863-1925.

411 1020 119 57 Mr.
564 1018 261 74 Guelpa,
856 1020 104 57 the
991 1019 252 58 famous
1275 1018 247 58 French
1553 1017 326 74 detective,
1910 1018 187 59 visits
332 1019 1994 137 America

478 1099 124 56 and
649 1097 166 59 finds
862 1097 105 58 the
1017 1100 168 55 most
1231 1096 252 73 baffling
1528 1100 286 70 mystery
1865 1097 70 57 of
1980 1096 98 59 his
2130 1115 219 41 career

334 1174 2012 75 awaiting him, by Vance Thompson … Indianapolis, The
331 1253 1056 74 Bobbs-Merrill company [ c 1925]
403 1343 569 55 5 p. l., 339 p. 19½ cm .
330 1415 53 55 ©
418 1416 119 44 Nov.
571 1415 66 52 24,
674 1413 104 46 1925;
835 1414 66 45 2c.
933 1415 88 44 and
1053 1414 79 44 aff.
1167 1414 120 44 Nov.
1320 1414 78 53 30;
1432 1414 45 43 A
1510 1412 190 54 872619;
1738 1412 363 46 Bobbs-Merrill
2135 1430 66 29 co.

410 1472 273 56 (25-24582)

332 1586 303 73 Voltaire,
671 1585 305 74 François
1009 1584 203 59 Marie
1242 1585 243 57 Arouet
1518 1585 93 72 de,
1647 1586 360 58 1694-1778.

474 1675 1869 74 … Selections from Voltaire, with explanatory comment
328 1754 2015 75 upon his life and works, by George R. Havens … New
326 1836 176 58 York
527 1836 48 57 &
599 1835 280 73 London,
909 1834 130 58 The
1069 1833 282 73 Century
1377 1853 107 54 co.,
1513 1834 167 57 1925.

505 1963 10 18 xxv,
558 1929 84 43 434
682 1942 40 39 p.
785 1927 153 50 front.,
981 1926 158 55 plates,
1182 1934 140 46 ports.
1387 1926 50 44 19½
1471 1927 47 18 cm
1526 1961 8 8 .
1604 1924 125 56 (The
1773 1925 200 54 Century
2015 1927 188 43 modern
330 1925 1992 116 language
508 1986 155 44 series.
724 1984 59 44 K.
811 1984 273 54 McKenzie,
1112 1983 172 55 editor)
1407 1981 123 56 $2.25

400 2058 252 48 “Selective
680 2055 347 55 bibliography”:
1087 2072 39 38 p.
1156 2057 197 44 xix-xx.

329 2127 53 54 ©
409 2129 120 44 Nov.
557 2129 40 52 9,
626 2127 130 53 1925;
784 2129 65 42 2c.
878 2128 120 44 Nov.
1029 2128 76 52 11;
1133 2127 80 45 aff.
1241 2128 120 43 Nov.
1390 2125 75 54 17;
1495 2128 45 42 A
1567 2125 190 54 875136;
1789 2126 203 54 Century
2019 2143 65 29 co.

409 2184 274 56 (25-24707)

329 2300 216 72 Ward,
583 2301 190 73 Mary
807 2299 205 69 Anna,
1055 2300 190 57 1866-

408 2389 1934 74 Pupils’ self-instruction arithmetic … by Mary A.
329 2469 1973 74 Ward … Chicago, New York, Rand, McNally & company
346 2550 187 73 [ c 1925]
396 2642 80 52 xii,
508 2641 83 44 237
625 2655 39 40 p.
727 2639 116 45 illus.
870 2639 199 55 (forms)
1141 2638 51 45 19½
1228 2641 46 18 cm
1280 2674 9 9 .

329 2707 53 54 ©
411 2710 115 52 June
555 2708 38 51 9,
626 2707 104 44 1925;
787 2707 65 44 2c.
880 2708 88 43 and
996 2707 79 43 aff.
1105 2707 116 53 June
1255 2707 49 42 13;
1363 2706 43 43 A
1437 2705 165 45 855548;
1662 2707 145 51 Rand,
1840 2705 224 55 McNally
2095 2709 37 43 &
2163 2722 65 29 co.

407 2764 273 56 (25-10086)

330 2877 229 74 White,
598 2876 260 60 Charles
890 2877 62 60 J.

406 2974 210 69 Jesus,
645 2992 116 39 our
786 2970 269 72 Friend;
1084 2968 500 62 considerations
1612 2972 108 56 for
1746 2972 104 58 the
1876 2971 150 72 holy
2053 2972 179 71 hour,
2259 2974 84 71 by

329 3048 2013 74 Rev. Charles J. White, s. T . L. New York, P. J. Kenedy
328 3129 46 57 &
403 3148 147 40 sons
581 3158 12 43 [
594 3135 18 21 c
617 3127 168 74 1925]

395 3219 77 51 vii,
503 3219 78 46 192
607 3234 42 37 p.
712 3219 51 46 19½
797 3221 49 20 cm
849 3255 11 10 .

329 3287 52 54 ©
417 3288 120 53 Sept.
569 3289 39 45 3,
644 3286 130 53 1925;
809 3287 65 43 2c.
907 3288 88 43 and
1025 3286 79 44 aff.
1141 3288 119 43 Nov.
1292 3285 78 53 27;
1405 3287 45 42 A
1481 3286 190 54 872604;
1710 3289 51 43 P.
1794 3288 41 53 J.
1868 3289 193 54 Kenedy
2092 3292 37 43 &
2162 3306 119 30 sons.

406 3343 273 56 (25-24693)

329 3458 207 73 Wilm,
575 3457 169 59 Emil
781 3457 164 74 Carl,
985 3459 192 59 1877-

409 3552 132 57 The
569 3550 277 58 theories
877 3550 69 57 of
973 3550 292 71 instinct;
1299 3569 39 38 a
1369 3551 190 71 study
1587 3551 67 56 in
1683 3552 104 57 the
1817 3552 249 73 history
2097 3554 68 57 of
331 3573 1985 128 psychology,

642 3626 1699 77 by E. C. Wilm … New Haven, Yale university
327 3725 215 54 press;
579 3709 149 73 [etc.,
765 3706 131 74 etc.]
931 3706 168 57 1925.

397 3796 92 52 xiv,
525 3795 79 44 188
632 3809 40 39 p.
732 3795 53 44 23
792 3797 48 19 cm
846 3830 9 9 .

400 3866 215 45 Contains
650 3864 371 54 bibliographies.

329 3937 53 54 ©
419 3939 119 43 Nov.
579 3937 61 52 14,
681 3935 129 47 1925;
847 3937 66 43 2c.
951 3937 119 43 Nov.
1107 3936 79 53 23;
1225 3935 81 46 aff.
1344 3937 120 44 Nov.
1506 3936 75 53 19;
1620 3938 45 42 A
1702 3934 190 56 875213;
1933 3939 116 44 Yale
2087 3939 249 56 university

397 4010 140 38 press.
607 3992 273 56 (25-24878)
