2533 4412
0 0 0 0 1514
344 327 306 73 Barnhill,
687 328 172 58 John
894 327 217 74 Finch,
1151 331 191 57 1865-

420 418 127 58 Not
590 418 305 73 speaking
937 419 68 57 of
1047 419 383 74 operations,
1473 422 84 70 by
1597 421 171 58 John
1809 421 198 58 Finch
2047 423 309 74 Barnhill,

384 543 11 11 F.
473 543 11 11 A.
563 543 11 11 C.
645 544 10 10 S.
739 498 262 70 Boston,
1036 498 214 72 Mass.,
1289 499 131 58 The
1458 498 332 59 Stratford
1825 518 325 55 company,
2188 503 166 56 1925.

413 573 999 55 2 p. l., ii p., 1 l., 159 p. plates. 19 cm .
343 630 54 54 ©
425 632 108 43 Dec.
560 631 38 52 7,
628 631 129 53 1925;
785 633 64 43 2c.
878 634 87 42 and
991 633 79 44 aff.
1099 634 111 43 Dec.
1241 633 74 52 10;
1346 634 44 42 A
1416 632 190 54 875442;
1641 634 235 46 Stratford
1904 650 65 29 co.

422 687 272 55 (25-25744)

344 789 270 71 Bassett,
655 788 172 58 John
864 788 292 73 Spencer,
1198 792 191 56 1867-
1548 791 90 58 ed.

421 885 130 56 The
601 884 302 57 southern
947 883 358 72 plantation
1354 903 292 39 overseer
1693 905 69 38 as
1809 886 293 58 revealed
2145 885 65 57 in
2253 883 99 61 his

341 964 240 63 letters,
605 963 82 69 by
710 962 170 57 John
909 962 275 72 Spencer
1206 962 259 59 Bassett…
1626 962 487 73 Northampton,
2138 962 214 73 Mass.,

342 1037 267 60 Printed
637 1040 105 57 for
771 1037 206 61 Smith
1006 1039 251 72 college,
1289 1040 166 59 1925.

413 1114 1835 56 2 p. l., iii-vii, 280 p., 1 l. facsims. 24 cm (Half-title: Smith college
341 1117 1991 101 fiftieth
480 1173 298 51 anniversary
803 1171 322 53 publications,
1234 1212 8 9 [V.
1272 1175 68 50 5])

413 1228 299 47 Cover-title:
751 1230 102 47 The
888 1231 257 49 plantation
1182 1246 211 31 overseer
1430 1247 49 28 as
1519 1231 208 45 revealed
1762 1230 44 44 in
1841 1231 71 46 his
1949 1233 168 44 letters.

412 1286 1939 54 “All the letters in this book … are taken from the correspondence of
339 1343 2013 53 James Knox Polk … and all are preserved in manuscript form in the
342 1401 196 51 Library
565 1403 53 43 of
649 1401 243 50 Congress,
922 1398 324 53 Washington,
1276 1401 57 43 D.
1365 1399 268 45 C.”—Pref.

342 1455 54 54 ©
422 1458 108 42 Dec.
556 1457 38 52 8,
623 1455 130 53 1925;
781 1457 64 42 2c.
872 1458 87 42 and
985 1457 79 42 aff.
1092 1456 109 43 Dec.
1231 1456 75 51 11;
1336 1456 44 42 A
1407 1452 190 55 872811;
1626 1455 40 53 J.
1698 1453 44 49 S.
1774 1457 194 51 Bassett,
1998 1457 354 54 Northampton,

415 1515 142 43 Mass.
627 1511 273 56 (25-25971)

343 1613 222 73 Basye,
605 1612 248 58 Arthur
890 1612 290 58 Herbert.

419 1707 129 57 The
600 1707 204 57 Lords
858 1703 504 61 commissioners
1415 1708 69 57 of
1533 1706 181 58 trade
1767 1704 124 61 and
1941 1706 409 72 plantations,

341 1786 349 69 commonly
728 1784 224 57 known
995 1804 69 38 as
1108 1784 105 59 the
1255 1784 218 58 Board
1513 1785 68 57 of
1622 1783 201 72 trade,
1867 1784 361 69 1748-1782,
2269 1785 82 71 by

339 1858 2013 76 Arthur Herbert Basye … New Haven, Yale university
338 1960 183 53 press;
584 1942 149 69 [etc.,
762 1942 128 69 etc.]
921 1940 167 56 1925.

340 2013 1989 114 viii, 240 p. 22 ½ cm . (Half-title: Yale historical publications. Miscellany, XIV)
410 2131 290 53 “Originally
735 2133 240 50 presented
1013 2130 44 43 in
1095 2128 166 52 partial
1299 2130 263 46 fulfillment
1599 2132 51 45 of
1685 2131 76 45 the
1797 2131 328 52 requirements
2165 2133 72 45 for
2275 2132 74 44 the

337 2193 237 43 doctorate
601 2197 45 37 at
675 2189 116 43 Yale
818 2186 482 52 university.”—Pref.

411 2245 421 52 “Bibliographical
859 2244 133 47 note”:
1047 2259 41 35 p.
1119 2243 237 48 [233]-235.

340 2300 53 54 ©
424 2302 119 43 Nov.
574 2301 67 51 27,
675 2300 130 52 1925;
836 2300 64 42 2c.
934 2300 109 41 Dec.
1075 2299 49 50 2;
1157 2299 78 43 aff.
1269 2298 119 44 Nov.
1420 2298 78 51 30;
1531 2297 43 43 A
1607 2295 189 55 872676;
1830 2297 115 46 Yale
1974 2298 119 45 univ.
2126 2314 138 38 press.

419 2356 272 56 (25-25963)

340 2458 262 72 Baudry
633 2457 75 58 de
746 2454 286 72 Saunier,
1068 2451 209 74 Louis,
1315 2455 191 56 1865-

481 2542 1862 78 … La joie du camping. Paris, E. Flammarion [ c 1925]
408 2622 1514 60 55 p., 2 l. illus. 15½cm. (Collection Baudry de Saunier)
409 2680 1033 55 At head of title: … Baudry de Saunier.
339 2735 1925 60 © Sept. 17, 1925; 1c . Sept. 28; A— Foreign 28723; Ernest Flammarion.
417 2797 245 56 (26-1156)

339 2900 268 72 Baynes,
647 2897 229 57 Ernest
916 2891 260 74 Harold,
1218 2893 359 59 1868-1925.

413 2988 256 57 Animal
714 2987 222 56 heroes
989 2984 67 58 of
1104 2983 104 58 the
1257 2984 182 72 great
1484 3000 151 54 war,
1681 2981 85 73 by
1813 2981 235 58 Ernest
2098 2981 245 59 Harold

334 3070 253 71 Baynes;
649 3064 152 59 with
831 3082 81 39 an
940 3065 261 55 account
1229 3061 67 58 of
1324 3060 103 58 the
1458 3059 218 59 writer
1705 3060 186 58 “The
1919 3078 147 39 man
2095 3062 123 56 and
2243 3060 99 58 his

336 3146 270 60 enemies”
696 3144 85 75 by
816 3142 189 60 Owen
1040 3140 256 60 Wister.
1378 3138 168 75 [New
1581 3138 190 75 York]
1814 3138 128 58 The
1981 3138 360 59 Macmillan

335 3244 324 55 company,
691 3224 167 56 1925.

405 3306 77 53 lvi,
509 3304 81 46 307
617 3319 40 38 p.
719 3303 124 43 front.
887 3300 168 54 (port.)
1091 3298 116 45 illus.
1268 3299 50 43 21
1328 3300 46 17 cm
1381 3333 9 7 .

338 3363 53 54 ©
418 3365 109 41 Dec.
555 3362 39 51 8,
624 3358 103 46 1925;
783 3360 63 42 2c.
875 3359 86 42 and
988 3358 80 42 aff.
1095 3357 109 42 Dec.
1231 3355 25 43 9;
1311 3355 44 42 A
1382 3352 164 46 872783;
1603 3353 266 44 Macmillan
1896 3368 66 28 co.

417 3417 271 57 (25-25862)

338 3519 332 72 Benchley,
707 3514 235 60 Robert
983 3511 276 71 Charles,
1298 3512 191 57 1889-

334 3599 1989 245 Pluck and luck, by Robert Benchley … with illustrations by Gluyas Williams. New York, H. Holt and company [ c 1925]
407 3835 1161 65 viii, 295, [1] p. incl. front., illus. pl. 19½c m .
337 3906 53 53 ©
423 3907 96 41 Dec
570 3904 33 50 1,
641 3900 129 51 1925;
804 3899 64 43 2c.
903 3898 86 43 and
1022 3896 79 43 aff.
1135 3895 108 43 Dec.
1276 3894 51 52 4;
1363 3894 43 41 A
1439 3891 190 53 872704;
1667 3893 161 52 Henry
1862 3892 117 44 Holt
2013 3892 86 43 and
2133 3907 65 29 co.

415 3958 272 60 (25-25874)
