2533 4412
1102 4081 110 54 141

135 439 235 71 Pound,
412 439 252 70 Roscoe,
709 440 189 56 1870-

213 510 1853 75 Lectures on masonic jurisprudence, by Roscoe Pound …
138 594 435 71 Washington,
596 593 73 56 D.
700 592 83 72 C.,
811 592 128 57 The
963 589 283 59 Masonic
1272 589 236 57 service
1535 587 381 59 association
1940 588 67 57 of
2031 588 104 57 the

137 672 237 59 United
407 671 210 58 States
654 670 200 73 [c1924]

208 750 27 42 4
260 764 39 37 p.
347 783 23 17 l.,
401 749 77 43 120
505 762 38 37 p.
607 748 51 43 16
664 750 45 16 cm
717 782 9 8 .
795 745 164 54 (Little
988 744 198 44 masonic
1217 744 184 52 library,
1466 758 83 38 [no.
1579 743 68 52 4])

210 804 245 52 Reprinted
491 804 119 43 from
645 803 74 44 the
757 802 197 44 Builder.

212 860 323 54 Bibliography
564 867 46 37 at
640 860 85 44 end
753 859 50 45 of
833 858 107 44 each
972 858 181 44 lecture.

140 917 53 53 ©
223 919 108 42 Dec.
360 919 38 49 8,
431 918 128 50 1924;
589 917 65 42 2c.
685 917 108 42 Dec.
823 917 78 50 23;
933 916 78 42 aff.
1042 915 98 52 Jan.
1174 915 62 50 13,
1270 912 129 52 1925;
1431 913 43 43 A
1504 911 162 45 815595;
1726 911 210 44 Masonic
1967 910 170 45 service

211 990 117 28 assn.
365 974 50 44 of
450 975 74 42 the
562 973 171 44 United
772 971 161 47 States.
1004 968 241 57 (25-4581)

142 1057 298 73 [Randell,
480 1056 276 58 Andrew
790 1055 374 74 L]
1207 1056 189 57 1881-

219 1132 1922 76 Masonry and Americanism … Washington, D. C., The
146 1214 283 59 Masonic
457 1213 236 59 service
722 1211 380 60 association
1129 1214 67 57 of
1222 1213 104 56 the
1350 1210 237 60 United
1617 1211 211 59 States
1861 1242 12 43 [
1875 1218 17 21 c
1898 1211 149 55 1924]

215 1295 24 42 3
266 1310 38 35 p.
328 1292 15 44 l.,
400 1292 75 45 145
504 1309 39 34 p.
606 1292 52 44 16
663 1294 46 17 cm
716 1327 8 8 .
793 1290 166 52 (Little
983 1290 200 45 masonic
1211 1291 183 49 library,
1503 1305 41 29 [no.
1648 1290 18 47 11])

143 1346 53 53 ©
225 1348 107 43 Dec.
360 1350 38 48 8,
432 1347 128 49 1924;
591 1347 64 42 2c.
685 1347 109 41 Dec.
822 1346 52 42 23;
931 1345 78 43 aff.
1039 1346 99 51 Jan.
1173 1345 62 51 13,
1269 1343 130 53 1925;
1430 1345 44 42 A
1506 1343 189 53 815588;
1730 1342 207 46 Masonic
1969 1345 171 43 service

213 1403 270 44 association
513 1403 49 43 of
592 1402 76 44 the
696 1402 171 43 United
900 1400 164 47 States.
1134 1400 241 55 (25-4587)

144 1472 433 71 Ravenscroft,
619 1470 297 70 William,
959 1475 189 56 1848-

224 1550 1917 76 The Comacines, by W. Ravenscroft … Washington,
145 1633 73 55 D.
272 1630 83 73 C.,
408 1631 129 56 The
587 1630 288 62 Masonic,
919 1629 236 59 service
1207 1629 380 58 association
1638 1632 69 58 of
1753 1632 103 57 the
1907 1631 236 60 United

149 1710 211 58 States
394 1738 13 43 [
408 1717 20 21 c
431 1709 151 56 1924]

220 1789 18 42 1
265 1803 40 37 p.
349 1821 22 17 l.,
401 1787 76 44 120
502 1803 38 34 p.
605 1786 51 43 16
661 1788 46 17 cm
715 1822 7 7 .
791 1785 164 52 (Little
981 1783 201 47 masonic
1205 1784 183 52 library,
1464 1802 72 29 [no.
1565 1784 67 51 5])

146 1841 53 53 ©
230 1843 108 41 Dec.
369 1842 38 51 8,
440 1841 129 50 1924;
600 1841 64 42 2c.
693 1840 108 42 Dec.
830 1841 80 50 23;
941 1840 78 42 aff.
1038 1840 110 50 Jan.
1182 1839 62 51 13,
1278 1839 129 52 1925;
1440 1840 43 42 A
1511 1840 190 52 815594;
1736 1839 207 46 Masonic
1974 1842 171 45 service

218 1913 116 28 assn.
366 1898 50 43 of
447 1897 74 43 the
552 1896 172 44 United
759 1895 163 47 States.
992 1893 242 56 (25-4582)

146 1966 282 74 Roberts,
465 1966 124 57 Leo
624 1966 196 57 Bond.

227 2044 1918 74 Topographic mapping, by L. B. Roberts … 1st ed.
147 2124 436 72 Washington,
613 2123 73 56 D.
720 2121 84 74 C.,
837 2123 130 57 The
999 2123 253 71 Society
1278 2123 69 57 of
1372 2122 338 59 American
1735 2124 284 74 military

151 2145 1974 130 engineers,
447 2202 166 56 1924.

224 2278 78 45 150
331 2294 38 37 p.
431 2279 128 49 illus.,
590 2278 167 53 diagrs.
822 2276 49 45 17½
907 2280 46 18 cm
960 2313 9 9 .

223 2335 332 44 “References”
584 2344 47 35 at
659 2336 83 43 end
771 2335 50 43 of
848 2350 122 29 some
998 2334 51 45 of
1075 2334 76 45 the
1182 2335 220 52 chapters.

152 2392 53 53 ©
233 2394 108 43 Dec.
370 2392 63 53 15,
465 2393 128 51 1924;
621 2393 63 43 2c.
711 2393 87 43 and
822 2393 80 42 aff.
931 2392 107 44 Feb.
1069 2391 63 53 17,
1164 2392 130 52 1925;
1322 2393 44 42 A
1395 2393 188 53 823100;
1616 2393 182 54 Society
1827 2395 50 44 of
1905 2395 243 45 American

222 2450 202 52 military
453 2449 248 52 engineers.
771 2447 242 55 (25-4967)

150 2518 335 71 Robinson,
527 2518 116 74 Gil,
687 2521 189 57 1845-

232 2597 118 59 Old
388 2616 223 54 wagon
655 2596 169 58 show
867 2597 174 71 days,
1085 2597 84 72 by
1211 2595 101 61 Gil
1353 2598 338 59 Robinson.
1779 2599 371 79 Cincinnati,

152 2675 345 58 Brockwell
527 2693 306 53 company
862 2704 13 43 [
878 2683 19 21 c
899 2676 164 70 1925]

223 2752 83 44 250
341 2767 39 38 p.
441 2752 150 51 front.,
628 2752 155 52 plates,
815 2761 139 44 ports.
1014 2752 53 44 20½
1102 2755 47 17 cm
1155 2787 9 9 .

156 2809 53 53 ©
236 2810 105 44 Feb.
373 2809 63 52 16,
467 2809 129 52 1925;
624 2811 66 42 2c.
719 2809 105 44 Feb.
859 2811 72 51 18;
962 2811 79 43 aff.
1070 2809 107 45 Feb.
1210 2811 74 51 19;
1314 2810 43 43 A
1386 2811 188 52 823120;
1607 2811 51 45 G.
1689 2813 244 52 Robinson,
1966 2813 184 48 Somers

228 2867 148 50 Point,
406 2866 59 43 N.
495 2867 40 51 J.
605 2864 242 55 (25-4968)

155 2935 200 67 Rossi,
398 2934 284 59 William
723 2934 327 72 Harrison,
1097 2938 189 56 1887-
1444 2956 192 55 comp.

301 3012 1855 79 … Personnel administration; a bibliography, compiled
158 3092 82 70 by
267 3090 280 59 William
580 3090 77 57 H.
691 3091 186 57 Rossi
911 3092 123 57 and
1064 3091 206 58 Diana
1303 3092 46 56 I.
1385 3092 253 59 Powers
1672 3095 204 58 Rossi.
159 3097 1972 144 Baltimore,

375 3168 312 58 Williams
720 3167 47 59 &
792 3168 268 59 Wilkins
1092 3186 321 55 company,
1445 3171 164 57 1925.

231 3246 78 44 365
349 3261 39 37 p.
448 3247 51 43 21
508 3248 47 18 cm
562 3282 8 8 .
639 3246 289 54 (Half-title:
971 3247 187 43 Human
1196 3247 212 44 relations
1448 3247 150 53 series,
1640 3250 66 44 ed.
1743 3249 61 53 by
1841 3251 62 43 H.
1946 3252 49 45 C.
161 3254 1976 93 Metcalf.
350 3303 17 53 I)

236 3359 147 46 Series
412 3368 102 35 note
542 3361 45 42 in
611 3367 102 45 part
738 3359 94 45 also
860 3367 46 37 at
929 3359 114 45 head
1070 3360 50 45 of
1147 3367 96 46 t.-p.

231 3415 100 45 The
354 3417 157 51 period
535 3416 190 44 covered
752 3416 36 43 is
817 3415 123 44 from
971 3417 106 43 1919
1100 3424 46 36 to
1171 3418 206 51 January
1405 3418 34 49 1,
1470 3418 117 44 1924.
1648 3419 58 51 cf.
1735 3420 126 44 Pref.

162 3472 53 53 ©
242 3474 99 50 Jan.
368 3474 66 44 21.
467 3472 129 52 1925;
626 3474 64 42 2c.
720 3473 87 43 and
835 3474 78 42 aff.
943 3474 98 51 Jan.
1072 3473 78 52 26;
1182 3473 43 42 A
1256 3472 188 54 814789;
1477 3474 229 46 Williams
1738 3478 36 44 &
1802 3478 200 44 Wilkins
2033 3496 66 28 co.

242 3528 241 54 (25-4573)

164 3597 385 72 Rothschild,
587 3598 126 72 Jay
747 3597 139 58 Leo.

239 3673 258 73 Topical
543 3674 233 59 outline
822 3677 69 56 of
934 3676 105 58 the
1081 3675 121 58 law
1246 3674 68 58 of
1359 3674 290 62 evidence
1699 3680 112 72 [by]
1861 3680 128 73 Jay
2035 3683 125 59 Leo

165 3753 384 58 Rothschild.
621 3753 134 57 Bar
787 3753 420 58 examination
1242 3754 243 59 review.
1563 3757 352 76 [Brooklyn,
1953 3761 73 57 N.
2062 3761 93 74 Y.,

227 3876 9 9 F.
264 3829 299 58 Weidner
592 3830 287 72 printing
905 3832 47 56 &
982 3830 363 73 publishing
1374 3852 107 52 co.,
1509 3833 133 74 inc.]
1675 3843 19 23 c
1697 3836 166 59 1925.

239 3906 273 50 cover-title,
548 3907 51 44 18
631 3922 40 37 p.
731 3908 53 44 23½
820 3910 46 18 cm
873 3943 8 8 .

167 3962 53 53 ©
244 3964 98 51 Jan.
366 3964 66 47 28,
460 3963 128 53 1925;
611 3965 64 42 2c.
700 3965 87 43 and
810 3965 78 43 aff.
913 3966 98 51 Jan.
1037 3964 76 52 30;
1141 3964 43 43 A
1208 3965 189 52 814830;
1424 3968 39 51 J.
1491 3968 47 42 L.
1566 3968 280 54 Rothschild,
1873 3970 118 45 New
2014 3973 143 44 York.

247 4018 240 44 ('25-3499)
