2533 4412
1085 4111 106 56 231

170 419 319 70 Haworth,
532 421 159 57 Paul
728 420 252 73 Leland,
1024 423 189 58 1876-

245 496 241 73 George
524 497 437 73 Washington,
1003 501 262 69 country
1303 500 386 71 gentleman;
1727 499 186 73 being
1951 520 79 37 an
168 516 1972 119 account

382 576 67 55 of
474 575 98 57 his
597 575 178 57 home
804 575 110 58 life
945 577 122 56 and
1094 575 412 73 agricultural
1534 576 330 74 activities,
1892 579 82 70 by
2002 578 161 59 Paul

166 651 237 58 Leland
431 653 306 56 Haworth
772 699 61 11 ...
865 653 150 56 with
1039 671 191 53 many
1255 652 439 75 illustrations,
1723 653 343 60 facsimiles
2095 656 68 57 of

165 730 249 71 private
441 748 253 52 papers,
722 731 123 57 and
874 751 36 37 a
935 749 146 52 map
1112 731 67 56 of
1206 729 481 74 Washington’s
1717 734 201 56 estate
1947 733 215 57 drawn

163 808 83 71 by
289 806 271 58 himself.
649 806 452 74 Indianapolis,
1151 808 128 58 The
1326 808 485 60 Bobbs-Merrill
1857 828 305 55 company

168 915 12 43 [
183 892 18 22 c
206 886 162 73 1925]

241 962 26 45 7
292 978 39 39 p.
388 999 9 17 l,
423 963 80 44 336
529 978 38 38 p.
629 964 152 53 front.,
807 964 157 54 plates,
991 963 197 46 facsims.
1248 965 50 45 21
1309 967 46 17 cm
1362 1000 8 8 .

244 1021 111 52 Map
381 1020 215 52 wanting.

241 1075 245 46 Published
515 1074 101 46 1915
643 1077 143 43 under
811 1077 121 44 title:
963 1076 180 53 George
1166 1076 317 53 Washington,
1512 1078 183 44 farmer.

165 1130 55 54 ©
248 1132 118 44 Mar.
393 1132 39 52 2,
463 1131 104 44 1925;
622 1133 64 42 2c.
715 1132 119 45 Mar.
863 1133 27 44 9;
944 1134 78 42 aff.
1054 1134 118 42 Mar.
1203 1132 47 52 5;
1283 1134 43 42 A
1356 1133 188 53 822301;
1578 1133 360 46 Bobbs-Merrill
1965 1150 66 29 co.
2106 1134 53 54 [©

237 1187 183 54 preface
446 1190 87 42 and
561 1189 195 43 revision
785 1188 42 44 in
855 1196 112 45 text]
1034 1187 243 58 (25-6041)

167 1258 269 72 Hazard,
480 1257 304 72 Caroline,
825 1263 190 55 1856-

242 1335 192 57 From
481 1335 231 73 college
758 1339 196 70 gates,
998 1338 84 70 by
1127 1336 291 60 Caroline
1461 1339 258 57 Hazard
1769 1389 62 10 ...
1919 1340 239 58 Boston

164 1413 123 58 and
315 1412 152 59 New
492 1413 189 73 York,
711 1413 343 74 Houghton
1083 1414 215 59 Mifflin
1327 1433 322 57 company,
1680 1417 166 59 1925.

237 1508 45 36 X,
310 1491 80 46 326
415 1508 39 38 p.
517 1493 139 43 front.
716 1494 149 43 20½cm.

164 1546 53 54 ©
242 1549 117 43 Mar.
382 1551 38 47 6,
448 1547 129 54 1925;
603 1549 63 42 2c.
692 1550 86 42 and
802 1549 77 43 aff.
906 1550 118 42 Mar.
1048 1549 50 52 9.;
1125 1550 43 42 A
1192 1549 189 53 822317;
1410 1549 48 45 C.
1485 1552 201 52 Hazard,
1715 1552 144 50 Peace
1884 1553 130 53 Dale,
2041 1554 53 43 R.
2121 1555 36 42 I.

242 1603 242 57 (25-6409)

164 1672 260 72 Hendel,
464 1674 256 57 Charles
755 1672 296 75 William,
1088 1676 78 71 jr.

243 1751 251 60 Studies
529 1752 65 57 in
627 1752 103 57 the
764 1751 378 73 philosophy
1176 1754 69 56 of
1279 1753 209 59 David
1520 1756 222 74 Hume,
1780 1758 81 71 by
1899 1756 259 60 Charles

161 1829 277 60 William
473 1830 261 72 Hendel,
771 1829 78 73 jr.
895 1853 61 33 ..:
1042 1831 354 74 Princeton,
1433 1831 338 60 Princeton
1806 1835 354 73 university

160 1925 200 54 press,
396 1908 165 56 1925.

229 1983 92 54 xiv,
356 1986 68 50 [1],
456 1985 94 53 420,
587 1986 51 45 [1]
676 2000 38 38 p.
774 1985 55 44 24
835 1987 47 18 cm
890 2021 5 4 .

160 2041 55 53 ©
245 2042 105 45 Feb.
380 2043 67 50 24,
482 2041 102 45 1925;
642 2043 64 43 2c.
739 2043 87 44 and
856 2043 79 43 aff.
968 2043 120 43 Mar.
1120 2045 50 50 9;
1204 2043 45 43 A
1278 2044 188 53 822296;
1502 2045 245 46 Princeton
1777 2045 118 46 univ.
1928 2062 141 38 press.

240 2097 242 57 (25-6332)

160 2168 292 73 Howard,
493 2167 211 74 Philip
744 2169 271 73 Eugene,
1056 2172 192 56 1870-

235 2247 59 56 A
339 2266 139 37 new
522 2245 290 62 invasion
864 2246 68 58 of
981 2246 304 74 Belgium,
1336 2248 84 71 by
1468 2249 211 71 Philip
1730 2249 74 58 E.
1858 2252 296 58 Howard.

158 2323 457 72 Philadelphia,
658 2324 128 56 The
830 2324 258 72 Sunday
1131 2325 208 58 school
1377 2326 182 57 times
1603 2346 304 54 company
1949 2359 14 44 [
1965 2339 19 21 c
1987 2331 149 55 1924]

226 2400 92 53 xvi,
342 2402 82 43 208
449 2415 39 38 p.
549 2401 152 52 front.,
725 2401 157 53 plates,
907 2409 153 45 ports.,
1085 2417 139 37 maps.
1283 2403 53 43 20
1345 2408 46 16 cm
1398 2440 8 8 .

160 2457 53 53 ©
240 2460 111 51 Apr.
378 2458 68 51 26,
477 2459 105 42 1924;
635 2459 63 42 2c.
729 2459 108 44 Dec.
864 2459 80 52 29;
974 2460 78 43 aff.
1082 2460 108 42 Dec.
1220 2460 77 52 31;
1329 2461 43 41 A
1401 2459 189 54 815545;
1624 2461 184 54 Sunday
1839 2463 154 44 school
2021 2465 130 44 times

228 2530 65 28 co.
364 2513 240 56 (25-6186)

159 2585 285 69 Hunnex,
480 2587 153 56 Mrs.
672 2584 213 60 Gloria
922 2586 67 59 G.

233 2663 217 59 James
493 2664 266 56 Hudson
804 2664 252 71 Taylor,
1100 2664 259 71 pioneer
1399 2666 385 74 missionary
1824 2670 69 56 of
1934 2670 217 59 inland

160 2740 217 73 China,
423 2742 83 70 by
553 2740 215 59 Gloria
818 2741 68 59 G.
937 2742 287 56 Hunnex.
1313 2742 351 75 Anderson,
1713 2745 156 74 Ind.,
1919 2746 231 73 Gospel

153 2821 279 69 trumpet
462 2837 304 53 company
801 2848 11 42 [
814 2826 18 22 c
837 2819 164 74 1925]

232 2896 78 45 154
336 2912 40 39 p.
439 2897 122 44 front.
602 2896 165 53 (port.)
804 2897 114 44 illus.
983 2898 50 44 19
1038 2899 46 17 cm
1092 2933 7 8 .

157 2952 53 53 ©
241 2953 118 44 Mar.
392 2954 36 50 9,
464 2951 129 54 1925;
625 2954 63 42 2c.
722 2953 88 44 and
839 2954 78 42 aff.
951 2954 119 42 Mar.
1106 2954 74 52 12;
1215 2954 43 42 A
1289 2954 189 53 823394;
1514 2955 166 53 Gospel
1712 2964 197 46 trumpet
1942 2975 64 28 co.

236 3008 241 56 (25-6644)

156 3079 260 68 Hunter,
458 3078 192 58 Dard.

233 3156 130 58 The
410 3156 331 58 literature
793 3155 67 58 of
906 3156 473 75 papermaking,
1431 3160 356 76 1390-1800,
1836 3164 84 72 by
1971 3166 175 58 Dard

153 3234 265 58 Hunter.
489 3233 402 74 [Chillicothe,
977 3281 30 26 O.,
1034 3243 18 22 c
1056 3236 164 72 1925]

224 3311 68 54 47,
325 3313 51 54 [1]
408 3327 39 37 p.
509 3313 129 51 illus.,
667 3313 71 51 pl.,
767 3313 214 43 mounted
1012 3313 197 44 facsims.
1268 3314 56 43 42½
1357 3317 47 18 cm
1410 3350 8 8 .

227 3370 53 43 In
293 3368 231 54 portfolio.

228 3425 149 54 “Only
399 3440 84 29 one
504 3425 204 43 hundred
730 3425 88 44 and
838 3425 153 52 ninety
1015 3425 148 52 copies
1187 3425 52 44 of
1261 3425 87 45 this
1373 3428 120 43 book
1517 3429 114 45 have
1655 3431 110 44 been
1791 3433 188 51 printed.
2035 3435 111 43 This

155 3497 113 37 copy
301 3481 35 45 is
370 3483 188 42 number
588 3481 94 42 20.”
746 3479 192 55 Signed:
974 3483 128 42 Dard
1134 3483 194 44 Hunter.

155 3537 54 53 ©
234 3538 118 44 Mar.
381 3539 61 49 10,
472 3536 130 53 1925;
625 3538 66 43 2c.
717 3538 87 44 and
828 3538 78 44 aff.
933 3539 119 43 Mar.
1081 3540 74 50 14;
1183 3540 43 42 A
1251 3538 189 54 823416;
1471 3542 55 42 D.
1554 3543 194 54 Hunter,
1779 3545 283 54 Chillicothe,
2089 3549 42 44 O

233 3592 243 57 (25-6414)

156 3651 197 70 Hurd,
392 3649 277 59 Richard
704 3649 414 75 Melancthon,
1160 3654 189 57 1865-

229 3727 350 72 Principles
615 3728 67 58 of
713 3727 127 74 city
868 3729 148 58 land
1045 3730 235 73 values,
1314 3732 84 71 by
1428 3733 276 60 Richard
1737 3737 82 58 M.
1853 3739 185 59 Hurd

153 3808 150 55 New
332 3806 189 69 York,
556 3807 127 56 The
716 3807 244 57 Record
993 3808 125 57 and
1148 3808 202 73 guide,
1387 3812 164 56 1924.

221 3882 93 51 viii,
350 3881 78 44 159
461 3897 38 36 p.
536 3882 98 43 incl.
671 3881 151 54 front.,
858 3882 129 53 illus.,
1022 3882 139 53 plans.
1220 3884 53 45 23½
1309 3887 47 19 cm
1361 3921 9 8 .

221 3937 174 46 Fourth
429 3939 178 43 edition.

155 3993 54 54 ©
240 3995 108 44 Dec.
377 3995 68 51 30,
477 3995 105 43 1924;
637 3995 66 44 2c.
732 3995 87 44 and
852 3996 77 43 aff.
961 3996 98 52 Jan.
1091 3997 66 47 21,
1192 3996 129 54 1925;
1356 3999 42 42 A
1430 3999 189 55 814709;
1654 4003 53 44 R.
1742 4005 64 44 M.
1842 4008 133 44 Hurd
2026 4012 116 43 New

224 4050 141 45 York.
434 4050 243 52 (25-6319)
