2533 4412
1303 4074 151 57 1088

377 413 190 71 Kern,
608 414 169 58 John
815 414 95 56 He
914 412 176 59 wins.

373 505 1985 308 Vigorous manhood, by John Hewins Kern … with sixteen especially posed portrait illustrations by Jesse Mercer Gehman. New York city, Charles Renard corporation, 1925.
444 821 24 42 3
492 834 41 40 p.
577 854 24 17 l.,
625 820 140 43 3-124
789 834 39 38 p.
890 818 132 52 illus.,
1048 819 155 53 plates.
1269 821 48 42 19
1324 821 46 17 cm
1379 855 7 7 .
1503 818 126 54 $2.00

447 878 98 44 “De
571 879 106 42 luxe
702 875 210 49 edition.”

375 932 53 54 ©
464 934 120 52 Aug.
618 932 70 53 25,
726 932 133 53 1925;
896 933 64 43 2c.
998 933 120 53 Aug.
1154 933 80 52 24;
1271 933 79 43 aff.
1386 933 121 53 Aug.
1543 934 81 52 29;
1661 935 43 42 A
1743 933 188 53 864520;
1975 933 188 46 Charles
2202 936 183 44 Renard

443 1005 123 38 corp.
636 988 272 56 (25-18250)

376 1074 189 75 King,
608 1074 286 76 Sterling
930 1074 199 59 Price.

452 1166 1736 76 Science vs. evolution, by Sterling Price King, LL. B.
374 1246 90 59 St.
493 1245 211 73 Louis,
732 1246 143 76 Mo.,
903 1246 267 57 Modern
1197 1246 239 58 science
1460 1264 182 54 press
1673 1275 12 45 [
1688 1254 18 21 c
1710 1247 149 56 1925]

449 1326 55 45 96
525 1341 40 39 p.
631 1327 49 44 19½
715 1328 46 17 cm
769 1361 9 8 .

375 1381 53 54 ©
465 1381 123 54 Sept.
626 1382 64 52 17,
727 1381 131 53 1925;
893 1382 64 43 2c.
996 1380 122 54 Sept.
1152 1382 79 52 21;
1268 1381 79 44 aff.
1386 1380 122 54 Sept.
1547 1382 74 52 19;
1660 1382 43 42 A
1737 1382 192 53 861890;
1970 1381 44 48 S.
2053 1384 50 43 P.
2140 1382 138 54 King,
2318 1381 64 48 St.

446 1439 152 45 Louis.
668 1438 273 56 (25-18863)

375 1525 265 74 Kleiser,
680 1525 335 73 Grenville,
1057 1528 190 57 1868-

453 1616 1935 73 Similes and their use, by Grenville Kleiser … New
374 1696 173 58 York
576 1696 124 58 and
728 1694 280 72 London,
1037 1694 185 57 Funk
1247 1694 50 59 &
1323 1694 329 74 Wagnalls
1684 1710 324 59 company,
2039 1696 168 57 1925.

443 1775 75 54 vii,
551 1775 78 44 381
665 1788 39 39 p.
765 1773 53 44 20
825 1775 48 17 cm
879 1808 9 9 .

374 1830 53 54 ©
460 1831 121 54 Sept.
614 1833 62 49 10,
712 1830 131 53 1925;
874 1831 64 43 2c.
968 1829 89 45 and
1085 1830 79 44 aff.
1198 1829 121 53 Sept.
1348 1830 80 52 21;
1460 1831 43 42 A
1535 1829 189 54 864682;
1759 1829 134 45 Funk
1921 1832 38 43 &
1988 1832 240 52 Wagnalls
2261 1846 66 30 co.

454 1888 273 55 (25-18493)

374 1974 237 74 Knobe,
647 1974 313 57 Damaris.

453 2071 130 57 The
652 2073 297 67 ancestry
1016 2069 68 59 of
1151 2069 274 60 Grafton
1492 2068 306 72 Johnson,
1866 2068 152 58 with
2083 2069 86 58 its
2236 2071 148 57 four

374 2149 337 59 branches:
749 2148 104 58 the
888 2148 307 70 Johnson,
1233 2147 104 59 the
1373 2147 294 70 Holman,
1702 2147 106 59 the
1842 2147 199 72 Keen,
2076 2148 105 58 the
375 2148 1985 151 Morris;
538 2228 105 58 the
681 2227 251 70 history
972 2228 124 56 and
1135 2226 348 72 genealogy
1522 2228 68 56 of
1628 2225 293 72 paternal
1958 2227 424 72 progenitors,

375 2325 69 38 as
484 2304 282 59 confined
801 2309 65 54 to
903 2304 106 58 the
1044 2303 238 60 United
1322 2303 232 70 States,
1594 2304 69 57 of
1699 2303 104 59 the
1842 2305 227 57 second
2108 2304 275 59 Grafton

373 2383 284 59 Johnson
692 2383 68 58 of
788 2381 404 72 Greenwood,
1222 2380 289 73 Indiana,
1544 2383 741 71 great-great-grandson
2317 2384 67 59 of

375 2462 103 58 the
507 2460 144 59 first
681 2461 185 58 Isaac
895 2461 306 69 Johnson,
1233 2460 137 58 who
1404 2463 245 54 reverts
1682 2463 63 56 to
1776 2460 105 58 the
1911 2459 234 61 middle
2179 2462 67 58 of
2278 2462 104 58 the

375 2536 1938 75 eighteenth century in Virginia, by Damaris Knobe …
376 2616 473 75 [Indianapolis,
882 2615 384 60 Hollenbeck
1296 2634 201 55 press,
1531 2625 18 21 c
1553 2616 165 73 1924]

445 2713 67 27 XX
542 2710 57 36 p.,
633 2699 17 41 1
704 2732 22 13 l.,
758 2696 82 45 384
870 2709 41 36 p.
974 2694 157 51 front.,
1163 2694 159 50 plates,
1355 2701 154 44 ports.,
1544 2693 201 46 facsims.
1805 2693 51 46 25
1866 2698 15 17 cm
1919 2731 9 9 .

374 2748 53 54 ©
461 2749 121 54 Sept.
617 2748 65 53 15,
717 2748 103 45 1925
839 2763 8 37 ;
880 2749 65 42 2c.
982 2747 121 53 Sept.
1135 2748 78 51 21;
1249 2749 79 42 aff.
1365 2747 120 53 Sept.
1522 2750 75 50 19;
1631 2749 45 42 A
1709 2747 166 45 864807
1890 2763 10 38 ;
1937 2748 197 45 Grafton
2164 2749 216 53 Johnson,

444 2806 298 51 Greenwood,
775 2805 97 43 Ind.
942 2804 273 56 (25-18792)

374 2893 215 73 Kyrle,
626 2891 198 70 Josef,
863 2895 192 56 1880-

448 2971 441 72 Vorlesungen
919 2970 155 58 über
1102 2968 467 74 histo-biologie
1603 2969 111 59 der
1744 2969 459 59 menschlichen
2233 2970 152 58 haut

371 3049 2009 152 und ihrer erkrankungen, von dr. Josef Kyrle … 1. bd. Wien und Berlin, J. Springer, 1925.
444 3206 63 52 ix,
534 3205 96 52 345,
663 3207 53 53 [1]
749 3219 36 38 p.
850 3205 116 43 illus.
994 3204 127 53 (part
1150 3203 111 55 col.)
1328 3203 55 44 26
1389 3206 47 18 cm
1443 3239 8 8 .

372 3259 1752 115 © Apr. 17, 1925 ; 1c. July 17 ; A —Foreign 28231 ; Julius Springer. (25-20139)
375 3405 290 71 Masters,
701 3404 219 73 Edgar
951 3403 137 68 Lee,
1126 3405 190 58 1868-

454 3482 284 59 Selected
781 3501 236 52 poems,
1061 3482 86 72 by
1187 3481 220 72 Edgar
1451 3480 124 58 Lee
1619 3480 295 58 Masters.
1998 3479 154 58 New
2193 3477 190 73 York,

374 3561 131 57 The
538 3560 362 58 Macmillan
932 3578 325 53 company,
1293 3558 167 58 1925.

442 3637 477 54 xii, 411 p. 20 ½cm .
375 3695 53 54 ©
468 3695 120 54 Sept.
624 3696 65 46 22,
729 3694 130 52 1925;
898 3696 64 42 2c.
999 3694 86 43 and
1122 3693 79 44 aff.
1241 3692 120 54 Sept.
1398 3693 79 52 23;
1515 3694 43 42 A
1595 3691 166 46 864735
1778 3707 8 38 ;
1826 3691 53 48 E.
1918 3693 50 47 L.
2006 3692 217 51 Masters,
2261 3691 118 44 New

444 3753 144 45 York.
652 3749 67 56 [©
746 3766 101 30 new
873 3750 223 54 material]
1168 3749 272 56 (25-18498)

375 3841 239 71 Mayer,
654 3838 253 73 August
945 3837 362 72 Liebmann,
1349 3839 190 57 1885-

449 3916 199 73 Diego
682 3915 369 73 Velazquez,
1085 3934 123 38 von
1245 3914 252 73 August
1531 3913 67 57 L.
1636 3914 242 71 Mayer.
1949 3912 237 72 Berlin,
2222 3912 153 56 Pro-

371 3994 476 74 pyläen-verlag
878 4025 13 43 [
892 4001 20 24 c
916 3994 164 72 1924]
