2533 4412
1062 4112 70 56 85

112 476 90 56 De
233 474 239 71 Leeuw,
503 472 216 58 Adele.

186 551 256 58 Berries
475 551 69 56 of
575 552 102 56 the
709 550 402 71 bittersweet,
1144 552 83 70 by
1259 550 193 57 Adèle
1488 550 91 57 De
1612 550 240 58 Leeuw.
112 551 1971 149 Boston,
264 630 73 55 B.
367 630 60 57 J.
459 628 312 56 Brimmer
801 647 322 52 company,
1155 628 164 56 1924.

183 706 53 44 96
266 721 38 37 p.
367 707 52 43 19½
452 708 47 17 cm
505 739 8 8 .

181 764 181 42 Verses.

110 817 52 54 ©
191 820 100 43 Oct.
324 819 61 51 16,
415 819 128 52 1924;
572 819 63 42 2c.
664 817 105 45 Feb.
798 818 37 52 5,
865 818 129 53 1925;
1024 819 78 43 aff.
1130 817 107 45 Feb.
1266 818 49 52 6;
1343 819 44 42 A
1413 819 190 51 814934;
1636 820 50 42 B.
1715 820 40 51 J.
1786 818 228 43 Brimmer
2040 834 64 27 co.

187 876 242 54 (25-3998)

109 973 244 72 Delteil,
388 974 182 72 Loys,
609 976 189 56 1869-

189 1050 341 74 Catalogue
563 1052 257 56 raisonné
886 1052 67 56 of
982 1052 104 57 the
1120 1050 279 73 etchings
1433 1051 67 57 of
1533 1049 260 60 Charles
1824 1051 283 73 Meryon,

109 1130 81 71 by
231 1130 166 70 Loys
440 1129 258 71 Delteil;
741 1129 165 64 with,
933 1129 102 57 the
1080 1128 284 58 addition
1406 1129 67 57 of
1514 1147 189 52 many
1744 1129 201 72 newly
109 1129 1973 135 discovered

399 1209 215 68 states,
645 1208 123 56 and
799 1207 207 57 edited
1031 1208 84 70 by
1140 1206 247 58 Harold
1414 1207 60 60 J.
1504 1207 68 56 L.
1601 1206 272 73 Wright.
1956 1207 151 57 New

107 1285 188 72 York,
325 1284 95 58 W.
455 1285 68 55 P.
559 1284 344 71 Truesdell,
935 1286 163 54 1924.

180 1361 108 48 [202]
320 1376 39 38 p.
421 1362 150 52 front.,
604 1361 113 44 illus.
745 1361 126 53 (incl.
902 1370 152 45 ports.,
1085 1361 225 54 facsims.)
1377 1362 55 43 34
1438 1362 47 19 cm
1490 1396 10 9 .

179 1420 44 42 A
256 1418 266 48 translation
556 1419 51 44 of
639 1419 74 44 the
748 1420 163 43 second
943 1419 179 45 volume
1156 1419 42 44 in
1232 1418 77 45 the
1340 1418 136 46 series
1510 1418 50 48 of
1592 1417 202 55 catalogs
1828 1417 183 46 entitled
2046 1419 61 44 Le

109 1476 390 53 peintre-graveur
533 1476 187 44 illustre.

107 1532 52 53 ©
188 1534 99 51 Jan.
321 1532 63 53 15,
417 1532 128 52 1925;
575 1535 65 41 2c.
671 1534 85 43 and
785 1534 78 42 aff.
895 1532 105 45 Feb.
1034 1533 48 53 5;
1114 1534 43 42 A
1188 1532 188 53 815922;
1410 1532 215 45 Winfred
1659 1533 166 44 Porter
1853 1530 252 46 Truesdell.

185 1588 241 55 (25-3622)

107 1688 234 71 Dollar,
375 1685 250 60 Robert.

185 1766 297 57 Memoirs
518 1766 69 57 of
618 1766 236 56 Robert
886 1765 236 57 Dollar.
1196 1767 108 55 4th
1339 1767 91 56 ed.
1507 1796 71 43 [v.
1611 1767 54 72 4]
1743 1764 129 59 San
107 1766 1973 150 Francisco,
317 1844 327 71 Privately
671 1843 255 72 printed
940 1843 121 56 Tor
1087 1844 106 56 the
1221 1844 244 72 author,
1498 1845 166 55 1925.

174 1920 96 52 xiii,
298 1921 83 42 229
409 1936 53 37 p.,
496 1921 18 41 1
567 1956 7 7 l.
606 1920 99 43 incl.
735 1920 156 52 plates,
923 1927 138 44 ports,
1124 1920 136 43 front.
1320 1920 55 43 24½c
1426 1923 29 17 m
1462 1956 8 7 .

106 1974 53 54 ©
192 1977 100 52 Jan.
325 1976 66 51 20,
431 1975 129 53 1925;
595 1977 63 42 2c.
694 1978 89 41 and
815 1977 79 42 aff.
930 1977 98 51 Jan.
1063 1976 79 52 26;
1179 1976 44 42 A
1258 1975 191 54 814793;
1488 1976 173 44 Robert
1698 1975 164 45 Dollar
1893 1991 81 37 co.,
2014 1975 89 47 San

176 2033 256 44 Francisco.

106 2133 225 71 Drach,
372 2133 257 72 George.

183 2211 231 56 Forces
455 2209 66 59 in
561 2209 250 72 foreign
849 2208 315 72 missions,
1205 2208 151 58 with
1400 2208 234 72 special
1675 2209 322 59 reference
2038 2213 63 55 to

107 2288 102 57 the
252 2287 249 72 foreign
539 2287 295 57 missions
877 2285 67 58 of
983 2287 104 56 the
1129 2287 237 57 United
1405 2287 323 57 Lutheran
1770 2288 228 57 church
2037 2288 66 57 in

108 2365 1995 72 America, by George Drach … The second of a series of
105 2443 197 71 “Key
336 2443 264 71 books”,
636 2443 315 70 prepared
984 2442 198 57 under
1218 2442 104 57 the
1361 2443 255 71 general
1651 2443 349 72 editorship
2036 2443 69 58 of

108 2520 1926 61 the Rev. F. H. Knubel … and the Rev. M. G. G. Sherer …
105 2599 455 72 Philadelphia,
631 2599 130 72 Pa.,
831 2598 128 57 The
1028 2597 235 59 United
1328 2597 322 59 Lutheran
1717 2599 386 72 publication

104 2679 210 75 house,
345 2679 165 56 1925.

183 2757 77 44 180
287 2773 40 37 p.
388 2756 130 52 illus.,
545 2756 154 52 plates,
729 2762 128 45 port.,
886 2756 167 51 diagrs.
1118 2755 48 43 19
1173 2756 46 18 cm
1226 2789 8 8 .
1304 2754 123 53 (The
1455 2756 87 51 key
1568 2755 169 54 books)

181 2813 282 53 “Suggested
489 2813 141 43 books
664 2812 73 43 for
767 2812 225 51 auxiliary
1023 2810 238 53 reading”:
1292 2826 38 38 p.
1367 2809 202 46 176-177.

106 2868 53 54 ©
190 2871 98 51 Jan.
325 2870 63 50 14,
421 2867 131 53 1925;
586 2869 63 42 2c.
683 2867 106 44 Feb.
819 2868 51 51 2;
904 2868 78 42 aff.
1015 2868 98 51 Jan.
1148 2868 77 50 31;
1260 2868 44 42 A
1335 2866 190 53 815882;
1562 2868 151 43 Board
1746 2868 50 44 of
1828 2869 274 53 publication

176 2925 52 45 of
250 2927 74 43 the
350 2925 171 44 United
547 2923 230 50 Lutheran
803 2923 166 43 church
997 2924 44 42 in
1066 2922 227 45 America.
1363 2922 243 57 (25-3751)

107 3010 286 70 Elliston,
429 3010 162 58 Miss
627 3007 256 73 George.

185 3087 297 72 Through
508 3105 189 52 many
724 3086 314 68 windows,
1067 3086 83 70 by
1179 3084 244 74 George
1452 3085 289 58 Elliston.
1847 3088 256 74 Boston,

107 3167 68 59 B.
207 3166 60 59 J.
299 3165 315 57 Brimmer
645 3181 322 54 company,
1001 3163 165 57 1924.

181 3241 692 56 14 p., 1 l., 15-82 p. 19½ cm .
178 3302 176 43 Poems.

177 3357 151 44 “First
357 3355 207 46 edition.”

106 3412 53 53 ©
185 3413 101 44 Oct.
311 3414 68 50 21,
406 3413 130 51 1924;
560 3413 65 42 2c.
651 3410 106 45 Feb.
781 3411 66 51 24,
876 3410 130 54 1925;
1032 3411 78 43 aff.
1138 3409 108 46 Feb.
1272 3411 50 53 6;
1350 3413 42 42 A
1420 3412 188 52 822175;
1639 3413 50 43 B.
1715 3415 40 51 J.
1785 3414 225 44 Brimmer
2036 3431 64 28 co.

185 3469 241 55 (25-3787)

108 3556 311 69 Endicott,
459 3553 302 69 Wendell,
805 3555 189 57 1880-

182 3631 400 58 Adventures
623 3629 152 57 with
819 3630 115 57 rod
976 3623 124 63 and
1140 3629 284 70 harpoon
1468 3630 187 73 along
1694 3632 104 57 the
1840 3633 258 58 Florida

106 3709 193 73 Keys,
353 3710 83 70 by
484 3708 287 58 Wendell
824 3706 329 69 Endicott;
1206 3706 152 58 with
1411 3708 216 72 eighty
1678 3709 421 60 illustrations

106 3789 167 56 from
308 3786 433 73 photographs
774 3787 84 70 by
891 3786 103 56 the
1031 3785 242 57 author.
1349 3786 152 57 New
1533 3787 190 73 York,
1759 3789 341 58 Frederick

107 3866 72 57 A.
216 3865 222 59 Stokes
470 3882 321 56 company,
823 3865 165 55 1925.

181 3946 93 51 xiv,
300 3942 80 46 273
406 3959 39 37 p.
475 3943 99 44 incl.
602 3943 151 48 front.,
780 3942 130 46 illus.,
937 3941 155 54 plates.
1152 3942 54 42 22
1212 3943 15 18 cm
1266 3977 8 8 .

107 3998 53 54 ©
189 4001 97 51 Jan.
317 4000 60 48 16,
411 3998 129 53 1925;
569 3999 65 43 2c.
663 3999 86 43 and
778 3999 78 43 aff.
885 3999 99 51 Jan.
1017 3998 73 51 19;
1121 3998 44 41 A
1194 3997 188 53 814697;
1415 3998 247 44 Frederick
1692 4001 55 42 A.
1782 3999 163 47 Stokes
1975 4017 66 28 co.

185 4054 241 56 (25-3204)
