2533 4412
1288 4053 152 56 1044

435 473 18 41 1
486 486 40 38 p.
576 507 23 15 l.,
627 485 41 38 p.
697 469 264 45 2978-3148.
1021 468 53 47 25½
1110 473 48 18 cm
1163 506 9 9 .

433 527 296 45 Interleaved.

363 583 53 54 ©
448 585 121 52 Sept.
604 586 64 49 11,
700 582 131 54 1925;
861 583 64 44 2c.
957 584 88 43 and
1073 584 79 43 aff.
1185 583 121 52 Sept.
1342 583 74 52 14;
1447 584 44 42 A
1521 582 192 55 864579;
1746 585 75 43 W.
1852 585 62 43 H.
1944 584 245 44 Anderson
2218 599 65 28 co,

442 639 272 57 (25-18359)

361 725 1985 152 … Page’s Ohio cumulative digest service, supplementing
498 804 124 57 and
649 802 368 75 continuing
1041 804 234 73 Page’s
1305 803 157 58 Ohio
1491 803 210 74 digest
1725 805 124 56 and
1877 803 323 58 decennial
361 823 1984 131 supplement.

743 882 155 57 This
939 883 171 56 issue
1157 882 240 72 digests
1446 883 85 56 all
1576 882 158 58 Ohio
1781 902 174 38 cases
2003 883 169 57 from
362 882 1983 150 September,

656 959 1715 75 1923 to September 1, 1925 … [no. 2] Prepared
362 1038 82 70 by
477 1038 103 56 the
619 1037 296 57 editorial
950 1037 156 57 staff
1141 1038 66 57 of
1243 1038 103 56 the
1382 1037 358 72 publishers
1777 1039 199 57 under
2014 1038 103 57 the
361 1056 1985 116 supervision

614 1114 1754 75 of Reed Metzler … Cincinnati, O., The W. H.
361 1192 336 58 Anderson
734 1210 308 55 company
1080 1194 182 74 [1925]

436 1269 781 53 1 p. l., 284 numb. col. 26½ cm .
362 1325 53 54 ©
447 1327 102 44 Oct.
581 1325 65 54 17,
677 1325 131 54 1925;
837 1326 66 44 2c.
931 1327 88 43 and
1046 1327 79 43 aff.
1158 1326 103 44 Oct.
1288 1325 80 53 21;
1399 1326 44 42 A
1472 1325 191 53 869661;
1694 1326 75 44 W.
1801 1326 62 43 H.
1892 1326 245 44 Anderson
2164 1341 66 29 co.

362 1411 230 74 Payne,
633 1411 218 58 Enoch
888 1410 257 74 George.

509 1502 1793 73 … We and our health, book IV, by E. George Payne …
363 1579 2005 75 and John D. McCarthy … Illustrated by Dorothy M.
365 1657 2006 76 Stewart … New York, The American viewpoint society,
359 1737 138 72 inc.,
534 1738 168 56 1925.

429 1814 85 43 282
539 1828 40 38 p.
609 1814 102 42 incl.
741 1812 154 53 front.,
924 1813 131 52 illus.,
1084 1826 142 38 maps,
1254 1812 157 52 tables,
1439 1811 168 54 diagrs.
1667 1812 53 44 23½c
1773 1814 31 17 m
1809 1847 9 9 .

362 1868 53 54 ©
445 1870 121 54 Sept.
598 1871 64 51 14,
693 1868 132 54 1925;
852 1870 66 43 2c.
946 1869 89 44 and
1062 1871 79 42 aff.
1172 1870 102 44 Oct.
1300 1869 80 52 20;
1410 1870 44 42 A
1482 1867 192 54 869615;
1705 1868 248 44 American
1980 1868 245 54 viewpoint
433 1870 1915 110 society,

555 1926 84 44 inc.

363 2014 294 72 Pearson,
696 2011 284 61 William
1013 2011 377 73 Alexander,
1432 2014 147 57 1879–

438 2091 469 73 Physiological
959 2092 124 57 and
1131 2091 246 57 clinical
1425 2090 360 72 chemistry,
1835 2091 83 72 by
1967 2092 280 58 William
2294 2094 75 56 A.

359 2168 2015 74 Pearson … and Joseph S. Hepburn … Philadelphia and
359 2250 153 57 New
539 2249 191 70 York,
758 2247 130 59 Lea
915 2247 50 58 &
994 2246 290 73 Febiger,
1317 2247 166 57 1925.

429 2327 94 53 xvi,
561 2325 197 49 [17]–306
792 2341 40 38 p.
894 2325 116 44 illus.
1070 2324 54 44 20½c
1177 2326 30 18 m
1212 2359 10 8 .

432 2384 298 45 Interleaved.

363 2441 53 54 ©
449 2443 121 52 Sept.
602 2442 36 50 8,
674 2439 131 54 1925;
836 2440 65 43 2c.
936 2439 122 52 Sept.
1095 2438 75 53 10;
1202 2439 79 43 aff.
1316 2438 121 53 Sept.
1474 2438 75 53 12;
1581 2439 44 42 A
1657 2437 191 55 861766;
1884 2440 92 44 Lea
2006 2441 38 44 &
2075 2440 208 54 Febiger.

442 2498 271 56 (25-18124)

363 2583 287 75 Phillips,
681 2585 154 57 Mrs.
865 2582 188 58 Anna
1085 2582 69 58 M
1466 2579 202 60 Laise.

437 2664 265 58 Hooked
730 2682 152 53 rugs
914 2662 124 58 and
1063 2661 139 57 how
1230 2664 63 54 to
1322 2660 179 58 make
1529 2661 188 71 them,
1745 2661 84 72 by
1855 2661 186 58 Anna
2070 2663 83 56 M.
2185 2663 185 58 Laise

360 2742 288 73 Phillips.
732 2741 154 57 New
908 2739 192 72 York,
1129 2739 129 57 The
1289 2738 362 58 Macmillan
1676 2758 324 53 company,
2027 2741 166 57 1925.

434 2819 79 46 154
546 2836 40 38 p.
647 2820 130 49 illus.,
812 2819 156 53 plates.
1033 2817 49 44 18
1090 2818 49 19 cm
1143 2851 10 10 .

362 2877 53 54 ©
444 2878 122 52 Sept.
594 2875 63 54 15,
686 2875 132 53 1925;
846 2875 65 44 2c.
938 2875 88 43 and
1048 2875 81 42 aff.
1161 2873 123 52 Sept.
1314 2872 73 53 16;
1417 2873 44 42 A
1488 2872 191 54 864608;
1709 2873 268 45 Macmillan
2003 2890 65 29 co.

441 2933 272 57 (25-18114)

364 3018 410 74 Playground
817 3016 127 58 and
987 3014 353 58 recreation
1384 3013 380 58 association
1810 3014 68 58 of
1922 3014 309 60 America.

441 3102 131 57 The
603 3099 246 58 normal
884 3115 217 41 course
1135 3095 65 57 in
1233 3095 182 72 play;
1450 3093 307 73 practical
1788 3095 294 58 material
2117 3098 104 57 for
2254 3117 112 38 use

360 3180 67 57 in
471 3179 104 59 the
620 3175 284 73 training
948 3175 66 59 of
1059 3173 401 74 playground
1504 3171 124 60 and
1673 3172 354 59 recreation
2068 3175 296 68 workers,

361 3258 318 73 prepared
714 3257 85 69 by
834 3255 105 57 the
977 3253 412 72 Playground
1429 3252 124 57 and
1590 3251 354 59 recreation
1984 3254 377 58 association

363 3338 67 56 of
455 3335 313 69 America,
793 3333 201 57 under
1020 3331 104 58 the
1152 3327 307 61 direction
1488 3330 67 57 of
1582 3328 241 73 Joseph
1850 3330 143 70 Lee,
2020 3332 340 70 president.

362 3414 153 58 New
537 3411 191 70 York,
755 3410 76 57 A.
862 3409 61 59 S.
949 3408 246 58 Barnes
1223 3408 125 57 and
1372 3424 323 54 company,
1724 3408 165 58 1925.

467 3525 8 14 x,
506 3491 78 44 261
617 3503 42 37 p.
718 3490 53 43 23½c
824 3490 30 18 m
862 3525 8 8 .

433 3548 224 46 “Sources
682 3546 52 43 of
757 3541 330 47 information”
1114 3549 45 37 at
1185 3541 85 45 end
1296 3541 54 43 of
1376 3540 109 45 each
1511 3540 199 50 chapter.

362 3600 53 54 ©
441 3602 114 52 June
579 3600 40 52 4,
646 3596 129 54 1925;
803 3598 65 43 2c.
898 3596 121 53 Sept.
1045 3596 49 51 8;
1123 3596 79 43 aff.
1233 3594 121 52 Sept.
1381 3595 49 50 3;
1460 3594 44 42 A
1531 3592 189 54 864518;
1751 3594 296 53 Playground
2076 3597 87 43 and
433 3611 1912 91 recreation

555 3671 105 29 assn.
702 3653 51 46 of
779 3654 226 49 America,
1035 3653 119 42 New
1182 3651 144 44 York.
1396 3648 271 56 (25-18386)

363 3743 198 73 Price,
599 3741 197 60 Edith
829 3739 342 73 Ballinger,
1209 3740 149 57 1897–

438 3824 112 71 My
587 3821 181 70 Lady
804 3819 143 72 Lee,
986 3818 83 72 by
1107 3816 197 58 Edith
1343 3815 323 72 Ballinger
1706 3815 214 67 Price;
1962 3816 149 57 with
2155 3817 212 73 eighty

359 3899 423 60 illustrations
815 3898 39 57 by
933 3897 104 57 the
1075 3895 242 57 author.
1402 3893 151 57 New
1586 3893 190 70 York,
1816 3893 378 75 Greenberg,
2230 3896 136 68 inc.,

361 3980 165 57 1925.
