2533 4412
0 0 0 0 449
91 413 272 72 Knauer,
399 413 233 72 Henry.

169 507 182 56 Tests
392 507 104 56 for
535 505 262 73 railway
832 504 293 57 material
1164 506 123 56 and
1328 502 375 73 equipment,
1743 506 83 70 by
1863 503 222 72 Henry

89 580 1992 74 Knauer … a book for all railroad men who, in any way,
92 682 107 38 are
234 662 195 57 called
464 679 78 39 on
577 665 64 53 to
676 662 127 56 test
837 677 72 38 or
940 678 150 53 pass
1125 677 168 53 upon
1328 659 104 58 the
1465 658 220 59 merits
1723 660 67 57 of
1825 659 260 74 railway

94 735 1991 76 materials and appliances … New York, N. Y., Chicago
93 822 144 70 [etc.]
283 816 703 59 Simmons-Boardman
1022 814 364 74 publishing
1422 834 306 55 company
1770 845 12 44 [
1784 824 19 21 c
1807 817 164 73 1925]

161 896 60 50 ix,
256 894 161 46 11-257
447 912 39 34 p.
547 893 129 52 illus.,
707 893 170 53 diagrs.
940 895 48 42 19½
1023 895 46 17 cm
1077 927 8 8 .
1155 891 375 54 (Railwaymen’s
1558 896 242 44 handbook
1829 897 165 52 series)

93 949 52 53 ©
173 952 113 49 Apr.
315 951 64 49 11,
411 947 129 53 1925;
568 949 65 42 2c.
662 948 112 51 Apr.
807 948 73 52 16;
911 949 77 42 aff.
1019 947 110 52 Apr.
1165 946 73 53 15;
1270 948 44 42 A
1342 948 190 53 822946;
1569 948 516 47 Simmons-Boardman

162 1008 100 51 pub.
295 1021 65 28 co.
429 1003 241 56 (25-8670)

91 1106 288 69 Kussart,
415 1107 153 54 Mrs.
609 1103 268 71 Sarepta
921 1103 300 73 (Cooper)
1265 1104 191 58 1871-

170 1197 129 57 The
334 1196 174 70 early
537 1194 248 71 history
818 1195 66 55 of
917 1194 103 57 the
1055 1193 328 58 Fifteenth
1414 1195 175 58 ward
1623 1195 67 58 of
1723 1195 104 59 the
1863 1196 127 73 city
2023 1199 68 57 of

91 1273 392 75 Pittsburgh,
521 1273 83 71 by
639 1272 153 56 Mrs.
834 1271 60 58 S.
933 1271 298 57 Kussart.
1318 1271 329 73 [Bellevue,
1685 1273 131 74 Pa.,
90 1273 1977 137 Suburban
240 1350 287 73 printing
557 1369 107 50 co.,
695 1359 17 21 c
717 1350 164 71 1925]

161 1429 54 46 90
244 1445 38 38 p.
343 1427 154 54 plates,
529 1433 139 47 ports.
729 1427 53 42 22½
816 1427 47 18 cm
869 1461 9 8 .

163 1485 217 45 Contains
408 1484 248 53 genealogy
683 1484 49 44 of
758 1483 75 44 the
857 1484 188 49 Woods,
1074 1484 117 43 Ross
1220 1485 87 43 and
1334 1483 125 44 Blair
1487 1485 172 53 family.

162 1541 329 45 “References”:
551 1556 37 37 p.
620 1539 150 45 86-90.

90 1598 57 53 ©
178 1600 117 42 Mar.
330 1597 63 53 17,
425 1596 130 52 1925;
585 1598 67 42 2c.
686 1597 118 42 Mar.
840 1597 48 42 19;
948 1597 78 42 aff.
1061 1597 118 42 Mar.
1215 1596 73 52 18;
1321 1597 44 42 A
1397 1597 188 53 826296;
1622 1596 44 48 S.
1699 1598 212 53 Kussart,
162 1599 1901 109 Pittsburgh.
391 1652 243 56 (25-7563)

92 1756 178 72 Kyle,
303 1752 280 60 Patricia
613 1754 280 71 Murray.

167 1846 225 57 Poems
428 1845 169 56 from
633 1843 240 57 earth’s
911 1843 134 55 fair
1079 1861 272 53 corners,
1387 1845 82 70 by
1504 1844 282 60 Patricia
1823 1846 267 74 Murray

91 1925 183 71 Kyle.
357 1923 257 69 Boston,
644 1921 211 71 Mass.,
886 1920 130 59 The
1045 1919 330 59 Stratford
1402 1940 107 53 co.,
1539 1922 165 61 1925.

162 1999 429 55 4 p. l., 37 p. 19cm.
94 2057 54 54 ©
175 2059 112 51 Apr.
317 2057 38 52 7,
387 2055 130 54 1925;
548 2057 64 43 2c.
643 2056 112 52 Apr.
788 2055 74 51 11;
895 2055 77 43 aff.
1003 2055 112 51 Apr.
1150 2055 74 51 14;
1256 2055 44 42 A
1330 2054 190 54 823743;
1557 2055 236 47 Stratford
1822 2073 65 29 co.

173 2113 242 56 (25-8462)

96 2214 312 74 [Lathrop,
446 2211 193 58 Lorin
671 2209 323 75 Andrews]
1031 2212 191 57 1858-

172 2305 129 57 The
335 2302 284 73 princess
656 2300 68 58 of
760 2299 307 59 Paradise
1101 2300 237 72 Island,
1373 2303 83 71 by
1491 2303 271 72 Kenyon
1799 2305 293 60 Gambier

102 2377 1986 81 [ pseud.] … New York, George H. Doran company [ c 1925]
163 2454 599 57 305 p. 19 ½ cm . $2.00
96 2515 54 54 ©
175 2517 111 51 Apr.
310 2515 66 50 24,
407 2512 129 54 1925;
563 2513 65 43 2c.
655 2513 112 51 Apr.
792 2512 79 52 29;
899 2512 79 43 aff.
1005 2512 112 52 Apr.
1141 2513 79 51 28;
1248 2513 47 42 A
1318 2513 190 53 829102;
1539 2514 182 54 George
1745 2517 63 43 H.
1837 2518 159 44 Doran
2021 2534 66 29 co.

175 2569 242 58 (25-8905)

94 2670 346 74 Lipscomb,
483 2669 268 57 Thomas
794 2667 223 73 Heber,
1059 2672 192 55 1877-

98 2761 1991 158 Cavaliers of truth; a tale of twentieth-century knightserrant on a new quest “the search for truth” … by T. H.
96 2916 1893 80 Lipscomb … Nashville, Tenn., Cokesbury press, 1924.
163 3000 55 43 42
245 3013 39 37 p.
348 2998 49 43 19
404 2999 48 17 cm
458 3032 9 9 .

99 3051 54 54 ©
188 3054 109 41 Dec.
328 3053 40 49 4,
406 3050 109 44 1924;
571 3050 66 42 2c.
673 3050 89 41 and
793 3049 80 42 aff.
907 3049 99 51 Jan.
1045 3048 63 52 12,
1147 3048 129 53 1925;
1314 3050 44 42 A
1393 3050 190 55 814725;
1623 3054 165 44 Lamar
1826 3058 38 43 &
1902 3058 187 52 Barton,

169 3108 251 44 Nashville.
489 3104 243 56 (25-8319)

97 3195 163 72 Low,
295 3190 333 75 Benjamin
660 3188 278 60 Robbins
975 3189 229 73 Curtis,
1242 3192 189 58 1880-

175 3286 153 58 Seth
355 3284 165 71 Low,
550 3283 83 70 by
659 3280 337 73 Benjamin
1026 3282 73 55 R.
1137 3281 64 59 C.
1233 3281 164 58 Low.
1468 3284 154 59 New
1651 3288 172 58 York
1853 3291 49 57 &
96 3292 1969 143 London,

266 3362 70 59 G.
363 3362 69 56 P.
460 3361 332 57 Putnam’s
822 3377 163 53 sons,
1014 3360 167 55 1925.

174 3437 1303 58 7 p. l., 92 p., 1 l., xiii-xix p. front. (port.) 22 cm .
101 3497 54 54 ©
183 3498 111 51 Apr.
322 3498 38 50 3,
389 3493 130 54 1925;
546 3495 65 42 2c.
641 3494 88 43 and
755 3493 78 43 aff.
861 3493 112 52 Apr.
1007 3493 74 52 10;
1110 3494 44 42 A
1181 3493 189 53 823677;
1403 3496 49 44 B.
1483 3498 53 42 R.
1567 3497 48 45 C.
1646 3499 124 54 Low,
1800 3502 118 45 New
1946 3505 131 44 York

180 3551 241 56 (25-8687)

100 3639 344 69 McKenna,
484 3634 291 73 Stephen,
815 3636 189 58 1888-

183 3732 101 57 An
325 3728 193 59 affair
558 3728 68 59 of
663 3728 272 71 honour;
980 3748 36 38 a
1058 3725 198 78 novel,
1299 3731 83 72 by
1426 3731 270 74 Stephen
1743 3736 346 61 McKenna.

99 3813 256 65 Boston,
381 3808 211 68 Little,
617 3807 247 70 Brown,
894 3808 124 57 and
1045 3825 322 56 company,
1396 3811 167 58 1925.

167 3885 548 56 4 p. l., 304 p. 19½ cm .
104 3938 1928 61 © Apr. 10, 1925; 2c. and aff. Apr. 22; A 829004; S. McKenna, London.
183 3997 241 56 (25-8664)
