2533 4412
0 0 0 0 1156
435 486 127 53 xxvi,
595 483 192 47 343-521
820 500 40 38 p.
920 484 131 55 illus.,
1086 484 170 55 diagrs.
1320 485 51 44 19½
1404 486 47 18 cm
1458 519 9 8 .

438 538 1749 60 Paged continuously with the authors’ “Plane geometry … [ c 1924]”
438 599 266 46 Cardboard
735 606 260 46 protractor
1025 599 46 43 in
1100 596 175 56 pocket.

367 656 53 54 ©
456 658 121 52 Sept.
609 658 64 50 21,
711 655 130 54 1925;
873 657 67 42 2c.
973 657 88 43 and
1093 657 79 42 aff.
1208 654 122 55 Sept.
1361 654 79 53 25;
1476 656 44 42 A
1552 654 190 52 864780;
1782 654 140 54 Scott,
1957 656 249 45 Foresman
2240 659 37 43 &
2310 673 65 30 co.

440 713 67 54 [©
538 712 188 55 general
758 713 195 44 revision
985 713 88 43 and
1105 710 379 55 reorganization]
1556 709 273 58 (25-19777)

367 799 257 73 Parker,
667 799 236 58 Roscoe
947 799 70 57 E.

442 896 61 56 A
537 893 232 60 review
802 895 68 56 of
904 895 106 57 the
1048 890 330 63 essentials
1417 894 67 58 of
1520 893 270 72 English
1825 893 433 74 composition,
2294 896 81 73 by

375 969 2001 79 Roscoe E. Parker … Boston, New York [etc.] Ginn and
368 1069 308 54 company
710 1079 13 45 [
722 1056 19 23 c
749 1051 165 72 1925]

436 1130 62 45 vii
525 1145 56 36 p.,
609 1133 18 41 1
678 1164 19 17 l,
728 1129 76 45 145
833 1144 42 37 p.
939 1130 51 44 19½
1024 1131 47 18 cm
1078 1163 8 9 .

363 1183 56 54 ©
453 1185 120 52 Aug.
611 1182 62 54 17,
710 1183 130 53 1925;
875 1185 65 42 2c.
974 1184 88 43 and
1094 1184 79 43 aff.
1210 1182 102 46 Oct.
1347 1181 48 55 7;
1433 1183 44 42 A
1509 1183 191 53 864981;
1738 1184 54 43 R.
1826 1182 53 48 E.
1916 1185 189 51 Parker,
2142 1184 235 54 Berkeley,

441 1240 133 45 Calif.
645 1238 273 58 (25-19641)

369 1327 352 71 Patterson,
762 1325 191 58 Caleb
989 1325 215 73 Perry,
1246 1327 191 58 1880-

443 1421 61 58 A
529 1421 146 59 civil
698 1424 412 70 government
1137 1421 69 58 of
1231 1420 223 73 Texas,
1481 1420 83 72 by
1589 1418 190 62 Caleb
1805 1420 206 75 Perry
2036 1420 340 62 Patterson

368 1495 2007 155 … and James B. Hubbard … Indianapolis, The Bobbs-Merrill company [ c 1925]
437 1653 967 54 8 p. l ., 303 p. incl. front., illus. 20 cm .
366 1710 56 54 ©
453 1710 120 55 Sept.
600 1712 66 49 23,
699 1709 131 55 1925;
859 1711 65 42 2c.
955 1710 102 44 Oct.
1091 1711 46 51 1;
1170 1710 79 43 aff.
1281 1708 123 54 Sept.
1431 1709 79 52 28;
1542 1709 44 42 A
1614 1707 191 55 864905;
1840 1709 360 44 Bobbs-Merrill
2229 1726 66 29 co.

447 1766 272 57 (25-19565)

368 1854 333 72 Pickthall,
739 1850 416 60 Marmaduke
1193 1850 297 71 William,
1532 1854 188 56 1875-

512 1927 1867 81 … Saïd the fisherman. New York, A. A. Knopf, 1925.
437 2005 1600 61 4 p. l ., 3-312, [2] p. 21½ cm . (Half-title: Blue jade library)
437 2071 68 44 At
531 2071 116 43 head
674 2068 51 45 of
752 2067 98 46 title
867 2083 8 28 :
908 2066 306 44 Marmaduke
1247 2065 243 45 Pickthall.

368 2127 53 54 ©
452 2129 103 44 Oct.
583 2129 40 49 2,
655 2125 130 54 1925;
815 2127 66 42 2c.
912 2124 102 45 Oct.
1044 2125 51 51 9;
1126 2124 79 43 aff.
1236 2122 102 47 Oct.
1369 2123 50 52 8;
1449 2123 44 42 A
1525 2123 190 53 869248;
1747 2123 167 46 Alfred
1942 2125 58 43 A.
2031 2125 176 54 Knopf,
2238 2126 84 44 inc.

448 2182 273 58 (25-19906)

371 2268 281 76 Popular
683 2265 355 60 mechanics
1073 2264 343 75 magazine,
1457 2264 295 73 Chicago.

426 2349 209 57 Foods
660 2345 168 60 from
852 2347 237 69 twenty
1112 2342 180 60 lands;
1352 2343 104 57 the
1482 2343 278 61 favorite
1785 2343 241 75 recipes
2053 2346 68 58 of
2145 2364 236 42 women

366 2428 203 72 living
590 2426 68 56 in
685 2427 238 70 twenty
948 2421 337 68 countries,
1314 2421 401 58 contributed
1740 2422 67 58 in
1836 2442 38 37 a
1905 2423 189 72 spirit
2123 2424 69 59 of
2219 2426 164 73 good

368 2507 126 57 will
525 2507 107 56 for
661 2503 106 60 the
797 2501 256 72 making
1086 2500 68 58 of
1187 2499 125 59 this
1348 2499 230 72 unique
1612 2500 153 57 cook
1797 2500 175 59 book.
2058 2500 322 75 Compiled

366 2587 84 72 by
482 2582 282 75 Popular
799 2578 351 61 mechanics
1185 2577 344 75 magazine.
1616 2575 291 79 Chicago,
1945 2580 280 73 Popular
369 2600 1988 124 mechanics
647 2679 205 56 press,
887 2659 168 57 1925.

439 2737 535 59 2 p. l ., 172 p. 21 cm .
370 2800 53 54 ©
456 2800 122 53 Sept.
606 2797 66 51 25,
708 2794 131 54 1925;
870 2797 66 41 2c.
967 2794 88 43 and
1084 2793 79 43 aff.
1178 2791 120 47 Oct.
1328 2792 50 52 2;
1412 2792 44 42 A
1487 2791 192 53 864909;
1714 2792 164 54 Henry
1909 2794 62 43 H.
2003 2794 234 54 Windsor,
439 2795 1916 115 Chicago.
635 2851 273 58 (25–19560)

372 2941 248 69 Powell,
660 2938 171 60 John
866 2935 260 58 Arthur.

447 3023 163 57 How
630 3024 66 56 to
719 3017 182 60 write
925 3016 290 58 business
1240 3013 240 73 letters,
1506 3015 85 70 by
1616 3015 172 58 John
1812 3014 77 59 A.
1917 3016 249 58 Powell.
370 3017 1985 157 Chicago,
573 3099 117 71 Ill.,
722 3097 131 61 The
881 3091 376 74 University
1287 3094 68 57 of
1387 3091 271 73 Chicago
1689 3111 182 54 press
1906 3094 182 73 [1925]

439 3180 76 50 vii,
550 3180 79 45 192
657 3191 41 37 p.
762 3177 51 45 19
818 3177 48 18 cm
873 3210 9 8 .

370 3234 53 54 ©
462 3234 120 52 Sept.
617 3232 66 53 28,
724 3228 130 53 1925;
890 3229 66 42 2c.
991 3227 88 44 and
1114 3226 80 44 aff.
1233 3224 101 47 Oct.
1371 3227 49 50 3;
1460 3225 270 52 A-869109;
1770 3225 271 56 University
2075 3228 51 44 of
2165 3227 213 57 Chicago,

442 3291 213 52 Chicago.
725 3283 271 58 (25–19564)

371 3376 236 62 Punch.
673 3393 58 41 V.
765 3375 130 70 169,
923 3391 102 38 no.
1053 3371 170 72 4390,
1255 3368 162 77 Aug.
1451 3370 90 72 26,
1575 3370 166 56 1925.

371 3455 53 54 ©
491 3470 35 28 1c.
567 3454 102 44 Oct.
707 3450 66 52 21,
817 3447 132 54 1925;
990 3449 44 42 A
1073 3447 57 43 ad
1168 3445 77 45 int.
1285 3443 134 54 7370;
1460 3445 132 51 pubd.
1633 3445 120 53 Aug.
1790 3444 80 54 26;
1914 3446 203 44 Herbert
2156 3447 221 54 Heather,

441 3511 202 45 London.

374 3597 413 76 Pythagoras,
826 3591 204 61 Greek
1058 3588 426 75 philosopher,
1517 3588 251 59 initiate
1802 3589 270 75 teacher,
2108 3590 272 60 founder

448 3675 66 59 of
553 3694 36 38 a
623 3669 428 61 brotherhood
1089 3671 65 53 at
1193 3664 294 73 Crotona,
1524 3665 85 72 by
1645 3685 36 38 a
1720 3684 202 54 group
1960 3667 67 56 of
2066 3668 303 60 students.

447 3741 1922 84 2d ed., 1925. Chicago, The Theosophical press [ c 1925]
440 3836 77 44 123
547 3848 40 39 p.
647 3829 162 46 double
839 3829 154 51 front.,
1023 3825 117 45 illus.
1204 3826 49 43 19½
1289 3825 46 19 cm
1343 3859 9 8 .

438 3887 312 49 “Authorities
781 3886 73 44 for
882 3881 263 47 research”:
1173 3897 40 36 p.
1391 3880 89 43 [117]–123.

373 3947 52 54 ©
464 3947 121 52 Sept.
619 3945 67 49 21,
727 3940 105 47 1925;
897 3941 65 43 2c.
999 3940 88 43 and
1123 3939 79 43 aff.
1243 3937 103 46 Oct.
1380 3938 28 41 2;
1473 3937 44 42 A
1553 3935 166 46 864867;
1784 3936 246 46 American
2067 3937 306 54 theosophical

443 4004 184 51 society,
663 3999 214 53 Chicago.
946 3995 272 56 (25-19632)
