2533 4412
1312 4099 114 56 656

356 415 211 60 Social
605 421 247 68 aspects
896 418 67 56 of
1000 418 234 56 mental
1275 416 267 74 hygiene;
1619 418 334 57 addresses
1993 418 86 72 by
426 418 1907 135 Frankwood

630 495 74 56 E.
729 494 334 72 Williams,
1092 492 64 60 C.
1184 493 222 60 Macfie
1434 493 340 73 Campbell,
1802 494 325 58 Abraham
432 495 1904 147 Myerson,

606 573 246 57 Arnold
897 572 226 71 Gesell,
1165 572 246 58 Walter
1456 572 75 57 E.
1577 573 296 70 Fernald,
1918 572 210 59 Jessie
2175 572 184 72 Taft;

427 652 152 57 with
615 671 38 37 a
683 652 320 57 foreword
1033 651 84 72 by
1148 651 218 58 James
1400 651 305 58 Rowland
1738 651 229 73 Angell
2001 652 125 56 and
2159 671 79 38 an
430 650 1905 138 introduction

831 730 84 71 by
958 729 281 58 Maurice
1282 730 72 56 R.
1400 728 219 58 Davie.
1721 729 152 58 New
1915 729 243 72 Haven,
2204 729 156 59 Yale

428 808 357 72 university
811 827 214 52 press;
1060 810 150 71 [etc.,
1242 808 329 74 etc.].1925.

423 887 93 53 viii,
553 886 79 44 150
663 902 40 37 p.
761 886 58 44 20½c
869 888 30 17 m
905 924 9 9 .

351 943 55 54 ©
436 946 115 51 June
584 945 64 51 12,
681 943 130 53 1925;
841 945 67 43 2c.
937 945 116 52 June
1086 942 75 53 17;
1193 945 82 42 aff.
1306 945 116 52 June
1458 943 73 52 16;
1563 944 43 43 A
1640 942 191 54 855571;
1864 944 118 44 Yale
2011 944 120 44 univ.
2164 959 139 38 press.

432 999 272 56 (25-11246)

355 1086 455 59 Southeastern
843 1090 303 68 reporter.

501 1177 1861 74 … Digest of decisions … reported in the Southeastern
356 1256 2008 73 reporter, vols. 116-125 … Ed. by the editorial staff of
354 1335 103 57 the
493 1334 340 58 American
866 1334 209 72 digest
1110 1337 252 70 system.
1442 1334 91 59 St.
1571 1335 177 72 Paul,
1783 1335 185 58 West
1998 1335 364 73 publishing

355 1433 105 54 co.,
497 1414 167 57 1925.

426 1490 57 53 iv,
535 1492 106 43 1234
689 1507 40 37 p.
807 1490 56 45 26
868 1494 46 17 cm
921 1527 8 8 .
1000 1491 246 54 (National
1296 1499 205 45 reporter
1551 1498 169 46 system
1770 1491 185 54 digests.
2039 1490 325 48 Southeastern

354 1547 154 54 series,
536 1563 42 29 v.
606 1548 52 54 8)

353 1602 55 54 ©
439 1602 111 55 May
583 1606 33 49 1,
652 1604 130 52 1925;
812 1605 65 43 2c.
910 1605 87 43 and
1026 1605 79 43 aff.
1137 1605 115 51 June
1281 1605 78 51 29;
1393 1604 43 43 A
1467 1605 191 51 829909;
1692 1605 132 44 West
1855 1606 101 51 pub.
1989 1620 65 29 co.

359 1689 234 73 Staley,
636 1689 262 60 Seward
937 1689 277 71 Charles,
1257 1691 191 57 1893-

431 1778 1937 75 Individual and mass athletics, by S. C. Staley … New
355 1858 191 69 York,
573 1858 76 55 A.
677 1858 62 59 S.
764 1857 245 57 Barnes
1039 1857 123 57 and
1189 1875 327 55 company,
1542 1857 168 59 1925.

426 1934 63 51 ix,
516 1934 83 45 257
626 1949 40 38 p.
728 1933 133 53 illus.,
891 1933 171 54 diagrs.
1121 1935 55 43 23½c
1230 1936 29 17 m
1265 1969 9 8 .

356 1990 54 55 ©
437 1993 116 53 June
581 1992 67 52 20,
683 1991 130 54 1925;
842 1992 66 43 2c.
938 1993 117 52 June
1081 1992 79 52 29;
1192 1992 79 43 aff.
1302 1992 114 53 June
1445 1991 82 53 25;
1558 1992 43 43 A
1631 1990 192 56 855718;
1854 1993 58 45 A.
1947 1991 45 49 S.
2025 1994 172 44 Barnes
2230 1996 37 44 &
2297 2010 66 30 co.

435 2049 271 55 (25-12040)

358 2132 402 74 Sutherland,
799 2134 183 58 Joan.

433 2225 184 58 Price
649 2225 70 57 of
750 2225 243 57 silence.
1069 2226 123 73 [6th
1221 2225 384 76 instalment]
1652 2227 264 72 (contd.)

432 2305 80 52 (In
542 2306 186 40 London
757 2306 133 41 home
921 2308 148 48 notes,
1101 2306 112 51 May
1247 2310 64 46 16,
1345 2304 129 51 1925)

358 2359 2006 55 © 1c. July 7, 1925; A ad int. 7082; pubd. May 11; J. Sutherland, ℅ A. M.
430 2417 155 44 Heath
618 2418 37 43 &
687 2433 79 37 co.,
802 2417 202 43 London.

359 2508 74 58 U.
469 2507 62 59 S.
613 2510 407 58 Declaration
1055 2511 66 70 of
1153 2510 481 72 independence.

436 2598 405 60 Declaration
865 2601 68 57 of
954 2600 480 73 independence,
1463 2597 429 62 Constitution
1913 2602 69 57 of
2005 2602 103 58 the
2132 2602 236 60 United

362 2679 232 70 States,
625 2678 410 58 constitution
1064 2678 68 57 of
1159 2679 152 57 New
1340 2679 247 72 Jersey,
1621 2682 342 56 annotated
1992 2681 83 71 by
2105 2680 265 60 Chester

360 2758 69 55 E.
461 2757 226 59 Miller.
772 2758 258 70 Boston,
1059 2756 150 58 New
1236 2757 173 57 York
1439 2760 146 70 [etc.]
1616 2757 73 56 D.
1723 2757 65 59 C.
1819 2757 212 59 Heath
2059 2762 124 58 and
357 2779 1986 128 company
564 2835 202 73 [c1925]

432 2912 739 54 3 p. l ., 122 p. illus. 19½ cm .
360 2969 54 53 ©
449 2971 112 52 May
599 2971 64 51 19,
700 2969 130 53 1925;
864 2971 66 42 2c.
964 2971 117 52 June
1115 2971 49 50 3;
1201 2971 79 42 aff.
1315 2971 115 51 June
1465 2970 50 52 4;
1551 2969 43 43 A
1629 2967 191 54 855476;
1858 2971 57 42 D.
1953 2968 49 46 C.
2039 2970 155 44 Heath
2229 2972 37 43 &
2298 2986 53 28 co.

434 3024 67 56 [©
538 3027 75 43 the
650 3026 301 53 annotations]
1023 3024 272 57 (25-10894)

440 3113 128 56 The
609 3112 407 58 Declaration
1057 3113 66 57 of
1162 3112 482 71 independence,
1685 3113 103 56 the
1831 3112 429 58 Constitution
2302 3112 68 58 of

361 3191 103 57 the
496 3190 237 60 United
769 3190 212 59 States
1015 3192 123 57 and
1170 3191 430 58 amendments
1634 3191 264 71 thereto,
1932 3191 104 58 the
361 3191 1984 136 constitution

527 3270 68 57 of
627 3270 152 57 New
810 3270 234 72 Jersey
1074 3289 68 38 as
1178 3270 319 57 amended.
1602 3269 154 58 New
1785 3269 191 71 York,
2013 3268 355 60 Cincinnati

364 3350 146 70 [etc.]
546 3347 338 58 American
915 3348 159 57 book
1106 3366 308 59 company
1449 3376 13 41 [
1462 3357 20 20 c
1486 3347 165 74 1925]

431 3425 58 48 vi,
519 3425 56 44 80
602 3440 39 37 p.
672 3425 101 43 incl.
804 3425 155 55 front.,
989 3424 128 46 illus..
1150 3440 57 37 pl.
1267 3440 56 37 pl.
1413 3422 25 46 17
1444 3426 47 18 cm

363 3468 2002 67 © May 1 6, 1925; 2c. May 19; aff. June 4; A 829539; American book co.
437 3537 66 54 [©
532 3546 143 44 notes,
708 3539 297 43 illustrations
1036 3540 87 43 and
1153 3538 313 53 organization
1495 3538 52 44 of
1578 3539 222 52 material]

442 3594 271 55 (25-10893)

366 3679 391 72 Vanderbilt,
798 3678 283 60 William
1118 3679 271 69 Kissam,
1433 3681 189 57 1878-

442 3771 237 57 Across
730 3770 104 58 the
883 3769 286 60 Atlantic
1219 3770 150 58 with
1417 3771 154 71 Ara,
1626 3790 272 39 summer
1951 3768 69 60 of
2071 3770 167 72 1924,
2290 3772 82 71 by

362 3848 97 58 W.
493 3849 80 56 K.
602 3848 394 58 Vanderbilt.
1080 3850 152 56 New
1259 3849 190 71 York,
1482 3848 386 57 Brentano’s
1905 3877 13 43 [
1920 3855 19 23 c
1942 3846 166 74 1925]

434 3924 63 52 xi,
532 3924 78 45 147
639 3940 41 38 p.
712 3923 103 44 incl.
848 3925 130 43 front.
1052 3926 160 53 plates,
1244 3940 130 37 maps
1401 3925 127 53 (part
1563 3924 139 53 fold.)
1770 3926 54 42 23½
1859 3928 46 17 cm
1912 3959 8 8 .

363 3981 55 53 ©
449 3984 114 50 June
593 3983 65 49 22,
694 3981 129 52 1925;
856 3983 65 42 2c.
953 3983 115 51 June
1098 3982 78 53 26;
1210 3984 78 42 aff.
1320 3984 114 51 June
1466 3981 78 54 27;
1580 3982 43 43 A
1656 3980 188 54 855683;
1879 3982 75 44 W.
1987 3982 58 42 K.
2080 3980 284 51 Vanderbilt,

435 4039 117 44 New
586 4038 143 44 York.
799 4038 271 55 (25-12037)
