2533 4412
1300 4027 149 56 1098

431 530 84 44 284
537 546 54 37 p.,
619 532 18 43 1
687 566 8 8 l.
756 529 131 53 illus.,
913 530 169 53 diagrs.
1142 531 53 44 23½
1231 533 48 17 cm
1286 565 9 9 .

435 587 173 46 Folded
633 602 104 39 map
763 587 91 44 laid
878 588 61 43 in.

431 645 189 44 London
646 644 168 44 edition
848 643 200 55 (Trades
1073 645 138 44 union
1237 644 242 53 congress)
1511 644 82 44 has
1617 644 124 44 title:
1770 646 179 43 Russia.

361 699 54 54 ©
448 700 120 53 Sept.
605 698 62 55 15,
701 699 104 45 1925
822 715 9 37 ;
863 701 65 43 2c.
959 701 88 44 and
1076 702 79 43 aff.
1190 700 122 53 Sept.
1347 701 49 44 18
1413 716 9 38 ;
1456 702 44 42 A
1530 700 167 45 864654
1711 716 9 39 ;
1757 702 326 44 International
2117 701 254 54 publishers

431 773 80 36 co.,
545 757 84 43 inc.
699 756 273 56 (25-18169)

362 843 362 75 Browning,
761 844 253 74 Robert,
1053 847 360 58 1812-1889.

441 937 286 60 Selected
764 956 216 54 poems
1019 939 68 59 of
1122 937 362 74 Browning,
1521 939 152 57 with
1707 939 481 73 introductions,
361 942 1986 133 critical
513 1019 359 68 comments,
905 1018 419 70 explanatory
1351 1020 181 56 notes
1565 1020 125 57 and
1718 1017 324 72 questions
2073 1019 105 57 for
2208 1020 164 58 class

364 1091 2007 79 study, edited by Joseph Paxton Simmons … Lincoln,
365 1171 273 73 Chicago
676 1174 148 69 [etc.]
863 1172 132 59 The
1029 1171 377 71 University
1439 1172 368 73 publishing
1840 1192 326 55 company,
2204 1176 167 58 1925.

435 1267 126 33 xxiv,
598 1250 82 46 257
714 1264 43 37 p.
792 1250 103 45 incl.
933 1251 138 44 front.,
1102 1250 156 51 (map)
1355 1249 26 45 17½
1414 1253 48 17 cm
1468 1286 9 9 .
1546 1249 294 53 (Half-title:
1881 1251 269 54 University
2187 1254 185 46 classics

364 1308 76 44 for
468 1306 110 51 high
610 1306 812 51 schools—colleges—universities)

434 1363 288 51 “Suggested
754 1363 286 47 references”
1057 1379 9 29 :
1100 1376 41 35 p.
1173 1362 278 46 xxiii-xxiv.

363 1416 54 55 ©
450 1417 121 54 Sept.
604 1417 39 54 4,
678 1416 105 46 1925
800 1432 9 39 ;
842 1418 65 44 2c.
941 1417 87 45 and
1059 1418 80 43 aff.
1175 1416 121 54 Sept.
1329 1416 53 45 25
1398 1432 10 38 ;
1441 1417 44 44 A
1516 1416 163 46 864741
1698 1432 9 38 ;
1742 1418 268 54 University
2042 1419 102 53 pub.
2178 1436 65 29 co.
2308 1419 68 56 [©

435 1475 344 52 introductions,
806 1475 175 43 critical
1011 1482 264 44 comments,
1303 1475 299 53 explanatory
1628 1482 127 37 notes
1781 1476 88 44 and
1896 1477 231 51 questions
2156 1478 76 44 for
2258 1479 117 43 class

434 1533 147 53 study]
653 1531 272 56 (25-18802)

366 1618 288 73 Cocteau,
692 1619 180 71 Jean,
907 1621 194 62 1891-

441 1710 131 58 The
601 1711 203 72 grand
834 1710 187 71 écart,
1050 1712 84 70 by
1154 1711 172 60 .Jean
1355 1709 304 74 Cocteau;
1687 1712 356 58 translated
2071 1711 169 59 from
2266 1713 105 57 the

362 1788 249 58 French
636 1790 84 71 by
746 1788 203 58 Lewis
977 1788 202 59 Galan
1184 1788 173 58 tière.
1442 1789 153 57 New
1619 1789 176 58 York
1817 1790 50 57 &
1893 1790 280 74 London,
2203 1790 69 60 G.
2299 1792 71 57 P.

361 1867 336 58 Putnam’s
728 1886 165 54 sons,
920 1869 166 55 1925.

436 1950 18 41 1
482 1964 41 37 p.
580 1983 9 17 l,
619 1946 77 45 153
722 1962 40 37 p.
828 1949 49 42 19
884 1949 46 18 cm
938 1982 7 7 .

365 2002 53 56 ©
446 2003 120 54 Sept.
595 2006 63 50 11,
685 2002 131 56 1925;
839 2005 66 43 2c.
935 2002 120 55 Sept.
1083 2004 75 53 19;
1186 2004 79 44 aff.
1295 2002 121 55 Sept.
1446 2003 74 54 17;
1548 2004 44 43 A
1618 2003 189 54 861909;
1839 2003 51 47 G.
1918 2006 51 44 P.
1997 2005 233 45 Putnam’s
2259 2021 117 30 sons.

443 2061 274 56 (25-18770)

367 2146 326 60 Colorado.
771 2151 204 69 Laws,
1013 2153 288 67 statutes,
1342 2153 110 53 etc.

441 2241 188 57 Laws
656 2241 233 71 passed
920 2243 64 54 at
1015 2240 105 57 the
1153 2241 147 56 25th
1332 2239 243 59 session
1608 2241 66 56 of
1707 2241 103 57 the
1846 2240 270 59 General
367 2260 1987 131 assembly
513 2320 68 56 of
620 2319 107 57 the
768 2321 163 55 state
975 2318 67 58 of
1085 2317 310 59 Colorado
1439 2320 319 56 convened
1799 2321 67 54 at
1903 2318 253 57 Denver
2198 2322 69 54 at
2306 2321 72 55 12

369 2397 2010 71 o’clock noon on Wednesday, January 7, A. D. 1925, and
368 2475 354 72 adjourned
756 2475 131 57 sine
922 2474 99 58 die
1057 2477 68 54 at
1155 2476 33 55 6
1224 2473 238 58 o’clock
1534 2520 10 11 P.
1641 2521 9 9 M.
1688 2494 79 37 on
1803 2474 353 72 Thursday,
2192 2475 188 71 April

368 2551 2011 77 16, A. D. 1925. Published by authority of Carl S. Milliken,
369 2636 324 67 secretary
722 2632 66 56 of
821 2634 181 55 state.
1073 2632 272 71 Denver,
1379 2630 231 57 Eames
1644 2631 312 72 brothers,
1991 2633 164 55 1925.

435 2710 149 42 xxxiv
612 2724 53 37 p.,
698 2710 18 41 1
782 2742 9 17 l,
826 2706 165 56 [5]–631
1023 2722 40 38 p.
1123 2708 52 44 23
1184 2710 48 17 cm
1238 2743 8 8 .

367 2764 54 54 ©
453 2766 102 44 Oct.
586 2767 66 49 21,
689 2764 130 53 1925;
853 2765 65 43 2c.
951 2766 88 42 and
1071 2765 78 43 aff.
1185 2765 118 43 Nov.
1337 2764 51 50 2;
1422 2764 46 43 A
1500 2761 189 54 869853;
1727 2762 107 45 Carl
1870 2763 45 47 S.
1951 2764 224 53 Milliken,
2209 2780 85 28 sec.
2328 2765 51 44 of

438 2830 127 44 state,
594 2822 74 43 for
692 2822 77 43 the
794 2836 80 29 use
901 2822 52 43 of
978 2821 75 44 the
1079 2828 117 37 state
1223 2821 51 44 of
1302 2819 241 53 Colorado,
1573 2820 197 43 Denver.

370 2908 210 71 Crain,
617 2907 236 59 Orville
890 2909 69 56 E.

447 3004 130 58 The
607 3002 358 73 credibility
991 3004 68 57 of
1087 3002 105 59 the
1219 3001 212 73 virgin
1458 3000 192 73 birth,
1679 3002 83 71 by
1793 3000 236 59 Orville
2059 3000 74 59 E.
2166 2999 208 60 Crain.

368 3083 153 58 New
553 3082 191 70 York,
783 3080 374 71 Cincinnati,
1194 3081 130 61 The
1361 3077 337 75 Abingdon
1731 3098 184 53 press
1956 3108 13 44 [
1970 3086 18 21 c
1994 3080 165 72 1925]

442 3160 76 46 105
546 3175 41 37 p.
676 3159 24 47 17½
735 3163 48 18 cm
791 3198 7 8 .

439 3219 359 51 Bibliography:
826 3233 41 37 p.
901 3218 203 48 104-105.

368 3271 54 54 ©
457 3274 107 52 July
626 3308 9 17 1,
676 3272 130 53 1925;
842 3274 64 42 2c.
943 3273 87 43 and
1066 3273 78 43 aff.
1184 3271 122 53 Sept.
1372 3269 49 54 17;
1461 3271 44 42 A
1543 3270 189 52 869033;
1774 3270 56 44 O.
1867 3269 54 47 E.
1961 3269 151 54 Crain,
2150 3271 227 53 Holyoke,

438 3331 143 43 Mass.
652 3328 273 56 (25-18989)

372 3415 292 72 Cunliffe,
703 3416 171 58 John
910 3414 300 73 William,
1250 3416 190 57 1865-
1600 3414 90 57 ed.

367 3504 2014 154 Century readings in ancient classical and modern European literature, edited by John W. Cunliffe … and Grant
370 3658 1788 75 Showerman … New York, The Century co., 1925.
436 3759 79 35 XX,
549 3742 94 52 614,
676 3757 41 36 V,
752 3738 81 48 543
868 3756 39 38 p.
967 3740 53 45 23
1029 3743 47 17 cm
1082 3775 9 10 .
1207 3737 126 57 $5.00

440 3800 285 53 “Suggested
751 3798 173 53 library
952 3798 74 43 for
1051 3813 80 32 use
1160 3797 44 43 in
1231 3796 268 45 connection
1529 3795 111 44 with
1669 3794 200 54 Century
1896 3795 211 54 readings
2133 3794 45 45 in
2205 3795 177 45 ancient

367 3858 205 44 classical
603 3855 262 46 literature”
882 3870 10 29 :
926 3869 39 39 p.
998 3852 94 47 592.

367 3911 53 56 ©
449 3914 122 52 Sept.
598 3913 68 52 21,
697 3911 130 53 1925;
855 3913 64 42 2c.
947 3913 88 43 and
1061 3912 79 43 aff.
1173 3910 120 53 Sept.
1320 3911 80 51 24;
1430 3910 44 42 A
1503 3908 189 52 861940;
1726 3908 201 54 Century
1956 3925 65 28 co.
447 3969 272 56 (25-18501)
