2533 4412
1100 4062 107 54 251

157 427 217 72 Lewis,
416 427 223 57 Albert
679 425 302 59 Addison.

235 518 316 57 Boxwood
599 520 291 69 gardens,
941 517 104 57 old
1094 517 122 57 and
1263 536 153 50 new,
1466 516 82 73 by
1597 516 224 58 Albert
1872 516 285 59 Addison

157 596 220 57 Lewis.
479 595 362 73 Richmond,
887 596 135 71 Va.,
1071 594 128 57 The
1245 594 279 58 William
1568 594 178 72 Byrd
1793 612 200 55 press,
2038 593 117 59 inc.

161 702 13 44 [
175 682 19 21 c
198 674 163 72 1924]

233 751 72 44 191
335 765 40 39 p.
405 750 100 43 incl.
534 749 82 45 col.
645 750 150 50 front.,
826 750 113 43 illus.
967 749 127 53 (part
1120 748 108 53 col.)
1296 750 53 41 24½
1384 751 46 18 cm
1440 784 6 8 .

231 820 350 52 Bibliography:
616 834 39 38 p.
690 820 88 43 191.

160 877 53 53 ©
238 879 118 42 Nov.
384 879 33 49 1,
447 878 128 50 1924;
600 878 63 42 2c.
690 878 109 42 Dec.
824 879 50 49 8;
902 877 65 42 aff.
1006 876 107 43 Feb.
1139 875 66 52 25,
1235 875 128 51 1925;
1392 877 43 41 A
1462 876 187 52 822282;
1678 877 56 42 A.
1761 877 56 41 A.
1846 876 161 51 Lewis,
2036 877 118 42 New

230 935 141 43 York.
441 931 241 56 (25-6827)

158 1033 345 71 Longyear,
535 1034 152 54 Mrs.
721 1032 187 73 Mary
938 1030 264 73 Hawley
1239 1030 330 74 (Beecher)
1613 1033 188 57 1851-

239 1124 128 58 The
413 1124 249 69 history
708 1123 67 56 of
823 1143 35 36 a
902 1123 193 57 house
1153 1122 184 71 (built
1385 1123 83 71 by
1515 1123 224 71 Squire
1789 1124 258 72 Bagley,
2093 1125 66 56 in

158 1202 371 71 Amesbury,
625 1199 456 72 Massachusetts)
1112 1201 81 56 its
1219 1202 286 71 founder,
1531 1201 225 72 family
1779 1202 123 58 and
1927 1205 233 69 guests,

158 1280 83 71 by
268 1280 186 70 Mary
480 1278 274 57 Beecher
783 1278 348 72 Longyear.
1215 1278 371 58 Illustrated
1613 1279 83 71 by
1724 1278 434 77 photographs

160 1358 68 56 of
255 1358 103 57 the
383 1357 194 57 house
608 1358 123 55 and
759 1356 103 61 the
892 1355 271 73 original
1190 1355 318 57 furniture
1539 1356 124 57 and
1692 1356 238 72 objects
1962 1357 199 58 found

160 1435 65 58 in
268 1435 103 58 the
415 1435 192 57 house
653 1434 66 57 in
763 1435 165 56 1922.
1029 1433 355 74 Brookline,
1433 1433 213 75 Mass.,
1693 1434 129 58 The
1870 1434 153 59 Zion
160 1453 1975 118 research
411 1513 391 72 foundation,
841 1513 164 55 1925.

229 1588 1125 54 4 p. l., 69 p. plates, ports., facsim. 19½ cm .
561 1645 381 45 CONTENTS.—Preface.—Lost
993 1654 226 35 treasures
1272 1643 377 55 found.—Squire
1702 1646 207 53 Bagley’s
1962 1646 200 54 diary.—·

163 1704 161 53 Squire
356 1703 206 53 Bagley’s
593 1701 375 46 letters.—Sarah
1000 1701 208 53 Bagley’s
1239 1702 245 52 diary.—A
1516 1701 158 54 refuge
1707 1703 73 44 for
1811 1704 116 42 Mrs.
1960 1702 202 54 Eddy.—

162 1761 238 43 “Fadeless
438 1759 261 52 footsteps.”

161 1816 53 54 ©
243 1818 118 42 Mar.
392 1818 62 51 10,
485 1816 127 51 1925;
639 1818 66 41 2c.
732 1816 87 43 and
845 1816 78 42 aff.
951 1816 121 43 Mar.
1104 1815 73 51 12;
1208 1815 43 41 A
1279 1815 189 51 823388;
1499 1814 111 44 Zion
1639 1815 209 43 research
1876 1814 279 55 foundation,

234 1873 257 51 Brookline,
519 1874 140 41 Mass.
722 1870 241 55 (25-6830)

160 1972 377 73 Macmillan,
573 1973 159 73 firm,
766 1971 376 75 publishers,
1177 1971 150 62 New
1368 1972 188 56 York.

247 2051 195 71 (1925.
527 2052 127 58 The
689 2049 362 58 Macmillan
1083 2049 333 72 company)

240 2141 128 58 The
404 2142 286 56 author’s
723 2142 160 56 book
917 2159 79 38 on
1027 2140 104 58 the
1165 2140 413 71 preparation
1614 2140 68 57 of
1713 2142 445 73 manuscripts,

163 2240 79 38 on
269 2220 104 58 the
403 2217 264 73 reading
694 2218 67 58 of
788 2217 242 73 proofs,
1062 2218 124 56 and
1214 2237 78 37 on
1324 2217 253 74 dealing
1602 2218 151 58 with
1783 2220 374 74 publishers.

162 2299 151 57 New
340 2298 191 70 York,
563 2298 130 57 The
726 2295 359 57 Macmillan
1116 2314 325 53 company,
1474 2297 166 58 1925.

298 2412 8 16 xv,
341 2376 50 44 73
424 2390 39 37 p.
527 2374 141 43 front.
727 2374 56 42 22½
816 2376 47 17 cm
869 2408 9 8 .

235 2433 147 44 Other
422 2431 197 44 editions
659 2429 242 54 published
939 2429 148 44 under
1126 2429 124 44 title:
1293 2430 147 44 Notes
1485 2431 77 43 for
1602 2432 78 43 the
1720 2431 226 53 guidance
1987 2434 52 42 of
162 2449 1975 85 authors.

161 2546 53 54 ©
241 2548 118 42 Mar.
390 2547 61 51 10,
482 2545 128 52 1925;
639 2546 63 42 2c.
732 2546 86 42 and
844 2546 79 42 aff.
953 2546 117 41 Mar.
1104 2546 72 50 11;
1209 2546 42 41 A
1279 2545 187 52 822328;
1500 2547 266 42 Macmillan
1792 2562 65 28 co.

241 2601 240 57 (25-6249)

164 2704 244 72 Michie,
448 2703 267 57 Thomas
751 2702 298 71 Johnson,
1089 2704 90 56 ed.

242 2798 130 56 The
401 2795 433 72 encyclopedic
860 2795 208 70 digest
1093 2794 66 56 of
1187 2794 297 72 Virginia
1510 2797 125 55 and
1658 2796 183 57 West
1865 2797 292 73 Virginia

161 2879 270 66 reports.
516 2874 146 55 1925
690 2872 408 71 supplement,
1123 2872 189 71 being
1334 2891 35 37 a
1394 2873 300 70 complete
1721 2876 437 70 encyclopedia

165 2953 123 56 and
313 2952 208 71 digest
546 2950 65 57 of
639 2950 83 56 all
748 2950 102 56 the
875 2949 292 71 Virginia
1197 2951 123 55 and
1346 2950 181 56 West
1551 2950 296 73 Virginia
1871 2972 139 38 case
2042 2954 117 56 law

164 3030 168 56 from
357 3029 244 56 volume
631 3028 111 55 130
768 3031 62 52 to
857 3028 244 55 volume
1132 3028 109 55 138
1269 3027 293 72 Virginia
1592 3033 269 68 reports,
1890 3031 149 56 both
165 3031 1968 147 inclusive,

448 3106 123 55 and
600 3104 166 57 from
795 3104 244 56 volume
1073 3106 73 54 88
1178 3108 62 52 to
1273 3104 244 57 volume
1551 3106 73 54 94
1654 3106 179 57 West
1866 3107 291 72 Virginia

166 3187 268 69 reports,
477 3183 151 56 both
665 3182 321 72 inclusive,
1031 3182 202 56 under
1273 3182 103 56 the
1423 3181 294 59 editorial
1761 3185 393 71 supervision

166 3262 66 57 of
257 3263 269 55 Thomas
550 3261 285 56 Johnson
859 3259 244 71 Michie,
1129 3259 274 57 assisted
1425 3260 82 71 by
1524 3261 75 55 A.
1620 3262 272 57 Hewson
1913 3264 243 57 Michie.

165 3357 55 38 V.
277 3342 50 53 1.
386 3336 857 76 [Abandonment-Insulting
1292 3338 228 71 words)
1631 3338 525 75 Charlottesville,

165 3417 133 70 Va.,
341 3416 128 64 The
506 3414 224 57 Michie
767 3431 322 54 company,
1127 3415 164 55 1925.

234 3493 77 50 xii,
343 3492 75 43 901
454 3506 38 37 p.
553 3491 54 42 24½
641 3493 46 17 cm
694 3525 8 8 .

166 3547 53 53 ©
247 3549 117 42 Mar.
391 3550 65 49 21,
488 3546 128 51 1925;
645 3547 63 42 2c.
740 3547 117 42 Mar.
884 3545 77 52 25;
990 3547 79 42 aff.
1098 3547 118 41 Mar.
1245 3546 77 49 31;
1353 3547 43 41 A
1424 3545 188 53 823575;
1646 3548 168 44 Michie
1842 3564 64 28 co.

166 3646 241 71 Mullin,
447 3646 155 58 Glen
638 3644 400 58 Hawthorne.

245 3740 398 59 Adventures
692 3738 67 59 of
805 3756 36 39 a
890 3737 243 60 scholar
1179 3740 227 70 tramp,
1455 3739 83 72 by
1583 3738 155 60 Glen
1786 3741 79 57 EL
1917 3742 240 58 Mullin.

167 3820 151 57 New
340 3817 172 58 York
535 3817 48 56 &
604 3817 276 67 London,
908 3815 129 58 The
1067 3815 279 72 Century
1369 3835 85 39 co.
1483 3848 12 42 [
1497 3824 18 21 c
1520 3818 164 72 1925]

237 3892 721 57 viii, 312 p. 19½ cm . $2.00
168 3952 53 53 ©
248 3954 118 41 Mar.
397 3952 60 45 14,
488 3949 127 51 1925;
644 3949 64 42 2c.
734 3948 86 42 and
846 3949 78 41 aff.
954 3948 117 42 Mar.
1103 3948 48 41 19;
1206 3947 43 41 A
1276 3947 187 52 823452;
1496 3947 199 56 Century
1723 3966 64 28 co.

247 4006 241 56 (25-6955)
