2533 4412
0 0 0 0 615
139 434 222 71 Roche,
406 431 243 58 Arthur
694 430 265 68 Somers,
1007 430 189 56 1883-

217 511 1918 84 The pleasure buyers, by Arthur Somers Roche … New
138 600 190 73 York,
361 601 131 57 The
522 597 358 59 Macmillan
913 615 320 52 company,
1267 595 165 56 1925.

210 690 555 57 3 p. l., 321 p. 19½ cm .
139 763 55 54 ©
218 765 118 52 June
359 763 41 51 2,
429 761 105 45 1925;
587 763 67 42 2c.
681 762 89 44 and
794 762 79 44 aff.
901 762 116 51 June
1042 760 25 43 3;
1122 759 44 42 A
1192 755 165 47 829507;
1413 758 57 42 A.
1503 756 46 47 S.
1579 754 170 56 Roche,
1776 756 187 51 Darien,
1991 754 139 45 Conn.

219 817 270 59 (25-10692)

143 918 412 75 Schlesinger,
593 917 243 58 Arthur
871 915 212 70 Meier,
1125 917 190 57 1888-

216 1010 292 59 Political
536 1010 125 56 and
690 1008 192 58 social
908 1009 248 70 history
1188 1005 68 58 of
1284 1005 104 59 the
1417 1005 238 59 United
1687 1003 231 72 States,
141 1004 1997 157 1829-1925,

342 1081 1795 78 by Arthur Meier Schlesinger … New York, The
141 1165 360 59 Macmillan
533 1182 322 54 company,
891 1164 166 56 1925.

208 1257 111 53 xvii,
349 1255 84 46 576
459 1271 40 38 p.
558 1256 164 44 double
749 1253 155 53 front.,
931 1269 130 38 maps
1096 1254 130 54 (part
1252 1251 189 56 double)
1506 1252 55 43 22½
1595 1254 47 17 cm
1649 1286 10 9 .

215 1325 291 56 Companion
532 1326 187 44 volume
750 1332 46 37 to
829 1324 213 44 Political
1073 1325 92 43 and
1195 1322 141 46 social
1367 1323 179 52 history
1575 1323 54 42 of
1660 1320 77 46 the
1765 1321 175 45 United
1974 1320 166 54 States,

148 1384 257 54 1492-1828,
434 1385 61 51 by
524 1383 177 44 Homer
733 1381 49 45 C.
815 1382 215 44 Hockett.

214 1440 177 48 “Select
415 1438 343 55 bibliography”
786 1447 44 37 at
859 1439 85 43 end
969 1438 51 47 of
1046 1438 110 44 each
1185 1436 197 53 chapter.

144 1497 54 55 ©
223 1500 115 52 June
365 1499 39 50 9,
433 1496 129 54 1925;
588 1498 67 43 2c.
681 1497 87 43 and
793 1496 78 45 aff.
900 1498 115 51 June
1045 1496 74 51 10;
1149 1496 43 42 A
1220 1494 189 54 829609;
1439 1494 267 43 Macmillan
1732 1509 65 30 co.

223 1553 270 57 (25-10818)

147 1662 443 72 Shakespeare,
635 1660 295 72 William,
976 1661 357 58 1564-1616.

147 1748 1973 154 … Pericles, prince of Tyre, edited by Alfred R. Bellinger.
469 1831 150 56 New
661 1829 244 72 Haven,
950 1829 157 61 Yale
1149 1825 356 75 university
1550 1845 214 55 press;
1814 1829 149 71 [etc.,
2014 1830 129 70 etc.]

147 1908 166 59 1925.

215 1979 1263 61 4 p. l., 139 p. 17½c m . (The Yale Shakespeare)
221 2042 224 47 Contains
474 2040 229 45 facsimile
727 2039 329 56 reproduction
1082 2041 54 42 of
1162 2040 78 44 the
1266 2046 95 47 t.-p.
1390 2040 54 43 of
1469 2040 79 44 the
1573 2038 303 47 Elizabethan
1902 2040 103 43 club
2033 2054 115 40 copy

149 2099 54 45 of
228 2099 77 44 the
335 2099 66 43 1st
428 2097 186 45 edition.

221 2153 335 56 “Suggestions
591 2154 77 43 for
698 2152 237 46 collateral
967 2152 248 54 reading”:
1246 2168 42 39 p.
1322 2153 236 47 [132]-134.

150 2211 54 53 ©
233 2212 113 54 May
369 2212 67 51 29,
470 2209 106 45 1925;
628 2213 65 41 2c.
722 2212 117 53 June
868 2209 49 54 5;
947 2211 78 43 aff.
1055 2211 118 52 June
1199 2211 50 52 3;
1280 2210 44 43 A
1353 2209 188 54 829542;
1572 2211 118 44 Yale
1717 2209 119 46 univ.
1867 2225 139 39 press.

228 2266 272 56 (25-10869)

153 2366 469 60 Southwestern
655 2370 301 68 reporter.

228 2457 334 74 Kentucky
600 2457 309 59 decisions
951 2460 297 69 reported
1286 2459 69 57 in
1393 2460 104 56 the
1542 2457 471 60 Southwestern
151 2479 1970 127 reporter

408 2537 356 57 annotated,
841 2537 152 57 vols.
1036 2538 112 55 264
1182 2540 63 54 to
1285 2538 128 71 267,
1454 2536 385 74 September,
1878 2539 166 70 1924,
2082 2540 65 54 to

155 2610 1845 82 March, 1925 … St. Paul, West publishing co., 1925.
226 2691 197 45 Various
457 2691 201 53 pagings.
718 2691 56 44 26
778 2694 46 19 cm
832 2728 8 7 .

155 2744 53 54 ©
236 2747 111 54 May
376 2748 63 52 18,
469 2747 131 53 1925;
627 2748 65 43 2c.
721 2748 86 44 and
834 2748 78 43 aff.
940 2749 116 51 June
1081 2749 79 51 29;
1191 2748 43 44 A
1263 2748 189 53 829899;
1483 2749 134 43 West
1645 2748 99 53 pub.
1774 2762 64 31 co.

158 2844 205 70 Stone,
406 2845 226 58 David.

158 2930 1968 141 Yank Brown, honor man, by David Stone … with illustrations
463 3013 82 72 by
583 3012 259 60 Charles
878 3014 67 57 L.
981 3014 255 58 Wrenn.
1320 3014 151 57 New
1505 3014 192 71 York,
1732 3014 74 58 N.
1846 3015 94 71 Y.,
159 3016 1970 146 Newark,

317 3090 75 58 N.
421 3091 83 68 J.,
531 3091 200 58 Barse
760 3089 50 61 &
834 3090 291 73 Hopkins
1156 3121 14 43 [
1170 3100 20 22 c
1193 3091 165 74 1925]

229 3168 81 44 217
341 3181 40 40 p.
414 3168 99 45 incl.
546 3168 156 53 plates,
763 3167 138 47 front.
966 3170 48 44 19½cm.

161 3224 53 53 ©
242 3226 112 53 May
379 3225 66 51 27,
479 3225 104 45 1925;
636 3228 63 42 2c.
729 3227 87 44 and
843 3228 78 43 aff.
953 3227 113 53 May
1090 3227 56 43 28;
1201 3227 43 43 A
1272 3225 165 46 829417;
1495 3227 141 43 Barse
1664 3227 38 44 &
1731 3226 225 55 Hopkins.

238 3280 270 57 (25-10700)

164 3381 218 72 Storff,
422 3381 370 74 Hugolinus,
833 3386 189 56 1859-

224 3475 128 59 The
373 3476 394 59 immaculate
792 3477 361 72 conception;
1210 3478 104 58 the
1338 3475 289 73 teaching
1651 3479 67 57 of
1744 3477 88 59 St.
1862 3480 289 69 Thomas,

167 3553 88 58 St.
290 3552 442 60 Bonaventure
764 3556 125 57 and
922 3555 93 56 Bl.
1050 3555 60 58 J.
1143 3554 178 58 Duns
1358 3554 222 58 Scotus
1615 3574 81 39 on
1726 3555 106 59 the
163 3556 1966 131 immaculate
315 3628 363 73 conception
704 3632 68 57 of
796 3632 104 58 the
928 3632 261 57 Blessed
1213 3630 228 73 Virgin
1467 3631 205 72 Mary,
1698 3633 85 71 by
1806 3632 106 56 Pr.
164 3632 1964 131 Hugolinus

354 3694 1800 88 Storif, O. F. M . … San Francisco, Calif., St. Francis
165 3803 180 53 press
377 3786 200 72 [c1925]

237 3862 83 47 272
349 3876 42 36 p.
448 3863 58 44 20½
538 3865 48 18 cm
592 3899 8 8 .

238 3919 45 43 A
316 3916 126 55 reply
475 3926 48 37 to
556 3920 77 44 the
663 3917 160 48 article
855 3917 95 50 “St.
984 3919 202 44 Thomas
1221 3920 87 44 and
1340 3920 77 44 the
1450 3918 286 46 immaculate
1766 3918 295 53 conception”
2096 3920 59 50 by

169 3974 76 45 the
274 3974 109 46 Rev.
418 3973 134 45 Peter
586 3974 285 51 Lumbreras,
901 3975 235 51 published
1167 3974 43 45 in
1241 3974 78 45 the
1350 3974 249 46 Homiletic
1629 3974 181 55 review,
1840 3993 41 29 v.
1912 3978 67 49 24,
2011 3992 72 29 no.
2116 3978 38 51 3,
