2533 4412
1040 4092 108 55 163

86 467 273 72 Buchan,
399 467 184 71 John,
622 469 190 55 1875-

165 560 144 56 Two
349 557 247 57 ordeals
634 555 67 57 of
736 556 386 69 democracy,
1157 554 82 70 by
1277 552 169 58 John
1482 550 276 58 Buchan.
1840 550 241 58 Boston

87 636 123 57 and
241 636 152 56 New
419 634 190 70 York,
642 632 343 71 Houghton
1015 630 214 58 Mifflin
1261 648 323 53 company,
1617 628 166 58 1925.

155 728 58 51 vi,
241 726 54 45 56
320 740 41 39 p.
419 725 55 43 22
481 727 46 17 cm
533 759 9 9 .

158 798 71 43 “A
258 798 172 42 lecture
456 804 45 36 at
528 795 171 44 Milton
727 792 219 56 academy
973 809 59 29 on
1061 793 76 44 the
1167 790 191 45 Alumni
1389 807 98 28 war
1515 790 243 45 memorial
1789 789 293 54 foundation,

88 854 205 46 October
321 855 62 52 16,
416 853 147 46 1924.”

87 924 53 53 ©
169 925 107 44 Feb.
303 925 68 52 20,
404 924 103 44 1925;
564 926 64 42 2c.
655 925 87 43 and
771 925 78 42 aff.
880 923 106 44 Feb.
1013 923 80 52 27;
1125 923 44 42 A
1199 922 189 51 823199;
1420 920 217 45 Trustees
1667 922 51 43 of
1748 920 167 44 Milton

158 919 1900 115 academy,
303 982 180 52 Milton,
514 983 141 41 Mass.
725 979 241 55 (25-5465)

87 1081 338 72 Chapman,
467 1081 259 70 Arthur,
769 1083 190 56 1873-

167 1172 128 57 The
330 1176 179 68 story
539 1171 67 57 of
641 1171 329 70 Colorado,
1005 1175 108 53 out
1143 1171 206 57 where
1383 1170 103 58 the
1520 1169 179 57 West
1732 1168 238 72 begins,
2003 1170 83 69 by

90 1246 1997 75 Arthur Chapman … with three illustrations by Will
92 1326 349 72 Crawford,
477 1327 176 57 three
686 1346 200 52 maps,
924 1330 123 56 and
1084 1324 404 74 seventy-five
1523 1324 310 58 half-tone
92 1344 1967 120 reproductions
423 1403 169 60 from
636 1403 433 75 photographs

1120 1405 123 58 and
1289 1402 225 75 prints.
1600 1401 290 74 Chicago,
1939 1404 150 56 New

89 1484 188 71 York,
368 1484 140 71 Rand,
540 1484 293 71 McNally
860 1482 48 59 &
937 1501 308 54 company
1275 1512 13 43 [
1290 1490 19 22 c
1313 1482 165 73 1925]

159 1575 80 44 307
267 1590 41 38 p.
369 1575 84 43 col.
487 1574 157 52 front.,
677 1574 119 44 illus.
855 1574 55 44 20½
944 1576 46 17 cm
996 1608 10 9 .

160 1643 126 47 First
311 1643 244 55 published
586 1646 119 49 1924.

160 1702 71 43 “A
258 1702 374 54 bibliography”:
662 1717 40 38 p.
731 1702 207 44 271-272.

91 1771 53 54 ©
173 1773 104 43 Feb.
303 1774 69 50 21,
405 1772 127 53 1925;
562 1773 63 43 2c.
656 1773 118 42 Mar.
801 1773 49 51 2;
881 1773 78 43 aff.
989 1772 105 44 Feb.
1122 1771 78 54 25;
1231 1773 44 42 A
1304 1773 188 51 823224;
1524 1774 142 50 Rand,
1699 1773 223 52 McNally
1953 1774 38 43 &
2017 1789 66 28 co.

169 1829 242 54 (25-5466)

92 1927 287 72 Christie,
415 1928 169 72 May.

169 2018 1915 74 The rebel bride, by May Christie … Rev. ed. New
90 2098 189 72 York,
316 2098 264 59 Grosset
611 2098 49 56 &
692 2099 251 71 Dunlap
984 2128 14 44 [
999 2106 19 22 c
1021 2100 164 72 1925]

162 2187 363 54 308 p. 19½ cm .
93 2257 54 54 ©
178 2258 106 44 Feb.
314 2257 67 53 25,
417 2257 128 53 1925;
577 2259 65 42 2c.
672 2258 86 43 and
789 2258 78 43 aff.
901 2256 105 45 Feb.
1035 2256 80 53 27;
1150 2258 44 42 A
1225 2258 188 51 823210;
1448 2259 67 43 M.
1549 2258 208 54 Christie,
1792 2259 116 44 New
1943 2261 142 44 York.

173 2314 242 55 (25-5541)

96 2413 282 72 Clausen,
417 2415 286 57 Bernard
740 2413 382 73 Chancellor,
1163 2416 190 56 1892-

175 2507 129 57 The
330 2507 154 57 door
510 2507 138 57 that
672 2508 114 56 has
812 2526 79 38 no
917 2507 149 72 key;
1097 2525 279 40 sermons
1404 2507 104 57 for
1534 2511 141 55 true
1701 2508 388 74 Americans,

91 2584 85 73 by
194 2584 288 58 Bernard
507 2583 63 60 C.
598 2584 267 60 Clausen
893 2627 61 17 .,.
1041 2584 457 73 Philadelphia,
1522 2585 240 61 Boston
1788 2589 146 73 [etc.]
1963 2588 129 58 The

97 2664 245 57 Judson
373 2682 180 52 press
605 2664 146 55 [1925]

169 2739 543 53 5 p. l., 111 p. 19½c m .
97 2795 53 54 ©
177 2796 104 44 Feb.
312 2797 64 51 16,
405 2795 128 53 1925;
560 2798 63 42 2c.
651 2797 86 43 and
762 2798 78 43 aff.
869 2796 105 45 Feb.
1000 2798 78 51 28;
1108 2797 42 43 A
1179 2797 186 52 822204;
1393 2798 174 52 Judson
1594 2812 140 38 press.

177 2852 241 55 (25-5625)

99 2952 270 73 Corbett,
412 2953 213 57 James
666 2952 184 72 John,
893 2956 190 56 1866-

182 3047 129 57 The
351 3066 147 38 roar
538 3048 67 57 of
644 3047 104 57 the
789 3047 235 70 crowd;
1066 3046 104 58 the
1210 3051 141 54 true
1390 3047 125 59 tale
1555 3049 67 57 of
1661 3048 102 58 the
1804 3048 126 59 rise
1972 3051 123 56 and

103 3125 116 57 fall
247 3125 67 56 of
340 3145 36 37 a
406 3123 345 73 champion,
780 3126 83 70 by
890 3124 215 59 James
1135 3125 60 58 J.
1229 3123 275 74 Corbett,
1533 3127 152 57 with
1714 3148 36 37 a
1777 3128 318 58 foreword

103 3203 1992 76 by Robert Gordon Anderson … New York & London,
105 3280 68 59 G.
203 3282 69 55 P.
301 3281 332 58 Putnam’s
665 3299 161 53 sons,
856 3281 165 58 1925.

171 3359 90 51 xiv,
293 3360 83 44 329
402 3375 38 36 p.
502 3359 151 51 front.,
683 3359 155 51 plates,
866 3366 142 45 ports.
1067 3361 50 42 21
1127 3362 47 17 cm
1181 3395 8 8 .

100 3413 56 53 ©
185 3414 104 44 Feb.
317 3415 66 45 23,
417 3412 128 52 1925;
576 3414 62 42 2c.
667 3414 86 43 and
782 3414 78 42 aff.
890 3412 107 45 Feb.
1027 3414 76 51 28;
1136 3413 44 42 A
1207 3413 189 52 822220;
1427 3415 39 52 J.
1496 3416 40 52 J.
1568 3415 199 55 Corbett,
1801 3418 117 45 New
1949 3420 142 45 York.

181 3467 272 57 (25-5671).

105 3569 240 72 Corpus
378 3567 179 73 juris.

182 3661 146 55 1925
369 3660 399 56 annotations
808 3663 62 53 to
913 3658 243 72 Corpus
1196 3659 374 75 juris—Cyc
1607 3668 251 66 system.
104 3666 1966 130 Contains
315 3737 399 58 annotations

756 3736 166 58 from
966 3737 84 57 all
1092 3757 173 39 cases
1308 3739 247 59 decised
1600 3742 166 59 since
1810 3744 103 57 the
1955 3744 142 60 first

103 3818 373 68 permanent
505 3815 399 57 annotations
939 3817 146 55 1921
1119 3816 123 56 and
1273 3817 104 56 the
1410 3820 165 71 1922,
1612 3822 147 55 1923
1793 3824 122 56 and
1949 3826 147 54 1924

107 3893 230 56 annual
364 3892 431 70 annotations;
826 3892 130 57 also
986 3895 211 54 errata
1228 3897 335 57 corrected,
1593 3916 138 38 new
1753 3900 341 72 principles

109 3971 378 71 announced,
517 3972 109 54 etc.
691 3969 114 57 Ed.
833 3970 84 71 by
937 3969 279 58 William
1241 3970 280 61 Howard
1545 3974 360 70 Buchanan,
2011 4024 10 10 LL.
2084 4027 10 13 B.
