2533 4412
1338 4078 112 59 672

387 406 249 74 Taylor,
679 406 263 58 Francis
984 406 329 74 Richards,
1356 409 190 57 1884-

458 484 145 58 Life
636 485 69 57 of
732 483 284 59 William
1048 484 246 73 Savory
1324 485 70 57 of
1423 484 460 73 Philadelphia,
1918 485 360 71 1750-1804,
2311 488 82 69 by

382 560 1987 153 Francis R. Taylor … New York, The Macmillan company, 1925.
516 715 1372 56 x p., 2 l., 474 p. 2 port, (incl. front.) plates. 22 ½c m .
383 773 54 54 ©
463 776 115 51 June
601 775 66 50 23,
699 773 131 54 1925;
859 776 64 42 2c.
951 776 87 42 and
1065 775 78 43 aff.
1171 775 115 52 June
1312 775 78 52 24;
1421 775 43 42 A
1491 773 192 54 829847;
1714 774 268 44 Macmillan
2009 790 52 28 eo
2066 809 9 8 .

463 830 273 56 (25-11965)

384 920 188 57 Utah.
647 920 306 72 Supreme
992 924 192 52 court.

462 997 1926 73 Reports of cases decided … W. S. Dalton, reporter.
382 1095 57 39 V.
486 1079 88 54 64.
659 1076 270 73 August,
978 1078 166 70 1924,
1190 1080 63 54 to
1299 1077 310 71 January,
1658 1078 165 55 1925.
1913 1075 291 74 Chicago,
382 1075 1987 153 Callaghan
647 1155 47 56 &
729 1175 106 52 co.,
871 1156 166 56 1925.

453 1233 114 51 xxii,
599 1233 80 42 668
712 1247 39 37 p.
812 1232 53 44 23½cm.

384 1287 54 54 ©
464 1291 114 51 June
604 1288 67 53 25,
704 1288 129 53 1925;
861 1289 64 43 2c.
956 1289 87 43 and
1071 1289 79 42 aff.
1178 1289 117 52 June
1323 1289 79 51 29;
1433 1287 43 43 A
1506 1288 190 52 829930;
1729 1287 252 53 Callaghan
2008 1289 38 43 &
2073 1303 66 28 co.

387 1374 272 71 Walton,
699 1375 216 72 Perry,
954 1376 192 56 1865-

463 1452 338 59 Falmouth
827 1473 78 38 on
935 1451 169 73 Cape
1136 1450 149 73 Cod,
1314 1451 416 73 picturesque,
1761 1451 325 72 romantic,
2113 1452 280 71 historic,

383 1532 83 72 by
494 1532 103 58 the
623 1532 257 58 Walton
910 1531 170 58 staff.
1165 1531 258 73 Boston,
1455 1530 215 70 Mass.,
1700 1531 69 55 P.
1797 1530 275 73 Walton,
2103 1540 19 21 c
2125 1532 165 56 1925.

456 1608 54 46 47
538 1626 41 37 p.
610 1610 101 46 incl.
745 1610 152 50 front.,
927 1609 115 44 illus.
1103 1610 53 44 29
1164 1611 46 17 cm
1217 1644 9 9 .

458 1667 153 44 “First
642 1666 211 46 edition.”

459 1724 107 45 “300
589 1724 149 52 copies
763 1724 50 44 of
837 1724 88 45 this
951 1723 168 44 edition
1143 1723 115 44 have
1281 1724 112 43 been
1421 1721 219 54 printed.”
1700 1719 114 46 This
1839 1737 114 38 copy
1976 1730 79 37 not
2079 1723 258 44 numbered.

385 1781 54 53 ©
464 1784 116 51 June
606 1783 67 49 20,
703 1781 129 52 1925;
860 1783 65 41 2c.
953 1782 87 42 and
1066 1782 78 42 aff.
1172 1782 115 51 June
1313 1781 78 51 30;
1420 1780 43 43 A
1492 1777 191 55 855716;
1714 1781 50 42 P.
1792 1780 202 44 Walton.

464 1838 273 55 (25-11881)

387 1925 280 67 Werner,
707 1922 235 59 Morris
981 1923 254 67 Robert,
1277 1926 190 57 1897-

386 2000 1985 151 Brigham Young, by M. R. Werner … New York, Harcourt,
623 2081 201 58 Brace
865 2080 123 57 and
1028 2098 309 54 company
1375 2079 185 73 [1925]

456 2158 94 53 xvi,
573 2158 86 45 478
684 2173 38 36 p.
788 2157 158 50 front.,
973 2157 134 51 illus.,
1136 2157 160 53 plates,
1324 2164 142 46 ports.
1526 2157 58 42 22½
1618 2159 46 16 cm
1670 2191 9 9 .

457 2214 154 46 “First
639 2214 217 45 edition.”

460 2271 332 55 Bibliography:
848 2286 40 38 p.
915 2271 208 45 463-469.

387 2329 53 53 ©
466 2331 114 51 June
608 2331 38 50 4,
676 2330 130 51 1925;
834 2330 63 42 2c.
925 2329 86 43 and
1037 2329 78 42 aff.
1143 2330 113 51 June
1284 2329 80 51 20;
1392 2329 43 42 A
1464 2326 189 53 855613;
1684 2330 248 50 Harcourt,
1963 2330 144 42 Brace
2136 2331 38 43 &
2200 2345 78 35 co.,
2309 2330 83 44 inc.

465 2385 273 54 (25-11448)

386 2471 228 73 White,
657 2471 296 72 Howard,
997 2474 190 55 1893-

465 2550 343 58 Executive
849 2550 299 58 influence
1189 2552 67 55 in
1297 2550 420 74 determining
1758 2551 283 74 military
2080 2551 208 74 policy
2328 2552 62 56 in

388 2629 2004 73 the United States, by Howard White … Urbana, The
387 2708 374 72 University
800 2709 67 55 of
905 2708 243 57 Illinois
1191 2738 14 43 [
1207 2716 18 21 c
1229 2709 165 73 1925]

457 2784 1937 54 292 p. 24 ½ cm . (Added t.-p.: University of Illinois studies in social
388 2843 210 50 sciences,
631 2842 87 44 vol.
834 2876 9 16 XII,
876 2856 96 29 nos.
1009 2843 17 41 1
1061 2842 88 43 and
1181 2842 51 53 2)

459 2899 158 43 Issued
653 2899 42 42 in
730 2906 95 36 two
855 2905 138 46 parts.

461 2955 246 44 Published
734 2956 99 43 also
857 2971 48 27 as
935 2954 138 44 thesis
1113 2956 105 51 (PH.
1277 2991 6 6 D.Q
1349 2955 267 52 University
1645 2955 50 43 of
1724 2954 189 53 Illinois,
1946 2956 118 43 1924.

460 3012 327 53 Bibliography:
848 3027 41 37 p.
923 3010 206 46 279-286.

391 3067 53 53 ©
470 3068 118 43 Mar.
614 3068 52 43 30,
710 3066 129 52 1925;
866 3069 62 42 2c.
956 3067 110 44 each
1091 3069 87 42 and
1202 3068 78 43 aff.
1310 3069 111 42 May
1446 3069 50 51 9;
1527 3068 42 42 A
1594 3069 189 49 829920;
1812 3069 136 43 Univ.
1974 3068 50 44 of
2049 3069 188 43 Illinois.

467 3125 272 55 (25-11812)

391 3196 227 69 White,
662 3197 273 59 Stewart
973 3196 293 73 Edward,
1306 3200 190 57 1873-

473 3275 219 72 Credo,
720 3277 84 71 by
829 3276 275 58 Stewart
1127 3276 278 58 Edward
1428 3277 230 58 White.
1726 3277 253 60 Garden
2007 3276 161 74 City,
2196 3277 74 56 N.
2298 3277 94 73 Y.,

389 3354 387 73 Doubleday,
813 3355 175 72 Page
1021 3355 49 56 &
1107 3374 321 54 company,
1467 3357 165 55 1925.

464 3429 518 55 5 p. l., 329 p. 20 cm .
463 3487 153 45 “First
646 3488 208 44 edition.”

390 3542 53 53 ©
475 3544 111 52 May
615 3545 66 44 22.
718 3544 102 44 1925;
876 3546 65 42 2c.
973 3546 86 42 and
1089 3546 79 42 aff.
1201 3547 114 51 June
1350 3546 46 51 1;
1429 3545 43 42 A
1503 3543 192 54 829599;
1731 3543 282 55 Doubleday,
2047 3547 123 51 Page
2203 3546 37 44 &
2271 3561 64 28 co.

470 3598 271 56 (25-11210)

391 3669 373 73 Wilkinson,
794 3673 151 57 Mrs.
976 3671 389 73 Marguerite
1395 3671 221 74 Ogden
1652 3671 337 74 (Bigelow)
2029 3675 189 56 1883-

471 3751 129 58 The
653 3771 140 51 way
845 3753 69 57 of
963 3752 104 59 the
1119 3753 268 71 makers,
1443 3753 80 72 by
1577 3752 390 72 Marguerite
2021 3752 368 59 Wilkinson.

392 3829 152 58 New
569 3829 190 70 York,
791 3831 130 57 The
951 3829 361 60 Macmillan
1338 3849 323 54 company,
1693 3831 165 56 1925.

463 3906 115 51 xxii,
606 3908 83 43 316
716 3919 40 38 p.
817 3907 53 44 20½cm.

392 3959 52 54 ©
470 3962 115 55 June
609 3961 39 48 2,
677 3960 130 53 1925;
834 3963 62 42 2c.
925 3963 87 43 and
1038 3964 77 42 aff.
1142 3963 115 52 June
1283 3964 51 51 3;
1361 3962 43 43 A
1430 3961 192 54 829509;
1651 3962 267 44 Macmillan
1945 3978 64 28 co.

470 4014 271 59 (25-10726)
