2533 4412
1341 4096 113 57 378

397 420 181 71 Cavé,
612 422 215 73 pseud.

473 513 397 72 Fragments,
948 535 56 37 v.
1044 517 50 55 3.
1172 516 100 72 By
1309 515 165 60 Cavé
1515 518 251 73 [pseud.]
1846 517 155 57 New
2035 516 191 73 York,
2267 517 130 57 The

396 589 341 74 Quarterly
767 593 161 57 book
960 595 402 70 department
1397 597 182 73 [1925]

463 668 27 42 4
516 682 39 37 p.
603 703 23 17 l.,
658 667 77 45 147
762 683 40 38 p.
863 669 53 43 16
921 672 46 17 cm
974 705 8 9 .

395 721 54 54 ©
479 724 113 53 Apr.
622 725 69 52 24,
725 724 105 45 1925;
889 727 65 42 2c.
988 727 88 43 and
1106 727 79 43 aff.
1219 727 112 52 Apr.
1364 726 78 54 25;
1477 728 44 42 A
1555 728 189 52 823898;
1782 728 248 53 Quarterly
2064 729 120 43 book
464 728 1911 96 department.

394 881 388 74 Chesterton,
821 882 243 60 Gilbert
1101 883 209 71 Keith,
1352 888 190 57 1874-

471 976 129 57 The
632 975 310 60 exclusive
972 978 231 71 luxury
1231 979 70 58 of
1329 977 215 60 Enoch
1577 978 191 59 Oates
1800 980 123 58 and
1954 979 130 57 The
393 975 1984 136 unthinkable

556 1053 227 73 theory
807 1055 67 57 of
899 1054 342 61 Professor
1268 1056 222 74 Green,
1516 1058 83 72 by
1625 1056 244 60 Gilbert
1894 1056 79 57 K.
2007 1056 418 63 Chesterton..

391 1131 153 59 New
568 1132 192 72 York,
787 1132 202 73 Dodd,
1019 1133 187 61 Mead
1232 1135 49 57 &
1304 1153 326 56 company,
1660 1137 167 56 1925.

462 1211 527 53 1 p. l ., 43 p. 18½ cm .
463 1267 217 55 Running
705 1267 100 47 title
821 1284 10 29 :
859 1268 138 46 Tales
1024 1270 53 45 of
1098 1270 77 45 the
1200 1271 111 53 long
1335 1271 116 45 bow.

395 1320 54 54 ©
485 1324 118 43 Mar.
637 1322 65 55 25,
740 1323 130 54 1925;
905 1326 65 43 2c.
1006 1326 120 43 Mar.
1162 1327 77 51 31;
1276 1327 79 43 aff.
1390 1327 113 51 Apr.
1540 1327 46 51 1;
1623 1326 46 42 A
1701 1325 189 54 822728;
1930 1325 51 45 G.
2017 1327 58 43 K.
2114 1325 281 54 Chesterton,

517 1377 1083 59 ℅ A. P. Watt & son, London. (25-8153)
394 1480 129 57 The
557 1480 276 74 Chicago
864 1481 268 60 tribune.

472 1576 129 58 The
633 1575 270 74 Chicago
932 1578 251 58 tribune
1211 1576 178 59 radio
1418 1577 159 58 book;
1638 1599 35 37 a
1701 1577 260 58 listener
1977 1581 47 53 ’s
2051 1578 348 71 handbook,

394 1653 348 74 consisting
785 1656 68 57 of
897 1655 303 72 complete
1244 1657 338 57 broadcast
1625 1655 126 74 list,
1794 1655 151 58 with
1989 1655 412 58 instructions

393 1733 103 57 for
529 1732 317 74 selecting,
880 1732 235 74 setting
1146 1753 84 52 up
1262 1734 126 58 and
1418 1733 335 74 operating
1784 1751 125 56 any
1935 1738 152 69 type
2121 1736 68 57 of
2221 1735 178 58 radio

394 1810 558 73 receiver—maps,
1021 1812 256 72 graphs,
1346 1812 213 58 charts
1628 1813 124 58 and
1819 1814 154 71 logs.
2060 1811 340 74 Compiled,

392 1891 252 57 written
673 1891 123 56 and
821 1890 334 71 published
1181 1893 83 69 by
1289 1891 104 58 the
1420 1889 220 59 Public
1669 1890 238 59 service
1933 1893 239 57 bureau
2201 1892 68 58 of
2297 1894 104 55 the

396 1967 271 75 Chicago
697 1968 270 58 tribune.
1053 1966 307 74 [Chicago]
1391 1975 18 21 c
1414 1969 166 56 1925.

461 2048 55 43 84
547 2064 39 36 p.
647 2047 117 44 illus.
792 2046 97 53 (incl.
951 2048 153 52 maps)
1144 2047 169 53 diagrs.
1373 2048 53 45 20½
1460 2050 48 18 cm
1516 2085 8 8 .

394 2100 54 54 ©
477 2103 112 51 Apr.
619 2102 36 51 6,
691 2100 130 54 1925;
852 2103 65 42 2c.
946 2103 88 42 and
1064 2103 79 42 aff.
1173 2103 112 51 Apr.
1320 2102 74 52 10;
1427 2103 44 42 A
1501 2102 188 52 822833;
1724 2101 203 46 Tribune
1958 2118 80 38 co.,
2072 2103 212 54 Chicago.

474 2158 243 55 (25-8276)

395 2258 380 74 Consoliver,
817 2260 155 57 Earl
1007 2259 235 57 Lester.

469 2353 406 58 Automotive
917 2351 377 73 electricity;
1337 2373 37 38 a
1411 2355 134 56 text
1587 2355 123 57 and
1750 2353 323 58 reference
2110 2355 172 56 work
2323 2374 77 39 on

393 2432 103 57 the
540 2433 445 70 construction,
1031 2431 349 71 operation,
1424 2430 505 61 characteristics
1976 2435 123 56 and
392 2432 1984 136 maintenance

621 2511 67 57 of
721 2507 383 60 automotive
1136 2509 286 73 ignition,
1457 2509 293 72 starting,
1783 2508 273 75 lighting
2088 2514 123 56 and
394 2515 1984 147 storage

535 2586 1862 76 battery equipment, by Earl L. Consoliver … 1st ed.
393 2668 154 58 New
573 2667 174 57 York
779 2671 147 68 [etc.]
960 2664 455 61 McGraw-Hill
1442 2666 160 58 book
1633 2686 323 54 company,
1987 2668 136 74 inc.,
2155 2670 168 56 1925.

465 2762 74 35 XV,
569 2744 80 46 665
677 2761 42 38 p.
778 2743 134 53 illus.,
940 2743 172 54 diagrs.
1171 2746 125 42 21cm.
1409 2743 127 54 $4.00

394 2800 54 54 ©
481 2802 119 43 Mar.
631 2801 68 52 27,
732 2799 105 45 1925;
895 2801 64 42 2c.
992 2801 120 42 Mar.
1144 2800 77 53 30;
1256 2799 79 44 aff.
1368 2799 112 53 Apr.
1512 2800 50 51 4;
1597 2799 43 43 A
1671 2798 190 55 822784;
1897 2801 349 45 McGraw-Hill
2278 2804 121 44 book

465 2874 80 36 co.,
586 2858 82 43 inc.
738 2856 244 56 (25-8277)

397 2957 349 72 Crawford,
788 2956 270 57 Thomas
1095 2954 274 74 Dwight.

477 3048 394 59 Cumulative
910 3047 329 57 Arkansas
1279 3047 223 72 digest.
1581 3047 59 56 A
1677 3048 211 72 digest
1925 3049 67 57 of
2032 3050 85 56 all
2153 3052 103 56 the
397 3054 1973 131 decisions

672 3126 66 58 of
780 3126 103 57 the
932 3125 304 72 Supreme
1284 3127 180 55 court
1506 3125 67 57 of
1616 3125 329 58 Arkansas
1992 3131 297 69 reported
2333 3130 65 56 in

394 3207 280 56 volumes
709 3206 112 56 160
854 3209 63 53 to
956 3206 110 55 165
1104 3204 66 58 of
1205 3204 328 57 Arkansas
1570 3208 251 68 reports
1859 3207 123 56 and
2017 3206 64 56 in
2117 3208 279 59 volumes

398 3286 109 55 253
533 3288 62 53 to
624 3285 109 55 265
762 3283 67 57 of
854 3283 103 57 the
988 3282 470 58 Southwestern
1487 3285 305 68 reporter.
1861 3283 100 73 By
1988 3285 67 56 T.
2084 3285 73 57 D.
395 3284 1979 135 Crawford.

641 3361 89 58 St.
770 3360 211 71 Louis,
1021 3360 144 71 Mo.,
1205 3359 270 57 Thomas
1513 3360 121 56 law
1667 3361 159 56 book
1865 3381 322 55 company,
2229 3366 165 56 1925.

468 3435 517 55 1 p. l ., 291 p. 26 cm .
396 3493 54 54 ©
482 3495 112 51 Apr.
625 3495 68 50 21,
731 3492 130 53 1925;
895 3494 65 41 2c.
993 3493 87 43 and
1111 3493 79 43 aff.
1222 3492 114 52 Apr.
1369 3492 78 52 24;
1483 3491 43 43 A
1561 3491 189 53 829059;
1785 3491 55 44 T.
1875 3494 57 43 D.
1968 3493 255 54 Crawford,
2259 3495 137 45 Little

469 3551 141 52 Rock,
645 3550 115 43 Ark.

398 3651 107 72 [De
534 3649 92 57 La
655 3649 284 69 Pasture,
973 3644 230 60 Edmée
1236 3646 329 58 Elizabeth
1595 3646 267 76 Monica]
1897 3650 189 58 1890-

470 3739 1930 76 Mrs. Harter, by E. M. Delafield [pseud.] … New York
396 3824 125 58 and
548 3823 279 68 London,
857 3819 257 72 Harper
1143 3819 48 57 &
1216 3818 291 60 brothers
1540 3848 12 43 [
1555 3827 19 22 c
1577 3820 165 72 1925]

463 3903 27 43 4
514 3917 40 37 p.
602 3937 24 14 l.,
652 3901 84 43 284
760 3914 43 36 p.
866 3900 51 44 19
922 3901 47 18 cm
977 3936 9 8 .

397 3954 54 54 ©
476 3957 113 51 Apr.
616 3957 35 47 3,
684 3953 103 45 1925;
839 3954 65 42 2c.
932 3952 111 52 Apr.
1068 3953 51 51 4;
1147 3952 78 43 aff.
1253 3951 112 52 Apr.
1392 3951 51 51 6;
1471 3951 44 42 A
1541 3949 190 55 822852;
1759 3951 238 48 Elizabeth
2025 3956 65 42 M.
2119 3956 275 55 Dashwood,

470 4012 303 51 Cullompton,
805 4009 298 52 Devonshire,
1132 4005 223 56 England.
1424 4005 243 56 (25-8265)
