2533 4412
0 0 0 0 887
106 412 211 72 Toldo,
351 411 275 59 Vittorio
657 411 93 58 de.

247 500 1854 72 … L’arte italiana della legatura del libro, a cura di
101 576 2000 140 Vittorio de Toldo … [Milano] Piantanida-Valcarenghi, 1923.
170 744 1931 58 2 p. L, 7-29 p., 1 l. illus., XXXVII pl. (part col.) 24 ½ cm . (Monografie di
101 805 89 45 arti
216 802 278 47 decorative.
553 803 51 53 3)

173 874 253 54 Published
453 875 99 44 also
579 874 44 43 in
652 871 195 56 English
876 872 91 46 and
996 870 193 47 French.

100 944 2000 56 © Dec. 30, 1923; 1c. June 8, 1925; A—Foreign 27849; Piantanida & Val-
173 1002 226 55 carenghi.
469 1000 270 57 (25-12448)

101 1104 141 58 Van
277 1104 75 57 de
387 1102 184 70 Wall,
610 1100 269 60 Willem.

102 1191 1974 230 The utilization of music in prisons and mental hospitals, its application in the treatment and care of the morally and mentally afflicted, by William van de Wall …
101 1426 152 59 New
276 1426 190 73 York,
493 1425 153 58 Pub.
670 1424 111 58 for
802 1424 104 58 the
938 1423 367 60 Committee
1332 1424 109 58 for
1464 1425 104 58 the
1598 1428 188 71 study
1812 1427 66 58 of
1903 1429 198 58 music

100 1505 65 57 in
201 1504 399 58 institutions
633 1503 84 71 by
754 1503 103 58 the
898 1502 299 58 National
1233 1503 240 58 bureau
1510 1504 107 57 for
1654 1506 104 56 the
99 1508 1976 132 advancement
301 1581 68 58 of
398 1581 200 57 music
632 1612 13 43 [
646 1588 20 23 c
669 1581 165 73 1924]

170 1674 53 45 67
259 1688 40 39 p.
360 1672 137 45 front.,
525 1671 166 56 (port.)
735 1671 157 54 plates.
956 1671 119 44 18cm.

173 1742 351 55 Bibliography:
558 1756 41 39 p.
636 1740 150 46 59-67.

105 1813 53 54 ©
185 1815 120 43 Nov.
330 1815 68 50 21,
428 1813 130 51 1924;
584 1813 66 42 2c.
679 1813 87 42 and
792 1811 78 44 aff.
900 1811 120 53 Aug.
1052 1812 33 50 1,
1117 1810 131 54 1925;
1278 1812 44 43 A
1350 1812 190 54 864062;
1572 1814 125 43 Natl,
1728 1815 168 44 bureau
1926 1816 75 44 for
2027 1817 76 45 the

175 1872 320 44 advancement
525 1869 51 44 of
602 1868 155 44 music.
827 1866 271 56 (25-16416)

100 1972 143 58 Van
275 1972 225 70 Doren,
540 1970 147 58 Carl
724 1969 268 71 Clinton,
1030 1972 190 56 1885-

177 2063 338 59 American
560 2065 124 56 and
730 2063 245 57 British
1019 2062 332 57 literature
1399 2064 166 58 since
1613 2065 166 73 1890,
1827 2068 84 71 by
1956 2067 143 59 Carl

101 2143 142 58 Van
269 2142 211 58 Doren
510 2143 124 56 and
661 2140 185 58 Mark
872 2140 143 57 Van
1043 2139 229 58 Doren.
1356 2141 152 58 New
1533 2142 173 57 York
1735 2146 62 55 &
1825 2145 278 73 London,

104 2222 129 58 The
267 2220 279 72 Century
576 2238 86 40 co.
697 2248 13 43 [
710 2229 20 20 c
733 2218 166 73 1925]

172 2312 61 51 xi,
267 2310 82 46 350
378 2325 39 39 p.
474 2310 54 44 21
537 2312 48 18 cm
590 2345 10 9 .
714 2306 126 56 $2.50

175 2381 327 54 “Suggestions
535 2379 75 45 for
638 2379 187 53 study”:
855 2393 41 39 p.
927 2379 207 44 313-334.

104 2438 55 54 ©
183 2440 120 52 Aug.
326 2438 70 50 29,
424 2435 105 46 1925
544 2451 9 37 ;
579 2438 66 42 2c.
672 2437 87 42 and
784 2436 79 43 aff.
893 2434 122 55 Sept.
1047 2436 18 42 1
1084 2450 9 38 ;
1122 2436 45 42 A
1192 2436 165 45 864382
1371 2452 9 37 ;
1413 2436 200 55 Century
1639 2454 65 30 co.
184 2494 269 56 (25-16893)

106 2593 230 61 Verein
373 2592 332 60 deutscher
765 2591 354 75 ingenieure,
1157 2593 235 58 Berlin.

181 2687 296 71 Beiträge
505 2704 112 37 zur
640 2684 352 73 geschichte
1020 2686 114 56 der
1150 2684 251 58 technik
1416 2688 127 56 und
1561 2687 312 60 industrie
1893 2715 11 46 ;
106 2693 1977 130 Jahrbuch
287 2765 108 57 des
418 2762 303 58 Vereines
748 2762 330 57 deutscher
1100 2762 363 73 ingenieure,
1506 2764 171 73 hrsg.
1702 2785 123 38 von
1854 2768 249 60 Conrad

107 2839 1973 138 Matschoss. 14. bd. … Berlin, VDI-verlag, g. m. b. h. 1924.
176 2993 1784 58 2 p. l ., 278 p. illus. (incl. ports.) maps, diagrs. (part fold.) 27 ½ cm .
107 3049 1723 59 © Mar. 28, 1925 ; 1c. June 22 ; A—Foreign 28069 ; V. D. I. verlag.
106 3150 412 74 Wambaugh,
561 3150 272 72 Eugene,
878 3152 190 57 1856-

186 3242 60 56 A
277 3241 293 57 selection
603 3240 68 58 of
702 3259 174 39 cases
911 3260 78 38 on
1022 3260 253 53 agency,
1307 3243 83 71 by
1421 3243 258 73 Eugene
1711 3247 392 76 Wambaugh

178 3317 1907 79 … 2d ed. Cambridge, Harvard universitv press, 1925
176 3413 76 37 XV,
295 3396 105 44 1173
440 3409 39 39 p.
538 3395 55 44 24½
627 3397 48 19 cm
680 3430 9 9 .

109 3454 55 53 ©
190 3456 115 51 June
333 3455 35 51 1,
399 3451 129 54 1925;
555 3453 66 43 2c.
648 3453 120 52 Aug.
798 3452 75 52 17;
902 3453 78 43 aff.
1009 3453 119 52 Aug.
1162 3454 74 51 11;
1265 3454 44 43 A
1337 3454 188 54 864253;
1556 3457 52 47 E.
1636 3460 303 54 Wambaugh,
178 3463 1903 100 Cambridge,
381 3510 141 43 Mass.
587 3507 65 54 [©
681 3509 221 52 complete
931 3509 210 54 revision]
1212 3509 271 56 (25-16105)

112 3610 298 73 [Warner,
455 3608 214 73 Harry
709 3606 290 75 Sheldon]
1044 3610 189 57 1875-

108 3697 1997 238 Why prohibition? Will it work? A syllabus to promote all around discussion … Washington, D. C., Intercollegiate prohibition association, student department
113 3935 67 57 of
208 3934 106 59 the
339 3934 223 57 World
590 3935 218 71 league
841 3934 252 72 against
1123 3934 361 59 alcoholism
1518 3968 13 44 [
1533 3946 19 22 c
1555 3941 164 73 1925]
