2533 4412
1088 4073 108 54 565

139 417 217 72 Lewis,
395 418 268 57 Thomas
700 416 340 72 Hamilton,
1078 418 189 57 1852-

215 509 352 57 Handbook
599 508 67 57 of
697 508 103 57 the
836 507 342 58 Methodist
1211 509 357 70 protestant
1601 505 258 72 church;
142 507 1961 151 sketching

287 586 83 57 its
412 585 264 71 history,
718 585 167 57 form
928 585 68 57 of
1039 588 425 68 government,
1507 582 335 73 doctrines,
139 583 1969 155 institutions,

354 664 190 69 work,
582 666 283 68 support,
900 665 210 56 extent
1148 663 123 57 and
1303 680 343 39 resources.
1729 661 98 73 By
1862 662 270 58 Thomas

138 739 1323 73 Hamilton Lewis … [Baltimore] 1925.
286 831 278 55 111 p. 17½ cm .
139 903 53 53 ©
221 905 111 51 May
359 903 37 52 5,
429 903 128 52 1925;
586 904 64 42 2c.
676 904 90 42 .and
794 904 79 42 aff.
905 904 110 51 May
1040 905 79 49 21;
1151 903 43 42 A
1223 899 188 55 855315;
1443 902 55 44 T.
1530 903 60 42 H.
1621 903 162 52 Lewis,
1810 903 317 52 Washington.

219 959 268 55 (25-10229)

140 1058 293 73 Lindsay,
477 1057 294 57 Nicholas
813 1058 250 71 Vachel,
1106 1060 188 56 1879-

223 1150 311 60 Collected
569 1170 233 53 poems,
841 1153 82 69 by
961 1151 234 57 Vachel
1231 1150 295 72 Lindsay.
1610 1152 150 56 Rev.
1803 1153 123 56 and
145 1152 1963 137 illustrated

390 1232 88 55 ed.
564 1230 149 56 New
746 1229 191 70 York,
973 1230 127 56 The
1138 1228 357 57 Macmillan
1529 1246 322 55 company,
1889 1230 164 56 1925.

213 1320 1304 54 5 p. l ., ix-lxii p., 1 l., 464 .p. illus., plates. 20½ cm .
216 1395 258 43 Illustrated
504 1393 338 51 lining-papers.

219 1447 1915 56 “Of this illustrated edition … three hundred fifty copies have been
144 1509 188 52 printed,
361 1509 52 42 of
437 1507 149 44 which
614 1506 87 45 this
731 1507 35 44 is
792 1510 190 40 number
1009 1506 122 45 345.”

139 1576 53 53 ©
219 1578 111 51 May
359 1577 59 48 19,
451 1575 128 52 1925;
607 1576 63 42 2c.
701 1576 87 42 and
813 1575 78 47 aff.
922 1576 110 50 May
1057 1575 79 51 20;
1167 1576 43 41 A
1239 1574 187 53 855284;
1459 1576 265 44 Macmillan
1752 1593 65 28 co.

218 1627 269 60 (25-10046)

141 1732 198 71 Lowe,
381 1731 294 56 Clarence
715 1731 256 70 George.

217 1822 129 56 The
390 1819 722 72 manuscript-tradition
1159 1820 68 56 of
1269 1822 628 69 pseudo-Plutarch’s
1944 1824 186 58 Vitae

141 1901 208 55 decern
397 1902 338 66 oratorvm,
781 1898 83 69 by
914 1886 295 69 Clarence
1257 1898 241 72 George
1545 1899 199 57 Lowe.
1836 1901 292 74 [Urbana]

142 1978 127 55 The
299 1976 370 71 University
700 1975 66 56 of
794 1975 262 74 Illinois,
1087 1976 165 57 1924.

219 2070 51 44 53
298 2086 38 37 p.
397 2071 166 52 diagrs.
619 2068 150 44 27½cm.
835 2068 186 54 (Added
1051 2077 28 34 t.
1084 2075 84 44 -p.:
1201 2069 268 53 University
1493 2070 53 44 of
1574 2071 174 44 Illinois
1777 2073 167 42 studies
1975 2073 41 42 in
147 2073 1970 107 language
318 2128 87 42 and
429 2127 242 50 literature,
699 2125 87 44 vol.
871 2159 8 16 IX,
907 2140 70 29 no.
1003 2126 52 51 4)

220 2196 350 53 Bibliography:
599 2211 40 37 p.
670 2195 63 44 53.

142 2265 53 53 ©
229 2265 107 44 Feb.
369 2265 67 52 20,
473 2264 128 50 1925;
638 2265 64 42 2c.
738 2265 86 42 and
858 2265 78 42 aff.
975 2265 117 41 Mar.
1129 2264 50 52 9;
1217 2265 43 41 A
1296 2264 164 44 823357;
1523 2267 136 42 Univ.
1696 2267 51 43 of
1781 2268 174 43 Illinois
1994 2283 139 39 press,

212 2323 200 48 Urbana,
449 2321 68 43 Ill.
587 2319 269 55 (25-10096)

142 2421 157 71 Lull,
337 2420 278 58 Richard
654 2421 247 69 Swann,
941 2423 189 56 1867-

225 2512 1910 73 The ways of life, by Richard Swann Lull … New
146 2593 171 58 York
345 2594 121 56 and
494 2593 275 71 London,
797 2591 256 72 Harper
1080 2592 46 57 &
1152 2593 308 71 brothers,
1489 2593 164 62 1925.

214 2686 95 51 xiii,
340 2685 78 45 365
445 2701 39 36 p.
544 2684 131 52 illus.,
702 2685 156 51 plates,
887 2683 145 53 diagr.
1090 2686 50 42 21
1150 2687 48 17 cm
1205 2721 9 9 .

217 2757 152 45 “First
395 2756 210 46 edition.”

218 2814 353 52 Bibliography:
599 2829 39 35 p.
666 2811 205 47 341-351.

141 2882 55 53 ©
227 2884 112 51 May
366 2883 64 48 20,
463 2880 129 52 1925;
623 2882 64 42 2c.
719 2881 111 51 May
858 2881 78 50 21;
970 2881 78 42 aff.
1080 2881 111 52 May
1218 2881 78 51 22;
1330 2881 44 42 A
1404 2880 189 55 855330;
1627 2884 183 52 Harper
1841 2886 86 43 and
1957 2886 120 43 bros.

223 2937 269 56 (25-10156)

143 3039 322 70 Machard,
503 3037 245 71 Alfred,
789 3039 188 56 1887-

224 3129 127 57 The
394 3128 151 57 wolf
587 3146 145 37 man
790 3126 160 70 (The
994 3126 368 71 were-wolf)
1415 3127 81 71 by
1540 3128 595 70 Alfred, Machard.

146 3208 149 55 New
320 3207 190 68 York,
536 3206 73 55 E.
638 3205 59 57 J.
729 3205 208 71 Clode,
965 3205 114 57 inc.
1112 3234 12 43 [
1128 3213 18 22 c
1149 3205 165 73 1925]

216 3283 356 53 319 p. 19 ½ cm .
144 3339 54 53 ©
227 3341 113 51 May
367 3340 67 50 21,
468 3338 128 52 1925;
628 3340 64 42 2c.
724 3340 88 42 and
841 3340 78 42 aff.
953 3340 111 51 May
1094 3338 77 52 25;
1206 3340 43 41 A
1280 3337 188 55 855360;
1504 3338 199 47 Edward
1734 3344 40 51 J.
1809 3343 150 51 Clode,
1995 3345 81 43 inc.

226 3394 268 56 (25-10059)

148 3494 426 71 Maeterlinck,
611 3494 294 69 Maurice,
946 3498 189 57 1862-

226 3586 243 58 Pelléas
501 3591 58 54 et
589 3587 343 58 Mélisande
964 3592 60 54 et
1050 3586 333 71 Intérieur,
1411 3608 120 52 par
1558 3589 280 59 Maurice
149 3593 1963 129 Maeterlinck;

373 3666 206 57 edited
608 3665 152 57 with
788 3664 441 71 introduction,
1261 3670 178 53 notes
1472 3668 122 56 and
1624 3671 398 71 vocabulary,
2055 3673 83 69 by

152 3744 1984 75 Hugh A. Smith … and Helen M. Langer … New York,
152 3823 77 56 H.
260 3823 154 57 Holt
443 3825 122 55 and
596 3841 303 54 company
929 3853 12 42 [
942 3831 19 21 c
967 3824 163 70 1925]

221 3900 932 53 xxvii, 154 p. front. (port.) 17 ½ cm .
149 3953 53 53 ©
235 3956 111 51 May
380 3954 62 47 15,
477 3955 128 51 1925;
639 3956 62 42 2c.
736 3957 86 42 and
855 3958 78 41 aff.
967 3958 111 51 May
1108 3957 78 51 21;
1221 3957 43 41 A
1297 3955 189 56 855313;
1522 3961 161 52 Henry
1716 3961 116 45 Holt
1865 3964 87 42 and
1984 3978 64 29 co.

227 4010 269 55 (25-10042)
