2533 4412
1280 4095 110 56 230

333 440 242 73 Finkel,
616 441 231 73 Harry.

409 532 239 58 Health
676 532 109 57 via
813 535 259 68 nature;
1107 532 104 57 the
1243 532 215 57 health
1491 531 161 58 book
1683 531 107 58 for
1821 532 103 57 the
1956 532 271 71 layman,
2261 532 83 71 by

333 610 220 72 Harry
589 610 240 71 Finkel,
917 657 11 10 N.
1007 656 11 11 D.
1097 656 11 11 D.
1187 656 32 23 C.,
1254 608 324 73 including
1614 629 39 37 a
1687 609 275 57 rational
2002 613 236 67 system
2275 609 67 58 of

330 689 216 58 health
576 689 240 57 culture
850 689 124 57 and
1004 689 103 56 the
1140 687 393 72 prevention,
1567 690 344 55 treatment
1941 688 125 57 and
2099 705 145 41 cure
2277 688 67 57 of

333 767 246 58 disease
623 767 84 71 by
749 766 256 57 natural
1048 765 309 71 methods,
1406 766 133 56 also
1585 765 104 58 the
1740 766 189 72 study
1976 766 68 57 of
2087 766 257 57 natural

335 845 306 73 dietetics,
681 845 105 58 the
823 843 416 74 preparation
1281 844 125 58 and
1443 842 422 59 combination
1906 844 68 58 of
2012 843 186 59 foods
2237 843 107 58 for

331 925 216 57 health
588 925 123 57 and
750 924 265 57 disease.
1097 923 154 57 New
1287 922 191 71 York,
1523 923 129 56 The
1697 921 253 74 Society
1989 922 108 58 for
2134 922 211 73 public

331 1002 215 58 health
583 1001 349 73 education,
971 1002 167 58 1925.

401 1092 84 44 270
513 1107 41 39 p.
611 1092 57 43 22½
701 1095 46 17 cm
755 1127 8 8 .

335 1162 54 54 ©
417 1164 110 43 Dec.
553 1163 67 52 24,
650 1163 131 50 1924;
807 1162 66 43 2c.
901 1162 100 52 Jan.
1033 1162 63 52 19,
1126 1159 131 55 1925;
1288 1160 80 44 aff.
1396 1161 100 52 Jan.
1529 1158 74 54 17;
1634 1161 44 42 A
1706 1159 189 55 815685;
1928 1162 61 43 H.
2021 1160 173 50 Finkel,
2226 1161 117 45 New

405 1221 144 43 York.
619 1218 244 56 (25-6329)

334 1335 288 72 Flouton,
653 1333 190 59 Allen
873 1334 51 57 B
1242 1334 91 58 ed.

412 1428 61 57 A
508 1425 298 60 selection
841 1425 68 58 of
945 1444 174 39 cases
1158 1444 79 38 on
1273 1425 105 58 the
1415 1425 122 58 law
1574 1423 68 60 of
1675 1423 342 76 municipal
335 1445 1987 132 corporations,

557 1504 1790 73 by Allen B. Flouton … [Brooklyn] Brooklyn law
337 1583 228 72 school,
597 1583 168 59 1925.

403 1674 674 55 4 p. l., [11]-250 p. 23½ cm .
336 1746 53 54 ©
421 1747 109 44 Feb.
562 1748 39 50 4,
638 1744 129 53 1925;
801 1746 65 43 2c.
899 1744 106 45 Feb.
1038 1745 50 52 9;
1123 1745 80 43 aff.
1237 1744 107 45 Feb.
1381 1745 73 52 10;
1490 1746 44 42 A
1567 1744 191 55 815975;
1793 1747 58 43 A.
1887 1747 50 43 B.
1972 1746 210 53 Flouton,
2216 1748 129 52 Long

407 1804 154 44 Island
597 1802 116 54 City,
751 1803 59 43 N.
847 1802 56 43 Y.
973 1800 245 56 (25-6709)

333 1902 262 74 French,
634 1902 203 73 Allen,
878 1905 110 58 1870-

412 1994 130 58 The
578 1995 125 71 day
737 1993 68 59 of
843 1992 285 60 Concord
1166 1994 124 58 and
1324 1992 371 76 Lexington,
1732 1994 105 58 the
1873 1994 364 60 nineteenth
2277 1997 68 58 of

333 2072 2009 76 April, 1775, by Allen French … Boston, Little, Brown,
335 2153 123 57 and
487 2170 325 54 company,
842 2151 167 56 1925.

411 2246 95 50 xiii,
532 2244 80 45 295
639 2259 39 38 p.
741 2244 152 52 front.,
921 2243 131 51 illus.,
1079 2243 157 53 plates,
1262 2250 137 46 ports.
1460 2244 52 42 23
1522 2246 46 16 cm
1575 2278 7 8 .
1700 2243 125 54 $4.00

411 2318 135 50 Maps
574 2331 58 29 on
658 2316 340 51 lining-papers.

412 2372 355 53 Bibliography:
800 2387 39 38 p.
868 2370 208 45 275-286.

336 2443 54 53 ©
422 2445 120 42 Mar.
574 2443 38 52 7,
646 2441 130 54 1925;
808 2444 64 42 2c.
905 2443 86 42 and
1022 2443 78 43 aff.
1135 2443 119 43 Mar.
1291 2443 72 50 10;
1400 2443 43 42 A
1473 2442 191 54 823347;
1700 2443 151 54 Little,
1886 2444 181 52 Brown,
2101 2447 86 42 and
407 2459 1915 94 company.
607 2498 245 56 (25-6157)

336 2600 231 72 Fuller,
605 2600 286 59 Vincent.

417 2694 130 57 The
579 2694 150 71 long
758 2711 192 54 green
982 2711 182 53 gaze;
1201 2712 36 37 a
1269 2712 173 38 cross
1476 2694 176 56 word
1684 2694 214 72 puzzle
1931 2698 302 69 mystery,
2266 2698 81 71 by

336 2771 270 60 Vincent
636 2771 233 58 Fuller.
953 2772 153 57 New
1132 2772 190 72 York,
1354 2771 71 56 B.
1458 2771 96 58 W.
1587 2772 314 72 Huebsch,
1931 2772 136 75 inc.,
2101 2775 168 58 1925.

408 2862 1061 55 5 p. l., 217 p., 7 1. illus., plates. 19½ cm .
338 2934 53 54 ©
420 2934 107 45 Feb.
553 2935 67 51 28,
651 2933 130 54 1925;
809 2935 64 43 2c.
903 2935 119 43 Mar.
1055 2935 73 51 16;
1159 2935 79 43 aff.
1265 2935 121 44 Mar.
1418 2936 73 51 13;
1521 2937 44 41 A
1593 2936 189 53 822434;
1816 2938 50 42 B.
1893 2938 75 44 W.
1998 2938 234 50 Huebsch,
2261 2939 82 44 inc.

417 2991 245 56 (25-6517)

336 3090 211 73 Gibbs,
584 3091 246 57 Arthur
868 3090 342 73 Hamilton,
1254 3095 190 57 1888-

418 3183 391 73 Soundings:
854 3203 35 37 a
929 3184 201 76 novel,
1174 3183 84 72 by
1298 3183 74 58 A.
1418 3184 328 59 Hamilton
1789 3185 210 60 Gibbs.
2084 3187 259 73 Boston,

336 3261 211 73 Little,
573 3262 249 72 Brown,
851 3263 123 56 and
1001 3281 322 55 company,
1355 3264 166 56 1925.

413 3340 842 54 4 p. l., 3-320 p. 19½ cm . $2.00
340 3409 53 54 ©
424 3411 120 43 Mar.
574 3409 38 53 7,
644 3409 131 54 1925;
804 3411 65 43 2c.
899 3412 87 42 and
1013 3412 81 42 aff.
1127 3412 119 43 Mar.
1280 3413 74 51 11;
1385 3413 44 41 A
1460 3413 188 52 822329;
1682 3414 57 42 A.
1771 3415 61 42 H.
1866 3413 153 53 Gibbs,
2051 3415 121 45 New
2200 3416 143 45 York.

420 3466 243 56 (25-6162)

338 3567 227 73 Goode,
608 3567 279 59 demerit
928 3569 226 72 Tyson,
1198 3571 190 57 1883-

411 3659 103 57 An
571 3659 162 57 atlas
794 3660 68 56 of
919 3659 267 73 English
1244 3659 349 74 literature,
1653 3662 82 71 by
1794 3661 281 60 Clement
2135 3666 210 70 Tyson

342 3737 2006 74 Goode … and Edgar Finley Shannon … New York &
340 3816 277 71 London,
653 3816 131 57 The
818 3814 280 74 Century
1126 3835 107 54 co.,
1264 3817 165 59 1925.

413 3905 1394 57 7 p. l., 5-136 p. incl. maps (1 double) 30 cm . $2.25
339 3977 1705 57 © Feb. 26, 1925; 2c. Mar. 2; aff. Mar. 3; A 822244; Century co.
422 4034 243 57 (25-6341)
