2533 4412
1023 4043 147 56 1167

177 492 78 43 194
286 507 41 38 p.
385 493 56 42 22½
474 495 46 18 cm
526 527 9 9 .

105 547 53 53 ©
189 548 119 52 Sept.
341 548 60 50 15,
435 547 128 54 1925;
592 549 64 43 2c.
689 547 121 54 Sept.
837 550 78 51 23;
946 550 79 43 aff.
1057 548 120 54 Sept.
1204 549 79 53 24;
1315 550 44 43 A
1389 548 189 53 867612;
1610 550 51 42 B.
1694 549 48 45 C.
1772 549 260 44 Hendricks
2061 550 38 43 &

176 605 112 44 Cliff
325 605 232 45 Struthers
593 605 253 52 Hamilton,
880 605 202 52 Lincoln,
1118 605 117 44 Neb.
1304 603 271 56 (25-18974)

107 688 149 71 Hill,
288 691 152 56 Mrs.
477 690 221 57 Emma
731 689 304 74 Shepard.

182 780 127 57 The
351 780 295 57 deferred
686 785 314 68 payment,
1044 782 128 56 The
1212 780 161 59 little
1411 782 214 56 brown
1663 781 212 72 house,
104 781 1972 136 Wonders

287 858 67 58 of
388 858 104 58 the
529 858 435 71 Yellowstone,
1000 860 83 71 by
1117 858 224 58 Emma
1379 858 291 72 Shepard
1705 858 150 58 Hill.
103 858 1973 148 Denver,

275 935 125 61 Col.
447 937 206 71 [Press
698 936 67 57 of
807 937 102 57 the
950 936 674 58 Bradford-Robinson
1665 937 285 73 printing
1993 956 105 54 co.]

103 1015 163 56 1925.

171 1089 848 55 4 p. l., [3]–171 p. 1 illus. 19 cm .
176 1147 292 45 Cover-title:
503 1146 156 45 Twice
694 1146 94 45 told
822 1147 111 44 tales
966 1148 50 43 of
1047 1147 94 44 real
1175 1147 182 53 pioneer
1391 1148 300 52 experiences.

103 1204 53 53 ©
189 1205 119 52 Sept.
338 1205 65 49 23,
438 1203 130 53 1925;
599 1204 65 43 2c.
697 1204 101 44 Oct.
828 1205 50 51 9;
941 1205 48 42 aff.
1021 1205 101 44 Oct.
1153 1207 50 50 8;
1237 1206 43 41 A
1313 1204 188 53 869257;
1535 1204 53 48 E.
1623 1204 44 47 S.
1700 1205 113 48 Hill,
1846 1206 195 42 Denver.

180 1261 270 55 (25-19838)

105 1346 182 72 Hills,
324 1345 216 73 Elijah
575 1345 312 72 Clarence,
922 1347 148 58 1867–

243 1435 1847 74 … A Portuguese grammar, by E. C. Hills … J. D. M.
102 1513 1990 75 Ford … and J. de Siqueira Coutinho … Boston, New
99 1592 1489 74 York [etc.] D. C. Heath and company [ c 1925]
169 1673 62 52 ix,
304 1690 27 32 [1],
360 1672 80 43 393
471 1687 40 37 p.
573 1671 150 51 front.,
755 1670 133 53 illus.,
917 1671 157 52 plates,
1105 1678 129 45 port.,
1267 1685 139 39 maps.
1469 1671 50 44 19
1526 1673 46 18 cm
1578 1705 9 8 .
1656 1670 219 54 (Heath’s
1906 1672 187 46 modern

100 1729 221 53 language
349 1728 163 51 series)

102 1784 53 53 ©
183 1786 119 51 Aug.
330 1784 66 48 29,
428 1782 130 53 1925;
587 1784 64 42 2c.
684 1781 120 54 Sept.
834 1783 78 52 21;
944 1783 78 43 aff.
1056 1783 119 52 Sept.
1209 1784 74 50 19;
1316 1783 44 43 A
1389 1783 190 53 861914;
1611 1784 57 43 D.
1700 1783 49 45 C.
1779 1783 156 44 Heath
1965 1785 37 43 &
2031 1800 64 28 co.

179 1840 270 55 (25-18292)

103 1925 245 74 Hulley,
388 1925 276 71 Lincoln,
706 1928 189 55 1865-

177 2016 261 62 Florida
481 2016 102 58 the
625 2016 328 71 beautiful,
997 2017 81 71 by
1119 2014 261 59 Lincoln
1422 2014 249 74 Hulley.
1751 2014 108 74 [De
1901 2014 197 74 Land,

101 2096 154 71 Fla.,
285 2095 72 56 E.
446 2141 10 10 O.
489 2094 261 58 Painter
776 2093 287 73 printing
1092 2113 106 51 co.,
1227 2102 19 21 c
1239 2092 176 74 1925]

169 2172 53 45 47
253 2188 40 37 p.
357 2173 49 44 19
412 2175 47 17 cm
466 2207 8 8 .

101 2229 53 53 ©
185 2231 100 43 Oct.
318 2231 36 50 1,
385 2229 129 52 1925;
546 2229 64 43 2c.
640 2230 87 43 and
754 2229 78 43 aff.
864 2229 101 43 Oct.
997 2226 48 54 5;
1078 2228 42 42 A
1150 2228 190 52 868888;
1375 2228 48 43 L.
1455 2228 184 52 Hulley,
1670 2229 70 42 De
1771 2227 138 51 Land,
1943 2226 96 45 Fla.

180 2284 270 56 (25-19540)

103 2372 299 72 Johnson,
438 2370 211 60 David
683 2369 282 73 Clayton,
1004 2372 146 56 1885–

178 2465 214 58 Yields
430 2465 66 58 of
531 2465 198 57 bonds
767 2465 125 57 and
927 2463 204 58 stocks
1166 2463 66 57 in
1265 2480 116 53 per
1419 2466 154 67 cent,
1614 2467 238 53 correct
1888 2465 64 55 to
1990 2463 105 57 the

102 2547 251 55 nearest
386 2541 120 59 five
543 2541 550 58 ten-thousandths
1133 2542 67 56 of
1237 2559 113 41 one
1386 2558 115 53 per
1539 2545 156 65 cent,
1733 2541 124 57 and
1894 2540 200 58 tables

102 2624 102 55 for
237 2622 103 58 the
377 2619 196 72 ready
605 2619 484 60 determination
1124 2619 68 57 of
1223 2617 201 73 yields
1461 2621 67 56 of
1560 2617 198 58 bonds
1794 2622 62 53 to
1891 2617 75 58 be
103 2637 1966 134 repaid

283 2695 1811 75 at a premium, by David C. Johnson … Caleb Stone
169 2773 1924 73 … Milton C. Cross, Edward A. Kircher … New York,
103 2852 484 71 Prentice-Hall,
617 2854 136 70 inc.,
788 2852 167 57 1925.

190 2934 94 47 [291]
316 2947 41 35 p.
416 2933 53 42 23½c
523 2934 29 17 m
558 2968 9 9 .

101 2985 53 53 ©
181 2985 120 52 Sept.
331 2983 63 52 15,
421 2982 130 54 1925;
576 2984 65 43 2c.
667 2984 87 43 and
777 2983 78 43 aff.
883 2983 101 43 Oct.
1008 2982 49 51 2;
1087 2982 257 52 A.864912;
1372 2981 57 43 D.
1457 2980 48 45 C.
1530 2980 218 54 Johnson,
1773 2980 138 46 Caleb
1940 2980 156 55 Stone,

172 3043 167 42 Milton
371 3041 48 44 C.
452 3040 153 52 Cross,
634 3038 200 47 Edward
862 3040 58 41 A.
951 3038 210 51 Kircher,
1193 3038 117 43 New
1339 3037 143 44 York.
1559 3035 54 54 [©
1643 3053 100 29 new
1774 3045 179 46 matter]

179 3095 271 57 (25-19651)

102 3182 362 69 Kauffman,
501 3179 312 75 Reginald
846 3179 270 74 Wright,
1155 3182 189 57 1877-

246 3270 1850 76 … Spanish dollars; being further passages from the
99 3353 292 59 memoirs
433 3353 66 56 of
535 3351 293 57 Nicholas
867 3350 351 64 Rowntree,
1255 3348 174 57 these
1467 3347 274 75 relating
1778 3349 219 73 chiefly
2032 3352 65 55 to

102 3432 101 58 the
253 3429 336 58 American
640 3427 323 58 colonists’
1015 3424 358 74 expedition
1424 3425 251 74 against
1723 3427 374 73 Louisburg,

105 3509 168 72 Cape
313 3509 257 69 Breton,
613 3506 96 56 A°.
753 3506 89 56 Di.
887 3505 179 69 1745;
1111 3504 320 57 extracted
1475 3508 107 53 out
1623 3503 69 58 of
1731 3504 106 59 the
104 3505 1970 143 Rowntree

277 3587 224 67 family
542 3605 231 53 papers
819 3585 49 56 &
905 3604 140 37 now
1084 3583 143 57 first
1267 3582 333 69 published
1642 3588 64 54 to
1751 3583 104 60 the
1897 3583 197 58 world

99 3667 38 56 by
207 3663 309 69 Reginald
540 3661 255 72 Wright
822 3658 368 58 Kauffman.
1273 3658 456 74 Philadelphia,
1761 3659 131 58 The
1922 3660 176 56 Penn

100 3741 363 74 publishing
493 3757 322 53 company,
849 3736 165 58 1925.

169 3814 1236 59 4 p. l., 7-299 p. col. front., illus., plates. 22 cm .
171 3879 64 42 At
265 3876 114 44 head
406 3874 50 44 of
485 3873 122 45 title:
639 3872 98 44 The
767 3873 244 42 Rowntree
1043 3869 262 45 chronicles.

104 3933 53 53 ©
185 3934 100 43 Oct.
315 3934 18 41 1,
379 3929 129 54 1925;
534 3931 64 42 2c.
625 3929 86 44 and
736 3929 78 43 aff.
844 3928 101 44 Oct.
975 3927 74 52 10;
1078 3926 44 44 A
1149 3925 188 53 869325;
1368 3926 125 44 Penn
1519 3926 100 53 pub.
1647 3941 66 30 co.

183 3988 268 52 (25-20028)
