2533 4412
1030 4054 110 57 921

76 407 375 73 Alexander,
494 407 184 71 John,
722 409 189 57 1891-

153 497 129 58 The
315 516 267 54 surgery
611 496 68 58 of
706 497 377 71 pulmonary
1113 495 432 73 tuberculosis,
1573 496 85 73 by
1686 496 171 59 John
77 496 1970 136 Alexander

375 572 1534 74 … with introductions by Hugh Cabot … and
74 573 1997 152 Edward R. Baldwin … illustrated with 53 engravings and
76 733 71 55 12
182 731 222 71 plates.
487 728 440 72 Philadelphia
963 730 124 57 and
1120 728 154 58 New
1307 728 192 74 York,
1535 728 129 58 Lea
1698 729 49 57 &
1781 729 287 73 Febiger,

77 810 165 56 1925.

151 888 79 50 xii,
258 885 197 50 [17]-356
480 901 39 38 p.
544 886 102 44 incl.
671 885 133 52 illus.,
831 886 154 51 tables,
1010 886 166 54 diagrs.
1237 893 139 45 ports.
1435 886 55 44 24
1496 887 47 18 cm
1549 920 9 9 .

151 944 257 44 “Awarded
437 942 76 45 the
544 942 104 45 1925
679 942 316 53 quinquennial
1028 942 181 47 Samuel
1239 944 58 42 D.
1329 942 140 45 Gross
1499 942 125 54 prize
1651 943 58 53 by
1738 942 75 44 the
80 942 1975 113 Philadelphia
207 1001 214 52 academy
443 999 53 45 of
517 998 231 54 surgery.”

152 1055 351 54 Bibliography:
529 1071 39 37 p.
597 1055 235 46 [323]—342.

78 1111 53 54 ©
156 1113 120 52 Aug.
306 1112 62 50 19,
397 1110 131 53 1925;
554 1111 65 43 2c.
646 1111 88 43 and
759 1111 79 43 aff.
865 1111 121 52 Aug.
1011 1111 79 53 21;
1121 1111 45 43 A
1190 1110 190 53 861489;
1411 1111 91 44 Lea
1529 1112 38 44 &
1594 1110 207 54 Febiger.

157 1166 271 57 (25-16976)

76 1280 214 72 Artus,
330 1280 189 58 Louis
561 1279 275 74 Charles,
877 1283 190 57 1870-

223 1374 1848 74 … La maison du, sage (histoire d’un crime) roman.
79 1452 204 74 Paris,
311 1452 72 58 B.
414 1452 279 73 Grasset,
728 1453 166 60 1925.

145 1531 635 52 3 p. l., 300 p., 2 l. 19 cm .
147 1589 65 44 At
237 1589 116 43 head
379 1588 54 43 of
453 1586 126 46 title:
605 1586 139 46 Louis
771 1587 158 45 Artus.

78 1638 1742 55 © Apr. 18, 1925; 1c. July 2; A—Foreign 28077; Bernard Grasset.
157 1695 270 57 (25-15081)

77 1797 186 72 Auer,
303 1796 293 74 Leopold,
639 1798 191 57 1845-

146 1887 212 59 Violin
391 1889 237 56 master
663 1887 203 58 works
905 1887 124 57 and
1064 1886 167 58 their
1265 1886 508 73 interpretation,
1810 1890 84 71 by
78 1889 1975 150 Leopold

266 1966 204 72 Auer;
511 1965 152 57 with
707 1984 37 38 a
784 1964 318 58 foreword
1140 1965 84 72 by
1263 1964 343 59 Frederick
1648 1965 79 58 H.
1773 1966 306 74 Martens,

79 2046 124 57 and
244 2042 111 60 360
392 2043 263 58 musical
694 2043 440 58 illustrations.
1217 2043 153 58 New
1407 2043 193 73 York,
1642 2045 242 57 Boston
1928 2048 148 71 [etc.]

80 2121 64 61 C.
182 2123 279 70 Fischer,
496 2122 115 57 inc.
652 2150 13 43 [
667 2130 18 21 c
689 2123 164 71 1925]

147 2198 1224 55 xii, 166 p. front. (port.) illus. (music) 23 cm .
80 2255 53 54 ©
161 2258 115 52 June
308 2256 63 52 15,
403 2254 130 54 1925;
562 2257 66 42 2c.
659 2257 107 52 July
795 2256 78 52 23;
905 2256 79 43 aff.
1015 2256 109 52 July
1151 2257 78 51 22;
1262 2256 45 43 A
1337 2256 189 52 864341;
1562 2255 107 45 Carl
1701 2256 203 52 Fischer,
1936 2258 84 44 inc.

157 2312 271 56 (25-16961)

79 2411 264 71 Baillon,
378 2411 233 58 André.

224 2503 1850 74 … Un homme si simple … Paris, F. Rieder et c ie ,
80 2583 164 58 1925.

147 2658 1494 55 211- p., 2 l. 19 cm . (Prosateurs français contemporains)
77 2713 1701 55 © May 26, 1925; 1c. July 7; A—Foreign 28136; F. Rieder & co.
161 2770 270 56 (25-15632)

79 2871 309 72 Barrows,
429 2868 284 62 William
753 2868 292 72 Edward,
1089 2870 190 59 1878-

159 2959 208 73 Light,
409 2958 404 72 photometry
856 2959 123 56 and
1021 2956 427 74 illuminating
1492 2958 422 75 engineering,

82 2980 1975 129 embodying
390 3055 39 38 a
462 3036 313 71 thorough
809 3035 276 57 revision
1121 3035 67 58 of
1224 3035 261 73 “Light,
1520 3036 404 74 photometry
1958 3039 122 57 and

81 3113 2001 73 illumination”, by William E. Barrows … 1st ed. New
82 3192 173 58 York
285 3195 147 71 [etc.]
467 3190 454 61 McGraw-Hill
950 3191 161 58 book
1142 3210 322 55 company,
1493 3191 138 74 inc.,
1664 3194 165 58 1925.

151 3287 46 36 x,
219 3270 81 44 412
321 3284 41 38 p.
421 3268 131 53 illus.,
575 3269 167 54 diagrs.
800 3269 53 45 23½
889 3271 48 18 cm
942 3303 11 10 .
1066 3267 126 55 $4.00

155 3327 103 44 “An
284 3326 263 52 outgrowth
572 3324 51 47 of
651 3326 75 44 the
752 3325 200 45 author’s
979 3325 209 53 previous
1215 3327 157 52 books,
1401 3325 245 48 Electrical
1673 3327 304 55 illuminating
82 3345 1977 92 engineering

338 3383 90 44 and
451 3381 150 54 Light,
624 3383 288 52 photometry
935 3382 89 44 and
1044 3381 314 45 illumination.
1413 3383 381 55 Approximately
1817 3386 261 45 two-thirds

83 3441 50 44 of
157 3440 76 44 the
256 3447 179 46 present
457 3447 98 36 text
579 3440 36 43 is
638 3438 327 45 new.”—Pref.

155 3495 352 55 Bibliography:
539 3510 41 39 p.
602 3496 205 45 400-403.

83 3553 53 54 ©
167 3555 118 52 Aug.
316 3555 67 50 22,
416 3553 129 50 1925;
577 3553 65 43 2c.
674 3554 87 43 and
791 3554 78 42 aff.
900 3553 120 53 Aug.
1052 3552 79 54 25;
1165 3553 44 42 A
1241 3553 189 52 864313;
1466 3553 349 45 McGraw-Hill
1846 3557 119 42 book
1997 3571 81 36 co.,

153 3611 83 44 inc.
305 3609 270 56 (25-16590)

83 3718 344 71 Baumann,
522 3715 163 74 Émile,
727 3718 190 58 1868-

229 3807 1315 74 … Saint Paul. Paris, B. Grasset, 1925.
155 3885 588 54 349 p., 1 l. pl. 19 cm .
86 3940 1737 56 © Apr. 23, 1925; 1c. July 2; A—Foreign 28079; Bernard Grasset.
163 3996 271 44 (25-15257)
