<alto xmlns="http://www.loc.gov/standards/alto/ns-v3#" xmlns:xlink="http://www.w3.org/1999/xlink" xmlns:xsi="http://www.w3.org/2001/XMLSchema-instance" xsi:schemaLocation="http://www.loc.gov/standards/alto/ns-v3# http://www.loc.gov/alto/v3/alto-3-0.xsd"><Description>
<MeasurementUnit>pixel</MeasurementUnit>
<sourceImageInformation>
<fileName>1925_v22_Part001.pdf</fileName>
</sourceImageInformation>
<OCRProcessing ID="IdOcr">
<ocrProcessingStep>
<processingDateTime>2019-04-03</processingDateTime>
<processingSoftware>
<softwareCreator>ABBYY</softwareCreator>
<softwareName>ABBYY Recognition Server</softwareName>
<softwareVersion>4.0</softwareVersion>
</processingSoftware>
</ocrProcessingStep>
</OCRProcessing>
</Description>
<Styles>
<ParagraphStyle ID="StyleId-FFFFFFFF-FFFF-FFFF-FFFF-FFFFFFFFFFFF-" ALIGN="Left" LEFT="0." RIGHT="0." FIRSTLINE="0."/>
<ParagraphStyle ID="StyleId-2E5B4E57-07AD-4719-97CB-14521F7F4F8A-" ALIGN="Left" LEFT="0." RIGHT="0." FIRSTLINE="0." LINESPACE="8.899999619"/>
<ParagraphStyle ID="StyleId-62A6F688-D6E3-4EFC-837B-4A4C4EB582B7-" ALIGN="Center" LEFT="0." RIGHT="0." FIRSTLINE="0." LINESPACE="12.19999981"/>
<ParagraphStyle ID="StyleId-21B71EBC-BDB5-4E16-A8F2-58189A39665B-" ALIGN="Block" LEFT="0." RIGHT="0." FIRSTLINE="-13." LINESPACE="11.35000038"/>
<ParagraphStyle ID="StyleId-1E1A68C4-DD4F-417A-A13D-7FEC29ECB499-" ALIGN="Block" LEFT="0." RIGHT="0." FIRSTLINE="-15." LINESPACE="13.30000019"/>
<ParagraphStyle ID="StyleId-6B39EC51-644D-4E90-AF07-84EF2B1E466A-" ALIGN="Block" LEFT="0." RIGHT="0." FIRSTLINE="-15." LINESPACE="8.340000153"/>
<ParagraphStyle ID="StyleId-2C1BA15F-E223-41D6-853D-AAFBDAC17E68-" ALIGN="Center" LEFT="0." RIGHT="0." FIRSTLINE="0." LINESPACE="13."/>
<ParagraphStyle ID="StyleId-A3B2CDF3-43F0-422C-90A0-E074BFEC3BC0-" ALIGN="Block" LEFT="0." RIGHT="0." FIRSTLINE="0." LINESPACE="8.899999619"/>
<ParagraphStyle ID="StyleId-28AB2493-EA15-49C1-A6AC-ED5BC404F0B9-" ALIGN="Center" LEFT="0." RIGHT="0." FIRSTLINE="0." LINESPACE="12.19999981"/>
<ParagraphStyle ID="StyleId-4417A6D4-97E2-4EFC-962D-7FBC0D5273E4-" ALIGN="Left" LEFT="0." RIGHT="0." FIRSTLINE="15." LINESPACE="8.340000153"/>
<ParagraphStyle ID="StyleId-D4EF9C5E-3110-4A39-B7BC-3D84E0F04894-" ALIGN="Center" LEFT="0." RIGHT="0." FIRSTLINE="0." LINESPACE="13.30000019"/>
<ParagraphStyle ID="StyleId-D1243F31-1201-4D92-8F69-43ADB01E9AD1-" ALIGN="Left" LEFT="0." RIGHT="0." FIRSTLINE="-13." LINESPACE="13.30000019"/>
<ParagraphStyle ID="StyleId-C65417C6-23F2-4D8F-BA55-ECE73D98CAB9-" ALIGN="Left" LEFT="0." RIGHT="0." FIRSTLINE="0." LINESPACE="8.899999619"/>
<ParagraphStyle ID="StyleId-835763C1-08DD-41BE-8BAD-8E41EA88DAE3-" ALIGN="Center" LEFT="0." RIGHT="0." FIRSTLINE="0." LINESPACE="11.10000038"/>
<ParagraphStyle ID="StyleId-78FD6B81-8F83-422D-8DF4-4274EAFD19C6-" ALIGN="Block" LEFT="0." RIGHT="0." FIRSTLINE="-17." LINESPACE="12.19999981"/>
<ParagraphStyle ID="StyleId-F506BC7F-570D-458B-9F05-A143E1F5FD17-" ALIGN="Block" LEFT="0." RIGHT="0." FIRSTLINE="-17." LINESPACE="11.35000038"/>
<ParagraphStyle ID="StyleId-CBE02C6B-22D0-48C6-A874-7E90A22F4375-" ALIGN="Center" LEFT="0." RIGHT="0." FIRSTLINE="0." LINESPACE="4.400000095"/>
<ParagraphStyle ID="StyleId-14CC0121-63AF-4AB4-9656-E02F46C61AF2-" ALIGN="Left" LEFT="0." RIGHT="0." FIRSTLINE="0." LINESPACE="8.899999619"/>
<ParagraphStyle ID="StyleId-DD64CECB-1B22-4BFF-84F0-DFDE2B0000F8-" ALIGN="Left" LEFT="0." RIGHT="0." FIRSTLINE="0." LINESPACE="12.19999981"/>
<ParagraphStyle ID="StyleId-8AEF4AA8-141A-4E5D-9C3E-C0F9F43C742F-" ALIGN="Left" LEFT="0." RIGHT="0." FIRSTLINE="0." LINESPACE="8.300000191"/>
<ParagraphStyle ID="StyleId-8C396D2A-39C0-48AB-BABA-2679D8AB257E-" ALIGN="Left" LEFT="0." RIGHT="0." FIRSTLINE="0." LINESPACE="11.10000038"/>
<ParagraphStyle ID="StyleId-3B7FE50F-10D4-487F-BDCD-FD26EB60FD4A-" ALIGN="Block" LEFT="0." RIGHT="0." FIRSTLINE="13." LINESPACE="8.340000153"/>
<ParagraphStyle ID="StyleId-8CC5CC8E-615B-4C42-BB46-DB28FA355C27-" ALIGN="Left" LEFT="0." RIGHT="0." FIRSTLINE="0." LINESPACE="12.19999981"/>
<ParagraphStyle ID="StyleId-BC67E79D-8D99-4188-8B35-A59DBB7E2BB0-" ALIGN="Block" LEFT="0." RIGHT="0." FIRSTLINE="11." LINESPACE="9.399999619"/>
</Styles>
<Layout>
<Page ID="Page427" PHYSICAL_IMG_NR="427" HEIGHT="4412" WIDTH="2533">
<TopMargin HEIGHT="372" WIDTH="2533" VPOS="0" HPOS="0">
</TopMargin>
<LeftMargin HEIGHT="3760" WIDTH="112" VPOS="372" HPOS="0">
</LeftMargin>
<RightMargin HEIGHT="3760" WIDTH="403" VPOS="372" HPOS="2130">
</RightMargin>
<BottomMargin HEIGHT="280" WIDTH="2533" VPOS="4132" HPOS="0">
</BottomMargin>
<PrintSpace HEIGHT="3760" WIDTH="2018" VPOS="372" HPOS="112">
<TextBlock ID="Page427_Block1" HEIGHT="78" WIDTH="134" VPOS="4054" HPOS="1056" LANG="en-US" STYLEREFS="StyleId-0D071B21-E1BC-4CE6-BF3C-6E685B6CB7B3-">
<TextLine HEIGHT="57" WIDTH="113" VPOS="4064" HPOS="1066">
<String CONTENT="427" HEIGHT="57" WIDTH="113" VPOS="4064" HPOS="1066"/>
</TextLine>
</TextBlock>
<TextBlock ID="Page427_Block2" HEIGHT="3690" WIDTH="2018" VPOS="372" HPOS="112" LANG="en-US" CS="1" STYLEREFS="StyleId-44773549-F686-41A2-800D-2A20BEA0EA13-">
<Shape>
<Polygon POINTS="112,372 2130,372 2130,3780 1848,3780 1848,3782 1846,3782 1846,4062 112,4062 112,372"/>
</Shape>
<TextLine HEIGHT="74" WIDTH="1010" VPOS="382" HPOS="127" STYLEREFS="StyleId-C34F9EE4-3210-477E-ADC5-28938209F5C6-">
<String LANG="de" CONTENT="Mississippi." HEIGHT="74" WIDTH="400" VPOS="382" HPOS="127"/>
<SP HEIGHT="57" WIDTH="82" VPOS="384" HPOS="528"/>
<String LANG="la" CONTENT="Supreme" HEIGHT="71" WIDTH="301" VPOS="384" HPOS="611"/>
<SP HEIGHT="39" WIDTH="33" VPOS="400" HPOS="913"/>
<String LANG="en-US" CONTENT="court." HEIGHT="53" WIDTH="190" VPOS="386" HPOS="947"/>
</TextLine>
<TextLine HEIGHT="75" WIDTH="1907" VPOS="471" HPOS="206" CS="1">
<String CONTENT="Cases" HEIGHT="59" WIDTH="190" VPOS="475" HPOS="206"/>
<SP HEIGHT="38" WIDTH="49" VPOS="494" HPOS="397"/>
<String CONTENT="argued" HEIGHT="71" WIDTH="238" VPOS="475" HPOS="447"/>
<SP HEIGHT="56" WIDTH="44" VPOS="475" HPOS="686"/>
<String CONTENT="and" HEIGHT="55" WIDTH="125" VPOS="475" HPOS="731"/>
<SP HEIGHT="56" WIDTH="45" VPOS="474" HPOS="857"/>
<String CONTENT="decided" HEIGHT="57" WIDTH="257" VPOS="473" HPOS="903"/>
<SP HEIGHT="56" WIDTH="51" VPOS="473" HPOS="1161"/>
<String CS="1" CONTENT="&#8230;"/>
<SP HEIGHT="56" WIDTH="100" VPOS="472" HPOS="1275"/>
<String CONTENT="At" HEIGHT="57" WIDTH="89" VPOS="472" HPOS="1376"/>
<SP HEIGHT="55" WIDTH="45" VPOS="474" HPOS="1466"/>
<String CONTENT="the" HEIGHT="56" WIDTH="102" VPOS="472" HPOS="1512"/>
<SP HEIGHT="56" WIDTH="50" VPOS="472" HPOS="1615"/>
<String CONTENT="March" HEIGHT="56" WIDTH="220" VPOS="471" HPOS="1666"/>
<SP HEIGHT="57" WIDTH="46" VPOS="471" HPOS="1887"/>
<String CONTENT="term," HEIGHT="71" WIDTH="179" VPOS="474" HPOS="1934"/>
</TextLine>
<TextLine HEIGHT="155" WIDTH="1963" VPOS="547" HPOS="127" CS="1">
<String CONTENT="1924." HEIGHT="55" WIDTH="164" VPOS="555" HPOS="127"/>
<SP HEIGHT="37" WIDTH="70" VPOS="572" HPOS="292"/>
<String CS="1" CONTENT="v." HEIGHT="10" WIDTH="10" VPOS="598" HPOS="409"/>
<SP HEIGHT="53" WIDTH="36" VPOS="555" HPOS="420"/>
<String CONTENT="135." HEIGHT="54" WIDTH="125" VPOS="554" HPOS="457"/>
<SP HEIGHT="55" WIDTH="70" VPOS="553" HPOS="583"/>
<String CONTENT="Reported" HEIGHT="70" WIDTH="319" VPOS="552" HPOS="654"/>
<SP HEIGHT="55" WIDTH="30" VPOS="552" HPOS="974"/>
<String CONTENT="by" HEIGHT="69" WIDTH="81" VPOS="552" HPOS="1005"/>
<SP HEIGHT="71" WIDTH="30" VPOS="550" HPOS="1087"/>
<String CONTENT="J." HEIGHT="57" WIDTH="59" VPOS="550" HPOS="1118"/>
<SP HEIGHT="56" WIDTH="33" VPOS="550" HPOS="1178"/>
<String CONTENT="Morgan" HEIGHT="71" WIDTH="270" VPOS="550" HPOS="1212"/>
<SP HEIGHT="58" WIDTH="32" VPOS="548" HPOS="1483"/>
<String CONTENT="Stevens." HEIGHT="58" WIDTH="281" VPOS="548" HPOS="1516"/>
<SP HEIGHT="59" WIDTH="75" VPOS="547" HPOS="1798"/>
<String CONTENT="Columbia," HEIGHT="155" WIDTH="1963" VPOS="547" HPOS="127"/>
<SP HEIGHT="72" WIDTH="37" VPOS="630" HPOS="248"/>
<String CONTENT="Mo.," HEIGHT="71" WIDTH="143" VPOS="630" HPOS="286"/>
<SP HEIGHT="72" WIDTH="36" VPOS="629" HPOS="430"/>
<String LANG="la" CONTENT="E." HEIGHT="56" WIDTH="71" VPOS="629" HPOS="467"/>
<SP HEIGHT="57" WIDTH="36" VPOS="629" HPOS="539"/>
<String CONTENT="W." HEIGHT="57" WIDTH="95" VPOS="629" HPOS="576"/>
<SP HEIGHT="58" WIDTH="43" VPOS="628" HPOS="672"/>
<String CONTENT="Stephens" HEIGHT="71" WIDTH="308" VPOS="628" HPOS="716"/>
<SP HEIGHT="52" WIDTH="35" VPOS="646" HPOS="1025"/>
<String CONTENT="publishing" HEIGHT="73" WIDTH="365" VPOS="626" HPOS="1061"/>
<SP HEIGHT="53" WIDTH="34" VPOS="646" HPOS="1427"/>
<String CONTENT="co.," HEIGHT="52" WIDTH="106" VPOS="645" HPOS="1462"/>
<SP HEIGHT="69" WIDTH="39" VPOS="628" HPOS="1569"/>
<String CONTENT="1924." HEIGHT="55" WIDTH="164" VPOS="628" HPOS="1609"/>
</TextLine>
<TextLine HEIGHT="54" WIDTH="485" VPOS="704" HPOS="193">
<String CONTENT="xiii," HEIGHT="52" WIDTH="97" VPOS="706" HPOS="193"/>
<SP HEIGHT="51" WIDTH="30" VPOS="707" HPOS="291"/>
<String CONTENT="1025" HEIGHT="46" WIDTH="103" VPOS="704" HPOS="322"/>
<SP HEIGHT="54" WIDTH="29" VPOS="704" HPOS="426"/>
<String CONTENT="p." HEIGHT="38" WIDTH="40" VPOS="720" HPOS="456"/>
<SP HEIGHT="43" WIDTH="56" VPOS="705" HPOS="497"/>
<String CONTENT="23" HEIGHT="43" WIDTH="54" VPOS="705" HPOS="554"/>
<String STYLE="superscript" CONTENT="cm" HEIGHT="17" WIDTH="46" VPOS="708" HPOS="616"/>
<String CONTENT="." HEIGHT="9" WIDTH="9" VPOS="739" HPOS="669"/>
</TextLine>
<TextLine HEIGHT="58" WIDTH="1988" VPOS="757" HPOS="123" STYLEREFS="StyleId-4A545420-355A-47BA-849D-28A83B34E4E1-">
<String CONTENT="&#169;" HEIGHT="54" WIDTH="56" VPOS="761" HPOS="123"/>
<SP HEIGHT="54" WIDTH="21" VPOS="761" HPOS="180"/>
<String CONTENT="Feb." HEIGHT="44" WIDTH="106" VPOS="762" HPOS="202"/>
<SP HEIGHT="41" WIDTH="25" VPOS="764" HPOS="309"/>
<String CONTENT="17," HEIGHT="54" WIDTH="61" VPOS="761" HPOS="335"/>
<SP HEIGHT="52" WIDTH="26" VPOS="763" HPOS="397"/>
<String CONTENT="1925;" HEIGHT="54" WIDTH="129" VPOS="760" HPOS="424"/>
<SP HEIGHT="52" WIDTH="23" VPOS="762" HPOS="554"/>
<String CONTENT="2c." HEIGHT="43" WIDTH="63" VPOS="762" HPOS="578"/>
<SP HEIGHT="45" WIDTH="24" VPOS="760" HPOS="642"/>
<String CONTENT="Feb." HEIGHT="44" WIDTH="105" VPOS="760" HPOS="667"/>
<SP HEIGHT="42" WIDTH="18" VPOS="761" HPOS="773"/>
<String CONTENT="24;" HEIGHT="52" WIDTH="79" VPOS="761" HPOS="792"/>
<SP HEIGHT="38" WIDTH="25" VPOS="775" HPOS="872"/>
<String CONTENT="aff." HEIGHT="43" WIDTH="78" VPOS="760" HPOS="898"/>
<SP HEIGHT="43" WIDTH="24" VPOS="760" HPOS="977"/>
<String CONTENT="May" HEIGHT="51" WIDTH="110" VPOS="760" HPOS="1002"/>
<SP HEIGHT="51" WIDTH="21" VPOS="760" HPOS="1113"/>
<String CONTENT="2;" HEIGHT="51" WIDTH="51" VPOS="760" HPOS="1135"/>
<SP HEIGHT="51" WIDTH="25" VPOS="760" HPOS="1187"/>
<!-- cceid 2FB0C750-6DD5-1014-B757-AF09C522E301 --><String CONTENT="A" HEIGHT="41" WIDTH="44" VPOS="760" HPOS="1213"/>
<SP HEIGHT="44" WIDTH="21" VPOS="760" HPOS="1258"/>
<String CONTENT="829195;" HEIGHT="54" WIDTH="189" VPOS="757" HPOS="1280"/>
<SP HEIGHT="53" WIDTH="25" VPOS="758" HPOS="1470"/>
<String LANG="la" CONTENT="E." HEIGHT="48" WIDTH="53" VPOS="758" HPOS="1496"/>
<SP HEIGHT="43" WIDTH="24" VPOS="760" HPOS="1550"/>
<String CONTENT="W." HEIGHT="43" WIDTH="75" VPOS="760" HPOS="1575"/>
<SP HEIGHT="48" WIDTH="27" VPOS="757" HPOS="1651"/>
<String CONTENT="Stephens" HEIGHT="54" WIDTH="218" VPOS="757" HPOS="1679"/>
<SP HEIGHT="38" WIDTH="22" VPOS="773" HPOS="1898"/>
<String CONTENT="pub." HEIGHT="53" WIDTH="100" VPOS="758" HPOS="1921"/>
<SP HEIGHT="27" WIDTH="23" VPOS="775" HPOS="2022"/>
<String CONTENT="co." HEIGHT="29" WIDTH="65" VPOS="773" HPOS="2046"/>
</TextLine>
<TextLine HEIGHT="75" WIDTH="1989" VPOS="915" HPOS="126" STYLEREFS="StyleId-C34F9EE4-3210-477E-ADC5-28938209F5C6-">
<String CONTENT="Missouri." HEIGHT="59" WIDTH="314" VPOS="915" HPOS="126"/>
<SP HEIGHT="57" WIDTH="81" VPOS="918" HPOS="441"/>
<String CONTENT="St." HEIGHT="57" WIDTH="93" VPOS="918" HPOS="523"/>
<SP HEIGHT="55" WIDTH="27" VPOS="918" HPOS="617"/>
<String CONTENT="Louis," HEIGHT="74" WIDTH="208" VPOS="916" HPOS="645"/>
<SP HEIGHT="73" WIDTH="25" VPOS="917" HPOS="854"/>
<String CONTENT="Kansas" HEIGHT="56" WIDTH="251" VPOS="917" HPOS="880"/>
<SP HEIGHT="58" WIDTH="30" VPOS="916" HPOS="1132"/>
<String CONTENT="City" HEIGHT="73" WIDTH="144" VPOS="915" HPOS="1163"/>
<SP HEIGHT="53" WIDTH="28" VPOS="935" HPOS="1308"/>
<String CONTENT="and" HEIGHT="57" WIDTH="122" VPOS="917" HPOS="1337"/>
<SP HEIGHT="58" WIDTH="28" VPOS="917" HPOS="1460"/>
<String CONTENT="Springfield" HEIGHT="73" WIDTH="390" VPOS="915" HPOS="1489"/>
<SP HEIGHT="57" WIDTH="27" VPOS="917" HPOS="1880"/>
<String CONTENT="courts" HEIGHT="54" WIDTH="207" VPOS="920" HPOS="1908"/>
</TextLine>
<TextLine HEIGHT="73" WIDTH="374" VPOS="995" HPOS="204" STYLEREFS="StyleId-C34F9EE4-3210-477E-ADC5-28938209F5C6-">
<String CONTENT="of" HEIGHT="72" WIDTH="67" VPOS="995" HPOS="204"/>
<SP HEIGHT="72" WIDTH="29" VPOS="995" HPOS="272"/>
<String CONTENT="appeals" HEIGHT="72" WIDTH="257" VPOS="996" HPOS="302"/>
<String LANG="de" CONTENT="&#8222;" HEIGHT="19" WIDTH="12" VPOS="1040" HPOS="566"/>
</TextLine>
<TextLine HEIGHT="72" WIDTH="1911" VPOS="1083" HPOS="205" CS="1">
<String CONTENT="Cases" HEIGHT="58" WIDTH="190" VPOS="1085" HPOS="205"/>
<SP HEIGHT="56" WIDTH="37" VPOS="1086" HPOS="396"/>
<String CONTENT="determined" HEIGHT="56" WIDTH="387" VPOS="1085" HPOS="434"/>
<SP HEIGHT="56" WIDTH="39" VPOS="1086" HPOS="822"/>
<String CS="1" CONTENT="&#8230;"/>
<SP HEIGHT="40" WIDTH="41" VPOS="1103" HPOS="924"/>
<String CONTENT="reported" HEIGHT="71" WIDTH="297" VPOS="1084" HPOS="966"/>
<SP HEIGHT="56" WIDTH="31" VPOS="1084" HPOS="1264"/>
<String CONTENT="for" HEIGHT="56" WIDTH="104" VPOS="1084" HPOS="1296"/>
<SP HEIGHT="54" WIDTH="35" VPOS="1086" HPOS="1401"/>
<String CONTENT="the" HEIGHT="57" WIDTH="104" VPOS="1084" HPOS="1437"/>
<SP HEIGHT="59" WIDTH="40" VPOS="1083" HPOS="1542"/>
<String CONTENT="St." HEIGHT="59" WIDTH="89" VPOS="1083" HPOS="1583"/>
<SP HEIGHT="57" WIDTH="36" VPOS="1083" HPOS="1673"/>
<String CONTENT="Louis" HEIGHT="58" WIDTH="190" VPOS="1083" HPOS="1710"/>
<SP HEIGHT="37" WIDTH="37" VPOS="1104" HPOS="1901"/>
<String CONTENT="court" HEIGHT="54" WIDTH="177" VPOS="1088" HPOS="1939"/>
</TextLine>
<TextLine HEIGHT="149" WIDTH="1966" VPOS="1162" HPOS="125" CS="1">
<String CONTENT="of" HEIGHT="56" WIDTH="66" VPOS="1164" HPOS="128"/>
<SP HEIGHT="55" WIDTH="40" VPOS="1164" HPOS="195"/>
<String CONTENT="appeals," HEIGHT="72" WIDTH="277" VPOS="1162" HPOS="236"/>
<SP HEIGHT="72" WIDTH="37" VPOS="1162" HPOS="514"/>
<String CONTENT="December" HEIGHT="56" WIDTH="343" VPOS="1162" HPOS="552"/>
<SP HEIGHT="55" WIDTH="33" VPOS="1163" HPOS="896"/>
<String CONTENT="4," HEIGHT="70" WIDTH="55" VPOS="1163" HPOS="930"/>
<SP HEIGHT="69" WIDTH="40" VPOS="1164" HPOS="986"/>
<String CONTENT="1923," HEIGHT="68" WIDTH="165" VPOS="1163" HPOS="1027"/>
<SP HEIGHT="67" WIDTH="41" VPOS="1164" HPOS="1193"/>
<String CONTENT="to" HEIGHT="54" WIDTH="62" VPOS="1164" HPOS="1235"/>
<SP HEIGHT="57" WIDTH="41" VPOS="1162" HPOS="1298"/>
<String CONTENT="June" HEIGHT="57" WIDTH="165" VPOS="1162" HPOS="1340"/>
<SP HEIGHT="55" WIDTH="42" VPOS="1163" HPOS="1506"/>
<String CONTENT="13," HEIGHT="71" WIDTH="89" VPOS="1163" HPOS="1549"/>
<SP HEIGHT="70" WIDTH="42" VPOS="1164" HPOS="1639"/>
<String CONTENT="1924," HEIGHT="71" WIDTH="165" VPOS="1163" HPOS="1682"/>
<SP HEIGHT="70" WIDTH="39" VPOS="1164" HPOS="1848"/>
<String CONTENT="by" HEIGHT="69" WIDTH="83" VPOS="1164" HPOS="1888"/>
<SP HEIGHT="71" WIDTH="36" VPOS="1162" HPOS="1972"/>
<String CONTENT="Alphonso" HEIGHT="149" WIDTH="1966" VPOS="1162" HPOS="125"/>
</TextLine>
<TextLine HEIGHT="74" WIDTH="1709" VPOS="1238" HPOS="404" CS="1">
<String CONTENT="Howe" HEIGHT="61" WIDTH="194" VPOS="1240" HPOS="404"/>
<SP HEIGHT="38" WIDTH="43" VPOS="1259" HPOS="599"/>
<String CS="1" CONTENT="&#8230;"/>
<SP HEIGHT="58" WIDTH="41" VPOS="1239" HPOS="705"/>
<String CONTENT="for" HEIGHT="56" WIDTH="107" VPOS="1239" HPOS="747"/>
<SP HEIGHT="53" WIDTH="32" VPOS="1242" HPOS="855"/>
<String CONTENT="the" HEIGHT="57" WIDTH="103" VPOS="1239" HPOS="888"/>
<SP HEIGHT="57" WIDTH="36" VPOS="1239" HPOS="992"/>
<String CONTENT="Kansas" HEIGHT="57" WIDTH="255" VPOS="1239" HPOS="1029"/>
<SP HEIGHT="58" WIDTH="41" VPOS="1238" HPOS="1285"/>
<String CONTENT="City" HEIGHT="72" WIDTH="147" VPOS="1238" HPOS="1327"/>
<SP HEIGHT="53" WIDTH="35" VPOS="1257" HPOS="1475"/>
<String CONTENT="court" HEIGHT="55" WIDTH="176" VPOS="1241" HPOS="1511"/>
<SP HEIGHT="55" WIDTH="40" VPOS="1241" HPOS="1688"/>
<String CONTENT="of" HEIGHT="56" WIDTH="67" VPOS="1240" HPOS="1729"/>
<SP HEIGHT="56" WIDTH="38" VPOS="1240" HPOS="1797"/>
<String CONTENT="appeals," HEIGHT="71" WIDTH="277" VPOS="1241" HPOS="1836"/>
</TextLine>
<TextLine HEIGHT="73" WIDTH="1989" VPOS="1316" HPOS="127">
<String CONTENT="March" HEIGHT="56" WIDTH="221" VPOS="1318" HPOS="127"/>
<SP HEIGHT="54" WIDTH="32" VPOS="1318" HPOS="349"/>
<String CONTENT="16," HEIGHT="69" WIDTH="89" VPOS="1319" HPOS="382"/>
<SP HEIGHT="70" WIDTH="36" VPOS="1318" HPOS="472"/>
<String CONTENT="1923," HEIGHT="70" WIDTH="164" VPOS="1318" HPOS="509"/>
<SP HEIGHT="68" WIDTH="35" VPOS="1320" HPOS="674"/>
<String CONTENT="to" HEIGHT="53" WIDTH="62" VPOS="1320" HPOS="710"/>
<SP HEIGHT="57" WIDTH="33" VPOS="1316" HPOS="773"/>
<String CONTENT="June" HEIGHT="57" WIDTH="165" VPOS="1316" HPOS="807"/>
<SP HEIGHT="53" WIDTH="35" VPOS="1319" HPOS="973"/>
<String CONTENT="18," HEIGHT="70" WIDTH="89" VPOS="1318" HPOS="1009"/>
<SP HEIGHT="70" WIDTH="35" VPOS="1318" HPOS="1099"/>
<String CONTENT="1923," HEIGHT="71" WIDTH="166" VPOS="1318" HPOS="1135"/>
<SP HEIGHT="71" WIDTH="34" VPOS="1318" HPOS="1302"/>
<String CONTENT="by" HEIGHT="70" WIDTH="83" VPOS="1318" HPOS="1337"/>
<SP HEIGHT="71" WIDTH="31" VPOS="1317" HPOS="1421"/>
<String CONTENT="James" HEIGHT="57" WIDTH="217" VPOS="1317" HPOS="1453"/>
<SP HEIGHT="56" WIDTH="35" VPOS="1317" HPOS="1671"/>
<String CONTENT="P." HEIGHT="57" WIDTH="69" VPOS="1317" HPOS="1707"/>
<SP HEIGHT="57" WIDTH="35" VPOS="1317" HPOS="1777"/>
<String CONTENT="Aylward" HEIGHT="72" WIDTH="303" VPOS="1317" HPOS="1813"/>
</TextLine>
<TextLine HEIGHT="74" WIDTH="1921" VPOS="1392" HPOS="194" CS="1">
<String CS="1" CONTENT="&#8230;"/>
<SP HEIGHT="37" WIDTH="46" VPOS="1414" HPOS="194"/>
<String CONTENT="and" HEIGHT="55" WIDTH="124" VPOS="1396" HPOS="241"/>
<SP HEIGHT="56" WIDTH="36" VPOS="1395" HPOS="366"/>
<String CONTENT="for" HEIGHT="56" WIDTH="108" VPOS="1395" HPOS="403"/>
<SP HEIGHT="53" WIDTH="36" VPOS="1397" HPOS="512"/>
<String CONTENT="the." HEIGHT="61" WIDTH="121" VPOS="1394" HPOS="549"/>
<SP HEIGHT="63" WIDTH="26" VPOS="1392" HPOS="671"/>
<String CONTENT="Springfield" HEIGHT="74" WIDTH="382" VPOS="1392" HPOS="698"/>
<SP HEIGHT="55" WIDTH="42" VPOS="1395" HPOS="1081"/>
<String CONTENT="court" HEIGHT="53" WIDTH="179" VPOS="1397" HPOS="1124"/>
<SP HEIGHT="53" WIDTH="39" VPOS="1397" HPOS="1304"/>
<String CONTENT="of" HEIGHT="56" WIDTH="67" VPOS="1394" HPOS="1344"/>
<SP HEIGHT="56" WIDTH="42" VPOS="1394" HPOS="1412"/>
<String CONTENT="appeals," HEIGHT="71" WIDTH="278" VPOS="1395" HPOS="1455"/>
<SP HEIGHT="72" WIDTH="40" VPOS="1394" HPOS="1734"/>
<String CONTENT="December" HEIGHT="58" WIDTH="340" VPOS="1394" HPOS="1775"/>
</TextLine>
<TextLine HEIGHT="74" WIDTH="1984" VPOS="1471" HPOS="129" CS="1">
<String CONTENT="7," HEIGHT="70" WIDTH="50" VPOS="1475" HPOS="129"/>
<SP HEIGHT="70" WIDTH="36" VPOS="1475" HPOS="180"/>
<String CONTENT="1923," HEIGHT="70" WIDTH="166" VPOS="1474" HPOS="217"/>
<SP HEIGHT="68" WIDTH="34" VPOS="1476" HPOS="384"/>
<String CONTENT="to" HEIGHT="53" WIDTH="63" VPOS="1476" HPOS="419"/>
<SP HEIGHT="57" WIDTH="36" VPOS="1472" HPOS="483"/>
<String CONTENT="July" HEIGHT="71" WIDTH="154" VPOS="1472" HPOS="520"/>
<SP HEIGHT="70" WIDTH="34" VPOS="1473" HPOS="675"/>
<String CONTENT="2," HEIGHT="69" WIDTH="51" VPOS="1473" HPOS="710"/>
<SP HEIGHT="69" WIDTH="38" VPOS="1473" HPOS="762"/>
<String CONTENT="1924," HEIGHT="69" WIDTH="165" VPOS="1473" HPOS="801"/>
<SP HEIGHT="70" WIDTH="34" VPOS="1472" HPOS="967"/>
<String CONTENT="by" HEIGHT="70" WIDTH="82" VPOS="1472" HPOS="1002"/>
<SP HEIGHT="71" WIDTH="37" VPOS="1471" HPOS="1085"/>
<String CONTENT="George" HEIGHT="72" WIDTH="241" VPOS="1471" HPOS="1123"/>
<SP HEIGHT="56" WIDTH="36" VPOS="1472" HPOS="1365"/>
<String CONTENT="H." HEIGHT="57" WIDTH="79" VPOS="1472" HPOS="1402"/>
<SP HEIGHT="58" WIDTH="42" VPOS="1472" HPOS="1482"/>
<String CONTENT="Skidmore" HEIGHT="59" WIDTH="326" VPOS="1472" HPOS="1525"/>
<SP HEIGHT="40" WIDTH="42" VPOS="1493" HPOS="1852"/>
<String CS="1" CONTENT="&#8230;"/>
<SP HEIGHT="40" WIDTH="98" VPOS="1493" HPOS="1958"/>
<String CONTENT="v." HEIGHT="38" WIDTH="56" VPOS="1493" HPOS="2057"/>
</TextLine>
<TextLine HEIGHT="78" WIDTH="1986" VPOS="1548" HPOS="127">
<String CONTENT="214." HEIGHT="55" WIDTH="125" VPOS="1552" HPOS="127"/>
<SP HEIGHT="59" WIDTH="75" VPOS="1548" HPOS="253"/>
<String CONTENT="Columbia," HEIGHT="72" WIDTH="338" VPOS="1548" HPOS="329"/>
<SP HEIGHT="71" WIDTH="21" VPOS="1549" HPOS="668"/>
<String CONTENT="Mo.," HEIGHT="70" WIDTH="142" VPOS="1549" HPOS="690"/>
<SP HEIGHT="71" WIDTH="19" VPOS="1548" HPOS="833"/>
<String LANG="la" CONTENT="E." HEIGHT="56" WIDTH="72" VPOS="1548" HPOS="853"/>
<SP HEIGHT="57" WIDTH="18" VPOS="1548" HPOS="926"/>
<String CONTENT="W." HEIGHT="57" WIDTH="96" VPOS="1548" HPOS="945"/>
<SP HEIGHT="58" WIDTH="38" VPOS="1548" HPOS="1042"/>
<String CONTENT="Stephens" HEIGHT="72" WIDTH="309" VPOS="1548" HPOS="1081"/>
<SP HEIGHT="52" WIDTH="34" VPOS="1568" HPOS="1391"/>
<String CONTENT="pubfishing" HEIGHT="74" WIDTH="364" VPOS="1550" HPOS="1426"/>
<SP HEIGHT="54" WIDTH="30" VPOS="1570" HPOS="1791"/>
<String CONTENT="co." HEIGHT="37" WIDTH="86" VPOS="1571" HPOS="1822"/>
<SP HEIGHT="43" WIDTH="23" VPOS="1582" HPOS="1909"/>
<String CONTENT="[1925]" HEIGHT="73" WIDTH="180" VPOS="1553" HPOS="1933"/>
</TextLine>
<TextLine HEIGHT="53" WIDTH="606" VPOS="1625" HPOS="194" STYLEREFS="StyleId-4A545420-355A-47BA-849D-28A83B34E4E1-" CS="1">
<String CONTENT="xxxvi," HEIGHT="50" WIDTH="160" VPOS="1627" HPOS="194"/>
<SP HEIGHT="52" WIDTH="29" VPOS="1625" HPOS="355"/>
<String CONTENT="768," HEIGHT="53" WIDTH="94" VPOS="1625" HPOS="385"/>
<SP HEIGHT="36" WIDTH="26" VPOS="1642" HPOS="480"/>
<String CONTENT="xviii" HEIGHT="42" WIDTH="112" VPOS="1626" HPOS="507"/>
<SP HEIGHT="51" WIDTH="28" VPOS="1626" HPOS="620"/>
<String CONTENT="p." HEIGHT="38" WIDTH="37" VPOS="1639" HPOS="649"/>
<SP HEIGHT="42" WIDTH="58" VPOS="1625" HPOS="687"/>
<String CS="1" CONTENT="22&#189;cm." HEIGHT="42" WIDTH="54" VPOS="1625" HPOS="746"/>
</TextLine>
<TextLine HEIGHT="56" WIDTH="1989" VPOS="1681" HPOS="125" STYLEREFS="StyleId-4A545420-355A-47BA-849D-28A83B34E4E1-" CS="1">
<String CONTENT="&#169;" HEIGHT="54" WIDTH="53" VPOS="1681" HPOS="125"/>
<SP/>
<String CONTENT="Feb." HEIGHT="45" WIDTH="106" VPOS="1681" HPOS="202"/>
<SP HEIGHT="42" WIDTH="27" VPOS="1684" HPOS="309"/>
<String CONTENT="14," HEIGHT="50" WIDTH="60" VPOS="1683" HPOS="337"/>
<SP HEIGHT="49" WIDTH="28" VPOS="1684" HPOS="398"/>
<String CONTENT="1925;" HEIGHT="53" WIDTH="127" VPOS="1681" HPOS="427"/>
<SP HEIGHT="51" WIDTH="24" VPOS="1683" HPOS="555"/>
<String CONTENT="2c." HEIGHT="42" WIDTH="64" VPOS="1683" HPOS="580"/>
<SP/>
<String CONTENT="Mar." HEIGHT="41" WIDTH="117" VPOS="1683" HPOS="671"/>
<SP HEIGHT="42" WIDTH="21" VPOS="1682" HPOS="789"/>
<String CONTENT="2;" HEIGHT="49" WIDTH="51" VPOS="1682" HPOS="811"/>
<SP HEIGHT="35" WIDTH="27" VPOS="1696" HPOS="863"/>
<String CONTENT="aff." HEIGHT="42" WIDTH="77" VPOS="1682" HPOS="891"/>
<SP HEIGHT="42" WIDTH="27" VPOS="1682" HPOS="969"/>
<String CONTENT="May" HEIGHT="51" WIDTH="109" VPOS="1682" HPOS="997"/>
<SP HEIGHT="52" WIDTH="21" VPOS="1681" HPOS="1107"/>
<String CONTENT="2;" HEIGHT="51" WIDTH="51" VPOS="1681" HPOS="1129"/>
<SP HEIGHT="50" WIDTH="25" VPOS="1682" HPOS="1181"/>
<!-- cceid 2FB13F35-6DD5-1014-B757-AF09C522E301 --><String CONTENT="A" HEIGHT="41" WIDTH="44" VPOS="1682" HPOS="1207"/>
<SP HEIGHT="43" WIDTH="24" VPOS="1681" HPOS="1252"/>
<String CONTENT="829194;" HEIGHT="53" WIDTH="188" VPOS="1681" HPOS="1277"/>
<SP HEIGHT="53" WIDTH="25" VPOS="1681" HPOS="1466"/>
<String LANG="la" CONTENT="E." HEIGHT="48" WIDTH="53" VPOS="1681" HPOS="1492"/>
<SP HEIGHT="43" WIDTH="23" VPOS="1684" HPOS="1546"/>
<String CONTENT="W." HEIGHT="43" WIDTH="75" VPOS="1684" HPOS="1570"/>
<SP HEIGHT="48" WIDTH="28" VPOS="1682" HPOS="1646"/>
<String CONTENT="Stephens" HEIGHT="55" WIDTH="220" VPOS="1682" HPOS="1675"/>
<SP HEIGHT="38" WIDTH="26" VPOS="1699" HPOS="1896"/>
<String CONTENT="pub." HEIGHT="52" WIDTH="101" VPOS="1685" HPOS="1923"/>
<SP HEIGHT="29" WIDTH="23" VPOS="1700" HPOS="2025"/>
<String CONTENT="co." HEIGHT="30" WIDTH="65" VPOS="1699" HPOS="2049"/>
</TextLine>
<TextLine HEIGHT="71" WIDTH="793" VPOS="1836" HPOS="123" STYLEREFS="StyleId-E8953B5C-07C6-4CAA-8A35-3A85C4FDF020-">
<String CONTENT="Morawitz," HEIGHT="71" WIDTH="343" VPOS="1836" HPOS="123"/>
<SP HEIGHT="69" WIDTH="41" VPOS="1838" HPOS="467"/>
<String CONTENT="Paul," HEIGHT="70" WIDTH="174" VPOS="1837" HPOS="509"/>
<SP HEIGHT="67" WIDTH="42" VPOS="1840" HPOS="684"/>
<String CONTENT="1879-" HEIGHT="56" WIDTH="189" VPOS="1839" HPOS="727"/>
</TextLine>
<TextLine HEIGHT="75" WIDTH="1848" VPOS="1926" HPOS="267" CS="1">
<String LANG="en-US" CS="1" CONTENT="&#8230;"/>
<SP HEIGHT="59" WIDTH="34" VPOS="1927" HPOS="267"/>
<String LANG="en-US" CONTENT="Die" HEIGHT="57" WIDTH="115" VPOS="1927" HPOS="302"/>
<SP HEIGHT="57" WIDTH="25" VPOS="1927" HPOS="418"/>
<String LANG="de" CONTENT="blutkrankheiten" HEIGHT="58" WIDTH="545" VPOS="1926" HPOS="444"/>
<SP HEIGHT="55" WIDTH="25" VPOS="1927" HPOS="990"/>
<String LANG="en-US" CONTENT="in" HEIGHT="55" WIDTH="66" VPOS="1927" HPOS="1016"/>
<SP HEIGHT="56" WIDTH="27" VPOS="1927" HPOS="1083"/>
<String LANG="de" CONTENT="der" HEIGHT="57" WIDTH="110" VPOS="1927" HPOS="1111"/>
<SP HEIGHT="52" WIDTH="29" VPOS="1946" HPOS="1222"/>
<String LANG="en-US" CONTENT="praxis," HEIGHT="72" WIDTH="235" VPOS="1927" HPOS="1252"/>
<SP HEIGHT="51" WIDTH="26" VPOS="1948" HPOS="1488"/>
<String LANG="en-US" CONTENT="von" HEIGHT="37" WIDTH="122" VPOS="1948" HPOS="1515"/>
<SP HEIGHT="53" WIDTH="27" VPOS="1948" HPOS="1638"/>
<String LANG="en-US" CONTENT="professor" HEIGHT="72" WIDTH="329" VPOS="1929" HPOS="1666"/>
<SP HEIGHT="58" WIDTH="27" VPOS="1932" HPOS="1996"/>
<String LANG="en-US" CONTENT="dr." HEIGHT="58" WIDTH="91" VPOS="1932" HPOS="2024"/>
</TextLine>
<TextLine HEIGHT="74" WIDTH="1692" VPOS="2004" HPOS="124" CS="1">
<String LANG="en-US" CONTENT="P." HEIGHT="57" WIDTH="68" VPOS="2006" HPOS="124"/>
<SP HEIGHT="57" WIDTH="30" VPOS="2006" HPOS="193"/>
<String LANG="en-US" CONTENT="Morawitz" HEIGHT="59" WIDTH="326" VPOS="2004" HPOS="224"/>
<SP HEIGHT="38" WIDTH="30" VPOS="2024" HPOS="551"/>
<String LANG="en-US" CS="1" CONTENT="&#8230;"/>
<SP HEIGHT="58" WIDTH="87" VPOS="2004" HPOS="643"/>
<String LANG="de" CONTENT="M&#252;nchen," HEIGHT="71" WIDTH="326" VPOS="2004" HPOS="731"/>
<SP HEIGHT="71" WIDTH="26" VPOS="2004" HPOS="1058"/>
<String LANG="en-US" CONTENT="J." HEIGHT="59" WIDTH="60" VPOS="2004" HPOS="1085"/>
<SP HEIGHT="57" WIDTH="31" VPOS="2004" HPOS="1146"/>
<String LANG="en-US" CS="1" CONTENT="F."/>
<SP HEIGHT="62" WIDTH="28" VPOS="2004" HPOS="1250"/>
<String LANG="en-US" CONTENT="Lehmann," HEIGHT="74" WIDTH="338" VPOS="2004" HPOS="1279"/>
<SP HEIGHT="69" WIDTH="31" VPOS="2009" HPOS="1618"/>
<String LANG="en-US" CONTENT="1923." HEIGHT="57" WIDTH="166" VPOS="2009" HPOS="1650"/>
</TextLine>
<TextLine HEIGHT="55" WIDTH="1926" VPOS="2081" HPOS="193" STYLEREFS="StyleId-4A545420-355A-47BA-849D-28A83B34E4E1-" CS="1">
<String LANG="en-US" CONTENT="2" HEIGHT="41" WIDTH="27" VPOS="2085" HPOS="193"/>
<SP HEIGHT="51" WIDTH="29" VPOS="2085" HPOS="221"/>
<String LANG="en-US" CONTENT="p." HEIGHT="38" WIDTH="39" VPOS="2098" HPOS="251"/>
<SP HEIGHT="44" WIDTH="31" VPOS="2083" HPOS="291"/>
<String LANG="en-US" CS="1" CONTENT="l.,"/>
<SP HEIGHT="52" WIDTH="33" VPOS="2081" HPOS="363"/>
<String LANG="en-US" CONTENT="73" HEIGHT="45" WIDTH="52" VPOS="2081" HPOS="397"/>
<SP HEIGHT="51" WIDTH="30" VPOS="2084" HPOS="450"/>
<String LANG="en-US" CONTENT="p." HEIGHT="37" WIDTH="39" VPOS="2098" HPOS="481"/>
<SP HEIGHT="41" WIDTH="59" VPOS="2083" HPOS="521"/>
<String LANG="en-US" CONTENT="23" HEIGHT="43" WIDTH="51" VPOS="2083" HPOS="581"/>
<String STYLE="superscript" LANG="en-US" CONTENT="cm" HEIGHT="17" WIDTH="47" VPOS="2084" HPOS="641"/>
<String LANG="en-US" CONTENT="." HEIGHT="7" WIDTH="8" VPOS="2118" HPOS="695"/>
<SP HEIGHT="53" WIDTH="67" VPOS="2082" HPOS="704"/>
<String LANG="de" CONTENT="(Klinische" HEIGHT="54" WIDTH="259" VPOS="2081" HPOS="772"/>
<SP HEIGHT="44" WIDTH="32" VPOS="2082" HPOS="1032"/>
<String LANG="de" CONTENT="lehrkurse" HEIGHT="43" WIDTH="238" VPOS="2082" HPOS="1065"/>
<SP HEIGHT="43" WIDTH="31" VPOS="2084" HPOS="1304"/>
<String LANG="de" CONTENT="der" HEIGHT="43" WIDTH="81" VPOS="2084" HPOS="1336"/>
<SP HEIGHT="42" WIDTH="32" VPOS="2084" HPOS="1418"/>
<String LANG="de" CONTENT="M&#252;nchener" HEIGHT="44" WIDTH="284" VPOS="2084" HPOS="1451"/>
<SP HEIGHT="27" WIDTH="31" VPOS="2101" HPOS="1736"/>
<String LANG="de" CONTENT="medizinischen" HEIGHT="46" WIDTH="351" VPOS="2085" HPOS="1768"/>
</TextLine>
<TextLine HEIGHT="53" WIDTH="524" VPOS="2138" HPOS="169" STYLEREFS="StyleId-4A545420-355A-47BA-849D-28A83B34E4E1-" LANG="de" CS="1">
<String CS="1" CONTENT="wochenschrift," HEIGHT="52" WIDTH="321" VPOS="2139" HPOS="169"/>
<SP HEIGHT="52" WIDTH="29" VPOS="2139" HPOS="491"/>
<String CONTENT="hft." HEIGHT="47" WIDTH="89" VPOS="2138" HPOS="521"/>
<SP HEIGHT="46" WIDTH="35" VPOS="2139" HPOS="611"/>
<String CONTENT="1)" HEIGHT="52" WIDTH="46" VPOS="2138" HPOS="647"/>
</TextLine>
<TextLine HEIGHT="56" WIDTH="1988" VPOS="2194" HPOS="126" STYLEREFS="StyleId-2E60BA70-57FB-4D65-BC50-3FCADE7EBFB5-" LANG="de" CS="1">
<String CONTENT="&#169;" HEIGHT="53" WIDTH="52" VPOS="2196" HPOS="126"/>
<SP HEIGHT="53" WIDTH="35" VPOS="2196" HPOS="179"/>
<String CONTENT="Mar." HEIGHT="43" WIDTH="117" VPOS="2197" HPOS="215"/>
<SP HEIGHT="42" WIDTH="37" VPOS="2197" HPOS="333"/>
<String CONTENT="14," HEIGHT="52" WIDTH="62" VPOS="2196" HPOS="371"/>
<SP HEIGHT="51" WIDTH="38" VPOS="2197" HPOS="434"/>
<String CONTENT="1923;" HEIGHT="51" WIDTH="128" VPOS="2196" HPOS="473"/>
<SP/>
<String CS="1" CONTENT="1c."/>
<SP/>
<String LANG="en-US" CONTENT="Apr." HEIGHT="51" WIDTH="112" VPOS="2196" HPOS="736"/>
<SP HEIGHT="41" WIDTH="37" VPOS="2196" HPOS="849"/>
<String CONTENT="13," HEIGHT="50" WIDTH="63" VPOS="2196" HPOS="887"/>
<SP HEIGHT="50" WIDTH="35" VPOS="2196" HPOS="951"/>
<String CONTENT="1925;" HEIGHT="53" WIDTH="130" VPOS="2194" HPOS="987"/>
<SP HEIGHT="51" WIDTH="36" VPOS="2196" HPOS="1118"/>
<!-- cceid 2FB1B2ED-6DD5-1014-B757-AF09C522E301 --><String LANG="en-US" CONTENT="A" HEIGHT="41" WIDTH="44" VPOS="2196" HPOS="1155"/>
<String CONTENT="&#8212;Foreign" HEIGHT="55" WIDTH="257" VPOS="2194" HPOS="1201"/>
<SP HEIGHT="42" WIDTH="32" VPOS="2197" HPOS="1459"/>
<String CONTENT="27310;" HEIGHT="54" WIDTH="163" VPOS="2196" HPOS="1492"/>
<SP HEIGHT="51" WIDTH="31" VPOS="2199" HPOS="1656"/>
<String LANG="en-US" CONTENT="J." HEIGHT="51" WIDTH="44" VPOS="2199" HPOS="1688"/>
<SP HEIGHT="45" WIDTH="36" VPOS="2197" HPOS="1733"/>
<String CONTENT="F." HEIGHT="45" WIDTH="50" VPOS="2197" HPOS="1770"/>
<SP HEIGHT="43" WIDTH="36" VPOS="2199" HPOS="1821"/>
<String CONTENT="Lehmanns" HEIGHT="45" WIDTH="256" VPOS="2199" HPOS="1858"/>
</TextLine>
<TextLine HEIGHT="55" WIDTH="480" VPOS="2251" HPOS="194" STYLEREFS="StyleId-2E60BA70-57FB-4D65-BC50-3FCADE7EBFB5-" LANG="de">
<String CONTENT="verlag." HEIGHT="52" WIDTH="169" VPOS="2253" HPOS="194"/>
<SP HEIGHT="53" WIDTH="67" VPOS="2253" HPOS="364"/>
<String CONTENT="(25-9667)" HEIGHT="55" WIDTH="242" VPOS="2251" HPOS="432"/>
</TextLine>
<TextLine HEIGHT="71" WIDTH="692" VPOS="2351" HPOS="125" STYLEREFS="StyleId-ACDF80CD-218C-4C6B-BA7F-8E81CB34C516-">
<String LANG="de" CONTENT="Morris," HEIGHT="71" WIDTH="247" VPOS="2351" HPOS="125"/>
<SP HEIGHT="70" WIDTH="31" VPOS="2352" HPOS="373"/>
<String LANG="en-US" CONTENT="Amos" HEIGHT="57" WIDTH="192" VPOS="2352" HPOS="405"/>
<SP HEIGHT="58" WIDTH="29" VPOS="2351" HPOS="598"/>
<String LANG="de" CONTENT="Reno." HEIGHT="58" WIDTH="189" VPOS="2351" HPOS="628"/>
</TextLine>
<TextLine HEIGHT="79" WIDTH="1916" VPOS="2441" HPOS="203" STYLEREFS="StyleId-705D2863-807C-46BE-9255-5EB8F0A8F2F8-">
<String CONTENT="The" HEIGHT="57" WIDTH="130" VPOS="2444" HPOS="203"/>
<SP HEIGHT="38" WIDTH="41" VPOS="2463" HPOS="334"/>
<String CONTENT="orchestration" HEIGHT="59" WIDTH="459" VPOS="2441" HPOS="376"/>
<SP HEIGHT="39" WIDTH="40" VPOS="2460" HPOS="836"/>
<String CONTENT="of" HEIGHT="56" WIDTH="67" VPOS="2443" HPOS="877"/>
<SP HEIGHT="55" WIDTH="40" VPOS="2443" HPOS="945"/>
<String CONTENT="the" HEIGHT="57" WIDTH="104" VPOS="2442" HPOS="986"/>
<SP HEIGHT="38" WIDTH="42" VPOS="2461" HPOS="1091"/>
<String CONTENT="metrical" HEIGHT="60" WIDTH="284" VPOS="2442" HPOS="1134"/>
<SP HEIGHT="58" WIDTH="39" VPOS="2444" HPOS="1419"/>
<String CONTENT="fine;" HEIGHT="71" WIDTH="155" VPOS="2444" HPOS="1459"/>
<SP HEIGHT="50" WIDTH="43" VPOS="2465" HPOS="1615"/>
<String CONTENT="an" HEIGHT="39" WIDTH="80" VPOS="2464" HPOS="1659"/>
<SP HEIGHT="40" WIDTH="41" VPOS="2464" HPOS="1740"/>
<String CONTENT="analytical" HEIGHT="72" WIDTH="337" VPOS="2448" HPOS="1782"/>
</TextLine>
<TextLine HEIGHT="80" WIDTH="1990" VPOS="2519" HPOS="127" STYLEREFS="StyleId-705D2863-807C-46BE-9255-5EB8F0A8F2F8-" CS="1">
<String CONTENT="study" HEIGHT="71" WIDTH="188" VPOS="2522" HPOS="127"/>
<SP HEIGHT="53" WIDTH="30" VPOS="2540" HPOS="316"/>
<String CONTENT="of" HEIGHT="56" WIDTH="67" VPOS="2521" HPOS="347"/>
<SP HEIGHT="55" WIDTH="30" VPOS="2521" HPOS="415"/>
<String CONTENT="rhythmical" HEIGHT="71" WIDTH="374" VPOS="2520" HPOS="446"/>
<SP HEIGHT="55" WIDTH="30" VPOS="2520" HPOS="821"/>
<String CONTENT="form" HEIGHT="56" WIDTH="167" VPOS="2520" HPOS="852"/>
<SP HEIGHT="53" WIDTH="33" VPOS="2539" HPOS="1020"/>
<String CONTENT="[by]" HEIGHT="73" WIDTH="111" VPOS="2521" HPOS="1054"/>
<SP HEIGHT="75" WIDTH="35" VPOS="2519" HPOS="1166"/>
<String CONTENT="A." HEIGHT="58" WIDTH="73" VPOS="2519" HPOS="1202"/>
<SP HEIGHT="56" WIDTH="33" VPOS="2521" HPOS="1276"/>
<String CONTENT="R." HEIGHT="56" WIDTH="72" VPOS="2521" HPOS="1310"/>
<SP HEIGHT="56" WIDTH="35" VPOS="2521" HPOS="1383"/>
<String CONTENT="Morris" HEIGHT="59" WIDTH="233" VPOS="2521" HPOS="1419"/>
<SP HEIGHT="38" WIDTH="39" VPOS="2543" HPOS="1653"/>
<String CS="1" CONTENT="&#8230;"/>
<SP HEIGHT="57" WIDTH="104" VPOS="2525" HPOS="1756"/>
<String CONTENT="Boston," HEIGHT="74" WIDTH="256" VPOS="2525" HPOS="1861"/>
</TextLine>
<TextLine HEIGHT="75" WIDTH="697" VPOS="2597" HPOS="124" STYLEREFS="StyleId-705D2863-807C-46BE-9255-5EB8F0A8F2F8-" CS="1">
<String CONTENT="R." HEIGHT="58" WIDTH="71" VPOS="2600" HPOS="124"/>
<SP HEIGHT="59" WIDTH="34" VPOS="2599" HPOS="196"/>
<String CONTENT="G." HEIGHT="61" WIDTH="68" VPOS="2599" HPOS="231"/>
<SP HEIGHT="61" WIDTH="32" VPOS="2599" HPOS="300"/>
<String CONTENT="Badger" HEIGHT="72" WIDTH="251" VPOS="2599" HPOS="333"/>
<SP HEIGHT="53" WIDTH="34" VPOS="2617" HPOS="585"/>
<String CS="1" CONTENT="["/>
<String STYLE="superscript" CONTENT="c" HEIGHT="22" WIDTH="19" VPOS="2605" HPOS="636"/>
<String CONTENT="1925]" HEIGHT="75" WIDTH="164" VPOS="2597" HPOS="657"/>
</TextLine>
<TextLine HEIGHT="57" WIDTH="947" VPOS="2672" HPOS="197" STYLEREFS="StyleId-2E60BA70-57FB-4D65-BC50-3FCADE7EBFB5-" CS="1">
<String CONTENT="5" HEIGHT="45" WIDTH="21" VPOS="2676" HPOS="197"/>
<SP HEIGHT="53" WIDTH="29" VPOS="2676" HPOS="219"/>
<String CONTENT="p." HEIGHT="37" WIDTH="38" VPOS="2692" HPOS="249"/>
<SP HEIGHT="42" WIDTH="28" VPOS="2678" HPOS="288"/>
<String CS="1" CONTENT="l.,"/>
<SP HEIGHT="51" WIDTH="22" VPOS="2672" HPOS="368"/>
<String CS="1" CONTENT="[7]&#8211;162" HEIGHT="49" WIDTH="165" VPOS="2674" HPOS="391"/>
<SP HEIGHT="51" WIDTH="29" VPOS="2677" HPOS="557"/>
<String CONTENT="p." HEIGHT="38" WIDTH="39" VPOS="2690" HPOS="587"/>
<SP HEIGHT="43" WIDTH="60" VPOS="2675" HPOS="627"/>
<String CONTENT="front.," HEIGHT="50" WIDTH="150" VPOS="2675" HPOS="688"/>
<SP HEIGHT="49" WIDTH="29" VPOS="2676" HPOS="839"/>
<String CONTENT="diagrs." HEIGHT="52" WIDTH="166" VPOS="2675" HPOS="869"/>
<SP HEIGHT="43" WIDTH="58" VPOS="2675" HPOS="1036"/>
<String CS="1" CONTENT="21&#189;cm." HEIGHT="42" WIDTH="49" VPOS="2675" HPOS="1095"/>
</TextLine>
<TextLine HEIGHT="58" WIDTH="1824" VPOS="2731" HPOS="128" STYLEREFS="StyleId-2E60BA70-57FB-4D65-BC50-3FCADE7EBFB5-" CS="1">
<String CONTENT="&#169;" HEIGHT="53" WIDTH="52" VPOS="2733" HPOS="128"/>
<SP HEIGHT="53" WIDTH="26" VPOS="2733" HPOS="181"/>
<String CONTENT="Jan." HEIGHT="51" WIDTH="98" VPOS="2735" HPOS="208"/>
<SP HEIGHT="43" WIDTH="27" VPOS="2734" HPOS="307"/>
<String CONTENT="31," HEIGHT="49" WIDTH="64" VPOS="2734" HPOS="335"/>
<SP HEIGHT="49" WIDTH="30" VPOS="2734" HPOS="400"/>
<String CONTENT="1925;" HEIGHT="53" WIDTH="129" VPOS="2731" HPOS="431"/>
<SP HEIGHT="51" WIDTH="28" VPOS="2733" HPOS="561"/>
<String CONTENT="2c." HEIGHT="42" WIDTH="63" VPOS="2733" HPOS="590"/>
<SP HEIGHT="27" WIDTH="28" VPOS="2749" HPOS="654"/>
<String CONTENT="and" HEIGHT="43" WIDTH="86" VPOS="2733" HPOS="683"/>
<SP HEIGHT="43" WIDTH="23" VPOS="2733" HPOS="770"/>
<String CONTENT="aff." HEIGHT="42" WIDTH="78" VPOS="2733" HPOS="794"/>
<SP HEIGHT="42" WIDTH="28" VPOS="2733" HPOS="873"/>
<String CONTENT="Apr." HEIGHT="51" WIDTH="111" VPOS="2733" HPOS="902"/>
<SP HEIGHT="41" WIDTH="31" VPOS="2734" HPOS="1014"/>
<String CONTENT="13;" HEIGHT="50" WIDTH="73" VPOS="2733" HPOS="1046"/>
<SP HEIGHT="49" WIDTH="30" VPOS="2734" HPOS="1120"/>
<!-- cceid 2FB23667-6DD5-1014-B757-AF09C522E301 --><String CONTENT="A" HEIGHT="41" WIDTH="44" VPOS="2734" HPOS="1151"/>
<SP HEIGHT="42" WIDTH="25" VPOS="2733" HPOS="1196"/>
<String CS="1" CONTENT="822863;" HEIGHT="44" WIDTH="162" VPOS="2732" HPOS="1222"/>
<SP HEIGHT="42" WIDTH="23" VPOS="2734" HPOS="1419"/>
<String CONTENT="Richard" HEIGHT="45" WIDTH="200" VPOS="2733" HPOS="1443"/>
<SP HEIGHT="45" WIDTH="28" VPOS="2734" HPOS="1644"/>
<String CONTENT="G." HEIGHT="45" WIDTH="50" VPOS="2734" HPOS="1673"/>
<SP HEIGHT="43" WIDTH="33" VPOS="2736" HPOS="1724"/>
<String CONTENT="Badger." HEIGHT="53" WIDTH="194" VPOS="2736" HPOS="1758"/>
</TextLine>
<TextLine HEIGHT="56" WIDTH="241" VPOS="2789" HPOS="205" STYLEREFS="StyleId-2E60BA70-57FB-4D65-BC50-3FCADE7EBFB5-">
<String CONTENT="(25-8473)" HEIGHT="56" WIDTH="241" VPOS="2789" HPOS="205"/>
</TextLine>
<TextLine HEIGHT="74" WIDTH="1513" VPOS="2888" HPOS="126" STYLEREFS="StyleId-E8953B5C-07C6-4CAA-8A35-3A85C4FDF020-">
<String CONTENT="Newman," HEIGHT="71" WIDTH="313" VPOS="2889" HPOS="126"/>
<SP HEIGHT="71" WIDTH="35" VPOS="2889" HPOS="440"/>
<String CONTENT="John" HEIGHT="57" WIDTH="168" VPOS="2889" HPOS="476"/>
<SP HEIGHT="57" WIDTH="31" VPOS="2888" HPOS="645"/>
<String CONTENT="Henry," HEIGHT="72" WIDTH="232" VPOS="2888" HPOS="677"/>
<SP HEIGHT="52" WIDTH="37" VPOS="2907" HPOS="910"/>
<String CONTENT="cardinal," HEIGHT="74" WIDTH="300" VPOS="2888" HPOS="948"/>
<SP HEIGHT="70" WIDTH="33" VPOS="2892" HPOS="1249"/>
<String CONTENT="1801-1890." HEIGHT="59" WIDTH="356" VPOS="2891" HPOS="1283"/>
</TextLine>
<TextLine HEIGHT="73" WIDTH="1847" VPOS="2975" HPOS="268" CS="1">
<String CS="1" CONTENT="&#8230;"/>
<SP HEIGHT="57" WIDTH="39" VPOS="2978" HPOS="268"/>
<String CONTENT="Prose" HEIGHT="57" WIDTH="197" VPOS="2978" HPOS="308"/>
<SP HEIGHT="38" WIDTH="33" VPOS="2996" HPOS="506"/>
<String CONTENT="and" HEIGHT="57" WIDTH="124" VPOS="2977" HPOS="540"/>
<SP HEIGHT="71" WIDTH="31" VPOS="2977" HPOS="665"/>
<String CONTENT="poetry;" HEIGHT="69" WIDTH="255" VPOS="2979" HPOS="697"/>
<SP HEIGHT="51" WIDTH="36" VPOS="2996" HPOS="953"/>
<String CONTENT="edited" HEIGHT="59" WIDTH="208" VPOS="2975" HPOS="990"/>
<SP HEIGHT="57" WIDTH="32" VPOS="2977" HPOS="1199"/>
<String CONTENT="with" HEIGHT="57" WIDTH="150" VPOS="2976" HPOS="1232"/>
<SP HEIGHT="57" WIDTH="35" VPOS="2976" HPOS="1383"/>
<String CONTENT="an" HEIGHT="38" WIDTH="80" VPOS="2995" HPOS="1419"/>
<SP HEIGHT="57" WIDTH="32" VPOS="2976" HPOS="1500"/>
<String CONTENT="introduction" HEIGHT="59" WIDTH="425" VPOS="2976" HPOS="1533"/>
<SP HEIGHT="38" WIDTH="35" VPOS="2997" HPOS="1959"/>
<String CONTENT="and" HEIGHT="56" WIDTH="120" VPOS="2980" HPOS="1995"/>
</TextLine>
<TextLine HEIGHT="76" WIDTH="1992" VPOS="3053" HPOS="121" CS="1">
<String CONTENT="notes" HEIGHT="55" WIDTH="176" VPOS="3059" HPOS="121"/>
<SP HEIGHT="56" WIDTH="33" VPOS="3057" HPOS="298"/>
<String CONTENT="by" HEIGHT="70" WIDTH="83" VPOS="3057" HPOS="332"/>
<SP HEIGHT="74" WIDTH="30" VPOS="3053" HPOS="416"/>
<String CONTENT="George" HEIGHT="74" WIDTH="241" VPOS="3053" HPOS="447"/>
<SP HEIGHT="57" WIDTH="33" VPOS="3054" HPOS="689"/>
<String CONTENT="N." HEIGHT="57" WIDTH="74" VPOS="3054" HPOS="723"/>
<SP HEIGHT="60" WIDTH="37" VPOS="3053" HPOS="798"/>
<String CONTENT="Shuster" HEIGHT="60" WIDTH="265" VPOS="3053" HPOS="836"/>
<SP HEIGHT="38" WIDTH="39" VPOS="3073" HPOS="1102"/>
<String CS="1" CONTENT="&#8230;"/>
<SP HEIGHT="58" WIDTH="75" VPOS="3053" HPOS="1204"/>
<String CONTENT="Boston," HEIGHT="75" WIDTH="259" VPOS="3053" HPOS="1280"/>
<SP HEIGHT="73" WIDTH="33" VPOS="3055" HPOS="1540"/>
<String CONTENT="New" HEIGHT="57" WIDTH="150" VPOS="3055" HPOS="1574"/>
<SP HEIGHT="56" WIDTH="31" VPOS="3055" HPOS="1725"/>
<String CONTENT="York" HEIGHT="58" WIDTH="171" VPOS="3055" HPOS="1757"/>
<SP HEIGHT="73" WIDTH="37" VPOS="3055" HPOS="1929"/>
<String CS="1" CONTENT="[etc.]" HEIGHT="70" WIDTH="128" VPOS="3059" HPOS="1985"/>
</TextLine>
<TextLine HEIGHT="75" WIDTH="808" VPOS="3131" HPOS="123">
<String CONTENT="Allyn" HEIGHT="73" WIDTH="190" VPOS="3133" HPOS="123"/>
<SP HEIGHT="37" WIDTH="27" VPOS="3152" HPOS="314"/>
<String CONTENT="and" HEIGHT="57" WIDTH="122" VPOS="3132" HPOS="342"/>
<SP HEIGHT="58" WIDTH="23" VPOS="3131" HPOS="465"/>
<String CONTENT="Bacon" HEIGHT="57" WIDTH="211" VPOS="3131" HPOS="489"/>
<SP HEIGHT="54" WIDTH="28" VPOS="3151" HPOS="701"/>
<String CONTENT="[" HEIGHT="44" WIDTH="11" VPOS="3161" HPOS="730"/>
<String STYLE="superscript" CONTENT="c" HEIGHT="23" WIDTH="19" VPOS="3139" HPOS="745"/>
<String CONTENT="1925]" HEIGHT="72" WIDTH="163" VPOS="3133" HPOS="768"/>
</TextLine>
<TextLine HEIGHT="112" WIDTH="1969" VPOS="3209" HPOS="132" STYLEREFS="StyleId-4A545420-355A-47BA-849D-28A83B34E4E1-" CS="1">
<String CONTENT="xxvi," HEIGHT="52" WIDTH="126" VPOS="3212" HPOS="203"/>
<SP HEIGHT="49" WIDTH="35" VPOS="3215" HPOS="330"/>
<String CONTENT="196" HEIGHT="44" WIDTH="77" VPOS="3212" HPOS="366"/>
<SP HEIGHT="53" WIDTH="26" VPOS="3212" HPOS="444"/>
<String CONTENT="p." HEIGHT="38" WIDTH="39" VPOS="3227" HPOS="471"/>
<SP HEIGHT="44" WIDTH="61" VPOS="3211" HPOS="511"/>
<String CS="1" CONTENT="front."/>
<SP HEIGHT="53" WIDTH="25" VPOS="3211" HPOS="713"/>
<String CONTENT="(port.)" HEIGHT="53" WIDTH="166" VPOS="3211" HPOS="739"/>
<SP HEIGHT="52" WIDTH="69" VPOS="3211" HPOS="906"/>
<String CS="1" CONTENT="17&#189;" HEIGHT="45" WIDTH="47" VPOS="3209" HPOS="976"/>
<String STYLE="superscript" CONTENT="cm" HEIGHT="17" WIDTH="45" VPOS="3213" HPOS="1060"/>
<String CONTENT="." HEIGHT="7" WIDTH="7" VPOS="3246" HPOS="1113"/>
<SP HEIGHT="52" WIDTH="69" VPOS="3211" HPOS="1121"/>
<String CONTENT="(Lettered" HEIGHT="53" WIDTH="238" VPOS="3210" HPOS="1191"/>
<SP HEIGHT="45" WIDTH="29" VPOS="3212" HPOS="1430"/>
<String CONTENT="on" HEIGHT="30" WIDTH="58" VPOS="3227" HPOS="1460"/>
<SP HEIGHT="29" WIDTH="31" VPOS="3226" HPOS="1519"/>
<String CONTENT="cover:" HEIGHT="31" WIDTH="154" VPOS="3226" HPOS="1551"/>
<SP HEIGHT="44" WIDTH="37" VPOS="3212" HPOS="1706"/>
<String CONTENT="Academy" HEIGHT="54" WIDTH="233" VPOS="3212" HPOS="1744"/>
<SP HEIGHT="38" WIDTH="30" VPOS="3228" HPOS="1978"/>
<String CONTENT="classics)" HEIGHT="110" WIDTH="1969" VPOS="3211" HPOS="132"/>
</TextLine>
<TextLine HEIGHT="46" WIDTH="693" VPOS="3323" HPOS="200" STYLEREFS="StyleId-4A545420-355A-47BA-849D-28A83B34E4E1-">
<String CONTENT="At" HEIGHT="42" WIDTH="66" VPOS="3327" HPOS="200"/>
<SP HEIGHT="44" WIDTH="21" VPOS="3325" HPOS="267"/>
<String CONTENT="head" HEIGHT="43" WIDTH="114" VPOS="3325" HPOS="289"/>
<SP HEIGHT="42" WIDTH="24" VPOS="3326" HPOS="404"/>
<String CONTENT="of" HEIGHT="44" WIDTH="50" VPOS="3324" HPOS="429"/>
<SP HEIGHT="42" WIDTH="25" VPOS="3324" HPOS="480"/>
<String CONTENT="title:" HEIGHT="45" WIDTH="122" VPOS="3323" HPOS="506"/>
<SP HEIGHT="44" WIDTH="29" VPOS="3323" HPOS="629"/>
<String CONTENT="Newman." HEIGHT="43" WIDTH="234" VPOS="3323" HPOS="659"/>
</TextLine>
<TextLine HEIGHT="55" WIDTH="1422" VPOS="3377" HPOS="207" STYLEREFS="StyleId-4A545420-355A-47BA-849D-28A83B34E4E1-">
<String CONTENT="&#8220;Books" HEIGHT="44" WIDTH="180" VPOS="3381" HPOS="207"/>
<SP HEIGHT="42" WIDTH="21" VPOS="3382" HPOS="388"/>
<String CONTENT="by" HEIGHT="50" WIDTH="58" VPOS="3382" HPOS="410"/>
<SP HEIGHT="36" WIDTH="25" VPOS="3396" HPOS="469"/>
<String CONTENT="and" HEIGHT="42" WIDTH="86" VPOS="3381" HPOS="495"/>
<SP HEIGHT="42" WIDTH="24" VPOS="3381" HPOS="582"/>
<String CONTENT="about" HEIGHT="43" WIDTH="135" VPOS="3380" HPOS="607"/>
<SP HEIGHT="44" WIDTH="25" VPOS="3378" HPOS="743"/>
<String CONTENT="Cardinal" HEIGHT="45" WIDTH="211" VPOS="3377" HPOS="769"/>
<SP HEIGHT="44" WIDTH="27" VPOS="3377" HPOS="981"/>
<String CONTENT="Newman&#8221;;" HEIGHT="45" WIDTH="274" VPOS="3377" HPOS="1009"/>
<SP HEIGHT="37" WIDTH="28" VPOS="3394" HPOS="1284"/>
<String CONTENT="p." HEIGHT="37" WIDTH="38" VPOS="3394" HPOS="1313"/>
<SP HEIGHT="28" WIDTH="24" VPOS="3394" HPOS="1352"/>
<String CONTENT="xxv-xxvi." HEIGHT="44" WIDTH="252" VPOS="3379" HPOS="1377"/>
</TextLine>
<TextLine HEIGHT="56" WIDTH="1984" VPOS="3433" HPOS="131" STYLEREFS="StyleId-4A545420-355A-47BA-849D-28A83B34E4E1-">
<String CONTENT="&#169;" HEIGHT="53" WIDTH="52" VPOS="3435" HPOS="131"/>
<SP HEIGHT="53" WIDTH="31" VPOS="3435" HPOS="184"/>
<String CONTENT="Dec." HEIGHT="42" WIDTH="107" VPOS="3437" HPOS="216"/>
<SP HEIGHT="41" WIDTH="34" VPOS="3437" HPOS="324"/>
<String CONTENT="15," HEIGHT="52" WIDTH="60" VPOS="3434" HPOS="359"/>
<SP HEIGHT="49" WIDTH="36" VPOS="3437" HPOS="420"/>
<String CONTENT="1924;" HEIGHT="51" WIDTH="129" VPOS="3436" HPOS="457"/>
<SP HEIGHT="52" WIDTH="33" VPOS="3435" HPOS="587"/>
<String CONTENT="2c." HEIGHT="42" WIDTH="63" VPOS="3435" HPOS="621"/>
<SP HEIGHT="27" WIDTH="30" VPOS="3450" HPOS="685"/>
<String CONTENT="and" HEIGHT="42" WIDTH="87" VPOS="3436" HPOS="716"/>
<SP HEIGHT="42" WIDTH="29" VPOS="3436" HPOS="804"/>
<String CONTENT="aff." HEIGHT="42" WIDTH="78" VPOS="3435" HPOS="834"/>
<SP HEIGHT="41" WIDTH="32" VPOS="3436" HPOS="913"/>
<String CONTENT="Apr." HEIGHT="51" WIDTH="110" VPOS="3436" HPOS="946"/>
<SP HEIGHT="41" WIDTH="37" VPOS="3436" HPOS="1057"/>
<String CONTENT="15," HEIGHT="52" WIDTH="61" VPOS="3433" HPOS="1095"/>
<SP HEIGHT="49" WIDTH="36" VPOS="3436" HPOS="1157"/>
<String CONTENT="1925;" HEIGHT="53" WIDTH="128" VPOS="3433" HPOS="1194"/>
<SP HEIGHT="51" WIDTH="32" VPOS="3435" HPOS="1323"/>
<!-- cceid 2FB2AF35-6DD5-1014-B757-AF09C522E301 --><String CONTENT="A" HEIGHT="43" WIDTH="44" VPOS="3435" HPOS="1356"/>
<SP HEIGHT="45" WIDTH="31" VPOS="3435" HPOS="1401"/>
<String CONTENT="822924;" HEIGHT="54" WIDTH="189" VPOS="3435" HPOS="1433"/>
<SP HEIGHT="51" WIDTH="33" VPOS="3438" HPOS="1623"/>
<String CONTENT="Allyn" HEIGHT="53" WIDTH="141" VPOS="3436" HPOS="1657"/>
<SP HEIGHT="28" WIDTH="30" VPOS="3452" HPOS="1799"/>
<String CONTENT="and" HEIGHT="44" WIDTH="87" VPOS="3437" HPOS="1830"/>
<SP HEIGHT="44" WIDTH="32" VPOS="3437" HPOS="1918"/>
<String CONTENT="Bacon." HEIGHT="44" WIDTH="164" VPOS="3437" HPOS="1951"/>
</TextLine>
<TextLine HEIGHT="57" WIDTH="991" VPOS="3489" HPOS="204" STYLEREFS="StyleId-4A545420-355A-47BA-849D-28A83B34E4E1-">
<String CONTENT="[&#169;" HEIGHT="55" WIDTH="65" VPOS="3491" HPOS="204"/>
<SP HEIGHT="53" WIDTH="29" VPOS="3491" HPOS="270"/>
<String CONTENT="introduction" HEIGHT="43" WIDTH="303" VPOS="3492" HPOS="300"/>
<SP HEIGHT="27" WIDTH="23" VPOS="3507" HPOS="604"/>
<String CONTENT="and" HEIGHT="43" WIDTH="87" VPOS="3491" HPOS="628"/>
<SP HEIGHT="43" WIDTH="26" VPOS="3491" HPOS="716"/>
<String CONTENT="notes]" HEIGHT="46" WIDTH="141" VPOS="3497" HPOS="743"/>
<SP HEIGHT="52" WIDTH="68" VPOS="3492" HPOS="885"/>
<String CONTENT="(25-8653)" HEIGHT="56" WIDTH="241" VPOS="3489" HPOS="954"/>
</TextLine>
<TextLine HEIGHT="70" WIDTH="872" VPOS="3590" HPOS="129" STYLEREFS="StyleId-E8953B5C-07C6-4CAA-8A35-3A85C4FDF020-" CS="1">
<String CS="1" CONTENT="Nob&#233;court," HEIGHT="68" WIDTH="367" VPOS="3592" HPOS="129"/>
<SP HEIGHT="69" WIDTH="40" VPOS="3591" HPOS="497"/>
<String CONTENT="Pierre," HEIGHT="70" WIDTH="230" VPOS="3590" HPOS="538"/>
<SP HEIGHT="66" WIDTH="43" VPOS="3594" HPOS="769"/>
<String CONTENT="1871-" HEIGHT="59" WIDTH="188" VPOS="3591" HPOS="813"/>
</TextLine>
<TextLine HEIGHT="138" WIDTH="1965" VPOS="3681" HPOS="131" CS="1">
<String LANG="en-US" CS="1" CONTENT="&#8230;"/>
<SP HEIGHT="59" WIDTH="40" VPOS="3681" HPOS="273"/>
<String LANG="en-US" CONTENT="Clinique" HEIGHT="72" WIDTH="281" VPOS="3681" HPOS="314"/>
<SP HEIGHT="38" WIDTH="29" VPOS="3700" HPOS="596"/>
<String LANG="la" CONTENT="m" HEIGHT="36" WIDTH="61" VPOS="3700" HPOS="626"/>
<String LANG="en-US" CS="1" CONTENT="&#233;"/>
<String LANG="la" CONTENT="dicale" HEIGHT="57" WIDTH="196" VPOS="3681" HPOS="726"/>
<SP HEIGHT="56" WIDTH="32" VPOS="3682" HPOS="923"/>
<String LANG="de" CONTENT="des" HEIGHT="56" WIDTH="107" VPOS="3682" HPOS="956"/>
<SP HEIGHT="37" WIDTH="34" VPOS="3700" HPOS="1064"/>
<String LANG="en-US" CONTENT="enfants," HEIGHT="72" WIDTH="270" VPOS="3681" HPOS="1099"/>
<SP HEIGHT="52" WIDTH="35" VPOS="3701" HPOS="1370"/>
<String LANG="en-US" CONTENT="affections" HEIGHT="61" WIDTH="327" VPOS="3681" HPOS="1406"/>
<SP HEIGHT="56" WIDTH="35" VPOS="3686" HPOS="1734"/>
<String LANG="de" CONTENT="de" HEIGHT="56" WIDTH="73" VPOS="3686" HPOS="1770"/>
<SP HEIGHT="57" WIDTH="32" VPOS="3685" HPOS="1844"/>
<String LANG="de" CS="1" CONTENT="l'"/>
<String LANG="en-US" CONTENT="appareil" HEIGHT="114" WIDTH="1965" VPOS="3705" HPOS="131"/>
</TextLine>
<TextLine HEIGHT="73" WIDTH="1374" VPOS="3758" HPOS="269" CS="1">
<String CONTENT="circulatoire." HEIGHT="60" WIDTH="409" VPOS="3759" HPOS="269"/>
<SP HEIGHT="57" WIDTH="83" VPOS="3758" HPOS="679"/>
<String CONTENT="Paris," HEIGHT="70" WIDTH="204" VPOS="3758" HPOS="763"/>
<SP HEIGHT="70" WIDTH="27" VPOS="3758" HPOS="968"/>
<String CONTENT="Masson" HEIGHT="58" WIDTH="257" VPOS="3758" HPOS="996"/>
<SP HEIGHT="38" WIDTH="26" VPOS="3777" HPOS="1254"/>
<String CONTENT="et" HEIGHT="54" WIDTH="61" VPOS="3761" HPOS="1281"/>
<SP HEIGHT="55" WIDTH="22" VPOS="3761" HPOS="1343"/>
<String CS="1" CONTENT="ci" HEIGHT="38" WIDTH="32" VPOS="3778" HPOS="1366"/>
<String STYLE="superscript" CONTENT="e" HEIGHT="23" WIDTH="19" VPOS="3766" HPOS="1414"/>
<String CONTENT="," HEIGHT="27" WIDTH="12" VPOS="3804" HPOS="1440"/>
<SP HEIGHT="69" WIDTH="25" VPOS="3762" HPOS="1453"/>
<String CONTENT="1925." HEIGHT="58" WIDTH="164" VPOS="3760" HPOS="1479"/>
</TextLine>
<TextLine HEIGHT="54" WIDTH="823" VPOS="3835" HPOS="201" STYLEREFS="StyleId-4A545420-355A-47BA-849D-28A83B34E4E1-">
<String CONTENT="ix," HEIGHT="50" WIDTH="60" VPOS="3839" HPOS="201"/>
<SP HEIGHT="50" WIDTH="33" VPOS="3839" HPOS="262"/>
<String CONTENT="371" HEIGHT="46" WIDTH="78" VPOS="3836" HPOS="296"/>
<SP HEIGHT="49" WIDTH="35" VPOS="3840" HPOS="375"/>
<String CONTENT="p." HEIGHT="37" WIDTH="39" VPOS="3852" HPOS="411"/>
<SP HEIGHT="43" WIDTH="59" VPOS="3836" HPOS="451"/>
<String CONTENT="illus.," HEIGHT="53" WIDTH="129" VPOS="3836" HPOS="511"/>
<SP HEIGHT="52" WIDTH="34" VPOS="3837" HPOS="641"/>
<String CONTENT="diagrs." HEIGHT="53" WIDTH="167" VPOS="3835" HPOS="676"/>
<SP HEIGHT="43" WIDTH="58" VPOS="3836" HPOS="844"/>
<String CONTENT="23" HEIGHT="43" WIDTH="51" VPOS="3836" HPOS="903"/>
<String STYLE="superscript" CONTENT="cm" HEIGHT="17" WIDTH="47" VPOS="3838" HPOS="963"/>
<String CONTENT="." HEIGHT="8" WIDTH="8" VPOS="3870" HPOS="1016"/>
</TextLine>
<TextLine HEIGHT="46" WIDTH="848" VPOS="3892" HPOS="201" STYLEREFS="StyleId-4A545420-355A-47BA-849D-28A83B34E4E1-" CS="1">
<String CONTENT="At" HEIGHT="42" WIDTH="64" VPOS="3896" HPOS="201"/>
<SP HEIGHT="44" WIDTH="26" VPOS="3894" HPOS="266"/>
<String CONTENT="head" HEIGHT="43" WIDTH="116" VPOS="3894" HPOS="293"/>
<SP HEIGHT="43" WIDTH="25" VPOS="3894" HPOS="410"/>
<String CONTENT="of" HEIGHT="45" WIDTH="49" VPOS="3892" HPOS="436"/>
<SP HEIGHT="44" WIDTH="28" VPOS="3892" HPOS="486"/>
<String CONTENT="title;" HEIGHT="45" WIDTH="121" VPOS="3892" HPOS="515"/>
<SP HEIGHT="43" WIDTH="32" VPOS="3893" HPOS="637"/>
<String CONTENT="P." HEIGHT="41" WIDTH="49" VPOS="3893" HPOS="670"/>
<SP HEIGHT="42" WIDTH="32" VPOS="3893" HPOS="720"/>
<String CS="1" CONTENT="Nob&#233;court" HEIGHT="44" WIDTH="264" VPOS="3892" HPOS="753"/>
<SP HEIGHT="37" WIDTH="31" VPOS="3899" HPOS="1018"/>
<String CS="1" CONTENT="&#8230;"/>
</TextLine>
<TextLine HEIGHT="56" WIDTH="1702" VPOS="3947" HPOS="134" STYLEREFS="StyleId-4A545420-355A-47BA-849D-28A83B34E4E1-" CS="1">
<String CONTENT="&#169;" HEIGHT="53" WIDTH="52" VPOS="3950" HPOS="134"/>
<SP HEIGHT="53" WIDTH="27" VPOS="3950" HPOS="187"/>
<String CONTENT="Feb." HEIGHT="44" WIDTH="105" VPOS="3950" HPOS="215"/>
<SP HEIGHT="42" WIDTH="32" VPOS="3952" HPOS="321"/>
<String CONTENT="12," HEIGHT="50" WIDTH="62" VPOS="3951" HPOS="354"/>
<SP HEIGHT="49" WIDTH="30" VPOS="3952" HPOS="417"/>
<String CONTENT="1925;" HEIGHT="53" WIDTH="129" VPOS="3948" HPOS="448"/>
<SP/>
<String CS="1" CONTENT="1c."/>
<SP/>
<String CONTENT="Mar." HEIGHT="42" WIDTH="119" VPOS="3950" HPOS="702"/>
<SP HEIGHT="43" WIDTH="27" VPOS="3949" HPOS="822"/>
<String CONTENT="25;" HEIGHT="54" WIDTH="78" VPOS="3947" HPOS="850"/>
<SP HEIGHT="52" WIDTH="31" VPOS="3949" HPOS="929"/>
<!-- cceid 2FB323E4-6DD5-1014-B757-AF09C522E301 --><String CONTENT="A&#8212;Foreign" HEIGHT="53" WIDTH="302" VPOS="3948" HPOS="961"/>
<SP HEIGHT="42" WIDTH="23" VPOS="3949" HPOS="1264"/>
<String CONTENT="27151;" HEIGHT="55" WIDTH="163" VPOS="3947" HPOS="1288"/>
<SP HEIGHT="52" WIDTH="31" VPOS="3950" HPOS="1452"/>
<String CONTENT="Masson" HEIGHT="44" WIDTH="192" VPOS="3950" HPOS="1484"/>
<SP HEIGHT="44" WIDTH="26" VPOS="3952" HPOS="1677"/>
<String CONTENT="&amp;" HEIGHT="44" WIDTH="39" VPOS="3952" HPOS="1704"/>
<SP HEIGHT="44" WIDTH="27" VPOS="3952" HPOS="1744"/>
<String CONTENT="co." HEIGHT="30" WIDTH="64" VPOS="3967" HPOS="1772"/>
</TextLine>
<TextLine HEIGHT="56" WIDTH="241" VPOS="4005" HPOS="212" STYLEREFS="StyleId-4A545420-355A-47BA-849D-28A83B34E4E1-">
<String CONTENT="(25-9664)" HEIGHT="56" WIDTH="241" VPOS="4005" HPOS="212"/>
</TextLine>
</TextBlock>
</PrintSpace>
</Page>
</Layout>
</alto>