2533 4412
1308 4106 110 56 170

440 546 1259 55 ix p., 3 l., 3-156 p. front. (port.) plates. 25 cm .
441 604 351 53 Bibliography:
826 621 39 37 p.
900 604 202 44 141-156.

368 658 53 54 ©
456 661 99 52 Jan.
594 660 61 52 16,
696 660 130 52 1925;
864 662 65 42 2c.
966 660 107 44 Feb.
1112 662 75 50 19;
1226 661 79 43 aff.
1345 662 120 42 Mar.
1500 660 79 53 26;
1620 661 43 42 A
1700 661 189 52 823131;
1932 661 164 52 Parke,
2133 660 168 43 Austin
2339 660 37 44 &

436 718 254 51 Lipscomb,
718 718 83 43 inc.
871 717 244 54 (25-5078)

363 815 237 73 Marks,
637 816 217 72 Percy.

444 907 1933 73 Martha, by Percy Marks … New York & London, The
367 985 284 73 Century
681 1006 87 38 co.
802 1015 13 44 [
818 994 18 22 c
840 985 166 74 1925]

434 1062 852 55 4 p. l., 3-338 p. 19½ cm . $2.00
366 1121 53 54 ©
443 1122 106 45 Feb.
575 1121 66 51 27,
674 1121 128 53 1925;
830 1123 64 42 2c.
923 1123 120 42 Mar.
1068 1121 51 53 2;
1149 1122 78 43 aff.
1259 1123 119 42 Mar.
1406 1122 49 51 3;
1486 1122 43 42 A
1556 1121 190 53 822243;
1779 1121 203 54 Century
2008 1136 66 29 co.

445 1179 244 55 (25-5459)

362 1279 376 72 Marquand,
775 1278 172 58 John
979 1276 289 74 Phillips,
1305 1280 190 57 1893-

445 1369 1933 72 The black cargo, by J. P. Marquand … New York, C.
367 1448 358 61 Scribner’s
756 1467 166 53 sons,
954 1447 168 60 1925.

433 1526 554 54 4 p. l., 270 p. 19½ cm .
366 1584 53 54 ©
447 1585 108 44 Feb.
586 1586 62 51 13,
679 1584 130 53 1925;
838 1586 65 42 2c.
931 1586 87 42 and
1045 1585 80 43 aff.
1155 1584 107 44 Feb.
1295 1585 74 52 19;
1402 1585 43 42 A
1472 1584 190 54 822215;
1697 1584 189 45 Charles
1919 1583 252 48 Scribner’s
2201 1599 118 30 sons.

445 1641 245 56 (25-5383)

364 1741 248 73 Martel,
654 1740 270 75 Thierry
958 1741 95 60 de.

441 1832 735 73 Pseudo-appendicitis;
1208 1852 40 37 a
1276 1834 189 70 study
1495 1833 68 57 of
1589 1833 387 57 mechanical
2009 1834 367 72 syndromes

366 1913 68 58 of
470 1913 104 57 the
613 1912 172 72 right
821 1912 193 56 lower
1049 1912 320 71 quadrant
1407 1911 369 73 simulating
1814 1912 440 72 appendicitis,
2294 1913 84 72 by

367 1989 2010 74 Thierry de Martel… and Edouard Antoine … authorized
365 2069 1987 152 translation from the French, by James A. Evans … preface by R. Bensaude …
1184 2146 364 58 illustrated
1577 2147 155 58 with
1760 2148 320 72 forty-one
363 2167 1992 133 engravings.
595 2225 461 72 Philadelphia,
1089 2225 71 56 F.
1192 2225 75 57 A.
1301 2225 199 58 Davis
1533 2245 325 55 company,
1893 2228 167 56 1925.

431 2305 94 51 xiv,
562 2305 79 42 211
683 2319 39 37 p.
784 2302 117 44 illus.
961 2303 53 42 22½
1050 2306 46 17 cm
1104 2338 9 8 .

437 2360 354 53 Bibliography:
830 2374 40 38 p.
905 2359 207 44 203-206.

367 2416 52 55 ©
449 2418 105 44 Feb.
585 2418 67 50 24,
684 2416 131 53 1925;
846 2417 65 43 2c.
942 2416 106 44 Feb.
1079 2416 79 51 27;
1191 2416 78 43 aff.
1303 2415 106 45 Feb.
1437 2415 80 52 26;
1552 2417 43 42 A
1626 2416 189 53 822202;
1850 2416 49 44 F.
1933 2419 56 42 A.
2022 2418 141 44 Davis
2194 2434 67 28 co.

446 2473 245 57 (25-5555)

363 2558 214 74 Marti,
613 2561 154 56 Mrs.
805 2558 206 58 Retta.

444 2652 180 58 Bible
667 2649 324 74 questions
1034 2650 104 57 for
1181 2650 104 58 the
1330 2650 190 72 study
1562 2651 68 57 of
1673 2651 247 72 church,
1964 2652 246 73 ladies’,
2255 2654 123 57 and

364 2727 1945 77 young people’s organizations, by Mrs. Retta Marti …
369 2808 486 77 [Weatherford,
894 2808 167 72 Tex.,
1100 2807 165 72 1925]

437 2881 853 57 cover-title, 1 p. l., 171 p. 21½ cm .
367 2943 53 54 ©
452 2944 106 44 Feb.
587 2944 41 50 2,
663 2942 130 53 1925;
825 2942 66 43 2c.
926 2942 107 43 Feb.
1066 2942 78 51 20;
1179 2942 80 43 aff.
1294 2940 106 45 Feb.
1438 2942 73 51 19;
1549 2942 43 42 A
1626 2941 189 54 823137;
1852 2944 54 43 R.
1943 2944 156 52 Marti,

437 2945 1915 107 Weatherford,
594 2999 114 44 Tex.
779 2997 243 56 (25-5275)

364 3087 274 69 Maurer,
676 3082 236 59 Robert
946 3082 77 58 A.

445 3177 130 57 The
616 3173 430 61 Constitution
1084 3174 68 58 of
1188 3173 104 62 the
1329 3173 240 59 United
1606 3174 233 74 States,
1877 3176 152 58 with
2066 3198 81 38 an
368 3179 1982 135 introduction
650 3258 64 53 to

742 3254 103 56 the
878 3254 190 70 study
1095 3253 68 57 of
1191 3252 103 58 the
1324 3256 410 68 government
1763 3255 69 56 of
1860 3274 114 38 our
2004 3260 266 70 country
2297 3260 82 71 by

367 3330 2008 79 Robert A. Maurer and George J. Jones … Boston,
368 3407 1685 78 New York [etc.] D. C. Heath and company [ c 1925]
439 3490 60 52 iii,
536 3486 78 46 127
644 3504 41 37 p.
749 3485 52 45 17
805 3489 46 18 cm
860 3522 7 7 .

368 3546 53 53 ©
448 3548 98 51 Jan.
574 3546 66 49 30,
670 3543 130 52 1925;
828 3544 65 42 2c.
921 3542 108 45 Feb.
1061 3544 73 51 19;
1165 3543 79 43 aff.
1272 3542 108 44 Feb.
1414 3541 74 54 17;
1517 3543 44 42 A
1590 3542 189 54 814602;
1811 3545 57 43 D.
1899 3543 49 45 C.
1978 3546 155 44 Heath
2161 3549 37 42 &
2225 3563 65 29 co,

448 3601 244 56 (25-5995)

367 3686 345 60 Methodist
745 3685 342 72 Episcopal
1116 3684 250 57 church.
1439 3685 270 74 Liturgy
1743 3688 124 57 and
1900 3688 208 59 ritual.

446 3782 129 56 The
619 3778 195 58 ritual
855 3777 66 57 of
963 3777 103 58 the
1111 3776 350 58 Methodist
1501 3776 345 73 Episcopal
1889 3779 246 60 church.
2222 3786 151 57 New

366 3860 191 68 York,
596 3855 375 71 Cincinnati,
1009 3856 130 57 The
1249 3854 274 59 Methodist
1560 3856 162 57 book
1755 3875 264 40 concern
2059 3890 13 44 [
2073 3868 20 22 c
2097 3863 164 71 1924]

434 3937 46 43 vi
508 3951 56 37 p.,
594 3936 28 42 2
671 3969 22 15 l.,
728 3932 78 44 159
838 3948 40 37 p.
942 3933 49 42 18½
1027 3935 47 18 cm
1081 3967 8 8 .

370 3991 53 54 ©
449 3994 109 42 Dec.
584 3992 64 47 30,
679 3991 130 46 1924;
837 3990 64 43 2c.
930 3990 87 42 and
1044 3989 78 43 aff.
1150 3987 107 45 Feb.
1291 3989 61 51 14,
1384 3987 130 54 1925;
1546 3989 43 42 A
1616 3988 189 53 823052;
1836 3991 256 46 Methodist
2119 3994 119 44 book

439 4011 1910 82 concern.
635 4045 52 55 [©
718 4047 213 52 revision]
1003 4044 244 55 (25-5746)
