2533 4412
1327 4085 111 56 708

448 523 67 51 88,
553 522 77 44 140
664 537 40 38 p.
764 523 54 42 22
825 524 47 18 cm
878 557 9 8 .

453 594 217 46 Sketches
696 594 51 44 of
774 594 182 53 pioneer
983 593 80 44 life
1093 594 42 42 in
1164 593 185 44 Buffalo
1381 593 90 51 Co.,
1502 592 45 47 S.
1577 595 72 52 D.,
1676 595 60 52 by
1760 595 184 44 various
1972 596 204 44 settlers:
2207 597 53 43 88
2288 611 39 38 p.

457 652 160 45 “Book
641 653 51 44 of
717 653 117 44 tried
861 651 199 53 recipes”
1098 651 105 54 (140
1232 666 41 38 p.
1298 660 47 35 at
1371 651 109 54 end)
1514 652 82 43 has
1624 651 167 53 special
1818 662 97 44 t.-p.

452 706 215 46 Contains
698 707 283 53 advertising
1010 715 179 36 matter.

380 775 53 54 ©
464 778 119 43 Nov.
616 777 61 54 15,
710 779 130 50 1924;
871 778 64 42 2c.
967 778 120 42 Mar.
1118 778 67 53 28,
1218 776 131 55 1925;
1381 779 78 42 aff.
1489 779 117 51 June
1641 778 74 53 16;
1748 778 45 43 A
1821 778 180 54 829745,
2031 780 192 53 829746;
2257 781 125 54 Lady

449 835 179 52 helpers
658 835 170 53 society
856 834 50 44 of
933 834 75 44 the
1039 833 123 46 First
1193 833 384 55 Congregational
1605 834 183 55 church,
1820 835 127 45 Gann
1978 836 179 55 Valley,
2191 837 44 48 S.
2268 840 56 43 D.

459 891 273 55 (25-11479)

382 992 337 73 Hampton,
758 992 254 58 Vernon
1048 992 223 72 Boyce.

458 1082 225 59 Staten
705 1081 281 58 Island’s
1012 1081 184 59 claim
1218 1085 65 54 to
1310 1082 188 72 fame,
1525 1082 159 59 “the
1710 1084 240 72 garden
1975 1089 143 68 spot
2143 1087 69 56 of
2237 1089 147 56 New

377 1159 1984 151 York harbor”, by Vernon B. Hampton … Staten Island,
595 1238 74 56 N.
718 1238 94 70 Y.,
860 1236 351 62 Richmond
1259 1238 286 70 borough
1593 1237 364 75 publishing
2006 1241 47 56 &
2101 1236 286 79 printing

378 1329 308 59 company
717 1344 13 43 [
733 1323 19 21 c
755 1314 166 73 1925]

450 1407 80 46 187
558 1423 42 39 p.
658 1407 54 43 23½
748 1408 47 17 cm
801 1440 8 9 .

450 1479 352 44 “Associations
829 1478 112 43 with
972 1479 187 44 famous
1189 1480 336 52 personages”:
1558 1496 42 38 p.
1626 1481 179 45 29-187.

380 1549 53 54 ©
462 1552 115 52 June
604 1550 67 52 25,
707 1545 130 58 1925;
868 1551 65 42 2c.
962 1551 107 52 July
1098 1550 51 52 6;
1181 1550 80 43 aff.
1291 1550 107 53 July
1428 1552 51 51 2;
1511 1551 46 43 A
1586 1552 192 53 861007;
1811 1554 57 43 V.
1902 1554 51 43 B.
1986 1556 250 53 Hampton,
2269 1558 114 44 Port

451 1608 268 52 Richmond,
753 1608 59 43 N.
846 1608 55 43 Y.
971 1606 272 55 (25-12521)

380 1708 309 75 Harding,
737 1709 255 59 Samuel
1032 1703 354 78 Bannister,
1435 1711 189 57 1866-

376 1797 1986 139 … New medieval and modern history, by Samuel Bannister
606 1877 1778 73 Harding … Based upon the author’s “Essentials
377 1957 66 57 in
476 1956 321 58 mediæval
833 1960 124 56 and
992 1956 261 56 modern
1287 1955 302 73 history”
1626 1960 317 70 prepared
1977 1959 67 58 in
378 1963 1984 131 consultation

531 2034 145 59 with
703 2034 225 58 Albert
950 2034 304 58 Bushnell
1275 2033 168 59 Hart…
1621 2037 151 57 Rev.
1856 2037 153 60 New
2029 2038 190 76 York,
378 2040 1985 133 Cincinnati

647 2118 147 69 [etc.]
825 2113 339 58 American
1193 2112 159 59 book
1380 2132 309 54 company
1717 2143 14 44 [
1734 2123 20 22 c
1755 2117 165 73 1925]

447 2193 92 52 xvi,
568 2191 96 53 808,
694 2192 53 43 32
775 2206 40 38 p.
875 2191 83 44 col.
988 2191 126 43 front.,
1170 2191 115 43 illus.
1313 2191 126 53 (incl.
1468 2191 154 54 maps)
1689 2192 52 44 20½
1777 2196 48 17 cm
1831 2228 8 9 .
1909 2193 280 55 (Essentials
2222 2197 44 44 in
378 2197 1985 106 history)

449 2306 115 44 This
590 2306 120 44 book
737 2304 37 45 is
802 2304 255 53 something
1084 2318 126 31 more
1237 2305 109 43 than
1374 2320 25 29 a
1427 2305 199 45 revision
1652 2307 50 44 of
1728 2307 76 44 the
1830 2308 200 45 author’s
2061 2308 253 48 Essentials
2342 2312 45 44 in

380 2363 233 45 mediæval
648 2364 87 42 and
769 2363 187 43 modern
988 2362 190 52 history.
1241 2362 42 44 It
1317 2362 37 43 is
1389 2362 265 54 practically
1687 2380 24 27 a
1747 2378 100 30 new
1880 2366 142 44 work.
2085 2367 41 43 It
2160 2368 81 43 has
2277 2370 110 42 been

379 2422 186 43 deemed
599 2420 112 51 best,
746 2418 243 51 therefore,
1025 2428 47 35 to
1108 2418 103 54 give
1245 2427 46 35 to
1327 2419 74 43 the
1435 2419 121 44 book
1591 2436 24 27 a
1650 2418 257 47 distinctive
1940 2437 132 29 name
2107 2426 89 42 and
2228 2434 46 35 at
2310 2426 76 44 the

380 2492 122 30 same
527 2477 109 44 time
660 2485 46 35 to
733 2477 211 42 continue
969 2476 76 44 the
1069 2474 274 54 publication
1369 2476 51 44 of
1445 2476 74 45 the
1545 2475 75 46 old
1646 2476 191 46 volume,
1899 2479 57 52 cf.
1987 2479 127 44 Pref.

451 2533 296 53 “Appendix:
775 2533 97 43 List
897 2533 50 46 of
973 2533 142 44 books
1143 2531 193 45 suitable
1362 2532 75 44 for
1464 2548 25 29 a
1514 2533 109 53 high
1651 2534 155 44 school
1835 2535 224 54 library”:
2087 2538 26 42 4
2140 2552 39 38 p.
379 2537 1984 109 following
487 2606 39 39 p.
559 2590 94 46 808.

450 2646 194 55 “Topics
662 2650 88 42 and
768 2647 282 45 references”
1377 2657 45 35 at
1448 2648 86 44 end
1560 2649 50 43 of
1634 2650 109 42 each
1768 2651 198 51 chapter.

381 2704 53 54 ©
462 2707 115 51 June
605 2705 67 52 26,
705 2704 131 53 1925;
865 2705 66 42 2c.
961 2704 106 53 July
1099 2705 47 51 1;
1177 2705 53 42 aff.
1287 2705 114 52 June
1434 2705 78 52 30;
1543 2706 44 42 A
1617 2705 189 53 855729;
1842 2707 45 46 S.
1919 2708 51 43 B.
2001 2707 228 55 Harding,
449 2709 1912 105 Minneapolis.

729 2759 66 56 [©
824 2776 26 28 a
876 2760 227 53 thorough
1132 2760 198 44 revision
1355 2762 88 42 and
1470 2761 212 54 bringing
1709 2771 46 36 to
1785 2765 104 43 date]

458 2817 274 56 (25-11975)

381 2918 264 73 Hickok,
682 2916 176 61 Julia
894 2918 70 57 E.

378 3009 1979 152 Colonial South Carolina, by Julia E. Hickok … Cincinnati,
671 3090 131 57 The
839 3088 241 58 Ebbert
1114 3088 47 57 &
1197 3086 396 60 Richardson
1628 3107 107 54 co.,
1772 3090 167 57 1925.

449 3168 53 46 57
529 3183 41 38 p.
631 3169 52 44 23
708 3169 29 17 cm
745 3205 8 8 .
822 3166 101 53 (On
951 3179 159 33 cover:
1138 3166 102 46 The
1267 3167 207 46 Colonial
1504 3165 154 48 dames
1686 3169 54 44 of
1767 3168 218 47 America
2010 3169 46 46 in
2080 3170 78 47 the
2185 3179 118 39 state
2328 3172 53 45 of

380 3222 1852 57 Ohio … Studies in the colonial period for use in the public schools)
380 3278 53 53 ©
459 3280 116 52 June
601 3278 67 52 30,
698 3277 132 53 1925;
857 3278 65 43 2c.
950 3279 88 42 and
1064 3278 78 42 aff.
1170 3277 107 52 July
1305 3277 49 53 8;
1384 3278 44 42 A
1457 3276 189 54 855806;
1679 3277 173 48 Ebbert
1880 3281 38 43 &
1946 3280 285 46 Richardson
2258 3298 65 28 co.

458 3334 271 56 (25-12624)

382 3437 266 70 Hoofon,
689 3436 269 55 Earnest
995 3432 239 72 Albert,
1277 3435 188 57 1887-

526 3524 1854 79 … The ancient inhabitants of the Canary Islands, by
381 3600 1974 142 Earnest A. Hooton … Cambridge, Mass., Peabody museum
589 3682 68 57 of
690 3680 303 58 Harvard
1026 3679 371 72 university,
1435 3681 166 56 1925.

451 3775 110 38 xxv,
590 3758 79 45 401
705 3772 38 38 p.
777 3758 99 43 incl.
908 3756 132 54 illus.,
1069 3756 158 53 tables,
1259 3755 166 55 diagrs.
1486 3756 55 45 39
1570 3771 56 39 pl.
1687 3758 53 45 28½
1792 3760 30 18 cm
1828 3795 8 8 .
1906 3759 244 54 (Harvard
2182 3759 196 47 African

380 3818 185 51 studies,
594 3815 88 45 vol.
713 3814 97 54 vii)

453 3871 351 54 Bibliography;
841 3885 39 37 p.
914 3869 206 45 397-401.

379 3929 54 53 ©
466 3931 114 51 June
612 3927 65 52 25,
715 3925 131 53 1925;
878 3926 65 43 2c.
976 3925 106 53 July
1113 3926 52 51 3;
1201 3926 79 42 aff.
1313 3925 107 52 July
1451 3924 52 53 2;
1539 3926 43 41 A
1617 3924 188 55 855754;
1843 3928 216 54 Peabody
2091 3945 205 31 museum
2328 3932 50 44 of

451 3986 217 43 Harvard
699 3984 134 51 univ.,
867 3981 286 53 Cambridge,
1187 3983 142 42 Mass.
1399 3981 270 55 (25-12456)
