2533 4412
0 0 0 0 102
392 452 227 72 Eppes,
653 453 154 58 Mrs.
845 450 297 60 Nicholas
1179 451 207 59 Ware.

471 544 128 56 The
643 561 195 54 negro
882 544 68 56 of
990 545 103 56 the
1137 544 104 57 old
1286 543 230 73 South;
1562 564 39 37 a
1640 544 95 59 bit
1777 546 68 57 of
1886 546 223 72 period
2150 546 248 73 history

500 622 84 72 …by
618 622 155 57 Mrs.
814 622 296 57 Nicholas
1146 622 192 57 Ware
1378 621 234 72 Eppes.
1716 621 290 76 Chicago,
2045 625 243 72 Joseph
2326 625 70 59 G.

389 700 253 57 Branch
676 700 368 72 publishing
1080 718 309 54 company
1426 701 183 74 [1925]

460 777 91 51 xvi,
586 777 82 43 203
704 792 39 37 p.
805 777 151 53 front.,
994 777 115 44 illus.
1174 777 53 44 19½
1260 779 48 18 cm
1314 812 8 8 .

392 831 53 55 ©
472 834 99 53 Jan.
596 833 69 53 27,
696 832 130 55 1925;
857 835 64 44 2c.
950 834 87 44 and
1065 834 78 44 aff.
1173 834 99 53 Jan.
1302 833 77 54 30;
1411 833 43 44 A
1484 833 189 54 815927;
1707 835 115 44 Mrs.
1853 835 59 45 N.
1943 836 74 45 W.
2048 835 166 56 Eppes,
461 835 1917 109 Tallahassee,

658 890 96 45 Fla.

389 991 230 72 Evans,
663 991 169 59 John
871 991 236 73 Henry,
1150 993 191 57 1872-

469 1083 129 59 Our
627 1083 230 57 church
883 1083 124 57 and
1034 1083 241 72 people,
1302 1083 254 57 written
1582 1084 105 57 for
1714 1084 103 58 the
1844 1084 264 59 Deseret
2139 1086 259 72 Sunday

389 1161 2009 76 school union, by John Henry Evans … Salt Lake City,
387 1239 191 75 Utah,
608 1240 129 57 The
766 1239 266 59 Deseret
1059 1239 161 58 book
1251 1257 324 56 company,
1608 1242 167 57 1924.

464 1319 1018 54 298 p. incl. plates, ports, front. 20 cm .
390 1374 54 54 ©
468 1377 100 52 Jan.
596 1377 37 51 3,
663 1374 130 54 1925;
819 1375 66 44 2c.
911 1375 87 44 and
1023 1375 78 44 aff.
1129 1375 105 44 Feb.
1266 1377 73 51 14;
1366 1376 46 42 A
1437 1374 190 55 823087;
1657 1375 151 45 David
1837 1376 55 45 O.
1921 1377 201 53 McKay,
2150 1375 101 48 Salt
2275 1377 125 45 Lake

464 1433 115 54 City,
607 1432 139 46 Utah.
811 1430 244 58 (25-4302)

387 1534 260 68 Fenton,
689 1532 248 59 Carroll
970 1532 188 59 Lane.

464 1611 129 57 The
628 1610 443 73 stratigraphy
1100 1611 124 57 and
1255 1611 197 57 fauna
1486 1611 68 57 of
1583 1610 103 58 the
1718 1610 374 74 Hackberry
2122 1614 177 70 stage
2331 1612 70 58 of

385 1690 106 57 the
529 1689 223 72 Upper
794 1689 329 57 Devonian,
1181 1689 84 71 by
1307 1687 248 60 Carroll
1594 1689 171 57 Lane
1808 1690 247 57 Fenton
2096 1690 126 58 and
387 1689 1990 137 Mildred

585 1768 240 58 Adams
872 1767 262 58 Fenton.
1221 1767 153 59 New
1414 1767 192 73 York,
1656 1768 129 57 The
1832 1768 363 58 Macmillan
384 1787 1990 131 company;

615 1846 280 73 London,
927 1845 363 58 Macmillan
1319 1846 47 56 &
1397 1864 325 55 company,
1753 1845 263 75 limited,
2046 1847 167 57 1924.

463 1924 1942 55 xi, 260 p. front., (map) illus., XLV pl., double tab., diagrs. 23½ cm .
401 1980 295 57 (Half-title:
749 1982 340 45 Contributions
1139 1982 121 44 from
1307 1981 75 45 the
1429 1983 213 43 Museum
1688 1982 53 45 of
1786 1982 207 55 geology,
2042 1982 268 55 University
2354 1982 50 45 of

394 2041 250 53 Michigan,
670 2041 88 44 vol.
815 2041 17 53 I)

468 2099 179 53 Paging
675 2096 200 46 includes
902 2097 299 52 explanatory
1229 2105 97 36 text
1352 2111 58 30 on
1437 2111 135 30 verso
1595 2096 50 45 of
1671 2095 143 55 plates
1860 2123 154 18 I-XLIV.

390 2153 54 54 ©
469 2155 99 52 Jan.
597 2153 37 53 7,
667 2152 129 54 1925;
825 2155 65 42 2c.
919 2154 99 52 Jan.
1051 2154 72 51 12;
1155 2154 78 42 aff.
1262 2154 98 52 Jan.
1394 2153 73 53 10;
1498 2154 44 42 A
1569 2153 189 53 822013;
1792 2153 187 53 Eugene
2011 2153 141 46 Stock
459 2153 1918 111 McCartney,

585 2212 107 42 Ann
718 2211 168 51 Arbor,
918 2210 140 43 Mich.
1128 2208 245 57 (25-4358)

388 2309 216 74 Finch,
651 2309 260 59 Charles
954 2309 235 74 Edgar.

468 2405 345 73 Everyday
870 2404 207 73 civics,
1137 2403 400 73 community,
1599 2406 182 70 state,
1841 2405 127 59 and
2019 2403 239 69 nation,
2317 2405 81 72 by

393 2481 2004 76 Charles Edgar Finch … Philippine ed. New York,
392 2560 354 63 Cincinnati
785 2564 146 73 [etc.]
967 2562 339 59 American
1337 2561 161 60 book
1530 2580 307 56 company
1872 2590 13 46 [
1885 2569 19 21 c
1910 2562 165 74 1924]

457 2640 848 66 x, 346 p. incl front., illus. 19 cm .
460 2700 237 53 “Organic
719 2707 74 38 act
818 2700 77 43 for
917 2698 79 46 the
1022 2696 334 54 Philippines”:
1386 2714 39 35 p.
1451 2697 206 45 321-340.

389 2755 54 54 ©
476 2757 110 42 Dec.
620 2756 66 51 31,
724 2755 129 51 1924;
886 2754 65 43 2c.
984 2754 88 43 and
1103 2754 79 42 aff.
1215 2751 107 45 Feb.
1357 2751 38 53 6,
1430 2750 131 53 1925;
1597 2752 44 42 A
1675 2751 189 53 814919;
1901 2751 246 45 American
2179 2754 122 43 book
2330 2768 64 29 co.

470 2806 244 62 (25-4101)

388 2900 292 69 Forman,
717 2896 218 74 Harry
967 2892 291 75 Willard,
1297 2895 190 57 1858-

464 2984 1865 80 Rights of trains. (Rev. ed.) By Harry W. Forman …
387 3070 60 56 A
481 3067 306 73 complete
822 3064 279 73 analysis
1140 3064 69 57 of
1246 3063 198 73 single
1481 3063 180 57 track
1697 3064 306 57 standard
2040 3065 148 62 code
2229 3065 167 58 rules

387 3147 65 59 in
485 3148 104 58 the
621 3147 169 57 form
825 3145 69 58 of
924 3144 290 71 lectures,
1250 3140 322 75 questions
1610 3142 124 56 and
1769 3159 295 55 answers,
2103 3143 292 72 chapters

389 3225 275 73 relating
688 3228 63 54 to
780 3223 206 59 duties
1018 3222 67 58 of
1113 3220 240 58 certain
1382 3220 235 59 officers
1648 3221 124 57 and
1801 3219 334 74 employes,
387 3240 1986 122 recommended

699 3298 1629 75 safe practices, and much seasonable advice …
388 3383 153 57 New
566 3381 191 72 York,
789 3380 72 57 N.
894 3379 93 72 Y.,
1022 3377 271 72 Chicago
1327 3380 147 71 [etc.]
1511 3376 704 58 Simmons-Boardman
386 3378 1985 154 publishing

659 3475 308 55 company
1008 3487 13 43 [
1022 3464 20 22 c
1046 3456 164 74 1925]

457 3537 108 51 xvii,
620 3536 163 44 19-608
831 3549 39 38 p.
933 3534 115 43 illus.
1077 3533 126 53 (part
1253 3531 97 53 col.,
1404 3531 100 44 incl.
1558 3531 171 54 forms)
1800 3532 49 43 19½
1885 3533 47 17 cm
1938 3566 8 9 .
2016 3531 377 55 (Railwaymen’s

385 3595 244 44 handbook
664 3592 166 54 series)

460 3650 248 46 Published
738 3649 106 44 1904
871 3648 142 44 under
1040 3647 122 44 title:
1195 3645 165 53 Rights
1388 3645 53 44 of
1465 3646 142 43 trains
1635 3660 59 28 on
1722 3642 144 55 single
1895 3644 141 45 track.

390 3708 53 55 ©
473 3710 99 52 Jan.
602 3707 67 53 30,
701 3705 130 53 1925;
861 3706 66 43 2c.
959 3704 109 44 Feb.
1104 3704 73 52 12;
1211 3703 79 44 aff.
1323 3701 107 45 Feb.
1467 3703 74 51 11;
1575 3702 44 42 A
1650 3701 187 50 822009;
1877 3700 515 46 Simmons-Boardman

459 3765 102 55 pub.
590 3779 65 30 co.
724 3760 244 57 (25-4110)

388 3851 259 69 France,
683 3845 288 73 Anatole,
1010 3845 359 59 1844-1924.

468 3946 96 57 La
592 3942 270 60 comédie
892 3942 75 57 de
998 3939 158 58 celui
1185 3937 106 73 qui
1353 3956 202 53 épousa
1585 3957 119 38 une
1733 3938 229 58 femme
1992 3940 254 66 muette,
2277 3957 118 54 par

389 4023 270 57 Anatole
709 4020 262 56 France.
1112 4017 56 57 Éd.
1223 4016 262 59 scolaire
1537 4034 149 39 avec
1732 4018 180 56 notes
1965 4015 425 74 explicatives,
