2533 4412
1288 4079 148 56 1106

427 494 1004 53 vii, 286 p. illus., iv pl., diagrs. 24 cm .
431 563 895 54 “Literatur ü bersicht”: p. [256]-276.
357 632 1697 56 © May 12, 1925; 1c. Aug. 20; A— Foreign 28423; Otto Spamer.
438 689 272 56 (25-21204)

361 791 237 74 [Locke,
639 790 284 61 William
962 792 232 75 James]
1237 795 191 57 1868-
1588 812 193 55 comp.

435 883 334 60 Crocker’s
806 885 142 57 blue
987 884 161 58 book
1185 904 79 38 on
1303 884 317 73 principal
1657 885 128 73 city
1824 889 198 55 street
352 886 1990 135 improvement

549 964 152 57 laws
729 963 68 57 of
826 961 372 74 California,
1227 964 366 73 containing
1621 965 524 71 “Improvement
2174 966 98 56 act
2300 964 67 59 of

355 1043 223 72 1911”,
639 1061 70 38 as
769 1043 323 71 amended,
1149 1041 153 58 with
1360 1042 425 72 annotations,
1845 1043 522 71 “Improvement

353 1120 169 58 bond
589 1122 99 55 act
758 1120 68 57 of
894 1121 223 71 1915”,
1191 1139 69 38 as
1330 1122 322 70 amended,
1721 1121 153 57 with
1944 1121 424 71 annotations,

357 1199 313 72 “Change
719 1198 68 58 of
836 1200 197 71 grade
1081 1200 99 56 act
1232 1198 67 58 of
1347 1200 205 55 1909”
1603 1218 70 38 as
1723 1201 324 70 amended,
2099 1199 270 60 “Street

357 1277 275 73 opening
668 1279 100 55 act
807 1277 67 57 of
911 1278 226 71 1889”,
1176 1296 69 38 as
1284 1277 324 74 amended,
1643 1276 123 60 Act
1805 1277 67 58 of
1911 1279 167 72 1921,
355 1277 1988 152 providing

499 1356 106 58 for
640 1355 201 58 bonds
879 1354 66 57 in
982 1355 271 58 relation
1288 1359 63 54 to
1394 1354 210 60 Street
1642 1355 275 74 opening
1955 1359 100 55 act
2092 1357 68 57 of
2198 1358 170 70 1889,

356 1434 377 60 “Vrooman
771 1437 154 56 act”
967 1433 68 59 of
1072 1435 168 73 1885,
1282 1453 70 39 as
1389 1435 322 73 amended,
1751 1433 122 60 Act
1913 1434 67 59 of
2018 1436 167 73 1893,

352 1455 1990 133 providing
602 1514 104 58 for
735 1514 291 57 issuance
1059 1513 68 57 of
1155 1514 201 57 bonds
1387 1512 106 59 for
1523 1515 197 56 street
1749 1513 513 73 improvements,
2297 1533 70 38 as

354 1593 325 70 amended,
710 1592 244 57 “Local
979 1593 459 70 improvement
1467 1594 99 55 act
1596 1591 66 58 of
1691 1592 223 72 1901”,
1945 1611 69 40 as
2044 1592 323 71 amended,

355 1670 455 74 “Acquisition
838 1671 126 58 and
987 1671 461 70 improvement
1477 1672 100 55 act
1605 1670 67 57 of
1699 1671 225 72 1925”,
1951 1670 224 59 Public
2196 1670 173 59 work

356 1750 328 73 revolving
708 1750 162 58 fund
893 1752 100 55 act
1019 1749 68 57 of
1111 1748 169 73 1925,
1308 1747 147 74 City
1476 1748 332 73 boundary
1830 1748 126 59 line
1982 1752 98 55 act
2105 1749 68 57 of
2199 1750 166 71 1911,

354 1849 71 38 as
487 1829 322 58 amended.
909 1826 343 73 Appendix
1311 1825 236 75 setting
1605 1826 197 73 forth,
1860 1827 107 58 for
2024 1826 343 73 reference,

356 1907 460 74 specifications
848 1906 105 58 for
981 1906 259 57 various
1269 1904 186 59 kinds
1486 1905 67 58 of
1586 1907 196 56 street
1812 1905 188 59 work.
2072 1907 148 56 1925
2254 1908 111 71 ed.,

356 1983 2010 74 rev. and annotated by H. C. Symonds … San Francisco,
355 2065 123 60 Los
504 2066 278 73 Angeles
811 2067 147 71 [etc.]
986 2063 80 58 H.
1097 2064 61 59 S.
1188 2062 271 60 Crocker
1485 2082 106 54 co.,
1618 2062 117 59 inc.
1767 2093 13 44 [
1782 2071 19 23 c
1805 2064 165 73 1925]

425 2160 83 45 480
534 2175 40 38 p.
636 2157 118 45 illus.
781 2157 156 55 (plan)
1009 2158 50 43 18
1067 2159 47 18 cm
1120 2191 8 8 .

358 2230 53 54 ©
437 2232 120 52 Aug.
582 2231 67 51 20,
677 2228 131 53 1925;
834 2229 65 42 2c.
930 2227 120 53 Sept.
1076 2228 50 52 4;
1155 2227 80 43 aff.
1265 2226 122 54 Sept.
1412 2230 50 49 8;
1490 2227 44 42 A
1563 2226 189 53 861894;
1782 2227 62 43 H.
1875 2226 44 47 S.
1948 2225 205 46 Crocker
2178 2243 78 35 co.,
2286 2227 84 44 inc.

437 2286 273 57 (25-18786)

359 2387 274 73 Løkken,
675 2387 271 58 Thomas
985 2384 240 72 Olesen,
1265 2387 190 58 1877-

353 2475 1926 141 … Jesper spillemand og seks andre historier fra gammel
522 2557 111 59 tid.
720 2557 364 56 Illustreret
1130 2554 68 58 af
1244 2554 162 57 Lars
1455 2553 276 58 Nielsen.
1822 2553 428 75 [København]
2303 2552 61 60 S.

354 2635 418 61 Hasselbalch
805 2636 182 74 [1925]

429 2719 74 44 131
535 2733 54 38 p.,
622 2719 19 42 1
671 2715 27 44 L
759 2714 118 45 illus.
938 2714 54 45 20
999 2716 15 17 cm
1052 2749 9 7 .

695 2774 227 51 CONTENTS.—Jesper
963 2768 1154 56 spillemand.—Vesterude.—Moderen.—Jurgen.
2138 2793 57 5 —
2213 2767 153 45 Offer-

355 2827 929 51 lammet.—Kviksand.—Møllermarens
1319 2840 157 39 penge.

357 2881 1871 60 © Apr. 18, 1925; 1c. Sept. 12; A—Foreign 28559; Steen Hasselbalch.
437 2944 272 56 (25-21064)

359 3045 300 72 Lorimer,
698 3045 237 57 Norma
973 3041 281 73 Octavia,
1294 3043 191 57 1864-

434 3129 1931 76 Alec ’s mother: a novel, by Norma Lorimer … London,
356 3217 401 58 Hutchinson
781 3214 49 58 &
856 3233 87 39 co.
976 3213 182 73 [1925]

425 3294 606 56 2 p. l., 7-286 p. 19½ cm .
360 3342 2009 64 © 1c. Oct. 10, 1925; A ad int. 7369; pubd. Aug. 14; N. Lorimer, Perth,
432 3409 232 47 Scotland.
735 3405 273 57 (25-22761)

358 3509 173 69 Lust,
572 3507 274 58 Herbert
887 3504 296 59 Canfield.

440 3601 342 73 Quarterly
836 3598 210 73 digest
1104 3596 66 58 of
1228 3595 310 58 decisions
1596 3595 204 56 under
1857 3593 104 56 the
2021 3592 347 56 Interstate

361 3670 2007 77 commerce act … by Herbert C. Lust … v. 8 … no. 2,
363 3756 386 74 September,
805 3755 167 57 1925.
1027 3736 13 11 ‘
1067 3751 264 73 Fowler,
1383 3750 157 73 Ind.,
1593 3750 80 56 H.
1731 3747 65 60 C.
1850 3748 162 57 Lust
2063 3764 305 55 company

363 3837 182 75 [1925]

427 3911 83 45 227
574 3912 17 42 [1]
642 3925 27 38 p
739 3910 53 44 23
800 3912 47 18 cm

360 3968 53 54 ©
444 3968 122 53 Sept
597 3969 34 47 L
662 3964 130 54 1925;
821 3966 65 43 2c.
914 3966 88 42 and
1029 3964 79 43 aff.
1137 3963 119 44 Nov.
1282 3962 52 53 2;
1364 3962 44 42 A
1436 3959 192 52 869869;
1659 3960 62 42 H.
1753 3957 48 45 C.
1831 3958 125 52 Lust,
1987 3956 195 52 Fowler,
2211 3956 97 43 Ind.
