2533 4412
0 0 0 0 445
73 427 343 69 Eberhard,
451 424 280 73 Ludwig.

152 520 114 57 Die
302 519 155 71 jagd
492 521 107 56 des
633 519 422 70 hauptmanns
1096 516 259 72 Thumb,
1393 534 219 39 roman
1645 533 123 39 von
1803 513 262 73 Ludwig

74 596 346 57 Eberhard.
504 593 274 74 Leipzig,
815 595 71 56 E.
921 593 181 59 Keils
1133 591 369 75 nachfolger
1539 621 13 44 [
1553 599 17 21 c
1576 593 164 71 1924]

144 675 93 51 240,
269 676 52 46 [1]
349 689 41 36 p.
453 675 52 43 19
509 675 46 18 cm
562 710 10 10 .

74 722 1986 58 © Nov. 28, 1924; 1c. Mar. 19, 1925; A —Foreign 27488; E. Keils nachfolger,
143 786 119 52 Aug.
296 784 171 45 Scherl.
537 782 272 55 (25-10167)

72 868 251 73 Ekeley,
355 867 168 59 John
553 866 301 73 Bernard,
887 867 189 59 1869-

149 962 127 56 The
307 960 164 58 chief
497 961 149 56 laws
678 961 124 56 and
827 959 272 58 theories
1130 958 68 57 of
1226 956 338 73 chemistry
1589 954 222 75 briefly
1840 955 224 72 stated,

71 1034 1529 76 by John B. Ekeley … Boulder, Colo., 1925.
137 1116 330 53 48 p. 19½ cm .
74 1169 53 54 ©
149 1171 111 52 Apr.
289 1170 62 51 17,
377 1168 130 53 1925;
534 1169 64 42 2c.
623 1169 87 42 and
735 1169 78 42 aff.
837 1168 113 52 Apr.
980 1165 74 55 17;
1083 1168 45 42 A
1152 1166 188 52 822948;
1367 1166 41 53 J.
1435 1166 50 43 B.
1511 1165 185 54 Ekeley,
1726 1165 213 54 Boulder,
1968 1164 95 46 Col.

147 1225 66 56 [©
244 1226 275 44 corrections
552 1226 87 42 and
673 1225 246 43 additional
953 1232 111 44 text]
1135 1221 242 56 (25-8607)

73 1310 235 73 Elhuff,
344 1309 218 73 Lewis,
599 1311 190 57 1880-

147 1396 1917 76 General science, first course, by Lewis Elhuft … Rev.
69 1480 256 71 Boston,
355 1479 151 56 New
533 1477 173 58 York
737 1480 145 69 [etc.]
915 1476 73 57 D.
1024 1474 63 60 C.
1119 1476 213 57 Heath
1359 1477 47 56 &
1436 1495 85 39 co.
1555 1506 13 44 [
1569 1484 19 21 c
1591 1477 165 72 1925]

144 1558 93 53 viii,
263 1559 81 42 433
372 1573 40 37 p.
473 1556 130 52 illus.,
632 1557 165 51 diagrs.
863 1556 47 44 19
919 1557 45 17 cm
972 1590 8 8 .

75 1612 53 54 ©
153 1615 111 51 Apr.
291 1614 66 52 23,
389 1612 103 45 1925;
545 1613 66 42 2c.
638 1613 112 52 Apr.
778 1610 55 45 27;
887 1612 79 42 aff.
994 1612 112 51 Apr.
1133 1612 53 42 24;
1241 1612 44 42 A
1313 1611 164 44 823919;
1534 1612 56 43 D.
1621 1610 49 45 C.
1700 1611 156 43 Heath
1884 1612 88 43 and
1999 1625 66 29 co.

148 1669 66 55 [©
242 1670 183 53 general
455 1669 233 52 revisions]
759 1666 243 56 (25-8964)

73 1755 208 72 Elson,
323 1754 188 58 Louis
554 1752 275 73 Charles,
873 1755 357 57 1848-1920.

218 1843 1853 74 … The history of American music, by Louis C. Elson
141 1922 1930 73 … with twelve full-page photogravures and one hundred
75 2001 124 60 and
227 2002 96 59 six
350 2000 421 60 illustrations
801 2000 65 57 in
893 2000 105 58 the
1030 2003 149 55 text.
1262 1998 274 61 Revised
1566 2003 63 55 to
1663 1999 148 61 1925
1840 2001 84 72 by
75 2001 1971 137 Arthur
257 2081 213 57 Elson.
554 2080 153 56 New
740 2079 191 71 York,
971 2078 135 58 The.
1140 2077 362 59 Macmillan
1539 2097 325 54 company,
1902 2079 166 58 1925.

144 2157 97 53 xiii,
275 2158 84 43 423
392 2171 41 39 p.
468 2154 102 46 incl.
607 2156 159 53 plates,
801 2162 143 47 ports,
1007 2155 157 53 front.,
1203 2154 117 44 illus.
1348 2155 99 54 (incl.
1514 2155 174 54 music)
1731 2155 160 53 plates,
1927 2164 144 45 ports.

73 2210 1686 57 25 ½ cm . (The history of American art, ed. by J. C. Van Dyke)
145 2269 226 45 “General
400 2268 348 54 bibliography”:
809 2284 40 37 p.
880 2268 208 45 405-406.

75 2326 53 54 ©
161 2329 118 41 Mar.
313 2328 66 50 31,
415 2325 129 53 1925;
579 2324 64 45 2c.
675 2327 87 42 and
795 2326 78 43 aff.
908 2326 111 51 Apr.
1057 2327 45 51 1;
1137 2325 46 43 A
1212 2322 191 56 822704;
1440 2326 266 43 Macmillan
1741 2341 65 29 co.
1869 2324 67 54 [©
1968 2341 100 30 new

146 2384 87 43 and
263 2384 175 43 revised
465 2381 223 54 material]
759 2380 244 55 (25-8745)

76 2469 420 73 Espenshade,
536 2467 325 58 Abraham
899 2467 251 73 Howry,
1193 2469 190 57 1869-

155 2562 468 74 Pennsylvania
658 2563 177 72 place
869 2580 235 55 names,
1143 2563 84 73 by
1262 2561 77 61 A.
1379 2561 241 74 Howry
1656 2562 414 73 Espenshade

148 2640 1921 75 … State College, Pa., The Pennsylvania state college
80 2751 13 44 [
94 2729 18 21 c
117 2722 163 71 1925]

149 2797 80 47 375
269 2814 41 35 p.
371 2797 113 45 fold.
522 2812 114 35 map.
695 2797 53 44 23½c
800 2798 30 18 m
838 2832 8 8 .
914 2795 125 52 (The
1079 2794 334 53 Pennsylvania
1450 2803 117 38 state
1603 2796 173 53 college
1813 2797 173 47 studies
2024 2796 46 46 in

79 2854 175 51 history
279 2855 87 43 and
391 2851 199 53 political
616 2851 185 51 science,
827 2867 76 29 no.
932 2854 35 42 1.
1029 2850 187 53 College
1241 2851 152 52 series,
1418 2867 74 30 no.
1523 2852 46 51 1)

154 2910 126 44 “List
307 2910 51 45 of
386 2909 144 44 books
560 2906 262 46 consulted”:
879 2923 41 35 p.
950 2905 207 47 341-345.

77 2962 53 54 ©
157 2964 112 51 Apr.
301 2962 62 52 15,
395 2961 129 53 1925;
555 2962 66 42 2c.
649 2962 87 42 and
763 2962 78 43 aff.
871 2962 112 52 Apr.
1017 2960 74 52 17;
1122 2960 46 43 A
1198 2960 187 53 822943;
1417 2962 57 43 A.
1506 2963 62 42 H.
1599 2961 305 56 Espenshade,
1939 2963 128 47 State

149 3019 196 53 College,
378 3020 78 41 Pa.
526 3016 243 56 (25-8949)

76 3103 303 74 Filipetti,
412 3103 257 70 George.

202 3182 1833 62 … The wholesale markets in New York and its environs;
78 3271 256 64 present
385 3263 217 57 trends
657 3262 122 57 and
829 3259 301 73 probable
1183 3260 217 58 future
1452 3262 484 73 developments,
1988 3265 85 72 by

79 3337 1992 76 George Filipetti … New York, Regional plan of New
75 3419 173 57 York
274 3419 124 56 and
421 3417 84 57 its
534 3415 311 67 environs,
875 3416 165 56 1925.

148 3497 53 45 69
230 3512 41 37 p.
333 3495 152 51 front.,
519 3509 125 37 maps
685 3493 48 53 (1
768 3491 140 53 fold.)
974 3493 55 44 28
1034 3494 48 18 cm
1087 3527 10 10 .
1165 3491 250 54 (Regional
1447 3495 106 51 plan
1584 3495 52 45 of
1668 3496 118 45 New
1817 3495 135 45 York
1982 3499 89 43 and

77 3553 56 45 its
159 3552 223 46 environs.
443 3548 247 49 Economic
715 3548 89 46 and
828 3547 243 47 industrial
1095 3563 177 39 survey.
1331 3548 250 48 Economic
1607 3552 152 54 series,
1786 3556 284 53 monograph

76 3624 73 33 no.
178 3609 75 53 11)

80 3664 53 53 ©
167 3665 119 42 Mar.
319 3661 67 54 25,
425 3660 129 53 1925;
588 3662 65 42 2c.
688 3661 90 44 and
808 3661 79 42 aff.
923 3660 112 52 Apr.
1071 3661 49 51 3;
1157 3660 45 42 A
1236 3659 189 55 826965;
1464 3661 272 49 Committee
1767 3681 59 29 on
1863 3667 204 53 regional

149 3721 103 52 plan
280 3719 50 44 of
359 3719 118 42 New
507 3718 131 43 York
663 3717 87 42 and
780 3717 55 42 its
864 3716 223 43 environs.
1156 3713 242 57 (25-8304)

81 3806 274 74 [Finney,
393 3804 267 57 Thomas
695 3802 300 74 McKean]

155 3884 266 57 Pioneer
459 3881 154 71 days
650 3881 152 56 with
836 3880 103 57 the
981 3880 202 72 Osage
1222 3880 278 73 Indians,
1535 3887 157 55 west
1729 3886 69 57 of
1845 3889 105 72 ’96,
1989 3889 80 72 by

76 3958 604 72 Wahshowahgaley
713 3959 247 71 [pseud.]
1047 3957 434 75 [Bartlesville,
1514 3961 192 71 Okla.,
1737 3974 20 21 c
1761 3965 163 73 1925]
