2533 4412
1086 4138 69 54 53

127 487 332 73 Faulkner,
497 487 297 59 William.

206 580 129 56 The
366 578 239 58 marble
640 577 174 71 faun,
850 580 81 69 by
963 574 282 59 William
1277 574 334 58 Faulkner.
1693 575 260 70 Boston,
1996 575 129 56 The

128 658 173 56 Four
330 674 140 39 seas
498 673 308 54 company
834 683 13 43 [
849 663 19 21 c
873 655 165 72 1924]

197 734 49 45 51
279 748 41 38 p.
382 734 49 43 19½
466 735 47 18 cm
519 767 10 9 .

200 791 179 43 Poems.

122 846 55 54 ©
206 847 107 43 Dec.
344 844 62 54 15,
439 845 129 53 1924;
596 846 65 43 2c.
692 846 109 43 Dec.
828 845 78 51 20;
938 844 79 45 aff.
1045 846 101 52 Jan.
1172 842 68 54 27,
1273 842 129 54 1925;
1432 844 43 43 A
1505 841 189 54 815768;
1726 842 126 44 Four
1878 858 96 28 seas
2004 858 64 28 co.

203 903 241 54 (25-2686)

127 1004 205 70 Frick,
372 1003 240 57 Minnie
652 1003 93 57 De
783 1003 214 57 Motte.

205 1095 359 73 Analytical
597 1097 241 57 lessons
873 1095 64 57 in
973 1096 211 72 Gregg
1219 1096 363 72 shorthand,
1617 1094 153 57 with
1804 1094 322 71 dictation,

133 1171 1990 76 by Minnie Be Motte Frick … New York, Chicago [etc.]
131 1254 126 57 The
291 1252 209 73 Gregg
531 1251 362 73 publishing
923 1269 306 54 company
1264 1281 12 43 [
1277 1257 19 21 c
1301 1252 164 70 1924]

231 1330 397 53 v, 355 p. 18½ cm .
124 1384 52 53 ©
206 1386 105 42 Dec.
338 1385 67 50 31,
434 1384 129 51 1924;
589 1384 65 42 2c.
681 1384 99 51 Jan.
811 1380 63 54 17,
905 1381 129 46 1925:
1065 1381 78 43 aff.
1171 1383 99 51 Jan.
1302 1381 73 52 16;
1405 1382 43 42 A
1476 1381 188 53 814692;
1698 1381 154 53 Gregg
1877 1382 101 52 pub.
2005 1397 65 28 co.

203 1440 241 56 (25-2983)

127 1543 214 72 Fryer,
378 1544 153 57 Mrs.
572 1542 160 57 Jane
780 1540 264 73 (Eayre)
1094 1542 189 58 1876-

206 1633 129 56 The
361 1632 177 57 Bible
569 1633 177 70 story
769 1631 161 56 book
953 1630 110 56 for
1083 1630 153 71 boys
1266 1631 123 56 and
1415 1630 173 72 girls,
1616 1631 84 71 by
1723 1631 167 58 Jane
1915 1631 210 72 Eayre

131 1712 219 70 Fryer,
388 1710 66 55 in
492 1703 451 63 collaboration
978 1708 154 57 with
1169 1709 152 56 Rev.
1360 1708 170 58 John
1570 1708 69 59 G.
1681 1709 235 72 Fryer;
132 1710 1969 136 illustrated
381 1789 83 70 by

504 1786 226 57 Edwin
772 1786 170 58 John
983 1784 248 59 Prittie.
1315 1786 459 73 Philadelphia,
1819 1788 130 71 Pa.,
1997 1788 128 57 The

125 1864 1168 73 John C. Winston company [ c 1924]
197 1942 82 44 352
301 1958 40 38 p.
367 1942 100 45 incl.
493 1942 83 43 col.
602 1942 143 51 front.,
780 1942 82 43 col.
890 1941 115 43 illus.
1066 1941 82 44 col.
1175 1942 155 51 plates.
1390 1942 53 44 23½c
1498 1945 28 17 m
1532 1977 9 9 .

124 1998 52 54 ©
205 2000 108 44 Dec.
340 2001 65 49 31,
438 1999 107 44 1924;
596 1999 181 50 2c.,and
803 1998 78 44 aff.
910 2000 99 52 Jan.
1038 1999 67 53 22,
1137 1997 129 55 1925;
1298 1999 44 43 A
1369 1998 191 54 815709;
1589 1999 120 54 John
1739 1999 49 45 C.
1816 1999 217 46 Winston
2059 2015 66 30 co.

204 2057 241 54 (25-2266)

127 2159 245 70 Fulton,
414 2157 236 59 Robert
687 2157 253 71 Lardin,
983 2159 190 57 1847-

203 2247 161 71 Epic
400 2247 66 57 of
504 2247 101 56 the
645 2246 318 72 overland,
1001 2247 83 70 by
1121 2246 236 57 Robert
1397 2245 239 59 Lardin
1672 2247 263 72 Fulton;
1972 2245 150 60 with

129 2326 211 57 sketch
370 2325 68 57 of
465 2324 103 58 the
598 2324 113 57 life
741 2324 66 56 of
837 2324 104 57 the
973 2324 243 72 author;
1246 2324 84 72 by
1358 2324 110 58 Dr.
1501 2324 278 59 Herbert
1805 2325 317 72 Wynford

126 2401 1649 74 Hill … San Francisco, A. M. Robertson, 1924.
203 2479 1430 54 xiii, 109 p. incl. front. plates, ports., fold. map. 21 cm .
123 2536 56 53 ©
204 2539 99 51 Jan.
335 2537 62 51 10,
427 2535 129 53 1925;
585 2537 64 42 2c.
676 2537 99 51 Jan.
808 2536 74 51 19;
913 2536 77 43 aff.
1020 2537 98 51 Jan.
1151 2535 73 53 17;
1256 2538 43 42 A
1326 2535 190 55 815691;
1549 2537 261 44 Alexander
1839 2539 64 41 M.

195 2539 1909 99 Robertson.
358 2593 241 54 (25-2918)

127 2694 215 73 Gluck,
381 2694 288 71 Sinclair,
709 2697 189 56 1887-

208 2785 1915 76 Thieves ’ honor, by Sinclair Gluck … New York, Dodd,
132 2866 185 57 Mead
344 2865 47 56 &
416 2883 322 53 company,
768 2863 166 59 1925.

197 2940 873 54 vii p., 1 l., 290 p. 19½ cm . $2.00
126 2996 52 53 ©
204 2999 99 51 Jan.
327 2998 69 48 24,
424 2995 130 53 1925;
580 2997 64 41 2c.
672 2997 99 51 Jan.
798 2996 77 51 30;
904 2996 78 43 aff.
1009 2997 98 51 Jan.
1134 2995 78 52 28;
1243 2996 43 42 A
1314 2995 189 52 815841;
1533 2997 148 53 Dodd,
1709 2998 137 44 Mead
1873 3000 36 43 &
1935 3015 79 37 co.,
2041 3001 81 43 inc.

205 3052 241 55 (25-2966)

129 3154 295 72 Grissom,
459 3155 179 56 Irene
676 3153 232 59 Welch.

208 3248 127 56 The
365 3247 265 70 passing
662 3245 65 58 of
760 3246 101 57 the
896 3247 227 69 desert,
131 3324 250 58 Garden
412 3321 160 74 City,

601 3323 73 55 N.
701 3323 93 71 Y.,
827 3324 127 55 The
987 3322 282 73 Country
1296 3324 110 56 life
1436 3343 200 54 press,
1671 3328 164 55 1924.

195 3399 804 53 xi p., 1 l., 69 p. front. 19½ cm .
129 3455 50 53 ©
213 3457 118 41 Nov.
361 3455 68 52 20,
464 3455 105 43 1924;
625 3456 65 42 2c.
724 3456 98 51 Jan.
855 3456 37 50 9,
928 3455 130 52 1925;
1093 3456 79 43 aff.
1204 3456 100 51 Jan.
1338 3455 48 53 5;
1421 3457 43 42 A
1498 3457 189 53 815534;
1725 3459 33 43 I.
1792 3461 75 43 W.
1903 3459 221 55 Grissom,

198 3513 141 42 Idaho
368 3510 136 54 Fills,
532 3512 65 43 Id.

130 3612 213 71 Grout,
381 3612 159 57 Abel
576 3610 157 72 Joel,
774 3613 191 57 1867-

208 3701 241 57 Mosses
489 3701 151 56 with
680 3720 35 37 a
753 3701 346 57 hand-lens.
1181 3702 79 56 3d
1297 3702 112 72 ed.,
1449 3722 36 36 a
1524 3704 270 71 popular
1832 3706 186 72 guide
2057 3710 63 54 to

131 3779 103 58 the
264 3799 280 37 common
575 3799 71 37 or
676 3779 408 71 conspicuous
1113 3799 239 38 mosses
1385 3782 124 56 and
1537 3782 352 59 liverworts
1920 3785 68 57 of
2017 3786 105 57 the

131 3857 1967 150 north-eastern United States, by A. J. Grout … Liverworts, by M. A.
708 3935 211 57 Howe.
993 3935 372 57 Illustrated
1394 3936 151 57 with
1576 3938 433 73 photographs
2039 3940 84 72 by

133 4013 101 59 the
266 4012 225 57 author
520 4013 122 56 and
672 4012 230 73 others,
934 4012 315 72 drawings
1280 4014 83 70 by
1393 4014 187 72 Mary
1607 4015 75 57 V.
1718 4017 250 71 Thayer
1999 4019 122 56 and
