2533 4412
1136 4102 72 55 43

165 469 183 58 Rand
383 466 294 73 McNally
712 466 186 72 guide
937 470 63 53 to
1036 463 419 72 Washington
1496 463 123 56 and
1658 461 313 71 environs,
2007 461 149 56 with

241 562 180 55 maps
452 544 123 57 and
599 541 440 58 illustrations.
1123 541 116 56 Ed.
1271 539 68 58 of
1368 539 167 58 1925.
1618 539 152 56 New
1799 539 192 69 York,
243 537 1893 158 Chicago,
442 622 202 69 Rand,
672 620 291 71 McNally
990 618 48 58 &
1065 634 323 55 company,
1417 625 19 22 c
1440 616 166 58 1925.

235 702 82 43 224
341 715 42 38 p.
445 699 158 50 front.,
632 698 118 42 illus.
786 696 129 55 (incl.
944 697 156 53 plans)
1137 709 129 38 maps
1306 695 17 53 (1
1388 694 140 53 fold.)
1599 695 50 43 19½
1684 695 47 17 cm
1737 728 9 8 .

239 758 73 43 On
340 771 163 29 cover:
530 754 106 44 20th
667 753 188 47 edition.

165 813 53 53 ©
242 815 99 51 Jan.
374 813 62 50 17,
466 811 129 53 1925;
622 811 66 43 2c.
715 811 89 43 and
828 810 78 43 aff.
933 811 100 52 Jan.
1059 810 78 50 23;
1166 810 43 41 A
1237 806 189 54 814763;
1460 808 128 43 Rand
1618 807 223 52 McNally
1868 808 38 43 &
1934 822 64 28 co.

244 869 241 55 (25-2572)

167 969 282 72 Roberts,
484 968 258 73 Morley,
778 970 189 56 1857-

244 1059 94 57 On
378 1059 105 56 the
524 1057 380 71 earthquake
948 1056 141 72 line,
1131 1055 206 56 minor
1378 1056 378 55 adventures
1799 1055 64 55 in
1910 1055 255 58 Central

166 1136 309 71 America,
514 1137 82 70 by
631 1135 246 71 Morley
914 1135 302 69 Roberts;
1256 1133 150 56 with
1446 1133 96 56 six
1580 1132 323 73 paintings
1943 1134 80 71 by
2063 1135 101 55 the

166 1215 242 57 author.
493 1214 276 70 London,
809 1212 420 56 Arrowsmith
1273 1213 180 71 [1924]

236 1287 1402 57 309, [1] p., 1 l. 6 mounted col. pl. (incl. front.) 23 cm .
168 1348 52 53 ©
269 1362 36 30 1c.
330 1349 99 52 Jan.
452 1346 36 53 8,
517 1346 128 52 1925;
673 1347 44 42 A
741 1348 57 43 ad
822 1347 77 42 int.
923 1345 132 53 6554;
1083 1346 131 52 pubd.
1241 1346 118 42 Nov.
1389 1346 63 51 13,
1479 1345 130 51 1924;
1638 1345 65 43 M.
1730 1345 208 52 Roberts,
1965 1346 199 43 London.

247 1403 214 58 (25-347)

167 1505 334 72 Robinson,
542 1503 210 58 David
788 1503 233 72 Moore,
1065 1505 188 56 1880-

247 1592 1851 75 Sappho and her influence, by David M. Robinson …
168 1674 258 70 Boston,
454 1673 212 70 Mass.,
694 1672 308 57 Marshall
1028 1672 196 57 Jones
1255 1689 306 54 company
1589 1700 14 43 [
1604 1679 21 21 c
1627 1672 164 72 1924]

237 1748 1933 56 xii, 272 p. 24 pl. on 13 l. (incl. front.) 19 cm . (Half-title: Our debt to
170 1806 1647 52 Greece and Rome; editors, G. D. Hadzsits … D. M. Robinson)
242 1863 232 47 “Selected
502 1862 316 53 bibliography
844 1862 51 44 of
923 1870 152 36 recent
1100 1862 141 44 books
1269 1877 60 29 on
1357 1861 234 53 Sappho”:
1623 1877 41 37 p.
1690 1861 207 45 269-272.

165 1918 56 54 ©
248 1921 109 42 Dec.
381 1920 66 50 24,
479 1920 105 43 1924;
635 1921 64 41 2c.
726 1920 87 42 and
838 1918 78 44 aff.
943 1920 100 51 Jan.
1067 1919 39 51 2,
1138 1919 129 51 1925;
1295 1919 44 42 A
1364 1918 189 53 814525;
1584 1919 226 43 Marshall
1835 1920 136 51 Jones
1999 1934 66 28 co.

251 1976 242 55 (25-1867)

172 2077 211 73 Speer,
422 2077 235 58 Robert
692 2076 239 71 Elliott,
971 2078 190 57 1867-

247 2168 167 55 Race
456 2167 122 56 and
620 2185 142 38 race
805 2165 333 71 relations;
1181 2184 37 38 a
1263 2164 323 59 Christian
1625 2165 159 58 view
1827 2165 67 57 of
1935 2165 231 57 human

172 2248 296 69 contacts,
502 2245 82 70 by
618 2244 236 57 Robert
890 2243 73 58 E.
1003 2244 215 71 Speer.
1293 2244 150 56 New
1476 2243 173 58 York,
1709 2243 271 73 Chicago
2018 2247 146 69 [etc.]

171 2323 288 72 Fleming
485 2322 78 56 H.
595 2322 215 57 Revell
840 2340 306 53 company
1176 2351 13 43 [
1190 2330 20 25 c
1213 2323 164 72 1924]

246 2403 81 43 434
356 2417 39 38 p.
454 2403 48 42 21
514 2403 46 17 cm
568 2436 9 9 .

254 2459 102 43 “An
380 2459 289 43 abbreviated
695 2458 167 44 edition
887 2457 51 44 of
963 2458 87 43 this
1078 2457 118 44 book
1219 2473 93 29 was
1338 2458 148 44 issued
1512 2456 44 45 in
1584 2458 73 44 the
1683 2457 155 54 spring
1863 2474 49 27 as
1939 2474 25 27 a
1989 2457 185 44 mission

180 2516 130 51 study
342 2522 96 36 text
470 2515 119 43 book
618 2516 57 51 by
707 2513 74 45 the
812 2514 278 52 Missionary
1121 2515 236 43 education
1390 2523 256 35 movement
1678 2516 86 42 and
1796 2515 74 43 the
1907 2514 187 44 Council
2125 2515 49 42 of

177 2587 174 28 women
380 2571 73 44 for
480 2572 130 42 home
639 2571 441 43 missions.”—Pref.

253 2628 384 53 Bibliographical
667 2629 247 43 foot-notes.

169 2682 58 54 ©
250 2684 119 43 Nov.
399 2686 35 50 1,
464 2684 128 53 1924;
619 2685 66 43 2c.
711 2685 86 42 and
821 2685 80 44 aff.
927 2685 99 52 Jan.
1057 2684 63 53 10,
1149 2685 130 52 1925;
1307 2685 44 42 A
1377 2685 189 53 815532;
1596 2685 207 53 Fleming
1831 2686 62 43 H.
1920 2686 162 44 Revell
2104 2701 66 28 co.

252 2739 242 55 (25-1791)

176 2840 326 74 Spillman,
543 2842 213 73 Harry
795 2841 251 59 Collins.

251 2921 258 73 Making
561 2922 105 57 the
716 2922 287 57 business
1059 2924 223 70 speech
1336 2922 317 73 effective;
1709 2942 36 39 a
1796 2924 253 56 manual
2103 2924 66 56 of

175 3000 302 71 practical
526 3000 395 71 suggestions
968 3001 103 56 for
1120 3001 224 70 speech
1387 3000 272 73 making,
1703 3000 151 57 with
1901 3001 268 57 outlines

174 3076 1971 137 and analyses of speech materials, by Harry Collins Spillman … New
686 3154 190 71 York,
912 3153 270 75 Chicago
1220 3157 145 72 [etc.]
1404 3156 128 57 The
1567 3156 211 74 Gregg
1809 3156 361 75 publishing

178 3252 305 53 company
517 3263 13 43 [
533 3241 17 20 c
554 3234 163 71 1924]

245 3311 84 43 xix
355 3327 53 35 p.,
433 3313 27 41 2
507 3346 6 7 l.,
553 3311 80 43 263
661 3326 40 32 p.
759 3310 143 51 diagr.
967 3313 50 42 19
1023 3313 46 17 cm
1076 3345 9 9 .

177 3362 53 53 ©
258 3364 107 42 Dec.
390 3364 68 50 26,
490 3362 128 52 1924;
646 3363 65 42 2c.
741 3363 108 43 Dec.
877 3363 77 51 31;
985 3364 79 42 aff.
1094 3364 107 42 Dec.
1230 3363 77 52 30;
1338 3364 44 42 A
1409 3362 190 54 815514;
1633 3364 154 53 Gregg
1815 3367 102 50 pub.
1945 3382 65 28 co.

256 3419 242 54 (25-1685)

180 3519 207 71 Spyri,
420 3521 173 56 Frau
624 3519 294 57 Johanna
958 3520 335 72 (Heusser)
1337 3521 356 57 1827-1901.

254 3595 209 72 Heidi,
483 3597 82 70 by
587 3597 293 57 Johanna
905 3597 210 72 Spyri,
1138 3597 150 56 with
1311 3616 112 37 one
1448 3597 284 58 hundred
1753 3598 422 60 illustrations

181 3674 80 70 by
287 3673 275 58 Frances
589 3674 355 72 Brundage.
1029 3674 234 72 Akron,
1297 3674 89 72 O.,
1416 3676 130 57 The
1577 3675 296 59 Saalfield
180 3676 1970 146 publishing
317 3769 305 54 company
654 3780 13 44 [
668 3759 21 23 c
692 3752 162 73 1924]

252 3827 1923 56 2 p. l ., 307 p. col. front., illus. 23 cm . (Lettered on cover: Companion
183 3884 162 53 series)

182 3939 52 53 ©
269 3941 113 50 June
421 3940 64 52 17,
523 3941 103 43 1924;
687 3942 65 42 2c.
786 3943 87 42 and
906 3942 79 44 aff.
1021 3943 108 42 Dec.
1167 3942 75 44 19;
1280 3943 41 41 A
1358 3942 190 45 815859;
1590 3943 212 45 Saalfield
1838 3945 101 50 pub.
1975 3959 65 29 co.
2119 3943 56 53 [©

253 3997 310 53 illustrations]
635 3997 242 54 (25-2769)
