<alto xmlns="http://www.loc.gov/standards/alto/ns-v3#" xmlns:xlink="http://www.w3.org/1999/xlink" xmlns:xsi="http://www.w3.org/2001/XMLSchema-instance" xsi:schemaLocation="http://www.loc.gov/standards/alto/ns-v3# http://www.loc.gov/alto/v3/alto-3-0.xsd"><Description>
<MeasurementUnit>pixel</MeasurementUnit>
<sourceImageInformation>
<fileName>1925_v22_Part001.pdf</fileName>
</sourceImageInformation>
<OCRProcessing ID="IdOcr">
<ocrProcessingStep>
<processingDateTime>2019-04-03</processingDateTime>
<processingSoftware>
<softwareCreator>ABBYY</softwareCreator>
<softwareName>ABBYY Recognition Server</softwareName>
<softwareVersion>4.0</softwareVersion>
</processingSoftware>
</ocrProcessingStep>
</OCRProcessing>
</Description>
<Styles>
<ParagraphStyle ID="StyleId-FFFFFFFF-FFFF-FFFF-FFFF-FFFFFFFFFFFF-" ALIGN="Left" LEFT="0." RIGHT="0." FIRSTLINE="0."/>
<ParagraphStyle ID="StyleId-2E5B4E57-07AD-4719-97CB-14521F7F4F8A-" ALIGN="Left" LEFT="0." RIGHT="0." FIRSTLINE="0." LINESPACE="8.899999619"/>
<ParagraphStyle ID="StyleId-62A6F688-D6E3-4EFC-837B-4A4C4EB582B7-" ALIGN="Center" LEFT="0." RIGHT="0." FIRSTLINE="0." LINESPACE="12.19999981"/>
<ParagraphStyle ID="StyleId-21B71EBC-BDB5-4E16-A8F2-58189A39665B-" ALIGN="Block" LEFT="0." RIGHT="0." FIRSTLINE="-13." LINESPACE="11.35000038"/>
<ParagraphStyle ID="StyleId-1E1A68C4-DD4F-417A-A13D-7FEC29ECB499-" ALIGN="Block" LEFT="0." RIGHT="0." FIRSTLINE="-15." LINESPACE="13.30000019"/>
<ParagraphStyle ID="StyleId-6B39EC51-644D-4E90-AF07-84EF2B1E466A-" ALIGN="Block" LEFT="0." RIGHT="0." FIRSTLINE="-15." LINESPACE="8.340000153"/>
<ParagraphStyle ID="StyleId-2C1BA15F-E223-41D6-853D-AAFBDAC17E68-" ALIGN="Center" LEFT="0." RIGHT="0." FIRSTLINE="0." LINESPACE="13."/>
<ParagraphStyle ID="StyleId-A3B2CDF3-43F0-422C-90A0-E074BFEC3BC0-" ALIGN="Block" LEFT="0." RIGHT="0." FIRSTLINE="0." LINESPACE="8.899999619"/>
<ParagraphStyle ID="StyleId-28AB2493-EA15-49C1-A6AC-ED5BC404F0B9-" ALIGN="Center" LEFT="0." RIGHT="0." FIRSTLINE="0." LINESPACE="12.19999981"/>
<ParagraphStyle ID="StyleId-4417A6D4-97E2-4EFC-962D-7FBC0D5273E4-" ALIGN="Left" LEFT="0." RIGHT="0." FIRSTLINE="15." LINESPACE="8.340000153"/>
<ParagraphStyle ID="StyleId-D4EF9C5E-3110-4A39-B7BC-3D84E0F04894-" ALIGN="Center" LEFT="0." RIGHT="0." FIRSTLINE="0." LINESPACE="13.30000019"/>
<ParagraphStyle ID="StyleId-D1243F31-1201-4D92-8F69-43ADB01E9AD1-" ALIGN="Left" LEFT="0." RIGHT="0." FIRSTLINE="-13." LINESPACE="13.30000019"/>
<ParagraphStyle ID="StyleId-C65417C6-23F2-4D8F-BA55-ECE73D98CAB9-" ALIGN="Left" LEFT="0." RIGHT="0." FIRSTLINE="0." LINESPACE="8.899999619"/>
<ParagraphStyle ID="StyleId-835763C1-08DD-41BE-8BAD-8E41EA88DAE3-" ALIGN="Center" LEFT="0." RIGHT="0." FIRSTLINE="0." LINESPACE="11.10000038"/>
<ParagraphStyle ID="StyleId-78FD6B81-8F83-422D-8DF4-4274EAFD19C6-" ALIGN="Block" LEFT="0." RIGHT="0." FIRSTLINE="-17." LINESPACE="12.19999981"/>
<ParagraphStyle ID="StyleId-F506BC7F-570D-458B-9F05-A143E1F5FD17-" ALIGN="Block" LEFT="0." RIGHT="0." FIRSTLINE="-17." LINESPACE="11.35000038"/>
<ParagraphStyle ID="StyleId-CBE02C6B-22D0-48C6-A874-7E90A22F4375-" ALIGN="Center" LEFT="0." RIGHT="0." FIRSTLINE="0." LINESPACE="4.400000095"/>
<ParagraphStyle ID="StyleId-14CC0121-63AF-4AB4-9656-E02F46C61AF2-" ALIGN="Left" LEFT="0." RIGHT="0." FIRSTLINE="0." LINESPACE="8.899999619"/>
<ParagraphStyle ID="StyleId-DD64CECB-1B22-4BFF-84F0-DFDE2B0000F8-" ALIGN="Left" LEFT="0." RIGHT="0." FIRSTLINE="0." LINESPACE="12.19999981"/>
<ParagraphStyle ID="StyleId-8AEF4AA8-141A-4E5D-9C3E-C0F9F43C742F-" ALIGN="Left" LEFT="0." RIGHT="0." FIRSTLINE="0." LINESPACE="8.300000191"/>
<ParagraphStyle ID="StyleId-8C396D2A-39C0-48AB-BABA-2679D8AB257E-" ALIGN="Left" LEFT="0." RIGHT="0." FIRSTLINE="0." LINESPACE="11.10000038"/>
<ParagraphStyle ID="StyleId-3B7FE50F-10D4-487F-BDCD-FD26EB60FD4A-" ALIGN="Block" LEFT="0." RIGHT="0." FIRSTLINE="13." LINESPACE="8.340000153"/>
<ParagraphStyle ID="StyleId-8CC5CC8E-615B-4C42-BB46-DB28FA355C27-" ALIGN="Left" LEFT="0." RIGHT="0." FIRSTLINE="0." LINESPACE="12.19999981"/>
<ParagraphStyle ID="StyleId-BC67E79D-8D99-4188-8B35-A59DBB7E2BB0-" ALIGN="Block" LEFT="0." RIGHT="0." FIRSTLINE="11." LINESPACE="9.399999619"/>
</Styles>
<Layout>
<Page ID="Page1194" PHYSICAL_IMG_NR="1194" HEIGHT="4412" WIDTH="2533">
<TopMargin HEIGHT="420" WIDTH="2533" VPOS="0" HPOS="0">
</TopMargin>
<LeftMargin HEIGHT="3870" WIDTH="330" VPOS="420" HPOS="0">
</LeftMargin>
<RightMargin HEIGHT="3870" WIDTH="108" VPOS="420" HPOS="2425">
</RightMargin>
<BottomMargin HEIGHT="122" WIDTH="2533" VPOS="4290" HPOS="0">
</BottomMargin>
<PrintSpace HEIGHT="3870" WIDTH="2095" VPOS="420" HPOS="330">
<TextBlock ID="Page1194_Block1" HEIGHT="199" WIDTH="338" VPOS="4091" HPOS="1297" LANG="en-US" STYLEREFS="StyleId-76C3DB6D-46BA-411E-9484-B3FE96091F4E-">
<TextLine HEIGHT="54" WIDTH="152" VPOS="4108" HPOS="1299">
<String CONTENT="1194" HEIGHT="54" WIDTH="152" VPOS="4108" HPOS="1299"/>
</TextLine>
</TextBlock>
<TextBlock ID="Page1194_Block2" HEIGHT="3694" WIDTH="2095" VPOS="420" HPOS="330" LANG="en-US" CS="1" STYLEREFS="StyleId-920E2AFE-EE8F-4EB0-8808-4A5AB6149383-">
<Shape>
<Polygon POINTS="330,420 2425,420 2425,4060 1136,4060 1136,4114 330,4114 330,420"/>
</Shape>
<TextLine HEIGHT="74" WIDTH="1168" VPOS="431" HPOS="375" LANG="de">
<String CONTENT="Bohlen," HEIGHT="72" WIDTH="256" VPOS="431" HPOS="375"/>
<SP HEIGHT="71" WIDTH="37" VPOS="432" HPOS="632"/>
<String CONTENT="Francis" HEIGHT="58" WIDTH="264" VPOS="431" HPOS="670"/>
<SP HEIGHT="57" WIDTH="36" VPOS="432" HPOS="935"/>
<String CONTENT="Hermann," HEIGHT="73" WIDTH="340" VPOS="432" HPOS="972"/>
<SP HEIGHT="68" WIDTH="38" VPOS="437" HPOS="1313"/>
<String CONTENT="1868-" HEIGHT="57" WIDTH="191" VPOS="436" HPOS="1352"/>
</TextLine>
<TextLine HEIGHT="82" WIDTH="1936" VPOS="521" HPOS="452">
<String CONTENT="Cases" HEIGHT="60" WIDTH="194" VPOS="521" HPOS="452"/>
<SP HEIGHT="38" WIDTH="40" VPOS="543" HPOS="647"/>
<String CONTENT="on" HEIGHT="38" WIDTH="80" VPOS="543" HPOS="688"/>
<SP HEIGHT="54" WIDTH="38" VPOS="528" HPOS="769"/>
<String CONTENT="the" HEIGHT="57" WIDTH="105" VPOS="525" HPOS="808"/>
<SP HEIGHT="55" WIDTH="37" VPOS="526" HPOS="914"/>
<String CONTENT="law" HEIGHT="56" WIDTH="121" VPOS="526" HPOS="952"/>
<SP HEIGHT="39" WIDTH="39" VPOS="544" HPOS="1074"/>
<String CONTENT="of" HEIGHT="59" WIDTH="67" VPOS="524" HPOS="1114"/>
<SP HEIGHT="59" WIDTH="38" VPOS="524" HPOS="1182"/>
<String CONTENT="torts," HEIGHT="68" WIDTH="184" VPOS="528" HPOS="1221"/>
<SP HEIGHT="50" WIDTH="42" VPOS="546" HPOS="1406"/>
<String CONTENT="selected" HEIGHT="59" WIDTH="268" VPOS="526" HPOS="1449"/>
<SP HEIGHT="56" WIDTH="39" VPOS="529" HPOS="1718"/>
<String CONTENT="and" HEIGHT="56" WIDTH="124" VPOS="530" HPOS="1758"/>
<SP HEIGHT="57" WIDTH="39" VPOS="530" HPOS="1883"/>
<String CONTENT="annotated" HEIGHT="56" WIDTH="342" VPOS="533" HPOS="1923"/>
<SP HEIGHT="56" WIDTH="39" VPOS="533" HPOS="2266"/>
<String CONTENT="by" HEIGHT="70" WIDTH="82" VPOS="533" HPOS="2306"/>
</TextLine>
<TextLine HEIGHT="80" WIDTH="2014" VPOS="600" HPOS="374" CS="1">
<String CONTENT="Francis" HEIGHT="59" WIDTH="266" VPOS="600" HPOS="374"/>
<SP HEIGHT="57" WIDTH="30" VPOS="602" HPOS="641"/>
<String CONTENT="H." HEIGHT="57" WIDTH="80" VPOS="602" HPOS="672"/>
<SP HEIGHT="56" WIDTH="32" VPOS="603" HPOS="753"/>
<String LANG="de" CONTENT="Bohlen" HEIGHT="58" WIDTH="242" VPOS="602" HPOS="786"/>
<SP HEIGHT="39" WIDTH="34" VPOS="622" HPOS="1029"/>
<String CS="1" CONTENT="&#8230;"/>
<SP HEIGHT="55" WIDTH="86" VPOS="606" HPOS="1127"/>
<String CONTENT="2d" HEIGHT="56" WIDTH="78" VPOS="606" HPOS="1214"/>
<SP HEIGHT="56" WIDTH="31" VPOS="606" HPOS="1293"/>
<String CONTENT="ed." HEIGHT="57" WIDTH="92" VPOS="605" HPOS="1325"/>
<SP HEIGHT="55" WIDTH="81" VPOS="606" HPOS="1418"/>
<String CONTENT="Indianapolis," HEIGHT="75" WIDTH="456" VPOS="605" HPOS="1500"/>
<SP HEIGHT="71" WIDTH="33" VPOS="609" HPOS="1957"/>
<String CONTENT="The" HEIGHT="58" WIDTH="130" VPOS="608" HPOS="1991"/>
<SP HEIGHT="57" WIDTH="30" VPOS="609" HPOS="2122"/>
<String CONTENT="Bobbs-" HEIGHT="60" WIDTH="235" VPOS="609" HPOS="2153"/>
</TextLine>
<TextLine HEIGHT="75" WIDTH="809" VPOS="680" HPOS="372" CS="1">
<String CONTENT="Merrill" HEIGHT="58" WIDTH="248" VPOS="680" HPOS="372"/>
<SP HEIGHT="57" WIDTH="30" VPOS="681" HPOS="621"/>
<String CONTENT="company" HEIGHT="55" WIDTH="310" VPOS="699" HPOS="652"/>
<SP HEIGHT="54" WIDTH="31" VPOS="701" HPOS="963"/>
<String CONTENT="[" HEIGHT="43" WIDTH="13" VPOS="712" HPOS="995"/>
<String STYLE="superscript" CONTENT="c" HEIGHT="23" WIDTH="18" VPOS="690" HPOS="1011"/>
<String CS="1" CONTENT="1925]" HEIGHT="56" WIDTH="148" VPOS="684" HPOS="1033"/>
</TextLine>
<TextLine HEIGHT="55" WIDTH="506" VPOS="771" HPOS="442">
<String CONTENT="xviii," HEIGHT="54" WIDTH="128" VPOS="771" HPOS="442"/>
<SP HEIGHT="51" WIDTH="24" VPOS="774" HPOS="571"/>
<String CONTENT="1140" HEIGHT="44" WIDTH="108" VPOS="773" HPOS="596"/>
<SP HEIGHT="53" WIDTH="19" VPOS="773" HPOS="705"/>
<String CONTENT="p." HEIGHT="38" WIDTH="40" VPOS="788" HPOS="725"/>
<SP HEIGHT="42" WIDTH="57" VPOS="774" HPOS="766"/>
<String CONTENT="26" HEIGHT="44" WIDTH="57" VPOS="773" HPOS="824"/>
<String STYLE="superscript" CONTENT="cm" HEIGHT="18" WIDTH="47" VPOS="777" HPOS="886"/>
<String CONTENT="." HEIGHT="9" WIDTH="9" VPOS="809" HPOS="939"/>
</TextLine>
<TextLine HEIGHT="60" WIDTH="1953" VPOS="843" HPOS="373" STYLEREFS="StyleId-6BB8775E-DB08-40AE-A9DA-B1675A8E44D4-">
<String CONTENT="&#169;" HEIGHT="56" WIDTH="54" VPOS="843" HPOS="373"/>
<SP HEIGHT="56" WIDTH="31" VPOS="843" HPOS="428"/>
<String CONTENT="Sept." HEIGHT="56" WIDTH="121" VPOS="844" HPOS="460"/>
<SP HEIGHT="44" WIDTH="28" VPOS="846" HPOS="582"/>
<String CONTENT="26," HEIGHT="53" WIDTH="67" VPOS="845" HPOS="611"/>
<SP HEIGHT="51" WIDTH="33" VPOS="847" HPOS="679"/>
<String CONTENT="1925;" HEIGHT="56" WIDTH="132" VPOS="844" HPOS="713"/>
<SP HEIGHT="54" WIDTH="31" VPOS="846" HPOS="846"/>
<String CONTENT="2c." HEIGHT="45" WIDTH="65" VPOS="846" HPOS="878"/>
<SP HEIGHT="45" WIDTH="32" VPOS="847" HPOS="944"/>
<String CONTENT="Oct." HEIGHT="45" WIDTH="102" VPOS="847" HPOS="977"/>
<SP HEIGHT="42" WIDTH="35" VPOS="849" HPOS="1080"/>
<String CONTENT="1;" HEIGHT="51" WIDTH="46" VPOS="849" HPOS="1116"/>
<SP HEIGHT="38" WIDTH="33" VPOS="862" HPOS="1163"/>
<String CONTENT="aff." HEIGHT="44" WIDTH="79" VPOS="848" HPOS="1197"/>
<SP HEIGHT="46" WIDTH="33" VPOS="847" HPOS="1277"/>
<String CONTENT="Oct." HEIGHT="46" WIDTH="102" VPOS="847" HPOS="1311"/>
<SP HEIGHT="42" WIDTH="36" VPOS="850" HPOS="1414"/>
<String CONTENT="12;" HEIGHT="53" WIDTH="73" VPOS="849" HPOS="1451"/>
<SP HEIGHT="53" WIDTH="34" VPOS="849" HPOS="1525"/>
<!-- cceid 362F4D74-6DD5-1014-B757-AF09C522E301 --><String CONTENT="A" HEIGHT="43" WIDTH="42" VPOS="849" HPOS="1560"/>
<SP HEIGHT="44" WIDTH="33" VPOS="849" HPOS="1603"/>
<String CONTENT="869469;" HEIGHT="54" WIDTH="190" VPOS="849" HPOS="1637"/>
<SP HEIGHT="51" WIDTH="36" VPOS="852" HPOS="1828"/>
<String CONTENT="Bobbs-Merrill" HEIGHT="45" WIDTH="363" VPOS="850" HPOS="1865"/>
<SP HEIGHT="44" WIDTH="31" VPOS="852" HPOS="2229"/>
<String CONTENT="co." HEIGHT="30" WIDTH="65" VPOS="867" HPOS="2261"/>
</TextLine>
<TextLine HEIGHT="56" WIDTH="273" VPOS="902" HPOS="453" STYLEREFS="StyleId-6BB8775E-DB08-40AE-A9DA-B1675A8E44D4-">
<String CONTENT="(25-20490)" HEIGHT="56" WIDTH="273" VPOS="902" HPOS="453"/>
</TextLine>
<TextLine HEIGHT="75" WIDTH="927" VPOS="1002" HPOS="375" STYLEREFS="StyleId-FD74EAE3-9B13-497A-A531-FAD95654C456-">
<String CONTENT="Bourjaily," HEIGHT="75" WIDTH="351" VPOS="1002" HPOS="375"/>
<SP HEIGHT="73" WIDTH="35" VPOS="1004" HPOS="727"/>
<String CONTENT="Barbara" HEIGHT="59" WIDTH="288" VPOS="1003" HPOS="763"/>
<SP HEIGHT="59" WIDTH="33" VPOS="1004" HPOS="1052"/>
<String CONTENT="Webb." HEIGHT="61" WIDTH="216" VPOS="1004" HPOS="1086"/>
</TextLine>
<TextLine HEIGHT="77" WIDTH="1935" VPOS="1095" HPOS="451">
<String CONTENT="Mother" HEIGHT="58" WIDTH="253" VPOS="1095" HPOS="451"/>
<SP HEIGHT="59" WIDTH="39" VPOS="1095" HPOS="705"/>
<String CONTENT="Goose" HEIGHT="59" WIDTH="203" VPOS="1095" HPOS="745"/>
<SP HEIGHT="39" WIDTH="41" VPOS="1115" HPOS="949"/>
<String CONTENT="secrets," HEIGHT="69" WIDTH="254" VPOS="1100" HPOS="991"/>
<SP HEIGHT="53" WIDTH="42" VPOS="1116" HPOS="1246"/>
<String CONTENT="as" HEIGHT="38" WIDTH="70" VPOS="1116" HPOS="1289"/>
<SP HEIGHT="54" WIDTH="38" VPOS="1100" HPOS="1360"/>
<String CONTENT="told" HEIGHT="57" WIDTH="133" VPOS="1098" HPOS="1399"/>
<SP HEIGHT="56" WIDTH="35" VPOS="1099" HPOS="1533"/>
<String CONTENT="by" HEIGHT="71" WIDTH="85" VPOS="1099" HPOS="1569"/>
<SP HEIGHT="70" WIDTH="36" VPOS="1100" HPOS="1655"/>
<String CONTENT="the" HEIGHT="58" WIDTH="105" VPOS="1098" HPOS="1692"/>
<SP HEIGHT="39" WIDTH="42" VPOS="1117" HPOS="1798"/>
<String CONTENT="story" HEIGHT="68" WIDTH="179" VPOS="1102" HPOS="1841"/>
<SP HEIGHT="54" WIDTH="38" VPOS="1118" HPOS="2021"/>
<String CONTENT="gnome" HEIGHT="53" WIDTH="221" VPOS="1119" HPOS="2060"/>
<SP HEIGHT="54" WIDTH="39" VPOS="1105" HPOS="2282"/>
<String CONTENT="to" HEIGHT="54" WIDTH="64" VPOS="1105" HPOS="2322"/>
</TextLine>
<TextLine HEIGHT="152" WIDTH="1992" VPOS="1173" HPOS="370" CS="1">
<String CONTENT="Barbara" HEIGHT="59" WIDTH="293" VPOS="1174" HPOS="370"/>
<SP HEIGHT="60" WIDTH="26" VPOS="1173" HPOS="664"/>
<String CONTENT="Webb" HEIGHT="59" WIDTH="200" VPOS="1173" HPOS="691"/>
<SP HEIGHT="58" WIDTH="28" VPOS="1174" HPOS="892"/>
<String CONTENT="Bourjaily;" HEIGHT="73" WIDTH="367" VPOS="1174" HPOS="921"/>
<SP HEIGHT="72" WIDTH="30" VPOS="1175" HPOS="1289"/>
<String CONTENT="illustrated" HEIGHT="59" WIDTH="363" VPOS="1175" HPOS="1320"/>
<SP HEIGHT="56" WIDTH="29" VPOS="1178" HPOS="1684"/>
<String CONTENT="by" HEIGHT="71" WIDTH="84" VPOS="1178" HPOS="1714"/>
<SP HEIGHT="72" WIDTH="29" VPOS="1177" HPOS="1799"/>
<String CONTENT="Joe" HEIGHT="58" WIDTH="120" VPOS="1177" HPOS="1829"/>
<SP HEIGHT="58" WIDTH="29" VPOS="1177" HPOS="1950"/>
<String CONTENT="King." HEIGHT="74" WIDTH="191" VPOS="1177" HPOS="1980"/>
<SP HEIGHT="57" WIDTH="63" VPOS="1178" HPOS="2172"/>
<String CONTENT="Boston," HEIGHT="147" WIDTH="1990" VPOS="1178" HPOS="372"/>
</TextLine>
<TextLine HEIGHT="75" WIDTH="988" VPOS="1252" HPOS="529">
<String CONTENT="Small," HEIGHT="72" WIDTH="216" VPOS="1252" HPOS="529"/>
<SP HEIGHT="71" WIDTH="27" VPOS="1253" HPOS="746"/>
<String CONTENT="Maynard" HEIGHT="72" WIDTH="317" VPOS="1253" HPOS="774"/>
<SP HEIGHT="59" WIDTH="25" VPOS="1252" HPOS="1092"/>
<String CONTENT="&amp;" HEIGHT="59" WIDTH="49" VPOS="1252" HPOS="1118"/>
<SP HEIGHT="59" WIDTH="25" VPOS="1252" HPOS="1168"/>
<String CONTENT="co." HEIGHT="38" WIDTH="85" VPOS="1272" HPOS="1194"/>
<SP HEIGHT="43" WIDTH="33" VPOS="1283" HPOS="1280"/>
<String CONTENT="[" HEIGHT="43" WIDTH="12" VPOS="1283" HPOS="1314"/>
<String STYLE="superscript" CONTENT="c" HEIGHT="21" WIDTH="20" VPOS="1262" HPOS="1329"/>
<String CONTENT="1925]" HEIGHT="72" WIDTH="166" VPOS="1255" HPOS="1351"/>
</TextLine>
<TextLine HEIGHT="55" WIDTH="1109" VPOS="1343" HPOS="443" STYLEREFS="StyleId-6BB8775E-DB08-40AE-A9DA-B1675A8E44D4-" CS="1">
<String CONTENT="7" HEIGHT="46" WIDTH="26" VPOS="1343" HPOS="443"/>
<SP HEIGHT="55" WIDTH="26" VPOS="1343" HPOS="470"/>
<String CONTENT="p." HEIGHT="38" WIDTH="39" VPOS="1360" HPOS="497"/>
<SP/>
<String CS="1" CONTENT="l.,"/>
<SP HEIGHT="50" WIDTH="31" VPOS="1346" HPOS="609"/>
<String CONTENT="145," HEIGHT="55" WIDTH="91" VPOS="1343" HPOS="641"/>
<SP HEIGHT="37" WIDTH="32" VPOS="1361" HPOS="733"/>
<String CONTENT="[1]" HEIGHT="49" WIDTH="53" VPOS="1347" HPOS="766"/>
<SP HEIGHT="38" WIDTH="31" VPOS="1359" HPOS="820"/>
<String CONTENT="p." HEIGHT="38" WIDTH="40" VPOS="1359" HPOS="852"/>
<SP HEIGHT="28" WIDTH="59" VPOS="1360" HPOS="893"/>
<String CONTENT="col." HEIGHT="45" WIDTH="83" VPOS="1346" HPOS="953"/>
<SP HEIGHT="46" WIDTH="31" VPOS="1345" HPOS="1037"/>
<String CONTENT="front.," HEIGHT="53" WIDTH="151" VPOS="1345" HPOS="1069"/>
<SP HEIGHT="51" WIDTH="29" VPOS="1347" HPOS="1221"/>
<String CONTENT="illus." HEIGHT="46" WIDTH="117" VPOS="1344" HPOS="1251"/>
<SP HEIGHT="43" WIDTH="59" VPOS="1346" HPOS="1369"/>
<String CONTENT="23" HEIGHT="44" WIDTH="52" VPOS="1346" HPOS="1429"/>
<String STYLE="superscript" CONTENT="cm" HEIGHT="18" WIDTH="48" VPOS="1348" HPOS="1489"/>
<String CONTENT="." HEIGHT="9" WIDTH="9" VPOS="1381" HPOS="1543"/>
</TextLine>
<TextLine HEIGHT="59" WIDTH="2009" VPOS="1414" HPOS="373" STYLEREFS="StyleId-6BB8775E-DB08-40AE-A9DA-B1675A8E44D4-">
<String CONTENT="&#169;" HEIGHT="55" WIDTH="53" VPOS="1415" HPOS="373"/>
<SP HEIGHT="55" WIDTH="23" VPOS="1415" HPOS="427"/>
<String CONTENT="Aug." HEIGHT="53" WIDTH="120" VPOS="1417" HPOS="451"/>
<SP HEIGHT="44" WIDTH="25" VPOS="1417" HPOS="572"/>
<String CONTENT="31," HEIGHT="46" WIDTH="66" VPOS="1417" HPOS="598"/>
<SP HEIGHT="45" WIDTH="28" VPOS="1418" HPOS="665"/>
<String CONTENT="1925;" HEIGHT="55" WIDTH="130" VPOS="1414" HPOS="694"/>
<SP HEIGHT="52" WIDTH="27" VPOS="1417" HPOS="825"/>
<String CONTENT="2c." HEIGHT="44" WIDTH="65" VPOS="1417" HPOS="853"/>
<SP HEIGHT="29" WIDTH="24" VPOS="1432" HPOS="919"/>
<String CONTENT="and" HEIGHT="44" WIDTH="87" VPOS="1417" HPOS="944"/>
<SP HEIGHT="44" WIDTH="25" VPOS="1417" HPOS="1032"/>
<String CONTENT="aff." HEIGHT="43" WIDTH="78" VPOS="1418" HPOS="1058"/>
<SP HEIGHT="49" WIDTH="29" VPOS="1415" HPOS="1137"/>
<String CONTENT="Sept." HEIGHT="55" WIDTH="120" VPOS="1415" HPOS="1167"/>
<SP HEIGHT="43" WIDTH="27" VPOS="1418" HPOS="1288"/>
<String CONTENT="2;" HEIGHT="52" WIDTH="50" VPOS="1418" HPOS="1316"/>
<SP HEIGHT="52" WIDTH="27" VPOS="1418" HPOS="1367"/>
<!-- cceid 362F81EC-6DD5-1014-B757-AF09C522E301 --><String CONTENT="A" HEIGHT="43" WIDTH="43" VPOS="1418" HPOS="1395"/>
<SP HEIGHT="44" WIDTH="26" VPOS="1418" HPOS="1439"/>
<String CONTENT="861670;" HEIGHT="55" WIDTH="188" VPOS="1416" HPOS="1466"/>
<SP HEIGHT="54" WIDTH="32" VPOS="1417" HPOS="1655"/>
<String CONTENT="Small," HEIGHT="55" WIDTH="158" VPOS="1417" HPOS="1688"/>
<SP HEIGHT="53" WIDTH="25" VPOS="1419" HPOS="1847"/>
<String CONTENT="Maynard" HEIGHT="54" WIDTH="229" VPOS="1419" HPOS="1873"/>
<SP HEIGHT="45" WIDTH="25" VPOS="1420" HPOS="2103"/>
<String CONTENT="&amp;" HEIGHT="44" WIDTH="37" VPOS="1421" HPOS="2129"/>
<SP HEIGHT="44" WIDTH="24" VPOS="1421" HPOS="2167"/>
<String CONTENT="co.," HEIGHT="38" WIDTH="80" VPOS="1435" HPOS="2192"/>
<SP HEIGHT="51" WIDTH="27" VPOS="1422" HPOS="2273"/>
<String CONTENT="inc." HEIGHT="44" WIDTH="81" VPOS="1422" HPOS="2301"/>
</TextLine>
<TextLine HEIGHT="56" WIDTH="273" VPOS="1473" HPOS="454" STYLEREFS="StyleId-6BB8775E-DB08-40AE-A9DA-B1675A8E44D4-">
<String CONTENT="(25-20435)" HEIGHT="56" WIDTH="273" VPOS="1473" HPOS="454"/>
</TextLine>
<TextLine HEIGHT="75" WIDTH="985" VPOS="1574" HPOS="374">
<String CONTENT="Boyle," HEIGHT="75" WIDTH="213" VPOS="1574" HPOS="374"/>
<SP HEIGHT="72" WIDTH="38" VPOS="1575" HPOS="588"/>
<String CONTENT="James" HEIGHT="58" WIDTH="215" VPOS="1575" HPOS="627"/>
<SP HEIGHT="57" WIDTH="36" VPOS="1575" HPOS="843"/>
<String CONTENT="Ernest," HEIGHT="72" WIDTH="246" VPOS="1575" HPOS="880"/>
<SP HEIGHT="69" WIDTH="40" VPOS="1578" HPOS="1127"/>
<String CONTENT="1873-" HEIGHT="56" WIDTH="191" VPOS="1578" HPOS="1168"/>
</TextLine>
<TextLine HEIGHT="77" WIDTH="1933" VPOS="1666" HPOS="452">
<String CONTENT="Marketing" HEIGHT="74" WIDTH="366" VPOS="1666" HPOS="452"/>
<SP HEIGHT="54" WIDTH="22" VPOS="1686" HPOS="819"/>
<String CONTENT="of" HEIGHT="57" WIDTH="68" VPOS="1668" HPOS="842"/>
<SP HEIGHT="56" WIDTH="25" VPOS="1668" HPOS="911"/>
<String CONTENT="agricultural" HEIGHT="73" WIDTH="417" VPOS="1667" HPOS="937"/>
<SP HEIGHT="71" WIDTH="22" VPOS="1668" HPOS="1355"/>
<String CONTENT="products," HEIGHT="72" WIDTH="321" VPOS="1669" HPOS="1378"/>
<SP HEIGHT="71" WIDTH="26" VPOS="1670" HPOS="1700"/>
<String CONTENT="by" HEIGHT="71" WIDTH="84" VPOS="1670" HPOS="1727"/>
<SP HEIGHT="72" WIDTH="23" VPOS="1669" HPOS="1812"/>
<String CONTENT="James" HEIGHT="59" WIDTH="220" VPOS="1669" HPOS="1836"/>
<SP HEIGHT="59" WIDTH="27" VPOS="1669" HPOS="2057"/>
<String CONTENT="E." HEIGHT="57" WIDTH="73" VPOS="1669" HPOS="2085"/>
<SP HEIGHT="56" WIDTH="29" VPOS="1670" HPOS="2159"/>
<String CONTENT="Boyle" HEIGHT="73" WIDTH="196" VPOS="1670" HPOS="2189"/>
</TextLine>
<TextLine HEIGHT="77" WIDTH="1942" VPOS="1745" HPOS="442" CS="1">
<String CS="1" CONTENT="&#8230;"/>
<SP HEIGHT="58" WIDTH="74" VPOS="1748" HPOS="442"/>
<String CONTENT="1st" HEIGHT="56" WIDTH="97" VPOS="1748" HPOS="517"/>
<SP HEIGHT="54" WIDTH="30" VPOS="1750" HPOS="615"/>
<String CONTENT="ed." HEIGHT="56" WIDTH="92" VPOS="1747" HPOS="646"/>
<SP HEIGHT="57" WIDTH="69" VPOS="1745" HPOS="739"/>
<String CONTENT="New" HEIGHT="58" WIDTH="151" VPOS="1745" HPOS="809"/>
<SP HEIGHT="56" WIDTH="29" VPOS="1746" HPOS="961"/>
<String CONTENT="York" HEIGHT="57" WIDTH="176" VPOS="1746" HPOS="991"/>
<SP HEIGHT="74" WIDTH="31" VPOS="1746" HPOS="1168"/>
<String CONTENT="[etc.]" HEIGHT="72" WIDTH="148" VPOS="1749" HPOS="1200"/>
<SP HEIGHT="75" WIDTH="31" VPOS="1746" HPOS="1349"/>
<String CONTENT="McGraw-Hill" HEIGHT="60" WIDTH="458" VPOS="1745" HPOS="1381"/>
<SP HEIGHT="57" WIDTH="27" VPOS="1748" HPOS="1840"/>
<String CONTENT="book" HEIGHT="58" WIDTH="161" VPOS="1747" HPOS="1868"/>
<SP HEIGHT="58" WIDTH="28" VPOS="1747" HPOS="2030"/>
<String CONTENT="company," HEIGHT="56" WIDTH="325" VPOS="1766" HPOS="2059"/>
</TextLine>
<TextLine HEIGHT="73" WIDTH="338" VPOS="1824" HPOS="371">
<String CONTENT="inc.," HEIGHT="73" WIDTH="138" VPOS="1824" HPOS="371"/>
<SP HEIGHT="71" WIDTH="31" VPOS="1826" HPOS="510"/>
<String CONTENT="1925." HEIGHT="57" WIDTH="167" VPOS="1825" HPOS="542"/>
</TextLine>
<TextLine HEIGHT="55" WIDTH="1943" VPOS="1900" HPOS="442" STYLEREFS="StyleId-6BB8775E-DB08-40AE-A9DA-B1675A8E44D4-" CS="1">
<String CONTENT="viii," HEIGHT="51" WIDTH="92" VPOS="1902" HPOS="442"/>
<SP HEIGHT="51" WIDTH="25" VPOS="1902" HPOS="535"/>
<String CONTENT="479" HEIGHT="45" WIDTH="84" VPOS="1900" HPOS="561"/>
<SP HEIGHT="52" WIDTH="24" VPOS="1902" HPOS="646"/>
<String CONTENT="p." HEIGHT="38" WIDTH="40" VPOS="1916" HPOS="671"/>
<SP HEIGHT="44" WIDTH="56" VPOS="1901" HPOS="712"/>
<String CONTENT="illus.," HEIGHT="53" WIDTH="132" VPOS="1901" HPOS="769"/>
<SP HEIGHT="52" WIDTH="26" VPOS="1902" HPOS="902"/>
<String CONTENT="diagrs." HEIGHT="53" WIDTH="168" VPOS="1901" HPOS="929"/>
<SP HEIGHT="43" WIDTH="57" VPOS="1902" HPOS="1098"/>
<String CS="1" CONTENT="23&#189;" HEIGHT="43" WIDTH="55" VPOS="1902" HPOS="1156"/>
<String STYLE="superscript" CONTENT="cm" HEIGHT="17" WIDTH="47" VPOS="1904" HPOS="1247"/>
<String CONTENT="." HEIGHT="8" WIDTH="8" VPOS="1937" HPOS="1301"/>
<SP HEIGHT="53" WIDTH="68" VPOS="1902" HPOS="1310"/>
<String CONTENT="(Half-title:" HEIGHT="54" WIDTH="293" VPOS="1901" HPOS="1379"/>
<SP HEIGHT="42" WIDTH="33" VPOS="1903" HPOS="1673"/>
<String CONTENT="McGraw-Hill" HEIGHT="46" WIDTH="350" VPOS="1901" HPOS="1707"/>
<SP HEIGHT="52" WIDTH="28" VPOS="1903" HPOS="2058"/>
<String CONTENT="publications" HEIGHT="53" WIDTH="298" VPOS="1902" HPOS="2087"/>
</TextLine>
<TextLine HEIGHT="56" WIDTH="2007" VPOS="1957" HPOS="370" STYLEREFS="StyleId-6BB8775E-DB08-40AE-A9DA-B1675A8E44D4-">
<String CONTENT="in" HEIGHT="44" WIDTH="47" VPOS="1958" HPOS="370"/>
<SP HEIGHT="36" WIDTH="34" VPOS="1967" HPOS="418"/>
<String CONTENT="the" HEIGHT="45" WIDTH="78" VPOS="1958" HPOS="453"/>
<SP HEIGHT="29" WIDTH="30" VPOS="1973" HPOS="532"/>
<String CONTENT="agricultural" HEIGHT="54" WIDTH="300" VPOS="1958" HPOS="563"/>
<SP HEIGHT="42" WIDTH="33" VPOS="1959" HPOS="864"/>
<String CONTENT="and" HEIGHT="43" WIDTH="88" VPOS="1959" HPOS="898"/>
<SP HEIGHT="43" WIDTH="32" VPOS="1959" HPOS="987"/>
<String CONTENT="botanical" HEIGHT="45" WIDTH="229" VPOS="1957" HPOS="1020"/>
<SP HEIGHT="42" WIDTH="35" VPOS="1959" HPOS="1250"/>
<String CONTENT="sciences," HEIGHT="51" WIDTH="211" VPOS="1959" HPOS="1286"/>
<SP HEIGHT="53" WIDTH="39" VPOS="1957" HPOS="1498"/>
<String LANG="la" CONTENT="C." HEIGHT="45" WIDTH="48" VPOS="1957" HPOS="1538"/>
<SP HEIGHT="43" WIDTH="37" VPOS="1959" HPOS="1587"/>
<String CONTENT="V." HEIGHT="43" WIDTH="57" VPOS="1959" HPOS="1625"/>
<SP HEIGHT="43" WIDTH="38" VPOS="1959" HPOS="1683"/>
<String CONTENT="Piper," HEIGHT="52" WIDTH="152" VPOS="1959" HPOS="1722"/>
<SP HEIGHT="37" WIDTH="35" VPOS="1974" HPOS="1875"/>
<String CONTENT="consulting" HEIGHT="54" WIDTH="258" VPOS="1959" HPOS="1911"/>
<SP HEIGHT="39" WIDTH="34" VPOS="1974" HPOS="2170"/>
<String CONTENT="editor)" HEIGHT="53" WIDTH="172" VPOS="1959" HPOS="2205"/>
</TextLine>
<TextLine HEIGHT="55" WIDTH="127" VPOS="2014" HPOS="369" STYLEREFS="StyleId-6BB8775E-DB08-40AE-A9DA-B1675A8E44D4-">
<String CONTENT="$3:50" HEIGHT="55" WIDTH="127" VPOS="2014" HPOS="369"/>
</TextLine>
<TextLine HEIGHT="54" WIDTH="885" VPOS="2071" HPOS="444" STYLEREFS="StyleId-6BB8775E-DB08-40AE-A9DA-B1675A8E44D4-">
<String CONTENT="&#8220;Reading" HEIGHT="52" WIDTH="238" VPOS="2073" HPOS="444"/>
<SP HEIGHT="38" WIDTH="27" VPOS="2087" HPOS="683"/>
<String CONTENT="references&#8221;:" HEIGHT="44" WIDTH="308" VPOS="2072" HPOS="711"/>
<SP HEIGHT="38" WIDTH="31" VPOS="2086" HPOS="1020"/>
<String CONTENT="p." HEIGHT="38" WIDTH="40" VPOS="2086" HPOS="1052"/>
<SP HEIGHT="43" WIDTH="27" VPOS="2073" HPOS="1093"/>
<String CONTENT="464-465." HEIGHT="45" WIDTH="208" VPOS="2071" HPOS="1121"/>
</TextLine>
<TextLine HEIGHT="56" WIDTH="2010" VPOS="2127" HPOS="372" STYLEREFS="StyleId-6BB8775E-DB08-40AE-A9DA-B1675A8E44D4-">
<String CONTENT="&#169;" HEIGHT="54" WIDTH="53" VPOS="2128" HPOS="372"/>
<SP HEIGHT="54" WIDTH="27" VPOS="2128" HPOS="426"/>
<String CONTENT="Oct." HEIGHT="44" WIDTH="102" VPOS="2130" HPOS="454"/>
<SP HEIGHT="44" WIDTH="28" VPOS="2129" HPOS="557"/>
<String CONTENT="7," HEIGHT="53" WIDTH="36" VPOS="2129" HPOS="586"/>
<SP HEIGHT="51" WIDTH="31" VPOS="2131" HPOS="623"/>
<String CONTENT="1925;" HEIGHT="54" WIDTH="130" VPOS="2127" HPOS="655"/>
<SP HEIGHT="51" WIDTH="28" VPOS="2130" HPOS="786"/>
<String CONTENT="2c." HEIGHT="43" WIDTH="63" VPOS="2130" HPOS="815"/>
<SP HEIGHT="44" WIDTH="31" VPOS="2129" HPOS="879"/>
<String CONTENT="Oct." HEIGHT="44" WIDTH="101" VPOS="2129" HPOS="911"/>
<SP HEIGHT="42" WIDTH="28" VPOS="2131" HPOS="1013"/>
<String CONTENT="9;" HEIGHT="50" WIDTH="50" VPOS="2131" HPOS="1042"/>
<SP HEIGHT="37" WIDTH="29" VPOS="2144" HPOS="1093"/>
<String CONTENT="aff." HEIGHT="43" WIDTH="79" VPOS="2130" HPOS="1123"/>
<SP HEIGHT="45" WIDTH="30" VPOS="2129" HPOS="1203"/>
<String CONTENT="Oct." HEIGHT="45" WIDTH="102" VPOS="2129" HPOS="1234"/>
<SP HEIGHT="41" WIDTH="31" VPOS="2131" HPOS="1337"/>
<String CONTENT="10;" HEIGHT="52" WIDTH="74" VPOS="2129" HPOS="1369"/>
<SP HEIGHT="51" WIDTH="32" VPOS="2130" HPOS="1444"/>
<!-- cceid 362FB4BA-6DD5-1014-B757-AF09C522E301 --><String CONTENT="A" HEIGHT="42" WIDTH="43" VPOS="2130" HPOS="1477"/>
<SP HEIGHT="43" WIDTH="28" VPOS="2130" HPOS="1521"/>
<String CONTENT="869282;" HEIGHT="52" WIDTH="189" VPOS="2129" HPOS="1550"/>
<SP HEIGHT="51" WIDTH="32" VPOS="2130" HPOS="1740"/>
<String CONTENT="McGraw-Hill" HEIGHT="46" WIDTH="351" VPOS="2128" HPOS="1773"/>
<SP HEIGHT="45" WIDTH="27" VPOS="2129" HPOS="2125"/>
<String CONTENT="book" HEIGHT="44" WIDTH="122" VPOS="2130" HPOS="2153"/>
<SP HEIGHT="42" WIDTH="24" VPOS="2131" HPOS="2276"/>
<String CONTENT="co.," HEIGHT="38" WIDTH="81" VPOS="2145" HPOS="2301"/>
</TextLine>
<TextLine HEIGHT="55" WIDTH="425" VPOS="2185" HPOS="442" STYLEREFS="StyleId-6BB8775E-DB08-40AE-A9DA-B1675A8E44D4-">
<String CONTENT="inc." HEIGHT="43" WIDTH="82" VPOS="2187" HPOS="442"/>
<SP HEIGHT="53" WIDTH="69" VPOS="2187" HPOS="525"/>
<String CONTENT="(25-20380)" HEIGHT="55" WIDTH="272" VPOS="2185" HPOS="595"/>
</TextLine>
<TextLine HEIGHT="74" WIDTH="713" VPOS="2287" HPOS="372" STYLEREFS="StyleId-FD74EAE3-9B13-497A-A531-FAD95654C456-">
<String CONTENT="Brady," HEIGHT="73" WIDTH="233" VPOS="2288" HPOS="372"/>
<SP HEIGHT="71" WIDTH="38" VPOS="2288" HPOS="606"/>
<String CONTENT="John" HEIGHT="58" WIDTH="173" VPOS="2288" HPOS="645"/>
<SP HEIGHT="57" WIDTH="34" VPOS="2288" HPOS="819"/>
<String CONTENT="Edson." HEIGHT="58" WIDTH="231" VPOS="2287" HPOS="854"/>
</TextLine>
<TextLine HEIGHT="72" WIDTH="1934" VPOS="2378" HPOS="450">
<String CONTENT="The" HEIGHT="57" WIDTH="131" VPOS="2379" HPOS="450"/>
<SP HEIGHT="56" WIDTH="31" VPOS="2380" HPOS="582"/>
<String CONTENT="law" HEIGHT="56" WIDTH="121" VPOS="2380" HPOS="614"/>
<SP HEIGHT="38" WIDTH="32" VPOS="2398" HPOS="736"/>
<String CONTENT="of" HEIGHT="57" WIDTH="67" VPOS="2379" HPOS="769"/>
<SP HEIGHT="56" WIDTH="33" VPOS="2379" HPOS="837"/>
<String CONTENT="forged" HEIGHT="71" WIDTH="228" VPOS="2379" HPOS="871"/>
<SP HEIGHT="58" WIDTH="32" VPOS="2379" HPOS="1100"/>
<String CONTENT="and" HEIGHT="57" WIDTH="124" VPOS="2378" HPOS="1133"/>
<SP HEIGHT="57" WIDTH="34" VPOS="2378" HPOS="1258"/>
<String CONTENT="altered" HEIGHT="57" WIDTH="242" VPOS="2378" HPOS="1293"/>
<SP HEIGHT="58" WIDTH="34" VPOS="2379" HPOS="1536"/>
<String CONTENT="checks," HEIGHT="71" WIDTH="238" VPOS="2379" HPOS="1571"/>
<SP HEIGHT="71" WIDTH="35" VPOS="2379" HPOS="1810"/>
<String CONTENT="by" HEIGHT="71" WIDTH="83" VPOS="2379" HPOS="1846"/>
<SP HEIGHT="71" WIDTH="32" VPOS="2379" HPOS="1930"/>
<String CONTENT="John" HEIGHT="58" WIDTH="171" VPOS="2378" HPOS="1963"/>
<SP HEIGHT="57" WIDTH="34" VPOS="2378" HPOS="2135"/>
<String CONTENT="Edson" HEIGHT="58" WIDTH="214" VPOS="2378" HPOS="2170"/>
</TextLine>
<TextLine HEIGHT="75" WIDTH="2014" VPOS="2455" HPOS="370" CS="1">
<String CONTENT="Brady" HEIGHT="72" WIDTH="222" VPOS="2456" HPOS="370"/>
<SP HEIGHT="52" WIDTH="27" VPOS="2476" HPOS="593"/>
<String CS="1" CONTENT="&#8230;"/>
<SP HEIGHT="59" WIDTH="85" VPOS="2457" HPOS="685"/>
<String CONTENT="New" HEIGHT="57" WIDTH="152" VPOS="2457" HPOS="771"/>
<SP HEIGHT="56" WIDTH="24" VPOS="2458" HPOS="924"/>
<String CONTENT="York" HEIGHT="57" WIDTH="175" VPOS="2457" HPOS="949"/>
<SP HEIGHT="58" WIDTH="24" VPOS="2457" HPOS="1125"/>
<String CS="1" CONTENT="city," HEIGHT="72" WIDTH="144" VPOS="2457" HPOS="1150"/>
<SP HEIGHT="72" WIDTH="28" VPOS="2457" HPOS="1295"/>
<String CS="1" CONTENT="Brady" HEIGHT="57" WIDTH="175" VPOS="2457" HPOS="1324"/>
<SP HEIGHT="53" WIDTH="23" VPOS="2475" HPOS="1545"/>
<String CONTENT="publishing" HEIGHT="74" WIDTH="368" VPOS="2455" HPOS="1569"/>
<SP HEIGHT="53" WIDTH="24" VPOS="2476" HPOS="1938"/>
<String CONTENT="corporation," HEIGHT="74" WIDTH="421" VPOS="2456" HPOS="1963"/>
</TextLine>
<TextLine HEIGHT="56" WIDTH="167" VPOS="2538" HPOS="369">
<String CONTENT="1925." HEIGHT="56" WIDTH="167" VPOS="2538" HPOS="369"/>
</TextLine>
<TextLine HEIGHT="55" WIDTH="478" VPOS="2613" HPOS="439" STYLEREFS="StyleId-6BB8775E-DB08-40AE-A9DA-B1675A8E44D4-" CS="1">
<String CONTENT="xiii," HEIGHT="55" WIDTH="99" VPOS="2613" HPOS="439"/>
<SP HEIGHT="54" WIDTH="21" VPOS="2614" HPOS="539"/>
<String CONTENT="528" HEIGHT="45" WIDTH="83" VPOS="2614" HPOS="561"/>
<SP HEIGHT="53" WIDTH="18" VPOS="2615" HPOS="645"/>
<String CONTENT="p." HEIGHT="38" WIDTH="40" VPOS="2630" HPOS="664"/>
<SP HEIGHT="44" WIDTH="58" VPOS="2615" HPOS="705"/>
<String CS="1" CONTENT="23&#189;" HEIGHT="45" WIDTH="53" VPOS="2615" HPOS="764"/>
<String STYLE="superscript" CONTENT="cm" HEIGHT="19" WIDTH="47" VPOS="2617" HPOS="854"/>
<String CONTENT="." HEIGHT="8" WIDTH="8" VPOS="2651" HPOS="909"/>
</TextLine>
<TextLine HEIGHT="55" WIDTH="2009" VPOS="2671" HPOS="371" STYLEREFS="StyleId-6BB8775E-DB08-40AE-A9DA-B1675A8E44D4-">
<String CONTENT="&#169;" HEIGHT="54" WIDTH="53" VPOS="2672" HPOS="371"/>
<SP HEIGHT="54" WIDTH="29" VPOS="2672" HPOS="425"/>
<String CONTENT="Aug." HEIGHT="52" WIDTH="120" VPOS="2674" HPOS="455"/>
<SP HEIGHT="42" WIDTH="30" VPOS="2674" HPOS="576"/>
<String CONTENT="27," HEIGHT="52" WIDTH="67" VPOS="2673" HPOS="607"/>
<SP HEIGHT="50" WIDTH="33" VPOS="2675" HPOS="675"/>
<String CONTENT="1925;" HEIGHT="53" WIDTH="130" VPOS="2672" HPOS="709"/>
<SP HEIGHT="51" WIDTH="32" VPOS="2674" HPOS="840"/>
<String CONTENT="2c." HEIGHT="43" WIDTH="64" VPOS="2674" HPOS="873"/>
<SP HEIGHT="29" WIDTH="31" VPOS="2688" HPOS="938"/>
<String CONTENT="and" HEIGHT="43" WIDTH="88" VPOS="2674" HPOS="970"/>
<SP HEIGHT="43" WIDTH="28" VPOS="2674" HPOS="1059"/>
<String CONTENT="aff." HEIGHT="43" WIDTH="79" VPOS="2674" HPOS="1088"/>
<SP HEIGHT="44" WIDTH="34" VPOS="2673" HPOS="1168"/>
<String CONTENT="Oct." HEIGHT="44" WIDTH="101" VPOS="2673" HPOS="1203"/>
<SP HEIGHT="42" WIDTH="34" VPOS="2674" HPOS="1305"/>
<String CONTENT="15;" HEIGHT="53" WIDTH="75" VPOS="2672" HPOS="1340"/>
<SP HEIGHT="52" WIDTH="36" VPOS="2673" HPOS="1416"/>
<!-- cceid 362FEE4B-6DD5-1014-B757-AF09C522E301 --><String CONTENT="A" HEIGHT="42" WIDTH="43" VPOS="2673" HPOS="1453"/>
<SP HEIGHT="43" WIDTH="31" VPOS="2673" HPOS="1497"/>
<String CONTENT="869476;" HEIGHT="54" WIDTH="189" VPOS="2671" HPOS="1529"/>
<SP HEIGHT="52" WIDTH="37" VPOS="2673" HPOS="1719"/>
<String CONTENT="Brady" HEIGHT="52" WIDTH="153" VPOS="2673" HPOS="1757"/>
<SP HEIGHT="38" WIDTH="32" VPOS="2687" HPOS="1911"/>
<String CONTENT="pub." HEIGHT="53" WIDTH="100" VPOS="2672" HPOS="1944"/>
<SP HEIGHT="28" WIDTH="32" VPOS="2688" HPOS="2045"/>
<String CONTENT="corporation." HEIGHT="53" WIDTH="302" VPOS="2671" HPOS="2078"/>
</TextLine>
<TextLine HEIGHT="56" WIDTH="273" VPOS="2729" HPOS="451" STYLEREFS="StyleId-6BB8775E-DB08-40AE-A9DA-B1675A8E44D4-">
<String CONTENT="(25-20491)" HEIGHT="56" WIDTH="273" VPOS="2729" HPOS="451"/>
</TextLine>
<TextLine HEIGHT="73" WIDTH="984" VPOS="2830" HPOS="372">
<String CONTENT="Brooks," HEIGHT="70" WIDTH="259" VPOS="2830" HPOS="372"/>
<SP HEIGHT="70" WIDTH="40" VPOS="2830" HPOS="632"/>
<String CONTENT="Keith" HEIGHT="58" WIDTH="196" VPOS="2830" HPOS="673"/>
<SP HEIGHT="58" WIDTH="33" VPOS="2830" HPOS="870"/>
<String CONTENT="Leroy," HEIGHT="73" WIDTH="218" VPOS="2830" HPOS="904"/>
<SP HEIGHT="67" WIDTH="41" VPOS="2832" HPOS="1123"/>
<String CONTENT="1888-" HEIGHT="57" WIDTH="191" VPOS="2832" HPOS="1165"/>
</TextLine>
<TextLine HEIGHT="73" WIDTH="1932" VPOS="2919" HPOS="445">
<String CONTENT="Prophecies" HEIGHT="72" WIDTH="382" VPOS="2920" HPOS="445"/>
<SP HEIGHT="38" WIDTH="41" VPOS="2940" HPOS="828"/>
<String CONTENT="of" HEIGHT="57" WIDTH="68" VPOS="2921" HPOS="870"/>
<SP HEIGHT="56" WIDTH="36" VPOS="2921" HPOS="939"/>
<String CONTENT="Daniel" HEIGHT="57" WIDTH="229" VPOS="2921" HPOS="976"/>
<SP HEIGHT="57" WIDTH="35" VPOS="2921" HPOS="1206"/>
<String CONTENT="and" HEIGHT="57" WIDTH="123" VPOS="2921" HPOS="1242"/>
<SP HEIGHT="57" WIDTH="38" VPOS="2921" HPOS="1366"/>
<String CONTENT="Revelation" HEIGHT="58" WIDTH="373" VPOS="2919" HPOS="1405"/>
<SP HEIGHT="69" WIDTH="48" VPOS="2920" HPOS="1779"/>
<String CONTENT="(verse" HEIGHT="69" WIDTH="209" VPOS="2920" HPOS="1828"/>
<SP HEIGHT="57" WIDTH="36" VPOS="2920" HPOS="2038"/>
<String CONTENT="by" HEIGHT="71" WIDTH="85" VPOS="2920" HPOS="2075"/>
<SP HEIGHT="52" WIDTH="34" VPOS="2939" HPOS="2161"/>
<String CONTENT="verse" HEIGHT="40" WIDTH="181" VPOS="2938" HPOS="2196"/>
</TextLine>
<TextLine HEIGHT="138" WIDTH="1985" VPOS="2997" HPOS="367" CS="1">
<String CONTENT="interpretation" HEIGHT="74" WIDTH="492" VPOS="2997" HPOS="367"/>
<SP HEIGHT="56" WIDTH="31" VPOS="3000" HPOS="860"/>
<String CONTENT="by" HEIGHT="71" WIDTH="83" VPOS="3000" HPOS="892"/>
<SP HEIGHT="68" WIDTH="32" VPOS="3003" HPOS="976"/>
<String CONTENT="the" HEIGHT="58" WIDTH="104" VPOS="2999" HPOS="1009"/>
<SP HEIGHT="38" WIDTH="33" VPOS="3019" HPOS="1114"/>
<String CONTENT="cross" HEIGHT="38" WIDTH="173" VPOS="3018" HPOS="1148"/>
<SP HEIGHT="38" WIDTH="34" VPOS="3018" HPOS="1322"/>
<String CONTENT="reference" HEIGHT="58" WIDTH="324" VPOS="2998" HPOS="1357"/>
<SP HEIGHT="39" WIDTH="31" VPOS="3017" HPOS="1682"/>
<String CONTENT="method)" HEIGHT="71" WIDTH="284" VPOS="2997" HPOS="1714"/>
<SP HEIGHT="71" WIDTH="41" VPOS="2997" HPOS="1999"/>
<String CONTENT="being" HEIGHT="74" WIDTH="187" VPOS="2997" HPOS="2041"/>
<SP HEIGHT="72" WIDTH="32" VPOS="2999" HPOS="2229"/>
<String CONTENT="lessons" HEIGHT="136" WIDTH="1982" VPOS="2999" HPOS="370"/>
</TextLine>
<TextLine HEIGHT="74" WIDTH="1829" VPOS="3076" HPOS="549">
<String CONTENT="given" HEIGHT="72" WIDTH="187" VPOS="3078" HPOS="549"/>
<SP HEIGHT="56" WIDTH="31" VPOS="3079" HPOS="737"/>
<String CONTENT="by" HEIGHT="70" WIDTH="83" VPOS="3079" HPOS="769"/>
<SP HEIGHT="71" WIDTH="30" VPOS="3078" HPOS="853"/>
<String CONTENT="Keith" HEIGHT="56" WIDTH="199" VPOS="3078" HPOS="884"/>
<SP HEIGHT="56" WIDTH="29" VPOS="3077" HPOS="1084"/>
<String CONTENT="L." HEIGHT="56" WIDTH="67" VPOS="3077" HPOS="1114"/>
<SP HEIGHT="55" WIDTH="35" VPOS="3078" HPOS="1182"/>
<String CONTENT="Brooks" HEIGHT="57" WIDTH="246" VPOS="3077" HPOS="1218"/>
<SP HEIGHT="54" WIDTH="31" VPOS="3080" HPOS="1465"/>
<String CONTENT="to" HEIGHT="54" WIDTH="64" VPOS="3080" HPOS="1497"/>
<SP HEIGHT="54" WIDTH="33" VPOS="3080" HPOS="1562"/>
<String CONTENT="the" HEIGHT="57" WIDTH="105" VPOS="3077" HPOS="1596"/>
<SP HEIGHT="39" WIDTH="31" VPOS="3095" HPOS="1702"/>
<String CONTENT="men&#8217;s" HEIGHT="54" WIDTH="202" VPOS="3079" HPOS="1734"/>
<SP HEIGHT="37" WIDTH="36" VPOS="3096" HPOS="1937"/>
<String CONTENT="class" HEIGHT="57" WIDTH="161" VPOS="3077" HPOS="1974"/>
<SP HEIGHT="39" WIDTH="34" VPOS="3095" HPOS="2136"/>
<String CONTENT="of" HEIGHT="57" WIDTH="69" VPOS="3076" HPOS="2171"/>
<SP HEIGHT="57" WIDTH="30" VPOS="3076" HPOS="2241"/>
<String CONTENT="the" HEIGHT="57" WIDTH="106" VPOS="3076" HPOS="2272"/>
</TextLine>
<TextLine HEIGHT="76" WIDTH="2010" VPOS="3153" HPOS="366">
<String CONTENT="Presbyterian" HEIGHT="73" WIDTH="456" VPOS="3156" HPOS="366"/>
<SP HEIGHT="38" WIDTH="27" VPOS="3175" HPOS="823"/>
<String CONTENT="church" HEIGHT="58" WIDTH="230" VPOS="3156" HPOS="851"/>
<SP HEIGHT="58" WIDTH="29" VPOS="3156" HPOS="1082"/>
<String CONTENT="of" HEIGHT="59" WIDTH="67" VPOS="3155" HPOS="1112"/>
<SP HEIGHT="60" WIDTH="27" VPOS="3155" HPOS="1180"/>
<String CONTENT="Glendale," HEIGHT="73" WIDTH="320" VPOS="3155" HPOS="1208"/>
<SP HEIGHT="74" WIDTH="31" VPOS="3154" HPOS="1529"/>
<String CONTENT="Calif.," HEIGHT="74" WIDTH="208" VPOS="3154" HPOS="1561"/>
<SP HEIGHT="72" WIDTH="29" VPOS="3156" HPOS="1770"/>
<String CONTENT="1925." HEIGHT="57" WIDTH="165" VPOS="3155" HPOS="1800"/>
<SP HEIGHT="43" WIDTH="73" VPOS="3184" HPOS="1966"/>
<String CONTENT="[Glendale," HEIGHT="74" WIDTH="336" VPOS="3153" HPOS="2040"/>
</TextLine>
<TextLine HEIGHT="76" WIDTH="2007" VPOS="3231" HPOS="368" CS="1">
<String CONTENT="Calif.," HEIGHT="72" WIDTH="208" VPOS="3234" HPOS="368"/>
<SP HEIGHT="72" WIDTH="25" VPOS="3234" HPOS="577"/>
<String CONTENT="Printed" HEIGHT="58" WIDTH="268" VPOS="3234" HPOS="603"/>
<SP HEIGHT="57" WIDTH="23" VPOS="3236" HPOS="872"/>
<String CONTENT="by" HEIGHT="70" WIDTH="84" VPOS="3237" HPOS="896"/>
<SP HEIGHT="73" WIDTH="27" VPOS="3234" HPOS="981"/>
<String CONTENT="Glendale" HEIGHT="59" WIDTH="301" VPOS="3234" HPOS="1009"/>
<SP HEIGHT="39" WIDTH="24" VPOS="3253" HPOS="1311"/>
<String CONTENT="news" HEIGHT="38" WIDTH="168" VPOS="3253" HPOS="1336"/>
<SP HEIGHT="38" WIDTH="28" VPOS="3253" HPOS="1505"/>
<String CONTENT="commercial" HEIGHT="58" WIDTH="396" VPOS="3233" HPOS="1534"/>
<SP HEIGHT="72" WIDTH="21" VPOS="3233" HPOS="1931"/>
<String CONTENT="printing" HEIGHT="75" WIDTH="289" VPOS="3231" HPOS="1953"/>
<SP HEIGHT="54" WIDTH="26" VPOS="3252" HPOS="2243"/>
<String CONTENT="co.]" HEIGHT="55" WIDTH="105" VPOS="3251" HPOS="2270"/>
</TextLine>
<TextLine HEIGHT="57" WIDTH="189" VPOS="3314" HPOS="364">
<String STYLE="superscript" CONTENT="c" HEIGHT="22" WIDTH="19" VPOS="3322" HPOS="364"/>
<String CONTENT="1925." HEIGHT="57" WIDTH="165" VPOS="3314" HPOS="388"/>
</TextLine>
<TextLine HEIGHT="54" WIDTH="579" VPOS="3392" HPOS="437" STYLEREFS="StyleId-6BB8775E-DB08-40AE-A9DA-B1675A8E44D4-" CS="1">
<String CONTENT="4" HEIGHT="43" WIDTH="25" VPOS="3394" HPOS="437"/>
<SP HEIGHT="52" WIDTH="27" VPOS="3394" HPOS="463"/>
<String CONTENT="p." HEIGHT="38" WIDTH="39" VPOS="3408" HPOS="491"/>
<SP/>
<String CS="1" CONTENT="l.,"/>
<SP HEIGHT="53" WIDTH="28" VPOS="3392" HPOS="600"/>
<String CONTENT="5-113" HEIGHT="45" WIDTH="137" VPOS="3392" HPOS="629"/>
<SP HEIGHT="50" WIDTH="25" VPOS="3394" HPOS="767"/>
<String CONTENT="p." HEIGHT="36" WIDTH="40" VPOS="3408" HPOS="793"/>
<SP HEIGHT="41" WIDTH="64" VPOS="3395" HPOS="834"/>
<String CONTENT="19" HEIGHT="43" WIDTH="49" VPOS="3394" HPOS="899"/>
<String STYLE="superscript" CONTENT="cm" HEIGHT="17" WIDTH="47" VPOS="3395" HPOS="954"/>
<String CONTENT="." HEIGHT="7" WIDTH="7" VPOS="3429" HPOS="1009"/>
</TextLine>
<TextLine HEIGHT="114" WIDTH="1989" VPOS="3445" HPOS="369" STYLEREFS="StyleId-6BB8775E-DB08-40AE-A9DA-B1675A8E44D4-" CS="1">
<String CONTENT="&#169;" HEIGHT="55" WIDTH="54" VPOS="3446" HPOS="369"/>
<SP HEIGHT="55" WIDTH="28" VPOS="3446" HPOS="424"/>
<String CONTENT="Aug." HEIGHT="52" WIDTH="120" VPOS="3450" HPOS="453"/>
<SP HEIGHT="43" WIDTH="31" VPOS="3449" HPOS="574"/>
<String CONTENT="27," HEIGHT="52" WIDTH="67" VPOS="3449" HPOS="606"/>
<SP HEIGHT="51" WIDTH="34" VPOS="3450" HPOS="674"/>
<String CONTENT="1925;" HEIGHT="49" WIDTH="130" VPOS="3447" HPOS="709"/>
<SP HEIGHT="47" WIDTH="31" VPOS="3449" HPOS="840"/>
<String CONTENT="2c." HEIGHT="43" WIDTH="65" VPOS="3449" HPOS="872"/>
<SP HEIGHT="28" WIDTH="31" VPOS="3464" HPOS="938"/>
<String CONTENT="and" HEIGHT="42" WIDTH="88" VPOS="3450" HPOS="970"/>
<SP HEIGHT="42" WIDTH="29" VPOS="3450" HPOS="1059"/>
<String CONTENT="aff." HEIGHT="42" WIDTH="78" VPOS="3450" HPOS="1089"/>
<SP HEIGHT="47" WIDTH="36" VPOS="3447" HPOS="1168"/>
<String CONTENT="Sept." HEIGHT="54" WIDTH="122" VPOS="3447" HPOS="1205"/>
<SP HEIGHT="42" WIDTH="37" VPOS="3449" HPOS="1328"/>
<String CONTENT="1;" HEIGHT="51" WIDTH="45" VPOS="3449" HPOS="1366"/>
<SP HEIGHT="51" WIDTH="34" VPOS="3449" HPOS="1412"/>
<!-- cceid 363020D0-6DD5-1014-B757-AF09C522E301 --><String CONTENT="A" HEIGHT="41" WIDTH="43" VPOS="3449" HPOS="1447"/>
<SP HEIGHT="43" WIDTH="32" VPOS="3448" HPOS="1491"/>
<String CONTENT="865691;" HEIGHT="53" WIDTH="191" VPOS="3445" HPOS="1524"/>
<SP HEIGHT="51" WIDTH="34" VPOS="3447" HPOS="1716"/>
<String CONTENT="K." HEIGHT="44" WIDTH="59" VPOS="3447" HPOS="1751"/>
<SP HEIGHT="44" WIDTH="34" VPOS="3447" HPOS="1811"/>
<String CONTENT="L." HEIGHT="43" WIDTH="49" VPOS="3447" HPOS="1846"/>
<SP HEIGHT="43" WIDTH="34" VPOS="3447" HPOS="1896"/>
<String CONTENT="Brooks," HEIGHT="53" WIDTH="194" VPOS="3446" HPOS="1931"/>
<SP HEIGHT="52" WIDTH="31" VPOS="3447" HPOS="2126"/>
<String CONTENT="Los" HEIGHT="47" WIDTH="91" VPOS="3447" HPOS="2158"/>
<SP HEIGHT="43" WIDTH="31" VPOS="3446" HPOS="2250"/>
<String CONTENT="Angeles." HEIGHT="113" WIDTH="1919" VPOS="3446" HPOS="439"/>
<SP HEIGHT="53" WIDTH="70" VPOS="3506" HPOS="575"/>
<String CONTENT="(25-20730)" HEIGHT="55" WIDTH="271" VPOS="3504" HPOS="646"/>
</TextLine>
<TextLine HEIGHT="74" WIDTH="1051" VPOS="3606" HPOS="372" STYLEREFS="StyleId-FD74EAE3-9B13-497A-A531-FAD95654C456-">
<String CONTENT="Brown," HEIGHT="70" WIDTH="246" VPOS="3607" HPOS="372"/>
<SP HEIGHT="70" WIDTH="37" VPOS="3607" HPOS="619"/>
<String CONTENT="Bancroft" HEIGHT="58" WIDTH="309" VPOS="3607" HPOS="657"/>
<SP HEIGHT="57" WIDTH="35" VPOS="3608" HPOS="967"/>
<String CONTENT="Huntington." HEIGHT="74" WIDTH="420" VPOS="3606" HPOS="1003"/>
</TextLine>
<TextLine HEIGHT="76" WIDTH="1930" VPOS="3697" HPOS="446">
<String CONTENT="Plane" HEIGHT="58" WIDTH="197" VPOS="3699" HPOS="446"/>
<SP HEIGHT="54" WIDTH="40" VPOS="3703" HPOS="644"/>
<String CONTENT="trigonometry" HEIGHT="72" WIDTH="463" VPOS="3701" HPOS="685"/>
<SP HEIGHT="51" WIDTH="39" VPOS="3722" HPOS="1149"/>
<String CONTENT="and" HEIGHT="56" WIDTH="124" VPOS="3703" HPOS="1189"/>
<SP HEIGHT="57" WIDTH="38" VPOS="3702" HPOS="1314"/>
<String CONTENT="logarithms," HEIGHT="67" WIDTH="395" VPOS="3700" HPOS="1353"/>
<SP HEIGHT="63" WIDTH="39" VPOS="3702" HPOS="1749"/>
<String CONTENT="by" HEIGHT="68" WIDTH="83" VPOS="3702" HPOS="1789"/>
<SP HEIGHT="70" WIDTH="35" VPOS="3700" HPOS="1873"/>
<String CONTENT="B." HEIGHT="55" WIDTH="72" VPOS="3700" HPOS="1909"/>
<SP HEIGHT="57" WIDTH="41" VPOS="3698" HPOS="1982"/>
<String CONTENT="H." HEIGHT="57" WIDTH="80" VPOS="3698" HPOS="2024"/>
<SP HEIGHT="57" WIDTH="42" VPOS="3697" HPOS="2105"/>
<String CONTENT="Brown" HEIGHT="56" WIDTH="228" VPOS="3697" HPOS="2148"/>
</TextLine>
<TextLine HEIGHT="78" WIDTH="1942" VPOS="3774" HPOS="437" CS="1">
<String CS="1" CONTENT="&#8230;"/>
<SP HEIGHT="37" WIDTH="31" VPOS="3798" HPOS="437"/>
<String CONTENT="under" HEIGHT="58" WIDTH="203" VPOS="3779" HPOS="469"/>
<SP HEIGHT="52" WIDTH="24" VPOS="3783" HPOS="673"/>
<String CONTENT="the" HEIGHT="59" WIDTH="104" VPOS="3779" HPOS="698"/>
<SP HEIGHT="39" WIDTH="29" VPOS="3799" HPOS="803"/>
<String CONTENT="editorship" HEIGHT="73" WIDTH="351" VPOS="3779" HPOS="833"/>
<SP HEIGHT="51" WIDTH="30" VPOS="3801" HPOS="1185"/>
<String CONTENT="of" HEIGHT="57" WIDTH="69" VPOS="3782" HPOS="1216"/>
<SP HEIGHT="59" WIDTH="24" VPOS="3780" HPOS="1286"/>
<String CONTENT="J." HEIGHT="59" WIDTH="60" VPOS="3780" HPOS="1311"/>
<SP HEIGHT="58" WIDTH="30" VPOS="3779" HPOS="1372"/>
<String CONTENT="W." HEIGHT="58" WIDTH="96" VPOS="3779" HPOS="1403"/>
<SP HEIGHT="57" WIDTH="29" VPOS="3779" HPOS="1500"/>
<String CONTENT="Young" HEIGHT="72" WIDTH="227" VPOS="3779" HPOS="1530"/>
<SP HEIGHT="52" WIDTH="32" VPOS="3799" HPOS="1758"/>
<String CS="1" CONTENT="&#8230;"/>
<SP HEIGHT="58" WIDTH="85" VPOS="3776" HPOS="1853"/>
<String CONTENT="Boston," HEIGHT="68" WIDTH="259" VPOS="3776" HPOS="1939"/>
<SP HEIGHT="70" WIDTH="29" VPOS="3774" HPOS="2199"/>
<String CONTENT="New" HEIGHT="57" WIDTH="150" VPOS="3774" HPOS="2229"/>
</TextLine>
<TextLine HEIGHT="75" WIDTH="1546" VPOS="3854" HPOS="369" CS="1">
<String CONTENT="York" HEIGHT="56" WIDTH="172" VPOS="3856" HPOS="369"/>
<SP HEIGHT="72" WIDTH="29" VPOS="3856" HPOS="542"/>
<String CONTENT="[etc.]" HEIGHT="70" WIDTH="146" VPOS="3858" HPOS="572"/>
<SP HEIGHT="71" WIDTH="30" VPOS="3856" HPOS="719"/>
<String CONTENT="Houghton" HEIGHT="73" WIDTH="346" VPOS="3856" HPOS="750"/>
<SP HEIGHT="57" WIDTH="26" VPOS="3859" HPOS="1097"/>
<String CONTENT="Mifflin" HEIGHT="61" WIDTH="216" VPOS="3854" HPOS="1124"/>
<SP HEIGHT="40" WIDTH="31" VPOS="3876" HPOS="1341"/>
<String CONTENT="company" HEIGHT="53" WIDTH="308" VPOS="3876" HPOS="1373"/>
<SP HEIGHT="50" WIDTH="29" VPOS="3878" HPOS="1682"/>
<String CS="1" CONTENT="["/>
<String STYLE="superscript" CONTENT="c" HEIGHT="21" WIDTH="17" VPOS="3864" HPOS="1726"/>
<String CONTENT="1925]" HEIGHT="71" WIDTH="165" VPOS="3856" HPOS="1750"/>
</TextLine>
<TextLine HEIGHT="55" WIDTH="753" VPOS="3931" HPOS="438" STYLEREFS="StyleId-6BB8775E-DB08-40AE-A9DA-B1675A8E44D4-" CS="1">
<String CONTENT="5," HEIGHT="50" WIDTH="36" VPOS="3931" HPOS="438"/>
<SP HEIGHT="30" WIDTH="30" VPOS="3953" HPOS="475"/>
<String CS="1" CONTENT="[1]." HEIGHT="10" WIDTH="7" VPOS="3974" HPOS="569"/>
<SP HEIGHT="48" WIDTH="23" VPOS="3936" HPOS="577"/>
<String CONTENT="9-66" HEIGHT="44" WIDTH="111" VPOS="3935" HPOS="601"/>
<SP HEIGHT="47" WIDTH="22" VPOS="3936" HPOS="713"/>
<String CONTENT="p." HEIGHT="33" WIDTH="39" VPOS="3950" HPOS="736"/>
<SP HEIGHT="43" WIDTH="61" VPOS="3935" HPOS="776"/>
<String CONTENT="diagrs." HEIGHT="51" WIDTH="168" VPOS="3935" HPOS="838"/>
<SP HEIGHT="41" WIDTH="64" VPOS="3938" HPOS="1007"/>
<String CONTENT="19" HEIGHT="45" WIDTH="50" VPOS="3937" HPOS="1072"/>
<String STYLE="superscript" CS="1" CONTENT="cm"/>
<String CONTENT="." HEIGHT="8" WIDTH="9" VPOS="3971" HPOS="1182"/>
</TextLine>
<TextLine HEIGHT="113" WIDTH="1985" VPOS="3984" HPOS="369" STYLEREFS="StyleId-6BB8775E-DB08-40AE-A9DA-B1675A8E44D4-" CS="1">
<String CONTENT="&#169;" HEIGHT="54" WIDTH="53" VPOS="3985" HPOS="369"/>
<SP HEIGHT="54" WIDTH="33" VPOS="3985" HPOS="423"/>
<String CONTENT="Sept." HEIGHT="55" WIDTH="121" VPOS="3986" HPOS="457"/>
<SP HEIGHT="42" WIDTH="32" VPOS="3989" HPOS="579"/>
<String CONTENT="30," HEIGHT="51" WIDTH="67" VPOS="3988" HPOS="612"/>
<SP HEIGHT="49" WIDTH="33" VPOS="3990" HPOS="680"/>
<String CONTENT="1925;" HEIGHT="52" WIDTH="130" VPOS="3987" HPOS="714"/>
<SP HEIGHT="49" WIDTH="34" VPOS="3990" HPOS="845"/>
<String CONTENT="2c." HEIGHT="42" WIDTH="64" VPOS="3990" HPOS="880"/>
<SP HEIGHT="44" WIDTH="34" VPOS="3990" HPOS="945"/>
<String CONTENT="Oct." HEIGHT="44" WIDTH="101" VPOS="3990" HPOS="980"/>
<SP HEIGHT="43" WIDTH="34" VPOS="3990" HPOS="1082"/>
<String CONTENT="6;" HEIGHT="52" WIDTH="50" VPOS="3990" HPOS="1117"/>
<SP HEIGHT="37" WIDTH="33" VPOS="4005" HPOS="1168"/>
<String CONTENT="aff." HEIGHT="42" WIDTH="79" VPOS="3991" HPOS="1202"/>
<SP HEIGHT="44" WIDTH="35" VPOS="3990" HPOS="1282"/>
<String CONTENT="Oct." HEIGHT="44" WIDTH="101" VPOS="3990" HPOS="1318"/>
<SP HEIGHT="43" WIDTH="32" VPOS="3990" HPOS="1420"/>
<String CONTENT="3;" HEIGHT="51" WIDTH="50" VPOS="3990" HPOS="1453"/>
<SP HEIGHT="52" WIDTH="36" VPOS="3989" HPOS="1504"/>
<!-- cceid 3630586A-6DD5-1014-B757-AF09C522E301 --><String CONTENT="A" HEIGHT="42" WIDTH="43" VPOS="3989" HPOS="1541"/>
<SP HEIGHT="43" WIDTH="32" VPOS="3988" HPOS="1585"/>
<String CONTENT="869214;" HEIGHT="51" WIDTH="188" VPOS="3988" HPOS="1618"/>
<SP HEIGHT="51" WIDTH="38" VPOS="3988" HPOS="1807"/>
<String CONTENT="B." HEIGHT="42" WIDTH="50" VPOS="3988" HPOS="1846"/>
<SP HEIGHT="42" WIDTH="34" VPOS="3988" HPOS="1897"/>
<String CONTENT="H." HEIGHT="42" WIDTH="62" VPOS="3988" HPOS="1932"/>
<SP HEIGHT="44" WIDTH="34" VPOS="3986" HPOS="1995"/>
<String CONTENT="Brown," HEIGHT="47" WIDTH="180" VPOS="3986" HPOS="2030"/>
<SP HEIGHT="49" WIDTH="35" VPOS="3984" HPOS="2211"/>
<String CONTENT="Hanover," HEIGHT="113" WIDTH="1916" VPOS="3984" HPOS="438"/>
</TextLine>
<TextLine HEIGHT="56" WIDTH="492" VPOS="4044" HPOS="588" STYLEREFS="StyleId-6BB8775E-DB08-40AE-A9DA-B1675A8E44D4-">
<String CONTENT="N." HEIGHT="43" WIDTH="59" VPOS="4045" HPOS="588"/>
<SP HEIGHT="43" WIDTH="27" VPOS="4045" HPOS="648"/>
<String CONTENT="H." HEIGHT="42" WIDTH="61" VPOS="4045" HPOS="676"/>
<SP HEIGHT="53" WIDTH="68" VPOS="4046" HPOS="738"/>
<String CONTENT="(25-20388)" HEIGHT="56" WIDTH="273" VPOS="4044" HPOS="807"/>
</TextLine>
</TextBlock>
</PrintSpace>
</Page>
</Layout>
</alto>