2533 4412
1261 4066 151 56 1470

328 367 307 73 Forbush,
678 367 280 58 Edward
995 366 212 73 Howe,
1250 369 191 57 1858-

474 446 1871 74 … Birds of Massachusetts and other New England
330 523 1992 151 states, by Edward Howe Forbush … illustrated with colored plates from
940 601 320 73 drawings
1289 602 84 71 by
1398 601 193 58 Louis
1620 601 275 73 Agassiz
1920 601 269 60 Fuertes
2221 604 124 57 and

327 680 235 74 figures
599 682 124 55 and
757 683 136 54 cuts
927 679 170 57 from
1134 679 318 72 drawings
1490 681 124 56 and
1647 679 438 73 photographs
2121 680 83 72 by
2239 681 106 57 the

329 759 230 56 author
597 760 125 56 and
762 757 232 58 others.
1080 757 226 58 Issued
1346 757 84 72 by
1472 757 329 73 authority
1842 757 66 58 of
1950 758 104 58 the
328 752 1992 142 legislature.
565 839 88 70 pt.
699 838 49 55 1.
787 836 228 57 Water

1047 835 197 72 birds,
1282 836 218 57 marsh
1537 835 177 59 birds
1757 838 123 56 and
1924 836 181 58 shore
2146 836 195 59 birds.

332 915 347 75 [Norwood,
727 915 215 72 Mass.,
991 914 267 57 Printed
1302 915 83 71 by
1429 914 288 58 Berwick
1763 916 123 57 and
1933 915 206 58 Smith
327 934 1989 134 company]
550 994 168 56 1925.

397 1071 133 51 xxxi,
559 1071 79 42 481
673 1085 38 38 p.
775 1069 117 44 illus.
919 1069 128 53 (incl.
1078 1069 127 53 map)
1246 1069 142 53 plates
1429 1070 126 53 (part
1586 1069 111 53 col.)
1765 1067 54 46 25½
1855 1072 47 17 cm
1909 1105 8 8 .

399 1128 64 43 At
496 1127 117 44 head
645 1126 51 45 of
729 1126 126 44 title:
895 1126 363 44 Massachusetts
1294 1126 303 52 Department
1630 1126 52 44 of
1717 1126 293 53 agriculture,
2047 1127 82 43 Dr.
2165 1127 180 44 Arthur

326 1185 74 44 W.
435 1184 189 48 Gilbert,
655 1182 359 45 commissioner.

328 1239 53 54 ©
413 1243 119 42 Nov.
569 1241 63 52 19,
667 1240 129 52 1925;
828 1241 64 42 2c.
925 1241 119 43 Nov.
1076 1238 79 53 27;
1190 1239 78 44 aff.
1304 1240 119 43 Nov.
1455 1239 78 52 25;
1567 1239 43 43 A
1644 1238 188 54 875262;
1869 1239 394 45 Commonwealth
2294 1239 50 44 of

399 1298 375 51 Massachusetts,
817 1298 185 43 Boston.
1073 1296 272 55 (25-24925)

330 1384 232 75 Fuller,
597 1384 220 72 Edgar
848 1383 50 58 I.

405 1464 131 57 The
567 1462 225 58 visible
827 1462 67 58 of
925 1462 105 57 the
1061 1461 295 58 invisible
1390 1460 256 73 empire,
1682 1461 188 58 “The
1899 1463 442 72 maelstrom”,

325 1539 2015 76 by Edgar I. Fuller … Rev. and ed. by Geo. La Dura.
325 1621 270 73 Denver,
631 1619 148 74 Col.,
813 1620 371 57 Maelstrom
1214 1617 368 74 publishing
1611 1637 109 54 co.,
1749 1619 118 57 inc.
1901 1648 13 44 [
1915 1626 19 21 c
1939 1620 165 73 1925]

405 1700 89 52 178,
529 1703 52 44 [2]
614 1715 39 38 p.
717 1699 154 53 front.,
902 1698 116 45 illus.
1047 1697 254 54 (facsims.)
1338 1698 156 53 plates,
1525 1704 140 46 ports.
1725 1697 54 44 20½
1815 1699 47 18 cm
1869 1732 7 7 .

329 1756 53 54 ©
410 1757 120 52 Sept.
560 1759 33 47 1,
622 1755 131 53 1925;
779 1757 64 42 2c.
873 1755 122 53 Sept.
1021 1756 50 51 4;
1098 1755 80 43 aff.
1205 1755 120 44 Nov.
1350 1753 78 54 27;
1457 1755 43 42 A
1526 1753 190 53 872612;
1747 1754 108 45 Geo.
1884 1755 64 43 La
1977 1755 143 52 Dura,
2148 1755 195 44 Denver.

408 1813 273 56 (25-24996)

331 1902 208 70 Gates,
576 1899 247 57 Arthur
859 1897 239 74 Irving,
1141 1900 191 56 1890-

410 1980 128 58 The
575 1978 467 72 Gates-Strang
1073 1977 216 57 health
1319 1976 364 75 knowledge
1718 1980 144 71 test,
1897 1978 83 73 by
2014 1977 249 58 Arthur
2295 1978 49 56 I.

333 2055 2015 74 Gates … and Ruth Strang … with an introduction by
332 2133 2012 76 George T. Palmer … New York city, Teachers college,
333 2214 327 60 Columbia
695 2211 375 73 university,
1109 2213 165 55 1925.

428 2327 10 18 v,
475 2291 51 45 85
565 2306 39 38 p.
665 2289 170 54 diagrs.
894 2289 54 44 23
956 2291 46 17 cm
1009 2323 10 9 .

399 2350 75 44 On
506 2363 160 30 cover:
703 2346 235 52 Complete
971 2344 154 46 series.

331 2403 2007 57 © Nov. 10, 1925; 1c. Nov. 14; 1c. Nov. 16; aff. Nov. 21; A 872567;
399 2464 229 44 Teachers
666 2462 186 52 college,
894 2460 237 44 Columbia
1168 2460 265 52 university.
1504 2459 271 54 (25-24246)

331 2550 191 72 Grün,
561 2547 216 72 Adolf,
817 2549 191 57 1877-

405 2628 280 71 Analyse
728 2627 115 57 der
880 2626 160 57 fette
1081 2625 128 57 und
1249 2624 264 73 wachse,
1560 2625 185 57 sowie
1789 2627 115 56 der
1945 2627 400 72 erzeugnisse

329 2704 1989 140 der fettindustrie … von dr. Adolf Grün … 1. bd. Methoden.
654 2784 236 71 Berlin,
927 2784 59 57 J.
1031 2782 327 73 Springer,
1397 2783 165 56 1925.

400 2864 79 51 xii,
513 2862 93 52 575,
641 2863 52 53 [1]
728 2875 39 38 p.
830 2860 131 52 illus.,
992 2860 156 52 tables,
1183 2859 168 52 diagrs.
1412 2858 52 44 25
1474 2861 47 18 cm
1527 2894 8 8 .

402 2917 389 55 Bibliographical
815 2917 265 44 foot-notes.

330 2972 1739 59 © July 17, 1925; 1c. Oct. 10; A—Foreign 28885; Julius Springer.
409 3032 272 57 (25-27869)

331 3120 429 71 Grundmann,
795 3119 96 58 W.

406 3197 412 59 Praktischer
843 3195 308 59 leitfaden
1178 3194 111 58 für
1313 3194 99 58 die
1442 3193 391 60 fabrikation
1859 3215 120 38 von
2005 3195 186 59 haus-
2216 3197 127 59 und

327 3275 541 73 industrieseifen,
903 3275 211 57 bearb.
1152 3293 123 38 von
1311 3274 97 57 W.
1450 3273 429 59 Grundmann.
1982 3275 360 75 Augsburg,

327 3357 79 57 H.
441 3355 409 71 Ziolkowsky,
884 3373 55 53 g.
973 3372 78 38 m.
1085 3353 55 57 b.
1173 3352 79 72 h.,
1288 3353 166 56 1925.

400 3436 80 52 xii,
506 3434 93 53 191,
625 3435 53 52 [1]
704 3448 40 38 p.
802 3433 58 43 22
864 3435 48 18 cm
917 3468 9 9 .

331 3487 2010 59 © Sept. 11, 1925; 1c. Nov. 7; A—Foreign 29145; Verlag für chemische
401 3550 232 49 industrie,
668 3549 61 41 H.
761 3547 307 51 Ziolkowsky,
1098 3561 42 37 g.
1170 3561 59 27 m.
1261 3546 39 42 b.
1331 3544 41 43 h.
1443 3542 272 56 (25-27867)

332 3634 167 71 Hall,
538 3632 225 58 Albert
799 3630 213 74 Neely,
1054 3632 191 56 1883-

410 3712 281 59 Outdoor
737 3711 123 71 boy
903 3709 364 68 craftsmen,
1314 3710 65 54 at
1424 3706 198 71 home,
1667 3707 65 56 in
1776 3706 146 60 field
1966 3710 124 55 and
2131 3711 211 56 woods

332 3785 2011 73 and in and on water, by A. Neely Hall … with over six
328 3871 288 56 hundred
657 3866 423 58 illustrations
1122 3865 124 57 and
1286 3863 285 73 working
1609 3864 318 73 drawings
1967 3865 85 71 by
2091 3866 105 57 the
331 3885 1988 122 author.
575 3948 259 67 Boston,

869 3943 303 71 Lothrop,
1206 3942 123 57 Lee
1363 3944 63 55 &
1463 3941 290 72 Shepard
1787 3962 85 38 co.
1912 3971 13 44 [
1927 3950 19 22 c
1950 3943 165 74 1925]
