2533 4412
0 0 0 0 1079
171 494 98 54 237,
342 513 10 29 [1]
385 510 39 38 p.
486 495 137 44 front.,
651 496 166 53 (port.)
858 494 114 45 illus.
999 493 195 55 (music)
1234 494 143 52 plates
1407 495 46 53 (1
1488 493 168 54 music)
1728 494 146 45 19½cm.
107 495 1999 102 (Half-title:
258 550 98 46 The
387 553 242 43 broadcast
663 552 197 53 library)

176 623 219 53 “Helpful
424 624 297 52 publications
753 624 71 43 for
853 637 135 39 opera
1019 621 176 46 lovers”
1212 637 9 29 :
1251 637 40 38 p.
1323 621 202 45 100-126.

105 692 1997 55 © 1c. Oct. 8, 1925 ; A ad int. 7324 ; pubd. Sept. 10 ; Oxford university press,
176 751 246 42 American
454 750 180 49 branch,
670 750 116 42 New
819 750 142 42 York.
998 785 3 4 .
1032 747 270 54 (25-21695)

107 850 331 71 Seamster,
477 849 222 58 Albert
737 849 185 61 Silas.

105 940 1977 153 The housewives’ handy baking recipes, by A. S. Seamster … [Denver, Col., The Franklin press, c 1925]
172 1111 54 43 64
252 1125 40 39 p.
353 1119 115 44 port.
527 1111 54 42 22½
616 1112 45 18 cm
669 1145 9 9 .

175 1182 147 43 Blank
347 1196 134 38 pages
512 1181 71 45 for
613 1180 272 44 “Notations
905 1181 97 47 .and
1032 1180 370 43 memorandum”
1437 1180 188 54 (62-63)

105 1252 52 54 ©
189 1255 118 51 Aug.
345 1255 34 49 1,
415 1252 128 52 1925;
577 1252 64 43 2c.
674 1254 85 41 and
792 1252 78 43 aff.
907 1250 121 53 Sept.
1060 1252 51 51 2;
1147 1252 44 42 A
1225 1250 162 45 866735
1405 1267 8 36 ;
1450 1252 57 43 A.
1546 1251 44 47 S.
1629 1252 245 53 Seamster,
1908 1254 194 44 Denver.

183 1309 270 55 (25-18110)

106 1410 446 72 Shakespeare,
590 1406 298 71 William,
928 1409 360 56 1564-1616.

181 1505 128 57 The
343 1504 269 71 tragedy
641 1502 68 59 of
739 1501 274 70 Hamlet,
1043 1502 84 71 by
1154 1500 282 59 William
1469 1502 453 72 Shakespeare,
1953 1504 152 58 with

102 1584 441 67 introduction,
589 1580 243 58 critical
873 1583 360 66 comments,
1279 1580 416 72 explanatory
1735 1586 201 66 notes,
1981 1582 125 57 and

102 1659 320 72 questions
452 1659 106 57 for
585 1660 162 56 class
778 1659 219 70 study;
1030 1656 209 59 edited
1267 1659 84 70 by
1379 1658 331 72 Raymond
1738 1658 366 74 Woodbury

101 1733 1980 154 Pence … Lincoln, Chicago [etc.] The University publishing company, 1925.
173 1924 108 33 XXV,
313 1909 77 44 199
413 1921 40 36 p.
482 1908 69 43 incl
613 1908 141 42 front.,
781 1904 230 52 (facsim.)
1083 1904 49 45 17½
1168 1907 47 18 cm
1220 1941 9 9 .
1299 1903 291 53 (Half-title:
1624 1906 268 53 University
1920 1908 182 46 classics

104 1965 74 44 for
204 1965 111 49 high
344 1961 809 51 schools—colleges—universities)

173 2034 310 51 Frontispiece
518 2032 36 47 is
594 2033 223 44 facsimile
855 2033 52 45 of
945 2032 264 52 “title-page
1247 2033 52 44 of
1335 2031 189 48 Hamlet
1561 2049 47 30 as
1647 2033 102 47 first
1786 2037 236 51 published
2058 2037 45 44 in

107 2092 131 44 1603”

175 2148 281 50 “Suggested
483 2146 285 45 references”
786 2161 9 29 :
823 2161 42 34 p.
889 2146 243 45 xxi-xxiv.

105 2214 52 54 ©
190 2216 120 51 Sept.
341 2216 37 50 4,
415 2212 103 45 1925
535 2229 8 36 ;
576 2215 64 41 2c.
673 2216 86 41 and
791 2213 78 43 aff.
905 2211 123 53 Sept.
1058 2211 53 44 25
1129 2227 9 37 ;
1173 2213 44 42 A
1248 2212 164 46 864743
1429 2228 9 37 ;
1475 2215 267 54 University
1773 2216 100 52 pub.
1907 2232 65 30 co.
2037 2218 66 53 [©

175 2272 314 49 introduction,
520 2270 174 43 critical
724 2277 262 43 comments,
1016 2269 299 53 explanatory
1345 2278 128 36 notes
1505 2274 86 41 and
1623 2274 227 50 questions
1884 2274 73 44 for
1988 2274 114 44 class

175 2331 145 50 study]
392 2326 271 56 (25-18714)

107 2431 249 71 Strong,
395 2428 277 58 Edward
705 2427 287 74 Kellogg,
1032 2430 190 56 1884-

183 2521 128 57 The
342 2520 388 72 psychology
762 2519 69 57 of
863 2518 224 72 selling
1118 2520 124 56 and
1273 2519 412 74 advertising,
1717 2522 82 71 by
1831 2521 275 61 Edward

104 2595 2002 76 K. Strong … 1st ed. New York [etc.] McGraw-Hill
103 2678 158 58 book
292 2695 322 53 company,
649 2674 135 73 inc.,
821 2676 165 55 1925.

173 2771 61 50 xi,
267 2770 81 44 468
380 2784 38 37 p.
480 2768 115 44 illus.
623 2766 199 55 (forms)
863 2766 170 53 diagrs.
1092 2766 26 42 21
1153 2768 47 17 cm
1207 2801 9 10 .
1330 2765 125 55 $4.00

176 2837 333 46 “References”
535 2845 47 37 at
608 2837 87 45 end
720 2836 52 45 of
797 2844 120 37 most
942 2836 52 45 of
1018 2835 76 45 the
1121 2835 223 54 chapters.

106 2911 53 53 ©
192 2911 120 52 Sept.
346 2910 61 51 19,
443 2907 129 52 1925;
604 2907 64 43 2c.
700 2909 85 41 and
816 2907 79 42 aff.
929 2906 121 52 Sept.
1078 2907 81 51 23;
1192 2906 44 42 A
1267 2906 189 53 864706;
1491 2908 349 44 McGraw-Hill
1871 2910 122 44 book
2024 2928 80 37 co.,

176 2970 82 42 inc.
327 2964 270 56 (25-18564)

108 3065 398 71 Sutherland,
547 3065 182 57 Joan.

182 3160 181 57 Price
401 3158 68 57 of
509 3157 242 57 silence.
835 3155 160 75 [16th
1030 3154 382 75 instalment]

181 3253 80 50 (In
289 3250 186 42 London
507 3250 144 40 Home
679 3251 148 48 notes,
856 3248 115 51 July
1001 3250 66 48 25,
1099 3246 126 51 1925)

107 3316 1993 58 © 1c. Sept. 15, 1925; A ad int. 7280; pubd. July 18; J. Sutherland, ℅ A. M.
177 3377 157 44 Heath
366 3377 37 42 &
434 3391 81 36 co.,
548 3375 200 43 London.

111 3473 374 72 Thorndike,
525 3473 277 57 Edward
838 3472 138 71 Lee,
1017 3473 189 57 1874-

108 3560 1998 235 The Thorndike series of junior high school mathematics … Book 1, 2, grade 7, 8. By Edward Lee Thorndike … Chicago, New York, Rand, McNally & company
112 3832 14 43 [
126 3809 19 21 c
149 3802 164 72 1925]

175 3877 27 42 2
229 3892 42 27 V.
333 3875 129 50 illus.,
493 3874 167 51 diagrs.
719 3873 56 42 20
779 3875 47 17 cm
833 3907 8 8 .

109 3931 53 53 ©
191 3932 119 53 Sept.
342 3932 34 49 1,
406 3929 129 52 1925;
564 3931 64 42 2c.
655 3929 109 43 each
789 3928 87 43 and
904 3927 102 43 affs.
1038 3927 121 51 Sept.
1186 3928 50 50 4;
1265 3926 44 42 A
1334 3925 176 52 864465,
1541 3928 189 53 864466;
1761 3928 52 47 E.
1842 3930 49 43 L.
179 3929 1900 112 Thorndike,
322 3988 116 42 New
464 3987 143 42 York.
676 3983 270 55 (25-18127)
