2533 4412
1093 4088 111 55 313

166 460 200 72 Allen,
400 461 228 58 Alfred
662 462 233 71 Henry.

242 550 247 58 Allen’s
520 550 390 57 commercial
943 549 254 73 organic
1232 550 308 70 analysis;
1577 570 34 36 a
1647 549 260 58 treatise
1943 569 79 38 on
2053 551 104 57 the

165 628 375 72 properties,
576 630 214 55 modes
829 628 68 57 of
932 628 297 72 analysis,
1269 629 123 56 and
1428 627 352 72 proximate
1821 626 337 74 analytical

168 705 421 57 examination
625 705 66 56 of
726 706 103 56 the
862 705 255 57 various
1156 704 259 73 organic
1449 704 326 58 chemicals
1815 705 123 57 and

164 706 1970 133 products
339 783 327 71 employed
699 783 65 55 in
801 783 102 56 the
943 785 152 68 arts,
1132 782 491 72 manufactures,
1660 781 323 73 medicine,
2024 785 132 68 etc.,

164 859 151 58 with
346 860 238 57 concise
613 860 286 57 methods
932 860 101 57 for
1065 861 103 56 the
1200 859 311 58 detection
1543 860 123 57 and
1699 858 359 59 estimation
2091 859 66 58 of

165 937 167 57 their
352 937 374 73 impurities,
757 938 474 71 adulterations,
1261 939 123 56 and
1409 939 300 70 products
1740 937 68 57 of
167 939 1962 133 decomposition.
485 1061 11 10 v.
527 1017 51 54 3.
609 1015 510 72 Hydrocarbons,
1148 1015 331 71 bitumens,
1509 1015 377 71 napthalene
1920 1017 122 56 and
2072 1016 83 56 its

165 1091 400 71 derivatives,
605 1094 376 61 anthracene
1020 1094 123 56 and
1177 1093 84 56 its
1302 1092 361 72 associates,
1700 1092 281 72 phenols,
162 1111 1968 115 aromatic
387 1170 187 70 acids,
612 1169 187 73 gallic
834 1170 155 72 acid,
1029 1171 121 56 and
1185 1171 83 55 its
1308 1170 195 71 allies,
1539 1169 283 71 phthalic
1858 1170 137 57 acid
2034 1171 122 56 and

163 1246 104 58 the
295 1246 375 74 phthaleins,
698 1248 260 56 modern
988 1247 368 72 explosives,
1386 1248 84 71 by
1495 1248 104 56 the
1631 1246 236 58 editors
1899 1248 123 56 and
2050 1246 104 58 the

163 1324 322 72 following
516 1324 453 72 contributors,
1016 1324 79 56 H.
1145 1324 72 57 E.
1268 1323 146 73 Cox,
1466 1324 251 59 Samuel
1763 1325 69 55 P.
1884 1323 270 73 Sadtler,

161 1401 1972 227 W. A. Davis [and others] 5th ed., revised and in part rewritten. Editors: Samuel S. Sadtler … Elbert C. Lathrop …
160 1555 1973 153 C. Ainsworth Mitchell … Philadelphia, P. Blakiston’s son & co. [1925]
232 1710 59 51 ix,
326 1709 80 45 732
439 1725 38 37 p.
539 1711 128 47 illus.,
702 1711 157 52 tables,
892 1711 165 52 diagrs.
1120 1711 53 43 23½
1209 1714 46 17 cm
1262 1746 9 8 .

163 1764 54 54 ©
247 1766 118 44 Mar.
398 1768 61 50 12,
494 1765 129 54 1925;
656 1768 63 42 2c.
751 1768 118 42 Mar.
906 1768 74 51 14;
1011 1767 79 43 aff.
1123 1767 119 44 Mar.
1277 1768 74 51 13;
1385 1766 44 43 A
1459 1767 189 52 823398;
1683 1768 52 43 P.
1769 1767 273 44 Blakiston’s
2074 1782 79 28 son

231 1823 38 44 &
301 1838 65 29 co.

159 1906 338 59 American
526 1907 237 74 society
790 1908 105 57 for
922 1907 237 75 testing
1186 1907 339 58 materials.

306 2000 1850 73 … Proceedings of the 27th-annual meeting, held at
162 2078 280 57 Atlantic
481 2077 162 73 City,
680 2079 152 56 New
864 2079 246 71 Jersey,
1149 2078 165 58 June
1354 2080 203 70 24-27,
1597 2080 164 55 1924.
1839 2099 56 36 v.
1937 2080 88 71 24,
2063 2082 70 69 pt.

163 2144 1993 84 1, 2 … Philadelphia, Pa., American society for testing
158 2233 344 72 materials,
540 2235 164 55 1924.

229 2309 27 42 2
281 2324 41 28 v.
384 2309 129 51 illus.,
545 2309 109 44 fold,
684 2310 156 51 plates,
868 2309 141 44 tables
1050 2310 124 53 (part
1207 2309 135 53 fold.)
1380 2309 167 53 diagrs.
1606 2309 53 44 23
1667 2313 47 17 cm
1720 2345 9 9 .

567 2369 68 48 CONTENTS.—pt.
673 2373 35 36 1.
746 2364 269 45 Committee
1054 2373 189 44 reports,
1278 2380 98 29 new
1413 2367 86 42 and
1536 2365 174 44 revised
1748 2367 216 43 tentative
160 2367 1970 105 standards,
305 2422 75 43 list
405 2422 52 43 of

481 2424 238 42 standards
745 2423 86 42 and
857 2423 216 42 tentative
1101 2423 378 52 standards.—pt.
1507 2429 37 37 2.
1569 2421 246 44 Technical
1843 2437 173 38 papers.

159 2476 54 54 ©
237 2479 119 42 Mar.
384 2479 36 51 1,
447 2476 130 54 1925;
599 2479 66 42 2c.
691 2478 109 46 each
827 2479 118 43 Mar.
974 2479 74 52 19;
1074 2479 80 43 aff.
1179 2478 114 52 Apr.
1320 2477 75 53 15;
1424 2480 43 41 A
1493 2478 188 53 822910;
1710 2479 246 43 American
1982 2478 169 54 society

229 2534 75 44 for
334 2534 167 53 testing
528 2534 247 45 materials.

157 2619 253 71 Annett,
448 2620 275 59 Edward
753 2620 325 72 Aldridge.

302 2710 1851 75 … Psychology for Bible teachers, by Edward Aldridge
157 2788 1670 72 Annett … New York, C. Scribner’s sons, 1925.
226 2863 1590 57 xii p., 1 l., 241 p. diagrs. 17 cm . (Life and religion series)
228 2920 286 45 “Reference
543 2921 237 45 literature
811 2923 77 42 for
917 2922 110 44 each
1053 2922 243 53 chapter”:
1327 2938 40 38 p.
1397 2924 205 44 228-232.

160 2975 54 54 ©
244 2978 118 43 Mar.
396 2978 62 51 13,
492 2976 128 53 1925;
651 2978 64 43 2c.
749 2980 118 42 Mar.
897 2980 77 51 21;
1009 2981 77 42 aff.
1119 2981 118 42 Mar.
1273 2979 74 53 17;
1381 2981 43 41 A
1456 2979 188 53 822548;
1678 2979 187 46 Charles
1901 2980 248 47 Scribner’s

230 3048 116 29 sons.
415 3032 243 56 (25-7589)

158 3118 371 72 Beethoven,
564 3119 266 74 Ludwig
859 3136 141 55 van,
1037 3123 357 57 1770-1827.

225 3194 264 73 Ludwig
517 3215 123 38 van
670 3196 393 59 Beethovens
1094 3198 701 74 Konversationshefte,
1829 3202 168 70 hrsg.
2030 3222 122 37 von

158 3274 1990 78 Walter Nohl … 1. bd. 1., 2. lfg. München O. C. Recht,
161 3353 165 55 1923.

226 3428 26 41 2
282 3443 40 27 v.
385 3427 151 53 front.,
567 3435 153 46 ports.,
756 3429 200 44 facsims.
1016 3431 54 42 26½
1104 3433 47 18 cm
1156 3466 10 8 .

227 3484 157 43 Issued
417 3485 44 41 in
491 3492 138 44 parts.

159 3537 1990 61 © June 16, 1924; 1c. each Feb. 16, 1925; A—Foreign 26863; O. C. Recht
227 3596 168 53 verlag.
465 3595 241 56 (25-8746)
1986 3610 81 37 1960

155 3680 249 72 Breton,
439 3680 232 59 Andre.

301 3760 1849 79 … Manifeste du surréalisme; Poisson soluble. Paris,
210 3838 230 58 Éditions
471 3840 82 55 du
582 3838 345 73 Sagittaire
959 3842 180 72 [1924]

221 3914 687 54 2 p. l., 7-190 p., 2 l. 19 cm .
157 3968 1990 64 © Nov. 15, 1924; 1c. Feb. 5, 1925; A—Foreign 26566; Simon Kra, Paris.
236 4024 241 56 (25-8773)
