2533 4412
1311 4162 113 55 648

683 562 133 45 CONTENTS.—At
846 561 73 44 the
947 561 237 43 historical
1214 567 156 36 center
1399 561 50 43 of
1477 561 74 43 the
1579 560 173 44 United
1784 559 163 50 States,
1975 559 60 54 by
2062 559 77 44 W.
2171 558 53 45 G.
349 560 1986 103 Jordan.—The

642 635 101 28 new
779 620 340 51 Independence
1154 618 216 53 building,
1407 618 60 53 by
1502 618 62 46 H.
1602 618 49 42 L.
1690 617 296 53 Shay.—The
2021 618 339 52 Independence

350 676 269 53 companies,
648 678 59 51 by
735 677 76 43 W.
846 675 48 45 C.
927 676 179 52 Sproul.

349 732 53 54 ©
433 735 114 52 June
579 735 39 51 8,
654 733 130 52 1925;
817 735 65 42 2c.
917 735 87 43 and
1035 734 78 43 aff.
1146 735 116 51 June
1298 734 73 51 19;
1408 734 43 42 A
1486 731 189 54 829769;
1713 734 338 52 Independence
2083 733 272 52 companies,

422 790 326 53 Philadelphia.
818 789 272 55 (25-11473)

352 876 464 59 International
839 877 177 57 chess
1043 880 418 69 tournament,
1488 878 152 58 New
1672 878 192 72 York,
1893 878 166 57 1924.

429 956 129 56 The
634 957 116 56 book
783 955 68 57 of
884 955 102 57 the
1021 956 152 58 New
1203 956 175 56 York
1407 954 456 58 international
1893 955 178 59 chess
350 958 1985 148 tournament,

573 1033 150 56 1924;
786 1032 366 73 containing
1181 1032 104 58 the
1318 1032 368 58 authorized
1718 1036 261 54 account
2011 1033 69 57 of
2111 1032 104 59 the
2249 1034 111 56 110

350 1129 214 53 games
605 1111 230 72 played
875 1109 470 73 March-April,
1388 1109 166 76 1924,
1595 1109 152 59 with
1789 1109 272 73 original
351 1113 1985 133 annotations

546 1189 84 71 by
657 1189 363 57 Alexander
1051 1187 328 71 Alekhine,
1409 1186 210 60 edited
1647 1189 85 70 by
1759 1188 329 58 Hermann
2119 1188 242 71 Helms,

349 1264 2013 75 with fifteen photographs … New York, The American
351 1346 178 56 chess
555 1343 263 61 bulletin;
882 1347 148 71 [etc.,
1062 1347 132 70 etc.,
1223 1351 18 22 c
1245 1344 167 72 1925]

422 1422 206 52 iv-xxiv,
652 1423 84 44 272
761 1437 55 38 p.,
844 1423 19 42 1
910 1458 7 8 l.
945 1421 74 44 incl.
1079 1421 158 49 front.,
1265 1418 133 55 illus.,
1426 1427 142 47 ports.
1627 1421 55 44 23
1690 1423 47 17 cm
1743 1455 9 9 .

350 1479 53 54 ©
431 1481 112 53 Apr.
576 1479 62 53 15,
670 1479 130 53 1925;
831 1481 64 42 2c.
923 1481 113 50 Apr.
1062 1480 79 51 20;
1173 1480 78 42 aff.
1281 1480 113 51 Apr.
1428 1479 74 51 17;
1533 1479 43 42 A
1606 1479 188 50 829880;
1826 1478 248 44 American
2101 1480 129 43 chess
421 1480 1914 102 bulletin.

611 1536 273 55 (25-11735)

353 1622 346 73 Kneeland,
737 1621 270 59 Natalie.

429 1699 1863 73 Infants’ and children’s wear, by Natalie Kneeland …
356 1779 270 70 Chicago
667 1779 50 58 &
753 1780 154 56 New
943 1779 192 70 York,
1174 1779 75 56 A.
1291 1779 95 58 W.
1431 1778 187 59 Shaw
1656 1797 336 54 company;
2036 1781 150 70 [etc.,
2228 1782 131 70 etc.]

354 1861 166 55 1925.

422 1938 97 51 xxi,
555 1935 77 46 187
662 1952 39 37 p.
778 1935 115 45 illus.
967 1936 49 42 21½
1056 1938 46 17 cm
1109 1971 9 8 .
1202 1934 293 55 (Half-title:
1532 1934 322 46 Merchandise
1887 1936 204 44 manuals
2125 1937 73 43 for
2233 1936 129 44 retail

355 1994 287 55 salespeople,
671 1995 77 44 W.
777 1995 76 45 W.
888 1993 231 53 Charters,
1152 1994 171 53 editor)

425 2052 334 44 “References”
787 2060 46 38 at
860 2053 86 42 end
972 2052 50 44 of
1049 2067 123 28 some
1199 2053 51 43 of
1277 2052 74 44 the
1377 2053 226 51 chapters.

353 2108 53 54 ©
429 2112 116 51 June
575 2111 61 51 12,
667 2110 130 52 1925;
825 2111 63 43 2c.
916 2112 87 42 and
1027 2112 80 42 aff.
1131 2112 115 52 June
1274 2110 76 53 17;
1379 2111 43 42 A
1448 2109 191 55 829725;
1669 2112 58 43 A.
1754 2112 74 44 W.
1859 2111 137 47 Shaw
2023 2127 64 28 co.

433 2166 272 56 (25-11195)

432 2252 1934 76 Negligees, by Natalie Kneeland … Chicago & New
354 2333 191 72 York,
574 2335 75 56 A.
679 2333 96 58 W.
809 2332 187 59 Shaw
1024 2351 336 53 company;
1393 2335 149 70 [etc.,
1575 2336 128 70 etc.]
1735 2335 166 55 1925.

425 2412 114 54 xxii,
579 2410 79 45 156
692 2426 26 38 p
794 2410 115 44 illus.
969 2411 49 42 21½
1058 2413 46 16 cm
1111 2446 9 7 .
1189 2409 290 55 (Half-title:
1521 2410 321 45 Merchandise
1879 2410 204 45 manuals
2122 2412 73 44 for
2234 2412 130 44 retail

356 2469 289 52 salespeople,
675 2469 74 43 W.
779 2469 75 43 W.
884 2467 231 51 Charters,
1146 2467 171 54 editor)

429 2525 329 45 “References”
787 2536 46 36 at
861 2525 86 44 end
975 2525 51 44 of
1054 2540 123 29 some
1206 2526 51 43 of
1285 2527 74 42 the
1391 2524 223 54 chapters.

355 2582 54 54 ©
433 2585 116 52 June
576 2584 63 51 12,
668 2582 103 45 1925;
823 2585 65 43 2c.
915 2585 87 43 and
1027 2584 79 43 aff.
1132 2584 116 52 June
1279 2582 49 46 17;
1382 2584 43 43 A
1453 2583 189 53 829726;
1672 2584 57 44 A.
1756 2585 76 44 W.
1861 2583 135 48 Shaw
2023 2600 66 29 co.

435 2641 272 55 (25-11193)

437 2726 1858 74 Sweaters and bathing suits, by Natalie Kneeland …
360 2805 270 74 Chicago
672 2806 48 59 &
757 2807 152 56 New
947 2806 190 73 York,
1177 2806 75 56 A.
1292 2806 97 57 W.
1433 2806 187 58 Shaw
1659 2826 336 53 company;
2039 2811 148 68 [etc.,
2233 2811 129 69 etc.]

358 2886 166 57 1925.

427 2963 96 52 xxi,
567 2964 78 44 144
683 2978 41 38 p.
784 2961 117 45 illus.
960 2964 49 42 21½
1049 2965 47 16 cm
1103 2997 9 8 .
1181 2961 293 55 (Half-title:
1517 2962 323 45 Merchandise
1878 2963 203 45 manuals
2122 2965 74 44 for
2235 2964 130 44 retail

360 3020 285 54 salespeople,
676 3021 75 43 W.
782 3021 75 46 W.
891 3018 232 53 Charters,
1154 3019 172 53 editor)

431 3076 330 45 “References”
789 3085 46 36 at
863 3078 85 43 end
974 3077 52 44 of
1051 3091 127 30 some
1203 3077 50 44 of
1280 3077 75 44 the
1380 3078 226 51 chapters.

359 3133 53 54 ©
435 3136 116 52 June
579 3136 64 50 12,
671 3133 129 53 1925;
828 3135 65 43 2c.
920 3136 86 42 and
1032 3136 79 42 aff.
1135 3136 115 52 June
1278 3135 75 52 17;
1382 3135 43 42 A
1452 3135 190 54 829730;
1672 3136 57 44 A.
1757 3137 74 44 W.
1862 3136 138 47 Shaw
2024 3152 66 29 co.

437 3190 272 57 (25-11191)

361 3279 166 58 Kolb
557 3278 291 74 building
877 3295 108 56 co.,
1018 3278 138 73 inc.,
1191 3280 151 57 New
1379 3280 188 57 York.

437 3358 169 57 Kolb
632 3358 302 57 sectional
956 3359 381 71 bungalows,
1363 3357 487 60 manufactured
1873 3360 84 71 by
1980 3359 169 57 Kolb
358 3358 1982 150 building

501 3455 106 53 co.,
640 3435 116 57 inc.
832 3436 152 57 New
1013 3435 174 57 York
1220 3436 144 72 city,
1400 3443 17 22 c
1421 3437 164 55 1924.

430 3513 53 44 36
513 3526 40 38 p.
615 3512 115 44 illus.
758 3512 127 53 (incl.
921 3511 152 54 plans)
1141 3513 56 42 22
1203 3515 46 17 cm
1256 3548 8 8 .

434 3570 163 42 “Price
629 3569 258 43 list—Kolb
918 3569 292 52 bungalows”
1244 3569 211 42 mounted
1489 3568 140 43 inside
1664 3570 124 42 front
1820 3584 146 28 cover.

362 3624 53 54 ©
442 3625 112 53 May
585 3627 35 49 1,
650 3625 129 52 1925;
808 3626 64 42 2c.
902 3626 112 51 May
1039 3626 51 51 2;
1121 3626 79 42 aff.
1231 3627 111 51 May
1374 3624 74 53 15;
1478 3625 43 42 A
1549 3624 190 53 855178;
1771 3625 122 44 Kolb
1923 3625 203 53 building
2155 3640 79 36 co.,
2266 3626 96 51 inc.,

432 3683 117 43 New
582 3683 143 43 York.
795 3681 271 55 (25-10544)

364 3767 182 72 Korf,
583 3767 356 60 Frederick.

442 3846 315 59 Scientific
794 3866 142 39 care
974 3847 67 58 of
1075 3847 142 57 hair
1253 3848 123 57 and
1415 3847 170 71 scalp;
1656 3867 37 37 a
1728 3846 320 58 text-book
2080 3846 106 57 for
363 3862 1974 120 professionals

743 3923 1552 73 and a student’s guide, by Frederick Korf …
363 4003 152 56 New
559 4003 190 69 York,
795 4003 241 56 Boston
1085 4006 145 69 [etc.]
1279 4003 274 57 Wilfred
1599 4003 299 70 academy
1942 4002 68 57 of
2055 4000 142 57 hair
2242 4000 123 57 and

362 4081 232 71 beauty
627 4081 238 56 culture
903 4109 13 43 [
919 4087 18 22 c
941 4082 163 71 1925]
