2533 4412
0 0 0 0 700
444 502 74 51 vii,
549 501 83 44 339
663 516 38 38 p.
760 510 140 44 ports.
958 502 52 43 21
1020 505 47 17 cm
1074 537 8 8 .

377 556 53 54 ©
456 558 116 52 June
602 558 63 52 19,
697 557 129 54 1925;
857 559 64 43 2c.
951 560 87 42 and
1065 559 78 42 aff.
1173 558 105 53 July
1311 559 47 51 1;
1389 559 43 41 A
1461 557 189 53 829956;
1684 557 51 45 G.
1767 560 50 42 P.
1849 558 232 43 Putnam’s
2112 573 118 37 sons,
2259 559 118 44 New

445 614 142 44 York.

377 698 307 74 Hopkins,
717 698 237 58 Dennis
984 700 86 56 M.

454 778 238 74 Simple
741 781 111 57 but
903 778 287 59 effective
1239 779 148 59 cake
1437 779 386 72 decorating,
1870 780 85 71 by
2001 779 238 57 Dennis
2292 778 80 57 M.

375 855 1998 75 Hopkins … Chicago, Ill., Bakers’ helper company, 1925.
446 938 90 49 143,
574 939 52 48 [1]
660 950 40 38 p.
765 936 128 44 front.
936 935 170 52 (port.)
1148 934 116 46 illus.
1322 936 171 44 24x31
1504 938 47 18 cm
1558 973 8 9 .

376 989 53 54 ©
452 992 116 51 June
591 991 39 51 3,
658 989 101 45 1925;
812 991 64 42 2c.
902 991 87 42 and
1011 991 79 42 aff.
1116 991 114 51 June
1257 989 74 52 18;
1359 989 45 42 A
1428 988 163 45 855583;
1647 990 57 42 D.
1731 990 65 42 M.
1823 989 228 53 Hopkins,
2077 988 112 47 East
446 987 1910 111 Cleveland,

596 1048 55 44 O.
721 1045 272 56 (25-11536)

377 1132 420 73 Humphreys,
839 1130 359 73 Frederick,
1240 1133 359 57 1816-1900.

450 1209 406 73 Humphreys
873 1213 12 25 ’
914 1209 367 71 veterinary
1308 1208 273 72 manual,
1612 1208 359 74 describing
2001 1207 278 60 diseases
2314 1208 67 59 of

371 1289 240 70 horses,
654 1288 207 70 cattle,
907 1288 208 71 sheep,
1157 1288 156 72 hogs
1356 1289 125 56 and
1519 1287 259 72 poultry
1818 1288 124 57 and
1982 1288 165 57 their
371 1291 1985 147 treatment,

609 1365 1771 74 by F. Humphreys … New York, Humphreys’
371 1446 237 58 homeo.
639 1445 304 58 medicine
975 1465 84 37 co.
1095 1474 12 43 [
1111 1452 18 22 c
1132 1445 164 73 1925]

443 1524 94 53 230,
574 1524 80 50 [13]
691 1538 39 38 p.
789 1522 159 54 plates.
1012 1521 49 46 17
1069 1525 46 18 cm
1121 1557 10 9 .

446 1580 271 53 Previously
739 1580 235 52 published
998 1582 143 42 under
1163 1581 99 44 title:
1314 1580 188 44 Manual
1528 1581 51 44 of
1600 1580 260 53 veterinary
1881 1580 314 53 homeopathy.

373 1637 54 53 ©
458 1640 116 51 June
605 1638 37 53 4,
678 1638 130 52 1925;
840 1639 64 42 2c.
938 1639 87 42 and
1056 1638 78 43 aff.
1167 1639 116 51 June
1316 1638 74 52 12;
1424 1639 43 41 A
1499 1637 190 53 858823;
1724 1637 306 53 Humphreys’
2063 1636 315 53 homeopathic

445 1695 218 44 medicine
693 1710 65 28 co.
828 1692 272 56 (25-11132)

374 1764 462 59 International
878 1766 212 57 clinics;
1170 1786 34 37 a
1248 1767 328 71 quarterly
1618 1766 67 57 of
1729 1767 363 57 illustrated
2136 1767 243 57 clinical

451 1843 1859 76 lectures … Ed. by Henry W. Cattell … [and others] …
496 1969 9 8 v.
556 1925 48 54 2.
710 1923 145 56 35th
903 1922 214 73 series,
1167 1924 165 55 1925,
1436 1922 440 72 Philadelphia
1926 1924 126 56 and
2097 1923 278 74 London,

450 2001 60 59 J.
543 2000 71 58 B.
649 2000 367 73 Lippincott
1050 2019 322 55 company,
1409 2002 165 56 1925.

445 2077 1325 54 ix, 311 p. col. front., illus., plates, diagrs. 23 ½ cm .
446 2135 113 43 Part
583 2135 51 44 of
661 2135 75 43 the
763 2137 142 49 plates
936 2150 78 28 are
1041 2136 178 51 printed
1244 2150 59 28 on
1333 2134 109 45 both
1470 2134 131 45 sides.

374 2190 54 53 ©
457 2193 116 51 June
606 2191 62 53 17,
701 2191 132 52 1925;
862 2192 64 42 2c.
957 2193 88 42 and
1073 2193 78 41 aff.
1183 2191 107 53 July
1317 2193 80 50 22;
1429 2192 45 42 A
1503 2190 191 53 855960;
1726 2192 40 52 J.
1800 2191 50 44 B.
1882 2191 259 53 Lippincott
2171 2207 65 29 co.

374 2262 277 74 [Janson,
692 2261 206 75 Betty]

450 2339 130 58 The
615 2342 201 55 secret
849 2339 68 57 of
946 2338 451 73 Klosterholm,
1431 2339 167 57 from
1629 2339 106 58 the
1770 2339 285 59 Swedish
2087 2340 69 58 of
2184 2340 194 73 Betty

375 2418 250 73 [pseud.]
668 2417 354 57 translated
1062 2417 83 72 by
1187 2417 290 72 Signhild
1517 2417 74 58 V.
1635 2417 366 59 Gustafson.
2086 2417 291 75 Chicago,

371 2496 115 72 Ill.,
517 2495 129 58 The
678 2493 323 60 Covenant
1027 2495 160 57 book
1215 2514 263 39 concern
1509 2525 12 43 [
1522 2503 19 21 c
1546 2497 164 72 1924]

447 2574 619 55 2 p. l., [3]-238 p. 20 cm .
375 2630 53 53 ©
459 2633 108 42 Dec.
601 2630 63 53 15,
696 2632 130 51 1924;
857 2632 63 42 2c.
951 2631 98 51 Jan.
1083 2631 63 51 16,
1180 2630 130 53 1925;
1342 2631 78 43 aff.
1452 2632 99 52 Jan.
1586 2630 74 53 17;
1694 2632 45 42 A
1768 2631 191 53 815649;
1995 2630 233 46 Covenant
2258 2632 121 44 book

446 2703 205 29 concern.
722 2687 243 54 (25-3948)

376 2759 211 72 Jones,
626 2757 188 73 Eliot,
855 2760 189 57 1887-
1202 2760 91 58 ed.

451 2835 370 72 Railroads;
857 2855 175 39 cases
1069 2836 124 57 and
1229 2835 349 72 selections,
1615 2836 210 59 edited
1858 2839 84 70 by
1974 2837 174 58 Eliot
2183 2839 197 58 Jones

371 2913 1986 136 … and Homer B. Vanderblue … New York, The Macmillan
616 3009 325 54 company,
972 2991 167 58 1925.

444 3064 1462 58 xi p., 2 l., 3-882 p. front., illus. (maps) diagrs. 22 cm .
447 3124 236 54 Prepared
717 3133 46 35 to
797 3139 285 39 accompany
1114 3125 77 44 the
1222 3123 190 44 editors’
1449 3124 251 53 respective
1732 3124 212 45 volumes:
2005 3128 158 52 Jones,
375 3126 1982 112 Principles

509 3183 52 44 of
598 3181 194 55 railway
827 3180 384 55 transportation,
1249 3181 90 45 and
1377 3180 301 47 Vanderblue
1715 3181 91 45 and
1848 3183 217 55 Burgess,
2104 3182 273 56 Railroads;

376 3239 757 53 rates—service—management,
1194 3240 61 51 cf.
1291 3239 128 43 Pref.

375 3295 53 54 ©
455 3297 117 52 June
597 3297 67 50 30,
693 3295 102 44 1925;
849 3297 63 42 2c.
940 3297 87 42 and
1052 3297 78 42 aff.
1157 3297 106 52 July
1293 3297 17 41 1;
1370 3297 43 41 A
1439 3297 162 42 829981;
1661 3297 266 44 Macmillan
1953 3313 66 29 co.

455 3352 271 56 (25-12031)

377 3422 283 74 Kipling,
700 3423 322 73 Rudyard,
1066 3425 188 57 1865-

454 3500 129 56 The
623 3499 299 73 shipping
953 3500 297 72 industry;
1319 3504 220 68 report
1574 3501 67 57 of
1680 3503 223 70 speech
1939 3504 83 71 by
2056 3505 118 55 Mr.
377 3506 1981 143 Rudyard

564 3577 286 72 Kipling,
877 3598 92 38 LL.
1039 3626 32 24 D.,
1101 3582 65 54 at
1194 3578 104 58 the
1327 3579 231 56 annual
1586 3578 225 59 dinner
1839 3581 66 56 of
1935 3581 103 57 the
2071 3581 309 59 Chamber

379 3657 67 57 of
479 3655 298 73 shipping
806 3657 67 56 of
903 3657 103 57 the
1037 3656 238 59 United
1305 3656 337 73 Kingdom,
1678 3658 257 73 Friday,
1970 3659 144 57 20th
381 3660 1970 148 February,
547 3735 165 58 1925.
797 3734 253 58 Garden
1085 3733 162 73 City,
1281 3735 73 57 N.
1396 3735 87 72 Y.,
1516 3735 386 74 Doubleday,
1938 3738 170 72 Page
2142 3738 47 57 &
374 3758 1978 128 company,
597 3814 165 56 1925.

442 3892 24 44 7
490 3906 39 38 p.
587 3891 56 44 20
649 3893 46 18 cm
701 3926 9 9 .

377 3947 53 54 ©
462 3950 111 52 Apr.
608 3949 65 50 22,
712 3946 103 45 1925;
876 3948 64 42 2c.
975 3949 88 42 and
1094 3950 78 41 aff.
1208 3949 111 51 Apr.
1354 3949 53 42 29;
1469 3949 42 41 A
1546 3949 162 45 823961;
1777 3951 51 42 R.
1865 3950 201 53 Kipling,
2104 3950 268 51 Bateman’s,

449 4005 235 51 Burwash,
717 4004 185 52 Sussex,
933 4004 222 52 England.
1225 4004 271 55 (25-11356)
