2533 4412
1098 4065 107 54 139

143 430 225 70 Morse,
410 427 253 73 Sidney,
704 428 189 57 1874-

226 522 462 69 Freemasonry
730 520 66 56 in
840 520 104 57 the
989 516 335 60 American
1367 514 371 71 revolution,
1779 515 84 71 by
1908 512 232 72 Sidney

150 588 1989 81 Morse … Washington, D. C., The Masonic service
148 669 1334 74 association of the United States [c 1924]
213 763 1569 57 xiv p., 1 l., 134 p. 16 cm . (Little masonic library, [no. 12])
147 834 52 55 ©
228 836 107 44 Dec.
364 837 39 51 8,
435 834 130 52 1924;
595 834 63 44 2c.
690 835 106 42 Dec.
825 833 77 51 23;
935 833 78 43 aff.
1044 833 98 52 Jan.
1178 831 60 52 13,
1273 828 130 54 1925;
1435 831 43 41 A
1508 827 189 55 815587;
1731 828 209 44 Masonic
1971 828 169 44 service

217 892 268 44 association
512 891 50 44 of
589 891 74 43 the
691 891 169 43 United
891 889 162 46 States.
1122 886 242 55 (25-4586)

148 990 298 58 National
479 989 210 74 safety
723 988 258 57 council.

225 1081 420 71 Proceedings
673 1080 67 56 of
767 1080 102 57 the
899 1079 299 57 National
1217 1078 212 71 safety
1446 1077 255 58 council.
1772 1077 371 57 Thirteenth

149 1159 232 57 annual
414 1159 210 70 safety
657 1166 314 64 congress,
1003 1158 145 56 held
1180 1160 68 53 at
1280 1156 103 56 the
1419 1157 231 55 Brown
1683 1157 125 56 and
1843 1155 301 58 Seelbach

146 1237 220 71 hotels,
415 1235 358 71 Louisville,
823 1234 143 73 Ky.,
1021 1234 370 71 September
1439 1233 381 58 29-October
1870 1234 51 72 3,
1973 1235 167 55 1924.

151 1313 307 75 [Chicago,
492 1314 114 71 Ill.,
641 1313 128 56 The
804 1312 322 57 Macoomb
1159 1330 200 54 press,
1396 1312 165 74 1925]

221 1391 104 42 1224
355 1405 39 37 p.
452 1390 54 43 23
513 1393 46 17 cm
566 1425 8 8 .

147 1444 55 55 ©
228 1447 98 52 Jan.
360 1447 61 51 10,
455 1444 129 55 1925;
615 1446 63 43 2c.
705 1444 107 45 Feb.
845 1445 73 53 12;
948 1445 78 44 aff.
1056 1445 98 53 Jan.
1186 1445 75 52 19;
1292 1445 43 42 A
1364 1444 188 53 822028;
1585 1444 216 44 National
1830 1443 149 54 safety
218 1459 1903 95 council,
324 1503 212 52 Chicago.

147 1601 182 71 Neill,
370 1602 227 57 Esther
635 1601 411 73 Waggaman;
1087 1604 189 56 1874-

222 1691 349 58 Barbara’s
595 1691 317 72 marriage
936 1691 123 57 and
1083 1691 103 57 the
1211 1691 242 72 bishop,
1477 1692 82 70 by
1583 1691 234 58 Esther
1839 1691 95 59 W.
1961 1691 181 58 Neill.

147 1769 150 57 New
322 1768 189 73 York,
542 1769 129 57 The
703 1768 360 57 Macmillan
1092 1787 321 54 company,
1444 1769 165 57 1925.

223 1847 547 54 5 p. l., 243 p. 19½ cm .
150 1902 54 54 ©
229 1903 105 44 Feb.
358 1904 66 50 24,
454 1902 104 45 1925;
610 1905 66 42 2c.
702 1904 86 42 and
812 1903 80 44 aff.
918 1902 107 45 Feb.
1051 1901 78 54 25;
1157 1904 43 41 A
1228 1903 189 53 823164;
1448 1902 266 45 Macmillan
1740 1917 65 30 co.

229 1958 242 56 (25-4988)

149 2058 278 72 Newton,
470 2059 240 72 Joseph
749 2059 170 72 Fort,
962 2061 188 59 1876-

234 2152 130 58 The
400 2154 181 71 great
615 2153 159 72 light
807 2151 65 59 in
904 2171 330 54 masonry;
1272 2174 35 37 a
1344 2153 160 58 little
1538 2154 159 57 book
1729 2154 66 56 in
1831 2153 213 73 praise
2083 2155 67 57 of

157 2230 1971 151 the Book of books, by Joseph Fort Newton … Washington,
441 2308 74 59 D.
568 2307 84 72 C.,
702 2308 130 58 The
882 2308 285 58 Masonic
1217 2307 236 60 service
1502 2309 380 59 association
1931 2312 68 56 of
2047 2312 103 56 the

155 2386 716 72 United States [c 1924]
225 2463 1429 54 2 p. l., 92 p. 16 cm . (Little masonic library, [no. 14])
154 2517 52 54 ©
235 2522 108 41 Dec.
371 2520 38 50 8,
441 2519 130 51 1924;
600 2519 64 43 2c.
695 2520 108 41 Dec.
831 2519 79 51 23;
941 2519 79 43 aff.
1050 2519 98 52 Jan.
1182 2519 63 51 13,
1278 2517 130 54 1925;
1439 2521 43 41 A
1512 2518 189 53 815585;
1735 2520 209 44 Masonic
1977 2520 173 44 service

225 2575 270 45 association
523 2575 51 45 of
603 2575 73 44 the
708 2576 170 44 United
910 2574 164 53 States.
1143 2574 242 57 (25-4595)

233 2678 263 58 Modern
519 2696 302 53 masonry;
876 2698 38 38 a
937 2678 167 57 brief
1133 2679 211 57 sketch
1371 2679 67 57 of
1462 2680 104 57 the
1594 2680 169 59 craft
1789 2681 164 57 since
1982 2682 166 72 1717,

156 2756 1971 136 by Joseph Fort Newton … Washington, D. C., The Masonic service
626 2833 1347 76 association of the United States [c 1924]
224 2911 1409 53 2 p. l., 92 p. 16 cm . (Little masonic library, [no. 6])
158 2965 52 54 ©
240 2968 107 42 Dec.
375 2969 39 48 8,
446 2966 128 51 1924;
606 2966 63 42 2c.
699 2968 108 41 Dec.
836 2967 78 51 23;
946 2966 79 42 aff.
1055 2967 98 50 Jan.
1187 2966 63 52 13,
1281 2965 130 54 1925;
1443 2968 43 41 A
1518 2966 189 53 815593;
1742 2967 207 44 Masonic
1980 2967 171 45 service

227 3038 116 28 assn.
372 3023 50 43 of
450 3022 73 44 the
552 3022 170 44 United
755 3022 163 46 States.
989 3020 241 56 (25-4583)

241 3124 1846 77 The three degrees and great symbols of masonry …
162 3200 434 76 Washington,
639 3203 74 58 D.
760 3201 86 73 C.,
890 3204 130 57 The
1062 3200 283 61 Masonic
1386 3203 236 60 service
1666 3205 380 59 association
2088 3207 67 58 of

161 3280 843 73 the United States [c 1924]
230 3358 1450 52 3 p. l., 112 p. 16 cm . (Little masonic library. [no. 15])
162 3412 52 54 ©
244 3416 106 41 Dec.
379 3413 37 51 8,
450 3413 106 43 1924;
612 3413 63 43 2c.
706 3414 108 42 Dec.
841 3414 77 50 23;
950 3413 77 43 aff.
1058 3414 99 50 Jan.
1190 3413 62 50 13,
1287 3412 128 53 1925;
1447 3415 43 41 A
1521 3413 188 54 815584;
1743 3417 207 44 Masonic
1981 3416 172 45 service

233 3484 116 28 assn.
378 3468 58 44 of·
455 3469 74 43 the
554 3469 170 44 United
754 3467 162 46 States.
986 3467 242 54 (25-4590)

161 3569 264 71 Palmer,
462 3569 168 58 John
668 3569 64 57 C.

164 3659 1968 154 The Morgan affair and anti-masonry, by John C. Palmer … Washington,
167 3739 1964 150 D. C., The Masonic service association of the United States [c 1924]
233 3895 1529 53 vi p., 1 l., 117 p. 16 cm . (Little masonic library, [no. 7])
165 3949 53 53 ©
247 3952 106 41 Dec.
381 3952 37 47 8,
453 3951 103 42 1924;
611 3951 64 41 2c.
706 3951 107 42 Dec.
842 3950 79 51 23;
951 3950 78 42 aff.
1060 3950 97 49 Jan.
1191 3950 63 50 13,
1287 3949 128 52 1925;
1448 3952 43 41 A
1523 3950 189 55 815592;
1748 3954 205 43 Masonic
1985 3955 170 45 service

235 4022 115 28 assn.
380 4006 49 43 of
458 4006 73 44 the
559 4007 170 43 United
762 4005 163 46 States.
994 4004 242 48 (25-4584)
