2533 4412
1060 4110 75 56 99

107 464 188 73 Buck,
335 463 256 59 Charles
629 460 260 74 Neville,
929 464 190 57 1879-

181 551 1920 76 Portuguese silver, by Charles Neville Buck … New
104 632 174 57 York
308 632 48 57 &
387 632 277 71 London,
701 632 129 57 The
867 630 281 72 Century
1179 649 87 39 co.
1305 659 14 44 [
1320 637 19 22 c
1343 630 165 73 1925]

173 722 25 43 3
228 736 41 38 p.
334 756 9 17 l.,
373 720 138 45 3-309
543 735 38 38 p.
646 720 52 44 19
703 723 46 17 cm
755 755 8 9 .
878 719 127 54 $2.00

107 791 53 53 ©
191 791 105 44 Feb.
328 793 64 50 13,
426 791 128 52 1925;
584 792 67 42 2c.
682 790 106 44 Feb.
822 791 73 52 16;
927 791 80 43 aff.
1038 789 104 45 Feb.
1178 788 73 53 17;
1285 790 42 42 A
1358 788 188 52 823102;
1580 787 199 54 Century
1810 804 56 28 co.

185 848 242 55 (25-4340)

106 961 207 73 Califf,
354 961 357 60 Gladstone.

99 1048 1977 155 Permanent bird houses [by] Gladstone Califf … Milwaukee,
400 1130 174 72 Wis.,
612 1130 128 57 The
775 1130 202 65 Bruce
1011 1129 362 72 publishing
1407 1146 306 54 company
1748 1158 14 44 [
1763 1135 18 21 c
1785 1129 165 72 1924]

177 1225 52 43 64
261 1240 39 37 p.
362 1223 128 51 illus.,
522 1222 169 54 diagrs.
754 1223 167 44 16x23
929 1225 47 17 cm
982 1258 8 9 .

108 1292 53 54 ©
185 1295 100 52 Jan.
317 1293 62 52 15,
408 1293 102 44 1925;
591 1310 37 27 1c.
653 1294 87 44 and
766 1295 79 42 aff.
871 1295 100 51 Jan.
997 1295 78 51 31;
1131 1309 35 28 1c.
1195 1292 106 45 Feb.
1333 1294 73 51 12;
1437 1294 44 42 A
1509 1293 188 51 823010;
1730 1293 146 43 Bruce
1904 1292 100 53 pub.
2034 1308 65 28 co.

184 1350 242 54 (25-4355)

105 1449 353 72 Castelhun,
500 1450 333 59 Dorothea.

185 1544 129 58 The
345 1543 193 58 house
569 1543 67 56 in
661 1544 106 57 the
799 1544 239 58 Golden
1069 1543 298 71 orchard;
1400 1565 37 39 a
1466 1562 137 39 new
1632 1544 126 56 tale
1788 1542 70 58 of
106 1543 1973 151 Penelope
247 1623 125 57 and

394 1620 1710 74 her friends, by Dorothea Castelhun … illustrated
105 1700 81 71 by
213 1698 282 59 William
527 1699 64 59 C.
628 1699 316 72 McNulty.
1018 1699 261 72 Boston,
1309 1700 70 57 L.
1414 1698 65 59 C.
1513 1699 171 71 Page
1717 1700 48 57 &
1798 1717 306 54 company

114 1776 503 74 (incorporated)
657 1778 166 58 1925.

175 1867 971 56 5 p. l., 334 p. front., plates. 19½ cm .
105 1939 54 54 ©
188 1940 107 45 Feb.
324 1941 38 52 9,
394 1939 129 54 1925;
554 1942 65 42 2c.
649 1941 87 43 and
763 1940 79 44 aff.
873 1939 108 45 Feb.
1014 1941 73 51 13;
1118 1940 44 42 A
1191 1940 189 52 822014;
1414 1940 49 43 L.
1495 1938 48 45 C.
1575 1941 125 51 Page
1728 1939 38 44 &
1795 1954 81 38 co.,
1905 1939 84 44 inc.

184 1996 242 56 (25-4049)

106 2097 338 59 Cleveland
474 2097 393 58 foundation.
943 2099 250 72 Survey
1227 2096 366 59 committee.

187 2207 246 72 Survey
462 2209 67 56 of
555 2208 221 72 higher
808 2209 329 57 education
1160 2208 67 56 in
1258 2206 353 60 Cleveland.
1695 2207 131 59 The
1858 2206 244 73 Survey

109 2283 1993 75 commission, Geo. F. Zook, chairman … Cleveland, O.,
109 2364 129 58 The
267 2364 335 59 Cleveland
627 2363 376 59 foundation
1028 2362 352 60 committee
1411 2392 12 43 [
1426 2371 18 21 c
1448 2364 165 71 1925]

174 2473 77 36 xv,
279 2454 162 47 11-487
467 2471 40 37 p.
535 2456 103 46 incl.
663 2456 158 52 tables,
848 2455 169 53 diagrs.
1079 2456 52 44 18
1136 2457 47 19 cm
1188 2491 10 9 .

182 2525 72 45 “A
294 2529 132 52 study
465 2528 54 43 of
558 2528 76 45 the
673 2526 245 46 Cleveland
958 2525 246 68 situation,.
1228 2526 110 45 with
1378 2526 250 53 particular
1666 2526 231 48 reference
1938 2535 46 37 to
2025 2527 78 45 the

108 2583 313 55 development
451 2584 51 47 of
531 2585 216 46 Western
779 2585 199 45 Reseiwe
1005 2583 251 54 university
1285 2584 87 45 and
1400 2584 76 45 the
1508 2584 116 47 Case
1654 2585 155 46 school
1840 2586 52 46 of
1923 2584 177 54 applied

107 2643 445 46 science.”—Introd.

105 2709 54 54 ©
191 2710 106 45 Feb.
329 2709 36 52 7,
400 2709 103 45 1925;
562 2711 64 42 2c.
659 2710 87 43 and
777 2710 78 43 aff.
887 2708 108 44 Feb.
1031 2709 73 51 12;
1139 2709 44 42 A
1215 2708 190 53 815991;
1445 2708 174 54 Survey
1653 2709 257 46 committee
1941 2710 53 44 of
2024 2709 75 46 the

177 2767 242 44 Cleveland
449 2767 277 52 foundation,
757 2765 256 44 Cleveland.
1078 2763 243 56 (25-4168)

106 2866 186 71 Cobb,
323 2868 153 55 Mrs.
510 2864 236 58 Bertha
778 2864 343 74 Browning
1160 2865 299 74 (Barnes)
1500 2867 190 57 1867-

182 2958 158 57 Who
375 2958 251 56 knows?
701 2958 59 55 A
797 2957 162 56 book
994 2955 68 58 of
1097 2956 214 72 puzzle
1351 2955 247 72 stories,
1633 2956 83 73 by
1752 2957 239 59 Bertha
2028 2959 71 57 B.

105 3034 1975 137 and Ernest Cobb … nonsense pictures by Anita Pettibone.
362 3114 263 56 Newton
658 3113 220 72 Upper
912 3111 193 72 Falls,
1141 3112 213 71 Mass.,
1389 3112 129 58 The
1549 3112 156 58 Arlo
1741 3112 363 74 publishing

105 3211 323 54 company,
461 3192 167 57 1924.

176 3282 627 59 5 p. l., 134 p. illus. 17½cm.
107 3354 53 54 ©
193 3355 106 44 Feb.
335 3354 63 54 15,
435 3355 107 43 1924;
598 3355 65 43 2c.
697 3353 107 45 Feb.
836 3354 40 51 2,
916 3353 129 53 1925;
1081 3354 79 43 aff.
1196 3353 107 44 Feb.
1340 3354 74 51 10;
1451 3354 44 42 A
1529 3354 188 53 822001;
1756 3353 167 48 Ernest
1959 3354 138 54 Cobb,

178 3412 196 43 Newton
400 3412 156 52 Upper
584 3409 137 53 Falls,
750 3411 143 43 Mass.
957 3408 242 56 (25-4066)

107 3510 272 71 Colman,
414 3505 152 63 Mrs.
604 3510 181 57 Edna
817 3511 187 73 Mary
1045 3509 339 75 (Hercher)

184 3601 419 72 Seventy-five
628 3621 186 52 years
842 3601 67 58 of
932 3601 215 58 White
1169 3600 216 58 House
1410 3602 247 72 gossip;
1685 3603 168 56 from
104 3604 1971 148 Washington

349 3683 63 53 to
439 3679 276 72 Lincoln,
742 3679 84 71 by
851 3679 187 57 Edna
1062 3679 84 56 M.
1179 3678 275 72 Colman,
1481 3679 422 61 illustrations
1930 3681 168 57 from

103 3757 450 73 photographs.
640 3756 253 61 Garden
938 3755 161 75 City,
1144 3756 75 58 N.
1264 3756 94 73 Y.,
1403 3756 385 75 Doubleday,
1835 3758 172 75 Page
2052 3759 47 58 &

105 3852 321 54 company,
462 3836 167 56 1925.

172 3922 1252 53 viii p., 2 l., 334 p. front., plates, ports. 24½ cm .
108 3993 53 54 ©
193 3995 98 52 Jan.
325 3995 67 50 23,
427 3993 129 53 1925;
591 3995 65 43 2c.
690 3994 87 43 and
809 3995 79 43 aff.
924 3993 106 45 Feb.
1069 3993 74 53 16;
1178 3995 45 42 A
1258 3994 188 53 822039;
1484 3996 281 53 Doubleday,
1800 3998 125 52 Page
1961 3998 38 44 &
2031 4012 65 30 co.

186 4050 241 55 (25-4334)
