2533 4412
0 0 0 0 1078
438 488 473 52 viii, 412 p. 19 ½ cm .
372 557 54 54 ©
455 559 121 52 Sept.
601 559 66 50 21,
699 557 104 44 1925
820 573 9 36 ;
857 559 64 43 2c.
952 558 120 52 Sept.
1097 557 53 44 25
1168 574 8 36 ;
1205 559 79 42 aff.
1317 558 122 52 Sept.
1467 559 52 42 23
1537 573 9 37 ;
1576 558 43 42 A
1647 556 166 46 864767
1829 573 9 38 ;
1868 559 62 43 H.
1960 558 49 44 L.
2040 559 137 51 Reed,
2208 559 172 53 Ithaca,

444 617 58 42 N.
529 616 56 43 Y.
656 613 273 56 (25-18776)

373 714 290 74 Régnier,
697 714 201 58 Henri
930 713 304 73 François
1267 714 241 73 Joseph
1537 714 92 70 de,
1664 716 190 57 1864-

371 804 1984 155 … Le divertissement provincial, roman. Paris, A. Michel [ c 1925]
443 978 94 51 319,
569 980 52 43 [1]
653 991 39 39 p.
757 977 51 44 19
814 979 46 16 cm
868 1012 8 8 .
946 976 103 54 (On
1076 991 158 30 cover:
1266 975 62 45 Le
1358 991 158 30 roman
1544 975 249 55 littéraire)

441 1035 66 43 At
532 1034 116 44 head
671 1034 53 44 of
751 1034 99 44 title
865 1049 9 28 :
906 1034 147 43 Henri
1082 1035 53 42 de
1164 1032 215 54 Régnier.

373 1101 1679 56 © July 21, 1925; 1c. Sept. 8; A—Foreign 28533 ; Albin Michel.
454 1159 272 56 (25-20056)

373 1261 234 72 Requa,
644 1262 190 57 Mark
864 1262 353 72 Lawrence,
1255 1264 191 56 1865-

451 1352 131 57 The
624 1351 272 58 relation
939 1351 68 58 of
1048 1355 412 70 government
1500 1355 64 54 to
1606 1351 315 74 industry,
1961 1352 84 73 by
2085 1352 185 57 Mark
2311 1353 67 57 L.

371 1430 236 73 Requa.
691 1430 153 58 New
872 1430 192 75 York,
1096 1430 130 59 The
1257 1429 364 63 Macmillan
1652 1449 326 56 company,
2008 1432 167 57 1925.

442 1513 50 42 xi
516 1527 55 37 p.,
595 1514 26 41 2
665 1545 22 17 l.,
710 1512 55 42 241
817 1525 38 38 p.
916 1511 54 43 20
977 1513 46 17 cm
1030 1546 9 8 .

375 1566 53 54 ©
458 1568 121 51 Sept.
605 1568 65 51 22,
701 1565 131 54 1925;
860 1568 65 42 2c.
952 1568 88 42 and
1065 1567 79 43 aff.
1176 1565 122 54 Sept.
1322 1567 80 52 23;
1431 1567 43 42 A
1503 1566 191 53 864732;
1725 1568 268 42 Macmillan
2021 1583 65 28 co.
456 1624 273 55 (25-18774)

379 1722 235 77 [Riggs,
654 1723 164 57 Kate
856 1723 280 73 Douglas
1185 1722 268 74 (Smith)
1501 1721 277 76 Wiggin]

376 1813 2017 153 … Rebecca of Sunnybrook farm, by Kate Douglas Wiggin; with illustrations by Helen Mason Grose. Boston
376 1974 125 56 and
534 1972 153 57 New
716 1971 193 70 York,
942 1970 346 74 Houghton
1320 1970 218 57 Mifflin
1570 1990 327 54 company,
1930 1971 167 56 1925.

447 2051 78 44 viii
553 2066 53 39 p.,
640 2053 18 41 1
709 2086 21 19 l.,
762 2047 81 48 355
872 2064 40 39 p.
973 2048 84 46 col.
1086 2050 153 51 front.,
1270 2049 133 52 illus.,
1434 2050 83 44 col.
1547 2050 158 52 plates.
1764 2050 54 42 22
1824 2051 47 18 cm
1878 2084 11 9 .
1956 2049 268 55 (Riverside
377 2050 1995 112 bookshelf)

378 2164 54 54 ©
470 2166 121 52 Sept.
626 2164 68 53 25,
732 2163 105 45 1925
855 2179 9 38 ;
901 2166 65 41 2c.
1002 2165 87 42 and
1123 2164 80 43 aff.
1242 2163 123 53 Sept.
1401 2164 56 43 28
1471 2179 9 37 ;
1518 2165 43 42 A
1598 2163 165 45 864785
1780 2179 9 38 ;
1828 2164 258 53 Houghton
2119 2164 166 44 Mifflin
2322 2182 66 28 co.

453 2221 67 55 [©
556 2221 316 52 illustrations]
944 2220 273 55 (25-18699)

382 2320 219 75 [Rolfe,
643 2319 345 59 Frederick
1025 2318 283 61 William
1348 2319 284 60 Serafino
1671 2319 236 58 Austin
1943 2319 202 58 Lewis
2186 2321 187 73 Mary]

457 2401 56 58 d.
547 2401 166 57 1913.

522 2488 1863 74 … Hadrian the Seventh. New York, A. A. Knopf,
377 2570 168 57 1925.

448 2649 22 44 5
495 2666 40 37 p.
576 2683 23 17 l.,
623 2648 138 45 3-350
785 2664 54 37 p.,
865 2651 18 41 1
930 2683 8 8 l.
999 2650 24 41 21½
1089 2650 45 17 cm
1141 2683 9 8 .
1220 2645 292 56 (Half-title:
1542 2646 113 45 Blue
1677 2646 106 54 jade
1811 2647 197 54 library)

449 2705 220 45 Author’s
694 2706 166 52 pseud.,
886 2705 248 44 Frederick
1158 2704 154 44 Baron
1338 2704 163 53 Corvo,
1526 2713 46 35 at
1596 2704 114 44 head
1735 2704 51 44 of
1807 2704 111 44 title.

381 2761 54 54 ©
469 2763 121 53 Sept.
626 2762 62 51 18,
722 2760 104 45 1925
843 2776 9 36 ;
884 2762 66 43 2c.
985 2761 122 53 Sept.
1137 2761 55 43 24
1208 2776 9 38 ;
1249 2762 79 43 aff.
1364 2761 120 54 Sept.
1515 2760 53 44 25
1585 2776 9 37 ;
1629 2762 43 42 A
1705 2759 164 46 864753
1887 2777 9 37 ;
1930 2762 167 44 Alfred
2127 2763 57 42 A.
2217 2762 172 53 Knopf,

453 2821 83 42 inc.
606 2817 274 56 (25-18772)

382 2917 281 70 Roussel,
700 2918 259 73 Joseph.

521 3008 1536 74 … Mon poste de t. s. f. Paris, Vuibert, 1925.
450 3087 956 54 2 p. l., 192 p. illus., diagrs. 22 ½ cm .
383 3143 1808 54 © Mar. 3, 1925; 1c. Apr. 1; A—Foreign 27280; Librairie Vuibert.
462 3202 272 54 (25-20664)

385 3301 273 72 Scholes,
696 3303 201 74 Percy
932 3302 247 73 Alfred,
1218 3305 190 57 1877-

460 3392 444 73 Everybody’s
957 3394 187 73 guide
1196 3397 64 55 to
1312 3394 339 57 broadcast
1701 3391 229 73 music;
1983 3393 323 73 including
2358 3412 37 39 a

385 3471 221 72 simple
640 3471 388 72 description
1059 3472 68 57 of
1160 3472 105 59 the
1295 3471 258 58 various
1587 3472 201 58 forms
1824 3471 68 58 of
1922 3470 216 72 music,
2171 3473 125 56 and
2327 3471 69 58 of

384 3549 103 58 the
530 3549 345 71 orchestra,
919 3571 36 37 a
1001 3550 177 58 short
1221 3553 261 54 account
1523 3551 68 56 of
1632 3549 105 58 the
1777 3549 250 72 history
2068 3549 69 58 of
2178 3549 216 72 music,

386 3647 167 38 some
593 3627 216 58 advice
847 3647 78 38 on
961 3628 105 57 the
1104 3627 362 73 enjoyment
1501 3626 69 58 of
1603 3628 338 57 broadcast
1977 3645 194 53 opera
2216 3626 179 72 (with

385 3725 36 38 a
447 3705 110 58 list
585 3705 68 58 of
678 3705 334 71 published
1038 3704 262 72 libretti,
1329 3705 170 73 etc.),
1530 3707 123 56 and
1684 3725 36 37 a
1751 3703 354 60 discussion
2131 3704 69 58 of
2228 3704 168 59 what

385 3784 371 58 constitutes
827 3786 161 70 good
1056 3784 264 57 musical
1387 3784 460 71 performance,
1917 3784 84 71 by
2067 3783 204 71 Percy
2319 3782 74 58 A.

388 3862 287 71 Scholes;
715 3860 153 59 with
910 3882 36 37 a
986 3863 318 60 foreword
1344 3861 85 72 by
1469 3862 60 58 J.
1577 3860 64 60 C.
1685 3861 97 58 W.
1827 3860 206 59 Reith.
2115 3860 280 71 London,

387 3940 246 59 Oxford
663 3939 358 73 university
1053 3958 203 53 press,
1291 3939 79 56 H.
1407 3938 267 59 Milford
1710 3942 150 69 [etc.,
1896 3939 165 74 1925]
