2533 4412
1032 4044 147 56 1173

115 399 222 73 Quinn,
372 399 268 58 Vernon.

187 486 1924 75 Beautiful Canada, by Vernon Quinn … with sixty-five
110 565 417 57 illustrations
551 565 170 57 from
740 565 452 72 photographs.
1276 566 151 56 New
1452 566 190 70 York,
1669 567 339 58 Frederick
2033 569 73 56 A.

111 644 220 58 Stokes
366 662 322 53 company,
722 645 166 56 1925.

180 721 109 51 xvii,
314 721 81 44 382
419 736 39 37 p.
516 720 85 45 col.
627 722 151 50 front.,
804 720 156 53 plates.
1018 721 55 42 22
1080 723 46 18 cm
1132 756 8 8 .

113 777 53 54 ©
197 779 101 44 Oct.
328 779 36 50 8,
398 776 130 54 1925;
559 779 63 43 2c.
654 779 87 43 and
770 780 78 42 aff.
882 779 100 43 Oct.
1017 778 74 52 10;
1124 778 44 42 A
1198 776 188 54 869276;
1421 777 247 45 Frederick
1698 780 56 42 A.
1791 779 162 46 Stokes
1985 796 64 28 co.

191 834 269 57 (25-20062)

112 935 165 70 Rice,
314 936 213 58 James
562 936 291 72 Edward,
890 938 147 56 1865–

188 1026 1853 73 Practical poultry management, by James E. Rice …
109 1104 2000 76 and Harold E. Botsford … New York, J. Wiley & sons,
110 1182 146 72 inc.;
294 1186 148 70 [etc.,
477 1186 129 69 etc.]
641 1184 166 56 1925.

180 1259 108 53 xvii,
326 1259 80 45 506
441 1275 38 37 p.
565 1260 52 43 incl.
655 1260 130 52 illus.,
823 1260 157 51 forms,
1015 1259 168 53 diagrs.
1247 1259 83 44 col.
1364 1276 60 37 pl.
1487 1261 51 44 21
1549 1264 15 17 cm
1601 1297 8 7 .
1708 1261 266 54 (Half-title:
2011 1263 99 46 The

110 1314 1544 58 Wiley farm series, ed. by A. K. Getman … and C. E. Ladd)
180 1373 328 44 “References”
535 1382 45 35 at
604 1374 85 44 end
713 1373 53 44 of
789 1383 120 34 most
931 1373 50 45 of
1005 1373 73 45 the
1103 1374 220 51 chapters.

111 1430 53 55 ©
199 1432 101 45 Oct.
336 1430 35 53 5,
409 1429 129 54 1925;
572 1431 64 44 2c.
670 1431 87 44 and
790 1431 78 48 aff.
905 1431 101 45 Oct.
1045 1431 74 53 12;
1155 1432 44 43 A
1233 1430 189 55 869336;
1458 1432 40 53 J.
1533 1431 53 49 E.
1622 1431 110 46 Rice
1767 1434 38 44 &
1838 1433 181 46 Harold
2053 1432 53 50 E.

182 1489 230 52 Botsford,
448 1488 168 52 Ithaca,
651 1483 58 48 N.
743 1488 56 43 Y.
869 1486 269 56 (25-20066)

110 1589 175 69 Rich,
320 1588 217 58 Frank
568 1587 270 71 Merritt,
876 1591 190 57 1879-

177 1680 295 72 Projects
520 1680 104 58 for
671 1680 82 57 all
797 1680 104 57 the
949 1681 249 71 grades,
1248 1680 360 73 containing
1656 1701 114 39 one
1816 1681 289 60 hundred

109 1759 372 71 sixty-three
508 1758 304 71 practical
837 1758 281 72 projects
1147 1758 66 56 in
1241 1758 83 56 all
1353 1757 274 73 subjects
1657 1759 224 73 taught
1908 1760 64 56 in
1999 1762 105 56 the

107 1837 247 73 grades,
383 1835 382 73 correlating
792 1836 105 56 the
925 1834 312 58 activities
1269 1836 68 57 of
1367 1835 208 59 school
1603 1838 124 56 and
1751 1837 200 73 home,
1979 1840 126 57 and

106 1914 376 72 motivating
504 1912 378 58 instruction
907 1913 274 72 through
1205 1913 105 57 the
1335 1913 110 72 joy
1471 1913 69 58 of
1559 1914 187 73 being
1769 1915 228 73 useful,
2021 1916 83 72 by

106 1989 1994 77 Frank M. Rich … Chicago, A. Flanagan company, 1925.
177 2070 79 46 215
283 2087 40 39 p.
384 2071 115 44 illus.
562 2071 52 43 19½
647 2072 47 18 cm

109 2127 53 54 ©
195 2128 120 52 Sept.
344 2128 39 50 2,
419 2125 129 54 1925;
579 2127 66 43 2c.
678 2127 101 44 Oct.
809 2127 51 51 2;
892 2122 79 48 aff.
1007 2126 121 52 Sept.
1159 2127 50 51 4;
1243 2127 44 42 A
1319 2125 190 54 867945;
1545 2128 56 43 A.
1634 2127 235 54 Flanagan
1900 2145 65 28 co.

187 2184 269 55 (25-20089)

109 2284 245 72 Rieder,
393 2285 338 70 Hermann,
771 2285 90 57 ed.

185 2375 329 59 Lehrbuch
563 2376 112 56 der
724 2374 490 73 röntgenkunde.
1304 2375 98 57 bd.
1456 2376 51 55 2.
1595 2374 208 59 Unter
109 2376 1976 150 mitwirkung

303 2452 1804 74 von dr. Gustav Baer … prof. dr. Antoni Cieszynski
110 2530 1972 152 … [u. a.] hrsg. von Hermann Rieder … und Josef Rosenthal … 2.,
520 2607 1477 74 verm. aufl. … Leipzig, J. A. Barth, 1925.
177 2683 1733 56 2 p. l., 1054 p. illus., plates (part fold., part col.) diagrs. 24½ cm .
179 2742 216 45 Contains
426 2741 367 53 bibliographies.

109 2796 1996 55 © Feb. 25, 1925; 1c. Nov. 7; A—Foreign 29147; Johann Ambrosius Barth.
109 2912 284 69 Roberts,
430 2910 183 71 Cecil,
651 2914 189 56 1892-

188 3002 1915 72 The love rack; a novel, by Cecil Roberts … New
110 3083 189 70 York,
329 3081 339 59 Frederick
694 3082 74 56 A.
802 3081 222 59 Stokes
1055 3100 322 52 company,
1407 3082 164 56 1925.

178 3160 547 52 3 p. l., 376 p. 19½ cm .
105 3214 57 54 ©
193 3216 101 44 Oct.
323 3215 39 51 8,
396 3213 104 46 1925;
554 3214 66 45 2c.
650 3215 87 43 and
765 3214 78 43 aff.
877 3214 101 44 Oct.
1013 3214 74 51 10;
1119 3213 44 42 A
1193 3212 190 53 869273;
1417 3213 246 45 Frederick
1693 3215 57 44 A.
1785 3214 164 47 Stokes
1982 3233 65 28 co.

186 3269 271 57 (25-19725)

109 3371 283 69 Roberts,
429 3370 227 69 Elmer,
693 3371 190 57 1886-

182 3460 191 57 Plant
395 3461 124 56 and
543 3459 231 57 animal
796 3459 488 71 improvement;
1311 3479 35 37 a
1371 3459 294 57 textbook
1689 3461 108 57 for
1820 3464 285 56 students

108 3536 1998 74 of agriculture, by Elmer Roberts … in consultation with
107 3613 1998 76 Eugene Davenport … Boston, New York [etc.] Ginn and
107 3712 306 54 company
446 3723 12 43 [
461 3701 18 23 c
483 3694 164 72 1925]

177 3771 80 53 xii,
288 3770 78 45 174
392 3787 39 37 p.
489 3769 84 46 col.
601 3771 152 52 front.,
781 3770 133 53 illus..,
940 3769 141 53 plates
1109 3769 126 52 (part
1262 3770 98 53 col.,
1390 3772 18 42 1
1439 3771 187 54 double)
1652 3772 167 54 diagrs.
1874 3773 55 44 20
1935 3777 15 18 cm
1988 3810 8 8 .

179 3829 325 44 “References”
530 3837 45 35 at
599 3829 85 43 end
707 3828 50 44 of
780 3836 118 35 most
923 3828 51 43 of
997 3827 75 43 the
1096 3826 220 52 chapters.

111 3886 53 54 ©
193 3889 119 51 Aug.
343 3888 67 50 21,
444 3885 129 52 1925;
607 3886 63 43 2c.
703 3886 88 43 and
821 3885 78 43 aff.
934 3885 101 43 Oct.
1068 3883 49 53 7;
1152 3885 43 41 A
1228 3884 189 50 869194;
1452 3884 51 46 E.
1539 3886 210 51 Roberts,
1781 3887 203 51 Urbana,
2018 3886 84 55 Ill.,

181 3945 86 42 and
299 3943 184 53 Eugene
516 3944 277 50 Davenport,
826 3939 272 54 Woodland,
1132 3940 139 45 Mich.
1341 3939 269 57 (25-20065)
