2533 4412
1032 4054 146 56 1227

111 410 283 72 Bridges,
436 410 212 58 James
686 408 310 72 Winfred,
1035 411 190 56 1885-

181 487 101 56 An
310 487 233 58 outline
574 486 67 57 of
670 486 323 57 abnormal
1019 485 405 73 psychology,
1451 486 81 72 by
1559 486 218 58 James
1805 485 294 59 Winfred

103 562 1997 75 Bridges … 3d ed., rev. Columbus, O., R. G. Adams &
104 661 106 52 co.,
239 644 165 56 1925.

180 722 82 43 236
284 736 41 38 p.
384 723 52 42 23½
473 723 46 18 cm
527 756 8 7 .

182 779 148 43 Blank
354 793 137 38 pages
518 786 46 36 at
589 779 84 42 end
697 778 51 44 of
774 778 108 43 each
909 778 196 53 chapter.

182 834 327 46 “References”
537 843 45 36 at
610 835 83 44 end
720 834 51 45 of
795 834 108 45 each
930 834 196 54 chapter.

108 891 52 54 ©
194 892 120 52 Sept.
345 893 64 49 30,
445 890 128 53 1925;
605 892 64 42 2c.
700 892 87 43 and
815 892 79 43 aff.
927 892 100 44 Oct.
1060 890 48 53 5;
1142 892 44 42 A
1217 889 188 54 864935;
1440 892 39 52 J.
1511 893 74 42 W.
1620 891 205 54 Bridges,
1859 890 243 53 Montreal,

179 948 193 45 Canada.
443 946 270 56 (25-19503)

112 1033 165 73 Cage
300 1034 175 57 birds
503 1036 123 56 and
650 1034 142 57 bird
817 1035 213 56 world,
1097 1053 55 37 v.
1177 1036 94 70 48,
1299 1054 96 37 no.
1426 1036 167 70 1235,
1625 1033 170 72 Sept.
1825 1037 90 63 12,
1937 1037 164 55 1925.

105 1109 55 54 ©
218 1127 34 28 1c.
285 1111 118 44 Nov.
433 1112 39 51 9,
504 1108 129 54 1925;
665 1111 44 42 A
737 1111 56 43 ad
825 1111 75 43 int.
931 1109 133 53 7397;
1096 1111 132 52 pubd.
1264 1109 120 54 Sept.
1418 1111 74 52 12;
1526 1110 50 45 F.
1610 1110 119 54 Carl,
1763 1112 201 43 London.

110 1252 1996 74 Callaghan’s I llinois digest, complete from Breese to 300
185 1332 242 56 Illinois
471 1332 121 56 and
633 1331 167 56 from
841 1333 32 53 1
916 1334 63 54 to
1024 1333 107 53 221
1175 1331 244 57 Illinois
1464 1331 332 73 appellate,
1842 1331 131 58 also
184 1332 1892 150 including
468 1409 243 58 Illinois
746 1409 212 72 points
995 1409 199 58 found
1227 1409 64 57 in
1327 1409 237 58 United
1603 1409 211 59 States
1853 1412 250 70 reports

186 1489 124 58 and
342 1488 69 56 in
448 1488 270 57 Federal
756 1491 250 68 reports
1046 1491 62 54 to
1150 1490 162 69 date,
1351 1488 85 71 by
1474 1487 241 73 George
1757 1489 69 55 F.
1869 1489 235 72 Longsdorf

184 1566 163 58 .
412 1586 55 36 v.
498 1568 88 54 12.
620 1566 185 73 [Poor
829 1570 64 54 to
925 1565 286 73 Scandal]
1284 1565 291 73 Chicago,
1606 1565 344 74 Callaghan
1983 1568 122 57 and

181 1662 324 54 company,
543 1645 164 56 1925.

179 1720 746 54 1 p. l., 11337-12373 p. 26 cm .
106 1776 52 54 ©
187 1779 117 43 Nov.
330 1778 68 51 28,
429 1776 129 52 1925;
589 1778 63 43 2c.
681 1777 87 43 and
795 1777 78 43 aff.
903 1777 108 43 Dec.
1040 1778 49 50 3;
1121 1777 44 42 A
1193 1775 189 54 875330;
1415 1775 250 55 Callaghan
1696 1778 37 44 &
1760 1793 66 28 co.

110 1861 370 74 Campbell’s
516 1862 342 57 annotated
890 1865 254 53 current
1178 1860 268 59 service.·

249 1940 1851 74 … Campbell’s loose-leaf current service, annotations
108 2020 123 57 and
274 2018 208 74 digest
526 2018 66 58 of
636 2019 103 57 the
787 2018 224 59 School
1058 2019 147 57 code
1252 2017 66 58 of
1365 2019 147 56 1911
1560 2020 124 57 and
1726 2018 84 59 its
105 2019 1974 136 supplements

105 2095 1973 153 … Geo. J. Campbell, editor and publisher. Pittsburgh,
356 2176 129 70 Pa.,
521 2174 205 58 Smith
752 2175 164 56 bros.
947 2174 138 70 inc.,
1116 2174 300 72 printers,
1447 2182 20 22 c
1472 2172 164 60 1925.

175 2253 197 43 Various
410 2251 203 54 pagings.
672 2252 55 42 22½
761 2254 47 18 cm
814 2287 8 8 .

174 2312 66 44 At
262 2313 114 43 head
402 2313 50 44 of
475 2310 127 47 title:
628 2308 335 52 Pennsylvania
990 2310 156 45 school
1174 2309 124 46 laws.

175 2368 73 45 On
276 2383 160 30 cover:
468 2366 337 51 Pennsylvania
834 2365 169 48 School
1032 2367 124 45 code.

106 2420 52 54 ©
186 2423 102 43 Oct.
315 2420 40 53 7,
385 2419 130 54 1925;
541 2421 65 42 2c.
635 2421 88 42 and
749 2420 79 43 aff.
859 2421 101 43 Oct.
993 2418 75 54 17;
1099 2420 44 42 A
1172 2418 189 53 869574;
1395 2419 179 54 George
1601 2420 224 53 Johnston
1858 2420 245 55 Campbell,

178 2477 281 53 Pittsburgh.
529 2475 271 55 (25-21037)

108 2548 385 72 Chesterton,
532 2547 241 59 Gilbert
811 2546 209 69 Keith,
1062 2549 189 58 1874-

186 2626 1919 74 Tales of the long bow, by G. K. Chesterton … New
105 2706 188 72 York,
326 2705 201 71 Dodd,
559 2705 185 58 Mead
779 2706 121 57 and
931 2724 324 53 company,
1290 2706 166 56 1925.

175 2781 609 54 4 p. l., 3-278 p. 19½ cm .
106 2838 52 54 ©
190 2841 100 43 Oct.
322 2841 37 50 3,
392 2838 130 52 1925;
554 2839 65 43 2c.
652 2840 101 43 Oct.
784 2839 49 52 8;
866 2839 78 43 aff.
979 2840 102 43 Oct.
1112 2839 49 50 6;
1197 2838 43 43 A
1271 2838 189 53 869636;
1496 2839 51 44 G.
1581 2839 58 42 K.
1673 2838 283 53 Chesterton,
176 2841 1904 105 Beaconfield,

413 2896 162 52 Bucks,
607 2893 222 55 England.
899 2892 270 57 (25-20706)

108 2966 190 71 Cline,
339 2965 305 58 Leonard.

182 3044 137 59 God
351 3045 180 71 head,
566 3045 84 71 by
682 3044 291 57 Leonard
1014 3042 190 59 Cline.
1288 3043 151 56 New
1476 3042 191 71 York,
1705 3044 129 57 The
1872 3043 236 74 Viking

103 3141 200 53 press,
336 3122 164 56 1925.

174 3200 77 44 221
286 3215 40 39 p.
390 3202 49 42 19
445 3202 47 18 cm
499 3235 8 8 .

106 3256 52 54 ©
189 3259 101 43 Oct.
324 3257 60 48 10,
418 3255 130 54 1925;
579 3257 63 43 2c.
674 3258 87 42 and
790 3257 77 43 aff.
902 3257 101 43 Oct.
1033 3255 79 52 20;
1145 3256 44 42 A
1220 3253 189 54 869645;
1443 3254 176 54 Viking
1648 3271 141 39 press,
1820 3256 83 45 inc.

184 3312 270 56 (25-20833)

109 3386 233 68 Colum,
384 3382 287 73 Padraic,
713 3386 189 56 1881-

184 3465 129 58 The
352 3464 213 65 bright
606 3463 259 69 islands,
906 3464 39 57 by
1029 3460 273 59 Padraic
1345 3461 212 60 Colum
1580 3486 13 44 ;
1634 3462 150 58 with
106 3462 1972 139 illustrations

313 3543 84 69 by
438 3539 265 61 Juliette
746 3541 153 71 May
940 3541 253 57 Fraser.
1278 3539 153 57 New
1471 3539 244 66 Haven,
1761 3541 340 58 Published

104 3621 103 56 for
250 3620 103 57 the
395 3617 333 58 Hawaiian
771 3616 222 73 legend
1035 3618 48 56 &
1124 3615 267 59 folklore
1436 3615 395 60 commission
1874 3618 84 70 by
1998 3619 104 57 the

105 3697 155 57 Yale
286 3694 355 72 university
665 3715 215 53 press;
914 3698 149 69 [etc.,
1094 3699 130 66 etc.]
1256 3695 165 57 1925.

173 3773 92 52 xiv,
301 3775 83 45 233
419 3789 40 36 p.
519 3773 156 51 plates.
734 3774 55 44 23½
822 3774 48 20 cm
877 3808 9 9 .
955 3769 290 54 (Half-title:
1288 3770 136 48 Tales
1476 3772 38 45 &
1564 3773 184 50 legends
1799 3771 53 46 of
1901 3771 201 52 Hawaii,

105 3830 89 46 vol.
270 3830 20 52 II)

177 3888 135 49 Maps
340 3902 60 29 on
428 3885 344 51 lining-papers.

107 3939 52 53 ©
191 3941 101 43 Oct.
320 3941 66 43 23.
422 3939 130 51 1925;
585 3940 63 42 2c.
681 3939 100 43 Oct.
816 3937 77 50 30;
928 3938 78 42 aff.
1038 3938 101 43 Oct.
1170 3937 79 51 29;
1284 3937 43 43 A
1360 3935 187 54 872209;
1580 3938 115 44 Yale
1725 3938 118 44 univ.
1878 3954 138 37 press.

185 3995 269 55 (25-21804)
