2533 4412
1301 4081 113 56 150

351 409 374 74 Fryberger,
763 412 153 56 Mrs.
954 410 215 72 Agnes
1216 411 274 74 (Moore)
1536 413 190 56 1868-

427 487 332 73 Listening
812 487 242 58 lessons
1108 487 66 58 in
1227 487 217 77 music,
1503 489 241 71 graded
1797 489 107 57 for
1961 488 260 73 schools,
2277 488 82 73 by

348 566 1987 137 Agnes Moore Fryberger … with an introduction by Osbourne
627 644 1731 75 McConathy … New York, Newark [etc.] Silver,
347 723 276 59 Burdett
652 725 124 56 and
808 742 309 53 company
1150 753 11 43 [
1163 730 19 21 c
1187 723 164 75 1925]

425 804 95 53 xvi,
547 801 85 46 254
658 817 40 39 p.
763 803 52 44 19
820 805 46 17 cm
874 839 7 7 .

430 861 222 45 “Lessons
680 861 244 53 suggested
954 861 45 43 in
1027 860 125 45 these
1179 875 136 38 pages
1345 858 86 44 call
1460 859 74 45 for
1560 875 78 28 use
1662 860 52 44 of
1741 860 290 53 blackboard,
2059 859 306 55 phonograph,

357 920 88 43 and
471 925 49 37 at
548 919 131 43 times
708 917 277 55 piano.”—p.
1014 920 37 41 2.

429 976 355 53 Bibliography:
814 991 40 38 p.
882 975 95 44 246.

353 1031 53 54 ©
435 1032 107 45 Feb.
569 1034 66 52 21,
669 1032 130 52 1925;
827 1032 64 43 2c.
921 1033 88 42 and
1038 1032 78 43 aff.
1148 1031 107 44 Feb.
1284 1032 78 51 24;
1394 1032 44 42 A
1465 1030 189 53 822155;
1687 1030 163 54 Silver,
1881 1033 190 43 Burdett
2101 1033 38 44 &
2166 1048 51 27 co.
2295 1031 68 54 [©

425 1091 179 43 revised
633 1091 87 42 and
751 1089 247 44 additional
1029 1088 223 52 material]
1323 1087 243 55 (25-5192)

350 1175 219 73 Fryer,
607 1172 301 77 Douglas.

430 1253 375 59 Vocational
843 1253 486 72 self-guidance;
1369 1251 307 74 planning
1710 1272 162 53 your
1907 1252 111 59 life
2057 1254 189 73 work,
2283 1255 85 71 by

353 1330 2015 75 Douglas Fryer … with an introduction by Harry Dexter
353 1410 254 73 Kitson,
727 1459 10 10 PH.
806 1458 32 25 D.,
863 1411 124 57 and
1013 1410 398 58 contributed
1435 1408 293 75 chapters
1755 1429 167 54 upon
1948 1410 102 59 the
2076 1411 289 58 business

353 1490 395 72 professions
784 1490 84 72 by
900 1489 255 73 leading
1191 1487 354 73 specialists
1583 1490 69 56 of
1687 1489 152 57 New
1872 1489 174 58 York
2080 1489 127 73 city
2243 1490 124 57 and

354 1569 103 57 the
498 1568 290 58 business
828 1567 398 72 professions
1269 1568 104 56 for
1412 1586 240 38 women
1689 1567 85 72 by
1810 1566 233 59 Lorine
2085 1568 281 71 Pruette,

449 1693 11 12 PH.
533 1694 12 11 D.
628 1645 460 74 Philadelphia,
1125 1645 272 73 Chicago
1432 1649 147 70 [etc.]
1614 1646 60 58 J.
1707 1646 71 60 B.
1810 1644 368 73 Lippincott
354 1663 1989 134 company
554 1725 203 73 [c1925]

423 1803 111 53 xvii,
563 1802 79 45 385
673 1817 39 39 p.
775 1802 108 47 fold,
911 1802 105 55 tab.,
1044 1802 167 53 diagrs.
1272 1801 56 44 20
1333 1804 47 17 cm
1387 1837 8 8 .

426 1859 285 55 “Suggested
740 1859 238 54 readings”
1008 1866 47 37 at
1081 1860 84 43 end
1192 1858 52 45 of
1271 1867 101 45 part
1398 1859 52 45 of
1476 1859 75 44 the
1577 1858 221 54 chapters.

355 1916 53 54 ©
436 1920 99 51 Jan.
568 1919 63 51 14,
663 1917 129 52 1925;
821 1918 66 43 2c.
916 1918 89 43 and
1031 1918 78 43 aff.
1140 1918 119 43 Mar.
1290 1916 49 53 7;
1370 1918 44 42 A
1441 1917 190 52 823334;
1663 1919 39 51 J.
1735 1918 50 42 B.
1818 1915 258 54 Lippincott
2105 1932 65 28 co.

435 1973 243 56 (25-5988)

353 2064 282 67 Getman,
676 2060 195 60 Sallie
908 2062 302 72 Gregory.

437 2145 130 57 The
595 2143 293 72 watcher,
921 2143 130 57 The
1079 2143 318 71 pathway,
1429 2144 124 56 and
1585 2141 178 59 other
1794 2161 234 54 poems,
2060 2144 84 71 by
2175 2141 192 59 Sallie

357 2222 289 74 Gregory
681 2221 286 59 Getman.
1049 2220 373 73 Frankfort,
1458 2221 73 59 N.
1568 2220 94 73 Y.,
1702 2221 128 57 The
1868 2220 267 59 Hardell
354 2220 1988 154 printing
493 2319 310 54 company
833 2330 11 43 [
846 2308 20 21 c
871 2300 165 72 1924]

532 2396 11 32 [123]
573 2395 41 37 p.
678 2379 53 45 18
734 2381 49 18 cm
789 2415 10 10 .

357 2433 53 54 ©
444 2436 108 42 Dec.
585 2435 67 51 24,
686 2434 132 50 1924;
852 2433 64 42 2c.
949 2433 99 51 Jan.
1082 2432 38 51 9,
1156 2430 130 53 1925;
1321 2431 78 43 aff.
1433 2433 99 51 Jan.
1565 2429 79 54 27;
1681 2431 43 43 A
1756 2431 191 52 814810;
1989 2430 43 47 S.
2069 2431 51 45 G.
2157 2432 206 52 Getman,

428 2491 266 52 Frankfort,
719 2491 60 43 N.
804 2491 56 43 Y.
924 2488 243 55 (25-5006)

356 2562 317 74 Goddard,
711 2559 275 75 Dwight,
1027 2562 190 58 1861-

435 2645 60 56 A
512 2648 229 53 nature
765 2640 291 74 mystic’s
1078 2640 153 73 clue,
1252 2641 85 72 by
1355 2639 255 74 Dwight
1635 2640 317 59 Goddard.
2038 2641 329 72 Thetford,

357 2722 123 73 Vt.,
515 2722 166 57 1925.

429 2800 580 54 3 p. l., 9-282 p. 22 cm .
431 2858 141 45 “This
606 2859 37 44 is
674 2872 75 30 no.
779 2857 86 44 442
893 2856 54 44 of
979 2855 76 45 the
1084 2854 103 45 first
1218 2853 172 45 edition
1422 2854 53 45 of
1507 2852 89 46 five
1626 2854 208 45 hundred
1864 2854 192 51 copies.”

358 2915 53 54 ©
447 2915 108 44 Feb.
594 2915 33 50 1,
665 2911 130 53 1925;
831 2912 64 42 2c.
931 2910 107 43 Feb,
1072 2910 78 51 20;
1187 2910 78 42 aff.
1301 2907 106 45 Feb.
1447 2909 73 51 18;
1559 2909 44 42 A
1636 2908 190 52 822136;
1865 2909 56 43 D.
1960 2909 229 53 Goddard,
430 2909 1914 114 Thetford,
578 2971 77 43 Vt.
723 2967 244 55 (25-5156)

357 3045 320 70 Gompers,
718 3037 272 73 Samuel,
1030 3037 362 59 1850-1924.

432 3122 277 69 Seventy
739 3137 187 54 years
963 3116 68 58 of
1062 3114 113 58 life
1211 3114 126 58 and
1367 3114 209 71 labor;
1613 3132 80 38 an
1728 3113 524 75 autobiography,
2286 3117 83 71 by

362 3201 254 59 Samuel
652 3197 326 71 Gompers.
1061 3193 154 58 New
1248 3192 192 72 York,
1479 3191 73 59 E.
1591 3192 70 57 P.
1700 3190 241 60 Dutton
1979 3191 49 60 &
2063 3213 306 54 company

362 3280 202 73 [c1925]

429 3359 28 42 2
482 3373 42 28 v.
586 3355 176 51 fronts.,
792 3359 139 47 ports.
991 3351 53 44 23½
1079 3353 17 17 cm
1134 3385 8 9 .

431 3413 270 54 Appendix:
735 3411 88 43 His
855 3410 88 44 last
970 3423 124 38 year,
1123 3423 57 28 an
1211 3405 219 53 epilogue,
1460 3405 58 53 by
1551 3403 221 46 Florence
1804 3403 183 47 Calvert
2015 3405 211 45 Thorne:
2291 3441 8 9 v.
2329 3407 37 51 2,

362 3488 38 37 p.
433 3467 239 52 [527]-557.

361 3529 53 54 ©
438 3529 94 44 Feb
568 3526 67 52 25,
662 3524 130 53 1925;
818 3525 64 42 2c.
908 3523 110 44 each
1040 3523 121 41 Mar.
1186 3519 49 54 7;
1263 3521 78 43 aff.
1367 3521 120 42 Mar.
1516 3518 46 53 5;
1589 3519 44 42 A
1660 3518 188 53 823326;
1878 3518 52 48 E.
1958 3520 50 42 P.
2035 3520 177 43 Dutton
2238 3521 38 43 &
2299 3536 64 28 co.

440 3583 243 57 (25-5990)

361 3659 278 66 Hanson,
677 3650 302 62 Whittier
1012 3650 256 69 Lorenz,
1307 3649 190 57 1879-

438 3735 132 57 The
597 3735 165 56 costs
792 3732 67 56 of
886 3727 399 73 compulsory
1311 3725 373 58 attendance
1714 3723 236 59 service
1977 3724 64 56 in
2069 3724 105 59 the
2205 3725 163 57 state

363 3818 68 56 of
475 3814 151 57 New
670 3810 192 67 York,
910 3808 125 56 and
1083 3825 168 38 some
1298 3804 241 57 factors
1589 3801 302 74 affecting
1936 3803 104 56 the
2089 3807 150 60 cost,
2285 3803 84 69 by

359 3879 2007 74 Whittier Lorenz Hanson … New York city, Teachers
363 3972 249 71 college,
649 3962 323 63 Columbia
1004 3959 373 71 university,
1411 3958 165 59 1924.
