2533 4412
1081 4084 110 57 571

131 451 272 73 Harvey,
437 450 266 59 Marion.

207 541 129 56 The
374 541 193 59 house
606 540 68 57 of
714 539 324 70 seclusion,
1075 540 84 69 by
1197 537 251 58 Marion
1486 538 276 71 Harvey.
1862 537 259 71 Boston,

132 619 212 70 Small,
376 618 311 70 Maynard
719 616 47 59 &
795 635 304 53 company
1130 616 180 72 [1925]

198 694 457 55 vi, 329 p. 19½ cm .
127 749 56 55 ©
214 752 112 52 Apr.
358 752 70 51 22,
463 749 103 46 1925;
625 751 65 43 2c.
723 751 86 43 and
841 751 79 43 aff.
955 752 113 50 May
1098 750 52 42 23;
1211 749 45 42 A
1287 747 161 44 829371;
1517 747 156 52 Small,
1707 749 227 52 Maynard
1969 749 37 43 &
2039 763 81 37 co.,

200 808 82 44 inc.
351 806 269 56 (25-10147)

132 908 286 71 Hassam,
460 904 234 71 Childe,
735 909 189 56 1859-

134 994 1964 138 Catalogue of the etchings and dry-points of Childe Hassam …
412 1074 152 57 with
604 1093 80 37 an
722 1074 425 58 introduction
1187 1074 84 72 by
1308 1073 202 71 Royal
1554 1071 337 60 Cortissoz.
1974 1073 150 56 New

130 1152 191 71 York,
345 1152 279 72 London,
655 1150 64 59 C.
751 1150 357 60 Scribner’s
1140 1168 163 54 sons,
1334 1150 166 59 1925.

199 1227 974 55 xiv p., 1 l., 96 p. front., illus. 32 cm .
201 1283 142 46 “This
373 1285 241 52 catalogue
643 1287 37 42 is
709 1284 177 43 limited
918 1292 47 35 to
1000 1284 111 43 four
1140 1283 214 44 hundred
1385 1283 166 54 copies,
1583 1284 53 43 of
1666 1283 153 44 which
1847 1284 130 44 three
133 1283 1971 103 hundred
273 1342 90 44 and
392 1341 302 53 seventy-five

723 1357 78 28 are
830 1340 254 44 numbered
1115 1340 91 44 and
1237 1341 285 53 twenty-five
1554 1355 79 29 are
1665 1341 77 43 for
1769 1340 356 54 presentation.”

132 1396 114 45 This
273 1413 115 39 copy
414 1405 82 37 not
523 1396 268 45 numbered.

130 1452 56 55 ©
218 1456 112 52 Apr.
362 1456 69 51 24,
468 1453 103 46 1925;
632 1456 65 43 2c.
732 1457 113 51 May
881 1452 73 55 15;
992 1456 78 43 aff.
1107 1457 113 51 May
1251 1456 50 51 2;
1339 1456 45 42 A
1416 1452 189 55 855145;
1646 1453 187 46 Charles
1871 1453 250 49 Scribner’s

201 1527 117 28 sons.
387 1510 270 56 (25-10122)

134 1608 225 74 Heyer,
397 1610 348 72 Georgette.

211 1700 1916 73 Simon the coldheart, by Georgette Heyer … Boston,
135 1777 1192 69 Small, Maynard & company [ c 1925]
201 1853 479 54 viii, 374 p. 19½cm .
133 1909 54 55 ©
218 1912 112 52 Apr.
360 1912 66 51 22,
465 1910 103 45 1925;
628 1913 65 42 2c.
727 1912 86 43 and
845 1912 79 43 aff.
959 1913 112 51 May
1101 1913 52 42 23;
1214 1912 45 42 A
1291 1911 167 44 829372;
1520 1911 156 54 Small,
1711 1913 228 52 Maynard
1974 1914 37 43 &
2045 1928 80 38 co.,

203 1968 82 43 inc.
354 1966 269 56 (25-10061)

135 2054 224 72 Heyer,
394 2053 282 59 William
711 2052 162 74 Carl,
910 2056 188 57 1872-

209 2143 336 58 American
581 2145 167 56 trust
781 2144 67 56 in
882 2141 406 74 providence;
1326 2163 80 37 an
1444 2145 234 57 outline
1714 2145 67 57 of
1815 2146 105 57 the
1956 2145 168 73 topic

136 2220 1988 70 along general lines [by] William C. Heyer … Boston,
135 2300 72 56 R.
237 2299 53 59 G
332 2299 256 73 Badger
613 2329 13 43 [
629 2307 18 22 c
651 2300 163 71 1925]

215 2378 77 44 164
319 2393 40 38 p.
420 2378 126 44 front.
586 2377 166 54 (port.)
788 2378 155 53 plates.
1002 2379 50 42 21
1062 2380 48 17 cm
1116 2412 9 9 .

136 2432 53 54 ©
218 2434 112 52 Apr.
364 2434 61 50 18,
459 2432 130 54 1925;
617 2435 66 42 2c.
713 2435 113 51 May
857 2434 73 51 14;
963 2434 79 42 aff.
1073 2434 112 51 May
1208 2434 84 51 12;
1323 2433 44 43 A
1396 2432 188 53 855152;
1618 2434 201 44 Richard
1848 2434 51 45 G.
1932 2436 193 52 Badger.

214 2489 270 55 (25-10185)

137 2574 258 75 Hickey,
434 2575 171 59 John
642 2575 59 59 J.

207 2665 128 60 Our
362 2666 198 73 police
588 2666 346 72 guardians;
993 2665 248 72 history
1269 2665 68 59 of
1363 2667 103 58 the
1496 2666 207 59 Police
1732 2668 398 73 department

138 2743 69 58 of
231 2744 103 58 the
363 2743 128 73 city
517 2744 68 58 of
611 2745 152 56 New
787 2744 192 71 York,
1009 2744 122 56 and
1157 2744 104 58 the
1292 2743 276 73 policing
1598 2743 69 58 of
1695 2764 168 42 same
1894 2746 103 58 for
2025 2748 105 59 the

137 2826 144 67 past
322 2841 113 38 one
473 2821 288 59 hundred
797 2840 207 53 years,
1046 2821 132 57 also
1220 2840 79 38 an
1340 2826 259 53 account
1640 2822 69 58 of
1747 2842 107 54 my
1891 2826 238 58 travels

137 2900 273 71 through
442 2899 256 72 Europe
733 2899 124 58 and
887 2897 313 73 America,
1231 2897 264 75 visiting
1529 2899 86 60 all
1647 2900 68 58 of
1751 2902 103 58 the
1891 2903 239 72 largest

137 2976 196 72 cities,
361 2976 294 72 covering
683 2995 167 38 some
881 2975 311 72 sixty-five
1220 2975 313 59 thousand
1558 2976 180 60 miles
1766 2998 70 39 as
1866 2999 38 38 a
1931 2981 200 72 police

137 3052 459 74 propagandist;
652 3053 152 59 with
827 3053 475 58 reminiscences
1330 3053 68 58 of
1421 3054 103 58 the
1551 3058 147 69 past
1722 3055 178 75 forty
1925 3077 206 54 years,

139 3130 344 73 thirty-two
515 3149 195 55 pages
743 3130 69 59 of
840 3131 441 72 illustrations,
1310 3133 124 57 and
1462 3136 105 53 ten
1595 3135 294 71 pages of
139 3155 1966 113 reproduction

430 3209 68 58 of
536 3209 325 58 historical
898 3210 221 57 letters
1158 3212 123 57 and
1319 3212 181 56 much
1540 3213 178 56 other
1756 3213 377 75 interesting

139 3287 411 58 information
584 3285 350 73 “touching
966 3306 77 38 on
1078 3291 106 53 an’
1218 3287 446 74 appertaining
1696 3291 121 56 to”
1849 3291 127 59 this
143 3293 1964 142 history,

353 3362 306 74 compiled
708 3364 124 57 and
877 3364 252 57 written
1176 3365 83 71 by
1308 3365 198 58 officer
1560 3368 239 74 “787”,
1849 3369 172 58 John
2072 3371 60 58 J.

139 3439 1308 77 Hickey, retired … [New York, c 1925]
210 3513 1459 59 xviii p., 2 l., 250 p. plates, ports. 24½ cm .
140 3574 53 54 ©
223 3577 113 51 May
364 3576 40 51 8,
436 3573 130 54 1925;
595 3576 65 42 2c.
691 3576 86 42 and
807 3576 79 42 aff.
918 3577 113 51 May
1063 3576 72 51 14;
1169 3576 45 42 A
1243 3574 189 55 855106;
1464 3578 40 52 J.
1536 3579 40 52 J.
1608 3579 192 53 Hickey,
1835 3581 118 45 New
1984 3583 142 44 York.

219 3630 269 56 (25-10217)

143 3717 329 71 Jacobson,
510 3716 147 57 Carl
685 3716 245 72 Alfred,
967 3720 189 56 1876-

217 3808 60 56 A
317 3808 432 71 pronouncing
792 3808 295 56 chemical
1132 3807 274 58 formula
1451 3811 230 70 speller
1722 3815 122 56 and
1890 3819 240 55 contest

143 3884 1796 78 guide, by C. Alfred Jacobson … Baltimore, The
141 3893 1965 127 Williams
352 3963 47 56 &
426 3962 269 58 Wilkins
725 3980 321 54 company,
1078 3962 165 57 1925.
