2533 4412
1026 4045 148 59 1717

97 480 1998 72 15 ilustraciones. Traducido del alem á n por Antonio
99 564 402 70 Schomburg.
584 561 276 72 Leipzig,
906 560 277 57 Koehler
1229 558 49 57 &
1322 558 336 58 Volckmar
1704 578 139 53 a.-g.
1894 557 49 59 &
1989 577 106 47 co.,

96 643 147 56 1925

166 720 50 43 31
249 734 38 37 p.
350 717 114 44 illus.
528 714 49 46 17½cm.
743 715 147 54 (Vida
920 730 29 39 y
978 714 155 53 labor)

94 770 1913 59 © June 1, 1925; 1c. Sept. 23; A— Foreign 28663; Koehler & Volckmar.
176 830 241 58 (26-4164)

100 932 198 72 Siebe,
336 930 357 74 Josephine,
733 933 190 56 1870-

173 1022 165 58 Lene
381 1021 427 70 Kellermann,
854 1018 134 59 eine
1035 1018 338 74 erzählung
1413 1019 107 56 für
1563 1018 192 74 junge
1798 1019 297 59 mädchen

95 1120 122 38 von
251 1098 344 73 Josephine
632 1098 200 59 Siebe.
917 1098 50 55 2.
1006 1096 138 58 aufl.
1228 1096 225 58 Zürich
1491 1100 147 70 [etc.]
1677 1096 173 60 Orell
1884 1098 210 58 Füssli

99 1208 12 43 [
112 1189 20 21 c
136 1179 164 72 1925]

170 1256 77 44 130
281 1271 39 38 p.
353 1255 100 44 incl.
486 1254 153 55 front.,
672 1254 116 43 illus.
847 1252 55 44 20½cm.

95 1308 1998 59 © Sept. 20, 1925; 1c. Dec. 16; A —Foreign 29640; Artistisches institut Orell
168 1369 164 44 Füssli.
401 1367 244 55 (26-4099)

99 1468 222 71 Smith,
361 1468 212 58 Chard
608 1467 268 58 Powers.

174 1559 208 72 Along
407 1559 68 57 the
535 1557 184 72 wind,
743 1557 84 71 by
853 1555 211 60 Chard
1089 1557 254 57 Powers
1374 1556 221 59 Smith.
1679 1557 152 58 New
1854 1558 243 65 Haven,

97 1637 155 60 Yale
283 1636 355 71 university
666 1653 184 53 press;
919 1636 149 71 [etc.,
1103 1636 129 74 etc.]
1268 1636 165 56 1925.

167 1716 27 43 4
215 1729 41 39 p.
277 1714 44 53 1,
343 1711 50 47 35
416 1728 42 38 p.
515 1713 51 44 21
577 1717 46 18 cm
629 1748 8 9 .

169 1772 176 45 Poems.

96 1827 55 55 ©
181 1830 108 43 Dec.
323 1830 61 48 18,
420 1825 104 46 1925;
583 1827 64 43 2c.
679 1827 109 43 Dec.
819 1827 54 43 24;
931 1827 79 43 aff.
1044 1827 109 43 Dec.
1183 1826 53 44 23;
1297 1827 44 42 A
1373 1824 162 49 872971;
1600 1827 115 44 Yale
1746 1828 119 43 univ.
1901 1843 138 29 nress.

177 1884 242 55 (26-2738)

100 1985 221 71 Smith,
363 1986 216 73 Harry
614 1984 372 71 Worcester,
1027 1986 189 56 1865-

175 2077 58 56 A
268 2077 291 72 sporting
588 2078 143 55 tour
766 2076 274 71 through
1073 2076 272 71 Ireland,
1382 2076 310 71 England,
1725 2077 213 57 Wales
1976 2080 123 56 and

101 2157 258 69 France,
399 2154 65 56 in
503 2155 106 56 the
645 2173 186 53 years
872 2155 339 55 1912-1913:
1282 2153 324 73 including
1641 2173 35 37 a
1717 2154 239 58 concise
101 2157 1970 147 description

448 2231 67 58 of
559 2232 103 57 the
707 2231 190 71 packs
944 2232 68 55 of
1055 2231 376 72 foxhounds,
1476 2232 180 56 mode
1702 2232 67 56 of
1812 2232 284 73 hunting,

101 2315 183 66 types
319 2311 68 55 of
421 2311 219 56 horses
681 2310 123 57 and
841 2309 102 57 the
982 2308 181 58 crack
1200 2309 221 57 riders.
1502 2308 267 59 General
99 2311 1978 134 observations
294 2406 77 38 on
398 2387 103 57 the
529 2386 249 72 history

802 2387 68 56 of
896 2387 103 56 the
1029 2386 278 57 counties
1340 2386 66 57 of
1433 2386 273 69 Ireland,
1738 2387 103 57 the
1871 2387 226 58 castles

101 2466 123 57 and
262 2464 211 58 cabins:
548 2484 38 37 a
622 2464 159 57 view
821 2463 65 57 of
927 2464 104 57 the
1073 2466 272 55 customs
1387 2465 123 57 and
1548 2483 296 38 manners
1888 2465 67 55 of
1994 2465 103 57 the

99 2542 169 57 Irish
311 2542 252 71 people;
612 2541 287 73 together
945 2541 152 57 with
1144 2561 39 37 a
1228 2544 178 69 story
1450 2542 68 56 of
1564 2541 112 57 fox
1718 2542 268 72 hunting
2033 2542 64 56 in

101 2621 293 72 England
429 2621 123 57 and
587 2620 258 57 France.
911 2619 156 58 And
1102 2640 39 36 a
1174 2620 258 71 chapter
1471 2639 77 38 on
1583 2620 103 57 the
1722 2620 216 57 Welsh
1977 2623 123 56 and

101 2698 116 56 Mr.
263 2697 195 59 Curre
475 2701 47 54 ’s
560 2697 262 72 hounds,
867 2697 369 72 concluding
1271 2697 151 57 with
1464 2716 39 37 a
1537 2698 175 57 word
1747 2698 244 71 picture
2033 2699 65 56 in

101 2775 193 58 detail
336 2776 69 56 of
444 2775 103 57 the
591 2775 216 59 Grand
847 2775 282 56 national
1175 2775 421 70 steeplechase
1644 2775 68 57 of
1755 2776 163 56 1913.
2001 2775 96 72 By

103 2850 1969 151 Harry Worcester Smith … Illustrated with photogravures
104 2927 1970 152 and over sixty photographs from life illuminating the text … [Columbia,
1187 3004 60 59 S.
1283 3003 86 75 C.,
1401 3005 130 58 The
1565 3004 178 60 State
1774 3025 322 55 company]

104 3086 164 56 1925.

174 3166 28 43 2
224 3179 42 31 V.
327 3163 174 51 fronts.,
527 3163 141 54 plates
696 3163 52 54 (2
771 3162 237 54 mounted)
1041 3170 151 47 ports.,
1218 3177 115 39 map,
1359 3162 116 54 plan,
1504 3161 200 46 facsims.
1763 3163 54 44 24½
1851 3164 45 18 cm
1905 3203 9 8 .

177 3221 155 53 Paged
360 3219 327 55 continuously.

177 3278 161 43 Added
365 3287 111 42 t.-p.,
503 3292 124 37 engr.

101 3331 54 54 ©
182 3334 107 43 Dec.
320 3331 62 53 15,
412 3331 130 54 1925;
570 3333 65 43 2c.
663 3332 108 43 each
798 3333 87 42 and
909 3332 82 43 aff.
1021 3333 109 42 Dec.
1157 3332 77 51 28;
1267 3332 44 42 A
1339 3331 188 52 879034;
1558 3333 63 42 H.
1649 3333 74 43 W.
1756 3332 159 53 Smith,
1946 3335 151 43 North

175 3389 209 52 Grafton,
422 3389 142 43 Mass.
633 3388 242 54 (26-2420)

107 3471 383 72 Sorrentino,
526 3470 317 60 Goffredo.

246 3560 1856 72 … L’atleta; Patleta completo: coitura pre-atletica et
103 3638 743 59 allenamento—atletico
932 3639 305 70 completo
1239 3638 865 72 —anatomia—fisiologia—

103 3716 522 74 igiene—tecnica
688 3717 123 56 dell'
862 3716 411 57 allenamento
1339 3715 266 59 atletico.
1729 3717 374 58 Prefazione

106 3796 97 56 del
234 3795 165 72 prof.
436 3795 308 59 Giovanni
777 3794 159 57 Pini.
1020 3794 303 73 Bologna,
1354 3795 68 56 L.
1461 3793 284 74 Cappelli
1783 3824 14 44 [
1797 3804 20 22 c
1821 3796 164 72 1925]

176 3871 1400 54 xi, 311, [1] p. incl. illus., double tab. fold. pl. 19 ½ cm .
107 3927 1992 55 © Mar. 1, 1925; 1c. Mar. 25; A—Foreign 27223; Casa éditrice L. Cappelli.
185 3985 241 54 (26-4168)
