2533 4412
1317 4110 113 57 720

378 420 399 71 Sutherland,
816 423 183 57 Joan.

455 513 180 57 Price
669 513 67 57 of
769 513 243 58 silence.
1089 515 123 73 [7th
1240 514 384 76 instalment]

451 592 82 51 (In
563 593 186 40 London
778 594 133 41 home
941 596 147 48 notes,
1120 594 112 50 May
1265 598 65 47 23,
1363 593 128 52 1925)

377 644 2004 63 © 1c. July 14, 1925; A ad int. 7103; pubd. May 18; J. Sutherland, ℅ A. M.
448 704 155 43 Heath
638 705 38 43 &
710 720 80 36 co.,
827 704 201 44 London.

379 789 248 73 Taylor,
669 789 221 73 Henry
929 788 276 71 Charles,
1249 792 191 57 1873-

455 883 284 58 Outlines
780 884 68 56 of
884 883 417 73 agricultural
1336 884 363 73 economics,
1735 886 85 71 by
1853 885 226 73 Henry
2116 885 64 59 C.
375 887 1981 131 Taylor.

558 961 152 57 New
738 961 191 74 York,
963 962 129 57 The
1124 962 361 56 Macmillan
1516 981 324 55 company,
1872 964 165 57 1925.

445 1038 65 44 xii
557 1053 54 38 p.,
661 1039 18 42 1
746 1073 22 17 l.,
814 1038 83 44 610
940 1053 39 37 p.
1042 1038 116 43 illus.
1186 1039 177 53 (maps)
1418 1039 168 52 diagrs.
1660 1041 56 42 20½
1749 1042 47 17 cm
1801 1075 9 9 .
1880 1040 295 55 (Half-title:
2230 1040 151 48 Social

375 1096 171 43 science
578 1096 280 51 text-books,
890 1095 66 44 ed.
989 1095 58 53 by
1080 1096 54 43 R.
1167 1094 54 45 T.
1256 1094 114 55 Ely)

446 1151 353 53 Bibliography:
837 1167 39 38 p.
912 1150 207 47 587-595.

374 1206 54 54 ©
453 1208 107 53 July
585 1207 36 52 7,
651 1207 131 54 1925;
809 1209 65 43 2c.
900 1210 88 42 and
1011 1209 80 43 aff.
1118 1209 106 52 July
1251 1209 51 52 8;
1330 1209 44 43 A
1401 1206 190 55 855786;
1621 1210 269 43 Macmillan
1916 1225 65 29 co.

453 1265 272 55 (25-13096)

377 1351 286 70 Thomas,
703 1350 264 74 Stanley
1003 1351 263 70 Judson,
1305 1353 191 57 1889-

451 1428 446 75 Bacteriology
915 1452 11 48 ;
960 1448 35 38 a
1023 1432 135 55 text
1186 1429 161 58 book
1377 1449 78 38 on
1485 1429 490 73 fundamentals,
2005 1431 84 72 by
2122 1429 262 73 Stanley

374 1508 2009 74 Thomas … 1st ed. New York [etc.] McGraw-Hill book
372 1605 324 53 company,
729 1587 137 71 inc.,
899 1586 166 58 1925.

441 1665 96 51 xiii,
563 1665 79 43 201
670 1679 39 38 p.
734 1665 103 44 incl.
864 1663 141 45 front.,
1032 1664 168 53 (port.)
1233 1663 129 53 illus.,
1389 1663 169 55 diagrs.
1618 1663 53 45 23½
1706 1666 48 18 cm
1760 1700 9 9 .
1884 1662 125 56 $2.50

445 1721 388 54 Bibliographical
865 1722 265 44 foot-notes.

373 1777 53 54 ©
452 1780 107 52 July
584 1781 37 47 9,
652 1778 129 53 1925;
807 1779 67 43 2c.
900 1779 106 53 July
1035 1779 74 52 13;
1138 1779 78 43 aff.
1244 1779 106 53 July
1380 1778 74 53 14;
1484 1778 44 43 A
1555 1777 189 54 861084;
1776 1779 348 45 McGraw-Hill
2150 1779 119 45 book
2296 1794 83 39 co.,

445 1837 82 42 inc.
597 1835 271 55 (25-12882)

375 1922 200 71 Trow,
615 1921 285 60 William
939 1920 208 72 Clark,
1188 1922 191 58 1894-

518 1998 1861 74 … Scientific method in education, by Wm. Clark Trow
440 2076 1940 77 … Boston, New York [etc.] Houghton Mifflin company
375 2189 12 43 [
391 2167 18 22 c
413 2160 165 72 1925]

442 2252 44 35 x,
526 2236 71 54 [1],
635 2234 92 53 158,
767 2236 53 53 [1]
856 2249 41 38 p.
962 2234 50 43 18
1019 2236 47 17 cm
1073 2268 8 7 .
1151 2232 265 55 (Riverside
1452 2232 284 45 educational
1772 2233 321 54 monographs,
2132 2232 149 47 edited
2317 2233 59 55 by

372 2293 60 43 H.
472 2291 237 54 Suzzallo)

443 2348 358 45 “References”:
833 2363 41 37 p.
911 2343 223 58 153-[155]

371 2405 54 54 ©
453 2407 107 52 July
589 2404 37 53 7,
660 2404 130 52 1925;
821 2406 64 42 2c.
916 2404 107 53 July
1057 2405 74 51 13;
1163 2404 78 43 aff.
1272 2402 107 54 July
1413 2404 73 51 10;
1522 2403 43 42 A
1595 2402 190 53 855866;
1819 2404 75 44 W.
1928 2403 49 45 C.
2008 2403 156 54 Trow,
441 2403 1915 104 Cincinnati.

617 2461 273 55 (25-13107)

372 2547 509 72 Vanderwalker,
923 2546 168 58 Fred
1130 2545 296 71 Norman,
1470 2547 190 56 1885-

447 2628 215 57 House
689 2626 292 72 painting
1005 2624 284 58 methods
1317 2624 151 56 with
1495 2624 104 60 the
1625 2624 195 57 brush
1848 2625 123 57 and
1999 2643 195 53 spray
2220 2644 155 54 gun;

369 2706 341 59 industrial
737 2705 293 72 painting
1059 2723 79 38 on
1168 2702 173 71 steel,
1367 2702 161 70 iron,
1559 2706 256 67 cement,
1845 2702 175 58 brick
2050 2704 123 57 and
2199 2704 180 57 wood

372 2776 2001 80 surfaces, by F. N. Vanderwalker … Chicago, F. J.
370 2864 207 57 Drake
609 2862 48 59 &
687 2882 85 37 co.
809 2891 13 44 [
825 2870 18 22 c
846 2861 165 73 1925]

440 2936 1090 58 6 p. l ., 17-382, [4] p. illus., col. pl. 19 cm .
439 2999 101 44 The
570 2999 117 52 plate
717 2997 195 44 consists
941 2995 51 44 of
1020 2995 213 44 mounted
1263 2994 206 52 samples.

366 3051 57 58 ©
449 3056 106 53 July
580 3056 37 51 6,
647 3054 130 52 1925;
804 3054 64 43 2c.
895 3054 106 52 July
1026 3054 50 50 9;
1105 3051 79 44 aff.
1212 3052 106 52 July
1346 3052 48 51 8;
1425 3051 43 42 A
1494 3048 191 55 855805;
1714 3050 249 45 Frederick
1989 3051 40 53 J.
2059 3052 156 42 Drake
2244 3051 37 44 &
2306 3067 65 28 co.

449 3112 271 56 (25-12989)

369 3200 212 70 Wells,
626 3197 274 59 Herbert
940 3196 257 73 George,
1243 3194 191 58 1866-

450 3280 128 55 The
603 3277 205 57 works
835 3276 69 57 of
927 3275 79 56 H.
1038 3274 68 58 G.
1132 3273 214 58 Wells.
1414 3272 282 57 Atlantic
1724 3273 91 57 ed.
1880 3291 57 38 v.
1966 3274 52 69 9,
2047 3272 87 55 10.
2206 3271 168 74 [New

367 3357 190 71 York,
596 3355 259 59 Charles
894 3352 356 59 Scribner’s
1288 3369 163 54 sons,
1487 3351 165 73 1925]

435 3435 26 42 2
491 3448 41 29 v.
594 3433 161 43 fronts.
814 3431 55 44 24
877 3433 47 18 cm
930 3466 8 8 .

439 3489 264 51 Half-title;
737 3487 109 45 each
874 3487 182 43 volume
1082 3485 81 43 has
1194 3486 95 42 also
1321 3482 165 54 special
1515 3491 96 43 t.-p.

441 3546 140 44 “This
615 3545 183 48 edition,
834 3543 178 53 printed
1049 3543 120 42 from
1206 3549 106 44 type
1346 3539 148 45 which
1527 3540 82 43 has
1647 3540 113 43 been
1796 3537 284 53 distributed,
2120 3539 36 43 is
2195 3536 176 54 strictly

367 3605 174 43 limited
572 3611 48 35 to
651 3617 84 28 one
764 3601 225 44 thousand
1020 3600 88 43 and
1139 3598 105 53 fifty
1277 3604 89 37 sets
1399 3596 75 44 for
1506 3596 230 51 America,
1769 3594 50 45 of
1850 3594 150 45 which
2031 3609 84 29 one
2147 3593 224 45 thousand

369 3678 76 28 are
474 3661 76 43 for
575 3659 94 44 sale
695 3659 88 42 and
810 3657 104 52 fifty
940 3671 79 28 are
1045 3655 75 43 for
1146 3652 347 56 presentation.”
1550 3651 114 45 This
1692 3652 36 43 is
1755 3667 84 28 one
1865 3651 52 44 of
1942 3650 75 45 the
2044 3649 107 53 fifty
2177 3657 89 37 sets
2295 3649 77 45 for

367 3716 318 55 presentation.
749 3714 126 43 “The
908 3713 168 44 edition
1110 3711 75 43 for
1220 3709 140 46 Great
1394 3709 177 43 Britain
1603 3710 89 42 and
1725 3708 181 43 Ireland
1940 3707 36 44 is
2011 3706 173 44 limited
2216 3713 50 37 to
2299 3705 73 44 six

367 3774 206 45 hundred
602 3772 88 43 and
718 3778 169 45 twenty
917 3776 103 46 sets,
1050 3768 50 45 of
1128 3767 148 45 which
1307 3767 72 44 six
1407 3766 205 44 hundred
1640 3780 79 29 are
1749 3764 74 45 for
1854 3764 93 44 sale
1975 3764 87 43 and
2091 3769 169 46 twenty
2292 3776 78 30 are

367 3833 76 43 for
474 3828 345 55 presentation.”

441 3887 377 45 CONTENTS.—v.
848 3892 38 35 9.
915 3883 43 42 A
987 3883 190 43 modern
1203 3880 183 52 Utopia,
1419 3878 87 44 and
1533 3877 133 45 other
1695 3876 390 45 discussions.—v.
2115 3882 64 37 10.
2211 3875 54 43 In
2294 3874 77 44 the

368 3947 110 47 days
507 3944 50 44 of
585 3943 73 43 the
688 3948 160 40 comet,
877 3941 87 42 and
993 3946 239 36 seventeen
1262 3936 128 45 short
1420 3934 175 45 stories.

368 4000 53 55 ©
445 4003 115 51 June
581 4000 65 47 22,
676 3997 129 48 1925;
831 3998 63 42 2c.
920 3996 108 44 each
1053 3995 88 44 and
1164 3995 103 43 affs.
1294 3994 106 53 July
1425 3993 50 52 3;
1502 3992 44 43 A
1572 3990 179 52 829990,
1775 3989 192 53 829991;
1998 3987 186 46 Charles
437 3985 1908 117 Scribner’s

583 4071 120 30 sons,
779 4052 54 55 [©
859 4053 195 54 preface]
