2533 4412
1067 3995 149 57 1399

154 351 322 74 Sigmund,
513 352 128 72 Jay
673 351 68 59 G.

226 441 1914 75 Drowsy ones … by Jay G. Sigmund. Cedar Rapids,
147 520 109 70 la.,
286 519 249 57 Prairie
563 519 363 72 publishing
955 537 322 53 company,
1309 520 165 56 1925.

214 611 330 54 48 p. 19½ cm .
223 681 94 44 “Of
352 681 90 43 this
479 682 120 43 book
634 681 125 43 three
794 681 206 44 hundred
1038 683 86 42 and
1162 681 281 52 twenty-five
1480 682 149 53 copies
1666 682 114 45 have
1819 682 106 44 been
1965 683 176 52 printed

148 738 272 50 November,
457 736 115 45 1925.
634 737 150 44 Three
813 736 204 45 hundred
1049 738 307 53 autographed
1388 739 149 52 copies
1569 753 76 30 are
1679 740 75 43 for
1786 739 131 44 sale.”

219 794 176 44 Poems.

148 861 53 55 ©
227 864 117 44 Nov.
375 864 62 52 12,
466 863 129 54 1925;
620 864 65 44 2c.
711 865 87 43 and
825 864 77 44 aff.
930 865 119 44 Nov.
1082 864 73 53 16;
1184 865 44 42 A
1253 862 161 47 875111;
1475 865 178 45 Prairie
1678 866 102 53 pub.
1808 882 65 29 co.

226 920 270 55 (25-23499)

151 1020 215 72 Smail,
407 1020 201 73 Lloyd
645 1021 219 72 Leroy,
908 1023 190 57 1888-

225 1110 1921 74 Mathematics of finance, by Lloyd L. Smail … 1st ed.
147 1190 150 57 New
324 1189 174 58 York
527 1193 146 69 [etc.]
708 1188 454 60 McGraw-Hill
1189 1189 161 58 book
1379 1207 323 56 company,
1734 1190 137 72 inc.,
1902 1192 166 57 1925.

217 1279 1226 55 XV, 310 p. incl. tables, diagrs. 23 ½ cm . $3.00
218 1350 327 46 “References”:
603 1365 40 39 p.
674 1350 95 45 251.

147 1422 52 54 ©
231 1425 119 44 Nov.
383 1424 63 51 11,
481 1422 129 52 1925;
643 1423 63 44 2e.
738 1423 87 44 and
856 1423 78 43 aff.
968 1423 117 44 Nov.
1121 1424 74 51 13;
1230 1423 43 43 A
1306 1421 190 55 875017;
1531 1422 347 47 McGraw-Hill
1910 1425 122 45 book
2062 1439 83 40 co.,

217 1482 82 42 inc.
368 1479 270 55 (25-23621)

148 1580 199 59 South
385 1579 310 59 Carolina.
773 1582 303 72 Supreme
1115 1585 193 53 court.

223 1673 1919 76 Reports of cases heard and determined … v. 128,
147 1751 362 73 containing
552 1770 178 38 cases
772 1751 67 57 of
886 1751 140 56 Fall
1069 1754 178 69 term,
1297 1752 165 71 1923,
1511 1752 124 56 and
1683 1750 238 74 Spring
1964 1756 180 69 term,

149 1831 163 55 1924.
379 1829 96 57 W.
505 1829 81 56 M.
620 1828 232 72 Shand,
884 1828 303 71 Supreme
1218 1830 179 55 court
1423 1832 306 67 reporter.
1802 1828 341 74 Columbia,

150 1906 59 58 S.
244 1905 86 69 C.,
361 1907 129 56 The
519 1907 71 55 R.
623 1906 67 56 L.
724 1906 217 66 Bryan
970 1924 323 53 company,
1328 1907 164 56 1925.

214 2013 44 36 X,
292 1994 83 47 596
404 2011 38 38 p.
501 1997 52 43 23½cm.

146 2066 53 54 ©
227 2068 109 43 Dec.
369 2068 60 50 19,
462 2067 128 51 1925;
621 2067 64 43 2c.
715 2068 87 42 and
828 2067 78 42 aff.
936 2067 108 43 Dec.
1072 2067 79 51 28;
1182 2067 44 41 A
1256 2065 163 45 872975;
1478 2068 53 41 R.
1562 2067 49 43 L.
1643 2067 154 52 Bryan
1826 2082 65 29 co.

149 2168 224 73 Tyson,
414 2166 282 60 William
733 2166 381 72 Ainsworth,
1159 2169 189 56 1891-

221 2259 131 58 The
387 2258 257 72 revival,
678 2260 83 70 by
794 2258 149 57 Rev.
981 2257 96 58 W.
1117 2258 74 56 A.
1231 2257 230 72 Tyson.
1545 2257 341 75 Nashville,
1927 2262 213 70 Tenn.,

146 2335 362 74 Cokesbury
534 2354 201 55 press,
766 2338 166 55 1925.

211 2431 80 45 287
323 2447 39 37 p.
427 2432 49 43 19½c
530 2433 28 16 m
565 2469 7 7 .

145 2501 53 54 ©
230 2503 118 52 Aug.
379 2503 39 51 6,
451 2500 102 44 1925;
611 2501 64 43 2c.
707 2502 86 42 and
823 2500 79 44 aff.
937 2498 121 55 Sept.
1088 2499 79 53 26;
1202 2499 44 43 A
1278 2499 189 53 869243;
1502 2500 166 43 Lamar
1701 2501 36 43 &
1771 2502 186 51 Barton,
214 2501 1906 101 Nashville.
403 2557 270 55 (25-23239)

146 2660 278 70 Watson,
463 2658 164 57 Kate
664 2656 245 59 Heintz.

221 2745 1914 74 Textiles and clothing, by Kate Heintz Watson … rev.
142 2824 1998 75 by Charlotte Gibbs Baker … Chicago, American school
143 2905 68 58 of
233 2905 180 58 home
443 2903 360 72 economics,
831 2905 167 55 1925.

221 2987 56 49 iv,
302 2984 84 47 262
410 2999 39 38 p.
476 2983 101 46 incl.
606 2983 131 53 illus.,
764 2982 158 54 plates.
981 2981 53 45 20
1041 2984 47 18 cm
1094 3016 9 8 .
1171 2982 240 53 (Lettered
1439 2996 58 30 on
1522 2995 160 31 cover:
1714 2981 194 54 Library
1934 2982 52 44 of
2011 2982 132 45 home

147 3042 263 49 economics,
440 3040 58 53 x)

218 3096 325 54 Bibliography:
599 3112 40 38 p.
667 3093 207 48 255-256.

145 3153 53 55 ©
234 3156 117 42 Nov.
387 3153 35 51 5,
461 3152 129 54 1925;
626 3153 64 43 2c.
724 3154 87 42 and
844 3152 78 43 aff.
959 3152 119 43 Nov.
1117 3150 73 54 16;
1227 3151 46 42 A
1305 3149 191 55 875109;
1534 3151 151 44 Home
1721 3152 252 45 economics
2008 3169 131 37 assn.,

217 3211 212 53 Chicago.
499 3209 269 55 (25-23734)

155 3311 231 71 Weber,
422 3310 245 71 Alfred,
707 3310 357 58 1835-1914.

219 3401 269 70 History
516 3400 68 57 of
612 3398 395 72 philosophy,
1033 3399 84 71 by
1144 3397 229 58 Alfred
1398 3397 248 73 Weber,
1674 3398 353 60 translated
2054 3401 84 70 by

144 3475 1993 75 Frank Thilly … with philosophy since 1860, by Ralph
142 3552 1993 74 Barton Perry … New York, Chicago [etc.] C. Scribner’s
145 3654 143 39 sons
320 3664 13 43 [
335 3642 19 23 c
357 3635 165 71 1925]

217 3713 96 52 xiii,
341 3712 81 44 604
448 3727 41 38 p.
548 3711 53 44 20
608 3713 47 17 cm
662 3747 8 7 .

219 3769 209 48 Lettered
455 3784 58 30 on
542 3784 160 29 cover:
732 3766 194 46 Revised
956 3764 181 48 edition.

221 3827 158 45 “Brief
402 3824 316 54 bibliography
745 3825 74 44 for
843 3825 75 43 the
947 3822 204 45 student”:
1205 3838 39 38 p.
1272 3822 94 45 4-5.

146 3883 52 53 ©
232 3885 118 43 Nov.
382 3883 39 52 6,
456 3881 128 52 1925;
619 3882 64 43 2c.
718 3882 118 42 Nov.
873 3880 73 51 16;
982 3880 78 43 aff.
1095 3881 119 42 Nov.
1250 3880 74 51 10;
1360 3881 44 41 A
1436 3878 190 55 875088;
1665 3880 187 46 Charles
1889 3881 249 46 Scribner’s

218 3956 115 28 sons.
402 3937 270 55 (25-23497)
