2533 4412
1067 4087 108 57 167

131 463 317 72 Haboush,
489 462 277 72 Stephen
801 462 74 57 A.

210 549 1850 74 Over the hills of Galilee, by Stephen A. Habonsh …
134 631 352 70 Columbus,
573 678 32 26 O.,
635 632 128 56 The
789 630 176 58 Book
992 648 279 52 concern,
1301 630 164 55 1924.

200 724 47 43 91
283 737 39 38 p.
386 721 46 44 15
442 724 47 17 cm
495 758 8 7 .

131 792 53 53 ©
207 794 97 51 Jan.
328 793 38 51 8,
394 791 128 54 1925;
549 794 61 41 2c.
636 794 85 43 and
745 794 78 41 aff.
846 794 99 51 Jan.
975 793 73 49 19;
1075 792 42 42 A
1142 791 188 47 814694;
1362 789 43 47 S.
1432 791 56 43 A.
1514 791 235 48 Haboush,
1778 788 257 49 Columbus,
2065 789 55 44 O.

209 848 240 56 (25-5274)

129 947 263 73 Hadley,
432 947 242 57 Arthur
717 947 304 72 Twining,
1066 950 188 56 1856-

277 1038 1849 74 … The conflict between liberty and equality, by Arthur
137 1116 1988 75 Twining Hadley … Boston and New York, Houghton
134 1193 213 58 Mifflin
377 1213 321 55 company,
729 1195 165 58 1925.

202 1288 44 45 vi
270 1305 53 35 p.,
347 1291 25 41 2
415 1323 21 16 l.,
465 1289 90 50 134,
582 1289 52 49 [1]
663 1304 37 35 p.
765 1289 51 44 19½
849 1290 46 17 cm
903 1325 7 6 .
979 1289 267 51 (Raymond
1270 1286 50 45 F.
1345 1288 134 44 West
1503 1287 235 45 memorial
1766 1288 218 50 lectures)

530 1358 248 43 CONTENTS.—Industrial
810 1357 226 53 problems
1069 1360 87 43 and
1187 1358 201 52 political
1419 1357 313 46 ideals.—The
1762 1374 103 29 uses
1896 1360 88 43 and
134 1360 1966 110 dangers

263 1416 52 44 of
339 1423 214 46 property
580 1415 293 53 right.—The
898 1431 102 30 uses
1024 1416 88 45 and
1137 1416 192 51 dangers
1356 1415 53 46 of
1435 1415 355 52 representative
1815 1424 308 43 government.

130 1483 53 53 ©
208 1484 106 44 Feb.
338 1484 67 51 20,
433 1482 128 53 1925;
588 1484 63 43 2c.
677 1484 87 42 and
787 1484 78 42 aff.
893 1482 104 44 Feb.
1022 1482 79 52 27;
1128 1484 44 41 A
1196 1483 189 51 823196;
1414 1483 56 43 A.
1498 1482 53 43 T.
1579 1483 197 52 Hadley,
1802 1483 118 44 New
1946 1484 176 43 Haven.

209 1539 240 56 (25-5412)

129 1640 164 71 Hall,
330 1639 276 58 Edward
641 1639 349 73 Hagaman,
1029 1642 189 56 1858-

213 1734 128 57 The
369 1732 352 71 cathedral;
749 1752 36 37 a
810 1751 183 53 poem
1017 1752 81 38 on
1122 1732 104 58 the
1252 1732 285 73 building
1561 1733 67 59 of
1655 1734 103 57 the
1788 1733 339 59 Cathedral

134 1811 230 58 church
391 1812 67 57 of
488 1810 181 59 Saint
698 1810 168 58 John
894 1811 105 57 the
1025 1810 226 59 Divine
1280 1808 68 59 in
1372 1811 105 57 the
1506 1810 126 72 city
1661 1813 68 57 of
1757 1811 152 58 New
1935 1812 190 73 York,

135 1890 80 71 by
241 1888 278 59 Edward
544 1887 334 73 Hagaman
904 1881 168 78 Hall,
1143 1934 10 9 L.
1240 1937 11 10 H.
1321 1933 10 10 D.
1413 1888 151 58 New
1590 1888 190 71 York,
1810 1890 129 57 The
132 1891 1971 135 Laymen’s

362 1967 135 58 club
526 1967 67 58 of
618 1966 103 58 the
753 1966 339 72 cathedral,
1122 1964 166 59 1925.

200 2048 54 44 24
279 2063 40 36 p.
407 2045 26 45 17
439 2048 14 17 cm
492 2082 9 9 .

203 2103 205 47 “Second
435 2101 214 46 edition.”

131 2157 53 53 ©
210 2159 98 51 Jan.
341 2158 62 51 10,
435 2155 129 53 1925;
593 2156 65 42 2c.
688 2155 98 51 Jan.
813 2155 78 49 23;
923 2154 77 42 aff.
1033 2153 104 44 Feb.
1171 2154 74 51 18;
1278 2154 42 42 A
1350 2154 188 52 823129;
1572 2155 235 52 Laymen’s
1837 2156 102 44 club
1967 2157 51 44 of
2049 2159 74 42 the

203 2213 242 45 Cathedral
476 2211 169 44 church
676 2211 51 43 of
764 2210 63 46 St.
860 2211 121 51 John
1011 2210 75 42 the
1120 2210 176 43 Divine.
1372 2209 56 53 [©
1462 2226 99 28 new
1593 2219 168 36 matter
1792 2214 86 42 and
1912 2213 209 56 changes]

209 2269 241 56 (25-5110)

131 2369 214 71 Heinz,
386 2367 279 58 Howard
700 2367 78 71 J.,
819 2381 321 58 company.

206 2460 60 56 A
290 2460 224 71 golden
541 2460 140 70 day,
709 2477 35 37 a
771 2458 325 56 memorial
1124 2459 124 56 and
1274 2478 39 37 a
1337 2459 398 73 celebration,
1766 2462 355 56 1869-1924.

130 2537 392 72 Pittsburgh,
553 2536 79 56 H.
665 2537 60 56 J.
759 2536 201 55 Heinz
991 2554 306 53 company
1330 2567 13 43 [
1345 2543 18 22 c
1368 2538 146 54 1925]

200 2611 1332 55 4 p. l., 11—62 p. plates (part double) ports. 25c m .
203 2672 101 42 “An
327 2678 188 35 account
541 2670 49 43 of
614 2670 73 43 the
712 2669 304 52 presentation
1041 2669 57 52 by
1122 2670 74 42 the
1222 2670 254 52 employees
1503 2670 50 44 of
1577 2686 28 28 a
1629 2672 234 43 memorial
1889 2681 45 36 to
1962 2675 161 53 Henry

129 2729 39 51 J.
203 2728 150 42 Heinz
385 2728 86 42 and
504 2727 55 42 its
594 2725 292 44 dedication.”

131 2782 53 53 ©
210 2783 104 44 Feb.
347 2782 61 53 10,
437 2782 128 52 1925;
593 2783 63 42 2c.
683 2783 87 42 and
795 2783 78 42 aff.
903 2783 118 42 Mar.
1051 2781 47 52 5;
1128 2782 43 42 A
1198 2782 188 52 823292;
1418 2784 61 42 H.
1505 2784 40 51 J.
1576 2784 147 43 Heinz
1749 2801 66 27 co.

130 2897 259 66 Horton,
431 2893 234 59 Robert
705 2895 57 57 J.

209 2975 130 56 The
369 2992 146 37 man
550 2973 68 57 of
650 2973 102 56 the
789 2974 240 69 desert;
1066 2992 39 37 a
1135 2977 269 53 western
1441 2976 194 71 story,
1671 2976 84 72 by
1788 2977 238 59 Robert
2061 2981 60 57 J.

129 3053 264 56 Horton.
465 3052 151 55 New
641 3050 175 56 York
843 3050 143 72 city,
1022 3049 264 58 Chelsea
1310 3051 192 57 house
1538 3055 184 72 [c1925]

197 3125 924 56 4 p. l., [11]—320 p. 19½ cm . $2.00
133 3184 52 54 ©
212 3186 117 43 Mar.
356 3185 37 51 2,
423 3183 129 53 1925;
579 3184 63 43 2c.
670 3184 86 43 and
783 3184 77 42 aff.
888 3184 118 42 Mar.
1035 3182 48 53 5;
1113 3184 43 42 A
1181 3182 188 54 823275;
1403 3183 191 46 Chelsea
1616 3186 151 45 house.

210 3241 241 55 (25-5542)

131 3340 322 73 Hubbard,
491 3339 254 74 Joseph.

129 3431 1970 151 The times of the Gentiles, by Joseph Hubbard … Fullerton, Calif. [ c 1925]
199 3585 983 53 xiv, 15-301 p. front. (port.) 19½ cm .
134 3642 53 53 ©
221 3643 98 51 Jan.
358 3641 62 52 17,
459 3640 129 52 1925;
625 3642 63 42 2c.
723 3642 86 42 and
845 3642 78 42 aff.
960 3641 106 44 Feb.
1100 3643 79 50 24;
1217 3643 44 41 A
1297 3642 186 52 822170;
1522 3646 40 52 J.
1602 3647 236 54 Hubbard,
1875 3650 246 53 Fullerton,

205 3699 132 44 Calif.
408 3695 240 57 (25-5742)

134 3799 258 69 Hubert,
428 3797 283 60 William
744 3799 40 57 J
1098 3801 189 56 1876-

213 3887 307 73 Cheating
552 3888 102 57 the
691 3907 181 52 scrap
908 3889 155 70 pile;
1101 3908 35 37 a
1170 3888 353 59 hand-book
1558 3912 77 37 on
1670 3894 139 58 how
1842 3903 62 52 to
1941 3901 185 59 avoid

134 3967 196 56 losses
353 3967 65 55 in
442 3966 103 56 the
569 3966 292 72 foundry,
886 3967 194 56 based
1105 3985 78 38 on
1206 3966 201 73 thirty
1427 3988 187 51 years
1640 3972 69 57 of
1731 3993 37 37 a
1793 3977 330 60 rambler’s
