2533 4412
1104 4119 108 54 649

139 538 1969 115 3 p. l., 5-75 p. illus. 19 cm . (Blue book series of hair and beauty culture,
281 603 87 44 vol.
400 602 49 52 v)

138 658 53 53 ©
223 660 112 50 Apr.
371 660 33 50 1,
439 656 128 52 1925;
630 672 34 28 1c.
700 658 112 51 May
843 656 49 52 7;
955 671 36 27 1c.
1024 656 117 52 June
1174 655 46 50 1;
1255 655 80 42 aff.
1370 654 112 51 May
1518 651 74 54 15;
1629 654 43 41 A
1705 650 190 53 855546;
1930 651 198 47 Wilfred

208 716 215 51 academy
449 715 51 42 of
526 714 100 43 hair
653 714 37 43 &
716 713 164 52 beauty
907 712 185 43 culture.
1163 708 270 56 (25-11143)

142 800 340 71 Lathbury,
522 798 311 72 Clarence,
872 801 189 55 1854-

222 872 1914 76 God winning us, by Clarence Lathbury … 9th ed.
140 956 151 56 New
323 955 188 67 York,
548 955 129 57 The
710 953 407 57 New-church
1149 970 183 54 press
1367 980 14 44 [
1382 959 21 23 c
1405 951 167 73 1925]

210 1031 66 42 xii
301 1046 55 37 p.,
389 1032 15 40 1
457 1066 19 15 l.,
508 1030 162 44 15-207
698 1045 39 37 p.
802 1030 50 42 18
859 1032 44 17 cm
913 1064 6 8 .

141 1087 52 52 ©
225 1089 114 51 June
375 1088 61 49 18,
475 1086 103 44 1925;
638 1087 65 42 2c.
738 1087 86 42 and
857 1087 79 42 aff.
970 1087 115 51 June
1119 1086 52 42 30;
1231 1086 43 41 A
1310 1084 163 44 855705;
1540 1084 305 54 Swedenborg
1881 1086 99 52 pub.
2016 1101 117 29 assn.

214 1143 66 54 [©
314 1144 301 42 introduction
649 1143 86 42 and
769 1149 383 45 rearrangement]
1223 1140 271 55 (25-12049)

141 1229 136 71 Lee,
315 1230 151 56 Mrs.
507 1228 186 72 Mary
733 1226 331 57 Catherine
1112 1226 326 74 (Jenkins)

218 1310 59 55 A
314 1306 246 71 Quaker
596 1307 123 71 girl
755 1309 67 56 of
858 1307 369 72 Nantucket,
1263 1309 83 70 by
1382 1307 187 71 Mary
1607 1307 341 61 Catherine
1979 1310 153 70 Lee;

141 1387 150 57 with
331 1385 419 57 illustrations
796 1386 166 55 from
1009 1384 277 71 etchings
1332 1386 82 70 by
1454 1385 238 59 Kleber
1735 1387 165 55 Hall.
144 1388 1964 132 Boston

283 1467 122 55 and
438 1464 150 55 New
617 1463 190 69 York,
839 1462 343 71 Houghton
1215 1460 216 57 Mifflin
1465 1482 321 54 company,
1823 1465 165 56 1925.

211 1538 903 53 4 p. l., 320 p. front., plates. 20 cm .
213 1598 243 45 “Visitors’
487 1596 208 46 edition.”

143 1651 53 53 ©
226 1654 115 51 June
370 1651 37 52 5,
442 1650 129 52 1925;
603 1652 64 42 2c.
700 1651 86 42 and
816 1651 79 42 aff.
927 1651 114 51 June
1074 1650 49 51 8;
1158 1651 43 41 A
1233 1649 188 52 829576;
1458 1651 252 53 Houghton
1745 1652 165 44 Mifflin
1942 1669 65 27 co.
2084 1652 53 53 [©

215 1708 294 44 illustrations
548 1708 120 42 from
704 1706 217 52 etchings]
993 1705 271 55 (25-10770)

147 1793 294 72 Leighou,
483 1791 234 58 Robert
757 1789 349 72 Benjamin,
1153 1793 190 56 1882-

224 1870 358 71 Chemistry
640 1869 66 56 of
766 1867 404 73 engineering
1226 1868 345 73 materials,
1630 1872 84 71 by
1770 1872 239 58 Robert
2067 1874 72 57 B.

145 1946 1998 75 Leighou … 2d ed. New York [etc.] McGraw-Hill book
147 2045 321 53 company,
506 2025 136 70 inc.,
683 2026 164 55 1925.

216 2105 110 52 xvii,
368 2103 78 44 538
489 2119 38 37 p.
602 2103 128 49 illus.,
772 2102 167 53 diagrs.
1013 2103 25 41 21c
1092 2104 27 17 m
1127 2137 7 8 .
1218 2103 289 53 (Half-title:
1555 2106 329 45 International
1927 2109 216 44 chemical

150 2162 163 52 series)
434 2159 124 54 $4.00

220 2217 245 45 Published
501 2215 104 45 1917
642 2217 142 42 under
818 2216 121 43 title:
978 2215 260 54 Chemistry
1272 2217 51 44 of
1356 2217 228 46 materials
1622 2220 50 44 of
1706 2220 73 45 the
1816 2223 204 44 machine
2056 2226 88 42 and

149 2275 203 52 building
383 2274 253 48 industries.

148 2331 53 53 ©
232 2334 115 51 June
378 2332 37 49 8,
453 2330 103 44 1925;
615 2331 64 42 2c.
709 2331 115 51 June
859 2331 73 51 10;
968 2331 79 43 aff.
1079 2332 115 50 June
1230 2333 73 49 11;
1338 2333 43 41 A
1416 2332 188 54 855513;
1643 2335 347 46 McGraw-Hill
2025 2340 119 42 book

218 2404 78 36 co.,
332 2389 81 42 inc.
478 2386 65 54 [©
579 2386 194 44 revision
806 2388 86 41 and
925 2387 238 52 additions]
1234 2387 271 56 (25-11286)

151 2475 386 70 Liederman,
581 2471 186 58 Earle
810 2473 70 56 E.

210 2548 1935 82 Secrets of strength, by Earle Liederman … New York,
150 2631 72 56 E.
251 2629 375 57 Liederman
655 2656 14 44 [
672 2635 18 22 c
693 2627 166 73 1925]

220 2703 1239 55 2 p. l., [9]–218 p. front., illus. (ports.) 23½c m .
152 2763 53 53 ©
235 2765 113 51 May
378 2762 36 52 5,
447 2760 128 53 1925;
607 2762 64 42 2c.
700 2762 115 51 June
843 2762 51 50 8;
926 2761 78 42 aff.
1034 2762 116 51 June
1176 2762 49 51 6;
1258 2764 43 41 A
1331 2762 190 55 855492;
1554 2765 52 47 E.
1638 2765 52 48 E.
1721 2768 282 48 Liederman.

229 2818 270 56 (25-11131)

154 2903 410 70 Lindeström,
606 2903 184 56 Peter
830 2900 412 74 Märtensson,
1287 2906 357 57 1632-1691.

232 2979 398 74 Geographia
659 2979 326 57 Americae
1013 2979 151 57 with
1193 3000 81 37 an
1303 2985 258 54 account
1590 2986 67 56 of
1686 2985 104 58 the
1820 2987 327 61 Delaware

155 3059 278 72 Indians,
467 3059 193 59 based
694 3076 78 37 on
808 3075 260 53 surveys
1106 3059 123 56 and
1259 3062 180 55 notes
1473 3061 181 58 made
1688 3063 65 56 in
1789 3066 359 75 1654-1656,

154 3138 83 72 by
262 3138 188 56 Peter
477 3135 399 57 Lindeström;
934 3136 353 58 translated
1312 3137 168 57 from
1511 3138 99 58 the
1641 3141 270 74 original
159 3163 1967 123 manuscript

379 3215 150 56 with
555 3217 196 67 notes,
777 3212 424 58 introduction
1230 3216 123 56 and
1379 3235 79 38 an
1486 3220 315 68 appendix
1828 3223 68 56 of
1921 3224 229 59 Indian

157 3291 442 74 geographical
644 3310 212 38 names
903 3291 151 56 with
1099 3291 164 58 their
1306 3293 344 75 meanings,
1695 3298 84 72 by
1823 3299 325 62 Amandus

158 3368 1990 74 Johnson … Philadelphia, The Swedish colonial society,
160 3449 163 55 1925.

229 3526 110 51 xliv,
360 3524 81 44 418
463 3539 39 37 p.
562 3523 154 52 plates,
740 3532 151 43 ports.,
917 3523 95 44 fold.
1049 3538 139 40 maps,
1213 3524 197 44 facsims.
1438 3526 126 54 (part
1588 3529 134 54 fold.)
1789 3532 54 42 22½
1878 3535 46 17 cm
1931 3569 7 8 .

232 3580 350 53 Bibliography:
615 3595 39 37 p.
683 3580 204 45 291-298.

161 3637 52 53 ©
246 3640 111 50 May
386 3639 66 50 28,
486 3636 129 53 1925;
648 3637 63 43 2c.
744 3638 114 51 June
892 3637 73 51 10;
998 3637 78 43 aff.
1107 3638 116 51 June
1258 3638 74 51 11;
1366 3640 43 41 A
1441 3638 189 56 855514;
1664 3644 234 46 Amandus
1932 3649 217 51 Johnson,

232 3694 323 51 Philadelphia.
624 3691 268 56 (25-11200)

164 3766 167 70 Lotz,
371 3763 213 74 Philip
620 3764 232 72 Henry.

308 3841 1844 78 … Current week-day religious education, based on a
167 3938 228 52 survey
437 3917 67 58 of
544 3917 103 56 the
732 3917 96 57 field
871 3919 341 57 conducted
1252 3921 202 58 under
1493 3922 105 58 the
1643 3928 394 71 supervision
2086 3932 68 56 of

166 3998 101 57 the
306 3996 412 71 Department
758 3995 67 57 of
865 3993 298 72 religious
1204 3996 327 59 education
1572 4000 69 59 of
1678 4002 474 63 Northwestern
