2533 4412
1052 4030 111 51 345

136 390 269 73 [Adams,
443 392 176 61 Alice
655 393 195 75 Dana]
889 396 189 56 1864-

276 483 1853 76 … The. inclusive dictionary-concordance, combining in
133 579 35 37 a
198 561 196 71 single
427 561 417 70 alphabetical
871 565 442 69 arrangement
1344 581 35 37 a
1408 562 433 73 pronouncing
133 563 1969 145 dictionary

276 638 67 57 of
373 639 102 56 the
505 639 178 56 Bible;
747 659 35 37 a
813 640 415 56 concordance
1259 642 63 53 to
1356 639 104 57 the
1494 639 359 72 Scriptures;
1920 661 38 37 a
129 640 1973 146 subject
307 715 186 58 index

545 719 62 53 to
662 717 104 57 the
819 717 206 70 Bible;
1079 716 199 58 tables
1332 717 68 56 of
1451 717 380 72 chronology
1882 719 124 56 and
2057 718 69 57 of

131 793 259 72 weights
444 794 124 56 and
620 813 336 46 measures,
1009 797 131 70 etc.,
1195 794 286 71 together
1533 794 148 56 with
1735 814 35 37 a
1824 794 301 72 complete

132 870 192 59 series
379 871 67 58 of
495 891 178 52 maps
727 871 278 74 showing
1053 872 102 58 the
1207 871 178 59 Bible
1437 870 313 61 countries
1802 872 168 57 from
2021 872 104 59 the

130 948 253 58 earliest
409 949 181 57 times
620 952 62 54 to
711 950 102 57 the
842 951 142 57 date
1013 950 67 57 of
1106 951 103 56 the
1239 949 387 58 destruction
1654 950 68 57 of
1749 950 374 58 Jerusalem.

129 1026 130 58 One
290 1028 286 56 hundred
608 1028 122 57 and
764 1031 330 53 seventeen
1128 1026 436 58 illustrations.
1666 1026 458 73 Philadelphia,

128 1104 73 57 A.
231 1105 62 57 J.
326 1104 270 57 Holman
627 1123 306 52 company
964 1134 13 42 [
980 1113 20 21 c
1002 1105 162 72 1925]

201 1182 61 50 14,
295 1180 81 45 258
410 1196 39 37 p.
510 1180 128 53 illus.,
674 1196 138 38 maps.
875 1182 49 44 18
932 1184 47 18 cm
986 1216 9 9 .

197 1254 64 42 At
288 1252 117 45 head
429 1253 50 44 of
506 1249 96 49 title
619 1268 9 28 :
657 1253 202 43 Holman
886 1252 310 54 pronouncing
1221 1253 180 44 edition.

201 1310 144 43 “New
379 1309 215 53 practical
628 1325 159 28 course
824 1310 43 42 in
903 1310 129 44 Bible
1070 1311 184 51 reading
1292 1310 85 54 [by]
1416 1310 93 52 Jos.
1546 1310 57 42 V.
1643 1307 226 46 Collins”:
1911 1309 51 43 14
1996 1323 40 38 p.
2073 1317 44 36 at

126 1367 256 52 beginning.

128 1434 53 55 ©
210 1436 107 44 Feb.
351 1436 60 49 10,
445 1435 129 53 1925;
604 1436 63 45 2c.
699 1437 119 43 Mar.
852 1436 73 53 16;
956 1437 79 43 aff.
1065 1436 107 45 Feb.
1206 1438 74 51 19;
1312 1436 43 43 A
1384 1435 189 53 823141;
1606 1435 57 44 A.
1693 1436 40 53 J.
1763 1434 203 45 Holman
1995 1450 65 29 co.

206 1493 242 54 (25-7809)

126 1592 307 57 Alabama
465 1592 353 58 federation
851 1592 67 57 of
948 1591 198 58 music
1177 1591 189 58 clubs.

200 1683 265 57 Musical
493 1682 326 71 Alabama,
846 1683 214 57 issued
1086 1683 83 71 by
1195 1682 103 57 the
1329 1681 307 58 Alabama
1662 1681 358 58 federation
2050 1681 67 58 of

118 1759 1997 74 music clubs … [Montgomery, Ala., The Paragon press,
120 1847 18 21 c
142 1840 163 72 1925]

202 1915 1229 55 1 p. l., [5]-177, [3] p. illus. (incl. ports.) 23 cm .
202 1985 233 56 Compiled
462 1988 55 52 by
544 1987 185 44 Martha
756 1986 49 44 F.
835 1986 215 44 Thomas.

123 2056 55 54 ©
211 2056 106 45 Feb.
350 2056 66 53 25,
453 2056 129 52 1925;
616 2057 66 44 2c.
716 2058 88 42 and
838 2057 78 43 aff.
952 2055 106 45 Feb.
1091 2056 79 52 28;
1209 2056 43 42 A
1286 2056 189 52 823363;
1514 2056 227 43 Alabama
1774 2055 254 44 federation
2063 2056 50 44 of

194 2114 143 43 music
370 2113 137 53 clubs,
546 2113 164 52 Selma,
745 2113 103 42 Ala.
918 2110 242 56 (25-7894)

121 2212 235 73 Bailey,
393 2212 258 74 Liberty
686 2213 199 72 Hyde,
924 2215 188 56 1858-

198 2303 129 59 The
358 2304 310 71 gardener;
731 2323 35 37 a
795 2303 158 57 book
986 2302 67 57 of
1079 2301 169 58 brief
1278 2302 338 57 directions
1647 2302 103 57 for
1780 2303 105 57 the
119 2321 1971 132 growing
264 2381 67 56 of
365 2381 104 57 the

506 2399 278 38 common
819 2380 213 72 fruits,
1071 2379 356 73 vegetables
1468 2381 124 56 and
1626 2379 239 58 flowers
1903 2380 66 56 in
2008 2381 103 57 the

120 2459 237 71 garden
385 2460 122 55 and
535 2459 189 56 about
752 2459 104 56 the
883 2458 211 72 house,
1121 2458 84 71 by
1231 2457 67 57 L.
1329 2457 79 58 H.
1436 2456 239 73 Bailey.
1743 2457 151 58 New
1919 2458 192 72 York,

120 2537 128 56 The
276 2536 358 57 Macmillan
665 2554 321 58 company,
1015 2537 165 56 1925.

194 2616 78 52 xii,
298 2615 79 45 260
404 2631 40 38 p.
505 2615 149 52 front.,
681 2614 128 53 illus.,
836 2615 155 54 plates.
1051 2614 52 44 20
1111 2616 47 19 cm
1164 2650 9 9 .

199 2682 1916 55 A revision of “The amateur’s practical garden-book … By C. E. Hunn
124 2744 88 42 and
239 2743 49 43 L.
316 2743 61 42 H.
405 2741 198 53 Bailey”,
628 2741 233 53 published
888 2740 117 46 1900.

119 2810 55 54 ©
201 2812 117 42 Mar.
345 2812 64 50 31,
440 2810 128 53 1925;
596 2812 64 42 2c.
687 2812 88 42 and
800 2811 78 42 aff.
904 2810 113 52 Apr.
1049 2811 45 51 1;
1123 2810 43 42 A
1193 2808 189 53 822700;
1412 2808 266 44 Macmillan
1705 2824 64 28 co.

201 2867 241 54 (25-7839)

118 2965 320 72 Berridge,
476 2965 282 60 William
790 2966 259 56 Arthur.

196 3059 394 74 Purchasing
615 3079 211 53 power
857 3062 67 57 of
951 3061 104 58 the
1086 3076 324 41 consumer;
1473 3080 35 37 a
1540 3056 337 59 statistical
1904 3057 206 70 index,

121 3133 1989 78 by William A. Berridge … Emma A. Winslow … Richard
118 3214 1959 75 A. Flinn … Chicago & New York, A. W. Shaw company;
122 3297 148 70 [etc.,
303 3298 127 68 etc.]
467 3294 164 59 1925.

284 3371 912 54 xxv p. tables (2 fold.) diagrs. 21 cm .
189 3442 124 45 “The
342 3443 41 53 J.
415 3443 179 43 Walter
623 3442 266 51 Thompson
919 3457 223 39 company
1171 3439 125 55 prize
1326 3443 180 43 awards
1535 3443 74 44 for
1639 3456 152 38 essays
1820 3457 61 29 on
1898 3457 9 29 :
1941 3443 44 41 A
117 3449 1969 97 statistical
308 3501 135 44 index
467 3500 51 44 of
543 3500 74 43 the

643 3499 274 53 purchasing
942 3513 154 39 power
1120 3500 54 45 of
1200 3513 259 30 consumers
1484 3499 47 44 in
1557 3500 75 43 the
1660 3497 172 46 United
1861 3498 191 47 States.”

190 3557 353 52 Bibliography:
571 3572 40 37 p.
640 3557 134 43 81-83
804 3559 87 42 and
918 3572 40 36 p.
984 3554 206 46 261-265.

513 3613 75 43 CONTENTS.—An
621 3613 136 43 index
790 3613 51 43 of
872 3612 74 45 the
979 3611 199 46 incomes
1213 3613 53 43 of
1297 3611 178 54 factory
1505 3614 205 43 workers
1745 3614 45 43 in
1824 3613 75 45 the
1931 3613 174 46 United

122 3671 161 49 States,
312 3671 59 51 by
400 3670 76 44 W.
504 3669 58 45 A.
593 3669 639 53 Berridge.—Contributions
1263 3669 124 44 from
1415 3667 170 56 budget
1615 3670 170 46 studies
1816 3680 46 36 to
1895 3673 74 43 the
119 3687 1967 86 construction
379 3726 48 45 of
464 3742 27 28 a

525 3725 237 45 statistical
799 3725 136 46 index
973 3727 49 43 of
1059 3726 75 44 the
1169 3725 274 54 purchasing
1479 3742 152 38 power
1666 3727 57 45 of
1761 3743 260 31 consumers
2060 3730 46 43 in

116 3786 74 44 the
221 3785 172 45 United
427 3783 163 51 States,
622 3785 58 52 by
714 3783 161 46 Emma
908 3785 57 42 A.
998 3783 345 45 Winslow.—A
1377 3783 240 47 statistical
1650 3786 136 45 index
1815 3787 49 46 of
1896 3787 75 46 the
117 3803 1966 93 purchasing

339 3856 152 39 power
528 3841 51 43 of
611 3856 258 30 consumers
907 3840 46 43 in
988 3841 73 44 the
1095 3840 171 45 United
1302 3840 166 54 States,
1500 3844 59 51 by
1594 3844 55 43 R.
1685 3845 59 43 A.
1781 3844 148 46 Flinn.

116 3909 53 55 ©
199 3911 118 43 Mar.
345 3910 68 51 23,
446 3907 129 54 1925;
602 3909 65 44 2c.
699 3909 117 44 Mar.
846 3908 77 53 27;
954 3908 78 44 aff.
1064 3908 119 44 Mar.
1212 3908 77 53 28;
1323 3910 44 43 A
1395 3909 189 57 823557;
1618 3913 56 46 A.
1706 3914 75 44 W.
1815 3912 135 49 Shaw
1981 3929 65 30 co.

195 3965 241 53 (25-7899)
