2533 4412
1310 4107 75 55 20

351 533 2012 77 menus, by Eugene Christian … New York, The Health
354 613 239 57 culture
627 632 323 52 company,
985 613 165 56 1924.

423 690 618 53 3 p. l., [9]-246 p. 19 cm .
423 747 196 44 Preface
651 748 181 52 signed:
867 746 187 54 Eugene
1090 746 252 66 Christian,.
1367 746 162 44 Mollie
1563 746 228 46 Griswold
1827 748 242 46 Christian.
2133 750 105 45 1904
353 750 1987 99 edition
477 805 61 52 by

567 806 91 43 Mr.
689 805 88 43 and
807 805 115 43 Mrs.
954 803 186 53 Eugene
1173 802 242 45 Christian.

351 858 2008 58 © May 1, 1924; 1c. Aug. 14; 1c. Jan. 9, 1925; aff. Mar. 5; A 814611; E.
424 916 1624 57 Christian, ℅ Health culture magazine, New York (25-1123)
354 1018 242 73 Clarke,
639 1019 314 59 Crichton.

431 1111 215 58 Fields
688 1110 68 58 of
794 1110 196 72 faith;
1034 1129 36 39 a
1111 1110 190 73 study
1337 1111 68 57 in
1445 1110 432 73 comparative
1919 1111 320 73 religions,
2281 1114 82 71 by

357 1188 2004 76 Crichton Clarke … New York, Macoy publishing co.
354 1297 14 44 [
369 1276 20 23 c
392 1268 167 73 1924]

422 1346 519 53 6 p. l., 64 p. 23½ cm .
421 1404 57 43 In
509 1417 149 31 verse.

423 1460 212 47 “Second
663 1460 93 45 and
783 1460 184 45 revised
994 1460 216 46 edition.”

347 1517 56 54 ©
431 1518 102 45 Oct.
560 1518 67 52 30,
657 1519 106 43 1924;
815 1520 66 42 2c.
911 1520 110 41 Dec.
1053 1519 73 51 18;
1158 1518 78 45 aff.
1265 1520 100 51 Jan.
1398 1518 63 53 16,
1492 1518 131 54 1925;
1652 1521 44 42 A
1723 1519 191 53 815740;
1948 1522 167 52 Macoy
2143 1523 101 50 pub.
2274 1522 88 43 and

420 1576 202 43 masonic
647 1576 160 52 supply
831 1591 65 28 co.
954 1574 67 55 [©
1045 1593 27 27 a
1094 1576 322 53 creed-prayer
1439 1576 50 44 of
1514 1576 206 52 spiritual
1747 1578 231 43 evolution
2002 1578 87 43 and
2113 1579 245 53 foreword]

429 1632 244 55 (25-2373)

353 1733 286 72 Cocteau,
681 1734 178 72 Jean,
900 1737 193 56 1891-

429 1825 272 57 Thomas
733 1826 104 58 the
868 1825 340 72 impostor;
1241 1848 36 37 a
1309 1828 178 69 story
1513 1827 83 69 by
1624 1826 165 58 Jean
1821 1824 302 74 Cocteau;
350 1830 1984 131 translated
568 1905 166 56 from
784 1904 104 57 the

936 1904 248 56 French
1230 1903 153 57 with
1430 1923 79 38 an
1555 1904 428 58 introduction
2030 1905 82 72 by
2157 1904 202 58 Lewis

351 1981 379 61 Galantière.
815 1982 152 57 New
1002 1982 174 58 York
1215 1985 147 71 [etc.]
1401 1981 74 58 D.
1515 1982 322 72 Appleton
1873 1983 125 58 and
2034 2001 324 55 company,

348 2062 170 56 1925.

419 2137 631 55 x p., 1 l., 154 p. 19½ cm .
345 2195 57 53 ©
460 2210 69 29 Jan.
556 2197 53 43 23,
655 2196 131 53 1925;
814 2197 65 43 2c.
907 2197 87 43 and
1022 2195 78 44 aff.
1128 2197 100 52 Jan.
1257 2195 79 52 28;
1368 2197 43 42 A
1440 2194 190 53 814799;
1663 2196 56 42 D.
1750 2195 227 53 Appleton
2008 2196 36 43 &
2073 2211 65 28 co.

427 2253 244 52 (25-2660)

351 2354 311 71 Coleman,
700 2353 342 74 Algernon,
1084 2356 191 56 1876-

425 2430 1937 74 Intermediate French, by Algernon Coleman … New
348 2510 189 72 York,
574 2511 80 56 H.
691 2511 159 56 Holt
883 2511 124 57 and
1043 2529 264 52 company
1391 2540 12 42 [
1404 2517 20 22 c
1427 2511 165 73 1924]

455 2624 7 15 x,
495 2588 83 45 330
607 2603 40 38 p.
712 2587 49 45 19½
798 2590 46 18 cm
852 2625 8 7 .

348 2643 53 53 ©
428 2646 108 41 Dec.
566 2646 62 49 12,
660 2645 129 51 1924;
817 2645 64 43 2c.
908 2645 110 43 Dec.
1044 2645 78 49 30;
1151 2644 78 43 aff.
1256 2645 100 52 Jan.
1381 2644 39 51 2,
1450 2642 130 53 1925;
1609 2643 43 43 A
1676 2643 192 52 814496;
1897 2644 132 43 Henry
2087 2643 117 44 Holt
2230 2645 37 42 &
2292 2659 65 28 co.

427 2701 216 54 (25-733)

351 2788 189 72 Conn,
583 2789 274 58 Herbert
892 2788 299 71 William,
1231 2789 362 57 1859-1917.

426 2879 464 73 Bacteriology.
975 2880 78 57 2d
1080 2879 92 57 ed.
1255 2879 60 56 A
1343 2878 187 71 study
1560 2877 69 59 of
1653 2877 555 73 microörganisms
2238 2879 123 58 and

350 2957 165 59 their
544 2957 271 58 relation
842 2961 64 54 to
934 2959 232 56 human
1192 2956 279 72 welfare,
1500 2954 360 75 discussing
1885 2955 106 58 the
2016 2954 251 74 history
2293 2956 69 59 of

348 3035 446 72 bacteriology,
821 3036 103 57 the
950 3039 225 54 nature
1204 3033 67 59 of
1293 3033 577 72 microorganisms,
1897 3030 125 64 and
2045 3033 166 60 their
349 3034 1989 138 significance
683 3114 66 56 in
786 3113 365 58 connection

350 3110 2007 153 with pathology, hygiene, agriculture and the industries, by H. W. Conn … and Harold J.
354 3268 2003 73 Conn … Baltimore, Williams & Wilkins company, 1924.
418 3345 1403 57 2 p. l., 449 p. illus., ports., fold, tab., diagrs. 23½ cm .
422 3405 336 54 Bibliography
782 3413 46 37 at
855 3406 88 43 end
971 3406 54 44 of
1053 3419 127 30 some
1206 3405 54 43 of
1289 3404 77 45 the
1391 3403 226 53 chapters.

344 3461 56 54 ©
431 3464 108 42 Dec.
571 3462 63 53 15,
665 3463 130 51 1924;
825 3464 64 42 2c.
918 3463 88 43 and
1033 3463 79 43 aff.
1142 3463 99 52 Jan.
1270 3460 67 53 27,
1371 3460 129 53 1925;
1531 3462 45 42 A
1606 3460 189 50 815756;
1828 3460 231 45 Williams
2088 3462 38 43 &
2155 3461 201 45 Wilkins

418 3534 65 28 co.
541 3517 67 55 [©
635 3534 101 28 new
763 3519 298 43 illustrations
1089 3520 87 42 and
1201 3534 99 27 new
1326 3525 99 36 text
1450 3526 178 44 matter]
1696 3518 243 54 (25-2681)

351 3607 184 71 Cook,
577 3606 284 60 William
900 3606 262 71 Wilson,
1208 3608 189 57 1858-

427 3697 129 57 The
583 3697 344 71 principles
955 3697 67 57 of
1050 3696 403 72 corporation
1481 3696 136 65 law,
1643 3697 84 70 by
1751 3696 280 58 William
2055 3695 96 58 W.
2185 3694 171 60 Cook

416 3774 1937 74 … Ann Arbor, Mich., The Lawyers club, University of
349 3854 336 73 Michigan,
714 3855 167 56 1925.

424 3936 109 49 xliv,
560 3932 80 46 815
667 3949 40 37 p.
768 3933 54 43 26
827 3935 47 17 cm
882 3968 7 7 .

345 3988 56 54 ©
425 3991 100 51 Jan.
557 3990 64 51 13,
648 3988 130 53 1925;
804 3990 66 42 2c.
897 3989 87 43 and
1010 3989 79 43 aff.
1115 3990 100 52 Jan.
1245 3988 74 53 17;
1347 3989 44 42 A
1417 3987 190 53 815650;
1635 3989 76 43 W.
1738 3990 75 43 W.
1843 3987 141 53 Cook,
2012 3989 116 43 New
2156 3990 143 42 York.

427 4046 243 55 (25-2295)
