2533 4412
1279 4063 149 57 1312

415 476 52 44 68
494 491 39 38 p.
565 475 100 44 incl.
696 477 89 42 tab.
847 484 129 44 port.,
1007 477 143 52 diagr.
1215 476 50 44 18½
1300 478 47 17 cm
1354 512 8 7 .

415 532 153 45 “First
594 534 186 51 edition,
807 533 185 52 August
1022 534 132 51 1924;
1185 533 123 44 third
1335 533 182 52 edition,
1543 534 185 52 August
1759 532 146 45 1925.”

346 588 53 53 ©
427 589 121 52 Sept.
578 590 63 50 11,
670 588 131 52 1925;
828 590 64 42 2c.
919 590 88 42 and
1031 590 79 43 aff.
1140 588 121 54 Sept.
1293 589 73 52 16;
1396 591 45 41 A
1468 589 191 53 868133;
1691 590 51 44 G.
1771 589 52 48 E.
1852 590 188 44 Keefer.

425 644 272 56 (25-22471)

347 745 381 74 Kilpatrick,
768 746 285 59 William
1091 747 233 72 Heard,
1366 749 148 57 1871–

425 838 293 73 Syllabus
750 838 67 58 in
849 839 104 58 the
984 839 383 74 philosophy
1400 839 69 59 of
1502 839 361 73 education;
1896 839 323 74 questions
2254 841 106 58 for

345 917 374 72 discussion,
764 917 152 59 with
963 919 265 72 reading
1274 918 358 58 references
1681 919 127 57 and
1849 918 204 72 topics
2101 919 104 57 for
345 937 1990 132 papers,

549 995 1810 74 by William Heard Kilpatrick … designed for use
344 1075 66 57 in
445 1075 106 61 the
589 1075 234 58 classes
857 1075 66 56 in
959 1075 106 59 the
1101 1075 381 71 philosophy
1518 1076 68 56 of
1623 1074 332 59 education
2000 1075 361 72 (education

345 1152 313 59 203V-4V
701 1154 124 57 and
872 1153 331 58 education
1247 1152 339 73 303V-4V)
1638 1152 66 58 in
1751 1151 310 60 Teachers
2108 1152 251 74 college,

348 1230 2014 73 Columbia university … Revision of 1925. New York
345 1311 145 72 city,
528 1311 311 57 Teachers
876 1310 250 72 college,
1163 1308 326 59 Columbia
1520 1308 374 73 university,
1929 1310 166 56 1925.

416 1386 1530 55 3 p. l., 3-136 p. 23 cm . (Teachers college syllabi, no. 10)
419 1446 281 45 “Reference
727 1444 199 46 books”:
961 1460 39 38 p.
1033 1443 104 53 5-9;
1173 1443 331 55 Bibliography
1535 1452 46 36 at
1614 1445 86 44 end
1730 1444 49 45 of
1808 1444 109 45 each
1946 1443 133 55 topic.

346 1504 53 53 ©
436 1504 123 53 Sept.
592 1502 68 54 25,
697 1501 129 53 1925;
862 1504 66 43 2c.
965 1502 120 52 Sept.
1120 1503 77 51 30;
1233 1503 79 43 aff.
1349 1502 102 44 Oct.
1487 1502 48 52 6;
1573 1503 43 41 A
1649 1502 191 52 869183;
1876 1503 75 44 W.
1988 1503 61 42 H.
2084 1501 272 53 Kilpatrick,

418 1562 120 43 New
571 1561 144 43 York.
786 1558 272 56 (25-22343)

348 1662 267 72 Larned,
653 1660 284 61 William
974 1659 426 75 Trowbridge.

421 1754 302 71 Reynard
760 1753 105 57 the
901 1752 132 73 fox,
1073 1753 125 56 and
1235 1751 180 58 other
1452 1751 237 71 fables;
1730 1751 277 72 adapted
2041 1750 169 58 from
2249 1751 105 57 the

344 1831 246 58 French
627 1831 68 57 of
730 1831 93 57 La
859 1830 332 72 Fontaine,
1226 1829 256 58 written
1516 1830 84 72 by
1633 1829 98 59 W.
1770 1830 68 56 T.
1876 1828 271 73 Larned,
345 1828 1985 140 illustrated

603 1911 83 71 by
729 1908 171 60 John
945 1910 150 56 Rae.
1182 1907 216 74 Joliet,
1445 1908 117 73 Ill.,
1607 1908 153 57 New
1804 1907 175 58 York
2023 1910 149 72 [etc.]
2224 1907 131 57 The

343 1990 69 58 P.
442 1989 71 58 F.
541 1988 275 59 Volland
843 2006 309 54 company
1182 2018 12 44 [
1197 1995 19 22 c
1220 1987 164 73 1925]

417 2070 80 47 [94]
528 2085 40 38 p.
630 2068 82 46 col.
741 2067 116 45 illus.
918 2069 52 43 23
980 2071 46 17 cm
1033 2102 8 8 .

348 2126 53 53 ©
433 2127 120 52 Aug.
587 2127 64 49 31,
691 2123 129 53 1925;
853 2125 65 42 2c.
953 2125 87 42 and
1072 2124 79 43 aff.
1187 2124 101 43 Oct.
1327 2122 73 52 16;
1436 2123 44 42 A
1514 2123 191 51 869841.;
1744 2124 50 41 P.
1830 2121 50 44 F.
1915 2122 201 44 Volland
2149 2137 65 28 co.

427 2181 272 57 (25-22397)

348 2284 211 71 Lentz,
598 2282 306 72 Bernard,
945 2284 190 57 1881-

428 2379 129 58 The
590 2378 266 57 cadence
891 2380 238 68 system
1159 2376 67 59 of
1257 2377 164 56 close
1451 2376 187 58 order
1671 2372 149 58 drill
1859 2370 281 75 (revised
2168 2371 65 57 in
348 2392 1989 123 accordance

704 2455 152 58 with
907 2456 191 57 latest
1150 2454 283 71 training
1485 2450 391 75 regulations
1932 2452 125 57 and
347 2451 1985 142 amendments

596 2529 1762 76 thereto) by Major Bernard Lentz … Menasha,
349 2612 175 73 Wis.,
578 2612 244 73 George
873 2612 210 59 Banta
1130 2608 368 76 publishing
1545 2627 308 55 company
1905 2638 12 43 [
1918 2614 18 23 c
1941 2607 166 73 1925]

418 2688 916 55 3 p. l., 145 p. illus., diagrs. 19 cm .
419 2748 177 47 “Third
625 2747 213 47 edition.”

349 2801 53 53 ©
432 2803 102 44 Oct.
563 2802 39 52 6,
633 2800 130 53 1925;
793 2801 65 43 2c.
890 2801 101 44 Oct.
1025 2799 74 53 17;
1130 2800 79 43 aff.
1241 2800 103 44 Oct.
1377 2798 74 53 16;
1481 2799 44 42 A
1555 2796 190 54 869548;
1778 2797 179 53 George
1987 2798 149 43 Banta
2161 2797 102 52 pub.
2291 2810 67 30 co.

429 2857 272 57 (25-22577)

351 2959 224 74 Liddy,
611 2959 286 60 William
929 2958 49 57 L
1295 2957 360 58 1887-1924.

429 3050 496 70 Shakespeare’s
965 3048 120 72 key
1121 3050 64 55 to
1225 3047 103 58 the
1364 3047 234 57 human
1633 3045 203 71 heart,
1873 3046 85 70 by
1990 3044 176 72 Very
2202 3044 151 58 Rev.

348 3122 2010 80 Msgr. Wm. L. Liddy, PH. L. [Chicago, Paul H. Fieberg
348 3227 108 54 co.,
480 3216 19 21 c
503 3208 150 56 1925]

417 3283 817 57 23, [1] p. illus. (port.) 17½cm.
351 3343 53 53 ©
440 3343 120 53 Sept.
594 3342 36 52 7,
667 3341 130 52 1925;
830 3343 65 42 2c.
927 3343 88 42 and
1046 3342 78 43 aff.
1159 3341 102 44 Oct.
1298 3341 73 51 19;
1407 3340 45 42 A
1483 3338 190 53 869604;
1708 3337 210 46 William
1950 3336 50 44 F.
2037 3337 182 49 Owens,
422 3335 1915 118 Chicago.

618 3398 271 55 (25-22486)

353 3485 358 73 Lilienthal,
752 3486 296 71 Howard,
1089 3486 191 57 1861-

430 3578 306 57 Thoracic
780 3597 286 54 surgery,
1113 3578 104 57 the
1266 3577 273 72 surgical
1585 3577 341 56 treatment
1971 3571 67 59 of
2084 3569 277 60 thoracic

352 3646 2007 82 disease, by Howard Lilienthal … with 904 illustrations,
353 3737 71 56 13
458 3734 65 58 in
555 3735 219 58 colors.
859 3733 443 73 Philadelphia
1335 3737 124 58 and
1488 3731 280 70 London,
1802 3728 94 59 W.
1932 3728 71 57 B.
2040 3725 319 61 Saunders

352 3833 324 53 company,
707 3814 166 55 1925.

422 3886 1260 57 2 v. col. front., illus., col. plates, diagrs. 25 cm .
353 3947 53 53 ©
437 3949 100 44 Oct.
569 3949 67 49 29,
669 3947 128 51 1925;
829 3949 65 42 2c.
925 3948 108 43 each
1065 3948 118 43 Nov.
1216 3946 48 53 5;
1297 3947 78 43 aff.
1409 3947 119 42 Nov.
1559 3947 49 48 9;
1642 3945 44 42 A
1716 3943 188 50 869924;
1938 3942 74 43 W.
2046 3941 50 41 B.
2132 3936 225 48 Saunders

424 4020 64 28 co.
559 4004 271 56 (25-22503)
