2533 4412
1116 4111 109 56 579

169 452 233 73 Dodge,
436 455 153 57 Mrs.
626 453 186 72 Mary
853 451 275 73 (Mapes)
1176 452 357 57 1838-1905.

246 544 177 56 Hans
461 542 300 70 Brinker;
802 562 88 51 or,
931 543 127 55 The
1101 541 188 57 silver
1330 541 227 71 skates,
1594 541 82 70 by
1715 540 186 72 Mary
1939 541 221 71 Mapes

169 617 1994 76 Dodge; edited by Ruth Ewing Hilpert … illustrated by
173 697 186 59 Clara
387 698 82 56 M.
496 697 192 57 Burd.
772 697 456 70 Philadelphia,
1259 695 268 73 Chicago
1560 698 146 70 [etc.]
1739 696 129 57 The
1896 696 168 58 John
2095 695 64 59 C.

168 776 292 57 Winston
490 793 306 52 company
830 803 12 44 [
843 784 19 21 c
866 775 163 73 1925]

238 852 90 52 xiv,
358 850 78 46 325
465 867 40 38 p.
564 852 82 44 col.
676 851 151 52 front.,
858 851 128 53 illus.,
1015 849 80 47 col.
1124 850 154 53 plates.
1337 850 50 43 21
1398 852 46 17 cm
1451 885 8 8 .

169 904 53 58 ©
253 911 111 51 May
395 908 36 53 5,
465 908 127 52 1925;
625 910 63 42 2c.
718 910 86 42 and
834 911 77 41 aff.
943 910 111 50 May
1081 909 78 51 29;
1191 909 43 41 A
1263 905 190 54 855423;
1487 907 119 53 John
1639 906 47 45 C.
1720 907 213 45 Winston
1964 923 65 28 co.
2094 904 66 55 [©

240 966 301 43 introduction
569 966 59 51 by
659 965 122 43 Ruth
810 965 166 52 Ewing-
1005 964 181 52 Hilpert
1216 965 86 42 and
1333 964 296 42 illustrations
1659 965 58 51 by
1749 963 136 44 Clara
1918 964 65 42 M.
2019 963 138 53 Burd]

248 1020 269 56 (25-10421)

172 1121 213 71 Ferry,
426 1119 198 58 Ervin
661 1118 252 74 Sidney,
954 1122 188 56 1868-

248 1208 267 58 General
561 1207 251 71 physics
861 1209 122 55 and
1029 1206 82 58 its
1160 1206 384 71 application
1590 1209 63 54 to
1700 1205 295 73 industry
2041 1206 123 57 and

172 1284 1993 73 everyday life, by Ervin S. Ferry … 2d ed., rev., total
171 1363 184 73 issue,
394 1366 330 54 seventeen
758 1362 328 56 thousand.
1170 1362 150 56 New
1353 1361 188 67 York,
1579 1361 59 58 J.
1676 1361 207 69 Wiley
1916 1360 48 59 &
1999 1380 164 52 sons,

169 1441 115 58 inc.;
359 1444 148 69 [etc.,
544 1443 128 68 etc.]
711 1440 164 57 1925.

239 1515 1373 56 2 p. l., iii-xix, 807 p. illus., diagrs. 20½ cm . $4.00
170 1574 53 54 ©
256 1578 111 50 May
397 1576 65 48 20,
498 1574 129 53 1925;
660 1576 64 42 2c.
757 1576 86 42 and
876 1575 78 43 aff.
990 1575 108 51 May
1133 1575 76 51 28;
1246 1576 43 41 A
1322 1573 189 53 829425;
1549 1573 41 47 E
1622 1573 60 47 .S.
1715 1573 158 53 Ferry,
1908 1573 251 52 Lafayette,

242 1633 94 42 Ind.
406 1630 269 56 (25-10448)

172 1732 237 70 Foster,
451 1730 233 58 Robert
724 1728 354 70 Frederick,
1122 1733 189 55 1853-

248 1823 287 56 Foster’s
572 1822 260 56 modern
864 1820 220 72 bridge
1122 1819 238 73 tactics,
1400 1842 35 36 a
1473 1821 300 71 complete
1815 1821 351 72 exposition

172 1901 66 56 of
270 1900 103 57 the
406 1901 188 56 latest
626 1899 272 56 theories
933 1898 66 58 of
1030 1896 326 60 four-card
1391 1898 124 58 suit
1545 1898 159 71 bids,
1737 1899 430 72 approaching

170 1977 158 73 bids,
362 1978 123 55 and
517 1977 123 57 suit
672 1976 424 71 distribution,
1127 1976 289 73 together
1444 1977 150 56 with
1626 1995 79 39 an
1737 1977 266 72 entirely
2032 1996 135 39 new

172 2057 224 70 theory
429 2057 69 56 of
534 2055 103 58 the
673 2059 409 66 no-trumper,
1119 2055 358 57 illustrated
1515 2055 150 56 with
1703 2056 108 56 200
1850 2056 314 71 examples

171 2132 1994 72 from actual play, by R. F. Foster … New York, Dodd,
173 2212 186 57 Mead
390 2212 124 56 and
545 2230 320 52 company,
900 2211 164 59 1925.

271 2285 1002 57 v p., 1 l., 279.p. illus. 19½cm. $2.00
171 2344 54 53 ©
253 2347 111 51 May
387 2347 67 48 23,
487 2344 128 49 1925;
642 2346 65 42 2c.
735 2346 112 51 May
872 2345 78 51 29;
979 2345 79 42 aff.
1086 2345 111 52 May
1221 2345 79 50 28;
1330 2344 42 42 A
1401 2344 187 51 829432;
1619 2345 53 42 R.
1702 2343 49 44 F.
1781 2343 174 54 Foster,
242 2345 1900 109 Brooklyn.
398 2400 269 55 (25-10442)

172 2488 236 70 Fuqua,
449 2486 215 57 Isham
701 2486 81 58 W
1091 2488 190 56 1879-

247 2578 232 58 Before
504 2578 123 57 and
651 2576 169 59 after
839 2576 224 73 Adam,
1085 2576 83 72 by
1188 2576 49 56 I.
1262 2576 96 58 W.
1385 2576 237 72 Fuqua.
1723 2575 124 59 [Los
1871 2577 294 73 Angeles,

174 2656 466 57 Times-mirror
665 2654 286 73 printing
975 2655 48 56 &
1047 2654 261 73 binding
1332 2653 212 72 house,
1570 2665 18 20 c
1592 2655 163 71 1925]

243 2735 53 42 39
329 2749 39 37 p.
432 2733 50 43 16
488 2735 46 17 cm
541 2769 8 8 .

173 2788 53 54 ©
258 2791 118 42 Mar.
411 2791 63 51 10,
509 2788 129 53 1925;
669 2790 65 43 2c.
767 2791 86 42 and
885 2790 78 42 aff.
997 2790 119 42 Mar.
1153 2789 73 52 16;
1262 2790 43 41 A
1338 2789 189 51 822439;
1563 2789 35 42 I.
1631 2789 74 44 W.
1739 2787 171 55 Fuqua,
1942 2790 91 46 Los
243 2788 1898 111 Angeles.
448 2844 269 55 (25-10422)

176 2930 370 71 Hammann,
588 2931 162 69 Otto,
791 2932 188 55 1852-

247 3019 311 57 Deutsche
596 3018 386 72 weltpolitik,
1025 3018 358 72 1890-1912,
1419 3037 123 38 von
1584 3018 145 58 Otto
1771 3019 388 73 Hammann;

171 3097 115 57 mit
314 3098 71 55 20
410 3096 349 57 bildtafeln.
826 3096 233 72 Berlin,
1089 3097 71 55 R.
1190 3095 310 73 Hobbing,
1532 3097 163 55 1925.

250 3176 60 52 ix,
399 3211 7 15 [1],
432 3175 82 44 240
542 3190 38 37 p.
640 3174 53 43 20
721 3189 56 38 pl.
805 3173 125 55 (incl.
961 3173 162 54 front.)
1191 3175 149 43 23½cm.

174 3228 1790 56 © Jan. 1, 1925; 1c. Mar. 19; A—Foreign 27452; Reimar Hobbing.
253 3286 268 55 (25-10479)

176 3373 178 71 Hess,
392 3370 216 73 Fjeril.

251 3462 173 72 High
449 3462 341 57 adventure;
853 3482 35 36 a
918 3466 176 67 story
1119 3461 66 57 of
1215 3459 209 59 Slavic
1446 3459 288 72 pioneers
1762 3462 65 56 in
1853 3462 309 74 America,

174 3541 83 71 by
280 3540 204 71 Fjeril
507 3539 163 57 Hess;
725 3540 151 56 with
901 3539 314 71 drawings
1239 3538 83 70 by
1346 3538 103 59 the
1475 3538 241 57 author.
1800 3539 151 58 New
1975 3539 189 72 York,

178 3616 253 59 Council
459 3616 66 57 of
549 3635 235 39 women
809 3617 104 56 for
938 3617 178 56 home
1141 3615 293 57 missions
1463 3616 123 56 and
1610 3616 387 73 Missionary
177 3619 1964 133 education

408 3696 350 54 movement
788 3726 12 42 [
801 3704 19 21 c
825 3694 163 72 1925]

250 3771 77 44 160
357 3788 39 37 p.
457 3770 115 45 illus.
636 3771 48 44 19½
719 3773 46 18 cm
771 3806 9 8 .

247 3830 134 51 Maps
413 3844 56 28 on
501 3827 338 53 lining-papers.

248 3883 404 54 “Supplementary
682 3884 188 52 reading
898 3883 102 44 list”:
1059 3898 39 37 p.
1135 3882 90 44 160.

177 3939 53 54 ©
267 3942 112 51 May
417 3942 32 46 1,
489 3939 103 44 1925;
657 3941 63 42 2c.
756 3942 85 42 and
878 3942 78 42 aff.
994 3942 111 50 May
1140 3940 55 41 22;
1257 3940 43 41 A
1336 3937 163 47 855325;
1566 3938 186 46 Council
1790 3941 50 43 of
1874 3956 175 29 women
2088 3941 76 43 for

247 3997 131 43 home
416 3997 208 42 missions
666 3998 85 42 and
793 3997 278 49 Missionary
1112 3995 234 43 education
1384 4005 255 35 movement
1679 3997 51 43 of
1770 3998 73 43 the
1884 3999 59 42 U.
1988 3996 44 46 S.
2076 3998 87 43 and

0 0 0 0 Canada, New York. (25-10427)
