<alto xmlns="http://www.loc.gov/standards/alto/ns-v3#" xmlns:xlink="http://www.w3.org/1999/xlink" xmlns:xsi="http://www.w3.org/2001/XMLSchema-instance" xsi:schemaLocation="http://www.loc.gov/standards/alto/ns-v3# http://www.loc.gov/alto/v3/alto-3-0.xsd"><Description>
<MeasurementUnit>pixel</MeasurementUnit>
<sourceImageInformation>
<fileName>1925_v22_Part001.pdf</fileName>
</sourceImageInformation>
<OCRProcessing ID="IdOcr">
<ocrProcessingStep>
<processingDateTime>2019-04-03</processingDateTime>
<processingSoftware>
<softwareCreator>ABBYY</softwareCreator>
<softwareName>ABBYY Recognition Server</softwareName>
<softwareVersion>4.0</softwareVersion>
</processingSoftware>
</ocrProcessingStep>
</OCRProcessing>
</Description>
<Styles>
<ParagraphStyle ID="StyleId-FFFFFFFF-FFFF-FFFF-FFFF-FFFFFFFFFFFF-" ALIGN="Left" LEFT="0." RIGHT="0." FIRSTLINE="0."/>
<ParagraphStyle ID="StyleId-2E5B4E57-07AD-4719-97CB-14521F7F4F8A-" ALIGN="Left" LEFT="0." RIGHT="0." FIRSTLINE="0." LINESPACE="8.899999619"/>
<ParagraphStyle ID="StyleId-62A6F688-D6E3-4EFC-837B-4A4C4EB582B7-" ALIGN="Center" LEFT="0." RIGHT="0." FIRSTLINE="0." LINESPACE="12.19999981"/>
<ParagraphStyle ID="StyleId-21B71EBC-BDB5-4E16-A8F2-58189A39665B-" ALIGN="Block" LEFT="0." RIGHT="0." FIRSTLINE="-13." LINESPACE="11.35000038"/>
<ParagraphStyle ID="StyleId-1E1A68C4-DD4F-417A-A13D-7FEC29ECB499-" ALIGN="Block" LEFT="0." RIGHT="0." FIRSTLINE="-15." LINESPACE="13.30000019"/>
<ParagraphStyle ID="StyleId-6B39EC51-644D-4E90-AF07-84EF2B1E466A-" ALIGN="Block" LEFT="0." RIGHT="0." FIRSTLINE="-15." LINESPACE="8.340000153"/>
<ParagraphStyle ID="StyleId-2C1BA15F-E223-41D6-853D-AAFBDAC17E68-" ALIGN="Center" LEFT="0." RIGHT="0." FIRSTLINE="0." LINESPACE="13."/>
<ParagraphStyle ID="StyleId-A3B2CDF3-43F0-422C-90A0-E074BFEC3BC0-" ALIGN="Block" LEFT="0." RIGHT="0." FIRSTLINE="0." LINESPACE="8.899999619"/>
<ParagraphStyle ID="StyleId-28AB2493-EA15-49C1-A6AC-ED5BC404F0B9-" ALIGN="Center" LEFT="0." RIGHT="0." FIRSTLINE="0." LINESPACE="12.19999981"/>
<ParagraphStyle ID="StyleId-4417A6D4-97E2-4EFC-962D-7FBC0D5273E4-" ALIGN="Left" LEFT="0." RIGHT="0." FIRSTLINE="15." LINESPACE="8.340000153"/>
<ParagraphStyle ID="StyleId-D4EF9C5E-3110-4A39-B7BC-3D84E0F04894-" ALIGN="Center" LEFT="0." RIGHT="0." FIRSTLINE="0." LINESPACE="13.30000019"/>
<ParagraphStyle ID="StyleId-D1243F31-1201-4D92-8F69-43ADB01E9AD1-" ALIGN="Left" LEFT="0." RIGHT="0." FIRSTLINE="-13." LINESPACE="13.30000019"/>
<ParagraphStyle ID="StyleId-C65417C6-23F2-4D8F-BA55-ECE73D98CAB9-" ALIGN="Left" LEFT="0." RIGHT="0." FIRSTLINE="0." LINESPACE="8.899999619"/>
<ParagraphStyle ID="StyleId-835763C1-08DD-41BE-8BAD-8E41EA88DAE3-" ALIGN="Center" LEFT="0." RIGHT="0." FIRSTLINE="0." LINESPACE="11.10000038"/>
<ParagraphStyle ID="StyleId-78FD6B81-8F83-422D-8DF4-4274EAFD19C6-" ALIGN="Block" LEFT="0." RIGHT="0." FIRSTLINE="-17." LINESPACE="12.19999981"/>
<ParagraphStyle ID="StyleId-F506BC7F-570D-458B-9F05-A143E1F5FD17-" ALIGN="Block" LEFT="0." RIGHT="0." FIRSTLINE="-17." LINESPACE="11.35000038"/>
<ParagraphStyle ID="StyleId-CBE02C6B-22D0-48C6-A874-7E90A22F4375-" ALIGN="Center" LEFT="0." RIGHT="0." FIRSTLINE="0." LINESPACE="4.400000095"/>
<ParagraphStyle ID="StyleId-14CC0121-63AF-4AB4-9656-E02F46C61AF2-" ALIGN="Left" LEFT="0." RIGHT="0." FIRSTLINE="0." LINESPACE="8.899999619"/>
<ParagraphStyle ID="StyleId-DD64CECB-1B22-4BFF-84F0-DFDE2B0000F8-" ALIGN="Left" LEFT="0." RIGHT="0." FIRSTLINE="0." LINESPACE="12.19999981"/>
<ParagraphStyle ID="StyleId-8AEF4AA8-141A-4E5D-9C3E-C0F9F43C742F-" ALIGN="Left" LEFT="0." RIGHT="0." FIRSTLINE="0." LINESPACE="8.300000191"/>
<ParagraphStyle ID="StyleId-8C396D2A-39C0-48AB-BABA-2679D8AB257E-" ALIGN="Left" LEFT="0." RIGHT="0." FIRSTLINE="0." LINESPACE="11.10000038"/>
<ParagraphStyle ID="StyleId-3B7FE50F-10D4-487F-BDCD-FD26EB60FD4A-" ALIGN="Block" LEFT="0." RIGHT="0." FIRSTLINE="13." LINESPACE="8.340000153"/>
<ParagraphStyle ID="StyleId-8CC5CC8E-615B-4C42-BB46-DB28FA355C27-" ALIGN="Left" LEFT="0." RIGHT="0." FIRSTLINE="0." LINESPACE="12.19999981"/>
<ParagraphStyle ID="StyleId-BC67E79D-8D99-4188-8B35-A59DBB7E2BB0-" ALIGN="Block" LEFT="0." RIGHT="0." FIRSTLINE="11." LINESPACE="9.399999619"/>
</Styles>
<Layout>
<Page ID="Page17" PHYSICAL_IMG_NR="17" HEIGHT="4412" WIDTH="2533">
<TopMargin HEIGHT="378" WIDTH="2533" VPOS="0" HPOS="0">
</TopMargin>
<LeftMargin HEIGHT="3642" WIDTH="111" VPOS="378" HPOS="0">
</LeftMargin>
<RightMargin HEIGHT="3642" WIDTH="335" VPOS="378" HPOS="2198">
</RightMargin>
<BottomMargin HEIGHT="392" WIDTH="2533" VPOS="4020" HPOS="0">
<TextBlock ID="Page17_Block1" HEIGHT="76" WIDTH="90" VPOS="4054" HPOS="1124" LANG="en-US" STYLEREFS="StyleId-C52DE121-107C-4919-B5B4-73D4AB6D805F-">
<TextLine HEIGHT="56" WIDTH="70" VPOS="4064" HPOS="1134">
<String CONTENT="17" HEIGHT="56" WIDTH="70" VPOS="4064" HPOS="1134"/>
</TextLine>
</TextBlock>
</BottomMargin>
<PrintSpace HEIGHT="3642" WIDTH="2087" VPOS="378" HPOS="111">
<TextBlock ID="Page17_Block2" HEIGHT="3642" WIDTH="2087" VPOS="378" HPOS="111" LANG="en-US" CS="1" STYLEREFS="StyleId-24D37829-A02A-40A2-BB10-950192BBD990-">
<TextLine HEIGHT="71" WIDTH="868" VPOS="435" HPOS="187" STYLEREFS="StyleId-4152E960-259F-4BDB-989C-593426842DFB-">
<String LANG="la" CONTENT="Ad&#232;s," HEIGHT="70" WIDTH="186" VPOS="436" HPOS="187"/>
<SP HEIGHT="71" WIDTH="39" VPOS="435" HPOS="374"/>
<String LANG="en-US" CONTENT="Albert," HEIGHT="69" WIDTH="239" VPOS="435" HPOS="414"/>
<SP HEIGHT="65" WIDTH="43" VPOS="439" HPOS="654"/>
<String LANG="la" CONTENT="1893-1921." HEIGHT="57" WIDTH="357" VPOS="437" HPOS="698"/>
</TextLine>
<TextLine HEIGHT="73" WIDTH="1920" VPOS="523" HPOS="265" CS="1">
<String CONTENT="A" HEIGHT="55" WIDTH="60" VPOS="526" HPOS="265"/>
<SP HEIGHT="55" WIDTH="42" VPOS="526" HPOS="326"/>
<String CONTENT="naked" HEIGHT="57" WIDTH="201" VPOS="525" HPOS="369"/>
<SP HEIGHT="57" WIDTH="41" VPOS="525" HPOS="571"/>
<String CONTENT="king," HEIGHT="73" WIDTH="166" VPOS="523" HPOS="613"/>
<SP HEIGHT="71" WIDTH="45" VPOS="525" HPOS="780"/>
<String CONTENT="by" HEIGHT="70" WIDTH="84" VPOS="525" HPOS="826"/>
<SP HEIGHT="71" WIDTH="38" VPOS="524" HPOS="911"/>
<String CONTENT="Albert" HEIGHT="58" WIDTH="225" VPOS="524" HPOS="950"/>
<SP HEIGHT="56" WIDTH="42" VPOS="526" HPOS="1176"/>
<String CS="1" CONTENT="Ad&#232;s;" HEIGHT="71" WIDTH="202" VPOS="525" HPOS="1219"/>
<SP HEIGHT="68" WIDTH="44" VPOS="528" HPOS="1422"/>
<String CONTENT="translated" HEIGHT="60" WIDTH="356" VPOS="526" HPOS="1467"/>
<SP HEIGHT="60" WIDTH="44" VPOS="526" HPOS="1824"/>
<String CONTENT="from" HEIGHT="59" WIDTH="169" VPOS="526" HPOS="1869"/>
<SP HEIGHT="53" WIDTH="43" VPOS="534" HPOS="2039"/>
<String CONTENT="the" HEIGHT="58" WIDTH="102" VPOS="530" HPOS="2083"/>
</TextLine>
<TextLine HEIGHT="77" WIDTH="1996" VPOS="601" HPOS="190">
<String CONTENT="French" HEIGHT="56" WIDTH="244" VPOS="604" HPOS="190"/>
<SP HEIGHT="56" WIDTH="27" VPOS="604" HPOS="435"/>
<String CONTENT="by" HEIGHT="71" WIDTH="83" VPOS="604" HPOS="463"/>
<SP HEIGHT="72" WIDTH="27" VPOS="603" HPOS="547"/>
<String CONTENT="Joseph" HEIGHT="72" WIDTH="241" VPOS="603" HPOS="575"/>
<SP HEIGHT="57" WIDTH="31" VPOS="603" HPOS="817"/>
<String CONTENT="T." HEIGHT="56" WIDTH="67" VPOS="604" HPOS="849"/>
<SP HEIGHT="60" WIDTH="33" VPOS="601" HPOS="917"/>
<String CONTENT="Shipley." HEIGHT="74" WIDTH="277" VPOS="601" HPOS="951"/>
<SP HEIGHT="55" WIDTH="80" VPOS="604" HPOS="1229"/>
<String CONTENT="New" HEIGHT="57" WIDTH="153" VPOS="604" HPOS="1310"/>
<SP HEIGHT="58" WIDTH="29" VPOS="603" HPOS="1464"/>
<String CONTENT="York," HEIGHT="72" WIDTH="191" VPOS="603" HPOS="1494"/>
<SP HEIGHT="70" WIDTH="31" VPOS="605" HPOS="1686"/>
<String CONTENT="A." HEIGHT="56" WIDTH="77" VPOS="605" HPOS="1718"/>
<SP HEIGHT="57" WIDTH="30" VPOS="606" HPOS="1796"/>
<String CONTENT="&amp;" HEIGHT="57" WIDTH="48" VPOS="606" HPOS="1827"/>
<SP HEIGHT="59" WIDTH="31" VPOS="604" HPOS="1876"/>
<String CONTENT="C." HEIGHT="59" WIDTH="65" VPOS="604" HPOS="1908"/>
<SP HEIGHT="56" WIDTH="30" VPOS="606" HPOS="1974"/>
<String CONTENT="Boni," HEIGHT="72" WIDTH="181" VPOS="606" HPOS="2005"/>
</TextLine>
<TextLine HEIGHT="58" WIDTH="165" VPOS="680" HPOS="189">
<String CONTENT="1924." HEIGHT="58" WIDTH="165" VPOS="680" HPOS="189"/>
</TextLine>
<TextLine HEIGHT="54" WIDTH="364" VPOS="758" HPOS="256" STYLEREFS="StyleId-6207D0DD-0597-42AC-988C-65E624F2F1E7-" CS="1">
<String CONTENT="295" HEIGHT="44" WIDTH="81" VPOS="759" HPOS="256"/>
<SP HEIGHT="53" WIDTH="31" VPOS="759" HPOS="338"/>
<String CONTENT="p." HEIGHT="38" WIDTH="40" VPOS="774" HPOS="370"/>
<SP HEIGHT="47" WIDTH="61" VPOS="758" HPOS="411"/>
<String CS="1" CONTENT="19&#189;"/>
<String STYLE="superscript" CONTENT="cm" HEIGHT="17" WIDTH="46" VPOS="760" HPOS="558"/>
<String CONTENT="." HEIGHT="8" WIDTH="9" VPOS="793" HPOS="611"/>
</TextLine>
<TextLine HEIGHT="56" WIDTH="1995" VPOS="814" HPOS="187" STYLEREFS="StyleId-6207D0DD-0597-42AC-988C-65E624F2F1E7-" CS="1">
<String CONTENT="&#169;" HEIGHT="54" WIDTH="53" VPOS="814" HPOS="187"/>
<SP HEIGHT="54" WIDTH="32" VPOS="814" HPOS="241"/>
<String CONTENT="Sept." HEIGHT="53" WIDTH="120" VPOS="815" HPOS="274"/>
<SP HEIGHT="43" WIDTH="27" VPOS="816" HPOS="395"/>
<String CONTENT="20," HEIGHT="51" WIDTH="69" VPOS="816" HPOS="423"/>
<SP HEIGHT="50" WIDTH="33" VPOS="817" HPOS="493"/>
<String CS="1" CONTENT="1924;" HEIGHT="42" WIDTH="105" VPOS="816" HPOS="527"/>
<SP HEIGHT="51" WIDTH="31" VPOS="816" HPOS="657"/>
<String CONTENT="2c." HEIGHT="42" WIDTH="65" VPOS="816" HPOS="689"/>
<SP HEIGHT="27" WIDTH="31" VPOS="832" HPOS="755"/>
<String CONTENT="and" HEIGHT="42" WIDTH="87" VPOS="817" HPOS="787"/>
<SP HEIGHT="42" WIDTH="29" VPOS="817" HPOS="875"/>
<String CONTENT="aff." HEIGHT="42" WIDTH="79" VPOS="817" HPOS="905"/>
<SP HEIGHT="50" WIDTH="30" VPOS="817" HPOS="985"/>
<String CONTENT="Jan." HEIGHT="50" WIDTH="100" VPOS="817" HPOS="1016"/>
<SP HEIGHT="41" WIDTH="35" VPOS="817" HPOS="1117"/>
<String CONTENT="10," HEIGHT="52" WIDTH="61" VPOS="816" HPOS="1153"/>
<SP HEIGHT="51" WIDTH="37" VPOS="817" HPOS="1215"/>
<String CONTENT="1925;" HEIGHT="54" WIDTH="131" VPOS="815" HPOS="1253"/>
<SP HEIGHT="52" WIDTH="33" VPOS="817" HPOS="1385"/>
<!-- cceid 2A11EBBD-6DD5-1014-B757-AF09C522E301 --><String CONTENT="A" HEIGHT="42" WIDTH="44" VPOS="817" HPOS="1419"/>
<SP HEIGHT="43" WIDTH="33" VPOS="817" HPOS="1464"/>
<String CONTENT="815659;" HEIGHT="54" WIDTH="190" VPOS="816" HPOS="1498"/>
<SP HEIGHT="52" WIDTH="34" VPOS="818" HPOS="1689"/>
<String CONTENT="Albert" HEIGHT="43" WIDTH="164" VPOS="818" HPOS="1724"/>
<SP HEIGHT="44" WIDTH="32" VPOS="819" HPOS="1889"/>
<String CONTENT="&amp;" HEIGHT="44" WIDTH="37" VPOS="819" HPOS="1922"/>
<SP HEIGHT="45" WIDTH="32" VPOS="818" HPOS="1960"/>
<String CONTENT="Charles" HEIGHT="46" WIDTH="189" VPOS="818" HPOS="1993"/>
</TextLine>
<TextLine HEIGHT="56" WIDTH="555" VPOS="871" HPOS="257" STYLEREFS="StyleId-6207D0DD-0597-42AC-988C-65E624F2F1E7-">
<String CONTENT="Boni," HEIGHT="51" WIDTH="128" VPOS="874" HPOS="257"/>
<SP HEIGHT="51" WIDTH="32" VPOS="874" HPOS="386"/>
<String CONTENT="inc." HEIGHT="43" WIDTH="81" VPOS="874" HPOS="419"/>
<SP HEIGHT="53" WIDTH="68" VPOS="874" HPOS="501"/>
<String CONTENT="(25-1774)" HEIGHT="56" WIDTH="242" VPOS="871" HPOS="570"/>
</TextLine>
<TextLine HEIGHT="59" WIDTH="1050" VPOS="957" HPOS="182" STYLEREFS="StyleId-4152E960-259F-4BDB-989C-593426842DFB-">
<String CONTENT="American" HEIGHT="57" WIDTH="337" VPOS="958" HPOS="182"/>
<SP HEIGHT="56" WIDTH="29" VPOS="959" HPOS="520"/>
<String CONTENT="federation" HEIGHT="58" WIDTH="356" VPOS="957" HPOS="550"/>
<SP HEIGHT="40" WIDTH="32" VPOS="975" HPOS="907"/>
<String CONTENT="of" HEIGHT="57" WIDTH="68" VPOS="958" HPOS="940"/>
<SP HEIGHT="58" WIDTH="28" VPOS="958" HPOS="1009"/>
<String CONTENT="labor." HEIGHT="59" WIDTH="194" VPOS="957" HPOS="1038"/>
</TextLine>
<TextLine HEIGHT="75" WIDTH="1919" VPOS="1049" HPOS="260">
<String CONTENT="American" HEIGHT="58" WIDTH="338" VPOS="1049" HPOS="260"/>
<SP HEIGHT="57" WIDTH="40" VPOS="1049" HPOS="599"/>
<String CONTENT="federation" HEIGHT="58" WIDTH="359" VPOS="1049" HPOS="640"/>
<SP HEIGHT="37" WIDTH="44" VPOS="1069" HPOS="1000"/>
<String CONTENT="of" HEIGHT="56" WIDTH="67" VPOS="1050" HPOS="1045"/>
<SP HEIGHT="55" WIDTH="42" VPOS="1050" HPOS="1113"/>
<String CONTENT="labor;" HEIGHT="70" WIDTH="207" VPOS="1050" HPOS="1156"/>
<SP HEIGHT="71" WIDTH="44" VPOS="1049" HPOS="1364"/>
<String CONTENT="history," HEIGHT="73" WIDTH="265" VPOS="1049" HPOS="1409"/>
<SP HEIGHT="51" WIDTH="47" VPOS="1071" HPOS="1675"/>
<String CONTENT="encyclopedia," HEIGHT="74" WIDTH="456" VPOS="1050" HPOS="1723"/>
</TextLine>
<TextLine HEIGHT="76" WIDTH="1996" VPOS="1127" HPOS="185">
<String CONTENT="reference" HEIGHT="57" WIDTH="322" VPOS="1128" HPOS="185"/>
<SP HEIGHT="56" WIDTH="33" VPOS="1128" HPOS="508"/>
<String CONTENT="book," HEIGHT="71" WIDTH="174" VPOS="1127" HPOS="542"/>
<SP HEIGHT="52" WIDTH="36" VPOS="1146" HPOS="717"/>
<String CONTENT="prepared" HEIGHT="74" WIDTH="318" VPOS="1129" HPOS="754"/>
<SP HEIGHT="55" WIDTH="33" VPOS="1129" HPOS="1073"/>
<String CONTENT="and" HEIGHT="55" WIDTH="125" VPOS="1129" HPOS="1107"/>
<SP HEIGHT="69" WIDTH="29" VPOS="1129" HPOS="1233"/>
<String CONTENT="published" HEIGHT="71" WIDTH="335" VPOS="1127" HPOS="1263"/>
<SP HEIGHT="57" WIDTH="32" VPOS="1128" HPOS="1599"/>
<String CONTENT="by" HEIGHT="70" WIDTH="84" VPOS="1129" HPOS="1632"/>
<SP HEIGHT="52" WIDTH="35" VPOS="1147" HPOS="1717"/>
<String CONTENT="authority" HEIGHT="73" WIDTH="325" VPOS="1128" HPOS="1753"/>
<SP HEIGHT="52" WIDTH="35" VPOS="1149" HPOS="2079"/>
<String CONTENT="of" HEIGHT="57" WIDTH="66" VPOS="1130" HPOS="2115"/>
</TextLine>
<TextLine HEIGHT="76" WIDTH="1995" VPOS="1205" HPOS="183" CS="1">
<String CONTENT="the" HEIGHT="56" WIDTH="105" VPOS="1207" HPOS="183"/>
<SP HEIGHT="54" WIDTH="43" VPOS="1209" HPOS="289"/>
<String CONTENT="1916" HEIGHT="55" WIDTH="147" VPOS="1207" HPOS="333"/>
<SP HEIGHT="55" WIDTH="46" VPOS="1207" HPOS="481"/>
<String CONTENT="and" HEIGHT="56" WIDTH="125" VPOS="1206" HPOS="528"/>
<SP HEIGHT="55" WIDTH="42" VPOS="1206" HPOS="654"/>
<String CONTENT="1917" HEIGHT="56" WIDTH="147" VPOS="1206" HPOS="697"/>
<SP HEIGHT="55" WIDTH="45" VPOS="1207" HPOS="845"/>
<String CONTENT="conventions," HEIGHT="57" WIDTH="424" VPOS="1205" HPOS="891"/>
<SP HEIGHT="36" WIDTH="81" VPOS="1225" HPOS="1316"/>
<String CONTENT="v." HEIGHT="37" WIDTH="58" VPOS="1225" HPOS="1398"/>
<SP HEIGHT="55" WIDTH="47" VPOS="1207" HPOS="1457"/>
<String CONTENT="2" HEIGHT="54" WIDTH="32" VPOS="1207" HPOS="1505"/>
<SP HEIGHT="55" WIDTH="51" VPOS="1207" HPOS="1538"/>
<String CS="1" CONTENT="&#8230;"/>
<SP HEIGHT="58" WIDTH="87" VPOS="1205" HPOS="1652"/>
<String CONTENT="Washington," HEIGHT="76" WIDTH="438" VPOS="1205" HPOS="1740"/>
</TextLine>
<TextLine HEIGHT="74" WIDTH="389" VPOS="1281" HPOS="181">
<String CONTENT="D." HEIGHT="56" WIDTH="74" VPOS="1283" HPOS="181"/>
<SP HEIGHT="59" WIDTH="32" VPOS="1281" HPOS="256"/>
<String CONTENT="C.," HEIGHT="74" WIDTH="84" VPOS="1281" HPOS="289"/>
<SP HEIGHT="70" WIDTH="30" VPOS="1285" HPOS="374"/>
<String CONTENT="1924." HEIGHT="56" WIDTH="165" VPOS="1283" HPOS="405"/>
</TextLine>
<TextLine HEIGHT="52" WIDTH="986" VPOS="1359" HPOS="251" STYLEREFS="StyleId-6207D0DD-0597-42AC-988C-65E624F2F1E7-" CS="1">
<String CONTENT="339," HEIGHT="51" WIDTH="92" VPOS="1359" HPOS="251"/>
<SP HEIGHT="35" WIDTH="32" VPOS="1375" HPOS="344"/>
<String CONTENT="v" HEIGHT="27" WIDTH="28" VPOS="1375" HPOS="377"/>
<SP HEIGHT="38" WIDTH="29" VPOS="1373" HPOS="406"/>
<String CONTENT="p." HEIGHT="38" WIDTH="39" VPOS="1373" HPOS="436"/>
<SP HEIGHT="41" WIDTH="61" VPOS="1360" HPOS="476"/>
<String CONTENT="front.," HEIGHT="50" WIDTH="151" VPOS="1360" HPOS="538"/>
<SP HEIGHT="37" WIDTH="31" VPOS="1373" HPOS="690"/>
<String CS="1" CONTENT="plates," HEIGHT="51" WIDTH="143" VPOS="1359" HPOS="722"/>
<SP HEIGHT="49" WIDTH="31" VPOS="1361" HPOS="880"/>
<String CONTENT="plans." HEIGHT="51" WIDTH="143" VPOS="1359" HPOS="912"/>
<SP HEIGHT="42" WIDTH="58" VPOS="1359" HPOS="1056"/>
<String CONTENT="24" HEIGHT="43" WIDTH="55" VPOS="1359" HPOS="1115"/>
<String STYLE="superscript" CONTENT="cm" HEIGHT="17" WIDTH="45" VPOS="1361" HPOS="1177"/>
<String CONTENT="." HEIGHT="8" WIDTH="8" VPOS="1394" HPOS="1229"/>
</TextLine>
<TextLine HEIGHT="56" WIDTH="1998" VPOS="1413" HPOS="182" STYLEREFS="StyleId-6207D0DD-0597-42AC-988C-65E624F2F1E7-">
<String CONTENT="&#169;" HEIGHT="55" WIDTH="53" VPOS="1413" HPOS="182"/>
<SP HEIGHT="55" WIDTH="28" VPOS="1413" HPOS="236"/>
<String CONTENT="Dec." HEIGHT="43" WIDTH="108" VPOS="1417" HPOS="265"/>
<SP HEIGHT="42" WIDTH="25" VPOS="1417" HPOS="374"/>
<String CONTENT="15," HEIGHT="53" WIDTH="70" VPOS="1415" HPOS="400"/>
<SP HEIGHT="52" WIDTH="27" VPOS="1416" HPOS="471"/>
<String CONTENT="1924;" HEIGHT="51" WIDTH="132" VPOS="1416" HPOS="499"/>
<SP HEIGHT="51" WIDTH="28" VPOS="1416" HPOS="632"/>
<String CONTENT="2c." HEIGHT="43" WIDTH="65" VPOS="1416" HPOS="661"/>
<SP HEIGHT="28" WIDTH="29" VPOS="1431" HPOS="727"/>
<String CONTENT="and" HEIGHT="43" WIDTH="86" VPOS="1417" HPOS="757"/>
<SP HEIGHT="43" WIDTH="27" VPOS="1417" HPOS="844"/>
<String CONTENT="aff." HEIGHT="43" WIDTH="80" VPOS="1416" HPOS="872"/>
<SP HEIGHT="53" WIDTH="27" VPOS="1416" HPOS="953"/>
<String CONTENT="Jan." HEIGHT="53" WIDTH="100" VPOS="1416" HPOS="981"/>
<SP HEIGHT="45" WIDTH="30" VPOS="1414" HPOS="1082"/>
<String CONTENT="5," HEIGHT="53" WIDTH="35" VPOS="1414" HPOS="1113"/>
<SP HEIGHT="50" WIDTH="33" VPOS="1417" HPOS="1149"/>
<String CONTENT="1925;" HEIGHT="55" WIDTH="130" VPOS="1414" HPOS="1183"/>
<SP HEIGHT="53" WIDTH="32" VPOS="1416" HPOS="1314"/>
<!-- cceid 2A12918C-6DD5-1014-B757-AF09C522E301 --><String CONTENT="A" HEIGHT="43" WIDTH="44" VPOS="1416" HPOS="1347"/>
<SP HEIGHT="45" WIDTH="29" VPOS="1415" HPOS="1392"/>
<String CONTENT="814547;" HEIGHT="54" WIDTH="191" VPOS="1415" HPOS="1422"/>
<SP HEIGHT="52" WIDTH="32" VPOS="1417" HPOS="1614"/>
<String CONTENT="American" HEIGHT="43" WIDTH="247" VPOS="1417" HPOS="1647"/>
<SP HEIGHT="44" WIDTH="30" VPOS="1416" HPOS="1895"/>
<String CONTENT="federation" HEIGHT="47" WIDTH="254" VPOS="1416" HPOS="1926"/>
</TextLine>
<TextLine HEIGHT="54" WIDTH="575" VPOS="1472" HPOS="250" STYLEREFS="StyleId-6207D0DD-0597-42AC-988C-65E624F2F1E7-">
<String CONTENT="of" HEIGHT="43" WIDTH="52" VPOS="1474" HPOS="250"/>
<SP HEIGHT="43" WIDTH="29" VPOS="1474" HPOS="303"/>
<String CONTENT="labor," HEIGHT="51" WIDTH="141" VPOS="1475" HPOS="333"/>
<SP HEIGHT="52" WIDTH="29" VPOS="1474" HPOS="475"/>
<String CONTENT="Washington." HEIGHT="53" WIDTH="320" VPOS="1472" HPOS="505"/>
</TextLine>
<TextLine HEIGHT="72" WIDTH="1159" VPOS="1558" HPOS="180" STYLEREFS="StyleId-4152E960-259F-4BDB-989C-593426842DFB-">
<String CONTENT="American" HEIGHT="58" WIDTH="336" VPOS="1558" HPOS="180"/>
<SP HEIGHT="57" WIDTH="29" VPOS="1559" HPOS="517"/>
<String CONTENT="law" HEIGHT="57" WIDTH="124" VPOS="1559" HPOS="547"/>
<SP HEIGHT="42" WIDTH="28" VPOS="1574" HPOS="672"/>
<String CONTENT="reports" HEIGHT="68" WIDTH="246" VPOS="1562" HPOS="701"/>
<SP HEIGHT="41" WIDTH="34" VPOS="1574" HPOS="948"/>
<String CONTENT="annotated." HEIGHT="57" WIDTH="356" VPOS="1559" HPOS="983"/>
</TextLine>
<TextLine HEIGHT="137" WIDTH="2000" VPOS="1648" HPOS="183" CS="1">
<String CONTENT="Cumulative" HEIGHT="59" WIDTH="393" VPOS="1648" HPOS="261"/>
<SP HEIGHT="57" WIDTH="32" VPOS="1649" HPOS="655"/>
<String CONTENT="index-digest" HEIGHT="72" WIDTH="423" VPOS="1649" HPOS="688"/>
<SP HEIGHT="56" WIDTH="34" VPOS="1649" HPOS="1112"/>
<String CONTENT="for" HEIGHT="56" WIDTH="102" VPOS="1649" HPOS="1147"/>
<SP HEIGHT="54" WIDTH="34" VPOS="1652" HPOS="1250"/>
<String CONTENT="the" HEIGHT="57" WIDTH="103" VPOS="1649" HPOS="1285"/>
<SP HEIGHT="52" WIDTH="34" VPOS="1668" HPOS="1389"/>
<String CONTENT="year," HEIGHT="52" WIDTH="171" VPOS="1668" HPOS="1424"/>
<SP HEIGHT="68" WIDTH="37" VPOS="1652" HPOS="1596"/>
<String CONTENT="1924." HEIGHT="56" WIDTH="165" VPOS="1650" HPOS="1634"/>
<SP HEIGHT="36" WIDTH="74" VPOS="1670" HPOS="1800"/>
<String CONTENT="vols." HEIGHT="57" WIDTH="154" VPOS="1650" HPOS="1875"/>
<SP HEIGHT="54" WIDTH="38" VPOS="1652" HPOS="2030"/>
<String CONTENT="28-33." HEIGHT="133" WIDTH="2000" VPOS="1652" HPOS="183"/>
</TextLine>
<TextLine HEIGHT="151" WIDTH="1833" VPOS="1726" HPOS="325" CS="1">
<String CONTENT="Combined" HEIGHT="59" WIDTH="340" VPOS="1726" HPOS="339"/>
<SP HEIGHT="57" WIDTH="19" VPOS="1726" HPOS="680"/>
<String CONTENT="indexes" HEIGHT="57" WIDTH="258" VPOS="1726" HPOS="700"/>
<SP HEIGHT="53" WIDTH="24" VPOS="1730" HPOS="959"/>
<String CONTENT="to" HEIGHT="53" WIDTH="64" VPOS="1730" HPOS="984"/>
<SP HEIGHT="37" WIDTH="25" VPOS="1746" HPOS="1049"/>
<String CONTENT="cases" HEIGHT="38" WIDTH="174" VPOS="1745" HPOS="1075"/>
<SP HEIGHT="37" WIDTH="26" VPOS="1746" HPOS="1250"/>
<String CONTENT="and" HEIGHT="55" WIDTH="125" VPOS="1728" HPOS="1277"/>
<SP HEIGHT="55" WIDTH="23" VPOS="1728" HPOS="1403"/>
<String CONTENT="annotations." HEIGHT="57" WIDTH="420" VPOS="1727" HPOS="1427"/>
</TextLine>
<TextLine HEIGHT="75" WIDTH="2003" VPOS="1882" HPOS="179" CS="1">
<String CONTENT="Rochester," HEIGHT="71" WIDTH="362" VPOS="1883" HPOS="179"/>
<SP HEIGHT="72" WIDTH="41" VPOS="1882" HPOS="542"/>
<String LANG="la" CONTENT="N." HEIGHT="55" WIDTH="73" VPOS="1882" HPOS="584"/>
<SP HEIGHT="55" WIDTH="41" VPOS="1882" HPOS="658"/>
<String CONTENT="Y.," HEIGHT="71" WIDTH="93" VPOS="1882" HPOS="700"/>
<SP HEIGHT="70" WIDTH="44" VPOS="1883" HPOS="794"/>
<String CS="1" CONTENT="The" HEIGHT="55" WIDTH="94" VPOS="1882" HPOS="839"/>
<SP HEIGHT="56" WIDTH="41" VPOS="1882" HPOS="969"/>
<String CONTENT="Lawyers" HEIGHT="71" WIDTH="296" VPOS="1882" HPOS="1011"/>
<SP HEIGHT="38" WIDTH="41" VPOS="1900" HPOS="1308"/>
<String CONTENT="co-operative" HEIGHT="71" WIDTH="422" VPOS="1882" HPOS="1350"/>
<SP HEIGHT="52" WIDTH="40" VPOS="1901" HPOS="1773"/>
<String CONTENT="publishing" HEIGHT="74" WIDTH="368" VPOS="1883" HPOS="1814"/>
</TextLine>
<TextLine HEIGHT="74" WIDTH="1997" VPOS="1959" HPOS="181">
<String CONTENT="company;" HEIGHT="53" WIDTH="334" VPOS="1978" HPOS="181"/>
<SP HEIGHT="70" WIDTH="50" VPOS="1960" HPOS="516"/>
<String CONTENT="Northport," HEIGHT="71" WIDTH="370" VPOS="1960" HPOS="567"/>
<SP HEIGHT="72" WIDTH="48" VPOS="1959" HPOS="938"/>
<String CONTENT="L." HEIGHT="55" WIDTH="66" VPOS="1959" HPOS="987"/>
<SP HEIGHT="55" WIDTH="50" VPOS="1959" HPOS="1054"/>
<String CONTENT="I.," HEIGHT="72" WIDTH="69" VPOS="1959" HPOS="1105"/>
<SP HEIGHT="72" WIDTH="49" VPOS="1959" HPOS="1175"/>
<String LANG="la" CONTENT="N." HEIGHT="57" WIDTH="73" VPOS="1959" HPOS="1225"/>
<SP HEIGHT="56" WIDTH="48" VPOS="1960" HPOS="1299"/>
<String CONTENT="Y.," HEIGHT="69" WIDTH="93" VPOS="1960" HPOS="1348"/>
<SP HEIGHT="70" WIDTH="49" VPOS="1959" HPOS="1442"/>
<String CONTENT="Edward" HEIGHT="58" WIDTH="278" VPOS="1959" HPOS="1492"/>
<SP HEIGHT="56" WIDTH="46" VPOS="1961" HPOS="1771"/>
<String CONTENT="Thompson" HEIGHT="72" WIDTH="360" VPOS="1961" HPOS="1818"/>
</TextLine>
<TextLine HEIGHT="151" WIDTH="1976" VPOS="2037" HPOS="178" CS="1">
<String CONTENT="company;" HEIGHT="52" WIDTH="333" VPOS="2057" HPOS="182"/>
<SP HEIGHT="71" WIDTH="36" VPOS="2038" HPOS="516"/>
<String CONTENT="San" HEIGHT="58" WIDTH="131" VPOS="2038" HPOS="553"/>
<SP HEIGHT="54" WIDTH="31" VPOS="2039" HPOS="685"/>
<String CONTENT="Francisco," HEIGHT="71" WIDTH="356" VPOS="2038" HPOS="717"/>
<SP HEIGHT="72" WIDTH="37" VPOS="2037" HPOS="1074"/>
<String CONTENT="Calif.," HEIGHT="74" WIDTH="205" VPOS="2037" HPOS="1112"/>
<SP HEIGHT="74" WIDTH="32" VPOS="2037" HPOS="1318"/>
<String CONTENT="Bancroft-Whitney" HEIGHT="74" WIDTH="637" VPOS="2037" HPOS="1351"/>
<SP HEIGHT="52" WIDTH="32" VPOS="2059" HPOS="1989"/>
<String CONTENT="company," HEIGHT="129" WIDTH="1976" VPOS="2059" HPOS="178"/>
<SP HEIGHT="69" WIDTH="31" VPOS="2119" HPOS="366"/>
<String CONTENT="1924." HEIGHT="56" WIDTH="164" VPOS="2117" HPOS="398"/>
</TextLine>
<TextLine HEIGHT="55" WIDTH="358" VPOS="2190" HPOS="247" STYLEREFS="StyleId-6207D0DD-0597-42AC-988C-65E624F2F1E7-" CS="1">
<String CONTENT="430" HEIGHT="44" WIDTH="83" VPOS="2194" HPOS="247"/>
<SP HEIGHT="49" WIDTH="27" VPOS="2196" HPOS="331"/>
<String CONTENT="p." HEIGHT="38" WIDTH="38" VPOS="2207" HPOS="359"/>
<SP HEIGHT="43" WIDTH="56" VPOS="2193" HPOS="398"/>
<String CS="1" CONTENT="25&#189;" HEIGHT="46" WIDTH="52" VPOS="2190" HPOS="455"/>
<String STYLE="superscript" CONTENT="cm" HEIGHT="17" WIDTH="47" VPOS="2195" HPOS="544"/>
<String CONTENT="." HEIGHT="7" WIDTH="7" VPOS="2228" HPOS="598"/>
</TextLine>
<TextLine HEIGHT="55" WIDTH="1997" VPOS="2247" HPOS="180" STYLEREFS="StyleId-6207D0DD-0597-42AC-988C-65E624F2F1E7-">
<String CONTENT="&#169;" HEIGHT="54" WIDTH="53" VPOS="2247" HPOS="180"/>
<SP HEIGHT="54" WIDTH="27" VPOS="2247" HPOS="234"/>
<String CONTENT="Dec." HEIGHT="43" WIDTH="108" VPOS="2250" HPOS="262"/>
<SP HEIGHT="42" WIDTH="26" VPOS="2250" HPOS="371"/>
<String CONTENT="30," HEIGHT="51" WIDTH="64" VPOS="2249" HPOS="398"/>
<SP HEIGHT="50" WIDTH="31" VPOS="2250" HPOS="463"/>
<String CONTENT="1924;" HEIGHT="51" WIDTH="128" VPOS="2249" HPOS="495"/>
<SP HEIGHT="50" WIDTH="27" VPOS="2250" HPOS="624"/>
<String CONTENT="2c." HEIGHT="41" WIDTH="65" VPOS="2250" HPOS="652"/>
<SP HEIGHT="27" WIDTH="27" VPOS="2264" HPOS="718"/>
<String CONTENT="and" HEIGHT="43" WIDTH="86" VPOS="2248" HPOS="746"/>
<SP HEIGHT="43" WIDTH="26" VPOS="2248" HPOS="833"/>
<String CONTENT="aff." HEIGHT="42" WIDTH="80" VPOS="2249" HPOS="860"/>
<SP HEIGHT="51" WIDTH="25" VPOS="2249" HPOS="941"/>
<String CONTENT="Jan." HEIGHT="51" WIDTH="98" VPOS="2249" HPOS="967"/>
<SP HEIGHT="42" WIDTH="25" VPOS="2249" HPOS="1066"/>
<String CONTENT="2," HEIGHT="51" WIDTH="41" VPOS="2249" HPOS="1092"/>
<SP HEIGHT="51" WIDTH="30" VPOS="2249" HPOS="1134"/>
<String CONTENT="1925;" HEIGHT="52" WIDTH="130" VPOS="2247" HPOS="1165"/>
<SP HEIGHT="50" WIDTH="29" VPOS="2249" HPOS="1296"/>
<!-- cceid 2A133280-6DD5-1014-B757-AF09C522E301 --><String CONTENT="A" HEIGHT="42" WIDTH="44" VPOS="2249" HPOS="1326"/>
<SP HEIGHT="43" WIDTH="28" VPOS="2248" HPOS="1371"/>
<String CONTENT="814480;" HEIGHT="52" WIDTH="188" VPOS="2248" HPOS="1400"/>
<SP HEIGHT="51" WIDTH="32" VPOS="2249" HPOS="1589"/>
<String CONTENT="Lawyers" HEIGHT="53" WIDTH="215" VPOS="2249" HPOS="1622"/>
<SP HEIGHT="28" WIDTH="28" VPOS="2265" HPOS="1838"/>
<String CONTENT="co-operative" HEIGHT="50" WIDTH="310" VPOS="2252" HPOS="1867"/>
</TextLine>
<TextLine HEIGHT="54" WIDTH="1407" VPOS="2304" HPOS="251" STYLEREFS="StyleId-6207D0DD-0597-42AC-988C-65E624F2F1E7-">
<String CONTENT="pub." HEIGHT="52" WIDTH="99" VPOS="2306" HPOS="251"/>
<SP HEIGHT="28" WIDTH="25" VPOS="2321" HPOS="351"/>
<String CONTENT="co.," HEIGHT="34" WIDTH="79" VPOS="2321" HPOS="377"/>
<SP HEIGHT="50" WIDTH="26" VPOS="2305" HPOS="457"/>
<String CONTENT="Bancroft-Whitney" HEIGHT="52" WIDTH="462" VPOS="2305" HPOS="484"/>
<SP HEIGHT="37" WIDTH="24" VPOS="2320" HPOS="947"/>
<String CONTENT="co.," HEIGHT="37" WIDTH="79" VPOS="2320" HPOS="972"/>
<SP HEIGHT="53" WIDTH="26" VPOS="2304" HPOS="1052"/>
<String CONTENT="Edward" HEIGHT="49" WIDTH="200" VPOS="2304" HPOS="1079"/>
<SP HEIGHT="44" WIDTH="22" VPOS="2304" HPOS="1280"/>
<String CONTENT="Thompson" HEIGHT="53" WIDTH="264" VPOS="2304" HPOS="1303"/>
<SP HEIGHT="28" WIDTH="23" VPOS="2321" HPOS="1568"/>
<String CONTENT="co." HEIGHT="28" WIDTH="66" VPOS="2321" HPOS="1592"/>
</TextLine>
<TextLine HEIGHT="72" WIDTH="550" VPOS="2391" HPOS="178" STYLEREFS="StyleId-4152E960-259F-4BDB-989C-593426842DFB-">
<String CONTENT="Arabian" HEIGHT="57" WIDTH="283" VPOS="2391" HPOS="178"/>
<SP HEIGHT="40" WIDTH="34" VPOS="2407" HPOS="462"/>
<String CONTENT="nights." HEIGHT="72" WIDTH="231" VPOS="2391" HPOS="497"/>
</TextLine>
<TextLine HEIGHT="76" WIDTH="1917" VPOS="2468" HPOS="260" CS="1">
<String CONTENT="The" HEIGHT="57" WIDTH="129" VPOS="2471" HPOS="260"/>
<SP HEIGHT="58" WIDTH="34" VPOS="2470" HPOS="390"/>
<String CONTENT="Arabian" HEIGHT="58" WIDTH="283" VPOS="2470" HPOS="425"/>
<SP HEIGHT="36" WIDTH="34" VPOS="2490" HPOS="709"/>
<String CONTENT="nights," HEIGHT="74" WIDTH="232" VPOS="2469" HPOS="744"/>
<SP HEIGHT="54" WIDTH="40" VPOS="2489" HPOS="977"/>
<String CONTENT="edited" HEIGHT="59" WIDTH="208" VPOS="2469" HPOS="1018"/>
<SP HEIGHT="58" WIDTH="32" VPOS="2470" HPOS="1227"/>
<String CONTENT="by" HEIGHT="72" WIDTH="84" VPOS="2470" HPOS="1260"/>
<SP HEIGHT="74" WIDTH="34" VPOS="2468" HPOS="1345"/>
<String CONTENT="Orton" HEIGHT="59" WIDTH="198" VPOS="2468" HPOS="1380"/>
<SP HEIGHT="57" WIDTH="34" VPOS="2470" HPOS="1579"/>
<String CONTENT="Lowe" HEIGHT="59" WIDTH="184" VPOS="2470" HPOS="1614"/>
<SP HEIGHT="38" WIDTH="42" VPOS="2491" HPOS="1799"/>
<String CS="1" CONTENT="&#8230;"/>
<SP HEIGHT="59" WIDTH="88" VPOS="2471" HPOS="1904"/>
<String CONTENT="Sixty" HEIGHT="73" WIDTH="184" VPOS="2471" HPOS="1993"/>
</TextLine>
<TextLine HEIGHT="73" WIDTH="1994" VPOS="2546" HPOS="180">
<String CONTENT="illustrations," HEIGHT="70" WIDTH="439" VPOS="2549" HPOS="180"/>
<SP HEIGHT="52" WIDTH="32" VPOS="2567" HPOS="620"/>
<String CONTENT="with" HEIGHT="59" WIDTH="151" VPOS="2546" HPOS="653"/>
<SP HEIGHT="56" WIDTH="33" VPOS="2548" HPOS="805"/>
<String CONTENT="colored" HEIGHT="58" WIDTH="248" VPOS="2547" HPOS="839"/>
<SP HEIGHT="71" WIDTH="28" VPOS="2548" HPOS="1088"/>
<String CONTENT="plates" HEIGHT="72" WIDTH="206" VPOS="2547" HPOS="1117"/>
<SP HEIGHT="57" WIDTH="32" VPOS="2548" HPOS="1324"/>
<String CONTENT="by" HEIGHT="71" WIDTH="83" VPOS="2548" HPOS="1357"/>
<SP HEIGHT="73" WIDTH="31" VPOS="2546" HPOS="1441"/>
<String CONTENT="Adelaide" HEIGHT="59" WIDTH="306" VPOS="2546" HPOS="1473"/>
<SP HEIGHT="57" WIDTH="31" VPOS="2548" HPOS="1780"/>
<String CONTENT="H." HEIGHT="58" WIDTH="80" VPOS="2548" HPOS="1812"/>
<SP HEIGHT="56" WIDTH="35" VPOS="2550" HPOS="1893"/>
<String CONTENT="Bolton." HEIGHT="57" WIDTH="245" VPOS="2549" HPOS="1929"/>
</TextLine>
<TextLine HEIGHT="75" WIDTH="1997" VPOS="2624" HPOS="179">
<String CONTENT="Philadelphia," HEIGHT="72" WIDTH="458" VPOS="2626" HPOS="179"/>
<SP HEIGHT="73" WIDTH="48" VPOS="2625" HPOS="638"/>
<String CONTENT="Chicago," HEIGHT="74" WIDTH="288" VPOS="2624" HPOS="687"/>
<SP HEIGHT="63" WIDTH="46" VPOS="2626" HPOS="976"/>
<String CONTENT="The" HEIGHT="57" WIDTH="131" VPOS="2626" HPOS="1023"/>
<SP HEIGHT="58" WIDTH="44" VPOS="2625" HPOS="1155"/>
<String CONTENT="John" HEIGHT="58" WIDTH="169" VPOS="2625" HPOS="1200"/>
<SP HEIGHT="59" WIDTH="47" VPOS="2624" HPOS="1370"/>
<String CONTENT="C." HEIGHT="59" WIDTH="63" VPOS="2624" HPOS="1418"/>
<SP HEIGHT="58" WIDTH="46" VPOS="2625" HPOS="1482"/>
<String CONTENT="Winston" HEIGHT="58" WIDTH="295" VPOS="2625" HPOS="1529"/>
<SP HEIGHT="37" WIDTH="45" VPOS="2646" HPOS="1825"/>
<String CONTENT="company" HEIGHT="53" WIDTH="305" VPOS="2646" HPOS="1871"/>
</TextLine>
<TextLine HEIGHT="72" WIDTH="187" VPOS="2706" HPOS="182" CS="1">
<String CS="1" CONTENT="[c1924]" HEIGHT="72" WIDTH="187" VPOS="2706" HPOS="182"/>
</TextLine>
<TextLine HEIGHT="56" WIDTH="1923" VPOS="2778" HPOS="249" STYLEREFS="StyleId-6207D0DD-0597-42AC-988C-65E624F2F1E7-" CS="1">
<String CONTENT="xv," HEIGHT="35" WIDTH="75" VPOS="2799" HPOS="249"/>
<SP/>
<String CONTENT="3-257" HEIGHT="47" WIDTH="137" VPOS="2780" HPOS="360"/>
<SP HEIGHT="54" WIDTH="33" VPOS="2780" HPOS="498"/>
<String CONTENT="p." HEIGHT="39" WIDTH="40" VPOS="2795" HPOS="532"/>
<SP HEIGHT="28" WIDTH="57" VPOS="2797" HPOS="573"/>
<String CONTENT="col." HEIGHT="44" WIDTH="85" VPOS="2781" HPOS="631"/>
<SP HEIGHT="45" WIDTH="37" VPOS="2780" HPOS="717"/>
<String CONTENT="front.," HEIGHT="52" WIDTH="155" VPOS="2780" HPOS="755"/>
<SP HEIGHT="54" WIDTH="32" VPOS="2778" HPOS="911"/>
<String CONTENT="illus.," HEIGHT="54" WIDTH="132" VPOS="2778" HPOS="944"/>
<SP HEIGHT="37" WIDTH="36" VPOS="2795" HPOS="1077"/>
<String CONTENT="col." HEIGHT="46" WIDTH="83" VPOS="2779" HPOS="1114"/>
<SP HEIGHT="36" WIDTH="35" VPOS="2795" HPOS="1198"/>
<String CONTENT="plates." HEIGHT="51" WIDTH="157" VPOS="2780" HPOS="1234"/>
<SP HEIGHT="44" WIDTH="56" VPOS="2780" HPOS="1392"/>
<String CONTENT="21" HEIGHT="44" WIDTH="53" VPOS="2780" HPOS="1449"/>
<String STYLE="superscript" CONTENT="cm" HEIGHT="18" WIDTH="48" VPOS="2782" HPOS="1510"/>
<String CONTENT="." HEIGHT="10" WIDTH="10" VPOS="2813" HPOS="1563"/>
<SP/>
<String CONTENT="(Lettered" HEIGHT="53" WIDTH="240" VPOS="2780" HPOS="1641"/>
<SP HEIGHT="45" WIDTH="36" VPOS="2783" HPOS="1882"/>
<String CONTENT="on" HEIGHT="30" WIDTH="59" VPOS="2798" HPOS="1919"/>
<SP HEIGHT="28" WIDTH="32" VPOS="2798" HPOS="1979"/>
<String CONTENT="cover:" HEIGHT="32" WIDTH="160" VPOS="2796" HPOS="2012"/>
</TextLine>
<TextLine HEIGHT="53" WIDTH="1069" VPOS="2836" HPOS="179" STYLEREFS="StyleId-6207D0DD-0597-42AC-988C-65E624F2F1E7-">
<String CONTENT="The" HEIGHT="44" WIDTH="100" VPOS="2841" HPOS="179"/>
<SP HEIGHT="44" WIDTH="23" VPOS="2841" HPOS="280"/>
<String CONTENT="Winston" HEIGHT="45" WIDTH="215" VPOS="2839" HPOS="304"/>
<SP HEIGHT="29" WIDTH="25" VPOS="2853" HPOS="520"/>
<String CONTENT="clear-type" HEIGHT="50" WIDTH="251" VPOS="2839" HPOS="546"/>
<SP HEIGHT="35" WIDTH="21" VPOS="2853" HPOS="798"/>
<String CONTENT="popular" HEIGHT="50" WIDTH="194" VPOS="2838" HPOS="820"/>
<SP HEIGHT="28" WIDTH="21" VPOS="2852" HPOS="1015"/>
<String CONTENT="classics)" HEIGHT="51" WIDTH="211" VPOS="2836" HPOS="1037"/>
</TextLine>
<TextLine HEIGHT="59" WIDTH="1996" VPOS="2888" HPOS="178" STYLEREFS="StyleId-6207D0DD-0597-42AC-988C-65E624F2F1E7-">
<String CONTENT="&#169;" HEIGHT="52" WIDTH="53" VPOS="2894" HPOS="178"/>
<SP HEIGHT="53" WIDTH="25" VPOS="2894" HPOS="232"/>
<String CONTENT="July" HEIGHT="53" WIDTH="105" VPOS="2894" HPOS="258"/>
<SP HEIGHT="50" WIDTH="27" VPOS="2896" HPOS="364"/>
<String CONTENT="15," HEIGHT="52" WIDTH="64" VPOS="2893" HPOS="392"/>
<SP HEIGHT="50" WIDTH="28" VPOS="2895" HPOS="457"/>
<String CONTENT="1924;" HEIGHT="51" WIDTH="128" VPOS="2893" HPOS="486"/>
<SP HEIGHT="51" WIDTH="25" VPOS="2893" HPOS="615"/>
<String CONTENT="2c." HEIGHT="42" WIDTH="65" VPOS="2893" HPOS="641"/>
<SP HEIGHT="44" WIDTH="30" VPOS="2891" HPOS="707"/>
<String CONTENT="Oct." HEIGHT="44" WIDTH="101" VPOS="2891" HPOS="738"/>
<SP HEIGHT="41" WIDTH="27" VPOS="2892" HPOS="840"/>
<String CONTENT="4;" HEIGHT="50" WIDTH="48" VPOS="2892" HPOS="868"/>
<SP HEIGHT="37" WIDTH="30" VPOS="2905" HPOS="917"/>
<String CONTENT="aff." HEIGHT="42" WIDTH="79" VPOS="2891" HPOS="948"/>
<SP HEIGHT="51" WIDTH="26" VPOS="2891" HPOS="1028"/>
<String CONTENT="Jan." HEIGHT="51" WIDTH="98" VPOS="2891" HPOS="1055"/>
<SP HEIGHT="42" WIDTH="26" VPOS="2890" HPOS="1154"/>
<String CONTENT="20," HEIGHT="51" WIDTH="67" VPOS="2890" HPOS="1181"/>
<SP HEIGHT="51" WIDTH="29" VPOS="2890" HPOS="1249"/>
<String CONTENT="1925;" HEIGHT="52" WIDTH="130" VPOS="2888" HPOS="1279"/>
<SP HEIGHT="51" WIDTH="29" VPOS="2889" HPOS="1410"/>
<!-- cceid 2A13D284-6DD5-1014-B757-AF09C522E301 --><String CONTENT="A" HEIGHT="42" WIDTH="44" VPOS="2889" HPOS="1440"/>
<SP HEIGHT="44" WIDTH="25" VPOS="2889" HPOS="1485"/>
<String CONTENT="815694;" HEIGHT="55" WIDTH="190" VPOS="2888" HPOS="1511"/>
<SP HEIGHT="52" WIDTH="29" VPOS="2891" HPOS="1702"/>
<String CONTENT="John" HEIGHT="53" WIDTH="118" VPOS="2890" HPOS="1732"/>
<SP HEIGHT="45" WIDTH="30" VPOS="2890" HPOS="1851"/>
<String CONTENT="C." HEIGHT="45" WIDTH="49" VPOS="2890" HPOS="1882"/>
<SP HEIGHT="43" WIDTH="26" VPOS="2894" HPOS="1932"/>
<String CONTENT="Winston" HEIGHT="45" WIDTH="215" VPOS="2892" HPOS="1959"/>
</TextLine>
<TextLine HEIGHT="57" WIDTH="1726" VPOS="2946" HPOS="247" STYLEREFS="StyleId-6207D0DD-0597-42AC-988C-65E624F2F1E7-">
<String CONTENT="co." HEIGHT="27" WIDTH="66" VPOS="2967" HPOS="247"/>
<SP HEIGHT="28" WIDTH="64" VPOS="2975" HPOS="314"/>
<String CONTENT="[&#169;" HEIGHT="54" WIDTH="66" VPOS="2949" HPOS="379"/>
<SP HEIGHT="53" WIDTH="26" VPOS="2949" HPOS="446"/>
<String CONTENT="new" HEIGHT="29" WIDTH="103" VPOS="2964" HPOS="473"/>
<SP HEIGHT="43" WIDTH="30" VPOS="2950" HPOS="577"/>
<String CONTENT="introduction" HEIGHT="43" WIDTH="303" VPOS="2948" HPOS="608"/>
<SP HEIGHT="28" WIDTH="30" VPOS="2962" HPOS="912"/>
<String CONTENT="and" HEIGHT="43" WIDTH="88" VPOS="2947" HPOS="943"/>
<SP HEIGHT="43" WIDTH="27" VPOS="2947" HPOS="1032"/>
<String CONTENT="additional" HEIGHT="44" WIDTH="247" VPOS="2946" HPOS="1060"/>
<SP HEIGHT="42" WIDTH="31" VPOS="2946" HPOS="1308"/>
<String CONTENT="matter," HEIGHT="46" WIDTH="177" VPOS="2952" HPOS="1340"/>
<SP HEIGHT="52" WIDTH="28" VPOS="2946" HPOS="1518"/>
<String CONTENT="by" HEIGHT="53" WIDTH="60" VPOS="2946" HPOS="1547"/>
<SP HEIGHT="52" WIDTH="31" VPOS="2947" HPOS="1608"/>
<String CONTENT="Orton" HEIGHT="44" WIDTH="147" VPOS="2947" HPOS="1640"/>
<SP HEIGHT="41" WIDTH="33" VPOS="2949" HPOS="1788"/>
<String CONTENT="Lowe]" HEIGHT="54" WIDTH="151" VPOS="2949" HPOS="1822"/>
</TextLine>
<TextLine HEIGHT="55" WIDTH="241" VPOS="3005" HPOS="256" STYLEREFS="StyleId-6207D0DD-0597-42AC-988C-65E624F2F1E7-">
<String CONTENT="(25-2130)" HEIGHT="55" WIDTH="241" VPOS="3005" HPOS="256"/>
</TextLine>
<TextLine HEIGHT="72" WIDTH="1287" VPOS="3089" HPOS="176" STYLEREFS="StyleId-4152E960-259F-4BDB-989C-593426842DFB-">
<String CONTENT="Archambault," HEIGHT="70" WIDTH="468" VPOS="3091" HPOS="176"/>
<SP HEIGHT="71" WIDTH="42" VPOS="3090" HPOS="645"/>
<String CONTENT="Anna" HEIGHT="57" WIDTH="188" VPOS="3090" HPOS="688"/>
<SP HEIGHT="57" WIDTH="38" VPOS="3090" HPOS="877"/>
<String CONTENT="Margaretta," HEIGHT="71" WIDTH="409" VPOS="3090" HPOS="916"/>
<SP HEIGHT="52" WIDTH="46" VPOS="3107" HPOS="1326"/>
<String CONTENT="ed." HEIGHT="57" WIDTH="90" VPOS="3089" HPOS="1373"/>
</TextLine>
<TextLine HEIGHT="153" WIDTH="1971" VPOS="3164" HPOS="181" CS="1">
<String CONTENT="A" HEIGHT="56" WIDTH="59" VPOS="3172" HPOS="256"/>
<SP HEIGHT="71" WIDTH="34" VPOS="3172" HPOS="316"/>
<String CONTENT="guide" HEIGHT="74" WIDTH="185" VPOS="3169" HPOS="351"/>
<SP HEIGHT="59" WIDTH="35" VPOS="3169" HPOS="537"/>
<String CONTENT="book" HEIGHT="57" WIDTH="162" VPOS="3169" HPOS="573"/>
<SP HEIGHT="55" WIDTH="39" VPOS="3169" HPOS="736"/>
<String CONTENT="of" HEIGHT="58" WIDTH="67" VPOS="3166" HPOS="776"/>
<SP HEIGHT="59" WIDTH="38" VPOS="3166" HPOS="844"/>
<String CONTENT="art," HEIGHT="69" WIDTH="120" VPOS="3169" HPOS="883"/>
<SP HEIGHT="49" WIDTH="39" VPOS="3189" HPOS="1004"/>
<String CONTENT="architecture," HEIGHT="73" WIDTH="436" VPOS="3164" HPOS="1044"/>
<SP HEIGHT="53" WIDTH="40" VPOS="3184" HPOS="1481"/>
<String CONTENT="and" HEIGHT="59" WIDTH="124" VPOS="3168" HPOS="1522"/>
<SP HEIGHT="60" WIDTH="36" VPOS="3167" HPOS="1647"/>
<String CONTENT="historic" HEIGHT="63" WIDTH="264" VPOS="3166" HPOS="1684"/>
<SP HEIGHT="61" WIDTH="36" VPOS="3168" HPOS="1949"/>
<String CONTENT="interests" HEIGHT="140" WIDTH="1971" VPOS="3168" HPOS="181"/>
<SP HEIGHT="57" WIDTH="32" VPOS="3249" HPOS="310"/>
<String CONTENT="in" HEIGHT="56" WIDTH="65" VPOS="3249" HPOS="343"/>
<SP HEIGHT="57" WIDTH="35" VPOS="3248" HPOS="409"/>
<String CONTENT="Pennsylvania," HEIGHT="72" WIDTH="484" VPOS="3245" HPOS="445"/>
</TextLine>
<TextLine HEIGHT="154" WIDTH="1997" VPOS="3244" HPOS="179" CS="1">
<String CONTENT="edited" HEIGHT="58" WIDTH="211" VPOS="3244" HPOS="967"/>
<SP HEIGHT="57" WIDTH="30" VPOS="3245" HPOS="1179"/>
<String CONTENT="by" HEIGHT="70" WIDTH="82" VPOS="3245" HPOS="1210"/>
<SP HEIGHT="71" WIDTH="33" VPOS="3244" HPOS="1293"/>
<String CONTENT="A." HEIGHT="56" WIDTH="77" VPOS="3244" HPOS="1327"/>
<SP HEIGHT="56" WIDTH="35" VPOS="3244" HPOS="1405"/>
<String CONTENT="Margaretta" HEIGHT="73" WIDTH="398" VPOS="3244" HPOS="1441"/>
<SP HEIGHT="56" WIDTH="35" VPOS="3248" HPOS="1840"/>
<String CONTENT="Archambault" HEIGHT="139" WIDTH="1972" VPOS="3247" HPOS="179"/>
<SP HEIGHT="53" WIDTH="37" VPOS="3331" HPOS="354"/>
<String CS="1" CONTENT="&#8230;"/>
<SP HEIGHT="57" WIDTH="87" VPOS="3326" HPOS="455"/>
<String CONTENT="Philadelphia," HEIGHT="73" WIDTH="454" VPOS="3323" HPOS="543"/>
<SP HEIGHT="70" WIDTH="40" VPOS="3325" HPOS="998"/>
<String CONTENT="The" HEIGHT="57" WIDTH="129" VPOS="3323" HPOS="1039"/>
<SP HEIGHT="57" WIDTH="39" VPOS="3322" HPOS="1169"/>
<String CONTENT="John" HEIGHT="58" WIDTH="170" VPOS="3321" HPOS="1209"/>
<SP HEIGHT="59" WIDTH="36" VPOS="3321" HPOS="1380"/>
<String CONTENT="C." HEIGHT="59" WIDTH="66" VPOS="3321" HPOS="1417"/>
<SP HEIGHT="58" WIDTH="33" VPOS="3322" HPOS="1484"/>
<String CONTENT="Winston" HEIGHT="59" WIDTH="295" VPOS="3322" HPOS="1518"/>
<SP HEIGHT="40" WIDTH="36" VPOS="3344" HPOS="1814"/>
<String CONTENT="company," HEIGHT="54" WIDTH="325" VPOS="3344" HPOS="1851"/>
</TextLine>
<TextLine HEIGHT="58" WIDTH="166" VPOS="3405" HPOS="180">
<String CONTENT="1924." HEIGHT="58" WIDTH="166" VPOS="3405" HPOS="180"/>
</TextLine>
<TextLine HEIGHT="59" WIDTH="1705" VPOS="3476" HPOS="248" STYLEREFS="StyleId-6207D0DD-0597-42AC-988C-65E624F2F1E7-" CS="1">
<String CONTENT="3" HEIGHT="42" WIDTH="25" VPOS="3485" HPOS="248"/>
<SP/>
<String LANG="la" CONTENT="p." HEIGHT="38" WIDTH="42" VPOS="3497" HPOS="302"/>
<SP HEIGHT="42" WIDTH="28" VPOS="3482" HPOS="345"/>
<String LANG="la" CS="1" CONTENT="l"/>
<String CONTENT=".," HEIGHT="18" WIDTH="21" VPOS="3516" HPOS="393"/>
<SP/>
<String CONTENT="v-xiv," HEIGHT="53" WIDTH="154" VPOS="3479" HPOS="445"/>
<SP HEIGHT="52" WIDTH="28" VPOS="3480" HPOS="600"/>
<String CONTENT="509" HEIGHT="44" WIDTH="83" VPOS="3480" HPOS="629"/>
<SP HEIGHT="51" WIDTH="23" VPOS="3481" HPOS="713"/>
<String CONTENT="p." HEIGHT="38" WIDTH="41" VPOS="3494" HPOS="737"/>
<SP HEIGHT="42" WIDTH="60" VPOS="3479" HPOS="779"/>
<String CONTENT="front.," HEIGHT="51" WIDTH="158" VPOS="3479" HPOS="840"/>
<SP HEIGHT="53" WIDTH="29" VPOS="3477" HPOS="999"/>
<String CONTENT="illus." HEIGHT="43" WIDTH="119" VPOS="3477" HPOS="1029"/>
<SP HEIGHT="54" WIDTH="39" VPOS="3477" HPOS="1149"/>
<String CONTENT="(maps)" HEIGHT="55" WIDTH="181" VPOS="3476" HPOS="1189"/>
<SP HEIGHT="54" WIDTH="35" VPOS="3476" HPOS="1371"/>
<String CONTENT="plates," HEIGHT="53" WIDTH="160" VPOS="3477" HPOS="1407"/>
<SP HEIGHT="39" WIDTH="29" VPOS="3492" HPOS="1568"/>
<String CONTENT="ports." HEIGHT="48" WIDTH="144" VPOS="3483" HPOS="1598"/>
<SP HEIGHT="42" WIDTH="56" VPOS="3478" HPOS="1743"/>
<String CS="1" CONTENT="22&#189;" HEIGHT="42" WIDTH="55" VPOS="3478" HPOS="1800"/>
<String STYLE="superscript" CONTENT="cm" HEIGHT="17" WIDTH="46" VPOS="3480" HPOS="1891"/>
<String CONTENT="." HEIGHT="9" WIDTH="9" VPOS="3513" HPOS="1944"/>
</TextLine>
<TextLine HEIGHT="53" WIDTH="697" VPOS="3536" HPOS="250" STYLEREFS="StyleId-6207D0DD-0597-42AC-988C-65E624F2F1E7-">
<String CONTENT="&#8220;Limited" HEIGHT="50" WIDTH="228" VPOS="3537" HPOS="250"/>
<SP HEIGHT="44" WIDTH="25" VPOS="3537" HPOS="479"/>
<String CONTENT="edition," HEIGHT="53" WIDTH="188" VPOS="3536" HPOS="505"/>
<SP HEIGHT="36" WIDTH="26" VPOS="3553" HPOS="694"/>
<String CONTENT="no." HEIGHT="29" WIDTH="73" VPOS="3551" HPOS="721"/>
<SP HEIGHT="43" WIDTH="29" VPOS="3537" HPOS="795"/>
<String CONTENT="320.&#8221;" HEIGHT="44" WIDTH="122" VPOS="3536" HPOS="825"/>
</TextLine>
<TextLine HEIGHT="55" WIDTH="1594" VPOS="3589" HPOS="249" STYLEREFS="StyleId-6207D0DD-0597-42AC-988C-65E624F2F1E7-">
<String CONTENT="&#8220;Books" HEIGHT="43" WIDTH="185" VPOS="3596" HPOS="249"/>
<SP HEIGHT="29" WIDTH="25" VPOS="3610" HPOS="435"/>
<String CONTENT="used" HEIGHT="44" WIDTH="112" VPOS="3594" HPOS="461"/>
<SP HEIGHT="45" WIDTH="26" VPOS="3594" HPOS="574"/>
<String CONTENT="as" HEIGHT="29" WIDTH="49" VPOS="3610" HPOS="601"/>
<SP HEIGHT="29" WIDTH="30" VPOS="3609" HPOS="651"/>
<String CONTENT="reference," HEIGHT="49" WIDTH="254" VPOS="3593" HPOS="682"/>
<SP HEIGHT="33" WIDTH="27" VPOS="3609" HPOS="937"/>
<String CONTENT="and" HEIGHT="46" WIDTH="91" VPOS="3590" HPOS="965"/>
<SP HEIGHT="44" WIDTH="29" VPOS="3590" HPOS="1057"/>
<String CONTENT="contributed" HEIGHT="46" WIDTH="293" VPOS="3589" HPOS="1087"/>
<SP HEIGHT="46" WIDTH="29" VPOS="3589" HPOS="1381"/>
<String CONTENT="articles&#8221;:" HEIGHT="45" WIDTH="237" VPOS="3590" HPOS="1411"/>
<SP HEIGHT="38" WIDTH="29" VPOS="3606" HPOS="1649"/>
<String CONTENT="p." HEIGHT="38" WIDTH="40" VPOS="3606" HPOS="1679"/>
<SP HEIGHT="45" WIDTH="28" VPOS="3592" HPOS="1720"/>
<String CONTENT="509." HEIGHT="45" WIDTH="94" VPOS="3592" HPOS="1749"/>
</TextLine>
<TextLine HEIGHT="60" WIDTH="1994" VPOS="3646" HPOS="176" STYLEREFS="StyleId-6207D0DD-0597-42AC-988C-65E624F2F1E7-">
<String CONTENT="&#169;" HEIGHT="54" WIDTH="53" VPOS="3652" HPOS="176"/>
<SP HEIGHT="54" WIDTH="27" VPOS="3652" HPOS="230"/>
<String CONTENT="Oct." HEIGHT="44" WIDTH="101" VPOS="3654" HPOS="258"/>
<SP HEIGHT="42" WIDTH="30" VPOS="3654" HPOS="360"/>
<String CONTENT="10," HEIGHT="52" WIDTH="61" VPOS="3652" HPOS="391"/>
<SP HEIGHT="50" WIDTH="30" VPOS="3654" HPOS="453"/>
<String CONTENT="1924;" HEIGHT="51" WIDTH="129" VPOS="3652" HPOS="484"/>
<SP HEIGHT="51" WIDTH="28" VPOS="3652" HPOS="614"/>
<String CONTENT="2c." HEIGHT="42" WIDTH="65" VPOS="3652" HPOS="643"/>
<SP HEIGHT="28" WIDTH="26" VPOS="3666" HPOS="709"/>
<String CONTENT="and" HEIGHT="42" WIDTH="86" VPOS="3651" HPOS="736"/>
<SP HEIGHT="42" WIDTH="25" VPOS="3651" HPOS="823"/>
<String CONTENT="aff." HEIGHT="42" WIDTH="79" VPOS="3650" HPOS="849"/>
<SP HEIGHT="52" WIDTH="25" VPOS="3650" HPOS="929"/>
<String CONTENT="Jan." HEIGHT="52" WIDTH="99" VPOS="3650" HPOS="955"/>
<SP HEIGHT="43" WIDTH="26" VPOS="3649" HPOS="1055"/>
<String CONTENT="22," HEIGHT="52" WIDTH="68" VPOS="3648" HPOS="1082"/>
<SP HEIGHT="51" WIDTH="30" VPOS="3649" HPOS="1151"/>
<String CONTENT="1925;" HEIGHT="54" WIDTH="129" VPOS="3646" HPOS="1182"/>
<SP HEIGHT="52" WIDTH="29" VPOS="3648" HPOS="1312"/>
<!-- cceid 2A1483FD-6DD5-1014-B757-AF09C522E301 --><String CONTENT="A" HEIGHT="42" WIDTH="47" VPOS="3648" HPOS="1342"/>
<SP HEIGHT="46" WIDTH="23" VPOS="3648" HPOS="1390"/>
<String CONTENT="815705;" HEIGHT="54" WIDTH="190" VPOS="3647" HPOS="1414"/>
<SP HEIGHT="52" WIDTH="28" VPOS="3650" HPOS="1605"/>
<String CONTENT="John" HEIGHT="52" WIDTH="119" VPOS="3650" HPOS="1634"/>
<SP HEIGHT="45" WIDTH="29" VPOS="3648" HPOS="1754"/>
<String CONTENT="C." HEIGHT="45" WIDTH="49" VPOS="3648" HPOS="1784"/>
<SP HEIGHT="43" WIDTH="26" VPOS="3651" HPOS="1834"/>
<String CONTENT="Winston" HEIGHT="45" WIDTH="214" VPOS="3650" HPOS="1861"/>
<SP HEIGHT="28" WIDTH="26" VPOS="3667" HPOS="2076"/>
<String CONTENT="co." HEIGHT="28" WIDTH="67" VPOS="3667" HPOS="2103"/>
</TextLine>
<TextLine HEIGHT="56" WIDTH="242" VPOS="3708" HPOS="254" STYLEREFS="StyleId-6207D0DD-0597-42AC-988C-65E624F2F1E7-">
<String CONTENT="(25-2577)" HEIGHT="56" WIDTH="242" VPOS="3708" HPOS="254"/>
</TextLine>
<TextLine HEIGHT="73" WIDTH="1185" VPOS="3791" HPOS="177" STYLEREFS="StyleId-4152E960-259F-4BDB-989C-593426842DFB-" CS="1">
<String CONTENT="Barrows," HEIGHT="68" WIDTH="309" VPOS="3796" HPOS="177"/>
<SP HEIGHT="70" WIDTH="33" VPOS="3794" HPOS="487"/>
<String CONTENT="Harlan" HEIGHT="57" WIDTH="243" VPOS="3792" HPOS="521"/>
<SP HEIGHT="57" WIDTH="31" VPOS="3791" HPOS="765"/>
<String CONTENT="H" HEIGHT="56" WIDTH="60" VPOS="3791" HPOS="797"/>
<SP/>
<String CONTENT="1877-" HEIGHT="57" WIDTH="190" VPOS="3791" HPOS="1172"/>
</TextLine>
<TextLine HEIGHT="78" WIDTH="1915" VPOS="3868" HPOS="257">
<String CONTENT="Geography," HEIGHT="73" WIDTH="394" VPOS="3873" HPOS="257"/>
<SP HEIGHT="74" WIDTH="44" VPOS="3871" HPOS="652"/>
<String CONTENT="journeys" HEIGHT="72" WIDTH="300" VPOS="3871" HPOS="697"/>
<SP HEIGHT="58" WIDTH="42" VPOS="3870" HPOS="998"/>
<String CONTENT="in" HEIGHT="56" WIDTH="68" VPOS="3870" HPOS="1041"/>
<SP HEIGHT="56" WIDTH="38" VPOS="3870" HPOS="1110"/>
<String CONTENT="distant" HEIGHT="58" WIDTH="242" VPOS="3868" HPOS="1149"/>
<SP HEIGHT="58" WIDTH="38" VPOS="3868" HPOS="1392"/>
<String CONTENT="lands," HEIGHT="73" WIDTH="200" VPOS="3868" HPOS="1431"/>
<SP HEIGHT="70" WIDTH="43" VPOS="3871" HPOS="1632"/>
<String CONTENT="by" HEIGHT="70" WIDTH="84" VPOS="3871" HPOS="1676"/>
<SP HEIGHT="70" WIDTH="38" VPOS="3871" HPOS="1761"/>
<String CONTENT="Harlan" HEIGHT="57" WIDTH="248" VPOS="3871" HPOS="1800"/>
<SP HEIGHT="56" WIDTH="41" VPOS="3871" HPOS="2049"/>
<String CONTENT="H." HEIGHT="56" WIDTH="81" VPOS="3871" HPOS="2091"/>
</TextLine>
<TextLine HEIGHT="64" WIDTH="1998" VPOS="3946" HPOS="177" CS="1">
<String CONTENT="Barrows" HEIGHT="58" WIDTH="295" VPOS="3952" HPOS="177"/>
<SP HEIGHT="37" WIDTH="58" VPOS="3971" HPOS="473"/>
<String CS="1" CONTENT="&#8230;"/>
<SP HEIGHT="36" WIDTH="57" VPOS="3970" HPOS="593"/>
<String CONTENT="and" HEIGHT="57" WIDTH="124" VPOS="3950" HPOS="651"/>
<SP HEIGHT="59" WIDTH="48" VPOS="3948" HPOS="776"/>
<String CONTENT="Edith" HEIGHT="57" WIDTH="197" VPOS="3947" HPOS="825"/>
<SP HEIGHT="56" WIDTH="48" VPOS="3947" HPOS="1023"/>
<String CONTENT="Putnam" HEIGHT="55" WIDTH="273" VPOS="3947" HPOS="1072"/>
<SP HEIGHT="55" WIDTH="50" VPOS="3947" HPOS="1346"/>
<String CONTENT="Parker" HEIGHT="60" WIDTH="244" VPOS="3946" HPOS="1397"/>
<SP HEIGHT="39" WIDTH="54" VPOS="3966" HPOS="1642"/>
<String CS="1" CONTENT="&#8230;"/>
<SP HEIGHT="60" WIDTH="86" VPOS="3949" HPOS="1759"/>
<String CONTENT="Rev." HEIGHT="58" WIDTH="152" VPOS="3949" HPOS="1846"/>
<SP HEIGHT="37" WIDTH="49" VPOS="3968" HPOS="1999"/>
<String CONTENT="and" HEIGHT="59" WIDTH="126" VPOS="3950" HPOS="2049"/>
</TextLine>
</TextBlock>
<GraphicalElement ID="Page17_Block3" HEIGHT="22" WIDTH="262" VPOS="1840" HPOS="420"/>
<GraphicalElement ID="Page17_Block4" HEIGHT="16" WIDTH="214" VPOS="1852" HPOS="206"/>
</PrintSpace>
</Page>
</Layout>
</alto>