2533 4412
1316 4103 76 58 30

366 450 289 73 Sargent,
694 450 242 73 Daniel,
976 454 192 56 1890-

445 540 130 59 The
624 541 159 58 road
830 545 64 54 to
942 542 616 71 Welles-Perennes;
1611 563 35 37 a
1699 546 179 69 story
1925 544 66 57 in
2039 564 203 52 verse,
2293 547 81 70 by

364 619 2011 78 Daniel Sargent … Boston, The Four seas company
383 698 188 74 [ c 1924]
431 793 57 44 46
514 806 42 39 p.
585 791 104 44 incl.
724 792 144 43 front.
931 793 51 44 19½
1017 794 47 17 cm
1071 826 9 9 .

361 862 54 55 ©
443 864 120 53 Aug.
596 862 63 55 15,
693 864 129 52 1924;
851 865 65 43 2c.
949 862 120 54 Sept.
1100 864 48 52 8;
1179 864 79 44 aff.
1286 864 100 53 Jan.
1412 865 41 52 2,
1486 862 130 55 1925;
1648 864 44 44 A
1721 864 189 54 814466;
1942 863 126 47 Four
2096 882 98 29 seas
2223 883 65 28 co.

441 920 215 56 (25-601)

363 1024 293 72 Sheldon,
693 1025 291 57 Addison
1021 1025 232 71 Erwin,
1294 1026 189 57 1861-

439 1116 331 58 Nebraska
797 1116 145 57 civil
969 1118 428 70 government,
1425 1116 83 71 by
1535 1114 290 61 Addison
1850 1116 219 57 Erwin
2098 1116 276 60 Sheldon...

535 1194 279 70 Lincoln,
869 1192 271 74 Chicago
1198 1196 146 70 [etc.]
1403 1194 130 56 The
1584 1193 375 73 University
2009 1194 366 75 publishing

362 1292 325 53 company,
719 1273 166 56 1924.

430 1381 77 37 xv,
534 1363 82 46 350
644 1379 39 37 p.
713 1362 100 45 incl.
843 1363 151 52 front.,
1024 1362 131 54 illus.,
1183 1363 169 53 diagrs.
1411 1361 55 44 20
1473 1364 47 18 cm
1526 1397 9 7 .

434 1435 307 54 “Interesting
769 1434 236 55 readings”
1034 1443 46 37 at
1107 1436 84 43 end
1219 1434 52 45 of
1296 1442 119 37 most
1442 1433 52 46 of
1520 1433 76 45 the
1625 1433 222 55 chapters.

356 1508 56 53 ©
439 1510 109 41 Dec.
572 1507 69 52 24,
671 1507 129 52 1924;
828 1508 65 42 2c.
921 1508 109 42 Dec.
1057 1506 79 52 31;
1163 1506 80 43 aff.
1270 1507 108 42 Dec.
1404 1506 79 51 29;
1512 1506 44 42 A
1581 1506 190 51 814489;
1801 1507 267 53 University
2095 1509 101 52 pub.
2225 1523 64 29 co.

438 1564 217 57 (25-700)

361 1667 309 77 [Sinclair,
706 1670 153 57 Mrs.
898 1666 239 57 Bertha
1180 1666 310 74 (Muzzy)]
1530 1667 190 56 1874-

429 1761 230 57 Desert
687 1760 188 70 brew,
904 1759 84 71 by
1013 1758 72 57 B.
1119 1758 83 56 M.
1235 1757 223 57 Bower
1492 1757 250 73 [pseud.]
1775 1757 153 58 with
1959 1758 411 72 frontispiece

357 1840 84 72 by
463 1839 381 71 Remington
871 1836 321 72 Schuyler.
1267 1836 259 71 Boston,
1551 1834 213 72 Little,
1787 1835 250 71 Brown,
2065 1837 123 57 and
358 1856 1988 134 company,
579 1918 166 56 1925.

429 2004 952 56 4 p. l., [3]–311, [1] p. front. 19½c m .
357 2080 53 54 ©
439 2083 100 51 Jan.
565 2081 42 50 2,
638 2077 130 55 1925;
799 2079 65 43 2c.
893 2078 87 43 and
1009 2077 77 45 aff.
1116 2078 99 52 Jan.
1247 2074 47 53 5;
1327 2077 43 42 A
1400 2074 188 52 814528;
1623 2075 153 53 Little,
1807 2076 183 52 Brown,
2018 2078 87 43 and
2135 2093 232 37 company.

436 2136 218 56 (25-757)

360 2240 244 73 Singer,
644 2237 284 60 William
966 2236 63 59 S.

438 2332 293 72 Singer’s
770 2329 185 73 guide
997 2328 126 56 and
1162 2326 333 58 estimator
1531 2325 104 58 for
1676 2327 258 71 general
1976 2328 391 57 contractors

358 2411 70 58 of
457 2409 304 72 building,
800 2405 384 73 comprising
1221 2404 68 57 of
1323 2423 81 37 an
1438 2423 151 52 easy
1625 2406 236 69 system
1898 2403 67 58 of
2003 2405 365 74 estimating

356 2487 297 59 material
705 2486 123 57 and
880 2485 182 57 labor
1116 2486 70 54 at
1233 2482 260 57 various
1548 2482 209 71 prices
1817 2482 389 72 throughout
2262 2485 102 56 the

357 2559 2007 75 United States … St. Louis, Mo., Singer-Ammerman co.
359 2678 12 43 [
374 2654 19 23 c
396 2647 166 73 1924]

428 2722 94 54 586,
557 2723 52 42 14
639 2736 40 38 p.
716 2720 101 44 incl.
853 2720 132 51 illus.,
1019 2718 158 45 tables.
1240 2717 52 44 17½
1327 2719 47 18 cm
1380 2751 10 9 .

353 2792 56 54 ©
442 2794 109 41 Dec.
587 2792 63 52 13,
686 2789 130 52 1924;
850 2790 65 42 2c.
950 2789 109 43 Dec.
1097 2785 73 54 15;
1206 2787 79 44 aff.
1317 2787 99 52 Jan.
1451 2785 38 53 5,
1525 2784 131 53 1925;
1692 2786 43 42 A
1769 2784 189 54 814582;
1993 2787 76 44 W.
2106 2786 44 46 S.
2189 2786 177 55 Singer,

429 2849 64 47 St.
519 2850 150 43 Louis.
733 2846 245 55 (25-1470)

358 2953 228 72 Solley,
627 2952 242 71 George
907 2947 229 60 Willis.

434 3042 299 72 Alluring
760 3040 340 72 Rockport,
1128 3057 80 39 an
1232 3035 334 74 unspoiled
1596 3036 153 57 New
1774 3035 293 73 England
2095 3039 163 54 town
2290 3058 75 38 on

361 3113 2008 82 Cape Ann … By George Willis Solley; illustrated by
357 3192 2009 82 H. Boylston Dummer … [Rockport, Mass., G. Butman,
356 3291 19 22 c
379 3281 166 73 1925]

429 3360 80 42 122
533 3372 55 38 p.,
619 3359 18 41 1
689 3392 8 8 l.
759 3356 159 52 front.,
946 3353 134 52 illus.,
1109 3353 161 54 plates.
1329 3352 57 42 22
1391 3353 47 18 cm
1444 3385 10 9 .

428 3415 217 45 Includes
672 3413 211 45 sketches
912 3413 54 43 of
993 3411 177 54 Pigeon
1198 3409 126 46 Cove
1350 3407 92 47 and
1471 3409 249 53 Dogtown.

351 3473 56 53 ©
437 3475 116 50 June
578 3470 68 55 25,
680 3470 130 52 1924;
840 3471 66 42 2c.
938 3470 87 43 and
1055 3469 78 43 aff.
1164 3469 100 52 Jan.
1292 3467 40 51 2,
1365 3465 131 53 1925;
1529 3467 44 42 A
1603 3464 190 54 814535;
1828 3465 166 52 Solley,
2026 3467 221 43 Dummer
2277 3470 86 42 and

427 3531 211 50 Butman,
665 3529 249 51 Rockport,
944 3528 141 41 Mass.
1151 3523 245 55 (25-2353)

357 3630 328 76 Spalding,
722 3630 220 72 Henry
977 3627 375 69 Stanislaus,
1388 3627 191 57 1865-

436 3713 1856 80 Chapters in social history, by Henry S. Spalding …
354 3792 2002 78 Boston, New York [etc.] D. C. Heath and company [ c 1925]
432 3895 75 36 xv,
534 3877 83 47 457
647 3894 39 37 p.
748 3878 152 46 front.,
929 3876 155 54 plates.
1149 3876 50 44 19
1204 3876 48 18 cm
1259 3910 9 9 .

436 3937 303 44 “References
769 3934 74 44 for
870 3933 179 44 further
1075 3930 158 46 study”
1262 3940 45 35 at
1333 3931 84 43 end
1443 3930 53 44 of
1519 3938 101 45 part
1644 3929 52 43 of
1721 3928 74 44 the
1821 3928 219 53 chapters.

351 3993 56 53 ©
435 3995 99 50 Jan.
565 3992 39 48 8,
636 3988 131 53 1925;
797 3990 65 42 2c.
892 3990 99 52 Jan.
1026 3988 73 51 16;
1130 3987 79 43 aff.
1239 3987 100 52 Jan.
1372 3986 74 52 12;
1479 3986 43 42 A
1552 3984 190 51 814676;
1776 3986 55 42 D.
1865 3983 48 45 C.
1946 3984 155 44 Heath
2133 3987 37 43 &
2199 4002 65 28 co.

433 4048 243 54 (25-2306)
