2533 4412
1145 4067 75 58 19

185 435 320 72 Brisbane,
545 435 257 71 Arthur,
845 438 188 57 1864-

264 525 219 71 Today
527 525 124 57 and
692 525 106 59 the
842 524 216 59 future
1103 525 124 70 day
1281 523 109 70 (an
1437 521 279 73 analysis
1763 522 68 59 of
1878 527 121 54 two
2045 542 132 39 new

184 601 1993 73 books) with other articles, by Arthur Brisbane … New
184 681 174 57 York
387 679 144 72 city,
563 680 342 58 Albertson
938 679 362 75 publishing
1331 697 322 55 company,
1688 687 18 23 c
1710 678 168 59 1925.

252 758 83 45 256
362 773 41 38 p.
463 757 119 44 illus.
642 758 50 42 21
702 760 46 17 cm
755 793 8 8 .

256 812 1873 56 “Two interesting books … Daedalus … by J. B. S. Haldane .… Icarus …
184 872 60 52 by
270 870 229 46 Bertrand
527 870 235 46 Russell”:
793 888 41 38 p.
863 872 147 46 12-38.

179 926 56 54 ©
258 928 100 53 Jan.
382 928 40 50 2,
451 927 103 46 1925;
606 929 64 44 2c.
695 930 101 51 Jan.
822 929 49 53 6;
899 930 79 44 aff.
1036 944 68 28 Jan.
1133 929 47 47 5;
1208 931 44 41 A
1277 927 190 55 815610;
1494 929 250 44 Albertson
1771 930 100 51 pub.
1897 944 65 29 co.

260 983 242 57 (25-2375)

183 1086 356 72 Buchanan,
578 1087 236 59 Robert
850 1089 202 71 Earle,
1093 1090 188 56 1883-

184 1179 1967 151 … General systematic bacteriology; history, nomenclature, groups of bacteria,
185 1257 1970 150 by R. E. Buchanan … Baltimore, Williams & Wilkins company, 1925.
257 1411 80 48 597
372 1430 38 36 p.
471 1414 52 45 23½
559 1416 47 17 cm
613 1449 8 9 .
689 1412 293 55 (Half-title:
1025 1414 183 52 Society
1242 1414 52 45 of
1326 1412 246 47 American
1605 1412 378 53 bacteriologists.
184 1414 1972 109 Monographs

409 1486 60 30 on
494 1470 260 53 systematic
781 1469 327 53 bacteriology.
1167 1472 90 44 vol.
1311 1471 18 51 I)

258 1527 149 46 Series
432 1528 100 44 title
554 1527 46 44 in
626 1534 102 45 part
752 1536 46 36 at
821 1525 117 46 head
963 1527 53 45 of
1038 1536 97 42 t.-p.

256 1583 355 53 Bibliography:
638 1600 40 35 p.
703 1582 205 46 533-559.

183 1636 52 53 ©
263 1639 98 51 Jan.
397 1637 62 52 17,
491 1637 130 51 1925;
651 1638 66 42 2c.
747 1636 88 44 and
863 1636 78 43 aff.
971 1636 98 51 Jan.
1098 1636 78 50 20;
1208 1636 43 42 A
1281 1634 189 52 815664;
1503 1635 230 44 Williams
1765 1637 35 43 &
1829 1636 199 44 Wilkins
2058 1653 64 28 co.

261 1692 242 56 (25-2278)

186 1779 341 73 Caballero,
558 1781 265 58 Fernán,
852 1781 198 72 pseud.
1098 1779 66 72 of
1192 1778 234 58 Cecilia
1451 1778 160 57 Böhl
1637 1778 79 59 de
1741 1778 220 71 Faber,
261 1780 1921 138 1796-1877.

330 1946 1850 75 … Un servilón y un liberalito; o, Tres almas de Dios,
185 2048 118 53 por
346 2029 250 56 Fernán
642 2026 360 72 Caballero;
1050 2025 209 59 edited
1298 2024 152 60 with
1490 2025 447 74 introduction,
1982 2031 198 73 notes,

189 2105 477 60 direct-method
715 2105 325 72 exercises,
1094 2106 124 57 and
1264 2105 400 71 vocabulary,
1713 2106 85 71 by
1847 2105 165 62 Nina
2060 2107 125 58 Lee

185 2181 1998 78 Weisinger … Philadelphia, Chicago [etc.] The John C.
183 2261 294 60 Winston
508 2280 308 54 company
845 2290 13 44 [
861 2269 18 23 c
883 2262 165 72 1924]

186 2337 1975 114 xxx, 245 p. incl. front. (port.) illus. 16 cm . (The Winston modern language series)
184 2454 53 53 ©
264 2455 118 44 Nov.
408 2454 68 52 24,
507 2453 129 51 1924;
663 2455 64 42 2c.
754 2455 86 43 and
866 2454 78 43 aff.
973 2454 98 52 Jan.
1098 2454 68 51 22,
1197 2452 130 54 1925;
1357 2453 46 44 A
1430 2452 187 53 815706;
1648 2454 119 52 John
1797 2454 49 44 C.
1872 2456 215 45 Winston
2116 2472 65 27 co.

268 2510 56 53 [©
351 2511 317 52 introduction,
692 2518 143 44 notes,
862 2511 349 43 direct-method
1238 2510 224 44 exercises
1488 2511 86 43 and
1599 2512 288 53 vocabulary]

264 2567 241 57 (25-2245)

187 2656 268 71 Calvert,
491 2655 183 57 Alan.

267 2744 1915 77 Super strength, by Alan Calvert … Philadelphia, Pa.,
188 2824 151 58 Milo
369 2822 362 74 publishing
759 2841 307 54 company
1097 2852 13 43 [
1113 2830 18 23 c
1134 2821 166 75 1924]

256 2899 1132 54 2 p. l., 220 p. front., illus., 94 pl. on 47 l. 19½cm
185 2957 53 53 ©
264 2958 107 53 July
402 2958 62 52 10,
494 2958 107 43 1924;
653 2959 64 42 2c.
749 2956 121 55 Sept.
900 2958 49 52 8;
980 2958 78 43 aff.
1090 2956 121 53 Sept.
1240 2959 49 43 4:
1320 2959 44 41 A
1393 2957 189 53 815668;
1615 2958 114 44 Milo
1758 2960 100 51 pub.
1887 2976 66 28 co.

265 3014 242 54 (25-2154)

189 3102 117 57 Chi
336 3101 125 74 phi.

266 3192 128 59 The
440 3191 113 61 Chi
595 3192 108 73 phi
745 3192 365 73 fraternity,
1152 3191 351 60 centennial
1541 3195 326 59 memorial
1907 3196 275 73 volume;

187 3271 552 72 commemorating
762 3272 102 56 the
895 3270 348 58 centennial
1270 3271 416 72 anniversary
1711 3274 68 56 of
1804 3274 103 57 the
188 3274 1972 133 Princeton
337 3349 236 72 society
612 3348 67 58 of

722 3348 114 59 Chi
875 3349 110 71 phi
1023 3352 63 55 to
1128 3349 198 56 which
1366 3349 103 57 the
1511 3349 348 73 fraternity
1898 3371 162 39 owes
2100 3352 82 58 its

188 3425 1706 74 existence … [Lancaster, Pa.] The Council, 1924.
262 3505 105 43 1329
396 3513 40 43 p.
495 3503 52 44 23½
583 3506 47 17 cm
637 3539 8 7 .

183 3558 57 54 ©
264 3560 100 44 Oct.
390 3558 67 52 24,
485 3559 129 52 1924;
641 3559 64 44 2c.
731 3560 108 43 Dec.
864 3559 49 52 8;
940 3560 78 42 aff.
1046 3560 108 43 Dec.
1184 3559 75 52 19;
1285 3559 44 42 A
1355 3557 189 55 814559;
1574 3559 84 45 Chi
1682 3561 76 53 phi

1784 3561 256 54 fraternity,
256 3564 1905 104 Lancaster,
444 3617 78 43 Pa.
590 3616 215 54 (25-983)

191 3701 335 71 Christian,
566 3702 270 72 Eugene,
878 3702 190 57 1860-

263 3792 337 58 Uncooked
632 3792 184 57 foods
850 3791 48 58 &
926 3791 140 57 how
1097 3794 64 55 to
1193 3810 108 38 use
1336 3791 198 72 them;
1570 3813 38 38 a
1639 3795 262 57 treatise
1936 3815 78 38 on
2046 3797 138 57 how

189 3873 63 54 to
284 3873 103 68 get
415 3870 104 57 the
545 3870 250 72 highest
823 3869 167 57 form
1020 3869 68 57 of
1116 3867 231 58 animal
1378 3888 233 54 energy
1639 3872 167 56 from
1835 3872 167 74 food,
2033 3874 151 57 with

190 3947 239 72 recipes
495 3947 104 57 for
664 3946 431 71 preparation,
1161 3945 313 58 healthful
1541 3948 451 60 combinations
2062 3952 123 57 and
