2533 4412
1061 4050 109 55 129

124 436 250 60 Ahmad
406 437 109 58 ibn
549 438 238 71 Yahyā,
825 439 410 58 al-Balādurī.

270 542 1847 73 … The origins of the Islamic state, being a translation
125 623 167 57 from
347 622 102 56 the
503 621 237 57 Arabic
792 621 439 71 accompanied
1285 620 151 66 with
1495 621 421 70 annotations,
123 641 1970 128 geographic

416 698 123 55 and
569 696 261 57 historic
862 700 179 54 notes
1075 698 65 56 of
1174 697 101 57 the
1311 697 196 57 Kitâb
1541 698 211 57 Futûh
1786 699 334 57 al-Buldân

126 777 67 56 of
233 777 283 57 al-Imâm
559 777 141 56 abu-l
757 776 211 58 Abbâs
1012 776 250 57 Ahmad
1301 776 321 58 ibn-Jâbir
1663 777 453 72 al-Balâdhuri,

124 853 1993 77 by Francis Clark Murgotten, PH. D. … pt. 2. New York,
127 933 323 58 Columbia
483 932 370 72 university,
892 934 164 55 1924.

193 1024 80 51 xii,
303 1023 80 43 297
416 1038 38 37 p.
512 1023 52 43 23c
591 1026 27 16 m
626 1058 8 8 .
704 1020 207 55 (Studies
945 1022 45 43 in
1019 1021 186 53 history,
1239 1023 251 43 economics
1525 1025 86 42 and
1643 1021 149 55 public
1825 1024 100 52 law,
1959 1025 65 43 ed.
2059 1026 58 51 by

124 1081 77 43 the
232 1080 190 52 Faculty
455 1079 49 44 of
534 1079 200 52 political
768 1078 173 44 science
973 1079 51 43 of
1059 1078 240 45 Columbia
1329 1080 261 52 university,
1623 1080 89 43 vol.
1924 1096 10 37 LXVIII;
1971 1080 147 46 whole

122 1153 70 28 no.
226 1136 148 53 163A)

124 1206 53 53 ©
208 1208 106 51 July
348 1208 63 51 14,
444 1207 129 50 1924;
606 1206 63 42 2c.
701 1206 99 51 Jan.
830 1206 68 52 28,
933 1204 130 53 1925;
1098 1206 77 43 aff.
1209 1207 99 51 Jan.
1340 1205 78 53 27;
1453 1206 42 42 A
1528 1204 189 54 815804;
1754 1206 187 45 Francis
1978 1206 140 45 Clark

196 1265 281 51 Murgotten,
509 1263 139 50 Reno,
684 1262 114 43 Nev.

119 1376 353 71 Albertson,
513 1375 224 74 Ralph,
779 1377 190 57 1866-

203 1470 128 56 The
375 1468 235 58 mental
657 1468 224 73 agility
925 1467 189 72 book;
1163 1488 78 37 an
1291 1468 450 72 encyclopædia
1787 1470 68 57 of
124 1471 1973 133 educational

346 1546 266 72 puzzles,
641 1565 212 54 games
883 1546 68 57 of
977 1546 103 57 the
1105 1546 141 57 wits
1276 1546 105 57 for
1408 1565 235 54 groups
1675 1546 66 58 of
1768 1547 352 74 intelligent

124 1625 237 72 people,
393 1624 184 59 brain
606 1627 229 61 testers
868 1624 106 57 for
1004 1641 191 54 every
1223 1624 276 57 member
1531 1624 67 58 of
1630 1624 105 58 the
1765 1624 243 73 family,
2039 1626 84 71 by

123 1704 207 70 Ralph
355 1703 358 57 Albertson.
781 1702 153 56 New
958 1701 191 71 York,
1176 1702 74 57 A.
1281 1702 49 57 &
1358 1700 64 60 C.
1452 1702 180 70 Boni,
1663 1703 166 56 1925.

194 1791 905 56 5 p. l. 213 p. illus., diagrs. 21 cm .
124 1863 53 54 ©
200 1866 99 51 Jan.
323 1864 65 45 26,
417 1863 129 51 1925;
570 1864 65 42 2c.
658 1862 107 45 Feb.
794 1864 72 51 12;
895 1864 78 42 aff.
999 1862 106 44 Feb.
1133 1863 74 52 16;
1236 1863 42 42 A
1303 1863 188 52 823107;
1518 1864 168 43 Albert
1709 1865 37 43 &
1771 1862 188 46 Charles
1990 1865 128 53 Boni,

195 1922 82 43 inc.
346 1918 241 56 (25-4965)

124 2034 335 60 American
491 2040 220 53 country
787 2034 114 58 life
936 2033 397 59 association.

201 2129 199 56 Rural
430 2129 197 56 home.
703 2127 421 72 Proceedings
1160 2127 67 57 of
1263 2128 103 56 the
1405 2128 166 56 sixth
1606 2127 300 58 National
126 2148 1968 131 country

263 2205 1854 75 life conference, St. Louis, Mo., 1923 … New York,
125 2284 74 57 N.
233 2284 93 72 Y.,
360 2284 340 57 Published
731 2284 83 71 by
844 2284 103 56 the
981 2282 374 73 University
1390 2283 65 57 of
1494 2283 270 74 Chicago
1799 2303 181 53 press
2016 2285 107 58 for

125 2362 103 57 the
258 2362 337 56 American
626 2363 264 69 country
921 2360 112 57 life
1066 2361 379 56 association
1482 2363 180 72 [1924]

194 2452 62 44 vii
283 2467 56 37 p.,
373 2453 16 40 1
443 2486 22 17 l.,
492 2449 82 44 246
604 2465 39 38 p.
705 2450 138 44 front.
902 2451 52 42 23½
991 2453 46 17 cm
1044 2485 8 8 .

126 2522 53 53 ©
209 2523 101 44 Oct.
343 2522 60 50 12,
440 2522 127 50 1924;
600 2524 63 42 8c.
694 2521 108 43 Dec.
830 2520 78 52 24;
942 2520 78 43 aff.
1052 2521 98 51 Jan.
1186 2519 62 53 17,
1282 2519 130 54 1925;
1444 2522 44 42 A
1518 2519 189 54 815643;
1741 2522 156 44 Amer.
1929 2532 191 44 country

196 2579 82 44 life
310 2593 129 38 assn.,
474 2578 116 44 New
623 2578 142 43 York.

124 2693 346 71 Anderson,
513 2693 230 70 James,
784 2692 396 71 1680?-1739,
1221 2710 194 55 comp.

203 2787 393 58 Anderson’s
629 2781 458 63 Constitutions
1118 2786 68 56 of
1213 2785 168 71 1723,
1406 2785 152 58 with
1585 2784 427 62 introduction
2038 2791 82 70 by

126 2861 1997 74 Bro. Lionel Vibert … Washington,. D. C., The Masonic
132 2942 235 60 service
397 2940 378 59 association
803 2941 67 57 of
895 2941 105 57 the
1025 2938 239 61 United
1291 2940 212 59 States
1536 2970 13 43 [
1552 2949 18 21 c
1574 2942 164 73 1924]

196 3029 1923 62 2 p. l , 121 p. illus. 16 cm . (Lettered on cover: Little masonic library,
177 3108 38 29 [no.
247 3091 65 53 1])

198 3161 244 48 Facsimile
469 3157 322 56 reproduction
817 3157 53 47 of
896 3158 192 45 London
1117 3156 184 54 edition,
1332 3157 132 47 1723:
1494 3176 39 36 p.
1561 3158 181 52 25-121.

197 3219 178 47 Music:
399 3235 40 36 p.
469 3217 202 45 115-120.

128 3288 53 53 ©
210 3290 108 41 Dec.
347 3288 37 50 8,
416 3286 129 51 1924;
574 3285 65 42 2c.
668 3284 108 42 Dec.
804 3283 79 51 23;
915 3283 77 42 aff.
1023 3283 98 51 Jan.
1157 3282 61 50 13,
1251 3279 130 55 1925;
1412 3284 44 42 A
1485 3283 189 53 815578;
1709 3288 211 45 Masonic
1949 3291 171 45 service

197 3344 272 44 association
498 3342 50 43 of
575 3341 75 43 the
679 3340 169 44 United
882 3337 161 47 States.
1106 3337 67 54 [©
1203 3339 316 54 introduction]
1591 3342 242 56 (25-4596)

124 3460 395 68 Armstrong,
552 3457 152 55 Mrs.
738 3452 178 58 Alice
946 3453 145 57 Mae
1135 3451 272 75 (Logan)
1452 3457 190 57 1880-

203 3548 271 68 History
514 3544 68 57 of
624 3543 103 57 the
773 3544 163 55 state
979 3541 271 56 Federal
1293 3542 292 58 soldiers’
1627 3545 180 60 home
1851 3552 123 57 and
2018 3554 104 57 the

126 3625 172 58 work
345 3624 68 56 of
461 3622 102 57 the
613 3620 416 71 Department
1077 3618 67 57 of
1192 3618 320 73 Missouri,
1559 3622 327 62 Woman’s
1938 3628 185 60 relief

130 3721 201 53 corps,
377 3702 83 69 by
507 3697 176 58 Alice
734 3697 143 57 Mae
925 3696 397 72 Armstrong.
1436 3697 271 73 [Kansas
1763 3701 161 76 City,
1977 3707 141 73 Mo.,

127 3791 19 21 c
149 3782 163 71 1925]

202 3870 91 54 159,
330 3873 52 47 [1]
420 3885 39 38 p.
519 3867 114 45 illus.
692 3865 54 45 20
752 3868 47 17 cm
805 3900 9 9 .

131 3941 53 53 ©
220 3943 98 50 Jan.
353 3941 67 50 28,
461 3937 130 52 1925;
627 3938 65 42 2c.
728 3936 106 43 Feb.
871 3934 50 53 7;
959 3934 81 45 aff.
1079 3933 108 45 Feb.
1226 3932 49 55 5;
1314 3935 44 42 A
1395 3935 190 56 815953;
1625 3940 57 43 A.
1721 3942 66 44 M.
1827 3944 292 54 Armstrong,

199 3999 180 42 Kansas
412 3994 116 54 City,
559 3996 95 41 Mo.
724 3991 242 55 (25-4971)
