2533 4412
0 0 0 0 614
352 535 89 58 38.
485 534 423 72 Partnership
938 535 136 55 law.
1145 534 373 73 Northport,
1549 533 74 57 N.
1656 533 94 74 Y.,
1782 533 280 58 Edward
352 532 1982 139 Thompson
498 631 324 54 company,
858 614 168 56 1923.

420 691 55 44 94
503 704 41 40 p.
602 690 56 44 24
664 693 47 18 cm
717 725 9 9 .

351 745 54 54 ©
436 748 102 43 Oct.
569 748 66 52 31,
670 747 131 52 1923;
830 746 66 43 2c.
926 746 89 43 and
1044 745 80 44 aff.
1155 747 119 51 June
1300 744 69 54 20,
1400 744 131 54 1925;
1565 744 45 44 A
1640 743 190 55 855621;
1863 744 201 48 Edward
2094 744 268 53 Thompson

420 819 67 30 co.

462 891 130 56 The
627 889 154 58 New
814 888 177 58 York
1024 889 412 73 supplement,
1472 889 154 57 with
1658 890 411 71 key-number
429 892 1912 134 annotations.

728 1014 10 10 v.
770 969 126 56 207.
967 968 387 57 Permanent
1381 969 113 72 ed.,
1525 967 365 74 containing
1916 968 109 57 the
2051 967 310 59 decisions

430 1047 67 57 of
543 1047 105 57 the
696 1045 305 73 Supreme
1049 1048 125 56 and
1218 1046 193 57 lower
1456 1049 211 55 courts
1715 1046 70 57 of
1829 1048 225 56 record
2099 1047 69 57 of
2211 1047 152 57 New

428 1124 1932 74 York state … January 19-March 9, 1925. St. Paul,
427 1203 182 58 West
644 1202 369 73 publishing
1047 1222 107 54 co.,
1196 1204 166 56 1925.

422 1280 200 44 Various
656 1280 204 53 pagings.
918 1280 56 43 23½
1011 1282 46 17 cm
1064 1315 8 8 .
1142 1279 246 55 (National
1423 1288 205 44 reporter
1661 1280 196 55 system)

353 1335 54 54 ©
432 1336 113 53 Apr.
569 1337 69 52 22,
668 1336 130 53 1925;
824 1337 67 43 2c.
918 1338 87 42 and
1030 1337 79 43 aff.
1136 1339 116 51 June
1276 1337 80 53 29;
1384 1337 45 43 A
1457 1337 189 53 829894;
1675 1339 133 43 West
1834 1339 101 51 pub.
1963 1354 65 27 co.

355 1407 283 72 O’Brien,
677 1406 285 62 William
997 1408 59 59 J.

433 1488 130 56 The
595 1506 136 38 new
763 1485 284 60 Catholic
1075 1486 179 58 Bible
1290 1487 274 71 symbols
1595 1487 153 57 with
1781 1489 130 56 The
1946 1490 178 70 story
2151 1488 115 58 life
2299 1488 67 58 of

355 1566 223 71 Jesus;
616 1565 302 73 designed
953 1566 123 56 and
1110 1566 317 71 arranged
1462 1569 63 54 to
1563 1565 320 58 stimulate
1919 1587 36 37 a
1989 1569 254 70 greater
355 1566 1987 136 interest

593 1643 66 57 in
701 1643 172 72 Holy
911 1642 171 60 Writ
1124 1644 123 57 and
1287 1644 66 56 in
1395 1644 104 57 the
1540 1643 114 58 life
1697 1645 68 56 of
1811 1642 232 74 Christ,
2086 1644 84 73 by
2212 1645 151 57 Rev.

353 1720 1990 153 William J. O ’Brien … and the late Rev. Thomas C. Gaffney
567 1798 1796 77 … Chicago [etc.] The John A. Hertel company [ c 1925]
423 1880 26 41 2
469 1894 41 28 V.
535 1879 44 43 in
605 1880 33 41 1.
700 1877 115 44 illus.
843 1878 97 53 (incl.
994 1877 203 54 facsim.)
1226 1877 83 44 col.
1331 1877 158 53 plates,
1511 1880 26 41 2
1558 1886 104 45 port.
1702 1877 97 54 (incl.
1854 1877 165 53 front.)
2049 1878 136 43 form.
2244 1878 55 43 24
2305 1878 47 18 cm
2359 1911 10 9 .

700 1961 57 5 CONTENTS.—
757 1937 78 41 bk.
873 1941 37 37 1.
941 1933 100 45 The
1081 1942 126 46 story
1245 1935 79 45 life
1362 1935 52 44 of
1449 1935 145 54 Jesus,
1633 1935 59 54 by
1730 1933 172 47 Father
1940 1934 352 46 O’Brien.—bk.
2329 1941 40 38 2.

360 1992 206 46 Catholic
594 1991 128 46 Bible
748 1992 214 54 symbols,
990 1991 233 55 teachings
1246 1992 54 46 of
1322 1992 75 45 the
1423 1991 185 55 church,
1631 1992 62 54 by
1716 1991 173 46 Father
1915 1991 209 55 Gaffney.

355 2050 54 54 ©
440 2051 114 52 Apr.
589 2052 65 50 11,
688 2050 131 53 1925;
852 2051 65 43 2c.
946 2051 92 43 and
1065 2051 82 43 aff.
1178 2051 116 52 June
1328 2051 47 52 1;
1410 2050 45 43 A
1487 2050 190 53 829512;
1712 2049 121 53 John
1864 2050 57 44 A.
1955 2050 167 44 Hertel
2155 2065 52 29 co
2212 2085 8 9 .

435 2107 272 56 (25-10703)

358 2179 215 74 Orczy,
609 2177 360 74 Emmuska,
1009 2181 315 73 baroness,
1361 2181 190 57 1865-

425 2257 61 57 A
526 2257 291 73 question
860 2259 67 56 of
970 2257 396 72 temptation,
1408 2257 84 72 by
1531 2257 320 58 Baroness
1897 2256 214 73 Orczy.
2216 2257 152 57 New

356 2336 191 72 York,
577 2335 243 74 George
849 2335 79 57 H.
959 2334 218 58 Doran
1205 2354 308 53 company
1541 2364 14 44 [
1557 2344 20 21 c
1579 2335 165 73 1925]

427 2413 339 53 29 p. 19½ cm .
356 2469 54 54 ©
442 2473 113 51 May
585 2471 37 51 6,
659 2470 131 53 1925;
823 2472 64 42 2c.
922 2471 112 53 May
1065 2471 49 52 8;
1149 2470 79 44 aff.
1261 2472 115 51 June
1405 2470 52 52 2;
1492 2470 45 43 A
1569 2469 191 54 829496;
1798 2469 179 54 George
2010 2470 62 43 H.
2106 2469 159 45 Doran
2296 2483 66 30 co.

435 2526 273 56 (25-10699)

357 2598 313 73 Renfrew,
715 2598 361 74 Garroway.

435 2681 112 72 My
588 2682 103 57 old
729 2680 164 72 field,
935 2682 84 70 by
1061 2680 348 71 Garroway
1448 2680 314 57 Renfrew.
1847 2680 258 71 Boston,
2149 2680 212 70 Mass.,

360 2760 131 57 The
523 2759 332 59 Stratford
885 2776 308 54 company,
1242 2758 165 56 1925.

427 2839 27 42 4
477 2849 42 38 p.
579 2874 9 12 l.,
618 2837 79 44 118
721 2849 41 38 p.
826 2836 50 44 19
884 2839 47 17 cm
937 2875 8 8 .

355 2889 56 53 ©
437 2892 113 51 May
572 2891 67 50 28,
671 2890 103 44 1925;
829 2891 65 43 2c.
921 2891 89 43 and
1033 2890 79 43 aff.
1138 2890 116 52 June
1279 2890 24 43 3;
1359 2889 45 43 A
1429 2888 163 48 829525;
1653 2887 236 48 Stratford
1915 2905 65 28 co.

437 2945 272 57 (25-10773)

359 3017 328 71 Richards,
726 3017 255 58 Lenore.

440 3098 332 56 Tea-room
816 3096 261 72 recipes,
1123 3116 39 37 a
1201 3095 162 58 book
1403 3095 109 57 for
1551 3097 181 56 home
1775 3096 252 59 makers
2071 3099 124 56 and
361 3101 1980 132 tearoom

568 3174 1799 74 managers, by Lenore Richards … and Nola Treat
427 3252 1597 70 … Boston, Little, Brown, and company, 1925.
427 3331 29 42 4
483 3345 40 37 p.
587 3365 9 17 l.,
630 3329 78 44 147
737 3344 41 38 p.
836 3330 52 43 21
898 3332 48 18 cm
952 3365 8 8 .

360 3384 54 54 ©
447 3388 112 50 May
590 3388 38 50 8,
664 3385 130 52 1925;
829 3387 65 42 2c.
927 3387 88 43 and
1046 3387 79 42 aff.
1159 3387 113 51 May
1307 3386 45 42 11;
1415 3386 45 42 A
1492 3383 190 54 855023;
1720 3385 152 53 Little,
1908 3386 182 52 Brown,
2122 3387 88 43 and
431 3401 1911 94 company.
630 3441 272 55 (25-10746)

362 3512 336 73 Robinson,
743 3513 170 59 John
955 3513 235 72 Henry,
1236 3514 190 57 1863-

440 3592 352 72 Principles
831 3596 125 56 and
989 3593 277 72 practice
1303 3594 67 57 of
1402 3592 260 72 poultry
1699 3593 258 66 culture,
1995 3612 36 37 a
2066 3594 159 58 book
2260 3596 105 56 for

363 3670 1999 72 those who w ant a complete work on the subject in one
362 3746 1976 153 volume, by John H. Robinson … Dayton, O., The Reliable poultry journal publishing company [c1925]
438 3908 15 41 1
482 3917 41 38 p.
581 3941 8 14 l.,
612 3902 185 48 vii-xvi,
826 3904 80 44 584
929 3917 40 37 p.
1034 3902 141 46 front.
1201 3901 50 53 (5
1274 3901 145 53 port.)
1452 3902 117 45 illus.
1629 3905 51 42 21
1689 3906 48 18 cm
1743 3939 8 8 .

364 3957 52 54 ©
451 3960 112 51 May
597 3959 64 51 11,
697 3956 129 53 1925;
861 3958 63 42 2c.
959 3958 87 42 and
1079 3957 78 43 aff.
1191 3958 114 51 June
1342 3957 46 52 1;
1425 3956 45 43 A
1501 3954 190 54 829476;
1728 3956 205 44 Reliable
1968 3956 182 54 poultry
2180 3958 184 51 journal

435 4015 100 52 pub.
563 4030 66 28 co.
694 4011 66 56 [©
788 4014 195 43 revision
1010 4012 51 45 of
1085 4021 98 36 text
1210 4014 88 43 and
1323 4028 99 29 new
1450 4012 312 54 illustrations]
1833 4012 273 56 (25-10781)
