<alto xmlns="http://www.loc.gov/standards/alto/ns-v3#" xmlns:xlink="http://www.w3.org/1999/xlink" xmlns:xsi="http://www.w3.org/2001/XMLSchema-instance" xsi:schemaLocation="http://www.loc.gov/standards/alto/ns-v3# http://www.loc.gov/alto/v3/alto-3-0.xsd"><Description>
<MeasurementUnit>pixel</MeasurementUnit>
<sourceImageInformation>
<fileName>1925_v22_Part001.pdf</fileName>
</sourceImageInformation>
<OCRProcessing ID="IdOcr">
<ocrProcessingStep>
<processingDateTime>2019-04-03</processingDateTime>
<processingSoftware>
<softwareCreator>ABBYY</softwareCreator>
<softwareName>ABBYY Recognition Server</softwareName>
<softwareVersion>4.0</softwareVersion>
</processingSoftware>
</ocrProcessingStep>
</OCRProcessing>
</Description>
<Styles>
<ParagraphStyle ID="StyleId-FFFFFFFF-FFFF-FFFF-FFFF-FFFFFFFFFFFF-" ALIGN="Left" LEFT="0." RIGHT="0." FIRSTLINE="0."/>
<ParagraphStyle ID="StyleId-2E5B4E57-07AD-4719-97CB-14521F7F4F8A-" ALIGN="Left" LEFT="0." RIGHT="0." FIRSTLINE="0." LINESPACE="8.899999619"/>
<ParagraphStyle ID="StyleId-62A6F688-D6E3-4EFC-837B-4A4C4EB582B7-" ALIGN="Center" LEFT="0." RIGHT="0." FIRSTLINE="0." LINESPACE="12.19999981"/>
<ParagraphStyle ID="StyleId-21B71EBC-BDB5-4E16-A8F2-58189A39665B-" ALIGN="Block" LEFT="0." RIGHT="0." FIRSTLINE="-13." LINESPACE="11.35000038"/>
<ParagraphStyle ID="StyleId-1E1A68C4-DD4F-417A-A13D-7FEC29ECB499-" ALIGN="Block" LEFT="0." RIGHT="0." FIRSTLINE="-15." LINESPACE="13.30000019"/>
<ParagraphStyle ID="StyleId-6B39EC51-644D-4E90-AF07-84EF2B1E466A-" ALIGN="Block" LEFT="0." RIGHT="0." FIRSTLINE="-15." LINESPACE="8.340000153"/>
<ParagraphStyle ID="StyleId-2C1BA15F-E223-41D6-853D-AAFBDAC17E68-" ALIGN="Center" LEFT="0." RIGHT="0." FIRSTLINE="0." LINESPACE="13."/>
<ParagraphStyle ID="StyleId-A3B2CDF3-43F0-422C-90A0-E074BFEC3BC0-" ALIGN="Block" LEFT="0." RIGHT="0." FIRSTLINE="0." LINESPACE="8.899999619"/>
<ParagraphStyle ID="StyleId-28AB2493-EA15-49C1-A6AC-ED5BC404F0B9-" ALIGN="Center" LEFT="0." RIGHT="0." FIRSTLINE="0." LINESPACE="12.19999981"/>
<ParagraphStyle ID="StyleId-4417A6D4-97E2-4EFC-962D-7FBC0D5273E4-" ALIGN="Left" LEFT="0." RIGHT="0." FIRSTLINE="15." LINESPACE="8.340000153"/>
<ParagraphStyle ID="StyleId-D4EF9C5E-3110-4A39-B7BC-3D84E0F04894-" ALIGN="Center" LEFT="0." RIGHT="0." FIRSTLINE="0." LINESPACE="13.30000019"/>
<ParagraphStyle ID="StyleId-D1243F31-1201-4D92-8F69-43ADB01E9AD1-" ALIGN="Left" LEFT="0." RIGHT="0." FIRSTLINE="-13." LINESPACE="13.30000019"/>
<ParagraphStyle ID="StyleId-C65417C6-23F2-4D8F-BA55-ECE73D98CAB9-" ALIGN="Left" LEFT="0." RIGHT="0." FIRSTLINE="0." LINESPACE="8.899999619"/>
<ParagraphStyle ID="StyleId-835763C1-08DD-41BE-8BAD-8E41EA88DAE3-" ALIGN="Center" LEFT="0." RIGHT="0." FIRSTLINE="0." LINESPACE="11.10000038"/>
<ParagraphStyle ID="StyleId-78FD6B81-8F83-422D-8DF4-4274EAFD19C6-" ALIGN="Block" LEFT="0." RIGHT="0." FIRSTLINE="-17." LINESPACE="12.19999981"/>
<ParagraphStyle ID="StyleId-F506BC7F-570D-458B-9F05-A143E1F5FD17-" ALIGN="Block" LEFT="0." RIGHT="0." FIRSTLINE="-17." LINESPACE="11.35000038"/>
<ParagraphStyle ID="StyleId-CBE02C6B-22D0-48C6-A874-7E90A22F4375-" ALIGN="Center" LEFT="0." RIGHT="0." FIRSTLINE="0." LINESPACE="4.400000095"/>
<ParagraphStyle ID="StyleId-14CC0121-63AF-4AB4-9656-E02F46C61AF2-" ALIGN="Left" LEFT="0." RIGHT="0." FIRSTLINE="0." LINESPACE="8.899999619"/>
<ParagraphStyle ID="StyleId-DD64CECB-1B22-4BFF-84F0-DFDE2B0000F8-" ALIGN="Left" LEFT="0." RIGHT="0." FIRSTLINE="0." LINESPACE="12.19999981"/>
<ParagraphStyle ID="StyleId-8AEF4AA8-141A-4E5D-9C3E-C0F9F43C742F-" ALIGN="Left" LEFT="0." RIGHT="0." FIRSTLINE="0." LINESPACE="8.300000191"/>
<ParagraphStyle ID="StyleId-8C396D2A-39C0-48AB-BABA-2679D8AB257E-" ALIGN="Left" LEFT="0." RIGHT="0." FIRSTLINE="0." LINESPACE="11.10000038"/>
<ParagraphStyle ID="StyleId-3B7FE50F-10D4-487F-BDCD-FD26EB60FD4A-" ALIGN="Block" LEFT="0." RIGHT="0." FIRSTLINE="13." LINESPACE="8.340000153"/>
<ParagraphStyle ID="StyleId-8CC5CC8E-615B-4C42-BB46-DB28FA355C27-" ALIGN="Left" LEFT="0." RIGHT="0." FIRSTLINE="0." LINESPACE="12.19999981"/>
<ParagraphStyle ID="StyleId-BC67E79D-8D99-4188-8B35-A59DBB7E2BB0-" ALIGN="Block" LEFT="0." RIGHT="0." FIRSTLINE="11." LINESPACE="9.399999619"/>
</Styles>
<Layout>
<Page ID="Page1154" PHYSICAL_IMG_NR="1154" HEIGHT="4412" WIDTH="2533">
<TopMargin HEIGHT="384" WIDTH="2533" VPOS="0" HPOS="0">
</TopMargin>
<LeftMargin HEIGHT="3744" WIDTH="308" VPOS="384" HPOS="0">
</LeftMargin>
<RightMargin HEIGHT="3744" WIDTH="137" VPOS="384" HPOS="2396">
</RightMargin>
<BottomMargin HEIGHT="284" WIDTH="2533" VPOS="4128" HPOS="0">
</BottomMargin>
<PrintSpace HEIGHT="3744" WIDTH="2088" VPOS="384" HPOS="308">
<TextBlock ID="Page1154_Block1" HEIGHT="74" WIDTH="170" VPOS="4054" HPOS="1292" LANG="en-US" STYLEREFS="StyleId-75D542F0-5667-4CCC-A874-879ED8239377-">
<TextLine HEIGHT="55" WIDTH="149" VPOS="4064" HPOS="1302">
<String CONTENT="1154" HEIGHT="55" WIDTH="149" VPOS="4064" HPOS="1302"/>
</TextLine>
</TextBlock>
<TextBlock ID="Page1154_Block2" HEIGHT="3678" WIDTH="2088" VPOS="384" HPOS="308" LANG="en-US" CS="1" STYLEREFS="StyleId-D9F0A621-73B9-4D9B-9658-1FE80FEF2D47-">
<TextLine HEIGHT="76" WIDTH="1178" VPOS="395" HPOS="376" STYLEREFS="StyleId-A5F3171D-D595-4A3F-AE9E-31BE1E19977E-">
<String CONTENT="Liddell" HEIGHT="59" WIDTH="248" VPOS="395" HPOS="376"/>
<SP HEIGHT="58" WIDTH="33" VPOS="396" HPOS="625"/>
<String CONTENT="Hart," HEIGHT="69" WIDTH="181" VPOS="396" HPOS="659"/>
<SP HEIGHT="68" WIDTH="36" VPOS="397" HPOS="841"/>
<String CONTENT="Basil" HEIGHT="59" WIDTH="179" VPOS="395" HPOS="878"/>
<SP HEIGHT="59" WIDTH="31" VPOS="395" HPOS="1058"/>
<String CONTENT="Henry," HEIGHT="74" WIDTH="235" VPOS="397" HPOS="1090"/>
<SP HEIGHT="67" WIDTH="37" VPOS="401" HPOS="1326"/>
<String CONTENT="1895-" HEIGHT="56" WIDTH="190" VPOS="401" HPOS="1364"/>
</TextLine>
<TextLine HEIGHT="74" WIDTH="1933" VPOS="487" HPOS="453" STYLEREFS="StyleId-A5F3171D-D595-4A3F-AE9E-31BE1E19977E-">
<String CONTENT="Paris;" HEIGHT="71" WIDTH="219" VPOS="487" HPOS="453"/>
<SP HEIGHT="51" WIDTH="41" VPOS="507" HPOS="673"/>
<String CONTENT="or," HEIGHT="52" WIDTH="88" VPOS="506" HPOS="715"/>
<SP HEIGHT="70" WIDTH="40" VPOS="488" HPOS="804"/>
<String CONTENT="The" HEIGHT="58" WIDTH="131" VPOS="487" HPOS="845"/>
<SP HEIGHT="58" WIDTH="37" VPOS="487" HPOS="977"/>
<String CONTENT="future" HEIGHT="59" WIDTH="218" VPOS="487" HPOS="1015"/>
<SP HEIGHT="39" WIDTH="35" VPOS="507" HPOS="1234"/>
<String CONTENT="of" HEIGHT="57" WIDTH="69" VPOS="488" HPOS="1270"/>
<SP HEIGHT="57" WIDTH="34" VPOS="488" HPOS="1340"/>
<String CONTENT="war," HEIGHT="52" WIDTH="150" VPOS="507" HPOS="1375"/>
<SP HEIGHT="70" WIDTH="38" VPOS="489" HPOS="1526"/>
<String CONTENT="by" HEIGHT="72" WIDTH="84" VPOS="489" HPOS="1565"/>
<SP HEIGHT="73" WIDTH="38" VPOS="488" HPOS="1650"/>
<String CONTENT="Capt." HEIGHT="73" WIDTH="180" VPOS="488" HPOS="1689"/>
<SP HEIGHT="56" WIDTH="39" VPOS="490" HPOS="1870"/>
<String LANG="fr" CONTENT="B." HEIGHT="57" WIDTH="72" VPOS="490" HPOS="1910"/>
<SP HEIGHT="58" WIDTH="38" VPOS="489" HPOS="1983"/>
<String CONTENT="H." HEIGHT="59" WIDTH="79" VPOS="489" HPOS="2022"/>
<SP HEIGHT="57" WIDTH="38" VPOS="491" HPOS="2102"/>
<String CONTENT="Liddell" HEIGHT="59" WIDTH="245" VPOS="491" HPOS="2141"/>
</TextLine>
<TextLine HEIGHT="77" WIDTH="1759" VPOS="564" HPOS="375" STYLEREFS="StyleId-A5F3171D-D595-4A3F-AE9E-31BE1E19977E-" CS="1">
<String CONTENT="Hart." HEIGHT="58" WIDTH="185" VPOS="565" HPOS="375"/>
<SP HEIGHT="58" WIDTH="82" VPOS="564" HPOS="561"/>
<String CONTENT="New" HEIGHT="58" WIDTH="153" VPOS="564" HPOS="644"/>
<SP HEIGHT="56" WIDTH="22" VPOS="565" HPOS="798"/>
<String CONTENT="York," HEIGHT="72" WIDTH="192" VPOS="565" HPOS="821"/>
<SP HEIGHT="72" WIDTH="28" VPOS="565" HPOS="1014"/>
<String CONTENT="E." HEIGHT="58" WIDTH="73" VPOS="565" HPOS="1043"/>
<SP HEIGHT="57" WIDTH="29" VPOS="566" HPOS="1117"/>
<String CONTENT="P." HEIGHT="56" WIDTH="70" VPOS="566" HPOS="1147"/>
<SP HEIGHT="57" WIDTH="28" VPOS="565" HPOS="1218"/>
<String CONTENT="Dutton" HEIGHT="61" WIDTH="242" VPOS="565" HPOS="1247"/>
<SP HEIGHT="59" WIDTH="25" VPOS="566" HPOS="1490"/>
<String CONTENT="&amp;" HEIGHT="59" WIDTH="48" VPOS="566" HPOS="1516"/>
<SP HEIGHT="59" WIDTH="27" VPOS="566" HPOS="1565"/>
<String CONTENT="company" HEIGHT="54" WIDTH="308" VPOS="585" HPOS="1593"/>
<SP HEIGHT="53" WIDTH="28" VPOS="587" HPOS="1902"/>
<String CS="1" CONTENT="["/>
<String STYLE="superscript" CONTENT="c" HEIGHT="22" WIDTH="18" VPOS="576" HPOS="1946"/>
<String CONTENT="1925]" HEIGHT="72" WIDTH="165" VPOS="569" HPOS="1969"/>
</TextLine>
<TextLine HEIGHT="54" WIDTH="1343" VPOS="657" HPOS="445" CS="1">
<String CONTENT="4" HEIGHT="41" WIDTH="26" VPOS="660" HPOS="445"/>
<SP/>
<String LANG="fr" CONTENT="p." HEIGHT="38" WIDTH="38" VPOS="673" HPOS="498"/>
<SP HEIGHT="43" WIDTH="25" VPOS="659" HPOS="537"/>
<String LANG="fr" CS="1" CONTENT="l"/>
<String CONTENT=".," HEIGHT="18" WIDTH="23" VPOS="693" HPOS="581"/>
<SP HEIGHT="53" WIDTH="25" VPOS="658" HPOS="605"/>
<String CONTENT="86" HEIGHT="44" WIDTH="54" VPOS="657" HPOS="631"/>
<SP HEIGHT="53" WIDTH="24" VPOS="657" HPOS="686"/>
<String CONTENT="p." HEIGHT="38" WIDTH="39" VPOS="672" HPOS="711"/>
<SP HEIGHT="41" WIDTH="63" VPOS="660" HPOS="751"/>
<String CONTENT="16" HEIGHT="44" WIDTH="51" VPOS="657" HPOS="815"/>
<String STYLE="superscript" CONTENT="cm" HEIGHT="19" WIDTH="47" VPOS="658" HPOS="873"/>
<String CONTENT="." HEIGHT="9" WIDTH="8" VPOS="692" HPOS="926"/>
<SP HEIGHT="30" WIDTH="62" VPOS="674" HPOS="935"/>
<String CONTENT="[To-day" HEIGHT="54" WIDTH="198" VPOS="657" HPOS="998"/>
<SP HEIGHT="38" WIDTH="23" VPOS="673" HPOS="1197"/>
<String CONTENT="and" HEIGHT="43" WIDTH="88" VPOS="659" HPOS="1221"/>
<SP HEIGHT="43" WIDTH="24" VPOS="659" HPOS="1310"/>
<String CONTENT="to-morrow" HEIGHT="37" WIDTH="273" VPOS="666" HPOS="1335"/>
<SP HEIGHT="28" WIDTH="27" VPOS="674" HPOS="1609"/>
<String CONTENT="series]" HEIGHT="46" WIDTH="151" VPOS="659" HPOS="1637"/>
</TextLine>
<TextLine HEIGHT="56" WIDTH="1896" VPOS="727" HPOS="375">
<String CONTENT="&#169;" HEIGHT="54" WIDTH="54" VPOS="727" HPOS="375"/>
<SP HEIGHT="54" WIDTH="29" VPOS="727" HPOS="430"/>
<String CONTENT="Oct." HEIGHT="44" WIDTH="103" VPOS="729" HPOS="460"/>
<SP HEIGHT="42" WIDTH="25" VPOS="730" HPOS="564"/>
<String CONTENT="2," HEIGHT="50" WIDTH="40" VPOS="730" HPOS="590"/>
<SP HEIGHT="50" WIDTH="31" VPOS="730" HPOS="631"/>
<String CONTENT="1925;" HEIGHT="53" WIDTH="132" VPOS="728" HPOS="663"/>
<SP HEIGHT="52" WIDTH="28" VPOS="729" HPOS="796"/>
<String CONTENT="2c." HEIGHT="43" WIDTH="64" VPOS="729" HPOS="825"/>
<SP HEIGHT="44" WIDTH="31" VPOS="730" HPOS="890"/>
<String CONTENT="Oct." HEIGHT="44" WIDTH="102" VPOS="730" HPOS="922"/>
<SP HEIGHT="44" WIDTH="30" VPOS="728" HPOS="1025"/>
<String CONTENT="5;" HEIGHT="53" WIDTH="48" VPOS="728" HPOS="1056"/>
<SP HEIGHT="37" WIDTH="32" VPOS="744" HPOS="1105"/>
<String CONTENT="aff." HEIGHT="43" WIDTH="79" VPOS="730" HPOS="1138"/>
<SP HEIGHT="44" WIDTH="31" VPOS="729" HPOS="1218"/>
<String CONTENT="Oct." HEIGHT="44" WIDTH="102" VPOS="729" HPOS="1250"/>
<SP HEIGHT="44" WIDTH="29" VPOS="729" HPOS="1353"/>
<String CONTENT="6;" HEIGHT="54" WIDTH="50" VPOS="729" HPOS="1383"/>
<SP HEIGHT="53" WIDTH="30" VPOS="730" HPOS="1434"/>
<!-- cceid 35F8B631-6DD5-1014-B757-AF09C522E301 --><String CONTENT="A" HEIGHT="42" WIDTH="43" VPOS="730" HPOS="1465"/>
<SP HEIGHT="43" WIDTH="30" VPOS="730" HPOS="1509"/>
<String CONTENT="864970;" HEIGHT="54" WIDTH="190" VPOS="728" HPOS="1540"/>
<SP HEIGHT="53" WIDTH="32" VPOS="729" HPOS="1731"/>
<String LANG="fr" CONTENT="E." HEIGHT="48" WIDTH="53" VPOS="729" HPOS="1764"/>
<SP HEIGHT="42" WIDTH="31" VPOS="731" HPOS="1818"/>
<String CONTENT="P." HEIGHT="42" WIDTH="52" VPOS="731" HPOS="1850"/>
<SP HEIGHT="42" WIDTH="29" VPOS="731" HPOS="1903"/>
<String CONTENT="Dutton" HEIGHT="43" WIDTH="176" VPOS="731" HPOS="1933"/>
<SP HEIGHT="44" WIDTH="30" VPOS="731" HPOS="2110"/>
<String CONTENT="&amp;" HEIGHT="44" WIDTH="36" VPOS="731" HPOS="2141"/>
<SP HEIGHT="44" WIDTH="26" VPOS="731" HPOS="2178"/>
<String CONTENT="co." HEIGHT="28" WIDTH="66" VPOS="746" HPOS="2205"/>
</TextLine>
<TextLine HEIGHT="56" WIDTH="272" VPOS="783" HPOS="454">
<String CONTENT="(25-19548)" HEIGHT="56" WIDTH="272" VPOS="783" HPOS="454"/>
</TextLine>
<TextLine HEIGHT="70" WIDTH="639" VPOS="885" HPOS="376" STYLEREFS="StyleId-BFC1E4DD-E5A4-45A1-9892-57133E0A9173-">
<String CONTENT="Lockhart," HEIGHT="70" WIDTH="332" VPOS="885" HPOS="376"/>
<SP HEIGHT="69" WIDTH="37" VPOS="886" HPOS="709"/>
<String CONTENT="Marion." HEIGHT="59" WIDTH="268" VPOS="885" HPOS="747"/>
</TextLine>
<TextLine HEIGHT="152" WIDTH="2013" VPOS="978" HPOS="372" STYLEREFS="StyleId-A5F3171D-D595-4A3F-AE9E-31BE1E19977E-" CS="1">
<String CONTENT="Standard" HEIGHT="59" WIDTH="323" VPOS="978" HPOS="454"/>
<SP HEIGHT="56" WIDTH="29" VPOS="979" HPOS="778"/>
<String CONTENT="cook" HEIGHT="58" WIDTH="153" VPOS="978" HPOS="808"/>
<SP HEIGHT="58" WIDTH="26" VPOS="978" HPOS="962"/>
<String CONTENT="book" HEIGHT="58" WIDTH="160" VPOS="978" HPOS="989"/>
<SP HEIGHT="57" WIDTH="28" VPOS="978" HPOS="1150"/>
<String CONTENT="for" HEIGHT="58" WIDTH="105" VPOS="978" HPOS="1179"/>
<SP HEIGHT="37" WIDTH="29" VPOS="998" HPOS="1285"/>
<String CONTENT="all" HEIGHT="56" WIDTH="85" VPOS="979" HPOS="1315"/>
<SP HEIGHT="57" WIDTH="30" VPOS="979" HPOS="1401"/>
<String CONTENT="occasions," HEIGHT="72" WIDTH="339" VPOS="978" HPOS="1432"/>
<SP HEIGHT="70" WIDTH="28" VPOS="980" HPOS="1772"/>
<String CONTENT="by" HEIGHT="71" WIDTH="85" VPOS="980" HPOS="1801"/>
<SP HEIGHT="72" WIDTH="27" VPOS="979" HPOS="1887"/>
<String CONTENT="Marion" HEIGHT="59" WIDTH="253" VPOS="978" HPOS="1915"/>
<SP HEIGHT="56" WIDTH="27" VPOS="980" HPOS="2169"/>
<String CONTENT="Lockhart;" HEIGHT="150" WIDTH="1992" VPOS="978" HPOS="372"/>
<SP HEIGHT="52" WIDTH="41" VPOS="1076" HPOS="551"/>
<String CONTENT="what" HEIGHT="57" WIDTH="168" VPOS="1056" HPOS="593"/>
<SP HEIGHT="53" WIDTH="44" VPOS="1060" HPOS="762"/>
<String CONTENT="to" HEIGHT="54" WIDTH="64" VPOS="1060" HPOS="807"/>
<SP HEIGHT="38" WIDTH="43" VPOS="1076" HPOS="872"/>
<String CONTENT="cook," HEIGHT="73" WIDTH="168" VPOS="1056" HPOS="916"/>
<SP HEIGHT="73" WIDTH="43" VPOS="1056" HPOS="1085"/>
<String CONTENT="how" HEIGHT="57" WIDTH="139" VPOS="1056" HPOS="1129"/>
<SP HEIGHT="55" WIDTH="40" VPOS="1062" HPOS="1269"/>
<String CONTENT="to" HEIGHT="55" WIDTH="64" VPOS="1062" HPOS="1310"/>
<SP HEIGHT="39" WIDTH="45" VPOS="1077" HPOS="1375"/>
<String CONTENT="cook," HEIGHT="73" WIDTH="168" VPOS="1057" HPOS="1421"/>
<SP HEIGHT="53" WIDTH="41" VPOS="1077" HPOS="1590"/>
<String CONTENT="what" HEIGHT="57" WIDTH="170" VPOS="1058" HPOS="1632"/>
<SP HEIGHT="55" WIDTH="40" VPOS="1060" HPOS="1803"/>
<String CONTENT="to" HEIGHT="53" WIDTH="64" VPOS="1062" HPOS="1844"/>
<SP HEIGHT="38" WIDTH="45" VPOS="1077" HPOS="1909"/>
<String CONTENT="serve." HEIGHT="39" WIDTH="197" VPOS="1077" HPOS="1955"/>
<SP HEIGHT="57" WIDTH="81" VPOS="1058" HPOS="2153"/>
<String CONTENT="New" HEIGHT="58" WIDTH="150" VPOS="1058" HPOS="2235"/>
</TextLine>
<TextLine HEIGHT="76" WIDTH="1452" VPOS="1133" HPOS="372" STYLEREFS="StyleId-A5F3171D-D595-4A3F-AE9E-31BE1E19977E-" CS="1">
<String CONTENT="York," HEIGHT="71" WIDTH="192" VPOS="1135" HPOS="372"/>
<SP HEIGHT="71" WIDTH="30" VPOS="1135" HPOS="565"/>
<String LANG="fr" CONTENT="J." HEIGHT="59" WIDTH="61" VPOS="1135" HPOS="596"/>
<SP HEIGHT="58" WIDTH="30" VPOS="1134" HPOS="658"/>
<String CONTENT="H." HEIGHT="58" WIDTH="80" VPOS="1134" HPOS="689"/>
<SP HEIGHT="59" WIDTH="34" VPOS="1134" HPOS="770"/>
<String CONTENT="Sears" HEIGHT="59" WIDTH="191" VPOS="1134" HPOS="805"/>
<SP HEIGHT="59" WIDTH="32" VPOS="1133" HPOS="997"/>
<String CONTENT="&amp;" HEIGHT="59" WIDTH="50" VPOS="1133" HPOS="1030"/>
<SP HEIGHT="59" WIDTH="28" VPOS="1133" HPOS="1081"/>
<String CONTENT="company," HEIGHT="54" WIDTH="326" VPOS="1153" HPOS="1110"/>
<SP HEIGHT="72" WIDTH="30" VPOS="1135" HPOS="1437"/>
<String CONTENT="inc." HEIGHT="57" WIDTH="115" VPOS="1135" HPOS="1468"/>
<SP HEIGHT="44" WIDTH="35" VPOS="1164" HPOS="1584"/>
<String CONTENT="[" HEIGHT="44" WIDTH="13" VPOS="1164" HPOS="1620"/>
<String STYLE="superscript" CONTENT="c" HEIGHT="22" WIDTH="21" VPOS="1143" HPOS="1633"/>
<String CS="1" CONTENT="1925]" HEIGHT="73" WIDTH="127" VPOS="1136" HPOS="1697"/>
</TextLine>
<TextLine HEIGHT="55" WIDTH="465" VPOS="1225" HPOS="445" STYLEREFS="StyleId-A5F3171D-D595-4A3F-AE9E-31BE1E19977E-" CS="1">
<String CONTENT="iv," HEIGHT="50" WIDTH="56" VPOS="1228" HPOS="445"/>
<SP HEIGHT="48" WIDTH="40" VPOS="1230" HPOS="502"/>
<String CONTENT="115" HEIGHT="46" WIDTH="76" VPOS="1225" HPOS="543"/>
<SP HEIGHT="55" WIDTH="37" VPOS="1225" HPOS="620"/>
<String CONTENT="p." HEIGHT="38" WIDTH="40" VPOS="1242" HPOS="658"/>
<SP HEIGHT="42" WIDTH="62" VPOS="1229" HPOS="699"/>
<String CS="1" CONTENT="16&#189;" HEIGHT="43" WIDTH="51" VPOS="1227" HPOS="762"/>
<String STYLE="superscript" CONTENT="cm" HEIGHT="19" WIDTH="47" VPOS="1228" HPOS="848"/>
<String CONTENT="." HEIGHT="8" WIDTH="9" VPOS="1261" HPOS="901"/>
</TextLine>
<TextLine HEIGHT="54" WIDTH="1924" VPOS="1297" HPOS="375">
<String CONTENT="&#169;" HEIGHT="54" WIDTH="54" VPOS="1297" HPOS="375"/>
<SP HEIGHT="54" WIDTH="30" VPOS="1297" HPOS="430"/>
<String CONTENT="Oct." HEIGHT="46" WIDTH="104" VPOS="1299" HPOS="461"/>
<SP HEIGHT="46" WIDTH="30" VPOS="1297" HPOS="566"/>
<String CONTENT="5," HEIGHT="54" WIDTH="38" VPOS="1297" HPOS="597"/>
<SP HEIGHT="50" WIDTH="32" VPOS="1301" HPOS="636"/>
<String CONTENT="1925;" HEIGHT="54" WIDTH="132" VPOS="1297" HPOS="669"/>
<SP HEIGHT="52" WIDTH="32" VPOS="1299" HPOS="802"/>
<String CONTENT="2c." HEIGHT="44" WIDTH="66" VPOS="1299" HPOS="835"/>
<SP HEIGHT="30" WIDTH="28" VPOS="1313" HPOS="902"/>
<String CONTENT="and" HEIGHT="44" WIDTH="88" VPOS="1299" HPOS="931"/>
<SP HEIGHT="44" WIDTH="30" VPOS="1299" HPOS="1020"/>
<String CONTENT="aff." HEIGHT="44" WIDTH="80" VPOS="1299" HPOS="1051"/>
<SP HEIGHT="44" WIDTH="30" VPOS="1299" HPOS="1132"/>
<String CONTENT="Oct." HEIGHT="44" WIDTH="104" VPOS="1299" HPOS="1163"/>
<SP HEIGHT="44" WIDTH="30" VPOS="1297" HPOS="1268"/>
<String CONTENT="7;" HEIGHT="54" WIDTH="50" VPOS="1297" HPOS="1299"/>
<SP HEIGHT="54" WIDTH="34" VPOS="1297" HPOS="1350"/>
<!-- cceid 35F8F105-6DD5-1014-B757-AF09C522E301 --><String CONTENT="A" HEIGHT="44" WIDTH="44" VPOS="1297" HPOS="1385"/>
<SP HEIGHT="46" WIDTH="30" VPOS="1297" HPOS="1430"/>
<String CONTENT="869202;" HEIGHT="54" WIDTH="192" VPOS="1297" HPOS="1461"/>
<SP HEIGHT="52" WIDTH="30" VPOS="1299" HPOS="1654"/>
<String LANG="fr" CONTENT="J." HEIGHT="52" WIDTH="42" VPOS="1299" HPOS="1685"/>
<SP HEIGHT="42" WIDTH="32" VPOS="1299" HPOS="1728"/>
<String CONTENT="H." HEIGHT="42" WIDTH="62" VPOS="1299" HPOS="1761"/>
<SP HEIGHT="48" WIDTH="34" VPOS="1297" HPOS="1824"/>
<String CONTENT="Sears" HEIGHT="48" WIDTH="138" VPOS="1297" HPOS="1859"/>
<SP HEIGHT="44" WIDTH="34" VPOS="1299" HPOS="1998"/>
<String CONTENT="&amp;" HEIGHT="44" WIDTH="36" VPOS="1299" HPOS="2033"/>
<SP HEIGHT="44" WIDTH="30" VPOS="1299" HPOS="2070"/>
<String CONTENT="co.," HEIGHT="38" WIDTH="80" VPOS="1313" HPOS="2101"/>
<SP HEIGHT="52" WIDTH="32" VPOS="1299" HPOS="2182"/>
<String CONTENT="inc." HEIGHT="44" WIDTH="84" VPOS="1299" HPOS="2215"/>
</TextLine>
<TextLine HEIGHT="58" WIDTH="274" VPOS="1353" HPOS="453">
<String CONTENT="(25-19774)" HEIGHT="58" WIDTH="274" VPOS="1353" HPOS="453"/>
</TextLine>
<TextLine HEIGHT="73" WIDTH="572" VPOS="1455" HPOS="374" STYLEREFS="StyleId-BFC1E4DD-E5A4-45A1-9892-57133E0A9173-">
<String CONTENT="Lukens," HEIGHT="73" WIDTH="266" VPOS="1455" HPOS="374"/>
<SP HEIGHT="73" WIDTH="33" VPOS="1455" HPOS="641"/>
<String CONTENT="Fred" HEIGHT="59" WIDTH="171" VPOS="1455" HPOS="675"/>
<SP HEIGHT="59" WIDTH="28" VPOS="1455" HPOS="847"/>
<String CONTENT="E." HEIGHT="57" WIDTH="70" VPOS="1456" HPOS="876"/>
</TextLine>
<TextLine HEIGHT="72" WIDTH="1926" VPOS="1548" HPOS="455" STYLEREFS="StyleId-A5F3171D-D595-4A3F-AE9E-31BE1E19977E-">
<String CONTENT="The" HEIGHT="57" WIDTH="129" VPOS="1550" HPOS="455"/>
<SP HEIGHT="57" WIDTH="28" VPOS="1550" HPOS="585"/>
<String CONTENT="Idaho" HEIGHT="58" WIDTH="199" VPOS="1550" HPOS="614"/>
<SP HEIGHT="39" WIDTH="31" VPOS="1569" HPOS="814"/>
<String CONTENT="citizen," HEIGHT="71" WIDTH="239" VPOS="1548" HPOS="846"/>
<SP HEIGHT="49" WIDTH="32" VPOS="1570" HPOS="1086"/>
<String CONTENT="a" HEIGHT="39" WIDTH="37" VPOS="1570" HPOS="1119"/>
<SP HEIGHT="56" WIDTH="27" VPOS="1553" HPOS="1157"/>
<String CONTENT="text" HEIGHT="54" WIDTH="132" VPOS="1553" HPOS="1185"/>
<SP HEIGHT="57" WIDTH="27" VPOS="1550" HPOS="1318"/>
<String CONTENT="book" HEIGHT="58" WIDTH="162" VPOS="1549" HPOS="1346"/>
<SP HEIGHT="57" WIDTH="27" VPOS="1548" HPOS="1509"/>
<String CONTENT="in" HEIGHT="58" WIDTH="65" VPOS="1548" HPOS="1537"/>
<SP HEIGHT="57" WIDTH="27" VPOS="1549" HPOS="1603"/>
<String CONTENT="Idaho" HEIGHT="58" WIDTH="200" VPOS="1549" HPOS="1631"/>
<SP HEIGHT="39" WIDTH="30" VPOS="1568" HPOS="1832"/>
<String CONTENT="civics," HEIGHT="72" WIDTH="208" VPOS="1548" HPOS="1863"/>
<SP HEIGHT="69" WIDTH="29" VPOS="1551" HPOS="2072"/>
<String CONTENT="by" HEIGHT="69" WIDTH="83" VPOS="1551" HPOS="2102"/>
<SP HEIGHT="72" WIDTH="27" VPOS="1548" HPOS="2186"/>
<String CONTENT="Fred" HEIGHT="59" WIDTH="167" VPOS="1548" HPOS="2214"/>
</TextLine>
<TextLine HEIGHT="154" WIDTH="1983" VPOS="1624" HPOS="374" STYLEREFS="StyleId-A5F3171D-D595-4A3F-AE9E-31BE1E19977E-" CS="1">
<String CONTENT="E." HEIGHT="57" WIDTH="74" VPOS="1628" HPOS="374"/>
<SP HEIGHT="56" WIDTH="36" VPOS="1629" HPOS="449"/>
<String CONTENT="Lukens" HEIGHT="57" WIDTH="249" VPOS="1629" HPOS="486"/>
<SP HEIGHT="38" WIDTH="41" VPOS="1647" HPOS="736"/>
<String CS="1" CONTENT="&#8230;"/>
<SP HEIGHT="56" WIDTH="88" VPOS="1629" HPOS="841"/>
<String CONTENT="2d" HEIGHT="57" WIDTH="78" VPOS="1629" HPOS="930"/>
<SP HEIGHT="57" WIDTH="36" VPOS="1629" HPOS="1009"/>
<String CONTENT="ed." HEIGHT="58" WIDTH="91" VPOS="1628" HPOS="1046"/>
<SP HEIGHT="60" WIDTH="84" VPOS="1626" HPOS="1138"/>
<String CONTENT="Caldwell," HEIGHT="71" WIDTH="316" VPOS="1626" HPOS="1223"/>
<SP HEIGHT="70" WIDTH="36" VPOS="1627" HPOS="1540"/>
<String CONTENT="Id.," HEIGHT="70" WIDTH="113" VPOS="1627" HPOS="1577"/>
<SP HEIGHT="69" WIDTH="39" VPOS="1628" HPOS="1691"/>
<String CONTENT="The" HEIGHT="58" WIDTH="132" VPOS="1626" HPOS="1731"/>
<SP HEIGHT="60" WIDTH="39" VPOS="1624" HPOS="1864"/>
<String CONTENT="Caxton" HEIGHT="60" WIDTH="243" VPOS="1624" HPOS="1904"/>
<SP HEIGHT="53" WIDTH="32" VPOS="1645" HPOS="2148"/>
<String CONTENT="printers," HEIGHT="153" WIDTH="1981" VPOS="1625" HPOS="376"/>
<SP HEIGHT="72" WIDTH="25" VPOS="1706" HPOS="496"/>
<String CONTENT="ltd.," HEIGHT="71" WIDTH="131" VPOS="1706" HPOS="522"/>
<SP HEIGHT="69" WIDTH="27" VPOS="1708" HPOS="654"/>
<String CONTENT="1925." HEIGHT="57" WIDTH="167" VPOS="1706" HPOS="682"/>
</TextLine>
<TextLine HEIGHT="53" WIDTH="1043" VPOS="1783" HPOS="447" CS="1">
<String CONTENT="163" HEIGHT="44" WIDTH="79" VPOS="1786" HPOS="447"/>
<SP HEIGHT="49" WIDTH="25" VPOS="1787" HPOS="527"/>
<String CONTENT="p." HEIGHT="36" WIDTH="41" VPOS="1800" HPOS="553"/>
<SP HEIGHT="44" WIDTH="60" VPOS="1784" HPOS="595"/>
<String CONTENT="illus." HEIGHT="45" WIDTH="121" VPOS="1784" HPOS="656"/>
<SP HEIGHT="51" WIDTH="25" VPOS="1784" HPOS="778"/>
<String CONTENT="(map)" HEIGHT="51" WIDTH="158" VPOS="1784" HPOS="804"/>
<SP HEIGHT="51" WIDTH="35" VPOS="1784" HPOS="963"/>
<String CONTENT="fold." HEIGHT="46" WIDTH="113" VPOS="1783" HPOS="999"/>
<SP HEIGHT="45" WIDTH="28" VPOS="1784" HPOS="1113"/>
<String CONTENT="form." HEIGHT="44" WIDTH="138" VPOS="1784" HPOS="1142"/>
<SP HEIGHT="43" WIDTH="62" VPOS="1785" HPOS="1281"/>
<String LANG="fr" CS="1" CONTENT="19&#189;cm." HEIGHT="44" WIDTH="146" VPOS="1785" HPOS="1344"/>
</TextLine>
<TextLine HEIGHT="56" WIDTH="2012" VPOS="1849" HPOS="371">
<String CONTENT="&#169;" HEIGHT="54" WIDTH="56" VPOS="1850" HPOS="371"/>
<SP HEIGHT="54" WIDTH="28" VPOS="1850" HPOS="428"/>
<String CONTENT="Aug." HEIGHT="53" WIDTH="120" VPOS="1852" HPOS="457"/>
<SP HEIGHT="43" WIDTH="27" VPOS="1852" HPOS="578"/>
<String CONTENT="25," HEIGHT="52" WIDTH="69" VPOS="1850" HPOS="606"/>
<SP HEIGHT="49" WIDTH="30" VPOS="1853" HPOS="676"/>
<String CONTENT="1925;" HEIGHT="53" WIDTH="130" VPOS="1850" HPOS="707"/>
<SP HEIGHT="52" WIDTH="28" VPOS="1851" HPOS="838"/>
<String CONTENT="2c." HEIGHT="43" WIDTH="66" VPOS="1851" HPOS="867"/>
<SP HEIGHT="46" WIDTH="33" VPOS="1851" HPOS="934"/>
<String CONTENT="Sept." HEIGHT="52" WIDTH="122" VPOS="1851" HPOS="968"/>
<SP HEIGHT="44" WIDTH="28" VPOS="1850" HPOS="1091"/>
<String CONTENT="5;" HEIGHT="53" WIDTH="49" VPOS="1850" HPOS="1120"/>
<SP HEIGHT="38" WIDTH="31" VPOS="1865" HPOS="1170"/>
<String CONTENT="aff." HEIGHT="43" WIDTH="79" VPOS="1851" HPOS="1202"/>
<SP HEIGHT="46" WIDTH="32" VPOS="1850" HPOS="1282"/>
<String CONTENT="Sept." HEIGHT="54" WIDTH="122" VPOS="1850" HPOS="1315"/>
<SP HEIGHT="43" WIDTH="28" VPOS="1851" HPOS="1438"/>
<String CONTENT="4;" HEIGHT="52" WIDTH="51" VPOS="1851" HPOS="1467"/>
<SP HEIGHT="52" WIDTH="31" VPOS="1851" HPOS="1519"/>
<!-- cceid 35F926D0-6DD5-1014-B757-AF09C522E301 --><String CONTENT="A" HEIGHT="42" WIDTH="44" VPOS="1851" HPOS="1551"/>
<SP HEIGHT="44" WIDTH="29" VPOS="1850" HPOS="1596"/>
<String CONTENT="864775;" HEIGHT="55" WIDTH="190" VPOS="1849" HPOS="1626"/>
<SP HEIGHT="55" WIDTH="36" VPOS="1849" HPOS="1817"/>
<String CONTENT="Caxton" HEIGHT="46" WIDTH="179" VPOS="1849" HPOS="1854"/>
<SP HEIGHT="38" WIDTH="29" VPOS="1866" HPOS="2034"/>
<String CONTENT="printers," HEIGHT="54" WIDTH="210" VPOS="1850" HPOS="2064"/>
<SP HEIGHT="51" WIDTH="29" VPOS="1851" HPOS="2275"/>
<String CONTENT="ltd." HEIGHT="44" WIDTH="78" VPOS="1851" HPOS="2305"/>
</TextLine>
<TextLine HEIGHT="56" WIDTH="274" VPOS="1908" HPOS="451">
<String CONTENT="(25-19652)" HEIGHT="56" WIDTH="274" VPOS="1908" HPOS="451"/>
</TextLine>
<TextLine HEIGHT="75" WIDTH="1103" VPOS="2008" HPOS="374" STYLEREFS="StyleId-A5F3171D-D595-4A3F-AE9E-31BE1E19977E-">
<String CONTENT="McCarty," HEIGHT="75" WIDTH="320" VPOS="2008" HPOS="374"/>
<SP HEIGHT="71" WIDTH="33" VPOS="2008" HPOS="695"/>
<String CONTENT="Wesley" HEIGHT="75" WIDTH="256" VPOS="2008" HPOS="729"/>
<SP HEIGHT="75" WIDTH="30" VPOS="2008" HPOS="986"/>
<String CONTENT="James," HEIGHT="70" WIDTH="231" VPOS="2008" HPOS="1017"/>
<SP HEIGHT="67" WIDTH="35" VPOS="2011" HPOS="1249"/>
<String CONTENT="1869-" HEIGHT="58" WIDTH="192" VPOS="2010" HPOS="1285"/>
</TextLine>
<TextLine HEIGHT="73" WIDTH="1863" VPOS="2101" HPOS="449" STYLEREFS="StyleId-A5F3171D-D595-4A3F-AE9E-31BE1E19977E-" CS="1">
<String CONTENT="Accounting" HEIGHT="71" WIDTH="397" VPOS="2103" HPOS="449"/>
<SP HEIGHT="51" WIDTH="45" VPOS="2123" HPOS="847"/>
<String CONTENT="elements," HEIGHT="70" WIDTH="316" VPOS="2103" HPOS="893"/>
<SP HEIGHT="69" WIDTH="46" VPOS="2104" HPOS="1210"/>
<String CONTENT="by" HEIGHT="70" WIDTH="84" VPOS="2104" HPOS="1257"/>
<SP HEIGHT="71" WIDTH="41" VPOS="2103" HPOS="1342"/>
<String CONTENT="Wesley" HEIGHT="71" WIDTH="255" VPOS="2103" HPOS="1384"/>
<SP HEIGHT="70" WIDTH="45" VPOS="2104" HPOS="1640"/>
<String CONTENT="James" HEIGHT="58" WIDTH="219" VPOS="2104" HPOS="1686"/>
<SP HEIGHT="58" WIDTH="48" VPOS="2103" HPOS="1906"/>
<String CONTENT="McCarty" HEIGHT="73" WIDTH="304" VPOS="2101" HPOS="1955"/>
<SP HEIGHT="52" WIDTH="52" VPOS="2122" HPOS="2260"/>
<String CS="1" CONTENT="&#8230;"/>
</TextLine>
<TextLine HEIGHT="73" WIDTH="1248" VPOS="2179" HPOS="373" STYLEREFS="StyleId-A5F3171D-D595-4A3F-AE9E-31BE1E19977E-" CS="1">
<String CONTENT="New" HEIGHT="57" WIDTH="153" VPOS="2182" HPOS="373"/>
<SP HEIGHT="58" WIDTH="23" VPOS="2181" HPOS="527"/>
<String CONTENT="York," HEIGHT="69" WIDTH="192" VPOS="2181" HPOS="551"/>
<SP HEIGHT="69" WIDTH="25" VPOS="2181" HPOS="744"/>
<String CS="1" CONTENT="Prentice-Hall," HEIGHT="68" WIDTH="492" VPOS="2179" HPOS="770"/>
<SP HEIGHT="66" WIDTH="24" VPOS="2181" HPOS="1263"/>
<String CONTENT="inc.," HEIGHT="71" WIDTH="136" VPOS="2181" HPOS="1288"/>
<SP HEIGHT="70" WIDTH="28" VPOS="2182" HPOS="1425"/>
<String CONTENT="1925." HEIGHT="56" WIDTH="167" VPOS="2181" HPOS="1454"/>
</TextLine>
<TextLine HEIGHT="51" WIDTH="852" VPOS="2258" HPOS="441" STYLEREFS="StyleId-A5F3171D-D595-4A3F-AE9E-31BE1E19977E-" CS="1">
<String CONTENT="xxiii," HEIGHT="51" WIDTH="136" VPOS="2258" HPOS="441"/>
<SP HEIGHT="47" WIDTH="25" VPOS="2262" HPOS="578"/>
<String CONTENT="375" HEIGHT="46" WIDTH="80" VPOS="2259" HPOS="604"/>
<SP HEIGHT="49" WIDTH="29" VPOS="2259" HPOS="685"/>
<String CONTENT="p." HEIGHT="34" WIDTH="41" VPOS="2274" HPOS="715"/>
<SP HEIGHT="43" WIDTH="29" VPOS="2260" HPOS="757"/>
<String CONTENT="incl." HEIGHT="44" WIDTH="101" VPOS="2260" HPOS="787"/>
<SP HEIGHT="44" WIDTH="30" VPOS="2260" HPOS="889"/>
<String CONTENT="forms." HEIGHT="45" WIDTH="159" VPOS="2260" HPOS="920"/>
<SP HEIGHT="43" WIDTH="60" VPOS="2260" HPOS="1080"/>
<String CS="1" CONTENT="23&#189;" HEIGHT="44" WIDTH="53" VPOS="2260" HPOS="1141"/>
<String STYLE="superscript" CS="1" CONTENT="cm" HEIGHT="18" WIDTH="15" VPOS="2261" HPOS="1231"/>
<String CONTENT="." HEIGHT="10" WIDTH="10" VPOS="2293" HPOS="1283"/>
</TextLine>
<TextLine HEIGHT="55" WIDTH="1925" VPOS="2311" HPOS="373">
<String CONTENT="&#169;" HEIGHT="54" WIDTH="53" VPOS="2312" HPOS="373"/>
<SP HEIGHT="54" WIDTH="30" VPOS="2312" HPOS="427"/>
<String CONTENT="Sept." HEIGHT="52" WIDTH="121" VPOS="2314" HPOS="458"/>
<SP HEIGHT="42" WIDTH="32" VPOS="2315" HPOS="580"/>
<String CONTENT="1," HEIGHT="50" WIDTH="35" VPOS="2315" HPOS="613"/>
<SP HEIGHT="50" WIDTH="28" VPOS="2315" HPOS="649"/>
<String CONTENT="1925;" HEIGHT="53" WIDTH="132" VPOS="2313" HPOS="678"/>
<SP HEIGHT="52" WIDTH="29" VPOS="2314" HPOS="811"/>
<String CONTENT="2c." HEIGHT="43" WIDTH="64" VPOS="2314" HPOS="841"/>
<SP HEIGHT="46" WIDTH="31" VPOS="2313" HPOS="906"/>
<String CONTENT="Sept." HEIGHT="52" WIDTH="123" VPOS="2313" HPOS="938"/>
<SP HEIGHT="42" WIDTH="31" VPOS="2314" HPOS="1062"/>
<String CONTENT="16;" HEIGHT="53" WIDTH="74" VPOS="2312" HPOS="1094"/>
<SP HEIGHT="37" WIDTH="27" VPOS="2328" HPOS="1169"/>
<String CONTENT="aff." HEIGHT="43" WIDTH="81" VPOS="2313" HPOS="1197"/>
<SP HEIGHT="44" WIDTH="30" VPOS="2313" HPOS="1279"/>
<String CONTENT="Oct." HEIGHT="44" WIDTH="102" VPOS="2313" HPOS="1310"/>
<SP HEIGHT="43" WIDTH="28" VPOS="2313" HPOS="1413"/>
<String CONTENT="2;" HEIGHT="52" WIDTH="50" VPOS="2313" HPOS="1442"/>
<SP HEIGHT="52" WIDTH="29" VPOS="2313" HPOS="1493"/>
<!-- cceid 35F9599A-6DD5-1014-B757-AF09C522E301 --><String CONTENT="A" HEIGHT="43" WIDTH="44" VPOS="2313" HPOS="1523"/>
<SP HEIGHT="43" WIDTH="28" VPOS="2313" HPOS="1568"/>
<String CONTENT="869135;" HEIGHT="53" WIDTH="191" VPOS="2312" HPOS="1597"/>
<SP HEIGHT="51" WIDTH="32" VPOS="2314" HPOS="1789"/>
<String CONTENT="Prentice-Hall," HEIGHT="52" WIDTH="362" VPOS="2311" HPOS="1822"/>
<SP HEIGHT="49" WIDTH="25" VPOS="2314" HPOS="2185"/>
<String CONTENT="inc." HEIGHT="42" WIDTH="87" VPOS="2314" HPOS="2211"/>
</TextLine>
<TextLine HEIGHT="58" WIDTH="274" VPOS="2368" HPOS="451">
<String CONTENT="(25-19764)" HEIGHT="58" WIDTH="274" VPOS="2368" HPOS="451"/>
</TextLine>
<TextLine HEIGHT="74" WIDTH="1154" VPOS="2468" HPOS="371" STYLEREFS="StyleId-A5F3171D-D595-4A3F-AE9E-31BE1E19977E-">
<String CONTENT="Marquand," HEIGHT="72" WIDTH="376" VPOS="2470" HPOS="371"/>
<SP HEIGHT="70" WIDTH="43" VPOS="2470" HPOS="748"/>
<String CONTENT="John" HEIGHT="59" WIDTH="171" VPOS="2469" HPOS="792"/>
<SP HEIGHT="57" WIDTH="38" VPOS="2470" HPOS="964"/>
<String CONTENT="Phillips," HEIGHT="74" WIDTH="287" VPOS="2468" HPOS="1003"/>
<SP HEIGHT="65" WIDTH="43" VPOS="2473" HPOS="1291"/>
<String CONTENT="1893-" HEIGHT="58" WIDTH="190" VPOS="2471" HPOS="1335"/>
</TextLine>
<TextLine HEIGHT="75" WIDTH="1929" VPOS="2560" HPOS="449" STYLEREFS="StyleId-A5F3171D-D595-4A3F-AE9E-31BE1E19977E-">
<String CONTENT="Lord" HEIGHT="59" WIDTH="173" VPOS="2562" HPOS="449"/>
<SP HEIGHT="59" WIDTH="29" VPOS="2562" HPOS="623"/>
<String CONTENT="Timothy" HEIGHT="73" WIDTH="296" VPOS="2562" HPOS="653"/>
<SP HEIGHT="72" WIDTH="30" VPOS="2563" HPOS="950"/>
<String CONTENT="Dexter" HEIGHT="59" WIDTH="237" VPOS="2563" HPOS="981"/>
<SP HEIGHT="39" WIDTH="29" VPOS="2582" HPOS="1219"/>
<String CONTENT="of" HEIGHT="58" WIDTH="69" VPOS="2564" HPOS="1249"/>
<SP HEIGHT="59" WIDTH="29" VPOS="2563" HPOS="1319"/>
<String CONTENT="Newburyport," HEIGHT="72" WIDTH="484" VPOS="2563" HPOS="1349"/>
<SP HEIGHT="70" WIDTH="31" VPOS="2563" HPOS="1834"/>
<String CONTENT="Mass" HEIGHT="57" WIDTH="174" VPOS="2563" HPOS="1866"/>
<String STYLE="superscript" CONTENT="tts" HEIGHT="29" WIDTH="51" VPOS="2561" HPOS="2044"/>
<String CONTENT="," HEIGHT="25" WIDTH="11" VPOS="2609" HPOS="2100"/>
<SP HEIGHT="73" WIDTH="30" VPOS="2561" HPOS="2112"/>
<String CONTENT="first" HEIGHT="60" WIDTH="143" VPOS="2561" HPOS="2143"/>
<SP HEIGHT="61" WIDTH="27" VPOS="2560" HPOS="2287"/>
<String CONTENT="in" HEIGHT="57" WIDTH="63" VPOS="2560" HPOS="2315"/>
</TextLine>
<TextLine HEIGHT="75" WIDTH="2009" VPOS="2640" HPOS="372" STYLEREFS="StyleId-A5F3171D-D595-4A3F-AE9E-31BE1E19977E-">
<String CONTENT="the" HEIGHT="59" WIDTH="105" VPOS="2642" HPOS="372"/>
<SP HEIGHT="59" WIDTH="32" VPOS="2642" HPOS="478"/>
<String CONTENT="East," HEIGHT="71" WIDTH="178" VPOS="2642" HPOS="511"/>
<SP HEIGHT="71" WIDTH="29" VPOS="2642" HPOS="690"/>
<String CONTENT="first" HEIGHT="59" WIDTH="143" VPOS="2642" HPOS="720"/>
<SP HEIGHT="59" WIDTH="30" VPOS="2642" HPOS="864"/>
<String CONTENT="in" HEIGHT="57" WIDTH="66" VPOS="2642" HPOS="895"/>
<SP HEIGHT="55" WIDTH="29" VPOS="2646" HPOS="962"/>
<String CONTENT="the" HEIGHT="58" WIDTH="105" VPOS="2643" HPOS="992"/>
<SP HEIGHT="59" WIDTH="30" VPOS="2642" HPOS="1098"/>
<String CONTENT="West," HEIGHT="72" WIDTH="197" VPOS="2642" HPOS="1129"/>
<SP HEIGHT="51" WIDTH="35" VPOS="2663" HPOS="1327"/>
<String CONTENT="and" HEIGHT="60" WIDTH="125" VPOS="2641" HPOS="1363"/>
<SP HEIGHT="60" WIDTH="30" VPOS="2641" HPOS="1489"/>
<String CONTENT="the" HEIGHT="58" WIDTH="105" VPOS="2643" HPOS="1520"/>
<SP HEIGHT="53" WIDTH="32" VPOS="2662" HPOS="1626"/>
<String CONTENT="greatest" HEIGHT="70" WIDTH="282" VPOS="2645" HPOS="1659"/>
<SP HEIGHT="69" WIDTH="30" VPOS="2646" HPOS="1942"/>
<String CONTENT="philosopher" HEIGHT="75" WIDTH="408" VPOS="2640" HPOS="1973"/>
</TextLine>
<TextLine HEIGHT="75" WIDTH="2009" VPOS="2718" HPOS="371" STYLEREFS="StyleId-A5F3171D-D595-4A3F-AE9E-31BE1E19977E-" CS="1">
<String CONTENT="in" HEIGHT="56" WIDTH="65" VPOS="2722" HPOS="371"/>
<SP HEIGHT="53" WIDTH="29" VPOS="2725" HPOS="437"/>
<String CONTENT="the" HEIGHT="58" WIDTH="104" VPOS="2721" HPOS="467"/>
<SP HEIGHT="39" WIDTH="26" VPOS="2740" HPOS="572"/>
<String CONTENT="western" HEIGHT="54" WIDTH="273" VPOS="2725" HPOS="599"/>
<SP HEIGHT="38" WIDTH="28" VPOS="2740" HPOS="873"/>
<String CONTENT="world," HEIGHT="71" WIDTH="215" VPOS="2721" HPOS="902"/>
<SP HEIGHT="70" WIDTH="30" VPOS="2722" HPOS="1118"/>
<String CONTENT="by" HEIGHT="71" WIDTH="85" VPOS="2722" HPOS="1149"/>
<SP HEIGHT="72" WIDTH="26" VPOS="2721" HPOS="1235"/>
<String LANG="fr" CONTENT="J." HEIGHT="58" WIDTH="60" VPOS="2721" HPOS="1262"/>
<SP HEIGHT="56" WIDTH="33" VPOS="2721" HPOS="1323"/>
<String CONTENT="P." HEIGHT="56" WIDTH="70" VPOS="2721" HPOS="1357"/>
<SP HEIGHT="57" WIDTH="32" VPOS="2721" HPOS="1428"/>
<String CONTENT="Marquand" HEIGHT="71" WIDTH="358" VPOS="2721" HPOS="1461"/>
<SP HEIGHT="57" WIDTH="37" VPOS="2723" HPOS="1820"/>
<String CS="1" CONTENT="&#8230;"/>
<SP HEIGHT="58" WIDTH="85" VPOS="2720" HPOS="1921"/>
<String CONTENT="New" HEIGHT="57" WIDTH="152" VPOS="2720" HPOS="2007"/>
<SP HEIGHT="57" WIDTH="28" VPOS="2720" HPOS="2160"/>
<String CONTENT="York," HEIGHT="71" WIDTH="191" VPOS="2718" HPOS="2189"/>
</TextLine>
<TextLine HEIGHT="72" WIDTH="1112" VPOS="2798" HPOS="373" STYLEREFS="StyleId-A5F3171D-D595-4A3F-AE9E-31BE1E19977E-">
<String CONTENT="Minton," HEIGHT="71" WIDTH="264" VPOS="2799" HPOS="373"/>
<SP HEIGHT="71" WIDTH="27" VPOS="2799" HPOS="638"/>
<String CONTENT="Balch" HEIGHT="59" WIDTH="197" VPOS="2799" HPOS="666"/>
<SP HEIGHT="58" WIDTH="24" VPOS="2798" HPOS="864"/>
<String CONTENT="&amp;" HEIGHT="57" WIDTH="49" VPOS="2798" HPOS="889"/>
<SP HEIGHT="59" WIDTH="24" VPOS="2798" HPOS="939"/>
<String CONTENT="company," HEIGHT="53" WIDTH="324" VPOS="2817" HPOS="964"/>
<SP HEIGHT="68" WIDTH="28" VPOS="2801" HPOS="1289"/>
<String CONTENT="1925." HEIGHT="57" WIDTH="167" VPOS="2799" HPOS="1318"/>
</TextLine>
<TextLine HEIGHT="51" WIDTH="714" VPOS="2876" HPOS="445">
<String CONTENT="vi," HEIGHT="51" WIDTH="57" VPOS="2876" HPOS="445"/>
<SP HEIGHT="48" WIDTH="23" VPOS="2879" HPOS="503"/>
<String CONTENT="378" HEIGHT="46" WIDTH="83" VPOS="2876" HPOS="527"/>
<SP HEIGHT="48" WIDTH="21" VPOS="2879" HPOS="611"/>
<String CONTENT="p." HEIGHT="35" WIDTH="41" VPOS="2892" HPOS="633"/>
<SP HEIGHT="47" WIDTH="23" VPOS="2877" HPOS="675"/>
<String CONTENT="incl." HEIGHT="46" WIDTH="106" VPOS="2877" HPOS="699"/>
<SP HEIGHT="44" WIDTH="26" VPOS="2879" HPOS="806"/>
<String CONTENT="front." HEIGHT="43" WIDTH="143" VPOS="2879" HPOS="833"/>
<SP HEIGHT="43" WIDTH="57" VPOS="2878" HPOS="977"/>
<String CONTENT="21" HEIGHT="43" WIDTH="52" VPOS="2878" HPOS="1035"/>
<String STYLE="superscript" CONTENT="cm" HEIGHT="17" WIDTH="47" VPOS="2880" HPOS="1097"/>
<String CONTENT="." HEIGHT="8" WIDTH="9" VPOS="2912" HPOS="1150"/>
</TextLine>
<TextLine HEIGHT="53" WIDTH="1933" VPOS="2932" HPOS="446" CS="1">
<String CONTENT="&#8220;A" HEIGHT="43" WIDTH="69" VPOS="2935" HPOS="446"/>
<SP HEIGHT="49" WIDTH="32" VPOS="2936" HPOS="516"/>
<String CONTENT="pickle" HEIGHT="52" WIDTH="149" VPOS="2933" HPOS="549"/>
<SP HEIGHT="43" WIDTH="33" VPOS="2936" HPOS="699"/>
<String CONTENT="for" HEIGHT="42" WIDTH="78" VPOS="2936" HPOS="733"/>
<SP HEIGHT="36" WIDTH="30" VPOS="2943" HPOS="812"/>
<String CONTENT="the" HEIGHT="44" WIDTH="76" VPOS="2935" HPOS="843"/>
<SP HEIGHT="44" WIDTH="30" VPOS="2934" HPOS="920"/>
<String CONTENT="knowing" HEIGHT="52" WIDTH="220" VPOS="2933" HPOS="951"/>
<SP HEIGHT="36" WIDTH="28" VPOS="2949" HPOS="1172"/>
<String CS="1" CONTENT="ones;" HEIGHT="29" WIDTH="107" VPOS="2950" HPOS="1201"/>
<SP HEIGHT="36" WIDTH="33" VPOS="2948" HPOS="1335"/>
<String CONTENT="or," HEIGHT="36" WIDTH="66" VPOS="2948" HPOS="1369"/>
<SP HEIGHT="49" WIDTH="33" VPOS="2935" HPOS="1436"/>
<String CONTENT="Plain" HEIGHT="46" WIDTH="134" VPOS="2933" HPOS="1470"/>
<SP HEIGHT="36" WIDTH="31" VPOS="2943" HPOS="1605"/>
<String CONTENT="truths" HEIGHT="46" WIDTH="149" VPOS="2933" HPOS="1637"/>
<SP HEIGHT="44" WIDTH="32" VPOS="2935" HPOS="1787"/>
<String CONTENT="in" HEIGHT="44" WIDTH="45" VPOS="2935" HPOS="1820"/>
<SP HEIGHT="30" WIDTH="31" VPOS="2949" HPOS="1866"/>
<String CONTENT="a" HEIGHT="29" WIDTH="26" VPOS="2949" HPOS="1898"/>
<SP HEIGHT="44" WIDTH="29" VPOS="2934" HPOS="1925"/>
<String CONTENT="homespun" HEIGHT="51" WIDTH="251" VPOS="2934" HPOS="1955"/>
<SP HEIGHT="45" WIDTH="29" VPOS="2932" HPOS="2207"/>
<String CONTENT="dress," HEIGHT="48" WIDTH="142" VPOS="2932" HPOS="2237"/>
</TextLine>
<TextLine HEIGHT="54" WIDTH="1979" VPOS="2988" HPOS="373" CS="1">
<String CONTENT="by" HEIGHT="49" WIDTH="58" VPOS="2993" HPOS="373"/>
<SP HEIGHT="42" WIDTH="42" VPOS="3000" HPOS="432"/>
<String CONTENT="the" HEIGHT="45" WIDTH="77" VPOS="2991" HPOS="475"/>
<SP HEIGHT="45" WIDTH="45" VPOS="2991" HPOS="553"/>
<String CONTENT="late" HEIGHT="45" WIDTH="89" VPOS="2991" HPOS="599"/>
<SP HEIGHT="44" WIDTH="43" VPOS="2992" HPOS="689"/>
<String CONTENT="Lord" HEIGHT="45" WIDTH="123" VPOS="2992" HPOS="733"/>
<SP HEIGHT="47" WIDTH="43" VPOS="2990" HPOS="857"/>
<String CONTENT="Timothy" HEIGHT="53" WIDTH="219" VPOS="2989" HPOS="901"/>
<SP HEIGHT="51" WIDTH="44" VPOS="2991" HPOS="1121"/>
<String CONTENT="Dexter" HEIGHT="45" WIDTH="178" VPOS="2991" HPOS="1166"/>
<SP HEIGHT="48" WIDTH="41" VPOS="2993" HPOS="1345"/>
<String CONTENT="&lt;Reprint" HEIGHT="52" WIDTH="226" VPOS="2989" HPOS="1387"/>
<SP HEIGHT="37" WIDTH="43" VPOS="3000" HPOS="1614"/>
<String CONTENT="of" HEIGHT="42" WIDTH="52" VPOS="2993" HPOS="1658"/>
<SP HEIGHT="42" WIDTH="40" VPOS="2993" HPOS="1711"/>
<String CONTENT="the" HEIGHT="48" WIDTH="76" VPOS="2989" HPOS="1752"/>
<SP HEIGHT="30" WIDTH="43" VPOS="3007" HPOS="1829"/>
<String CONTENT="edition" HEIGHT="46" WIDTH="171" VPOS="2990" HPOS="1873"/>
<SP HEIGHT="30" WIDTH="42" VPOS="3006" HPOS="2045"/>
<String CONTENT="of" HEIGHT="43" WIDTH="53" VPOS="2993" HPOS="2088"/>
<SP HEIGHT="43" WIDTH="47" VPOS="2992" HPOS="2142"/>
<String CS="1" CONTENT="1838&gt;&#8221;;" HEIGHT="53" WIDTH="162" VPOS="2988" HPOS="2190"/>
</TextLine>
<TextLine HEIGHT="51" WIDTH="310" VPOS="3047" HPOS="371" CS="1">
<String CONTENT="p." HEIGHT="35" WIDTH="41" VPOS="3063" HPOS="371"/>
<SP HEIGHT="30" WIDTH="29" VPOS="3067" HPOS="413"/>
<String CS="1" CONTENT="[327]-378." HEIGHT="50" WIDTH="238" VPOS="3047" HPOS="443"/>
</TextLine>
<TextLine HEIGHT="113" WIDTH="1986" VPOS="3101" HPOS="374" CS="1">
<String CONTENT="&#169;" HEIGHT="54" WIDTH="52" VPOS="3101" HPOS="374"/>
<SP HEIGHT="54" WIDTH="28" VPOS="3101" HPOS="427"/>
<String CONTENT="Sept." HEIGHT="54" WIDTH="121" VPOS="3101" HPOS="456"/>
<SP HEIGHT="42" WIDTH="23" VPOS="3104" HPOS="578"/>
<String CONTENT="26," HEIGHT="52" WIDTH="67" VPOS="3103" HPOS="602"/>
<SP HEIGHT="51" WIDTH="29" VPOS="3104" HPOS="670"/>
<String CONTENT="1925;" HEIGHT="52" WIDTH="130" VPOS="3101" HPOS="700"/>
<SP HEIGHT="50" WIDTH="25" VPOS="3103" HPOS="831"/>
<String CONTENT="2c." HEIGHT="42" WIDTH="65" VPOS="3103" HPOS="857"/>
<SP HEIGHT="27" WIDTH="25" VPOS="3118" HPOS="923"/>
<String CONTENT="and" HEIGHT="43" WIDTH="88" VPOS="3102" HPOS="949"/>
<SP HEIGHT="43" WIDTH="25" VPOS="3102" HPOS="1038"/>
<String CONTENT="aff." HEIGHT="42" WIDTH="79" VPOS="3103" HPOS="1064"/>
<SP HEIGHT="44" WIDTH="27" VPOS="3102" HPOS="1144"/>
<String CONTENT="Oct." HEIGHT="44" WIDTH="103" VPOS="3102" HPOS="1172"/>
<SP HEIGHT="42" WIDTH="25" VPOS="3103" HPOS="1276"/>
<String CONTENT="3;" HEIGHT="49" WIDTH="49" VPOS="3103" HPOS="1302"/>
<SP HEIGHT="50" WIDTH="29" VPOS="3102" HPOS="1352"/>
<!-- cceid 35F99539-6DD5-1014-B757-AF09C522E301 --><String CONTENT="A" HEIGHT="42" WIDTH="43" VPOS="3102" HPOS="1382"/>
<SP HEIGHT="44" WIDTH="26" VPOS="3101" HPOS="1426"/>
<String CONTENT="869131;" HEIGHT="52" WIDTH="190" VPOS="3101" HPOS="1453"/>
<SP HEIGHT="52" WIDTH="29" VPOS="3102" HPOS="1644"/>
<String LANG="fr" CONTENT="J." HEIGHT="52" WIDTH="40" VPOS="3102" HPOS="1674"/>
<SP HEIGHT="42" WIDTH="28" VPOS="3102" HPOS="1715"/>
<String CONTENT="P." HEIGHT="42" WIDTH="51" VPOS="3102" HPOS="1744"/>
<SP HEIGHT="41" WIDTH="27" VPOS="3103" HPOS="1796"/>
<String CONTENT="Marquand," HEIGHT="53" WIDTH="271" VPOS="3102" HPOS="1824"/>
<SP HEIGHT="53" WIDTH="28" VPOS="3102" HPOS="2096"/>
<String CONTENT="Newburyport," HEIGHT="112" WIDTH="1919" VPOS="3101" HPOS="441"/>
<SP HEIGHT="53" WIDTH="32" VPOS="3160" HPOS="557"/>
<String CONTENT="Mass." HEIGHT="44" WIDTH="142" VPOS="3160" HPOS="590"/>
<SP HEIGHT="55" WIDTH="68" VPOS="3159" HPOS="733"/>
<String CONTENT="(25-19573)" HEIGHT="58" WIDTH="273" VPOS="3156" HPOS="802"/>
</TextLine>
<TextLine HEIGHT="71" WIDTH="1025" VPOS="3258" HPOS="374" STYLEREFS="StyleId-A5F3171D-D595-4A3F-AE9E-31BE1E19977E-">
<String CONTENT="Mills," HEIGHT="70" WIDTH="190" VPOS="3258" HPOS="374"/>
<SP HEIGHT="69" WIDTH="37" VPOS="3259" HPOS="565"/>
<String CONTENT="Frederick" HEIGHT="59" WIDTH="344" VPOS="3258" HPOS="603"/>
<SP HEIGHT="58" WIDTH="35" VPOS="3259" HPOS="948"/>
<String CONTENT="Cecil," HEIGHT="71" WIDTH="184" VPOS="3258" HPOS="984"/>
<SP HEIGHT="65" WIDTH="39" VPOS="3264" HPOS="1169"/>
<String CONTENT="1892-" HEIGHT="56" WIDTH="190" VPOS="3261" HPOS="1209"/>
</TextLine>
<TextLine HEIGHT="74" WIDTH="1930" VPOS="3349" HPOS="449" STYLEREFS="StyleId-A5F3171D-D595-4A3F-AE9E-31BE1E19977E-">
<String CONTENT="A" HEIGHT="57" WIDTH="60" VPOS="3350" HPOS="449"/>
<SP HEIGHT="57" WIDTH="41" VPOS="3350" HPOS="510"/>
<String CONTENT="manual" HEIGHT="57" WIDTH="256" VPOS="3351" HPOS="552"/>
<SP HEIGHT="57" WIDTH="43" VPOS="3351" HPOS="809"/>
<String CONTENT="of" HEIGHT="57" WIDTH="68" VPOS="3351" HPOS="853"/>
<SP HEIGHT="72" WIDTH="44" VPOS="3351" HPOS="922"/>
<String CONTENT="problems" HEIGHT="72" WIDTH="316" VPOS="3351" HPOS="967"/>
<SP HEIGHT="39" WIDTH="45" VPOS="3370" HPOS="1284"/>
<String CONTENT="and" HEIGHT="56" WIDTH="122" VPOS="3352" HPOS="1330"/>
<SP HEIGHT="56" WIDTH="45" VPOS="3352" HPOS="1453"/>
<String CONTENT="tables" HEIGHT="58" WIDTH="202" VPOS="3351" HPOS="1499"/>
<SP HEIGHT="60" WIDTH="44" VPOS="3349" HPOS="1702"/>
<String CONTENT="in" HEIGHT="58" WIDTH="67" VPOS="3349" HPOS="1747"/>
<SP HEIGHT="39" WIDTH="43" VPOS="3369" HPOS="1815"/>
<String CONTENT="statistics," HEIGHT="65" WIDTH="328" VPOS="3350" HPOS="1859"/>
<SP HEIGHT="44" WIDTH="43" VPOS="3371" HPOS="2188"/>
<String CONTENT="with" HEIGHT="58" WIDTH="147" VPOS="3351" HPOS="2232"/>
</TextLine>
<TextLine HEIGHT="73" WIDTH="2012" VPOS="3427" HPOS="371" STYLEREFS="StyleId-A5F3171D-D595-4A3F-AE9E-31BE1E19977E-">
<String CONTENT="notes" HEIGHT="57" WIDTH="179" VPOS="3431" HPOS="371"/>
<SP HEIGHT="40" WIDTH="31" VPOS="3448" HPOS="551"/>
<String CONTENT="on" HEIGHT="38" WIDTH="79" VPOS="3448" HPOS="583"/>
<SP HEIGHT="37" WIDTH="31" VPOS="3449" HPOS="663"/>
<String CONTENT="statistical" HEIGHT="59" WIDTH="341" VPOS="3428" HPOS="695"/>
<SP HEIGHT="70" WIDTH="26" VPOS="3430" HPOS="1037"/>
<String CONTENT="procedure," HEIGHT="71" WIDTH="366" VPOS="3429" HPOS="1064"/>
<SP HEIGHT="69" WIDTH="29" VPOS="3429" HPOS="1431"/>
<String CONTENT="by" HEIGHT="71" WIDTH="85" VPOS="3429" HPOS="1461"/>
<SP HEIGHT="71" WIDTH="28" VPOS="3429" HPOS="1547"/>
<String CONTENT="Frederick" HEIGHT="58" WIDTH="343" VPOS="3428" HPOS="1576"/>
<SP HEIGHT="60" WIDTH="33" VPOS="3427" HPOS="1920"/>
<String CONTENT="C." HEIGHT="60" WIDTH="64" VPOS="3427" HPOS="1954"/>
<SP HEIGHT="57" WIDTH="35" VPOS="3431" HPOS="2019"/>
<String CONTENT="Mills" HEIGHT="59" WIDTH="172" VPOS="3429" HPOS="2055"/>
<SP HEIGHT="38" WIDTH="31" VPOS="3449" HPOS="2228"/>
<String CONTENT="and" HEIGHT="58" WIDTH="123" VPOS="3429" HPOS="2260"/>
</TextLine>
<TextLine HEIGHT="152" WIDTH="1987" VPOS="3505" HPOS="370" STYLEREFS="StyleId-A5F3171D-D595-4A3F-AE9E-31BE1E19977E-" CS="1">
<String CONTENT="Donald" HEIGHT="57" WIDTH="249" VPOS="3507" HPOS="371"/>
<SP HEIGHT="58" WIDTH="35" VPOS="3506" HPOS="621"/>
<String CONTENT="H." HEIGHT="58" WIDTH="78" VPOS="3506" HPOS="657"/>
<SP HEIGHT="57" WIDTH="36" VPOS="3507" HPOS="736"/>
<String CONTENT="Davenport" HEIGHT="71" WIDTH="370" VPOS="3507" HPOS="773"/>
<SP HEIGHT="54" WIDTH="41" VPOS="3511" HPOS="1144"/>
<String CS="1" CONTENT="&#8230;"/>
<SP HEIGHT="59" WIDTH="85" VPOS="3506" HPOS="1249"/>
<String CONTENT="New" HEIGHT="58" WIDTH="151" VPOS="3506" HPOS="1335"/>
<SP HEIGHT="57" WIDTH="34" VPOS="3505" HPOS="1487"/>
<String CONTENT="York," HEIGHT="71" WIDTH="192" VPOS="3505" HPOS="1522"/>
<SP HEIGHT="70" WIDTH="36" VPOS="3506" HPOS="1715"/>
<String CONTENT="H." HEIGHT="58" WIDTH="80" VPOS="3506" HPOS="1752"/>
<SP HEIGHT="58" WIDTH="37" VPOS="3506" HPOS="1833"/>
<String CONTENT="Holt" HEIGHT="58" WIDTH="156" VPOS="3506" HPOS="1871"/>
<SP HEIGHT="54" WIDTH="36" VPOS="3510" HPOS="2028"/>
<String CONTENT="and" HEIGHT="57" WIDTH="123" VPOS="3508" HPOS="2065"/>
<SP HEIGHT="57" WIDTH="35" VPOS="3508" HPOS="2189"/>
<String CONTENT="company" HEIGHT="130" WIDTH="1987" VPOS="3527" HPOS="370"/>
<SP HEIGHT="53" WIDTH="38" VPOS="3604" HPOS="544"/>
<String CS="1" CONTENT="["/>
<String STYLE="superscript" CONTENT="c" HEIGHT="22" WIDTH="21" VPOS="3593" HPOS="596"/>
<String CONTENT="1925]" HEIGHT="71" WIDTH="165" VPOS="3586" HPOS="621"/>
</TextLine>
<TextLine HEIGHT="55" WIDTH="1939" VPOS="3661" HPOS="442" CS="1">
<String CONTENT="2" HEIGHT="41" WIDTH="27" VPOS="3665" HPOS="442"/>
<SP HEIGHT="51" WIDTH="34" VPOS="3665" HPOS="470"/>
<String LANG="fr" CONTENT="p." HEIGHT="38" WIDTH="39" VPOS="3678" HPOS="505"/>
<SP HEIGHT="43" WIDTH="34" VPOS="3663" HPOS="545"/>
<String LANG="fr" CS="1" CONTENT="l"/>
<String CONTENT=".," HEIGHT="17" WIDTH="21" VPOS="3697" HPOS="600"/>
<SP HEIGHT="53" WIDTH="35" VPOS="3661" HPOS="622"/>
<String CONTENT="iii-v," HEIGHT="52" WIDTH="120" VPOS="3661" HPOS="658"/>
<SP HEIGHT="49" WIDTH="36" VPOS="3664" HPOS="779"/>
<String CONTENT="203" HEIGHT="45" WIDTH="81" VPOS="3662" HPOS="816"/>
<SP HEIGHT="53" WIDTH="37" VPOS="3663" HPOS="898"/>
<String CONTENT="p." HEIGHT="38" WIDTH="39" VPOS="3678" HPOS="936"/>
<SP HEIGHT="44" WIDTH="35" VPOS="3662" HPOS="976"/>
<String CONTENT="incl." HEIGHT="46" WIDTH="101" VPOS="3662" HPOS="1012"/>
<SP HEIGHT="39" WIDTH="34" VPOS="3669" HPOS="1114"/>
<String CONTENT="tables." HEIGHT="45" WIDTH="159" VPOS="3662" HPOS="1149"/>
<SP HEIGHT="43" WIDTH="56" VPOS="3663" HPOS="1309"/>
<String CONTENT="24" HEIGHT="43" WIDTH="55" VPOS="3662" HPOS="1366"/>
<String STYLE="superscript" CONTENT="cm" HEIGHT="19" WIDTH="46" VPOS="3664" HPOS="1427"/>
<String CONTENT="." HEIGHT="8" WIDTH="8" VPOS="3697" HPOS="1481"/>
<SP HEIGHT="52" WIDTH="72" VPOS="3662" HPOS="1490"/>
<String CONTENT="(Half-title:" HEIGHT="53" WIDTH="292" VPOS="3661" HPOS="1563"/>
<SP HEIGHT="43" WIDTH="40" VPOS="3663" HPOS="1856"/>
<String CONTENT="American" HEIGHT="44" WIDTH="244" VPOS="3662" HPOS="1897"/>
<SP HEIGHT="44" WIDTH="34" VPOS="3662" HPOS="2142"/>
<String CONTENT="business" HEIGHT="45" WIDTH="204" VPOS="3662" HPOS="2177"/>
</TextLine>
<TextLine HEIGHT="56" WIDTH="998" VPOS="3717" HPOS="373">
<String CONTENT="series;" HEIGHT="51" WIDTH="164" VPOS="3720" HPOS="373"/>
<SP HEIGHT="40" WIDTH="29" VPOS="3733" HPOS="538"/>
<String CONTENT="general" HEIGHT="53" WIDTH="186" VPOS="3720" HPOS="568"/>
<SP HEIGHT="43" WIDTH="28" VPOS="3720" HPOS="755"/>
<String CONTENT="editor," HEIGHT="52" WIDTH="162" VPOS="3720" HPOS="784"/>
<SP HEIGHT="52" WIDTH="27" VPOS="3720" HPOS="947"/>
<String LANG="fr" CONTENT="R." HEIGHT="43" WIDTH="55" VPOS="3720" HPOS="975"/>
<SP HEIGHT="46" WIDTH="31" VPOS="3718" HPOS="1031"/>
<String CONTENT="C." HEIGHT="46" WIDTH="50" VPOS="3718" HPOS="1063"/>
<SP HEIGHT="43" WIDTH="28" VPOS="3719" HPOS="1114"/>
<String CONTENT="McCrea)" HEIGHT="50" WIDTH="228" VPOS="3717" HPOS="1143"/>
</TextLine>
<TextLine HEIGHT="57" WIDTH="1934" VPOS="3774" HPOS="445">
<String CONTENT="&#8220;Samples" HEIGHT="55" WIDTH="236" VPOS="3776" HPOS="445"/>
<SP HEIGHT="29" WIDTH="30" VPOS="3793" HPOS="682"/>
<String CONTENT="of" HEIGHT="45" WIDTH="52" VPOS="3777" HPOS="713"/>
<SP HEIGHT="43" WIDTH="26" VPOS="3777" HPOS="766"/>
<String CONTENT="those" HEIGHT="46" WIDTH="130" VPOS="3775" HPOS="793"/>
<SP HEIGHT="37" WIDTH="29" VPOS="3784" HPOS="924"/>
<String CONTENT="types" HEIGHT="46" WIDTH="126" VPOS="3784" HPOS="954"/>
<SP HEIGHT="28" WIDTH="29" VPOS="3793" HPOS="1081"/>
<String CONTENT="of" HEIGHT="46" WIDTH="52" VPOS="3775" HPOS="1111"/>
<SP HEIGHT="45" WIDTH="27" VPOS="3775" HPOS="1164"/>
<String CONTENT="co-ordinate" HEIGHT="46" WIDTH="285" VPOS="3775" HPOS="1192"/>
<SP HEIGHT="38" WIDTH="29" VPOS="3791" HPOS="1478"/>
<String CONTENT="paper" HEIGHT="38" WIDTH="137" VPOS="3791" HPOS="1508"/>
<SP HEIGHT="36" WIDTH="30" VPOS="3785" HPOS="1646"/>
<String CONTENT="that" HEIGHT="45" WIDTH="98" VPOS="3776" HPOS="1677"/>
<SP HEIGHT="46" WIDTH="26" VPOS="3775" HPOS="1776"/>
<String CONTENT="have" HEIGHT="46" WIDTH="115" VPOS="3775" HPOS="1803"/>
<SP HEIGHT="44" WIDTH="27" VPOS="3777" HPOS="1919"/>
<String CONTENT="been" HEIGHT="44" WIDTH="109" VPOS="3777" HPOS="1947"/>
<SP HEIGHT="46" WIDTH="33" VPOS="3774" HPOS="2057"/>
<String CONTENT="found" HEIGHT="47" WIDTH="142" VPOS="3774" HPOS="2091"/>
<SP HEIGHT="44" WIDTH="29" VPOS="3776" HPOS="2234"/>
<String CONTENT="most" HEIGHT="38" WIDTH="115" VPOS="3782" HPOS="2264"/>
</TextLine>
<TextLine HEIGHT="54" WIDTH="2005" VPOS="3832" HPOS="373">
<String CONTENT="useful" HEIGHT="45" WIDTH="150" VPOS="3834" HPOS="373"/>
<SP HEIGHT="44" WIDTH="26" VPOS="3834" HPOS="524"/>
<String CONTENT="for" HEIGHT="45" WIDTH="75" VPOS="3834" HPOS="551"/>
<SP HEIGHT="29" WIDTH="28" VPOS="3849" HPOS="627"/>
<String CONTENT="statistical" HEIGHT="45" WIDTH="238" VPOS="3834" HPOS="656"/>
<SP HEIGHT="52" WIDTH="29" VPOS="3834" HPOS="895"/>
<String CONTENT="purposes&#8221;" HEIGHT="53" WIDTH="244" VPOS="3833" HPOS="925"/>
<SP HEIGHT="43" WIDTH="27" VPOS="3833" HPOS="1170"/>
<String CONTENT="in" HEIGHT="42" WIDTH="43" VPOS="3834" HPOS="1198"/>
<SP HEIGHT="29" WIDTH="27" VPOS="3847" HPOS="1242"/>
<String CONTENT="envelope" HEIGHT="52" WIDTH="215" VPOS="3832" HPOS="1270"/>
<SP HEIGHT="28" WIDTH="27" VPOS="3848" HPOS="1486"/>
<String CONTENT="mounted" HEIGHT="43" WIDTH="213" VPOS="3834" HPOS="1514"/>
<SP HEIGHT="44" WIDTH="25" VPOS="3834" HPOS="1728"/>
<String CONTENT="on" HEIGHT="29" WIDTH="58" VPOS="3849" HPOS="1754"/>
<SP HEIGHT="43" WIDTH="26" VPOS="3835" HPOS="1813"/>
<String CONTENT="inside" HEIGHT="46" WIDTH="144" VPOS="3832" HPOS="1840"/>
<SP HEIGHT="28" WIDTH="26" VPOS="3850" HPOS="1985"/>
<String CONTENT="of" HEIGHT="45" WIDTH="52" VPOS="3833" HPOS="2012"/>
<SP HEIGHT="45" WIDTH="23" VPOS="3832" HPOS="2065"/>
<String CONTENT="back" HEIGHT="45" WIDTH="117" VPOS="3832" HPOS="2089"/>
<SP HEIGHT="43" WIDTH="24" VPOS="3834" HPOS="2207"/>
<String CONTENT="cover." HEIGHT="29" WIDTH="146" VPOS="3848" HPOS="2232"/>
</TextLine>
<TextLine HEIGHT="57" WIDTH="1270" VPOS="3888" HPOS="445">
<String CONTENT="&#8220;Suggestions" HEIGHT="55" WIDTH="330" VPOS="3890" HPOS="445"/>
<SP HEIGHT="44" WIDTH="29" VPOS="3890" HPOS="776"/>
<String CONTENT="for" HEIGHT="47" WIDTH="76" VPOS="3890" HPOS="806"/>
<SP HEIGHT="31" WIDTH="24" VPOS="3906" HPOS="883"/>
<String CONTENT="a" HEIGHT="29" WIDTH="26" VPOS="3906" HPOS="908"/>
<SP HEIGHT="29" WIDTH="27" VPOS="3906" HPOS="935"/>
<String CONTENT="statistical" HEIGHT="46" WIDTH="240" VPOS="3888" HPOS="963"/>
<SP HEIGHT="43" WIDTH="28" VPOS="3888" HPOS="1204"/>
<String CONTENT="library&#8221;:" HEIGHT="54" WIDTH="229" VPOS="3888" HPOS="1233"/>
<SP HEIGHT="39" WIDTH="27" VPOS="3904" HPOS="1463"/>
<String CONTENT="p." HEIGHT="39" WIDTH="40" VPOS="3904" HPOS="1491"/>
<SP HEIGHT="43" WIDTH="30" VPOS="3891" HPOS="1532"/>
<String CONTENT="35-37." HEIGHT="46" WIDTH="152" VPOS="3888" HPOS="1563"/>
</TextLine>
<TextLine HEIGHT="56" WIDTH="1917" VPOS="3945" HPOS="375">
<String CONTENT="&#169;" HEIGHT="54" WIDTH="53" VPOS="3947" HPOS="375"/>
<SP HEIGHT="54" WIDTH="31" VPOS="3947" HPOS="429"/>
<String CONTENT="Sept." HEIGHT="53" WIDTH="122" VPOS="3948" HPOS="461"/>
<SP HEIGHT="43" WIDTH="26" VPOS="3949" HPOS="584"/>
<String CONTENT="29," HEIGHT="47" WIDTH="67" VPOS="3949" HPOS="611"/>
<SP HEIGHT="46" WIDTH="31" VPOS="3950" HPOS="679"/>
<String CONTENT="1925;" HEIGHT="54" WIDTH="131" VPOS="3945" HPOS="711"/>
<SP HEIGHT="51" WIDTH="30" VPOS="3948" HPOS="843"/>
<String CONTENT="2c." HEIGHT="43" WIDTH="65" VPOS="3948" HPOS="874"/>
<SP HEIGHT="44" WIDTH="31" VPOS="3948" HPOS="940"/>
<String CONTENT="Oct." HEIGHT="44" WIDTH="102" VPOS="3948" HPOS="972"/>
<SP HEIGHT="43" WIDTH="29" VPOS="3947" HPOS="1075"/>
<String CONTENT="6;" HEIGHT="52" WIDTH="50" VPOS="3947" HPOS="1105"/>
<SP HEIGHT="37" WIDTH="31" VPOS="3962" HPOS="1156"/>
<String CONTENT="aff." HEIGHT="42" WIDTH="78" VPOS="3948" HPOS="1188"/>
<SP HEIGHT="44" WIDTH="33" VPOS="3947" HPOS="1267"/>
<String CONTENT="Oct." HEIGHT="44" WIDTH="102" VPOS="3947" HPOS="1301"/>
<SP HEIGHT="44" WIDTH="31" VPOS="3946" HPOS="1404"/>
<String CONTENT="5;" HEIGHT="52" WIDTH="48" VPOS="3946" HPOS="1436"/>
<SP HEIGHT="51" WIDTH="32" VPOS="3947" HPOS="1485"/>
<!-- cceid 35F9D1B7-6DD5-1014-B757-AF09C522E301 --><String CONTENT="A" HEIGHT="42" WIDTH="43" VPOS="3947" HPOS="1518"/>
<SP HEIGHT="43" WIDTH="30" VPOS="3947" HPOS="1562"/>
<String CONTENT="864963;" HEIGHT="53" WIDTH="189" VPOS="3946" HPOS="1593"/>
<SP HEIGHT="51" WIDTH="33" VPOS="3948" HPOS="1783"/>
<String LANG="la" CONTENT="Henty" HEIGHT="52" WIDTH="162" VPOS="3948" HPOS="1817"/>
<SP HEIGHT="52" WIDTH="30" VPOS="3948" HPOS="1980"/>
<String CONTENT="Holt" HEIGHT="43" WIDTH="117" VPOS="3948" HPOS="2011"/>
<SP HEIGHT="43" WIDTH="30" VPOS="3948" HPOS="2129"/>
<String CONTENT="&amp;" HEIGHT="43" WIDTH="37" VPOS="3948" HPOS="2160"/>
<SP HEIGHT="43" WIDTH="28" VPOS="3948" HPOS="2198"/>
<String CONTENT="co." HEIGHT="27" WIDTH="65" VPOS="3963" HPOS="2227"/>
</TextLine>
<TextLine HEIGHT="58" WIDTH="272" VPOS="4002" HPOS="453">
<String CONTENT="(25-19555)" HEIGHT="58" WIDTH="272" VPOS="4002" HPOS="453"/>
</TextLine>
</TextBlock>
</PrintSpace>
</Page>
</Layout>
</alto>