2533 4412
1318 4048 147 55 1438

382 367 260 73 Gerard,
678 365 245 60 Louise.

461 463 131 57 The
629 462 255 57 shadow
917 458 68 62 of
1020 462 105 57 the
1160 462 189 71 palm,
1384 463 83 70 by
1501 459 230 61 Louise
1766 461 263 60 Gerard.
2111 463 279 71 London,

383 539 170 59 Mills
580 540 48 56 &
652 540 196 70 Boon,
875 536 244 62 limited
1148 539 183 73 [1925]

451 629 85 46 256
561 645 40 37 p.
666 630 50 45 19
723 631 15 18 cm.

384 697 2008 55 © 1c. Nov. 14, 1925; A ad int. 7459; pubd. Sept. 18; L. Gerard, ℅ Mills
454 756 38 44 &
523 755 143 51 Boon,
698 755 77 43 ltd.
845 753 274 55 (25-25759)

384 853 259 71 Gilbert,
676 854 110 61 Sir
817 853 285 61 William
1134 854 360 75 Schwenck,
1530 857 360 59 1836-1911.

461 945 79 57 H.
578 945 83 57 M.
700 945 61 59 S.
798 945 324 74 Pinafore,
1157 947 126 57 and
1317 947 182 57 other
1528 947 203 73 plays,
1766 948 84 72 by
1880 948 98 58 W.
2019 948 61 59 S.
2118 948 244 60 Gilbert;

384 1024 429 58 introduction
839 1025 84 71 by
950 1023 243 59 Gilbert
1222 1023 273 60 Gabriel.
1566 1024 155 59 New
1745 1025 191 74 York,
1971 1027 129 56 The
2130 1027 265 59 Modern

383 1102 243 72 library
661 1103 184 74 [1925]

453 1195 93 50 xvi,
571 1193 84 44 218
683 1207 38 38 p.
784 1192 117 45 illus.
965 1192 48 44 17
1022 1195 47 17 cm
1075 1227 9 10 .
1154 1192 291 55 (Half-title:
1477 1192 99 45 The
1607 1194 196 45 Modern
1830 1195 172 53 library
2028 1195 54 45 of
2108 1196 77 44 the
2212 1195 183 47 world’s

381 1252 98 43 best
509 1250 171 54 books)

797 1319 1599 57 CONTENTS.— H. M. S. Pinafore.—Patience.—The yeoman of the guard.—
384 1379 276 52 Ruddigore.

384 1449 53 55 ©
470 1452 119 43 Nov.
622 1450 68 53 28,
726 1449 104 46 1925;
889 1451 66 43 2c.
990 1451 110 43 Dec.
1132 1451 23 43 3;
1216 1450 79 44 aff.
1332 1451 108 43 Dec.
1479 1451 16 42 1;
1560 1450 43 43 A
1635 1449 164 45 875363;
1863 1451 197 44 Modern
2091 1450 186 54 library,
2311 1451 82 44 inc.

458 1506 67 55 [©
561 1508 320 53 introduction]
954 1507 272 55 (25-24888)

384 1609 272 72 Gordon,
697 1608 255 59 Samuel
990 1607 257 74 Dickey,
1288 1611 192 57 1859-

461 1699 1938 75 Five laws that govern prayer, by S. D. Gordon … New
383 1780 191 74 York,
620 1779 274 73 Chicago
938 1782 147 73 [etc.]
1129 1778 292 73 Fleming
1459 1778 80 57 H.
1582 1779 220 57 Revell
1842 1797 309 55 company
2193 1809 14 44 [
2209 1788 17 21 c
2231 1780 166 73 1925]

454 1873 339 52 95 p. 19 ½ cm .
456 1943 139 43 “Five
634 1943 238 44 addresses
913 1941 228 44 delivered
1179 1949 46 36 at
1262 1941 75 44 the
1378 1938 167 48 School
1583 1940 51 45 of
1673 1940 183 55 foreign
1895 1940 225 53 missions,
2161 1943 236 43 Woman’s

385 2000 181 54 foreign
598 1999 273 54 missionary
904 1999 181 53 society,
1121 1998 253 45 Methodist
1407 1997 245 54 Episcopal
1682 1999 170 44 church
1884 2008 46 36 at
1964 1999 236 54 Lakeside,
2237 2000 162 45 Ohio.”

385 2058 53 54 ©
472 2060 119 42 Nov.
629 2060 63 50 14,
729 2056 129 53 1925;
891 2058 64 42 2c.
989 2057 88 43 and
1107 2057 79 42 aff.
1221 2057 118 43 Nov.
1372 2056 79 52 28;
1490 2056 43 43 A
1566 2055 191 54 875278;
1794 2056 208 55 Fleming
2039 2059 62 43 H.
2137 2059 159 43 Revell
2330 2074 64 28 co.

465 2114 272 56 (25-24786)

386 2216 183 73 Grey,
605 2215 190 71 Zane,
833 2216 190 57 1872-

465 2304 1933 75 The vanishing American, by Zane Grey … New York
387 2388 124 57 and
540 2386 279 72 London,
851 2384 261 72 Harper
1138 2383 49 57 &
1216 2384 313 73 brothers,
1562 2385 166 56 1925.

455 2473 953 58 4 p. l., 308 p. front., plates. 19½ cm .
387 2548 53 54 ©
477 2550 109 43 Dec.
629 2549 35 51 1,
705 2546 104 45 1925;
876 2546 65 43 2c.
981 2547 108 41 Dec.
1127 2546 27 41 2;
1219 2545 79 43 aff.
1339 2545 109 42 Dec.
1486 2545 23 42 3;
1576 2545 44 41 A
1659 2543 165 45 875327;
1890 2545 48 45 Z.
1979 2544 136 54 Grey,
2155 2545 241 53 Altadena,

458 2605 135 47 Calif.
663 2601 273 59 (25-24588)

386 2706 303 72 Grimald,
728 2703 317 72 Nicholas,
1088 2705 360 57 1519-1562.

532 2793 1864 75 … The life and poems of Nicholas Grimald, by L. R.
386 2872 2010 77 Merrill … New Haven, Yale university press; [etc., etc.]
387 2958 166 56 1925.

457 3040 1669 61 iv p., 2 l., [3]-463 p. 23 cm . (Yale studies in English … LXIX)
457 3118 164 45 Thesis
660 3119 107 53 (ph.
797 3114 249 55 d.)—Yale
1076 3113 263 52 university,
1375 3111 119 46 1923.

817 3186 99 46 CONTENTS.—The
953 3185 82 46 life
1071 3185 51 46 of
1159 3182 220 47 Nicholas
1421 3182 219 47 Grimald.
1656 3210 58 6 —
1732 3182 207 48 Christus
1979 3185 228 46 redivivus
2250 3186 148 49 [Latin

387 3251 158 44 drama
570 3247 112 44 with
706 3241 720 54 translation]—Archipropheta
1455 3241 149 47 [Latin
1630 3242 158 44 drama
1815 3241 111 46 with
1951 3243 449 49 translation]—The

388 3307 183 45 shorter
604 3319 154 39 poems
789 3302 52 46 of
872 3300 221 45 Nicholas
1129 3298 220 47 Grimald.

388 3377 53 54 ©
472 3378 111 51 May
613 3376 36 50 8,
685 3373 130 53 1925;
846 3373 63 43 2c.
940 3373 113 51 May
1086 3368 75 55 15;
1192 3370 79 43 aff.
1304 3370 111 55 May
1445 3369 51 52 9;
1530 3369 44 42 A
1603 3366 191 54 855183;
1828 3368 114 45 Yale
1974 3368 249 54 university
2254 3385 140 37 press.

466 3431 273 58 (25-10258)

388 3534 378 68 Guthmann,
805 3530 217 72 Harry
1056 3528 260 71 George.

385 3617 1982 153 The analysis of financial statements, by Harry G. Guthmann … New York, Prentice-Hall, inc., 1925.
465 3798 62 51 xi,
555 3794 83 47 454
664 3811 39 38 p.
733 3794 100 43 incl.
865 3793 160 49 forms,
1053 3792 168 51 diagrs.
1282 3789 52 43 23½
1370 3790 47 17 cm
1425 3824 7 7 .

468 3866 355 55 Bibliography:
855 3879 39 38 p.
922 3860 205 47 411-417.

389 3941 52 53 ©
479 3941 108 42 Nov
638 3939 34 49 1,
712 3934 128 52 1925;
877 3935 65 42 2c.
981 3934 87 42 and
1103 3932 79 43 aff.
1220 3932 109 42 Dec.
1370 3931 47 51 1;
1457 3930 44 42 A
1536 3927 160 46 875321;
1766 3929 360 53 Prentice-Hall,
2166 3930 82 43 inc.

469 3993 271 59 (25-24659)
