2533 4412
0 0 0 0 621
143 424 244 73 Galpin,
435 425 256 58 Charles
737 425 239 70 Josiah,
1022 428 189 57 1864-

218 518 236 72 Empty
487 520 315 71 churches,
835 521 105 58 the
973 521 404 55 rural-urban
1410 519 307 71 dilemma,
1750 520 84 69 by
1868 518 260 59 Charles

141 594 1985 73 Josiah Galpin … New York & London, The Century co.
144 703 14 43 [
161 681 18 21 c
182 672 148 56 1925
332 702 14 42 ]

246 763 608 53 x, 150 p. 19 cm . $1.00
141 830 53 54 ©
218 833 116 52 June
364 834 32 49 1,
429 830 102 45 1925;
585 833 65 42 2c.
677 833 87 43 and
791 833 78 43 aff.
899 833 115 53 June
1043 830 22 45 5;
1120 832 44 43 A
1192 830 164 46 829549;
1413 830 201 55 Century
1642 846 66 29 co.

218 888 269 55 (25-10792)

141 1002 404 74 Gerberding,
589 1003 238 72 George
870 1004 232 73 Henry,
1148 1006 188 56 1847-

217 1095 321 56 Lutheran
571 1094 488 73 fundamentals,
1097 1114 39 37 a
1169 1095 219 71 simple
1427 1097 235 69 system
1700 1094 65 57 of
1806 1093 325 71 Scripture

140 1172 177 57 truth
353 1172 151 56 with
544 1172 416 70 applications
1002 1172 107 57 for
1146 1173 103 57 the
1291 1191 282 38 common
1609 1190 164 53 man,
1813 1173 85 70 by
1937 1171 69 59 G.
2048 1172 81 56 H.

141 1248 1966 151 Gerberding … Rock Island, Ill., Augustana book concern, 1925.
209 1416 357 53 321 p. 19½ cm .
140 1485 1990 54 © May 21, 1925; 2c. and aff. May 29; A 855433; Augustana book concern.
218 1542 269 55 (25-10603)

141 1643 227 72 Gordy,
406 1641 246 61 Wilbur
689 1641 169 73 Fisk,
899 1644 189 57 1854-

216 1733 1849 74 History of the United States, by Wilbur Fisk Gordy …
141 1811 359 58 illustrated
547 1812 67 56 in
661 1812 179 57 black
891 1812 125 57 and
1063 1811 186 57 white
1304 1813 124 56 and
1479 1813 170 56 color
1699 1812 167 57 from
136 1812 1972 149 photographs,

413 1908 199 52 maps,
635 1890 123 58 and
778 1889 322 72 paintings
1126 1889 66 57 of
1214 1888 262 58 historic
1498 1888 404 72 importance.
1985 1890 151 57 New

140 1966 189 72 York,
359 1965 268 76 Chicago
658 1970 146 70 [etc.]
837 1965 64 59 C.
933 1966 356 58 Scribner’s
1319 1986 142 39 sons
1493 1996 13 43 [
1509 1975 19 21 c
1531 1968 163 72 1925]

210 2057 90 51 xiv,
330 2057 80 43 602
437 2072 39 38 p.
536 2057 82 43 col.
647 2057 153 53 front.,
828 2056 129 52 illus.,
986 2056 82 44 col.
1096 2057 160 53 plates;
1280 2071 139 37 maps.
1478 2057 54 43 20
1539 2059 46 17 cm
1591 2091 9 9 .

213 2127 216 45 Contains
461 2127 365 53 bibliographies.

142 2196 1989 55 © May 18, 1925; 2c. June 2; aff. May 19; A 855449; Charles Scribner’s
211 2270 118 29 sons.
393 2254 66 54 [©
490 2254 245 44 additional
767 2254 221 54 material]
1059 2253 270 55 (25-10430)

143 2354 257 73 Haight,
444 2354 327 57 Elizabeth
811 2353 321 73 Hazelton,
1177 2357 188 56 1872-

220 2449 246 57 Horace
501 2450 123 56 and
657 2449 95 57 his
787 2452 101 54 art
921 2449 66 58 of
1023 2448 375 72 enjoyment,
1432 2450 83 68 by
1549 2448 327 57 Elizabeth
143 2448 1965 136 Hazelton

301 2525 1832 73 Haight … New York, E. P. Dutton & company
184 2604 161 73 [c1925]

212 2681 511 52 6 p. l., 276 p. 21 cm .
142 2733 1934 55 © May 29, 1925; 2c. June 4; aff. June 2; A 855479; E. P. Dutton & co.
222 2791 268 55 (25-10724)

147 2891 164 72 Hall,
346 2890 308 58 Marshall
685 2891 72 58 R.

224 2982 129 57 The
398 2982 207 70 valley
650 2981 67 56 of
765 2980 202 72 strife,
1015 2981 82 71 by
1144 2980 310 56 Marshall
1498 2980 72 55 R.
1621 2980 166 56 Hall.
1874 2980 256 74 Boston,

148 3059 211 72 Small,
395 3059 315 71 Maynard
741 3059 48 55 &
820 3076 304 53 company
1159 3087 14 43 [
1174 3065 20 22 c
1197 3058 164 73 1925]

213 3134 607 54 4 p. l., 3-292 p. 19½ cm .
144 3187 1987 58 © May 23, 1925; 2c. and aff. June 13; A 855534; Small, Maynard & co.,
215 3249 81 43 inc.
365 3247 270 55 (25-11039)

148 3347 356 74 Hazelrigg,
543 3347 185 58 John.

221 3442 490 57 Fundamentals
741 3442 66 57 of
832 3439 299 58 hermetic
1162 3439 252 71 science,
1442 3440 186 71 being
1655 3441 103 57 the
1788 3444 162 55 bona
1976 3442 154 59 tides

147 3520 68 56 of
238 3520 322 70 astrology
585 3539 68 37 as
681 3520 365 56 antecedent
1072 3522 62 54 to
1158 3517 83 59 its
1269 3517 382 71 application
1680 3521 121 56 and
1824 3521 275 69 practice;

145 3597 83 56 its
261 3595 313 73 principia
606 3596 163 70 fully
804 3594 347 58 elucidated
1185 3595 126 56 and
1342 3594 103 58 the
1480 3599 140 53 true
1654 3596 375 57 foundation
2066 3597 65 58 of

146 3670 1982 76 the doctrine rationalized, by John Hazelrigg … drawings
147 3752 81 71 by
248 3751 102 58 the
375 3751 241 58 author.
699 3751 149 57 New
870 3750 189 71 York,
1082 3749 321 58 Hermetic
1424 3750 362 73 publishing
1809 3770 320 54 company,

149 3830 164 55 1925.

220 3909 73 42 141
322 3920 42 37 p.
425 3905 113 44 illus.
599 3905 56 43 22½c
703 3906 30 18 m
739 3940 9 9 .

148 3954 1983 57 © June 1, 1925; 2c. May 25; aff. June 2; A 829511; J. Hazelrigg, Toms
218 4016 151 51 River,
402 4016 58 42 N.
491 4016 40 51 J.
600 4012 269 56 (25-10790)
