2533 4412
1079 4089 110 55 595

135 429 326 74 Mahoney,
504 430 214 73 Harry
756 430 67 57 P.

215 517 350 75 Principles
602 523 67 56 of
706 521 340 58 automatic
1077 521 351 71 telephony,
1464 521 253 57 circuits
1757 523 123 56 and
137 522 1965 150 trunking,
295 601 82 70 by
406 599 218 71 Harry

653 599 68 56 P.
754 599 326 71 Mahoney.
1168 597 288 73 Chicago,
1487 600 364 58 Automatic
1881 600 247 58 electric

137 693 304 55 company
469 704 13 46 [
483 682 17 21 c
507 676 163 71 1924]

207 755 67 50 88,
306 754 52 51 [6]
390 769 38 36 p.
489 753 131 50 illus.,
648 753 169 51 diagrs.
847 754 125 50 (part
1001 752 137 51 fold.)
1203 753 54 45 28
1265 756 47 17 cm
1318 789 9 9 .

208 810 150 44 Blank
379 825 137 35 pages
545 811 78 43 for
649 808 358 45 “Memoranda”
1033 809 52 51 (6
1109 817 45 36 at
1179 808 112 50 end)

134 862 53 54 ©
216 864 115 53 June
365 863 60 51 16,
460 863 128 52 1924;
621 863 64 43 2c.
716 864 87 43 and
832 863 78 44 aff.
944 864 111 52 May
1088 862 62 53 15,
1186 862 128 54 1925;
1350 863 44 43 A
1426 861 189 56 855164;
1648 863 263 44 Automatic
1942 863 181 46 electric

203 936 65 28 co.
337 919 269 56 (25-10278)

134 1005 322 71 Mathews,
498 1004 283 59 William
819 1005 258 72 Smythe
1117 1004 303 72 Babcock,
1462 1007 359 57 1837-1912.

212 1083 303 56 Mathews
561 1083 123 56 and
725 1082 287 73 Liebling
1049 1082 432 73 pronouncing
1523 1084 125 56 and
1690 1082 274 74 defining
135 1083 1969 148 dictionary
423 1160 67 57 of
525 1159 215 68 music,

778 1160 305 71 compiled
1120 1160 122 57 and
1282 1159 206 58 edited
1523 1161 84 70 by
1641 1160 96 58 W.
1781 1161 61 58 S.
1885 1161 70 56 B.
135 1161 1968 134 Mathews
366 1238 123 57 and
581 1237 111 58 Emil
724 1236 315 73 Liebling;
1075 1237 153 57 with
1264 1258 35 37 a
1338 1237 392 72 supplement
1768 1237 361 74 containing

135 1335 79 38 an
251 1314 527 73 English-Italian
814 1315 399 71 vocabulary,
1253 1335 35 37 a
1325 1315 108 57 list
1471 1314 68 58 of
1575 1315 356 72 prominent
133 1335 1971 130 composers
394 1394 123 59 and

555 1391 1573 77 artists … Cincinnati, New York [etc.] The
135 1470 167 60 John
335 1469 245 60 Church
612 1489 320 53 company,
967 1472 165 54 1925.

203 1549 81 43 264
314 1563 40 38 p.
415 1548 114 44 illus.
556 1547 192 54 (music)
815 1547 52 43 20
875 1550 47 17 cm
929 1582 7 8 .

204 1607 64 43 At
296 1605 114 44 head
439 1605 52 42 of
518 1604 125 44 title:
674 1604 194 43 Revised
897 1603 179 45 edition.

134 1661 56 53 ©
215 1663 112 51 May
355 1661 62 53 15,
445 1661 129 52 1925;
602 1663 66 42 2c.
694 1663 86 41 and
806 1662 79 42 aff.
914 1663 112 50 May
1048 1662 79 50 20;
1156 1662 44 42 A
1227 1660 189 54 855312;
1447 1662 118 53 John
1595 1662 183 44 Church
1801 1678 68 28 co.
1946 1661 53 53 [©
2025 1678 98 28 new

203 1726 165 36 matter
392 1719 59 52 by
477 1718 208 44 William
711 1717 50 44 F.
793 1718 185 53 Collins]
1050 1716 269 56 (25-10471)

135 1803 298 72 Meunier,
469 1805 182 56 Mme.
689 1801 227 58 Léonie
961 1802 369 75 (Levailois)
1377 1806 189 57 1852-

133 1881 1969 151 … Philippe de Champaigne, par M me Stanislas Meunier, avec une préface
953 1960 77 62 de
1067 1958 276 59 Gustave
1383 1960 277 73 Geffroy.
1737 1961 206 74 Paris,
135 1962 1966 134 Éditions
334 2038 256 57 Nilsson
627 2068 13 43 [
641 2045 20 22 c
664 2039 164 72 1924]

206 2113 1714 57 3 p. l., [13]-136 p., 1 l. incl. plates. front. (port.) 18½ cm . (Maîtres
134 2169 770 54 anciens et modernes … [14])
206 2226 391 53 “Bibliographie”
616 2242 8 28 :
658 2241 39 37 p.
751 2224 237 56 [125]-[127]

134 2288 1934 55 © Dec. 3, 1924; 1c. Mar. 12, 1925; A—Foreign 26985; Editions Nilsson.
212 2345 269 55 (25-10541)

135 2430 336 73 Michigan.
551 2431 302 72 Supreme
896 2436 189 51 court.

213 2507 1912 75 Michigan reports. Cases decided … from July 24 to
137 2587 267 58 October
447 2588 89 70 30,
582 2588 165 55 1924.
831 2586 279 62 Richard
1152 2587 94 58 W.
1300 2586 259 75 Cooper,
1610 2591 161 55 state
1819 2591 305 71 reporter.

180 2712 9 7 v.
225 2668 125 54 228.
423 2667 100 54 1st
552 2666 91 56 ed.
717 2664 288 73 Chicago,
1041 2664 344 72 Callaghan
1417 2666 47 55 &
1497 2685 321 54 company,
1854 2670 164 55 1925.

202 2743 147 50 xxxii,
383 2740 80 45 754
491 2756 41 37 p.
589 2741 53 44 23
651 2744 44 17 cm
703 2776 9 9 .

135 2796 53 54 ©
217 2799 114 52 June
363 2797 63 52 17,
459 2796 128 53 1925;
619 2798 64 42 2c.
715 2798 87 42 and
831 2797 78 43 aff.
940 2798 114 50 June
1083 2797 78 51 20;
1194 2797 44 42 A
1270 2796 188 54 855610;
1494 2796 186 46 Charles
1711 2800 39 52 J.
1785 2801 214 52 DeLand,
207 2816 1897 91 secretary

385 2853 50 44 of
462 2861 115 36 state
606 2853 75 44 for
705 2853 75 43 the
809 2861 114 36 state
948 2854 52 43 of
1028 2853 248 53 Michigan,
1305 2854 213 53 Lansing,
1547 2855 141 44 Mich.

136 2938 297 58 National
464 2938 363 57 conference
861 2955 79 40 on
970 2938 103 56 the
1111 2937 322 58 Christian
1463 2955 140 56 way
1638 2940 68 58 of

1737 2940 131 58 life.
211 2944 1891 130 Commission
502 3036 76 37 on
614 3017 100 56 the
735 3016 245 56 church.

210 3095 166 70 Why
404 3094 104 57 the
538 3093 264 57 church?
884 3094 190 57 What
1105 3094 52 56 is
1189 3093 82 57 its
1305 3094 419 58 contribution
1758 3100 62 55 to
1856 3099 101 57 the
136 3118 1967 112 promotion
400 3172 66 57 of

495 3172 102 57 the
630 3170 322 60 Christian
978 3190 139 53 way
1145 3169 67 60 of
1240 3171 113 58 life
1381 3171 64 57 in
1475 3173 103 57 the
1607 3174 232 58 world?
1922 3175 58 59 A
136 3177 1969 131 syllabus
359 3251 66 56 of
467 3249 319 72 questions

831 3249 102 56 for
977 3267 108 39 use
1129 3250 82 70 by
1253 3249 349 58 discussion
1647 3253 249 57 classes.
137 3256 1965 142 Preliminary
465 3328 88 56 ed.
641 3326 412 58 Commission
1088 3346 77 37 on
1199 3327 101 56 the
1336 3327 229 58 church
1596 3329 68 57 of
1696 3330 102 57 the
1832 3330 293 60 National

139 3402 1988 75 conference on the Christian way of life … New York,
139 3482 396 58 Association
572 3500 200 51 press,
814 3482 164 55 1925.

244 3596 8 16 x,
289 3560 77 43 104
401 3574 39 37 p.
499 3558 53 44 20½
587 3561 47 17 cm
640 3593 8 7 .

138 3616 53 54 ©
219 3619 119 41 Mar.
365 3617 65 48 30,
461 3615 130 52 1925;
617 3616 65 42 2c.
709 3615 111 52 Apr.
848 3616 49 50 3;
926 3615 78 42 aff.
1033 3615 112 50 Apr.
1177 3615 73 50 11;
1281 3614 43 42 A
1352 3614 187 53 822853;
1572 3617 52 43 R.
1653 3617 52 47 E.
1734 3618 286 54 McCulloch,
2052 3621 74 43 for

207 3675 74 42 the
312 3672 218 43 National
560 3671 267 43 conference
858 3687 56 27 on
947 3671 76 43 the
1056 3670 228 44 Christian
1316 3685 102 38 way
1449 3672 52 43 of
1531 3672 92 53 life,
1658 3674 118 44 New
1808 3676 142 43 York.

217 3729 269 56 (25-10133)

139 3817 247 70 Nelson,
428 3814 280 59 William
750 3812 340 58 Hamilton.

212 3896 127 55 The
378 3892 259 58 wisdom
678 3890 67 57 of
783 3890 149 70 Sufi,
969 3891 103 57 the
1114 3889 216 70 scribe,
1368 3891 84 69 by
1485 3892 280 59 William
1800 3895 322 59 Hamilton

140 3972 249 57 Nelson.
472 3967 340 66 Nashville,
843 3970 209 66 Tenn.,
1084 3966 361 73 Cokesbury
1472 3988 200 54 press,
1702 3973 167 57 1924.
