2533 4412
0 0 0 0 75
130 502 210 58 Maine
374 501 249 59 writers
658 501 290 57 research
983 499 157 59 club.

203 580 152 57 Just
384 578 212 58 Maine
626 577 184 72 folks,
841 578 85 71 by
958 577 130 56 The
1121 576 210 56 Maine
1361 575 249 58 writers
1645 575 293 58 research
1969 575 154 72 club,

127 657 149 56 with
305 655 453 59 contributions
787 656 82 70 by
898 654 327 59 Governor
1251 653 289 57 Percival
1569 654 69 55 P.
1669 653 256 72 Baxter,
1956 653 168 58 Kate

127 735 279 72 Douglas
450 733 275 72 Wiggin,
772 733 210 56 Laura
1027 732 73 57 E.
1147 731 328 73 Richards,
1521 732 123 56 and
1689 731 181 58 other
1914 731 210 57 Maine

126 812 265 58 writers.
464 810 348 74 [Lewiston,
842 810 139 73 Me.,
1013 809 129 57 The
1173 809 272 58 Journal
1474 808 353 73 printshop,
1859 816 18 24 c
1881 809 165 73 1924]

205 889 1195 56 6 p. l., [17]–331 p. front., illus., ports. 19½ cm .
129 946 53 53 ©
217 948 109 42 Dec.
360 947 67 51 24,
465 946 106 43 1924;
630 946 64 42 2c.
729 946 99 50 Jan.
866 945 38 52 5,
942 945 129 50 1925;
1109 945 79 43 aff.
1224 946 99 50 Jan.
1359 943 49 53 7;
1447 944 43 42 A
1528 941 189 54 814576;
1758 943 154 45 Maine
1948 944 178 43 writers

202 1001 209 45 research
435 1002 117 51 club,
578 1001 241 51 Lewiston,
849 1003 90 42 Me.
1009 999 242 56 (25-3560)

131 1071 281 73 [Malory,
444 1072 111 58 Sir
590 1071 285 73 Thomas]
912 1073 148 56 15th
1097 1075 154 55 cent.

275 1146 1853 74 … King Arthur and his knights; a noble and joyous
129 1224 1932 73 history, edited and arranged by Philip Schuyler Allen …
130 1304 152 58 with
322 1303 422 57 illustrations
789 1302 66 56 in
900 1303 170 57 color
1113 1303 123 57 and
1279 1302 122 57 line
1446 1303 84 71 by
1573 1302 187 58 Mead
1806 1302 324 59 Schaeffer

131 1382 124 57 and
287 1381 169 58 John
491 1381 71 57 R.
600 1380 139 57 Neill.
867 1379 288 74 Chicago,
1191 1379 152 57 New
1375 1380 191 71 York,
1601 1380 202 71 Rand,
1838 1380 292 72 McNally

131 1459 48 59 &
209 1478 306 52 company
546 1488 12 43 [
561 1469 18 20 c
583 1460 164 71 1924]

200 1536 96 54 xiii,
314 1536 81 45 455
412 1551 39 38 p.
516 1536 83 46 col.
617 1535 152 51 front.,
789 1534 129 52 illus.,
936 1536 82 43 col.
1037 1535 156 53 plates.
1258 1535 52 44 23½
1346 1537 47 18 cm
1399 1570 9 9 .
1483 1534 124 55 (The
1624 1535 317 44 Windermere
1958 1535 166 54 series)

203 1594 261 44 Illustrated
496 1593 339 52 lining-papers.

131 1648 55 54 ©
215 1651 109 43 Dec.
358 1651 63 51 13,
453 1650 129 51 1924;
614 1650 63 43 2c.
709 1652 86 41 and
825 1650 77 42 aff.
934 1650 110 42 Dec.
1074 1650 78 51 22;
1184 1650 79 42 aff.
1293 1650 99 52 Jan.
1427 1648 61 53 17,
1525 1649 129 52 1925;
1687 1649 44 43 A
1762 1647 188 54 815623;
1985 1649 145 51 Rand,

202 1706 225 52 McNally
456 1707 37 43 &
524 1721 65 27 co.
653 1703 66 55 [©
750 1705 274 52 adaptation,
1057 1706 171 52 editing
1259 1706 86 43 and
1377 1705 312 55 illustrations]

210 1761 243 56 (25-3028)

131 1831 165 72 May,
339 1832 247 56 Emmet
624 1830 222 70 Claire,
888 1833 190 59 1875-

209 1908 130 57 The
363 1908 258 72 angelus
646 1908 67 57 of
738 1907 230 58 Sunset
991 1908 150 71 Hill,
1163 1909 84 71 by
1268 1908 249 57 Emmet
1543 1907 63 59 C.
1632 1908 167 72 May.
1883 1908 246 72 Peoria,

135 1986 115 72 Ill.,
281 1987 164 56 1924.

204 2064 554 53 3 p. l., 223 p. 21½ cm .
134 2118 53 55 ©
212 2121 108 43 Dec.
344 2120 68 52 20,
439 2121 105 43 1924;
593 2120 65 43 2c.
685 2122 99 50 Jan.
809 2120 67 52 26,
904 2118 130 54 1925;
1062 2120 78 43 aff.
1169 2121 110 42 Dec.
1303 2120 67 52 29,
1400 2121 129 50 1924;
1560 2121 40 41 A
1628 2119 190 53 814790;
1848 2119 52 47 E.
1929 2119 48 45 C.
2006 2120 125 52 May,

206 2177 176 51 Peoria,
414 2177 69 43 Ill.
553 2176 243 54 (25-3091)

134 2247 236 72 Mayer,
408 2246 227 58 Edwin
671 2246 226 58 Justus.

216 2326 127 58 The
371 2325 349 72 firebrand;
751 2345 35 38 a
816 2327 256 71 comedy
1098 2327 67 56 in
1191 2327 103 58 the
1324 2327 309 57 romantic
1664 2325 206 74 spirit,
1898 2328 83 71 by
137 2326 1973 135 Edwin

281 2405 228 57 Justus
535 2402 238 73 Mayer.
843 2405 151 56 New
1016 2403 191 71 York,
1232 2404 162 57 Boni
1421 2406 122 56 and
1570 2402 329 74 Liveright
1929 2435 12 43 [
1942 2412 19 20 c
1966 2405 164 72 1924]

205 2483 81 44 223
312 2498 40 37 p.
410 2481 58 45 20
472 2484 47 18 cm
525 2517 8 8 .

136 2535 53 53 ©
215 2536 108 43 Dec.
352 2535 67 51 30,
450 2537 129 51 1924;
607 2534 65 44 2c.
701 2536 99 51 Jan.
828 2536 38 50 9,
900 2533 129 53 1925;
1059 2535 80 43 aff.
1167 2536 99 52 Jan.
1296 2534 50 53 6;
1378 2536 43 42 A
1449 2536 190 52 814908;
1673 2537 112 42 Boni
1817 2538 37 42 &
1884 2536 248 53 Liveright.

213 2591 243 57 (25-3438)

135 2662 289 73 Meynell,
463 2662 317 58 Laurence
816 2662 95 59 W.

212 2739 450 73 Mockbeggar;
701 2759 35 37 a
771 2739 200 72 novel,
1006 2739 83 72 by
1124 2738 320 58 Laurence
1479 2739 96 58 W.
1616 2740 289 73 Meynell.
1982 2742 152 57 New

136 2817 187 73 York,
351 2818 73 57 D.
452 2817 320 71 Appleton
802 2817 123 57 and
952 2835 322 55 company,
1305 2818 164 56 1925.

211 2897 651 52 4 p. l., 314, [1] p. 19½ cm .
138 2949 53 55 ©
215 2952 105 44 Feb.
346 2952 37 49 6,
413 2952 130 51 1925;
568 2952 63 43 2c.
657 2953 86 42 and
768 2952 78 43 aff.
873 2951 106 44 Feb.
1005 2953 50 51 9;
1083 2952 43 42 A
1153 2951 190 53 814952;
1371 2952 56 43 D.
1454 2951 228 53 Appleton
1709 2954 37 43 &
1771 2968 65 29 co.
216 3008 242 53 (25-3546)

137 3078 225 71 Miller,
404 3077 292 71 Joaquin,
737 3079 356 56 1841-1913.

217 3156 164 56 True
423 3156 152 57 bear
619 3155 247 70 stories,
909 3155 83 72 by
1035 3155 276 72 Joaquin
1356 3155 226 73 Miller,
1627 3156 151 58 with
1822 3177 80 38 an
140 3158 1972 132 introduction

432 3233 1707 74 by Dr. David Starr Jordan … Together with
141 3312 128 56 The
307 3312 152 56 bear
498 3311 442 69 “Monarch”;
980 3311 139 56 how
1155 3312 76 57 he
1270 3330 129 40 was
1439 3314 320 68 captured.
1847 3312 288 74 Chicago,

141 3388 149 57 New
315 3389 190 70 York,
537 3388 199 65 Rand,
767 3388 293 72 McNally
1087 3388 48 58 &
1163 3407 306 53 company
1500 3418 11 43 [
1515 3398 20 21 c
1537 3390 163 73 1925]

210 3467 80 43 229
320 3481 39 37 p.
391 3465 99 48 incl.
522 3465 151 50 front.,
705 3464 114 45 illus.
883 3466 51 44 19
939 3468 47 18 cm
992 3501 9 8 .

140 3520 53 53 ©
223 3522 98 52 Jan.
353 3523 66 49 30,
453 3522 130 51 1925;
615 3523 64 43 2c.
710 3522 106 43 Feb.
850 3523 48 50 3;
932 3523 79 42 aff.
1043 3522 107 44 Feb.
1183 3523 49 50 2;
1267 3523 43 42 A
1339 3522 193 52 815897;
1568 3525 144 50 Rand,
1747 3524 222 53 McNally
2003 3526 36 42 &
2071 3540 63 28 co.

219 3577 242 55 (25-3627)

139 3647 402 72 Mississippi.
623 3649 304 71 Supreme
971 3654 191 52 court.

219 3724 1915 79 Cases argued and decided … at the September term,
143 3805 164 70 1923,
354 3805 123 56 and
521 3805 218 56 March
786 3808 178 67 term,
1013 3807 163 54 1924.
1259 3825 56 36 v.
1365 3806 125 56 134.
1579 3808 319 69 Reported
1945 3809 82 70 by
2072 3810 59 56 J.

142 3880 267 72 Morgan
450 3881 280 58 Stevens.
814 3880 342 72 Columbia,
1196 3883 143 70 Mo.,
1382 3883 70 55 E.
1493 3884 95 56 W.
1634 3883 310 72 Stephens
1984 3887 126 70 pub

141 3957 233 67 lishing
405 3978 106 51 co.,
545 3960 165 54 1924.

210 4034 94 48 xiii,
341 4033 103 43 1055
475 4049 39 35 p.
573 4034 52 44 23
634 4037 45 18 cm
687 4070 8 8 .

144 4086 52 53 ©
223 4089 98 51 Jan.
349 4090 39 50 8,
418 4089 128 51 1925;
573 4091 64 42 2c.
666 4092 97 50 Jan.
795 4090 71 50 16;
897 4092 78 41 aff.
1004 4090 105 44 Feb.
1136 4092 50 49 2;
1217 4092 42 40 A
1286 4091 187 51 814862;
1505 4091 51 46 E.
1586 4094 73 42 W.
1692 4093 217 52 Stephens
1939 4097 99 50 pub.
2068 4111 66 28 co.
