2533 4412
0 0 0 0 633
142 442 195 71 Alter,
376 442 41 59 J
733 442 182 75 Cecil,
956 447 190 56 1879-

216 533 217 58 James
454 533 291 74 Bridger,
769 538 281 69 trapper,
1073 532 474 74 frontiersman,
1572 539 173 54 scout
1771 536 125 57 and
1917 536 186 72 guide;

140 611 1993 73 a historical narrative … by J. Cecil Alter. With which is
137 688 443 73 incorporated
644 712 35 37 a
742 690 311 58 verbatim
1117 708 174 54 copy,
1359 690 358 73 annotated,
1784 689 68 58 of
1915 691 218 58 James

138 765 1995 75 Bridger, a biographical sketch … by Maj. Gen. Grenville
139 844 82 62 M.
247 844 235 75 Dodge.
568 845 137 60 Salt
730 845 168 60 Lake
927 845 162 73 City,
1113 845 190 75 Utah,
1333 845 289 74 Shepard
1646 847 158 58 book
1829 864 306 55 company

140 952 12 44 [
157 932 16 21 c
177 924 147 57 1925]

205 1001 109 49 xvii,
344 999 82 46 546
449 1016 40 38 p.
519 1002 100 43 incl.
649 1002 125 44 front.
846 1002 157 54 plates,
1031 1008 153 47 ports.,
1212 1016 116 38 map.
1387 1002 54 43 24½cm.

210 1056 212 47 “Edition
446 1057 170 45 limited
642 1066 45 36 to
713 1074 85 29 one
823 1059 222 45 thousand
1072 1059 146 53 copies
1245 1059 49 44 of
1318 1058 149 45 which
1495 1057 88 47 this
1610 1058 40 44 is
1673 1074 71 28 no.
1774 1058 118 44 126.”

208 1113 352 54 Bibliography:
591 1129 39 38 p.
663 1112 205 47 527-530.

134 1169 1997 56 © Apr. 2, 1925; 2c. Apr. 8; aff. Apr. 18; A 823827; J. C. Alter, Salt Lake
207 1225 115 56 City.
392 1227 270 55 (25-10984)

138 1326 286 70 Backert,
460 1327 325 72 Adolphus
823 1327 163 73 Otto,
1023 1330 191 57 1876-
1371 1328 90 58 ed.

216 1419 132 58 The
379 1418 59 57 A
470 1418 52 57 B
562 1417 47 61 C
645 1419 69 58 of
747 1419 140 58 iron
925 1420 124 58 and
1085 1419 184 72 steel;
1305 1419 154 59 with
1494 1439 35 38 a
1565 1418 320 73 directory
1921 1418 67 58 of
2024 1419 103 58 the

135 1497 141 57 iron
316 1497 124 58 and
481 1497 153 58 steel
674 1497 203 58 works
921 1499 124 56 and
1085 1497 167 58 their
1289 1498 302 71 products
1635 1497 68 57 of
1744 1497 105 58 the
1891 1496 237 59 United

140 1574 210 58 States
391 1576 123 56 and
555 1573 273 60 Canada.
907 1575 106 57 5th
1051 1576 92 56 ed.
1222 1574 233 59 Edited
1491 1575 86 72 by
1610 1574 75 57 A.
1787 1621 10 10 O.
1838 1574 288 58 Backert.

139 1651 354 74 Cleveland,
528 1651 89 74 O.,
654 1654 130 56 The
819 1653 243 56 Penton
1095 1652 365 73 publishing
1493 1670 322 54 company,
1852 1653 165 56 1925.

204 1726 1923 57 4 p. l., [xi]-xxiii, [1], 415 p. illus. (incl. ports.) fold, plates, diagrs.
191 1784 388 54 (1 fold.) 27½ cm .
134 1839 53 54 ©
218 1842 111 51 May
356 1841 65 50 23,
459 1839 128 54 1925;
619 1841 65 44 2c.
714 1842 115 52 June
857 1842 50 51 3;
937 1841 82 44 aff.
1049 1841 118 52 June
1195 1841 50 52 4;
1279 1841 44 43 A
1355 1838 188 55 855480;
1580 1842 177 43 Penton
1786 1841 101 52 pub.
1920 1856 67 29 co.

211 1896 271 55 (25-10964)

135 1996 329 72 Beckman,
507 1996 320 60 Theodore
866 1995 58 58 N
1238 1999 190 60 1894-

213 2087 338 59 Collection
614 2089 530 70 correspondence
1207 2087 123 58 and
1394 2106 237 54 agency
1692 2086 294 74 practice,
2048 2088 82 73 by

135 2165 1992 60 Theodore N. Beckman … and Felix E. Held … 1st ed.
133 2244 151 57 New
307 2244 172 56 York
508 2248 146 70 [etc.]
685 2243 454 60 McGraw-Hill
1161 2244 159 57 book
1347 2263 323 54 company,
1696 2244 138 72 inc.,
1861 2247 166 56 1925.

201 2320 62 54 xi,
299 2323 75 43 193
405 2336 39 38 p.
504 2320 116 45 illus.
647 2321 196 55 (forms)
911 2322 52 43 23½cm.
1174 2320 127 53 $2.50

132 2377 53 53 ©
217 2379 115 51 June
365 2380 37 49 9,
440 2377 129 52 1925;
603 2380 66 43 2c.
704 2381 87 43 and
825 2380 78 43 aff.
938 2380 116 52 June
1090 2380 76 52 13;
1203 2380 44 43 A
1282 2377 189 55 855528;
1509 2378 349 47 McGraw-Hill
1892 2380 120 44 book
2044 2396 82 38 co.,

202 2435 82 43 inc.
353 2434 270 55 (25-11198)

134 2519 225 72 Belloc,
400 2518 262 74 Hilaire,
704 2523 190 57 1870-

211 2611 128 58 The
364 2611 202 58 cruise
591 2612 68 57 of
679 2611 104 58 the
805 2611 180 59 Nona;
1040 2611 104 59 the
1169 2614 178 70 story
1367 2612 68 58 of
1458 2633 35 37 a
1518 2611 202 59 cruise
1746 2610 167 60 from
130 2612 1976 135 Holyhead

322 2693 63 54 to
416 2690 104 57 the
549 2689 215 68 Wash,
793 2690 151 57 with
976 2689 348 59 reflections
1359 2691 122 57 and
1510 2690 360 73 judgments
1905 2712 78 37 on
2014 2691 113 59 life

132 2769 123 56 and
279 2769 236 67 letters,
542 2787 142 38 men
711 2769 123 57 and
858 2787 312 48 manners,
1197 2769 83 71 by
1304 2768 246 57 Hilaire
1577 2768 227 58 Belloc.
1887 2768 241 59 Boston

133 2847 123 56 and
279 2846 152 57 New
453 2846 190 69 York,
667 2845 342 65 Houghton
1034 2845 216 57 Mifflin
1276 2864 322 53 company,
1625 2846 165 56 1925.

201 2922 667 55 xiv p, 1 l., 329 p. 22½c m .
127 2977 56 54 ©
211 2980 115 52 June
356 2978 36 52 5,
425 2978 130 54 1925;
586 2980 64 43 2c.
682 2980 86 43 and
797 2979 78 44 aff.
905 2980 115 52 June
1050 2979 50 52 8;
1133 2980 43 42 A
1206 2977 192 55 829577;
1430 2979 63 44 H.
1526 2978 169 54 Belloc,
1726 2979 200 44 London.

209 3033 271 56 (25-10997)

133 3124 166 71 Cage
325 3124 175 56 birds
532 3124 122 56 and
681 3123 143 57 bird
849 3122 216 72 world,
1092 3142 56 36 v.
1179 3123 91 70 47,
1300 3141 97 38 no.
1430 3123 166 70 1216,
1628 3121 152 73 May
1808 3124 51 68 2,
1892 3123 164 56 1925.

129 3196 1994 58 © 1c. June 30, 1925; A ad int. 7057; pubd. May 2; E. Carl, ℅ Hughes,
200 3258 172 43 Massie
407 3258 36 43 &
478 3273 78 35 co.,
594 3257 118 44 New
746 3257 142 44 York.

133 3350 307 73 Claggett,
481 3348 209 74 Ralph
727 3351 67 62 P.

208 3440 307 60 Christin
541 3439 152 72 high
726 3439 207 57 school
964 3438 132 71 life,
1126 3439 84 71 by
1239 3439 207 70 Ralph
1477 3440 68 55 P.
1582 3436 307 75 Claggett.
1973 3440 151 57 New

130 3518 188 69 York,
350 3516 370 72 Cincinnati,
752 3517 129 56 The
911 3516 336 72 Abingdon
1276 3535 180 52 press
1492 3545 13 43 [
1507 3524 20 21 c
1529 3516 164 73 1925]

196 3593 363 54 205 p. 19½ cm .
128 3651 53 53 ©
214 3653 109 47 June
353 3652 35 44 1,
418 3649 129 51 1925;
575 3651 65 42 2c.
668 3650 86 44 and
781 3650 79 43 aff.
889 3650 115 52 June
1031 3649 50 52 6;
1112 3649 44 43 A
1184 3647 190 54 829560;
1406 3650 54 43 R.
1489 3650 52 43 P.
1573 3647 224 56 Claggett,
1829 3649 204 53 Oberlin,
2065 3649 55 45 O.

205 3707 271 56 (25-10901)

133 3793 239 68 Clarke,
414 3792 167 58 John
621 3790 274 73 Patrick,
937 3794 191 56 1890-

212 3884 54 55 A
299 3902 140 37 rose
474 3881 239 56 wreath
746 3881 107 56 for
885 3881 104 57 the
1026 3881 318 73 crowning
1379 3881 67 57 of
1483 3881 90 58 St.
1612 3882 269 58 Thérèse
1918 3882 68 57 of
2020 3881 104 58 the

135 3959 180 60 Child
341 3959 209 70 Jesus,
578 3959 184 56 “The
789 3958 191 58 Little
1012 3959 191 56 sister
1232 3958 68 60 of
1325 3959 509 76 missionaries”,
1862 3960 85 75 by
1972 3960 150 59 Rev,
