2533 4412
1214 4116 112 56 214

271 467 266 71 Frohne,
581 467 221 72 Henry
839 466 97 60 W.

353 556 188 60 Color
585 557 274 57 schemes
904 556 106 57 for
1051 557 103 56 the
1196 557 179 56 home
1422 557 125 58 and
1587 557 206 58 model
1835 556 320 73 interiors,
2199 558 84 72 by

273 633 1939 74 Henry W. Frohne … and Alice F. & Bettina Jackson …
273 715 151 56 Rev.
465 715 90 56 ed.
594 713 153 57 with
779 732 193 52 many
1005 732 138 37 new
1177 712 224 71 plates.
1481 712 444 72 Philadelphia
1961 715 126 56 and
274 714 1983 150 London,

441 792 61 58 J.
529 791 72 58 B.
628 790 369 74 Lippincott
1021 809 336 53 company;
1387 789 217 60 Grand
1630 791 262 73 Rapids,
1923 792 130 57 The
2078 791 203 57 Dean-

272 869 195 58 Hicks
506 888 323 54 company,
866 870 166 56 1924.

340 948 56 43 99
431 962 41 38 p.
534 947 115 43 illus.
677 948 126 53 (part
841 946 110 54 col.)
1020 946 52 44 33
1080 948 46 18 cm
1134 981 8 8 .

272 1003 54 54 ©
353 1005 113 51 Apr.
496 1006 33 50 1,
562 1004 130 52 1924;
719 1005 66 41 2c.
813 1004 85 43 and
927 1004 79 42 aff.
1036 1003 119 43 Mar.
1190 1002 60 51 14,
1286 1001 129 54 1925;
1447 1003 42 42 A
1517 1003 191 52 823408;
1741 1004 303 44 Dean-Hicks
2074 1020 65 28 co.

351 1060 244 56 (25-6625)

272 1146 224 73 Fuchs,
536 1144 183 74 Emil,
757 1147 192 57 1866-

347 1253 133 58 With
556 1251 222 74 pencil,
812 1251 197 57 brush
1042 1253 126 56 and
1199 1251 224 72 chisel;
1459 1253 103 56 the
1596 1251 111 58 life
1744 1253 67 57 of
1844 1271 81 38 an
1959 1252 207 73 artist,
2201 1255 81 70 by

272 1328 1987 154 Emil Fuchs … with 150 illustrations. New York & London,
447 1409 68 60 G.
552 1409 68 57 P.
656 1408 335 58 Putnam’s
1028 1426 165 54 sons,
1227 1409 168 57 1925.

342 1488 108 52 xvii,
485 1485 83 45 254
601 1501 40 38 p.
705 1485 154 53 front.,
895 1484 116 44 illus.
1039 1486 46 53 (1
1126 1485 239 54 mounted)
1409 1485 158 53 plates,
1603 1494 155 44 ports.,
1793 1487 24 42 2
1853 1488 213 43 mounted
2105 1486 177 45 facsim.

268 1546 54 43 28½
358 1548 46 17 cm
411 1580 8 8 .

342 1602 349 52 Lining-papers
727 1600 256 42 illustrated
1014 1598 111 44 with
1159 1598 245 44 facsimiles
1437 1598 51 44 of
1520 1599 294 53 autographs.

273 1654 2005 57 © Mar. 2, 1925; 2c. Mar. 7; aff. Mar. 9; A 822292; E. Fuchs, ℅ G. P.
345 1715 232 43 Putnam’s
610 1728 118 37 sons,
763 1713 118 43 New
913 1713 143 43 York.
1127 1710 244 56 (25-6624)

270 1801 211 72 Gibbs,
518 1802 110 58 Sir
663 1799 213 73 Philip
914 1798 344 72 Hamilton,
1298 1800 193 58 1877-

349 1876 1931 78 The reckless lady; a novel, by Philip Gibbs … London,
268 1957 400 58 Hutchinson
699 1955 48 57 &
778 1975 84 38 co.
899 1956 182 72 [1924]

346 2035 364 55 312 p. 19½ cm .
271 2091 2008 55 © 1c. Jan. 24, 1925; A ad int. 6611; pubd. Nov. 29, 1924; George H. Doran
343 2167 80 35 co.,
459 2151 117 43 New
607 2150 144 43 York.
822 2147 245 56 (25-3195)

352 2238 130 56 Ten
514 2254 186 54 years
738 2235 201 57 after:
977 2254 38 37 a
1048 2235 334 74 reminder,
1417 2236 83 71 by
1535 2236 212 72 Philip
1785 2237 209 59 Gibbs.
2073 2240 76 56 2d
2186 2240 92 56 ed.

271 2317 280 68 London,
586 2313 401 58 Hutchinson
1019 2313 48 56 &
1099 2332 106 54 co.,
1243 2315 166 55 1924.

339 2391 546 55 vi, [7]–190 p. 22 ½ cm .
614 2445 333 46 CONTENTS.—Foreword.
965 2472 56 5 —
1038 2445 101 45 The
1178 2446 145 44 world
1363 2461 108 30 war.
1489 2474 57 4 —
1561 2446 99 46 The
1700 2449 233 44 uncertain
1974 2450 307 53 peace.—The

271 2514 179 44 present
479 2503 312 56 perils.—The
821 2504 116 52 hope
968 2503 156 44 ahead.

273 2558 2006 58 © 1c. Jan. 2, 1925; A ad int. 6579; pubd. Nov. 11, 1924; George H. Doran
343 2636 78 35 co.,
459 2620 117 43 New
611 2619 143 43 York.
825 2615 244 57 (25-3428)

274 2706 275 70 Hansen,
586 2704 187 56 Peter
811 2701 324 59 Christian
1170 2702 358 74 Valdemar,
1568 2707 191 56 1869-

416 2780 1862 77 … Det dybe skel, roman. Kjøbenhavn [etc.] Gyldendal,
268 2860 278 58 Nordisk
574 2859 230 73 forlag,
834 2860 166 55 1924.

350 2939 78 44 184
454 2954 40 38 p.
555 2938 53 46 20
616 2941 46 17 cm
670 2974 8 8 .

352 2998 64 42 At
441 2996 114 44 head
580 2996 51 43 of
653 2995 97 43 title
767 3010 9 28 :
805 2995 50 42 P.
884 2993 47 46 C.
958 2995 57 42 V.
1043 2994 204 44 Hansen.

349 3052 179 53 “Oplag
546 3068 7 27 :
587 3050 106 45 1250
718 3050 345 53 eksemplarer.”

272 3105 1985 113 © Oct. 11, 1924; 1c. Jan. 2, 1925; A—Foreign 26214; Gyldendalske boghandel,
559 3164 206 45 Nordisk
803 3164 164 53 forlag.
1037 3162 245 57 (25-6535)

271 3250 341 71 Hayward,
657 3247 260 59 Charles
959 3248 77 58 H.

349 3326 269 73 English
651 3327 320 56 furniture
1008 3330 64 53 at
1109 3346 36 38 a
1181 3328 216 70 glance;
1466 3347 36 38 a
1538 3329 219 72 simple
1793 3331 231 59 review
2053 3333 66 58 in
273 3338 1983 125 pictures

488 3404 68 58 of
594 3404 103 57 the
738 3404 207 73 origin
984 3405 126 56 and
1147 3404 317 58 evolution
1503 3407 67 56 of
1608 3406 320 61 furniture
1967 3410 169 58 from
2173 3413 105 57 the

275 3482 315 60 sixteenth
617 3485 64 54 to
710 3482 105 57 the
846 3482 359 72 eighteenth
1234 3483 331 74 centuries,
1596 3485 83 72 by
1708 3485 259 60 Charles
1997 3488 78 57 H.
270 3489 1985 130 Hayward.

547 3560 278 70 London,
861 3561 129 56 The
1026 3559 469 59 Architectural
1528 3581 200 55 press,
1764 3565 166 57 1924.

346 3641 92 48 xiv,
467 3639 53 45 73
549 3655 39 35 p.
650 3638 115 44 illus.
827 3640 53 41 22
887 3641 47 17 cm
941 3675 9 8 .

275 3693 2002 64 © 1c. Feb. 6, 1925; A ad int. 6638; pubd. Dec. 9, 1924; C. H. Hayward,
397 3751 1224 58 ℅ G. P. Putnam’s sons, New York. (25-5090)
275 3840 234 71 Henry,
553 3837 194 72 Hugh
788 3836 286 72 Thomas,
1117 3840 191 56 1862-

355 3916 285 59 Catholic
679 3918 272 54 customs
995 3917 126 56 and
1162 3917 292 72 symbols,
1495 3919 224 58 varied
1759 3920 201 60 forms
2005 3925 123 56 and
273 3923 1982 130 figures

470 3995 68 58 of
589 3992 283 60 Catholic
918 4012 213 55 usage,
1182 4014 330 53 ceremony
1560 3998 125 56 and
1732 3999 276 71 practice
2058 4001 221 73 briefly
