2533 4412
1108 4053 110 54 249

170 423 176 59 Joint
395 423 320 58 executive
764 422 349 59 committee
1163 422 68 57 of
1277 423 104 56 the
1428 421 360 58 vocational
1834 420 333 59 education

246 501 382 57 committees
682 502 68 56 of
801 501 103 57 the
960 500 153 73 pulp
1164 501 126 57 and
1342 515 197 57 paper
1591 499 296 73 industry
1941 499 67 57 of
2061 498 104 57 the

244 578 236 58 United
515 579 209 58 States
758 579 125 56 and
919 577 272 58 Canada.

247 671 131 56 The
420 670 439 58 manufacture
909 670 68 57 of
1021 671 152 70 pulp
1222 672 123 55 and
1391 688 230 53 paper;
1672 689 37 36 a
1756 669 297 57 textbook
2100 669 67 57 of

167 750 259 55 modern
452 748 152 71 pulp
633 750 123 55 and
783 767 202 52 paper
1008 748 134 55 mill
1167 748 294 72 practice,
1491 749 315 70 prepared
1835 749 203 55 under
2063 747 102 57 the

169 826 307 58 direction
510 826 66 57 of
609 826 103 57 the
748 827 181 57 Joint
961 826 318 57 executive
1315 826 350 57 committee
1702 844 79 38 on
1812 825 356 57 vocational

170 904 330 57 education
539 905 441 71 representing
1018 905 104 55 the
1162 904 154 70 pulp
1359 906 123 55 and
1522 921 203 53 paper
1763 903 295 72 industry
2101 905 66 55 of

169 982 102 55 the
306 981 233 57 United
574 981 212 57 States
821 983 124 56 and
980 980 272 59 Canada,
1335 999 56 38 v.
1430 983 48 54 5.
1516 980 493 72 Paper-making
170 1000 1973 115 machines;

438 1058 376 58 hand-made
835 1078 231 52 papers
1089 1061 123 55 and
1230 1059 110 56 tub
1362 1058 228 72 sizing;
1619 1077 200 52 paper
1839 1057 297 73 finishing;

169 1137 219 55 coated
431 1154 266 52 papers;
745 1154 203 54 paper
992 1136 266 72 testing;
1307 1138 257 70 general
1609 1137 134 55 mill
1790 1136 374 71 equipment.

168 1212 314 57 Authors:
526 1214 59 56 J.
629 1213 95 57 W.
771 1213 452 73 Brassington;
1268 1214 177 56 Dard
1487 1212 281 72 Hunter;
1814 1214 237 57 Robert
2155 1261 10 9 O.

168 1289 258 72 Harper
458 1293 146 70 [etc.]
689 1293 96 54 1st
821 1293 90 55 ed.
997 1291 151 56 New
1178 1291 189 72 York,
1403 1292 276 72 London,
1716 1291 453 58 McGraw-Hill

167 1368 158 56 book
360 1387 321 53 company,
711 1352 141 88 Inc.,
892 1369 164 56 1925.

240 1456 197 44 Various
459 1458 203 52 pagings.
715 1458 128 51 illus.,
869 1459 140 50 plates
1037 1459 125 53 (part
1186 1459 109 53 col.)
1322 1460 166 51 diagrs.
1517 1459 125 53 (part
1666 1458 136 55 fold.)
1862 1460 52 42 23½
1951 1462 45 17 cm
2005 1494 9 8 .

167 1525 55 53 ©
249 1528 98 51 Jan.
376 1527 67 51 26,
476 1526 128 53 1925;
635 1528 64 42 2c.
729 1527 107 44 Feb.
870 1528 74 52 19;
975 1529 78 42 aff.
1084 1528 107 49 Feb.
1224 1529 49 43 18;
1331 1529 43 42 A
1402 1528 190 52 815684;
1625 1528 125 53 Joint
1781 1528 238 44 executive
239 1543 1907 84 committee
415 1583 53 44 of
493 1583 75 44 the

591 1584 257 43 vocational
873 1584 236 44 education
1132 1586 279 43 committees
1438 1585 51 44 of
1512 1585 75 44 the
1611 1585 108 53 pulp
1741 1586 87 42 and
1851 1599 140 38 paper
240 1586 1905 106 industry,
351 1640 116 43 New
491 1641 143 42 York.

169 1739 259 72 Jordan,
468 1739 209 59 David
715 1740 198 73 Starr,
955 1744 187 56 1851-

170 1832 1974 150 Fishes, by David Starr Jordan … New York, London, D. Appleton
793 1915 124 55 and
947 1931 323 52 company,
1303 1914 163 56 1925.

242 1988 1476 56 3 p. l., v-xv, 773 p. col. front., illus., col. plates. 26½ cm .
244 2060 312 53 Frontispiece
582 2062 323 50 accompanied
932 2064 59 49 by
1016 2060 146 53 guard
1190 2062 124 45 sheet
1340 2061 112 45 with
1479 2062 223 52 duplicate
1729 2063 171 47 outline
1925 2066 243 51 drawings.

241 2117 223 45 “Revised
493 2116 210 46 edition.”

171 2169 1997 60 © Mar. 16, 1925; 2c. and aff. Mar. 20; A 822489; D. Appleton & co. [ ©
242 2228 119 52 plate
386 2229 274 43 corrections
687 2229 87 42 and
799 2227 234 54 prefatory
1059 2234 119 46 note]
1244 2227 243 55 (25-6965)

170 2328 260 72 Jordan,
472 2327 328 58 Elizabeth
837 2329 256 70 Garver,
1137 2331 188 56 1867-

249 2431 1855 73 Red Riding Hood; a novel, by Elizabeth Jordan …
172 2511 151 57 New
347 2511 174 56 York
548 2511 48 56 &
619 2511 279 70 London,
930 2511 129 58 The
1091 2510 278 74 Century
1399 2530 86 39 co.
1517 2540 14 44 [
1533 2519 18 23 c
1555 2512 165 73 1925]

241 2588 613 54 3 p. l., 3-356 p. 19½cm.
171 2658 55 53 ©
311 2675 65 28 Mar.
409 2659 62 51 14,
504 2658 130 54 1925;
665 2661 63 42 2c.
758 2660 88 43 and
874 2660 79 43 aff.
1040 2675 64 29 Mar.
1137 2661 75 51 19;
1243 2660 43 42 A
1315 2660 190 53 823451;
1540 2661 200 54 Century
1769 2679 65 28 co.
252 2715 241 55 (25-6700)

171 2815 309 71 Kaucher,
518 2814 222 58 Albert
775 2814 316 59 Nicholas.

254 2910 129 57 The
421 2929 114 53 age
572 2910 68 57 of
675 2908 195 74 guile;
910 2930 35 36 a
981 2909 242 58 critical
1259 2912 124 56 and
1418 2912 419 59 constructive
1878 2916 188 71 study
2104 2915 68 57 of

178 3006 116 38 our
327 3007 108 38 era
468 2988 125 57 and
625 3006 116 38 our
770 2992 147 66 part
951 2988 66 56 in
1049 2986 69 72 it,
1151 2989 83 69 by
1267 2987 223 60 Albert
1525 2988 294 61 Nicholas
1854 2991 315 58 Kaucher.

175 3066 257 70 Boston,
462 3066 128 57 The
621 3065 388 57 Tuckerman
1039 3066 206 57 school
1274 3095 13 43 [
1287 3072 19 21 c
1311 3066 164 73 1924]

245 3142 58 53 vi,
335 3141 79 46 152
438 3158 40 37 p.
543 3144 146 44 19½cm.

249 3215 125 45 “The
409 3216 238 42 substance
683 3214 54 44 of
769 3213 89 45 this
895 3214 125 44 book
1054 3229 95 30 was
1184 3213 134 54 given
1356 3213 45 45 in
1436 3231 27 29 a
1499 3229 162 32 course
1696 3218 53 44 of
1783 3216 192 49 lectures
2013 3218 45 44 in
2099 3221 72 44 the

177 3272 288 44 Tuckerman
494 3270 179 44 normal
705 3271 157 44 school
897 3270 52 45 of
980 3271 188 51 Boston,
1199 3272 144 43 under
1374 3272 76 44 the
1480 3272 184 52 general
1697 3273 98 47 title
1828 3275 113 45 ‘Our
1974 3291 75 30 era
2085 3279 86 43 and

174 3344 83 30 our
281 3336 103 45 part
408 3328 45 44 in
481 3327 278 45 it’.”—Pref.

247 3386 70 43 “A
348 3383 122 46 brief
496 3383 317 54 bibliography
844 3399 59 29 on
933 3383 75 45 the
1039 3384 132 52 study
1203 3384 54 45 of
1287 3383 109 45 time
1427 3400 49 30 as
1508 3387 237 50 gesture”:
1778 3404 41 34 p.
1855 3389 200 45 151-152.

175 3439 53 53 ©
257 3441 119 51 Sept.
410 3439 62 52 15,
502 3440 127 50 1924;
659 3440 65 42 2c.
753 3439 105 42 Feb.
890 3438 63 50 10,
985 3437 129 51 1925;
1145 3439 78 42 aff.
1254 3437 106 43 Feb.
1388 3437 50 53 9;
1471 3440 42 41 A
1542 3441 190 51 822140;
1764 3443 56 43 A.
1851 3444 59 42 N.
1940 3444 226 52 Kaucher,

245 3496 285 52 Templeton,
559 3496 142 42 Mass.
765 3493 242 55 (25-6906)

176 3593 253 72 Keable,
466 3592 250 72 Robert,
756 3595 190 56 1887-

176 3682 1971 138 Numerous Treasure; a romantic novel, by Robert Keable …
457 3761 152 57 New
636 3761 173 57 York
842 3761 48 57 &
918 3760 279 70 London,
1233 3759 65 59 G.
1335 3760 65 57 P.
1436 3761 333 61 Putnam’s
1804 3784 164 53 sons,
2005 3767 164 59 1925.

247 3838 453 53 iv, 351 p. 19½ cm .
178 3894 1969 110 © Mar. 14, 1925; 2c. and aff. Mar. 17; A 823421; R. Keable, ℅ G. P. Putnam’s sons, New York. (25-6519)
