2533 4412
0 0 0 0 1277
84 497 169 74 eight
290 498 285 57 hundred
616 499 123 56 and
776 501 105 54 ten
918 496 419 59 illustrations
1376 497 65 57 in
1479 499 104 56 the
1624 501 132 58 text
1796 498 64 57 in
1900 499 174 58 black

83 577 122 56 and
236 576 217 56 colors.
537 574 152 58 New
716 575 190 70 York,
934 576 95 57 W.
1063 575 201 58 Wood
1296 576 123 56 and
1451 594 320 54 company,
1805 577 164 56 1925.

151 652 56 51 vi,
240 651 105 45 1354
373 667 38 38 p.
471 651 116 44 illus.
615 652 126 53 (part
770 650 108 54 col.)
916 652 142 52 plates
1084 652 125 53 (part
1239 650 109 54 col.)
1415 652 52 44 25
1477 655 14 17 cm
1530 687 8 8 .

83 708 53 53 ©
168 709 119 52 Sept.
317 708 65 51 25,
416 707 129 54 1925;
577 709 65 43 2c.
670 709 87 42 and
786 709 79 43 aff.
897 709 101 43 Oct.
1028 708 78 52 26;
1139 708 43 43 A
1212 708 189 52 869774;
1434 708 206 45 William
1671 711 153 43 Wood
1856 711 36 43 &
1921 725 67 28 co.

162 764 269 56 (25-21581)

84 864 270 73 Dessoir,
393 865 166 69 Max,
601 867 189 57 1867-
948 867 90 58 ed.

159 956 1847 73 Lehrbuch der philosophie, hrsg. von Max Dessoir …
126 1081 10 10 v.
191 1037 48 53 2.
291 1034 119 56 Die
455 1034 395 71 philosophie
899 1034 66 56 in
1015 1034 180 57 ihren
1247 1034 498 72 einzelgebieten.
1837 1035 234 73 Berlin,

81 1111 271 57 Ullstein
387 1113 180 72 [1925]

151 1186 787 55 6 p. l ., [3]-958 p. illus. 26 cm .
152 1242 124 47 Each
303 1244 180 43 volume
508 1243 81 43 has
618 1244 99 43 also
745 1243 165 52 special
940 1251 95 45 t.-p.

81 1298 1711 55 © Sept. 29, 1925; 1c. Dec. 1; A —Foreign 29282; Ullstein a. g.
82 1397 207 73 Diver,
322 1401 152 57 Mrs.
513 1398 343 59 Katherine
892 1399 198 58 Helen
1125 1400 194 57 Maud
1363 1398 364 74 (Marshall)

159 1490 1915 71 Coombe St. Mary’s, by Maud Diver … Boston and
80 1568 149 57 New
259 1568 190 70 York,
481 1568 342 72 Houghton
857 1567 216 56 Mifflin
1105 1586 322 53 company,
1463 1567 165 58 1925.

149 1644 647 54 6 p. l .; [3]-445 p. 19½ cm .
82 1693 1990 118 © O ct, 23, 1925; 2c. Oct. 26; aff. Oct. 30; A 869881; M. Diver, Tal-en-Veau, Blackstone, Dorset, England. (25-22116)
83 1860 129 56 The
259 1858 233 57 Drama
537 1877 153 49 year
734 1858 175 57 book.
994 1859 164 58 1924.
1247 1858 90 56 Ne
1342 1878 55 36 w
1442 1857 190 58 York.
1680 1859 60 57 J.
1789 1859 282 67 Lawren,

158 1938 163 55 1924.

217 2048 8 17 xx,
253 2013 163 43 21-343
446 2026 40 39 p.
545 2012 52 44 23½
633 2015 47 17 cm
687 2048 8 7 .

81 2069 159 47 Editor:
302 2070 117 51 1924,
449 2070 168 52 Joseph
649 2069 204 43 Lawren.

151 2126 205 44 Includes
392 2125 98 44 lists
526 2126 50 43 of
612 2126 219 43 dramatic
867 2125 141 44 books
1047 2126 86 42 and
1169 2125 126 52 plays
1333 2124 249 53 published,
1623 2124 117 50 1923,
1779 2125 86 43 and
1903 2124 172 44 section,

81 2182 124 44 “The
237 2184 157 42 drama
426 2182 44 42 in
502 2182 244 52 periodical
780 2181 255 52 literature;
1073 2196 56 28 an
1162 2182 218 51 abridged
1413 2181 356 52 bibliography”,
1807 2180 119 44 1923.

79 2238 53 53 ©
156 2240 106 51 July
285 2240 38 50 2,
353 2238 129 53 1925;
509 2239 64 43 2c.
599 2239 86 42 and
709 2239 78 43 aff.
817 2239 101 43 Oct.
947 2238 74 52 17;
1051 2238 43 42 A
1121 2237 190 53 872118;
1341 2238 167 52 Joseph
1535 2238 206 43 Lawren.
159 2294 269 56 (25-21675)

79 2395 236 72 Duruy,
357 2394 234 72 Victor,
635 2396 358 58 1811-1894.

81 2484 1968 150 General history of the world, by Victor Duruy … revised and continued to 1901 by Edwin A. Grosvenor …
79 2639 1995 74 with supplemental chapters to 1925 by Mabell S. C . Smith
79 2723 123 56 and
226 2722 59 58 J.
310 2721 258 58 Walker
590 2720 418 71 McSpadden.
1092 2719 150 57 New
1263 2719 190 73 York,
1478 2719 271 57 Thomas
1771 2719 71 57 Y.
79 2718 1970 138 Crowell
189 2817 305 53 company
527 2827 13 44 [
542 2806 19 23 c
565 2799 163 75 1925]

147 2893 63 37 xl,
230 2877 77 44 931
334 2890 38 38 p.
433 2891 127 38 maps
586 2875 127 55 (part
737 2875 136 53 fold.)
941 2874 54 44 20½
1030 2878 46 18 cm
1083 2910 8 8 .

79 2933 53 53 ©
162 2936 111 43 Oct..
290 2935 68 50 23,
390 2932 128 53 1925;
548 2934 65 43 2c.
642 2935 86 42 and
756 2933 78 43 aff.
866 2934 101 43 Oct.
997 2933 77 51 26;
1107 2932 43 42 A
1179 2930 191 54 869739;
1401 2930 200 45 Thomas
1633 2931 55 42 Y.
1721 2929 196 46 Crowell
1946 2947 66 27 co.

158 2990 268 55 (25-21602)

81 3089 231 73 Edgar,
349 3087 283 60 William
669 3087 278 70 Crowell,
988 3089 190 57 1856-

157 3180 132 58 The
319 3181 206 57 medal
563 3180 67 58 of
665 3178 161 74 gold,
864 3198 36 39 a
939 3182 177 69 story
1151 3178 68 58 of
1252 3176 340 59 industrial
1630 3177 441 68 achievement,

79 3260 83 71 by
187 3259 278 58 William
552 3305 10 10 C.
594 3258 234 72 Edgar.
912 3255 438 73 Minneapolis,
1381 3255 215 73 Minn.,
1629 3256 129 57 The
1790 3256 282 58 Bellman

79 3356 321 52 company,
434 3337 165 56 1925.

147 3414 75 52 vii,
246 3414 79 44 373
352 3429 39 38 p.
453 3413 115 43 illus.
596 3413 125 53 (incl.
742 3411 169 54 ports.)
982 3412 146 43 18½cm.

147 3471 196 52 History
365 3471 50 44 of
437 3471 72 43 the
526 3468 465 53 Washbum-Crosby
1014 3484 80 35 co.,
1114 3466 362 45 manufacturers
1500 3466 51 46 of
1575 3466 143 46 “Gold
1742 3467 175 44 medal”
1942 3468 116 44 flour

79 3528 53 53 ©
159 3530 100 43 Oct.
289 3528 62 51 15,
381 3527 103 44 1925;
537 3528 63 42 2c.
628 3528 87 42 and
740 3527 78 43 aff.
846 3527 100 43 Oct.
974 3526 53 42 26;
1081 3526 43 41 A
1151 3523 164 45 869743;
1370 3525 75 43 W.
1476 3523 48 45 C.
1552 3523 167 54 Edgar,
1751 3524 316 53 Minneapolis.

158 3584 269 56 (25-21726)

81 3685 227 71 Edson,
348 3682 273 59 Andrew
658 3682 344 70 Wheatley,
1046 3681 356 58 1851-1924.

157 3769 1905 77 Opportunity, by Andrew W. Edson … and Mary E.
77 3847 1983 77 Laing … with illustrations by Beulah Mitchell Clute.
82 3931 287 71 Chicago,
402 3930 152 56 New
581 3928 174 57 York
789 3930 145 70 [etc.]
967 3926 71 57 B.
1073 3926 79 57 H.
1189 3925 287 59 Sanborn
1505 3925 48 57 &
1584 3945 107 54 co.,
1724 3927 166 55 1925.
