2533 4412
1364 4119 112 59 778

407 447 296 71 Bardorf,
749 448 259 58 Charles
1050 448 358 75 Frederick,
1454 451 190 57 1863-

490 524 1853 77 The elements of sugar refining, by C. F. Bardorf …
409 603 1980 152 and J. A. B. Ball … Easton, Pa., The Chemical publishing
549 701 338 53 company;
924 686 148 73 [etc.,
1108 684 129 71 etc.]
1270 684 166 57 1925.

525 798 9 17 x,
560 760 83 45 240
669 777 39 37 p.
735 761 103 46 incl.
867 761 132 50 illus.,
1027 761 157 52 tables,
1212 763 168 52 diagrs.
1441 763 51 43 23
1501 767 47 18 cm
1555 798 7 8 .

410 815 54 54 ©
492 818 119 53 Aug.
642 816 37 53 7,
711 816 129 49 1925;
872 818 64 43 2c.
965 818 119 52 Aug.
1116 817 49 54 7;
1198 819 79 43 aff.
1307 819 119 52 Aug.
1457 819 50 52 8;
1539 819 44 42 A
1612 818 189 54 861343;
1834 818 201 49 Edward
2065 820 137 54 Hart,
2231 819 189 55 Easton,

483 876 78 42 Pa.
632 872 274 58 (25-15378)

409 960 359 73 Beresford,
805 960 171 59 John
1006 961 234 74 Davys,
1278 964 191 58 1873-

411 1038 1983 150 The monkey puzzle, by J. D. Beresford … Indianapolis,
668 1116 131 57 The
832 1115 487 59 Bobbs-Merrill
1352 1135 308 54 company
1694 1147 13 44 [
1709 1125 19 23 c
1731 1119 166 72 1925]

478 1194 536 53 4 p. l., 311 p. 19½cm.
411 1250 54 55 ©
493 1253 107 52 July
625 1252 69 47 27,
728 1252 103 44 1925
849 1268 9 37 ;
890 1253 65 43 2c.
984 1254 108 52 July
1120 1254 78 52 31;
1232 1253 79 44 aff.
1342 1254 120 52 Aug.
1496 1254 47 52 1;
1576 1254 44 42 A
1651 1253 191 54 864068;
1877 1253 362 46 Bobbs-Merrill
2271 1269 65 30 co.

490 1309 273 54 (25-14666)

409 1393 455 77 Birmingham,
908 1395 271 60 Thomas
1219 1397 70 58 M
1605 1395 65 60 C.

555 1474 1866 74 … Representative government, or A plea in all states
409 1552 1943 77 for fair elections [by] Rev. T. M. C. Birmingham …
413 1631 302 73 [Milford,
746 1631 171 74 Neb.]
953 1631 130 59 The
1116 1631 245 74 author,
1393 1641 19 23 c
1414 1632 166 57 1925.

481 1709 274 54 cover-title,
790 1709 53 45 80
876 1725 41 38 p.
982 1709 52 46 19½
1066 1711 47 18 cm
1121 1744 9 9 .

483 1766 207 45 Portrait
718 1781 58 30 on
805 1781 39 38 p.
879 1767 53 47 [2]
965 1766 53 46 of
1044 1781 148 30 cover.

411 1821 54 54 ©
501 1824 107 52 July
640 1823 69 53 27,
748 1821 130 55 1925;
914 1824 66 43 2c.
1017 1824 87 44 and
1140 1824 79 44 aff.
1257 1824 107 53 July
1401 1823 49 53 6;
1490 1825 44 42 A
1570 1822 191 55 855781;
1801 1823 55 45 T.
1896 1825 67 44 M.
2003 1824 49 45 C.
2091 1824 331 55 Birmingham,

485 1880 207 52 Milford,
731 1880 115 44 Neb.
918 1878 273 57 (25-14951)

409 1965 349 73 Blackmer,
797 1965 213 59 Rollin
1049 1965 269 72 Clinton,
1360 1969 191 57 1860-

489 2048 130 59 The
648 2049 185 67 lodge
864 2048 125 58 and
1019 2049 105 57 the
1156 2048 185 72 craft,
1374 2069 36 38 a
1439 2048 307 72 practical
1779 2048 404 72 explanation
2216 2051 68 57 of
2316 2051 103 57 the

408 2125 2010 74 work of freemasonry, by Rollin C. Blackmer … St.
410 2205 210 72 Louis,
650 2204 144 72 Mo.,
823 2204 132 59 The
986 2204 324 59 Standard
1338 2204 285 59 Masonic
1647 2203 368 75 publishing
2040 2224 106 53 co.,
2175 2205 166 57 1923.

479 2281 940 54 2 p. l., 297 p. front., (port.) 20 cm .
412 2335 54 54 ©
497 2338 101 44 Oct.
632 2337 64 53 10,
729 2337 131 52 1923;
891 2337 65 43 2c.
989 2337 88 43 and
1107 2337 78 43 aff.
1217 2336 107 54 July
1353 2336 38 52 9,
1427 2334 131 55 1925;
1592 2337 44 42 A
1668 2336 190 53 861152;
1893 2337 54 43 R.
1981 2335 49 46 C.
2065 2335 256 54 Blackmer,
2355 2335 66 48 St.

483 2394 151 44 Louis.
704 2391 273 57 (25-14548)

408 2478 196 71 Bonn,
650 2477 231 59 Moritz
925 2477 229 73 Julius,
1201 2480 192 58 1873-

490 2560 129 57 The
654 2557 181 62 crisis
874 2560 70 60 of
977 2559 342 71 European
1355 2561 386 71 democracy,
1777 2560 84 71 by
1892 2558 112 57 Dr.
2042 2557 231 59 Moritz
409 2559 1986 138 Julius

409 2636 1985 139 Bonn … New Haven, Pub. for the Institute of politics
579 2717 85 71 by
687 2717 104 58 the
818 2715 155 59 Yale
1001 2714 356 72 university
1380 2735 216 53 press;
1630 2717 148 70 [etc.,
1810 2718 130 69 etc.]
1970 2714 167 57 1925.

481 2790 1938 56 3 p. l., 103 p. 20½c m . (Half-title: The Institute of politics publications,
410 2850 231 46 Williams
669 2849 187 51 college,
885 2849 373 51 Williamstown,
1288 2850 172 50 Mass.)

412 2904 54 54 ©
524 2921 85 28 June
642 2906 62 49 19,
739 2904 129 52 1925;
900 2905 63 43 2c.
994 2905 115 52 June
1137 2905 79 51 23;
1248 2904 79 43 aff.
1357 2903 107 54 July
1492 2902 78 53 21;
1604 2904 44 42 A
1677 2900 192 55 861155;
1901 2902 116 44 Yale
2045 2902 119 44 univ.
2197 2916 138 39 press.

491 2960 273 56 (25-15474)

411 3047 274 70 Bostick,
723 3047 202 74 Daisy
958 3047 69 58 F.

493 3126 397 60 Carmel—at
932 3125 172 57 work
1146 3123 124 59 and
1310 3124 167 72 play,
1519 3124 84 69 by
1642 3122 203 72 Daisy
1883 3121 71 58 F.
1999 3121 258 59 Bostick
2300 3122 122 58 and

411 3206 323 58 Dorothea
775 3204 359 60 Castelhun.
1222 3202 265 72 Carmel,
1529 3202 131 58 The
1703 3201 202 59 Seven
1944 3205 153 67 arts,
2136 3202 167 57 1925.

483 3278 1317 59 2 p. l., 7-109 p. front., illus., plates, port. 19½ cm .
413 3340 54 54 ©
499 3343 115 49 June
649 3341 61 52 12,
747 3340 130 52 1925;
913 3341 63 43 2c.
1010 3340 120 52 Aug.
1167 3340 74 51 11;
1274 3339 82 43 aff.
1391 3338 119 52 Aug.
1546 3337 48 47 8;
1632 3337 44 42 A
1707 3335 189 53 861363;
1934 3337 57 43 D.
2025 3335 51 44 F.
2112 3333 189 47 Bostick
2333 3336 87 43 and

484 3398 237 44 Dorothea
752 3396 258 50 Castelhun,
1043 3394 193 53 Carmel,
1268 3394 134 45 Calif.
1473 3391 272 57 (25-15546)

414 3483 244 59 British
689 3483 369 59 launderers
1090 3481 293 57 research
1415 3495 163 42 assn.

490 3564 358 56 Procedure
882 3562 181 57 chart
1091 3561 106 57 for
1226 3560 103 57 the
1364 3558 277 58 removal
1674 3557 68 57 of
1776 3556 217 58 stains.

414 3632 1982 109 © 1c. Aug. 7, 1925; A ad int. 7179; pubd. June 17; British launderers research
674 3711 133 37 assn.,
839 3695 202 44 London.

413 3767 213 73 Camp,
666 3765 243 61 Walter
952 3765 350 69 Chauncey,
1345 3762 360 60 1859-1925.

484 3847 129 57 The
650 3844 173 70 daily
856 3846 210 68 dozen,
1102 3844 84 68 by
1219 3842 245 58 Walter
1501 3838 216 71 Camp,
1753 3837 150 58 with
1941 3837 320 74 diagrams
2298 3838 124 58 and

410 3915 1986 160 complete instructions … New York, The Reynolds publishing
675 4020 324 53 company,
1031 4000 116 58 inc.
1184 4028 13 44 [
1197 4009 21 21 c
1221 3998 165 74 1925]
