2533 4412
1037 4049 146 55 1191

110 402 307 73 Sutcliffe,
455 402 281 59 William
769 402 256 72 George.

180 480 408 71 Elementary
613 479 338 58 statistical
972 478 306 71 methods,
1301 478 83 71 by
1405 477 278 58 William
1711 477 68 59 G.
1809 478 288 58 Sutcliffe

170 554 1926 77 … 1st ed. New York [etc.] McGraw-Hill book company,
102 636 135 72 inc.,
267 637 166 55 1925.

175 715 108 51 xvii,
316 714 80 43 338
429 728 39 38 p.
529 712 116 44 illus.
672 713 178 52 (maps)
888 713 167 51 diagrs.
1115 712 52 43 23½
1203 713 47 16 cm
1257 744 8 7 .
1376 710 130 51 $3.00

175 769 327 45 “References”
527 777 45 36 at
598 770 86 43 end
709 769 51 44 of
786 779 115 36 most
930 769 50 44 of
1006 768 73 44 the
1105 767 220 53 chapters.

107 825 52 55 ©
189 827 100 43 Oct.
320 825 36 53 7,
389 824 129 53 1925;
546 826 64 42 2c.
642 825 100 44 Oct.
772 825 50 51 9;
854 825 78 42 aff.
963 824 101 44 Oct.
1097 824 73 52 10;
1200 825 44 41 A
1273 823 190 52 869283;
1497 824 346 44 McGraw-Hill
1874 825 119 50 book
2023 840 79 38 co.,

176 884 82 43 inc.
327 881 270 56 (25-20275)

108 967 229 70 Swain,
369 967 279 58 Richard
674 967 93 56 La
794 966 150 71 Rue,
977 968 188 57 1860-

173 1043 1865 72 What and why is man? By Richard La Rue Swain …
105 1125 152 56 New
284 1122 191 67 York,
507 1122 131 57 The
669 1121 360 57 Macmillan
1059 1139 320 54 company,
1415 1121 166 57 1925.

175 1199 363 55 339 p. 19½ cm .
177 1258 188 44 “Meant
387 1264 46 36 to
457 1257 53 43 be
535 1271 24 27 a
585 1254 264 54 companion
872 1253 179 45 volume
1073 1262 46 36 to
1142 1253 143 45 What
1306 1254 88 47 and
1418 1254 152 44 where
1595 1255 35 44 is
1656 1255 346 46 God?”—Pref.

107 1313 52 54 ©
187 1314 120 52 Sept.
333 1314 68 50 29,
431 1312 104 44 1925;
589 1313 64 42 2c.
680 1312 87 43 and
792 1312 78 42 aff.
901 1310 120 53 Sept.
1048 1312 77 51 30;
1154 1311 43 43 A
1224 1311 189 52 864838;
1446 1312 265 44 Macmillan
1740 1328 64 29 co.

185 1369 270 56 (25-20150)

108 1458 248 71 Taylor,
392 1455 238 72 George
662 1453 214 59 Goffin.

187 1534 416 70 Shakspere’s
638 1533 145 57 debt
816 1535 64 54 to
915 1531 384 73 Montaigne,
1331 1533 84 70 by
1447 1532 242 73 George
1725 1532 190 60 Coffin
106 1536 1979 133 Taylor

311 1609 1680 75 … Cambridge, Harvard university press, 1925.
176 1690 60 51 vi,
258 1689 54 44 66
333 1704 39 38 p.
432 1689 55 42 22
493 1691 46 17 cm
546 1723 9 8 .

107 1746 52 54 ©
190 1746 120 53 Sept.
342 1746 63 51 18,
436 1744 129 53 1925;
595 1745 63 42 2c.
691 1743 120 55 Sept.
840 1745 78 51 23;
948 1744 78 44 aff.
1057 1743 123 54 Sept.
1208 1745 77 52 30;
1316 1746 44 41 A
1388 1744 189 53 864854;
1610 1747 218 44 Harvard
1855 1747 250 54 university

176 1818 139 38 press.
385 1801 270 55 (25-20494)

109 1888 246 71 Trinks,
388 1886 344 60 Willibald.

184 1965 352 58 Industrial
578 1966 313 56 furnaces,
977 1984 55 37 v.
1085 1967 48 53 2.
1182 1965 209 74 Fuels,
1439 1966 262 57 furnace
1750 1970 182 70 types
1983 1971 123 56 and

108 2046 262 56 furnace
415 2043 387 72 equipment;
850 2043 164 57 their
1063 2043 314 74 selection,
1424 2046 123 56 and
1591 2045 300 58 influence
1939 2066 167 52 upon

108 2117 1997 77 furnace operation, by W. Trinks … New York, John
106 2200 209 71 Wiley
339 2199 47 56 &
417 2217 162 53 sons,
608 2198 148 70 inc.;
793 2202 147 70 [etc.,
973 2201 130 71 etc.]
1137 2200 165 55 1925.

177 2278 92 49 xiv,
301 2274 80 44 405
414 2289 38 38 p.
515 2274 130 53 illus.,
677 2274 157 52 tables,
870 2273 166 54 diagrs.
1096 2274 53 44 23½
1185 2277 47 17 cm
1238 2309 9 8 .

107 2330 52 54 ©
192 2332 118 44 Nov.
346 2333 61 48 11,
442 2330 227 53 1925;.2c.
700 2331 87 43 and
817 2331 78 43 aff.
930 2331 119 43 Nov.
1086 2330 74 52 18;
1195 2331 45 45 A
1271 2330 191 54 872519;
1496 2333 73 43 W.
1603 2331 185 54 Trinks,
1822 2334 282 54 Pittsburgh.

108 2416 319 72 Versteeg,
464 2415 172 58 John
667 2415 83 58 M.

253 2492 1857 76 … Christianity at work, by John M. Versteeg. New
106 2572 190 71 York,
335 2570 370 71 Cincinnati,
744 2571 130 57 The
909 2570 337 73 Abingdon
1277 2589 182 54 press
1498 2599 12 45 [
1513 2579 17 21 c
1535 2572 164 73 1925]

177 2649 81 45 307
288 2664 40 38 p.
385 2649 54 43 20½
473 2651 47 18 cm
526 2684 8 8 .
602 2648 123 54 (The
754 2647 248 53 Abingdon
1034 2647 214 54 religious
1280 2647 238 46 education
1551 2655 134 45 texts,
1717 2651 56 43 D.
1808 2650 58 45 G..
1890 2652 220 53 Downey,

107 2707 183 54 general
321 2707 159 43 editor.
539 2705 259 52 Week-day
832 2704 155 46 school
1020 2704 153 53 series,
1208 2704 52 45 G.
1294 2704 62 44 H.
1390 2705 142 53 Betts,
1563 2706 173 52 editor)

180 2763 285 53 “Suggested
496 2760 238 54 readings”
765 2769 45 35 at
842 2762 84 42 end
959 2760 53 44 of
1043 2760 109 44 each
1182 2761 199 51 chapter.
1442 2761 354 54 Bibliography:
1829 2779 40 38 p.
1904 2765 93 44 307.

110 2819 52 54 ©
196 2820 119 52 Sept.
350 2818 63 53 15,
447 2817 129 52 1925;
607 2819 65 41 2c.
706 2818 100 43 Oct.
842 2819 46 50 1;
922 2818 78 42 aff.
1035 2817 101 44 Oct.
1167 2818 51 52 2;
1252 2819 44 41 A
1328 2818 188 53 864873;
1549 2820 40 52 J.
1623 2820 65 44 M.
1721 2822 239 52 Versteeg,
1994 2825 113 43 Port

180 2877 160 52 Jervis,
381 2876 58 42 N.
478 2876 55 41 Y.
603 2873 270 55 (25-20148)

112 2959 242 72 Waldo,
397 2959 325 57 Fullerton
760 2959 304 71 Leonard,
1106 2961 190 57 1877-

108 3036 1969 137 Rex; a dog story for boys, by Fullerton Waldo … illustrated
341 3116 84 69 by
445 3114 97 57 W.
570 3114 79 56 H.
674 3114 192 57 Wolf.
950 3113 459 72 Philadelphia,
1434 3114 255 59 Macrae
1718 3117 204 59 Smith
106 3138 1973 128 company
305 3223 12 43 [
319 3200 19 22 c
343 3193 163 72 1925]

176 3273 79 44 251
287 3287 39 38 p.
387 3271 156 52 plates.
607 3271 50 43 19
663 3273 46 17 cm
716 3305 8 9 .

111 3327 55 54 ©
199 3328 121 52 Sept.
351 3327 65 49 28,
453 3325 128 53 1925;
614 3327 64 42 2c.
710 3326 88 43 and
829 3327 79 42 aff.
944 3326 101 44 Oct.
1082 3326 75 51 14;
1192 3327 44 41 A
1269 3326 188 53 869389;
1494 3329 187 44 Macrae
1719 3329 146 47 Smith
1900 3348 64 29 co.

191 3382 270 57 (25-20307)

114 3456 192 69 Watt,
347 3454 235 56 Homer
613 3448 291 77 Andrew,
945 3455 189 57 1884-
1292 3456 91 57 ed.

188 3533 185 57 Ideas
415 3533 124 55 and
577 3530 199 58 forms
815 3531 66 56 in
917 3530 269 72 English
1226 3533 124 56 and
1387 3533 335 59 American
1762 3536 348 69 literature,

112 3608 1997 79 by Homer A. Watt … and James B. Munn … Chicago,
113 3689 264 57 Atlanta
408 3690 146 68 [etc.]
589 3686 192 72 Scott,
814 3685 347 57 Foresman
1192 3687 123 56 and
1347 3706 307 56 company
1687 3719 13 42 [
1703 3699 17 21 c
1725 3692 163 73 1925]

181 3765 144 54 xxvii,
365 3763 103 45 1201
505 3777 40 40 p.
603 3763 123 45 24°“.

186 3821 328 53 Bibliography
548 3827 47 37 at
629 3820 85 44 end
750 3818 52 46 of
835 3819 112 43 each
982 3818 208 54 chapter;
1233 3819 219 46 “General
1489 3823 369 56 bibliography”:
1898 3843 38 38 p.
1978 3828 133 46 1175-

118 3878 118 45 1176.

116 3934 52 54 ©
203 3935 120 52 Sept.
355 3934 66 49 30,
456 3932 130 53 1925;
617 3933 64 42 2c.
713 3932 87 43 and
829 3931 79 44 aff.
942 3931 102 44 Oct.
1077 3930 49 54 5;
1161 3934 44 41 A
1237 3934 189 53 864938;
1464 3934 141 55 Scott,
1637 3937 247 46 Foresman
1917 3943 37 43 &
1986 3958 64 28 co.

195 3990 269 56 (25-20433)
