<alto xmlns="http://www.loc.gov/standards/alto/ns-v3#" xmlns:xlink="http://www.w3.org/1999/xlink" xmlns:xsi="http://www.w3.org/2001/XMLSchema-instance" xsi:schemaLocation="http://www.loc.gov/standards/alto/ns-v3# http://www.loc.gov/alto/v3/alto-3-0.xsd"><Description>
<MeasurementUnit>pixel</MeasurementUnit>
<sourceImageInformation>
<fileName>1925_v22_Part001.pdf</fileName>
</sourceImageInformation>
<OCRProcessing ID="IdOcr">
<ocrProcessingStep>
<processingDateTime>2019-04-03</processingDateTime>
<processingSoftware>
<softwareCreator>ABBYY</softwareCreator>
<softwareName>ABBYY Recognition Server</softwareName>
<softwareVersion>4.0</softwareVersion>
</processingSoftware>
</ocrProcessingStep>
</OCRProcessing>
</Description>
<Styles>
<ParagraphStyle ID="StyleId-FFFFFFFF-FFFF-FFFF-FFFF-FFFFFFFFFFFF-" ALIGN="Left" LEFT="0." RIGHT="0." FIRSTLINE="0."/>
<ParagraphStyle ID="StyleId-2E5B4E57-07AD-4719-97CB-14521F7F4F8A-" ALIGN="Left" LEFT="0." RIGHT="0." FIRSTLINE="0." LINESPACE="8.899999619"/>
<ParagraphStyle ID="StyleId-62A6F688-D6E3-4EFC-837B-4A4C4EB582B7-" ALIGN="Center" LEFT="0." RIGHT="0." FIRSTLINE="0." LINESPACE="12.19999981"/>
<ParagraphStyle ID="StyleId-21B71EBC-BDB5-4E16-A8F2-58189A39665B-" ALIGN="Block" LEFT="0." RIGHT="0." FIRSTLINE="-13." LINESPACE="11.35000038"/>
<ParagraphStyle ID="StyleId-1E1A68C4-DD4F-417A-A13D-7FEC29ECB499-" ALIGN="Block" LEFT="0." RIGHT="0." FIRSTLINE="-15." LINESPACE="13.30000019"/>
<ParagraphStyle ID="StyleId-6B39EC51-644D-4E90-AF07-84EF2B1E466A-" ALIGN="Block" LEFT="0." RIGHT="0." FIRSTLINE="-15." LINESPACE="8.340000153"/>
<ParagraphStyle ID="StyleId-2C1BA15F-E223-41D6-853D-AAFBDAC17E68-" ALIGN="Center" LEFT="0." RIGHT="0." FIRSTLINE="0." LINESPACE="13."/>
<ParagraphStyle ID="StyleId-A3B2CDF3-43F0-422C-90A0-E074BFEC3BC0-" ALIGN="Block" LEFT="0." RIGHT="0." FIRSTLINE="0." LINESPACE="8.899999619"/>
<ParagraphStyle ID="StyleId-28AB2493-EA15-49C1-A6AC-ED5BC404F0B9-" ALIGN="Center" LEFT="0." RIGHT="0." FIRSTLINE="0." LINESPACE="12.19999981"/>
<ParagraphStyle ID="StyleId-4417A6D4-97E2-4EFC-962D-7FBC0D5273E4-" ALIGN="Left" LEFT="0." RIGHT="0." FIRSTLINE="15." LINESPACE="8.340000153"/>
<ParagraphStyle ID="StyleId-D4EF9C5E-3110-4A39-B7BC-3D84E0F04894-" ALIGN="Center" LEFT="0." RIGHT="0." FIRSTLINE="0." LINESPACE="13.30000019"/>
<ParagraphStyle ID="StyleId-D1243F31-1201-4D92-8F69-43ADB01E9AD1-" ALIGN="Left" LEFT="0." RIGHT="0." FIRSTLINE="-13." LINESPACE="13.30000019"/>
<ParagraphStyle ID="StyleId-C65417C6-23F2-4D8F-BA55-ECE73D98CAB9-" ALIGN="Left" LEFT="0." RIGHT="0." FIRSTLINE="0." LINESPACE="8.899999619"/>
<ParagraphStyle ID="StyleId-835763C1-08DD-41BE-8BAD-8E41EA88DAE3-" ALIGN="Center" LEFT="0." RIGHT="0." FIRSTLINE="0." LINESPACE="11.10000038"/>
<ParagraphStyle ID="StyleId-78FD6B81-8F83-422D-8DF4-4274EAFD19C6-" ALIGN="Block" LEFT="0." RIGHT="0." FIRSTLINE="-17." LINESPACE="12.19999981"/>
<ParagraphStyle ID="StyleId-F506BC7F-570D-458B-9F05-A143E1F5FD17-" ALIGN="Block" LEFT="0." RIGHT="0." FIRSTLINE="-17." LINESPACE="11.35000038"/>
<ParagraphStyle ID="StyleId-CBE02C6B-22D0-48C6-A874-7E90A22F4375-" ALIGN="Center" LEFT="0." RIGHT="0." FIRSTLINE="0." LINESPACE="4.400000095"/>
<ParagraphStyle ID="StyleId-14CC0121-63AF-4AB4-9656-E02F46C61AF2-" ALIGN="Left" LEFT="0." RIGHT="0." FIRSTLINE="0." LINESPACE="8.899999619"/>
<ParagraphStyle ID="StyleId-DD64CECB-1B22-4BFF-84F0-DFDE2B0000F8-" ALIGN="Left" LEFT="0." RIGHT="0." FIRSTLINE="0." LINESPACE="12.19999981"/>
<ParagraphStyle ID="StyleId-8AEF4AA8-141A-4E5D-9C3E-C0F9F43C742F-" ALIGN="Left" LEFT="0." RIGHT="0." FIRSTLINE="0." LINESPACE="8.300000191"/>
<ParagraphStyle ID="StyleId-8C396D2A-39C0-48AB-BABA-2679D8AB257E-" ALIGN="Left" LEFT="0." RIGHT="0." FIRSTLINE="0." LINESPACE="11.10000038"/>
<ParagraphStyle ID="StyleId-3B7FE50F-10D4-487F-BDCD-FD26EB60FD4A-" ALIGN="Block" LEFT="0." RIGHT="0." FIRSTLINE="13." LINESPACE="8.340000153"/>
<ParagraphStyle ID="StyleId-8CC5CC8E-615B-4C42-BB46-DB28FA355C27-" ALIGN="Left" LEFT="0." RIGHT="0." FIRSTLINE="0." LINESPACE="12.19999981"/>
<ParagraphStyle ID="StyleId-BC67E79D-8D99-4188-8B35-A59DBB7E2BB0-" ALIGN="Block" LEFT="0." RIGHT="0." FIRSTLINE="11." LINESPACE="9.399999619"/>
</Styles>
<Layout>
<Page ID="Page18" PHYSICAL_IMG_NR="18" HEIGHT="4412" WIDTH="2533">
<TopMargin HEIGHT="436" WIDTH="2533" VPOS="0" HPOS="0">
</TopMargin>
<LeftMargin HEIGHT="3736" WIDTH="318" VPOS="436" HPOS="0">
</LeftMargin>
<RightMargin HEIGHT="3736" WIDTH="165" VPOS="436" HPOS="2368">
</RightMargin>
<BottomMargin HEIGHT="240" WIDTH="2533" VPOS="4172" HPOS="0">
</BottomMargin>
<PrintSpace HEIGHT="3736" WIDTH="2050" VPOS="436" HPOS="318">
<TextBlock ID="Page18_Block1" HEIGHT="78" WIDTH="96" VPOS="4094" HPOS="1290" LANG="en-US" STYLEREFS="StyleId-C52DE121-107C-4919-B5B4-73D4AB6D805F-">
<TextLine HEIGHT="57" WIDTH="75" VPOS="4105" HPOS="1301">
<String CONTENT="18" HEIGHT="57" WIDTH="75" VPOS="4105" HPOS="1301"/>
</TextLine>
</TextBlock>
<TextBlock ID="Page18_Block2" HEIGHT="3666" WIDTH="2050" VPOS="436" HPOS="318" LANG="en-US" CS="1" STYLEREFS="StyleId-6207D0DD-0597-42AC-988C-65E624F2F1E7-">
<Shape>
<Polygon POINTS="2346,436 2368,436 2368,4064 776,4064 776,4102 318,4102 318,522 2346,522 2346,436"/>
</Shape>
<TextLine HEIGHT="74" WIDTH="2006" VPOS="538" HPOS="332" STYLEREFS="StyleId-24D37829-A02A-40A2-BB10-950192BBD990-">
<String CONTENT="adopted" HEIGHT="71" WIDTH="276" VPOS="540" HPOS="332"/>
<SP HEIGHT="56" WIDTH="51" VPOS="543" HPOS="609"/>
<String CONTENT="by" HEIGHT="69" WIDTH="83" VPOS="543" HPOS="661"/>
<SP HEIGHT="68" WIDTH="54" VPOS="544" HPOS="745"/>
<String CONTENT="the" HEIGHT="57" WIDTH="105" VPOS="542" HPOS="800"/>
<SP HEIGHT="60" WIDTH="56" VPOS="538" HPOS="906"/>
<String CONTENT="California" HEIGHT="61" WIDTH="358" VPOS="538" HPOS="963"/>
<SP HEIGHT="59" WIDTH="52" VPOS="541" HPOS="1322"/>
<String CONTENT="State" HEIGHT="59" WIDTH="180" VPOS="541" HPOS="1375"/>
<SP HEIGHT="56" WIDTH="53" VPOS="542" HPOS="1556"/>
<String CONTENT="board" HEIGHT="56" WIDTH="201" VPOS="542" HPOS="1610"/>
<SP HEIGHT="56" WIDTH="54" VPOS="542" HPOS="1812"/>
<String CONTENT="of" HEIGHT="57" WIDTH="67" VPOS="543" HPOS="1867"/>
<SP HEIGHT="57" WIDTH="55" VPOS="543" HPOS="1935"/>
<String CONTENT="education." HEIGHT="59" WIDTH="347" VPOS="541" HPOS="1991"/>
</TextLine>
<TextLine HEIGHT="75" WIDTH="1743" VPOS="616" HPOS="335" STYLEREFS="StyleId-24D37829-A02A-40A2-BB10-950192BBD990-">
<String CONTENT="Sacramento," HEIGHT="72" WIDTH="427" VPOS="618" HPOS="335"/>
<SP HEIGHT="72" WIDTH="34" VPOS="618" HPOS="763"/>
<String CONTENT="California" HEIGHT="60" WIDTH="355" VPOS="617" HPOS="798"/>
<SP HEIGHT="39" WIDTH="30" VPOS="638" HPOS="1154"/>
<String CONTENT="state" HEIGHT="55" WIDTH="163" VPOS="621" HPOS="1185"/>
<SP HEIGHT="52" WIDTH="29" VPOS="638" HPOS="1349"/>
<String CONTENT="printing" HEIGHT="74" WIDTH="288" VPOS="617" HPOS="1379"/>
<SP HEIGHT="52" WIDTH="28" VPOS="639" HPOS="1668"/>
<String CONTENT="office," HEIGHT="75" WIDTH="182" VPOS="616" HPOS="1697"/>
<SP HEIGHT="69" WIDTH="31" VPOS="622" HPOS="1880"/>
<String CONTENT="1924." HEIGHT="59" WIDTH="166" VPOS="620" HPOS="1912"/>
</TextLine>
<TextLine HEIGHT="55" WIDTH="1939" VPOS="694" HPOS="399" CS="1">
<String CONTENT="vii," HEIGHT="53" WIDTH="78" VPOS="696" HPOS="399"/>
<SP HEIGHT="37" WIDTH="24" VPOS="712" HPOS="478"/>
<String CONTENT="[1]," HEIGHT="51" WIDTH="69" VPOS="698" HPOS="503"/>
<SP HEIGHT="49" WIDTH="29" VPOS="700" HPOS="573"/>
<String CONTENT="152" HEIGHT="47" WIDTH="81" VPOS="694" HPOS="603"/>
<SP HEIGHT="50" WIDTH="19" VPOS="699" HPOS="685"/>
<String CONTENT="p." HEIGHT="36" WIDTH="39" VPOS="713" HPOS="705"/>
<SP HEIGHT="46" WIDTH="59" VPOS="695" HPOS="745"/>
<String CONTENT="illus." HEIGHT="45" WIDTH="119" VPOS="695" HPOS="805"/>
<SP HEIGHT="53" WIDTH="23" VPOS="696" HPOS="925"/>
<String CONTENT="(incl." HEIGHT="54" WIDTH="131" VPOS="695" HPOS="949"/>
<SP HEIGHT="30" WIDTH="23" VPOS="711" HPOS="1081"/>
<String CONTENT="maps)" HEIGHT="53" WIDTH="154" VPOS="695" HPOS="1105"/>
<SP HEIGHT="53" WIDTH="65" VPOS="695" HPOS="1260"/>
<String CS="1" CONTENT="25&#189;" HEIGHT="46" WIDTH="52" VPOS="695" HPOS="1326"/>
<String STYLE="superscript" CONTENT="cm" HEIGHT="17" WIDTH="47" VPOS="699" HPOS="1416"/>
<String CONTENT="." HEIGHT="8" WIDTH="9" VPOS="731" HPOS="1469"/>
<SP HEIGHT="52" WIDTH="67" VPOS="696" HPOS="1479"/>
<String CONTENT="(California" HEIGHT="52" WIDTH="288" VPOS="696" HPOS="1547"/>
<SP HEIGHT="29" WIDTH="23" VPOS="712" HPOS="1836"/>
<String CONTENT="state" HEIGHT="38" WIDTH="117" VPOS="704" HPOS="1860"/>
<SP HEIGHT="30" WIDTH="21" VPOS="713" HPOS="1978"/>
<String CONTENT="series," HEIGHT="51" WIDTH="154" VPOS="698" HPOS="2000"/>
<SP HEIGHT="52" WIDTH="24" VPOS="697" HPOS="2155"/>
<String CONTENT="fourth" HEIGHT="45" WIDTH="158" VPOS="697" HPOS="2180"/>
</TextLine>
<TextLine HEIGHT="53" WIDTH="170" VPOS="753" HPOS="329">
<String CONTENT="grade)" HEIGHT="53" WIDTH="170" VPOS="753" HPOS="329"/>
</TextLine>
<TextLine HEIGHT="57" WIDTH="2011" VPOS="804" HPOS="331">
<String CONTENT="&#169;" HEIGHT="54" WIDTH="53" VPOS="807" HPOS="331"/>
<SP HEIGHT="54" WIDTH="28" VPOS="807" HPOS="385"/>
<String CONTENT="Oct." HEIGHT="44" WIDTH="102" VPOS="809" HPOS="414"/>
<SP HEIGHT="42" WIDTH="28" VPOS="809" HPOS="517"/>
<String CONTENT="1," HEIGHT="51" WIDTH="36" VPOS="809" HPOS="546"/>
<SP HEIGHT="51" WIDTH="29" VPOS="809" HPOS="583"/>
<String CONTENT="1924;" HEIGHT="50" WIDTH="130" VPOS="808" HPOS="613"/>
<SP HEIGHT="51" WIDTH="24" VPOS="807" HPOS="744"/>
<String CONTENT="2c." HEIGHT="43" WIDTH="67" VPOS="807" HPOS="769"/>
<SP HEIGHT="43" WIDTH="28" VPOS="806" HPOS="837"/>
<String CONTENT="Dec." HEIGHT="43" WIDTH="110" VPOS="806" HPOS="866"/>
<SP HEIGHT="42" WIDTH="30" VPOS="807" HPOS="977"/>
<String CONTENT="18;" HEIGHT="52" WIDTH="75" VPOS="806" HPOS="1008"/>
<SP HEIGHT="38" WIDTH="30" VPOS="820" HPOS="1084"/>
<String CONTENT="aff." HEIGHT="43" WIDTH="78" VPOS="806" HPOS="1115"/>
<SP HEIGHT="43" WIDTH="29" VPOS="806" HPOS="1194"/>
<String CONTENT="Dec." HEIGHT="43" WIDTH="109" VPOS="806" HPOS="1224"/>
<SP HEIGHT="42" WIDTH="31" VPOS="807" HPOS="1334"/>
<String CONTENT="17;" HEIGHT="53" WIDTH="73" VPOS="805" HPOS="1366"/>
<SP HEIGHT="51" WIDTH="30" VPOS="807" HPOS="1440"/>
<!-- cceid 2A152A0D-6DD5-1014-B757-AF09C522E301 --><String CONTENT="A" HEIGHT="41" WIDTH="43" VPOS="807" HPOS="1471"/>
<SP HEIGHT="44" WIDTH="27" VPOS="805" HPOS="1515"/>
<String CONTENT="814672;" HEIGHT="54" WIDTH="191" VPOS="804" HPOS="1543"/>
<SP HEIGHT="51" WIDTH="32" VPOS="807" HPOS="1735"/>
<String CONTENT="People" HEIGHT="52" WIDTH="168" VPOS="807" HPOS="1768"/>
<SP HEIGHT="29" WIDTH="25" VPOS="823" HPOS="1937"/>
<String CONTENT="of" HEIGHT="45" WIDTH="52" VPOS="807" HPOS="1963"/>
<SP HEIGHT="45" WIDTH="24" VPOS="807" HPOS="2016"/>
<String CONTENT="the" HEIGHT="45" WIDTH="76" VPOS="807" HPOS="2041"/>
<SP HEIGHT="29" WIDTH="27" VPOS="823" HPOS="2118"/>
<String CONTENT="state" HEIGHT="38" WIDTH="116" VPOS="814" HPOS="2146"/>
<SP HEIGHT="29" WIDTH="26" VPOS="824" HPOS="2263"/>
<String CONTENT="of" HEIGHT="45" WIDTH="52" VPOS="808" HPOS="2290"/>
</TextLine>
<TextLine HEIGHT="56" WIDTH="914" VPOS="861" HPOS="406">
<String CONTENT="California," HEIGHT="55" WIDTH="268" VPOS="862" HPOS="406"/>
<SP HEIGHT="55" WIDTH="27" VPOS="862" HPOS="675"/>
<String CONTENT="Sacramento." HEIGHT="48" WIDTH="308" VPOS="862" HPOS="703"/>
<SP HEIGHT="54" WIDTH="61" VPOS="863" HPOS="1012"/>
<String CONTENT="(25-1973)" HEIGHT="56" WIDTH="246" VPOS="861" HPOS="1074"/>
</TextLine>
<TextLine HEIGHT="74" WIDTH="1136" VPOS="963" HPOS="332" STYLEREFS="StyleId-4152E960-259F-4BDB-989C-593426842DFB-" CS="1">
<String CONTENT="Barton," HEIGHT="71" WIDTH="256" VPOS="966" HPOS="332"/>
<SP HEIGHT="72" WIDTH="38" VPOS="965" HPOS="589"/>
<String CONTENT="Walter" HEIGHT="61" WIDTH="246" VPOS="963" HPOS="628"/>
<SP HEIGHT="56" WIDTH="35" VPOS="965" HPOS="875"/>
<String CONTENT="E" HEIGHT="56" WIDTH="51" VPOS="965" HPOS="911"/>
<SP/>
<String CONTENT="1886-" HEIGHT="58" WIDTH="189" VPOS="965" HPOS="1279"/>
</TextLine>
<TextLine HEIGHT="71" WIDTH="1799" VPOS="1055" HPOS="409" STYLEREFS="StyleId-24D37829-A02A-40A2-BB10-950192BBD990-" CS="1">
<String CONTENT="Federal" HEIGHT="58" WIDTH="272" VPOS="1056" HPOS="409"/>
<SP HEIGHT="57" WIDTH="24" VPOS="1055" HPOS="682"/>
<String CONTENT="income" HEIGHT="58" WIDTH="240" VPOS="1055" HPOS="707"/>
<SP HEIGHT="38" WIDTH="28" VPOS="1075" HPOS="948"/>
<String CONTENT="and" HEIGHT="56" WIDTH="124" VPOS="1057" HPOS="977"/>
<SP HEIGHT="56" WIDTH="29" VPOS="1057" HPOS="1102"/>
<String CONTENT="estate" HEIGHT="56" WIDTH="199" VPOS="1056" HPOS="1132"/>
<SP HEIGHT="55" WIDTH="30" VPOS="1057" HPOS="1332"/>
<String CONTENT="tax" HEIGHT="55" WIDTH="109" VPOS="1057" HPOS="1363"/>
<SP HEIGHT="56" WIDTH="26" VPOS="1055" HPOS="1473"/>
<String CONTENT="laws," HEIGHT="71" WIDTH="170" VPOS="1055" HPOS="1500"/>
<SP HEIGHT="51" WIDTH="30" VPOS="1075" HPOS="1671"/>
<String CONTENT="correlated" HEIGHT="58" WIDTH="352" VPOS="1056" HPOS="1702"/>
<SP HEIGHT="58" WIDTH="27" VPOS="1056" HPOS="2055"/>
<String CONTENT="and" HEIGHT="58" WIDTH="125" VPOS="1056" HPOS="2083"/>
</TextLine>
<TextLine HEIGHT="131" WIDTH="2014" VPOS="1076" HPOS="330" STYLEREFS="StyleId-24D37829-A02A-40A2-BB10-950192BBD990-" CS="1">
<String CONTENT="annotated," HEIGHT="131" WIDTH="1988" VPOS="1076" HPOS="330"/>
<SP HEIGHT="71" WIDTH="25" VPOS="1136" HPOS="608"/>
<String CONTENT="being" HEIGHT="72" WIDTH="188" VPOS="1134" HPOS="634"/>
<SP HEIGHT="53" WIDTH="24" VPOS="1153" HPOS="823"/>
<String CONTENT="a" HEIGHT="37" WIDTH="36" VPOS="1153" HPOS="848"/>
<SP HEIGHT="37" WIDTH="25" VPOS="1153" HPOS="885"/>
<String CONTENT="compilation" HEIGHT="72" WIDTH="406" VPOS="1133" HPOS="911"/>
<SP HEIGHT="37" WIDTH="24" VPOS="1153" HPOS="1318"/>
<String CONTENT="and" HEIGHT="56" WIDTH="124" VPOS="1134" HPOS="1343"/>
<SP HEIGHT="56" WIDTH="25" VPOS="1134" HPOS="1468"/>
<String CONTENT="annotation" HEIGHT="58" WIDTH="371" VPOS="1132" HPOS="1494"/>
<SP HEIGHT="39" WIDTH="25" VPOS="1153" HPOS="1866"/>
<String CONTENT="of" HEIGHT="57" WIDTH="68" VPOS="1135" HPOS="1892"/>
<SP HEIGHT="57" WIDTH="26" VPOS="1135" HPOS="1961"/>
<String CONTENT="all" HEIGHT="56" WIDTH="84" VPOS="1134" HPOS="1988"/>
<SP HEIGHT="57" WIDTH="23" VPOS="1134" HPOS="2073"/>
<String CONTENT="federal" HEIGHT="58" WIDTH="247" VPOS="1134" HPOS="2097"/>
</TextLine>
<TextLine HEIGHT="72" WIDTH="2012" VPOS="1211" HPOS="332" STYLEREFS="StyleId-24D37829-A02A-40A2-BB10-950192BBD990-">
<String CONTENT="income" HEIGHT="58" WIDTH="238" VPOS="1212" HPOS="332"/>
<SP HEIGHT="39" WIDTH="32" VPOS="1231" HPOS="571"/>
<String CONTENT="and" HEIGHT="56" WIDTH="125" VPOS="1213" HPOS="604"/>
<SP HEIGHT="56" WIDTH="32" VPOS="1213" HPOS="730"/>
<String CONTENT="estate" HEIGHT="57" WIDTH="200" VPOS="1215" HPOS="763"/>
<SP HEIGHT="56" WIDTH="30" VPOS="1216" HPOS="964"/>
<String CONTENT="tax" HEIGHT="53" WIDTH="111" VPOS="1216" HPOS="995"/>
<SP HEIGHT="55" WIDTH="31" VPOS="1212" HPOS="1107"/>
<String CONTENT="laws" HEIGHT="56" WIDTH="150" VPOS="1212" HPOS="1139"/>
<SP HEIGHT="37" WIDTH="36" VPOS="1231" HPOS="1290"/>
<String CONTENT="since" HEIGHT="56" WIDTH="165" VPOS="1212" HPOS="1327"/>
<SP HEIGHT="53" WIDTH="33" VPOS="1215" HPOS="1493"/>
<String CONTENT="the" HEIGHT="57" WIDTH="106" VPOS="1211" HPOS="1527"/>
<SP HEIGHT="38" WIDTH="33" VPOS="1231" HPOS="1634"/>
<String CONTENT="organization" HEIGHT="72" WIDTH="435" VPOS="1211" HPOS="1668"/>
<SP HEIGHT="38" WIDTH="31" VPOS="1231" HPOS="2104"/>
<String CONTENT="of" HEIGHT="57" WIDTH="69" VPOS="1212" HPOS="2136"/>
<SP HEIGHT="58" WIDTH="31" VPOS="1212" HPOS="2206"/>
<String CONTENT="the" HEIGHT="56" WIDTH="106" VPOS="1214" HPOS="2238"/>
</TextLine>
<TextLine HEIGHT="74" WIDTH="2011" VPOS="1289" HPOS="332" STYLEREFS="StyleId-24D37829-A02A-40A2-BB10-950192BBD990-">
<String CONTENT="federal" HEIGHT="58" WIDTH="246" VPOS="1291" HPOS="332"/>
<SP HEIGHT="69" WIDTH="31" VPOS="1294" HPOS="579"/>
<String CONTENT="government" HEIGHT="69" WIDTH="410" VPOS="1294" HPOS="611"/>
<SP HEIGHT="53" WIDTH="35" VPOS="1294" HPOS="1022"/>
<String CONTENT="and" HEIGHT="56" WIDTH="124" VPOS="1291" HPOS="1058"/>
<SP HEIGHT="56" WIDTH="32" VPOS="1291" HPOS="1183"/>
<String CONTENT="a" HEIGHT="38" WIDTH="37" VPOS="1309" HPOS="1216"/>
<SP HEIGHT="38" WIDTH="32" VPOS="1309" HPOS="1254"/>
<String CONTENT="correlation" HEIGHT="58" WIDTH="380" VPOS="1289" HPOS="1287"/>
<SP HEIGHT="38" WIDTH="31" VPOS="1309" HPOS="1668"/>
<String CONTENT="of" HEIGHT="58" WIDTH="68" VPOS="1289" HPOS="1700"/>
<SP HEIGHT="57" WIDTH="33" VPOS="1289" HPOS="1769"/>
<String CONTENT="such" HEIGHT="56" WIDTH="149" VPOS="1291" HPOS="1803"/>
<SP HEIGHT="57" WIDTH="31" VPOS="1289" HPOS="1953"/>
<String CONTENT="laws" HEIGHT="59" WIDTH="153" VPOS="1289" HPOS="1985"/>
<SP HEIGHT="39" WIDTH="36" VPOS="1309" HPOS="2139"/>
<String CONTENT="since" HEIGHT="58" WIDTH="167" VPOS="1290" HPOS="2176"/>
</TextLine>
<TextLine HEIGHT="73" WIDTH="2007" VPOS="1366" HPOS="333" STYLEREFS="StyleId-24D37829-A02A-40A2-BB10-950192BBD990-" CS="1">
<String CONTENT="the" HEIGHT="57" WIDTH="104" VPOS="1370" HPOS="333"/>
<SP HEIGHT="58" WIDTH="41" VPOS="1369" HPOS="438"/>
<String CONTENT="Sixteenth" HEIGHT="59" WIDTH="332" VPOS="1368" HPOS="480"/>
<SP HEIGHT="57" WIDTH="36" VPOS="1368" HPOS="813"/>
<String CONTENT="amendment," HEIGHT="70" WIDTH="415" VPOS="1369" HPOS="850"/>
<SP HEIGHT="71" WIDTH="37" VPOS="1368" HPOS="1266"/>
<String CONTENT="by" HEIGHT="71" WIDTH="83" VPOS="1368" HPOS="1304"/>
<SP HEIGHT="73" WIDTH="34" VPOS="1366" HPOS="1388"/>
<String CONTENT="Walter" HEIGHT="59" WIDTH="245" VPOS="1366" HPOS="1423"/>
<SP HEIGHT="57" WIDTH="37" VPOS="1367" HPOS="1669"/>
<String CONTENT="E." HEIGHT="57" WIDTH="73" VPOS="1367" HPOS="1707"/>
<SP HEIGHT="57" WIDTH="41" VPOS="1367" HPOS="1781"/>
<String CONTENT="Barton" HEIGHT="58" WIDTH="244" VPOS="1367" HPOS="1823"/>
<SP HEIGHT="41" WIDTH="42" VPOS="1386" HPOS="2068"/>
<String CS="1" CONTENT="&#8230;"/>
<SP HEIGHT="38" WIDTH="45" VPOS="1387" HPOS="2174"/>
<String CONTENT="and" HEIGHT="58" WIDTH="120" VPOS="1368" HPOS="2220"/>
</TextLine>
<TextLine HEIGHT="77" WIDTH="2011" VPOS="1443" HPOS="335" STYLEREFS="StyleId-24D37829-A02A-40A2-BB10-950192BBD990-" CS="1">
<String CONTENT="Carroll" HEIGHT="62" WIDTH="249" VPOS="1445" HPOS="335"/>
<SP HEIGHT="59" WIDTH="24" VPOS="1447" HPOS="585"/>
<String CONTENT="W." HEIGHT="59" WIDTH="97" VPOS="1447" HPOS="610"/>
<SP HEIGHT="58" WIDTH="30" VPOS="1446" HPOS="708"/>
<String CONTENT="Browning" HEIGHT="74" WIDTH="343" VPOS="1446" HPOS="739"/>
<SP HEIGHT="54" WIDTH="37" VPOS="1466" HPOS="1083"/>
<String CS="1" CONTENT="&#8230;"/>
<SP HEIGHT="59" WIDTH="76" VPOS="1445" HPOS="1183"/>
<String CONTENT="Washington," HEIGHT="75" WIDTH="441" VPOS="1444" HPOS="1260"/>
<SP HEIGHT="73" WIDTH="28" VPOS="1445" HPOS="1702"/>
<String LANG="la" CONTENT="D." HEIGHT="58" WIDTH="75" VPOS="1445" HPOS="1731"/>
<SP HEIGHT="62" WIDTH="33" VPOS="1443" HPOS="1807"/>
<String LANG="la" CONTENT="C.," HEIGHT="75" WIDTH="86" VPOS="1443" HPOS="1841"/>
<SP HEIGHT="72" WIDTH="28" VPOS="1446" HPOS="1928"/>
<String CONTENT="J." HEIGHT="59" WIDTH="61" VPOS="1446" HPOS="1957"/>
<SP HEIGHT="58" WIDTH="31" VPOS="1445" HPOS="2019"/>
<String CONTENT="Byrne" HEIGHT="74" WIDTH="214" VPOS="1445" HPOS="2051"/>
<SP HEIGHT="62" WIDTH="29" VPOS="1444" HPOS="2266"/>
<String CONTENT="&amp;" HEIGHT="62" WIDTH="50" VPOS="1444" HPOS="2296"/>
</TextLine>
<TextLine HEIGHT="73" WIDTH="527" VPOS="1526" HPOS="333" STYLEREFS="StyleId-24D37829-A02A-40A2-BB10-950192BBD990-">
<String CONTENT="company," HEIGHT="53" WIDTH="324" VPOS="1546" HPOS="333"/>
<SP HEIGHT="70" WIDTH="33" VPOS="1529" HPOS="658"/>
<String CONTENT="1925." HEIGHT="57" WIDTH="168" VPOS="1526" HPOS="692"/>
</TextLine>
<TextLine HEIGHT="57" WIDTH="690" VPOS="1600" HPOS="403" STYLEREFS="StyleId-24D37829-A02A-40A2-BB10-950192BBD990-" CS="1">
<String LANG="la" CONTENT="xvii" HEIGHT="44" WIDTH="95" VPOS="1603" HPOS="403"/>
<SP HEIGHT="52" WIDTH="27" VPOS="1604" HPOS="499"/>
<String LANG="la" CONTENT="p.," HEIGHT="39" WIDTH="55" VPOS="1618" HPOS="527"/>
<SP HEIGHT="53" WIDTH="30" VPOS="1604" HPOS="583"/>
<String LANG="en-US" CONTENT="1" HEIGHT="43" WIDTH="18" VPOS="1604" HPOS="614"/>
<SP HEIGHT="44" WIDTH="28" VPOS="1603" HPOS="633"/>
<String LANG="en-US" CS="1" CONTENT="l.," HEIGHT="15" WIDTH="21" VPOS="1637" HPOS="681"/>
<SP HEIGHT="52" WIDTH="28" VPOS="1600" HPOS="703"/>
<String LANG="en-US" CONTENT="549" HEIGHT="47" WIDTH="84" VPOS="1600" HPOS="732"/>
<SP HEIGHT="52" WIDTH="22" VPOS="1603" HPOS="817"/>
<String LANG="en-US" CONTENT="p." HEIGHT="38" WIDTH="41" VPOS="1617" HPOS="840"/>
<SP HEIGHT="42" WIDTH="58" VPOS="1604" HPOS="882"/>
<String LANG="en-US" CS="1" CONTENT="26&#189;c" HEIGHT="44" WIDTH="55" VPOS="1602" HPOS="941"/>
<String STYLE="superscript" LANG="en-US" CONTENT="m" HEIGHT="17" WIDTH="30" VPOS="1604" HPOS="1046"/>
<String LANG="en-US" CONTENT="." HEIGHT="9" WIDTH="10" VPOS="1638" HPOS="1083"/>
</TextLine>
<TextLine HEIGHT="48" WIDTH="447" VPOS="1659" HPOS="405">
<String CONTENT="&#8220;Second" HEIGHT="47" WIDTH="207" VPOS="1660" HPOS="405"/>
<SP HEIGHT="44" WIDTH="28" VPOS="1660" HPOS="613"/>
<String CONTENT="edition.&#8221;" HEIGHT="45" WIDTH="210" VPOS="1659" HPOS="642"/>
</TextLine>
<TextLine HEIGHT="56" WIDTH="2009" VPOS="1715" HPOS="333">
<String CONTENT="&#169;" HEIGHT="54" WIDTH="53" VPOS="1716" HPOS="333"/>
<SP HEIGHT="54" WIDTH="29" VPOS="1716" HPOS="387"/>
<String CONTENT="Jan." HEIGHT="52" WIDTH="99" VPOS="1718" HPOS="417"/>
<SP HEIGHT="44" WIDTH="31" VPOS="1718" HPOS="517"/>
<String CONTENT="3," HEIGHT="52" WIDTH="39" VPOS="1718" HPOS="549"/>
<SP HEIGHT="51" WIDTH="33" VPOS="1719" HPOS="589"/>
<String CONTENT="1925;" HEIGHT="53" WIDTH="131" VPOS="1717" HPOS="623"/>
<SP HEIGHT="52" WIDTH="32" VPOS="1718" HPOS="755"/>
<String CONTENT="2c." HEIGHT="43" WIDTH="64" VPOS="1718" HPOS="788"/>
<SP HEIGHT="29" WIDTH="31" VPOS="1732" HPOS="853"/>
<String CONTENT="and" HEIGHT="43" WIDTH="87" VPOS="1718" HPOS="885"/>
<SP HEIGHT="43" WIDTH="30" VPOS="1718" HPOS="973"/>
<String CONTENT="aff." HEIGHT="44" WIDTH="78" VPOS="1717" HPOS="1004"/>
<SP HEIGHT="52" WIDTH="31" VPOS="1719" HPOS="1083"/>
<String CONTENT="Jan." HEIGHT="52" WIDTH="99" VPOS="1719" HPOS="1115"/>
<SP HEIGHT="43" WIDTH="32" VPOS="1718" HPOS="1215"/>
<String CONTENT="3;" HEIGHT="52" WIDTH="50" VPOS="1718" HPOS="1248"/>
<SP HEIGHT="52" WIDTH="34" VPOS="1718" HPOS="1299"/>
<!-- cceid 2A15D299-6DD5-1014-B757-AF09C522E301 --><String CONTENT="A" HEIGHT="41" WIDTH="43" VPOS="1718" HPOS="1334"/>
<SP HEIGHT="43" WIDTH="32" VPOS="1717" HPOS="1378"/>
<String CONTENT="814583;" HEIGHT="53" WIDTH="190" VPOS="1716" HPOS="1411"/>
<SP HEIGHT="51" WIDTH="33" VPOS="1718" HPOS="1602"/>
<String LANG="la" CONTENT="W." HEIGHT="43" WIDTH="75" VPOS="1718" HPOS="1636"/>
<SP HEIGHT="47" WIDTH="31" VPOS="1716" HPOS="1712"/>
<String CONTENT="E." HEIGHT="47" WIDTH="52" VPOS="1716" HPOS="1744"/>
<SP HEIGHT="43" WIDTH="35" VPOS="1717" HPOS="1797"/>
<String CONTENT="Barton" HEIGHT="44" WIDTH="175" VPOS="1717" HPOS="1833"/>
<SP HEIGHT="29" WIDTH="28" VPOS="1731" HPOS="2009"/>
<String CONTENT="and" HEIGHT="44" WIDTH="88" VPOS="1717" HPOS="2038"/>
<SP HEIGHT="46" WIDTH="33" VPOS="1715" HPOS="2127"/>
<String CONTENT="Carroll" HEIGHT="46" WIDTH="181" VPOS="1715" HPOS="2161"/>
</TextLine>
<TextLine HEIGHT="56" WIDTH="1029" VPOS="1772" HPOS="401">
<String CONTENT="W." HEIGHT="44" WIDTH="76" VPOS="1775" HPOS="401"/>
<SP HEIGHT="43" WIDTH="28" VPOS="1775" HPOS="478"/>
<String CONTENT="Browning," HEIGHT="52" WIDTH="260" VPOS="1775" HPOS="507"/>
<SP HEIGHT="50" WIDTH="26" VPOS="1775" HPOS="768"/>
<String CONTENT="Washington." HEIGHT="54" WIDTH="321" VPOS="1773" HPOS="795"/>
<SP HEIGHT="53" WIDTH="68" VPOS="1774" HPOS="1117"/>
<String CONTENT="(25-1112)" HEIGHT="56" WIDTH="244" VPOS="1772" HPOS="1186"/>
</TextLine>
<TextLine HEIGHT="82" WIDTH="1018" VPOS="1866" HPOS="332" STYLEREFS="StyleId-AD40B679-5EAF-49EE-84FB-2B153430786B-">
<String CONTENT="Bible." HEIGHT="59" WIDTH="196" VPOS="1873" HPOS="332"/>
<SP HEIGHT="58" WIDTH="82" VPOS="1876" HPOS="529"/>
<String CONTENT="Selections." HEIGHT="61" WIDTH="371" VPOS="1875" HPOS="612"/>
<SP HEIGHT="67" WIDTH="75" VPOS="1866" HPOS="984"/>
<String CONTENT="English." HEIGHT="82" WIDTH="290" VPOS="1866" HPOS="1060"/>
</TextLine>
<TextLine HEIGHT="76" WIDTH="1933" VPOS="1965" HPOS="412" STYLEREFS="StyleId-24D37829-A02A-40A2-BB10-950192BBD990-">
<String CONTENT="The" HEIGHT="57" WIDTH="129" VPOS="1967" HPOS="412"/>
<SP HEIGHT="53" WIDTH="44" VPOS="1986" HPOS="542"/>
<String CONTENT="prayers" HEIGHT="53" WIDTH="268" VPOS="1986" HPOS="587"/>
<SP HEIGHT="38" WIDTH="47" VPOS="1985" HPOS="856"/>
<String CONTENT="of" HEIGHT="57" WIDTH="68" VPOS="1966" HPOS="904"/>
<SP HEIGHT="58" WIDTH="43" VPOS="1966" HPOS="973"/>
<String CONTENT="the" HEIGHT="58" WIDTH="104" VPOS="1966" HPOS="1017"/>
<SP HEIGHT="58" WIDTH="43" VPOS="1965" HPOS="1122"/>
<String CONTENT="Bible," HEIGHT="72" WIDTH="200" VPOS="1965" HPOS="1166"/>
<SP HEIGHT="52" WIDTH="46" VPOS="1985" HPOS="1367"/>
<String CONTENT="selected" HEIGHT="58" WIDTH="270" VPOS="1965" HPOS="1414"/>
<SP HEIGHT="56" WIDTH="44" VPOS="1967" HPOS="1685"/>
<String CONTENT="and" HEIGHT="57" WIDTH="123" VPOS="1966" HPOS="1730"/>
<SP HEIGHT="57" WIDTH="45" VPOS="1966" HPOS="1854"/>
<String CONTENT="arranged" HEIGHT="74" WIDTH="318" VPOS="1967" HPOS="1900"/>
<SP HEIGHT="58" WIDTH="41" VPOS="1967" HPOS="2219"/>
<String CONTENT="by" HEIGHT="73" WIDTH="84" VPOS="1967" HPOS="2261"/>
</TextLine>
<TextLine HEIGHT="75" WIDTH="2013" VPOS="2044" HPOS="331" STYLEREFS="StyleId-24D37829-A02A-40A2-BB10-950192BBD990-" CS="1">
<String CONTENT="Virginia" HEIGHT="73" WIDTH="296" VPOS="2046" HPOS="331"/>
<SP HEIGHT="59" WIDTH="29" VPOS="2045" HPOS="628"/>
<String CONTENT="Woodward" HEIGHT="59" WIDTH="382" VPOS="2045" HPOS="658"/>
<SP HEIGHT="59" WIDTH="33" VPOS="2044" HPOS="1041"/>
<String CONTENT="Cloud" HEIGHT="59" WIDTH="199" VPOS="2044" HPOS="1075"/>
<SP HEIGHT="57" WIDTH="37" VPOS="2046" HPOS="1275"/>
<String CS="1" CONTENT="&#8230;"/>
<SP HEIGHT="59" WIDTH="102" VPOS="2044" HPOS="1375"/>
<String CONTENT="Baltimore," HEIGHT="72" WIDTH="368" VPOS="2044" HPOS="1478"/>
<SP HEIGHT="70" WIDTH="33" VPOS="2046" HPOS="1847"/>
<String CONTENT="The" HEIGHT="58" WIDTH="129" VPOS="2045" HPOS="1881"/>
<SP HEIGHT="59" WIDTH="31" VPOS="2044" HPOS="2011"/>
<String CONTENT="Norman," HEIGHT="74" WIDTH="301" VPOS="2044" HPOS="2043"/>
</TextLine>
<TextLine HEIGHT="74" WIDTH="722" VPOS="2123" HPOS="333" STYLEREFS="StyleId-24D37829-A02A-40A2-BB10-950192BBD990-">
<String CONTENT="Remington" HEIGHT="73" WIDTH="380" VPOS="2124" HPOS="333"/>
<SP HEIGHT="38" WIDTH="32" VPOS="2143" HPOS="714"/>
<String CONTENT="co.," HEIGHT="50" WIDTH="108" VPOS="2143" HPOS="747"/>
<SP HEIGHT="68" WIDTH="31" VPOS="2125" HPOS="856"/>
<String CONTENT="1924." HEIGHT="59" WIDTH="167" VPOS="2123" HPOS="888"/>
</TextLine>
<TextLine HEIGHT="52" WIDTH="521" VPOS="2202" HPOS="405" CS="1">
<String CONTENT="5" HEIGHT="44" WIDTH="23" VPOS="2202" HPOS="405"/>
<SP/>
<String CS="1" CONTENT="p."/>
<SP/>
<String CS="1" CONTENT="l.,"/>
<SP/>
<String CONTENT="40" HEIGHT="43" WIDTH="54" VPOS="2202" HPOS="594"/>
<SP HEIGHT="52" WIDTH="25" VPOS="2202" HPOS="649"/>
<String CONTENT="p." HEIGHT="37" WIDTH="40" VPOS="2217" HPOS="675"/>
<SP HEIGHT="42" WIDTH="61" VPOS="2202" HPOS="716"/>
<String CS="1" CONTENT="19&#189;c" HEIGHT="44" WIDTH="51" VPOS="2202" HPOS="778"/>
<String STYLE="superscript" CONTENT="m" HEIGHT="18" WIDTH="30" VPOS="2202" HPOS="881"/>
<String CONTENT="." HEIGHT="8" WIDTH="8" VPOS="2236" HPOS="918"/>
</TextLine>
<TextLine HEIGHT="56" WIDTH="2010" VPOS="2255" HPOS="332">
<String CONTENT="&#169;" HEIGHT="54" WIDTH="53" VPOS="2257" HPOS="332"/>
<SP HEIGHT="54" WIDTH="28" VPOS="2257" HPOS="386"/>
<String CONTENT="Dec." HEIGHT="43" WIDTH="110" VPOS="2260" HPOS="415"/>
<SP HEIGHT="43" WIDTH="28" VPOS="2260" HPOS="526"/>
<String CONTENT="20," HEIGHT="49" WIDTH="65" VPOS="2259" HPOS="555"/>
<SP HEIGHT="48" WIDTH="32" VPOS="2260" HPOS="621"/>
<String CONTENT="1924;" HEIGHT="51" WIDTH="130" VPOS="2259" HPOS="654"/>
<SP HEIGHT="51" WIDTH="27" VPOS="2259" HPOS="785"/>
<String CONTENT="2c." HEIGHT="43" WIDTH="65" VPOS="2259" HPOS="813"/>
<SP HEIGHT="43" WIDTH="28" VPOS="2259" HPOS="879"/>
<String CONTENT="Dec." HEIGHT="43" WIDTH="109" VPOS="2259" HPOS="908"/>
<SP HEIGHT="43" WIDTH="27" VPOS="2259" HPOS="1018"/>
<String CONTENT="31;" HEIGHT="51" WIDTH="78" VPOS="2259" HPOS="1046"/>
<SP HEIGHT="38" WIDTH="30" VPOS="2272" HPOS="1125"/>
<String CONTENT="aff." HEIGHT="43" WIDTH="79" VPOS="2258" HPOS="1156"/>
<SP HEIGHT="43" WIDTH="29" VPOS="2258" HPOS="1236"/>
<String CONTENT="Dec." HEIGHT="43" WIDTH="108" VPOS="2258" HPOS="1266"/>
<SP HEIGHT="43" WIDTH="31" VPOS="2258" HPOS="1375"/>
<String CONTENT="30;" HEIGHT="49" WIDTH="76" VPOS="2257" HPOS="1407"/>
<SP HEIGHT="49" WIDTH="33" VPOS="2257" HPOS="1484"/>
<!-- cceid 2A167A94-6DD5-1014-B757-AF09C522E301 --><String CONTENT="A" HEIGHT="42" WIDTH="42" VPOS="2257" HPOS="1518"/>
<SP HEIGHT="44" WIDTH="28" VPOS="2257" HPOS="1561"/>
<String CONTENT="814485;" HEIGHT="54" WIDTH="189" VPOS="2255" HPOS="1590"/>
<SP HEIGHT="51" WIDTH="33" VPOS="2258" HPOS="1780"/>
<String CONTENT="Norman," HEIGHT="52" WIDTH="221" VPOS="2258" HPOS="1814"/>
<SP HEIGHT="52" WIDTH="29" VPOS="2258" HPOS="2036"/>
<String CONTENT="Remington" HEIGHT="52" WIDTH="276" VPOS="2257" HPOS="2066"/>
</TextLine>
<TextLine HEIGHT="54" WIDTH="350" VPOS="2316" HPOS="403">
<String CONTENT="co." HEIGHT="28" WIDTH="64" VPOS="2332" HPOS="403"/>
<SP HEIGHT="53" WIDTH="69" VPOS="2317" HPOS="468"/>
<String CONTENT="(25-820)" HEIGHT="54" WIDTH="215" VPOS="2316" HPOS="538"/>
</TextLine>
<TextLine HEIGHT="61" WIDTH="920" VPOS="2399" HPOS="333" STYLEREFS="StyleId-4152E960-259F-4BDB-989C-593426842DFB-">
<String CONTENT="Boston" HEIGHT="58" WIDTH="239" VPOS="2402" HPOS="333"/>
<SP HEIGHT="40" WIDTH="36" VPOS="2419" HPOS="573"/>
<String CONTENT="architectural" HEIGHT="59" WIDTH="448" VPOS="2401" HPOS="610"/>
<SP HEIGHT="57" WIDTH="35" VPOS="2401" HPOS="1059"/>
<String CONTENT="club." HEIGHT="59" WIDTH="158" VPOS="2399" HPOS="1095"/>
</TextLine>
<TextLine HEIGHT="154" WIDTH="1981" VPOS="2490" HPOS="335" STYLEREFS="StyleId-24D37829-A02A-40A2-BB10-950192BBD990-" CS="1">
<String CONTENT="The" HEIGHT="58" WIDTH="129" VPOS="2492" HPOS="414"/>
<SP HEIGHT="56" WIDTH="24" VPOS="2494" HPOS="544"/>
<String CONTENT="book" HEIGHT="57" WIDTH="163" VPOS="2493" HPOS="569"/>
<SP HEIGHT="56" WIDTH="26" VPOS="2493" HPOS="733"/>
<String CONTENT="of" HEIGHT="58" WIDTH="69" VPOS="2491" HPOS="760"/>
<SP HEIGHT="57" WIDTH="22" VPOS="2491" HPOS="830"/>
<String CONTENT="the" HEIGHT="59" WIDTH="106" VPOS="2491" HPOS="853"/>
<SP HEIGHT="59" WIDTH="24" VPOS="2491" HPOS="960"/>
<String CONTENT="Boston" HEIGHT="57" WIDTH="244" VPOS="2491" HPOS="985"/>
<SP HEIGHT="38" WIDTH="24" VPOS="2510" HPOS="1230"/>
<String CONTENT="architectural" HEIGHT="59" WIDTH="449" VPOS="2490" HPOS="1255"/>
<SP HEIGHT="58" WIDTH="24" VPOS="2492" HPOS="1705"/>
<String CONTENT="club;" HEIGHT="70" WIDTH="168" VPOS="2492" HPOS="1730"/>
<SP HEIGHT="69" WIDTH="27" VPOS="2493" HPOS="1899"/>
<String CONTENT="being" HEIGHT="75" WIDTH="188" VPOS="2490" HPOS="1927"/>
<SP HEIGHT="54" WIDTH="25" VPOS="2511" HPOS="2116"/>
<String CONTENT="examples" HEIGHT="133" WIDTH="1981" VPOS="2511" HPOS="335"/>
<SP HEIGHT="39" WIDTH="29" VPOS="2590" HPOS="469"/>
<String CONTENT="of" HEIGHT="59" WIDTH="68" VPOS="2570" HPOS="499"/>
<SP HEIGHT="58" WIDTH="25" VPOS="2570" HPOS="568"/>
<String CONTENT="early" HEIGHT="74" WIDTH="175" VPOS="2569" HPOS="594"/>
</TextLine>
<TextLine HEIGHT="152" WIDTH="1987" VPOS="2568" HPOS="335" STYLEREFS="StyleId-24D37829-A02A-40A2-BB10-950192BBD990-" CS="1">
<String CONTENT="English" HEIGHT="74" WIDTH="272" VPOS="2568" HPOS="796"/>
<SP HEIGHT="56" WIDTH="24" VPOS="2571" HPOS="1069"/>
<String CONTENT="architecture," HEIGHT="73" WIDTH="438" VPOS="2568" HPOS="1094"/>
<SP HEIGHT="52" WIDTH="24" VPOS="2589" HPOS="1533"/>
<String CONTENT="with" HEIGHT="60" WIDTH="154" VPOS="2568" HPOS="1558"/>
<SP HEIGHT="57" WIDTH="24" VPOS="2571" HPOS="1713"/>
<String CONTENT="details" HEIGHT="60" WIDTH="228" VPOS="2569" HPOS="1738"/>
<SP HEIGHT="40" WIDTH="28" VPOS="2589" HPOS="1967"/>
<String CONTENT="and" HEIGHT="57" WIDTH="124" VPOS="2572" HPOS="1996"/>
<SP HEIGHT="57" WIDTH="25" VPOS="2572" HPOS="2121"/>
<String CONTENT="measured" HEIGHT="119" WIDTH="1987" VPOS="2589" HPOS="335"/>
<SP HEIGHT="57" WIDTH="33" VPOS="2650" HPOS="493"/>
<String CONTENT="drawings." HEIGHT="71" WIDTH="337" VPOS="2649" HPOS="527"/>
<SP HEIGHT="56" WIDTH="75" VPOS="2649" HPOS="865"/>
<String CONTENT="Boston," HEIGHT="71" WIDTH="261" VPOS="2649" HPOS="941"/>
<SP HEIGHT="71" WIDTH="34" VPOS="2649" HPOS="1203"/>
<String CONTENT="Mass.," HEIGHT="71" WIDTH="214" VPOS="2649" HPOS="1238"/>
<SP HEIGHT="69" WIDTH="36" VPOS="2651" HPOS="1453"/>
<String CONTENT="1924." HEIGHT="58" WIDTH="167" VPOS="2649" HPOS="1490"/>
</TextLine>
<TextLine HEIGHT="55" WIDTH="1073" VPOS="2726" HPOS="408" CS="1">
<String CONTENT="1" HEIGHT="41" WIDTH="20" VPOS="2730" HPOS="408"/>
<SP/>
<String CS="1" CONTENT="p."/>
<SP/>
<String CS="1" CONTENT="l.,"/>
<SP/>
<String CONTENT="[98]" HEIGHT="47" WIDTH="81" VPOS="2728" HPOS="596"/>
<SP HEIGHT="39" WIDTH="28" VPOS="2742" HPOS="678"/>
<String CONTENT="p." HEIGHT="39" WIDTH="41" VPOS="2742" HPOS="707"/>
<SP HEIGHT="28" WIDTH="27" VPOS="2742" HPOS="749"/>
<String CONTENT="of" HEIGHT="42" WIDTH="55" VPOS="2728" HPOS="777"/>
<SP HEIGHT="44" WIDTH="22" VPOS="2726" HPOS="833"/>
<String CONTENT="illus." HEIGHT="44" WIDTH="120" VPOS="2726" HPOS="856"/>
<SP HEIGHT="28" WIDTH="60" VPOS="2742" HPOS="977"/>
<String CONTENT="col." HEIGHT="44" WIDTH="84" VPOS="2727" HPOS="1038"/>
<SP/>
<String CONTENT="front." HEIGHT="43" WIDTH="144" VPOS="2727" HPOS="1153"/>
<SP HEIGHT="43" WIDTH="59" VPOS="2728" HPOS="1298"/>
<String CONTENT="35" HEIGHT="46" WIDTH="53" VPOS="2726" HPOS="1358"/>
<String STYLE="superscript" CONTENT="cm" HEIGHT="18" WIDTH="48" VPOS="2729" HPOS="1419"/>
<String CONTENT="." HEIGHT="8" WIDTH="9" VPOS="2762" HPOS="1472"/>
</TextLine>
<TextLine HEIGHT="50" WIDTH="1939" VPOS="2782" HPOS="407">
<String CONTENT="Lettered" HEIGHT="48" WIDTH="216" VPOS="2784" HPOS="407"/>
<SP HEIGHT="44" WIDTH="27" VPOS="2784" HPOS="624"/>
<String CONTENT="on" HEIGHT="29" WIDTH="60" VPOS="2799" HPOS="652"/>
<SP HEIGHT="29" WIDTH="28" VPOS="2799" HPOS="713"/>
<String CONTENT="cover:" HEIGHT="30" WIDTH="163" VPOS="2799" HPOS="742"/>
<SP HEIGHT="45" WIDTH="29" VPOS="2782" HPOS="906"/>
<String CONTENT="The" HEIGHT="46" WIDTH="102" VPOS="2782" HPOS="936"/>
<SP HEIGHT="44" WIDTH="26" VPOS="2785" HPOS="1039"/>
<String CONTENT="book" HEIGHT="44" WIDTH="125" VPOS="2785" HPOS="1066"/>
<SP HEIGHT="42" WIDTH="27" VPOS="2785" HPOS="1192"/>
<String CONTENT="of" HEIGHT="42" WIDTH="55" VPOS="2785" HPOS="1220"/>
<SP HEIGHT="42" WIDTH="26" VPOS="2785" HPOS="1276"/>
<String CONTENT="the" HEIGHT="43" WIDTH="78" VPOS="2784" HPOS="1303"/>
<SP HEIGHT="42" WIDTH="29" VPOS="2785" HPOS="1382"/>
<String CONTENT="Boston" HEIGHT="43" WIDTH="177" VPOS="2785" HPOS="1412"/>
<SP HEIGHT="28" WIDTH="30" VPOS="2800" HPOS="1590"/>
<String CONTENT="architectural" HEIGHT="44" WIDTH="328" VPOS="2784" HPOS="1621"/>
<SP HEIGHT="43" WIDTH="27" VPOS="2785" HPOS="1950"/>
<String CONTENT="club" HEIGHT="45" WIDTH="104" VPOS="2784" HPOS="1978"/>
<SP HEIGHT="44" WIDTH="30" VPOS="2785" HPOS="2083"/>
<String CONTENT="for" HEIGHT="43" WIDTH="78" VPOS="2785" HPOS="2114"/>
<SP HEIGHT="42" WIDTH="31" VPOS="2786" HPOS="2193"/>
<String CONTENT="1924." HEIGHT="44" WIDTH="121" VPOS="2786" HPOS="2225"/>
</TextLine>
<TextLine HEIGHT="56" WIDTH="2011" VPOS="2840" HPOS="333">
<String CONTENT="&#169;" HEIGHT="53" WIDTH="53" VPOS="2841" HPOS="333"/>
<SP HEIGHT="53" WIDTH="33" VPOS="2841" HPOS="387"/>
<String CONTENT="Dec." HEIGHT="42" WIDTH="110" VPOS="2843" HPOS="421"/>
<SP HEIGHT="43" WIDTH="33" VPOS="2843" HPOS="532"/>
<String CONTENT="30," HEIGHT="51" WIDTH="66" VPOS="2843" HPOS="566"/>
<SP HEIGHT="50" WIDTH="35" VPOS="2844" HPOS="633"/>
<String CONTENT="1924;" HEIGHT="52" WIDTH="131" VPOS="2842" HPOS="669"/>
<SP HEIGHT="51" WIDTH="35" VPOS="2843" HPOS="801"/>
<String CONTENT="2c." HEIGHT="42" WIDTH="65" VPOS="2843" HPOS="837"/>
<SP HEIGHT="28" WIDTH="33" VPOS="2857" HPOS="903"/>
<String CONTENT="and" HEIGHT="43" WIDTH="89" VPOS="2842" HPOS="937"/>
<SP HEIGHT="43" WIDTH="31" VPOS="2842" HPOS="1027"/>
<String CONTENT="aff." HEIGHT="43" WIDTH="80" VPOS="2842" HPOS="1059"/>
<SP HEIGHT="51" WIDTH="33" VPOS="2843" HPOS="1140"/>
<String CONTENT="Jan" HEIGHT="51" WIDTH="87" VPOS="2843" HPOS="1174"/>
<SP HEIGHT="42" WIDTH="32" VPOS="2842" HPOS="1262"/>
<String CONTENT="2," HEIGHT="51" WIDTH="39" VPOS="2842" HPOS="1295"/>
<SP HEIGHT="49" WIDTH="37" VPOS="2844" HPOS="1335"/>
<String CONTENT="1925;" HEIGHT="53" WIDTH="130" VPOS="2840" HPOS="1373"/>
<SP HEIGHT="50" WIDTH="38" VPOS="2843" HPOS="1504"/>
<!-- cceid 2A172B7E-6DD5-1014-B757-AF09C522E301 --><String CONTENT="A" HEIGHT="42" WIDTH="42" VPOS="2843" HPOS="1543"/>
<SP HEIGHT="43" WIDTH="35" VPOS="2843" HPOS="1586"/>
<String CONTENT="814514;" HEIGHT="52" WIDTH="190" VPOS="2841" HPOS="1622"/>
<SP HEIGHT="52" WIDTH="36" VPOS="2841" HPOS="1813"/>
<String CONTENT="Frederic" HEIGHT="44" WIDTH="213" VPOS="2841" HPOS="1850"/>
<SP HEIGHT="43" WIDTH="33" VPOS="2843" HPOS="2064"/>
<String CONTENT="V." HEIGHT="43" WIDTH="57" VPOS="2843" HPOS="2098"/>
<SP HEIGHT="43" WIDTH="36" VPOS="2843" HPOS="2156"/>
<String CONTENT="Little," HEIGHT="53" WIDTH="151" VPOS="2843" HPOS="2193"/>
</TextLine>
<TextLine HEIGHT="53" WIDTH="1414" VPOS="2898" HPOS="403" CS="1">
<String CONTENT="executive" HEIGHT="43" WIDTH="233" VPOS="2900" HPOS="403"/>
<SP HEIGHT="28" WIDTH="27" VPOS="2915" HPOS="637"/>
<String CS="1" CONTENT="secretary," HEIGHT="40" WIDTH="240" VPOS="2906" HPOS="665"/>
<SP HEIGHT="46" WIDTH="30" VPOS="2900" HPOS="906"/>
<String CONTENT="Boston" HEIGHT="43" WIDTH="172" VPOS="2900" HPOS="937"/>
<SP HEIGHT="29" WIDTH="27" VPOS="2913" HPOS="1110"/>
<String CONTENT="architectural" HEIGHT="45" WIDTH="322" VPOS="2898" HPOS="1138"/>
<SP HEIGHT="43" WIDTH="24" VPOS="2899" HPOS="1461"/>
<String CONTENT="club," HEIGHT="52" WIDTH="116" VPOS="2899" HPOS="1486"/>
<SP HEIGHT="51" WIDTH="30" VPOS="2900" HPOS="1603"/>
<String CONTENT="Boston." HEIGHT="43" WIDTH="183" VPOS="2900" HPOS="1634"/>
</TextLine>
<TextLine HEIGHT="56" WIDTH="244" VPOS="2955" HPOS="413">
<String CONTENT="(25-2357)" HEIGHT="56" WIDTH="244" VPOS="2955" HPOS="413"/>
</TextLine>
<TextLine HEIGHT="74" WIDTH="739" VPOS="3042" HPOS="336" STYLEREFS="StyleId-4152E960-259F-4BDB-989C-593426842DFB-">
<String CONTENT="Bovee," HEIGHT="72" WIDTH="222" VPOS="3042" HPOS="336"/>
<SP HEIGHT="71" WIDTH="39" VPOS="3043" HPOS="559"/>
<String CONTENT="Helen" HEIGHT="57" WIDTH="202" VPOS="3043" HPOS="599"/>
<SP HEIGHT="57" WIDTH="32" VPOS="3043" HPOS="802"/>
<String CONTENT="Hardy." HEIGHT="73" WIDTH="240" VPOS="3043" HPOS="835"/>
</TextLine>
<TextLine HEIGHT="76" WIDTH="1928" VPOS="3136" HPOS="414" STYLEREFS="StyleId-24D37829-A02A-40A2-BB10-950192BBD990-">
<String CONTENT="The" HEIGHT="58" WIDTH="130" VPOS="3137" HPOS="414"/>
<SP HEIGHT="59" WIDTH="45" VPOS="3136" HPOS="545"/>
<String CONTENT="hour" HEIGHT="57" WIDTH="165" VPOS="3136" HPOS="591"/>
<SP HEIGHT="54" WIDTH="47" VPOS="3156" HPOS="757"/>
<String CONTENT="glass" HEIGHT="71" WIDTH="170" VPOS="3139" HPOS="805"/>
<SP HEIGHT="54" WIDTH="55" VPOS="3156" HPOS="976"/>
<String CONTENT="[by]" HEIGHT="73" WIDTH="112" VPOS="3137" HPOS="1032"/>
<SP HEIGHT="73" WIDTH="51" VPOS="3136" HPOS="1145"/>
<String CONTENT="Helen" HEIGHT="57" WIDTH="202" VPOS="3136" HPOS="1197"/>
<SP HEIGHT="56" WIDTH="49" VPOS="3136" HPOS="1400"/>
<String CONTENT="Hardy" HEIGHT="74" WIDTH="227" VPOS="3136" HPOS="1450"/>
<SP HEIGHT="73" WIDTH="47" VPOS="3137" HPOS="1678"/>
<String CONTENT="Bovee." HEIGHT="58" WIDTH="224" VPOS="3137" HPOS="1726"/>
<SP HEIGHT="45" WIDTH="114" VPOS="3167" HPOS="1951"/>
<String CONTENT="[Seattle," HEIGHT="74" WIDTH="276" VPOS="3138" HPOS="2066"/>
</TextLine>
<TextLine HEIGHT="72" WIDTH="189" VPOS="3216" HPOS="333" STYLEREFS="StyleId-24D37829-A02A-40A2-BB10-950192BBD990-">
<String STYLE="superscript" CONTENT="c" HEIGHT="24" WIDTH="19" VPOS="3222" HPOS="333"/>
<String CONTENT="1925]" HEIGHT="72" WIDTH="167" VPOS="3216" HPOS="355"/>
</TextLine>
<TextLine HEIGHT="52" WIDTH="553" VPOS="3293" HPOS="405" CS="1">
<String CONTENT="2" HEIGHT="42" WIDTH="29" VPOS="3297" HPOS="405"/>
<SP/>
<String CS="1" CONTENT="p."/>
<SP/>
<String CS="1" CONTENT="l.,"/>
<SP/>
<String CONTENT="7-64" HEIGHT="46" WIDTH="110" VPOS="3293" HPOS="598"/>
<SP HEIGHT="50" WIDTH="24" VPOS="3295" HPOS="709"/>
<String CONTENT="p." HEIGHT="35" WIDTH="40" VPOS="3310" HPOS="734"/>
<SP HEIGHT="43" WIDTH="57" VPOS="3295" HPOS="775"/>
<String CONTENT="24" HEIGHT="43" WIDTH="55" VPOS="3295" HPOS="833"/>
<String STYLE="superscript" CONTENT="cm" HEIGHT="18" WIDTH="48" VPOS="3296" HPOS="894"/>
<String CONTENT="." HEIGHT="9" WIDTH="10" VPOS="3332" HPOS="948"/>
</TextLine>
<TextLine HEIGHT="45" WIDTH="179" VPOS="3353" HPOS="407">
<String CONTENT="Poems." HEIGHT="45" WIDTH="179" VPOS="3353" HPOS="407"/>
</TextLine>
<TextLine HEIGHT="56" WIDTH="1803" VPOS="3401" HPOS="333">
<String CONTENT="&#169;" HEIGHT="54" WIDTH="55" VPOS="3403" HPOS="333"/>
<SP HEIGHT="54" WIDTH="24" VPOS="3403" HPOS="389"/>
<String CONTENT="Jan." HEIGHT="51" WIDTH="100" VPOS="3405" HPOS="414"/>
<SP HEIGHT="41" WIDTH="29" VPOS="3406" HPOS="515"/>
<String CONTENT="1," HEIGHT="49" WIDTH="35" VPOS="3406" HPOS="545"/>
<SP HEIGHT="50" WIDTH="28" VPOS="3405" HPOS="581"/>
<String CONTENT="1925;" HEIGHT="53" WIDTH="130" VPOS="3401" HPOS="610"/>
<SP HEIGHT="50" WIDTH="25" VPOS="3404" HPOS="741"/>
<String CONTENT="2c." HEIGHT="42" WIDTH="65" VPOS="3404" HPOS="767"/>
<SP HEIGHT="27" WIDTH="26" VPOS="3419" HPOS="833"/>
<String CONTENT="and" HEIGHT="44" WIDTH="86" VPOS="3402" HPOS="860"/>
<SP HEIGHT="44" WIDTH="25" VPOS="3402" HPOS="947"/>
<String CONTENT="aff." HEIGHT="43" WIDTH="79" VPOS="3403" HPOS="973"/>
<SP HEIGHT="51" WIDTH="25" VPOS="3404" HPOS="1053"/>
<String CONTENT="Jan." HEIGHT="51" WIDTH="99" VPOS="3404" HPOS="1079"/>
<SP HEIGHT="44" WIDTH="28" VPOS="3401" HPOS="1179"/>
<String CONTENT="7;" HEIGHT="53" WIDTH="48" VPOS="3401" HPOS="1208"/>
<SP HEIGHT="50" WIDTH="29" VPOS="3404" HPOS="1257"/>
<!-- cceid 2A17C851-6DD5-1014-B757-AF09C522E301 --><String CONTENT="A" HEIGHT="42" WIDTH="43" VPOS="3404" HPOS="1287"/>
<SP HEIGHT="43" WIDTH="25" VPOS="3403" HPOS="1331"/>
<String CONTENT="814570;" HEIGHT="52" WIDTH="191" VPOS="3401" HPOS="1357"/>
<SP HEIGHT="50" WIDTH="28" VPOS="3403" HPOS="1549"/>
<String LANG="la" CONTENT="H." HEIGHT="43" WIDTH="61" VPOS="3403" HPOS="1578"/>
<SP HEIGHT="42" WIDTH="29" VPOS="3404" HPOS="1640"/>
<String CONTENT="H." HEIGHT="42" WIDTH="61" VPOS="3404" HPOS="1670"/>
<SP HEIGHT="42" WIDTH="27" VPOS="3404" HPOS="1732"/>
<String CONTENT="Bovee," HEIGHT="52" WIDTH="162" VPOS="3404" HPOS="1760"/>
<SP HEIGHT="54" WIDTH="30" VPOS="3402" HPOS="1923"/>
<String CONTENT="Seattle." HEIGHT="47" WIDTH="182" VPOS="3402" HPOS="1954"/>
</TextLine>
<TextLine HEIGHT="55" WIDTH="217" VPOS="3460" HPOS="414">
<String CONTENT="(25-914)" HEIGHT="55" WIDTH="217" VPOS="3460" HPOS="414"/>
</TextLine>
<TextLine HEIGHT="74" WIDTH="768" VPOS="3546" HPOS="337" STYLEREFS="StyleId-4152E960-259F-4BDB-989C-593426842DFB-">
<String CONTENT="Boyd," HEIGHT="73" WIDTH="195" VPOS="3547" HPOS="337"/>
<SP HEIGHT="68" WIDTH="39" VPOS="3546" HPOS="533"/>
<String CONTENT="William," HEIGHT="71" WIDTH="300" VPOS="3546" HPOS="573"/>
<SP HEIGHT="68" WIDTH="41" VPOS="3549" HPOS="874"/>
<String CONTENT="1885-" HEIGHT="56" WIDTH="189" VPOS="3548" HPOS="916"/>
</TextLine>
<TextLine HEIGHT="154" WIDTH="1981" VPOS="3636" HPOS="338" STYLEREFS="StyleId-24D37829-A02A-40A2-BB10-950192BBD990-" CS="1">
<String CONTENT="Surgical" HEIGHT="72" WIDTH="292" VPOS="3637" HPOS="410"/>
<SP HEIGHT="71" WIDTH="23" VPOS="3638" HPOS="703"/>
<String CONTENT="pathology," HEIGHT="72" WIDTH="365" VPOS="3637" HPOS="727"/>
<SP HEIGHT="69" WIDTH="25" VPOS="3638" HPOS="1093"/>
<String CONTENT="by" HEIGHT="70" WIDTH="83" VPOS="3638" HPOS="1119"/>
<SP HEIGHT="72" WIDTH="24" VPOS="3636" HPOS="1203"/>
<String CONTENT="William" HEIGHT="58" WIDTH="283" VPOS="3636" HPOS="1228"/>
<SP HEIGHT="56" WIDTH="25" VPOS="3637" HPOS="1512"/>
<String CONTENT="Boyd" HEIGHT="71" WIDTH="183" VPOS="3637" HPOS="1538"/>
<SP HEIGHT="56" WIDTH="34" VPOS="3639" HPOS="1722"/>
<String CS="1" CONTENT="&#8230;"/>
<SP HEIGHT="36" WIDTH="34" VPOS="3659" HPOS="1820"/>
<String CONTENT="with" HEIGHT="58" WIDTH="151" VPOS="3638" HPOS="1855"/>
<SP HEIGHT="57" WIDTH="27" VPOS="3639" HPOS="2007"/>
<String CONTENT="349" HEIGHT="56" WIDTH="110" VPOS="3641" HPOS="2035"/>
<SP HEIGHT="58" WIDTH="28" VPOS="3639" HPOS="2146"/>
<String CONTENT="illustrations" HEIGHT="137" WIDTH="1981" VPOS="3639" HPOS="338"/>
<SP HEIGHT="38" WIDTH="43" VPOS="3736" HPOS="612"/>
<String CONTENT="and" HEIGHT="57" WIDTH="123" VPOS="3717" HPOS="656"/>
<SP HEIGHT="58" WIDTH="40" VPOS="3716" HPOS="780"/>
<String CONTENT="13" HEIGHT="56" WIDTH="72" VPOS="3715" HPOS="821"/>
<SP HEIGHT="57" WIDTH="39" VPOS="3715" HPOS="894"/>
<String CONTENT="colored" HEIGHT="58" WIDTH="251" VPOS="3715" HPOS="934"/>
<SP HEIGHT="73" WIDTH="40" VPOS="3716" HPOS="1186"/>
<String CONTENT="plates." HEIGHT="73" WIDTH="225" VPOS="3716" HPOS="1227"/>
<SP HEIGHT="56" WIDTH="81" VPOS="3716" HPOS="1453"/>
<String CONTENT="Philadelphia" HEIGHT="74" WIDTH="442" VPOS="3716" HPOS="1535"/>
</TextLine>
<TextLine HEIGHT="150" WIDTH="1984" VPOS="3720" HPOS="338" STYLEREFS="StyleId-24D37829-A02A-40A2-BB10-950192BBD990-" CS="1">
<String CONTENT="and" HEIGHT="56" WIDTH="125" VPOS="3721" HPOS="2020"/>
<SP HEIGHT="57" WIDTH="39" VPOS="3720" HPOS="2146"/>
<String CONTENT="London," HEIGHT="150" WIDTH="1984" VPOS="3720" HPOS="338"/>
<SP HEIGHT="74" WIDTH="24" VPOS="3796" HPOS="480"/>
<String LANG="la" CONTENT="W." HEIGHT="58" WIDTH="98" VPOS="3796" HPOS="505"/>
<SP HEIGHT="58" WIDTH="27" VPOS="3795" HPOS="604"/>
<String CONTENT="B." HEIGHT="57" WIDTH="71" VPOS="3795" HPOS="632"/>
<SP HEIGHT="59" WIDTH="29" VPOS="3794" HPOS="704"/>
<String CONTENT="Saunders" HEIGHT="59" WIDTH="322" VPOS="3794" HPOS="734"/>
<SP HEIGHT="37" WIDTH="29" VPOS="3815" HPOS="1057"/>
<String CONTENT="company" HEIGHT="54" WIDTH="310" VPOS="3813" HPOS="1087"/>
<SP HEIGHT="52" WIDTH="28" VPOS="3815" HPOS="1398"/>
<String CONTENT="[" HEIGHT="43" WIDTH="13" VPOS="3824" HPOS="1427"/>
<String STYLE="superscript" CONTENT="c" HEIGHT="22" WIDTH="19" VPOS="3803" HPOS="1443"/>
<String CONTENT="1925]" HEIGHT="72" WIDTH="166" VPOS="3796" HPOS="1465"/>
</TextLine>
<TextLine HEIGHT="55" WIDTH="1107" VPOS="3871" HPOS="411" CS="1">
<String CONTENT="1" HEIGHT="42" WIDTH="19" VPOS="3877" HPOS="411"/>
<SP/>
<String CS="1" CONTENT="p."/>
<SP/>
<String CS="1" CONTENT="l.,"/>
<SP/>
<String CONTENT="11-837" HEIGHT="46" WIDTH="165" VPOS="3872" HPOS="593"/>
<SP HEIGHT="53" WIDTH="21" VPOS="3872" HPOS="759"/>
<String CONTENT="p." HEIGHT="38" WIDTH="41" VPOS="3887" HPOS="781"/>
<SP HEIGHT="44" WIDTH="58" VPOS="3871" HPOS="823"/>
<String CONTENT="illus.," HEIGHT="53" WIDTH="134" VPOS="3871" HPOS="882"/>
<SP HEIGHT="38" WIDTH="26" VPOS="3886" HPOS="1017"/>
<String CS="1" CONTENT="XIII"/>
<SP HEIGHT="29" WIDTH="27" VPOS="3886" HPOS="1137"/>
<String CONTENT="col." HEIGHT="42" WIDTH="83" VPOS="3873" HPOS="1165"/>
<SP HEIGHT="38" WIDTH="26" VPOS="3888" HPOS="1249"/>
<String CS="1" CONTENT="pl." HEIGHT="38" WIDTH="59" VPOS="3888" HPOS="1276"/>
<SP HEIGHT="43" WIDTH="56" VPOS="3874" HPOS="1336"/>
<String CONTENT="25" HEIGHT="46" WIDTH="55" VPOS="3872" HPOS="1393"/>
<String STYLE="superscript" CONTENT="cm" HEIGHT="17" WIDTH="48" VPOS="3876" HPOS="1455"/>
<String CONTENT="." HEIGHT="8" WIDTH="9" VPOS="3908" HPOS="1509"/>
</TextLine>
<TextLine HEIGHT="54" WIDTH="1709" VPOS="3930" HPOS="410">
<String CONTENT="&#8220;References" HEIGHT="44" WIDTH="313" VPOS="3932" HPOS="410"/>
<SP HEIGHT="44" WIDTH="29" VPOS="3930" HPOS="724"/>
<String CONTENT="for" HEIGHT="43" WIDTH="78" VPOS="3930" HPOS="754"/>
<SP HEIGHT="43" WIDTH="29" VPOS="3930" HPOS="833"/>
<String CONTENT="further" HEIGHT="43" WIDTH="187" VPOS="3930" HPOS="863"/>
<SP HEIGHT="28" WIDTH="26" VPOS="3945" HPOS="1051"/>
<String CONTENT="study&#8221;" HEIGHT="51" WIDTH="163" VPOS="3930" HPOS="1078"/>
<SP HEIGHT="43" WIDTH="28" VPOS="3930" HPOS="1242"/>
<String CONTENT="at" HEIGHT="36" WIDTH="46" VPOS="3937" HPOS="1271"/>
<SP HEIGHT="37" WIDTH="29" VPOS="3937" HPOS="1318"/>
<String CONTENT="end" HEIGHT="42" WIDTH="88" VPOS="3932" HPOS="1348"/>
<SP HEIGHT="42" WIDTH="27" VPOS="3932" HPOS="1437"/>
<String CONTENT="of" HEIGHT="43" WIDTH="55" VPOS="3931" HPOS="1465"/>
<SP HEIGHT="43" WIDTH="28" VPOS="3931" HPOS="1521"/>
<String CONTENT="most" HEIGHT="36" WIDTH="123" VPOS="3939" HPOS="1550"/>
<SP HEIGHT="36" WIDTH="27" VPOS="3939" HPOS="1674"/>
<String CONTENT="of" HEIGHT="43" WIDTH="53" VPOS="3932" HPOS="1702"/>
<SP HEIGHT="44" WIDTH="29" VPOS="3932" HPOS="1756"/>
<String CONTENT="the" HEIGHT="46" WIDTH="77" VPOS="3930" HPOS="1786"/>
<SP HEIGHT="29" WIDTH="27" VPOS="3946" HPOS="1864"/>
<String CONTENT="chapters." HEIGHT="52" WIDTH="227" VPOS="3932" HPOS="1892"/>
</TextLine>
<TextLine HEIGHT="57" WIDTH="1924" VPOS="3986" HPOS="337" CS="1">
<String CONTENT="&#169;" HEIGHT="54" WIDTH="53" VPOS="3988" HPOS="337"/>
<SP HEIGHT="55" WIDTH="23" VPOS="3988" HPOS="391"/>
<String CONTENT="Jan." HEIGHT="52" WIDTH="100" VPOS="3991" HPOS="415"/>
<SP HEIGHT="42" WIDTH="29" VPOS="3991" HPOS="516"/>
<String CONTENT="10," HEIGHT="49" WIDTH="63" VPOS="3989" HPOS="546"/>
<SP HEIGHT="47" WIDTH="27" VPOS="3991" HPOS="610"/>
<String CS="1" CONTENT="1925;" HEIGHT="45" WIDTH="104" VPOS="3987" HPOS="638"/>
<SP HEIGHT="52" WIDTH="25" VPOS="3988" HPOS="769"/>
<String CONTENT="2c." HEIGHT="43" WIDTH="66" VPOS="3988" HPOS="795"/>
<SP HEIGHT="52" WIDTH="25" VPOS="3988" HPOS="862"/>
<String CONTENT="Jan." HEIGHT="52" WIDTH="99" VPOS="3988" HPOS="888"/>
<SP HEIGHT="41" WIDTH="30" VPOS="3989" HPOS="988"/>
<String CONTENT="14;" HEIGHT="51" WIDTH="73" VPOS="3988" HPOS="1019"/>
<SP HEIGHT="37" WIDTH="28" VPOS="4002" HPOS="1093"/>
<String CONTENT="aff." HEIGHT="44" WIDTH="79" VPOS="3986" HPOS="1122"/>
<SP HEIGHT="51" WIDTH="26" VPOS="3988" HPOS="1202"/>
<String CONTENT="Jan." HEIGHT="51" WIDTH="99" VPOS="3988" HPOS="1229"/>
<SP HEIGHT="42" WIDTH="23" VPOS="3988" HPOS="1329"/>
<String CONTENT="20;" HEIGHT="51" WIDTH="79" VPOS="3988" HPOS="1353"/>
<SP HEIGHT="49" WIDTH="30" VPOS="3990" HPOS="1433"/>
<!-- cceid 2A186660-6DD5-1014-B757-AF09C522E301 --><String CONTENT="A" HEIGHT="41" WIDTH="44" VPOS="3990" HPOS="1464"/>
<SP HEIGHT="43" WIDTH="25" VPOS="3989" HPOS="1509"/>
<String CONTENT="815669;" HEIGHT="52" WIDTH="189" VPOS="3988" HPOS="1535"/>
<SP HEIGHT="50" WIDTH="28" VPOS="3990" HPOS="1725"/>
<String LANG="la" CONTENT="W." HEIGHT="43" WIDTH="75" VPOS="3990" HPOS="1754"/>
<SP HEIGHT="42" WIDTH="28" VPOS="3990" HPOS="1830"/>
<String CONTENT="B." HEIGHT="42" WIDTH="49" VPOS="3990" HPOS="1859"/>
<SP HEIGHT="46" WIDTH="30" VPOS="3989" HPOS="1909"/>
<String CONTENT="Saunders" HEIGHT="46" WIDTH="228" VPOS="3989" HPOS="1940"/>
<SP HEIGHT="28" WIDTH="25" VPOS="4007" HPOS="2169"/>
<String CONTENT="co," HEIGHT="28" WIDTH="66" VPOS="4008" HPOS="2195"/>
</TextLine>
<TextLine HEIGHT="54" WIDTH="243" VPOS="4046" HPOS="419">
<String CONTENT="(25-2148)" HEIGHT="54" WIDTH="243" VPOS="4046" HPOS="419"/>
</TextLine>
</TextBlock>
</PrintSpace>
</Page>
</Layout>
</alto>