2533 4412
1289 4108 109 55 356

401 506 131 54 xviii,
559 507 83 45 330
667 523 40 38 p.
768 507 151 52 front.,
950 507 117 45 illus.
1095 507 127 53 (part
1249 506 113 53 col.)
1433 506 50 45 19
1491 508 47 17 cm
1544 542 8 7 .

404 566 309 44 “References
745 565 77 43 for
847 564 237 46 teachers”:
1139 578 39 38 p.
1206 564 94 45 330.

333 631 53 54 ©
412 632 108 45 Feb.
550 633 62 52 18,
643 632 104 44 1925;
801 633 65 43 2c.
894 633 119 42 Mar.
1039 632 25 43 9;
1117 632 79 43 aff.
1225 632 119 42 Mar.
1370 631 55 43 24;
1479 631 44 42 A
1549 629 166 45 822597;
1770 631 273 43 Associated
2069 629 268 54 publishers.

412 688 244 56 (25-7661)

329 789 285 73 Perkins,
651 788 308 59 Kenneth.

414 882 1930 76 The gun fanner, by Kenneth Perkins … frontispiece by
336 963 261 60 Charles
655 963 268 58 Durant.
1008 962 152 58 New
1212 961 193 72 York,
1463 962 132 57 The
1649 962 334 70 Macaulay
2039 980 305 53 company

336 1072 12 44 [
350 1050 17 20 c
373 1043 166 72 1924]

403 1122 84 44 318
512 1136 40 37 p.
613 1120 142 45 front.
819 1121 51 45 19
876 1121 48 19 cm
929 1158 9 10 .

333 1188 53 54 ©
420 1189 119 52 Sept.
573 1187 61 52 15,
668 1189 131 52 1924;
830 1190 64 41 2c.
926 1188 121 43 Mar.
1075 1186 80 54 27;
1185 1188 81 44 aff.
1299 1189 121 42 Mar.
1448 1188 79 52 28;
1559 1188 44 42 A
1634 1186 190 55 823542;
1856 1188 245 53 Macaulay
2132 1203 65 29 co·.

413 1244 245 57 (25-7667)

330 1345 207 73 Poole,
574 1347 247 70 Ernest,
860 1348 191 57 1880-

408 1438 131 58 The
565 1437 253 72 harbor,
848 1438 82 71 by
958 1436 237 58 Ernest
1222 1436 224 73 Poole;
1478 1436 208 59 edited
1713 1437 84 73 by
1823 1436 74 58 E.
1926 1436 72 59 B.
2030 1437 311 59 Richards

396 1515 1588 74 … New York, The Macmillan company, 1925.
405 1596 98 53 xiii,
538 1597 81 43 494
655 1611 39 38 p.
757 1595 138 44 front.
960 1596 50 43 14½
1045 1597 46 16 cm
1099 1630 9 8 .
1178 1596 236 53 (Lettered
1453 1611 58 28 on
1549 1609 156 30 cover:
1746 1594 100 44 The
1885 1594 265 45 Macmillan
2190 1595 158 52 pocket

337 1653 209 53 classics)

335 1720 2007 56 © Mar. 31, 1925; 2c. and aff. Apr. 1; A 822698; Macmillan co. [ © new
405 1780 88 43 and
530 1780 175 44 revised
742 1778 224 54 material]
1038 1777 245 56 (25-7938)

332 1880 250 72 Powell,
618 1880 278 58 Edward
925 1879 378 73 Alexander,
1341 1882 189 57 1879-

406 1971 264 73 Beyond
697 1971 105 57 the
830 1972 238 56 utmost
1097 1971 228 72 purple
1355 1971 120 56 rim;
1537 1970 364 75 Abyssinia,
1934 1970 407 75 Somaliland,

330 2050 230 73 Kenya
604 2049 255 73 Colony,
901 2050 325 73 Zanzibar,
1270 2050 104 57 the
1419 2049 320 73 Comoros,
1779 2050 440 73 Madagascar,
2261 2051 82 72 by

331 2128 73 58 E.
438 2129 362 57 Alexander
834 2129 234 56 Powell;
1130 2128 152 58 with
1312 2147 192 54 many
1534 2128 422 59 illustrations
1991 2129 168 58 from
332 2130 1984 151 photographs

680 2208 83 71 by
803 2206 287 58 Rexford
1128 2206 97 59 W.
1267 2206 245 58 Barton
1551 2208 125 56 and
1714 2207 106 58 the
1863 2209 244 56 author.
2191 2209 152 56 New

330 2286 175 57 York
528 2286 50 57 &
599 2286 281 72 London,
909 2285 130 57 The
1068 2283 282 74 Century
1374 2303 86 40 co.
1493 2315 12 43 [
1507 2292 19 24 c
1529 2286 166 73 1925]

406 2397 81 36 xx,
516 2381 77 43 431
626 2395 39 38 p.
728 2378 155 54 front.,
914 2380 154 52 plates,
1098 2386 155 46 ports.,
1287 2379 108 43 fold.
1425 2393 141 38 maps.
1625 2378 54 44 20½
1715 2382 45 16 cm
1768 2414 8 8 .
1892 2378 125 54 $3.50

336 2450 53 54 ©
416 2452 120 42 Mar.
561 2449 68 50 27,
658 2449 131 54 1925;
815 2450 66 43 2c.
907 2450 88 43 and
1021 2450 79 43 aff.
1128 2450 120 43 Mar.
1276 2449 77 53 30;
1381 2449 45 43 A
1450 2448 191 54 822658;
1675 2449 201 54 Century
1903 2465 66 29 co.
415 2507 245 56 (25-7918)

334 2608 241 73 Powys,
613 2606 171 59 John
819 2605 275 74 Cowper,
1130 2607 190 58 1872-

413 2699 132 56 The
596 2697 269 72 religion
915 2697 68 57 of
1036 2716 36 37 a
1126 2697 249 71 sceptic,
1428 2698 84 72 by
1561 2698 170 58 John
1786 2697 263 73 Cowper
2100 2701 242 71 Powys.

335 2777 153 57 New
525 2776 191 72 York,
757 2776 202 74 Dodd,
1000 2776 189 57 Mead
1228 2777 123 56 and
1392 2794 323 55 company,
1759 2778 165 56 1925.

406 2851 746 57 4 p. l., 51 p. 19 cm . $1.00
337 2925 53 54 ©
423 2927 118 42 Mar.
572 2926 68 51 28,
673 2924 131 53 1925;
834 2926 66 43 2c.
990 2940 64 29 Mar.
1086 2926 77 51 31;
1199 2925 79 43 aff.
1311 2926 113 51 Apr.
1459 2927 46 50 1;
1538 2926 44 42 A
1613 2924 190 55 822729;
1838 2927 150 52 Dodd,
2021 2928 140 43 Mead
2193 2928 37 43 &
2261 2942 81 39 co.,

409 2984 84 43 inc.
561 2981 246 56 (25-7959)

335 3085 201 70 Pratt,
570 3082 212 60 Julius
817 3081 299 61 William.

413 3173 1932 74 Expansionists of 1812, by Julius W. Pratt … New
333 3253 190 73 York,
553 3254 132 57 The
713 3252 361 58 Macmillan
1102 3271 324 54 company,
1457 3254 167 56 1925.

412 3331 602 55 3 p. l., 5-309 p. 19½ cm .
414 3389 327 53 Bibliography:
796 3404 41 38 p.
861 3387 207 45 275-289.

336 3459 56 54 ©
419 3462 120 41 Mar.
567 3461 66 50 31,
663 3458 131 54 1925;
822 3460 65 42 2c.
912 3460 89 43 and
1026 3460 79 42 aff.
1133 3459 113 52 Apr.
1276 3461 18 41 1;
1350 3460 44 42 A
1419 3458 191 54 822706;
1641 3461 266 44 Macmillan
1935 3478 65 28 co.
419 3515 244 56 (25-8032)

337 3616 345 73 Raymond,
721 3614 285 60 William
1041 3615 163 71 Galt,
1244 3618 189 57 1859-

419 3707 1855 76 The public and its utilities, by William G. Raymond …
340 3789 154 58 New
519 3788 190 72 York,
737 3787 61 58 J.
826 3786 209 73 Wiley
1058 3788 48 56 &
1134 3807 164 53 sons,
1324 3788 117 56 inc.;
1524 3792 130 69 [etc.,
1684 3793 129 68 etc.]
1845 3791 165 57 1925.

415 3864 1913 58 2 p. l., iii-xii, 346 p. incl. tables, diagrs. front., (facsim.) fold. pl. 23½ cm
336 3923 127 55 $3.50

343 3992 53 54 ©
485 4008 63 28 Mar.
583 3993 63 51 18,
682 3989 131 53 1925;
843 3991 66 43 2c.
942 3991 88 43 and
1059 3991 79 43 aff.
1173 3991 120 44 Mar.
1324 3991 155 43 30; A
1510 3991 190 54 822656;
1735 3994 75 43 W.
1846 3993 52 46 G.
1932 3995 252 53 Raymond,
2218 3999 124 43 Iowa

415 4049 116 51 City,
590 4064 37 29 Ia.
696 4046 244 54 (25-7902)
