2533 4412
0 0 0 0 699
125 443 226 73 Curtis,
394 443 356 59 Winterton
795 443 285 72 Conway,
1127 444 188 58 1875-

195 521 398 70 Laboratory
631 519 339 58 directions
1009 519 65 56 in
1111 521 255 69 general
1407 514 276 75 zoology,
1721 519 83 71 by
125 516 1962 139 Winterton

277 593 1833 74 C. Curtis and Mary J. Guthrie … New York, J.
119 673 207 72 Wiley
348 674 48 56 &
421 692 163 52 sons,
608 673 116 57 inc.;
787 677 149 68 [etc.,
962 676 129 69 etc.]
1122 671 166 59 1925.

189 750 167 52 xxxiii,
390 751 80 44 194
496 764 41 39 p.
597 749 118 45 illus.
774 750 54 44 23
835 752 46 17 cm
888 785 8 8 .
1010 748 125 51 $1.50

193 807 69 43 “A
295 806 200 45 revision
527 805 90 44 and
651 806 243 44 extension
925 806 53 43 of
1009 804 306 54 publications
1346 805 59 51 by
1433 804 77 44 the
1541 803 156 45 senior
1728 803 169 46 author
1929 803 43 42 in
2009 804 105 44 1912

121 862 91 46 and
242 864 117 51 1913,
389 863 90 45 and
506 863 58 54 by
592 861 156 46 Curtis
778 862 90 46 and
898 861 163 46 Dodds
1090 862 45 45 in
1166 861 339 46 1919.”—Pref.

191 919 284 45 “Reference
503 920 172 43 books”:
730 935 42 38 p.
801 920 91 44 183.

121 975 55 54 ©
203 978 110 51 May
337 977 67 51 26,
433 975 103 45 1925;
591 977 63 42 2c.
682 977 115 51 June
827 978 73 50 11;
929 977 77 42 aff.
1034 977 115 51 June
1172 976 79 51 23;
1283 975 44 42 A
1354 975 189 52 829884;
1571 974 263 44 Winterton
1863 974 49 45 C.
1943 973 167 55 Curtis,

195 1032 250 53 Columbia,
475 1034 95 43 Mo.
639 1031 269 55 (25-11867)

124 1118 253 68 Denzer,
418 1117 286 58 Bernard
741 1115 307 73 Solomon,
1088 1119 189 56 1886-

196 1195 129 57 The
347 1194 319 73 neglected
688 1213 114 53 age;
856 1193 104 58 the
983 1194 163 57 child
1168 1194 167 56 from
1354 1196 119 54 two
1497 1197 65 54 to
1587 1192 113 72 six,
1722 1193 83 72 by
1825 1193 290 58 Bernard

124 1271 1888 73 S. Denzer … New York, N. Y., R. K. Haas, inc. [ c 1924]
192 1346 1419 56 3 p. l., 9-96 p. 10½ cm . (Child health library, vol. III)
124 1405 53 54 ©
203 1407 117 42 Nov.
350 1407 60 44 12.
440 1406 128 53 1924;
594 1406 64 43 2c.
684 1405 88 43 and
793 1405 78 44 aff.
899 1407 111 51 May
1041 1405 61 53 14,
1132 1403 128 55 1925;
1289 1406 44 42 A
1358 1404 187 54 830936;
1575 1405 172 43 Robert
1773 1404 59 44 K.
1859 1405 144 52 Haas,
2029 1405 83 43 inc.

201 1462 270 55 (25-11150)

125 1548 317 74 Eldridge,
481 1547 275 59 Edward
791 1548 233 71 Henry,
1063 1550 189 57 1870-

198 1629 150 56 New
407 1628 346 59 shorthand
811 1624 302 62 dictation
1171 1627 325 71 exercises,
1556 1630 80 68 by
1693 1627 278 58 Edward
2031 1628 78 57 H.

123 1703 1991 75 Eldridge … New York, Cincinnati [etc.] American book
124 1802 304 53 company
458 1784 180 71 [1925]

191 1863 82 44 240
300 1875 42 39 p.
400 1859 52 47 25½c
507 1864 29 17 m
543 1898 9 9 .

194 1918 73 45 On
292 1934 137 29 cover:
481 1919 131 43 Isaac
638 1915 183 46 Pitman
843 1916 182 51 edition,
1050 1931 103 29 new
1178 1931 78 30 era
1281 1916 208 46 outlines.

198 1975 317 51 “Vocabulary
547 1974 47 44 in
625 1974 74 45 the
730 1975 131 43 Isaac
895 1972 182 45 Pitman
1108 1981 169 43 system
1307 1973 52 45 of
1392 1972 265 51 shorthand,
1691 1971 193 47 outlines
1917 1972 194 47 selected

125 2033 57 50 by
208 2032 57 44 A.
294 2032 64 43 M.
388 2032 270 51 Sugarman,
685 2028 192 47 outlines
903 2031 157 45 drawn
1084 2028 59 53 by
1168 2030 41 51 J.
1236 2027 53 49 E.
1317 2027 197 53 Fuller”,
1543 2029 16 19 c
1567 2026 102 47 1925;
1727 2043 42 39 p.
1795 2028 204 48 209-240.

125 2085 52 53 ©
209 2088 111 50 May
355 2088 62 49 18,
451 2084 129 52 1925;
611 2085 65 43 2c.
709 2086 87 42 and
826 2085 84 42 aff:
938 2085 111 50 May
1080 2084 78 51 23;
1192 2084 44 42 A
1268 2082 188 52 829709;
1492 2085 244 43 American
1767 2084 121 44 book
1916 2100 66 28 co.
2047 2082 67 56 [©

196 2159 24 27 a
249 2142 197 44 revision
471 2141 53 44 of
551 2141 75 44 the
653 2141 207 51 outlines,
889 2155 39 37 p.
955 2140 206 53 209-240]
1233 2138 271 56 (25-11172)

126 2225 352 60 Electronic
516 2226 243 57 mutual
796 2224 227 58 benefit
1063 2223 449 73 organization.

270 2302 1698 76 … Annual report … 1st. [Dunkirk, N. Y.] c 1925.
194 2379 792 54 2 p. l., 66 p., 1 l. illus. 23 cm .
198 2437 268 45 Cover-title:
526 2435 366 53 Electronology.

128 2492 208 48 Editors:
373 2491 119 53 1925,
521 2492 52 47 E.
605 2494 66 42 M.
703 2492 156 53 Byers,
888 2492 76 44 W.
994 2492 58 42 A.
1085 2492 176 43 Hanor.

127 2548 53 54 ©
208 2551 114 51 June
348 2549 64 44 20.
447 2547 128 53 1925;
604 2549 65 43 2c.
698 2549 87 42 and
809 2548 81 43 aff.
919 2548 115 52 June
1059 2548 78 52 22;
1169 2548 44 42 A
1240 2547 188 53 829802;
1461 2547 172 53 Emory
1664 2548 65 43 M.
1762 2549 154 53 Byers,
1949 2549 165 53 Genoa,

199 2606 68 44 Ill.
336 2604 269 57 (25-11832)

129 2692 177 69 Fink,
354 2691 179 58 Colin
573 2690 291 72 Garfield,
909 2691 189 58 1881-

272 2769 1843 77 … The restoration of ancient bronzes and other alloys,
127 2847 1988 75 by Colin G. Fink … and Charles H. Eldridge … First
129 2930 231 69 report.
442 2926 152 57 New
619 2925 192 70 York,
841 2925 165 55 1925.

200 3002 610 54 53 p., 1 l. illus. 231c m
199 3062 63 43 At
286 3063 115 42 head
424 3061 52 43 of
501 3059 123 45 title:
649 3057 99 46 The
773 3058 326 50 Metropolitan
1124 3072 202 30 museum
1351 3058 54 44 of
1429 3065 83 38 art.

199 3118 95 44 “Of
321 3117 89 44 this
440 3116 121 44 book
589 3131 84 28 one
700 3114 226 45 thousand
955 3112 149 52 copies
1133 3127 121 31 were
1283 3112 192 52 printed,
1507 3116 123 49 May,
1667 3113 145 47 1925.”

199 3175 201 51 “Report
432 3173 52 44 of
513 3188 57 29 an
601 3170 325 53 experimental
958 3169 208 46 research
1199 3169 176 46 carried
1407 3179 77 36 out
1516 3180 45 36 at
1596 3170 234 48 Columbia
1865 3173 251 55 university

130 3234 73 42 for
229 3232 74 43 the
331 3227 327 51 Metropolitan
685 3241 203 31 museum
913 3227 52 43 of
992 3226 111 44 art.”

131 3283 53 54 ©
215 3286 114 51 June
355 3283 41 51 2,
430 3280 129 53 1925;
591 3282 64 42 2c.
687 3280 85 43 and
804 3280 78 43 aff.
914 3280 115 51 June
1063 3276 75 55 15;
1173 3280 44 42 A
1248 3278 188 53 829712;
1473 3281 327 51 Metropolitan
1832 3298 205 30 museum
2066 3282 54 46 of

202 3349 84 44 art,
313 3341 117 41 New
455 3338 142 43 York.
667 3334 270 56 (25-11398)

132 3410 291 70 Gebhart,
467 3408 168 57 John
677 3403 273 73 Charles,
995 3407 189 57 1887-

205 3482 1846 73 How children ought to grow, by John C. Gebhart …
131 3567 150 56 New
304 3564 188 69 York,
520 3563 73 55 N.
622 3562 94 67 Y.,
743 3562 72 56 R.
842 3560 81 56 K.
950 3559 196 66 Haas,
1173 3559 114 57 inc.
1321 3589 13 42 [
1334 3569 20 20 c
1358 3560 163 70 1924]

201 3635 1476 60 3 p. l., 9-110 p. 10 ½ cm . (Child health library, vol. VIII )
134 3699 52 53 ©
211 3700 117 42 Nov.
359 3699 60 48 12,
449 3697 104 42 1924;
603 3696 64 42 2c.
694 3696 87 42 and
804 3695 77 42 aff.
908 3695 112 51 May
1048 3694 63 51 14,
1140 3690 103 46 1925;
1296 3693 44 42 A
1366 3692 159 45 830931;
1583 3694 173 45 Robert
1779 3697 59 43 K.
1865 3698 142 51 Haas,
2035 3698 82 45 inc.

211 3753 269 58 (25-11148)

135 3825 313 73 Georgian
487 3822 243 71 stories,
771 3822 166 71 1925,
975 3822 83 70 by
1096 3820 268 56 Michael
1404 3820 213 74 Arien,
1660 3822 239 59 Martin
213 3825 1883 149 Armstrong,

489 3897 1628 75 E. M. Forster [and others] … with portraits.
211 3983 152 55 New
388 3978 173 57 York
589 3977 45 56 &
663 3977 275 70 London,
973 3975 68 58 G.
1073 3976 68 55 P.
1174 3975 331 57 Putnam’s
1538 3996 163 51 sons,
1734 3980 164 55 1925.
