2533 4412
0 0 0 0 81
99 427 250 71 Abbott,
386 427 255 73 Lyman,
680 429 355 69 1835-1922,
1077 428 90 57 ed.

241 515 1847 74 … The guide to reading, edited by Dr. Lyman Abbott,
97 595 132 57 Asa
251 595 139 56 Don
414 594 356 72 Dickinson,
799 595 122 56 and
946 594 230 57 others.
1242 593 253 59 Garden
1523 593 161 72 City,
1711 593 74 57 N.
1813 592 94 73 Y.,
1934 593 154 58 Pub.

98 673 103 57 for
234 673 232 57 Nelson
505 672 384 75 Doubleday,
926 672 135 71 inc.,
1100 673 84 70 by
1218 671 385 72 Doubleday,
1640 672 172 71 Page
1849 672 48 56 &
96 690 1970 133 company,
313 751 164 56 1924.

171 840 1860 57 4 p. l., 224 p. plates, port. 17 cm . (The Pocket university, vol. XXIII)
96 912 53 54 ©
182 913 121 53 Sept.
335 914 36 51 3,
406 914 128 49 1924;
567 914 65 42 2c.
662 913 88 43 and
779 913 78 43 aff.
888 914 98 51 Jan.
1018 914 66 50 31,
1119 911 129 52 1925;
1282 912 43 42 A
1357 911 188 52 815896;
1581 910 278 54 Doubleday,
1895 913 125 52 Page
2054 914 37 42 &

165 986 65 27 co.
294 968 66 54 [©
393 985 99 28 new
524 969 318 44 article—“On
879 970 140 43 books
1053 970 86 42 and
1176 969 210 52 reading”
1421 968 59 53 by
1516 968 135 44 Nella
1691 969 197 52 Braddy]

175 1025 241 55 (25-3460)

96 1126 253 69 Adams,
391 1126 276 72 Spencer
701 1125 233 73 Lionel,
977 1129 189 56 1870-

175 1216 116 59 Old
338 1236 211 39 scenes
594 1215 65 57 in
705 1219 257 54 autumn
1008 1216 219 70 colors,
1272 1216 82 71 by
1400 1215 277 72 Spencer
1720 1216 66 56 L.
1834 1215 256 64 Adams,

99 1293 305 74 [Chicago]
439 1294 170 56 Priv.
643 1292 211 74 print.,
888 1294 165 56 1924.

167 1384 903 55 75 p., 1 l. incl. front., illus. 20½ cm .
92 1455 56 53 ©
171 1457 108 41 Dec.
305 1453 65 54 30,
399 1456 128 51 1924;
551 1457 66 42 2c.
641 1458 88 43 and
751 1455 79 44 aff.
855 1457 99 51 Jan.
984 1457 63 51 19,
1075 1453 128 54 1925;
1231 1456 43 42 A
1300 1452 189 55 814701;
1519 1453 44 47 S.
1590 1456 48 42 L.
1664 1456 187 51 Adams,
1879 1453 211 55 Chicago.

175 1513 241 55 (25-3226)

95 1613 333 57 American
460 1612 142 58 iron
632 1614 127 57 and
791 1612 154 58 steel
976 1612 304 57 institute.

172 1705 171 56 Year
384 1704 159 57 book
588 1704 66 56 of
698 1704 102 57 the
846 1701 338 60 American
1227 1704 139 56 iron
1412 1704 123 57 and
1583 1704 155 56 steel
1780 1703 309 73 institute,

98 1784 163 55 1924.
343 1782 151 71 May
530 1782 291 72 meeting,
864 1783 147 55 New
1053 1781 203 72 York;
1299 1781 270 58 October
1606 1781 291 73 meeting,
1941 1781 149 57 New

94 1859 1996 71 York … New York, American iron and steel institute
99 1939 181 73 [1925]

163 2025 1005 55 458 p. illus., pl., tables, diagrs. 24 cm .
97 2096 52 54 ©
182 2099 109 42 Dec.
323 2098 64 51 29,
424 2098 128 51 1924;
586 2098 64 42 2c.
683 2098 88 43 and
801 2098 78 43 aff.
915 2097 106 44 Feb.
1054 2097 36 53 6,
1128 2096 130 54 1925;
1293 2098 43 42 A
1370 2097 190 53 814945;
1595 2097 244 45 American
1874 2098 98 44 iron
2006 2098 87 44 and

168 2155 108 43 steel
308 2154 214 43 institute.

97 2253 221 72 Baker,
358 2254 239 72 Joseph
631 2254 324 57 Edwards.

176 2346 183 57 Tests
408 2345 67 57 of
525 2364 38 38 a
608 2345 209 71 public
865 2345 215 72 utility
1127 2346 182 72 bond,
1360 2347 83 71 by
1490 2346 242 72 Joseph
1783 2345 310 60 Edwards

95 2422 2001 74 Baker … A compilation of the standards of safety and
96 2501 164 72 legal
287 2500 453 72 requirements
770 2501 294 72 covering
1089 2501 103 57 the
1219 2501 309 71 purchase
1557 2501 67 57 of
1648 2501 212 72 public
1881 2501 216 72 utility

96 2578 198 58 bonds
332 2578 83 72 by
451 2577 428 59 institutional
910 2578 337 64 investors.
1330 2578 150 59 New
1519 2579 191 73 York,
1753 2579 254 79 Payson
2047 2580 48 57 &

100 2655 225 59 Clarke
362 2675 321 53 company,
724 2657 164 56 1925.

167 2730 50 46 55
250 2747 39 37 p.
349 2733 166 52 diagrs.
574 2733 56 43 23
636 2736 47 17 cm
688 2767 10 9 .

98 2786 53 54 ©
177 2789 99 51 Jan.
309 2789 61 50 14,
402 2788 129 53 1925;
560 2790 64 42 2c.
652 2790 88 42 and
767 2790 79 42 aff.
874 2791 99 51 Jan.
1006 2789 73 52 19;
1112 2790 42 42 A
1182 2790 191 51 814698;
1407 2786 195 57 Blodget
1630 2791 38 43 &
1694 2806 78 36 co.,
1805 2791 116 44 New
1950 2791 142 44 York.

177 2843 243 56 (25-3097)

100 2943 303 74 Baldwin,
441 2944 158 59 Bird
632 2945 286 72 Thomas,
956 2949 190 56 1875-

101 3039 1971 136 The psychology of the preschool child, by Bird T. Baldwin … and
529 3117 1564 74 Lorle I. Stecher … New York, London, D.
102 3193 320 73 Appleton
450 3195 124 58 and
603 3214 321 53 company,
956 3195 165 57 1925.

172 3271 1436 55 vii p., 1 l., 305 p. illus., tables (1 fold.) diagrs. 19½ cm .
174 3330 301 45 References:
503 3345 40 35 p.
566 3327 206 47 267-276.

173 3385 311 54 Appendices:
506 3384 254 47 Children’s
783 3385 162 46 stories
969 3384 88 47 and
1078 3386 471 47 books.—Children’s
1575 3387 520 55 songs.—Phonograph

106 3444 196 44 records.
321 3469 58 7 —
394 3442 274 46 References
704 3458 60 30 on
799 3442 202 53 physical
1037 3443 249 45 education.
1301 3469 58 7 —
1375 3444 276 46 References
1688 3461 58 29 on
1782 3447 314 51 occupational

105 3498 470 54 activities.—Supply
596 3499 164 45 houses
790 3500 78 43 for
894 3499 232 45 materials
1153 3501 89 43 and
1268 3500 463 54 apparatus.—Guide
1759 3503 74 45 for
1859 3501 237 56 obtaining

102 3557 133 45 home
265 3555 308 49 information.

101 3610 53 53 ©
181 3612 98 51 Jan.
309 3610 65 52 30,
406 3609 128 53 1925;
563 3610 66 43 2c.
659 3610 86 42 and
773 3610 79 42 aff.
883 3608 106 45 Feb.
1020 3610 48 51 3;
1100 3610 43 42 A
1174 3609 189 53 814962;
1397 3611 55 43 D.
1483 3611 231 53 Appleton
1742 3613 37 44 &
1807 3628 65 29 co.

179 3665 242 55 (25-3985)

103 3765 253 71 Barton,
397 3764 239 72 George
670 3763 233 71 Aaron,
943 3766 189 57 1859-

251 3857 1777 75 … Archaeology and the Bible, by George A. Barton …
105 3935 456 72 Philadelphia,
601 3935 333 58 American
977 3935 495 71 Sunday-school
1511 3936 189 58 union
1743 3969 11 42 [
1757 3946 19 21 c
1780 3940 165 74 1925]
