2533 4412
1094 4059 112 55 241

158 420 146 71 Abt,
339 420 180 56 Isaac
550 419 260 71 Arthur,
849 420 89 57 ed.

238 511 370 73 Pediatrics,
653 512 82 71 by
775 512 255 56 various
1077 510 277 56 authors.
1454 509 234 57 Edited
1729 509 82 71 by
1851 508 187 57 Isaac
2078 509 74 56 A.

160 586 1969 151 Abt … V. 6. [Body temperature, infectious diseases (continued)
468 667 375 71 anesthesia,
897 667 254 71 general
1202 665 124 56 and
1375 658 177 77 local,
1605 663 429 72 peculiarities
2088 664 67 57 of

161 760 268 55 surgery
452 743 67 56 in
547 744 345 71 childhood,
924 743 158 57 fetal
1099 741 524 71 malformations,
1642 740 512 74 vulvovaginitis,

161 802 1991 94 arthritis deformans] … Philadelphia and London, W. B.
163 898 317 67 Saunders
519 917 304 53 company
860 900 180 72 [1925]

230 974 1112 53 ix, 736 p. illus., col. plates, diagrs. 24 ½ cm .
159 1029 54 54 ©
241 1032 117 42 Mar.
385 1032 66 52 20,
481 1030 129 53 1925;
639 1032 63 43 2c.
733 1033 116 42 Mar.
878 1031 80 53 25;
985 1033 77 43 aff.
1093 1033 117 41 Mar.
1240 1032 78 51 31;
1349 1031 42 42 A
1420 1028 189 54 823568;
1640 1032 74 43 W.
1746 1031 50 43 B.
1831 1029 228 47 Saunders
2087 1045 65 29 co.

155 1144 202 71 Allen,
392 1143 180 58 Alice
605 1145 70 57 E.

235 1222 191 58 Little
467 1222 175 59 Aunt
679 1222 261 71 Emmie,
979 1224 83 71 by
1099 1225 59 54 Ali
1210 1243 64 37 ce
1316 1222 72 57 E.
1431 1222 215 71 Allen;
1687 1222 151 57 with
159 1223 1970 134 illustrations
370 1301 83 70 by

500 1300 277 58 Frances
826 1301 357 72 Brundage.
1288 1300 444 71 Philadelphia
1779 1300 47 56 &
1874 1300 279 73 London,

159 1378 59 57 J.
256 1377 69 57 B.
363 1378 365 71 Lippincott
766 1397 305 53 company
1109 1410 13 43 [
1122 1386 21 22 c
1147 1380 163 72 1925]

227 1455 1168 53 6 p. l., 11-286 p. col. front., plates. 19 ½ cm .
160 1510 54 54 ©
237 1511 108 45 Feb.
376 1513 61 50 18,
466 1511 128 52 1925;
622 1513 65 43 2c.
714 1514 86 42 and
825 1514 78 42 aff.
933 1514 118 42 Mar.
1083 1512 72 52 17;
1186 1514 42 42 A
1255 1513 187 52 823431;
1471 1513 39 51 J.
1542 1513 48 42 B.
1620 1511 257 53 Lippincott
1902 1529 65 28 co.

239 1564 241 58 (25-6621)

156 1652 201 72 Allen,
400 1652 293 59 Carleton
729 1654 220 73 Kemp.

239 1730 128 59 The
393 1731 326 72 judgment
747 1731 68 57 of
840 1731 204 75 Paris,
1070 1735 83 70 by
1180 1731 295 59 Carleton
1501 1733 207 71 Kemp
1737 1733 204 57 Allen.
2009 1734 150 56 New

159 1809 190 71 York,
377 1809 202 71 Dodd,
609 1810 187 59 Mead
824 1811 133 55 and
978 1827 323 55 company,
1333 1810 165 58 1925.

230 1885 794 54 5 p. l., 310 p. 19½ cm . $2.00
160 1941 54 54 ©
239 1943 105 44 Feb.
369 1945 67 50 21,
466 1943 128 53 1925;
623 1945 62 43 2c.
713 1946 119 42 Mar.
859 1946 49 50 3;
937 1945 77 43 aff.
1045 1946 117 42 Mar.
1190 1945 51 51 2;
1270 1945 42 42 A
1339 1943 188 53 823252;
1561 1945 147 52 Dodd,
1738 1947 136 42 Mead
1902 1947 37 43 &
1963 1960 80 33 co.,
2072 1946 81 43 inc.

239 1999 241 56 (25-6516)

157 2086 343 72 Andersen,
540 2085 283 60 William
857 2086 276 58 Niclaus.

161 2164 1972 150 … A manual for school officers, superintendents, principals,
409 2242 1750 74 and board members, by W. N. Andersen … New
159 2320 174 57 York
358 2320 48 57 &
433 2321 278 70 London,
742 2321 129 56 The
905 2321 280 71 Century
1212 2340 107 52 co.,
1349 2321 165 58 1925.

230 2396 111 52 xvii,
370 2398 80 43 383
479 2412 40 38 p.
578 2398 51 42 21
639 2400 46 17 cm
693 2433 7 7 .
770 2395 128 57 (The
928 2396 205 55 Century
1163 2396 243 45 education
1439 2398 168 54 series)
1729 2398 126 55 $2.00

230 2453 341 44 “References”
598 2462 46 35 at
671 2454 87 43 end
788 2454 55 43 of
869 2462 124 37 most
1018 2454 55 43 of
1098 2454 78 44 the
1205 2453 226 54 chapters.

161 2509 54 54 ©
243 2512 119 41 Mar.
389 2511 36 49 9,
458 2510 129 52 1925;
616 2512 64 43 2c.
708 2513 87 42 and
822 2513 78 42 aff.
932 2513 120 42 Mar.
1084 2513 75 51 13;
1189 2512 43 42 A
1260 2512 188 52 822364;
1482 2511 202 55 Century
1710 2529 64 28 co.

240 2566 242 56 (25-6934)

163 2651 421 75 [Asbjørnsen,
619 2653 184 56 Peter
840 2651 306 76 Christen]
1185 2654 356 58 1812-1885.

238 2730 161 58 East
439 2735 61 53 o’
540 2730 103 57 the
685 2749 115 38 sun
841 2731 124 56 and
1000 2733 154 54 west
1193 2733 61 55 o’
1295 2731 104 57 the
1439 2750 202 52 moon,
1680 2732 362 60 illustrated
2079 2736 83 72 by

160 2808 275 57 Frances
470 2809 356 71 Brundage.
909 2807 236 72 Akron,
1182 2807 87 73 O.,
1306 2808 129 57 The
1471 2807 296 60 Saalfield
1797 2812 365 74 publishing

161 2905 85 38 co.
281 2915 14 43 [
296 2895 18 21 c
318 2887 164 71 1924]

230 2964 83 43 248
334 2978 39 37 p.
396 2962 98 45 incl.
519 2963 81 44 col.
625 2963 154 52 front.,
801 2963 114 43 illus.
975 2963 55 43 24
1036 2965 46 17 cm
1089 2998 9 8 .
1167 2962 236 53 (Lettered
1427 2979 59 30 on
1507 2977 157 31 cover:
1693 2965 271 52 Mayflower
1987 2967 166 54 series)

232 3021 45 41 A
305 3020 213 44 selection
547 3021 58 51 by
634 3020 109 43 Alta
773 3020 50 43 L.
851 3018 173 53 Taylor
1053 3019 51 45 of
1132 3019 160 46 stories
1322 3020 248 44 translated
1602 3020 121 45 from
1752 3022 291 52 Asbjørnsen
2074 3026 86 42 and

163 3076 143 45 Moe’s
342 3077 210 43 “Norske
585 3076 374 52 folke-eventyr”.

162 3131 1969 114 © Aug. 4, 1924; 2c. and aff. Dec. 19; A 823178; Saalfield pub. co. [ © illustrations] (25-6878)
161 3276 306 70 Barnard,
510 3275 214 57 James
762 3275 195 73 Lynn,
999 3277 190 56 1867-

241 3351 1845 72 Citizenship in Philadelphia, by J. Lynn Barnard …
161 3428 1968 151 and Jessie C. Evans … 2d revision. Philadelphia, Chicago,
361 3508 129 56 The
517 3508 168 57 John
713 3507 64 58 C.
803 3507 293 57 Winston
1124 3524 304 53 company
1457 3536 12 43 [
1472 3515 18 21 c
1494 3508 164 72 1925]

236 3586 81 45 372
343 3602 39 38 p.
410 3586 101 43 incl.
541 3586 149 50 front.,
721 3585 114 44 illus.
896 3585 141 52 diagr.
1102 3585 50 44 19
1158 3586 46 18 cm
1212 3620 7 8 .

163 3641 53 54 ©
243 3644 118 42 Mar.
389 3644 38 48 3,
458 3640 128 53 1925;
616 3642 63 42 2c.
708 3642 118 41 Mar.
860 3642 73 51 14;
963 3641 77 43 aff.
1072 3641 118 42 Mar.
1222 3640 74 51 13;
1328 3640 42 42 A
1399 3640 189 53 822390;
1619 3642 119 52 John
1769 3642 47 45 C.
1846 3644 214 45 Winston
2088 3662 65 28 co.

236 3697 66 55 [©
327 3699 210 52 revision]
604 3696 240 56 (25-6422)

162 3787 205 69 Bates,
410 3783 218 74 Sylvia
668 3782 324 59 Chatfield.

239 3858 1920 72 Andrea Thorne, by Sylvia Chatfield Bates … .New
161 3941 189 71 York,
382 3937 261 59 Duffield
672 3937 48 58 &
747 3955 323 54 company,
1102 3935 165 59 1925.
