2533 4412
1280 4113 112 54 544

330 422 316 75 Whitney,
683 423 245 71 Milton,
970 426 191 58 1860-

413 515 135 59 Soil
577 519 124 57 and
732 515 412 72 civilization;
1178 540 39 37 a
1244 519 263 57 modern
1538 518 258 70 concept
1828 518 68 58 of
1926 520 104 57 the
2067 519 116 58 soil
2214 519 123 57 and

333 596 105 58 the
496 596 330 59 historical
884 597 438 72 development
1381 596 67 57 of
1508 596 403 73 agriculture,
1969 598 85 70 by
2112 597 227 58 Milton

334 673 2003 75 Whitney … New York, D. Van Nostrand company,
333 753 166 57 1925.

439 884 8 14 x,
475 845 84 46 278
582 862 39 37 p.
682 844 132 54 illus.,
840 860 29 32 v
891 861 73 37 pl.,
991 860 126 38 maps
1153 845 47 53 (1
1233 845 138 54 fold.)
1406 843 171 56 diagrs.
1637 847 53 43 22
1697 847 47 18 cm
1751 881 9 9 .
1829 843 237 55 (Lettered
2093 861 57 30 on
2177 858 158 32 cover:

334 905 195 51 Library
554 904 50 44 of
632 905 189 43 modern
847 903 227 52 sciences)

329 970 53 54 ©
411 972 112 52 Apr.
553 972 39 51 8,
625 969 129 54 1925;
783 971 64 44 2c.
876 971 114 52 Apr.
1023 970 74 54 16;
1127 971 79 44 aff.
1236 971 113 52 Apr.
1383 972 74 51 11;
1489 971 45 43 A
1561 972 189 52 823802;
1784 973 56 43 D.
1871 972 105 44 Van
2005 972 237 44 Nostrand
2269 987 67 30 co.

409 1027 243 56 (25-9256)

330 1141 332 71 Williams,
705 1140 291 59 Cornelia
1035 1142 272 72 Bartow,
1350 1143 360 57 1854-1921.

408 1233 431 59 Descendants
870 1233 68 57 of
965 1232 171 59 John
1161 1232 314 59 Williams
1508 1234 68 57 of
1602 1234 316 72 Newbury
1946 1235 126 58 and
329 1235 1987 148 Haverhill,

507 1311 214 72 Mass.,
772 1312 358 57 1600-1674.
1237 1310 327 72 Compiled
1606 1312 84 71 by
1741 1310 292 61 Cornelia
2082 1313 259 58 Bartow

329 1388 2010 77 Williams … and Anna Perkins Williams … Chicago,
331 1469 171 57 Priv.
537 1468 212 73 print.,
783 1469 167 56 1925.

405 1559 91 53 179,
528 1562 51 45 [1]
613 1574 40 38 p.
715 1558 161 46 double
907 1559 152 50 front.,
1089 1558 157 55 plates,
1276 1565 154 47 ports.,
1460 1558 188 53 facsim.,
1681 1559 98 45 fold.
1822 1559 172 54 geneal.
2025 1560 103 52 tab.,
2159 1568 102 37 coat
2291 1561 50 45 of

330 1633 136 29 arms.
526 1618 55 43 24
588 1619 46 17 cm
640 1653 9 9 .

403 1686 139 46 “This
569 1687 168 44 edition
763 1687 36 44 is
826 1685 174 46 limited
1025 1695 49 36 to
1097 1701 83 31 one
1204 1686 205 44 hundred
1434 1686 148 53 copies
1609 1687 51 44 of
1684 1687 149 45 which
1859 1687 90 45 this
1975 1687 38 46 is
2038 1704 73 29 no.
2142 1689 91 44 18.”

328 1758 53 54 ©
415 1760 111 52 Apr.
564 1758 64 54 15,
663 1758 130 53 1925;
826 1759 66 42 2c.
926 1759 89 43 and
1046 1758 78 44 aff.
1160 1759 113 52 May
1305 1759 49 51 8;
1391 1758 44 42 A
1467 1758 191 53 829338;
1693 1758 138 44 Anna
1864 1759 195 44 Perkins
2093 1758 244 56 Williams,

401 1816 213 53 Chicago.
684 1814 245 55 (25-9457)

329 1930 263 72 Wilson,
629 1929 218 59 Frank
879 1929 237 72 Lester,
1151 1931 194 58 1877-

414 2024 130 57 The
575 2023 297 73 required
898 2023 185 59 foods
1114 2023 105 59 for
1248 2024 104 59 the
1383 2022 376 74 prevention
1788 2024 126 60 and
1943 2044 145 41 cure
2120 2027 69 59 of
337 2027 1977 135 disease;

539 2124 36 38 a
598 2103 169 58 brief
793 2120 324 54 summary
1142 2103 69 59 of
1234 2103 105 58 the
1366 2103 231 58 results
1626 2105 70 58 of
1717 2122 192 54 many
1933 2122 189 54 years
2152 2106 189 70 study

337 2183 124 58 and
508 2181 420 73 experiments
974 2201 171 53 upon
1188 2181 234 56 human
1466 2181 219 73 beings
1732 2185 64 55 to
1845 2181 343 61 determine
2236 2185 104 59 the

334 2260 174 60 basic
540 2281 217 38 causes
794 2261 67 57 of
894 2259 245 60 disease
1174 2261 122 58 and
1327 2261 106 58 the
1467 2260 271 58 relation
1771 2263 245 56 thereto
2054 2263 69 57 of
2154 2262 184 58 foods

336 2342 124 57 and
497 2340 330 70 nutrition,
865 2339 105 57 for
1007 2339 105 58 the
1150 2358 275 53 purpose
1467 2340 68 57 of
1571 2339 429 73 ascertaining
2036 2339 55 57 if
2126 2339 215 60 health

336 2437 116 39 can
494 2420 74 57 be
612 2416 443 73 continuously
1094 2414 393 61 maintained
1530 2418 124 58 and
1698 2417 279 59 diseases
2025 2419 189 57 cured
2257 2418 84 71 by

334 2495 1983 155 proper food. By F . L. Wilson. 3d ed., rev. Bloomington, Ill.,
630 2575 417 74 Pantagraph
1072 2578 131 71 ptg.
1229 2576 49 58 &
1304 2578 116 57 sta.
1449 2593 85 41 co.
1567 2604 13 45 [
1581 2581 18 21 c
1604 2574 165 74 1925]

400 2672 50 44 91
481 2685 41 37 p.
585 2670 51 45 19
642 2671 48 18 cm
695 2705 9 9 .

329 2737 53 54 ©
407 2739 113 51 Apr.
543 2737 67 51 24,
641 2736 104 45 1925;
797 2737 66 43 2c.
890 2737 88 43 and
1003 2737 80 42 aff.
1111 2737 112 51 May
1248 2736 26 43 4;
1327 2735 45 43 A
1397 2735 165 44 829239;
1619 2734 50 46 F.
1698 2736 50 43 L.
1775 2735 197 55 Wilson,
2000 2734 337 55 Bloomington,

401 2795 70 44 Ill.
536 2792 66 56 [©
630 2809 100 29 new
756 2801 112 45 text]
940 2791 244 56 (25-9261)

330 2893 352 70 Woodruff,
727 2892 344 58 Frederick
1112 2893 137 68 Orr,
1295 2894 191 57 1856-
1644 2894 91 58 ed.

406 2984 339 59 Woodruff
781 2985 376 72 genealogy;
1195 2984 304 57 Matthew
1532 2983 338 58 Woodruff
1907 2983 68 58 of
331 2982 1984 154 Farmington,

486 3063 211 73 Conn.,
723 3064 244 71 1640-1,
992 3064 124 56 and
1136 3066 107 53 ten
1265 3060 401 75 generations
1693 3062 68 59 of
1781 3062 98 57 his
1905 3062 434 72 descendants,

330 3142 291 73 together
655 3141 153 57 with
842 3139 396 75 genealogies
1278 3140 67 57 of
1378 3139 275 58 families
1693 3140 337 57 connected
2066 3139 273 75 through

331 3220 334 73 marriage.
769 3220 175 58 Abbe
984 3219 363 73 genealogy,
1388 3218 375 58 Sturtevant
1800 3218 363 72 genealogy,
330 3217 1984 139 Stevens

540 3299 363 72 genealogy,
958 3297 210 58 Burke
1226 3296 363 73 genealogy,
1645 3295 200 58 briefs
1904 3295 168 57 from
2129 3294 209 74 Kelly,

332 3377 306 56 Franklin
679 3377 125 57 and
842 3375 232 73 Folger
1114 3373 413 75 genealogies.
1608 3372 324 73 Compiled
1971 3374 85 72 by
2095 3372 242 74 George

331 3450 1982 141 N. Mackenzie … George S. Stewart… assisted by Frederick
523 3527 1813 73 O. Woodruff … Boston, Mass., The Everett print,
331 3611 166 56 1925.

401 3701 589 54 2 p. l., [3]-29 p. 24 cm .
402 3773 46 43 A
480 3771 180 45 revised
692 3770 167 45 edition
890 3770 59 54 by
983 3768 179 55 George
1198 3767 45 48 S.
1281 3766 196 48 Stewart
1511 3768 90 44 and
1633 3765 248 46 Frederick
1914 3765 56 46 O.
2005 3764 249 46 Woodruff
2287 3764 51 46 of

331 3829 76 45 the
434 3828 249 46 Woodruff
710 3827 253 53 genealogy
987 3827 222 53 prepared
1233 3827 62 51 by
1321 3824 247 45 Frederick
1597 3824 56 44 O.
1682 3822 252 46 Woodruff
1963 3822 76 44 for
2066 3822 180 44 volume
2274 3834 61 30 in

332 3887 50 43 of
412 3885 207 45 Colonial
646 3884 198 44 families
870 3884 49 44 of
945 3884 74 44 the
1047 3882 172 46 United
1248 3881 165 54 States,
1441 3881 148 44 edited
1615 3882 59 52 by
1704 3880 179 53 George
1910 3881 59 43 N.
1999 3878 280 45 Mackenzie.

330 3955 53 54 ©
413 3957 112 52 Apr.
562 3956 64 53 15,
660 3955 131 52 1925;
824 3956 64 42 2c.
922 3956 112 51 May
1063 3955 50 48 2;
1148 3954 78 43 aff.
1262 3954 112 52 May
1408 3954 48 51 1;
1488 3952 46 42 A
1564 3950 190 53 829180;
1789 3950 250 44 Frederick
2071 3949 55 45 O.
402 3948 1911 118 Woodruff,
542 4012 269 53 Lexington,
846 4012 141 42 Mass.
1058 4008 244 56 (25-9456)
