2533 4412
0 0 0 0 1
161 441 335 58 American
529 441 239 57 bureau
800 439 67 57 of
902 437 316 73 shipping.

307 529 1784 72 … Record of American and foreign shipping, 1925 …
182 611 152 57 [New
360 610 189 72 York,
580 609 328 71 Wynkoop
940 606 383 58 Hallenbeck
1356 606 335 59 Crawford
1721 625 105 54 co.,
1858 607 298 75 printers]

163 690 164 56 1924.

234 765 107 43 1339
369 778 38 38 p.
467 762 54 44 27½
573 766 29 17 cm
609 798 7 8 .

231 822 103 52 Key
361 829 48 35 to
435 819 333 44 abbreviations
798 818 207 43 attached
1035 826 47 36 to
1110 818 116 43 back
1253 832 146 29 cover.

162 877 53 54 ©
239 880 99 52 Jan.
362 879 36 51 2,
430 876 128 53 1925;
585 878 63 42 2c.
676 877 107 42 Dec.
810 877 63 49 31,
905 876 128 52 1924;
1061 875 78 43 aff.
1165 876 99 52 Jan.
1291 876 38 50 3,
1359 872 129 55 1925;
1517 875 43 42 A
1588 872 188 55 815460;
1806 876 156 43 Amer.
1989 876 168 44 bureau

231 936 52 44 of
306 935 221 52 shipping,
553 934 118 43 New
698 934 142 42 York.
918 931 52 53 [©
997 947 99 29 new
1122 932 269 52 particulars
1418 931 51 45 of
1494 931 169 44 vessels
1691 933 87 42 and
1804 933 184 52 general
231 933 1906 111 information]

160 1107 335 58 American
526 1107 237 73 society
791 1107 103 56 for
924 1105 238 74 testing
1188 1104 340 59 materials.

306 1196 1849 72 … A. S. T. M. standards, issued triennially, 1924.
161 1275 456 72 Philadelphia,
647 1275 130 71 Pa.,
806 1274 339 57 American
1174 1273 236 72 society
1437 1273 102 57 for
1568 1274 240 73 testing
1831 1275 326 57 materials

164 1355 180 73 [1924]

234 1430 106 44 1219
369 1444 38 39 p.
469 1429 131 53 illus.,
632 1428 96 45 fold.
773 1435 155 45 plates,
960 1427 157 54 tables,
1148 1428 165 53 diagrs.
1373 1428 52 44 23½
1463 1429 46 18 cm
1516 1464 8 7 .

162 1486 53 54 ©
242 1488 107 43 Dec.
379 1489 35 50 1,
443 1487 104 43 1924;
597 1486 66 43 2c.
691 1486 118 43 Nov.
840 1484 74 54 15;
944 1486 78 43 aff.
1050 1486 98 52 Jan.
1175 1486 37 50 2,
1243 1484 128 53 1925;
1400 1486 43 42 A
1472 1484 190 54 815451;
1691 1485 248 46 American
1966 1501 89 29 soc.
2085 1487 74 44 for

230 1544 168 53 testing
431 1542 244 45 materials.

163 1656 295 75 Beeding,
497 1656 279 58 Francis.

240 1749 129 57 The
404 1767 186 38 seven
624 1747 293 71 sleepers,
950 1747 84 71 by
1063 1745 263 59 Francis
1358 1746 298 74 Beeding.
1738 1746 259 75 Boston,
163 1748 1975 149 Little,
295 1827 248 69 Brown,
575 1826 123 56 and
729 1843 320 52 company,
1083 1824 164 56 1925.

232 1906 23 42 3
286 1918 41 39 p.
376 1937 22 17 l.,
430 1901 82 46 317
539 1917 39 38 p.
641 1902 53 45 19½
744 1903 31 19 cm
779 1936 10 10 .

162 1959 53 54 ©
239 1962 101 51 Jan.
366 1962 39 49 2,
434 1959 130 53 1925;
591 1960 65 43 2c.
685 1959 87 43 and
796 1959 79 43 aff.
902 1959 98 52 Jan.
1030 1957 47 53 5;
1110 1959 43 42 A
1183 1957 188 53 814563;
1403 1958 150 53 Little,
1583 1959 168 43 Brown
1781 1960 36 43 &
1843 1974 233 38 company.

240 2016 215 57 (25-754)

163 2119 152 71 Bell,
353 2118 283 60 William
667 2118 224 57 Dixon.

235 2211 128 57 The
406 2211 123 56 lost
574 2209 312 70 aviators;
933 2229 36 37 a
1015 2210 178 68 story
1237 2208 68 57 of
1347 2209 364 71 adventure,
1757 2209 83 72 by
1883 2209 279 60 William

163 2288 205 58 Dixon
395 2287 153 57 Bell.
631 2287 258 71 Boston,
918 2286 130 58 The
1076 2285 172 57 Four
1277 2304 139 39 seas
1445 2305 305 53 company
1779 2316 13 43 [
1794 2295 19 22 c
1817 2288 163 72 1924]

232 2366 83 43 216
346 2381 42 38 p.
448 2364 138 45 front.
649 2364 148 45 19½cm.

163 2423 53 53 ©
243 2425 119 51 Aug.
394 2421 61 52 15,
488 2422 129 51 1924;
646 2422 64 43 2c.
742 2419 120 54 Sept.
892 2421 50 52 8;
973 2420 79 43 aff.
1081 2420 99 52 Jan.
1206 2420 40 52 2,
1277 2418 130 54 1925;
1437 2420 44 43 A
1510 2420 192 53 814464;
1731 2420 124 44 Four
1883 2435 97 30 seas
2011 2438 64 28 co.

240 2478 215 57 (25-753)

164 2581 316 71 Benedict,
522 2581 264 57 Erastus
830 2578 342 72 Cornelius,
1214 2579 359 57 1800-1880.

240 2671 129 57 The
398 2669 335 57 American
764 2661 369 78 admiralty;
1163 2666 84 58 its
1277 2666 403 72 jurisdiction
1711 2669 123 56 and
1856 2670 300 70 practice,

162 2745 1972 152 with practical forms and directions, by Erastus C. Benedict … 5th ed., revised by George V. A. McCloskey …
162 2926 57 38 v.
250 2909 50 54 1.
368 2905 266 70 Albany,
666 2904 73 55 N.
771 2902 93 73 Y.,
893 2902 212 57 Banks
1136 2902 48 56 &
1214 2920 321 54 company,
1569 2904 165 55 1925.

233 2984 118 50 cxvi,
378 2981 83 45 897
489 2995 40 38 p.
588 2979 54 44 26½
676 2982 46 18 cm
730 3014 7 8 .

164 3038 53 54 ©
240 3040 98 52 Jan.
365 3039 39 50 9,
432 3036 130 53 1925;
590 3038 64 42 2c.
680 3036 99 53 Jan.
809 3035 73 52 16;
910 3035 78 43 aff.
1015 3035 98 52 Jan.
1144 3036 74 51 13;
1245 3035 45 42 A
1317 3034 189 53 814669;
1537 3035 151 45 Banks
1716 3037 38 44 &
1779 3052 65 28 co.

243 3094 243 56 (25-1559)

166 3197 130 56 The
331 3196 149 56 Best
516 3192 382 59 continental
935 3192 179 58 short
1149 3191 225 59 stories
1414 3192 69 57 of
1518 3194 340 57 1923-1924
1896 3196 123 57 and
2056 3195 103 58 the

240 3270 1919 76 Yearbook of the continental short story … Boston,
245 3347 1375 75 Small, Maynard & company, inc. [ c 1924]
234 3424 610 55 6 p. l., 3-452 p. 19½ cm .
234 3484 187 53 Editor:
457 3482 199 44 Richard
689 3480 162 47 Eaton.

165 3539 54 54 ©
245 3540 117 44 Nov.
387 3539 65 48 22,
481 3538 106 43 1924;
635 3538 64 43 2c.
725 3538 87 43 and
836 3538 78 43 aff.
939 3538 99 52 Jan.
1062 3537 39 52 2,
1132 3535 129 53 1925;
1289 3537 43 49 A
1357 3535 191 53 814507;
1579 3536 155 54 Small,
1764 3539 226 52 Maynard
2018 3540 38 43 &
2077 3554 82 38 co.,

236 3598 82 42 inc.
387 3593 214 57 (25-765)

169 3691 1923 76 The Best poems of 1924. Edited by L. A. G. Strong …
242 3771 256 74 Boston,
534 3771 211 71 Small,
778 3770 314 73 Maynard
1122 3769 48 57 &
1200 3788 306 53 company
1539 3772 181 73 [1924]

235 3849 159 51 xxviii,
424 3849 82 43 218
535 3863 39 37 p.
639 3846 51 45 17
696 3850 46 18 cm
749 3883 7 8 .

166 3904 54 53 ©
245 3906 119 42 Nov.
388 3905 68 52 29,
484 3905 128 50 1924;
637 3904 63 43 2c.
727 3904 87 43 and
837 3904 78 43 aff.
941 3904 98 52 Jan.
1063 3904 38 49 2,
1131 3900 131 54 1925;
1290 3903 43 42 A
1358 3900 189 55 814506;
1579 3901 155 56 Small,
1763 3906 225 52 Maynard
2015 3905 38 44 &
2079 3920 81 39 co.,

236 3962 84 43 inc.
