2533 4412
0 0 0 0 685
130 441 446 74 Morningstar,
611 443 151 56 Mrs.
800 440 189 57 Flora
1023 437 299 60 Victoria.

273 514 1611 76 … Snapshots of Portland history and the Pacific
126 515 1972 153 northwest,
331 597 355 56 1792-1925.
770 595 324 69 Portland,
1132 594 123 71 Or.,
1291 593 434 73 Morningstar
1759 592 363 73 publishing

128 693 321 53 company,
481 684 19 21 c
502 674 163 57 1925.

202 751 358 54 112 p. 15 ½c m .
199 806 915 55 “Copyright … F. V. Morningstar.”
198 866 65 46 At
289 865 113 44 head
431 865 52 44 of
509 864 97 45 title:
663 862 125 46 First
816 863 181 45 edition.

128 921 52 53 ©
214 923 111 51 May
355 922 40 52 4,
429 920 129 52 1925;
589 922 65 42 2c.
687 922 86 42 and
804 922 78 42 aff.
919 921 110 52 May
1061 921 50 52 9;
1147 921 45 42 A
1222 919 189 53 856071;
1447 919 50 44 F.
1530 921 57 43 V.
1622 920 327 53 Morningstar,
198 922 1901 108 Portland,
351 978 80 44 Or.
500 975 271 56 (25-11517)

130 1047 323 71 Neihardt,
493 1048 169 57 John
697 1046 367 72 Gneisenau,
1105 1049 190 56 1881-

199 1126 129 58 The
352 1143 154 53 song
529 1123 68 59 of
618 1125 104 58 the
745 1125 227 57 Indian
992 1143 184 51 wars,
1199 1125 82 70 by
1304 1123 168 59 John
1496 1123 69 59 Gr.
1589 1123 310 59 Neihardt;

127 1123 1970 141 illustrated
372 1203 82 71 by
487 1202 184 57 Allen
707 1202 182 56 True.
992 1200 150 57 New
1175 1201 189 73 York,
1403 1201 129 58 The
1569 1201 360 60 Macmillan
127 1221 1973 132 company,
347 1280 163 60 1925.

196 1355 893 54 4 p. l., 7-231 p. col. illus. 24 ½ cm .
200 1413 97 45 “Of
328 1412 92 45 this
451 1411 174 46 edition
658 1413 53 44 of
744 1410 114 46 ‘The
891 1427 118 40 song
1039 1413 54 43 of
1123 1411 76 44 the
1232 1411 168 45 Indian
1435 1413 134 43 wars’
1601 1412 89 44 five
1723 1411 213 45 hundred
1973 1412 150 55 copies

129 1470 118 45 have
273 1472 114 43 been
413 1469 196 54 printed,
637 1470 110 43 each
778 1468 162 54 signed
967 1470 59 52 by
1054 1470 75 43 the
1159 1470 181 45 author.
1400 1467 115 47 This
1546 1469 39 44 is
1613 1471 195 43 number
1835 1471 123 44 499.”

198 1524 102 46 The
328 1525 127 46 third
483 1527 186 43 volume
698 1527 54 42 of
783 1526 77 43 the
890 1526 206 43 author’s
1128 1525 97 53 epic
1254 1526 123 51 cycle
1408 1527 54 42 of
1492 1526 76 43 the
1600 1527 133 44 West
1764 1528 150 52 begun
1947 1526 45 48 in
2025 1525 100 47 The

130 1598 117 38 song
272 1584 53 42 of
351 1584 128 43 three
510 1581 179 45 friends
718 1581 90 45 and
836 1580 100 47 The
965 1596 115 38 song
1108 1583 54 42 of
1189 1582 143 53 Hugh
1360 1581 149 45 Glass,
1572 1584 59 51 cf.
1663 1583 130 44 Pref.

129 1638 52 53 ©
207 1641 117 51 June
348 1641 39 50 9,
416 1638 129 53 1925;
572 1640 65 42 2c.
658 1640 91 43 and
776 1639 79 43 aff.
879 1640 119 53 June
1028 1640 73 50 10;
1132 1639 45 42 A
1202 1638 189 54 829606;
1423 1639 268 45 Macmillan
1718 1656 65 28 co.

207 1695 269 55 (25-11031)

131 1765 421 73 Neiswanger,
600 1764 256 59 Charles
903 1765 355 72 Sherwood,
1304 1768 189 56 1849-

207 1841 1056 74 Electro-therapeuticahpractice,
1294 1863 36 37 a
1358 1844 196 71 ready
1581 1844 319 58 reference
1932 1844 185 73 guide

130 1921 104 57 for
256 1920 361 73 physicians
641 1921 65 56 in
730 1920 102 57 the
856 1940 110 37 use
992 1920 69 57 of
1086 1920 358 72 electricity.
1512 1922 116 57 23d
1653 1923 90 56 ed.
1807 1922 98 72 By
1933 1922 181 59 Chas.

134 1996 1841 76 S. Neiswanger … Chicago, Ritchie & company, 1925.
206 2076 1299 56 2 p. l., 345 p. front. (port.) illus.,. diagrs. 19½ cm .
129 2133 53 53 ©
211 2135 116 52 June
359 2136 63 49 11,
456 2132 129 51 1925;
615 2133 63 43 2c.
709 2133 114 51 June
849 2133 80 50 23;
959 2133 82 42 aff.
1072 2133 115 52 June
1215 2132 77 53 25;
1325 2134 44 41 A
1403 2131 187 54 855654;
1626 2135 240 43 McIntosh
1898 2135 225 44 electrical

198 2191 300 51 corporation,
532 2188 210 54 Chicago.
813 2187 270 55 (25-11835)

133 2262 152 57 New
320 2260 174 58 York
537 2259 237 75 (State)
864 2261 201 72 Laws,
1101 2264 287 66 statutes,
1427 2265 110 53 etc.

274 2338 1846 74 … Penal law and the Code of criminal procedure of the
134 2422 162 54 state
337 2421 68 55 of
440 2419 150 55 New
625 2418 191 70 York,
854 2417 149 57 with
1043 2419 83 56 all
1165 2418 426 58 amendments
1629 2422 232 68 passed
1898 2421 83 70 by
2019 2422 102 56 the

132 2497 393 72 Legislature
571 2498 63 53 to
680 2496 104 58 the
832 2497 117 56 end
996 2496 67 56 of
1105 2496 103 58 the
1253 2495 255 72 regular
1555 2495 240 58 session
1841 2497 66 58 of
1956 2498 163 58 1925.

136 2571 1983 75 17th ed., by John T. Fitzpatrick … Albany, N. Y., M.
131 2654 249 58 Bender
406 2653 47 55 &
482 2670 320 52 company,
829 2650 462 71 incorporated,
1320 2650 166 57 1925.

205 2729 955 63 1 p. l., v-xlvi p., 1 l., [1199] p. 23 cm .
201 2789 65 43 At
291 2788 114 43 head
431 2788 53 42 of
510 2786 97 44 title:
662 2785 213 45 Bender’s
903 2784 181 47 edition.

201 2843 202 44 Various
433 2840 203 53 pagings.

130 2895 56 53 ©
214 2897 114 52 June
360 2895 61 51 17,
455 2893 129 53 1925;
616 2894 64 42 2c.
709 2895 117 50 June
852 2894 77 51 22;
963 2893 79 43 aff.
1072 2894 116 51 June
1223 2893 73 51 18;
1328 2893 45 42 A
1403 2893 187 51 829792;
1626 2895 224 44 Matthew
1883 2896 175 44 Bender
2089 2898 37 44 &

203 2968 79 37 co.,
313 2953 81 42 inc.
459 2949 65 54 [©
552 2965 102 28 new
682 2956 175 44 matter,
889 2949 224 44 additions
1143 2950 87 43 and
1261 2950 208 51 changes]
1541 2949 269 56 (25-11430)

137 3021 193 73 Odell,
376 3020 255 59 Charles
674 3021 296 66 Watters,
1015 3021 189 56 1891-

279 3098 1845 71 … Educational statistics, by C. W. Odell … New
135 3180 188 73 York,
354 3180 127 57 The
513 3176 277 74 Century
817 3196 105 53 co.,
952 3177 165 57 1925.

203 3258 111 51 xvii,
343 3260 81 42 334
453 3271 41 37 p.
553 3256 167 51 diagrs.
779 3257 45 43 21
840 3259 14 16 cm
895 3290 6 7 .
970 3254 125 51 (The
1131 3254 199 45 Century
1360 3255 238 45 education
1629 3256 164 51 series)
1914 3257 124 51 $2.50

204 3312 353 53 Bibliography:
587 3325 41 38 p.
660 3312 204 44 319-321.

135 3367 52 53 ©
214 3369 115 51 June
356 3366 62 52 16,
446 3364 106 45 1925;
603 3366 64 42 2c.
695 3366 86 46 and
806 3364 78 43 aff.
912 3365 114 51 June
1056 3364 74 52 18;
1159 3364 45 42 A
1230 3361 165 45 855577;
1453 3362 198 55 Century
1679 3381 65 28 co.

214 3421 269 57 (25-11405)

139 3495 154 72 Ogg,
336 3490 293 59 Frederic
670 3488 246 72 Austin,
960 3491 187 57 1878-

210 3567 438 61 Introduction
679 3571 62 53 to
776 3565 336 58 American
1145 3570 424 68 government,
1603 3569 83 72 by
1718 3569 297 59 Frederic
2058 3574 66 55 A.

138 3643 1986 76 Ogg … and P. Orman Ray … 2d ed., thoroughly rev.
136 3727 151 56 New
309 3723 191 70 York,
529 3722 127 57 The
687 3719 279 73 Century
991 3738 107 55 co.,
1128 3719 166 58 1925.

205 3795 1924 60 viii, 938 p. illus. (maps) fold. tab., diagrs. (1 fold.) 23 cm . (Lettered
140 3876 58 28 on
227 3872 159 30 cover:
417 3854 101 45 The
547 3854 203 51 Century
777 3853 203 53 political
1012 3852 176 44 science
1217 3852 167 53 series)
1505 3853 123 53 $3.75

208 3912 337 45 “References”
572 3918 45 36 at
645 3909 88 44 end
760 3911 54 42 of
842 3910 109 43 each
981 3909 198 51 chapter.

138 3970 52 54 ©
216 3973 115 51 June
360 3969 61 46 16,
450 3966 129 52 1925;
607 3968 64 41 2c.
698 3967 86 42 and
809 3967 78 42 aff.
919 3967 109 44 June
1058 3965 73 52 18;
1161 3965 45 42 A
1232 3963 188 55 855578;
1453 3965 198 56 Century
1678 3985 65 28 co.

216 4022 270 60 (25-11327)
