2533 4412
1306 4082 149 55 1166

452 485 353 53 Bibliography:
832 499 40 39 p.
900 484 151 46 91-95.

383 540 53 54 ©
462 542 102 44 Oct.
593 544 35 49 1,
656 540 131 55 1925;
812 542 66 43 2c.
902 543 88 42 and
1015 544 79 42 aff.
1122 543 102 44 Oct.
1250 543 49 53 8;
1327 544 44 42 A
1396 542 190 55 869251;
1615 545 57 43 A.
1699 544 53 48 E.
1779 544 260 54 Frederick,
2070 545 178 53 Sparta,
2274 546 116 45 Wis.

462 596 272 57 (25-19927)

383 670 147 72 Fry,
570 669 283 58 Howard
886 669 84 57 M.

461 748 1861 75 Physics laboratory manual, by Howard M. Fry …
383 830 99 55 1st
516 828 92 57 ed.
682 825 386 75 Bethlehem,
1106 827 131 73 Pa.,
1275 827 367 59 Bethlehem
1676 828 291 74 printing
2002 848 105 55 co.,
2146 830 166 58 1925.

449 901 50 46 71
524 904 151 43 numb.
698 902 28 45 1.
787 903 133 53 illus.,
942 903 168 54 diagrs.
1170 903 55 45 27
1232 907 48 19 cm
1285 939 9 9 .

456 961 189 44 Printed
674 976 59 29 on
761 975 88 30 one
877 962 94 43 side
1001 962 51 44 of
1081 961 93 45 leaf
1201 961 120 54 only.

381 1016 53 54 ©
468 1018 122 53 Sept.
621 1019 69 52 21,
725 1016 131 54 1925;
890 1019 65 43 2c.
987 1019 89 43 and
1107 1019 79 43 aff.
1222 1018 122 54 Sept.
1377 1019 77 52 30;
1490 1020 44 42 A
1567 1018 189 54 868784;
1793 1021 61 42 H.
1889 1021 66 43 M.
1989 1019 109 54 Fry,
2131 1020 259 51 Lancaster,

452 1076 79 43 Pa.
602 1073 273 56 (25-19278)

384 1146 293 70 Gibbons,
713 1145 179 59 Alice
930 1146 317 58 Newman.

460 1226 59 56 A
559 1225 292 73 question
892 1225 236 58 outline
1172 1226 70 57 of
1282 1225 105 58 the
1431 1225 125 58 rise
1603 1226 68 57 of
1709 1226 235 57 human
1989 1225 238 75 society
2268 1228 126 58 and

381 1303 2013 74 modern civilization. Rev. ed. 1925. Copyright … by
381 1381 177 58 Alice
599 1381 74 57 N.
717 1381 296 59 Gibbons.
1096 1381 363 74 Rochester,
1504 1382 73 56 N.
1619 1381 94 75 Y.,
1761 1381 209 59 Social
2010 1382 238 59 science
380 1384 1986 149 department,

755 1460 164 58 East
948 1460 154 74 high
1135 1460 227 74 school,
1395 1469 20 22 c
1419 1461 166 57 1925.

454 1538 81 44 130
561 1552 28 39 p
661 1538 53 44 23½
751 1541 46 17 cm

380 1592 53 54 ©
461 1593 120 54 Sept.
605 1592 68 55 25,
700 1592 131 54 1925;
856 1595 67 42 2c.
947 1595 88 43 and
1059 1595 79 43 aff.
1167 1593 122 53 Sept.
1314 1594 78 52 30;
1419 1594 44 42 A
1489 1592 189 54 868782;
1708 1594 57 43 A.
1793 1594 59 44 N.
1882 1593 216 53 Gibbons,
2126 1595 263 54 Rochester,

451 1652 59 43 N.
544 1652 55 42 Y.
669 1650 273 55 (25-19448)

381 1723 256 72 Gideon,
678 1723 254 58 Samuel
968 1722 293 59 Edward.

456 1804 395 58 Landmarks
895 1802 68 57 in
1005 1803 251 72 Austin,
1305 1804 224 69 Texas,
1573 1804 84 70 by
1705 1804 255 58 Samuel
2005 1803 73 58 E.
2127 1802 257 60 Gideon.

381 1883 268 72 [Austin,
678 1884 167 69 Tex.,
875 1890 18 21 c
896 1882 166 72 1925]

449 1961 271 50 cover-title,
754 1961 47 43 11
852 1998 8 8 l.
920 1959 117 46 illus.
1097 1962 152 43 29½cm.

379 2013 53 55 ©
457 2016 121 53 Aug.
603 2015 66 51 29,
700 2013 131 55 1925;
857 2014 66 45 2c.
949 2014 88 44 and
1062 2014 79 44 aff.
1171 2013 120 54 Sept.
1322 2014 47 53 1;
1398 2014 44 43 A
1469 2011 191 56 865699;
1692 2012 44 48 S.
1765 2012 52 49 E.
1849 2012 185 55 Gideon,
2063 2013 182 54 Austin,
2272 2013 116 45 Tex.

458 2072 273 56 (25-18689)

379 2143 281 73 Ginther,
695 2143 187 72 Mary
917 2141 390 59 Pemberton.

447 2216 1875 77 Hilda of the green smock, by Pemberton Ginther …
376 2300 363 58 illustrated
772 2300 84 71 by
889 2299 105 57 the
1032 2298 245 58 author.
1362 2295 461 74 Philadelphia,
1861 2297 130 59 The
2027 2298 178 57 Penn
375 2297 1992 155 publishing

642 2397 325 53 company,
1002 2378 166 56 1925.

447 2458 83 44 312
561 2472 39 38 p.
662 2456 154 52 front.,
847 2454 159 54 plates.
1070 2455 50 43 19½
1154 2455 48 18 cm
1209 2489 8 8 .

377 2513 53 54 ©
458 2515 103 44 Oct.
591 2516 35 50 1,
657 2512 129 54 1925;
812 2513 66 43 2c.
905 2513 88 43 and
1017 2513 80 42 aff.
1127 2510 102 45 Oct.
1260 2510 74 53 10;
1363 2511 44 42 A
1432 2509 190 53 869320;
1655 2510 128 43 Penn
1808 2509 102 53 pub.
1937 2525 66 29 co.

457 2570 274 57 (25-19908)

380 2643 344 71 Hamilton,
761 2641 259 60 Walton
1054 2639 178 72 Hale,
1271 2641 148 57 1881–

457 2721 272 60 Current
779 2717 313 60 economic
1136 2717 349 72 problems;
1534 2736 36 38 a
1620 2715 194 59 series
1864 2717 69 57 of
1980 2716 297 74 readings
2324 2718 64 57 in

375 2794 1991 144 the control of industrial development, by Walton H. Hamilton … 3d
858 2876 91 57 ed.
1037 2873 292 73 Chicago,
1373 2873 118 70 Ill.,
1539 2873 129 56 The
1711 2871 378 74 University
2133 2874 69 57 of
377 2871 1989 161 Chicago

561 2976 182 53 press
780 2954 182 73 [1925]

446 3035 132 52 xxix,
610 3034 83 46 960
721 3048 39 38 p.
819 3033 53 43 23½
909 3033 48 18 cm
963 3066 8 8 .
1041 3028 290 56 (Half-title:
1368 3027 243 45 Materials
1643 3028 77 47 for
1747 3028 77 44 the
1857 3028 134 53 study
2021 3028 52 44 of
2101 3027 280 54 economics)

378 3093 53 54 ©
460 3093 121 53 Sept.
607 3090 68 53 25,
703 3089 131 53 1925;
862 3089 65 43 2c.
953 3089 88 43 and
1066 3087 79 44 aff.
1175 3086 102 45 Oct.
1304 3087 50 51 3;
1384 3086 44 42 A
1455 3084 190 53 869110;
1675 3085 137 44 Univ.
1842 3085 52 44 of
1926 3084 214 55 Chicago,
2170 3085 215 54 Chicago.

451 3148 66 58 [©
548 3148 212 53 revision]
831 3142 274 60 (25-19405)

381 3221 262 72 Hendel,
675 3221 216 58 James
921 3217 278 72 Monroe,
1233 3215 150 58 1893–

455 3289 1926 84 Quantitative analysis, by James M. Hendel … Boston,
375 3369 1432 78 New York [etc.] Ginn and company [ c 1925]
443 3459 59 52 vi,
533 3455 79 46 137
640 3471 40 38 p.
741 3452 132 54 illus.,
903 3451 169 52 diagrs.
1136 3450 49 43 19
1192 3451 46 17 cm
1247 3484 7 8 .

444 3514 217 45 Contains
690 3506 369 56 bibliographies.

377 3571 53 54 ©
457 3572 121 51 Aug.
605 3569 69 51 21,
705 3565 131 54 1925;
865 3566 66 43 2c.
961 3564 88 44 and
1078 3564 79 42 aff.
1189 3561 102 45 Oct.
1321 3559 50 55 7;
1404 3560 43 42 A
1476 3559 191 52 869191;
1700 3560 39 52 J.
1771 3560 66 43 M.
1868 3559 194 52 Hendel,
2093 3560 118 44 New
2240 3561 142 44 York.

456 3624 273 59 (25-19934)

378 3695 374 70 Hendricks,
794 3691 290 60 Bernard
1123 3686 287 62 Clifford.

459 3776 331 63 Student’s
814 3772 369 69 laboratory
1207 3768 125 57 and
1356 3767 189 70 study
1566 3765 187 73 guide
1777 3764 108 58 for
1908 3765 255 73 general
377 3765 1981 164 chemistry

598 3856 98 71 [by]
737 3852 71 56 B.
853 3848 270 60 Clifford
1160 3845 355 58 Hendricks
1559 3845 156 73 [and]
1760 3842 151 59 Cliff
1953 3844 60 58 S.
2055 3845 328 57 Hamilton

527 3930 294 78 [Lincoln,
854 3927 172 73 Neb.]
1061 3925 423 71 Department
1515 3921 68 58 of
1617 3920 357 73 chemistry,
2019 3921 365 72 University

379 4014 67 58 of
475 4008 347 73 Nebraska,
851 4013 19 23 c
874 4006 167 56 1925.
