2533 4412
1274 4096 111 54 552

419 500 77 43 126
526 515 40 36 p.
597 499 103 45 incl.
733 500 135 52 illus.,
897 502 157 49 plates,
1114 501 86 44 col.
1231 500 152 53 front.,
1415 503 87 43 col.
1535 518 57 35 pl.
1657 503 48 44 19
1713 505 46 17 cm
1766 538 10 9 .
1844 502 124 51 (The
2002 502 165 46 “Little
2197 504 150 45 book”

343 556 163 52 series)

415 614 149 43 Blank
588 630 138 36 pages
756 615 76 43 for
862 615 110 51 “My
997 615 152 44 dahlia
1175 614 175 51 garden
1377 615 187 44 record”
1601 616 243 51 (119-126)

346 667 54 53 ©
427 670 121 44 Mar.
576 668 62 53 17,
666 669 103 45 1925;
821 672 66 41 2c.
915 671 111 51 May
1051 671 25 42 4;
1128 670 79 43 aff.
1231 670 113 53 Apr.
1370 671 53 42 28;
1476 671 44 42 A
1543 671 165 43 829232;
1762 673 56 41 A.
1845 668 53 46 T.
1923 673 70 43 De
2018 673 66 42 La
2108 673 134 42 Mare
2267 688 79 37 co.,

419 726 83 42 inc.
571 726 244 54 (25-9641)

339 795 359 73 Wesselski,
743 796 241 72 Albert,
1031 800 189 56 1871-

483 875 1861 77 … Märchen des mittelalters. Berlin, H. Stubenrauch,
339 954 165 56 1925.

412 1033 132 51 xxiii,
572 1031 94 52 271,
703 1034 51 45 [1]
788 1048 39 37 p.
887 1033 53 42 23½
977 1034 47 17 cm
1030 1067 9 8 .

755 1088 1594 55 CONTENTS.— Märchen der Volkes und der literatur (vorwort)—Märchen
343 1147 76 42 des
447 1145 453 44 mittelalters.—Zur
926 1145 260 52 geschichte
1212 1146 93 43 und
1330 1146 293 52 Verbreitung
1649 1147 79 43 der
1757 1146 228 44 märchen.

345 1201 1890 54 © Jan. 1, 1925; 1c. Mar. 19; A —Foreign 27511; Herbert Stubenrauch.
424 1259 272 54 (25-10106)

338 1331 277 73 Witkop,
657 1329 275 75 Philipp,
975 1333 190 56 1880-

417 1411 118 59 Die
579 1411 340 59 deutschen
962 1411 239 72 lyriher
1243 1431 124 38 von
1411 1411 240 58 Luther
1691 1410 96 60 bis
1832 1410 347 73 Nietzsche,
2223 1431 123 39 von

336 1488 1981 152 Philipp Witkop … 1. bd. 3. veränderte aufl. … Leipzig, Berlin,
752 1567 72 57 B.
859 1567 69 59 G.
964 1567 286 73 Telbner,
1284 1568 168 56 1925.

413 1644 916 53 4 p. l., 306 p. front., ports. 22 cm .
342 1699 1657 56 © Jan. 7, 1925; 1c. Apr. 7; A —Foreign 27436; B. G. Teubner.
425 1758 272 55 (25-10049)

333 1829 210 71 Yates,
583 1830 333 72 Raymond
951 1828 281 73 Francis,
1273 1831 190 57 1895-
1622 1831 91 58 ed.

411 1911 211 58 Model
673 1910 273 73 making,
1004 1909 324 74 including
1379 1910 334 71 workshop
1769 1907 296 75 practice,
2123 1906 223 75 design

333 1992 126 57 and
497 1990 429 59 construction
961 1990 69 58 of
1065 1991 271 71 models;
1377 2009 37 39 a
1451 1988 310 74 practical
1795 1988 264 60 treatise
2095 1988 109 60 for
2239 1991 105 57 the

334 2073 285 55 amateur
657 2072 124 56 and
815 2068 431 74 professional
1277 2067 620 75 mechanic—giving
1929 2067 414 59 instructions

334 2169 78 38 on
469 2150 103 57 the
627 2148 259 58 various
942 2166 327 54 processes
1328 2149 125 56 and
1509 2147 364 71 operations
1929 2145 293 60 involved
2278 2147 66 57 in

331 2227 206 58 model
575 2225 259 74 making
873 2229 124 56 and
1037 2227 104 58 the
1183 2227 210 57 actual
1431 2224 428 59 construction
1899 2226 68 59 of
2004 2244 338 40 numerous

331 2306 258 71 models,
622 2305 322 73 including
977 2308 200 54 steam
1210 2304 274 73 engines,
1519 2306 191 70 speed
1738 2304 202 73 boats,
1973 2323 179 55 guns,
331 2307 1986 151 locomotives,

660 2402 238 53 cranes,
945 2385 130 70 etc.,
1119 2383 168 58 lathe
1328 2382 189 74 work,
1557 2386 259 69 pattern
1854 2383 191 72 work,
331 2384 1985 153 electroplating,
637 2462 131 58 soft
805 2464 124 56 and
961 2461 165 59 hard

1162 2461 337 72 soldering,
1538 2460 316 74 grinding,
1893 2461 276 76 drilling,
2211 2466 129 71 etc.,

333 2537 1939 72 are also included; edited by Raymond Francis Yates …
332 2624 78 56 2d
436 2640 127 39 rev.
592 2622 124 56 and
743 2620 114 58 enl.
886 2620 113 71 ed.,
1024 2620 482 70 reproductions
1534 2617 68 61 of
1631 2621 210 56 actual
1863 2620 283 74 working
332 2623 1985 135 models.

522 2700 151 57 New
700 2698 193 71 York,
924 2698 129 58 The
1084 2697 280 58 Norman
1389 2697 98 58 W.
1517 2696 246 75 Henley
1789 2697 366 76 publishing
327 2719 1986 134 company,
543 2777 168 58 1925.

398 2858 80 43 428
503 2873 40 37 p.
571 2856 100 44 incl.
701 2855 154 52 front.,
880 2854 133 52 illus.,
1040 2854 168 53 diagrs.
1268 2854 53 43 22½
1356 2854 48 19 cm
1411 2889 8 8 .

339 2912 54 53 ©
419 2914 112 52 Apr.
565 2913 65 51 18,
661 2910 129 54 1925;
819 2913 63 41 2c.
914 2911 88 42 and
1028 2910 78 43 aff.
1138 2911 112 51 Apr.
1280 2909 77 52 20;
1391 2910 44 42 A
1464 2907 165 45 822967;
1687 2909 210 44 Norman
1923 2911 76 47 W.
2030 2912 179 54 Henley
2237 2914 101 52 pub.

408 2986 64 28 co.
537 2968 67 53 [©
634 2984 99 29 new
763 2975 142 36 matter]
1015 2964 244 56 (25-8708)

330 3040 242 72 Young,
608 3038 264 60 Roland.

405 3119 233 57 Actors
666 3118 124 56 and
815 3116 233 71 others,
1074 3116 84 72 by
1180 3114 251 58 Roland
1455 3115 258 71 Young;
1741 3115 151 58 with
1918 3135 80 38 an
329 3116 1985 139 introduction

492 3198 83 70 by
602 3194 252 59 Ashton
885 3194 285 60 Stevens.
1256 3192 291 73 Chicago,
1580 3193 69 58 P.
1683 3192 231 74 Covici,
1947 3194 167 60 1925.

401 3270 1201 58 5 p. l., 9-92 numb. l., 1 1. front., illus. 25 cm .
403 3330 193 44 Printed
622 3346 59 28 on
708 3345 88 28 one
825 3329 98 44 side
952 3330 52 44 of
1032 3329 97 43 leaf
1155 3344 58 28 on
1240 3327 211 53 opposite
1477 3342 153 39 pages.

401 3386 143 47 “This
575 3388 103 42 first
712 3386 173 44 edition
918 3386 39 43 is
990 3384 177 45 limited
1199 3394 47 36 to
1283 3385 81 45 550
1395 3384 257 45 numbered
1686 3384 91 45 and
1813 3385 319 54 autographed
2168 3386 168 54 copies.

329 3443 115 45 This
473 3444 39 43 is
540 3460 74 27 no.
642 3444 123 44 240.”

400 3499 308 45 Caricatures.

336 3557 54 53 ©
417 3559 113 52 Apr.
563 3559 61 48 14,
657 3556 129 54 1925;
816 3560 65 40 2c.
910 3558 110 51 Apr.
1050 3556 76 53 30;
1157 3556 79 44 aff.
1267 3557 112 51 Apr.
1407 3557 78 52 29;
1517 3557 44 42 A
1587 3555 191 53 829155;
1811 3557 163 43 Pascal
2002 3556 168 45 Covici.

416 3613 245 56 (25-9174)

329 3686 242 73 Young,
613 3684 209 73 Stark,
865 3688 190 56 1881-

412 3766 330 71 Glamour;
788 3785 216 52 essays
1049 3785 78 37 on
1166 3766 104 58 the
1314 3770 101 54 art
1456 3765 68 58 of
1564 3765 106 58 the
1711 3765 266 72 theatre,
2017 3766 84 72 by
2143 3763 192 60 Stark

332 3846 242 72 Young.
656 3845 153 56 New
841 3844 190 73 York,
1069 3845 277 71 London,
1387 3842 64 60 C.
1491 3843 356 59 Scribner’s
1885 3862 165 53 sons,
2087 3845 166 56 1925.

435 3960 9 15 x,
472 3925 84 43 208
581 3940 39 34 p.
681 3924 53 43 20
742 3926 47 17 cm
795 3960 9 8 .

336 3978 53 53 ©
420 3981 112 51 Apr.
568 3981 65 48 24,
673 3977 129 52 1925;
838 3979 65 42 2c.
937 3979 113 52 May
1089 3979 75 52 12;
1200 3977 79 47 aff.
1315 3978 113 51 May
1460 3979 51 49 2;
1547 3977 44 42 A
1626 3976 192 54 855060;
1856 3976 187 45 Charles
2082 3975 247 47 Scribner’s

0 0 0 0 sons. (25-9674)
