2533 4412
1335 4099 112 55 718

442 504 354 54 רמז p. 20 cm .
436 561 123 43 Title
589 558 372 46 transliterated:
995 558 227 44 Gewilim.

368 617 53 53 ©
449 619 120 42 Mar.
599 618 63 52 16,
691 616 130 53 1925;
847 618 64 41 2c.
939 618 87 42 and
1051 617 78 42 aff.
1159 617 113 51 May
1294 616 52 51 2;
1374 616 44 42 A
1446 615 188 52 829468;
1667 615 45 46 S.
1742 617 50 41 B.
1823 615 254 53 Maximon,
2105 614 266 56 Edgemere,

439 675 60 42 N.
531 675 56 43 Y.
658 672 271 56 (25-11506)

369 786 570 75 Merry-go-round,
969 806 55 36 v.
1059 789 50 69 2,
1139 805 97 38 no.
1270 788 51 70 8,
1354 787 185 71 June,
1571 788 165 55 1925.

369 863 53 55 ©
477 882 35 27 1c.
538 864 106 54 July
669 865 66 51 29,
766 862 131 55 1925;
926 864 44 43 A
997 865 56 43 ad
1079 865 76 43 int.
1183 861 135 55 7154;
1348 864 131 52 pubd.
1505 864 116 52 June
1653 864 46 52 1;
1731 863 124 44 Basil
1885 863 262 54 Blackwell,
2175 863 199 52 Oxford,

439 923 223 54 England.

372 1022 129 57 The
541 1019 303 58 National
881 1019 377 73 cyclopaedia,
1295 1020 70 57 of
1401 1020 338 57 American
1777 1020 371 73 biography,
2188 1020 186 72 being

447 1101 106 55 the
589 1099 251 71 history
877 1099 67 56 of
982 1099 104 56 the
1124 1098 240 57 United
1403 1097 213 58 States
1658 1117 68 38 as
1767 1098 364 57 illustrated
2165 1097 67 57 in
2270 1098 105 57 the

447 1178 156 56 lives
648 1177 67 57 of
756 1177 105 56 the
902 1177 324 71 founders,
1268 1176 299 72 builders,
1613 1178 123 55 and
1779 1176 338 58 defenders
2162 1176 70 57 of
2271 1175 104 58 the

448 1255 298 71 republic,
776 1257 124 55 and
929 1254 67 57 of
1024 1255 107 56 the
1156 1273 144 37 men
1329 1256 122 56 and
1479 1273 241 38 women
1744 1254 137 57 who
1913 1273 107 38 are
2053 1253 192 73 doing
2272 1253 104 57 the

447 1334 173 56 work
645 1334 124 55 and
794 1332 327 72 moulding
1144 1333 105 56 the
1277 1332 271 71 thought
1574 1332 66 56 of
1667 1332 104 57 the
1798 1333 263 70 present
2085 1331 169 72 time,
2283 1332 92 57 ed.

447 1412 84 72 by
558 1410 465 74 distinguished
1050 1409 436 74 biographers,
1519 1410 271 58 selected
1815 1409 169 58 from
2015 1409 151 58 each
2194 1412 183 71 state,

450 1508 126 39 rev.
632 1491 123 55 and
807 1491 325 69 approved
1183 1490 84 71 by
1315 1489 104 56 the
1470 1493 164 53 most
1689 1489 276 57 eminent
2010 1488 366 73 historians,

451 1568 298 72 scholars,
792 1568 124 56 and
957 1570 343 54 statesmen
1342 1567 66 56 of
1449 1568 103 56 the
1595 1569 139 69 day.
1816 1586 57 37 v.
1918 1568 50 55 8.
2055 1566 167 74 [New
2264 1567 91 56 ed.]

450 1647 152 56 New
629 1646 190 71 York,
850 1646 218 57 James
1102 1645 67 56 T.
1198 1644 216 58 White
1440 1644 49 57 &
1516 1663 323 54 company,
1871 1646 166 55 1924.

442 1720 1175 57 3 p. l ., 500, [5] p. illus., plates, ports. 28 cm .
444 1781 114 42 Part
583 1779 51 44 of
660 1779 74 44 the
764 1780 142 50 plates
934 1793 80 28 are
1041 1778 179 52 printed
1248 1793 60 29 on
1333 1777 109 45 both
1472 1778 130 44 sides.

372 1834 53 54 ©
452 1837 112 52 Apr.
594 1834 64 54 15,
688 1834 130 54 1925;
845 1837 65 42 2c.
937 1836 115 52 June
1078 1836 50 51 2;
1158 1835 79 43 aff.
1265 1835 115 53 June
1410 1836 75 51 13;
1514 1836 44 42 A
1584 1833 191 54 855525;
1803 1835 152 53 James
1982 1833 55 45 T.
2065 1834 160 46 White
2249 1835 38 44 &
2313 1849 65 29 co.

373 1949 153 57 New
557 1949 176 58 York
773 1948 238 74 (State)
1105 1949 194 58 Court
1336 1949 67 72 of
1436 1950 272 72 appeals.

374 2040 1981 137 Reports of cases decided … from and including decisions
648 2118 67 57 of
754 2118 156 71 July
949 2121 90 69 12,
1083 2120 166 70 1922,
1291 2122 64 53 to
1398 2118 310 58 decisions
1752 2118 66 57 of
1862 2119 170 71 Sept.
2079 2120 90 69 30,
2212 2120 166 71 1924,

373 2197 152 57 with
550 2201 199 68 notes,
781 2197 360 56 references
1169 2197 123 57 and
1317 2196 207 58 index.
1593 2197 59 57 J.
1686 2197 262 56 Newton
1977 2196 208 71 Fiero,
2218 2198 162 56 state

375 2279 307 67 reporter,
769 2293 56 38 v.
876 2275 282 57 234-238.
1284 2274 270 72 Albany,
1601 2275 60 57 J.
1711 2275 71 56 B.
1831 2275 177 71 Lyon
2057 2294 323 53 company,

375 2354 359 56 1923-1924.

446 2429 289 45 5 v 23½ cm .
375 2501 40 29 v.
442 2487 95 51 234,
564 2484 53 54 ©
645 2487 112 51 May
782 2485 65 50 26,
880 2486 131 51 1923;
1040 2502 41 27 v.
1108 2484 97 53 235,
1232 2483 53 54 ©
1314 2486 120 52 Aug.
1460 2484 81 54 27;
1570 2501 41 27 v.
1638 2485 95 52 236,
1762 2483 53 54 ©
1844 2486 114 52 Apr.
1983 2486 40 52 2,
2056 2486 130 52 1924;
2217 2503 41 27 v.
2285 2484 97 55 237,

447 2541 53 53 ©
524 2543 120 52 Aug.
672 2543 48 50 8;
748 2559 41 27 v.
812 2543 96 50 238,
933 2540 53 54 ©
1012 2543 111 42 Dec.
1153 2541 74 53 17;
1255 2543 64 42 2c.
1346 2542 110 44 each
1481 2542 87 44 and
1593 2543 103 43 affs.
1725 2543 111 51 Apr.
1866 2544 62 49 13,
1959 2542 130 53 1925;
2118 2544 44 42 A
445 2542 1910 110 822879–822883;

666 2600 153 53 James
851 2599 56 44 A.
940 2599 255 53 Hamilton,
1226 2614 86 29 sec.
1342 2598 51 45 of
1422 2599 74 44 the
1527 2606 119 37 state
1669 2599 55 44 of
1751 2599 119 45 New
1900 2599 143 53 York,
2074 2600 195 53 Albany.

375 2713 387 74 Noffsinger,
799 2714 171 58 John
1007 2713 269 73 Samuel,
1315 2715 191 58 1886-

457 2805 57 55 A
547 2823 302 54 program
883 2805 104 57 for
1020 2804 224 73 higher
1283 2803 330 59 education
1646 2805 63 56 in
1744 2805 106 59 the
1889 2804 247 60 Church
2173 2806 66 57 of
2274 2805 106 59 the

378 2882 316 73 brethren,
719 2883 153 57 with
900 2883 234 71 special
1158 2883 323 57 reference
1510 2886 63 55 to
1600 2883 104 58 the
1729 2884 264 59 number
2018 2885 123 56 and
378 2883 1975 135 distribution

633 2960 1748 75 of colleges, by John Samuel Noffsinger … New
377 3038 175 58 York
579 3039 144 72 city,
755 3039 312 58 Teachers
1097 3040 249 71 college,
1379 3037 324 60 Columbia
1730 3039 372 72 university,
2134 3041 166 56 1925.

456 3118 59 52 vi,
550 3119 53 43 80
642 3134 39 36 p.
718 3118 100 44 incl.
855 3118 158 51 tables,
1050 3119 168 52 diagrs.
1278 3118 53 43 23½
1366 3120 47 17 cm
1421 3152 7 8 .
1499 3117 254 52 (Teachers
1791 3119 183 53 college,
2015 3119 235 45 Columbia
386 3119 1979 109 university.

632 3174 342 46 Contributions
1007 3184 45 37 to
1085 3175 251 51 education,
1365 3191 70 29 no.
1472 3173 103 52 172)

463 3233 246 44 Published
738 3233 96 45 also
864 3249 49 28 as
944 3232 140 45 thesis
1125 3234 17 53 (PH.
1310 3234 18 53 D.)
1369 3233 237 44 Columbia
1637 3234 263 53 university,
1935 3233 117 46 1925.

459 3289 354 54 Bibliography:
849 3305 40 38 p.
924 3290 65 44 66.

381 3344 53 54 ©
469 3347 115 49 June
622 3345 37 47 5,
698 3345 131 53 1925;
866 3347 64 42 2c.
967 3347 115 52 June
1116 3347 80 51 22;
1236 3346 79 43 aff.
1353 3346 114 53 June
1501 3346 79 53 26;
1620 3348 44 42 A
1701 3347 189 54 829873;
1929 3347 230 45 Teachers
2197 3348 188 53 college,

453 3401 236 45 Columbia
721 3403 135 52 univ.,
890 3403 117 43 New
1041 3403 143 43 York.
1254 3401 271 56 (25-13465)

382 3500 283 71 Perkins,
705 3502 289 57 Jeanette
1031 3502 226 73 Eloise,
1297 3504 90 57 ed.

458 3597 86 57 At
579 3596 209 57 school
814 3596 107 58 with
995 3598 104 57 the
1129 3596 180 71 great
1341 3598 307 71 Teacher;
1682 3619 36 38 a
1750 3599 215 59 Sunday
2039 3601 125 57 and
382 3600 1978 146 weekday

537 3694 236 51 course,
806 3675 302 71 complete
1137 3674 65 58 in
1233 3675 177 58 three
1438 3680 202 68 parts,
1671 3678 104 56 for
1806 3676 279 59 children
381 3697 1979 127 approximately

681 3750 169 71 eight
886 3772 188 50 years
1116 3754 68 58 of
1220 3772 133 54 age,
1391 3754 83 71 by
1512 3753 295 60 Jeanette
1844 3753 215 62 Eloise
2096 3755 285 73 Perkins,

380 3829 1934 63 in editorial collaboration with Frances Weld Danielson …
382 3908 259 67 Boston,
670 3906 288 69 Chicago,
989 3908 129 60 The
1144 3906 268 73 Pilgrim
1437 3928 181 52 press
1687 3910 164 69 [c1924]

383 3984 1977 102 xiii, 78, iv p ; , 1 l., 79-149, iv p., 1 l., 151-208 p. front. 27½c m . (Everyday
499 4040 231 46 Christian
756 4040 142 46 living
925 4039 165 47 series)
