2533 4412
0 0 0 0 446
456 491 268 52 cover-title,
755 492 55 44 48
837 507 40 38 p.
910 491 102 45 incl.
1043 491 129 50 illus.,
1203 498 116 46 port.
1379 491 52 43 23c
1457 493 29 16 m
1493 526 8 9 .

457 548 379 53 “Introductory”
863 549 181 53 signed:
1071 548 54 43 T.
1151 549 66 41 M.
1243 545 185 54 Finney,
1457 546 514 53 “Wahshowahgaley”.

387 605 53 54 ©
471 608 119 43 Mar.
618 607 69 52 26,
723 605 104 45 1925;
885 607 65 42 2c.
982 607 88 43 and
1099 606 79 43 aff.
1212 606 119 43 Mar.
1364 605 78 52 30;
1477 605 44 42 A
1553 602 189 55 826730;
1776 604 55 44 T.
1865 605 66 42 M.
1965 603 186 54 Finney,
456 604 1910 112 Bartlesville,
610 663 105 45 Okl.
785 662 244 55 (25-7849)

386 748 307 72 Fletcher,
731 749 240 73 Joseph
1004 747 224 73 Smith,
1264 750 191 56 1863-

465 842 128 59 The
636 841 135 57 mill
813 839 68 59 of
921 858 191 54 many
1152 839 317 72 windows,
1511 839 84 73 by
1636 839 60 59 J.
1744 838 61 61 S.
1850 839 309 60 Fletcher.
2243 841 150 59 New

385 921 192 71 York,
608 919 243 72 George
877 919 80 56 H.
986 918 219 57 Doran
1233 935 309 55 company
1570 946 15 45 [
1587 925 19 23 c
1608 919 167 73 1925]

455 997 83 45 338
563 1013 41 38 p.
667 997 51 45 19½
753 998 47 18 cm
807 1031 8 9 .
931 994 125 56 $2.00

386 1053 56 54 ©
466 1056 114 51 Apr.
605 1055 67 52 24,
703 1052 129 54 1925;
860 1055 65 41 2c.
951 1054 112 52 Apr.
1091 1053 78 52 29;
1200 1054 78 42 aff.
1306 1053 114 52 Apr.
1444 1053 79 53 28;
1552 1054 44 42 A
1620 1053 164 45 829101;
1846 1052 179 55 George
2050 1054 62 44 H.
2140 1054 159 44 Doran
2325 1069 65 29 co.

467 1110 245 56 (25-8909)

387 1198 294 72 Fortune,
713 1196 241 58 Alonzo
987 1195 289 59 Willard.

465 1287 224 72 Origin
715 1286 126 58 and
867 1286 437 72 development
1332 1285 68 58 of
1428 1286 105 57 the
1560 1285 333 75 Disciples,
1920 1289 84 71 by
2031 1289 240 58 Alonzo
2297 1290 97 58 W.

387 1363 1891 77 Fortune … St. Louis, Mo., The Bethany press, 1924.
458 1445 81 46 186
565 1460 43 39 p.
671 1444 50 46 17
729 1446 46 18 cm
782 1479 8 8 .

389 1502 53 54 ©
474 1503 107 52 July
611 1503 41 51 2,
689 1502 129 52 1924;
852 1502 65 42 2c.
950 1501 113 52 Apr.
1103 1501 74 51 13;
1213 1501 79 43 aff.
1327 1501 111 52 Apr.
1478 1502 74 52 11;
1589 1502 44 42 A
1669 1500 163 46 823709;
1899 1500 231 47 Christian
2163 1504 145 44 board
2342 1503 52 45 of

459 1559 135 53 publ.,
629 1558 65 47 St.
729 1558 152 49 Louis.
951 1556 244 56 (25-8389)

389 1646 200 75 [Frey,
626 1644 175 75 Karl]
839 1646 192 56 1880-

469 1740 130 57 Der
636 1738 556 72 kinderkreuzzug,
1234 1737 100 58 ein
1374 1757 221 39 roman
1632 1740 112 57 der
1820 1738 300 60 sehnsucht
2158 1739 66 57 in
2260 1741 137 59 vier

392 1817 275 60 büchern
721 1835 126 38 von
900 1815 271 57 Konrad
1227 1815 194 57 Falke
1483 1814 250 74 [pseud.]
1819 1817 50 55 2.
1932 1816 138 57 aufl.
2153 1816 244 73 Zürich,

393 1897 172 59 Orell
592 1895 233 71 Füssli,
858 1895 166 57 1924.

462 1977 306 44 2 V. 19 ½c m .
463 2033 127 48 Each
615 2031 182 47 volume
820 2032 82 45 has
930 2032 96 45 also
1054 2029 166 54 special
1247 2039 98 42 t.-p.

390 2083 1983 113 © Nov. 20, 1924; 1c. Mar. 19, 1925; A —Foreign 27453; Artistisches institut Orell Füssli. (25-10161)
391 2233 146 72 Fry,
574 2229 259 60 Charles
867 2229 254 72 Luther,
1157 2230 191 57 1894-

463 2322 61 56 A
555 2339 221 39 census
811 2318 279 72 analysis
1122 2318 67 57 of
1219 2317 340 58 American
1587 2317 265 74 villages;
1917 2320 187 74 being
2136 2342 36 37 a
2207 2324 187 72 study

389 2400 69 58 of
481 2400 106 58 the
612 2400 150 55 1920
789 2416 220 39 census
1036 2397 150 57 data
1211 2395 106 57 for
1343 2397 110 56 177
1478 2396 265 73 villages
1774 2400 316 57 scattered
2114 2419 150 38 over
2289 2402 107 58 the

388 2477 238 60 United
658 2477 232 71 States,
919 2474 84 73 by
1035 2473 65 60 C.
1130 2474 240 57 Luther
1399 2474 133 71 Fry;
1593 2475 152 56 with
1775 2475 220 75 tables,
2028 2478 211 58 charts
2272 2480 124 58 and

388 2574 200 55 maps.
671 2555 152 56 New
864 2553 190 74 York,
1097 2552 302 57 Institute
1444 2552 68 57 of
1556 2552 193 58 social
1791 2554 125 58 and
1957 2554 299 76 religious
391 2576 1980 118 research
641 2664 13 43 [
655 2642 20 22 c
678 2635 165 71 1925]

399 2709 2001 108 2 p. l., vii-xvi, 165 p. incl. illus. (maps) tables, diagrs. 22½ cm . (Half-title: Institute
808 2767 51 46 of
894 2767 139 45 social
1070 2768 88 43 and
1195 2765 214 54 religious
1448 2767 222 44 research.
1731 2769 245 44 American
2016 2769 168 54 village
2220 2772 183 52 studies,

397 2828 53 48 E.
478 2829 54 43 de
559 2827 45 47 S.
633 2827 220 49 Brunner,
881 2824 224 53 director)

465 2884 115 44 This
611 2884 181 44 volume
824 2882 192 44 consists
1049 2881 51 43 of
1131 2880 77 43 the
1240 2880 105 44 four
1376 2880 258 54 previously
1669 2880 235 54 published
1937 2883 252 54 pamphlets
2223 2884 178 55 dealing

399 2940 294 55 respectively
723 2939 112 44 with
864 2938 167 44 middle
1061 2937 219 51 Atlantic,
1313 2937 228 52 southern,
1570 2936 168 46 middle
1766 2946 195 37 western
1990 2941 88 44 and
2108 2941 73 44 far
2209 2948 191 38 western

396 2998 203 53 villages,
660 2996 58 53 cf.
750 2996 172 43 Introd.

395 3053 53 54 ©
484 3055 112 51 Apr.
637 3054 33 50 1,
710 3050 131 54 1925;
879 3051 65 43 2c.
981 3051 88 42 and
1102 3050 79 43 aff.
1219 3050 113 52 Apr.
1373 3050 73 51 16;
1486 3050 44 42 A
1566 3048 165 47 823807;
1797 3051 212 45 Institute
2046 3053 51 44 of
2134 3055 138 43 social
2309 3057 86 43 and

467 3110 216 53 religious
722 3107 222 44 research.
1015 3104 244 56 (25-8939)

393 3194 295 73 Gehring,
725 3192 240 74 Albert,
1004 3194 189 58 1870-

472 3274 130 57 The
648 3271 268 74 religion
961 3271 68 57 of
1073 3270 204 71 thirty
1322 3273 181 69 great
1550 3270 314 74 thinkers;
1913 3275 289 72 together
2249 3277 151 59 with

394 3352 473 58 miscellaneous
925 3367 217 52 essays
1197 3367 80 38 on
1330 3346 301 74 religious
1689 3348 295 74 subjects,
2038 3352 85 72 by
2175 3353 223 60 Albert

396 3430 295 71 Gehring.
775 3428 259 70 Boston,
1060 3426 214 71 Mass.,
1303 3425 308 58 Marshall
1636 3427 196 57 Jones
1858 3446 309 56 company
2194 3460 14 44 [
2211 3439 17 22 c
2232 3432 164 74 1925]

465 3503 353 55 xiii, 268 p. 19½cm
468 3562 204 46 “Partial
695 3562 76 44 list
792 3561 51 46 of
864 3559 208 54 writings
1097 3561 44 42 in
1165 3559 149 45 which
1335 3559 77 44 the
1436 3558 215 54 religious
1676 3560 139 44 views
1840 3561 51 44 of
1913 3562 74 45 the
2011 3578 102 30 men
2136 3565 262 46 considered

398 3622 44 43 in
467 3621 90 44 this
584 3620 121 44 book
730 3632 80 29 are
837 3617 90 44 laid
954 3615 161 46 down”:
1173 3631 35 37 p.
1243 3616 202 43 123-124.

398 3677 53 54 ©
480 3678 112 51 Apr.
627 3676 62 51 16,
723 3673 130 53 1925;
884 3675 64 43 2c.
982 3674 111 51 Apr.
1124 3674 79 51 24;
1237 3674 78 42 aff.
1347 3673 112 51 Apr.
1489 3673 79 51 22;
1601 3672 44 42 A
1678 3671 190 56 823878;
1903 3676 226 44 Marshall
2159 3679 137 52 Jones
2329 3695 65 29 co.

477 3732 243 58 (25-8871)

398 3820 246 69 Hanna,
679 3814 331 71 Meredith,
1049 3817 190 56 1874-
1397 3815 90 57 ed.

472 3897 226 57 Forms
727 3893 66 57 of
820 3892 145 58 civil
991 3891 277 71 practice
1293 3893 66 56 in
1384 3890 469 88 Pennsylvania;
1914 3914 36 37 a
1978 3896 322 59 collection
2330 3899 67 57 of

395 3975 202 58 forms
624 3973 108 57 for
756 3990 111 38 use
898 3969 67 57 of
995 3969 568 71 attorneys-at-law
1589 3968 67 57 in
1683 3969 105 59 the
1816 3971 145 57 civil
1988 3976 227 72 courts,
2246 3976 146 57 with
