2533 4412
1076 4057 110 58 567

141 404 268 71 Serviez,
444 405 269 71 Jacques
746 405 278 70 Roergas
1059 404 92 68 de,
1188 405 356 56 1679-1727.

218 495 128 57 The
391 495 242 56 Roman
678 513 379 53 empresses;
1104 493 103 57 the
1252 492 246 73 history
1545 492 68 57 of
1656 492 103 57 the
1805 492 157 57 lives
2008 493 117 56 and

141 575 198 54 secret
369 571 309 72 intrigues
713 571 67 57 of
810 571 103 58 the
941 569 190 58 wives
1166 570 68 57 of
1263 571 104 57 the
1399 570 220 57 twelve
1657 568 287 75 Caesars,
1980 569 149 57 with

140 648 322 58 historical
522 649 123 56 and
699 648 240 59 critical
996 650 179 54 notes
1233 650 82 69 by
1375 648 273 69 Jacques
1708 646 284 71 Boergas
2055 647 74 57 de

141 725 267 74 Serviez,
436 725 167 57 from
629 726 102 57 the
761 726 267 71 original
1055 724 381 59 translation
1462 724 158 59 done
1648 724 63 56 in
1740 725 148 57 1752
1916 724 79 71 by
2027 725 102 56 the

137 803 162 56 Hon.
345 804 200 70 Bysse
591 803 433 72 Molesworth;
1068 802 360 58 illustrated
1473 801 168 58 from
1684 800 323 75 paintings
2050 805 80 69 by

137 879 1968 137 Georges Rochegrosse … New York, Printed for members
316 959 123 57 and
474 962 263 69 patrons
777 960 67 56 of
881 961 104 56 the
1023 959 336 58 American
1397 957 540 73 anthropological
137 958 1967 149 society,
287 1037 164 57 1925.

204 1115 26 41 2
255 1130 40 26 V.
358 1113 181 51 fronts.,
567 1113 157 52 plates.
783 1113 54 46 25
845 1116 45 17 cm
898 1149 8 8 .

206 1169 168 44 Added
401 1168 274 54 title-pages,
705 1168 274 46 illustrated.

207 1223 126 46 “The
364 1226 100 44 first
493 1225 173 44 edition
697 1227 54 42 of
779 1226 91 44 this
900 1227 132 43 work
1063 1226 38 44 is
1131 1225 177 55 strictly
1337 1225 175 44 limited
1542 1233 47 36 to
1621 1240 86 28 one
1738 1224 231 45 thousand
137 1241 1975 85 numbered
301 1290 103 42 sets,

431 1283 52 42 of
508 1282 150 44 which
683 1281 90 44 this
801 1297 115 38 copy
938 1283 39 43 is
1001 1284 196 42 number
1220 1283 123 44 285.”

135 1337 53 53 ©
216 1340 111 51 May
357 1339 61 50 10,
452 1338 102 44 1925;
611 1339 62 43 2c.
702 1340 110 42 each
840 1340 87 43 and
953 1341 79 42 aff.
1064 1341 111 51 May
1208 1340 48 43 18;
1313 1340 46 42 A
1385 1338 159 47 855331;
1607 1339 248 43 American
204 1339 1899 108 anthropological

407 1395 181 52 society,
630 1395 82 42 inc.
777 1393 65 59 [©
881 1396 267 51 publisher’s
1189 1396 231 44 historical
1459 1402 117 46 note,
1615 1394 338 54 chronological
1993 1395 132 53 table,

205 1451 295 44 illustrations
534 1452 87 43 and
653 1452 226 52 engraved
911 1452 273 54 title-pages]
1256 1451 269 56 (25-10071)

138 1536 446 74 Shakespeare,
623 1538 252 72 Joseph.

215 1631 128 56 The
386 1631 288 65 bantams
716 1632 475 69 down-to-date;
1236 1652 35 37 a
1314 1632 272 57 detailed
1629 1630 384 71 description
2059 1632 66 56 of

137 1708 104 57 the
273 1707 218 71 colors,
527 1710 201 69 types,
766 1710 304 56 standard
1100 1710 212 70 points
1349 1708 123 57 and
1504 1707 262 72 weights
1802 1708 67 58 of
1905 1709 84 54 all
2021 1710 103 55 the

138 1784 339 59 exhibition
516 1786 506 56 bantams—how
1060 1791 62 53 to
1159 1790 166 53 mate
1364 1786 105 56 for
1504 1786 102 57 the
1643 1785 375 71 production
2057 1787 67 56 of

138 1863 84 57 all
267 1863 222 58 breeds
540 1865 124 57 and
709 1862 299 58 varieties
1059 1863 66 57 of
1174 1883 177 50 game
1400 1865 124 56 and
1574 1860 353 72 “variety”
136 1863 1964 148 bantams—inbreeding,

793 1941 220 57 double
1038 1939 260 72 mating,
1326 1942 103 56 the
1456 1938 310 72 founding
1792 1941 68 55 of
1889 1939 234 56 strains

137 2018 123 57 and
288 2018 103 58 the
419 2016 278 59 creation
725 2019 68 57 of
818 2037 135 39 new
982 2017 599 72 species—housing,
1613 2016 272 73 feeding,
135 2018 1961 149 hatching—fitting

582 2097 104 56 for
740 2094 340 59 exhibition
1133 2097 123 56 and
1308 2097 254 69 general
1610 2097 515 68 management—

137 2171 333 72 simplified
517 2171 327 73 doctoring
893 2175 67 56 of
1011 2173 128 57 sick
1186 2173 319 70 bantams;
1556 2173 162 69 fully
1766 2173 354 57 illustrated

134 2249 150 57 with
344 2248 476 72 reproductions
882 2251 166 57 from
1107 2250 112 57 life
1281 2251 123 57 and
1467 2248 298 72 specially
1826 2248 296 72 designed

138 2327 278 58 sketches
455 2329 81 68 by
575 2328 103 56 the
719 2329 242 55 author.
1042 2328 100 70 By
1179 2328 242 70 Joseph
1462 2327 449 70 Shakespeare.
135 2326 1965 148 Sellersville,

465 2405 252 69 Penna.,
757 2405 127 57 The
923 2406 160 56 Item
1118 2404 361 71 publishing
1516 2424 107 48 co.,
1664 2404 164 56 1925.

201 2477 83 45 256
315 2493 38 38 p.
387 2479 99 43 incl.
521 2479 123 43 front.
684 2479 166 53 (port.)
894 2479 114 43 illus.
1069 2479 82 43 col.
1185 2479 162 43 double
1380 2492 58 38 pl.
1497 2479 53 43 20
1557 2481 46 17 cm
1610 2512 10 9 .

134 2533 53 53 ©
218 2535 112 52 May
357 2535 68 50 29,
461 2533 127 54 1925;
620 2536 64 44 2c.
716 2536 115 51 June
862 2536 49 51 3;
945 2536 78 42 aff.
1055 2536 117 51 June
1199 2536 50 51 4;
1284 2535 44 42 A
1359 2534 189 52 855475;
1584 2535 115 43 Item
1729 2535 101 51 pub.
1862 2550 65 28 co.

212 2590 270 56 (25-10780)

139 2677 279 71 Shurter,
454 2677 225 58 Edwin
710 2679 100 56 Du
843 2677 165 72 Bois,
1045 2680 190 56 1863-
1393 2696 190 53 comp.

218 2770 223 58 School
469 2775 225 68 poetry
721 2772 102 56 for
853 2771 135 56 oral
1020 2772 382 71 expression,
1435 2770 304 72 compiled
1768 2772 123 58 and
1923 2770 205 59 edited

139 2848 1786 72 by Edwin Du Bois Shurter … and Dwight Everett
138 2849 1966 150 Watkins … New York, Noble and Noble [ c 1925]
210 3005 722 51 1 p. l., ix, [1], 264 p. 20 ½cm .
135 3057 53 53 ©
217 3059 110 52 May
357 3058 38 51 7,
427 3059 129 52 1925;
586 3060 64 43 2c.
680 3060 111 52 May
824 3060 72 52 14;
928 3060 78 43 aff.
1037 3061 111 51 May
1181 3059 74 52 16;
1286 3060 44 42 A
1360 3057 190 55 855190;
1583 3060 148 43 Noble
1761 3061 88 43 and
1878 3061 162 43 Noble.

212 3114 269 54 (25-10044)

138 3197 308 74 Simpson,
485 3198 221 60 Albert
744 3202 51 55 B
1109 3203 358 56 1844-1919.

216 3291 128 58 The
382 3290 213 58 Christ
630 3291 132 73 life,
795 3293 82 70 by
909 3292 150 57 Rev.
1095 3293 75 56 A.
1206 3293 71 55 B.
1317 3291 311 73 Simpson,
1667 3312 52 38 d.
1755 3313 71 51 d.,
1862 3293 150 58 with
2050 3314 77 37 an

135 3366 425 59 introduction
607 3369 82 69 by
731 3369 155 57 Rev.
934 3369 245 57 Walter
1230 3371 82 55 M.
1367 3370 321 72 Turnbull,
1739 3390 53 38 d.
1843 3391 53 36 d.
1980 3373 151 55 New

135 3444 191 70 York,
360 3443 320 66 Christian
712 3446 260 58 alliance
1006 3446 358 73 publishing
1400 3465 307 55 company
1740 3477 14 43 [
1757 3456 19 22 c
1779 3449 165 72 1925]

209 3521 74 42 121
314 3535 40 38 p.
417 3521 51 43 18
475 3525 45 16 cm
527 3556 9 8 .
604 3522 101 53 (On
738 3537 159 30 cover:
930 3521 100 46 The
1057 3523 212 44 Alliance
1297 3526 265 51 colportage
1593 3525 168 53 series)

208 3576 73 44 On
306 3591 162 29 cover:
497 3578 118 42 New
642 3578 173 44 edition
841 3579 109 45 with
981 3580 139 43 select
1147 3595 171 38 poems.

135 3631 53 53 ©
215 3634 111 52 May
351 3634 38 50 4,
419 3633 128 53 1925;
574 3635 64 43 2c.
666 3636 111 52 May
807 3637 45 41 11;
909 3637 78 42 aff.
1017 3638 110 51 May
1158 3638 72 48 12;
1259 3638 44 42 A
1330 3636 160 45 855061;
1551 3637 229 46 Christian
1807 3639 188 43 alliance
2024 3640 100 51 pub.

207 3704 64 28 co.
336 3688 66 54 [©
437 3705 99 28 new
572 3698 176 46 matter]
819 3691 269 56 (25-10233)

140 3772 210 70 Small,
399 3773 212 59 Cassie
654 3775 212 59 Paine.

137 3850 1960 148 How to know textiles, by Cassie Paine Small … Boston,
293 3928 1408 70 New York [etc.] Ginn and company [ c 1925]
