2533 4412
1155 4078 69 54 25

181 446 270 72 Kolmer,
493 446 169 58 John
696 444 240 73 Albert,
977 446 189 57 1886-

255 523 399 70 Laboratory
694 521 352 72 diagnostic
1085 519 305 71 methods,
1432 517 441 74 pathological,
183 517 1971 156 bacteriological,
509 599 370 72 serological
921 600 123 58 and

1084 597 326 71 chemical;
1453 620 36 37 a
1528 595 255 59 manual
1822 594 104 59 for
182 595 1972 158 physicians,
419 677 264 59 medical
731 678 287 57 students
1065 677 122 57 and
1233 676 370 69 laboratory
1647 673 402 72 technicians,
2097 676 82 69 by

183 752 1996 70 John A. Kolmer … and Fred. Boerner … New York,
180 836 278 70 London,
494 834 73 57 D.
602 834 324 73 Appleton
958 835 122 57 and
1115 850 324 55 company,
1477 830 166 60 1925.

250 913 85 44 xxi
362 928 56 39 p.,
449 914 18 41 1
517 948 22 17 l,
568 912 82 44 338
677 926 41 39 p.
777 913 55 41 22
839 915 46 17 cm
891 947 10 9 .

254 969 192 45 Printed
477 984 59 28 on
565 984 86 28 one
681 968 97 45 side
808 969 53 42 of
892 969 96 43 leaf
1021 968 120 52 only.

177 1023 1734 57 © Jan. 9, 1925; 2c. and aff. Jan. 15; A 815607; D. Appleton & co.
259 1082 242 55 (25-2149)

182 1170 344 71 Koopman,
562 1168 216 72 Harry
807 1168 257 72 Lyman.

258 1247 345 71 Hesperia;
630 1266 79 36 an
731 1246 338 56 American
1091 1244 282 57 national
1395 1263 200 54 poem,
1701 1279 142 36 VII-XII,
1862 1245 85 71 by
1962 1244 218 71 Harry

181 1325 242 72 Lyman
458 1325 352 70 Koopman.
889 1323 255 72 Boston,
1186 1323 213 72 Mass.,
1439 1323 309 57 Marshall
1785 1322 196 58 Jones
179 1340 1975 135 company
399 1403 165 73 [1924]

251 1478 659 51 3 p. l., 215-458 p. 20½ cm .
182 1533 53 54 ©
258 1536 117 42 Nov.
398 1535 69 52 20,
493 1535 129 51 1924;
646 1535 64 42 2c.
734 1534 87 43 and
845 1535 78 42 aff.
947 1535 99 52 Jan.
1069 1534 41 51 2,
1138 1532 129 53 1925;
1293 1534 44 42 A
1361 1532 188 54 814523;
1576 1534 61 43 H.
1663 1534 49 41 L.
1738 1533 256 52 Koopman,
252 1533 1909 110 Providence,
429 1593 52 42 R.
510 1592 35 42 I.

183 1677 220 70 Krebs,
446 1677 282 58 William
767 1677 251 58 Samuel,
1079 1679 190 56 1889-

260 1753 1856 75 Accounting laboratory manual, by William S. Krebs …
186 1833 152 57 New
360 1833 190 70 York,
578 1833 79 56 H.
685 1832 156 57 Holt
868 1835 122 56 and
1017 1850 307 54 company
1353 1861 13 43 [
1369 1840 18 22 c
1390 1831 166 74 1924]

255 1908 1930 55 3 p. l., 3-132 p. 21 cm . (Half-title: American business series. General
188 1967 162 53 editor,
379 1966 53 43 R.
461 1967 48 44 C.
539 1966 229 52 McCrea)

181 2022 56 54 ©
262 2024 107 45 Dec.
400 2022 47 45 15.,
492 2023 129 53 1924;
646 2025 67 43 2c.
742 2025 107 43 Dec.
875 2023 78 53 30;
980 2023 78 45 aff.
1084 2024 99 53 Jan.
1208 2024 40 54 2,
1277 2022 129 55 1925;
1433 2025 45 42 A
1503 2022 190 54 814500;
1722 2024 162 52 Henry
1912 2024 119 43 Holt
2055 2025 37 43 &
2116 2040 66 27 co.

263 2080 242 54 (25-1854)

185 2166 210 71 Lamb,
439 2166 273 71 Charles,
755 2169 358 56 1775-1834.

265 2247 184 57 Tales
483 2247 168 56 from
684 2246 453 72 Shakespeare,
1170 2247 83 72 by
1287 2246 259 60 Charles
1579 2249 125 56 and
1736 2247 186 72 Mary
1955 2247 227 71 Lamb;

186 2323 420 59 illustrations
656 2325 66 56 in
770 2326 168 56 color
988 2326 82 70 by
1119 2323 214 59 Frank
1384 2324 276 59 Godwin.
1743 2325 442 72 Philadelphia

190 2403 123 56 and
351 2401 288 73 Chicago,
679 2402 129 57 The
844 2402 170 57 John
1052 2401 64 59 C.
1154 2401 295 59 Winston
1483 2421 307 54 company
1826 2432 12 43 [
1840 2410 18 20 c
1863 2403 165 72 1924]

261 2478 1922 67 1 p. l., v-x, 13-323 p. col. front., plates (part col.) 21 cm . (Lettered
190 2550 59 28 on
274 2548 157 32 cover:
458 2535 99 44 The
582 2535 217 45 Winston
821 2535 252 51 clear-type
1099 2536 190 50 popular
1311 2536 211 50 classics)

186 2588 54 53 ©
268 2591 116 53 June
411 2590 38 51 3,
481 2589 129 50 1924;
641 2589 63 43 2c.
736 2589 100 44 Oct.
864 2589 51 51 4;
946 2588 78 43 aff.
1054 2588 99 53 Jan.
1182 2588 66 51 20,
1284 2588 129 52 1925;
1446 2590 44 42 A
1519 2587 165 46 815693;
1742 2589 121 54 John
1892 2589 48 45 C.
1972 2592 213 44 Winston

257 2662 65 27 co.
381 2644 66 55 [©
470 2661 98 28 new
596 2645 310 52 illustrations]
973 2644 242 55 (25-2139)

189 2716 276 69 Landau,
505 2716 179 58 Jane.

263 2794 160 57 Bess
439 2797 12 25 ’
473 2794 216 70 happy
709 2812 172 54 year,
903 2793 83 72 by
1008 2794 164 57 Jane
1193 2793 280 57 Landau.
1497 2796 8 9 ‘
1555 2794 258 73 Boston,
1842 2797 130 57 The
189 2795 1977 132 Cornhill

329 2870 363 73 publishing
722 2889 305 53 company
1059 2900 13 42 [
1073 2879 20 21 c
1096 2871 164 72 1924]

262 2946 1150 54 6 p. l ., [3]–308 p. col. front., plates. 19½ cm .
187 3002 56 54 ©
274 3003 121 53 Sept.
423 3005 56 47 22,
520 3004 106 43 1924;
678 3005 66 42 2c.
777 3002 119 52 Sept.
925 3002 79 53 25;
1036 3004 78 42 aff.
1143 3005 121 42 Mar.
1291 3004 69 51 28,
1393 3002 130 54 1925;
1555 3005 44 43 A
1628 3004 190 45 814531:
1851 3005 206 44 Cornhill
2087 3008 100 49 pub.

261 3076 63 27 co.
395 3059 213 55 (25-758)

191 3130 253 72 Larsen,
476 3133 153 57 Mrs.
667 3130 291 58 Caroline
989 3131 319 58 Dorothea
1348 3130 292 73 (Jensen)

273 3209 129 57 The
433 3207 377 74 goosegirl’s
839 3209 140 57 love
1012 3212 194 68 story,
1241 3210 123 56 and
1397 3208 178 58 other
1609 3211 247 71 stories,

792 3287 353 57 translated
1189 3286 169 58 from
1403 3286 105 58 the
1550 3288 243 58 Danish
1835 3290 83 71 by
1960 3290 229 58 Alfred

194 3365 260 71 Larsen,
495 3365 104 57 the
642 3363 270 72 English
952 3366 321 56 corrected
1318 3367 123 56 and
1484 3365 329 73 perfected
1852 3368 83 70 by
1974 3367 97 58 W.
2117 3369 72 55 E.

195 3442 1815 77 Aiken … Rutland, Vt., The Tuttle company [ c 1925]
266 3521 54 44 70
347 3535 40 38 p.
446 3521 55 43 23½
535 3521 46 18 cm
589 3554 8 9 .

269 3575 427 46 CONTENTS.—The
727 3576 273 53 goosegirl’s
1033 3577 103 44 love
1169 3575 302 55 story.—The
1503 3577 217 56 wedding
1754 3579 54 44 of
1841 3579 76 45 the
1950 3595 242 39 composer

198 3633 90 44 and
315 3633 76 44 the
420 3631 311 56 ghost.—The
763 3641 131 36 stone
922 3634 129 52 heap.

192 3687 57 54 ©
269 3692 98 50 Jan.
392 3689 37 53 5,
455 3689 129 53 1925;
610 3690 63 43 2c.
698 3691 87 42 and
807 3691 75 42 aff.
909 3692 100 50 Jan.
1036 3689 48 45 15;
1137 3691 44 43 A
1204 3689 189 53 815601;
1419 3691 154 45 Tuttle
1597 3709 64 27 co.
1723 3693 242 55 (25-2351)

196 3761 391 74 Leffingwell,
620 3761 284 60 William
937 3763 233 73 Henry,
1208 3765 189 57 1876-

275 3837 178 59 Office
480 3842 456 69 management,
964 3840 341 71 principles
1335 3842 122 56 and
1484 3843 294 70 practice,
1804 3844 84 71 by
1910 3844 278 58 William

198 3915 1993 78 Henry Leffingwell … Chicago & New York, A. W. Shaw
199 4012 334 54 company;
565 3997 147 70 [etc.,
741 3998 129 70 etc.]
901 3996 167 56 1925.
