2533 4412
1305 4081 109 57 508

347 424 378 71 Brennecke,
766 425 245 69 Ernest,
1053 427 192 56 1896-

420 516 130 57 The
591 514 112 60 life
747 516 69 58 of
856 517 273 57 Thomas
1167 513 246 74 Hardy,
1453 516 85 71 by
1576 516 236 58 Ernest
1851 514 381 76 Brennecke,
2275 516 78 72 jr.

349 594 152 57 New
525 593 193 71 York,
749 592 378 73 Greenberg,
1154 592 137 73 inc.,
1321 593 167 58 1925.

418 682 93 53 viii,
537 684 96 52 259,
663 685 52 46 [1]
746 698 42 39 p.
850 683 158 53 front.,
1036 684 148 53 plates
1211 684 48 53 (1
1290 683 111 54 col.)
1437 692 156 45 ports.,
1626 683 195 54 facsim.,
1850 685 177 52 geneal.
2056 684 90 43 tab.
2207 685 55 44 24½
2296 688 47 18 cm
2348 719 10 10 .

350 754 53 54 ©
441 757 118 42 Mar.
599 755 63 53 15,
700 755 130 53 1925;
864 757 65 42 2c.
967 756 119 43 Mar.
1127 756 74 53 19;
1237 757 81 42 aff.
1355 756 111 53 Apr.
1502 756 79 53 27;
1618 757 44 42 A
1696 756 191 53 829126;
1929 756 277 53 Greenberg,
420 756 1912 110 publisher,
603 814 83 42 inc.
756 811 271 57 (25-26435)

349 913 245 70 Brown,
639 912 213 73 Brian,
897 916 191 56 1881-
1246 915 91 58 ed.

431 1008 131 58 The
592 1007 262 58 wisdom
887 1009 68 57 of
987 1008 105 58 the
1124 1007 305 58 Hebrews;
1496 1006 166 60 their
1695 1005 380 75 philosophy
2107 1010 125 57 and
351 1029 1982 130 religions

624 1085 344 73 teachings,
1010 1086 165 58 their
1222 1084 257 74 sayings
1524 1088 124 57 and
1687 1086 327 73 proverbs,
2059 1107 69 38 as
2171 1087 189 58 taken

351 1165 172 59 from
557 1166 104 58 the
703 1166 282 71 Talmud,
1024 1165 105 58 the
1167 1165 157 58 lives
1365 1167 67 57 of
1469 1166 105 57 the
1615 1164 230 73 rabbis,
1887 1166 125 59 and
2048 1166 105 58 the
350 1166 1984 151 writings

533 1245 68 57 of
637 1243 338 73 Josephus,
1018 1243 292 72 Spinoza,
1351 1244 125 57 and
1511 1244 103 59 the
1651 1247 166 54 most
1853 1245 259 57 learned
2151 1245 66 56 of
2254 1245 104 59 the

351 1321 1985 154 Hebrews of the past, introduction by Maurice H. Farbridge …
717 1400 210 61 edited
958 1401 153 59 with
1146 1421 36 38 a
1215 1400 277 75 preface,
1526 1403 83 72 by
1642 1401 201 58 Brian
1876 1402 248 59 Brown.
2207 1404 151 58 New

350 1481 191 74 York,
569 1480 386 59 Brentano’s
989 1511 12 43 [
1002 1488 18 20 c
1025 1480 166 73 1925]

421 1573 103 45 xxii
550 1590 56 36 p.,
635 1576 18 42 1
702 1607 22 17 l.,
751 1573 97 51 280,
877 1575 53 47 [1]
960 1589 39 36 p.
1063 1574 157 51 front.,
1248 1581 140 44 ports.
1446 1574 52 43 21c
1526 1576 29 17 m
1562 1609 10 10 .

423 1644 363 53 “Bibliography
813 1644 89 44 and
932 1644 213 46 sources”
1162 1660 9 29 :
1203 1661 40 36 p.
1275 1645 109 47 [281]

348 1713 56 54 ©
428 1716 112 51 Apr.
566 1715 67 51 22,
664 1713 130 54 1925;
822 1714 65 43 2c.
913 1714 88 43 and
1029 1714 78 43 aff.
1135 1714 112 52 Apr.
1273 1713 80 53 24;
1380 1714 44 42 A
1452 1712 189 54 829056;
1672 1714 282 54 Brentano’s,
1984 1714 83 45 inc.

430 1769 244 57 (25-9536)

350 1872 247 71 Brown,
637 1870 182 59 Rollo
855 1870 261 73 Walter,
1156 1873 190 57 1880-

429 1964 133 57 The
596 1963 273 58 creative
908 1963 218 72 spirit;
1165 1982 80 38 an
1277 1962 258 73 inquiry
1565 1962 134 59 into
1734 1962 339 60 American
2108 1963 131 77 life,
2275 1966 83 74 by

350 2041 2009 76 Rollo Walter Brown … New York, London, Harper &
351 2121 310 73 brothers,
700 2122 167 56 1925.

420 2212 587 55 6 p. l ., 3-233 p. 21 cm .
353 2283 54 54 ©
436 2285 112 51 Apr.
580 2284 39 51 3,
651 2282 129 55 1925;
811 2285 66 42 2c.
906 2284 114 52 Apr.
1048 2283 51 53 4;
1132 2284 79 43 aff.
1240 2283 113 52 Apr.
1386 2282 49 54 6;
1469 2284 44 42 A
1543 2282 188 54 822768;
1766 2284 186 53 Harper
1979 2285 88 43 and
2096 2285 121 44 bros.

432 2339 244 56 (25-9455)

352 2442 260 73 Bryant,
653 2439 409 76 Marguerite.

432 2534 154 60 Mrs.
624 2534 235 72 Fuller,
896 2536 84 71 by
1014 2533 393 73 Marguerite
1440 2533 265 73 Bryant.
1788 2533 154 59 New
1974 2534 191 73 York,
354 2534 1983 139 Duffield

528 2616 126 58 and
681 2632 324 54 company,
1036 2611 167 66 1925.

425 2707 606 52 4 p. l ., 3-284 p. 19½ cm .
355 2774 54 54 ©
440 2776 112 52 Apr.
583 2776 65 51 28,
684 2774 105 45 1925;
847 2776 65 42 2c.
946 2775 112 53 May
1089 2775 51 52 8;
1174 2775 79 43 aff.
1285 2775 113 52 Apr.
1431 2775 78 52 30;
1544 2776 44 42 A
1622 2774 163 45 829335;
1848 2776 199 45 Duffield
2079 2777 39 45 &
2149 2794 66 28 co·.

434 2831 244 55 (25-9490)

356 2932 362 73 Carpenter,
760 2931 217 57 Frank
1011 2931 259 73 George,
1312 2932 360 58 1855-1924.

498 3021 1858 75 … Through the Philippines and Hawaii, by Frank G.
353 3099 1980 138 Carpenter … with more than 100 illustrations from original
491 3178 454 74 photographs.
1023 3177 254 60 Garden
1315 3176 163 76 City,
1515 3177 75 59 N.
1628 3177 94 76 Y.,
1759 3178 388 76 Doubleday,
2185 3181 171 75 Page

353 3257 47 58 &
427 3276 322 53 company,
780 3258 165 56 1925.

434 3337 80 43 xiv
557 3352 54 38 p.,
659 3339 18 42 1
743 3371 23 16 l.,
809 3337 82 43 314
936 3351 40 38 p.
1037 3335 152 51 front.,
1234 3334 156 55 plates,
1437 3342 138 46 ports.
1636 3336 52 43 23½c
1741 3337 29 18 m
1778 3371 9 9 .
1856 3335 317 55 (Carpenter’s
2217 3336 146 47 world

362 3392 193 54 travels)

431 3451 136 52 Maps
594 3465 58 29 on
678 3449 340 53 lining-papers.

357 3504 54 54 ©
439 3506 111 52 Apr.
579 3506 66 50 24,
680 3504 130 54 1925;
841 3506 64 43 2c.
936 3505 87 43 and
1052 3505 79 43 aff.
1163 3504 112 52 May
1304 3504 50 52 4;
1385 3505 44 42 A
1461 3504 188 52 829219;
1686 3503 284 55 Carpenter’s
2001 3505 145 46 world
2176 3508 181 51 travels,

427 3562 319 53 Washington.
815 3560 244 56 (25-9410)

359 3661 276 73 Cautela,
678 3661 331 74 Giuseppe.

433 3756 191 58 Moon
667 3754 278 73 harvest,
992 3754 84 72 by
1121 3752 320 75 Giuseppe
1488 3750 278 61 Cautela.
1850 3753 154 60 New
2047 3754 191 75 York,
2288 3756 67 57 L.

358 3833 382 72 MacVeagh,
783 3833 129 57 The
950 3832 148 58 Dial
1133 3851 201 54 press,
1375 3833 165 56 1925.

426 3909 552 55 4 p. l ., 253 p. 19½c m .
356 3967 54 54 ©
437 3969 111 50 Apr.
580 3965 61 52 15,
672 3965 130 54 1925;
860 3981 36 31 1c.
924 3966 111 53 May
1062 3965 49 54 6;
1168 3982 36 27 1c.
1231 3966 88 43 and
1336 3966 79 43 aff.
1432 3966 114 52 Apr.
1572 3964 78 54 22;
1679 3966 44 42 A
1749 3966 190 53 829281;
1969 3967 106 44 Dial
2103 3982 141 38 press,
2274 3968 82 44 inc.

439 4022 244 60 (25-9511)
