2533 4412
1041 4035 147 54 1217

128 478 73 43 for
233 479 221 51 graduate
483 478 201 43 students
714 484 78 36 not
820 476 237 54 intending
1086 486 49 35 to
1161 477 183 44 become
1373 476 563 46 mathematicians.—The
1968 493 159 30 source

127 535 89 44 and
256 533 227 45 functions
521 534 50 42 of
609 548 28 28 a
672 533 551 53 university.·—Research
1263 534 46 42 in
1347 534 245 44 American
1632 534 358 45 universities.—
126 535 1979 109 Principia

286 590 328 44 mathematica.
617 590 345 53 —Concerning
1005 590 202 52 multiple
1253 590 367 52 interpretations
1665 591 50 45 of
1758 592 224 53 postulate
126 606 1977 86 systems

275 649 87 42 and
394 648 76 43 the
506 646 279 44 “existence”
819 647 50 42 of
901 646 696 53 hyperspace.—Mathematical
1631 648 307 54 productivity
1971 650 46 43 in
2051 650 76 44 the

127 705 172 44 United
334 702 737 48 States.—Mathematics.—Man
1105 703 89 44 and
1229 702 458 47 men.—Educational
1739 706 141 44 ideals
1917 706 97 44 that
2048 719 79 31 are

126 768 119 37 most
275 760 183 53 worthy
490 759 49 44 of
572 759 182 53 loyalty.

127 817 53 53 ©
214 819 101 43 Oct.
352 819 62 50 14,
450 814 132 46 19251
614 817 64 42 2c.
712 817 87 42 and
831 817 78 42 aff.
947 817 100 43 Oct.
1085 814 73 55 17;
1194 816 44 43 A
1272 815 189 54 869565;
1501 816 239 47 Columbia
1770 819 120 44 univ.
1925 835 139 39 press.

205 872 269 58 (25-20846)

126 972 219 74 Kirby,
384 973 279 58 Richard
698 972 275 71 Shelton,
1012 975 189 56 1874-

195 1064 130 57 The
361 1064 468 57 fundamentals
868 1063 68 57 of
973 1063 383 57 mechanical
1390 1065 303 73 drawing,
1731 1067 81 71 by
1849 1067 275 59 Bichard

127 1141 1996 75 Shelton Kirby … 2d ed. New York, J. Wiley & sons,
123 1220 148 71 inc.;
309 1222 149 69 [etc.,
496 1222 130 69 etc.]
666 1219 166 56 1925.

193 1294 1181 55 xi, 103 p. illus., diagrs. 18 × 26 cm . $2.00
125 1353 53 53 ©
209 1355 101 43 Oct.
341 1352 35 53 7,
411 1352 129 52 1925;
571 1353 64 42 2c.
665 1354 87 42 and
783 1352 77 43 aff.
894 1353 101 43 Oct.
1031 1352 72 53 16;
1137 1354 43 41 A
1209 1352 189 53 869533;
1434 1355 52 42 R.
1524 1353 43 47 S.
1600 1354 161 54 Kirby,
1794 1357 117 44 New
1943 1357 176 51 Haven,

197 1411 139 44 Conn.
407 1408 269 57 (25-20835)

124 1510 221 72 Kleist,
386 1511 214 58 James
635 1509 315 74 Aloysius,
994 1513 188 56 1873-

198 1602 1920 77 A practical course in Latin composition … by James
123 1680 1994 76 A. Kleist … Bev. and enl. ed. Chicago, Ill., Loyola
123 1759 351 72 university
501 1776 203 55 press,
735 1759 166 58 1925.

188 1839 54 43 80
272 1852 41 35 p.
372 1837 56 45 20
434 1840 46 18 cm
485 1872 11 10 .

122 1889 54 54 ©
213 1892 101 43 Oct.
354 1892 61 51 12,
454 1889 131 53 1925;
622 1892 64 41 2c.
725 1891 101 43 Oct.
866 1890 90 52 17;*
980 1891 78 42 aff.
1098 1892 101 43 Oct.
1240 1891 73 51 16;
1351 1892 43 41 A
1431 1890 190 54 869542;
1662 1892 174 53 Loyola
1869 1890 120 46 univ.
2053 1893 67 53 [©

191 1947 276 52 alterations,
507 1947 223 43 additions
769 1948 86 42 and
893 1948 293 52 corrections]
1257 1946 271 56 (25-20625)

121 2030 316 73 Lovelace,
476 2030 217 60 Griffin
726 2031 70 57 M
1107 2034 191 57 1876-

189 2122 1865 73 Life insurance fundamentals, by Griffin M. Lovelace …
122 2202 148 57 Bev.
322 2201 92 57 ed.
516 2201 153 57 New
712 2201 174 57 York
933 2203 123 56 and
1103 2201 280 71 London,
1432 2202 257 72 Harper
1736 2202 49 59 &
1829 2204 291 58 brothers

121 2307 12 44 [
137 2286 18 22 c
158 2279 164 72 1925]

189 2357 75 50 vii,
296 2354 82 46 257
411 2371 40 38 p.
487 2356 100 43 incl.
619 2357 156 43 tables.
836 2357 49 41 21
897 2358 45 17 cm
951 2392 7 7 .
1022 2356 238 52 [Harper’s
1295 2356 79 45 life
1407 2356 237 46 insurance
1678 2358 186 53 library]

122 2412 53 53 ©
205 2414 100 43 Oct.
334 2414 65 52 20,
435 2412 128 53 1925;
596 2414 63 42 2c.
693 2414 101 43 Oct.
822 2414 79 51 20;
935 2414 79 42 aff.
1048 2414 100 43 Oct.
1179 2414 76 52 22;
1289 2415 43 41 A
1363 2413 188 53 872005;
1586 2416 184 52 Harper
1803 2417 37 42 &
1869 2416 119 43 bros.
2052 2413 67 55 [©

190 2485 98 28 new
317 2477 179 45 matter]
568 2468 270 55 (25-20961)

121 2555 276 73 Lowrey,
440 2554 332 58 Lawrence
816 2555 297 73 Tyndale,
1157 2558 189 57 1888-

194 2645 292 71 Syllabus
511 2646 66 56 in
606 2646 336 57 American
969 2647 476 57 constitutional
1468 2647 248 73 history
1745 2649 124 57 and
1895 2647 218 73 ideals,

115 2723 1997 73 by Lawrence T. Lowrey … and James Mussatti … Los
115 2801 291 73 Angeles,
437 2800 206 73 Calif.,
671 2803 164 55 1925.

184 2882 49 42 91
262 2896 40 37 p.
362 2883 25 41 21½
467 2884 30 17 m
504 2916 7 6 .

186 2936 216 45 Contains
435 2937 343 44 “References”.

120 2991 53 53 ©
206 2992 119 53 Sept.
358 2993 61 50 16,
453 2992 131 52 1925;
614 2994 64 42 2c.
708 2994 87 42 and
823 2994 78 42 aff.
934 2995 102 43 Oct.
1069 2993 47 52 5;
1149 2994 43 42 A
1222 2992 188 53 864956;
1443 2994 272 43 Associated
1745 2996 203 43 students
1980 3003 135 45 store,

190 3050 88 43 Los
311 3050 213 51 Angeles.
595 3048 269 56 (25-20272)

120 3135 380 73 McKeehan,
540 3136 244 58 Hobart
820 3136 300 58 Deitrich.

190 3227 130 58 The
359 3227 362 74 patrimony
761 3230 67 57 of
868 3229 133 70 life,
1043 3231 121 56 and
1207 3229 178 57 other
1428 3248 280 39 sermons
1750 3232 82 69 by
1871 3231 250 58 Hobart

117 3304 1933 74 D. McKeehan … introduction by Joseph Fort Newton …
118 3383 152 57 New
316 3383 191 71 York,
559 3383 269 73 Chicago
881 3389 145 67 [etc.]
1080 3384 288 72 Fleming
1417 3384 77 56 H.
1547 3385 218 58 Bevell
1813 3405 307 53 company

119 3489 12 44 [
135 3469 18 22 c
156 3462 163 74 1925]

190 3537 78 45 137
300 3554 40 38 p.
403 3540 52 44 19½
505 3541 29 18 cm
540 3573 9 9 .

119 3594 53 53 ©
203 3594 119 53 Sept.
351 3596 67 50 22,
451 3595 129 52 1925;
611 3597 63 42 2c.
705 3597 86 42 and
821 3597 79 42 aff.
932 3597 101 43 Oct.
1068 3597 73 50 14;
1174 3597 43 41 A
1247 3595 188 53 869435;
1470 3596 207 55 Fleming
1707 3599 62 41 H.
1802 3597 159 43 Revell
1991 3613 65 27 co.

198 3651 269 54 (25-20608)

120 3737 234 70 Marsh,
393 3737 238 74 George
671 3739 219 73 Tracy,
931 3742 190 57 1876-

193 3828 1916 76 Men marooned, by George Marsh … Philadelphia, The
114 3905 174 57 Penn
320 3907 362 73 publishing
713 3927 321 54 company,
1070 3909 163 56 1925.
