2533 4412
1334 4104 112 56 114

393 529 348 75 Episcopal
764 529 247 59 church.
1094 531 153 59 New
1271 531 192 72 York,
1493 529 376 75 Cincinnati,
1896 531 129 60 The
2056 532 346 59 Methodist

392 609 162 58 book
582 625 267 42 concern
881 637 14 45 [
895 616 22 24 c
919 609 166 73 1925]

460 687 83 43 236
571 701 39 38 p.
669 687 116 44 illus.
849 686 50 45 17
906 690 48 18 cm
959 723 10 9 .
1038 686 127 56 (The
1191 688 182 43 worker
1402 687 88 43 and
1517 687 132 44 work
1677 686 164 55 series)

391 742 55 54 ©
472 745 99 51 Jan.
598 744 66 52 30,
694 743 129 54 1925;
850 746 65 43 2c.
941 745 87 43 and
1054 746 79 42 aff.
1160 743 109 45 Feb.
1298 745 75 51 14;
1403 745 43 42 A
1472 744 190 53 823048;
1692 745 75 44 W.
1797 743 49 46 C.
1875 745 194 53 Barclay
2095 746 88 43 and
2209 745 190 53 Lyndon

465 800 154 44 Burke
647 800 174 52 Phifer,
853 800 268 45 Cincinnati.
1190 799 244 56 (25-4671)

391 888 155 72 Bell,
582 887 296 59 Elexious
913 889 374 73 Thompson,
1326 891 191 57 1880-
1674 890 93 58 ed.

475 982 1926 75 Outlines of pathology, by E. T. Bell … William A.
452 1060 1948 77 Riley … [and others] edited by E. T. Bell. Minneapolis,
391 1139 377 74 University
793 1141 67 60 of
887 1139 378 74 Minnesota,
1293 1140 167 58 1924.

461 1219 65 53 ix,
554 1219 84 47 586
662 1235 42 37 p.
762 1220 57 45 20
824 1222 48 18 cm
878 1256 10 10 .

468 1277 140 45 “This
641 1276 125 46 book
797 1283 254 46 represents
1084 1276 76 45 the
1191 1274 197 47 lectures
1421 1274 135 53 given
1588 1275 47 43 in
1666 1276 77 46 the
1774 1290 184 32 courses
1990 1276 47 45 in
2071 1278 252 53 pathology
2355 1287 46 38 at

394 1335 77 45 the
496 1333 269 48 University
791 1334 53 45 of
869 1331 305 47 Minnesota.”

393 1389 54 54 ©
479 1391 110 42 Dec.
626 1390 35 52 1,
695 1389 130 52 1924;
859 1389 66 43 2c.
960 1387 109 44 Feb.
1107 1387 62 53 14,
1207 1385 130 53 1925;
1373 1386 81 44 aff.
1487 1385 107 45 Feb.
1632 1387 74 52 13;
1743 1387 44 43 A
1822 1387 188 54 822035;
2048 1389 267 54 University
2350 1391 51 44 of

463 1447 275 44 Minnesota.
808 1443 244 57 (25-4468)

391 1532 306 71 Belmont,
740 1532 216 71 Perry,
998 1532 191 57 1851-

468 1610 302 58 National
813 1609 299 58 isolation
1157 1628 78 37 an
1278 1606 288 72 illusion;
1611 1607 285 73 political
1937 1609 465 74 independence

391 1693 110 54 not
535 1689 330 70 isolation;
902 1686 564 72 interdependence
1505 1686 68 58 of
1609 1686 105 57 the
1751 1686 239 59 United
2027 1687 212 60 States
2279 1691 125 58 and

392 1768 275 72 Europe,
700 1767 86 72 by
817 1766 207 71 Perry
1055 1764 308 58 Belmont.
1440 1763 152 58 New
1622 1763 177 58 York
1830 1765 49 57 &
1909 1764 280 75 London,
2225 1767 70 60 G.
2329 1768 70 58 P.

392 1847 335 58 Putnam’s
762 1863 165 52 sons,
959 1843 167 58 1925.

462 1925 78 53 xii,
573 1924 77 44 631
684 1938 40 38 p.
784 1922 53 45 23½
873 1924 47 18 cm
926 1956 10 10 .

464 1979 315 46 “Authorities
809 1977 288 47 consulted”:
1127 1992 41 39 p.
1197 1977 206 45 603-609.

726 2037 337 46 CONTENTS.—Formation
1091 2037 51 44 of
1171 2034 514 55 parties.—Disruption
1710 2037 89 45 and
1825 2037 200 45 survival
2054 2037 52 47 of
2132 2038 76 46 the
393 2040 1989 103 Democratic

572 2093 474 57 party.—Continuity
1084 2093 52 46 of
1174 2094 603 52 interdependence.—Land
1819 2094 149 45 forces
2009 2096 86 43 and
2135 2111 77 30 sea
2249 2111 154 39 power

393 2154 178 54 equally
607 2149 373 57 military.—The
1019 2152 181 52 League
1238 2150 52 45 of
1324 2150 178 44 nations
1539 2152 87 43 and
1664 2151 170 52 empire
1869 2151 532 55 policy,—Appendices:

416 2247 10 9 I.
456 2211 101 45 The
589 2211 218 44 abolition
839 2209 50 45 of
922 2209 77 45 the
1031 2223 184 39 secrecy
1247 2208 52 45 of
1332 2216 133 45 party
1501 2208 135 44 funds
1681 2208 194 54 (Senate
1906 2210 239 44 document
2178 2226 72 30 no.
2286 2210 107 54 495)

435 2304 10 9 II.
478 2268 304 53 Repudiation
810 2267 51 44 of
889 2266 74 44 the
992 2266 149 44 action
1170 2265 52 45 of
1251 2265 76 45 the
1361 2263 200 55 Chicago
1592 2265 291 53 convention;
1919 2268 186 43 address
2136 2277 47 35 to
393 2270 1989 109 constituents,

577 2324 108 54 July
724 2325 69 52 24,
839 2323 117 45 1896.
1018 2322 297 54 Resignation
1359 2323 124 43 from
1523 2322 75 45 the
1642 2323 290 45 Democratic
1975 2332 117 36 state
2132 2327 271 50 committee,

395 2382 265 54 September
699 2379 36 53 5,
781 2381 118 44 1896.
1023 2416 8 8 III.
1066 2381 220 43 Personal
1324 2389 297 44 government
1660 2395 52 29 or
1751 2381 235 45 executive
2024 2381 178 46 officers
2241 2382 162 46 before

394 2439 256 54 Congress;
681 2439 186 43 address
895 2437 160 45 before
1085 2437 77 44 the
1187 2436 248 45 American
1462 2437 104 45 club
1592 2437 52 45 of
1672 2436 147 53 Paris,
1849 2438 108 53 July
1984 2439 40 51 2,
2056 2439 120 44 1914.
2239 2439 163 47 Senate

393 2498 267 49 document;
688 2496 135 43 letter
847 2504 49 36 to
921 2494 76 45 the
1024 2494 114 44 Vice
1168 2494 251 53 President,
1450 2494 198 45 inserted
1673 2495 44 43 in
1744 2494 75 45 the
1849 2494 349 55 Congressional
2228 2496 174 54 record,

394 2553 166 44 March
586 2550 66 55 25,
687 2551 117 46 1916.

392 2609 54 55 ©
472 2610 100 54 Jan.
598 2611 66 52 23,
698 2608 132 55 1925;
859 2610 64 44 2c.
952 2609 99 54 Jan.
1078 2607 80 56 27;
1190 2609 78 44 aff.
1298 2607 107 46 Feb.
1434 2609 24 44 6
1475 2624 8 38 ;
1516 2609 43 43 A
1588 2607 192 55 815956;
1814 2609 50 45 P.
1897 2610 224 54 Belmont,
462 2610 1914 103 Washington.
623 2666 245 57 (25-3730)

389 2755 286 70 Bennett,
717 2753 243 71 George
1000 2751 294 73 Edward,
1336 2753 191 57 1889-

468 2830 328 74 Auditing,
847 2849 79 38 an
971 2828 428 59 introduction
1446 2832 65 55 to
1558 2828 295 73 practice,
1901 2830 84 72 by
2033 2830 244 74 George
2325 2833 72 57 E.

392 2906 1935 77 Bennett … New York, The Macmillan company, 1925.
463 2989 51 43 ix
539 3002 56 39 p.,
623 2989 19 42 1
692 3022 23 17 l.,
742 2984 81 47 377
850 3001 40 38 p.
951 2986 145 44 forms
1132 2986 48 53 (1
1211 2984 136 53 fold.)
1414 2985 54 43 22½
1504 2987 47 18 cm
1557 3020 8 8 .

392 3046 54 54 ©
471 3046 106 44 Feb.
608 3044 62 52 17,
699 3030 129 67 1925;
856 3046 65 42 2c.
947 3044 87 43 and
1060 3044 79 43 aff.
1166 3043 106 45 Feb.
1303 3043 74 52 18;
1405 3042 44 43 A
1475 3041 190 54 822100;
1695 3043 268 44 Macmillan
1989 3059 66 29 co.

472 3100 243 58 (25-4882)

392 3186 283 73 Bianchi,
709 3188 154 57 Mrs.
899 3184 257 60 Martha
1191 3183 243 61 Gilbert
1477 3182 403 76 (Dickinson)

472 3268 128 57 The
655 3265 369 72 wandering
1075 3264 197 69 Eros;
1326 3281 234 53 poems,
1612 3263 83 70 by
1747 3262 256 59 Martha
2057 3264 343 61 Dickinson

392 3345 283 59 Bianchi.
777 3344 241 57 Boston
1052 3344 124 57 and
1207 3342 154 58 New
1392 3340 190 74 York,
1617 3341 343 73 Houghton
1993 3341 217 58 Mifflin
391 3363 1985 135 company,
614 3423 166 56 1925.

464 3497 756 57 xii p., 2 l., [3]—115 p. 19½ cm .
394 3559 54 55 ©
476 3559 108 45 Feb.
615 3559 61 51 13,
709 3556 130 54 1925;
869 3558 65 42 2c.
963 3556 108 44 Feb.
1106 3557 73 52 16;
1212 3557 78 43 aff.
1319 3554 108 46 Feb.
1460 3556 74 51 14;
1567 3554 44 43 A
1641 3554 187 53 823096;
1863 3555 65 44 M.
1959 3555 56 44 D.
2049 3555 201 52 Bianchi,
463 3557 1911 111 Amherst,

632 3616 144 42 Mass.
845 3611 243 57 (25-4402)

393 3699 348 72 Blamfield,
782 3696 276 60 Charles.

469 3778 190 59 Basic
699 3775 177 74 aims,
914 3774 314 76 versified,
1268 3775 84 72 by
1392 3772 259 61 Charles
1691 3772 347 61 Blamfield.
2140 3774 259 76 Boston,

395 3860 130 56 The
554 3855 225 71 Bailey
807 3873 201 53 press,
1042 3855 166 56 1925.

464 3931 649 55 2 p. l, 7-69, [1] p. 20 cm .
395 3992 54 54 ©
477 3992 106 44 Feb.
636 3991 40 50 12,
705 3989 133 53 1925;
866 3991 65 41 2c.
959 3987 107 46 Feb.
1099 3989 73 52 16;
1202 3989 79 43 aff.
1310 3987 106 45 Feb.
1450 3987 75 53 14;
1553 3987 44 43 A
1625 3986 189 53 823092;
1847 3985 49 46 C.
1926 3988 254 52 Blamfield,
2210 3988 184 44 Boston.

475 4047 244 55 (25-4403)
