2533 4412
1102 4036 148 57 1427

180 476 148 55 1924
364 476 125 57 and
523 477 147 55 1925
705 475 152 57 with
891 474 120 57 full
1047 475 421 73 annotations,
1502 476 203 57 under
1740 476 104 57 the
1882 475 294 59 editorial

182 553 396 71 supervision
623 553 68 57 of
736 552 269 58 Thomas
1052 552 287 58 Johnson
1384 551 228 60 Michie
1658 552 274 60 assisted
1971 554 85 72 by
2096 554 76 57 A.

179 631 273 57 Hewson
495 630 243 57 Michie.
824 628 526 75 Charlottesville,
1393 630 135 73 Va.,
1575 631 130 59 The
1746 631 227 58 Michie
178 651 1972 131 company,
393 710 165 55 1925.

247 787 92 50 xiv,
368 787 77 48 861
475 802 39 38 p.
575 787 52 44 23½
664 789 45 17 cm
717 822 7 7 .

182 842 52 54 ©
261 844 117 44 Nov.
403 843 66 52 20,
500 842 129 53 1925;
657 843 63 45 2c.
748 843 86 44 and
860 843 78 43 aff.
966 843 118 44 Nov.
1110 843 77 53 24;
1216 842 45 44 A
1287 840 188 56 872573;
1506 841 170 48 Michie
1702 859 66 30 co.

261 899 268 56 (25-24074)

183 984 248 73 Nyvall,
465 984 240 59 Albert.

180 1075 1977 151 … The theory of correct bidding as exemplified in practice by recognized
841 1158 251 67 experts
1127 1155 67 57 of
1225 1153 252 59 auction
1507 1153 220 74 bridge
1761 1156 124 57 and
1915 1156 269 57 reduced

180 1236 62 53 to
278 1251 36 37 a
347 1232 219 71 simple
601 1235 234 68 system
868 1231 104 58 for
1004 1233 104 56 the
1138 1229 229 60 benefit
1400 1232 68 58 of
1498 1232 105 58 the
1638 1251 269 54 average
1940 1232 242 74 player,

179 1310 83 71 by
289 1310 225 57 Albert
600 1310 187 71 Nyvall.
874 1308 247 74 College
1153 1309 207 72 Point,
1390 1310 67 57 L.
1488 1310 70 73 I.,
1588 1310 74 58 N.
1693 1310 94 72 Y.,
1820 1311 130 59 The
179 1311 1979 150 Dragner-Nyvall
580 1406 84 39 co.
703 1416 13 45 [
719 1396 18 21 c
741 1389 164 72 1925]

255 1464 362 55 133 p. 17½ cm .
251 1525 66 42 At
341 1524 117 44 head
484 1523 50 44 of
559 1523 123 45 title:
713 1522 175 47 Second
914 1523 181 44 edition.

181 1579 53 54 ©
267 1581 99 44 Oct.
402 1581 62 51 10,
499 1579 129 53 1925;
659 1581 65 42 2c.
758 1580 117 43 Nov.
908 1580 50 50 2;
992 1580 78 42 aff.
1105 1580 117 43 Nov.
1260 1580 73 52 18]
1369 1581 41 42 A
1443 1579 189 55 872509;
1668 1582 411 53 Dragner-Nyvall
2111 1598 67 29 co.

260 1636 268 55 (25-24252)

184 1722 362 74 O’Laverty,
583 1723 208 72 Hugh.

250 1814 129 56 The
413 1812 198 74 living
643 1832 329 53 presence;
1008 1813 103 58 the
1147 1812 292 59 intrinsic
1473 1814 181 57 value
1693 1814 68 58 of
1795 1816 103 56 the
1935 1816 246 58 blessed

182 1891 333 71 eucharist,
557 1893 84 70 by
681 1892 151 56 Rev.
876 1890 192 73 Hugh
1111 1890 378 73 O’Laverty.
1572 1891 152 58 New
1766 1892 191 75 York,
2003 1894 69 56 P.
2117 1894 62 59 J.

179 1971 266 71 Kenedy
480 1969 49 58 &
565 1988 143 38 sons
749 2000 12 44 [
763 1977 19 21 c
786 1969 164 73 1925]

249 2049 74 52 vii,
357 2049 77 44 148
463 2063 41 38 p.
566 2049 49 43 19½
650 2050 47 18 cm
703 2082 10 10 .

181 2104 52 54 ©
267 2106 118 43 Nov.
416 2107 39 50 2,
489 2103 130 54 1925;
651 2105 64 42 2c.
750 2104 86 43 and
869 2103 77 44 aff.
981 2104 124 43 Nov..
1131 2103 78 53 27;
1245 2103 44 43 A
1320 2102 189 55 872605;
1547 2106 49 42 P.
1632 2106 39 52 J.
1707 2105 193 54 Kenedy
1933 2107 37 44 &
2004 2121 116 29 sons.

259 2161 268 55 (25-24791)

182 2245 222 74 Olcott,
445 2247 273 57 Frances
758 2244 282 61 Jenkins.

180 2338 1973 140 Wonder tales from China seas, by Frances Jenkins Olcott …
491 2416 421 59 illustrations
980 2416 248 72 (except
1284 2410 440 80 frontispiece)
1789 2421 82 69 by
1927 2420 248 73 Dugald

182 2498 273 58 Stewart
483 2495 273 59 Walker.
839 2496 151 56 New
1020 2494 173 57 York
1226 2497 146 69 [etc.]
1406 2495 378 72 Longmans,
1817 2496 204 60 Green
2054 2499 123 57 and

178 2594 107 53 co.,
317 2574 165 61 1925.

247 2650 129 53 xviii,
403 2652 84 46 238
514 2667 42 35 p.
615 2651 84 44 col.
729 2651 154 50 front.,
915 2651 120 45 illus.
1097 2651 53 46 19½
1182 2652 47 19 cm
1235 2686 8 9 .

177 2705 56 54 ©
265 2707 119 43 Nov.
420 2708 62 50 14,
517 2704 131 53 1925;
679 2705 67 43 2c.
778 2705 118 43 Nov.
928 2704 79 53 27;
1042 2705 80 43 aff.
1155 2705 119 43 Nov.
1306 2705 78 53 24;
1420 2706 43 42 A
1494 2704 191 55 872595;
1722 2706 270 54 Longmans,
2030 2706 147 45 Green

250 2764 86 43 and
369 2779 67 28 co.
504 2760 268 56 (25-24607)

182 2848 401 75 Oppenheim,
624 2848 276 58 Edward
936 2846 286 74 Phillips.

259 2929 128 56 The
428 2927 276 57 ex-duke.
785 2927 173 70 chap.
1001 2928 70 55 15
1122 2925 404 72 (contd.)-19.
1610 2928 33 55 6
1682 2926 417 59 instalments.

253 3006 81 50 (In
361 3007 185 40 London
575 3005 141 51 Daily
744 3003 214 52 express)

181 3057 1994 56 © 1c. each Dec. 12, 1925; A ad int. 7532; pubd. Oct. 14-17, 19, 20; E. P.
253 3116 291 54 Oppenheim,
577 3115 190 53 Cagnes,
797 3114 439 53 Alpes-Maritimes,
1266 3113 186 44 France.

182 3205 255 67 Passon,
474 3203 242 73 Marga.

252 3279 326 72 Blaubart,
616 3298 217 38 roman
868 3297 121 39 von
1025 3278 227 72 Marga
1285 3278 262 57 Passon.
1629 3278 236 74 Berlin,
1900 3280 272 59 Ullstein

182 3389 13 43 [
195 3367 21 23 c
220 3360 163 73 1925]

247 3437 93 51 218,
372 3437 53 47 [1]
457 3451 40 38 p.
556 3435 54 44 20
617 3438 45 18 cm
671 3471 7 8 .

181 3488 1624 58 © Apr. 3, 1925; 1c. Oct. 10; A—Foreign 28945; Ullstein a. g.
260 3547 270 56 (25-25425)

183 3636 174 71 Paul,
396 3633 198 58 Adolf
633 3633 221 72 Georg,
898 3634 188 56 1863-

256 3712 128 57 Der
412 3710 138 57 teuf
555 3711 55 56 el
633 3710 85 56 im
748 3708 138 71 exil,
913 3708 284 58 novellen
1225 3726 121 38 von
1374 3707 196 58 Adolf
1598 3709 176 57 Paul.
1844 3710 326 75 München,

179 3791 75 57 A.
283 3791 275 71 Langen,
588 3789 167 56 1925.

247 3869 78 46 271
356 3885 39 38 p.
458 3870 50 43 19
514 3870 46 18 cm
568 3903 8 9 .

182 3919 1705 59 © July 25, 1925; 1c. Oct. 10; A—Foreign 28931; Albert Langen.
261 3981 267 55 (25-25422)
