2533 4412
1003 4059 146 56 1181

157 505 111 51 xvii,
286 505 79 45 307
390 522 38 37 p.
479 505 118 44 illus.
648 507 55 43 26½
738 509 46 18 cm
790 542 9 10 .
861 506 236 55 (Surgical
1115 508 319 53 monographs,
1452 509 142 44 under
1613 510 75 43 the
1704 508 208 45 editorial
91 525 1973 81 supervision

255 563 1143 56 of D. Lewis … E. H. Pool … A. W. Elting)
147 618 351 54 Bibliography:
532 635 40 37 p.
593 620 206 45 298-299.

90 675 52 53 ©
174 677 121 51 Sept.
325 678 67 50 30,
425 676 129 53 1925;
584 678 65 42 2c.
680 678 102 44 Oct.
813 677 48 53 6;
895 679 78 42 aff.
1006 679 100 44 Oct.
1140 678 48 53 7;
1221 679 44 42 A
1296 678 188 53 864988;
1518 680 56 42 D.
1607 679 229 53 Appleton
1867 680 38 44 &
1934 695 65 29 co.

169 732 269 55 (25-20075)

91 832 267 58 Federal
400 831 243 59 council
686 832 67 58 of
797 832 103 58 the
947 834 299 57 churches
1293 833 67 58 of
1407 832 212 60 Christ
1662 834 68 58 in
1774 834 310 58 America.

164 912 182 71 Dept,
383 912 67 70 of
479 913 289 55 research
800 913 125 58 and
958 911 344 60 education.

86 1000 1978 136 … The prohibition situation. New York city, Department
297 1079 68 56 of
403 1079 293 57 research
735 1080 123 56 and
899 1081 346 72 education,
1287 1081 271 57 Federal
1597 1082 239 57 council
1877 1082 66 58 of
1983 1083 104 57 the

86 1155 295 58 churches
417 1157 66 56 of
517 1155 213 59 Christ
759 1157 67 56 in
854 1157 294 66 America
1183 1188 12 43 [
1198 1167 18 22 c
1220 1160 164 72 1925]

156 1232 52 44 83
231 1249 40 37 p.
331 1233 166 52 diagrs.
562 1233 52 43 19½
647 1236 46 17 cm
699 1269 9 8 .
778 1234 93 54 (Its
895 1235 229 43 Research
1147 1235 187 44 bulletin
1356 1251 71 28 no.
1452 1235 50 53 5)

87 1290 52 53 ©
170 1291 120 53 Sept.
321 1290 63 54 15,
415 1289 129 54 1925;
572 1292 64 42 2c.
666 1292 88 43 and
780 1292 79 43 aff.
892 1291 120 53 Sept.
1040 1292 78 52 25;
1149 1294 45 42 A
1222 1292 189 53 864776;
1442 1291 51 45 F.
1523 1291 167 48 Ernest
1715 1293 219 53 Johnson,
1966 1294 116 43 New

156 1348 142 44 York.
368 1347 269 55 (25-20484)

89 1436 129 56 The
251 1434 267 58 Federal
549 1437 306 70 reporter.
931 1435 242 59 Second
1207 1436 212 58 series.
1460 1435 191 60 Cases
1688 1438 239 71 argued
1961 1438 124 56 and

164 1513 389 57 determined
588 1513 68 57 in
693 1514 102 56 the
839 1512 241 59 Circuit
1117 1518 211 53 courts
1371 1514 67 57 of
1479 1514 259 72 appeals
1780 1516 124 56 and
163 1514 1894 133 District

345 1593 210 54 courts
590 1590 68 57 of
689 1591 104 57 the
826 1591 236 57 United
1099 1590 211 58 States
1347 1593 124 56 and
1504 1592 103 57 the
1646 1590 198 59 Court
1875 1591 68 58 of
162 1610 1895 128 appeals

387 1668 69 56 of
500 1668 102 56 the
651 1668 267 57 District
969 1668 66 56 of
1087 1667 341 74 Columbia,
1476 1669 155 57 with
1675 1669 406 72 key-number

164 1724 1917 94 annotations … v. 4 (2d) May-July, 1925. St. Paul,
161 1822 178 57 West
365 1822 365 73 publishing
756 1841 106 53 co.,
892 1824 165 55 1925.

153 1899 141 50 xxvii,
332 1897 102 44 1071
468 1913 40 37 p.
567 1898 55 43 26
628 1901 46 17 cm
681 1934 9 8 .

85 1952 53 54 ©
172 1953 120 54 Sept.
324 1955 39 51 9,
397 1954 129 52 1925;
559 1955 64 43 2c.
658 1955 118 43 Nov.
813 1955 73 52 10;
922 1955 78 43 aff.
1033 1955 120 44 Nov.
1186 1955 50 52 9;
1270 1956 44 42 A
1346 1955 190 53 872378;
1570 1957 136 44 West
1738 1957 100 51 pub.
1872 1971 66 29 co.

87 2040 257 70 Fenton,
379 2042 152 56 Mrs.
568 2040 203 57 Jessie
806 2041 68 56 M
1195 2041 260 73 (Chase)

160 2134 59 56 A
261 2133 306 72 practical
607 2135 387 72 psychology
1039 2135 68 56 of
1147 2134 359 71 babyhood;
1552 2135 103 59 the
1701 2135 238 57 mental
82 2132 1974 150 development

475 2210 124 57 and
633 2213 236 55 mental
902 2211 266 72 hygiene
1208 2213 68 57 of
1313 2213 103 57 the
1452 2211 141 58 first
1629 2215 121 55 two
1785 2229 189 54 years
2012 2210 68 59 of

83 2287 1995 74 life, by Jessie Chase Fenton … Boston and New York,
84 2365 342 74 Houghton
455 2360 214 63 Mifflin
699 2384 323 54 company,
1054 2367 165 57 1925.

151 2442 91 51 xvi,
272 2446 81 43 348
379 2459 41 35 p.
484 2443 150 50 front.,
664 2443 156 51 plates.
880 2445 50 42 21
939 2447 16 17 cm
994 2480 8 8 .

153 2500 176 44 “Blank
354 2502 74 44 for
450 2498 242 52 recording
715 2500 75 46 the
814 2503 316 48 development
1151 2502 51 44 of
1227 2517 26 29 a
1277 2499 176 47 child”:
1481 2514 40 37 p.
1565 2499 224 49 [315]-341.

154 2557 69 43 “A
248 2557 121 44 brief
394 2555 196 47 selected
615 2555 317 52 bibliography
958 2572 58 30 on
1044 2555 120 47 child
1190 2556 337 51 psychology”:
1554 2571 41 37 p.
1625 2554 236 51 [343]–345.

82 2607 54 55 ©
171 2609 101 45 Oct.
305 2610 37 51 2,
383 2608 103 46 1925;
547 2611 64 43 2c.
647 2611 87 44 and
768 2610 79 45 aff.
883 2611 102 44 Oct.
1021 2610 49 53 5;
1105 2611 46 43 A
1186 2608 190 56 864953;
1413 2611 41 53 J.
1492 2610 48 45 C.
1577 2609 188 54 Fenton,
1803 2610 113 45 Palo
1953 2609 124 52 Alto,

155 2666 134 47 Calif.
356 2666 272 55 (25-20396)

87 2751 355 65 Frederick,
481 2755 151 56 Mrs.
678 2751 314 58 Christine
1041 2751 390 74 (McGaffey)
1480 2754 148 58 1883–

159 2841 283 58 Efficient
469 2842 492 72 housekeeping;
994 2861 89 51 or,
1113 2842 369 57 Household
1512 2842 424 73 engineering,
83 2841 1976 135 scientific

84 2919 1974 151 management in the home, by Mrs. Christine Frederick … a correspondence
1058 3017 217 38 course
1322 3018 77 37 on
1441 2997 103 58 the
1588 2998 384 71 application
2015 2999 68 57 of

83 3075 101 58 the
209 3075 343 72 principles
579 3077 66 57 of
672 3077 307 71 efficiency
1005 3075 406 73 engineering
1437 3077 124 56 and
1589 3075 300 59 scientific
84 3096 1973 131 management

406 3159 64 53 to
508 3155 104 58 the
652 3172 190 54 every
877 3156 125 71 day
1037 3155 176 58 tasks
1253 3154 67 58 of
1357 3154 481 73 housekeeping.
84 3153 1972 152 Chicago,

285 3233 334 57 American
655 3234 207 58 school
895 3234 66 57 of
991 3234 181 56 home
1203 3233 362 63 economics,
1598 3235 165 55 1925.

150 3309 1420 55 4 p. l., 7-527 p. front., illus. (incl. plans) plates. 20 cm .
153 3366 269 54 Previously
444 3366 236 54 published
703 3369 142 43 under
869 3367 124 46 title:
1027 3367 269 45 Household
1323 3368 301 52 engineering.

151 3423 351 54 Bibliography:
536 3438 39 38 p.
600 3423 205 46 517-519.

79 3480 57 53 ©
173 3482 100 44 Oct.
314 3483 34 46 1,
388 3481 127 51 1925;
555 3483 64 42 2c.
656 3483 87 43 and
779 3483 79 42 aff.
897 3482 101 45 Oct.
1040 3481 73 52 10;
1152 3482 44 42 A
1234 3481 188 51 869316;
1462 3481 152 44 Home
1652 3481 252 44 economics
1942 3495 131 39 assn.,

153 3538 211 53 Chicago.
429 3536 66 55 [©
526 3538 222 44 additions
781 3539 87 43 and
901 3537 234 53 revisions]
1206 3537 270 54 (25-20069)

86 3622 184 58 Funk
302 3622 53 58 &
388 3623 325 72 Wagnalls
747 3644 134 37 new
920 3624 322 58 Standard
1277 3623 356 72 dictionary
1667 3623 68 58 of
1770 3623 104 58 the
156 3621 1900 136 English

305 3699 1769 73 language … prepared by more than three hundred
157 3779 123 57 and
326 3778 213 72 eighty
584 3778 353 71 specialists
984 3779 124 57 and
1152 3778 179 57 other
1380 3777 295 73 scholars,
1721 3776 203 59 under
1967 3775 104 59 the

158 3853 1913 74 supervision of Isaac K. Funk … editor-in-chief, Calvin
159 3932 1843 74 Thomas … consulting editor, Frank H. Vizetelly …
