2533 4412
996 4043 147 56 1183

79 404 270 73 Hamlin,
391 403 285 61 Scoville.

149 496 258 58 Private
454 496 351 72 ownership
853 517 70 37 or
970 497 331 76 socialism,
1344 500 83 70 by
1476 498 265 60 Scoville
1788 500 274 56 Hamlin.

71 572 456 75 Philadelphia,
556 574 321 58 Dorrance
907 575 122 58 and
1057 594 322 54 company,
1411 577 164 56 1925.

144 665 95 52 207,
269 663 296 46 ccix-ccxviii
593 680 38 37 p.
696 666 48 43 19½
780 668 47 18 cm
834 701 8 8 .

145 734 351 54 Bibliography:
527 751 39 37 p.
593 734 310 45 ccix-ccxviii.

75 804 52 53 ©
163 805 119 52 Sept.
312 804 68 53 29,
417 803 129 53 1925;
579 805 63 43 2c.
677 805 102 44 Oct.
813 806 49 51 6;
897 806 78 44 aff.
1011 806 102 45 Oct.
1145 807 49 51 3;
1230 805 44 43 A
1306 806 189 53 869210;
1532 807 235 45 Dorrance
1801 809 37 43 &
1870 824 79 36 co.,
1986 810 82 43 inc.

154 859 268 58 (25-20277)

78 961 307 74 Harding,
422 961 282 60 William
738 963 263 58 Proctor
1036 963 217 72 Gould,
1293 966 189 57 1864-

150 1053 130 56 The
325 1050 338 59 formative
710 1050 221 73 period
977 1053 67 58 of
1089 1053 104 57 the
1237 1053 247 58 federal
1529 1073 252 40 reserve
1829 1060 235 68 system

71 1128 1969 139 (during the world crisis) by W. P. G. Harding … Boston
209 1208 123 56 and
361 1207 151 56 New
539 1206 189 72 York,
758 1207 342 73 Houghton
1130 1208 216 57 Mifflin
1375 1228 322 54 company,
1731 1212 167 56 1925.

139 1284 1030 57 vii p., 1 l., 320 p. front., ports. 22½ cm .
75 1340 52 53 ©
162 1342 101 44 Oct.
296 1341 37 53 9,
371 1340 129 54 1925;
533 1342 66 42 2c.
636 1342 100 43 Oct.
776 1342 73 52 12;
880 1342 83 45 aff.
1000 1343 100 43 Oct.
1139 1342 73 53 10;
1249 1344 44 41 A
1326 1343 190 54 869333;
1553 1345 76 45 W.
1665 1346 51 42 P.
1753 1345 51 44 G.
1842 1346 226 53 Harding,

145 1398 184 44 Boston.
399 1396 269 56 (25-20274)

78 1496 242 68 Harris,
363 1497 196 57 Corra
594 1496 152 74 May
791 1497 268 72 (White)
1106 1500 189 56 “Mrs.
1334 1498 66 58 L.
1442 1499 77 57 H.
1561 1499 283 70 Harris,”
1883 1504 148 57 1869–

147 1585 1919 78 As a woman thinks, by Corra Harris … Boston and
72 1666 152 57 New
251 1665 190 70 York,
471 1666 343 69 Houghton
844 1664 215 59 Mifflin
1091 1685 323 51 company,
1447 1668 166 58 1925.

140 1743 615 53 vi, 313 p. front. 21 cm .
74 1800 52 53 ©
157 1802 101 43 Oct.
287 1801 38 50 9,
357 1798 129 54 1925;
517 1799 64 43 2c.
613 1800 101 43 Oct.
747 1799 73 52 12;
852 1799 78 44 aff.
961 1800 102 45 Oct.
1096 1800 75 52 10;
1203 1800 44 43 A
1276 1801 188 53 869332;
1499 1800 48 46 C.
1579 1803 183 53 Harris,
1794 1804 161 53 Rydal,
1988 1804 79 45 Ga.

152 1856 269 57 (25-20051)

76 1956 243 70 Harris,
363 1956 307 57 Franklin
710 1957 287 70 Stewart,
1041 1959 149 56 1884–

150 2049 129 56 The
307 2046 193 60 fruits
533 2048 68 57 of
631 2046 429 75 Mormonism,
1089 2049 82 70 by
1258 2049 248 57 Franklin
1536 2050 272 59 Stewart
1837 2052 233 59 Harris

72 2124 1978 140 … and Newbern Isaac Butt … New York, The Macmillan
207 2221 322 55 company,
564 2203 167 56 1925.

141 2277 847 59 ix p., 2 l., 146 p. diagrs. 20 cm .
73 2337 52 53 ©
154 2339 100 43 Oct.
280 2338 38 52 6,
347 2336 129 53 1925;
501 2338 66 42 2c.
590 2338 90 42 and
705 2337 79 43 aff.
814 2337 101 44 Oct.
943 2335 49 55 7;
1021 2337 44 43 A
1092 2337 190 53 864991;
1311 2339 267 44 Macmillan
1604 2355 66 30 co.

151 2392 269 58 (25-20252)

77 2496 227 71 Hayes,
342 2496 303 56 Doremus
680 2493 205 74 Almy,
927 2496 147 57 1863–

149 2583 203 61 Greek
380 2584 237 58 culture
648 2584 122 57 and
798 2583 103 58 the
933 2582 202 62 Greek
1164 2585 395 73 Testament;
1590 2605 36 39 a
1655 2588 142 71 plea
1826 2588 105 59 for
1960 2590 103 58 the

73 2664 188 70 study
283 2662 68 59 of
373 2663 103 57 the
501 2662 203 59 Greek
726 2662 252 58 classics
1004 2663 123 57 and
1150 2664 104 56 the
1280 2663 203 59 Greek
1504 2664 151 59 New
1681 2667 383 74 Testament,

70 2738 1994 80 by Doremus A. Hayes … New York, Cincinnati, The
70 2819 336 73 Abingdon
431 2837 181 52 press
645 2847 13 43 [
660 2825 19 23 c
681 2819 166 71 1925]

140 2898 81 43 224
247 2913 40 38 p.
351 2898 49 45 19½c
452 2900 30 17 m
489 2932 8 8 .

71 2953 55 53 ©
161 2953 121 54 Sept.
313 2953 39 53 2,
386 2951 130 53 1925;
546 2953 65 42 2c.
643 2953 87 42 and
760 2953 79 42 aff.
873 2951 120 53 Sept.
1028 2951 74 54 17;
1137 2952 44 42 A
1212 2952 189 54 869045;
1437 2954 56 43 D.
1525 2954 57 45 A.
1617 2956 170 52 Hayes,
1821 2956 248 56 Evanston,

144 3011 70 42 Ill.
283 3007 269 58 (25-20317)

76 3110 287 73 Heming,
393 3110 247 57 Arthur
670 3109 219 73 Henry
921 3108 294 59 Howard.

149 3201 230 74 Living
408 3202 221 56 forest.
706 3204 48 71 [3
785 3200 417 76 instalments]

148 3279 80 51 (In
259 3278 269 43 MacLean’s
559 3279 266 51 magazine)

75 3330 1989 61 © 1c. each Sept. 10, 1925; A ad int. 7261-7263; pubd. Aug. 1, 15, Sept. 1;
145 3389 268 46 MacLean’s
442 3390 246 52 magazine,
716 3389 220 44 Toronto.

77 3491 230 70 Henry,
343 3490 237 71 George
615 3488 295 71 William,
947 3492 148 58 1889–

143 3578 1927 78 Essentials of psychiatry, by George W. Henry … with
76 3655 1924 78 a chapter on psychiatric nursing by Adele Poston …
72 3737 364 70 Baltimore,
469 3737 128 56 The
625 3735 311 60 Williams
966 3735 48 59 &
1041 3735 267 60 Wilkins
1341 3755 322 57 company,
1696 3739 166 58 1925.

142 3815 92 53 xiv,
269 3814 79 46 199
374 3828 41 39 p.
474 3814 53 44 23½
562 3816 48 18 cm
615 3848 9 8 .

144 3869 352 56 Bibliography:
529 3886 41 37 p.
606 3870 200 44 186-191.

76 3927 52 53 ©
159 3928 121 51 Sept.
307 3926 68 53 28,
406 3925 130 53 1925;
566 3927 64 46 2c.
660 3928 86 42 and
775 3927 78 42 aff.
883 3925 102 46 Oct.
1014 3926 49 52 9;
1094 3927 43 42 A
1167 3926 188 54 869265;
1386 3928 229 46 Williams
1647 3931 37 44 &
1712 3930 199 45 Wilkins
1945 3946 64 29 co.

155 3983 270 56 (25-20140)
