2533 4412
1091 4090 109 55 465

154 442 216 72 Adair,
411 443 212 58 James
662 444 278 73 Barnett,
981 445 188 57 1853-

223 533 203 58 Adair
450 533 246 72 history
722 536 123 56 and
871 534 361 73 genealogy,
1262 534 322 71 compiled,
1614 535 209 57 edited
1849 536 125 56 and
154 537 1969 131 published
381 612 83 70 by
490 612 215 57 James
734 612 268 57 Barnett

1028 612 218 71 Adair,
1277 630 69 37 m.
1375 631 52 38 d.
1510 611 123 57 Los
1662 612 291 72 Angeles,
1981 614 165 56 1924.

224 687 1718 56 4 p. l., 330 p. illus. (coat of arms) plates, ports., map. 23 cm .
154 756 1991 56 © Jan. 22, 1925; 1c. and aff. Apr. 20; 1c. Apr. 6; A 829031; J. B. Adair,
226 815 88 43 Los
344 814 213 53 Angeles.
626 814 242 55 (25-8864)

152 899 226 73 Akagi,
415 900 139 73 Roy
588 899 374 59 Hidemichi.

229 989 129 58 The
393 993 163 53 town
589 989 394 71 proprietors
1020 990 66 57 of
1121 990 104 57 the
1259 989 153 58 New
1443 989 294 72 England
1771 988 300 74 colonies;
2109 1011 36 37 a

152 1068 188 71 study
379 1066 67 58 of
480 1067 164 56 their
684 1068 451 73 development,
1177 1066 450 73 organization,
1669 1067 312 58 activities
2022 1069 124 57 and

150 1143 1926 75 controversies, 1620-1770, by Roy Hidemichi Akagi …
150 1221 456 73 Philadelphia,
650 1222 191 57 Press
884 1222 69 57 of
993 1223 104 56 the
1137 1221 327 59 University
1550 1222 69 57 of
1657 1222 484 74 Pennsylvania,

151 1301 163 55 1924.

225 1377 634 54 xiii p., 1 l., 348 p. 20c m .
225 1434 162 45 Thesis
423 1435 105 54 (PH.
586 1434 368 54 D.)—University
980 1434 52 45 of
1059 1434 345 53 Pennsylvania,
1437 1435 117 45 1923.

227 1492 352 53 Bibliography:
610 1507 39 38 p.
677 1492 205 43 301-339.

153 1547 53 53 ©
237 1549 101 43 Oct.
371 1550 34 49 1,
438 1548 129 52 1924;
595 1548 66 42 2c.
690 1548 99 51 Jan.
817 1548 66 50 29,
916 1546 131 52 1925;
1079 1548 78 42 aff.
1191 1549 118 42 Mar.
1343 1548 73 52 18;
1449 1549 44 41 A
1524 1546 188 54 822827;
1744 1547 216 45 Trustees
1990 1549 52 43 of
2069 1549 75 44 the

223 1604 135 44 Univ.
389 1604 52 44 of
472 1606 94 50 Pa.,
598 1604 326 52 Philadelphia.
994 1602 242 55 (25-8937)

149 1687 261 73 Allison,
452 1688 90 56 Irl
580 1687 218 58 Leslie.

228 1782 298 71 Through
559 1781 104 57 the
698 1799 206 53 years,
942 1781 81 72 by
1058 1781 92 55 Irl
1183 1780 204 58 Leslie
1424 1781 261 57 Allison.
1769 1782 152 56 New
1956 1782 190 70 York,

152 1860 347 59 Schroeder
527 1861 124 56 and
680 1858 298 72 Gunther,
1010 1857 135 71 inc.,
1175 1859 165 56 1925.

217 1936 551 53 2 p. l., 364 p. 19½ cm .
153 1990 53 55 ©
229 1992 112 53 Apr.
372 1991 62 53 16,
464 1990 129 54 1925;
622 1992 64 41 2c.
711 1992 112 51 Apr.
851 1990 77 54 20;
957 1991 79 42 aff.
1063 1991 112 52 Apr.
1205 1989 74 54 17;
1308 1991 44 41 A
1379 1990 188 53 822981;
1597 1992 35 42 I.
1661 1991 50 44 L.

1739 1992 193 54 Allison,
223 1995 1898 105 Montezuma,
401 2049 59 42 N.
493 2049 65 42 M.
627 2047 242 55 (25-8666)

149 2132 328 72 Atkinson,
516 2132 217 58 Justin
768 2131 258 58 Brooks.

229 2225 255 72 Skyline
515 2225 444 70 promenades;
994 2243 36 37 a
1062 2223 351 72 potpourri,
1446 2225 81 71 by
1558 2225 59 57 J.
1651 2225 242 59 Brooks
153 2228 1970 132 Atkinson.

363 2303 151 56 New
542 2302 190 71 York,
764 2302 74 56 A.
871 2302 75 55 A.
979 2301 240 72 Knopf,
1253 2302 164 57 1925.

218 2377 95 53 255,
352 2382 52 45 [1]
440 2394 41 38 p.
518 2380 71 43 incl.
653 2393 115 38 map.
828 2378 50 43 21½
916 2381 47 17 cm
970 2413 9 9 .

222 2436 125 44 “The
375 2437 100 43 first
501 2436 168 43 edition
698 2436 51 43 of
777 2434 201 54 ‘Skyline
1005 2435 309 52 promenades’
1343 2435 191 45 consists
1563 2435 51 45 of
1643 2444 90 36 two
1763 2436 223 46 thousand

153 2454 1972 86 numbered
318 2495 150 52 copies
500 2496 52 44 of
580 2492 148 47 which
760 2493 207 46 nineteen
997 2493 205 45 hundred
1231 2493 105 53 fifty
1365 2510 79 29 are
1476 2495 75 44 for
1581 2493 134 47 sale.”
1774 2494 113 46 This
1919 2511 113 37 copy
2065 2507 79 36 not

152 2550 255 43 numbered.

152 2604 53 55 ©
234 2607 111 51 Apr.
380 2605 60 49 10,
475 2604 130 54 1925;
635 2605 64 44 2c.
730 2606 88 43 and
848 2605 79 43 aff.
960 2605 111 52 Apr.
1105 2604 74 53 14;
1214 2606 44 42 A
1289 2604 188 53 829034;
1512 2604 167 46 Alfred
1709 2607 57 43 A.
1799 2606 171 55 Knopf,
2003 2608 82 44 inc.

230 2662 241 55 (25-8863)

148 2746 246 71 Austin,
435 2744 258 73 Walter,
736 2747 189 57 1864-

226 2837 279 58 William
545 2836 250 70 Austin,
838 2836 103 57 the
986 2839 245 54 creator
1275 2834 68 59 of
1386 2837 191 57 Peter
1617 2839 215 72 Rugg;
1876 2840 186 74 being
2107 2862 36 37 a

149 2914 431 73 biographical
611 2914 212 57 sketch
855 2912 68 58 of
951 2912 280 58 William
1259 2913 251 71 Austin,
1541 2915 288 72 together
1858 2917 151 58 with
2040 2919 104 58 the

149 2994 138 56 best
311 2992 67 57 of
397 2993 98 56 his
522 2993 176 56 short
724 2991 245 70 stories,
995 2990 295 59 collected
1313 2991 123 57 and
1460 2990 208 59 edited
1688 2993 82 72 by
1793 2993 97 58 his
157 2995 1964 147 grandson,

325 3072 243 59 Waiter
607 3070 249 58 Austin.
939 3070 255 72 Boston,
1236 3070 308 58 Marshall
1584 3072 194 59 Jones
1822 3092 323 54 company,

151 3150 164 56 1925.

221 3227 59 48 ix,
310 3226 81 44 338
419 3241 40 38 p.
520 3226 152 51 front.,
701 3224 154 53 plates,
884 3232 152 45 ports.,
1067 3223 174 44 facsim.
1301 3225 55 42 24
1360 3226 48 17 cm
1414 3258 8 8 .

222 3282 354 52 “Bibliography
602 3282 87 43 and
718 3281 75 44 list
821 3281 50 44 of
898 3281 254 44 references
1180 3280 45 43 in
1253 3280 74 44 the
1356 3280 181 44 notes”:
1567 3296 39 35 p.
1636 3283 202 43 321-328.

152 3338 53 54 ©
235 3342 112 50 Apr.
381 3340 63 50 18,
476 3338 130 53 1925;
636 3339 65 43 2c.
733 3338 111 52 Apr.
874 3339 78 50 24;
987 3338 79 42 aff.
1097 3338 111 51 Apr.
1240 3337 78 52 22;
1352 3338 44 41 A
1427 3337 189 53 823879;
1651 3339 225 45 Marshall
1907 3341 136 53 Jones
2073 3357 67 28 co.

231 3394 240 56 (25-8822)

149 3483 222 66 Bahya
393 3481 120 58 ben
541 3481 238 68 Joseph
801 3479 110 58 ibn
937 3479 280 70 Pakuda,
1245 3479 60 70 fl.
1337 3479 166 58 1040.

1915 3589 158 64 ספר
1695 3589 188 62 תורת
1453 3587 208 64 חובות
1131 3575 290 74 הלבבות
915 3587 184 64 חברו
677 3581 208 92 בלשון
373 3589 274 70 ערבי...
145 3591 196 62 רבינו

1981 3705 164 62 בחיי
1801 3701 136 64 ב״ר
1591 3701 160 94 יוסף
1481 3733 64 16 -
1209 3701 228 60 תרגמו
963 3667 204 118 ללשון
735 3701 180 68 עברי
567 3701 130 62 רבי
317 3703 210 62 יהורה
149 3705 126 84 אבן

1987 3817 158 90 תבון
1891 3851 64 16 ...
1577 3815 272 94 הקרמה
1347 3811 188 72 ושער
1093 3813 214 62 היחוד
961 3813 94 70 עם
649 3813 262 96 העתקה
355 3783 254 96 אנגלית
151 3817 164 62 מאת

2081 3961 64 18 ...
1875 3929 174 62 משה
1681 3927 160 62 חיים
1295 3923 350 76 חייסואהן.
1129 3923 86 62 ניו
895 3923 202 66 יארה,
589 3923 276 64 תרפ״ה.

213 4043 26 44 3
265 4057 42 38 p.
335 4041 40 50 l.,
405 4039 48 52 ii,
479 4033 144 48 -55
515 4047 34 44 ,נ
651 4051 40 38 p.
749 4037 154 44 23½cm.
