2533 4412
1367 4115 73 55 40

398 447 380 73 Merryman,
818 447 279 59 Mildred
1133 448 187 58 Plew.

475 539 265 58 Bonbon
799 539 126 57 and
979 541 415 71 Bonbonette,
1452 540 256 58 written
1764 541 83 71 by
1905 541 276 58 Mildred
2238 542 168 57 Plew

401 617 397 72 Merryman;
841 617 280 72 pictures
1164 619 84 70 by
1287 617 93 58 Ve
1424 617 330 58 Elizabeth
1799 617 209 60 Cadie.
2116 619 290 74 Chicago,

399 695 152 58 New
577 695 191 72 York,
796 696 203 72 Rand,
1028 695 295 72 McNally
1347 696 49 56 &
1425 714 324 55 company,
1780 697 166 57 1924.

470 787 54 45 96
548 801 40 39 p.
616 787 103 44 incl.
745 787 83 44 col.
858 787 153 53 front.,
1037 787 82 44 col.
1148 786 115 44 illus.
1325 786 82 47 col.
1435 787 156 53 plates.
1652 788 52 43 23½
1740 789 47 18 cm
1794 821 10 9 .

398 857 53 54 ©
478 859 111 44 Dec.
621 859 63 52 13,
715 856 107 47 1924;
875 859 66 44 2c.
970 858 109 45 Dec.
1105 858 80 53 26;
1215 858 80 44 aff.
1325 860 109 43 Dec.
1460 859 79 53 22;
1569 858 44 44 A
1641 857 192 55 815567;
1864 859 132 44 Rand
2023 859 225 48 McNally
2277 860 37 44 &
2341 875 66 28 co.

478 915 244 56 (25-1292)

398 1017 212 73 Milne,
645 1018 284 59 William
962 1019 232 69 James,
1231 1021 361 57 1843-1914.

478 1112 505 72 Milne-Downey
1010 1112 244 59 Second
1281 1133 219 38 course
1527 1114 66 56 in
1622 1113 275 73 algebra,
1927 1115 84 70 by
2035 1112 283 58 William
2345 1113 61 58 J.

400 1189 1985 154 Milne … and Walter F. Downey … New York, Cincinnati [etc.] American book company [ c 1925]
469 1362 95 52 368,
588 1361 84 45 xlv
695 1377 42 37 p.
798 1360 133 52 illus.,
957 1360 170 53 diagrs.
1192 1362 52 44 18
1249 1364 47 18 cm
1302 1399 10 10 .

471 1435 211 44 Lettered
707 1449 56 29 on
788 1447 167 31 cover:
979 1432 133 46 With
1137 1447 217 31 answers.

474 1506 234 44 “Planned
739 1513 49 36 to
820 1503 159 45 follow
1010 1504 76 45 the
1119 1502 380 54 Milne-Downey
1534 1503 139 46 ‘First
1704 1520 110 37 year
1845 1505 199 52 algebra’
2079 1520 54 29 or
2167 1505 57 46 its
399 1506 1989 102 equivalent.”—Pref.

396 1631 55 53 ©
481 1632 99 51 Jan.
614 1630 62 50 13,
710 1627 131 55 1925;
870 1630 66 42 2c.
965 1630 87 42 and
1082 1630 79 42 aff.
1189 1630 100 51 Jan.
1323 1627 75 53 16;
1431 1629 43 42 A
1505 1628 190 53 814691;
1727 1630 248 43 American
2003 1632 119 42 book
2151 1647 65 28 co.

478 1685 244 57 (25-2275)

397 1790 262 71 Mokler,
698 1788 234 59 Alfred
971 1789 232 71 James,
1246 1790 192 57 1863-

475 1881 272 71 History
776 1880 68 57 of
872 1880 442 70 freemasonry
1342 1878 66 57 in
1435 1878 357 74 Wyoming,
1819 1880 83 71 by
1929 1879 231 58 Alfred
2189 1881 218 57 James

400 1956 2005 75 Mokler … published by order of the Grand lodge of A., F.
401 2039 125 57 and
566 2039 76 56 A.
691 2038 83 56 M.
825 2035 66 59 of
932 2037 357 72 Wyoming.
1378 2033 312 76 [Chicago,
1734 2037 73 57 R.
1852 2037 72 57 R.
1970 2037 348 75 Donnelley
2361 2038 47 57 &

400 2136 145 39 sons
575 2135 322 54 company]
929 2117 168 56 1924.

476 2210 58 51 ix,
571 2209 94 52 267,
704 2208 470 45 cclxxix-cclxxxviii
1214 2223 39 38 p.
1314 2209 156 52 plates,
1508 2215 154 46 ports.,
1701 2208 210 50 facsims.,
1950 2207 167 54 diagrs.
2178 2208 52 43 23½
2267 2211 15 17 cm
2321 2243 8 8 .

399 2279 53 53 ©
479 2281 100 51 Jan.
609 2279 39 51 3,
680 2278 130 52 1925;
841 2279 64 43 2c.
936 2278 88 43 and
1053 2278 79 43 aff.
1162 2280 101 51 Jan.
1296 2279 74 51 19;
1404 2279 42 41 A
1477 2277 191 52 814702;
1699 2278 57 43 A.
1787 2278 40 52 J.
1860 2278 195 51 Mokler,
2088 2277 184 53 Casper,
2303 2280 105 51 Wy.

479 2336 243 54 (25-2552)

399 2440 232 69 Moore,
669 2438 350 56 Marianne.

479 2528 453 59 Observations
982 2528 112 72 [by]
1143 2526 333 58 Marianne
1522 2526 235 59 Moore.
1845 2526 152 58 New
2039 2527 191 74 York,
2278 2529 131 57 The

398 2607 146 58 Dial
570 2626 202 54 press,
801 2607 167 56 1924.

482 2687 77 44 120
587 2702 41 38 p.
687 2687 54 44 20
749 2689 47 17 cm
802 2721 8 9 .

478 2744 158 45 “With
663 2744 239 49 additions,
931 2743 89 44 this
1048 2743 121 44 book
1195 2744 35 43 is
1258 2758 24 28 a
1313 2743 170 52 reprint
1510 2743 51 44 of
1588 2742 205 53 ‘Poems’,
1821 2743 233 53 published
2082 2743 44 44 in
2154 2743 189 44 London
2370 2744 43 44 in

410 2801 145 44 1921.”

396 2855 56 54 ©
481 2857 109 43 Dec.
618 2855 67 53 27,
716 2856 131 51 1924;
875 2856 65 44 2c.
967 2856 87 43 and
1081 2856 79 44 aff.
1189 2857 86 52 Jan
1302 2856 41 51 2.,
1376 2856 130 48 1925;
1537 2856 44 43 A
1611 2855 190 53 814473;
1833 2856 104 42 Dial
1966 2871 143 38 press,
2136 2857 84 43 inc.

479 2912 245 56 (25-2488)

401 3016 332 72 Morrison,
776 3016 170 58 John
980 3015 190 58 Arch.

477 3121 242 57 Martin
769 3120 256 72 Luther,
1079 3120 103 57 the
1232 3120 421 58 lion-hearted
1705 3119 331 73 reformer,
2086 3121 83 71 by
2217 3120 61 59 J.
2330 3121 76 55 A.

402 3200 336 57 Morrison.
838 3198 355 74 Anderson,
1253 3200 158 72 Ind.,
1473 3197 233 74 Gospel
1764 3202 279 68 trumpet
2103 3218 306 54 company

402 3309 12 43 [
417 3287 18 22 c
439 3280 165 71 1924]

480 3356 902 55 115 p. front. (port.) illus. 19 cm .
403 3412 53 53 ©
484 3415 99 50 Jan.
609 3412 68 51 20,
709 3413 130 52 1925;
867 3414 65 43 2c.
960 3414 88 43 and
1073 3413 79 43 aff.
1181 3414 99 52 Jan.
1306 3414 80 51 23;
1416 3413 44 42 A
1488 3411 162 45 814751;
1712 3412 165 52 Gospel
1905 3419 198 45 trumpet
2129 3427 65 29 co.

482 3468 243 56 (25-2802)

402 3572 244 71 Munro,
690 3571 285 59 William
1014 3572 287 71 Bennett,
1346 3573 189 58 1875-

483 3663 130 56 The
651 3669 410 65 government
1099 3664 67 56 of
1202 3662 106 57 the
1343 3661 241 59 United
1620 3661 232 71 States,
1887 3660 302 73 national,
2229 3665 183 68 state,

406 3738 2008 74 and local, by William Bennett Munro … Rev. ed. New
405 3819 189 71 York,
626 3819 130 56 The
787 3818 361 56 Macmillan
1180 3837 325 54 company,
1539 3819 166 56 1925.

475 3913 34 27 x
539 3911 54 39 p.,
626 3898 17 41 1
696 3931 23 17 l.,
749 3893 81 46 687
860 3910 40 38 p.
961 3896 144 52 diagr.
1164 3896 56 42 22½
1253 3898 48 17 cm
1306 3930 10 8 .

406 3952 53 53 ©
485 3955 100 51 Jan.
611 3952 69 51 27,
710 3951 129 52 1925;
869 3953 63 41 2c.
960 3953 99 51 Jan.
1084 3951 80 51 28;
1192 3952 79 42 aff.
1298 3953 100 52 Jan.
1423 3952 80 52 29;
1534 3954 43 41 A
1604 3950 190 52 815816;
1827 3950 266 43 Macmillan
2119 3966 66 28 co.
2219 3950 65 54 [©
2310 3966 101 29 new

476 4011 87 42 and
590 4009 177 44 revised
794 4008 220 52 material]
1083 4007 244 55 (25-2784)
