2533 4412
1277 4084 111 54 246

325 420 248 67 Fraser,
609 417 211 60 David
852 420 71 57 B.

401 511 60 57 A
492 510 253 58 Yankee
781 511 125 56 tale
944 511 69 57 of
1043 511 195 56 Borne;
1306 529 81 38 an
1420 510 328 57 historical
1780 529 199 54 poem,
2014 512 82 71 by
2129 509 210 59 David

324 590 71 57 B.
441 590 254 57 Fraser.
800 589 259 71 Boston,
1104 589 130 56 The
1281 588 418 72 Christopher
1740 589 364 73 publishing
2144 588 194 59 house

327 699 14 44 [
341 678 22 20 c
365 668 165 73 1925]

395 743 628 55 2 p. l., [7]-41 p. 20 ½cm .
326 802 53 54 ©
407 803 108 44 Feb.
541 804 70 51 22,
641 802 129 51 1925;
798 803 65 43 2c.
891 804 88 42 and
1006 802 79 44 aff.
1116 803 119 43 Mar.
1267 802 74 51 18;
1371 802 44 42 A
1444 801 188 52 822472;
1667 801 300 53 Christopher
1994 803 100 51 pub.
2123 801 155 44 house.

406 858 244 57 (25-6874)

329 946 128 56 The
493 946 323 57 Freeman.

406 1039 130 56 The
562 1038 311 57 Freeman
897 1038 159 56 book;
1115 1037 237 72 typical
1379 1037 344 73 editorials,
1752 1057 236 53 essays,
2016 1037 318 73 critiques,

329 1118 124 56 and
484 1118 182 56 other
696 1115 330 59 selections
1058 1116 171 56 from
1257 1116 104 56 the
1395 1115 175 72 eight
1598 1117 279 56 volumes
1913 1117 67 56 of
2011 1117 103 57 the
326 1117 1983 149 Freeman,

531 1195 358 56 1920-1924.
973 1194 154 56 New
1160 1194 191 72 York,
1391 1194 72 57 B.
1502 1195 97 56 W.
1640 1194 312 73 Huebsch,
1991 1195 137 72 inc.,
2167 1195 166 56 1924.

398 1271 596 52 7 p. l., 3-394 p, 21 cm .
328 1326 53 54 ©
408 1329 109 42 Dec.
550 1328 62 52 18,
644 1328 129 51 1924;
798 1329 66 42 2c.
892 1328 119 42 Mar.
1043 1328 75 51 16;
1147 1328 79 43 aff.
1256 1328 118 43 Mar.
1407 1328 74 52 13;
1511 1328 44 42 A
1582 1329 165 44 822433;
1805 1329 49 42 B.
1884 1329 74 43 W.
1989 1327 230 53 Huebsch,
2250 1329 84 43 inc.

327 1470 189 72 Gage,
557 1469 218 58 Simon
814 1470 235 73 Henry,
1090 1473 190 55 1851-

409 1551 131 57 The
572 1551 387 71 microscope;
1026 1568 81 39 an
1140 1550 430 59 introduction
1603 1554 64 57 to
1702 1550 410 73 microscopic
331 1551 1982 136 methods
499 1631 125 57 and

676 1633 64 53 to
791 1628 337 74 histology,
1183 1627 364 60 illustrated
1599 1631 84 71 by
1736 1630 110 57 275
1900 1632 134 57 text
2084 1628 253 75 figures.

331 1705 1940 77 Dark-field ed. (14th) rev. By Simon Henry Gage …
329 1786 238 70 Ithaca,
592 1786 74 57 N.
694 1785 93 73 Y.,
816 1786 130 58 The
973 1784 332 59 Comstock
1327 1784 366 76 publishing
1716 1805 325 57 company,
2071 1789 165 56 1925.

400 1862 1268 55 ix, 517 p. illus., 9 port, on 1 pl., diagrs. 23 ½ cm .
402 1921 278 46 “Collateral
706 1921 218 52 reading”
949 1930 48 36 at
1021 1920 86 47 end
1135 1922 50 45 of
1210 1937 125 30 some
1360 1923 54 43 of
1436 1922 76 45 the
1536 1923 223 51 chapters.

400 1978 359 53 Bibliography:
790 1994 41 36 p.
861 1978 209 45 490-498.

330 2034 53 55 ©
410 2035 107 45 Feb.
546 2034 65 52 25,
645 2032 130 54 1925;
803 2034 65 43 2c.
900 2034 119 42 Mar.
1053 2033 72 49 18;
1157 2032 79 44 aff.
1268 2033 118 43 Mar.
1421 2031 74 52 17;
1526 2033 44 43 A
1599 2033 188 52 823444;
1823 2032 44 48 S.
1899 2034 61 44 H.
1995 2033 139 55 Gage,
2166 2034 170 54 Ithaca,

401 2093 59 44 N.
491 2093 55 43 Y.
617 2090 56 54 [©
703 2091 195 44 revision
927 2091 87 43 and
1043 2105 99 29 new
1171 2097 180 46 matter]
1420 2089 244 55 (25-6966)

329 2177 371 73 Goldsmith,
743 2175 233 75 Sophie
1014 2176 67 58 L.

408 2259 278 59 Wonder
725 2258 167 57 clock
927 2257 205 72 plays,
1171 2257 275 70 adapted
1484 2258 106 57 for
1628 2256 281 60 children
1947 2258 168 59 from
333 2258 1980 138 Howard
490 2336 216 72 Pyle’s

749 2336 130 57 The
919 2335 254 59 wonder
1213 2334 186 72 clock,
1440 2337 83 70 by
1566 2335 232 73 Sophie
1839 2335 67 57 L.
1951 2336 386 72 Goldsmith;

331 2416 365 58 illustrated
734 2413 155 59 with
927 2413 434 73 photographs
1406 2413 168 57 from
1617 2415 207 57 actual
1864 2415 474 72 performances

332 2496 126 57 and
479 2493 154 59 with
659 2493 317 71 drawings
1002 2492 84 72 by
1111 2491 282 59 Howard
1417 2491 172 73 Pyle.
1658 2492 152 58 New
1832 2493 176 58 York
2033 2495 123 57 and
333 2495 1978 150 London,
507 2571 255 73 Harper
793 2571 48 58 &
869 2570 313 74 brothers,
1216 2570 165 59 1925.

401 2651 128 54 xviii,
563 2649 77 47 179
667 2666 40 38 p.
768 2649 157 55 plates.
983 2650 55 45 23
1045 2651 17 18 cm
1098 2686 9 9 .

404 2709 151 45 “First
587 2708 215 46 edition.”

738 2765 180 45 CONTENTS.—Master
950 2762 346 54 Jacob.—How
1329 2762 77 47 the
1437 2763 238 53 princess’s
1709 2762 129 55 pride
1870 2779 94 30 was
1997 2766 345 46 broken.—The

336 2824 109 46 staff
479 2823 88 44 and
601 2822 74 45 the
707 2821 337 45 fiddle.—How
1079 2821 144 44 Boots
1256 2819 212 46 befooled
1500 2822 77 44 the
1609 2821 312 53 king.—How
1956 2838 82 31 one
2074 2829 159 42 turned
2270 2825 70 45 his

335 2883 175 45 trouble
535 2890 47 36 to
607 2882 122 52 good
758 2885 206 39 account.

329 2937 57 54 ©
415 2939 120 41 Mar.
567 2937 63 49 18,
663 2934 129 52 1925;
821 2936 65 42 2c.
918 2936 118 41 Mar.
1070 2931 74 55 17;
1175 2933 78 43 aff.
1283 2933 120 43 Mar.
1432 2932 77 53 20;
1542 2933 43 42 A
1613 2934 189 51 822484;
1836 2936 186 52 Harper
2048 2937 87 43 and
2163 2939 119 43 bros.

413 2993 244 56 (25-6909)

333 3077 385 73 Goodspeed,
762 3076 269 56 Thomas
1070 3072 366 61 Wakefield.

413 3158 128 57 The
566 3154 375 72 University
964 3153 67 58 of
1060 3152 271 73 Chicago
1357 3153 435 72 biographical
1818 3155 301 59 sketches,
2200 3177 57 39 v.
2288 3161 49 55 2.

332 3237 99 71 By
452 3237 270 54 Thomas
741 3231 348 59 Wakefield
1109 3231 388 71 Goodspeed.
1581 3231 288 75 Chicago,
1895 3234 115 73 Ill.,
2037 3236 129 56 The
332 3236 1983 148 University

610 3311 829 72 of Chicago press [ c 1925]
405 3390 60 48 ix,
494 3390 83 43 298
605 3404 39 37 p.
702 3396 138 44 ports.
897 3388 53 42 23½
987 3390 47 17 cm
1040 3422 8 8 .

336 3446 53 54 ©
416 3448 119 42 Mar.
567 3446 63 51 18,
661 3444 128 51 1925;
818 3446 64 42 2c.
911 3445 111 51 Apr.
1050 3444 49 50 2;
1130 3443 78 43 aff.
1236 3442 112 51 Apr.
1381 3444 17 40 1;
1460 3443 42 41 A
1528 3441 190 52 823590;
1749 3444 267 54 University
2044 3446 52 44 of
2125 3445 213 55 Chicago,

408 3503 213 52 Chicago.

335 3558 449 71 Greer-Petrie,
826 3555 248 59 Cordia.

414 3636 306 73 Angeline
757 3636 67 57 of
858 3635 102 58 the
997 3633 134 57 Hill
1167 3635 283 66 country,
1484 3634 84 72 by
1605 3633 231 59 Cordia
1872 3635 470 73 Greer-Petrie;

336 3717 151 57 with
536 3714 422 58 illustrations
1007 3713 84 72 by
1143 3711 184 59 Carle
1379 3711 226 58 Michel
1656 3712 192 73 Boog.
1952 3713 150 59 New
2152 3716 190 71 York,

337 3790 1035 73 Thomas Y. Crowell co. [ c 1925]
412 3873 70 44 181
517 3886 40 39 p.
589 3871 101 43 incl.
723 3871 151 49 front.,
905 3868 156 52 plates.
1126 3868 50 43 19
1181 3869 47 17 cm
1237 3903 6 5 .

334 3930 57 54 ©
415 3930 94 45 Feb.
549 3929 65 47 27,
644 3926 130 52 1925;
802 3928 63 42 2c.
892 3927 120 41 Mar.
1039 3925 49 50 9;
1117 3925 78 43 aff.
1224 3926 118 41 Mar.
1369 3923 24 44 7;
1448 3925 43 41 A
1519 3924 187 50 823342;
1738 3923 48 45 C.
1816 3924 331 52 Greer-Petrie,
408 3927 1907 105 Louisville.

585 3983 66 56 [©
675 3998 136 38 pages
839 3985 65 49 11,
931 3983 64 51 12,
1022 3983 48 42 13
1097 3982 86 43 and
1209 3981 195 44 revision
1429 3980 292 53 throughout]
1787 3980 243 56 (25-6880)
