2533 4412
1077 4045 112 55 653

131 474 188 57 editorial
366 473 153 58 staff
565 474 68 56 of
677 475 102 56 the
825 474 334 56 American
1207 474 208 72 digest
1462 478 249 67 system.
1803 474 90 57 St.
1944 476 175 72 Paul,

129 552 181 57 West
342 551 364 72 publishing
738 572 105 52 co.,
882 553 165 55 1925.

200 628 60 51 iii,
288 628 78 43 261
399 642 39 38 p.
494 628 56 43 24
555 631 47 17 cm
608 662 8 9 .

131 682 53 54 ©
210 686 111 51 Apr.
349 683 66 53 25,
446 682 129 53 1925;
603 685 65 42 2c.
699 686 87 42 and
812 684 79 43 aff.
918 685 114 51 June
1059 685 78 50 29;
1168 684 44 42 A
1239 684 189 51 829914;
1460 685 133 43 West
1621 684 99 52 pub.
1750 699 65 28 co.

136 771 260 72 [Patten,
442 768 243 60 Gilbert]

211 861 1844 77 Lefty Locke, owner, by Burt L. Standish [pseud.] …
134 931 1985 84 New York, N. Y., Newark, N. J., Barse & Hopkins [ c 1925]
206 1015 1918 56 1 p. l ., vii-viii, 9-242 p. front. 19½ cm . (Lettered on cover: The big
132 1073 159 52 league
322 1072 163 53 series)

130 1127 54 54 ©
211 1130 115 52 June
355 1130 38 50 9,
427 1127 129 51 1925;
588 1129 64 42 2c.
682 1130 87 42 and
798 1129 77 42 aff.
901 1129 120 52 June
1056 1128 72 52 10;
1162 1128 44 43 A
1235 1128 189 52 829630;
1460 1129 143 43 Barse
1633 1130 37 43 &
1702 1126 224 55 Hopkins.

209 1184 271 55 (25-10975)

135 1268 642 76 [Physiotherapeutic
810 1268 387 58 convention.
1272 1271 98 70 3d,
1405 1269 294 75 Chicago,
1734 1272 165 74 1924]

200 1362 317 72 Lectures,
549 1360 210 58 clinics
796 1361 122 57 and
950 1359 382 59 discussions
1366 1380 78 38 on
133 1361 1970 152 electro-physiotherapy,

305 1440 143 58 held
479 1443 65 55 at
573 1438 216 74 Logan
821 1458 225 53 square
1079 1438 282 58 Masonic
1394 1439 246 72 temple,
1676 1438 288 75 Chicago,
132 1440 1973 150 Illinois,

322 1518 266 58 October
621 1518 71 55 20
726 1521 62 54 to
823 1518 89 70 24,
947 1518 165 70 1924,
1148 1517 197 58 under
1379 1518 102 56 the
1518 1517 283 72 auspices
1840 1521 68 55 of
1940 1518 76 58 H.
2056 1519 68 59 G.

132 1598 263 57 Fischer
422 1597 47 56 &
499 1615 321 53 company,
852 1596 117 56 inc.
1005 1594 307 75 [Chicago,
1344 1604 20 21 c
1368 1598 164 72 1925]

200 1674 90 51 viii,
324 1672 93 54 740,
453 1674 52 46 [4]
538 1688 41 37 p.
639 1672 155 52 plates.
852 1672 53 43 23½
940 1673 47 18 cm
993 1707 10 8 .

202 1731 114 43 Part
341 1730 51 44 of
417 1745 136 37 pages
581 1728 138 45 blank
745 1729 73 44 for
848 1728 216 44 “Notes”.

203 1788 211 43 Lettered
444 1802 58 28 on
534 1801 132 28 cover
684 1801 9 28 :
728 1785 175 47 Second
933 1785 182 44 edition.

131 1843 54 54 ©
215 1846 112 51 May
351 1845 38 50 4,
424 1843 103 43 1925;
582 1844 65 42 2c.
676 1844 87 42 and
792 1843 78 42 aff.
900 1843 111 51 May
1036 1842 81 52 .13;
1150 1843 43 41 A
1221 1840 191 53 855091;
1446 1844 61 41 H.
1541 1842 51 44 G.
1623 1842 188 44 Fischer
1839 1844 38 43 &
1906 1858 81 37 co.,
200 1842 1903 111 Chicago.
394 1899 270 55 (25-10743)

133 1986 231 69 Punch,
441 2032 9 11 v.
486 1987 127 70 168,
643 2004 97 39 no.
771 1986 168 70 4375,
973 1984 150 72 May
1153 1985 71 56 13,
1276 1984 165 57 1925.

132 2074 1940 57 © 1c. July 9, 1925; A ad int. 7086; pubd. May 13; Herbert Heather, ℅
203 2135 251 51 Bradbury,
489 2133 175 53 Agnew
699 2133 36 44 &
768 2148 79 37 co.,
882 2133 92 51 ltd.,
1011 2132 201 43 London.

135 2219 286 74 Railway
453 2217 284 74 training
771 2216 304 72 institute,
1116 2216 291 72 Chicago.

276 2294 1851 72 … Machine shop practice; a practical textbook for the
133 2375 376 58 instruction
534 2373 67 58 of
623 2372 368 70 mechanics,
1016 2372 269 70 helpers,
1312 2373 123 56 and
1461 2371 395 72 apprentices
1881 2373 66 57 in
132 2377 1972 134 locomotive

396 2451 277 72 erecting
702 2451 122 57 and
856 2450 214 71 repair
1104 2450 206 71 shops,
1344 2451 450 70 roundhouses,
1829 2455 129 68 etc.,
132 2471 1972 132 prepared

357 2531 198 56 under
584 2529 103 57 the
720 2527 396 72 supervision
1145 2528 124 56 and
1297 2527 150 57 with
1477 2529 103 56 the
1613 2529 307 71 approval
1950 2532 70 55 of
2049 2551 79 37 an

134 2609 290 59 editorial
463 2607 300 72 advisory
798 2607 198 57 board
1035 2606 67 58 of
1139 2606 263 72 railway
1437 2606 380 59 mechanical
1855 2608 270 59 officials.

136 2687 289 73 Chicago,
457 2686 285 71 Railway
770 2684 280 73 training
1079 2684 290 57 institute
1404 2714 13 43 [
1420 2694 19 21 c
1441 2686 147 55 1925]

203 2766 82 43 416
323 2780 38 37 p.
422 2763 129 52 illus.,
591 2763 168 52 diagrs.
819 2763 53 42 22½
906 2764 47 17 cm
960 2797 8 8 .
1038 2761 234 54 (Railway
1311 2762 172 53 library,
1537 2762 54 44 T.
1634 2764 61 41 H.
1737 2764 191 51 Russell,
2020 2802 8 7 M.
2105 2802 25 17 A.,

135 2820 387 52 editor-in-chief)

133 2879 53 53 ©
215 2882 112 49 May
358 2880 35 50 1,
425 2876 129 53 1925;
583 2878 64 42 2c.
677 2877 88 42 and
792 2877 79 42 aff.
902 2877 112 52 May
1046 2876 72 51 16;
1151 2876 43 42 A
1223 2875 196 53 829679;
1447 2877 206 52 Railway
1683 2877 197 54 training
1910 2879 214 44 institute.

212 2934 271 56 (25-11287)

137 3023 290 70 Redway,
468 3021 270 70 Jacques
774 3016 339 73 Wardlaw,
1153 3020 189 56 1849-

281 3093 1846 75 … Natural introductory geography, by Jacques W.
134 3170 1993 79 Redway and Russell Hinman … Rev. ed. New York,
137 3252 353 62 Cincinnati
523 3255 146 69 [etc.]
701 3249 336 58 American
1065 3251 160 58 book
1255 3267 307 55 company
1594 3279 14 44 [
1610 3258 18 22 c
1630 3250 167 74 1925]

206 3332 80 43 146
315 3346 41 38 p.
417 3328 117 43 illus.
562 3326 129 55 (incl.
722 3326 156 53 maps)
944 3327 56 43 26
1005 3328 47 17 cm
1059 3361 8 7 .
1136 3323 125 55 (The
1293 3326 183 43 natural
1509 3327 330 54 geographies)

135 3386 53 54 ©
219 3390 115 51 June
366 3386 66 51 26,
469 3384 128 52 1925;
631 3385 64 42 2c.
728 3384 105 52 July
870 3385 46 49 1;
952 3383 78 43 aff.
1065 3384 114 51 June
1213 3383 76 50 30;
1326 3384 43 41 A
1404 3381 189 54 855730;
1630 3385 246 43 American
1908 3387 118 43 book
2060 3403 64 28 co.

209 3443 66 54 [©
307 3459 25 28 a
364 3441 225 53 thorough
624 3441 196 43 revision
851 3439 87 44 and
970 3438 213 53 bringing
1215 3447 49 35 to
1294 3440 115 51 date]
1480 3438 270 56 (25-12036)

138 3530 221 72 Ringo,
402 3526 312 59 Fredonia
757 3526 179 57 Jane.

213 3601 1917 76 Draperies, by Fredonia Jane Ringo … Chicago & New
142 3686 183 69 York,
354 3684 73 56 A.
457 3683 95 56 W.
587 3682 183 57 Shaw
799 3698 335 53 company;
1169 3682 148 68 [etc.,
1347 3682 129 70 etc.]
1509 3682 164 56 1925.

277 3799 8 14 xx,
323 3762 77 44 119
433 3775 39 39 p.
547 3759 115 43 illus.
734 3759 50 42 21½
822 3760 46 17 cm
876 3794 8 7 .
967 3755 289 55 (Half-title:
1297 3757 315 46 Merchandise
1649 3760 201 45 manuals
1888 3761 71 44 for
1998 3760 129 48 retail

140 3818 282 53 salespeople,
452 3818 76 43 W.
556 3817 75 42 W.
664 3815 229 53 Charters,
924 3814 171 52 editor)

210 3872 326 48 “References”
563 3881 45 35 at
635 3874 83 42 end
745 3872 51 44 of
823 3886 124 31 some
974 3872 53 42 of
1051 3871 76 43 the
1154 3871 219 51 chapters.

137 3932 55 53 ©
216 3934 114 51 June
357 3933 63 47 12,
449 3929 102 45 1925;
603 3932 64 41 2c.
693 3931 87 42 and
804 3929 78 44 aff.
909 3930 114 52 June
1052 3928 49 44 17;
1153 3929 43 43 A
1224 3927 162 45 829728;
1439 3931 58 42 A.
1524 3932 73 43 W.
1627 3931 136 47 Shaw
1790 3949 64 28 co.

216 3988 269 55 (25-11194)
