2533 4412
1071 4062 110 48 143

134 431 237 73 Tilden,
408 430 282 60 William
725 430 234 73 Tatem,
1000 433 189 56 1893-

214 540 212 57 Match
467 540 151 71 play
661 541 124 56 and
827 540 104 57 the
978 537 141 74 spin
1164 540 68 56 of
1274 540 105 57 the
1422 540 143 68 ball,
1608 539 82 71 by
1732 538 279 58 William
2057 538 67 57 T.

135 617 238 71 Tilden,
416 619 137 69 2nd,
595 614 210 63 edited
838 617 83 72 by
962 617 277 71 Stephen
1276 615 224 63 Wallis
1540 616 351 58 Merrihew.
1975 618 147 56 New

136 695 186 73 York,
350 694 337 58 American
711 694 163 58 lawn
899 692 226 72 tennis,
1155 694 164 56 1925.

202 787 128 50 xxiv,
357 785 80 47 355
464 802 42 36 p.
567 786 153 51 front.,
749 786 129 52 illus.,
908 786 157 52 plates,
1092 793 140 45 ports.
1290 786 53 44 23
1350 788 47 18 cm
1403 821 10 10 .

205 854 1921 56 “A resumé of the career of William Tatem Tilden, 2nd … by Stephen
133 917 164 44 Wallis
327 914 302 47 Merrihew”:
659 930 40 36 p.
730 913 238 49 [179]-343.

133 983 53 54 ©
216 986 98 51 Jan.
351 984 61 51 17,
447 981 128 52 1925;
608 983 63 42 2c.
703 983 99 51 Jan.
838 980 73 52 15;
945 981 78 43 aff.
1058 981 118 42 Mar.
1209 980 78 52 27;
1322 981 43 42 A
1399 978 189 55 815955;
1622 982 74 43 W.
1729 980 54 45 T.
1817 980 175 55 Tilden,
2024 984 102 51 2nd,

204 1040 332 50 Germantown,
570 1040 79 41 Pa.
676 1039 86 42 and
794 1037 196 53 Stephen
1019 1036 162 46 Wallis
1213 1036 262 52 Merrihew,
1508 1037 117 44 New
1655 1038 142 43 York.
210 1095 242 56 (25-4179)

131 1236 338 59 Unitarian
502 1235 293 59 woman’s
829 1235 238 71 league,
1106 1234 301 70 Gardner,
1442 1235 191 56 Mass.

209 1341 168 60 Cook
410 1340 159 58 book
606 1341 97 72 [by
738 1340 120 73 the]
897 1339 342 60 Unitarian
1273 1342 302 55 woman’s
1613 1342 236 71 league.
127 1341 1974 153 Gardner,
286 1421 211 71 Mass.,
528 1420 165 56 1924.

207 1509 53 46 67
289 1526 41 38 p.
388 1510 54 44 23½
477 1512 47 17 cm
530 1545 9 8 .

132 1580 53 54 ©
216 1581 118 44 Nov.
369 1582 61 49 10,
467 1579 129 52 1924;
630 1580 63 42 2c.
725 1577 87 44 and
844 1578 78 48 aff.
957 1577 92 50 Feb.
1094 1578 38 51 2,
1168 1576 129 54 1925;
1331 1579 43 42 A
1410 1577 187 53 822095;
1635 1578 241 45 Unitarian
1911 1580 214 44 woman’s

220 1653 151 37 league,
403 1636 216 52 Gardner,
650 1635 142 46 Mass.
862 1632 241 58 (25-4863)

131 1779 332 71 Voorhees,
504 1777 213 59 James
756 1777 262 57 Paxton.

267 1881 1862 76 “Flaws”, by James Paxton Voorhees … Plainfield,
132 1964 157 70 Ind.,
318 1963 129 57 The
478 1960 278 59 Caverns
786 1959 68 58 of
880 1958 182 59 dawn
1087 1957 289 76 medium,
1407 1960 165 59 1925.

203 2054 55 46 76
285 2068 40 39 p.
387 2052 51 46 15
445 2054 47 18 cm
498 2086 10 10 .

203 2123 101 45 The
329 2122 221 46 sunshine
577 2122 54 44 of
657 2137 26 29 a
707 2120 209 55 brighter
941 2120 115 55 day:
1086 2136 42 39 p.
1150 2121 153 46 49-75.

133 2195 53 54 ©
212 2195 105 45 Feb.
348 2197 61 50 14,
442 2193 129 53 1925;
598 2195 65 42 2c.
692 2194 86 43 and
805 2194 78 42 aff.
912 2193 106 44 Feb.
1049 2194 73 51 18;
1152 2194 43 42 A
1224 2194 188 52 822076;
1441 2196 41 51 J.
1513 2196 50 42 P.
1593 2196 251 53 Voorhees,
1873 2197 251 52 Plainfield,

203 2253 96 44 Ind.
368 2250 241 56 (25-4610)

132 2378 291 71 Walters,
461 2377 344 74 Raymond,
846 2380 189 56 1885-

208 2481 1850 73 Educational jottings abroad, by Raymond Walters …
131 2561 346 59 Lancaster
504 2562 123 57 and
654 2560 151 57 New
832 2559 191 74 York,
1053 2560 130 57 The
1214 2559 251 58 Science
1495 2579 199 56 press,
1727 2564 165 57 1924.

207 2655 25 44 3
260 2669 40 39 p.
349 2688 23 18 l.,
398 2652 134 51 v-vii,
560 2651 52 46 85
640 2668 40 37 p.
743 2652 50 44 16
800 2655 47 17 cm
853 2687 8 8 .

134 2723 53 54 ©
227 2725 108 42 Dec.
377 2722 62 53 15,
481 2723 129 51 1924;
649 2723 64 42 2c.
753 2723 99 51 Jan.
890 2723 38 46 2,
972 2721 128 54 1925;
1142 2723 78 44 aff.
1261 2722 106 45 Feb.
1409 2722 47 54 5;
1497 2725 43 42 A
1581 2726 188 52 814942;
1814 2728 53 42 R.
1909 2728 216 53 Walters,

207 2780 321 51 Swarthmore,
570 2780 79 42 Pa.
718 2778 242 55 (25-4869)

133 2908 283 68 Warner,
453 2906 234 59 Lucien
724 2906 238 73 Calvin,
1002 2911 190 56 1841-

212 3012 1918 74 Good health & long life, by Lucien C. Warner … New
134 3092 190 71 York,
355 3092 400 57 Association
782 3110 201 53 press,
1016 3093 165 55 1925.

205 3183 27 44 4
257 3197 39 39 p.
341 3217 21 17 l.,
390 3182 138 45 3-128
553 3196 39 39 p.
654 3181 124 46 front.
828 3181 166 54 (port.)
1065 3183 49 44 19½
1148 3183 47 19 cm
1202 3217 8 9 .

136 3253 53 54 ©
221 3256 100 51 Jan.
353 3254 66 51 26,
454 3252 129 52 1925;
619 3253 64 43 2c.
718 3252 105 44 Feb.
862 3253 74 52 17;
971 3254 78 42 aff.
1084 3253 108 44 Feb.
1230 3255 73 50 14;
1339 3255 43 42 A
1417 3255 189 53 823110;
1644 3258 327 45 International
207 3276 1900 78 committee
387 3310 49 44 of
464 3311 54 42 Y.
550 3311 65 41 M.
648 3308 47 45 C.
725 3310 71 51 A.,
826 3310 118 43 New
974 3311 141 42 York.
1185 3309 241 54 (25-4978)

135 3437 434 73 Washington,
605 3438 256 71 George,
894 3458 161 53 pres.
1094 3440 70 57 U.
1199 3440 86 72 S.,
1319 3441 357 59 1732-1799.

215 3545 798 71 American-appreciation
1043 3547 354 73 fellowship
1433 3548 235 59 edition
1702 3552 66 57 of
139 3552 1967 128 Washington’s
354 3624 280 56 farewell
683 3624 282 71 address,

1013 3625 103 57 the
1165 3643 318 54 grammar
1534 3629 206 57 school
1789 3630 339 59 children’s

140 3699 489 73 interpretation
671 3702 68 56 of
782 3702 103 57 the
930 3703 281 70 address,
1255 3704 233 59 outline
1530 3706 151 71 plan
1723 3709 68 56 of
1834 3711 297 75 studying

142 3778 1908 82 and teaching the address … [Waterbury, Conn.] c 1925.
207 3870 274 51 cover-title,
512 3871 55 44 24
600 3885 41 36 p.
702 3871 146 45 18½cm.

140 3936 54 53 ©
225 3936 107 44 Feb.
371 3937 60 51 13,
469 3935 127 51 1925;
633 3937 63 42 2c.
730 3937 86 42 and
848 3938 78 42 aff.
962 3936 106 45 Feb.
1105 3938 72 52 16;
1215 3939 43 42 A
1292 3939 188 54 822055;
1518 3943 118 52 John
1673 3945 127 52 Barr,
1837 3948 292 55 Waterbury,

212 3992 139 45 Conn.
421 3991 239 55 (25-4696)
