2533 4412
1080 4037 110 56 999

123 387 307 72 Warrick,
467 386 223 58 Calvin
724 385 283 57 Horatio.

199 473 1916 76 Gossip’s row, by C. Horatio Warrick … Kansas City,
122 556 256 73 Quality
403 554 287 72 printing
716 573 106 53 co.,
850 564 19 21 c
873 554 166 56 1925.

201 633 475 54 1 p. l., 24 p. 23 cm .
199 693 177 43 Poems.

124 760 53 54 ©
208 763 118 51 Aug.
361 762 59 49 19,
455 758 130 54 1925;
617 763 65 41 2c.
714 760 86 43 and
829 760 78 42 aff.
939 760 119 51 Aug.
1091 760 77 50 24;
1202 760 43 41 A
1276 757 189 53 861546;
1500 758 49 44 C.
1583 759 61 41 H.
1677 759 229 51 Warrick,
1937 759 182 45 Kansas

197 819 116 52 City,
341 819 94 42 Mo.
505 814 271 56 (25-16596)

120 916 324 73 Wellman,
488 916 230 57 Esther
760 915 259 58 Turner.

121 1005 1980 139 Democracy, and other verse, by Esther Turner Wellman …
419 1085 153 57 with
614 1104 81 37 an
733 1084 429 57 introduction
1204 1085 84 71 by
1327 1083 72 57 F.
1444 1084 143 72 Ray
1627 1083 258 59 Risdon.
121 1084 1980 153 Gardena,
334 1163 204 70 Calif.,

575 1162 275 71 Spanish
881 1161 339 58 American
1251 1161 290 58 institute
1574 1180 202 54 press,
1811 1164 167 56 1925.

190 1240 357 53 39 p., 1 l. 19 ½cm.
193 1297 140 44 “Two
365 1297 204 43 hundred
601 1296 87 44 and
722 1294 105 54 fifty
859 1294 193 54 copies.”

123 1353 53 54 ©
203 1357 119 50 Aug.
352 1353 36 53 5,
423 1351 102 47 1925;
581 1355 62 41 2c.
674 1354 86 42 and
788 1353 79 42 aff.
895 1353 120 51 Aug.
1048 1350 49 44 17;
1154 1353 43 41 A
1225 1350 165 45 861445;
1447 1352 157 43 Luella
1634 1353 143 43 Moon
1806 1349 191 53 Turner,
2029 1354 88 43 Los

191 1411 215 54 Angeles.
475 1408 272 56 (25-17481)

122 1511 211 72 Wells,
371 1510 229 59 Oliver.

199 1604 225 56 Poems
462 1602 111 74 [by]
614 1601 215 65 Oliver
860 1600 214 59 Wells.
1150 1601 154 57 New
1334 1601 191 73 York,
1562 1601 258 58 Antrim
122 1602 1982 137 publication
285 1680 237 71 society
553 1712 14 41 [
568 1687 19 22 c
590 1680 165 73 1925]

208 1756 66 56 [45]
309 1772 40 38 p.
409 1757 55 44 24
470 1760 47 17 cm
522 1792 10 9 .

125 1814 51 54 ©
199 1817 115 50 June
338 1817 67 49 22,
432 1812 129 54 1925;
587 1815 65 44 2c.
678 1815 87 42 and
790 1814 78 42 aff.
893 1813 106 54 July
1024 1815 50 50 2;
1102 1813 44 42 A
1170 1810 165 46 861567;
1392 1812 55 44 O.
1474 1813 145 44 Wells,
1663 1812 283 52 Greenwich,
1977 1815 144 44 Conn.

205 1870 270 55 (25-17568)

123 1973 196 72 Wess,
353 1971 250 59 Harold
637 1971 70 57 B.

203 2063 436 57 Merchandise
673 2061 242 64 control;
981 2081 40 37 a
1052 2061 302 58 scientific
1382 2064 254 57 method
1666 2064 107 57 for
1804 2067 323 57 reduction

127 2143 67 57 of
217 2141 312 58 overhead
553 2141 125 57 and
700 2140 103 59 the
832 2139 388 57 elimination
1247 2139 69 58 of
1339 2141 160 57 dead
1527 2142 224 73 stocks,
1776 2144 85 71 by
1883 2144 242 59 Harold

127 2221 69 56 B.
221 2221 201 58 Wess.
507 2221 100 56 1st
628 2219 91 58 ed.
802 2218 154 57 New
977 2218 190 73 York,
1193 2219 139 71 Dry
1354 2220 195 71 goods
1576 2222 357 73 economist,
1962 2226 165 56 1925.

193 2297 94 52 viii,
316 2297 78 44 126
417 2312 39 37 p.
516 2296 133 53 illus.,
675 2297 142 43 forms
845 2296 129 54 (part
999 2295 136 53 fold.)
1202 2297 50 42 21
1263 2299 47 17 cm
1316 2332 9 8 .

125 2355 53 54 ©
209 2357 120 53 Sept.
360 2358 35 48 1,
425 2354 128 52 1925;
584 2357 64 41 2c.
678 2354 120 53 Sept.
826 2356 49 50 8;
906 2355 78 43 aff.
1015 2354 120 52 Sept.
1167 2355 73 52 10;
1272 2356 43 41 A
1341 2354 166 45 861730;
1562 2354 181 46 Textile
1771 2359 99 51 pub.
1899 2374 80 40 co.,
2006 2361 117 43 New

195 2415 142 42 York.
407 2410 271 56 (25-17601)

125 2511 344 72 Whitehill,
508 2510 301 73 Dorothy.

203 2603 1923 75 The twins at home, by Dorothy Whitehill … New
126 2685 188 70 York,
346 2684 74 57 N.
451 2683 93 69 Y.,
573 2683 286 69 Newark,
889 2683 75 56 N.
996 2684 79 71 J.,
1107 2683 201 59 Barse
1339 2684 49 57 &
1416 2683 289 74 Hopkins
1740 2714 12 43 [
1756 2692 18 22 c
1777 2687 166 72 1925]

195 2765 77 41 211
302 2777 40 36 p.
369 2760 102 44 incl.
496 2760 158 52 plates,
715 2760 136 46 front
916 2761 50 45 19½
1000 2763 49 19 cm
1054 2798 10 9 .

126 2816 53 54 ©
208 2818 119 52 Sept.
359 2820 61 47 11,
451 2815 128 53 1925;
608 2818 63 41 2c.
700 2817 86 42 and
813 2816 79 43 aff.
922 2815 120 53 Sept.
1073 2817 74 51 12;
1178 2817 44 42 A
1247 2814 166 46 861777;
1470 2818 142 42 Barse
1640 2819 37 43 &
1705 2819 225 52 Hopkins.

205 2872 272 55 (25-17624)

127 2973 330 71 Williams,
497 2972 277 58 Edward
813 2972 68 56 T.

207 3065 215 59 Scenic
453 3066 125 56 and
604 3065 266 56 historic
896 3064 284 73 Niagara
1209 3064 193 73 Falls,
1435 3066 189 71 river,
1658 3068 239 74 rapids,
127 3070 1982 146 whirlpool
300 3145 121 57 and

447 3142 1683 75 frontier; written and compiled by … Edward T.
127 3221 1232 73 Williams … [Niagara Falls, c 1925]
203 3300 76 43 168
312 3315 39 37 p.
412 3299 115 44 illus.
555 3297 126 55 (incl.
714 3297 167 55 ports.)
947 3299 54 43 23
1008 3299 48 18 cm
1062 3334 9 8 .

202 3356 138 45 “This
371 3357 120 43 book
522 3354 202 45 contains
748 3369 138 30 .more
916 3355 107 43 than
1059 3352 78 46 150
1170 3355 90 44 fine
1291 3356 274 54 engravings
1599 3358 52 43 of
1680 3361 178 45 ancient
1888 3365 86 42 and
130 3366 1980 92 modern
243 3414 207 52 Niagara
481 3410 198 46 frontier

709 3426 150 28 scenes
892 3412 87 42 and
1010 3410 198 45 includes
1243 3411 74 45 the
1347 3421 203 44 greatest
1579 3415 238 47 collection
1849 3419 51 44 of
1930 3422 200 52 regional

129 3471 196 51 pictures
356 3483 105 30 ever
491 3465 275 55 published.”

133 3527 53 54 ©
221 3530 121 50 Aug.
381 3525 64 52 17,
485 3524 129 50 1925;
652 3527 64 41 2c.
755 3526 118 51 Aug.
912 3526 76 49 31;
1027 3525 79 43 aff.
1147 3524 119 54 Sept.
1304 3527 50 51 8;
1393 3528 43 41 A
1472 3526 189 55 865908;
1702 3530 52 48 E.
1791 3531 53 44 T.
1884 3534 242 50 Williams,

203 3586 205 51 Niagara
433 3582 140 52 Falls,
598 3582 59 42 N.
683 3582 55 42 Y.
808 3579 271 55 (25-17588)

133 3684 128 56 The
293 3680 377 60 Wonderful
700 3683 177 69 story
904 3680 161 57 book;
1128 3699 35 37 a
1196 3680 322 60 collection
1551 3685 68 57 of
1649 3686 275 62 favorite
1958 3691 170 74 fairy

209 3759 159 59 tales
423 3758 123 57 and
598 3776 215 53 poems
869 3756 68 58 of
989 3756 361 71 childhood;
1408 3779 112 39 one
1572 3760 286 64 hundred
1913 3767 211 75 eighty

208 3837 421 57 illustrations
675 3837 83 72 by
804 3836 275 56 Frances
1125 3833 356 72 Brundage.
1571 3840 235 80 Akron,
1914 3892 30 25 O.,
1997 3848 129 58 The

212 3914 295 59 Saalfield
535 3913 362 72 publishing
926 3931 306 54 company
1262 3943 12 43 [
1276 3923 19 22 c
1299 3916 164 73 1925]
