2533 4412
0 0 0 0 909
122 437 234 75 [Floyd,
397 437 296 77 William]
735 441 189 57 1871-
1082 440 91 58 ed.

195 529 206 59 Social
436 548 299 54 progress
755 553 13 48 ;
808 549 35 38 a
875 529 332 59 handbook
1241 530 69 57 of
1343 530 106 58 the
1484 531 223 57 liberal
1741 535 370 54 movement.

115 606 151 58 New
289 606 173 59 York
485 607 143 75 city,
654 607 130 57 The
808 606 388 73 Arbitrator,
1223 609 166 56 1925.

188 687 548 51 5 p. l ., 342 p. 23½ cm .
190 743 363 51 “Explanation”
583 744 185 50 signed:
802 742 209 46 William
1043 741 160 55 Floyd,
1235 743 158 47 editor.

190 800 69 43 “A
286 799 172 51 library
485 800 75 43 for
588 799 210 46 liberals”
814 816 10 29 :
853 815 41 35 p.
920 799 206 46 325-335.

121 851 53 56 ©
197 854 120 53 Aug.
342 852 68 54 25,
439 851 103 47 1925
560 868 9 39 ;
597 854 64 44 2c.
689 854 88 44 and
802 855 80 43 aff.
909 855 119 53 Aug.
1056 853 55 45 27
1126 869 9 38 ;
1164 854 44 44 A
1234 853 168 47 864338
1415 868 10 40 ;
1454 854 279 46 Arbitrator.
199 908 270 57 (25-17166)

116 994 222 69 Fuchs,
384 993 294 59 Richard.

193 1087 465 59 Wissenschaft
684 1090 129 58 und
842 1090 218 70 praxis
1091 1091 109 57 des
1228 1089 156 57 kauf
1387 1107 221 39 manus
1628 1112 12 48 ;
1673 1088 99 59 ein
1798 1091 160 56 lehr-
1987 1091 130 57 und

115 1165 2001 75 handbuch, von Richard Fuchs … Potsdam und Leipzig,
116 1243 282 60 Bonness
425 1243 48 57 &
499 1243 331 73 Hachfeld,
860 1244 166 57 1925.

188 1324 27 41 2
240 1338 41 28 V.
342 1320 115 46 illus.
484 1321 127 52 (incl.
640 1335 140 38 maps,
809 1321 204 52 facsim.)
1052 1322 112 45 fold,
1192 1321 146 53 diagr.
1396 1323 56 44 26
1458 1325 47 17 cm
1511 1357 9 9 .

187 1378 126 47 Each
340 1379 183 45 volume
548 1379 81 44 has
657 1379 97 45 also
785 1378 165 51 special
978 1386 98 43 t.-p.

448 1433 1666 54 CONTENTS .—1. bd: Buchhaltung, von Richard Fuchs, Bilanzkunde, von
117 1492 201 44 Richard
364 1492 162 45 Fuchs.
603 1491 414 46 Kaufmännischer
1064 1491 372 53 Schriftverkehr,
1485 1509 89 30 von
1623 1492 127 45 Fritz
1802 1492 313 46 Michaelis.—

115 1556 39 36 2.
184 1550 73 41 bd.
293 1548 147 51 Geld-,
474 1549 142 45 bank-
645 1551 92 43 und
766 1548 329 52 börsenwesen,
1130 1565 89 29 von
1254 1548 127 46 Fritz
1416 1549 294 45 Kalbfleisch.
115 1549 1978 108 Betriebswirtschaftslehre,
463 1622 92 29 von
588 1605 201 45 Richard
820 1605 148 45 Fuchs
1011 1605 481 52 (Kontormaschinen,
1525 1622 89 29 von
1647 1607 182 45 Walter
1860 1607 252 46 Matzdorf.

116 1663 311 52 Werbelehre,
486 1678 90 29 von
639 1662 140 47 Erich
843 1661 212 53 Steinau)
1136 1663 353 52 Wechsellehre,
1553 1679 94 30 von
1708 1663 140 47 Erich
1915 1663 200 48 Steinau.

116 1717 392 47 Kaufmännische
539 1720 146 43 rechts
693 1718 132 52 lehre,
858 1735 90 29 von
982 1718 140 47 Erich
1159 1719 199 47 Steinau.
1420 1719 90 46 Die
1540 1729 174 36 Steuer-
1741 1723 93 43 und
1863 1720 251 52 zollpraxis

115 1778 76 43 des
225 1776 285 51 kaufmanns,
543 1792 91 29 von
671 1776 201 44 Richard
905 1774 163 46 Fuchs.
1129 1774 415 47 Kaufmännisches
1581 1777 208 52 rechnen,
1824 1793 91 29 von
1947 1778 167 45 Albert

116 1833 169 46 Micha.
345 1832 312 52 Kalkulation,
686 1847 88 30 von
808 1832 116 45 Karl
942 1832 191 49 .Rössle.
1192 1832 325 45 Wirtschafts-
1547 1832 94 46 und
1671 1835 320 50 Warenkunde,
2022 1850 91 29 von

117 1892 50 43 P.
202 1892 54 43 R.
288 1890 138 45 Rehe.
487 1890 97 45 Das
614 1889 385 51 Verkehrswesen,
1029 1905 91 29 von
1149 1888 210 46 William
1391 1890 163 45 Hesse.
1616 1892 96 43 Das
113 1891 1978 107 Versicherungswesen,
313 1962 91 30 von
437 1944 209 47 William
678 1946 161 44 Hesse.
901 1944 570 54 Behördenorganisation.
1533 1946 88 46 Die
1654 1948 348 52 neugestaltung
2035 1951 78 43 des

114 2005 246 44 deutschen
388 2004 289 52 geldwesens,
706 2018 91 31 von
828 2001 127 46 Fritz
986 2000 281 54 Kalbfleisch.

118 2057 1995 55 © Apr. 1, 1925; 1c. each June 22; A —Foreign 27970; Bonness & Hachfeld.
197 2113 269 57 (25-14545)

115 2201 315 71 Germany
464 2198 400 74 (1918-)
952 2197 493 60 Reichskanzlei.

192 2288 311 58 Amtliche
545 2289 328 57 urkunden
914 2307 112 38 zur
1109 2287 426 73 vorgeschichte
1578 2290 108 57 des
118 2289 1975 152 waffenstillstandes,
420 2367 167 72 1918,
616 2367 110 59 auf
755 2367 206 71 grand
989 2367 113 56 der
1131 2367 185 58 akten
1347 2367 114 56 der
1487 2366 490 73 Reichskanzlei,
2007 2370 108 56 des

115 2445 443 72 Auswärtigen
584 2448 198 54 amtes
806 2445 128 56 und
957 2445 108 56 des
1091 2444 476 72 reichsarchivs,
1591 2445 172 72 hrsg.
1787 2464 143 38 vom
116 2446 1975 149 Auswärtigen
469 2525 131 55 amt
646 2524 129 56 und
820 2541 145 38 vom
1013 2521 652 58 Reichsministerium
1715 2524 108 57 des
1872 2523 243 58 innern.

117 2602 50 57 2.
210 2621 193 39 verm.
447 2600 138 59 aufl.
668 2600 236 74 Berlin,
946 2600 313 58 Deutsche
1302 2600 667 74 Verlagsgesellschaft
2007 2603 108 57 für

114 2680 225 73 Politik
371 2681 128 56 und
531 2679 353 72 geschichte
918 2699 78 36 m.
1033 2681 55 56 b.
1124 2679 79 74 h.,
1241 2681 166 55 1924.

184 2757 81 52 xii,
284 2757 86 44 290
389 2772 39 38 p.
486 2755 52 45 25
547 2759 48 18 cm
600 2792 9 9 .

188 2814 116 45 “Die
342 2816 35 42 1.
412 2814 176 52 auflage
622 2813 203 45 erschien
860 2821 131 37 unter
1026 2814 102 43 dem
1162 2812 122 45 titel:
1322 2814 363 52 Vorgeschichte
1717 2814 74 44 des
118 2814 1975 103 Waffenstillstandes
313 2886 10 37 ;
349 2870 211 45 amtliche
581 2872 235 43 urkunden
838 2870 124 53 hrsg.
985 2872 63 42 im
1069 2870 212 53 auftrage
1304 2871 77 43 des
1405 2870 491 45 Reichsministeriums
1921 2887 89 29 von
2033 2874 81 43 der

118 2927 384 46 Reichskanzlei.”

116 2982 1974 114 © Dec. 30, 1924; 1c. June 22, 1925; A —Foreign 27974; Deutsche verlagsgesellschaft für politik und geschichte. (25-14670)
115 3128 291 74 Graham,
449 3129 230 56 Evarts
716 3126 323 74 Ambrose,
1082 3128 190 58 1883-

194 3210 181 59 Some
415 3210 434 57 fundamental
886 3206 497 60 considerations
1422 3207 64 56 in
1522 3207 104 58 the
1664 3209 341 58 treatment
2043 3209 68 58 of

117 3283 1992 77 empyema thoracis, by Evarts A. Graham … St. Louis,
116 3366 130 57 The
275 3365 65 58 C.
368 3363 73 60 Y.
473 3363 225 71 Mosby
725 3381 322 53 company,
1078 3362 166 57 1925.

183 3436 978 55 2 p. l ., 7-110 p. illus., diagrs. 23½ cm .
185 3499 142 45 “This
357 3513 130 36 essay
513 3513 92 29 was
636 3496 214 46 awarded
878 3498 75 44 the
983 3495 181 49 Samuel
1192 3497 57 43 D.
1279 3495 145 46 Gross
1451 3494 125 53 prize
1605 3496 52 45 of
1684 3496 79 45 the
1793 3495 314 53 Philadelphia

114 3557 214 49 academy
356 3556 51 45 of
436 3569 191 36 surgery
656 3552 45 45 in
731 3552 146 46 1920.”

187 3610 352 52 Bibliography:
566 3624 40 37 p.
639 3608 202 45 107-110.

115 3665 55 54 ©
198 3666 106 53 July
333 3665 64 52 30,
431 3663 129 53 1925;
591 3664 64 42 2c.
685 3664 120 52 Aug.
834 3663 79 51 24;
946 3663 77 42 aff.
1057 3662 119 52 Aug.
1205 3661 78 51 22;
1316 3660 44 43 A
1391 3660 190 54 864319;
1617 3660 48 46 C.
1697 3663 59 44 V.
1787 3662 168 53 Mosby
1984 3676 68 30 co.

195 3720 270 57 (25-16756)

116 3808 343 71 Hamburg.
543 3805 392 58 Kunsthalle.

262 3880 1848 74 … Zeichnungen alter meister in der Kunsthalle zu
116 3958 1996 77 Hamburg. Niederländer … herausgegeben von Gustav
