2533 4412
1288 4108 111 55 684

348 441 216 71 Insull,
610 440 269 73 Samuel,
924 444 190 55 1859-

425 531 462 72 Public-utility
911 531 184 71 facts,
1120 533 85 71 by
1230 531 252 58 Samuel
1508 532 201 57 Insull;
1766 552 81 40 an
1872 533 262 58 address
2160 537 62 54 to
2249 535 104 57 the

344 609 183 58 Bond
548 610 138 58 club
710 610 68 58 of
800 609 394 73 Pittsburgh,
1219 609 189 71 April
1430 611 89 72 17,
1546 611 166 57 1925.
1800 609 290 74 Chicago,
2116 612 165 57 1925.

417 687 58 44 20
506 703 39 38 p.
605 689 54 43 23
667 690 47 17 cm
721 723 7 7 .

345 743 56 53 ©
429 746 113 52 May
568 745 65 51 22,
669 743 130 53 1925;
830 744 64 43 2c.
925 744 88 43 and
1042 744 78 43 aff.
1149 744 116 52 June
1295 745 48 51 3;
1377 745 44 42 A
1451 743 188 54 829529;
1675 743 45 48 S.
1751 744 159 53 Insull,
1941 743 213 55 Chicago.

425 800 272 55 (25-10892)

348 900 231 74 Keller,
621 899 225 59 Albert
889 899 341 74 Galloway,
1278 902 191 58 1874-

427 989 1859 75 Starting-points in social science, by A. G. Keller …
344 1070 262 71 Boston,
636 1069 152 57 New
814 1068 176 57 York
1020 1071 148 70 [etc.]
1203 1067 162 59 Ginn
1397 1070 124 57 and
1551 1087 309 55 company
1891 1098 13 44 [
1905 1077 21 22 c
1929 1069 166 73 1925]

415 1163 40 36 V,
487 1147 77 44 183
593 1161 40 38 p.
693 1146 57 43 20½cm.

345 1202 53 54 ©
430 1206 113 50 May
569 1204 69 51 21,
671 1201 129 54 1925;
832 1202 65 44 2c.
929 1204 115 51 June
1076 1201 74 53 15;
1184 1202 80 43 aff.
1295 1203 115 51 June
1444 1203 74 52 13;
1552 1204 44 42 A
1626 1200 190 55 855555;
1851 1204 57 43 A.
1944 1202 50 45 G.
2027 1203 172 52 Keller,
2234 1204 117 44 New

417 1262 177 42 Haven.
660 1257 66 55 [©
759 1274 99 28 new
893 1259 206 43 material
1135 1259 43 43 in
1211 1259 74 43 the
1321 1259 182 52 regular
1536 1259 182 54 edition]
1789 1258 271 56 (25-11325)

343 1357 381 74 Mackenzie,
760 1359 91 57 De
886 1357 178 59 Witt.

424 1451 138 60 Girl
590 1453 67 56 in
686 1451 105 57 the
820 1451 196 57 mask,
1101 1450 210 72 chaps.
1346 1452 205 56 19-28.

419 1531 81 51 (In
530 1530 334 42 Hutchinson’s
893 1533 214 48 mystery
1139 1533 132 48 story
1299 1530 258 52 magazine,
1587 1531 135 51 June,
1754 1530 127 52 1925)

343 1583 1956 56 © 1c. July 13, 1925; A ad int. 7101; pubd. May 16; De W. Mackenzie, ℅
417 1642 154 45 Curtis
608 1644 183 50 Brown,
827 1641 94 54 ltd.,
957 1642 116 43 New
1110 1642 143 43 York.

347 1742 366 77 [Mansfield,
751 1742 283 73 Milburg
1067 1741 356 78 Francisco]
1462 1745 190 57 1871-

423 1832 1860 77 The spell of Normandy, by Francis Miltoun [pseud.] …
342 1913 153 58 with
532 1911 423 59 illustrations
996 1913 84 71 by
1120 1912 276 57 Blanche
1437 1911 352 59 McManus.
1870 1911 258 74 Boston,
2169 1912 69 57 L.
2285 1910 64 61 C.

343 1991 173 74 Page
544 1990 48 60 &
621 2009 308 55 company
958 1990 183 74 [1925]

414 2068 1930 55 2 p. l., iii-xi p., 1 l., 13-448 p. col. front., illus., plates, maps (1 fold.)
343 2127 53 43 20½
432 2129 47 17 cm
485 2162 8 8 .
557 2126 113 47 [The
706 2126 123 53 Spell
863 2127 154 47 series]

415 2184 264 44 Illustrated
710 2183 344 54 lining-papers.

415 2241 147 45 “New
597 2240 211 45 edition.”

415 2297 124 45 First
563 2297 234 53 published
821 2299 44 42 in
896 2296 103 46 1905
1027 2296 144 45 under
1197 2296 123 46 title:
1350 2297 214 45 Rambles
1592 2296 45 45 in
1664 2297 284 53 Normandy.

344 2353 53 54 ©
429 2356 117 51 June
578 2355 66 51 26,
682 2354 129 51 1925;
846 2355 64 43 2c.
945 2356 87 42 and
1065 2355 78 43 aff.
1178 2356 116 51 June
1328 2355 76 51 30;
1441 2355 44 42 A
1519 2353 189 54 855710;
1747 2355 48 42 L.
1833 2354 49 45 C.
1919 2356 124 51 Page
2078 2355 37 44 &
2149 2370 79 36 co.,
2265 2369 82 29 me.

416 2409 67 55 [©
516 2412 304 43 introduction
852 2412 88 43 and
971 2411 235 53 revisions]
1278 2409 271 57 (25-12274)

346 2510 273 73 [Martin,
655 2512 59 58 J.
751 2511 58 59 J.
846 2512 89 75 B.]

420 2601 236 59 Across
700 2601 104 57 the
846 2621 201 53 moon,
1092 2602 84 72 by
1215 2601 270 59 Hamish
1529 2602 288 59 Maeleod
1876 2603 216 72 [pseud.]
2198 2603 151 57 New

342 2680 191 73 York,
566 2680 161 57 Boni
758 2680 48 56 &
835 2680 347 73 Liveright,
1217 2682 165 55 1925.

412 2756 468 55 363, [1] p. 19½ cm .
340 2812 56 54 ©
424 2815 112 51 May
566 2815 35 51 1,
630 2812 131 54 1925;
789 2814 63 43 2c.
882 2815 113 51 May
1023 2812 74 53 15;
1124 2814 82 43 aff.
1235 2815 113 51 May
1377 2814 75 52 14;
1481 2814 44 42 A
1553 2812 187 54 855122;
1774 2814 115 44 Boni
1919 2815 37 44 &
1985 2814 246 53 Liveright,
2264 2815 83 43 inc.

421 2869 272 56 (25-11365)

344 2954 189 73 Mills,
572 2955 302 74 Dorothy.

422 3046 129 59 The
578 3048 162 57 book
770 3047 68 57 of
865 3048 103 56 the
1000 3046 248 59 ancient
1280 3047 233 58 Greeks;
1579 3066 80 37 an
1688 3047 429 59 introduction
2148 3051 64 55 to
2245 3048 104 58 the

340 3124 248 73 history
617 3128 123 56 and
767 3123 382 60 civilization
1179 3126 69 58 of
1279 3124 230 60 Greece
1539 3124 169 57 from
1737 3125 104 58 the
1873 3125 245 72 coming
2148 3125 68 58 of
2245 3127 104 56 the

347 3202 234 58 Greeks
620 3206 64 54 to
721 3203 104 57 the
861 3206 300 70 conquest
1199 3202 68 58 of
1305 3202 267 59 Corinth
1604 3204 84 70 by
1723 3203 194 58 Borne
1955 3202 65 57 in
2057 3203 111 58 146
2246 3251 11 10 B.
2336 3250 10 10 C.

343 3278 2004 75 By Dorothy Mills … with 16 illustrations and a map.
343 3358 153 57 New
517 3358 175 56 York
715 3359 48 56 &
785 3358 281 69 London,
1098 3357 66 58 G.
1195 3357 67 56 P.
1292 3356 334 58 Putnam’s
1656 3375 165 55 sons,
1849 3356 167 58 1925.

413 3433 1430 54 xvi, 420 p. front., plates, fold. map, fold. tab. 20 cm .
342 3489 2002 54 © May 8, 1925; 2c. May 13; aff. June 18; A 855600; D. Mills, ℅ G. P.
414 3547 232 44 Putnam’s
679 3562 117 35 sons,
830 3547 117 43 New
978 3547 143 44 York.
1191 3545 271 55 (25-11374)

344 3632 328 74 Moriarty,
712 3632 283 59 William
1032 3632 242 58 Daniel.

419 3722 1925 75 Economics for citizenship, by W. D. Moriarty … New
341 3802 189 71 York,
564 3799 271 73 Chicago
868 3804 147 70 [etc.]
1047 3803 377 71 Longmans,
1459 3801 203 58 Green
1693 3804 124 56 and
1846 3821 107 52 co.,
1985 3803 165 57 1925.

411 3878 76 53 vii,
522 3878 82 45 544
631 3893 41 38 p.
733 3878 132 52 illus.,
897 3877 171 54 diagrs.
1128 3879 54 43 20
1189 3881 47 17 cm
1242 3914 7 7 .

414 3935 339 43 “References”
779 3942 47 35 at
850 3934 87 43 end
964 3936 53 42 of
1045 3950 127 28 some
1200 3935 52 42 of
1279 3935 77 43 the
1383 3935 227 52 chapters.

342 3990 53 54 ©
426 3993 114 51 June
572 3993 33 50 1,
641 3990 103 44 1925;
801 3991 64 42 2c.
895 3992 116 52 June
1046 3989 72 54 17;
1152 3992 78 43 aff.
1261 3993 115 51 June
1410 3991 73 53 16;
1518 3992 44 42 A
1593 3990 189 54 855572;
1819 3992 271 53 Longmans,
2128 3991 145 45 Green
2305 3993 37 44 &

410 4064 66 28 co.
547 4046 270 57 (25-11330)
