2533 4412
1160 4075 72 58 27

193 455 224 69 Miller,
460 455 202 72 Kelly,
707 456 189 57 1863-

274 540 1915 74 The everlasting stain, by Kelly Miller … Washington,
195 624 73 56 D.
297 624 84 70 C.,
410 623 128 56 The
566 620 376 59 Associated
968 619 355 74 publishers
1354 648 14 43 [
1371 626 19 23 c
1393 619 165 72 1924]

264 700 84 43 xiii
374 715 54 38 p.,
459 700 17 42 1
526 734 21 17 l.,
575 699 81 44 352
682 713 41 38 p.
786 699 48 44 19½
871 701 47 17 cm
925 733 8 8 .

266 756 127 44 “The
430 771 155 37 essays
619 755 48 42 in
700 755 91 44 this
826 754 244 44 collection
1105 760 156 37 center
1296 754 141 43 about
1471 753 77 44 the
1584 752 145 45 issues
1767 752 213 55 growing
2019 763 81 34 out
2137 754 51 42 of

195 815 75 42 the
296 812 150 45 world
474 828 98 27 war
599 812 88 44 and
717 813 76 42 the
819 813 183 51 negro’s
1033 810 196 45 relation
1257 818 46 35 to
1333 810 358 43 them.”—Pref.

193 869 53 54 ©
271 871 107 43 Dec.
403 870 68 52 29,
500 870 128 51 1924;
654 870 65 42 2c.
747 870 98 51 Jan.
871 869 40 52 8,
939 867 130 53 1925;
1097 868 78 43 aff.
1203 869 99 52 Jan.
1328 868 49 52 9;
1407 868 44 42 A
1476 867 189 53 814600;

1694 868 269 44 Associated
262 868 1906 111 publishers,
377 928 82 42 inc.
525 925 242 55 (25-2354)

193 1012 299 73 Mullany,
530 1010 345 58 Katherine
911 1011 67 57 F.

273 1103 282 58 Catholic
589 1101 334 73 Pittsfield,
2042 1121 55 37 v.
2138 1104 50 54 2.

194 1180 331 70 Pittsfield,
560 1180 213 73 Mass.,
807 1180 197 72 Eagle
1037 1179 288 72 printing
1355 1180 122 56 and
1510 1179 263 72 binding
1805 1198 105 53 co.,
1946 1182 164 54 1924.

265 1254 1766 55 1 p. l., [vii]–xiv p., 1 l., 321, [1] p. front., illus. (incl. ports.) 19½c m .
190 1312 56 54 ©
275 1314 108 42 Dec.
417 1313 63 51 19,
511 1312 106 43 1924;
668 1313 66 42 2c.
764 1313 107 42 Dec.
900 1313 79 51 24;
1009 1313 78 42 aff.
1116 1313 99 52 Jan.
1249 1312 49 42 16,
1343 1311 130 51 1925;
1505 1313 44 42 A
1578 1311 188 53 815641;
1799 1313 57 42 K.
1887 1311 50 45 F.
1969 1313 224 53 Mullany,

265 1370 240 52 Pittsfield,
533 1370 141 42 Mass.

194 1455 298 58 National
526 1450 413 62 tuberculosis
978 1452 393 59 association.

193 1546 1999 152 … Transactions of the twentieth annual meeting, Atlanta, Ga., May 6, 7, 8 and 9, 1924. New York, National
193 1702 413 59 tuberculosis
642 1702 380 57 association
1061 1703 181 73 [1925]

261 1776 83 46 454
371 1793 38 38 p.
472 1778 131 51 illus.,
632 1793 73 37 pl.,
733 1776 155 45 tables.
948 1778 54 42 24½
1037 1781 46 17 cm
1090 1814 8 7 .

193 1834 54 53 ©
277 1837 108 41 Dec.
417 1835 63 51 12,
511 1834 106 44 1924;
670 1835 65 42 2c.
764 1835 99 51 Jan.
894 1832 39 52 5,
965 1832 130 53 1925;
1126 1835 79 42 aff.
1233 1835 99 51 Jan.
1361 1835 50 52 2;
1443 1835 44 42 A
1515 1834 189 54 814534;
1739 1836 111 43 Natl.
1895 1838 297 45 tuberculosis

263 1906 116 29 assn.

193 1979 287 73 Nutting,
520 1977 294 72 Wallace,
856 1980 190 55 1861-

275 2055 463 73 Pennsylvania
774 2054 315 58 beautiful
1134 2055 311 72 (eastern)
1490 2057 83 70 by
1607 2056 281 60 Wallace
1926 2059 270 73 Nutting

199 2133 1973 152 … illustrated by the author with many examples of landscapes
442 2212 123 57 and
590 2211 103 59 old
715 2212 229 56 houses
970 2210 63 57 in
1062 2211 83 57 all
1171 2211 105 58 the
1302 2211 279 59 counties
1606 2212 220 60 herein
1850 2215 345 59 described.

197 2289 465 73 Framingham,
693 2291 213 69 Mass.,
935 2288 121 59 Old
1078 2289 295 58 America
1401 2308 309 55 company
1738 2320 13 44 [
1753 2299 20 23 c
1776 2291 166 75 1924]

265 2365 1923 60 2 p. l., [3]-302 p. incl. illus., plates. 26 cm . (His States beautiful series)
192 2424 56 53 ©
274 2427 116 42 Nov.
421 2428 34 48 1,
486 2425 106 43 1924;
640 2425 65 41 2c.
731 2426 99 51 Jan.
854 2423 69 52 26,
950 2422 131 53 1925;
1109 2423 79 44 aff.
1215 2425 121 42 Nov.
1365 2423 36 54 5,
1433 2426 130 52 1924;
1592 2427 44 42 A
1660 2426 190 52 814812;
1879 2429 75 43 W.
1983 2429 212 53 Nutting,

266 2481 339 53 Framingham,
638 2482 142 43 Mass.
848 2479 243 55 (25-2571)

197 2569 159 58 Ohio
386 2573 161 54 state
579 2567 367 83 university,
983 2568 354 59 Columbus.
1418 2570 167 73 Dept.
1641 2569 67 74 of
1737 2572 271 73 physics.

274 2646 396 73 Laboratory
710 2646 253 55 manual
1009 2644 68 57 of
1118 2645 253 71 physics
1415 2646 104 56 for
1561 2647 157 58 Arts
1764 2650 305 72 students,
2112 2652 82 70 by

199 2724 73 56 D.
302 2724 78 57 A.
409 2724 366 70 Woodbury
809 2724 122 56 and
966 2722 63 58 C.
1062 2722 97 58 W.
1192 2723 238 76 Jarvis,
1461 2724 418 72 Department
1911 2727 67 58 of
197 2728 1971 147 physics,

347 2801 156 59 Ohio
545 2804 161 54 state
745 2801 369 72 university.
1200 2800 356 74 Columbus,
1655 2850 30 26 O.,
1727 2805 72 56 R.
1843 2805 70 59 G.
1953 2807 239 57 Adams

197 2881 48 56 &
272 2899 104 54 co.,
405 2881 166 55 1925.

273 2959 82 44 236
379 2974 40 38 p.
446 2959 99 43 incl.
573 2958 133 52 illus.,
733 2956 154 53 tables,
915 2956 168 54 diagrs.
1143 2958 52 43 23½
1232 2960 46 17 cm
1285 2992 8 8 .

278 3015 203 47 “Second
510 3012 208 47 edition.”

199 3070 53 53 ©
278 3072 100 51 Jan.
408 3070 37 51 5„
477 3069 129 53 1925;
634 3071 65 42 2c.
727 3070 87 43 and
842 3070 79 43 aff.
949 3070 99 52 Jan.
1081 3070 74 51 10;
1186 3070 44 42 A
1258 3069 190 54 815560;
1479 3072 52 42 R.
1563 3072 51 44 G.
1642 3073 174 45 Adams
1848 3075 36 43 &
1912 3090 65 29 co.

281 3125 241 56 (25-2545)

203 3211 279 57 Outdoor
517 3214 209 67 sports
761 3209 105 58 the
898 3229 153 51 year
1099 3212 235 70 ’round,
1373 3212 108 55 226
1518 3212 234 72 clearly
1782 3215 255 58 written
2073 3220 120 56 and

280 3287 241 58 concise
567 3286 252 57 articles
869 3305 78 38 on
989 3287 139 57 how
1171 3290 64 54 to
1282 3287 178 57 make
1508 3287 358 73 equipment
1913 3291 104 58 for
2065 3313 133 38 new

273 3367 121 56 and
424 3365 269 72 popular
726 3367 230 69 sports.
1036 3363 177 58 With
1244 3366 109 56 317
1381 3365 441 61 illustrations.
1908 3371 290 73 Chicago,

280 3444 277 71 Popular
586 3441 349 59 mechanics
964 3461 182 53 press
1179 3471 13 44 [
1193 3449 20 23 c
1217 3443 165 72 1924]

275 3519 1615 55 1 p. l. , 152 p. illus. 24½ cm . [Popular mechanics handbooks]
198 3577 57 53 ©
281 3579 109 42 Dec.
417 3577 61 50 12,
508 3577 129 51 1924;
663 3578 64 42 2c.
753 3577 87 43 and
865 3578 77 42 aff.
970 3578 99 51 Jan.
1094 3578 40 51 2,
1164 3576 130 53 1925;
1322 3578 44 42 A
1390 3577 190 53 814665;
1611 3580 201 52 Popular
1837 3583 253 44 mechanics
2117 3600 80 36 co.,

274 3634 213 53 Chicago.
555 3633 242 54 (25-2370)

205 3720 251 74 Ownby,
491 3722 161 57 Miss
687 3719 229 60 Frank.

280 3797 194 60 Bride
527 3797 47 59 &
625 3816 219 53 groom
893 3798 191 71 book;
1133 3798 290 57 valuable
1474 3798 413 62 information
1940 3803 104 59 for
2095 3806 104 58 the

203 3874 1973 138 newly married … compiled by Miss Frank Ownby. [Kansas
350 3953 160 71 City,
544 3955 142 69 Mo.,
720 3954 59 56 J.
815 3955 83 55 M.
935 3952 318 72 Shumate,
1285 3961 20 23 c
1309 3954 166 70 1925]
