2533 4412
0 0 0 0 1510
250 314 287 73 Scoville,
576 315 248 59 Wilbur
861 314 280 74 Lincoln,
1182 319 190 57 1865-

326 393 130 57 The
489 396 102 54 art
625 393 67 57 of
723 394 461 73 compounding;
1249 414 36 37 a
1318 397 133 55 text
1482 394 161 58 book
1675 395 104 58 for
1814 397 287 59 students
2136 399 124 56 and

246 492 36 37 a
335 471 324 58 reference
711 472 161 57 book
922 472 107 57 for
1079 472 424 71 pharmacists
1558 476 65 55 at
1674 473 105 58 the
1832 473 427 73 prescription

246 549 2012 77 counter, by Wilbur L. Scoville … 4th ed., rev. and enl.,
245 627 152 58 with
433 629 69 56 76
536 628 444 74 illustrations,
1018 628 327 72 reprinted
1378 628 153 58 with
1565 629 401 58 corrections.
245 631 1990 147 Philadelphia,

551 707 69 60 P.
655 706 393 58 Blakiston’s
1084 726 112 39 son
1229 705 48 59 &
1308 726 86 38 co.
1432 736 13 43 [
1445 715 20 21 c
1469 708 165 72 1925]

313 784 81 53 xii,
425 784 82 44 390
538 798 41 39 p.
641 783 115 45 illus.
817 785 55 42 24
878 786 47 18 cm
933 820 7 8 .

245 839 53 55 ©
328 842 108 43 Dec.
466 843 39 50 9,
537 840 131 55 1925;
700 843 64 43 2c.
792 843 87 43 and
909 842 79 44 aff.
1019 842 109 43 Dec.
1162 841 75 53 10;
1270 842 44 43 A
1342 841 191 53 875429;
1567 843 51 43 P.
1650 842 276 45 Blakiston’s
1956 859 81 29 son
2067 844 37 44 &
2133 859 65 29 co.

324 897 274 56 (25-25515)

247 984 207 69 Sears,
493 983 170 58 Fred
700 982 312 70 Coleman,
1054 985 191 57 1866-

391 1060 1868 72 … Productive small fruit culture; a discussion of the
243 1139 303 73 growing,
607 1138 392 74 harvesting,
1063 1140 125 57 and
1248 1138 359 74 marketing
1670 1138 69 58 of
1802 1139 456 74 strawberries,

243 1217 417 72 raspberries,
730 1217 445 72 blackberries,
1246 1221 311 69 currants,
1629 1216 434 74 gooseberries
2136 1219 124 58 and

244 1295 2015 74 grapes, by Fred Coleman Sears … 196 illustrations in
242 1372 2015 74 the text. 2d ed., rev. … Philadelphia & London, J. B.
243 1453 368 74 Lippincott
644 1473 308 52 company
986 1483 13 43 [
1002 1462 18 20 c
1024 1453 165 73 1925]

243 1529 1994 114 viii p., 1 l., 368 p. col. front., illus., pl. 21½ cm . (Lippincott’s farm manuals, ed. by K. C. Davis)
243 1645 53 55 ©
330 1648 100 44 Oct.
467 1647 64 51 13,
565 1645 131 53 1925;
728 1646 65 43 2c.
827 1647 87 42 and
946 1645 78 43 aff.
1059 1646 109 42 Dec.
1202 1645 50 52 9;
1287 1645 45 42 A
1364 1643 191 54 872764;
1591 1646 39 52 J.
1667 1646 50 43 B.
1754 1646 259 53 Lippincott
2043 1661 66 29 co.

321 1702 272 56 (25-25517)

246 1786 303 73 Seillière,
585 1788 232 57 Ernest
848 1785 273 58 Antoine
1155 1784 184 59 Aimé
1372 1784 186 71 Léon,
1597 1788 214 72 baron,
1846 1788 189 57 1866-

387 1862 1285 78 … Le romantisme. Paris, Stock, 1925.
312 1941 1820 57 2 p. 1, [7]-123 p., 2 l. 14 ½ cm . (On cover: La culture moderne. 17)
311 2003 65 44 At
406 2001 116 46 head
553 2000 51 46 of
636 2000 123 46 title;
792 1999 170 48 Ernest
996 1998 217 49 Seillière.

241 2055 2015 57 © Aug. 6, 1925; 1c. Oct. 5; A—Foreign 28736; Delamain, Boutelleau & co.,
314 2117 146 43 Paris.
531 2114 215 54 (26-900)

246 2199 338 74 Seligman,
624 2198 228 59 Edwin
883 2197 237 59 Robert
1152 2197 352 73 Anderson,
1542 2199 192 58 1861-

323 2277 1862 74 Studies in public finance, by Edwin R. A. Seligman …
243 2359 153 59 New
421 2358 191 70 York,
642 2358 131 57 The
803 2354 362 61 Macmillan
1193 2373 327 55 company,
1551 2356 167 55 1925.

311 2433 534 53 ix p., 1 l., 302 p. 22½cm.
240 2489 53 54 ©
318 2491 109 43 Dec.
455 2490 24 43 8
484 2526 7 15 ;
523 2487 105 46 1925;
683 2489 63 43 2c.
775 2489 86 42 and
889 2488 78 43 aff.
997 2488 108 43 Dec.
1134 2487 25 43 9;
1214 2488 44 42 A
1286 2485 168 45 872786;
1508 2486 269 44 Macmillan
1804 2503 65 28 co.

319 2545 273 57 (25-25533)

244 2631 468 74 Shaughnessy,
745 2628 254 61 Gerald.

315 2708 137 58 Has
488 2708 106 58 the
626 2706 369 73 immigrant
1029 2706 150 72 kept
1213 2706 106 57 the
1352 2705 204 58 faith?
1631 2706 60 56 A
1726 2707 191 72 study

1950 2706 68 59 of
238 2707 1987 153 immigration
527 2787 124 56 and
689 2784 283 60 Catholic
1006 2784 245 73 growth
1281 2784 67 57 in
1380 2784 104 59 the
1518 2783 238 60 United
1792 2784 232 74 States,
2061 2787 190 56 1790-

237 2861 1988 154 1920, by Gerald Shaughnessy … New York, The Macmillan company, 1925.
307 3020 677 56 289 p. incl. tables. 22 ½ cm .
312 3078 354 54 Bibliography;
696 3093 39 37 p.
768 3075 148 46 17-25.

240 3135 53 54 ©
320 3138 109 42 Dec.
454 3136 40 50 8,
522 3133 132 53 1925;
683 3134 64 42 2c.
773 3134 87 42 and
888 3133 78 43 aff.
997 3134 108 42 Dec.
1133 3134 49 50 9;
1213 3132 44 42 A
1284 3131 166 45 872787;
1507 3131 267 44 Macmillan
1801 3147 64 30 co.

318 3190 272 58 (25-25556)

242 3274 401 72 Shoemaker,
680 3274 222 72 Henry
933 3273 329 72 Wharton,
1303 3275 189 56 1880-

318 3356 178 55 More
534 3353 355 71 Allegheny
926 3351 288 72 episodes;
1285 3351 258 73 legends
1584 3352 123 57 and
1747 3351 359 74 traditions,
2148 3353 101 58 old

242 3428 1939 77 and new, gathered among the Pennsylvania mountains …
239 3505 2011 77 by Henry W. Shoemaker … Altoona, Pa., Mountain City
237 3607 203 53 press,
476 3584 489 59 Times-tribune
1001 3601 326 55 company,
1362 3584 164 56 1924.

307 3665 28 42 2
411 3699 8 9 v.
480 3662 157 52 plates,
683 3662 29 42 2
756 3668 115 46 port.
899 3659 127 55 (incl.
1076 3659 166 54 front.)
1307 3659 58 45 20
1370 3661 47 19 cm
1423 3695 9 8 .
1501 3660 118 53 (His
1668 3660 333 54 Pennsylvania
2050 3660 197 46 folklore

239 3722 151 50 series,
419 3720 88 44 vol.
622 3717 19 54 XII)

310 3778 155 52 Paged
499 3774 328 53 continuously.

239 3830 2003 57 © June 1, 1925; pt. 1, 1c. Nov. 28; pt. 1, 1c. and pt. 2, 2c. and aff. June 29;
310 3892 44 42 A
385 3889 165 46 829927;
611 3890 61 42 H.
708 3889 76 43 W.
823 3886 290 53 Shoemaker,
1152 3885 313 52 McElhattan,
1503 3887 77 43 Pa.
1652 3886 270 54 (25-25225)
