2533 4412
0 0 0 0 95
111 443 318 70 Swanson,
469 442 256 71 George.

191 522 128 57 The
368 521 246 72 coming
659 522 67 56 of
774 522 103 57 the
925 540 204 53 cross;
1179 540 81 38 an
1306 519 136 73 epic
1488 521 67 56 of
1604 521 103 56 the
1755 519 222 71 North,
2025 521 82 69 by

113 597 241 74 George
384 599 319 58 Swanson.
785 599 170 57 Rock
980 598 235 70 Island,
1241 598 117 71 Ill.,
1383 598 374 71 Augustana
1783 598 159 58 book
112 617 1970 117 concern
286 707 12 43 [
300 685 20 21 c
323 677 164 71 1924]

183 753 77 45 107
286 770 40 36 p.
386 754 56 44 20
446 757 46 17 cm
499 788 9 9 .

108 806 54 54 ©
183 810 100 50 Jan.
311 806 62 53 17,
400 806 129 54 1925;
552 808 64 43 2c.
639 808 99 52 Jan.
761 807 79 52 27;
867 808 78 44 aff.
970 807 108 44 Feb.
1102 806 49 53 7;
1177 807 43 42 A
1245 806 190 52 814964;
1462 807 270 53 Augustana
1755 808 120 43 book
1898 822 205 31 concern.

187 863 242 56 (25-3779)

112 964 380 73 Thackeray,
533 965 283 58 William
852 965 393 73 Makepeace,
1287 966 357 57 1811-1863.

258 1043 1848 75 … Thackeray, edited by Bliss Perry. Garden City,
113 1121 74 59 N.
230 1121 93 73 Y.,
366 1121 153 59 Pub.
566 1123 105 57 for
713 1122 236 59 Nelson
989 1121 386 74 Doubleday,
1416 1122 137 72 inc.,
1596 1124 84 70 by
1719 1122 387 72 Doubleday,

111 1199 171 74 Page
308 1198 48 57 &
380 1218 323 54 company,
729 1201 166 56 1924.

183 1276 1924 55 5 p. l., vii-viii, 168 p. front. (port.) 17 cm . (The Pocket university,
109 1334 86 46 vol.
244 1373 8 13 I,
280 1343 60 44 pt.
369 1335 47 52 1)

183 1393 132 44 With
342 1392 89 45 this
463 1391 39 46 is
531 1392 149 45 bound
712 1390 189 52 Ruskin,
933 1389 149 48 edited
1112 1393 57 51 by
1200 1391 120 45 Bliss
1355 1391 159 53 Perry.
1576 1390 182 47 Garden
1792 1391 119 53 City,
1944 1393 60 44 N.
2040 1390 66 53 Y.,

113 1451 117 45 1924.

453 1505 158 46 CONTENTS.—The
645 1507 123 44 book
799 1507 52 44 of
884 1506 148 52 snobs,
1067 1505 253 46 selections.
1340 1532 57 5 —
1416 1507 304 44 Roundabout
1755 1520 175 39 papers,
110 1507 1976 105 selections.—Ballads,
527 1562 253 46 selections.

106 1619 56 53 ©
189 1619 119 53 Sept.
332 1620 38 51 3,
396 1619 130 51 1924;
552 1619 64 42 2c.
641 1619 87 42 and
751 1618 78 43 aff.
855 1617 99 52 Jan.
979 1618 83 51 31,.
1075 1614 129 54 1925;
1232 1617 43 42 A
1301 1615 189 53 815887;
1517 1617 281 53 Doubleday,
1826 1619 127 52 Page
1977 1619 38 43 &
2039 1634 66 29 co.

182 1672 66 57 [©
270 1691 100 28 new
389 1682 322 36 matter—new
736 1674 175 43 revised
935 1673 316 53 introduction]
1323 1671 242 57 (25-3445)

111 1776 222 71 Torok,
373 1776 215 71 Ervin,
626 1777 192 57 1877-

189 1852 284 73 Surgery
497 1852 66 57 of
589 1852 105 57 the
723 1871 140 52 eye;
893 1851 416 58 a hand-book
1334 1851 104 57 for
1465 1852 287 57 students
1780 1853 123 57 and
109 1870 1974 133 practitioners,

465 1928 1572 73 by Ervin Torok … and Gerald H. Grout …
112 2009 76 58 2d
232 2008 113 73 ed.,
390 2006 379 74 thoroughly
813 2026 147 53 rev.,
1004 2006 152 58 with
1201 2008 109 62 510
1353 2007 270 71 original
1665 2008 441 74 illustrations,

110 2088 109 56 102
252 2086 64 57 in
351 2088 217 56 colors.
644 2085 438 72 Philadelphia
1119 2086 123 57 and
1276 2085 154 60 New
1460 2086 190 73 York,
1684 2086 128 58 Lea
1846 2087 48 57 &
110 2086 1973 152 Febiger,
267 2166 166 56 1925.

185 2240 1222 56 xiv p., 1 l., [17]–484 p. illus. (part col.) 24 cm .
109 2297 54 55 ©
189 2300 108 43 Feb.
324 2300 39 51 3,
393 2297 129 53 1925;
550 2300 64 43 2c.
640 2298 107 45 Feb.
776 2297 48 55 5;
854 2300 79 42 aff.
960 2298 108 45 Feb.
1096 2299 49 52 6;
1175 2299 44 45 A
1245 2297 190 54 814947;
1467 2299 92 43 Lea
1588 2300 37 43 &
1650 2298 206 54 Febiger.

189 2354 241 56 (25-3748)

112 2455 304 73 Trelease,
462 2456 149 58 Sam
652 2455 266 73 Farlow,
963 2458 191 57 1892-

185 2533 422 71 Preparation
641 2533 67 57 of
739 2532 298 58 scientific
1071 2533 122 57 and
1222 2532 306 59 technical
1558 2551 253 57 papers,
1841 2534 84 71 by
1959 2533 145 59 Sam

111 2609 1995 76 F. Trelease … and Emma Sarepta Yule … Baltimore,
108 2689 311 59 Williams
445 2690 47 56 &
514 2689 270 58 Wilkins
812 2708 322 54 company,
1164 2691 166 56 1925.

189 2769 76 43 113
293 2784 41 38 p.
393 2768 143 53 diagr.
600 2769 49 43 19½
684 2771 47 17 cm
737 2804 9 8 .

187 2825 351 52 Bibliography:
568 2840 40 38 p.
640 2824 202 45 104-105.

112 2878 53 55 ©
193 2882 99 51 Jan.
320 2881 65 51 24,
417 2879 130 53 1925;
577 2881 64 43 2c.
672 2882 88 42 and
787 2881 79 43 aff.
895 2881 100 52 Jan.
1024 2880 78 53 27;
1134 2881 43 42 A
1207 2879 191 53 815753;
1430 2880 229 45 Williams
1689 2882 37 44 &
1755 2881 200 45 Wilkins
1986 2898 65 28 co.

191 2935 240 55 (25-3868)

112 3035 72 58 U.
224 3036 61 58 S.
367 3035 351 75 President,
753 3045 338 48 1913-1921
1174 3035 267 73 (Wilson)

191 3115 131 57 The
361 3134 319 52 messages
726 3116 125 56 and
893 3134 233 53 papers
1171 3115 69 57 of
1278 3115 336 57 Woodrow
1654 3115 262 72 Wilson,
1959 3115 151 57 with

115 3192 292 58 editorial
443 3195 196 69 notes,
680 3213 79 37 an
795 3192 426 59 introduction
1259 3193 83 69 by
1379 3192 225 59 Albert
1643 3192 187 60 Shaw
1869 3194 122 58 and
2031 3213 77 38 an

115 3270 1994 73 analytical index … New York, The Review of reviews
113 3347 419 71 corporation,
574 3349 164 57 1924.

179 3424 28 42 2
241 3440 41 28 v.
343 3424 150 66 front.,
507 3423 167 55 (port.)
739 3425 56 44 20
801 3428 45 18 cm
853 3461 9 8 .

185 3481 155 52 Paged
373 3481 328 53 continuously.

115 3534 53 53 ©
196 3536 101 44 Oct.
323 3537 40 51 6,
389 3537 130 49 1924;
545 3538 65 42 2c.
638 3538 108 43 each
772 3539 87 42 and
885 3538 79 43 aff.
991 3535 106 46 Feb.
1123 3539 39 51 9,
1193 3536 129 52 1925;
1351 3538 43 42 A
1421 3537 188 54 814950;
1640 3539 182 44 Review
1849 3539 50 44 of
1925 3539 187 44 reviews

185 3608 120 38 corp.
374 3592 242 56 (25-3617)

117 3678 291 72 Wagner,
449 3677 257 59 Charles
744 3679 51 57 L
1107 3679 76 57 H.

197 3758 201 59 Radio
430 3759 281 72 rhymes;
743 3782 35 36 a
805 3760 160 58 book
995 3760 66 57 of
1092 3759 176 60 radio
1299 3778 201 54 verse,
1527 3762 84 72 by
1643 3761 260 59 Charles
1932 3762 67 56 L.
2031 3761 78 57 H.

119 3836 294 73 Wagner.
495 3837 256 72 Boston,
781 3837 71 59 B.
882 3839 61 57 J.
970 3839 314 55 Brimmer
1313 3857 321 54 company,
1665 3840 166 58 1924.

187 3913 491 53 5 p. l., 32 p. 19 cm .
116 3966 54 54 ©
203 3968 99 44 Oct.
332 3969 69 50 21,
435 3969 105 42 1924;
597 3969 64 42 2c.
692 3967 106 45 Feb.
831 3966 48 54 5;
912 3970 78 42 aff.
1023 3968 107 44 Feb.
1161 3968 49 52 6;
1245 3968 43 43 A
1320 3969 189 53 814935;
1546 3971 49 42 B.
1629 3972 40 51 J.
1704 3969 228 46 Brimmer
1959 3987 66 28 co.

198 4022 241 55 (25-3994)
