2533 4412
1029 4005 149 55 1419

197 435 79 45 128
295 449 42 40 p.
394 435 51 43 21
455 439 47 18 cm
508 471 9 9 .

197 490 215 45 Contains
439 491 278 54 advertising
739 500 169 36 matter
931 493 87 44 and
1043 492 141 44 blank
1209 506 138 38 pages
1377 492 75 43 for
1480 491 423 47 “Memorandum”.

123 547 53 53 ©
207 548 119 53 Sept.
353 549 64 50 30,
450 548 129 53 1925;
607 550 62 43 2c.
699 551 87 42 and
813 550 78 43 aff.
922 550 101 44 Oct.
1050 550 78 50 29;
1159 550 44 42 A
1232 548 190 53 872186;
1453 551 115 42 Mrs.
1599 549 52 47 E.

1683 549 52 45 G.
1766 549 141 53 Buell,
192 550 1902 108 Brooklyn.
348 604 270 55 (25-24047)

124 703 339 73 Buranelli,
499 705 288 72 Prosper,
826 708 90 56 ed.

199 794 130 58 The
354 815 172 38 cross
554 797 172 57 word
751 797 213 70 puzzle
989 796 175 58 book.
1248 796 243 57 Fourth
1519 796 213 58 series.
1814 797 61 56 A
1900 796 220 58 fourth

120 872 342 74 anthology
492 872 68 59 of
587 874 148 73 fifty
762 894 136 38 new
926 894 172 38 cross
1130 876 174 57 word
1334 875 246 71 puzzles
1614 876 267 60 selected
1912 896 68 37 as
2013 877 104 57 the

118 952 136 57 best
287 952 67 57 of
382 953 104 56 the
518 953 345 58 thousands
897 952 340 59 submitted
1265 956 63 54 to
1358 953 106 58 the
1495 953 152 57 New
1675 953 175 58 York
1876 953 241 72 World,

118 1029 330 71 published
481 1031 149 57 here
668 1030 379 72 exclusively
1082 1031 104 57 for
1224 1031 104 57 the
1363 1030 143 57 first
1541 1030 170 71 time,
1749 1033 123 56 and
1910 1031 208 58 edited

117 1108 83 71 by
236 1108 279 71 Prosper
552 1107 342 73 Buranelli,
935 1108 69 57 F.
1047 1108 287 72 Gregory
1370 1107 376 74 Hartswick,
1789 1109 329 73 Margaret

117 1185 473 73 Petherbridge,
623 1186 151 56 with
807 1186 68 56 the
945 1186 349 57 additional
1326 1205 134 38 new
1497 1186 232 72 special
1764 1187 249 58 feature
2049 1186 70 59 of

117 1263 414 73 diagramless
579 1264 263 70 puzzles.
926 1264 151 56 New
1123 1262 192 72 York,
1364 1263 215 59 Simon
1625 1266 125 56 and
1798 1263 319 73 Schuster,

115 1341 135 71 inc.,
287 1342 165 56 1925.

187 1418 884 55 3 p. l., 145 p. diagrs. 20 × 16 cm .
116 1475 53 54 ©
194 1477 118 43 Nov.
367 1477 39 51 16,
433 1475 129 52 1925;
589 1477 66 45 2c.
680 1476 119 44 Nov.
824 1476 79 52 21;
931 1477 78 43 aff.
1038 1477 119 43 Nov.
1182 1476 80 52 20;
1290 1477 42 42 A
1360 1475 190 54 875183;
1582 1476 156 47 Simon
1764 1479 87 42 and
1882 1475 229 55 Schuster,

186 1534 82 43 inc.
338 1531 269 56 (25-24254)

117 1632 404 68 Bush-Krebs
556 1649 107 58 co.,
697 1632 137 73 inc.,
871 1631 362 76 Louisville,
1266 1633 121 73 Ky.

195 1725 247 73 College
484 1729 231 55 annual
754 1726 271 73 designs.
1110 1725 360 72 Louisville,
1512 1727 144 71 Ky.,
1698 1726 412 57 Bush-Krebs

114 1824 106 51 co.,
251 1803 444 73 incorporated
726 1835 12 41 [
742 1813 17 21 c
763 1805 164 71 1925]

183 1882 53 44 68
263 1896 40 37 p.
363 1882 133 49 illus.,
525 1880 157 53 plates.
742 1880 57 45 27½
831 1885 47 18 cm
885 1920 8 8 .

114 1934 1995 54 © Oct. 23, 1925; 1c. and aff. Oct. 26; 1c. Nov. 23; A 876340; Bush-Krebs
184 2007 81 38 co.,
298 1993 81 42 inc.
449 1990 270 57 (25-24597)

118 2092 315 73 Cadogan,
472 2091 298 73 William,
811 2094 358 58 1711-1797.

190 2183 281 58 William
499 2182 298 74 Cadogan
826 2183 155 66 <His
1012 2203 186 51 essay
1225 2203 78 37 on
1329 2187 187 68 gout>
1546 2184 84 72 by
1655 2184 169 57 John
1852 2184 259 57 Ruhräh

181 2260 1309 73 … New York, P. B. Hoeber, inc., 1925.
177 2336 1007 55 vii, 114 p., 1 l. front. (port.) 19½ cm .
181 2393 286 53 “Reprinted,
493 2394 110 44 with
630 2394 290 52 corrections,
948 2394 121 43 from
1094 2393 176 44 Annals
1296 2393 51 45 of

1372 2393 191 45 medical
1588 2393 179 53 history
1801 2393 203 55 (volume
2102 2429 12 17 VII,

108 2466 72 29 no.
218 2453 36 50 1,
290 2450 179 53 March,
505 2449 165 56 1925)”

180 2506 126 44 “The
333 2509 158 43 doctor
518 2507 245 53 dissected;
790 2522 69 38 or,
886 2507 146 53 Willy
1061 2507 217 53 Cadogan
1308 2508 43 42 in
1379 2508 77 43 the
1482 2506 196 53 kitchen,
1706 2508 244 44 addressed
1977 2516 46 35 to
2052 2507 61 45 all

109 2563 207 52 invalids,
347 2565 87 44 and
467 2566 179 42 readers
676 2564 52 45 of
757 2582 28 29 a
816 2564 89 44 late
938 2563 307 45 Dissertation
1276 2580 57 29 on
1367 2564 74 44 the
1472 2573 124 44 gout,
1627 2565 77 44 &c.
1737 2565 75 44 &c.
1848 2565 75 44 &c.
1986 2565 69 52 By
2087 2580 27 28 a

107 2621 958 55 lady … London, 1771”: p. 104-114.
112 2678 53 53 ©
196 2680 100 44 Oct.
329 2678 35 54 5,
399 2678 130 54 1925;
562 2680 63 43 2c.
657 2682 87 42 and
774 2681 78 43 aff.
886 2680 101 44 Oct.
1023 2680 73 52 12;
1130 2680 44 42 A
1205 2680 190 51 869342;
1431 2680 114 43 Paul
1578 2681 50 41 B.
1661 2679 201 52 Hoeber,
1893 2679 83 43 inc.
2054 2677 53 54 [©

182 2735 318 54 introduction]
571 2734 270 56 (25-24244)

115 2833 366 59 California.
554 2834 266 58 District
856 2840 207 53 courts
1099 2835 67 72 of
1199 2835 241 73 appeal.

189 2925 1918 72 Reports of cases determined … From June 25, 1924,
112 3006 63 53 to
212 3001 369 73 September
615 3006 90 70 25,
740 3005 163 56 1924.
979 3003 336 71 Randolph
1346 3003 74 56 V.
1458 3002 304 73 Whiting,
1799 3005 306 68 reporter.

111 3081 221 71 Henry
364 3081 68 55 F.
465 3080 303 73 Wrigley,
799 3081 280 58 William
1112 3081 69 56 F.
1219 3082 332 68 Traverso,
1589 3079 152 59 Seth
1774 3079 73 56 E.
1884 3079 222 71 Tracy,

112 3157 308 58 assistant
468 3161 338 68 reporters,
894 3178 57 38 v.
1004 3160 88 56 68.
1187 3158 128 60 San
1366 3157 357 73 Francisco,
109 3154 1996 138 Bancroft-Whitney
441 3255 321 52 company,
798 3238 165 56 1925.

178 3311 162 52 xxviii,
368 3311 82 44 939
477 3325 40 38 p.
575 3312 56 43 22½
663 3315 47 18 cm
717 3348 8 7 .

110 3365 53 54 ©
196 3368 109 43 Dec.
338 3368 65 50 22,
443 3366 103 45 1925
563 3382 9 37 ;
607 3369 64 44 2c.
705 3369 108 43 Dec.
849 3369 77 52 31;
962 3369 79 43 aff.
1076 3369 109 43 Dec.
1219 3368 79 52 29;
1335 3368 44 43 A
1412 3366 191 52 875671;
1642 3365 462 53 Bancroft-Whitney

181 3438 65 30 co.

113 3506 236 73 Callan,
391 3507 256 59 Charles
687 3509 266 70 Jerome,
994 3511 190 57 1877-

183 3597 264 58 Blessed
483 3598 75 58 be
597 3598 165 71 God;
802 3620 36 36 a
877 3599 300 71 complete
1219 3597 281 59 Catholic
1539 3615 233 54 prayer
1808 3595 177 74 book,
2024 3596 85 71 by

108 3675 148 59 Rev.
297 3674 258 60 Charles
590 3677 59 57 J.
688 3675 236 72 Callan,
999 3724 10 10 O.
1088 3724 10 10 P.
1136 3677 123 56 and
1292 3676 150 57 Rev.
1478 3675 169 59 John
1680 3674 75 57 A.
1792 3673 315 74 McHugh,

109 3752 1563 74 o. p. New York, P. J. Kenedy & sons [ c 1925]
178 3833 25 41 2
232 3846 38 38 p.
301 3832 41 49 l.,
371 3832 244 52 iii-xxxiii,
691 3850 27 34 [1],
747 3831 81 44 744
856 3846 39 37 p.
957 3831 137 44 front.
1157 3831 52 43 16
1213 3833 47 17 cm
1267 3866 7 7 .

107 3886 55 53 ©
194 3887 120 48 Sept.
344 3886 67 50 25,
443 3888 129 52 1925;
604 3890 64 42 2c.
699 3890 85 43 and
814 3890 78 42 aff.
925 3889 118 43 Nov.
1073 3886 80 54 27;
1185 3889 44 42 A
1260 3886 189 54 872601;
1483 3889 51 41 P.
1564 3888 41 52 J.
1636 3887 191 53 Kenedy
1859 3887 37 44 &
1928 3900 116 30 sons.

188 3943 269 56 (25-24792)
