<alto xmlns="http://www.loc.gov/standards/alto/ns-v3#" xmlns:xlink="http://www.w3.org/1999/xlink" xmlns:xsi="http://www.w3.org/2001/XMLSchema-instance" xsi:schemaLocation="http://www.loc.gov/standards/alto/ns-v3# http://www.loc.gov/alto/v3/alto-3-0.xsd"><Description>
<MeasurementUnit>pixel</MeasurementUnit>
<sourceImageInformation>
<fileName>1925_v22_Part001.pdf</fileName>
</sourceImageInformation>
<OCRProcessing ID="IdOcr">
<ocrProcessingStep>
<processingDateTime>2019-04-03</processingDateTime>
<processingSoftware>
<softwareCreator>ABBYY</softwareCreator>
<softwareName>ABBYY Recognition Server</softwareName>
<softwareVersion>4.0</softwareVersion>
</processingSoftware>
</ocrProcessingStep>
</OCRProcessing>
</Description>
<Styles>
<ParagraphStyle ID="StyleId-FFFFFFFF-FFFF-FFFF-FFFF-FFFFFFFFFFFF-" ALIGN="Left" LEFT="0." RIGHT="0." FIRSTLINE="0."/>
<ParagraphStyle ID="StyleId-2E5B4E57-07AD-4719-97CB-14521F7F4F8A-" ALIGN="Left" LEFT="0." RIGHT="0." FIRSTLINE="0." LINESPACE="8.899999619"/>
<ParagraphStyle ID="StyleId-62A6F688-D6E3-4EFC-837B-4A4C4EB582B7-" ALIGN="Center" LEFT="0." RIGHT="0." FIRSTLINE="0." LINESPACE="12.19999981"/>
<ParagraphStyle ID="StyleId-21B71EBC-BDB5-4E16-A8F2-58189A39665B-" ALIGN="Block" LEFT="0." RIGHT="0." FIRSTLINE="-13." LINESPACE="11.35000038"/>
<ParagraphStyle ID="StyleId-1E1A68C4-DD4F-417A-A13D-7FEC29ECB499-" ALIGN="Block" LEFT="0." RIGHT="0." FIRSTLINE="-15." LINESPACE="13.30000019"/>
<ParagraphStyle ID="StyleId-6B39EC51-644D-4E90-AF07-84EF2B1E466A-" ALIGN="Block" LEFT="0." RIGHT="0." FIRSTLINE="-15." LINESPACE="8.340000153"/>
<ParagraphStyle ID="StyleId-2C1BA15F-E223-41D6-853D-AAFBDAC17E68-" ALIGN="Center" LEFT="0." RIGHT="0." FIRSTLINE="0." LINESPACE="13."/>
<ParagraphStyle ID="StyleId-A3B2CDF3-43F0-422C-90A0-E074BFEC3BC0-" ALIGN="Block" LEFT="0." RIGHT="0." FIRSTLINE="0." LINESPACE="8.899999619"/>
<ParagraphStyle ID="StyleId-28AB2493-EA15-49C1-A6AC-ED5BC404F0B9-" ALIGN="Center" LEFT="0." RIGHT="0." FIRSTLINE="0." LINESPACE="12.19999981"/>
<ParagraphStyle ID="StyleId-4417A6D4-97E2-4EFC-962D-7FBC0D5273E4-" ALIGN="Left" LEFT="0." RIGHT="0." FIRSTLINE="15." LINESPACE="8.340000153"/>
<ParagraphStyle ID="StyleId-D4EF9C5E-3110-4A39-B7BC-3D84E0F04894-" ALIGN="Center" LEFT="0." RIGHT="0." FIRSTLINE="0." LINESPACE="13.30000019"/>
<ParagraphStyle ID="StyleId-D1243F31-1201-4D92-8F69-43ADB01E9AD1-" ALIGN="Left" LEFT="0." RIGHT="0." FIRSTLINE="-13." LINESPACE="13.30000019"/>
<ParagraphStyle ID="StyleId-C65417C6-23F2-4D8F-BA55-ECE73D98CAB9-" ALIGN="Left" LEFT="0." RIGHT="0." FIRSTLINE="0." LINESPACE="8.899999619"/>
<ParagraphStyle ID="StyleId-835763C1-08DD-41BE-8BAD-8E41EA88DAE3-" ALIGN="Center" LEFT="0." RIGHT="0." FIRSTLINE="0." LINESPACE="11.10000038"/>
<ParagraphStyle ID="StyleId-78FD6B81-8F83-422D-8DF4-4274EAFD19C6-" ALIGN="Block" LEFT="0." RIGHT="0." FIRSTLINE="-17." LINESPACE="12.19999981"/>
<ParagraphStyle ID="StyleId-F506BC7F-570D-458B-9F05-A143E1F5FD17-" ALIGN="Block" LEFT="0." RIGHT="0." FIRSTLINE="-17." LINESPACE="11.35000038"/>
<ParagraphStyle ID="StyleId-CBE02C6B-22D0-48C6-A874-7E90A22F4375-" ALIGN="Center" LEFT="0." RIGHT="0." FIRSTLINE="0." LINESPACE="4.400000095"/>
<ParagraphStyle ID="StyleId-14CC0121-63AF-4AB4-9656-E02F46C61AF2-" ALIGN="Left" LEFT="0." RIGHT="0." FIRSTLINE="0." LINESPACE="8.899999619"/>
<ParagraphStyle ID="StyleId-DD64CECB-1B22-4BFF-84F0-DFDE2B0000F8-" ALIGN="Left" LEFT="0." RIGHT="0." FIRSTLINE="0." LINESPACE="12.19999981"/>
<ParagraphStyle ID="StyleId-8AEF4AA8-141A-4E5D-9C3E-C0F9F43C742F-" ALIGN="Left" LEFT="0." RIGHT="0." FIRSTLINE="0." LINESPACE="8.300000191"/>
<ParagraphStyle ID="StyleId-8C396D2A-39C0-48AB-BABA-2679D8AB257E-" ALIGN="Left" LEFT="0." RIGHT="0." FIRSTLINE="0." LINESPACE="11.10000038"/>
<ParagraphStyle ID="StyleId-3B7FE50F-10D4-487F-BDCD-FD26EB60FD4A-" ALIGN="Block" LEFT="0." RIGHT="0." FIRSTLINE="13." LINESPACE="8.340000153"/>
<ParagraphStyle ID="StyleId-8CC5CC8E-615B-4C42-BB46-DB28FA355C27-" ALIGN="Left" LEFT="0." RIGHT="0." FIRSTLINE="0." LINESPACE="12.19999981"/>
<ParagraphStyle ID="StyleId-BC67E79D-8D99-4188-8B35-A59DBB7E2BB0-" ALIGN="Block" LEFT="0." RIGHT="0." FIRSTLINE="11." LINESPACE="9.399999619"/>
</Styles>
<Layout>
<Page ID="Page1459" PHYSICAL_IMG_NR="1459" HEIGHT="4412" WIDTH="2533">
<TopMargin HEIGHT="370" WIDTH="2533" VPOS="0" HPOS="0">
</TopMargin>
<LeftMargin HEIGHT="3634" WIDTH="154" VPOS="370" HPOS="0">
</LeftMargin>
<RightMargin HEIGHT="3634" WIDTH="353" VPOS="370" HPOS="2180">
</RightMargin>
<BottomMargin HEIGHT="408" WIDTH="2533" VPOS="4004" HPOS="0">
<TextBlock ID="Page1459_Block1" HEIGHT="157" WIDTH="356" VPOS="4038" HPOS="971" LANG="en-US" STYLEREFS="StyleId-8FE82CB8-E4AE-4F35-9248-F88FE2A1C994-">
<TextLine HEIGHT="56" WIDTH="147" VPOS="4047" HPOS="1094">
<String CONTENT="1459" HEIGHT="56" WIDTH="147" VPOS="4047" HPOS="1094"/>
</TextLine>
</TextBlock>
</BottomMargin>
<PrintSpace HEIGHT="3634" WIDTH="2026" VPOS="370" HPOS="154">
<TextBlock ID="Page1459_Block2" HEIGHT="3634" WIDTH="2026" VPOS="370" HPOS="154" LANG="en-US" CS="1" STYLEREFS="StyleId-7BCC40EF-E4E1-4FBA-8E64-1B02AABDBEEB-">
<TextLine HEIGHT="74" WIDTH="1351" VPOS="381" HPOS="169" STYLEREFS="StyleId-C0AF9AE6-A2B4-4802-996E-C033BF31E487-">
<String CONTENT="Mercer," HEIGHT="71" WIDTH="257" VPOS="384" HPOS="169"/>
<SP HEIGHT="72" WIDTH="36" VPOS="383" HPOS="427"/>
<String CONTENT="Samuel" HEIGHT="59" WIDTH="253" VPOS="382" HPOS="464"/>
<SP HEIGHT="57" WIDTH="29" VPOS="382" HPOS="718"/>
<String CONTENT="Alfred" HEIGHT="59" WIDTH="230" VPOS="381" HPOS="748"/>
<SP HEIGHT="58" WIDTH="32" VPOS="382" HPOS="979"/>
<String CONTENT="Browne," HEIGHT="71" WIDTH="281" VPOS="382" HPOS="1012"/>
<SP HEIGHT="68" WIDTH="36" VPOS="385" HPOS="1294"/>
<String CONTENT="1880-" HEIGHT="56" WIDTH="189" VPOS="384" HPOS="1331"/>
</TextLine>
<TextLine HEIGHT="74" WIDTH="1913" VPOS="458" HPOS="246" STYLEREFS="StyleId-C0AF9AE6-A2B4-4802-996E-C033BF31E487-">
<String CONTENT="The" HEIGHT="58" WIDTH="129" VPOS="460" HPOS="246"/>
<SP HEIGHT="38" WIDTH="41" VPOS="479" HPOS="376"/>
<String CONTENT="recovery" HEIGHT="53" WIDTH="298" VPOS="478" HPOS="418"/>
<SP HEIGHT="52" WIDTH="38" VPOS="479" HPOS="717"/>
<String CONTENT="of" HEIGHT="56" WIDTH="65" VPOS="460" HPOS="756"/>
<SP HEIGHT="56" WIDTH="38" VPOS="460" HPOS="822"/>
<String CONTENT="forgotten" HEIGHT="71" WIDTH="323" VPOS="460" HPOS="861"/>
<SP HEIGHT="39" WIDTH="39" VPOS="477" HPOS="1185"/>
<String CONTENT="empires," HEIGHT="73" WIDTH="291" VPOS="458" HPOS="1225"/>
<SP HEIGHT="71" WIDTH="38" VPOS="460" HPOS="1517"/>
<String CONTENT="by" HEIGHT="72" WIDTH="84" VPOS="460" HPOS="1556"/>
<SP HEIGHT="73" WIDTH="37" VPOS="459" HPOS="1641"/>
<String CONTENT="Samuel" HEIGHT="60" WIDTH="253" VPOS="459" HPOS="1679"/>
<SP HEIGHT="56" WIDTH="38" VPOS="460" HPOS="1933"/>
<String CONTENT="A." HEIGHT="57" WIDTH="75" VPOS="460" HPOS="1972"/>
<SP HEIGHT="57" WIDTH="40" VPOS="461" HPOS="2048"/>
<String CONTENT="B." HEIGHT="57" WIDTH="70" VPOS="461" HPOS="2089"/>
</TextLine>
<TextLine HEIGHT="75" WIDTH="1995" VPOS="536" HPOS="165" STYLEREFS="StyleId-C0AF9AE6-A2B4-4802-996E-C033BF31E487-" CS="1">
<String CONTENT="Mercer" HEIGHT="57" WIDTH="243" VPOS="538" HPOS="165"/>
<SP HEIGHT="36" WIDTH="41" VPOS="558" HPOS="409"/>
<String CS="1" CONTENT="&#8230;"/>
<SP HEIGHT="57" WIDTH="86" VPOS="538" HPOS="514"/>
<String CONTENT="Milwaukee," HEIGHT="73" WIDTH="385" VPOS="536" HPOS="601"/>
<SP HEIGHT="73" WIDTH="33" VPOS="536" HPOS="987"/>
<String CONTENT="Wis.," HEIGHT="73" WIDTH="175" VPOS="536" HPOS="1021"/>
<SP HEIGHT="73" WIDTH="36" VPOS="536" HPOS="1197"/>
<String CONTENT="Morehouse" HEIGHT="59" WIDTH="375" VPOS="536" HPOS="1234"/>
<SP HEIGHT="54" WIDTH="31" VPOS="556" HPOS="1610"/>
<String CONTENT="publishing" HEIGHT="74" WIDTH="364" VPOS="537" HPOS="1642"/>
<SP HEIGHT="54" WIDTH="33" VPOS="557" HPOS="2007"/>
<String CONTENT="co.;" HEIGHT="54" WIDTH="119" VPOS="557" HPOS="2041"/>
</TextLine>
<TextLine HEIGHT="73" WIDTH="529" VPOS="616" HPOS="169" STYLEREFS="StyleId-C0AF9AE6-A2B4-4802-996E-C033BF31E487-">
<String CONTENT="[etc.," HEIGHT="70" WIDTH="147" VPOS="619" HPOS="169"/>
<SP HEIGHT="52" WIDTH="33" VPOS="636" HPOS="317"/>
<String CONTENT="etc.," HEIGHT="70" WIDTH="130" VPOS="618" HPOS="351"/>
<SP HEIGHT="65" WIDTH="28" VPOS="623" HPOS="482"/>
<String STYLE="superscript" CONTENT="c" HEIGHT="22" WIDTH="20" VPOS="623" HPOS="511"/>
<String CONTENT="1925]" HEIGHT="71" WIDTH="163" VPOS="616" HPOS="535"/>
</TextLine>
<TextLine HEIGHT="56" WIDTH="1890" VPOS="691" HPOS="270" CS="1">
<String CS="1" CONTENT="x," HEIGHT="17" WIDTH="9" VPOS="728" HPOS="270"/>
<SP HEIGHT="48" WIDTH="43" VPOS="697" HPOS="280"/>
<String CONTENT="109," HEIGHT="51" WIDTH="89" VPOS="694" HPOS="324"/>
<SP HEIGHT="35" WIDTH="44" VPOS="710" HPOS="414"/>
<String CONTENT="[1]" HEIGHT="44" WIDTH="52" VPOS="697" HPOS="459"/>
<SP HEIGHT="37" WIDTH="44" VPOS="709" HPOS="512"/>
<String CONTENT="p." HEIGHT="37" WIDTH="39" VPOS="709" HPOS="557"/>
<SP HEIGHT="42" WIDTH="74" VPOS="695" HPOS="597"/>
<String CONTENT="illus.," HEIGHT="52" WIDTH="130" VPOS="693" HPOS="672"/>
<SP HEIGHT="37" WIDTH="41" VPOS="710" HPOS="803"/>
<String CONTENT="ports." HEIGHT="46" WIDTH="140" VPOS="701" HPOS="845"/>
<SP HEIGHT="41" WIDTH="77" VPOS="695" HPOS="986"/>
<String CONTENT="17" HEIGHT="44" WIDTH="48" VPOS="692" HPOS="1064"/>
<String STYLE="superscript" CS="1" CONTENT="cm" HEIGHT="18" WIDTH="14" VPOS="695" HPOS="1121"/>
<String CONTENT="." HEIGHT="8" WIDTH="9" VPOS="727" HPOS="1173"/>
<SP HEIGHT="54" WIDTH="81" VPOS="693" HPOS="1183"/>
<String CONTENT="(Half-title:" HEIGHT="56" WIDTH="290" VPOS="691" HPOS="1265"/>
<SP HEIGHT="43" WIDTH="46" VPOS="694" HPOS="1556"/>
<String CONTENT="Biblical" HEIGHT="45" WIDTH="190" VPOS="693" HPOS="1603"/>
<SP HEIGHT="43" WIDTH="42" VPOS="695" HPOS="1794"/>
<String CONTENT="and" HEIGHT="43" WIDTH="88" VPOS="696" HPOS="1837"/>
<SP HEIGHT="43" WIDTH="41" VPOS="696" HPOS="1926"/>
<String CONTENT="oriental" HEIGHT="43" WIDTH="192" VPOS="695" HPOS="1968"/>
</TextLine>
<TextLine HEIGHT="54" WIDTH="1035" VPOS="749" HPOS="167">
<String CONTENT="series," HEIGHT="50" WIDTH="153" VPOS="752" HPOS="167"/>
<SP HEIGHT="52" WIDTH="31" VPOS="750" HPOS="321"/>
<String LANG="fr" CONTENT="S." HEIGHT="47" WIDTH="44" VPOS="750" HPOS="353"/>
<SP HEIGHT="45" WIDTH="28" VPOS="752" HPOS="398"/>
<String CONTENT="A." HEIGHT="42" WIDTH="57" VPOS="752" HPOS="427"/>
<SP HEIGHT="41" WIDTH="30" VPOS="752" HPOS="485"/>
<String CONTENT="B." HEIGHT="41" WIDTH="50" VPOS="752" HPOS="516"/>
<SP HEIGHT="41" WIDTH="28" VPOS="752" HPOS="567"/>
<String CONTENT="Mercer," HEIGHT="50" WIDTH="195" VPOS="752" HPOS="596"/>
<SP HEIGHT="37" WIDTH="27" VPOS="766" HPOS="792"/>
<String CONTENT="general" HEIGHT="53" WIDTH="183" VPOS="750" HPOS="820"/>
<SP HEIGHT="43" WIDTH="26" VPOS="750" HPOS="1004"/>
<String CONTENT="editor)" HEIGHT="54" WIDTH="171" VPOS="749" HPOS="1031"/>
</TextLine>
<TextLine HEIGHT="55" WIDTH="864" VPOS="804" HPOS="237" CS="1">
<String CONTENT="&#8220;Brief" HEIGHT="44" WIDTH="157" VPOS="807" HPOS="237"/>
<SP HEIGHT="44" WIDTH="27" VPOS="807" HPOS="395"/>
<String CS="1" CONTENT="bibliography&#8221;:" HEIGHT="53" WIDTH="342" VPOS="806" HPOS="423"/>
<SP HEIGHT="38" WIDTH="29" VPOS="821" HPOS="792"/>
<String CONTENT="p." HEIGHT="37" WIDTH="39" VPOS="822" HPOS="822"/>
<SP HEIGHT="29" WIDTH="30" VPOS="823" HPOS="862"/>
<String CS="1" CONTENT="[97]-100." HEIGHT="48" WIDTH="208" VPOS="804" HPOS="893"/>
</TextLine>
<TextLine HEIGHT="58" WIDTH="1853" VPOS="860" HPOS="169" CS="1">
<String CONTENT="&#169;" HEIGHT="55" WIDTH="52" VPOS="861" HPOS="169"/>
<SP HEIGHT="55" WIDTH="30" VPOS="861" HPOS="222"/>
<String CONTENT="Oct." HEIGHT="44" WIDTH="101" VPOS="865" HPOS="253"/>
<SP HEIGHT="43" WIDTH="34" VPOS="865" HPOS="355"/>
<String CONTENT="15," HEIGHT="54" WIDTH="63" VPOS="862" HPOS="390"/>
<SP HEIGHT="52" WIDTH="33" VPOS="864" HPOS="454"/>
<String CONTENT="1925;" HEIGHT="53" WIDTH="128" VPOS="862" HPOS="488"/>
<SP HEIGHT="51" WIDTH="31" VPOS="864" HPOS="617"/>
<String CONTENT="2c." HEIGHT="42" WIDTH="64" VPOS="864" HPOS="649"/>
<SP HEIGHT="32" WIDTH="30" VPOS="874" HPOS="714"/>
<String CONTENT="and" HEIGHT="43" WIDTH="88" VPOS="863" HPOS="745"/>
<SP HEIGHT="43" WIDTH="26" VPOS="863" HPOS="834"/>
<String CONTENT="aff." HEIGHT="43" WIDTH="79" VPOS="863" HPOS="861"/>
<SP HEIGHT="43" WIDTH="32" VPOS="863" HPOS="941"/>
<String CONTENT="Nov." HEIGHT="43" WIDTH="120" VPOS="863" HPOS="974"/>
<SP HEIGHT="45" WIDTH="35" VPOS="861" HPOS="1095"/>
<String CONTENT="7;" HEIGHT="54" WIDTH="48" VPOS="861" HPOS="1131"/>
<SP HEIGHT="53" WIDTH="33" VPOS="862" HPOS="1180"/>
<!-- cceid 3737DC7D-6DD5-1014-B757-AF09C522E301 --><String CONTENT="A" HEIGHT="43" WIDTH="42" VPOS="862" HPOS="1214"/>
<SP HEIGHT="44" WIDTH="30" VPOS="862" HPOS="1257"/>
<String CS="1" CONTENT="872345;" HEIGHT="46" WIDTH="163" VPOS="860" HPOS="1288"/>
<SP HEIGHT="52" WIDTH="33" VPOS="863" HPOS="1479"/>
<String CONTENT="Morehouse" HEIGHT="45" WIDTH="276" VPOS="863" HPOS="1513"/>
<SP HEIGHT="39" WIDTH="32" VPOS="879" HPOS="1790"/>
<String CONTENT="pub." HEIGHT="54" WIDTH="101" VPOS="864" HPOS="1823"/>
<SP HEIGHT="29" WIDTH="31" VPOS="880" HPOS="1925"/>
<String CONTENT="co." HEIGHT="29" WIDTH="65" VPOS="880" HPOS="1957"/>
</TextLine>
<TextLine HEIGHT="54" WIDTH="269" VPOS="920" HPOS="247">
<String CONTENT="(25-24870)" HEIGHT="54" WIDTH="269" VPOS="920" HPOS="247"/>
</TextLine>
<TextLine HEIGHT="70" WIDTH="663" VPOS="1005" HPOS="170" STYLEREFS="StyleId-D70DC641-2785-46BA-A1DC-23C160D666F1-">
<String CONTENT="Moran," HEIGHT="69" WIDTH="241" VPOS="1006" HPOS="170"/>
<SP HEIGHT="69" WIDTH="39" VPOS="1006" HPOS="412"/>
<String CONTENT="Edward" HEIGHT="57" WIDTH="276" VPOS="1005" HPOS="452"/>
<SP HEIGHT="57" WIDTH="37" VPOS="1005" HPOS="729"/>
<String CONTENT="P." HEIGHT="58" WIDTH="66" VPOS="1005" HPOS="767"/>
</TextLine>
<TextLine HEIGHT="72" WIDTH="1921" VPOS="1081" HPOS="245" STYLEREFS="StyleId-C0AF9AE6-A2B4-4802-996E-C033BF31E487-">
<String CONTENT="Government," HEIGHT="71" WIDTH="441" VPOS="1082" HPOS="245"/>
<SP HEIGHT="72" WIDTH="33" VPOS="1081" HPOS="687"/>
<String CONTENT="its" HEIGHT="58" WIDTH="83" VPOS="1081" HPOS="721"/>
<SP HEIGHT="53" WIDTH="35" VPOS="1099" HPOS="805"/>
<String CONTENT="purpose" HEIGHT="54" WIDTH="276" VPOS="1099" HPOS="841"/>
<SP HEIGHT="37" WIDTH="35" VPOS="1101" HPOS="1118"/>
<String CONTENT="and" HEIGHT="58" WIDTH="125" VPOS="1085" HPOS="1154"/>
<SP HEIGHT="58" WIDTH="35" VPOS="1085" HPOS="1280"/>
<String CONTENT="administration." HEIGHT="61" WIDTH="529" VPOS="1081" HPOS="1316"/>
<SP HEIGHT="55" WIDTH="80" VPOS="1087" HPOS="1846"/>
<String CONTENT="4th" HEIGHT="56" WIDTH="109" VPOS="1085" HPOS="1927"/>
<SP HEIGHT="58" WIDTH="38" VPOS="1085" HPOS="2037"/>
<String CONTENT="ed." HEIGHT="59" WIDTH="90" VPOS="1084" HPOS="2076"/>
</TextLine>
<TextLine HEIGHT="74" WIDTH="1132" VPOS="1158" HPOS="235" STYLEREFS="StyleId-C0AF9AE6-A2B4-4802-996E-C033BF31E487-" CS="1">
<String CS="1" CONTENT="&#8230;"/>
<SP HEIGHT="57" WIDTH="32" VPOS="1161" HPOS="235"/>
<String CONTENT="by" HEIGHT="71" WIDTH="82" VPOS="1161" HPOS="268"/>
<SP HEIGHT="72" WIDTH="26" VPOS="1160" HPOS="351"/>
<String LANG="fr" CONTENT="E." HEIGHT="57" WIDTH="72" VPOS="1160" HPOS="378"/>
<SP HEIGHT="55" WIDTH="30" VPOS="1161" HPOS="451"/>
<String CONTENT="P." HEIGHT="59" WIDTH="69" VPOS="1161" HPOS="482"/>
<SP HEIGHT="61" WIDTH="29" VPOS="1159" HPOS="552"/>
<String CONTENT="Moran." HEIGHT="58" WIDTH="241" VPOS="1159" HPOS="582"/>
<SP HEIGHT="59" WIDTH="86" VPOS="1158" HPOS="824"/>
<String CONTENT="Seattle," HEIGHT="72" WIDTH="258" VPOS="1158" HPOS="911"/>
<SP HEIGHT="69" WIDTH="31" VPOS="1161" HPOS="1170"/>
<String CONTENT="1925." HEIGHT="57" WIDTH="165" VPOS="1159" HPOS="1202"/>
</TextLine>
<TextLine HEIGHT="53" WIDTH="307" VPOS="1238" HPOS="237">
<String CONTENT="28" HEIGHT="43" WIDTH="53" VPOS="1239" HPOS="237"/>
<SP HEIGHT="52" WIDTH="32" VPOS="1239" HPOS="291"/>
<String CONTENT="p." HEIGHT="37" WIDTH="39" VPOS="1254" HPOS="324"/>
<SP HEIGHT="41" WIDTH="58" VPOS="1239" HPOS="364"/>
<String CONTENT="23" HEIGHT="44" WIDTH="52" VPOS="1238" HPOS="423"/>
<String STYLE="superscript" CONTENT="cm" HEIGHT="17" WIDTH="46" VPOS="1239" HPOS="483"/>
<String CONTENT="." HEIGHT="9" WIDTH="9" VPOS="1272" HPOS="535"/>
</TextLine>
<TextLine HEIGHT="58" WIDTH="1939" VPOS="1290" HPOS="169">
<String CONTENT="&#169;" HEIGHT="54" WIDTH="52" VPOS="1294" HPOS="169"/>
<SP HEIGHT="54" WIDTH="30" VPOS="1294" HPOS="222"/>
<String CONTENT="Oct." HEIGHT="43" WIDTH="101" VPOS="1297" HPOS="253"/>
<SP HEIGHT="42" WIDTH="29" VPOS="1296" HPOS="355"/>
<String CONTENT="21," HEIGHT="51" WIDTH="68" VPOS="1296" HPOS="385"/>
<SP HEIGHT="51" WIDTH="32" VPOS="1296" HPOS="454"/>
<String CONTENT="1925;" HEIGHT="56" WIDTH="128" VPOS="1290" HPOS="487"/>
<SP HEIGHT="52" WIDTH="30" VPOS="1294" HPOS="616"/>
<String CONTENT="2c." HEIGHT="43" WIDTH="65" VPOS="1294" HPOS="647"/>
<SP HEIGHT="28" WIDTH="30" VPOS="1309" HPOS="713"/>
<String CONTENT="and" HEIGHT="43" WIDTH="86" VPOS="1294" HPOS="744"/>
<SP HEIGHT="43" WIDTH="31" VPOS="1294" HPOS="831"/>
<String CONTENT="aff." HEIGHT="45" WIDTH="79" VPOS="1293" HPOS="863"/>
<SP HEIGHT="44" WIDTH="30" VPOS="1294" HPOS="943"/>
<String CONTENT="Nov." HEIGHT="43" WIDTH="119" VPOS="1294" HPOS="974"/>
<SP HEIGHT="42" WIDTH="28" VPOS="1294" HPOS="1094"/>
<String CONTENT="25;" HEIGHT="52" WIDTH="78" VPOS="1293" HPOS="1123"/>
<SP HEIGHT="50" WIDTH="32" VPOS="1295" HPOS="1202"/>
<!-- cceid 3737FCF9-6DD5-1014-B757-AF09C522E301 --><String CONTENT="A" HEIGHT="41" WIDTH="44" VPOS="1295" HPOS="1235"/>
<SP HEIGHT="43" WIDTH="32" VPOS="1294" HPOS="1280"/>
<String CONTENT="876388;" HEIGHT="53" WIDTH="189" VPOS="1293" HPOS="1313"/>
<SP HEIGHT="52" WIDTH="34" VPOS="1294" HPOS="1503"/>
<String LANG="fr" CONTENT="E." HEIGHT="46" WIDTH="53" VPOS="1294" HPOS="1538"/>
<SP HEIGHT="43" WIDTH="30" VPOS="1295" HPOS="1592"/>
<String CONTENT="P." HEIGHT="43" WIDTH="51" VPOS="1295" HPOS="1623"/>
<SP HEIGHT="42" WIDTH="35" VPOS="1296" HPOS="1675"/>
<String CONTENT="Moran," HEIGHT="52" WIDTH="179" VPOS="1296" HPOS="1711"/>
<SP HEIGHT="53" WIDTH="35" VPOS="1295" HPOS="1891"/>
<String CONTENT="Seattle." HEIGHT="46" WIDTH="181" VPOS="1295" HPOS="1927"/>
</TextLine>
<TextLine HEIGHT="54" WIDTH="268" VPOS="1351" HPOS="248">
<String CONTENT="(25-24261)" HEIGHT="54" WIDTH="268" VPOS="1351" HPOS="248"/>
</TextLine>
<TextLine HEIGHT="75" WIDTH="1076" VPOS="1432" HPOS="168" STYLEREFS="StyleId-D70DC641-2785-46BA-A1DC-23C160D666F1-">
<String CONTENT="Morrison," HEIGHT="72" WIDTH="332" VPOS="1435" HPOS="168"/>
<SP HEIGHT="72" WIDTH="41" VPOS="1435" HPOS="501"/>
<String CONTENT="Fred" HEIGHT="59" WIDTH="168" VPOS="1434" HPOS="543"/>
<SP HEIGHT="60" WIDTH="37" VPOS="1434" HPOS="712"/>
<String CONTENT="Wilson," HEIGHT="74" WIDTH="261" VPOS="1432" HPOS="750"/>
<SP HEIGHT="70" WIDTH="41" VPOS="1436" HPOS="1012"/>
<String CONTENT="1890-" HEIGHT="59" WIDTH="190" VPOS="1435" HPOS="1054"/>
</TextLine>
<TextLine HEIGHT="79" WIDTH="1908" VPOS="1512" HPOS="259" STYLEREFS="StyleId-C0AF9AE6-A2B4-4802-996E-C033BF31E487-">
<String CONTENT="Equalization" HEIGHT="73" WIDTH="441" VPOS="1514" HPOS="259"/>
<SP HEIGHT="37" WIDTH="18" VPOS="1533" HPOS="701"/>
<String CONTENT="of" HEIGHT="57" WIDTH="67" VPOS="1513" HPOS="720"/>
<SP HEIGHT="57" WIDTH="17" VPOS="1513" HPOS="788"/>
<String CONTENT="the" HEIGHT="57" WIDTH="103" VPOS="1513" HPOS="806"/>
<SP HEIGHT="58" WIDTH="17" VPOS="1512" HPOS="910"/>
<String CONTENT="financial" HEIGHT="58" WIDTH="294" VPOS="1512" HPOS="928"/>
<SP HEIGHT="57" WIDTH="15" VPOS="1513" HPOS="1223"/>
<String CONTENT="burden" HEIGHT="57" WIDTH="242" VPOS="1514" HPOS="1239"/>
<SP HEIGHT="38" WIDTH="18" VPOS="1533" HPOS="1482"/>
<String CONTENT="of" HEIGHT="57" WIDTH="66" VPOS="1514" HPOS="1501"/>
<SP HEIGHT="58" WIDTH="20" VPOS="1514" HPOS="1568"/>
<String CONTENT="education" HEIGHT="57" WIDTH="330" VPOS="1516" HPOS="1589"/>
<SP HEIGHT="39" WIDTH="19" VPOS="1535" HPOS="1920"/>
<String CONTENT="among" HEIGHT="56" WIDTH="227" VPOS="1535" HPOS="1940"/>
</TextLine>
<TextLine HEIGHT="81" WIDTH="1999" VPOS="1588" HPOS="171" STYLEREFS="StyleId-C0AF9AE6-A2B4-4802-996E-C033BF31E487-" CS="1">
<String CONTENT="counties" HEIGHT="57" WIDTH="278" VPOS="1593" HPOS="171"/>
<SP HEIGHT="59" WIDTH="43" VPOS="1591" HPOS="450"/>
<String CONTENT="in" HEIGHT="56" WIDTH="66" VPOS="1591" HPOS="494"/>
<SP HEIGHT="56" WIDTH="43" VPOS="1591" HPOS="561"/>
<String CONTENT="North" HEIGHT="57" WIDTH="204" VPOS="1591" HPOS="605"/>
<SP HEIGHT="60" WIDTH="47" VPOS="1588" HPOS="810"/>
<String CS="1" CONTENT="Carolina;" HEIGHT="60" WIDTH="294" VPOS="1588" HPOS="858"/>
<SP HEIGHT="51" WIDTH="48" VPOS="1611" HPOS="1185"/>
<String CONTENT="a." HEIGHT="36" WIDTH="39" VPOS="1611" HPOS="1234"/>
<SP HEIGHT="40" WIDTH="42" VPOS="1609" HPOS="1274"/>
<String CONTENT="study" HEIGHT="70" WIDTH="190" VPOS="1593" HPOS="1317"/>
<SP HEIGHT="53" WIDTH="43" VPOS="1610" HPOS="1508"/>
<String CONTENT="of" HEIGHT="56" WIDTH="66" VPOS="1593" HPOS="1552"/>
<SP HEIGHT="57" WIDTH="45" VPOS="1593" HPOS="1619"/>
<String CONTENT="the" HEIGHT="58" WIDTH="103" VPOS="1593" HPOS="1665"/>
<SP HEIGHT="39" WIDTH="48" VPOS="1612" HPOS="1769"/>
<String CONTENT="equalizing" HEIGHT="76" WIDTH="352" VPOS="1593" HPOS="1818"/>
</TextLine>
<TextLine HEIGHT="77" WIDTH="1996" VPOS="1668" HPOS="170" STYLEREFS="StyleId-C0AF9AE6-A2B4-4802-996E-C033BF31E487-" CS="1">
<String CONTENT="fund," HEIGHT="72" WIDTH="177" VPOS="1670" HPOS="170"/>
<SP HEIGHT="72" WIDTH="51" VPOS="1670" HPOS="348"/>
<String CONTENT="by" HEIGHT="71" WIDTH="83" VPOS="1670" HPOS="400"/>
<SP HEIGHT="71" WIDTH="50" VPOS="1670" HPOS="484"/>
<String CONTENT="Fred" HEIGHT="58" WIDTH="168" VPOS="1669" HPOS="535"/>
<SP HEIGHT="59" WIDTH="49" VPOS="1668" HPOS="704"/>
<String CONTENT="Wilson" HEIGHT="58" WIDTH="245" VPOS="1668" HPOS="754"/>
<SP HEIGHT="56" WIDTH="51" VPOS="1668" HPOS="1000"/>
<String CONTENT="Morrison" HEIGHT="57" WIDTH="321" VPOS="1668" HPOS="1052"/>
<SP HEIGHT="38" WIDTH="56" VPOS="1687" HPOS="1374"/>
<String CS="1" CONTENT="&#8230;"/>
<SP HEIGHT="56" WIDTH="98" VPOS="1670" HPOS="1493"/>
<String CONTENT="New" HEIGHT="57" WIDTH="151" VPOS="1670" HPOS="1592"/>
<SP HEIGHT="57" WIDTH="50" VPOS="1670" HPOS="1744"/>
<String CONTENT="York" HEIGHT="59" WIDTH="173" VPOS="1670" HPOS="1795"/>
<SP HEIGHT="58" WIDTH="53" VPOS="1671" HPOS="1969"/>
<String CONTENT="city," HEIGHT="73" WIDTH="143" VPOS="1672" HPOS="2023"/>
</TextLine>
<TextLine HEIGHT="76" WIDTH="1560" VPOS="1744" HPOS="172" STYLEREFS="StyleId-C0AF9AE6-A2B4-4802-996E-C033BF31E487-">
<String CONTENT="Teachers" HEIGHT="58" WIDTH="309" VPOS="1747" HPOS="172"/>
<SP HEIGHT="38" WIDTH="34" VPOS="1766" HPOS="482"/>
<String CONTENT="college," HEIGHT="72" WIDTH="249" VPOS="1746" HPOS="517"/>
<SP HEIGHT="74" WIDTH="34" VPOS="1744" HPOS="767"/>
<String CONTENT="Columbia" HEIGHT="60" WIDTH="326" VPOS="1744" HPOS="802"/>
<SP HEIGHT="38" WIDTH="28" VPOS="1764" HPOS="1129"/>
<String CONTENT="university," HEIGHT="75" WIDTH="373" VPOS="1745" HPOS="1158"/>
<SP HEIGHT="71" WIDTH="33" VPOS="1749" HPOS="1532"/>
<String CONTENT="1925." HEIGHT="57" WIDTH="166" VPOS="1748" HPOS="1566"/>
</TextLine>
<TextLine HEIGHT="57" WIDTH="1928" VPOS="1822" HPOS="237" CS="1">
<String CONTENT="vi" HEIGHT="43" WIDTH="43" VPOS="1824" HPOS="237"/>
<SP HEIGHT="52" WIDTH="28" VPOS="1824" HPOS="281"/>
<String LANG="fr" CONTENT="p.," HEIGHT="37" WIDTH="53" VPOS="1839" HPOS="310"/>
<SP HEIGHT="50" WIDTH="34" VPOS="1825" HPOS="364"/>
<String CONTENT="1" HEIGHT="41" WIDTH="17" VPOS="1825" HPOS="399"/>
<SP/>
<String CS="1" CONTENT="l.,"/>
<SP/>
<String CONTENT="88" HEIGHT="43" WIDTH="53" VPOS="1823" HPOS="523"/>
<SP HEIGHT="52" WIDTH="28" VPOS="1823" HPOS="577"/>
<String CONTENT="p." HEIGHT="37" WIDTH="39" VPOS="1838" HPOS="606"/>
<SP HEIGHT="43" WIDTH="59" VPOS="1822" HPOS="646"/>
<String CONTENT="diagr." HEIGHT="52" WIDTH="142" VPOS="1822" HPOS="706"/>
<SP HEIGHT="42" WIDTH="57" VPOS="1823" HPOS="849"/>
<String CS="1" CONTENT="23&#189;" HEIGHT="43" WIDTH="53" VPOS="1823" HPOS="907"/>
<String STYLE="superscript" CONTENT="cm" HEIGHT="17" WIDTH="45" VPOS="1825" HPOS="997"/>
<String CONTENT="." HEIGHT="8" WIDTH="8" VPOS="1857" HPOS="1050"/>
<SP HEIGHT="54" WIDTH="68" VPOS="1822" HPOS="1059"/>
<String CONTENT="(Teachers" HEIGHT="54" WIDTH="252" VPOS="1822" HPOS="1128"/>
<SP HEIGHT="28" WIDTH="30" VPOS="1838" HPOS="1381"/>
<String CONTENT="college," HEIGHT="53" WIDTH="190" VPOS="1824" HPOS="1412"/>
<SP HEIGHT="53" WIDTH="29" VPOS="1823" HPOS="1603"/>
<String CONTENT="Columbia" HEIGHT="46" WIDTH="239" VPOS="1823" HPOS="1633"/>
<SP HEIGHT="30" WIDTH="29" VPOS="1839" HPOS="1873"/>
<String CONTENT="university." HEIGHT="54" WIDTH="262" VPOS="1825" HPOS="1903"/>
</TextLine>
<TextLine HEIGHT="52" WIDTH="950" VPOS="1878" HPOS="169">
<String CONTENT="Contributions" HEIGHT="46" WIDTH="342" VPOS="1879" HPOS="169"/>
<SP HEIGHT="35" WIDTH="30" VPOS="1888" HPOS="512"/>
<String CONTENT="to" HEIGHT="35" WIDTH="46" VPOS="1888" HPOS="543"/>
<SP HEIGHT="29" WIDTH="33" VPOS="1894" HPOS="590"/>
<String CONTENT="education," HEIGHT="52" WIDTH="248" VPOS="1878" HPOS="624"/>
<SP HEIGHT="37" WIDTH="32" VPOS="1893" HPOS="873"/>
<String CONTENT="no." HEIGHT="32" WIDTH="71" VPOS="1889" HPOS="906"/>
<SP HEIGHT="42" WIDTH="37" VPOS="1879" HPOS="978"/>
<String CONTENT="184)" HEIGHT="52" WIDTH="103" VPOS="1878" HPOS="1016"/>
</TextLine>
<TextLine HEIGHT="55" WIDTH="1571" VPOS="1933" HPOS="241">
<String CONTENT="Published" HEIGHT="44" WIDTH="246" VPOS="1936" HPOS="241"/>
<SP HEIGHT="43" WIDTH="25" VPOS="1937" HPOS="488"/>
<String CONTENT="also" HEIGHT="43" WIDTH="96" VPOS="1937" HPOS="514"/>
<SP HEIGHT="29" WIDTH="27" VPOS="1951" HPOS="611"/>
<String CONTENT="as" HEIGHT="28" WIDTH="50" VPOS="1951" HPOS="639"/>
<SP HEIGHT="36" WIDTH="27" VPOS="1943" HPOS="690"/>
<String CONTENT="thesis" HEIGHT="43" WIDTH="139" VPOS="1935" HPOS="718"/>
<SP HEIGHT="51" WIDTH="35" VPOS="1937" HPOS="858"/>
<String CONTENT="(ph." HEIGHT="51" WIDTH="105" VPOS="1937" HPOS="894"/>
<SP HEIGHT="29" WIDTH="28" VPOS="1948" HPOS="1000"/>
<String CONTENT="d.)" HEIGHT="53" WIDTH="65" VPOS="1934" HPOS="1029"/>
<SP HEIGHT="54" WIDTH="38" VPOS="1933" HPOS="1095"/>
<String CONTENT="Columbia" HEIGHT="46" WIDTH="237" VPOS="1933" HPOS="1134"/>
<SP HEIGHT="30" WIDTH="25" VPOS="1949" HPOS="1372"/>
<String CONTENT="university," HEIGHT="54" WIDTH="262" VPOS="1934" HPOS="1398"/>
<SP HEIGHT="51" WIDTH="33" VPOS="1937" HPOS="1661"/>
<String CONTENT="1925." HEIGHT="45" WIDTH="117" VPOS="1935" HPOS="1695"/>
</TextLine>
<TextLine HEIGHT="57" WIDTH="646" VPOS="1990" HPOS="239" CS="1">
<String CONTENT="Bibliography:" HEIGHT="55" WIDTH="351" VPOS="1992" HPOS="239"/>
<SP HEIGHT="39" WIDTH="35" VPOS="2006" HPOS="591"/>
<String CONTENT="p." HEIGHT="38" WIDTH="39" VPOS="2007" HPOS="627"/>
<SP HEIGHT="30" WIDTH="35" VPOS="2016" HPOS="667"/>
<String CS="1" CONTENT="[87]-88." HEIGHT="56" WIDTH="169" VPOS="1990" HPOS="716"/>
</TextLine>
<TextLine HEIGHT="57" WIDTH="1993" VPOS="2047" HPOS="170">
<String CONTENT="&#169;" HEIGHT="53" WIDTH="52" VPOS="2050" HPOS="170"/>
<SP HEIGHT="53" WIDTH="36" VPOS="2050" HPOS="223"/>
<String CONTENT="Aug." HEIGHT="52" WIDTH="119" VPOS="2052" HPOS="260"/>
<SP HEIGHT="42" WIDTH="34" VPOS="2052" HPOS="380"/>
<String CONTENT="24," HEIGHT="51" WIDTH="67" VPOS="2051" HPOS="415"/>
<SP HEIGHT="51" WIDTH="43" VPOS="2051" HPOS="483"/>
<String CONTENT="1925;" HEIGHT="52" WIDTH="129" VPOS="2049" HPOS="527"/>
<SP HEIGHT="51" WIDTH="38" VPOS="2050" HPOS="657"/>
<String CONTENT="2c." HEIGHT="43" WIDTH="65" VPOS="2050" HPOS="696"/>
<SP HEIGHT="44" WIDTH="40" VPOS="2049" HPOS="762"/>
<String CONTENT="Oct." HEIGHT="43" WIDTH="101" VPOS="2049" HPOS="803"/>
<SP HEIGHT="42" WIDTH="36" VPOS="2049" HPOS="905"/>
<String CONTENT="2;" HEIGHT="49" WIDTH="49" VPOS="2049" HPOS="942"/>
<SP HEIGHT="35" WIDTH="41" VPOS="2063" HPOS="992"/>
<String CONTENT="aff." HEIGHT="43" WIDTH="79" VPOS="2048" HPOS="1034"/>
<SP HEIGHT="43" WIDTH="42" VPOS="2049" HPOS="1114"/>
<String CONTENT="Oct." HEIGHT="43" WIDTH="102" VPOS="2049" HPOS="1157"/>
<SP HEIGHT="44" WIDTH="38" VPOS="2047" HPOS="1260"/>
<String CONTENT="6;" HEIGHT="53" WIDTH="50" VPOS="2047" HPOS="1299"/>
<SP HEIGHT="51" WIDTH="40" VPOS="2049" HPOS="1350"/>
<!-- cceid 373818C6-6DD5-1014-B757-AF09C522E301 --><String CONTENT="A" HEIGHT="42" WIDTH="42" VPOS="2049" HPOS="1391"/>
<SP HEIGHT="44" WIDTH="38" VPOS="2049" HPOS="1434"/>
<String CONTENT="869185;" HEIGHT="52" WIDTH="190" VPOS="2049" HPOS="1473"/>
<SP HEIGHT="52" WIDTH="43" VPOS="2049" HPOS="1664"/>
<String LANG="fr" CONTENT="F." HEIGHT="44" WIDTH="50" VPOS="2049" HPOS="1708"/>
<SP HEIGHT="43" WIDTH="39" VPOS="2052" HPOS="1759"/>
<String CONTENT="W." HEIGHT="43" WIDTH="75" VPOS="2052" HPOS="1799"/>
<SP HEIGHT="41" WIDTH="41" VPOS="2052" HPOS="1875"/>
<String CONTENT="Morrison," HEIGHT="53" WIDTH="246" VPOS="2050" HPOS="1917"/>
</TextLine>
<TextLine HEIGHT="55" WIDTH="810" VPOS="2104" HPOS="241">
<String CONTENT="Greensboro," HEIGHT="50" WIDTH="296" VPOS="2107" HPOS="241"/>
<SP HEIGHT="51" WIDTH="32" VPOS="2106" HPOS="538"/>
<String CONTENT="N." HEIGHT="43" WIDTH="58" VPOS="2106" HPOS="571"/>
<SP HEIGHT="44" WIDTH="31" VPOS="2105" HPOS="630"/>
<String CONTENT="C." HEIGHT="44" WIDTH="49" VPOS="2105" HPOS="662"/>
<SP HEIGHT="53" WIDTH="68" VPOS="2106" HPOS="712"/>
<String CONTENT="(25-24236)" HEIGHT="55" WIDTH="270" VPOS="2104" HPOS="781"/>
</TextLine>
<TextLine HEIGHT="71" WIDTH="1161" VPOS="2177" HPOS="169" STYLEREFS="StyleId-D70DC641-2785-46BA-A1DC-23C160D666F1-">
<String CONTENT="Morse," HEIGHT="68" WIDTH="224" VPOS="2180" HPOS="169"/>
<SP HEIGHT="69" WIDTH="38" VPOS="2179" HPOS="394"/>
<String CONTENT="Katharine" HEIGHT="58" WIDTH="351" VPOS="2177" HPOS="433"/>
<SP HEIGHT="57" WIDTH="34" VPOS="2177" HPOS="785"/>
<String CONTENT="Duncan," HEIGHT="70" WIDTH="280" VPOS="2177" HPOS="820"/>
<SP HEIGHT="67" WIDTH="39" VPOS="2180" HPOS="1101"/>
<String CONTENT="1888-" HEIGHT="56" WIDTH="189" VPOS="2179" HPOS="1141"/>
</TextLine>
<TextLine HEIGHT="79" WIDTH="1919" VPOS="2253" HPOS="249" STYLEREFS="StyleId-C0AF9AE6-A2B4-4802-996E-C033BF31E487-" CS="1">
<String CONTENT="Goldtree" HEIGHT="58" WIDTH="294" VPOS="2258" HPOS="249"/>
<SP HEIGHT="37" WIDTH="25" VPOS="2277" HPOS="544"/>
<String CONTENT="and" HEIGHT="56" WIDTH="122" VPOS="2257" HPOS="570"/>
<SP HEIGHT="59" WIDTH="25" VPOS="2255" HPOS="693"/>
<String CS="1" CONTENT="Silvertree;" HEIGHT="59" WIDTH="343" VPOS="2255" HPOS="719"/>
<SP HEIGHT="72" WIDTH="25" VPOS="2254" HPOS="1094"/>
<String CONTENT="fairy" HEIGHT="73" WIDTH="175" VPOS="2253" HPOS="1120"/>
<SP HEIGHT="54" WIDTH="17" VPOS="2273" HPOS="1296"/>
<String CONTENT="plays" HEIGHT="72" WIDTH="185" VPOS="2255" HPOS="1314"/>
<SP HEIGHT="54" WIDTH="24" VPOS="2259" HPOS="1500"/>
<String CONTENT="to" HEIGHT="54" WIDTH="64" VPOS="2259" HPOS="1525"/>
<SP HEIGHT="38" WIDTH="25" VPOS="2275" HPOS="1590"/>
<String CONTENT="read" HEIGHT="56" WIDTH="153" VPOS="2258" HPOS="1616"/>
<SP HEIGHT="56" WIDTH="23" VPOS="2258" HPOS="1770"/>
<String CONTENT="and" HEIGHT="58" WIDTH="125" VPOS="2258" HPOS="1794"/>
<SP HEIGHT="58" WIDTH="23" VPOS="2258" HPOS="1920"/>
<String CONTENT="act," HEIGHT="71" WIDTH="116" VPOS="2261" HPOS="1944"/>
<SP HEIGHT="72" WIDTH="25" VPOS="2260" HPOS="2061"/>
<String CONTENT="by" HEIGHT="72" WIDTH="81" VPOS="2260" HPOS="2087"/>
</TextLine>
<TextLine HEIGHT="75" WIDTH="1999" VPOS="2332" HPOS="169" STYLEREFS="StyleId-C0AF9AE6-A2B4-4802-996E-C033BF31E487-">
<String CONTENT="Katharine" HEIGHT="58" WIDTH="356" VPOS="2334" HPOS="169"/>
<SP HEIGHT="57" WIDTH="63" VPOS="2334" HPOS="526"/>
<String CONTENT="Duncan" HEIGHT="56" WIDTH="260" VPOS="2334" HPOS="590"/>
<SP HEIGHT="56" WIDTH="66" VPOS="2332" HPOS="851"/>
<String CONTENT="Morse," HEIGHT="73" WIDTH="230" VPOS="2332" HPOS="918"/>
<SP HEIGHT="73" WIDTH="59" VPOS="2332" HPOS="1149"/>
<String CONTENT="illustrations" HEIGHT="59" WIDTH="427" VPOS="2332" HPOS="1209"/>
<SP HEIGHT="58" WIDTH="64" VPOS="2334" HPOS="1637"/>
<String CONTENT="by" HEIGHT="73" WIDTH="83" VPOS="2334" HPOS="1702"/>
<SP HEIGHT="72" WIDTH="62" VPOS="2335" HPOS="1786"/>
<String CONTENT="Winifred" HEIGHT="60" WIDTH="319" VPOS="2335" HPOS="1849"/>
</TextLine>
<TextLine HEIGHT="77" WIDTH="1996" VPOS="2409" HPOS="171" STYLEREFS="StyleId-C0AF9AE6-A2B4-4802-996E-C033BF31E487-">
<String LANG="de" CONTENT="Bromhall," HEIGHT="72" WIDTH="342" VPOS="2412" HPOS="171"/>
<SP HEIGHT="53" WIDTH="26" VPOS="2431" HPOS="514"/>
<String LANG="en-US" CONTENT="music" HEIGHT="57" WIDTH="199" VPOS="2411" HPOS="541"/>
<SP HEIGHT="57" WIDTH="22" VPOS="2411" HPOS="741"/>
<String LANG="en-US" CONTENT="by" HEIGHT="71" WIDTH="83" VPOS="2411" HPOS="764"/>
<SP HEIGHT="72" WIDTH="26" VPOS="2410" HPOS="848"/>
<String LANG="en-US" CONTENT="Marion" HEIGHT="57" WIDTH="252" VPOS="2410" HPOS="875"/>
<SP HEIGHT="57" WIDTH="27" VPOS="2409" HPOS="1128"/>
<String LANG="fr" CONTENT="E." HEIGHT="56" WIDTH="72" VPOS="2409" HPOS="1156"/>
<SP HEIGHT="56" WIDTH="29" VPOS="2410" HPOS="1229"/>
<String LANG="fr" CONTENT="Le" HEIGHT="57" WIDTH="86" VPOS="2410" HPOS="1259"/>
<SP HEIGHT="57" WIDTH="27" VPOS="2410" HPOS="1346"/>
<String LANG="en-US" CONTENT="Bron." HEIGHT="57" WIDTH="191" VPOS="2410" HPOS="1374"/>
<SP HEIGHT="56" WIDTH="70" VPOS="2411" HPOS="1566"/>
<String LANG="en-US" CONTENT="New" HEIGHT="58" WIDTH="150" VPOS="2411" HPOS="1637"/>
<SP HEIGHT="58" WIDTH="26" VPOS="2411" HPOS="1788"/>
<String LANG="en-US" CONTENT="York," HEIGHT="75" WIDTH="191" VPOS="2411" HPOS="1815"/>
<SP HEIGHT="71" WIDTH="29" VPOS="2415" HPOS="2007"/>
<String LANG="en-US" CONTENT="The" HEIGHT="59" WIDTH="130" VPOS="2414" HPOS="2037"/>
</TextLine>
<TextLine HEIGHT="72" WIDTH="922" VPOS="2488" HPOS="170" STYLEREFS="StyleId-C0AF9AE6-A2B4-4802-996E-C033BF31E487-">
<String CONTENT="Macmillan" HEIGHT="57" WIDTH="360" VPOS="2490" HPOS="170"/>
<SP HEIGHT="37" WIDTH="33" VPOS="2508" HPOS="531"/>
<String CONTENT="company," HEIGHT="54" WIDTH="323" VPOS="2506" HPOS="565"/>
<SP HEIGHT="70" WIDTH="36" VPOS="2489" HPOS="889"/>
<String CONTENT="1925." HEIGHT="56" WIDTH="166" VPOS="2488" HPOS="926"/>
</TextLine>
<TextLine HEIGHT="55" WIDTH="651" VPOS="2565" HPOS="237" STYLEREFS="StyleId-C0AF9AE6-A2B4-4802-996E-C033BF31E487-" CS="1">
<String CONTENT="vii," HEIGHT="53" WIDTH="77" VPOS="2567" HPOS="237"/>
<SP HEIGHT="52" WIDTH="33" VPOS="2568" HPOS="315"/>
<String CONTENT="159" HEIGHT="44" WIDTH="78" VPOS="2566" HPOS="349"/>
<SP HEIGHT="54" WIDTH="30" VPOS="2566" HPOS="428"/>
<String CONTENT="p." HEIGHT="39" WIDTH="40" VPOS="2581" HPOS="459"/>
<SP HEIGHT="43" WIDTH="60" VPOS="2566" HPOS="500"/>
<String CONTENT="illus." HEIGHT="43" WIDTH="115" VPOS="2565" HPOS="561"/>
<SP HEIGHT="43" WIDTH="63" VPOS="2565" HPOS="677"/>
<String CS="1" CONTENT="19&#189;" HEIGHT="43" WIDTH="51" VPOS="2565" HPOS="741"/>
<String STYLE="superscript" CS="1" CONTENT="cm" HEIGHT="18" WIDTH="16" VPOS="2567" HPOS="826"/>
<String CONTENT="." HEIGHT="9" WIDTH="9" VPOS="2599" HPOS="879"/>
</TextLine>
<TextLine HEIGHT="47" WIDTH="404" VPOS="2622" HPOS="242">
<String CONTENT="Contains" HEIGHT="45" WIDTH="215" VPOS="2624" HPOS="242"/>
<SP HEIGHT="29" WIDTH="30" VPOS="2638" HPOS="458"/>
<String CONTENT="music." HEIGHT="44" WIDTH="157" VPOS="2622" HPOS="489"/>
</TextLine>
<TextLine HEIGHT="56" WIDTH="1589" VPOS="2676" HPOS="577" CS="1">
<String CS="1" CONTENT="CONTENTS.&#8212;The" HEIGHT="43" WIDTH="101" VPOS="2678" HPOS="577"/>
<SP HEIGHT="38" WIDTH="40" VPOS="2692" HPOS="679"/>
<String CONTENT="pudding" HEIGHT="53" WIDTH="202" VPOS="2677" HPOS="720"/>
<SP HEIGHT="39" WIDTH="39" VPOS="2690" HPOS="923"/>
<String CONTENT="pan.&#8212;Kit" HEIGHT="52" WIDTH="245" VPOS="2676" HPOS="963"/>
<SP HEIGHT="37" WIDTH="43" VPOS="2683" HPOS="1209"/>
<String CONTENT="cat" HEIGHT="35" WIDTH="72" VPOS="2684" HPOS="1253"/>
<SP HEIGHT="35" WIDTH="41" VPOS="2684" HPOS="1326"/>
<String CONTENT="and" HEIGHT="44" WIDTH="88" VPOS="2676" HPOS="1368"/>
<SP HEIGHT="44" WIDTH="43" VPOS="2676" HPOS="1457"/>
<String CONTENT="cross-patch.&#8212;The" HEIGHT="52" WIDTH="458" VPOS="2678" HPOS="1501"/>
<SP HEIGHT="37" WIDTH="42" VPOS="2695" HPOS="1960"/>
<String CONTENT="golden" HEIGHT="53" WIDTH="163" VPOS="2679" HPOS="2003"/>
</TextLine>
<TextLine HEIGHT="60" WIDTH="1998" VPOS="2731" HPOS="170">
<String CONTENT="goose.&#8212;The" HEIGHT="55" WIDTH="310" VPOS="2736" HPOS="170"/>
<SP HEIGHT="37" WIDTH="38" VPOS="2751" HPOS="481"/>
<String CONTENT="proud" HEIGHT="52" WIDTH="143" VPOS="2736" HPOS="520"/>
<SP HEIGHT="51" WIDTH="38" VPOS="2736" HPOS="664"/>
<String CONTENT="princess.&#8212;Goldtree" HEIGHT="54" WIDTH="490" VPOS="2733" HPOS="703"/>
<SP HEIGHT="28" WIDTH="38" VPOS="2748" HPOS="1194"/>
<String CONTENT="and" HEIGHT="42" WIDTH="88" VPOS="2733" HPOS="1233"/>
<SP HEIGHT="47" WIDTH="42" VPOS="2731" HPOS="1322"/>
<String CONTENT="Silvertree.&#8212;The" HEIGHT="47" WIDTH="417" VPOS="2731" HPOS="1365"/>
<SP HEIGHT="30" WIDTH="40" VPOS="2749" HPOS="1783"/>
<String CONTENT="wise" HEIGHT="45" WIDTH="110" VPOS="2734" HPOS="1824"/>
<SP HEIGHT="29" WIDTH="40" VPOS="2750" HPOS="1935"/>
<String CONTENT="men" HEIGHT="29" WIDTH="101" VPOS="2752" HPOS="1976"/>
<SP HEIGHT="30" WIDTH="39" VPOS="2752" HPOS="2078"/>
<String CONTENT="of" HEIGHT="45" WIDTH="50" VPOS="2737" HPOS="2118"/>
</TextLine>
<TextLine HEIGHT="45" WIDTH="208" VPOS="2794" HPOS="170">
<String CONTENT="Gotham." HEIGHT="45" WIDTH="208" VPOS="2794" HPOS="170"/>
</TextLine>
<TextLine HEIGHT="60" WIDTH="1684" VPOS="2843" HPOS="168" CS="1">
<String CONTENT="&#169;" HEIGHT="54" WIDTH="54" VPOS="2849" HPOS="168"/>
<SP HEIGHT="54" WIDTH="25" VPOS="2849" HPOS="223"/>
<String CONTENT="Nov." HEIGHT="42" WIDTH="119" VPOS="2851" HPOS="249"/>
<SP HEIGHT="44" WIDTH="20" VPOS="2849" HPOS="369"/>
<String CONTENT="24," HEIGHT="45" WIDTH="69" VPOS="2849" HPOS="390"/>
<SP HEIGHT="44" WIDTH="27" VPOS="2850" HPOS="460"/>
<String CS="1" CONTENT="1925;" HEIGHT="44" WIDTH="102" VPOS="2847" HPOS="488"/>
<SP HEIGHT="51" WIDTH="27" VPOS="2848" HPOS="617"/>
<String CONTENT="2c." HEIGHT="42" WIDTH="64" VPOS="2848" HPOS="645"/>
<SP HEIGHT="27" WIDTH="23" VPOS="2863" HPOS="710"/>
<String CONTENT="and" HEIGHT="43" WIDTH="87" VPOS="2847" HPOS="734"/>
<SP HEIGHT="42" WIDTH="25" VPOS="2847" HPOS="822"/>
<String CONTENT="aff." HEIGHT="43" WIDTH="78" VPOS="2846" HPOS="848"/>
<SP HEIGHT="43" WIDTH="27" VPOS="2846" HPOS="927"/>
<String CONTENT="Nov." HEIGHT="42" WIDTH="117" VPOS="2846" HPOS="955"/>
<SP HEIGHT="43" WIDTH="22" VPOS="2845" HPOS="1073"/>
<String CS="1" CONTENT="25;" HEIGHT="44" WIDTH="53" VPOS="2844" HPOS="1096"/>
<SP HEIGHT="51" WIDTH="28" VPOS="2845" HPOS="1176"/>
<!-- cceid 373833A9-6DD5-1014-B757-AF09C522E301 --><String CONTENT="A" HEIGHT="42" WIDTH="42" VPOS="2845" HPOS="1205"/>
<SP HEIGHT="43" WIDTH="26" VPOS="2844" HPOS="1248"/>
<String CS="1" CONTENT="875247;" HEIGHT="45" WIDTH="163" VPOS="2843" HPOS="1275"/>
<SP HEIGHT="50" WIDTH="31" VPOS="2846" HPOS="1464"/>
<String CONTENT="Macmillan" HEIGHT="43" WIDTH="265" VPOS="2846" HPOS="1496"/>
<SP HEIGHT="28" WIDTH="24" VPOS="2862" HPOS="1762"/>
<String CONTENT="co." HEIGHT="28" WIDTH="65" VPOS="2862" HPOS="1787"/>
</TextLine>
<TextLine HEIGHT="57" WIDTH="270" VPOS="2904" HPOS="249">
<String CONTENT="(25-24495)" HEIGHT="57" WIDTH="270" VPOS="2904" HPOS="249"/>
</TextLine>
<TextLine HEIGHT="74" WIDTH="796" VPOS="2973" HPOS="171" STYLEREFS="StyleId-D70DC641-2785-46BA-A1DC-23C160D666F1-">
<String CONTENT="Muirhead," HEIGHT="67" WIDTH="348" VPOS="2977" HPOS="171"/>
<SP HEIGHT="67" WIDTH="34" VPOS="2977" HPOS="520"/>
<String CONTENT="Findlay," HEIGHT="74" WIDTH="287" VPOS="2973" HPOS="555"/>
<SP HEIGHT="51" WIDTH="35" VPOS="2993" HPOS="843"/>
<String CONTENT="ed." HEIGHT="57" WIDTH="88" VPOS="2975" HPOS="879"/>
</TextLine>
<TextLine HEIGHT="156" WIDTH="1970" VPOS="3050" HPOS="172" STYLEREFS="StyleId-C0AF9AE6-A2B4-4802-996E-C033BF31E487-" CS="1">
<String CS="1" CONTENT="&#8230;"/>
<SP HEIGHT="58" WIDTH="52" VPOS="3056" HPOS="315"/>
<String CONTENT="Southern" HEIGHT="58" WIDTH="313" VPOS="3055" HPOS="368"/>
<SP HEIGHT="56" WIDTH="46" VPOS="3053" HPOS="682"/>
<String CONTENT="Italy," HEIGHT="71" WIDTH="185" VPOS="3053" HPOS="729"/>
<SP HEIGHT="72" WIDTH="45" VPOS="3051" HPOS="915"/>
<String CONTENT="including" HEIGHT="72" WIDTH="323" VPOS="3050" HPOS="961"/>
<SP HEIGHT="71" WIDTH="41" VPOS="3051" HPOS="1285"/>
<String CONTENT="Rome," HEIGHT="71" WIDTH="211" VPOS="3051" HPOS="1327"/>
<SP HEIGHT="71" WIDTH="51" VPOS="3051" HPOS="1539"/>
<String CONTENT="Sicily," HEIGHT="72" WIDTH="209" VPOS="3051" HPOS="1591"/>
<SP HEIGHT="50" WIDTH="47" VPOS="3073" HPOS="1801"/>
<String CONTENT="and" HEIGHT="56" WIDTH="123" VPOS="3054" HPOS="1849"/>
<SP HEIGHT="58" WIDTH="49" VPOS="3054" HPOS="1973"/>
<String CONTENT="Sardinia," HEIGHT="152" WIDTH="1970" VPOS="3054" HPOS="172"/>
</TextLine>
<TextLine HEIGHT="78" WIDTH="1765" VPOS="3127" HPOS="399" STYLEREFS="StyleId-C0AF9AE6-A2B4-4802-996E-C033BF31E487-">
<String CONTENT="by" HEIGHT="71" WIDTH="82" VPOS="3134" HPOS="399"/>
<SP HEIGHT="73" WIDTH="34" VPOS="3132" HPOS="482"/>
<String CONTENT="L." HEIGHT="55" WIDTH="65" VPOS="3132" HPOS="517"/>
<SP HEIGHT="57" WIDTH="35" VPOS="3130" HPOS="583"/>
<String CONTENT="V." HEIGHT="57" WIDTH="74" VPOS="3130" HPOS="619"/>
<SP HEIGHT="57" WIDTH="37" VPOS="3130" HPOS="694"/>
<String CONTENT="Bertarelli," HEIGHT="73" WIDTH="357" VPOS="3128" HPOS="732"/>
<SP HEIGHT="54" WIDTH="39" VPOS="3147" HPOS="1090"/>
<String CONTENT="edited" HEIGHT="58" WIDTH="206" VPOS="3127" HPOS="1130"/>
<SP HEIGHT="56" WIDTH="34" VPOS="3129" HPOS="1337"/>
<String CONTENT="by" HEIGHT="72" WIDTH="82" VPOS="3129" HPOS="1372"/>
<SP HEIGHT="73" WIDTH="35" VPOS="3128" HPOS="1455"/>
<String CONTENT="Findlay" HEIGHT="74" WIDTH="272" VPOS="3128" HPOS="1491"/>
<SP HEIGHT="72" WIDTH="37" VPOS="3130" HPOS="1764"/>
<String CONTENT="Muirhead;" HEIGHT="73" WIDTH="362" VPOS="3130" HPOS="1802"/>
</TextLine>
<TextLine HEIGHT="76" WIDTH="1957" VPOS="3206" HPOS="173" STYLEREFS="StyleId-C0AF9AE6-A2B4-4802-996E-C033BF31E487-" CS="1">
<String CONTENT="76" HEIGHT="54" WIDTH="70" VPOS="3215" HPOS="173"/>
<SP HEIGHT="54" WIDTH="41" VPOS="3215" HPOS="244"/>
<String CONTENT="maps" HEIGHT="52" WIDTH="179" VPOS="3230" HPOS="286"/>
<SP HEIGHT="37" WIDTH="47" VPOS="3230" HPOS="466"/>
<String CONTENT="and" HEIGHT="55" WIDTH="122" VPOS="3211" HPOS="514"/>
<SP HEIGHT="68" WIDTH="41" VPOS="3211" HPOS="637"/>
<String CONTENT="plans." HEIGHT="70" WIDTH="202" VPOS="3209" HPOS="679"/>
<SP HEIGHT="56" WIDTH="82" VPOS="3207" HPOS="882"/>
<String CONTENT="London," HEIGHT="70" WIDTH="277" VPOS="3207" HPOS="965"/>
<SP HEIGHT="71" WIDTH="45" VPOS="3206" HPOS="1243"/>
<String CONTENT="Macmillan" HEIGHT="57" WIDTH="359" VPOS="3206" HPOS="1289"/>
<SP HEIGHT="37" WIDTH="48" VPOS="3227" HPOS="1649"/>
<String CONTENT="and" HEIGHT="56" WIDTH="123" VPOS="3209" HPOS="1698"/>
<SP HEIGHT="56" WIDTH="45" VPOS="3209" HPOS="1822"/>
<String CONTENT="co.," HEIGHT="39" WIDTH="106" VPOS="3228" HPOS="1868"/>
<SP HEIGHT="57" WIDTH="48" VPOS="3210" HPOS="1975"/>
<String CS="1" CONTENT="ltd.;" HEIGHT="57" WIDTH="106" VPOS="3210" HPOS="2024"/>
</TextLine>
<TextLine HEIGHT="77" WIDTH="511" VPOS="3287" HPOS="175" STYLEREFS="StyleId-C0AF9AE6-A2B4-4802-996E-C033BF31E487-">
<String CONTENT="[etc.," HEIGHT="71" WIDTH="147" VPOS="3293" HPOS="175"/>
<SP HEIGHT="53" WIDTH="33" VPOS="3309" HPOS="323"/>
<String CONTENT="etc.]" HEIGHT="69" WIDTH="129" VPOS="3292" HPOS="357"/>
<SP HEIGHT="72" WIDTH="33" VPOS="3289" HPOS="487"/>
<String CONTENT="1925." HEIGHT="56" WIDTH="165" VPOS="3287" HPOS="521"/>
</TextLine>
<TextLine HEIGHT="58" WIDTH="1646" VPOS="3359" HPOS="241">
<String CONTENT="lxxii," HEIGHT="51" WIDTH="131" VPOS="3365" HPOS="241"/>
<SP HEIGHT="53" WIDTH="26" VPOS="3363" HPOS="373"/>
<String CONTENT="531," HEIGHT="51" WIDTH="94" VPOS="3363" HPOS="400"/>
<SP HEIGHT="28" WIDTH="29" VPOS="3388" HPOS="495"/>
<String CONTENT="[1]" HEIGHT="53" WIDTH="52" VPOS="3364" HPOS="525"/>
<SP HEIGHT="40" WIDTH="30" VPOS="3377" HPOS="578"/>
<String CONTENT="p." HEIGHT="37" WIDTH="40" VPOS="3377" HPOS="609"/>
<SP HEIGHT="45" WIDTH="59" VPOS="3360" HPOS="650"/>
<String CONTENT="front.," HEIGHT="53" WIDTH="150" VPOS="3360" HPOS="710"/>
<SP HEIGHT="53" WIDTH="31" VPOS="3360" HPOS="861"/>
<String CONTENT="fold." HEIGHT="44" WIDTH="108" VPOS="3360" HPOS="893"/>
<SP HEIGHT="29" WIDTH="27" VPOS="3375" HPOS="1002"/>
<String CONTENT="maps." HEIGHT="37" WIDTH="139" VPOS="3374" HPOS="1030"/>
<SP HEIGHT="42" WIDTH="63" VPOS="3360" HPOS="1170"/>
<String CONTENT="16" HEIGHT="43" WIDTH="50" VPOS="3359" HPOS="1234"/>
<String STYLE="superscript" CONTENT="cm" HEIGHT="17" WIDTH="46" VPOS="3362" HPOS="1289"/>
<String CONTENT="." HEIGHT="7" WIDTH="7" VPOS="3395" HPOS="1343"/>
<SP HEIGHT="52" WIDTH="68" VPOS="3360" HPOS="1351"/>
<String CONTENT="(The" HEIGHT="53" WIDTH="124" VPOS="3359" HPOS="1420"/>
<SP HEIGHT="43" WIDTH="29" VPOS="3361" HPOS="1545"/>
<String CONTENT="blue" HEIGHT="43" WIDTH="99" VPOS="3361" HPOS="1575"/>
<SP HEIGHT="38" WIDTH="29" VPOS="3375" HPOS="1675"/>
<String CONTENT="guides)" HEIGHT="53" WIDTH="182" VPOS="3361" HPOS="1705"/>
</TextLine>
<TextLine HEIGHT="54" WIDTH="539" VPOS="3419" HPOS="242">
<String CONTENT="Map" HEIGHT="50" WIDTH="110" VPOS="3423" HPOS="242"/>
<SP HEIGHT="37" WIDTH="26" VPOS="3436" HPOS="353"/>
<String CONTENT="on" HEIGHT="29" WIDTH="58" VPOS="3435" HPOS="380"/>
<SP HEIGHT="41" WIDTH="26" VPOS="3421" HPOS="439"/>
<String CONTENT="lining-paper." HEIGHT="52" WIDTH="315" VPOS="3419" HPOS="466"/>
</TextLine>
<TextLine HEIGHT="57" WIDTH="1922" VPOS="3471" HPOS="243" CS="1">
<String CONTENT="&#8220;The" HEIGHT="44" WIDTH="126" VPOS="3477" HPOS="243"/>
<SP HEIGHT="36" WIDTH="23" VPOS="3492" HPOS="370"/>
<String CONTENT="present" HEIGHT="45" WIDTH="179" VPOS="3483" HPOS="394"/>
<SP HEIGHT="35" WIDTH="24" VPOS="3483" HPOS="574"/>
<String CONTENT="volume" HEIGHT="43" WIDTH="178" VPOS="3475" HPOS="599"/>
<SP HEIGHT="30" WIDTH="30" VPOS="3488" HPOS="778"/>
<String CS="1" CONTENT="&#8230;"/>
<SP HEIGHT="45" WIDTH="30" VPOS="3473" HPOS="856"/>
<String CONTENT="is" HEIGHT="42" WIDTH="34" VPOS="3473" HPOS="887"/>
<SP HEIGHT="42" WIDTH="25" VPOS="3473" HPOS="922"/>
<String CONTENT="based" HEIGHT="43" WIDTH="137" VPOS="3472" HPOS="948"/>
<SP HEIGHT="43" WIDTH="24" VPOS="3472" HPOS="1086"/>
<String CONTENT="upon" HEIGHT="37" WIDTH="117" VPOS="3486" HPOS="1111"/>
<SP HEIGHT="36" WIDTH="24" VPOS="3478" HPOS="1229"/>
<String CONTENT="the" HEIGHT="44" WIDTH="75" VPOS="3471" HPOS="1254"/>
<SP HEIGHT="28" WIDTH="28" VPOS="3487" HPOS="1330"/>
<String CONTENT="admirable" HEIGHT="45" WIDTH="250" VPOS="3471" HPOS="1359"/>
<SP HEIGHT="42" WIDTH="24" VPOS="3473" HPOS="1610"/>
<String CONTENT="Italian" HEIGHT="43" WIDTH="164" VPOS="3473" HPOS="1635"/>
<SP HEIGHT="38" WIDTH="25" VPOS="3489" HPOS="1800"/>
<String CONTENT="guides" HEIGHT="52" WIDTH="158" VPOS="3475" HPOS="1826"/>
<SP HEIGHT="29" WIDTH="25" VPOS="3490" HPOS="1985"/>
<String CONTENT="of" HEIGHT="42" WIDTH="53" VPOS="3477" HPOS="2011"/>
<SP HEIGHT="42" WIDTH="25" VPOS="3477" HPOS="2065"/>
<String CONTENT="the" HEIGHT="43" WIDTH="74" VPOS="3476" HPOS="2091"/>
</TextLine>
<TextLine HEIGHT="57" WIDTH="1993" VPOS="3528" HPOS="174">
<String CONTENT="Italian" HEIGHT="43" WIDTH="163" VPOS="3535" HPOS="174"/>
<SP HEIGHT="35" WIDTH="24" VPOS="3541" HPOS="338"/>
<String CONTENT="touring" HEIGHT="52" WIDTH="182" VPOS="3533" HPOS="363"/>
<SP HEIGHT="38" WIDTH="23" VPOS="3547" HPOS="546"/>
<String CONTENT="club," HEIGHT="49" WIDTH="114" VPOS="3532" HPOS="570"/>
<SP HEIGHT="35" WIDTH="24" VPOS="3546" HPOS="685"/>
<String CONTENT="and" HEIGHT="42" WIDTH="88" VPOS="3531" HPOS="710"/>
<SP HEIGHT="44" WIDTH="22" VPOS="3529" HPOS="799"/>
<String CONTENT="has" HEIGHT="43" WIDTH="81" VPOS="3529" HPOS="822"/>
<SP HEIGHT="42" WIDTH="23" VPOS="3529" HPOS="904"/>
<String CONTENT="been" HEIGHT="42" WIDTH="111" VPOS="3529" HPOS="928"/>
<SP HEIGHT="28" WIDTH="24" VPOS="3543" HPOS="1040"/>
<String CONTENT="mainly" HEIGHT="52" WIDTH="167" VPOS="3528" HPOS="1065"/>
<SP HEIGHT="37" WIDTH="25" VPOS="3543" HPOS="1233"/>
<String CONTENT="written" HEIGHT="43" WIDTH="181" VPOS="3528" HPOS="1259"/>
<SP HEIGHT="43" WIDTH="22" VPOS="3529" HPOS="1441"/>
<String CONTENT="by" HEIGHT="52" WIDTH="59" VPOS="3529" HPOS="1464"/>
<SP HEIGHT="53" WIDTH="30" VPOS="3528" HPOS="1524"/>
<String CONTENT="Signor" HEIGHT="53" WIDTH="168" VPOS="3528" HPOS="1555"/>
<SP HEIGHT="41" WIDTH="25" VPOS="3531" HPOS="1724"/>
<String LANG="fr" CONTENT="L." HEIGHT="42" WIDTH="48" VPOS="3531" HPOS="1750"/>
<SP HEIGHT="42" WIDTH="25" VPOS="3531" HPOS="1799"/>
<String CONTENT="V." HEIGHT="42" WIDTH="57" VPOS="3531" HPOS="1825"/>
<SP HEIGHT="41" WIDTH="29" VPOS="3532" HPOS="1883"/>
<String CONTENT="Bertarelli," HEIGHT="53" WIDTH="254" VPOS="3531" HPOS="1913"/>
</TextLine>
<TextLine HEIGHT="59" WIDTH="775" VPOS="3584" HPOS="171">
<String CONTENT="president" HEIGHT="51" WIDTH="226" VPOS="3592" HPOS="171"/>
<SP HEIGHT="35" WIDTH="29" VPOS="3597" HPOS="398"/>
<String CONTENT="of" HEIGHT="43" WIDTH="50" VPOS="3589" HPOS="428"/>
<SP HEIGHT="42" WIDTH="30" VPOS="3589" HPOS="479"/>
<String CONTENT="the" HEIGHT="44" WIDTH="73" VPOS="3587" HPOS="510"/>
<SP HEIGHT="28" WIDTH="28" VPOS="3603" HPOS="584"/>
<String CONTENT="club.&#8221;&#8212;Pref." HEIGHT="46" WIDTH="333" VPOS="3584" HPOS="613"/>
</TextLine>
<TextLine HEIGHT="59" WIDTH="1993" VPOS="3640" HPOS="171" CS="1">
<String CONTENT="&#169;" HEIGHT="54" WIDTH="54" VPOS="3645" HPOS="171"/>
<SP/>
<String CS="1" CONTENT="1c."/>
<SP/>
<String CONTENT="Sept." HEIGHT="52" WIDTH="120" VPOS="3645" HPOS="349"/>
<SP HEIGHT="43" WIDTH="28" VPOS="3644" HPOS="470"/>
<String CONTENT="8," HEIGHT="51" WIDTH="37" VPOS="3644" HPOS="499"/>
<SP HEIGHT="50" WIDTH="30" VPOS="3645" HPOS="537"/>
<String CS="1" CONTENT="1825;" HEIGHT="45" WIDTH="103" VPOS="3641" HPOS="568"/>
<SP HEIGHT="50" WIDTH="31" VPOS="3643" HPOS="699"/>
<!-- cceid 37384FB7-6DD5-1014-B757-AF09C522E301 --><String CONTENT="A" HEIGHT="41" WIDTH="44" VPOS="3643" HPOS="731"/>
<SP HEIGHT="42" WIDTH="28" VPOS="3643" HPOS="776"/>
<String CONTENT="ad" HEIGHT="43" WIDTH="54" VPOS="3642" HPOS="805"/>
<SP HEIGHT="44" WIDTH="28" VPOS="3641" HPOS="860"/>
<String CONTENT="int." HEIGHT="44" WIDTH="77" VPOS="3641" HPOS="889"/>
<SP HEIGHT="44" WIDTH="30" VPOS="3640" HPOS="967"/>
<String CS="1" CONTENT="7345;" HEIGHT="44" WIDTH="105" VPOS="3640" HPOS="998"/>
<SP HEIGHT="38" WIDTH="28" VPOS="3655" HPOS="1132"/>
<String CONTENT="pubd." HEIGHT="52" WIDTH="132" VPOS="3641" HPOS="1161"/>
<SP HEIGHT="42" WIDTH="30" VPOS="3641" HPOS="1294"/>
<String CONTENT="Aug." HEIGHT="52" WIDTH="119" VPOS="3641" HPOS="1325"/>
<SP HEIGHT="42" WIDTH="36" VPOS="3641" HPOS="1445"/>
<String CS="1" CONTENT="15;" HEIGHT="44" WIDTH="46" VPOS="3640" HPOS="1482"/>
<SP HEIGHT="52" WIDTH="30" VPOS="3640" HPOS="1556"/>
<String CONTENT="Touring" HEIGHT="54" WIDTH="208" VPOS="3640" HPOS="1587"/>
<SP HEIGHT="37" WIDTH="30" VPOS="3657" HPOS="1796"/>
<String CONTENT="club" HEIGHT="45" WIDTH="100" VPOS="3641" HPOS="1827"/>
<SP HEIGHT="44" WIDTH="30" VPOS="3642" HPOS="1928"/>
<String CONTENT="Italiano," HEIGHT="52" WIDTH="205" VPOS="3643" HPOS="1959"/>
</TextLine>
<TextLine HEIGHT="56" WIDTH="497" VPOS="3698" HPOS="244">
<String CONTENT="Milan." HEIGHT="42" WIDTH="159" VPOS="3703" HPOS="244"/>
<SP HEIGHT="53" WIDTH="67" VPOS="3701" HPOS="404"/>
<String CONTENT="(25-27652)" HEIGHT="56" WIDTH="269" VPOS="3698" HPOS="472"/>
</TextLine>
<TextLine HEIGHT="75" WIDTH="992" VPOS="3766" HPOS="172" STYLEREFS="StyleId-D70DC641-2785-46BA-A1DC-23C160D666F1-">
<String CONTENT="Nicholson," HEIGHT="70" WIDTH="354" VPOS="3771" HPOS="172"/>
<SP HEIGHT="69" WIDTH="36" VPOS="3772" HPOS="527"/>
<String CONTENT="Mrs." HEIGHT="56" WIDTH="150" VPOS="3772" HPOS="564"/>
<SP HEIGHT="61" WIDTH="41" VPOS="3767" HPOS="715"/>
<String CONTENT="Celia" HEIGHT="58" WIDTH="171" VPOS="3767" HPOS="757"/>
<SP HEIGHT="59" WIDTH="34" VPOS="3766" HPOS="929"/>
<String CONTENT="Anna." HEIGHT="59" WIDTH="200" VPOS="3766" HPOS="964"/>
</TextLine>
<TextLine HEIGHT="76" WIDTH="1910" VPOS="3845" HPOS="253" STYLEREFS="StyleId-C0AF9AE6-A2B4-4802-996E-C033BF31E487-" CS="1">
<String CONTENT="The" HEIGHT="56" WIDTH="128" VPOS="3852" HPOS="253"/>
<SP HEIGHT="56" WIDTH="42" VPOS="3852" HPOS="382"/>
<String CONTENT="dawn" HEIGHT="56" WIDTH="181" VPOS="3852" HPOS="425"/>
<SP HEIGHT="56" WIDTH="38" VPOS="3848" HPOS="607"/>
<String CONTENT="fulfilled" HEIGHT="57" WIDTH="268" VPOS="3847" HPOS="646"/>
<SP HEIGHT="73" WIDTH="42" VPOS="3848" HPOS="915"/>
<String CS="1" CONTENT="[by]" HEIGHT="73" WIDTH="97" VPOS="3848" HPOS="958"/>
<SP HEIGHT="76" WIDTH="49" VPOS="3845" HPOS="1070"/>
<String CONTENT="C." HEIGHT="59" WIDTH="63" VPOS="3845" HPOS="1120"/>
<SP HEIGHT="56" WIDTH="45" VPOS="3847" HPOS="1184"/>
<String CONTENT="A." HEIGHT="55" WIDTH="73" VPOS="3847" HPOS="1230"/>
<SP HEIGHT="56" WIDTH="44" VPOS="3846" HPOS="1304"/>
<String CONTENT="Nicholson" HEIGHT="57" WIDTH="340" VPOS="3846" HPOS="1349"/>
<SP HEIGHT="40" WIDTH="46" VPOS="3866" HPOS="1690"/>
<String CS="1" CONTENT="&#8230;"/>
<SP HEIGHT="58" WIDTH="88" VPOS="3848" HPOS="1799"/>
<String CONTENT="London," HEIGHT="72" WIDTH="275" VPOS="3848" HPOS="1888"/>
</TextLine>
<TextLine HEIGHT="72" WIDTH="926" VPOS="3926" HPOS="173" STYLEREFS="StyleId-C0AF9AE6-A2B4-4802-996E-C033BF31E487-" CS="1">
<String CS="1" CONTENT="R." HEIGHT="55" WIDTH="53" VPOS="3930" HPOS="173"/>
<SP HEIGHT="57" WIDTH="31" VPOS="3929" HPOS="246"/>
<String CONTENT="Holden" HEIGHT="56" WIDTH="246" VPOS="3929" HPOS="278"/>
<SP HEIGHT="56" WIDTH="30" VPOS="3927" HPOS="525"/>
<String CONTENT="&amp;" HEIGHT="55" WIDTH="47" VPOS="3927" HPOS="556"/>
<SP HEIGHT="56" WIDTH="33" VPOS="3927" HPOS="604"/>
<String CONTENT="co.," HEIGHT="53" WIDTH="106" VPOS="3945" HPOS="638"/>
<SP HEIGHT="72" WIDTH="28" VPOS="3926" HPOS="745"/>
<String CONTENT="ltd.," HEIGHT="71" WIDTH="130" VPOS="3926" HPOS="774"/>
<SP HEIGHT="70" WIDTH="30" VPOS="3927" HPOS="905"/>
<String CONTENT="1925." HEIGHT="55" WIDTH="163" VPOS="3926" HPOS="936"/>
</TextLine>
</TextBlock>
</PrintSpace>
</Page>
</Layout>
</alto>