2533 4412
0 0 0 0 87
98 458 186 71 Hare,
328 456 245 59 Hobart
610 457 255 74 Amory,
907 459 191 58 1862-

170 534 59 56 A
254 534 318 57 text-book
597 534 69 56 of
689 534 304 70 practical
1018 534 447 72 therapeutics,
1489 534 152 58 with
1669 534 270 72 especial
95 534 1972 135 reference

339 615 63 53 to
430 612 104 56 the
563 612 384 70 application
975 612 65 57 of
1069 613 301 56 remedial
1395 631 322 39 measures
1749 617 63 53 to
1845 612 243 59 disease

95 690 123 57 and
253 689 165 57 their
456 690 418 71 employment
910 709 169 52 upon
1114 709 36 38 a
1188 689 274 58 rational
1494 690 192 72 basis,
1722 692 84 70 by
1842 689 249 59 Hobart

95 767 1997 73 Amory Hare … 19th ed., enl., thoroughly rev. and
94 845 240 73 largely
369 845 353 72 rewritten;
756 845 362 59 illustrated
1148 845 152 58 with
1333 847 111 56 144
1480 845 378 74 engravings
1896 847 124 57 and
2056 848 35 56 8

95 924 220 71 plates.
418 923 440 71 Philadelphia
909 925 124 56 and
1082 924 152 57 New
1283 924 190 74 York,
1523 924 129 57 Lea
1702 925 48 56 &
1800 925 290 72 Febiger,

95 1003 162 55 1925.

161 1077 1206 55 x, 17-1061 p. illus., VIII pl. (part col.) 24 cm .
93 1136 53 53 ©
177 1136 106 44 Feb.
313 1135 36 53 5,
384 1135 129 54 1925;
545 1137 64 42 2c.
643 1136 105 44 Feb.
781 1136 48 52 7;
863 1137 79 55 aff.
974 1136 107 44 Feb.
1113 1136 48 53 6;
1195 1136 44 43 A
1270 1136 191 53 814948;
1496 1137 90 43 Lea
1619 1137 37 43 &
1688 1135 205 54 Febiger.

172 1192 241 55 (25-3747)

95 1263 399 68 Hawthorne,
531 1261 356 71 Nathaniel,
925 1264 358 56 1804-1864.

237 1337 1851 75 … Hawthorne, edited by Bliss Perry. Garden City,
92 1418 74 57 N.
211 1418 94 77 Y.,
350 1418 153 58 Pub.
547 1417 104 58 for
693 1417 234 58 Nelson
969 1417 385 74 Doubleday,
1396 1417 137 75 inc.,
1576 1417 84 74 by
1701 1417 387 74 Doubleday,

91 1498 170 71 Page
287 1496 48 57 &
363 1515 321 54 company,
714 1498 165 56 1924.

171 1573 1922 73 4 p. l., vii-x, 152 p. front. (port.) pl. 17 cm . (The Pocket university,
99 1633 85 44 vol.
276 1668 8 16 III,
311 1642 60 43 pt.
403 1633 46 54 1)

167 1690 130 43 With
331 1690 89 43 this
454 1690 35 43 is
522 1684 151 49 bound
707 1689 156 53 Irving,
912 1690 148 43 edited
1091 1691 60 52 by
1185 1689 120 44 Bliss
1341 1690 157 52 Perry.
1562 1688 179 46 Garden
1778 1688 116 55 City,
1928 1690 61 44 N.
2024 1689 71 52 Y.,

102 1747 117 45 1924.

443 1801 1652 55 CONTENTS. — Dr. Heidegger’s experiment. — The birthmark. — Ethan
100 1858 652 46 Brand.—Wakefield.—The
782 1868 131 44 great
940 1867 133 37 stone
1107 1858 271 46 face.—The
1409 1874 114 39 gray
1556 1859 254 53 champion.

91 1915 53 53 ©
177 1916 121 53 Sept.
330 1917 38 52 3,
402 1916 128 53 1924;
561 1916 65 43 2c.
658 1917 87 42 and
774 1917 79 42 aff.
884 1917 99 52 Jan.
1015 1917 67 51 31,
1115 1915 131 54 1925;
1279 1917 45 42 A
1355 1915 191 54 815889;
1580 1917 281 52 Doubleday,
1895 1918 126 52 Page
2054 1918 37 43 &

162 1988 65 29 co.
291 1971 66 55 [©
379 1987 99 29 new
499 1979 323 37 matter—new
848 1972 173 44 revised
1048 1972 317 53 introduction]
1437 1971 243 56 (25-3448)

94 2044 230 73 Heard,
363 2044 184 72 John,
585 2044 83 72 jr.

170 2123 218 72 Verse,
443 2124 271 73 original
767 2125 123 58 and
939 2124 372 71 translated,
1362 2126 84 71 by
1496 2124 172 60 John
1718 2124 238 73 Heard,
2010 2123 80 74 jr.

95 2203 257 71 Boston,
382 2202 72 57 B.
484 2203 59 58 J.
572 2200 316 60 Brimmer
914 2220 324 54 company,
1268 2203 166 58 1924.

163 2280 512 53 3 p. l., 94 p. 18½c m .
91 2335 53 53 ©
173 2337 109 41 Dec.
308 2336 64 49 23,
403 2335 129 51 1924;
559 2335 65 42 2c.
650 2333 105 44 Feb.
783 2331 38 54 5,
851 2331 129 54 1925;
1010 2333 80 44 aff.
1116 2332 107 45 Feb.
1250 2332 50 53 6;
1328 2333 44 43 A
1397 2332 191 53 814936;
1620 2334 50 43 B.
1698 2334 40 52 J.
1769 2334 229 43 Brimmer
2022 2348 66 30 co.

170 2390 242 56 (25-3786)

93 2461 247 71 Hirsch,
383 2459 259 59 Charles
681 2459 308 70 Solomon,
1031 2461 191 57 1879-

235 2535 1852 74 … A compend of genito-urinary diseases and syphilis,
92 2616 319 72 including
459 2615 165 58 their
675 2630 267 57 surgery
993 2615 124 57 and
1165 2616 360 70 treatment,
1574 2615 85 72 by
1710 2613 259 60 Charles
2024 2615 61 60 S.

91 2691 1974 154 Hirsch … 4th ed., rev., with 44 illustrations. Philadelphia, P. Blakiston’s son & co. [ c 1925]
165 2853 91 50 xvi,
288 2848 81 47 337
397 2867 39 37 p.
468 2850 99 44 incl.
599 2850 151 50 front.,
783 2848 115 45 illus.
963 2850 49 43 18
1019 2850 47 17 cm
1072 2883 9 8 .
1150 2847 304 53 (Blakiston’s
1486 2848 266 53 compends)

90 2906 55 54 ©
172 2907 106 44 Feb.
306 2908 39 50 3,
376 2905 103 45 1925;
533 2906 65 43 2c.
625 2905 109 44 Feb.
762 2903 48 54 5;
841 2905 78 43 aff.
948 2904 106 44 Feb.
1084 2904 49 52 4;
1164 2904 47 43 A
1235 2904 191 52 814939;
1457 2905 52 43 P.
1540 2904 273 45 Blakiston’s
1843 2920 81 29 son
1954 2906 37 44 &
2019 2920 69 29 co.

170 2962 242 56 (25-3749)

92 3033 222 74 Irving
343 3030 521 61 bank-Columbia
897 3036 165 52 trust
1096 3045 323 58 company.

174 3111 331 73 Questions
545 3115 124 56 and
707 3130 274 41 answers
1024 3133 79 37 on
1139 3110 246 58 federal
1423 3113 111 55 tax
1569 3112 171 73 laws,
1777 3113 195 57 based
2009 3129 80 41 on

96 3193 290 59 Revenue
426 3195 99 56 act
563 3192 68 58 of
669 3190 149 57 1924
856 3192 124 57 and
1017 3190 324 72 Treasury
1376 3189 387 73 regulations
1804 3192 123 57 and
94 3188 1971 156 rulings,
283 3289 67 39 as
384 3271 67 57 of

97 3267 1990 152 January 15,1925 … New York, Irving bank-Columbia trust company [ c 1925]
166 3429 76 43 143
269 3443 39 37 p.
367 3426 54 44 20
428 3428 47 18 cm
481 3460 9 9 .

95 3480 52 54 ©
174 3482 98 52 Jan.
300 3482 66 49 31,
396 3478 129 52 1925;
552 3479 65 43 2c.
645 3479 86 42 and
759 3478 78 43 aff.
866 3476 106 44 Feb.
1000 3477 50 52 4;
1080 3476 45 42 A
1151 3475 190 53 814906;
1372 3475 158 53 Irving
1558 3475 385 45 bank-Columbia
1970 3486 117 35 trust

162 3554 65 28 co.
296 3534 241 57 (25-3315)

94 3607 328 71 Jacobson,
465 3604 276 58 Charles.

171 3684 128 57 The
335 3683 112 57 life
485 3684 176 69 story
697 3681 65 57 of
798 3680 134 59 Jeff
965 3680 216 71 Davis,
1216 3679 104 58 the
1356 3681 241 70 stormy
1628 3681 205 70 petrel
1866 3681 69 57 of
91 3680 1971 140 Arkansas

90 3757 1996 155 politics, by Chas. Jacobson … Little Rock, Parke-Harper
373 3837 363 73 publishing
764 3856 105 53 co.,
901 3837 164 55 1925.

170 3920 77 43 241
278 3934 39 37 p.
377 3920 26 41 2
429 3925 115 44 port.
575 3916 126 53 (incl.
730 3915 164 51 front.)
960 3914 55 43 20
1021 3916 46 17 cm
1073 3949 9 8 .

94 3973 52 54 ©
170 3975 106 44 Feb.
305 3976 33 49 1,
363 3972 131 53 1925;
519 3973 64 43 2c.
607 3972 107 43 Feb.
742 3971 74 52 10;
842 3971 79 43 aff.
946 3970 106 43 Feb.
1078 3970 50 51 9;
1155 3970 42 41 A
1224 3968 188 53 814975;
1440 3968 49 45 C.
1514 3970 241 52 Jacobson,
1780 3969 137 44 Little
1943 3970 143 52 Rock,

162 4031 114 43 Ark.
345 4028 242 55 (25-3953)
