2533 4412
1055 4035 111 57 801

101 399 245 70 Michie,
385 398 267 58 Thomas
688 398 299 69 Johnson,
1024 398 90 58 ed.

180 492 129 56 The
337 489 433 73 encyclopedic
795 490 207 74 digest
1030 490 67 56 of
1122 489 296 73 Virginia
1444 490 125 58 and
1593 490 182 57 West
1799 488 296 74 Virginia

102 572 268 68 reports.
436 569 147 55 1925
611 568 409 72 supplement,
1049 567 187 72 being
1262 586 38 37 a
1326 567 305 72 complete
1656 567 437 72 encyclopedia

103 648 124 56 and
267 646 205 73 digest
514 646 67 56 of
622 645 83 57 all
747 646 103 56 the
892 643 295 74 Virginia
1229 645 125 56 and
1393 644 182 58 West
1613 644 299 73 Virginia
1952 664 141 38 case

100 724 120 56 law
262 723 170 58 from
472 723 245 57 volume
764 724 113 55 130
921 726 65 54 to
1030 722 246 57 volume
1324 723 112 56 138
1481 720 297 74 Virginia
1822 725 268 69 reports,

99 800 151 58 both
287 799 320 72 inclusive,
649 801 126 56 and
810 800 168 57 from
1015 799 245 58 volume
1301 800 74 56 88
1413 802 63 53 to
1517 798 246 58 volume
1804 799 290 58 94-West

100 878 295 73 Virginia
431 882 268 68 reports,
737 879 149 56 both
923 876 320 73 inclusive,
1284 878 200 56 under
1520 877 103 57 the
1666 877 293 58 editorial
99 893 1972 138 supervision
473 956 66 56 of
593 956 269 57 Thomas
917 954 286 60 Johnson
1255 954 247 70 Michie,
1557 954 276 58 assisted
1882 955 83 71 by
2017 954 75 56 A.

100 1033 274 58 Hewson
414 1033 243 57 Michie.
737 1053 55 36 v.
838 1034 49 54 2.
934 1030 693 78 [Insurance—X-rays]
99 1028 1969 158 Charlottesville,
293 1111 135 73 Va.,
464 1111 127 57 The
624 1110 227 57 Michie
883 1128 323 54 company,
1239 1110 166 56 1925.

170 1199 79 52 xii,
279 1197 215 47 903-1941
527 1212 41 38 p.
625 1198 55 43 24½
716 1200 46 18 cm
769 1233 8 8 .

101 1266 53 54 ©
180 1268 109 53 July
313 1267 69 52 23,
412 1266 130 53 1925;
567 1268 65 42 2c.
659 1267 107 53 July
789 1266 80 53 25;
898 1267 80 43 aff.
1004 1267 120 52 Aug.
1156 1269 46 50 1;
1232 1267 44 43 A
1302 1266 190 52 864089;
1524 1265 171 46 Michie
1720 1281 66 29 co.

99 1384 266 70 Morton,
410 1383 168 57 Lena
622 1380 302 59 Beatrice.

177 1472 211 72 Negro
428 1475 229 69 poetry
694 1471 66 57 in
802 1470 309 73 America,
1155 1472 83 72 by
1275 1471 172 59 Lena
1485 1471 291 59 Beatrice
1818 1472 271 59 Morton.

97 1549 256 73 Boston,
383 1548 210 72 Mass.,
623 1549 129 58 The
784 1548 332 60 Stratford
1142 1568 325 54 company,
1496 1550 165 58 1925.

176 1643 27 42 4
226 1657 40 38 p.
311 1675 21 17 1.,
357 1640 24 44 7l
434 1656 41 39 p.
537 1641 113 43 illus.
679 1640 193 54 (music)
943 1641 50 45 16
999 1644 45 17 cm
1052 1676 10 9 .

181 1711 126 44 “The
329 1709 217 56 tragedy”
563 1726 9 28 :
596 1726 40 39 p.
660 1710 150 45 37-71.

177 1767 353 55 Bibliography:
558 1783 40 38 p.
624 1768 77 53 36;
731 1767 301 46 “References
1058 1767 162 46 used”:
1249 1784 40 38 p.
1315 1767 65 46 71.

102 1836 53 54 ©
178 1838 108 53 July
309 1836 37 50 6,
377 1835 130 54 1925;
532 1838 65 42 2c.
623 1837 87 43 and
734 1838 79 42 aff.
839 1836 110 54 July
971 1837 51 54 9;
1051 1838 45 43 A
1122 1838 188 53 861050;
1342 1837 240 48 Stratford
181 1851 1491 100 co.(25-15782)

100 1995 282 69 Mouzon,
415 1992 226 60 Edwin
667 1993 103 59 Du
797 1993 176 72 Bose,
1009 1995 119 74 bp.,
1159 1996 190 58 1869-

181 2083 1912 76 The missionary evangel … by Edwin Du Bose Mouzon
171 2160 1486 79 … Nashville, Tenn., Cokesbury press, 1925.
181 2256 74 44 181
282 2271 40 38 p.
386 2256 50 45 19½
469 2258 15 17 cm
521 2290 10 9 .
599 2253 125 56 (The
749 2254 212 45 Fondren
985 2255 192 45 lectures
1203 2256 75 44 for
1305 2257 131 55 1925)

104 2324 53 54 ©
184 2326 107 52 July
315 2324 68 52 25,
417 2323 128 52 1925;
575 2324 65 43 2c.
670 2324 89 43 and
782 2324 81 43 aff.
890 2324 121 54 Aug.
1041 2325 50 52 6;
1122 2325 44 43 A
1195 2321 190 58 861354;
1417 2327 167 44 Lamar
1611 2330 87 44 and
1729 2330 184 54 Barton,
172 2329 1903 100 Nashville.
359 2379 271 57 (25-15756)

103 2480 386 74 Münzinger,
531 2478 345 74 Friedrich,
917 2483 190 57 1884-

179 2570 690 74 Höchstdruckdampf;
908 2571 140 59 eine
1090 2573 470 76 untersuchung
1640 2577 113 58 über
1793 2577 100 60 die
1933 2579 167 60 wirt-

106 2650 410 60 schaftlichen
561 2651 130 56 und
735 2649 398 59 technischen
1181 2651 359 59 aussichten
1586 2655 113 57 der
1749 2675 353 58 erzeugung

103 2730 129 56 und
251 2731 398 69 verwertung
669 2747 124 38 von
816 2728 221 72 dampf
1063 2729 145 56 sehr
1229 2728 193 59 hoher
1450 2748 333 58 spannung
1804 2734 66 57 in
1893 2755 209 53 gross-

103 2806 338 70 betrieben,
488 2825 123 37 von
658 2805 245 73 dr.-ing.
953 2804 331 60 Friedrich
1331 2807 387 75 Münzinger.
1821 2811 119 60 Mit
1991 2815 111 56 120

105 2884 568 72 textabbildungen.
755 2883 234 73 Berlin,
1018 2884 60 58 J.
1110 2884 325 75 Springer,
1463 2887 167 57 1924.

172 2972 975 59 x p., 1 l., 140 p. illus., diagrs. 24 cm .
107 3045 55 53 ©
188 3047 113 51 Apr.
334 3044 60 50 15,
426 3044 132 53 1924;
590 3046 62 42 1c.
682 3044 122 53 Sept.
831 3044 81 53 27;
941 3044 307 54 A—Foreign
1272 3047 165 52 26913;
1468 3046 51 45 F.
1550 3049 291 55 Münzinger,
1873 3053 169 43 Berlin.

187 3100 270 58 (25-16679)

106 3203 318 72 Narodny,
459 3203 176 59 Ivan.

187 3293 130 57 The
346 3291 255 74 skygirl,
630 3311 35 38 a
691 3291 432 73 mimodrama,
1148 3293 67 57 in
1239 3294 177 58 three
1444 3298 131 57 acts
1603 3316 80 39 on
1710 3318 37 38 a
1775 3302 152 72 star,
109 3317 1961 130 prologue
315 3371 47 56 &
387 3369 285 73 epilogue
701 3389 80 38 on
806 3369 104 58 the
938 3369 209 72 earth;
1175 3372 308 58 dramatic
1512 3373 284 73 episodes
1825 3377 68 58 of
1920 3399 36 37 a
1983 3379 112 59 life

110 3449 145 72 fifty
297 3447 315 60 thousand
650 3466 186 53 years
881 3448 202 57 ahead
1122 3447 68 58 of
1232 3468 166 52 ours,
1438 3452 84 71 by
1561 3452 160 58 Ivan
1760 3454 334 75 Narodny;

111 3527 315 59 foreword
456 3525 83 71 by
571 3525 170 59 John
772 3525 75 57 D.
882 3525 344 72 Williams;
1263 3545 211 41 scenes
1513 3530 123 58 and
1670 3535 308 58 costumes
2015 3536 83 72 by

109 3604 208 57 David
343 3602 281 73 Burliuk,
655 3602 316 58 Vladimir
998 3603 360 77 Bobritsky,
1393 3604 410 64 Constantine
111 3608 1961 135 Aladjalov
248 3683 124 56 and
403 3680 75 57 N.
514 3678 362 74 Cickovsky.
949 3680 276 73 London,
1262 3681 154 58 New
1446 3683 189 77 York,
1673 3687 130 58 The
1836 3688 258 60 Britons

111 3758 361 76 publishing
496 3775 305 56 company
828 3787 13 45 [
842 3765 20 23 c
865 3758 164 74 1925]

190 3853 77 44 103
292 3867 40 38 p.
359 3849 99 47 incl.
484 3850 152 50 front.,
664 3852 18 43 1
709 3850 130 51 illus.,
864 3851 158 53 plates.
1081 3849 52 46 25½
1170 3853 46 18 cm
1222 3886 9 9 .

114 3920 52 54 ©
202 3923 105 52 July
338 3920 70 52 20,
445 3918 129 51 1925;
610 3919 64 43 2c.
711 3920 106 52 July
850 3919 78 53 28;
965 3919 79 44 aff.
1080 3920 121 53 Aug.
1239 3920 50 54 7;
1327 3923 44 42 A
1408 3923 189 56 861327;
1637 3928 35 43 I.
1711 3928 236 55 Narodny,
1983 3931 117 46 New

182 3978 142 44 York.
394 3973 270 54 (25-15777)
