2533 4412
0 0 0 0 100
394 459 291 72 Conwell,
721 459 252 58 Russell
1008 459 297 72 Herman,
1342 459 191 58 1843-

472 549 114 59 Six
610 549 216 73 nights
853 549 66 57 in
948 549 104 58 the
1084 548 254 61 Garden
1367 548 69 58 of
1466 548 435 75 Gethsemane,
1930 550 84 72 by
2041 549 253 58 Russell
2321 549 79 57 H.

395 625 2010 75 Conwell … New York, Chicago [etc.] Fleming H. Revell
392 725 308 54 company
734 736 14 44 [
751 715 18 22 c
772 707 165 73 1924]

462 783 55 46 76
538 799 40 38 p.
640 785 138 44 front.
842 785 53 44 18½
928 788 46 19 crn
982 819 9 9 .

396 841 53 55 ©
474 843 119 45 Nov.
618 843 36 51 8,
685 843 130 53 1924;
841 844 63 42 2c.
932 842 87 44 and
1045 841 79 45 aff.
1149 842 100 53 Jan.
1280 841 62 54 10,
1374 840 130 55 1925;
1533 842 44 43 A
1602 840 191 55 815521;
1823 841 212 55 Fleming
2059 843 61 44 H.
2149 841 161 46 Revell
2336 856 65 30 co.

475 899 244 56 (25-4218)

398 1000 187 71 Cook,
624 1001 242 72 Wayne
901 999 288 71 Gleason,
1229 1001 91 57 ed.

543 1092 1863 73 … Cases on Iowa practice, selected and edited by
396 1170 2012 76 Wayne G. Cook … v. 2, 3. [Iowa City] State university
398 1251 68 57 of
494 1252 189 70 Iowa,
718 1249 249 73 College
1000 1250 67 57 of
1096 1249 137 73 law,
1266 1257 17 22 c
1287 1249 167 57 1924.

461 1328 32 43 2
507 1343 42 29 v.
607 1320 56 51 27
670 1330 47 18 cm
724 1362 8 9 .

468 1383 335 53 Autographed
835 1384 122 43 from
989 1382 314 53 type-written
1335 1396 127 39 copy.

398 1457 41 29 v.
463 1442 40 52 2,
529 1439 53 55 ©
608 1442 109 43 Dec.
743 1440 68 53 24,
840 1440 130 53 1924;
997 1456 40 28 v.
1065 1441 38 51 3,
1130 1437 53 56 ©
1210 1441 110 43 Dec.
1347 1440 78 53 31;
1454 1441 64 44 2c.
1546 1439 109 45 each
1680 1440 100 53 Jan.
1811 1438 65 55 17,
1908 1438 130 55 1925;
2067 1441 103 44 affs.
2199 1441 99 53 Jan.
2330 1440 74 54 12;

468 1499 44 43 A
542 1497 180 54 815676,
752 1496 191 54 815677;
975 1498 75 44 W.
1086 1497 51 45 G.
1173 1496 141 53 Cook,
1346 1498 278 51 Davenport,
1683 1512 24 28 Ia.

399 1587 147 71 Cox,
584 1585 171 60 John
792 1584 413 74 Harrington,
1245 1586 191 58 1863-
1594 1586 92 58 ed.

479 1679 379 73 Folk-songs
898 1681 68 56 of
1002 1679 105 58 the
1148 1677 218 74 South,
1408 1678 296 59 collected
1739 1678 201 58 under
1978 1679 104 58 the
2122 1677 287 74 auspices

403 1760 67 58 of
496 1759 105 59 the
628 1757 182 59 West
833 1755 296 75 Virginia
1156 1756 294 59 folk-lore
1478 1755 240 74 society
1744 1758 125 58 and
1897 1755 209 61 edited
2129 1758 85 73 by
2240 1756 170 60 John

401 1832 2010 78 Harrington Cox … Cambridge, Harvard university
400 1935 203 53 press,
634 1915 166 59 1925.

468 1992 135 53 xxxi,
631 1995 72 52 [1],
728 1990 80 49 545
835 2009 40 37 p.
935 1991 157 55 plates,
1119 1998 155 46 ports.,
1302 1991 116 47 fold.
1444 2006 118 37 map.
1620 1992 57 46 24½c
1727 1993 29 19 m
1763 2027 9 10 .

477 2052 149 45 “Folk
655 2059 146 43 tunes,
834 2049 151 47 edited
1015 2051 60 51 by
1109 2049 120 47 Miss
1263 2048 145 53 Lydia
1441 2050 36 44 I.
1513 2048 228 46 Hinkel”:
1777 2065 40 33 p.
1869 2047 224 49 [519]—532.

401 2107 53 54 ©
486 2109 101 52 Jan.
619 2107 68 52 21,
725 2105 130 53 1925;
890 2107 65 41 2c.
988 2105 100 53 Jan.
1122 2104 78 52 22;
1237 2104 79 43 aff.
1350 2104 99 52 Jan.
1485 2104 77 51 31;
1601 2104 43 42 A
1678 2102 190 54 815862;
1906 2105 219 44 Harvard
2160 2105 249 54 university

472 2180 138 37 press.
681 2161 243 57 (25–4180)

401 2251 270 71 Cronyn,
710 2249 243 71 George
990 2243 300 75 William,
1330 2248 194 57 1888-

488 2343 122 69 ’49;
643 2361 39 37 a
710 2339 186 58 novel
925 2339 69 57 of
1026 2338 164 75 gold,
1221 2337 86 73 by
1337 2337 243 72 George
1612 2337 96 59 W.
1746 2334 270 76 Cronyn.
398 2339 1989 154 Philadelphia,
599 2420 325 57 Dorrance
956 2417 49 57 &
1037 2434 308 54 company
1378 2445 13 43 [
1394 2423 19 23 c
1416 2417 165 72 1925]

468 2497 358 55 278 p. 19½ cm .
404 2556 53 54 ©
485 2555 107 45 Feb.
621 2557 63 49 13,
716 2553 130 54 1925;
872 2554 67 44 2c.
965 2554 87 43 and
1080 2553 78 44 aff.
1188 2551 106 45 Feb.
1326 2551 73 53 16;
1430 2552 44 42 A
1502 2550 190 55 822047;
1724 2554 235 42 Dorrance
1987 2554 37 44 &
2052 2569 79 36 co.,
2162 2553 69 46 inc.

483 2610 244 59 (25-4213)

404 2697 458 74 Cunningham,
905 2696 194 59 Scott.

482 2792 60 56 A
575 2787 447 73 bibliography
1060 2787 69 57 of
1165 2786 104 58 the
1307 2785 288 72 writings
1638 2787 68 57 of
1748 2786 148 59 Carl
1936 2787 146 58 Van
2115 2788 298 73 Vechten,

404 2872 83 70 by
520 2869 176 59 Scott
731 2864 458 74 Cunningham,
1219 2862 153 60 with
1404 2884 80 39 an
1516 2868 294 56 overture
1842 2865 66 57 in
1939 2866 104 58 the
2076 2866 170 58 form
2277 2869 69 56 of
2380 2889 35 38 a

406 2946 254 60 funeral
690 2945 219 57 march
936 2946 83 69 by
1053 2943 149 59 Carl
1231 2943 144 58 Van
1403 2941 299 60 Vechten.
1787 2942 460 76 Philadelphia,
2286 2947 129 58 The

409 3027 276 58 Centaur
715 3023 163 58 book
908 3022 175 72 shop,
1114 3020 167 59 1924.

478 3103 66 53 52,
582 3102 81 47 [10]
702 3116 41 38 p.
807 3100 158 52 front.,
1000 3105 119 47 port.
1184 3099 50 44 19½
1270 3099 47 18 cm
1323 3133 8 8 .
1396 3095 115 49 [The
1551 3096 206 47 Centaur
1792 3097 364 57 bibliographies
2194 3102 55 43 of
408 3102 1986 106 modern
518 3158 251 47 American
798 3156 209 54 authors,
1034 3171 76 31 no.
1138 3156 39 48 5]

479 3218 151 44 Blank
656 3232 140 40 pages
826 3217 78 42 for
934 3213 204 47 “Future
1167 3213 272 45 collations”
1476 3214 53 53 (8
1556 3220 48 39 at
1631 3212 115 56 end)

480 3275 180 45 “Three
691 3271 218 47 hundred
938 3270 257 46 numbered
1227 3270 194 54 copies.”
1482 3269 117 46 This
1633 3285 116 39 copy
1781 3278 83 37 not
1895 3272 268 46 numbered.

409 3333 53 54 ©
492 3335 110 42 Dec.
632 3332 68 53 26,
733 3332 130 52 1924;
894 3332 64 42 2c.
990 3330 87 46 and
1107 3330 78 43 aff.
1217 3330 99 52 Jan.
1351 3331 63 50 13,
1449 3327 130 55 1925;
1612 3330 44 42 A
1686 3328 188 54 815563;
1911 3329 199 47 Centaur
2140 3332 119 45 book
2289 3333 124 54 shop.

487 3388 245 56 (25-4055)

412 3474 379 75 Cyclopedia
822 3474 68 57 of
918 3475 125 57 law
1072 3473 126 57 and
1228 3472 359 73 procedure.

487 3569 148 56 1925
672 3566 404 58 annotations
1112 3568 64 54 to
1217 3562 382 74 Cyclopedia
1635 3565 65 58 of
1735 3566 122 56 law
1890 3568 125 56 and
2049 3570 363 69 procedure.

411 3642 2007 75 1-40 Cyc … Ed. by William Howard Buchanan … under
410 3720 2005 74 the supervision of William Mack … editor-in-chief. New
409 3802 192 70 York,
631 3801 129 56 The
790 3800 339 56 American
1154 3799 123 56 law
1300 3799 161 57 book
1488 3818 334 53 company;
1854 3801 277 74 London,
408 3803 1985 134 Butterworth
642 3878 48 56 &
722 3897 107 52 co.,
863 3877 166 56 1925.

482 3951 947 56 4 p. l., ccciii-ccclxvii, 1164 p. 26 cm .
412 4011 53 54 ©
498 4012 99 52 Jan.
631 4011 65 52 24,
736 4008 130 54 1925;
901 4011 65 42 2c.
1001 4010 86 43 and
1121 4010 79 42 aff.
1237 4007 108 46 Feb.
1381 4008 49 53 7;
1468 4011 44 42 A
1547 4007 190 54 815961;
1776 4010 246 45 American
2057 4013 89 45 law
2179 4014 120 44 book
2334 4030 78 37 co.,

484 4067 247 54 Brooklyn.
