2533 4412
0 0 0 0 91
98 468 247 73 Morris,
386 468 186 73 Mary
606 466 276 74 Youngs.

177 561 279 72 Florida,
502 563 126 56 and
670 561 179 56 other
891 578 213 55 poems
1151 561 112 72 [by]
1310 559 189 72 Mary
1537 558 259 73 Youngs
1840 556 254 59 Morris.

100 638 455 72 Philadelphia,
587 638 133 57 Dor
726 656 185 40 rance
940 638 49 56 &
1020 654 305 55 company
1358 638 202 72 [c1925]

170 716 55 47 54
252 733 40 37 p.
351 717 56 44 20
410 718 47 18 cm
464 754 10 9 .
541 713 291 54 (Half-title:
867 714 365 52 Contemporary
1259 722 141 44 poets,
1434 713 76 51 17)

97 770 53 54 ©
176 773 109 42 Dec.
307 771 68 51 20,
401 771 105 43 1924;
556 771 65 42 2c.
646 770 98 52 Jan.
770 770 37 50 9,
836 768 130 53 1925;
993 769 79 43 aff.
1095 769 99 52 Jan.
1219 767 49 54 7;
1295 769 44 42 A
1365 768 188 53 814610;
1582 769 235 43 Dorrance
1842 768 37 44 &
1903 783 81 36 co.,
2010 768 82 43 inc.

175 827 243 57 (25-3784)

95 927 301 72 Mulford,
438 926 296 58 Clarence
773 926 291 70 Edward,
1105 927 190 58 1883-

176 1016 409 59 Cottonwood
625 1015 213 72 Gulch,
880 1016 84 71 by
1005 1013 296 59 Clarence
1342 1014 73 57 E.
1458 1014 301 58 Mulford.
1842 1013 251 60 Garden

100 1094 160 72 City,
291 1095 72 55 N.
395 1093 94 73 Y.,
519 1093 385 73 Doubleday,
936 1094 170 71 Page
1137 1092 50 56 &
1215 1110 324 54 company,
1571 1093 166 57 1925.

163 1169 587 55 viii p., 1 l., 340 p. 19½cm.
97 1226 53 54 ©
177 1229 100 51 Jan.
306 1228 66 50 23,
407 1226 129 54 1925;
567 1227 65 43 2c.
662 1228 87 42 and
777 1227 79 42 aff.
887 1225 107 45 Feb.
1028 1226 73 52 12;
1134 1227 44 42 A
1208 1225 190 52 823000;
1433 1225 280 53 Doubleday,
1749 1227 124 52 Page
1904 1226 38 44 &
1971 1242 67 28 co.

176 1283 242 56 (25-3847)

97 1383 292 74 Murphy,
430 1381 235 59 Robert
705 1381 332 70 Cushman,
1080 1384 188 57 1887-

173 1475 161 58 Bird
365 1475 240 58 islands
645 1474 67 57 of
749 1475 198 70 Peru;
988 1474 104 57 the
1131 1475 222 56 record
1391 1473 67 58 of
1497 1493 40 37 a
1575 1473 260 72 sojourn
1873 1493 80 38 on
1989 1474 104 58 the

98 1550 1997 75 west coast, by Robert Cushman Murphy … illustrated
98 1631 168 60 from
298 1629 433 73 photographs
765 1630 84 70 by
882 1629 105 57 the
1023 1629 244 57 author.
1343 1628 152 58 New
1525 1629 175 57 York
1734 1629 50 57 &
1816 1629 279 72 London,

99 1707 69 59 G.
205 1709 70 56 P.
313 1709 331 56 Putnam’s
686 1725 162 53 sons,
889 1707 167 56 1925.

165 1800 81 37 xx,
280 1784 82 44 362
393 1798 40 39 p.
494 1783 150 50 front.,
681 1782 117 44 illus.
825 1782 178 54 (maps)
1046 1782 157 53 plates,
1238 1782 167 54 diagrs.
1462 1782 56 45 24
1524 1784 48 19 cm
1576 1817 11 11 .

167 1840 262 44 Illustrated
462 1839 339 54 lining-papers.

169 1897 148 44 Based
343 1910 119 39 upon
488 1896 74 44 the
591 1896 162 43 results
781 1895 53 44 of
858 1911 57 27 an
941 1895 257 52 expedition
1225 1896 145 43 under
1396 1895 74 45 the
1499 1895 204 53 auspices
1732 1896 52 45 of
1811 1896 74 44 the
98 1897 1977 109 Brooklyn
203 1968 216 36 museum,
452 1951 276 54 September,
763 1951 121 53 1919,
913 1959 47 36 to
989 1950 253 55 February,
1275 1951 118 45 1920.
1454 1952 58 53 cf.
1546 1952 126 45 Pref.

169 2009 128 46 “List
325 2009 52 50 of
407 2008 75 46 the
515 2008 218 54 principal
766 2008 233 45 literature
1031 2008 236 45 consulted
1297 2008 165 54 during
1494 2008 74 46 the
1603 2008 288 54 preparation
1923 2008 52 47 of
2005 2009 90 46 this

97 2066 172 45 book”:
303 2081 40 38 p.
377 2065 206 46 347-352.

100 2120 1995 56 © Jan. 23, 1925; 2c. Jan. 26; aff. Feb. 6; A 815959; R. C. Murphy, ℅ G. P.
170 2179 231 44 Putnam’s
430 2194 118 37 sons,
576 2179 118 43 New
722 2179 143 43 York.
934 2176 244 56 (25-3972)

99 2262 308 73 Newlove,
444 2264 242 72 George
720 2261 208 59 Hillis.

178 2352 1850 74 Specialized accounting, by George Hillis Newlove …
101 2430 1993 76 and Lester Amos Pratt … 1st ed. New York [etc.]
99 2509 451 59 McGraw-Hill
574 2510 159 56 book
759 2528 322 53 company,
1108 2510 137 72 inc.,
1272 2510 165 57 1925.

173 2589 64 54 xi,
263 2588 81 47 475
371 2604 40 39 p.
473 2587 116 46 illus.
620 2588 197 55 (forms)
853 2588 168 54 diagrs.
1081 2589 53 44 23½
1169 2590 47 18 cm
1223 2625 9 9 .
1347 2587 127 55 $4.00

180 2647 293 52 “Appendix;
501 2647 226 50 questions
756 2647 86 43 and
870 2645 281 54 problems”:
1178 2661 40 38 p.
1245 2645 207 45 287-466.

101 2700 53 54 ©
179 2703 99 52 Jan.
303 2703 69 51 28,
400 2700 130 54 1925;
558 2703 64 43 2c.
649 2703 100 52 Jan.
775 2702 77 53 30;
880 2703 79 44 aff.
987 2703 108 44 Feb.
1120 2703 52 52 2;
1202 2704 44 42 A
1275 2702 188 53 814879;
1497 2702 347 45 McGraw-Hill
1869 2704 122 44 book
2015 2719 83 38 co.,

171 2759 83 43 inc.
323 2756 242 57 (25-3638)

102 2844 268 73 Nugent,
407 2843 380 60 Rosamund.

180 2934 261 59 Cobweb
476 2934 235 73 palace,
746 2935 84 71 by
864 2935 364 57 Rosamund
1263 2935 269 73 Nugent.
1608 2936 153 57 New
1793 2937 193 73 York,
2022 2938 74 56 D.

100 3011 317 72 Appleton
449 3012 123 57 and
602 3031 321 54 company,
953 3013 167 57 1925.

176 3091 494 53 2 p. l. , 349, [1] p. 19½cm.
102 3144 53 54 ©
187 3146 106 44 Feb.
324 3146 38 52 6,
398 3146 129 54 1925;
558 3148 65 42 2c.
656 3149 87 42 and
775 3148 78 43 aff.
886 3146 108 46 Feb.
1026 3148 50 53 9;
1110 3148 44 42 A
1186 3146 189 55 814953;
1411 3148 56 43 D.
1500 3148 230 54 Appleton
1763 3149 37 44 &
1831 3164 67 29 co.

182 3203 243 55 (25-3943)

104 3288 194 72 Pank,
336 3288 218 74 Oskar,
591 3291 189 57 1838-

183 3382 1919 77 Lenten sermons, by Dr. Oskar Pank … translated by
107 3459 1992 75 John W. Richards … Philadelphia, The United Lutheran
107 3538 382 71 publication
514 3539 195 58 house
738 3569 12 43 [
752 3547 19 21 c
775 3539 148 56 1925]

181 3614 76 46 155
285 3632 40 37 p.
384 3616 53 44 20½
473 3618 46 18 cm
527 3656 9 8 .

105 3669 54 53 ©
187 3670 108 44 Feb.
322 3671 40 51 4,
394 3670 129 52 1925;
552 3670 65 43 2c.
645 3671 89 43 and
759 3670 79 43 aff.
868 3669 106 44 Feb.
1004 3671 24 44 9;
1086 3671 44 42 A
1160 3669 188 51 814956;
1383 3671 152 44 Board
1562 3673 51 44 of
1642 3672 275 53 publication
1945 3675 53 45 of
2025 3676 75 44 the

175 3727 171 43 United
372 3727 230 47 Lutheran
628 3726 168 43 church
824 3727 44 42 in
895 3727 224 51 America,
1150 3726 325 53 Philadelphia.
1544 3728 244 58 (25-3978)

106 3810 478 73 Pennsylvania.
667 3812 305 73 Superior
1010 3817 191 53 court.

106 3903 1991 158 Pennsylvania Superior court reports, v. 83, containing cases decided … Reported by Albert B. Weimer,
