2533 4412
0 0 0 0 406
394 417 270 72 Garrett,
699 416 298 73 William,
1032 420 190 57 1890-

470 507 1929 73 Doctor Ricardo, by William Garrett … London,
393 587 398 58 Hutchinson
823 585 49 60 &
903 606 85 38 co.
1026 587 183 74 [1925]

463 677 518 56 2 p. l., 7-288 p. 19½cm.
397 747 2001 56 © 1c. Apr. 3, 1925; A ad int. 6800; pubd. Mar. 20; D. Appleton & co., New
466 806 144 45 York
679 806 243 55 (25-8376)

397 921 291 72 Graham,
731 921 232 72 Harry,
1005 923 190 57 1874-

474 1008 1929 74 The last of the Biffins, by Harry Graham … London,
396 1089 300 59 Methuen
721 1089 49 58 &
795 1109 108 52 co.,
928 1089 110 57 ltd.
1070 1088 184 74 [1925]

465 1197 46 37 X,
538 1181 84 44 260
649 1195 41 39 p.
753 1180 143 43 front.
961 1180 49 45 19½cm.
1226 1178 83 48 7/6

398 1249 2002 56 © 1c. Apr. 16, 1925; A ad int. 6845; pubd. Feb. 19; H. Graham, London.
476 1308 245 55 (25-8913)

396 1423 253 70 Greene,
683 1422 167 75 Amy
882 1421 293 60 Blanche.

474 1516 824 75 Handbook-bibliography
1331 1538 81 38 on
1443 1516 251 74 foreign
1725 1519 310 70 language
2070 1533 237 56 groups
2340 1513 67 57 in

396 1597 103 58 the
528 1597 236 58 United
792 1596 214 59 States
1037 1599 124 56 and
1191 1594 274 74 Canada,
1497 1594 307 74 compiled
1827 1598 84 70 by
1936 1595 167 72 Amy
2128 1594 277 59 Blanche

398 1674 240 60 Greene
668 1677 124 56 and
819 1674 302 58 Frederic
1148 1674 74 57 A.
1253 1674 220 73 Gould,
1502 1676 104 56 for
1632 1675 102 57 the
1768 1672 369 60 Committee
2167 1693 78 37 on
2271 1692 135 40 new

398 1753 370 58 Americans
804 1753 68 57 of
904 1753 105 57 the
1044 1751 201 59 Home
1278 1752 297 58 missions
1614 1753 239 57 council
1885 1754 125 56 and
2047 1750 257 60 Council
2339 1751 67 58 of

396 1849 238 41 women
702 1832 105 56 for
872 1832 179 56 home
1116 1830 315 58 missions.
1534 1831 151 56 New
1753 1830 191 71 York,
2015 1829 257 60 Council
2339 1832 68 56 of

397 1930 239 38 women
692 1910 107 57 for
857 1909 177 58 home
1091 1908 296 58 missions
1447 1909 125 58 and
1631 1907 388 73 Missionary
2079 1907 328 60 education

397 1993 352 54 movement
780 2017 13 45 [
793 1996 20 21 c
817 1988 165 74 1925]

470 2082 80 45 160
576 2097 40 38 p.
680 2082 52 45 19½c
782 2083 30 18 m
819 2117 8 8 .

401 2149 53 54 ©
490 2152 119 42 Mar.
647 2149 63 53 17,
746 2148 104 45 1925;
910 2149 64 43 2c.
1007 2149 88 43 and
1126 2149 79 43 aff.
1241 2149 119 43 Mar.
1394 2147 78 53 27;
1509 2148 44 43 A
1587 2146 189 55 822621;
1815 2146 188 46 Council
2032 2149 53 43 of
2118 2164 176 29 women
2329 2150 74 44 for

469 2207 136 44 home
643 2207 209 43 missions
892 2205 89 44 and
1020 2204 283 52 Missionary
1344 2204 240 44 education
1622 2212 256 37 movement
1920 2205 50 45 of
2009 2205 78 45 the
2124 2207 59 44 U.
2228 2205 45 48 S.
2316 2208 87 43 and

473 2263 196 52 Canada,
705 2264 118 43 New
857 2263 143 43 York.
1070 2260 244 56 (25-8349)

398 2378 301 74 Gregory,
731 2376 196 59 Olive.

478 2468 1928 75 The spice of life, by Olive Gregory … London, John
397 2552 170 57 Lane
600 2551 182 74 [1925]

471 2642 518 56 4 p. l., 306 p. 19 cm .
400 2707 2004 59 © 1c. Apr. 8, 1925; A ad int. 6805; pubd. Feb. 10; O. Gregory, ℅ John
475 2771 137 51 Lane,
638 2768 100 44 The
767 2769 173 51 Bodley
970 2767 148 51 Head,
1146 2766 93 51 ltd.,
1270 2766 201 44 London.
1541 2764 243 56 (25-8595)

406 2882 267 72 Halban,
716 2880 197 73 Josef,
954 2881 153 57 1870-
1303 2880 74 57 ed.

482 2974 283 73 Biologie
798 2974 130 56 und
958 2971 361 72 pathologie
1357 2972 109 56 des
1498 2971 228 57 weibes;
1797 2971 99 57 ein
1930 2971 330 58 handbuch
2294 2975 115 56 der

404 3051 563 60 frauenheilkunde
1001 3051 130 56 und
1164 3048 435 74 geburtshilfe.
1675 3048 208 58 Unter
1911 3049 325 59 mitarbeit
404 3051 1981 153 hervorragender

405 3125 1998 155 fachmänner hrsg. von prof. dr. Josef Halban … und prof. dr. Ludwig Seitz … 3. bd. … Berlin,
404 3289 202 71 Wien,
635 3286 221 58 Urban
884 3284 48 56 &
963 3283 545 71 Schwarzenberg,
1542 3283 165 55 1924.

474 3378 81 52 xii,
586 3375 106 45 1326
720 3390 39 37 p.
820 3374 115 43 illus.
963 3373 127 53 (part
1119 3371 109 54 col.)
1267 3372 140 51 plates
1450 3372 126 53 (part
1604 3371 110 54 col.)
1752 3372 167 52 diagrs.
1948 3372 128 54 (part
2104 3374 109 54 col.)
2280 3373 54 44 27
2342 3377 47 19 cm
2395 3409 8 9 .

404 3440 1980 116 © Oct. 16, 1924; 1c. Mar. 12, 1925; A—Foreign 27057; Urban & Schwarzenberg.
426 3618 342 70 [Hamilton,
798 3619 152 55 Mrs.
983 3615 186 71 Mary
1195 3612 215 73 Agnes
1450 3611 404 78 (Adamson)]
1889 3615 147 58 1883-

484 3713 59 58 J.
612 3710 281 69 Ramsay
958 3704 394 60 MacDonald
1431 3703 401 72 (1923-1925)
1907 3705 85 74 by
2056 3707 348 61 Iconoclast

409 3790 249 75 [pseud.]
741 3787 281 68 London,
1050 3785 70 57 L.
1152 3784 278 57 Parsons
1466 3782 183 73 [1925]

477 3875 743 60 191 p. front. (port.) 19 cm .
407 3944 1995 64 © 1c. Mar. 25, 1925; A ad int. 6829; pubd. Feb. 19; Thomas Seltzer, inc.,
479 4012 117 43 New
626 4008 143 44 York.
839 4002 243 58 (25-9051)
