2533 4412
1283 4059 147 66 1560

363 371 285 69 Weaver,
689 371 274 59 Warren
999 371 75 58 A.

360 460 1990 138 Lithographs of N. Currier and Currier & Ives, by Warren A.
595 540 289 59 Weaver.
969 540 154 58 New
1142 541 191 72 York,
1361 540 276 73 Holport
1661 543 368 73 publishing
2052 563 86 40 co.
2170 574 12 43 [
2185 552 19 23 c
2207 546 165 75 1925]

431 629 851 56 7 p. l., 17-159 p. plates. 23½ cm .
432 703 149 44 Blank
609 717 137 39 pages
775 704 77 43 for
879 703 298 45 “Additional
1204 703 148 54 prints
1382 704 142 45 found
1553 706 79 43 but
1658 714 80 36 not
1765 706 237 44 contained
2032 707 45 42 in
2108 706 89 45 this
2226 708 147 44 book”

367 759 246 56 (148-159)

362 830 54 55 ©
443 833 108 44 Dec.
578 831 38 54 7,
644 831 132 54 1925;
802 832 65 45 2c.
893 833 88 43 and
1008 832 79 45 aff.
1115 833 110 44 Dec.
1257 832 74 53 10;
1359 833 44 44 A
1429 832 192 55 875461;
1651 834 203 53 Holport
1879 834 100 53 pub.
2008 849 67 31 co.

440 887 274 57 (25-27875)

359 1001 235 73 Wehle,
630 1002 290 60 Gerhard
954 1003 69 57 F.

435 1095 119 60 Die
597 1096 192 60 kunst
832 1095 112 59 der
989 1095 517 74 improvisation;
1555 1096 100 60 die
1699 1095 393 62 technischen
357 1102 1987 145 grundlagen

604 1192 140 39 zum
804 1173 462 73 stilgerechten,
1326 1173 504 60 künstlerischen
1888 1175 484 73 improvisieren

357 1253 161 58 nach
567 1254 121 57 den
738 1249 565 76 grundprinzipien
1354 1255 108 57 des
1512 1251 471 74 klaviersatzes,
2037 1257 185 55 unter
360 1256 1988 132 besonderer
714 1327 596 75 berücksichtigung

1360 1333 110 56 des
1522 1329 397 74 Volksliedes,
1975 1330 396 60 ausführlich

362 1406 2011 61 erläutert von Gerh. F. Wehle … 1. t . Die harmonielehre
358 1486 87 57 im
471 1486 399 57 klaviersatz.
941 1485 291 58 Münster
1260 1486 40 56 i.
1329 1485 118 74 W.,
1478 1486 74 57 E.
1584 1486 288 74 Bisping,
1905 1488 167 56 1925.

428 1574 1944 57 xxxi, 271 p. illus. (music) 24 ½ cm . (On cover: Musikbücherei Bisping.
356 1650 67 32 nr.
448 1636 29 43 2
478 1637 19 18 a
505 1636 18 51 )

428 1705 255 52 “Anhang:
713 1702 272 55 Sammlung
1008 1720 91 31 von
1125 1702 507 49 volksliedmelodien”:
1658 1723 42 28 v.
1730 1710 35 47 1,
1791 1719 41 39 p.
1861 1704 237 51 [256]-271.

760 1783 35 36 CONTENTS.—I.
827 1774 88 47 Die
947 1774 368 47 harmonielehre
1350 1774 64 46 im
1444 1774 290 54 klaviersatz,
1769 1790 72 39 op.
1873 1777 96 45 21a.

357 1842 1683 56 © Sept. 9, 1925; 1c. Nov. 7; A —Foreign 29142; Ernst Bisping.
436 1900 246 54 (26-1949)

358 1999 382 76 Woodbury,
785 1999 260 61 Charles
1086 1999 290 75 Herbert,
1420 2001 192 59 1864-

433 2093 130 58 The
606 2096 103 55 art
750 2092 67 60 of
861 2093 244 72 seeing;
1145 2093 241 57 mental
1426 2091 285 74 training
1751 2093 278 73 through
2068 2094 304 73 drawing,

352 2172 84 72 by
463 2171 262 59 Charles
751 2171 283 58 Herbert
1053 2171 388 73 Woodbury,
1522 2218 10 12 N.
1603 2218 33 27 A.,
1663 2172 125 57 and
1814 2172 333 58 Elizabeth
2170 2173 203 59 Ward

353 2250 286 58 Perkins.
741 2250 152 58 New
938 2250 191 74 York,
1180 2248 273 77 Chicago
1504 2253 147 71 [etc.]
1702 2249 65 60 C.
1819 2249 358 61 Scribner’s
2225 2270 145 40 sons

355 2360 13 43 [
372 2338 17 23 c
394 2331 164 72 1925]

425 2408 82 52 xii,
527 2408 86 44 290
634 2422 39 38 p.
735 2407 154 53 front.,
913 2407 117 45 illus.
1090 2409 51 42 21
1152 2411 47 17 cm
1207 2443 7 8 .

356 2464 53 54 ©
434 2468 110 42 Dec.
570 2464 37 53 5,
637 2464 130 54 1925;
793 2465 66 44 2c.
885 2466 109 43 Dec.
1027 2464 74 53 17;
1130 2465 79 43 aff.
1238 2465 111 43 Dec.
1375 2466 50 51 8;
1453 2464 44 43 A
1526 2463 191 54 875522;
1748 2463 191 46 Charles
1972 2463 250 48 Scribner’s
2250 2481 117 29 sons.

435 2520 273 57 (25-27876)

355 2625 335 71 Woodson,
735 2624 225 59 Carter
994 2622 283 73 Godwin,
1318 2625 191 58 1875-

432 2716 163 58 Free
631 2734 196 54 negro
866 2715 197 58 heads
1102 2714 68 58 of
1206 2713 278 59 families
1521 2714 66 57 in
1626 2714 105 58 the
1768 2713 240 60 United
2049 2714 214 58 States
2301 2714 64 58 in

355 2796 167 73 1830,
560 2795 290 73 together
886 2793 153 59 with
1074 2814 36 37 a
1144 2792 171 59 brief
1348 2795 344 56 treatment
1729 2792 71 59 of
1832 2792 106 58 the
1975 2792 138 59 free
2150 2811 216 55 negro,

352 2870 1987 140 by Carter G. Woodson … Washington, D. C., The Association for
747 2951 105 58 the
882 2952 190 71 study
1099 2951 69 57 of
1192 2968 196 54 negro
1415 2948 114 59 life
1559 2949 125 58 and
1711 2949 268 74 history,
2008 2949 117 58 inc.
2159 2980 14 44 [
2173 2958 20 22 c
2197 2951 165 73 1925]

419 3032 109 52 lviii,
555 3031 85 45 296
668 3046 39 38 p.
768 3029 53 46 25½
858 3033 47 17 cm
912 3065 8 8 .

427 3089 208 47 “Second
659 3087 53 46 of
734 3103 25 28 a
787 3088 139 43 series
952 3087 50 44 of
1027 3088 326 50 documentary
1380 3087 171 42 studies
1578 3086 51 44 of
1655 3085 75 46 the
1756 3086 96 44 free
1876 3099 142 38 negro
2043 3084 216 55 provided
2287 3085 75 45 for

351 3140 2011 60 by a grant … from the Laura Spelman Rockefeller memorial in 1921.”—
351 3203 262 45 Foreword.

423 3258 385 54 Bibliographical
840 3258 263 44 foot-notes.

351 3315 56 53 ©
439 3317 119 43 Nov.
594 3315 63 52 19,
695 3313 130 53 1925;
857 3314 66 44 2c.
956 3313 110 44 Dec.
1098 3314 49 49 8;
1184 3313 79 43 aff.
1298 3313 111 43 Dec.
1445 3311 74 51 10;
1555 3313 46 42 A
1632 3310 190 54 875464;
1859 3311 292 45 Association
2185 3312 76 44 for
2291 3312 74 44 the

425 3374 134 52 study
587 3372 50 44 of
665 3386 142 38 negro
837 3371 80 43 life
946 3371 37 43 &
1009 3369 192 53 history,
1232 3369 83 44 inc.
1385 3367 272 56 (25-27636)

354 3471 223 74 Wylie,
615 3472 278 57 Andrew
930 3472 304 71 Tennant,
1275 3472 190 56 1881-

434 3560 1932 75 The opposites test, by Andrew Tennant Wylie … New
353 3642 174 56 York
563 3642 143 71 city,
745 3641 313 57 Teachers
1097 3640 249 71 college,
1386 3638 324 59 Columbia
1746 3637 374 72 university,
2159 3638 165 56 1925.

423 3718 92 53 xiv,
544 3718 54 43 94
627 3731 38 38 p.
725 3717 144 45 tables
909 3718 126 53 (part
1066 3716 137 52 fold.)
1266 3717 55 43 23½
1357 3719 47 18 cm
1411 3751 7 8 .
1488 3713 255 54 (Teachers
1776 3715 187 53 college,
1997 3713 238 45 Columbia
352 3714 1988 113 university.

596 3774 342 45 Contributions
969 3783 49 35 to
1047 3772 249 52 education,
1327 3788 71 28 no.
1433 3771 105 55 170)

426 3831 247 45 Published
701 3833 96 42 also
827 3847 48 27 as
904 3830 140 44 thesis
1083 3833 106 50 (PH.
1250 3830 35 53 D.)
1324 3829 238 44 Columbia
1590 3828 264 53 university,
1888 3826 118 46 1925.

425 3887 354 53 Bibliography:
811 3902 41 38 p.
883 3888 152 44 93-94.

354 3944 52 53 ©
438 3946 101 43 Oct.
570 3945 65 44 28,
671 3942 129 52 1925;
833 3944 65 43 2c.
931 3944 119 45 Nov.
1079 3943 78 51 28;
1191 3943 79 43 aff.
1303 3943 119 43 Nov.
1454 3942 78 51 21;
1568 3942 44 45 A
1642 3939 189 54 872640;
1865 3940 57 44 A.
1953 3938 54 45 T.
2038 3938 169 53 Wylie,
2240 3935 122 54 Vail,

425 4002 58 50 N.
519 4002 26 61 J.
629 3998 273 61 (25-24918)
