2533 4412
1283 4085 151 54 1314

444 501 28 41 2
496 514 40 38 p.
596 534 9 15 l.,
639 499 78 45 147
744 514 40 38 p.
846 499 153 53 front.,
1027 515 58 39 pl.
1150 501 50 44 19
1205 502 47 18 cm
1259 540 8 7 .

375 553 53 53 ©
458 556 120 52 Aug.
613 556 34 51 1,
683 554 129 53 1925;
844 557 66 42 2c.
942 557 88 43 and
1060 558 79 42 aff.
1174 556 121 54 Sept.
1326 559 50 51 4;
1411 559 43 41 A
1485 559 191 53 861687;
1711 562 53 41 R.
1796 562 39 52 J.
1870 563 239 51 Martinez,
2143 565 117 43 New
445 566 1917 89 Orleans.

650 610 271 56 (25-22758)

374 711 241 72 Mason,
654 711 284 74 Alpheus
979 712 288 59 Thomas.

452 805 355 75 Organized
846 808 179 57 labor
1068 811 123 56 and
1231 810 104 56 the
1374 810 138 72 law,
1553 810 151 58 with
1747 813 271 72 especial
2059 814 321 60 reference

372 889 62 55 to
472 887 104 57 the
614 886 309 59 Sherman
958 889 124 57 and
1120 887 268 73 Clayton
1423 891 152 69 acts,
1610 892 84 69 by
1728 890 284 73 Alpheus
2050 892 68 57 T.
2154 891 228 59 Mason

440 963 1674 77 … Durham, N. C., Duke university press, 1925.
517 1039 1565 59 x, 265 p. 20½ cm . (Half-title: Duke university publications)
442 1097 421 53 “Bibliographical
894 1099 161 45 note”:
1089 1115 40 35 p.
1178 1097 226 49 [249]-251.

370 1151 52 53 ©
450 1154 102 43 Oct.
576 1153 67 52 20,
673 1152 129 53 1925;
830 1154 64 42 2c.
921 1154 86 42 and
1032 1155 79 41 aff.
1140 1154 102 44 Oct.
1267 1154 78 52 24;
1375 1154 45 42 A
1446 1155 189 52 869891;
1667 1157 132 43 Duke
1826 1157 132 51 univ.,
1990 1158 219 52 Durham,
2239 1160 62 43 N.
2331 1158 48 46 C.

449 1208 271 56 (25-22507)

370 1309 298 71 Maurice,
709 1310 249 58 Arthur
998 1311 291 57 Bartlett.

507 1450 10 10 O.
570 1403 242 73 Henry,
864 1404 83 72 by
996 1404 250 58 Arthur
1295 1404 283 59 Bartlett
1627 1405 301 59 Maurice.
2039 1407 341 75 Asheville,

372 1483 72 55 N.
480 1481 84 74 C.,
597 1482 387 72 Doubleday,
1017 1482 172 74 Page
1223 1483 47 56 &
1301 1502 324 55 company,
1659 1485 108 57 for
1856 1533 11 10 O.
1901 1485 226 73 Henry
371 1505 1984 112 memorial

524 1560 401 72 association,
960 1562 166 56 1925.

442 1638 60 51 ix,
533 1636 54 45 56
613 1652 40 38 p.
715 1638 52 43 19
790 1640 29 18 cm
826 1673 9 8 .

368 1692 52 54 ©
452 1694 120 52 Sept.
600 1694 67 52 28,
699 1693 130 54 1925;
861 1695 63 42 2c.
954 1695 88 43 and
1069 1695 79 43 aff.
1180 1696 100 43 Oct.
1310 1695 77 51 21;
1421 1696 43 41 A
1492 1694 190 53 873001;
1717 1696 54 43 O.
1803 1697 163 52 Henry
1994 1698 236 43 memorial
2260 1713 117 28 assn.

447 1749 270 56 (25-22411)

368 1838 166 72 May,
575 1838 303 73 Margery
911 1837 196 59 Land.

443 1928 89 57 To
571 1928 130 56 him
738 1927 139 60 that
913 1928 326 74 knocketh,
1277 1930 84 71 by
1399 1929 304 73 Margery
1739 1929 182 59 Land
1957 1930 168 73 May.
2208 1930 166 74 [New

364 2006 190 73 York,
584 2005 268 61 Printed
878 2008 85 71 by
990 2006 398 74 Zincograph
1417 2025 327 56 company,
1773 2016 18 23 c
1796 2009 165 73 1925]

431 2085 637 56 3 p. l., 11-315 p. 15½cm.
366 2143 52 53 ©
449 2145 101 43 Oct.
577 2143 68 52 27,
678 2142 131 53 1925;
839 2144 64 42 2c.
932 2145 87 42 and
1047 2145 79 42 aff.
1159 2145 100 43 Oct.
1290 2145 76 48 31;
1400 2145 43 41 A
1473 2143 189 53 872242;
1696 2145 64 42 M.
1793 2145 48 41 L.
1875 2145 65 43 M.
1972 2144 176 48 Foster,
435 2144 1918 109 Shreveport,

627 2216 37 28 La.
736 2199 271 55 (25-22381)

367 2289 148 57 Men
545 2288 68 57 of
647 2287 354 59 California;
1064 2292 272 54 western
1369 2288 446 72 personalities
1851 2289 122 57 and
2007 2289 169 57 their
441 2288 1906 152 affiliations,

707 2367 153 58 with
899 2368 139 58 club
1075 2366 458 74 memberships
1576 2368 123 56 and
1742 2368 153 57 civic
1938 2368 433 71 associations,

439 2444 365 60 illustrated
841 2446 224 58 record
1102 2447 68 58 of
1203 2463 162 51 men,
1401 2444 152 59 with
1587 2445 345 72 biographs
1970 2445 69 58 of
2076 2443 164 61 their
439 2465 1909 117 activities.

784 2523 128 59 San
952 2524 359 72 Francisco,
1354 2525 123 57 Los
1519 2523 295 73 Angeles,
1854 2522 296 59 Western
2190 2542 181 54 press

440 2604 308 72 reporter,
777 2601 117 62 inc.
928 2632 13 43 [
944 2608 18 23 c
966 2602 165 73 1925]

430 2679 872 53 206, [10] p. illus. (ports.) 26 cm .
432 2739 102 45 “W.
577 2739 49 46 C.
668 2737 174 52 Wolfe,
881 2736 247 53 managing
1166 2735 164 48 editor,
1370 2739 44 43 in
1454 2736 331 46 collaboration
1824 2736 111 45 with
1977 2736 281 45 assistants.”

363 2791 52 54 ©
451 2794 103 43 Oct.
589 2793 38 52 2,
665 2791 130 52 1925;
830 2793 66 42 2c.
935 2793 102 43 Oct.
1077 2792 74 52 12;
1189 2792 78 43 aff.
1306 2792 101 43 Oct.
1448 2792 73 52 10;
1560 2793 43 41 A
1639 2792 189 50 869334;
1869 2793 75 42 W.
1983 2791 48 44 C.
2069 2791 172 52 Wolfe,
2282 2792 88 44 Los

431 2849 215 54 Angeles.
716 2847 272 56 (25-22361)

362 2933 299 71 Mitchell,
699 2936 154 55 Mrs.
888 2933 183 57 Anne
1108 2932 383 74 Templeton,
1532 2934 148 57 1859–

436 3025 129 57 The
600 3025 264 59 Indians
900 3026 124 57 and
1058 3025 104 57 the
1197 3024 120 73 oki,
1355 3044 37 37 a
1428 3027 178 68 story
1642 3025 68 56 of
1745 3024 102 58 old
1880 3025 243 57 France
2161 3022 61 58 in
2259 3024 105 57 the

357 3102 153 59 New
555 3104 215 70 world,
818 3105 84 71 by
945 3103 77 57 A.
1072 3103 371 71 Templeton
1490 3102 298 58 Mitchell.
1874 3100 292 75 Chicago,
2213 3102 151 57 New

354 3181 1451 75 York, Row, Peterson and company [ c 1925]
426 3261 884 55 vi, 282 p. incl. front., illus. 19 cm .
359 3318 52 53 ©
445 3320 101 43 Oct.
581 3320 37 50 8,
655 3317 129 53 1925;
816 3319 65 42 2c.
917 3319 86 42 and
1035 3319 79 42 aff.
1149 3319 101 43 Oct.
1286 3318 74 50 12;
1396 3319 43 41 A
1472 3317 189 51 869343;
1700 3318 126 47 Row,
1864 3318 219 42 Peterson
2117 3317 38 43 &
2186 3331 65 28 co.

437 3374 270 56 (25-22398)

360 3462 283 70 Morgan,
689 3460 258 59 Charles
987 3459 288 70 Herbert,
1319 3463 148 55 1852–

431 3552 177 72 Busy
641 3554 284 69 people’s
961 3552 179 57 Bible
1178 3571 238 52 course,
1449 3552 195 57 based
1681 3570 79 38 on
1792 3550 105 60 the
1937 3547 265 61 Scofield
358 3548 1980 141 reference

601 3626 1761 78 Bible, by Rev. Charles H. Morgan, PH. D.; 52 brief
353 3705 1984 140 lessons cover a year. 520 questions and 27 chart illustrations … New
867 3787 190 73 York,
1089 3787 245 59 Oxford
1358 3786 356 72 university
1739 3804 202 54 press,
1972 3785 167 57 1925.

427 3868 79 43 142
534 3882 39 38 p.
635 3867 116 44 illus.
791 3867 17 53 (incl.
953 3867 152 53 maps)
1145 3866 167 53 diagrs.
1375 3868 26 41 21½
1462 3867 46 18 cm
1517 3901 7 8 .

357 3923 52 53 ©
443 3925 101 43 Oct.
575 3922 67 53 25,
678 3921 130 54 1925;
842 3924 63 43 2c.
939 3925 87 42 and
1057 3924 78 43 aff.
1171 3925 102 43 Oct.
1306 3923 77 52 30;
1419 3924 43 41 A
1494 3920 188 53 869815;
1720 3921 186 44 Oxford
1938 3920 248 51 university
2219 3932 141 38 press,

427 3982 246 42 American
701 3980 182 49 branch,
917 3980 117 43 New
1065 3981 142 43 York.
1278 3977 270 57 (25-22273)
