2533 4412
1038 4175 110 59 727

94 414 206 72 Patty,
342 412 292 74 Virginia
674 413 64 60 C.

161 487 1855 75 Hats and how to make them, by Virginia C. Patty …
95 567 286 73 Chicago,
411 568 151 57 New
589 568 188 73 York,
807 568 183 58 Rand
1017 567 293 71 McNally
1336 567 48 58 &
1410 585 306 54 company
1746 596 13 43 [
1759 576 20 21 c
1783 568 165 72 1925]

159 644 81 54 xii,
270 646 76 44 194
373 660 39 38 p.
473 645 82 44 col.
585 645 152 51 front.,
765 645 128 52 illus.,
920 645 81 45 col.
1029 660 73 39 pl.,
1129 645 168 53 diagrs.
1357 645 50 42 21½
1445 647 46 17 cm
1498 679 8 8 .

163 702 354 44 “References”:
547 717 39 38 p.
622 701 90 45 188.

93 756 53 54 ©
171 760 114 51 June
311 759 66 52 30,
406 758 129 53 1925;
563 761 63 42 2c.
652 760 106 52 July
784 761 49 50 3;
861 759 77 46 aff.
964 760 106 52 July
1094 759 49 52 6;
1173 761 41 41 A
1241 757 190 54 855773;
1462 759 131 42 Rand
1621 757 221 52 McNally
1869 758 35 42 &
1929 772 64 28 co.

169 815 269 54 (25-12368)

93 884 211 73 Pettit,
347 885 219 73 Henry
603 885 207 72 Sloan,
854 888 188 57 1880-

171 963 277 72 Fidelity
489 963 124 58 and
656 968 217 67 surety
911 964 166 57 bond
1120 963 220 73 digest,
1385 964 85 70 by
1509 962 222 72 Henry
1776 961 61 59 S.
1882 962 202 58 Pettit

94 1041 124 58 and
244 1040 184 58 Allen
457 1039 363 74 Caruthers,
850 1041 80 72 jr.
998 1041 154 57 New
1175 1041 190 70 York,
1397 1041 131 57 The
1555 1040 276 58 Eastern
91 1041 1969 135 underwriter

341 1137 87 38 co.
468 1149 13 43 [
482 1125 21 24 c
505 1119 165 73 1925]

160 1192 515 55 3 p. l., 83 p. 17½ cm .
162 1250 211 44 Lettered
399 1265 59 29 on
486 1265 160 30 cover:
677 1249 96 45 For
800 1251 191 44 brokers
1021 1252 88 43 and
1137 1258 171 46 agents.

91 1304 53 54 ©
169 1308 114 51 June
307 1306 69 52 26,
407 1304 128 54 1925;
565 1309 63 42 2c.
658 1308 86 43 and
770 1307 78 43 aff.
876 1308 106 52 July
1049 1324 8 36 1;
1086 1309 42 41 A
1157 1308 188 48 829968;
1375 1308 62 42 H.
1470 1308 44 46 S.
1545 1309 140 42 Pettit
1713 1309 86 42 and
1828 1307 135 44 Allen
161 1307 1897 107 Caruthers,

381 1362 71 53 jr.,
483 1363 118 44 New
630 1364 142 43 York.
842 1363 270 54 (25-12466)

92 1432 160 73 Pier,
290 1433 245 58 Arthur
575 1433 353 73 Stanwood,
971 1436 150 57 1874–

169 1508 326 61 Confident
521 1511 321 73 morning;
872 1531 39 38 a
936 1512 201 71 novel,
1166 1513 84 71 by
1275 1513 245 56 Arthur
1553 1512 336 59 Stanwood
1918 1514 166 57 Pier.

92 1587 238 58 Boston
366 1590 124 56 and
522 1590 152 57 New
705 1589 189 73 York,
930 1589 342 73 Houghton
1307 1591 215 56 Mifflin
1559 1609 322 53 company,
1919 1593 166 55 1925.

162 1664 538 55 3 p. l., 325 p. 19½cm.
87 1722 57 54 ©
173 1724 107 54 July
313 1724 62 51 10,
412 1724 129 53 1925;
575 1727 63 41 2c.
669 1725 107 53 July
809 1727 74 52 13;
916 1726 77 43 aff.
1027 1725 106 53 July
1169 1728 72 49 11;
1277 1727 44 42 A
1349 1725 190 54 861070;
1574 1726 56 43 A.
1666 1725 44 47 S.
1746 1726 118 50 Pier,
1898 1725 181 53 Milton,

160 1782 144 43 Mass.
374 1781 271 55 (25-12733)

93 1851 1344 74 Punch. v. 168, no. 4376; May 20, 1925.
89 1926 1941 57 © 1c. July 16, 1925; A ad int. 7110; pubd. May 20; Herbert Heather. ℅
161 1986 237 54 Bradbury
426 1988 179 52 Agnew
633 1989 38 42 &
696 2003 79 37 co.,
804 1986 92 56 ltd.,
927 1988 200 43 London.

90 2055 292 73 Rickard,
413 2060 154 56 Mrs.
602 2057 233 59 Victor.

161 2133 127 59 Not
312 2135 301 59 sufficient
638 2135 308 58 evidence.

169 2214 80 52 (In
275 2215 170 41 Nash’s
472 2215 258 52 magazine,
759 2216 128 52 July,
918 2216 128 50 1925)

87 2268 1971 103 © 1c. Aug. 12, 1925; A ad int. 7192; pubd. June 17; Mrs. V. Rickard, London.
91 2395 318 73 Rowland,
452 2396 223 59 Albert
715 2397 295 74 Lindsay,
1057 2400 147 56 1882–

170 2472 252 60 Studies
464 2474 65 56 in
572 2474 268 73 English
883 2493 337 39 commerce
1266 2475 123 57 and
1433 2473 394 72 exploration
1867 2474 67 56 in
1976 2474 104 57 the

91 2550 179 74 reign
310 2551 68 57 of
416 2551 358 58 Elizabeth:
841 2599 11 10 I.
894 2552 293 73 England
1228 2552 124 57 and
1391 2551 268 77 Turkey,
1701 2551 105 58 the
1846 2552 127 57 rise
2014 2552 67 57 of

91 2629 361 72 diplomatic
487 2631 123 57 and
645 2630 392 59 commercial
1070 2631 320 72 relations,
1427 2631 83 71 by
1543 2630 225 58 Albert
1801 2630 281 72 Lindsay

91 2707 302 58 Rowland.
543 2755 10 9 II.
597 2708 130 57 The
767 2708 269 72 English
1077 2708 219 57 search
1333 2708 105 57 for
1481 2728 38 37 a
1554 2708 347 57 northwest
94 2726 1960 132 passage

283 2785 66 56 in
392 2785 103 58 the
540 2785 148 57 time
735 2786 67 57 of
847 2785 207 72 Queen
1102 2784 344 74 Elizabeth,
1491 2786 85 71 by
1620 2784 242 74 George
1906 2786 174 57 Born

93 2862 1989 73 Manhart … Philadelphia, Press of. the University of
90 2941 481 73 Pennsylvania,
608 2941 166 57 1924.

167 3018 1358 54 xviii, 189, iv p., 2 l., 3-179 p. maps (1 fold.) 20 cm .
170 3074 1917 55 The authors’ theses (PH. D.) University of Pennsylvania, Rowland, 1914,
99 3132 229 52 Manhart,
365 3133 117 43 1923.

170 3188 323 55 Bibliography
523 3196 45 37 at
598 3190 85 43 end
709 3188 50 46 of
789 3188 108 45 each
925 3189 152 44 thesis.

89 3244 56 54 ©
168 3248 111 50 Apr.
309 3247 61 46 14,
403 3244 127 53 1925;
558 3247 63 42 2c.
647 3247 111 51 Apr.
785 3247 78 51 29;
892 3246 78 43 aff.
998 3247 111 51 Apr.
1137 3247 79 52 28;
1246 3248 41 41 A
1314 3245 162 45 823945
1495 3262 7 35 ;
1533 3248 136 41 Press
1696 3247 50 43 of
1770 3247 73 45 the
1869 3247 136 43 Univ.
2029 3247 50 43 of

166 3302 342 53 Pennsylvania.
578 3301 271 55 (25-11701)

93 3372 275 71 Ruhräh,
410 3373 183 71 John,
635 3375 188 57 1872-
982 3392 191 52 comp.

168 3451 353 61 Pediatrics
564 3453 67 59 of
673 3453 103 57 the
817 3455 176 69 past;
1042 3472 80 38 an
1165 3453 341 70 anthology
1547 3453 304 71 compiled
1894 3455 47 56 &
91 3456 1968 132 edited

251 3529 1830 73 by John Ruhräh … with a foreword by Fielding H.
94 3605 1990 72 Garrison, M. D. With fifty-four text illustrations and
95 3684 284 72 eighteen
406 3684 113 57 full
552 3703 161 53 page
743 3684 222 71 plates.
1049 3684 152 56 New
1226 3683 190 72 York,
1446 3684 70 56 P.
1545 3684 72 58 B.
1647 3684 269 70 Hoeher,
1947 3683 135 72 inc.,

94 3761 165 57 1925.

260 3874 10 14 xxv,
299 3838 82 46 592
407 3852 40 38 p.
507 3837 116 46 illus.
651 3838 127 50 (incl.
809 3838 226 50 facsims.)
1071 3838 160 50 plates,
1261 3846 144 42 ports.
1462 3839 55 43 24½
1551 3841 47 19 cm
1603 3876 11 9 .

167 3893 1917 53 “Schriften über kinderkrankheiten im allgemeinen [ von Grundlage der
94 3948 1988 54 literatur der pädiatrik … von F. L. Meissner, Leipzig, 1850]” : p. 558-563.
163 4003 102 44 “An
291 4003 245 44 additional
563 4002 316 54 bibliography
905 4003 51 44 of
982 4001 218 54 pediatric
1226 4003 285 45 literature”:
1546 4019 40 37 p.
1615 4002 204 46 564-577.

95 4059 53 54 ©
170 4063 106 52 July
299 4063 39 48 2,
366 4060 129 54 1925;
518 4062 65 43 2c.
610 4061 86 45 and
718 4061 78 48 aff.
821 4060 105 56 July
950 4062 49 50 9;
1025 4062 42 41 A
1092 4060 189 52 861034;
1311 4062 113 46 Paul
1452 4062 50 46 B.
1529 4062 197 51 Hoeber,
1753 4061 83 44 inc.

173 4116 271 46 (25-12759)
