2533 4412
1324 4084 110 55 510

367 432 307 74 Dowling,
716 432 193 59 Allan
948 432 280 58 Duncan.

450 525 1918 74 Truth and music; a volume of early verses, by Allan
369 604 305 75 Dowling.
758 605 153 60 New
937 605 189 74 York,
1158 606 130 59 The
1317 606 244 71 author,
1591 605 165 57 1924.

445 685 56 44 48
528 698 40 37 p.
632 686 49 44 18½
717 687 48 19 cm
771 721 9 8 .

368 735 53 54 ©
449 737 108 44 Dec.
583 738 67 52 20,
682 738 129 53 1924;
837 738 66 43 2c.
931 738 109 43 Dec.
1070 737 75 52 18;
1175 736 78 45 aff.
1280 737 113 53 Apr.
1420 735 66 54 25,
1519 735 130 54 1925;
1680 738 44 41 A
1749 736 190 53 823902;
1971 735 56 45 A.
2056 737 57 42 D.
2144 734 228 55 Dowling.

450 792 242 56 (25-9089)

368 882 280 72 Dresser,
688 880 268 59 Horatio
993 879 228 73 Willis,
1254 883 197 57 1866-

447 959 219 58 Ethics
699 960 66 56 in
792 960 227 70 theory
1049 960 125 57 and
1207 958 406 73 application,
1643 960 83 70 by
1755 958 273 59 Horatio
2057 958 98 58 W,
372 959 1979 137 Dresser

567 1036 1731 74 … New York, Thomas Y. Crowell company [ c 1925]
440 1114 129 53 xviii,
597 1114 83 46 509
707 1130 41 38 p.
807 1115 152 44 20½cm.

441 1171 340 45 “References”
809 1178 46 38 at
883 1172 90 43 end
1000 1171 54 45 of
1083 1171 110 43 each
1222 1170 202 53 chapter.

372 1227 53 54 ©
456 1230 111 51 May
596 1227 37 52 7,
666 1227 130 54 1925;
826 1229 65 43 2c.
921 1230 88 43 and
1039 1229 79 43 aff.
1150 1229 112 52 May
1295 1230 74 51 11;
1401 1228 44 43 A
1476 1227 190 54 855018;
1699 1227 203 45 Thomas
1934 1229 56 42 Y.
2025 1227 197 46 Crowell
2252 1243 65 29 co.

451 1284 243 55 (25-9588)

371 1371 101 56 Du
502 1371 178 69 Pont,
715 1369 214 58 Bessie
962 1369 302 70 Gardner,
1301 1371 91 57 ed.
1428 1371 126 58 and
1587 1375 74 52 tr.

448 1449 142 59 Life
630 1449 67 58 of
734 1449 337 59 Eleuthère
1109 1448 216 60 Irénée
1364 1451 84 57 du
1485 1450 164 57 Pont
1686 1449 168 57 from
1894 1453 483 70 contemporary

373 1529 552 71 correspondence,
955 1529 358 56 1799-1804.
1380 1546 56 39 v.
1467 1529 51 71 5,
1549 1530 51 55 6.
1671 1529 380 58 Translated
2077 1529 170 57 from
2271 1530 104 57 the

374 1606 247 58 French
655 1607 83 71 by
773 1605 72 57 B.
887 1605 68 59 G.
996 1607 86 56 du
1115 1606 180 57 Pont.
1377 1606 285 73 Newark,
1701 1606 156 72 Del.,
1895 1606 375 74 University
2309 1608 69 57 of

370 1684 330 57 Delaware
735 1702 202 55 press,
977 1685 358 56 1924-1925.

441 1761 27 41 2
497 1777 40 27 v.
600 1760 126 44 front.
765 1761 65 53 (v.
864 1760 50 53 6)
956 1767 129 46 port.,
1120 1760 198 43 facsims.
1346 1760 127 54 (part
1507 1760 136 55 fold.)
1685 1761 168 52 diagrs.
1912 1761 56 43 22
1973 1763 46 18 cm
2026 1797 9 8 .

372 1832 41 28 v.
449 1816 38 53 5,
521 1815 53 54 ©
607 1818 112 51 Apr.
758 1817 64 52 18,
860 1816 104 44 1925;
1026 1833 40 28 v.
1102 1817 39 52 6,
1175 1815 53 54 ©
1263 1817 112 53 Apr.
1410 1818 54 43 29;
1524 1819 67 42 2c.
1626 1817 109 44 each
1771 1818 112 53 May
1917 1817 24 45 7;
2005 1819 104 43 affs.
2146 1819 113 53 May
2298 1820 47 43 13;

442 1876 44 41 A
518 1873 178 53 855081,
728 1872 190 54 855082;
956 1873 159 45 Pierre
1150 1873 45 48 S.
1229 1874 61 44 du
1321 1875 133 52 Pont,
1487 1874 320 53 Wilmington,
1841 1875 100 44 Del.

371 1958 777 75 Ely, Mary R edington.
450 2038 384 72 Knowledge
888 2038 66 56 of
1007 2037 135 59 God
1192 2038 65 56 in
1307 2037 359 58 Johannine
1719 2039 284 72 thought,
2056 2040 81 71 by
2190 2041 185 71 Mary

371 2116 358 73 Redington
778 2115 140 72 Ely.
1009 2115 151 58 New
1211 2115 189 73 York,
1454 2115 130 58 The
1636 2116 360 58 Macmillan
2051 2137 323 54 company,

372 2196 166 55 1925.

448 2270 992 57 2 p. l ., vii-viii p., 2 l., 9-151 p. 19 ½ cm .
372 2328 53 54 ©
453 2331 112 51 May
592 2328 36 50 5,
659 2328 129 53 1925;
814 2329 66 43 2c.
905 2329 89 43 and
1017 2330 79 43 aff.
1125 2329 112 52 May
1262 2330 50 51 6;
1342 2329 44 43 A
1413 2327 189 54 829275;
1633 2330 268 43 Macmillan
1928 2345 65 29 co.

452 2384 244 56 (25-9417)

373 2471 310 72 Fielding,
718 2470 366 72 Archibald,
1122 2473 190 57 1900-

451 2550 130 56 The
637 2548 531 58 Eames-Erskine
1225 2567 172 53 case;
1455 2568 38 38 a
1547 2548 305 59 detective
1909 2550 199 72 novel,
2165 2552 81 73 by
2304 2553 72 55 A.

373 2628 308 73 Fielding.
765 2628 152 57 New
946 2627 191 72 York,
1168 2628 74 56 A.
1277 2627 74 57 A.
1386 2627 242 72 Knopf,
1663 2629 166 56 1925.

444 2707 83 43 244
557 2721 53 38 p.,
647 2708 17 41 1
719 2740 8 9 l.
790 2707 49 43 19½c
893 2708 30 17 m
929 2739 8 10 .

375 2762 53 54 ©
461 2765 119 42 Mar.
613 2764 67 52 20,
715 2762 104 45 1925;
880 2763 65 43 2c.
977 2763 88 43 and
1095 2762 79 43 aff.
1208 2762 112 52 Apr.
1357 2764 17 41 1;
1438 2762 44 43 A
1516 2760 165 45 822717;
1742 2762 167 45 Alfred
1939 2763 58 44 A.
2031 2763 173 54 Knopf,
2237 2765 82 43 inc.

453 2819 244 56 (25-9299)

373 2905 253 71 Forbes,
663 2904 208 73 Allan,
911 2906 191 57 1874-

454 2986 243 57 France
730 2986 124 56 and
883 2983 153 58 New
1064 2983 312 73 England,
1405 2983 276 59 wherein
1710 2983 54 58 is
1795 2984 241 61 related
2066 2987 104 58 the
2205 2990 175 68 story

380 3064 67 58 of
480 3064 399 71 Lafayette’s
915 3061 184 60 visits
1134 3067 64 53 to
1236 3063 241 57 Boston
1512 3065 124 57 and
1672 3065 179 57 other
1883 3064 210 71 places
2129 3064 66 58 in
2230 3067 151 57 New

379 3142 311 75 England,
739 3142 288 74 together
1074 3140 152 58 with
1273 3140 165 60 facts
1484 3142 366 75 pertaining
1896 3147 63 56 to
2008 3142 97 62 his
2156 3145 111 58 life
2315 3145 63 58 in

379 3223 261 72 France,
673 3222 131 58 also
836 3242 36 38 a
904 3219 388 73 description
1322 3222 68 58 of
1417 3222 105 57 the
1553 3220 261 75 landing
1843 3224 69 58 of
1941 3223 435 60 Rochambeau

381 3303 124 57 and
551 3302 104 57 the
705 3300 247 58 French
1002 3317 179 54 army
1228 3298 66 58 in
1341 3298 319 73 Newport,
1709 3301 166 58 their
1922 3303 283 58 marches
2258 3306 121 56 and

381 3398 212 52 camps
632 3378 387 73 throughout
1057 3378 151 57 New
1245 3377 293 73 England
1575 3380 124 57 and
1736 3398 36 38 a
1807 3379 153 58 visit
1996 3383 63 55 to
2102 3381 277 59 Château

381 3458 455 70 Rochambeau,
869 3458 63 55 to
966 3456 198 58 which
1196 3476 107 38 are
1336 3457 204 58 added
1569 3476 192 53 many
1789 3457 190 61 views
2013 3463 124 56 and
382 3479 1971 117 reproductions

712 3536 66 57 of
822 3537 102 57 old
962 3535 209 71 prints
1216 3536 123 57 and
1382 3535 210 73 things
1636 3538 67 56 of
1746 3536 282 74 interest,
2070 3540 83 71 by
2191 3539 189 57 Allan

379 3610 1996 79 Forbes and Paul F. Cadman … v. 1. Issued by the
384 3695 178 58 State
593 3695 196 55 street
817 3695 168 54 trust
1017 3708 308 55 company
1351 3691 69 59 of
1446 3690 258 73 Boston,
1735 3693 66 57 in
1832 3697 543 58 commemoration

381 3772 68 59 of
478 3772 103 58 the
615 3790 113 39 one
759 3771 287 58 hundred
1078 3771 123 58 and
1231 3768 237 59 fiftieth
1500 3768 417 76 anniversary
1949 3775 67 57 of
2047 3775 104 58 the
2183 3775 194 59 battle

383 3851 67 56 of
473 3849 254 58 Bunker
754 3848 151 72 Hill,
933 3849 120 57 and
1081 3849 104 58 the
1212 3869 113 38 one
1350 3848 360 59 hundredth
1736 3850 417 75 anniversary
2179 3856 69 57 of
2274 3856 104 57 the

382 3928 217 73 laying
632 3927 67 59 of
733 3927 103 57 the
875 3945 222 39 corner
1132 3928 177 57 stone
1345 3928 67 57 of
1446 3926 255 59 Bunker
1735 3928 136 58 Hill
1903 3935 359 54 monument
2297 3934 83 70 by

378 4006 356 71 Lafayette.
813 4002 270 76 [Boston]
1122 4004 166 56 1925.
