2533 4412
1005 4029 146 56 1115

146 482 1927 57 3 p. l., 217, [1] p. illus. (incl. maps) 17 ½ cm . (Collection Armand Colin
86 541 211 55 (Section
324 544 53 43 de
403 542 301 53 géographic)
771 544 50 43 n°
849 540 78 55 56)

148 611 365 54 “Bibliographie
542 611 297 45 sommaire”:
871 628 38 37 p.
942 609 236 49 [213]-217.

77 679 1977 112 © Apr. 6, 1925; 1c. May 6; A—Foreign 27608; Max Ledere & H. Bourrelier,
326 739 145 44 Paris.
540 738 270 55 (25-22661)

79 840 240 72 Bloore,
354 839 184 59 John.

151 930 396 59 Alternative
581 930 190 57 views
809 930 68 57 of
908 929 105 59 the
1045 928 198 75 Bible,
1277 930 84 71 by
1394 930 169 58 John
1596 929 247 60 Bloore.
1919 931 153 58 New

73 1009 191 72 York,
292 1008 128 58 The
449 1007 359 58 Macmillan
836 1026 323 54 company,
1190 1008 166 56 1925.

151 1100 353 54 157 p. 19½ cm .
78 1172 53 53 ©
159 1172 119 52 Sept.
302 1172 67 49 29,
398 1170 131 53 1925;
558 1170 64 43 2c.
649 1170 87 43 and
761 1170 78 43 aff.
870 1169 121 52 Sept.
1018 1170 78 52 30;
1125 1169 45 43 A
1197 1168 189 53 864839;
1417 1169 268 44 Macmillan
1711 1185 65 29 co.

155 1227 270 56 (25-19200)

80 1329 226 71 Bonar,
343 1327 138 72 Lee,
519 1329 190 56 1891-

150 1419 59 57 A
239 1418 367 71 laboratory
637 1416 185 74 guide
856 1416 104 58 for
995 1436 38 38 a
1065 1435 219 39 course
1318 1414 64 59 in
1416 1417 257 73 general
1703 1417 254 74 botany,
1990 1418 82 74 by

73 1495 1930 72 Lee Bonar, Richard M. Holman and Lucile Roush …
75 1575 151 58 New
251 1574 190 73 York,
469 1574 59 57 J.
557 1573 209 72 Wiley
793 1572 49 57 &
869 1591 163 54 sons,
1061 1572 150 71 inc.;
1243 1576 150 70 [etc.,
1421 1574 131 73 etc.]
1582 1574 168 57 1925.

143 1653 517 53 xvi, 106 p. 23½ cm .
77 1711 53 53 ©
159 1711 121 52 Sept.
308 1709 63 53 12,
401 1708 129 53 1925;
556 1709 66 43 2c.
652 1706 120 55 Sept.
799 1708 77 52 30;
905 1708 79 43 aff.
1011 1707 102 44 Oct.
1144 1709 45 50 1;
1218 1708 44 42 A
1289 1707 191 53 864904;
1509 1708 49 42 L.
1590 1709 164 52 Bonar,
1782 1708 200 44 Richard
2010 1710 66 44 M.

148 1767 203 44 Holman
383 1766 37 44 &
451 1764 154 44 Lucile
637 1764 168 51 Roush,
841 1764 237 52 Berkeley,
1112 1763 134 45 Calif.
1317 1762 270 56 (25-19422)

79 1866 324 71 Boreham,
443 1864 216 58 Frank
693 1863 297 70 William,
1031 1866 191 57 1871-

156 1956 128 57 The
319 1956 236 71 crystal
587 1953 304 73 pointers,
923 1954 83 72 by
1038 1954 70 57 F.
1141 1954 97 59 W.
1274 1954 331 57 Boreham.
1706 1955 152 58 New
1889 1955 190 73 York,

82 2032 1370 75 Cincinnati, The Abingdon press [ c 1925]
145 2113 84 44 269
250 2127 40 39 p.
353 2113 51 44 19½
439 2115 16 17 cm
491 2147 10 10 .

78 2171 53 53 ©
158 2172 119 51 Aug.
308 2172 33 50 1,
373 2168 130 54 1925;
531 2169 63 43 2c.
624 2169 87 43 and
737 2169 78 43 aff.
848 2168 121 53 Sept.
1001 2167 75 53 17;
1106 2167 45 43 A
1176 2167 190 53 869046;
1399 2166 50 45 F.
1478 2169 75 44 W.
1585 2168 240 53 Boreham,
1854 2168 223 54 Victoria,

147 2226 262 53 Armadale,
448 2225 250 44 Australia.
767 2224 271 54 (25-19308)

79 2329 413 69 Bornemann,
528 2326 74 58 D.

155 2417 292 62 Geheime
474 2417 407 72 Weltmächte,
909 2437 221 39 roman
1154 2438 124 38 von
1305 2418 76 60 D.
1409 2418 419 58 Bornemann.
78 2417 1973 154 Leipzig,

224 2497 68 59 T.
322 2495 288 61 Weicher
641 2525 13 44 [
655 2503 19 21 c
679 2496 165 73 1925]

146 2575 96 52 226,
273 2578 52 47 [1]
355 2589 41 38 p.
459 2576 52 46 19
516 2578 47 18 cm
569 2613 9 9 .

78 2627 1856 57 © June 20, 1925; 1c. Sept. 23;-A—Foreign 28670; Theodor Weicher.
157 2685 270 57 (25-22786)

80 2784 327 70 Brownell,
451 2784 287 59 Herbert.

222 2874 1852 76 … The teaching of science and the science teacher; the
77 2953 412 71 relationship
527 2954 68 56 of
631 2952 234 58 science
903 2952 292 72 teaching
1228 2954 65 56 to
1332 2953 330 57 education
1695 2953 67 58 in
1800 2955 273 72 general,

75 3031 152 59 with
252 3031 232 72 special
511 3030 319 58 reference
857 3034 64 54 to
951 3030 347 72 secondary
1325 3029 241 59 schools
1594 3032 124 57 and
1741 3032 104 58 the
1870 3052 204 53 upper

78 3107 1994 74 elementary grades, by Herbert Brownell … and Frank B.
76 3184 1918 76 Wade … New York & London, The Century co., 1925.
148 3267 63 53 xi,
241 3267 81 44 322
353 3282 40 38 p.
455 3266 153 53 front.,
641 3265 115 45 illus.
787 3265 181 54 (plans)
1010 3264 156 55 plates.
1225 3265 53 43 20½
1314 3267 47 18 cm
1367 3300 10 10 .
1445 3262 124 57 (The
1605 3267 199 54 Century
1838 3266 236 47 education

79 3323 164 53 series)
366 3321 123 54 $2.00

79 3379 53 53 ©
161 3379 100 44 Oct.
285 3379 39 50 2,
354 3377 129 53 1925;
510 3378 65 43 2c.
604 3378 101 44 Oct.
731 3379 50 51 3;
810 3378 78 43 aff.
917 3378 101 44 Oct.
1045 3376 50 54 5;
1123 3378 45 42 A
1194 3377 190 53 864924;
1414 3376 200 55 Century
1640 3394 65 28 co.

159 3433 271 57 (25-19421)

85 3533 355 71 Chambers,
471 3535 152 55 Mrs.
657 3534 186 71 Mary
874 3534 293 56 Davoren
1207 3531 314 74 (Molony)
1564 3535 190 56 1864-

161 3626 159 61 Care
370 3629 124 57 and
539 3625 282 74 training
870 3628 67 56 of
982 3627 155 71 boys
1185 3628 125 56 and
1357 3624 175 74 girls,
1581 3627 167 57 from
1795 3627 173 59 birth
2013 3633 65 54 to

82 3704 1971 151 adolescence, by Mary I). Chambers … Boston, The Boston cooking-school magazine co., 1925.
151 3861 95 51 xiii,
275 3860 80 46 275
384 3876 40 36 p.
486 3860 151 51 front.,
667 3860 128 50 illus.,
825 3861 156 50 plates.
1041 3861 51 42 21
1102 3862 47 18 cm
1155 3895 9 8 .

82 3913 53 54 ©
170 3914 120 53 Sept.
323 3913 65 52 25,
426 3914 129 52 1925;
590 3915 64 43 2c.
688 3916 86 42 and
808 3915 78 43 aff.
923 3914 120 52 Sept.
1077 3914 78 51 28;
1192 3914 44 42 A
1270 3913 187 53 864798;
1497 3915 173 44 Boston
1705 3916 374 53 cooking-school

152 3971 234 53 magazine
419 3986 66 29 co.
554 3970 270 55 (25-19048)
