2533 4412
0 0 0 0 1136
422 496 29 42 2
481 512 41 27 v.
586 494 53 44 19
645 497 46 18 cm
698 529 10 9 .

429 564 129 45 “The
600 564 176 54 editing
817 565 53 43 of
910 565 74 44 the
1028 564 239 45 selections
1310 566 81 43 has
1434 564 114 46 been
1587 565 118 44 done
1747 566 59 53 by
1848 580 171 39 groups
2060 566 54 44 of
2157 566 215 55 religious

357 622 205 45 teachers
601 622 52 45 of
690 621 220 45 different
946 621 317 45 communities
1302 621 46 44 in
1385 622 78 44 the
1502 621 155 45 school
1697 630 170 46 system
1906 622 52 45 of
1994 623 75 44 the
2108 622 178 47 diocese
2323 623 50 46 of

357 678 602 55 Brooklyn.”—Foreword.

357 752 176 45 Grades
563 750 184 51 5A-6B,
780 748 54 54 ©
864 750 121 53 Aug.
1016 749 68 53 28,
1119 748 105 45 1925;
1282 750 65 43 2c.
1382 748 122 54 Sept.
1540 752 18 41 1;
1620 751 80 42 aff.
1736 749 123 55 Sept.
1890 752 28 42 2;
1979 751 173 45 Grades
2186 750 185 53 7A-8B,

426 806 54 54 ©
511 809 101 43 Oct.
643 808 24 42 3;
724 807 65 43 2c.
822 808 102 43 Oct.
955 807 26 43 8;
1038 806 80 44 aff.
1150 807 102 43 Oct.
1288 807 51 42 12;
1395 807 45 42 A
1470 806 177 53 861658,
1678 806 166 45 869642;
1906 807 251 52 Schwartz,
2188 807 185 45 Kirwin

428 866 37 44 &
490 863 158 46 Fauss.
719 862 274 58 (25-19537)

359 967 219 72 Green,
619 965 335 74 Fitzhugh,
996 968 190 57 1888-

433 1058 1935 75 Midshipmen all, by Fitzhugh Green … foreword by
355 1135 2011 75 William S. Sims … New York, London, D. Appleton
355 1218 125 58 and
509 1235 327 53 company,
866 1215 168 60 1925.

426 1307 856 52 4 p. l ., 271, [1] p. front. 19½cm.
356 1376 54 54 ©
446 1377 121 53 Sept.
598 1376 67 53 25,
703 1376 131 53 1925;
867 1376 67 43 2c.
967 1377 88 42 and
1087 1376 79 43 aff.
1203 1375 102 45 Oct.
1340 1375 50 53 6;
1425 1377 45 42 A
1503 1375 191 53 869151;
1733 1376 58 44 D.
1825 1377 231 52 Appleton
2090 1378 38 44 &
2160 1394 66 28 co.

434 1433 274 58 (25-19435)

355 1536 259 72 Grimal,
656 1535 212 60 Julius
908 1535 142 72 Leo,
1092 1537 190 58 1867-

436 1630 89 58 To
557 1629 99 58 die
686 1628 152 57 with
869 1628 224 72 Jesus;
1124 1628 222 57 twelve
1378 1627 311 59 exercises
1722 1628 68 58 of
1818 1630 417 71 preparation
2266 1632 105 58 for

358 1708 192 59 death
578 1708 107 57 for
708 1726 113 39 use
851 1726 78 38 on
958 1706 105 58 the
1091 1705 289 72 monthly
1406 1706 125 71 day
1562 1706 68 58 of
1659 1706 416 74 recollection,
2107 1709 84 73 by
2219 1709 151 59 Rev.

356 1784 2014 72 J. Grimal … translated and adapted from the French in
355 1862 1994 148 collaboration with the author, by Rev. Gerald Shaughnessy … New York, The Macmillan company, 1925.
426 2033 52 45 93
509 2048 39 38 p.
611 2031 138 46 front.
813 2031 150 45 19½cm.

354 2104 54 54 ©
436 2105 122 52 Sept.
583 2105 69 52 29,
682 2103 130 53 1925;
839 2104 65 42 2c.
932 2104 87 43 and
1045 2103 80 43 aff.
1156 2101 121 54 Sept.
1306 2103 77 52 30;
1412 2103 45 42 A
1485 2102 190 53 864836;
1708 2102 270 45 Macmillan
2003 2119 66 30 co.
435 2162 274 55 (25-19294)

356 2261 257 72 Grover,
655 2261 247 57 Burton
939 2259 226 73 Baker,
1207 2261 192 58 1858-

432 2353 173 74 High
631 2353 346 73 frequency
1001 2352 278 72 practice
1304 2352 108 57 for
1433 2351 452 73 practitioners
1913 2354 126 59 and
2064 2356 308 73 students,

354 2430 2016 78 by Burton Baker Grover … illustrated with engravings.
356 2512 409 73 Thoroughly
808 2529 127 39 rev.
981 2510 125 56 and
1149 2509 342 58 rewritten.
1574 2510 109 56 4th
1729 2510 91 58 ed.
1903 2510 259 60 Kansas
2208 2511 163 75 City,

355 2593 131 57 The
522 2590 301 59 Electron
857 2607 202 55 press,
1096 2588 167 57 1925.

424 2684 92 52 xvi,
547 2682 79 46 555
658 2698 40 38 p.
760 2682 139 43 front.,
927 2680 168 55 (port.)
1136 2680 129 51 illus.,
1294 2679 170 54 diagrs.
1524 2679 152 45 20½cm.

426 2755 357 54 Bibliography:
817 2768 41 39 p.
911 2749 224 50 [509]–513.

355 2827 54 54 ©
450 2826 121 54 Sept.
613 2825 63 53 17,
717 2823 131 54 1925;
885 2824 66 43 2c.
993 2822 120 53 Sept.
1150 2821 80 53 21;
1270 2822 80 43 aff.
1393 2821 121 53 Sept.
1551 2822 78 53 28;
1671 2823 45 42 A
1756 2822 190 55 869055;
1990 2826 52 43 B.
2082 2825 51 44 B.
2174 2826 193 54 Grover,

428 2884 230 45 Colorado
690 2881 205 53 Springs,
929 2879 97 45 Col.
1096 2876 275 57 (25-19395)

357 2987 213 69 Hertz,
612 2981 335 60 Friedrich
986 2980 164 72 Otto,
1194 2982 190 57 1878-

433 3079 203 56 Rasse
665 3075 131 57 und
820 3073 216 57 kultur;
1099 3072 136 57 eine
1262 3070 302 59 kritische
1594 3073 475 73 Untersuchung
2096 3074 115 58 der
359 3094 1985 133 rassentheorien,
806 3170 126 40 von
961 3148 332 60 Friedrich
1325 3149 217 58 Hertz,
1616 3151 71 74 3.,
1720 3150 282 74 gänzlich
2031 3152 335 60 neubearb.

356 3235 129 58 und
512 3251 194 40 verm.
740 3229 139 59 aufl.
950 3228 279 73 Leipzig,
1259 3227 75 57 A.
1367 3227 273 73 Kröner,
1675 3230 167 56 1925.

426 3311 81 53 xii,
539 3310 83 44 426
654 3323 40 39 p.
754 3309 57 42 22
816 3311 47 17 cm
870 3343 8 8 .
943 3304 721 56 [Philosophisch-soziologische
1699 3306 344 45 bücherei—bd.
2214 3321 39 41 XXXIV]

429 3368 125 44 First
582 3366 237 54 published
856 3364 176 55 (Wien,
1068 3362 131 53 1904)
1236 3363 146 42 under
1408 3361 100 45 title
1540 3362 221 44 Moderne
1794 3363 377 46 rassentheorien.

355 3417 1955 62 © July 3, 1925; 1c. Sept. 23; A — Foreign 28701; Alfred Kröner, verlag.
435 3479 273 57 (25-22649)

359 3579 152 74 Hill,
549 3580 192 58 Owen
775 3575 317 75 Aloysius,
1133 3577 190 57 1863-

433 3670 267 74 Charity
733 3670 126 57 and
890 3688 115 38 our
1038 3668 178 57 three
1249 3686 171 39 vows;
1489 3665 300 73 spiritual
1823 3666 401 59 conferences
2257 3665 107 59 for

353 3749 320 75 religious,
699 3748 85 73 by
809 3747 189 60 Owen
1023 3747 75 57 A.
1127 3745 153 74 Hill,
1342 3794 11 10 S.
1422 3792 12 12 J.
1520 3742 90 61 St.
1640 3744 211 74 Louis,
1878 3744 144 75 Mo.,
2052 3745 124 59 and
352 3744 1984 159 London,
519 3830 73 57 B.
617 3828 253 57 Herder
895 3826 162 58 book
1083 3844 106 53 co.,
1220 3825 165 56 1925.

423 3910 93 51 viii,
543 3909 79 45 381
651 3923 42 37 p.
757 3907 146 44 19½cm.

356 3966 54 54 ©
437 3969 102 43 Oct.
565 3966 40 50 2,
635 3961 104 47 1925;
791 3964 66 42 2c.
885 3963 87 42 and
998 3961 78 43 aff.
1106 3960 101 45 Oct.
1237 3957 22 46 5;
1315 3960 45 42 A
1387 3959 164 43 864933;
1608 3959 51 43 B.
1689 3959 184 43 Herder
1898 3958 123 44 book
2048 3974 65 28 co.

435 4022 272 58 (25-19504)
