2533 4412
1347 4101 114 61 714

399 417 136 73 Boy
569 422 208 53 scouts
813 418 67 57 of
914 417 312 59 America.

475 495 352 59 Handbook
869 495 105 58 for
1015 500 480 68 scoutmasters;
1541 517 36 37 a
1617 498 255 57 manual
1913 499 68 57 of
2021 498 380 74 leadership,

396 572 138 73 Boy
559 578 207 54 scouts
793 574 69 57 of
884 574 311 58 America.
1280 575 77 57 2d
1380 575 349 73 handbook,
1758 575 107 59 7th
1888 575 281 74 imprint.
2251 577 152 58 New

397 651 172 58 York
611 651 144 73 city,
798 653 154 56 Pub.
996 653 202 57 under
1238 652 102 58 the
1387 653 398 71 supervision
1828 654 68 58 of
1937 654 104 59 the
2083 653 319 61 Editorial

395 730 199 58 board
618 730 442 73 representing
1083 730 104 58 the
1215 730 299 58 National
1539 731 238 58 council
1802 731 70 58 of
1896 732 104 58 the
2026 732 139 72 Boy
2193 735 206 55 scouts

398 809 69 56 of
494 808 294 59 America
822 838 14 44 [
838 817 21 21 c
859 808 151 58 1924]

467 890 27 41 4
523 903 38 37 p.
612 922 20 17 l.,
666 887 80 44 668
775 901 40 38 p.
912 886 94 53 illus.,
1037 886 169 54 diagrs.
1269 887 51 44 18
1326 889 46 18 cm
1379 922 9 9 .

469 944 353 53 Bibliography:
856 959 40 37 p.
928 942 206 46 513-517.

398 1000 53 53 ©
479 1001 105 44 Feb.
610 1002 38 50 2,
679 1000 129 53 1925;
838 1002 63 42 2c.
929 1002 87 43 and
1042 1002 79 43 aff.
1149 1001 106 53 July
1286 1002 72 51 10;
1388 1002 43 42 A
1459 1000 189 55 855827;
1681 1003 98 53 Boy
1806 1011 150 36 scouts
1983 1004 51 43 of
2061 1004 227 53 America,
2316 1004 83 43 inc.

477 1057 270 56 (25-13190)

399 1143 270 73 Bynner,
710 1141 249 73 Witter,
1004 1145 190 57 1881-

474 1220 227 74 Young
730 1219 333 72 Harvard;
1094 1220 142 58 first
1266 1239 214 54 poems
1514 1222 70 57 of
1611 1221 236 58 Witter
1875 1222 276 73 Bynner,
2181 1223 154 58 with
2366 1242 37 40 a

398 1299 318 58 foreword
736 1299 83 72 by
839 1299 109 56 Dr.
973 1299 189 57 Kuno
1246 1299 243 57 Francke.
1573 1299 152 58 New
1744 1299 192 72 York,
1960 1301 75 56 A.
2059 1301 75 57 A.
2160 1301 243 73 Knopf,

398 1378 165 56 1925.

467 1456 83 43 xiii
576 1472 53 37 p.,
660 1458 18 42 1
728 1492 21 16 l.,
782 1457 79 43 119
884 1470 42 39 p.
990 1456 51 44 19½c
1092 1458 29 17 m
1127 1490 9 9 .

471 1513 248 44 Published
746 1512 104 46 1907
876 1514 144 43 under
1044 1512 123 45 title:
1192 1514 75 43 An
1291 1514 83 43 ode
1399 1521 46 37 to
1471 1514 231 51 Harvard,
1726 1515 88 45 and
1837 1514 133 44 other
1994 1530 168 38 poems.

398 1570 53 53 ©
479 1572 112 51 May
619 1569 62 53 15,
709 1569 129 54 1925;
864 1571 64 43 2c.
956 1572 112 51 May
1089 1569 79 53 25;
1195 1572 78 42 aff.
1302 1572 111 51 May
1437 1570 79 54 26;
1543 1572 43 42 A
1611 1570 191 54 855723;
1829 1573 75 43 W.
1934 1573 194 52 Bynner,
2157 1571 140 48 Santa
2324 1572 77 55 Fe,

470 1628 200 43 Mexico.
735 1626 66 54 [©
827 1642 100 29 new
953 1627 304 43 introduction
1284 1627 87 43 and
1399 1627 293 53 corrections]
1765 1626 271 57 (25-12999)

402 1713 166 73 Cage
596 1713 176 58 birds
801 1714 124 56 and
950 1713 142 57 bird
1118 1713 216 72 world,
1362 1733 56 37 v.
1447 1714 93 69 47,
1566 1733 97 37 no.
1697 1715 166 71 1221,
1892 1715 165 57 June
2089 1718 51 69 6,
2171 1716 165 56 1925.

397 1788 2003 57 © 1c. Aug. 1, 1925; A ad int. 7159; pubd. June 6; F. Carl, ℅ Hughes
471 1847 174 44 Massie
671 1848 37 43 &
730 1862 81 35 co.,
841 1847 118 44 New
987 1847 143 43 York.

401 1933 174 71 Carr,
617 1932 259 73 Harvey
909 1931 61 57 A
1283 1934 190 57 1873-

475 2013 415 73 Psychology,
926 2034 38 38 a
997 2014 189 70 study
1220 2012 67 60 of
1320 2014 238 57 mental
1594 2012 281 74 activity,
1907 2014 84 72 by
2025 2014 262 72 Harvey
2323 2016 74 57 A.

401 2090 1995 74 Carr … New York [etc.] Longmans, Green and co., 1925.
466 2186 42 34 v,
539 2172 82 43 432
652 2182 42 38 p.
754 2167 132 52 illus.,
917 2169 169 51 diagrs.
1144 2168 58 46 20½
1234 2170 48 19 cm
1288 2206 9 9 .

473 2225 329 46 “References”
827 2233 47 37 at
898 2226 83 45 end
1006 2225 54 45 of
1084 2225 110 45 each
1219 2224 198 51 chapter.

398 2278 53 53 ©
477 2279 106 53 July
605 2280 38 50 2,
676 2277 128 53 1925;
833 2279 64 42 2c.
923 2278 106 53 July
1055 2279 49 50 9;
1134 2278 79 43 aff.
1239 2279 107 51 July
1372 2279 49 51 8;
1452 2278 43 42 A
1523 2277 188 53 861046;
1741 2281 275 50 Longmans,
2047 2279 146 45 Green
2220 2281 88 44 and
2334 2296 66 29 co.

478 2334 271 56 (25-12973)

402 2418 163 74 Cole,
603 2419 240 72 George
882 2418 280 72 Douglas
1201 2418 295 72 Howard,
1537 2421 190 56 1889-

476 2499 129 57 The
639 2499 189 57 death
859 2497 67 58 of
959 2517 36 37 a
1027 2495 397 71 millionaire,
1456 2497 82 71 by
1571 2496 69 59 G.
1674 2497 73 57 D.
1783 2497 78 57 H.
1899 2497 146 60 Cole
2080 2500 122 58 and
396 2500 1984 146 Margaret

609 2575 163 60 Cole.
856 2576 152 58 New
1034 2575 190 71 York,
1254 2575 128 58 The
1415 2574 358 60 Macmillan
1805 2595 322 51 company,
2159 2579 165 57 1925.

468 2655 90 48 viii,
593 2657 80 42 383
708 2670 39 37 p.
812 2656 50 43 19
868 2656 46 18 cm
922 2690 8 8 .

399 2711 53 53 ©
478 2713 106 52 July
613 2714 61 49 14,
703 2711 130 53 1925;
860 2712 64 43 2c.
951 2713 87 42 and
1064 2712 78 43 aff.
1170 2712 106 52 July
1306 2709 73 54 15;
1408 2712 43 42 A
1479 2709 191 55 855869;
1701 2712 266 44 Macmillan
1994 2728 65 29 co.

478 2768 270 56 (25-12984)

401 2853 266 72 Conrad,
706 2853 254 72 Joseph,
1002 2854 358 58 1857-1924.

477 2931 348 72 Suspense;
886 2951 38 37 a
982 2930 387 72 Napoleonic
1427 2931 199 72 novel,
1687 2931 82 72 by
1827 2932 243 72 Joseph
2131 2932 268 61 Conrad.

398 3009 253 59 Garden
679 3009 163 73 City,
869 3009 73 57 N.
972 3009 94 69 Y.,
1092 3009 386 72 Doubleday,
1507 3009 171 73 Page
1706 3010 49 57 &
1780 3028 324 55 company,
2135 3012 165 59 1925.

468 3086 662 55 4 p. l ., 274 p., 1 l. 22½ cm .
471 3142 138 47 “This
635 3144 169 45 edition
829 3147 38 41 is
894 3144 171 45 limited
1091 3152 45 36 to
1162 3144 126 45 three
1313 3144 205 44 hundred
1543 3146 85 43 and
1656 3153 342 44 seventy-seven
2026 3145 190 53 copies.”

398 3201 54 53 ©
484 3203 106 52 July
621 3204 36 49 3,
694 3202 129 53 1925;
856 3204 66 42 2c.
954 3204 87 43 and
1072 3204 78 42 aff.
1182 3203 106 52 July
1323 3202 73 53 16;
1432 3204 43 42 A
1508 3201 189 55 855896;
1733 3204 282 53 Doubleday,
2049 3205 129 53 Page
2208 3206 38 44 &
2276 3221 66 28 co.

480 3257 270 56 (25-12983)

402 3328 315 72 Culbreth,
760 3331 214 57 James
1015 3329 269 72 Marvin,
1327 3332 190 57 1880-

544 3408 1851 76 … Studies in Methodist history, prepared by Rev.
398 3489 59 58 J.
496 3488 81 57 M.
618 3487 331 66 Culbreth;
988 3490 323 70 approved
1346 3489 85 71 by
1464 3489 104 57 the
1606 3487 369 60 Committee
2012 3509 79 39 on
398 3490 1976 132 curriculum

552 3567 68 56 of
645 3566 102 58 the
776 3565 270 59 General
1075 3565 261 71 Sunday
1364 3565 208 59 school
1598 3565 197 60 board
1827 3566 67 57 of
1921 3566 102 59 the
2051 3567 346 60 Methodist

399 3643 343 72 Episcopal
784 3643 247 70 church,
1074 3643 218 71 South,
1334 3663 68 38 as
1446 3665 36 37 a
1524 3643 322 58 text-book
1885 3644 104 59 for
2034 3643 364 74 Cokesbury

398 3720 282 74 training
743 3720 258 58 schools.
1085 3717 341 75 Nashville,
1493 3721 212 71 Tenn.,
1772 3720 319 60 Cokesbury
2195 3741 201 54 press,

399 3800 165 55 1925.

471 3875 1916 53 141 p. 19½ cm . (Cokesbury training course. E. B. Chappell, D. D., editor)
473 3932 277 46 “Reference
777 3931 213 52 reading”
1016 3942 46 35 at
1087 3933 84 44 end
1198 3934 53 43 of
1278 3932 107 45 each
1412 3933 199 49 chapter.

400 3985 53 53 ©
486 3986 106 44 Feb.
627 3984 36 46 5,
700 3983 129 53 1925;
863 3986 64 42 2c.
961 3986 86 45 and
1079 3986 78 45 aff.
1193 3987 112 51 May
1341 3983 74 54 15;
1452 3985 43 42 A
1528 3983 189 55 855173;
1755 3986 166 45 Lamar
1954 3987 36 48 &
2025 3987 184 52 Barton,
468 3987 1908 100 Nashville.
656 4041 270 55 (25-12768)
