2533 4412
1089 4071 109 57 127

154 423 261 73 Winter,
455 423 282 60 William
772 424 193 58 West.

232 515 127 58 The
387 516 147 57 boss
563 514 69 58 of
659 513 261 72 Eagle’s
952 515 187 70 Nest;
1171 534 36 37 a
1235 516 271 55 western
1536 517 194 68 story,
1760 515 83 71 by
1869 514 280 59 William

152 594 179 58 West
357 592 265 59 Winter.
705 593 152 57 New
886 592 174 57 York
1089 590 143 74 city,
1269 590 263 60 Chelsea
1562 592 193 58 house
1789 621 14 44 [
1805 600 19 23 c
1827 592 148 59 1925]

224 682 906 56 3 p. l., [11]–319 p. 19½cm. $2.00
153 757 53 53 ©
232 758 104 43 Feb.
367 758 61 51 16,
457 756 129 53 1925;
611 757 66 43 2c.
703 757 86 43 and
815 757 78 43 aff.
920 756 106 44 Feb.
1056 756 75 52 18;
1160 756 44 42 A
1230 754 189 53 823127;
1449 755 190 45 Chelsea
1665 755 151 45 house.

231 813 241 56 (25-4604)

150 915 295 73 Winters,
484 915 318 57 Laurence
839 914 85 58 M.

228 1004 1920 74 Animal breeding, by Laurence M. Winters … New
151 1083 188 73 York,
367 1084 61 57 J.
453 1083 207 71 Wiley
683 1083 48 56 &
758 1101 164 54 sons,
947 1083 148 70 inc.;
1127 1084 148 72 [etc.,
1304 1086 129 69 etc.]
1464 1083 165 56 1925.

225 1193 46 35 x,
304 1177 83 44 309
418 1192 38 37 p.
492 1177 99 42 incl.
627 1176 152 52 front.,
814 1175 115 44 illus.
987 1176 55 43 23½
1077 1177 46 17 cm
1131 1209 10 10 .
1208 1173 290 55 (Half-title:
1538 1173 98 46 The
1668 1175 154 54 Wiley
1856 1175 296 54 agricultural

157 1233 150 51 series,
335 1234 66 44 ed.
429 1235 60 51 by
514 1234 41 51 J.
587 1232 51 44 G.
668 1232 215 53 Lipman)

152 1303 53 53 ©
235 1302 107 45 Feb.
370 1304 36 50 9,
440 1302 129 52 1925;
598 1303 65 42 2c.
691 1303 86 42 and
806 1303 78 45 aff.
914 1301 107 44 Feb.
1054 1302 74 49 18;
1158 1302 43 42 A
1231 1301 188 53 822074;
1453 1303 50 42 L.
1533 1303 65 43 M.
1629 1302 218 53 Winters,
1879 1302 268 52 Saskatoon,

224 1360 364 50 Saskatchewan,
623 1358 194 45 Canada.
888 1358 242 54 (25-4755)

152 1458 371 61 Wisconsin.
595 1457 383 72 University.
1048 1459 167 72 Dept.
1267 1459 69 72 of
1363 1460 313 57 Romance
1710 1460 360 72 languages.

296 1550 1850 74 … Studies, by members of the Department of Romance
150 1630 361 71 languages.
596 1628 310 70 Madison,
945 1629 165 56 1924.

219 1718 83 43 238
326 1732 39 38 p.
415 1717 54 44 25
478 1719 46 18 cm
530 1752 8 8 .
605 1715 292 55 (University
919 1717 53 44 of
995 1717 261 46 Wisconsin
1282 1719 167 43 studies
1475 1720 44 42 in
1543 1719 223 54 language
1791 1721 87 43 and
1902 1720 245 53 literature,

148 1792 71 29 no.
240 1777 80 53 20)

222 1845 686 47 On cover: Series number I.
150 1916 54 53 ©
231 1918 99 52 Jan.
360 1917 39 51 9,
431 1915 130 53 1925;
589 1918 65 41 2c.
684 1917 100 52 Jan.
817 1917 73 52 14;
921 1916 79 44 aff.
1030 1917 100 52 Jan.
1163 1917 74 53 12;
1268 1918 44 42 A
1341 1916 188 53 814664;
1562 1918 266 54 University
1857 1919 51 44 of
222 1918 1905 109 Wisconsin,

339 1975 225 43 Madison.

152 2077 216 71 Wood,
405 2075 308 58 Franklin
747 2076 74 58 N.

232 2170 278 72 Florida,
569 2170 125 57 and
751 2170 181 58 other
985 2188 234 53 poems,
1277 2171 84 70 by
1418 2169 304 57 Franklin
1781 2170 75 57 N.
1915 2170 234 73 Wood;

155 2247 407 74 frontispiece
594 2248 168 57 from
793 2267 82 38 an
902 2246 86 60 oil
1012 2246 294 75 painting
1332 2250 83 70 by
1443 2249 61 57 J.
1536 2248 336 73 Randolph
1901 2250 246 57 Brown.

153 2327 256 72 Boston,
438 2327 130 57 The
598 2326 171 57 Four
800 2345 140 38 seas
968 2344 306 54 company
1341 2327 164 72 [c1925]

224 2406 55 44 64
304 2420 40 38 p.
403 2403 85 47 col.
522 2404 154 51 front.,
705 2403 155 52 plates.
924 2404 19 43 19½c
1026 2405 30 18 m
1063 2439 8 8 .

151 2459 53 53 ©
228 2461 100 51 Jan.
353 2458 67 51 25,
448 2458 129 53 1925;
604 2459 64 43 2c.
695 2458 107 44 Feb.
829 2457 49 53 5;
905 2458 79 43 aff.
1011 2456 107 45 Feb.
1143 2456 50 53 6;
1222 2458 44 42 A
1291 2458 190 53 814928;
1509 2458 124 44 Four
1659 2474 97 29 seas
1783 2475 65 28 co.

231 2514 242 56 (25-3778)

151 2617 217 73 Wood,
407 2616 231 73 James,
680 2617 56 59 d.
775 2616 165 60 1886.

229 2718 263 59 Wood’s
554 2717 172 58 Iowa
785 2715 289 73 justice’s
1135 2718 168 56 form
1363 2718 163 57 book
1586 2720 125 57 and
1771 2720 377 59 constable’s

154 2795 1993 75 guide, by James Wood … 6th ed., rev. and enl. by A. G.
153 2872 1917 75 Bush … Davenport, Ia., Fidlar & Chambers co., 1925.
225 2953 84 46 209
334 2970 38 35 p.
432 2953 53 43 22½c
537 2954 30 17 m
573 2987 9 8 .

155 3008 53 53 ©
241 3009 106 43 Feb.
383 3009 63 48 11,
483 3005 130 54 1925;
646 3007 65 42 2c.
745 3006 86 42 and
863 3006 78 43 aff.
976 3005 107 43 Feb.
1121 3005 75 51 13;
1232 3005 44 42 A
1309 3004 189 53 822024;
1534 3004 157 45 Fidlar
1724 3007 38 44 &
1798 3006 247 47 Chambers
2081 3026 65 29 co.

241 3064 53 53 [©
322 3063 290 53 corrections]
683 3060 243 55 (25-4107)

154 3163 211 72 Work,
402 3162 227 58 Milton
666 3160 256 73 Cooper.

154 3250 1974 155 Mah-jongg … up-to-date, by Milton C. Work … including
156 3329 1969 154 the American official laws of mah-jongg … Philadelphia,
475 3408 269 71 Chicago
796 3412 146 68 [etc.]
994 3408 128 58 The
1171 3407 171 58 John
1393 3407 64 60 C.
1501 3408 296 60 Winston
1843 3431 307 55 company

174 3489 187 72 [ c 1924]
228 3567 80 44 177
331 3581 42 38 p.
435 3565 144 44 front.
614 3563 51 54 (5
690 3564 144 53 port.)
872 3563 117 43 illus.
1051 3563 52 44 19
1109 3565 47 17 cm
1162 3597 8 9 .

152 3623 55 53 ©
236 3623 100 44 Oct.
369 3621 63 53 16,
463 3621 130 52 1924;
621 3621 65 44 2c.
714 3623 86 42 and
829 3620 78 43 aff.
935 3621 98 51 Jan.
1060 3620 69 52 22,
1161 3619 129 53 1925;
1321 3621 44 42 A
1394 3619 188 53 815707;
1612 3622 119 53 John
1762 3622 49 46 C.
1840 3626 214 43 Winston
2082 3642 65 28 co.

234 3679 241 56 (25-2368)

156 3779 270 73 Wright,
462 3779 151 59 Mrs.
650 3776 186 59 Anna
869 3776 210 58 Maria
1110 3776 180 71 Rose,
1329 3779 190 59 1890-

237 3870 128 56 The
408 3868 310 58 dramatic
757 3867 112 60 life
914 3868 69 56 of
1022 3867 322 57 Abraham
1384 3868 277 73 Lincoln,
1702 3871 84 72 by
1824 3871 75 58 A.
1945 3873 84 58 M.
2074 3875 72 56 R.

157 3946 283 73 Wright;
486 3945 362 58 illustrated
888 3944 153 57 with
1088 3963 211 39 scenes
1345 3945 167 58 from
1556 3947 104 58 the
1702 3948 364 74 photoplay,
2111 3971 37 38 a
