2533 4412
1343 4057 112 58 802

402 384 303 60 National
737 385 344 61 industrial
1115 387 367 60 conference
1517 388 216 61 board.

484 464 333 60 Technical
848 465 331 58 education
1210 467 125 58 and
1363 467 105 58 the
1499 467 298 59 chemical
1825 469 327 74 industry;
2186 489 37 39 a
403 490 1988 124 summary
625 547 219 68 report
883 544 68 58 of
988 564 82 37 an
1107 544 454 74 investigation
1599 547 84 72 by
1719 547 107 59 the
1864 547 302 60 National
404 547 1984 131 industrial
589 621 367 58 conference
992 622 217 73 board,
1245 623 116 57 inc.
1445 624 152 58 New
1630 624 191 74 York,
1858 626 168 58 1925.

478 700 47 42 11
562 713 39 38 p.
637 698 100 45 incl.
772 698 157 46 tables.
988 700 53 44 23
1049 701 47 18 cm
1103 735 9 9 .

405 753 53 54 ©
490 757 106 52 July
629 757 65 50 31,
732 755 131 54 1925;
897 756 67 44 2c.
997 758 88 43 and
1119 758 78 43 aff.
1232 758 122 53 Aug.
1387 759 51 52 4;
1475 760 45 43 A
1552 759 189 54 864091;
1779 760 219 45 National
2034 761 238 45 industrial
476 776 1914 81 conference
681 813 156 52 board,
866 813 118 44 New
1011 813 143 45 York.
1224 813 273 57 (25-14936)

401 899 257 75 Naylor,
705 899 258 59 Charles
1006 899 269 76 Wesley,
1321 903 191 58 1874-

481 980 1859 77 God ’s will and how to know it, by C. W. Naylor …
399 1061 356 70 Anderson,
790 1059 158 72 Ind.,
984 1058 235 74 Gospel
1250 1062 282 71 trumpet
1564 1079 310 55 company
1911 1089 13 44 [
1927 1067 18 23 c
1949 1061 165 73 1925]

472 1137 60 52 ix,
575 1137 161 46 10-192
773 1151 41 38 p.
876 1138 138 45 front.,
1045 1136 170 54 (port.)
1287 1139 50 45 19
1342 1140 48 18 cm
1396 1173 10 10 .
1474 1137 240 53 (Lettered,
1753 1155 59 30 on
1852 1152 160 31 cover;
2054 1138 235 47 Christian
2325 1139 84 48 life
400 1192 166 54 series)

402 1246 55 54 ©
484 1249 118 51 June
635 1246 63 54 17,
732 1246 131 54 1925;
893 1248 66 42 2c.
989 1248 88 43 and
1106 1248 80 43 aff.
1215 1248 120 53 June
1361 1247 79 54 25;
1473 1248 45 43 A
1547 1247 191 54 855661;
1775 1248 166 54 Gospel
1973 1256 201 47 trumpet
2202 1265 67 31 co.

481 1303 272 56 (25-15863)

398 1390 190 74 Neve,
630 1389 261 59 Condes.

479 1469 130 57 The
649 1469 197 58 house
885 1469 69 58 of
991 1469 339 71 Mendoza;
1372 1489 36 37 a
1448 1487 290 41 romance
1779 1468 68 59 of
1883 1471 263 58 modern
2186 1470 217 75 Spain,

399 1546 1980 154 by Condes Neve … Philadelphia, Dorrance and company, 1925.
479 1704 356 55 319 p. 19½ cm .
400 1761 53 54 ©
483 1763 121 52 Aug.
635 1762 40 51 8,
709 1759 130 54 1925;
869 1760 66 45 2c.
967 1761 88 43 and
1082 1760 81 44 aff.
1196 1760 120 53 Aug.
1353 1760 75 53 14;
1461 1761 45 43 A
1536 1759 192 55 861395;
1762 1761 240 45 Dorrance
2030 1762 39 45 &
2099 1777 78 38 co.,
2211 1762 84 44 inc.

479 1817 272 55 (25-15760)

396 1905 155 58 New
586 1903 191 59 York.
861 1901 455 75 Metropolitan
1350 1918 285 43 museum
1671 1901 70 60 of
1776 1906 119 55 art.
1977 1904 273 74 Morgan
471 1905 1912 137 collection.

542 2062 1864 75 … The Pierpont Morgan wing; a handbook, by Joseph
394 2140 1853 74 Breck … and Meyric R. Rogers … New York, 1925.
464 2222 114 51 xxii,
608 2221 93 51 395,
753 2223 35 47 [l]
820 2234 41 38 p.
923 2219 116 46 illus.
1100 2221 51 43 21½
1190 2222 47 18 cm
1245 2260 9 8 .

468 2280 65 45 At
557 2280 114 44 head
694 2278 54 45 of
770 2278 124 44 title:
918 2277 102 45 The
1045 2275 336 53 Metropolitan
1403 2291 206 30 museum
1631 2277 54 44 of
1705 2284 85 38 art.

470 2336 97 45 “Of
600 2336 90 45 this
724 2333 248 47 handbook
1003 2350 87 30 one
1121 2333 225 45 thousand
1377 2331 153 54 copies
1566 2348 121 30 were
1720 2331 194 55 printed,
1949 2334 127 52 May,
2113 2332 147 48 1925.”

396 2390 53 54 ©
481 2393 116 52 June
628 2391 37 52 4,
701 2389 130 53 1925;
866 2391 64 41 2c.
963 2389 88 43 and
1084 2388 78 44 aff.
1195 2388 107 53 July
1338 2387 74 54 15;
1447 2389 44 42 A
1525 2386 190 55 855885;
1753 2388 328 53 Metropolitan
2113 2403 208 30 museum
2354 2388 52 44 of

466 2456 85 44 art,
585 2448 118 43 New
735 2446 144 44 York.
949 2443 273 57 (25-14375)

396 2534 458 58 Northeastern
886 2534 302 71 reporter.

473 2613 464 58 Northeastern
967 2613 294 70 reporter
1290 2609 226 74 digest,
1546 2608 325 76 including
1899 2631 175 37 cases
2107 2611 300 71 reported

394 2687 2009 231 in vols. 1-140 Northeastern reporter … Ed. by the editorial staff of the American digest system … v. 8. Mechanics ’ liens-Parcels … St. Paul, West publishing co.,
395 2929 166 55 1925.

462 3004 63 50 iii,
556 3001 280 47 9237-10739
867 3016 40 37 p.
966 3001 55 43 26½
1055 3003 47 18 cm
1109 3035 8 9 .

395 3059 53 54 ©
473 3061 116 52 June
609 3060 67 52 26,
706 3057 105 46 1925
827 3073 9 38 ;
861 3059 67 42 2c.
952 3057 120 53 Aug.
1098 3057 50 52 3;
1176 3056 78 44 aff.
1280 3056 121 53 Aug.
1430 3056 47 51 1;
1505 3055 45 43 A
1575 3054 190 53 861276;
1793 3055 133 45 West
1953 3055 101 53 pub.
2082 3070 56 30 co

461 3141 1937 73 … The Northwestern reporter, v. 202. Permanent ed.
540 3218 1860 77 … with key-number annotations … March 6-May 1,
473 3305 164 55 1925.
712 3302 89 58 St.
835 3301 179 73 Paul,
1045 3300 183 57 West
1254 3297 367 73 publishing
1652 3317 106 52 co.,
1793 3298 164 56 1925.

463 3397 76 36 xv,
573 3379 105 44 1076
711 3395 38 37 p.
809 3378 54 43 26½
898 3381 46 17 cm
952 3413 8 8 .
1030 3375 246 56 (National
1309 3382 208 46 reporter
1548 3372 361 55 system—State
1940 3373 165 55 series)

394 3437 53 54 ©
471 3439 116 52 June
609 3437 64 50 22,
704 3434 131 54 1925;
862 3436 64 42 2c.
952 3434 121 52 Aug.
1099 3434 50 51 3;
1176 3432 79 44 aff.
1281 3432 122 52 Aug.
1431 3431 48 53 1;
1507 3430 45 43 A
1575 3430 190 53 861274;
1793 3430 133 45 West
1951 3428 101 55 pub.
2079 3445 67 30 co.

391 3521 274 73 Norvell,
710 3519 339 70 Saunders,
1093 3520 191 56 1864-

471 3601 204 70 Forty
708 3617 189 53 years
938 3597 68 57 of
1038 3595 352 69 hardware,
1427 3593 85 71 by
1550 3591 321 59 Saunders
1909 3591 277 73 Norvell,
392 3591 1976 146 illustrations
690 3677 86 72 by
804 3676 237 58 Serena
1069 3670 452 62 Summerfield.
1590 3672 98 56 1st
1714 3670 92 57 ed.
1871 3669 152 58 New
2045 3669 176 58 York
2247 3671 145 71 city,

392 3758 354 59 Hardware
783 3773 115 55 age
937 3784 13 43 [
952 3761 19 24 c
975 3753 165 72 1924]

468 3842 28 41 2
525 3853 40 38 p.
617 3872 22 16 1.,
672 3835 82 44 443
786 3849 41 38 p.
888 3832 117 44 illus.
1031 3830 129 56 (incl.
1193 3828 165 56 ports.)
1429 3829 52 44 19
1486 3829 47 18 cm
1539 3862 9 8 .

470 3897 75 42 An
581 3889 375 55 autobiography.

391 3952 55 52 ©
476 3952 119 43 Nov.
629 3950 63 50 18,
723 3947 106 44 1924
845 3961 8 37 ;
883 3945 66 44 2c.
978 3945 88 43 and
1094 3944 80 43 aff.
1203 3942 106 54 July
1337 3943 39 51 2,
1409 3938 130 55 1925;
1573 3940 45 43 A
1647 3938 189 55 855741;
1870 3939 259 45 Hardware
2159 3954 94 38 age.(25-1529)
