2533 4412
0 0 0 0 1267
126 399 484 57 Panchatantra.
687 397 284 73 English.

200 488 130 57 The
378 487 490 71 Panchatantra,
917 486 354 58 translated
1317 485 169 58 from
1534 486 104 58 the
1690 485 295 59 Sanskrit
2030 486 83 72 by

121 566 244 56 Arthur
393 565 96 58 W.
524 566 231 71 Ryder.
841 563 288 74 Chicago,
1159 563 118 73 Ill.,
1309 563 130 58 The
1469 562 374 74 University
1874 563 67 58 of
120 561 1970 154 Chicago
297 661 182 54 press
510 673 12 43 [
524 650 20 23 c
546 644 164 74 1925]

188 733 74 52 vii,
287 732 81 45 470
395 748 39 38 p.
493 733 55 44 20
555 735 46 18 cm
607 767 9 9 .

124 801 53 54 ©
210 803 120 52 Sept.
366 804 61 50 11,
463 800 129 54 1925;
624 802 64 43 2c.
725 801 121 53 Sept.
878 802 79 53 30;
989 802 78 43 aff.
1102 803 102 43 Oct.
1235 802 80 52 24;
1348 801 44 43 A
1424 800 190 54 872153;
1649 801 137 46 Univ.
1818 802 50 44 of
1904 800 214 55 Chicago,

195 860 211 53 Chicago.
477 857 269 57 (25-21523)

124 958 256 72 Parker,
416 959 279 57 Edward
727 958 241 72 Mason,
1009 960 189 57 1860-

124 1047 1997 153 … Surgical and gynaecological nursing, by Edward Mason Parker … and Scott Dudley Breckinridge … with
122 1207 110 55 134
263 1204 419 58 illustrations
719 1204 64 56 in
816 1207 151 55 text.
1051 1206 78 55 3d
1165 1206 112 69 ed.,
1313 1222 126 39 rev.
1522 1203 441 73 Philadelphia
1998 1204 122 58 and

121 1283 277 70 London,
426 1283 59 58 J.
515 1283 71 56 B.
615 1281 365 73 Lippincott
1009 1300 306 53 company
1344 1309 14 44 [
1358 1290 21 21 c
1381 1282 165 73 1925]

191 1361 96 50 xix,
317 1361 83 44 429
427 1374 41 39 p.
528 1359 132 53 illus.,
691 1359 168 53 diagrs.
918 1359 50 43 21
979 1361 47 18 cm
1033 1393 9 9 .
1110 1357 321 55 (Lippincott’s
1464 1359 189 54 nursing
1686 1358 230 55 manuals)

123 1429 53 55 ©
214 1430 120 54 Sept.
373 1431 35 51 1,
444 1427 129 55 1925;
607 1429 71 44 2c.
708 1430 87 43 and
830 1429 79 43 aff.
947 1429 101 44 Oct.
1082 1428 79 54 27;
1199 1429 44 43 A
1278 1428 190 54 872106;
1505 1429 40 54 J.
1583 1431 51 42 B.
1671 1429 257 53 Lippincott
1963 1446 66 29 co.

201 1486 271 56 (25-21579)

124 1586 282 74 Perkins,
440 1589 152 56 Mrs.
629 1586 174 73 Lucy
845 1585 243 74 (Fitch)
1128 1588 195 57 1865-

198 1677 130 57 The
362 1676 339 60 American
736 1676 182 57 twins
960 1675 69 58 of
1064 1677 167 72 1812,
1268 1677 83 72 by
1387 1675 173 74 Lucy
1593 1676 188 59 Fitch
1813 1676 301 75 Perkins;

120 1756 361 57 illustrated
503 1755 83 71 by
610 1754 105 58 the
741 1754 243 58 author.
1050 1754 242 58 Boston
1316 1756 125 56 and
1466 1754 153 59 New
1641 1754 191 75 York,
121 1755 1970 136 Houghton
255 1832 217 58 Mifflin
499 1849 307 55 company
834 1861 13 43 [
848 1839 19 22 c
870 1832 165 72 1925]

191 1906 1144 59 6 p. l ., 3-188, [1] p. incl. front., illus. 21½ cm .
123 1966 53 54 ©
205 1969 102 43 Oct.
334 1967 68 53 30,
431 1966 103 45 1925;
588 1967 66 43 2c.
682 1967 120 43 Nov.
827 1966 26 42 2;
908 1967 79 43 aff.
1018 1968 102 43 Oct.
1148 1967 49 43 31;
1255 1967 44 43 A
1326 1965 165 46 872253;
1549 1967 49 44 L.
1629 1966 50 45 F.
1709 1968 209 52 Perkins,
193 1967 1902 110 Evanston,
323 2024 69 45 Ill.
463 2021 270 57 (25-21913)

126 2125 255 75 [Porter,
420 2123 283 60 William
739 2124 271 75 Sydney]
1051 2125 358 58 1862-1910.

260 2213 1863 72 … The voice of the city; further stories of the four
121 2293 257 70 million,
405 2293 152 56 with
586 2311 37 39 a
647 2295 145 54 note
821 2293 83 71 by
929 2291 346 59 Archibald
1303 2291 309 60 Sessions.
1677 2292 252 60 Garden
1960 2293 161 74 City,

123 2372 73 57 N.
225 2371 93 73 Y.,
349 2370 384 72 Doubleday,
765 2370 173 72 Page
967 2367 49 60 &
1042 2387 323 56 company,
1396 2370 166 58 1925.

189 2448 70 44 xii
285 2463 53 38 p.,
373 2451 18 41 1
442 2483 24 18 l,
491 2448 84 43 222
603 2461 40 39 p.
706 2445 51 45 17
764 2448 48 18 cm
817 2481 9 9 .

192 2506 64 43 At
284 2506 116 43 head
424 2505 50 44 of
499 2504 98 44 title
613 2519 9 29 :
652 2503 57 45 O.
737 2503 164 53 Henry
927 2501 311 55 biographical
1267 2503 180 45 edition.

124 2561 53 54 ©
212 2562 121 53 Sept.
362 2561 66 53 25,
464 2560 104 45 1925;
628 2561 64 43 2c.
726 2561 87 43 and
843 2561 80 43 aff.
958 2561 102 43 Oct.
1091 2561 55 43 29;
1206 2561 44 42 A
1282 2559 167 48 872164;
1508 2562 285 53 Doubleday,
1827 2564 127 52 Page
1985 2564 37 44 &
2054 2578 65 30 co.

197 2617 67 56 [©
302 2617 317 54 introduction]
690 2614 271 57 (25-21593)

125 2720 278 72 Proctor,
439 2719 203 73 Mary.

201 2808 1920 73 Evenings with the stars, by Mary Proctor … illustrated
124 2887 152 58 with
305 2890 70 54 21
405 2886 271 73 original
702 2886 212 58 charts
944 2887 217 58 drawn
1186 2888 83 71 by
1295 2888 104 56 the
1429 2888 246 73 author,
1706 2891 122 57 and
1857 2893 34 54 4
1919 2892 203 71 plates

126 2966 169 57 from
341 2963 434 74 photographs
827 2964 189 58 taken
1065 2968 68 57 at
1181 2965 104 57 the
1336 2965 253 74 leading
1641 2968 480 61 observatories.

124 3028 1712 89 New York and London, Harper & brothers, 1925.
224 3119 1276 54 x p., 2 l., 219 p. front., illus., plates, diagrs. 19 cm .
126 3177 53 55 ©
210 3180 101 44 Oct.
337 3179 69 51 20,
439 3177 128 53 1925;
599 3178 65 44 2c.
695 3179 101 44 Oct.
824 3178 79 53 20;
935 3179 79 43 aff.
1046 3179 102 44 Oct.
1177 3178 79 54 22;
1287 3179 45 43 A
1361 3179 189 54 872001;
1584 3181 183 53 Harper
1798 3182 37 45 &
1863 3183 119 45 bros.

204 3234 270 56 (25-21712)

126 3333 175 74 Rees,
335 3334 245 58 Arthur
612 3334 185 59 John.

203 3425 482 72 Unquenchable
716 3425 198 57 flame.
986 3427 32 55 6
1049 3425 416 59 instalments.

199 3502 81 51 (In
309 3504 185 40 London
523 3503 337 42 Westminster
888 3503 208 52 gazette)

127 3556 1993 59 © 1c. each Sept. 18, 1925; A ad int. 7291; pubd. July 22-25, 27, 28; A. J.
199 3614 129 52 Rees,
366 3613 187 53 Findon,
596 3612 188 54 Sussex,
821 3613 223 54 England.

128 3710 267 74 Riddell,
431 3710 316 59 Florence.

205 3805 198 71 Misty
435 3805 313 72 pathway.
826 3808 114 70 1st,
979 3808 78 56 2d
1090 3807 383 59 instalment.

201 3882 80 51 (In
308 3883 236 42 Woman’s
573 3884 243 51 pictorial)

128 3934 1993 61 © 1c. each Sept. 8, 1925; A ad int. 7259; pubd. July 11, 18; F. Riddell,
199 3992 117 46 New
348 3993 143 44 York.
