2533 4412
0 0 0 0 1382
343 382 180 72 Sorg,
562 381 211 73 Roger

489 473 1862 75 … Cassandre; on, Le secret de Ronsard … Paris,
343 556 223 70 Payot,
594 554 168 56 1925.

413 629 1449 54 4 p. l., [11]-263 p. front., plates, ports., facsim. 18 ½ cm .
413 687 338 52 “Marginalia”
778 688 200 51 (annexe
1025 688 176 51 I-XXIV):
1270 702 40 37 p.
1346 686 237 50 [157]-263.

414 743 1938 55 “Annexe II : Que Ronsard naquit, sans aucun doute, dès 1522”: p. [166]-170.
344 797 1526 56 © Mar. 12, 1925; 1c. June 19; A— Foreign 27951; Payot.
423 855 273 55 (25-24375)

346 972 253 72 Speare,
633 972 304 73 Dorothy.

421 1063 130 60 The
584 1062 124 73 girl
736 1063 137 57 who
907 1072 134 48 cast
1073 1067 108 53 ont
1214 1063 143 57 fear
1392 1064 113 71 [by]
1541 1063 289 72 Dorothy
1865 1063 256 72 Speare.
2207 1065 149 58 New

342 1141 191 71 York,
564 1140 244 74 George
838 1141 80 57 H.
951 1142 218 56 Doran
1198 1159 308 53 company
1535 1170 15 44 [
1552 1150 19 21 c
1573 1142 148 56 1925]

414 1221 83 43 324
530 1234 38 38 p.
635 1220 50 43 19½c
737 1221 29 18 m
774 1255 8 7 .

344 1275 53 54 ©
425 1278 118 43 Nov.
572 1277 38 51 6,
639 1276 131 51 1925;
798 1278 63 42 2c.
892 1277 119 43 Nov.
1043 1277 73 51 14;
1145 1277 79 42 aff.
1254 1276 119 44 Nov.
1405 1278 74 51 13;
1510 1278 43 41 A
1581 1276 190 54 872449;
1804 1277 178 54 George
2011 1280 59 42 H.
2102 1280 158 42 Doran
2289 1295 64 28 co.

423 1332 271 56 (25-23219)

345 1448 349 73 Stacpoole,
735 1448 218 73 Henry
988 1448 91 58 De
1118 1447 178 59 Vere.

424 1539 129 57 The
589 1539 128 71 city
749 1539 203 57 under
984 1540 103 56 the
1126 1558 123 38 sea.
1325 1539 175 71 chap.
1540 1541 204 55 22-30.
1829 1542 32 54 3
1895 1540 419 58 instalments.

419 1617 80 50 (In
527 1618 178 41 Yellow
733 1617 268 51 magazine)

344 1671 2010 54 © 1c. each Dec. 4, 1925; A ad int. 7499; pubd. Oct. 16, 30, Nov. 13; H. De
415 1730 56 43 V.
513 1729 255 52 Stacpoole,
809 1729 97 43 Bon
947 1729 177 50 March,
1167 1730 91 43 Isle
1295 1729 51 44 of
1382 1730 176 52 Wight,
1598 1729 222 53 England.

346 1831 131 56 The
516 1829 193 74 Story
744 1830 68 57 of
846 1829 252 58 Hawaii
1135 1832 124 56 and
1293 1830 86 57 its
1415 1830 298 71 builders,
1751 1830 153 57 with
1939 1830 199 57 which
2174 1831 54 57 is
420 1830 1911 151 incorporated

419 1907 1908 141 volume III Men of Hawaii; an historical outline of Hawaii
981 1990 153 56 with
1171 1986 438 74 biographical
1651 1987 282 61 sketches
1978 1988 67 59 of
2086 1987 84 59 its
2210 2007 142 39 men

420 2069 68 56 of
516 2072 148 54 note
696 2069 124 57 and
852 2066 382 60 substantial
1265 2065 444 73 achievement,
1742 2072 147 66 past
1921 2068 124 56 and
2075 2069 277 70 present,

418 2146 136 58 who
583 2145 161 58 have
777 2145 398 59 contributed
1203 2150 64 53 to
1298 2146 105 58 the
1431 2164 302 53 progress
1768 2147 68 56 of
1864 2147 105 56 the
2002 2143 350 74 Territory,

420 2222 209 61 edited
657 2225 83 70 by
767 2223 246 73 George
1042 2224 68 56 P.
1140 2224 245 57 Nellist.
1460 2223 352 73 [Honolulu]
1844 2223 321 57 Honolulu
417 2226 1912 146 star-bulletin,
729 2304 131 68 ltd.,
893 2303 166 56 1925.

410 2381 91 49 xvi,
533 2381 78 45 915
643 2396 40 35 p.
744 2378 120 47 illus.
892 2379 196 51 (ports.)
1154 2379 55 45 24½
1244 2382 47 17 cm
1298 2415 8 8 .

342 2433 52 53 ©
426 2435 102 43 Oct.
563 2436 34 49 1,
630 2434 130 53 1925;
790 2435 64 43 2c.
885 2436 88 42 and
1002 2435 78 42 aff.
1113 2435 101 43 Oct.
1249 2434 75 52 19;
1356 2434 43 42 A
1429 2433 191 52 875130;
1655 2433 236 44 Honolulu
1922 2433 318 52 star-bulletin,
2274 2434 78 43 ltd.

421 2491 272 55 (25-23792)

345 2591 310 75 Tamblyn
689 2591 52 59 &
776 2593 246 58 Brown.

419 2684 268 72 Raising
727 2703 243 53 money,
1017 2705 37 37 a
1096 2703 138 39 new
1273 2682 290 59 business
1607 2686 64 55 to
1715 2687 165 53 meet
1924 2703 37 37 a
2003 2703 135 37 new
2179 2684 174 58 need.

341 2762 152 58 New
518 2763 175 57 York
720 2763 144 71 city,
894 2763 308 71 Tamblyn
1232 2761 48 59 &
1305 2762 232 57 Brown
1569 2791 13 43 [
1583 2770 19 21 c
1607 2763 165 72 1925]

411 2842 55 43 80
495 2856 39 38 p.
567 2841 100 46 incl.
701 2841 153 52 front.,
885 2840 115 45 illus.
1061 2841 55 43 24
1122 2843 15 17 cm
1176 2875 8 7 .

338 2897 57 53 ©
428 2899 101 43 Oct.
566 2897 64 52 17,
664 2898 129 52 1925;
825 2899 65 43 2c.
922 2900 88 42 and
1040 2899 78 42 aff.
1153 2899 102 43 Oct.
1287 2898 77 50 26;
1399 2898 43 42 A
1473 2897 191 52 872319;
1698 2896 228 54 Tamblyn
1959 2898 37 44 &
2028 2897 181 44 Brown.

421 2955 272 54 (25-23908)

344 3054 249 74 Taylor,
634 3056 293 73 Zachary
962 3054 200 74 Philo,
1203 3057 191 57 1846-

423 3146 296 73 Taylor’s
754 3146 304 73 analyzed
1091 3144 294 60 citations
1423 3145 67 59 of
1522 3146 103 58 the
1657 3146 153 57 New
1841 3145 176 58 York
2052 3145 302 71 Supreme

345 3219 2006 79 court reports … v. 1 . Rochester, N. Y., H. R. Taylor
358 3307 188 72 [ c 1925]
414 3380 108 55 [460]
556 3397 40 37 p.
657 3382 54 43 26½cm.

412 3438 234 52 “Zachary
676 3439 50 43 P.
757 3436 187 54 Taylor,
975 3437 204 44 author.”

417 3499 194 43 “Bound
672 3497 152 46 volume
853 3499 195 44 editions
1077 3497 135 51 bring
1241 3498 127 45 these
1395 3496 212 46 citations
1637 3499 134 42 down
1802 3497 127 43 from
1963 3493 104 47 1847
2096 3504 47 36 to
2174 3495 108 51 July
2313 3495 37 49 1,

348 3550 120 52 1919,
503 3549 149 45 which
687 3566 77 29 are
798 3551 242 44 continued
1074 3550 110 45 with
1221 3551 276 51 November,
1533 3549 236 53 February
1802 3549 87 44 and
1925 3548 108 53 July
2069 3547 286 46 Cumulative

338 3608 535 53 supplements.”—Pref.

340 3663 53 54 ©
427 3666 101 44 Oct.
565 3665 60 51 16,
663 3664 128 53 1925;
825 3666 65 43 2c.
925 3667 101 43 Oct.
1058 3666 78 52 20;
1171 3666 79 43 aff.
1286 3666 101 43 Oct.
1424 3666 74 51 19;
1533 3665 43 42 A
1610 3664 189 51 872268;
1836 3664 205 43 Herbert
2073 3664 53 42 R.
2161 3662 185 52 Taylor.

418 3721 272 55 (25-23204)

345 3823 273 74 Thorup,
651 3823 334 74 Ingeborg.

488 3914 1861 79 … Men livet leves — [K ø benhavn] S. Hasselbalch
347 3998 183 75 [1925]
