<alto xmlns="http://www.loc.gov/standards/alto/ns-v3#" xmlns:xlink="http://www.w3.org/1999/xlink" xmlns:xsi="http://www.w3.org/2001/XMLSchema-instance" xsi:schemaLocation="http://www.loc.gov/standards/alto/ns-v3# http://www.loc.gov/alto/v3/alto-3-0.xsd"><Description>
<MeasurementUnit>pixel</MeasurementUnit>
<sourceImageInformation>
<fileName>1925_v22_Part001.pdf</fileName>
</sourceImageInformation>
<OCRProcessing ID="IdOcr">
<ocrProcessingStep>
<processingDateTime>2019-04-03</processingDateTime>
<processingSoftware>
<softwareCreator>ABBYY</softwareCreator>
<softwareName>ABBYY Recognition Server</softwareName>
<softwareVersion>4.0</softwareVersion>
</processingSoftware>
</ocrProcessingStep>
</OCRProcessing>
</Description>
<Styles>
<ParagraphStyle ID="StyleId-FFFFFFFF-FFFF-FFFF-FFFF-FFFFFFFFFFFF-" ALIGN="Left" LEFT="0." RIGHT="0." FIRSTLINE="0."/>
<ParagraphStyle ID="StyleId-2E5B4E57-07AD-4719-97CB-14521F7F4F8A-" ALIGN="Left" LEFT="0." RIGHT="0." FIRSTLINE="0." LINESPACE="8.899999619"/>
<ParagraphStyle ID="StyleId-62A6F688-D6E3-4EFC-837B-4A4C4EB582B7-" ALIGN="Center" LEFT="0." RIGHT="0." FIRSTLINE="0." LINESPACE="12.19999981"/>
<ParagraphStyle ID="StyleId-21B71EBC-BDB5-4E16-A8F2-58189A39665B-" ALIGN="Block" LEFT="0." RIGHT="0." FIRSTLINE="-13." LINESPACE="11.35000038"/>
<ParagraphStyle ID="StyleId-1E1A68C4-DD4F-417A-A13D-7FEC29ECB499-" ALIGN="Block" LEFT="0." RIGHT="0." FIRSTLINE="-15." LINESPACE="13.30000019"/>
<ParagraphStyle ID="StyleId-6B39EC51-644D-4E90-AF07-84EF2B1E466A-" ALIGN="Block" LEFT="0." RIGHT="0." FIRSTLINE="-15." LINESPACE="8.340000153"/>
<ParagraphStyle ID="StyleId-2C1BA15F-E223-41D6-853D-AAFBDAC17E68-" ALIGN="Center" LEFT="0." RIGHT="0." FIRSTLINE="0." LINESPACE="13."/>
<ParagraphStyle ID="StyleId-A3B2CDF3-43F0-422C-90A0-E074BFEC3BC0-" ALIGN="Block" LEFT="0." RIGHT="0." FIRSTLINE="0." LINESPACE="8.899999619"/>
<ParagraphStyle ID="StyleId-28AB2493-EA15-49C1-A6AC-ED5BC404F0B9-" ALIGN="Center" LEFT="0." RIGHT="0." FIRSTLINE="0." LINESPACE="12.19999981"/>
<ParagraphStyle ID="StyleId-4417A6D4-97E2-4EFC-962D-7FBC0D5273E4-" ALIGN="Left" LEFT="0." RIGHT="0." FIRSTLINE="15." LINESPACE="8.340000153"/>
<ParagraphStyle ID="StyleId-D4EF9C5E-3110-4A39-B7BC-3D84E0F04894-" ALIGN="Center" LEFT="0." RIGHT="0." FIRSTLINE="0." LINESPACE="13.30000019"/>
<ParagraphStyle ID="StyleId-D1243F31-1201-4D92-8F69-43ADB01E9AD1-" ALIGN="Left" LEFT="0." RIGHT="0." FIRSTLINE="-13." LINESPACE="13.30000019"/>
<ParagraphStyle ID="StyleId-C65417C6-23F2-4D8F-BA55-ECE73D98CAB9-" ALIGN="Left" LEFT="0." RIGHT="0." FIRSTLINE="0." LINESPACE="8.899999619"/>
<ParagraphStyle ID="StyleId-835763C1-08DD-41BE-8BAD-8E41EA88DAE3-" ALIGN="Center" LEFT="0." RIGHT="0." FIRSTLINE="0." LINESPACE="11.10000038"/>
<ParagraphStyle ID="StyleId-78FD6B81-8F83-422D-8DF4-4274EAFD19C6-" ALIGN="Block" LEFT="0." RIGHT="0." FIRSTLINE="-17." LINESPACE="12.19999981"/>
<ParagraphStyle ID="StyleId-F506BC7F-570D-458B-9F05-A143E1F5FD17-" ALIGN="Block" LEFT="0." RIGHT="0." FIRSTLINE="-17." LINESPACE="11.35000038"/>
<ParagraphStyle ID="StyleId-CBE02C6B-22D0-48C6-A874-7E90A22F4375-" ALIGN="Center" LEFT="0." RIGHT="0." FIRSTLINE="0." LINESPACE="4.400000095"/>
<ParagraphStyle ID="StyleId-14CC0121-63AF-4AB4-9656-E02F46C61AF2-" ALIGN="Left" LEFT="0." RIGHT="0." FIRSTLINE="0." LINESPACE="8.899999619"/>
<ParagraphStyle ID="StyleId-DD64CECB-1B22-4BFF-84F0-DFDE2B0000F8-" ALIGN="Left" LEFT="0." RIGHT="0." FIRSTLINE="0." LINESPACE="12.19999981"/>
<ParagraphStyle ID="StyleId-8AEF4AA8-141A-4E5D-9C3E-C0F9F43C742F-" ALIGN="Left" LEFT="0." RIGHT="0." FIRSTLINE="0." LINESPACE="8.300000191"/>
<ParagraphStyle ID="StyleId-8C396D2A-39C0-48AB-BABA-2679D8AB257E-" ALIGN="Left" LEFT="0." RIGHT="0." FIRSTLINE="0." LINESPACE="11.10000038"/>
<ParagraphStyle ID="StyleId-3B7FE50F-10D4-487F-BDCD-FD26EB60FD4A-" ALIGN="Block" LEFT="0." RIGHT="0." FIRSTLINE="13." LINESPACE="8.340000153"/>
<ParagraphStyle ID="StyleId-8CC5CC8E-615B-4C42-BB46-DB28FA355C27-" ALIGN="Left" LEFT="0." RIGHT="0." FIRSTLINE="0." LINESPACE="12.19999981"/>
<ParagraphStyle ID="StyleId-BC67E79D-8D99-4188-8B35-A59DBB7E2BB0-" ALIGN="Block" LEFT="0." RIGHT="0." FIRSTLINE="11." LINESPACE="9.399999619"/>
</Styles>
<Layout>
<Page ID="Page148" PHYSICAL_IMG_NR="148" HEIGHT="4412" WIDTH="2533">
<TopMargin HEIGHT="434" WIDTH="2533" VPOS="0" HPOS="0">
</TopMargin>
<LeftMargin HEIGHT="3740" WIDTH="366" VPOS="434" HPOS="0">
</LeftMargin>
<RightMargin HEIGHT="3740" WIDTH="123" VPOS="434" HPOS="2410">
</RightMargin>
<BottomMargin HEIGHT="238" WIDTH="2533" VPOS="4174" HPOS="0">
</BottomMargin>
<PrintSpace HEIGHT="3740" WIDTH="2044" VPOS="434" HPOS="366">
<TextBlock ID="Page148_Block1" HEIGHT="78" WIDTH="132" VPOS="4096" HPOS="1320" LANG="en-US" STYLEREFS="StyleId-24F7EDC8-7C64-4D78-883A-73C5F990CD3D-">
<TextLine HEIGHT="57" WIDTH="110" VPOS="4106" HPOS="1331">
<String CONTENT="148" HEIGHT="57" WIDTH="110" VPOS="4106" HPOS="1331"/>
</TextLine>
</TextBlock>
<TextBlock ID="Page148_Block2" HEIGHT="3670" WIDTH="2044" VPOS="434" HPOS="366" LANG="en-US" CS="1" STYLEREFS="StyleId-22E1FE38-B9D8-4CA3-8CE8-8139267905CE-">
<TextLine HEIGHT="75" WIDTH="861" VPOS="444" HPOS="379" STYLEREFS="StyleId-ED399C91-6CDF-4E33-AADA-6D9204FE4A11-">
<String CONTENT="[Collier," HEIGHT="75" WIDTH="266" VPOS="444" HPOS="379"/>
<SP HEIGHT="71" WIDTH="41" VPOS="445" HPOS="646"/>
<String CONTENT="William" HEIGHT="60" WIDTH="286" VPOS="444" HPOS="688"/>
<SP HEIGHT="58" WIDTH="37" VPOS="445" HPOS="975"/>
<String CONTENT="Miller]" HEIGHT="75" WIDTH="227" VPOS="444" HPOS="1013"/>
</TextLine>
<TextLine HEIGHT="73" WIDTH="1929" VPOS="536" HPOS="456" STYLEREFS="StyleId-B1F6AB4E-828E-4E34-A790-6603422844B2-">
<String CONTENT="1924" HEIGHT="55" WIDTH="150" VPOS="540" HPOS="456"/>
<SP HEIGHT="55" WIDTH="56" VPOS="540" HPOS="607"/>
<String CONTENT="annual" HEIGHT="56" WIDTH="234" VPOS="539" HPOS="664"/>
<SP HEIGHT="55" WIDTH="56" VPOS="539" HPOS="899"/>
<String CONTENT="supplement" HEIGHT="71" WIDTH="396" VPOS="538" HPOS="956"/>
<SP HEIGHT="56" WIDTH="59" VPOS="540" HPOS="1353"/>
<String CONTENT="to" HEIGHT="55" WIDTH="63" VPOS="540" HPOS="1413"/>
<SP HEIGHT="59" WIDTH="61" VPOS="536" HPOS="1477"/>
<String CONTENT="Collier" HEIGHT="59" WIDTH="234" VPOS="536" HPOS="1539"/>
<SP HEIGHT="39" WIDTH="56" VPOS="555" HPOS="1774"/>
<String CONTENT="on" HEIGHT="37" WIDTH="76" VPOS="557" HPOS="1831"/>
<SP HEIGHT="55" WIDTH="68" VPOS="538" HPOS="1908"/>
<String CONTENT="bankruptcy." HEIGHT="73" WIDTH="408" VPOS="536" HPOS="1977"/>
</TextLine>
<TextLine HEIGHT="138" WIDTH="1985" VPOS="614" HPOS="378" STYLEREFS="StyleId-B1F6AB4E-828E-4E34-A790-6603422844B2-" CS="1">
<String CONTENT="13th" HEIGHT="57" WIDTH="144" VPOS="617" HPOS="380"/>
<SP HEIGHT="56" WIDTH="35" VPOS="617" HPOS="525"/>
<String CONTENT="ed.," HEIGHT="71" WIDTH="112" VPOS="617" HPOS="561"/>
<SP HEIGHT="72" WIDTH="34" VPOS="616" HPOS="674"/>
<String CONTENT="by" HEIGHT="72" WIDTH="85" VPOS="616" HPOS="709"/>
<SP HEIGHT="72" WIDTH="31" VPOS="616" HPOS="795"/>
<String CONTENT="Fred" HEIGHT="58" WIDTH="172" VPOS="616" HPOS="827"/>
<SP HEIGHT="58" WIDTH="34" VPOS="616" HPOS="1000"/>
<String CONTENT="E." HEIGHT="56" WIDTH="73" VPOS="616" HPOS="1035"/>
<SP HEIGHT="56" WIDTH="37" VPOS="616" HPOS="1109"/>
<String CONTENT="Rosbrook" HEIGHT="57" WIDTH="331" VPOS="616" HPOS="1147"/>
<SP HEIGHT="57" WIDTH="40" VPOS="616" HPOS="1479"/>
<String CS="1" CONTENT="&#8230;"/>
<SP HEIGHT="57" WIDTH="86" VPOS="615" HPOS="1583"/>
<String CONTENT="Albany," HEIGHT="72" WIDTH="269" VPOS="615" HPOS="1670"/>
<SP HEIGHT="72" WIDTH="37" VPOS="615" HPOS="1940"/>
<String CONTENT="N." HEIGHT="57" WIDTH="74" VPOS="615" HPOS="1978"/>
<SP HEIGHT="58" WIDTH="39" VPOS="614" HPOS="2053"/>
<String CONTENT="Y.," HEIGHT="73" WIDTH="93" VPOS="614" HPOS="2093"/>
<SP HEIGHT="72" WIDTH="39" VPOS="615" HPOS="2187"/>
<String CONTENT="Matthew" HEIGHT="137" WIDTH="1985" VPOS="615" HPOS="378"/>
<SP HEIGHT="57" WIDTH="32" VPOS="694" HPOS="542"/>
<String CONTENT="Bender" HEIGHT="58" WIDTH="254" VPOS="694" HPOS="575"/>
</TextLine>
<TextLine HEIGHT="73" WIDTH="1115" VPOS="693" HPOS="862" STYLEREFS="StyleId-B1F6AB4E-828E-4E34-A790-6603422844B2-">
<String CONTENT="&amp;" HEIGHT="56" WIDTH="47" VPOS="694" HPOS="862"/>
<SP HEIGHT="57" WIDTH="35" VPOS="694" HPOS="910"/>
<String CONTENT="company," HEIGHT="53" WIDTH="324" VPOS="713" HPOS="946"/>
<SP HEIGHT="73" WIDTH="33" VPOS="693" HPOS="1271"/>
<String CONTENT="incorporated," HEIGHT="72" WIDTH="467" VPOS="693" HPOS="1305"/>
<SP HEIGHT="69" WIDTH="38" VPOS="696" HPOS="1773"/>
<String CONTENT="1925." HEIGHT="56" WIDTH="165" VPOS="694" HPOS="1812"/>
</TextLine>
<TextLine HEIGHT="56" WIDTH="800" VPOS="768" HPOS="445" CS="1">
<String CONTENT="2" HEIGHT="42" WIDTH="28" VPOS="772" HPOS="445"/>
<SP/>
<String CONTENT="p." HEIGHT="38" WIDTH="39" VPOS="786" HPOS="503"/>
<SP/>
<String CS="1" CONTENT="l.,"/>
<SP/>
<String CONTENT="209," HEIGHT="50" WIDTH="95" VPOS="772" HPOS="647"/>
<SP HEIGHT="29" WIDTH="35" VPOS="795" HPOS="743"/>
<String CS="1" CONTENT="[1]," HEIGHT="29" WIDTH="27" VPOS="794" HPOS="822"/>
<SP HEIGHT="50" WIDTH="34" VPOS="772" HPOS="850"/>
<String CONTENT="105" HEIGHT="46" WIDTH="76" VPOS="768" HPOS="885"/>
<SP HEIGHT="55" WIDTH="29" VPOS="768" HPOS="962"/>
<String CONTENT="p." HEIGHT="38" WIDTH="41" VPOS="785" HPOS="992"/>
<SP HEIGHT="43" WIDTH="58" VPOS="771" HPOS="1034"/>
<String CS="1" CONTENT="25&#189;" HEIGHT="46" WIDTH="53" VPOS="769" HPOS="1093"/>
<String STYLE="superscript" CONTENT="cm" HEIGHT="21" WIDTH="47" VPOS="773" HPOS="1183"/>
<String CONTENT="." HEIGHT="8" WIDTH="9" VPOS="806" HPOS="1236"/>
</TextLine>
<TextLine HEIGHT="57" WIDTH="2012" VPOS="825" HPOS="377">
<String CONTENT="&#169;" HEIGHT="55" WIDTH="53" VPOS="827" HPOS="377"/>
<SP HEIGHT="55" WIDTH="29" VPOS="827" HPOS="431"/>
<String CONTENT="Feb." HEIGHT="47" WIDTH="108" VPOS="827" HPOS="461"/>
<SP HEIGHT="43" WIDTH="27" VPOS="829" HPOS="570"/>
<String CONTENT="2," HEIGHT="53" WIDTH="39" VPOS="829" HPOS="598"/>
<SP HEIGHT="52" WIDTH="31" VPOS="830" HPOS="638"/>
<String CONTENT="1925;" HEIGHT="56" WIDTH="129" VPOS="826" HPOS="670"/>
<SP HEIGHT="54" WIDTH="28" VPOS="828" HPOS="800"/>
<String CONTENT="2c." HEIGHT="44" WIDTH="66" VPOS="828" HPOS="829"/>
<SP HEIGHT="44" WIDTH="28" VPOS="827" HPOS="896"/>
<String CONTENT="Feb." HEIGHT="45" WIDTH="106" VPOS="827" HPOS="925"/>
<SP HEIGHT="44" WIDTH="29" VPOS="828" HPOS="1032"/>
<String CONTENT="6;" HEIGHT="54" WIDTH="48" VPOS="828" HPOS="1062"/>
<SP HEIGHT="39" WIDTH="31" VPOS="843" HPOS="1111"/>
<String CONTENT="aff." HEIGHT="43" WIDTH="79" VPOS="829" HPOS="1143"/>
<SP HEIGHT="45" WIDTH="29" VPOS="827" HPOS="1223"/>
<String CONTENT="Feb." HEIGHT="45" WIDTH="106" VPOS="827" HPOS="1253"/>
<SP HEIGHT="43" WIDTH="30" VPOS="828" HPOS="1360"/>
<String CONTENT="3;" HEIGHT="52" WIDTH="49" VPOS="828" HPOS="1391"/>
<SP HEIGHT="52" WIDTH="32" VPOS="828" HPOS="1441"/>
<!-- cceid 2C02D029-6DD5-1014-B757-AF09C522E301 --><String CONTENT="A" HEIGHT="42" WIDTH="43" VPOS="828" HPOS="1474"/>
<SP HEIGHT="42" WIDTH="29" VPOS="828" HPOS="1518"/>
<String CONTENT="815949;" HEIGHT="55" WIDTH="191" VPOS="825" HPOS="1548"/>
<SP HEIGHT="52" WIDTH="31" VPOS="828" HPOS="1740"/>
<String CONTENT="Matthew" HEIGHT="44" WIDTH="225" VPOS="827" HPOS="1772"/>
<SP HEIGHT="43" WIDTH="32" VPOS="828" HPOS="1998"/>
<String CONTENT="Bender" HEIGHT="44" WIDTH="178" VPOS="828" HPOS="2031"/>
<SP HEIGHT="44" WIDTH="31" VPOS="828" HPOS="2210"/>
<String CONTENT="&amp;" HEIGHT="44" WIDTH="38" VPOS="828" HPOS="2242"/>
<SP HEIGHT="44" WIDTH="25" VPOS="828" HPOS="2281"/>
<String CONTENT="co.," HEIGHT="39" WIDTH="82" VPOS="842" HPOS="2307"/>
</TextLine>
<TextLine HEIGHT="42" WIDTH="83" VPOS="889" HPOS="449">
<String CONTENT="inc." HEIGHT="42" WIDTH="83" VPOS="889" HPOS="449"/>
</TextLine>
<TextLine HEIGHT="75" WIDTH="581" VPOS="984" HPOS="378" STYLEREFS="StyleId-ED399C91-6CDF-4E33-AADA-6D9204FE4A11-">
<String CONTENT="Colton," HEIGHT="74" WIDTH="239" VPOS="985" HPOS="378"/>
<SP HEIGHT="72" WIDTH="36" VPOS="987" HPOS="618"/>
<String CONTENT="Jessie" HEIGHT="61" WIDTH="206" VPOS="984" HPOS="655"/>
<SP HEIGHT="59" WIDTH="34" VPOS="986" HPOS="862"/>
<String CONTENT="S." HEIGHT="59" WIDTH="62" VPOS="986" HPOS="897"/>
</TextLine>
<TextLine HEIGHT="153" WIDTH="1993" VPOS="1077" HPOS="378" STYLEREFS="StyleId-B1F6AB4E-828E-4E34-A790-6603422844B2-" CS="1">
<String CONTENT="An" HEIGHT="57" WIDTH="103" VPOS="1079" HPOS="455"/>
<SP HEIGHT="38" WIDTH="28" VPOS="1099" HPOS="559"/>
<String CONTENT="outline" HEIGHT="58" WIDTH="235" VPOS="1079" HPOS="588"/>
<SP HEIGHT="55" WIDTH="28" VPOS="1082" HPOS="824"/>
<String CONTENT="tour" HEIGHT="55" WIDTH="144" VPOS="1082" HPOS="853"/>
<SP HEIGHT="38" WIDTH="27" VPOS="1099" HPOS="998"/>
<String CONTENT="of" HEIGHT="57" WIDTH="69" VPOS="1080" HPOS="1026"/>
<SP HEIGHT="59" WIDTH="25" VPOS="1079" HPOS="1096"/>
<String CONTENT="Great" HEIGHT="59" WIDTH="196" VPOS="1079" HPOS="1122"/>
<SP HEIGHT="58" WIDTH="25" VPOS="1078" HPOS="1319"/>
<String CONTENT="Britain;" HEIGHT="73" WIDTH="285" VPOS="1077" HPOS="1345"/>
<SP HEIGHT="52" WIDTH="30" VPOS="1098" HPOS="1631"/>
<String CONTENT="an" HEIGHT="38" WIDTH="80" VPOS="1098" HPOS="1662"/>
<SP HEIGHT="38" WIDTH="28" VPOS="1099" HPOS="1743"/>
<String CONTENT="account" HEIGHT="54" WIDTH="259" VPOS="1083" HPOS="1772"/>
<SP HEIGHT="54" WIDTH="28" VPOS="1083" HPOS="2032"/>
<String CONTENT="of" HEIGHT="57" WIDTH="69" VPOS="1080" HPOS="2061"/>
<SP HEIGHT="58" WIDTH="28" VPOS="1080" HPOS="2131"/>
<String CONTENT="a" HEIGHT="37" WIDTH="35" VPOS="1101" HPOS="2160"/>
<SP HEIGHT="73" WIDTH="26" VPOS="1080" HPOS="2196"/>
<String CONTENT="journey" HEIGHT="150" WIDTH="1993" VPOS="1080" HPOS="378"/>
</TextLine>
<TextLine HEIGHT="153" WIDTH="1992" VPOS="1156" HPOS="379" STYLEREFS="StyleId-B1F6AB4E-828E-4E34-A790-6603422844B2-" CS="1">
<String CONTENT="by" HEIGHT="70" WIDTH="84" VPOS="1159" HPOS="528"/>
<SP HEIGHT="51" WIDTH="29" VPOS="1178" HPOS="613"/>
<String CONTENT="automobile" HEIGHT="58" WIDTH="378" VPOS="1157" HPOS="643"/>
<SP HEIGHT="37" WIDTH="33" VPOS="1178" HPOS="1022"/>
<String CONTENT="arranged" HEIGHT="73" WIDTH="315" VPOS="1157" HPOS="1056"/>
<SP HEIGHT="57" WIDTH="29" VPOS="1157" HPOS="1372"/>
<String CONTENT="by" HEIGHT="71" WIDTH="85" VPOS="1157" HPOS="1402"/>
<SP HEIGHT="71" WIDTH="27" VPOS="1157" HPOS="1488"/>
<String CONTENT="Jessie" HEIGHT="58" WIDTH="209" VPOS="1157" HPOS="1516"/>
<SP HEIGHT="59" WIDTH="34" VPOS="1157" HPOS="1726"/>
<String CONTENT="S." HEIGHT="59" WIDTH="61" VPOS="1157" HPOS="1761"/>
<SP HEIGHT="60" WIDTH="35" VPOS="1156" HPOS="1823"/>
<String CONTENT="Colton." HEIGHT="60" WIDTH="241" VPOS="1156" HPOS="1859"/>
<SP HEIGHT="57" WIDTH="82" VPOS="1159" HPOS="2101"/>
<String CONTENT="Philadelphia," HEIGHT="150" WIDTH="1992" VPOS="1159" HPOS="379"/>
<SP HEIGHT="70" WIDTH="30" VPOS="1239" HPOS="652"/>
<String CONTENT="1924." HEIGHT="56" WIDTH="166" VPOS="1237" HPOS="683"/>
</TextLine>
<TextLine HEIGHT="53" WIDTH="310" VPOS="1315" HPOS="447">
<String CONTENT="80" HEIGHT="45" WIDTH="57" VPOS="1315" HPOS="447"/>
<SP HEIGHT="53" WIDTH="28" VPOS="1315" HPOS="505"/>
<String CONTENT="p." HEIGHT="39" WIDTH="39" VPOS="1329" HPOS="534"/>
<SP HEIGHT="43" WIDTH="62" VPOS="1316" HPOS="574"/>
<String CONTENT="19" HEIGHT="45" WIDTH="52" VPOS="1315" HPOS="637"/>
<String STYLE="superscript" CONTENT="cm" HEIGHT="19" WIDTH="48" VPOS="1316" HPOS="694"/>
<String CONTENT="." HEIGHT="8" WIDTH="9" VPOS="1350" HPOS="748"/>
</TextLine>
<TextLine HEIGHT="56" WIDTH="510" VPOS="1369" HPOS="453">
<String CONTENT="Bibliography:" HEIGHT="54" WIDTH="352" VPOS="1371" HPOS="453"/>
<SP HEIGHT="39" WIDTH="29" VPOS="1386" HPOS="806"/>
<String CONTENT="p." HEIGHT="39" WIDTH="40" VPOS="1386" HPOS="836"/>
<SP HEIGHT="32" WIDTH="30" VPOS="1388" HPOS="877"/>
<String CONTENT="[5]" HEIGHT="51" WIDTH="55" VPOS="1369" HPOS="908"/>
</TextLine>
<TextLine HEIGHT="53" WIDTH="921" VPOS="1429" HPOS="451">
<String CONTENT="Folded" HEIGHT="46" WIDTH="172" VPOS="1429" HPOS="451"/>
<SP HEIGHT="44" WIDTH="25" VPOS="1431" HPOS="624"/>
<String CONTENT="map" HEIGHT="38" WIDTH="106" VPOS="1444" HPOS="650"/>
<SP HEIGHT="39" WIDTH="23" VPOS="1443" HPOS="757"/>
<String CONTENT="mounted" HEIGHT="45" WIDTH="214" VPOS="1429" HPOS="781"/>
<SP HEIGHT="45" WIDTH="27" VPOS="1429" HPOS="996"/>
<String CONTENT="on" HEIGHT="30" WIDTH="59" VPOS="1444" HPOS="1024"/>
<SP HEIGHT="31" WIDTH="26" VPOS="1443" HPOS="1084"/>
<String CONTENT="end" HEIGHT="44" WIDTH="85" VPOS="1430" HPOS="1111"/>
<SP HEIGHT="44" WIDTH="25" VPOS="1430" HPOS="1197"/>
<String CONTENT="cover." HEIGHT="31" WIDTH="149" VPOS="1442" HPOS="1223"/>
</TextLine>
<TextLine HEIGHT="58" WIDTH="2009" VPOS="1484" HPOS="381">
<String CONTENT="&#169;" HEIGHT="54" WIDTH="53" VPOS="1487" HPOS="381"/>
<SP HEIGHT="54" WIDTH="32" VPOS="1487" HPOS="435"/>
<String CONTENT="Aug." HEIGHT="53" WIDTH="120" VPOS="1489" HPOS="468"/>
<SP HEIGHT="43" WIDTH="32" VPOS="1489" HPOS="589"/>
<String CONTENT="4," HEIGHT="48" WIDTH="37" VPOS="1489" HPOS="622"/>
<SP HEIGHT="48" WIDTH="34" VPOS="1489" HPOS="660"/>
<String CONTENT="1924;" HEIGHT="51" WIDTH="129" VPOS="1488" HPOS="695"/>
<SP HEIGHT="51" WIDTH="32" VPOS="1488" HPOS="825"/>
<String CONTENT="2c." HEIGHT="43" WIDTH="65" VPOS="1488" HPOS="858"/>
<SP HEIGHT="29" WIDTH="32" VPOS="1502" HPOS="924"/>
<String CONTENT="and" HEIGHT="43" WIDTH="87" VPOS="1488" HPOS="957"/>
<SP HEIGHT="43" WIDTH="31" VPOS="1488" HPOS="1045"/>
<String CONTENT="aff." HEIGHT="44" WIDTH="79" VPOS="1487" HPOS="1077"/>
<SP HEIGHT="52" WIDTH="32" VPOS="1487" HPOS="1157"/>
<String CONTENT="Jan." HEIGHT="52" WIDTH="100" VPOS="1487" HPOS="1190"/>
<SP HEIGHT="41" WIDTH="35" VPOS="1488" HPOS="1291"/>
<String CONTENT="10," HEIGHT="53" WIDTH="63" VPOS="1486" HPOS="1327"/>
<SP HEIGHT="51" WIDTH="35" VPOS="1488" HPOS="1391"/>
<String CONTENT="1925;" HEIGHT="54" WIDTH="130" VPOS="1484" HPOS="1427"/>
<SP HEIGHT="50" WIDTH="34" VPOS="1488" HPOS="1558"/>
<!-- cceid 2C0366F2-6DD5-1014-B757-AF09C522E301 --><String CONTENT="A" HEIGHT="42" WIDTH="43" VPOS="1488" HPOS="1593"/>
<SP HEIGHT="42" WIDTH="31" VPOS="1488" HPOS="1637"/>
<String CONTENT="815510;" HEIGHT="54" WIDTH="190" VPOS="1485" HPOS="1669"/>
<SP HEIGHT="52" WIDTH="33" VPOS="1489" HPOS="1860"/>
<String CONTENT="J." HEIGHT="52" WIDTH="40" VPOS="1489" HPOS="1894"/>
<SP HEIGHT="47" WIDTH="36" VPOS="1486" HPOS="1935"/>
<String CONTENT="S." HEIGHT="47" WIDTH="44" VPOS="1486" HPOS="1972"/>
<SP HEIGHT="46" WIDTH="35" VPOS="1486" HPOS="2017"/>
<String CONTENT="Colton," HEIGHT="53" WIDTH="177" VPOS="1486" HPOS="2053"/>
<SP HEIGHT="50" WIDTH="34" VPOS="1489" HPOS="2231"/>
<String CONTENT="Bryn" HEIGHT="53" WIDTH="124" VPOS="1489" HPOS="2266"/>
</TextLine>
<TextLine HEIGHT="56" WIDTH="583" VPOS="1543" HPOS="452">
<String CONTENT="Mawr," HEIGHT="50" WIDTH="164" VPOS="1546" HPOS="452"/>
<SP HEIGHT="50" WIDTH="29" VPOS="1546" HPOS="617"/>
<String CONTENT="Pa." HEIGHT="42" WIDTH="77" VPOS="1546" HPOS="647"/>
<SP HEIGHT="53" WIDTH="64" VPOS="1546" HPOS="725"/>
<String CONTENT="(25-4447)" HEIGHT="56" WIDTH="245" VPOS="1543" HPOS="790"/>
</TextLine>
<TextLine HEIGHT="75" WIDTH="1297" VPOS="1643" HPOS="377" STYLEREFS="StyleId-B1F6AB4E-828E-4E34-A790-6603422844B2-">
<String CONTENT="De" HEIGHT="58" WIDTH="96" VPOS="1646" HPOS="377"/>
<SP HEIGHT="57" WIDTH="35" VPOS="1646" HPOS="474"/>
<String CONTENT="Menil," HEIGHT="74" WIDTH="212" VPOS="1644" HPOS="510"/>
<SP HEIGHT="73" WIDTH="37" VPOS="1645" HPOS="723"/>
<String CONTENT="Alexander" HEIGHT="59" WIDTH="365" VPOS="1643" HPOS="761"/>
<SP HEIGHT="57" WIDTH="38" VPOS="1644" HPOS="1127"/>
<String CONTENT="Nicolas," HEIGHT="74" WIDTH="272" VPOS="1643" HPOS="1166"/>
<SP HEIGHT="69" WIDTH="43" VPOS="1648" HPOS="1439"/>
<String CONTENT="1849-" HEIGHT="58" WIDTH="191" VPOS="1646" HPOS="1483"/>
</TextLine>
<TextLine HEIGHT="76" WIDTH="1942" VPOS="1736" HPOS="452" STYLEREFS="StyleId-B1F6AB4E-828E-4E34-A790-6603422844B2-">
<String CONTENT="The" HEIGHT="57" WIDTH="132" VPOS="1739" HPOS="452"/>
<SP HEIGHT="59" WIDTH="29" VPOS="1738" HPOS="585"/>
<String CONTENT="St." HEIGHT="59" WIDTH="89" VPOS="1738" HPOS="615"/>
<SP HEIGHT="56" WIDTH="31" VPOS="1738" HPOS="705"/>
<String CONTENT="Louis" HEIGHT="58" WIDTH="191" VPOS="1737" HPOS="737"/>
<SP HEIGHT="57" WIDTH="26" VPOS="1738" HPOS="929"/>
<String CONTENT="book" HEIGHT="59" WIDTH="161" VPOS="1736" HPOS="956"/>
<SP HEIGHT="58" WIDTH="25" VPOS="1736" HPOS="1118"/>
<String CONTENT="authors," HEIGHT="72" WIDTH="281" VPOS="1736" HPOS="1144"/>
<SP HEIGHT="71" WIDTH="25" VPOS="1737" HPOS="1426"/>
<String CONTENT="by" HEIGHT="71" WIDTH="86" VPOS="1737" HPOS="1452"/>
<SP HEIGHT="72" WIDTH="22" VPOS="1736" HPOS="1539"/>
<String CONTENT="Alexander" HEIGHT="60" WIDTH="365" VPOS="1736" HPOS="1562"/>
<SP HEIGHT="57" WIDTH="25" VPOS="1738" HPOS="1928"/>
<String CONTENT="N." HEIGHT="57" WIDTH="74" VPOS="1738" HPOS="1954"/>
<SP HEIGHT="57" WIDTH="30" VPOS="1738" HPOS="2029"/>
<String CONTENT="De" HEIGHT="62" WIDTH="92" VPOS="1738" HPOS="2060"/>
<SP HEIGHT="61" WIDTH="28" VPOS="1739" HPOS="2153"/>
<String CONTENT="Menil," HEIGHT="73" WIDTH="212" VPOS="1739" HPOS="2182"/>
</TextLine>
<TextLine HEIGHT="153" WIDTH="1995" VPOS="1815" HPOS="379" STYLEREFS="StyleId-B1F6AB4E-828E-4E34-A790-6603422844B2-" CS="1">
<String CS="1" CONTENT="LL." HEIGHT="11" WIDTH="10" VPOS="1864" HPOS="461"/>
<SP HEIGHT="38" WIDTH="35" VPOS="1837" HPOS="472"/>
<String CS="1" CONTENT="D." HEIGHT="11" WIDTH="10" VPOS="1864" HPOS="550"/>
<SP HEIGHT="59" WIDTH="85" VPOS="1816" HPOS="561"/>
<String CONTENT="St." HEIGHT="59" WIDTH="90" VPOS="1816" HPOS="647"/>
<SP HEIGHT="57" WIDTH="37" VPOS="1816" HPOS="738"/>
<String CONTENT="Louis," HEIGHT="71" WIDTH="213" VPOS="1815" HPOS="776"/>
<SP HEIGHT="70" WIDTH="35" VPOS="1816" HPOS="990"/>
<String CONTENT="Mo.," HEIGHT="71" WIDTH="144" VPOS="1816" HPOS="1026"/>
<SP HEIGHT="71" WIDTH="39" VPOS="1816" HPOS="1171"/>
<String CONTENT="The" HEIGHT="56" WIDTH="130" VPOS="1816" HPOS="1211"/>
<SP HEIGHT="57" WIDTH="33" VPOS="1815" HPOS="1342"/>
<String CONTENT="William" HEIGHT="58" WIDTH="283" VPOS="1815" HPOS="1376"/>
<SP HEIGHT="57" WIDTH="33" VPOS="1815" HPOS="1660"/>
<String CONTENT="Harvey" HEIGHT="73" WIDTH="264" VPOS="1815" HPOS="1694"/>
<SP HEIGHT="71" WIDTH="34" VPOS="1817" HPOS="1959"/>
<String CONTENT="Miner" HEIGHT="60" WIDTH="209" VPOS="1815" HPOS="1994"/>
<SP HEIGHT="40" WIDTH="33" VPOS="1836" HPOS="2204"/>
<String CONTENT="company," HEIGHT="131" WIDTH="1995" VPOS="1837" HPOS="379"/>
<SP HEIGHT="71" WIDTH="27" VPOS="1895" HPOS="570"/>
<String CONTENT="inc.;" HEIGHT="72" WIDTH="151" VPOS="1895" HPOS="598"/>
<SP HEIGHT="48" WIDTH="34" VPOS="1919" HPOS="750"/>
<String CONTENT="[etc.," HEIGHT="70" WIDTH="150" VPOS="1897" HPOS="785"/>
<SP HEIGHT="52" WIDTH="32" VPOS="1914" HPOS="936"/>
<String CONTENT="etc.]" HEIGHT="69" WIDTH="129" VPOS="1898" HPOS="969"/>
<SP HEIGHT="71" WIDTH="35" VPOS="1896" HPOS="1099"/>
<String CONTENT="1925." HEIGHT="57" WIDTH="166" VPOS="1894" HPOS="1135"/>
</TextLine>
<TextLine HEIGHT="57" WIDTH="879" VPOS="1970" HPOS="451" CS="1">
<String CONTENT="69" HEIGHT="46" WIDTH="56" VPOS="1973" HPOS="451"/>
<SP HEIGHT="52" WIDTH="26" VPOS="1974" HPOS="508"/>
<String CONTENT="p." HEIGHT="38" WIDTH="42" VPOS="1988" HPOS="535"/>
<SP HEIGHT="43" WIDTH="58" VPOS="1974" HPOS="578"/>
<String CONTENT="illus." HEIGHT="45" WIDTH="117" VPOS="1972" HPOS="637"/>
<SP HEIGHT="54" WIDTH="25" VPOS="1973" HPOS="755"/>
<String CONTENT="(incl." HEIGHT="55" WIDTH="127" VPOS="1972" HPOS="781"/>
<SP HEIGHT="53" WIDTH="33" VPOS="1972" HPOS="909"/>
<String CONTENT="ports.)" HEIGHT="53" WIDTH="167" VPOS="1972" HPOS="943"/>
<SP HEIGHT="52" WIDTH="70" VPOS="1972" HPOS="1111"/>
<String CS="1" CONTENT="17&#189;" HEIGHT="46" WIDTH="51" VPOS="1970" HPOS="1182"/>
<String STYLE="superscript" CONTENT="cm" HEIGHT="18" WIDTH="47" VPOS="1974" HPOS="1268"/>
<String CONTENT="." HEIGHT="9" WIDTH="9" VPOS="2009" HPOS="1321"/>
</TextLine>
<TextLine HEIGHT="57" WIDTH="2011" VPOS="2029" HPOS="381">
<String CONTENT="&#169;" HEIGHT="55" WIDTH="53" VPOS="2031" HPOS="381"/>
<SP HEIGHT="55" WIDTH="22" VPOS="2031" HPOS="435"/>
<String CONTENT="Feb." HEIGHT="46" WIDTH="109" VPOS="2031" HPOS="458"/>
<SP HEIGHT="43" WIDTH="28" VPOS="2033" HPOS="568"/>
<String CONTENT="10," HEIGHT="51" WIDTH="62" VPOS="2031" HPOS="597"/>
<SP HEIGHT="49" WIDTH="27" VPOS="2033" HPOS="660"/>
<String CONTENT="1925;" HEIGHT="54" WIDTH="130" VPOS="2029" HPOS="688"/>
<SP HEIGHT="52" WIDTH="23" VPOS="2031" HPOS="819"/>
<String CONTENT="2c." HEIGHT="44" WIDTH="66" VPOS="2031" HPOS="843"/>
<SP HEIGHT="28" WIDTH="24" VPOS="2047" HPOS="910"/>
<String CONTENT="and" HEIGHT="44" WIDTH="87" VPOS="2031" HPOS="935"/>
<SP HEIGHT="44" WIDTH="22" VPOS="2031" HPOS="1023"/>
<String CONTENT="aff." HEIGHT="44" WIDTH="80" VPOS="2031" HPOS="1046"/>
<SP HEIGHT="46" WIDTH="25" VPOS="2029" HPOS="1127"/>
<String CONTENT="Feb." HEIGHT="47" WIDTH="106" VPOS="2029" HPOS="1153"/>
<SP HEIGHT="44" WIDTH="24" VPOS="2031" HPOS="1260"/>
<String CONTENT="20;" HEIGHT="49" WIDTH="78" VPOS="2029" HPOS="1285"/>
<SP HEIGHT="47" WIDTH="28" VPOS="2031" HPOS="1364"/>
<!-- cceid 2C03FEF9-6DD5-1014-B757-AF09C522E301 --><String CONTENT="A" HEIGHT="43" WIDTH="43" VPOS="2031" HPOS="1393"/>
<SP HEIGHT="45" WIDTH="25" VPOS="2030" HPOS="1437"/>
<String CONTENT="822121;" HEIGHT="53" WIDTH="191" VPOS="2030" HPOS="1463"/>
<SP HEIGHT="52" WIDTH="28" VPOS="2031" HPOS="1655"/>
<String CONTENT="A." HEIGHT="44" WIDTH="56" VPOS="2031" HPOS="1684"/>
<SP HEIGHT="43" WIDTH="27" VPOS="2032" HPOS="1741"/>
<String CONTENT="N." HEIGHT="44" WIDTH="60" VPOS="2032" HPOS="1769"/>
<SP HEIGHT="44" WIDTH="25" VPOS="2032" HPOS="1830"/>
<String CONTENT="De" HEIGHT="44" WIDTH="70" VPOS="2032" HPOS="1856"/>
<SP HEIGHT="44" WIDTH="28" VPOS="2032" HPOS="1927"/>
<String CONTENT="Menil," HEIGHT="55" WIDTH="158" VPOS="2030" HPOS="1956"/>
<SP HEIGHT="55" WIDTH="30" VPOS="2030" HPOS="2115"/>
<String CONTENT="St." HEIGHT="49" WIDTH="65" VPOS="2030" HPOS="2146"/>
<SP HEIGHT="44" WIDTH="28" VPOS="2032" HPOS="2212"/>
<String CONTENT="Louis." HEIGHT="46" WIDTH="151" VPOS="2031" HPOS="2241"/>
</TextLine>
<TextLine HEIGHT="56" WIDTH="246" VPOS="2088" HPOS="461">
<String CONTENT="(25-5790)" HEIGHT="56" WIDTH="246" VPOS="2088" HPOS="461"/>
</TextLine>
<TextLine HEIGHT="73" WIDTH="703" VPOS="2191" HPOS="382" STYLEREFS="StyleId-ED399C91-6CDF-4E33-AADA-6D9204FE4A11-">
<String CONTENT="Dewey," HEIGHT="72" WIDTH="246" VPOS="2192" HPOS="382"/>
<SP HEIGHT="72" WIDTH="38" VPOS="2191" HPOS="629"/>
<String CONTENT="John," HEIGHT="71" WIDTH="186" VPOS="2191" HPOS="668"/>
<SP HEIGHT="69" WIDTH="39" VPOS="2193" HPOS="855"/>
<String CONTENT="1859-" HEIGHT="57" WIDTH="190" VPOS="2192" HPOS="895"/>
</TextLine>
<TextLine HEIGHT="76" WIDTH="1933" VPOS="2282" HPOS="461" STYLEREFS="StyleId-B1F6AB4E-828E-4E34-A790-6603422844B2-" CS="1">
<String CONTENT="Experience" HEIGHT="72" WIDTH="389" VPOS="2283" HPOS="461"/>
<SP HEIGHT="37" WIDTH="39" VPOS="2303" HPOS="851"/>
<String CONTENT="and" HEIGHT="57" WIDTH="126" VPOS="2283" HPOS="891"/>
<SP HEIGHT="57" WIDTH="31" VPOS="2283" HPOS="1018"/>
<String CONTENT="nature," HEIGHT="69" WIDTH="245" VPOS="2285" HPOS="1050"/>
<SP HEIGHT="72" WIDTH="36" VPOS="2282" HPOS="1296"/>
<String CONTENT="by" HEIGHT="72" WIDTH="82" VPOS="2282" HPOS="1333"/>
<SP HEIGHT="71" WIDTH="35" VPOS="2283" HPOS="1416"/>
<String CONTENT="John" HEIGHT="57" WIDTH="168" VPOS="2283" HPOS="1452"/>
<SP HEIGHT="55" WIDTH="40" VPOS="2284" HPOS="1621"/>
<String CONTENT="Dewey" HEIGHT="71" WIDTH="232" VPOS="2284" HPOS="1662"/>
<SP HEIGHT="51" WIDTH="38" VPOS="2304" HPOS="1895"/>
<String CS="1" CONTENT="&#8230;"/>
<SP HEIGHT="60" WIDTH="105" VPOS="2283" HPOS="1997"/>
<String CONTENT="Chicago," HEIGHT="75" WIDTH="291" VPOS="2283" HPOS="2103"/>
</TextLine>
<TextLine HEIGHT="80" WIDTH="1700" VPOS="2354" HPOS="383" STYLEREFS="StyleId-B1F6AB4E-828E-4E34-A790-6603422844B2-">
<String CONTENT="London," HEIGHT="70" WIDTH="280" VPOS="2363" HPOS="383"/>
<SP HEIGHT="72" WIDTH="41" VPOS="2361" HPOS="664"/>
<String CONTENT="Open" HEIGHT="71" WIDTH="180" VPOS="2361" HPOS="706"/>
<SP HEIGHT="37" WIDTH="37" VPOS="2381" HPOS="887"/>
<String CONTENT="court" HEIGHT="55" WIDTH="182" VPOS="2363" HPOS="925"/>
<SP HEIGHT="69" WIDTH="35" VPOS="2363" HPOS="1108"/>
<String CONTENT="publishing" HEIGHT="72" WIDTH="365" VPOS="2360" HPOS="1144"/>
<SP HEIGHT="52" WIDTH="39" VPOS="2380" HPOS="1510"/>
<String CONTENT="company," HEIGHT="54" WIDTH="325" VPOS="2380" HPOS="1550"/>
<SP HEIGHT="69" WIDTH="42" VPOS="2365" HPOS="1876"/>
<String CONTENT="1925." HEIGHT="65" WIDTH="164" VPOS="2354" HPOS="1919"/>
</TextLine>
<TextLine HEIGHT="57" WIDTH="1882" VPOS="2436" HPOS="454" CS="1">
<String CONTENT="xi," HEIGHT="52" WIDTH="62" VPOS="2439" HPOS="454"/>
<SP HEIGHT="51" WIDTH="24" VPOS="2440" HPOS="517"/>
<String CONTENT="443" HEIGHT="43" WIDTH="80" VPOS="2440" HPOS="542"/>
<SP HEIGHT="51" WIDTH="25" VPOS="2440" HPOS="623"/>
<String CONTENT="p." HEIGHT="37" WIDTH="38" VPOS="2454" HPOS="649"/>
<SP HEIGHT="43" WIDTH="50" VPOS="2439" HPOS="688"/>
<String CS="1" CONTENT="23&#189;" HEIGHT="43" WIDTH="53" VPOS="2439" HPOS="739"/>
<String STYLE="superscript" CONTENT="cm" HEIGHT="17" WIDTH="45" VPOS="2441" HPOS="829"/>
<String CONTENT="." HEIGHT="7" WIDTH="8" VPOS="2474" HPOS="882"/>
<SP HEIGHT="49" WIDTH="62" VPOS="2438" HPOS="891"/>
<String CONTENT="(Lectures" HEIGHT="50" WIDTH="244" VPOS="2437" HPOS="954"/>
<SP HEIGHT="29" WIDTH="23" VPOS="2452" HPOS="1199"/>
<String CONTENT="upon" HEIGHT="37" WIDTH="118" VPOS="2452" HPOS="1223"/>
<SP HEIGHT="36" WIDTH="28" VPOS="2445" HPOS="1342"/>
<String CONTENT="the" HEIGHT="44" WIDTH="73" VPOS="2437" HPOS="1371"/>
<SP HEIGHT="42" WIDTH="26" VPOS="2439" HPOS="1445"/>
<String CONTENT="Paul" HEIGHT="43" WIDTH="113" VPOS="2438" HPOS="1472"/>
<SP HEIGHT="46" WIDTH="29" VPOS="2436" HPOS="1586"/>
<String LANG="la" CONTENT="Carus" HEIGHT="46" WIDTH="144" VPOS="2436" HPOS="1616"/>
<SP HEIGHT="44" WIDTH="28" VPOS="2438" HPOS="1761"/>
<String CONTENT="foundation." HEIGHT="45" WIDTH="281" VPOS="2438" HPOS="1790"/>
<SP HEIGHT="42" WIDTH="57" VPOS="2441" HPOS="2072"/>
<String CONTENT="1st" HEIGHT="42" WIDTH="67" VPOS="2441" HPOS="2130"/>
<SP HEIGHT="37" WIDTH="24" VPOS="2447" HPOS="2198"/>
<String CONTENT="ser.)" HEIGHT="52" WIDTH="113" VPOS="2441" HPOS="2223"/>
</TextLine>
<TextLine HEIGHT="56" WIDTH="1928" VPOS="2493" HPOS="383">
<String CONTENT="&#169;" HEIGHT="54" WIDTH="53" VPOS="2495" HPOS="383"/>
<SP HEIGHT="54" WIDTH="21" VPOS="2495" HPOS="437"/>
<String CONTENT="Feb." HEIGHT="45" WIDTH="108" VPOS="2495" HPOS="459"/>
<SP HEIGHT="42" WIDTH="28" VPOS="2497" HPOS="568"/>
<String CONTENT="14," HEIGHT="52" WIDTH="61" VPOS="2496" HPOS="597"/>
<SP HEIGHT="52" WIDTH="27" VPOS="2496" HPOS="659"/>
<String CONTENT="1925;" HEIGHT="54" WIDTH="129" VPOS="2493" HPOS="687"/>
<SP HEIGHT="52" WIDTH="25" VPOS="2495" HPOS="817"/>
<String CONTENT="2c." HEIGHT="44" WIDTH="64" VPOS="2495" HPOS="843"/>
<SP HEIGHT="29" WIDTH="23" VPOS="2510" HPOS="908"/>
<String CONTENT="and" HEIGHT="44" WIDTH="87" VPOS="2495" HPOS="932"/>
<SP HEIGHT="44" WIDTH="23" VPOS="2495" HPOS="1020"/>
<String CONTENT="aff." HEIGHT="43" WIDTH="78" VPOS="2495" HPOS="1044"/>
<SP HEIGHT="45" WIDTH="25" VPOS="2493" HPOS="1123"/>
<String CONTENT="Feb." HEIGHT="45" WIDTH="107" VPOS="2493" HPOS="1149"/>
<SP HEIGHT="42" WIDTH="22" VPOS="2495" HPOS="1257"/>
<String CONTENT="20;" HEIGHT="52" WIDTH="79" VPOS="2494" HPOS="1280"/>
<SP HEIGHT="51" WIDTH="28" VPOS="2495" HPOS="1360"/>
<!-- cceid 2C0498DE-6DD5-1014-B757-AF09C522E301 --><String CONTENT="A" HEIGHT="42" WIDTH="41" VPOS="2495" HPOS="1389"/>
<SP HEIGHT="43" WIDTH="25" VPOS="2495" HPOS="1431"/>
<String CONTENT="822122;" HEIGHT="49" WIDTH="188" VPOS="2495" HPOS="1457"/>
<SP HEIGHT="49" WIDTH="29" VPOS="2495" HPOS="1646"/>
<String CONTENT="Open" HEIGHT="53" WIDTH="128" VPOS="2495" HPOS="1676"/>
<SP HEIGHT="28" WIDTH="24" VPOS="2511" HPOS="1805"/>
<String CONTENT="court" HEIGHT="36" WIDTH="128" VPOS="2504" HPOS="1830"/>
<SP HEIGHT="44" WIDTH="25" VPOS="2504" HPOS="1959"/>
<String CONTENT="pub." HEIGHT="52" WIDTH="100" VPOS="2496" HPOS="1985"/>
<SP HEIGHT="28" WIDTH="25" VPOS="2513" HPOS="2086"/>
<String CONTENT="co." HEIGHT="28" WIDTH="66" VPOS="2513" HPOS="2112"/>
<SP HEIGHT="37" WIDTH="51" VPOS="2505" HPOS="2179"/>
<String CONTENT="916" HEIGHT="38" WIDTH="80" VPOS="2504" HPOS="2231"/>
</TextLine>
<TextLine HEIGHT="75" WIDTH="712" VPOS="2595" HPOS="380" STYLEREFS="StyleId-ED399C91-6CDF-4E33-AADA-6D9204FE4A11-">
<String CONTENT="Dorgan," HEIGHT="71" WIDTH="276" VPOS="2599" HPOS="380"/>
<SP HEIGHT="73" WIDTH="41" VPOS="2597" HPOS="657"/>
<String CONTENT="Maurice" HEIGHT="60" WIDTH="283" VPOS="2595" HPOS="699"/>
<SP HEIGHT="58" WIDTH="37" VPOS="2597" HPOS="983"/>
<String CONTENT="B." HEIGHT="58" WIDTH="71" VPOS="2597" HPOS="1021"/>
</TextLine>
<TextLine HEIGHT="77" WIDTH="1938" VPOS="2687" HPOS="457" STYLEREFS="StyleId-B1F6AB4E-828E-4E34-A790-6603422844B2-">
<String CONTENT="History" HEIGHT="71" WIDTH="272" VPOS="2689" HPOS="457"/>
<SP HEIGHT="52" WIDTH="25" VPOS="2708" HPOS="730"/>
<String CONTENT="of" HEIGHT="58" WIDTH="67" VPOS="2688" HPOS="756"/>
<SP HEIGHT="57" WIDTH="26" VPOS="2688" HPOS="824"/>
<String CONTENT="Lawrence," HEIGHT="72" WIDTH="352" VPOS="2688" HPOS="851"/>
<SP HEIGHT="72" WIDTH="28" VPOS="2688" HPOS="1204"/>
<String CONTENT="Massachusetts," HEIGHT="74" WIDTH="519" VPOS="2687" HPOS="1233"/>
<SP HEIGHT="51" WIDTH="27" VPOS="2710" HPOS="1753"/>
<String CONTENT="with" HEIGHT="57" WIDTH="153" VPOS="2689" HPOS="1781"/>
<SP HEIGHT="58" WIDTH="24" VPOS="2689" HPOS="1935"/>
<String CONTENT="war" HEIGHT="38" WIDTH="134" VPOS="2710" HPOS="1960"/>
<SP HEIGHT="37" WIDTH="23" VPOS="2710" HPOS="2095"/>
<String CONTENT="records," HEIGHT="71" WIDTH="276" VPOS="2693" HPOS="2119"/>
</TextLine>
<TextLine HEIGHT="76" WIDTH="2011" VPOS="2766" HPOS="383" STYLEREFS="StyleId-B1F6AB4E-828E-4E34-A790-6603422844B2-" CS="1">
<String CONTENT="by" HEIGHT="71" WIDTH="81" VPOS="2771" HPOS="383"/>
<SP HEIGHT="72" WIDTH="32" VPOS="2770" HPOS="465"/>
<String CONTENT="Maurice" HEIGHT="57" WIDTH="280" VPOS="2769" HPOS="498"/>
<SP HEIGHT="59" WIDTH="31" VPOS="2767" HPOS="779"/>
<String CONTENT="B." HEIGHT="57" WIDTH="71" VPOS="2767" HPOS="811"/>
<SP HEIGHT="56" WIDTH="36" VPOS="2768" HPOS="883"/>
<String CONTENT="Dorgan" HEIGHT="73" WIDTH="262" VPOS="2768" HPOS="920"/>
<SP HEIGHT="45" WIDTH="39" VPOS="2782" HPOS="1183"/>
<String CS="1" CONTENT="&#8230;"/>
<SP HEIGHT="43" WIDTH="83" VPOS="2798" HPOS="1284"/>
<String CONTENT="[Lawrence]" HEIGHT="76" WIDTH="368" VPOS="2766" HPOS="1368"/>
<SP HEIGHT="72" WIDTH="40" VPOS="2770" HPOS="1737"/>
<String CONTENT="The" HEIGHT="57" WIDTH="128" VPOS="2769" HPOS="1778"/>
<SP HEIGHT="39" WIDTH="36" VPOS="2788" HPOS="1907"/>
<String CONTENT="author," HEIGHT="71" WIDTH="246" VPOS="2770" HPOS="1944"/>
<SP HEIGHT="67" WIDTH="36" VPOS="2774" HPOS="2191"/>
<String CONTENT="1924." HEIGHT="56" WIDTH="166" VPOS="2774" HPOS="2228"/>
</TextLine>
<TextLine HEIGHT="55" WIDTH="999" VPOS="2845" HPOS="458" CS="1">
<String CONTENT="ix," HEIGHT="52" WIDTH="62" VPOS="2847" HPOS="458"/>
<SP HEIGHT="50" WIDTH="26" VPOS="2849" HPOS="521"/>
<String CONTENT="267" HEIGHT="46" WIDTH="81" VPOS="2845" HPOS="548"/>
<SP HEIGHT="55" WIDTH="26" VPOS="2845" HPOS="630"/>
<String CONTENT="p." HEIGHT="38" WIDTH="39" VPOS="2862" HPOS="657"/>
<SP HEIGHT="43" WIDTH="60" VPOS="2845" HPOS="697"/>
<String CS="1" CONTENT="front." HEIGHT="45" WIDTH="124" VPOS="2845" HPOS="758"/>
<SP HEIGHT="53" WIDTH="29" VPOS="2846" HPOS="898"/>
<String CONTENT="(map)" HEIGHT="54" WIDTH="154" VPOS="2845" HPOS="928"/>
<SP HEIGHT="54" WIDTH="34" VPOS="2845" HPOS="1083"/>
<String CONTENT="plates." HEIGHT="54" WIDTH="156" VPOS="2845" HPOS="1118"/>
<SP HEIGHT="42" WIDTH="59" VPOS="2846" HPOS="1275"/>
<String CONTENT="24" HEIGHT="42" WIDTH="53" VPOS="2846" HPOS="1335"/>
<String STYLE="superscript" CONTENT="cm" HEIGHT="17" WIDTH="46" VPOS="2848" HPOS="1395"/>
<String CONTENT="." HEIGHT="7" WIDTH="8" VPOS="2881" HPOS="1449"/>
</TextLine>
<TextLine HEIGHT="53" WIDTH="1941" VPOS="2902" HPOS="459" CS="1">
<String CONTENT="&#8220;This" HEIGHT="45" WIDTH="141" VPOS="2903" HPOS="459"/>
<SP HEIGHT="29" WIDTH="30" VPOS="2919" HPOS="601"/>
<String CONTENT="work" HEIGHT="44" WIDTH="131" VPOS="2903" HPOS="632"/>
<SP HEIGHT="43" WIDTH="31" VPOS="2903" HPOS="764"/>
<String CS="1" CONTENT="&#8230;"/>
<SP HEIGHT="42" WIDTH="34" VPOS="2904" HPOS="846"/>
<String CONTENT="is" HEIGHT="42" WIDTH="36" VPOS="2904" HPOS="881"/>
<SP HEIGHT="29" WIDTH="32" VPOS="2917" HPOS="918"/>
<String CONTENT="a" HEIGHT="28" WIDTH="25" VPOS="2917" HPOS="951"/>
<SP HEIGHT="28" WIDTH="32" VPOS="2917" HPOS="977"/>
<String CONTENT="revised" HEIGHT="43" WIDTH="175" VPOS="2903" HPOS="1010"/>
<SP HEIGHT="43" WIDTH="29" VPOS="2903" HPOS="1186"/>
<String CONTENT="and" HEIGHT="43" WIDTH="87" VPOS="2903" HPOS="1216"/>
<SP HEIGHT="52" WIDTH="31" VPOS="2903" HPOS="1304"/>
<String CONTENT="greatly" HEIGHT="51" WIDTH="177" VPOS="2904" HPOS="1336"/>
<SP HEIGHT="36" WIDTH="31" VPOS="2919" HPOS="1514"/>
<String CONTENT="enlarged" HEIGHT="53" WIDTH="216" VPOS="2902" HPOS="1546"/>
<SP HEIGHT="43" WIDTH="31" VPOS="2905" HPOS="1763"/>
<String CONTENT="edition" HEIGHT="44" WIDTH="171" VPOS="2904" HPOS="1795"/>
<SP HEIGHT="31" WIDTH="33" VPOS="2919" HPOS="1967"/>
<String CONTENT="of" HEIGHT="45" WIDTH="52" VPOS="2905" HPOS="2001"/>
<SP HEIGHT="43" WIDTH="32" VPOS="2905" HPOS="2054"/>
<String CONTENT="&#8216;Lawrence&#8212;" HEIGHT="46" WIDTH="313" VPOS="2906" HPOS="2087"/>
</TextLine>
<TextLine HEIGHT="54" WIDTH="577" VPOS="2958" HPOS="386" CS="1">
<String CONTENT="yesterday" HEIGHT="46" WIDTH="240" VPOS="2961" HPOS="386"/>
<SP HEIGHT="31" WIDTH="27" VPOS="2976" HPOS="627"/>
<String CONTENT="and" HEIGHT="44" WIDTH="87" VPOS="2960" HPOS="655"/>
<SP HEIGHT="43" WIDTH="26" VPOS="2960" HPOS="743"/>
<String CS="1" CONTENT="today&#8217;.&#8221;" HEIGHT="54" WIDTH="193" VPOS="2958" HPOS="770"/>
</TextLine>
<TextLine HEIGHT="59" WIDTH="1793" VPOS="3013" HPOS="385">
<String CONTENT="&#169;" HEIGHT="54" WIDTH="53" VPOS="3017" HPOS="385"/>
<SP HEIGHT="54" WIDTH="24" VPOS="3017" HPOS="439"/>
<String CONTENT="Oct." HEIGHT="44" WIDTH="102" VPOS="3018" HPOS="464"/>
<SP HEIGHT="44" WIDTH="24" VPOS="3017" HPOS="567"/>
<String CONTENT="3," HEIGHT="51" WIDTH="38" VPOS="3017" HPOS="592"/>
<SP HEIGHT="51" WIDTH="27" VPOS="3017" HPOS="631"/>
<String CONTENT="1924;" HEIGHT="52" WIDTH="130" VPOS="3016" HPOS="659"/>
<SP HEIGHT="52" WIDTH="25" VPOS="3016" HPOS="790"/>
<String CONTENT="2c." HEIGHT="43" WIDTH="64" VPOS="3016" HPOS="816"/>
<SP HEIGHT="29" WIDTH="25" VPOS="3030" HPOS="881"/>
<String CONTENT="and" HEIGHT="43" WIDTH="87" VPOS="3015" HPOS="907"/>
<SP HEIGHT="43" WIDTH="22" VPOS="3015" HPOS="995"/>
<String CONTENT="aff." HEIGHT="42" WIDTH="78" VPOS="3016" HPOS="1018"/>
<SP HEIGHT="44" WIDTH="26" VPOS="3014" HPOS="1097"/>
<String CONTENT="Feb." HEIGHT="45" WIDTH="106" VPOS="3014" HPOS="1124"/>
<SP HEIGHT="43" WIDTH="22" VPOS="3015" HPOS="1231"/>
<String CONTENT="24," HEIGHT="51" WIDTH="67" VPOS="3015" HPOS="1254"/>
<SP HEIGHT="50" WIDTH="29" VPOS="3016" HPOS="1322"/>
<String CONTENT="1925;" HEIGHT="54" WIDTH="130" VPOS="3013" HPOS="1352"/>
<SP HEIGHT="51" WIDTH="27" VPOS="3016" HPOS="1483"/>
<!-- cceid 2C052D27-6DD5-1014-B757-AF09C522E301 --><String CONTENT="A" HEIGHT="42" WIDTH="43" VPOS="3016" HPOS="1511"/>
<SP HEIGHT="43" WIDTH="25" VPOS="3016" HPOS="1555"/>
<String CONTENT="822158;" HEIGHT="54" WIDTH="189" VPOS="3014" HPOS="1581"/>
<SP HEIGHT="51" WIDTH="30" VPOS="3017" HPOS="1771"/>
<String CONTENT="M." HEIGHT="44" WIDTH="65" VPOS="3017" HPOS="1802"/>
<SP HEIGHT="45" WIDTH="27" VPOS="3016" HPOS="1868"/>
<String CONTENT="B." HEIGHT="44" WIDTH="50" VPOS="3016" HPOS="1896"/>
<SP HEIGHT="42" WIDTH="27" VPOS="3018" HPOS="1947"/>
<String CONTENT="Dorgan." HEIGHT="54" WIDTH="203" VPOS="3018" HPOS="1975"/>
</TextLine>
<TextLine HEIGHT="57" WIDTH="245" VPOS="3072" HPOS="464">
<String CONTENT="(25-5094)" HEIGHT="57" WIDTH="245" VPOS="3072" HPOS="464"/>
</TextLine>
<TextLine HEIGHT="76" WIDTH="708" VPOS="3186" HPOS="385" STYLEREFS="StyleId-ED399C91-6CDF-4E33-AADA-6D9204FE4A11-">
<String CONTENT="Easterday," HEIGHT="75" WIDTH="372" VPOS="3187" HPOS="385"/>
<SP HEIGHT="73" WIDTH="44" VPOS="3187" HPOS="758"/>
<String CONTENT="John" HEIGHT="59" WIDTH="172" VPOS="3187" HPOS="803"/>
<SP HEIGHT="60" WIDTH="38" VPOS="3186" HPOS="976"/>
<String CONTENT="H." HEIGHT="59" WIDTH="78" VPOS="3186" HPOS="1015"/>
</TextLine>
<TextLine HEIGHT="81" WIDTH="1928" VPOS="3279" HPOS="468" STYLEREFS="StyleId-B1F6AB4E-828E-4E34-A790-6603422844B2-">
<String CONTENT="Cases" HEIGHT="60" WIDTH="196" VPOS="3281" HPOS="468"/>
<SP HEIGHT="38" WIDTH="34" VPOS="3300" HPOS="665"/>
<String CONTENT="on" HEIGHT="37" WIDTH="80" VPOS="3300" HPOS="700"/>
<SP HEIGHT="54" WIDTH="34" VPOS="3283" HPOS="781"/>
<String CONTENT="the" HEIGHT="57" WIDTH="104" VPOS="3280" HPOS="816"/>
<SP HEIGHT="57" WIDTH="38" VPOS="3280" HPOS="921"/>
<String CONTENT="law" HEIGHT="56" WIDTH="121" VPOS="3280" HPOS="960"/>
<SP HEIGHT="38" WIDTH="35" VPOS="3298" HPOS="1082"/>
<String CONTENT="of" HEIGHT="57" WIDTH="69" VPOS="3279" HPOS="1118"/>
<SP HEIGHT="56" WIDTH="35" VPOS="3279" HPOS="1188"/>
<String CONTENT="real" HEIGHT="56" WIDTH="135" VPOS="3280" HPOS="1224"/>
<SP HEIGHT="71" WIDTH="31" VPOS="3280" HPOS="1360"/>
<String CONTENT="property," HEIGHT="69" WIDTH="326" VPOS="3283" HPOS="1392"/>
<SP HEIGHT="53" WIDTH="81" VPOS="3301" HPOS="1719"/>
<String CONTENT="pt." HEIGHT="68" WIDTH="88" VPOS="3286" HPOS="1801"/>
<SP HEIGHT="54" WIDTH="42" VPOS="3285" HPOS="1890"/>
<String CONTENT="1." HEIGHT="54" WIDTH="49" VPOS="3285" HPOS="1933"/>
<SP HEIGHT="37" WIDTH="83" VPOS="3305" HPOS="1983"/>
<String CONTENT="v." HEIGHT="38" WIDTH="56" VPOS="3305" HPOS="2067"/>
<SP HEIGHT="55" WIDTH="42" VPOS="3288" HPOS="2124"/>
<String CONTENT="2." HEIGHT="55" WIDTH="49" VPOS="3288" HPOS="2167"/>
<SP HEIGHT="56" WIDTH="81" VPOS="3288" HPOS="2217"/>
<String CONTENT="By" HEIGHT="72" WIDTH="97" VPOS="3288" HPOS="2299"/>
</TextLine>
<TextLine HEIGHT="76" WIDTH="1647" VPOS="3356" HPOS="387" STYLEREFS="StyleId-B1F6AB4E-828E-4E34-A790-6603422844B2-" CS="1">
<String CONTENT="John" HEIGHT="58" WIDTH="171" VPOS="3362" HPOS="387"/>
<SP HEIGHT="57" WIDTH="28" VPOS="3359" HPOS="559"/>
<String CONTENT="H." HEIGHT="57" WIDTH="80" VPOS="3359" HPOS="588"/>
<SP HEIGHT="58" WIDTH="35" VPOS="3358" HPOS="669"/>
<String CONTENT="Easterday" HEIGHT="71" WIDTH="364" VPOS="3358" HPOS="705"/>
<SP HEIGHT="54" WIDTH="34" VPOS="3375" HPOS="1070"/>
<String CS="1" CONTENT="&#8230;"/>
<SP HEIGHT="57" WIDTH="88" VPOS="3356" HPOS="1167"/>
<String CONTENT="Brooklvn," HEIGHT="71" WIDTH="339" VPOS="3356" HPOS="1256"/>
<SP HEIGHT="67" WIDTH="33" VPOS="3360" HPOS="1596"/>
<String LANG="la" CONTENT="N." HEIGHT="56" WIDTH="72" VPOS="3360" HPOS="1630"/>
<SP HEIGHT="55" WIDTH="34" VPOS="3360" HPOS="1703"/>
<String CONTENT="Y.," HEIGHT="72" WIDTH="93" VPOS="3360" HPOS="1738"/>
<SP HEIGHT="70" WIDTH="35" VPOS="3362" HPOS="1832"/>
<String CONTENT="1925." HEIGHT="58" WIDTH="166" VPOS="3362" HPOS="1868"/>
</TextLine>
<TextLine HEIGHT="59" WIDTH="1103" VPOS="3431" HPOS="460" CS="1">
<String LANG="en-US" CONTENT="1" HEIGHT="41" WIDTH="17" VPOS="3439" HPOS="460"/>
<SP HEIGHT="51" WIDTH="29" VPOS="3439" HPOS="478"/>
<String LANG="la" CONTENT="p." HEIGHT="37" WIDTH="39" VPOS="3453" HPOS="508"/>
<SP HEIGHT="43" WIDTH="28" VPOS="3437" HPOS="548"/>
<String LANG="la" CS="1" CONTENT="l.," HEIGHT="16" WIDTH="8" VPOS="3471" HPOS="611"/>
<SP HEIGHT="35" WIDTH="24" VPOS="3452" HPOS="620"/>
<String LANG="en-US" CONTENT="xi," HEIGHT="52" WIDTH="59" VPOS="3435" HPOS="645"/>
<SP HEIGHT="29" WIDTH="32" VPOS="3459" HPOS="705"/>
<String LANG="en-US" CS="1" CONTENT="[1]"/>
<SP HEIGHT="51" WIDTH="30" VPOS="3435" HPOS="791"/>
<String LANG="la" CONTENT="p.," HEIGHT="38" WIDTH="53" VPOS="3448" HPOS="822"/>
<SP HEIGHT="49" WIDTH="30" VPOS="3435" HPOS="876"/>
<String LANG="en-US" CONTENT="1" HEIGHT="42" WIDTH="18" VPOS="3435" HPOS="907"/>
<SP HEIGHT="44" WIDTH="29" VPOS="3433" HPOS="926"/>
<String LANG="en-US" CS="1" CONTENT="l.," HEIGHT="17" WIDTH="8" VPOS="3469" HPOS="990"/>
<SP HEIGHT="30" WIDTH="30" VPOS="3458" HPOS="999"/>
<String LANG="en-US" CS="1" CONTENT="[519]-1137" HEIGHT="57" WIDTH="254" VPOS="3431" HPOS="1030"/>
<SP HEIGHT="53" WIDTH="24" VPOS="3432" HPOS="1285"/>
<String LANG="en-US" CONTENT="p," HEIGHT="37" WIDTH="41" VPOS="3448" HPOS="1310"/>
<SP HEIGHT="42" WIDTH="58" VPOS="3435" HPOS="1352"/>
<String LANG="en-US" CS="1" CONTENT="23&#189;" HEIGHT="43" WIDTH="53" VPOS="3435" HPOS="1411"/>
<String STYLE="superscript" LANG="en-US" CONTENT="cm" HEIGHT="18" WIDTH="45" VPOS="3438" HPOS="1501"/>
<String LANG="en-US" CONTENT="." HEIGHT="7" WIDTH="8" VPOS="3471" HPOS="1555"/>
</TextLine>
<TextLine HEIGHT="65" WIDTH="2007" VPOS="3489" HPOS="387">
<String CONTENT="&#169;" HEIGHT="53" WIDTH="53" VPOS="3494" HPOS="387"/>
<SP HEIGHT="53" WIDTH="24" VPOS="3494" HPOS="441"/>
<String CONTENT="Feb." HEIGHT="45" WIDTH="108" VPOS="3493" HPOS="466"/>
<SP HEIGHT="43" WIDTH="23" VPOS="3493" HPOS="575"/>
<String CONTENT="21," HEIGHT="51" WIDTH="68" VPOS="3493" HPOS="599"/>
<SP HEIGHT="51" WIDTH="27" VPOS="3493" HPOS="668"/>
<String CONTENT="1925;" HEIGHT="53" WIDTH="130" VPOS="3490" HPOS="696"/>
<SP HEIGHT="51" WIDTH="23" VPOS="3492" HPOS="827"/>
<String CONTENT="2c." HEIGHT="42" WIDTH="67" VPOS="3492" HPOS="851"/>
<SP HEIGHT="28" WIDTH="23" VPOS="3506" HPOS="919"/>
<String CONTENT="and" HEIGHT="43" WIDTH="87" VPOS="3491" HPOS="943"/>
<SP HEIGHT="43" WIDTH="23" VPOS="3491" HPOS="1031"/>
<String CONTENT="aff." HEIGHT="43" WIDTH="80" VPOS="3491" HPOS="1055"/>
<SP HEIGHT="45" WIDTH="24" VPOS="3489" HPOS="1136"/>
<String CONTENT="Feb." HEIGHT="45" WIDTH="106" VPOS="3489" HPOS="1161"/>
<SP HEIGHT="42" WIDTH="26" VPOS="3491" HPOS="1268"/>
<String CONTENT="27;" HEIGHT="54" WIDTH="78" VPOS="3489" HPOS="1295"/>
<SP HEIGHT="52" WIDTH="27" VPOS="3491" HPOS="1374"/>
<!-- cceid 2C05CC1B-6DD5-1014-B757-AF09C522E301 --><String CONTENT="A" HEIGHT="42" WIDTH="43" VPOS="3491" HPOS="1402"/>
<SP HEIGHT="46" WIDTH="25" VPOS="3491" HPOS="1446"/>
<String CONTENT="823220;" HEIGHT="53" WIDTH="189" VPOS="3491" HPOS="1472"/>
<SP HEIGHT="52" WIDTH="28" VPOS="3493" HPOS="1662"/>
<String CONTENT="J." HEIGHT="52" WIDTH="40" VPOS="3493" HPOS="1691"/>
<SP HEIGHT="42" WIDTH="29" VPOS="3494" HPOS="1732"/>
<String CONTENT="H." HEIGHT="43" WIDTH="61" VPOS="3494" HPOS="1762"/>
<SP HEIGHT="49" WIDTH="26" VPOS="3491" HPOS="1824"/>
<String CONTENT="Easterday," HEIGHT="58" WIDTH="265" VPOS="3491" HPOS="1851"/>
<SP HEIGHT="51" WIDTH="30" VPOS="3498" HPOS="2117"/>
<String CONTENT="Brooklyn." HEIGHT="56" WIDTH="246" VPOS="3498" HPOS="2148"/>
</TextLine>
<TextLine HEIGHT="75" WIDTH="567" VPOS="3604" HPOS="385" STYLEREFS="StyleId-ED399C91-6CDF-4E33-AADA-6D9204FE4A11-">
<String CONTENT="Eisner," HEIGHT="72" WIDTH="241" VPOS="3607" HPOS="385"/>
<SP HEIGHT="73" WIDTH="36" VPOS="3606" HPOS="627"/>
<String CONTENT="Eleanor." HEIGHT="59" WIDTH="288" VPOS="3604" HPOS="664"/>
</TextLine>
<TextLine HEIGHT="143" WIDTH="1982" VPOS="3692" HPOS="391" STYLEREFS="StyleId-B1F6AB4E-828E-4E34-A790-6603422844B2-" CS="1">
<String CONTENT="Spanish" HEIGHT="75" WIDTH="277" VPOS="3695" HPOS="467"/>
<SP HEIGHT="56" WIDTH="32" VPOS="3695" HPOS="745"/>
<String CONTENT="sunshine," HEIGHT="74" WIDTH="315" VPOS="3692" HPOS="778"/>
<SP HEIGHT="71" WIDTH="30" VPOS="3695" HPOS="1094"/>
<String CONTENT="by" HEIGHT="71" WIDTH="84" VPOS="3695" HPOS="1125"/>
<SP HEIGHT="71" WIDTH="27" VPOS="3695" HPOS="1210"/>
<String CONTENT="Eleanor" HEIGHT="57" WIDTH="277" VPOS="3695" HPOS="1238"/>
<SP HEIGHT="57" WIDTH="29" VPOS="3697" HPOS="1516"/>
<String CONTENT="Eisner," HEIGHT="73" WIDTH="247" VPOS="3697" HPOS="1546"/>
<SP HEIGHT="50" WIDTH="31" VPOS="3720" HPOS="1794"/>
<String CONTENT="with" HEIGHT="60" WIDTH="152" VPOS="3698" HPOS="1826"/>
<SP HEIGHT="59" WIDTH="28" VPOS="3701" HPOS="1979"/>
<String CONTENT="many" HEIGHT="54" WIDTH="191" VPOS="3722" HPOS="2008"/>
<SP HEIGHT="71" WIDTH="26" VPOS="3705" HPOS="2200"/>
<String CONTENT="illustrations" HEIGHT="130" WIDTH="1982" VPOS="3705" HPOS="391"/>
</TextLine>
<TextLine HEIGHT="85" WIDTH="1685" VPOS="3771" HPOS="713" STYLEREFS="StyleId-B1F6AB4E-828E-4E34-A790-6603422844B2-">
<String CONTENT="from" HEIGHT="58" WIDTH="169" VPOS="3772" HPOS="713"/>
<SP HEIGHT="52" WIDTH="46" VPOS="3792" HPOS="883"/>
<String CONTENT="photographs." HEIGHT="75" WIDTH="455" VPOS="3771" HPOS="930"/>
<SP HEIGHT="57" WIDTH="108" VPOS="3775" HPOS="1386"/>
<String CONTENT="New" HEIGHT="60" WIDTH="153" VPOS="3775" HPOS="1495"/>
<SP HEIGHT="58" WIDTH="47" VPOS="3777" HPOS="1649"/>
<String CONTENT="York," HEIGHT="72" WIDTH="191" VPOS="3777" HPOS="1697"/>
<SP HEIGHT="71" WIDTH="48" VPOS="3778" HPOS="1889"/>
<String CONTENT="London," HEIGHT="78" WIDTH="281" VPOS="3778" HPOS="1938"/>
<SP HEIGHT="68" WIDTH="50" VPOS="3788" HPOS="2220"/>
<String CONTENT="The" HEIGHT="58" WIDTH="127" VPOS="3788" HPOS="2271"/>
</TextLine>
<TextLine HEIGHT="75" WIDTH="632" VPOS="3850" HPOS="391" STYLEREFS="StyleId-B1F6AB4E-828E-4E34-A790-6603422844B2-">
<String CONTENT="Century" HEIGHT="70" WIDTH="281" VPOS="3855" HPOS="391"/>
<SP HEIGHT="53" WIDTH="26" VPOS="3872" HPOS="673"/>
<String CONTENT="co." HEIGHT="38" WIDTH="87" VPOS="3872" HPOS="700"/>
<SP HEIGHT="44" WIDTH="29" VPOS="3881" HPOS="788"/>
<String CONTENT="[" HEIGHT="44" WIDTH="14" VPOS="3881" HPOS="818"/>
<String STYLE="superscript" CONTENT="c" HEIGHT="23" WIDTH="21" VPOS="3859" HPOS="832"/>
<String CONTENT="1925]" HEIGHT="74" WIDTH="166" VPOS="3850" HPOS="857"/>
</TextLine>
<TextLine HEIGHT="58" WIDTH="1268" VPOS="3927" HPOS="458" CS="1">
<String CONTENT="6" HEIGHT="43" WIDTH="28" VPOS="3934" HPOS="458"/>
<SP/>
<String CONTENT="p." HEIGHT="37" WIDTH="41" VPOS="3948" HPOS="512"/>
<SP HEIGHT="44" WIDTH="26" VPOS="3931" HPOS="554"/>
<String CS="1" CONTENT="l.," HEIGHT="15" WIDTH="8" VPOS="3965" HPOS="615"/>
<SP HEIGHT="48" WIDTH="30" VPOS="3932" HPOS="624"/>
<String CONTENT="3-368" HEIGHT="45" WIDTH="137" VPOS="3930" HPOS="655"/>
<SP HEIGHT="52" WIDTH="25" VPOS="3930" HPOS="793"/>
<String CONTENT="p." HEIGHT="38" WIDTH="41" VPOS="3944" HPOS="819"/>
<SP HEIGHT="44" WIDTH="61" VPOS="3927" HPOS="861"/>
<String CONTENT="front.," HEIGHT="54" WIDTH="158" VPOS="3927" HPOS="923"/>
<SP HEIGHT="38" WIDTH="28" VPOS="3944" HPOS="1082"/>
<String CONTENT="plates." HEIGHT="53" WIDTH="160" VPOS="3929" HPOS="1111"/>
<SP HEIGHT="43" WIDTH="57" VPOS="3930" HPOS="1272"/>
<String CS="1" CONTENT="21&#189;" HEIGHT="43" WIDTH="28" VPOS="3930" HPOS="1330"/>
<String STYLE="superscript" CONTENT="cm" HEIGHT="18" WIDTH="47" VPOS="3932" HPOS="1421"/>
<String CONTENT="." HEIGHT="9" WIDTH="9" VPOS="3965" HPOS="1474"/>
<SP HEIGHT="55" WIDTH="113" VPOS="3930" HPOS="1484"/>
<String CONTENT="$4.00" HEIGHT="55" WIDTH="128" VPOS="3930" HPOS="1598"/>
</TextLine>
<TextLine HEIGHT="116" WIDTH="1718" VPOS="3986" HPOS="389" CS="1">
<String CONTENT="&#169;" HEIGHT="55" WIDTH="53" VPOS="3989" HPOS="389"/>
<SP HEIGHT="55" WIDTH="27" VPOS="3989" HPOS="443"/>
<String CONTENT="Feb." HEIGHT="44" WIDTH="108" VPOS="3990" HPOS="471"/>
<SP HEIGHT="43" WIDTH="26" VPOS="3990" HPOS="580"/>
<String CONTENT="27," HEIGHT="51" WIDTH="68" VPOS="3988" HPOS="607"/>
<SP HEIGHT="49" WIDTH="28" VPOS="3990" HPOS="676"/>
<String CONTENT="1925;" HEIGHT="53" WIDTH="129" VPOS="3986" HPOS="705"/>
<SP HEIGHT="51" WIDTH="28" VPOS="3988" HPOS="835"/>
<String CONTENT="2c." HEIGHT="42" WIDTH="65" VPOS="3988" HPOS="864"/>
<SP HEIGHT="42" WIDTH="28" VPOS="3987" HPOS="930"/>
<String CONTENT="Mar." HEIGHT="42" WIDTH="120" VPOS="3987" HPOS="959"/>
<SP HEIGHT="42" WIDTH="26" VPOS="3987" HPOS="1080"/>
<String CONTENT="2;" HEIGHT="52" WIDTH="49" VPOS="3987" HPOS="1107"/>
<SP HEIGHT="37" WIDTH="29" VPOS="4002" HPOS="1157"/>
<String CONTENT="aff." HEIGHT="43" WIDTH="79" VPOS="3987" HPOS="1187"/>
<SP HEIGHT="42" WIDTH="29" VPOS="3988" HPOS="1267"/>
<String CONTENT="Mar." HEIGHT="42" WIDTH="120" VPOS="3988" HPOS="1297"/>
<SP HEIGHT="42" WIDTH="29" VPOS="3989" HPOS="1418"/>
<String CONTENT="3;" HEIGHT="51" WIDTH="50" VPOS="3989" HPOS="1448"/>
<SP HEIGHT="51" WIDTH="29" VPOS="3989" HPOS="1499"/>
<!-- cceid 2C066834-6DD5-1014-B757-AF09C522E301 --><String CONTENT="A" HEIGHT="42" WIDTH="43" VPOS="3989" HPOS="1529"/>
<SP HEIGHT="45" WIDTH="27" VPOS="3989" HPOS="1573"/>
<String CS="1" CONTENT="822241;" HEIGHT="44" WIDTH="161" VPOS="3990" HPOS="1601"/>
<SP HEIGHT="55" WIDTH="22" VPOS="3988" HPOS="1802"/>
<String CONTENT="Century" HEIGHT="56" WIDTH="202" VPOS="3990" HPOS="1825"/>
<SP HEIGHT="34" WIDTH="25" VPOS="4012" HPOS="2028"/>
<String CONTENT="co" HEIGHT="29" WIDTH="53" VPOS="4012" HPOS="2054"/>
<SP/>
<String CONTENT="(25-5871)" HEIGHT="58" WIDTH="245" VPOS="4044" HPOS="468"/>
</TextLine>
</TextBlock>
</PrintSpace>
</Page>
</Layout>
</alto>