2533 4412
1048 4033 110 59 975

89 498 1975 114 XV, 558 p. illus. (music) 24½ cm . (On cover: Biblioteca di scienze moderne … n. 87)
90 630 53 54 ©
172 632 115 52 June
346 665 9 17 1,
387 629 130 53 1925;
579 645 35 27 1c.
645 629 106 53 July
779 630 79 51 21;
891 627 303 53 A—Foreign
1222 625 162 53 28215;
1419 628 57 42 A.
1509 626 181 52 Gentili,
1724 625 160 45 Milan.

169 686 270 56 (25-16964)

89 785 247 72 Getson,
378 783 229 74 Philip,
650 786 189 56 1884-

164 875 439 57 Tuberculosis
645 874 494 72 (consumption)
1176 872 166 58 what
1372 871 51 59 it
1449 872 76 73 is,
1552 872 141 58 how
1721 877 64 53 to
1815 876 265 69 prevent

86 954 67 72 it,
201 953 140 57 how
384 955 64 54 to
497 971 144 38 cure
686 953 69 70 it,
805 952 123 57 and
973 952 140 56 how
1157 954 64 54 to
1271 969 298 53 preserve
1616 952 162 71 good
1826 952 256 71 general

86 1028 1995 75 health, by Philip Getson … Philadelphia, Pa., American
84 1109 213 58 health
319 1107 364 72 publishing
708 1126 106 57 co.,
840 1115 18 22 c
862 1108 166 55 1925.

162 1186 269 53 cover-title,
456 1186 53 43 64
532 1201 40 38 p.
633 1186 115 43 illus.
808 1186 53 42 23
869 1188 15 16 cm
923 1220 8 7 .

91 1242 53 54 ©
171 1244 119 52 Aug.
316 1241 68 53 25,
414 1240 130 54 1925;
571 1242 65 42 2c.
665 1242 87 42 and
779 1242 79 42 aff.
887 1242 119 51 Aug.
1034 1241 79 51 28;
1145 1242 43 41 A
1216 1240 189 53 861602;
1436 1240 246 44 American
1708 1240 154 44 health
1889 1241 101 53 pub.
2020 1256 65 29 co.

170 1297 271 57 (25-16977)

91 1397 249 71 Goethe,
379 1397 253 59 Johann
665 1395 348 74 Wolfgang
1043 1412 140 55 von,
1223 1398 358 58 1749-1832.

95 1486 1969 140 … Torquato Tasso, edition illustrée … avec une introduction
391 1566 1631 73 et des notes par Pierre Doll, Pierre Doyen …
93 1646 204 71 Paris,
329 1645 330 70 Hachette,
693 1652 18 22 c
715 1645 148 57 1925.

165 1720 1243 56 1 p. l., L, 157, [1] p. front. (port.) illus. 15 ½ cm .
161 1780 65 44 At
245 1780 114 43 head
382 1779 50 44 of
453 1777 99 45 title
568 1793 8 29 :
612 1777 172 45 Gœthe.

89 1837 56 53 ©
174 1839 116 52 June
317 1837 66 51 26,
419 1835 128 49 1925;
609 1852 35 27 1c.
675 1837 107 51 July
809 1836 78 52 24;
920 1834 302 53 A—Foreign
1252 1836 163 51 28311;
1450 1836 224 43 Librairie
1705 1837 241 45 Hachette.

172 1892 271 57 (25-17607)

94 1992 244 72 Golder,
381 1991 216 59 Frank
635 1989 244 74 Alfred,
922 1992 189 58 1877-

241 2083 1847 72 … Bering’s voyages; an account of the efforts of the
96 2161 308 58 Russians
433 2163 63 54 to
528 2160 343 57 determine
901 2160 103 56 the
1037 2159 267 57 relation
1337 2160 67 57 of
1435 2160 161 58 Asia
1625 2162 125 57 and
1778 2162 312 75 America,

95 2235 1998 76 by F. A. Golder … v. 2. Steller ’s journal of the sea
95 2335 240 53 voyage
372 2315 169 57 from
577 2313 399 58 Kamchatka
1011 2317 64 54 to
1113 2314 292 57 America
1447 2317 123 56 and
1609 2319 220 54 return
1869 2335 79 39 on
1986 2318 104 57 the

99 2395 224 56 second
370 2392 376 71 expedition,
795 2393 355 55 1741-1742.
1239 2392 382 58 Translated
1666 2396 123 56 and
1831 2395 67 57 in
1943 2399 152 67 part

99 2471 341 57 annotated
464 2470 83 71 by
572 2469 336 57 Leonhard
937 2467 350 73 Stejneger.
1357 2469 153 57 New
1535 2470 190 73 York,
1754 2471 337 58 American

97 2546 445 75 geographical
577 2546 252 73 society,
867 2547 165 55 1925.

167 2623 1924 55 3 p. l ., [V]-xi, 290 p., 1 l. plates (part double) maps (part fold.) facsims.
95 2682 55 43 20
157 2685 45 17 cm
209 2717 8 8 .
286 2680 270 55 (American
593 2679 320 53 geographical
952 2679 181 52 society.
1202 2679 228 44 Research
1470 2680 138 45 series
1646 2696 72 29 no.
1756 2683 37 51 2,
1833 2682 74 45 W.
1949 2683 49 44 L.
2038 2684 52 45 G.

96 2739 155 51 Joerg,
281 2737 171 53 editor)

167 2792 379 53 “Bibliography”
565 2807 9 28 :
608 2806 39 38 p.
676 2790 207 45 251-266.

94 2849 56 53 ©
184 2849 120 53 Sept.
335 2850 65 50 23,
436 2847 129 53 1925;
599 2850 63 42 2c.
694 2849 86 42 and
811 2849 80 42 aff.
927 2846 121 54 Sept.
1080 2848 77 51 29;
1193 2849 43 41 A
1269 2848 188 53 869023;
1492 2848 247 45 American
1770 2849 322 55 geographical

168 2907 169 51 society
365 2905 49 45 of
442 2905 120 44 New
589 2905 142 43 York.

97 3004 302 72 Haecker,
445 3002 314 73 Valentin,
806 3005 190 57 1864-

167 3093 934 73 Pluripotenzerscheinungen;
1161 3094 423 71 synthetische
1640 3096 282 74 beiträge
1980 3118 110 38 zur

92 3174 411 72 vererbungs-
582 3173 128 57 und
790 3172 663 73 abstammungslehre.
1571 3172 142 59 Von
1791 3175 298 61 Valentin

94 3250 1972 152 Haecker … Mit 26 abbildungen im text. Jena, G. Fischer, 1925.
168 3409 93 51 viii,
288 3409 80 43 213
394 3423 39 37 p.
493 3406 131 53 illus.,
653 3408 167 51 diagrs.
880 3408 54 42 24
940 3409 46 17 cm
994 3442 8 7 .

101 3463 53 54 ©
181 3466 111 51 Apr.
317 3464 40 50 2,
388 3462 130 53 1925;
575 3478 35 27 1c.
639 3463 117 52 June
781 3463 77 51 22;
890 3460 303 55 A—Foreign
1216 3461 163 53 27980;
1414 3462 50 45 G.
1494 3462 201 46 Fischer.

179 3518 272 58 (25-16987)

101 3618 326 71 Harrison,
469 3617 187 72 Mary
696 3617 283 57 Bennett.

180 3708 266 72 Shining
469 3707 314 70 windows,
809 3708 84 70 by
917 3707 187 72 Mary
1127 3708 272 57 Bennett
1426 3709 331 60 Harrison.
1821 3713 123 59 Los
102 3715 1971 146 Angeles,

319 3786 315 57 Harrison
664 3785 47 58 &
740 3786 356 71 Hathaway
1128 3816 13 43 [
1143 3795 18 21 c
1164 3785 165 75 1925]

169 3865 54 44 26
253 3880 40 37 p.
352 3863 55 45 20
413 3866 47 18 cm
467 3899 7 8 .

105 3921 52 53 ©
193 3922 105 52 July
337 3921 63 52 10,
439 3918 129 53 1925;
605 3919 63 44 2c.
706 3921 86 42 and
828 3920 79 43 aff.
946 3919 116 52 Aug.
1103 3918 75 53 17;
1218 3921 43 41 A
1298 3919 188 54 861443;
1527 3923 65 44 M.
1633 3924 49 43 B.
1722 3925 242 52 Harrison,
2005 3928 89 45 Los

172 3978 213 53 Angeles.
455 3974 270 57 (25-17416)
