2533 4412
1334 4059 110 60 713

385 396 334 74 Reynolds,
763 397 307 58 Gertrude
1112 397 82 57 M.
1238 395 254 59 Robins.

466 489 173 71 Spell
666 488 66 58 of
761 488 246 59 Sarnia,
1075 490 210 70 chaps.
1313 490 167 71 9-13,
1506 490 85 71 by
1615 490 154 57 Mrs.
1796 489 225 57 Baillie
2050 490 336 71 Reynolds.

459 566 80 51 (In
569 568 186 41 London
787 567 183 52 Quiver,
1001 568 135 51 June,
1170 567 129 51 1925)

386 620 53 53 ©
496 637 36 27 1c.
562 622 106 53 July
699 623 63 52 18,
794 620 129 54 1925;
955 622 45 42 A
1027 624 57 42 ad
1113 623 77 43 int.
1222 621 133 53 7147;
1386 622 132 52 pubd.
1550 622 114 53 May
1690 623 78 52 23;
1802 623 116 43 Mrs.
1951 622 162 44 Baillie
2143 622 245 54 Reynolds,

456 678 199 44 London.

386 763 328 74 Richards,
756 763 235 59 Robert
1032 764 349 71 Hallowell,
1425 767 190 57 1844-

461 857 1857 74 A text book of ore dressing, by Robert H. Richards …
385 936 1933 74 and Charles E. Locke … assisted by John L. Bray …
385 1016 78 57 2d
505 1016 111 62 ed.,
659 1015 371 72 completely
1071 1033 127 40 rev.
1241 1016 124 57 and
1406 1013 339 59 rewritten.
1831 1015 152 57 New
2020 1015 174 57 York
2255 1018 129 70 [etc.]

385 1091 453 60 McGraw-Hill
867 1092 160 57 book
1054 1110 264 52 company,
1408 1093 139 69 inc.,
1576 1093 166 56 1925.

452 1170 79 51 xii,
561 1169 81 46 570
668 1184 42 37 p.
770 1168 132 52 illus.,
927 1169 167 51 diagrs.
1121 1169 48 52 (1
1199 1169 138 52 fold.)
1404 1169 52 45 23½
1493 1172 48 17 cm
1547 1205 8 8 .
1669 1167 128 52 $5.50

386 1222 52 54 ©
466 1225 116 51 June
606 1224 66 50 29,
704 1221 129 54 1925;
861 1225 66 41 2c.
954 1223 108 52 July
1089 1223 48 52 3;
1168 1238 79 29 aff.
1275 1223 106 53 July
1410 1223 49 51 6;
1489 1223 44 43 A
1561 1221 190 55 855761;
1784 1222 348 46 McGraw-Hill
2162 1225 119 43 book
2308 1240 79 37 co.,

456 1281 82 43 inc.
604 1278 65 55 [©
702 1280 218 45 revisions
951 1281 89 43 and
1070 1280 239 53 additions]
1382 1277 270 57 (25-12631)

385 1363 368 71 Schnitzler,
788 1364 341 59 Hermann.

464 1443 128 58 The
638 1443 282 72 republic
961 1442 68 59 of
1071 1442 260 74 Mexico,
1375 1443 86 58 its
1508 1443 403 74 agriculture,
1959 1462 338 39 commerce
2342 1443 47 57 &

382 1522 379 71 industries;
808 1541 39 37 a
887 1522 333 57 handbook
1263 1522 68 57 of
1375 1522 415 57 information
1834 1523 197 56 based
2075 1541 169 53 upon
381 1542 1984 115 exhaustive

715 1600 293 57 research
1046 1599 174 57 work
1260 1600 247 57 carried
1550 1619 78 38 on
1666 1600 67 55 in
1774 1601 103 61 the
1921 1600 299 59 different
384 1621 1983 115 sections

596 1678 68 56 of
706 1678 242 56 Mexico
993 1678 81 71 by
1119 1697 35 37 a
1202 1677 153 58 staff
1401 1678 65 56 of
1513 1682 271 67 experts.
1894 1676 326 74 Compiled
2265 1680 124 56 and

385 1754 2001 75 edited by Hermann Schnitzler … New York, N. L.
382 1834 248 72 Brown,
663 1835 167 56 1924.

454 1910 80 45 637
567 1926 40 37 p.
669 1911 136 43 front.,
834 1910 134 55 (fold,
1003 1911 128 53 map)
1197 1911 58 42 22
1259 1914 47 17 cm
1312 1946 9 8 .
1390 1911 222 53 (Library
1644 1910 53 44 of
1730 1911 404 44 Latin-American
381 1911 1985 110 information)

384 2023 52 55 ©
468 2026 111 52 May
606 2025 66 51 24,
708 2022 130 55 1925;
870 2025 65 43 2c.
969 2024 119 44 Mar.
1123 2024 73 53 19;
1301 2059 7 8 aff.
1343 2024 113 53 May
1484 2025 50 52 2;
1568 2024 45 43 A
1643 2022 189 55 829762;
1868 2023 220 48 Nicholas
2120 2025 50 45 L.
2204 2025 181 45 Brown.

387 2109 293 71 Sheldon,
720 2109 241 72 George
1001 2108 78 60 H.

459 2186 417 73 Advertising
932 2187 295 57 elements
1283 2185 124 57 and
1458 2184 362 75 principles,
1871 2187 85 71 by
2009 2186 243 74 George
2307 2187 78 57 H.

385 2264 2006 74 Sheldon … New York, Harcourt, Brace and company
401 2345 185 72 [ c 1925]
452 2421 44 44 vi
525 2437 52 38 p.,
606 2424 25 41 2
678 2457 23 17 l.,
730 2422 136 43 3-443
896 2436 39 37 p.
998 2421 151 49 front.,
1180 2419 114 45 illus.
1322 2420 126 53 (incl.
1480 2419 170 53 forms)
1690 2420 156 54 plates,
1875 2421 167 52 diagrs.
2102 2423 53 41 22
2163 2424 47 17 cm
2216 2456 9 8 .

384 2477 52 54 ©
466 2480 116 52 June
613 2480 60 50 18,
708 2477 130 53 1925;
869 2479 65 42 2c.
965 2479 115 51 June
1109 2478 77 52 20;
1289 2513 7 8 aff.
1327 2478 106 52 July
1463 2478 48 52 3;
1545 2478 45 42 A
1620 2477 188 54 861008;
1843 2479 250 52 Harcourt,
2127 2479 143 44 Brace
2300 2478 88 45 and

453 2552 79 36 co.,
570 2536 83 43 inc.
723 2531 270 59 (25-12646)

385 2620 340 75 Signature
764 2617 440 77 oddvertising
1240 2617 256 60 service.

463 2698 309 60 Souvenir
818 2717 302 54 program
1166 2717 71 38 or
1283 2700 264 70 century
1590 2699 162 57 book
1799 2696 69 59 of
1914 2699 153 58 New
2115 2698 274 61 Castle’s

382 2776 352 59 centennial
763 2774 399 72 celebration,
1192 2774 288 74 together
1509 2775 153 58 with
1692 2798 37 37 a
1756 2775 108 57 list
1895 2775 68 58 of
1993 2777 153 57 New
2177 2777 212 61 Castle

381 2854 356 58 merchants
772 2853 135 58 who
943 2873 108 38 are
1085 2854 209 56 lovers
1328 2853 124 57 and
1481 2855 289 56 boosters
1806 2851 69 59 of
1905 2852 127 59 this
2065 2852 131 59 fair
2230 2855 157 72 city;

381 2932 151 57 with
560 2951 148 38 over
738 2950 115 39 one
881 2931 287 58 hundred
1195 2929 423 58 illustrations
1648 2931 123 56 and
1801 2948 36 39 a
1867 2931 302 72 complete
2202 2931 188 60 index

384 3006 1978 151 … edited by the Signature oddvertising service, with assistance,
707 3086 103 57 for
845 3086 102 57 the
981 3104 279 54 purpose
1295 3084 68 57 of
1396 3083 254 74 making
1685 3107 36 38 a
1756 3091 372 66 permanent
2166 3089 223 57 record

383 3165 68 57 of
478 3165 150 57 New
657 3163 274 60 Castle’s
959 3182 114 39 one
1098 3162 289 63 hundred
1412 3181 188 53 years
1630 3161 68 59 of
1725 3181 318 55 progress.
2129 3164 256 74 [Butler,

384 3239 2002 76 Pa., Printed … by the Ziegler printing company, inc.,
379 3329 20 23 c
403 3320 165 73 1925]

451 3399 25 41 2
504 3412 41 38 p.
591 3431 22 17 l.,
643 3396 79 44 192
746 3411 41 37 p.
847 3393 133 52 illus.,
1009 3394 160 54 plates,
1202 3393 203 45 facsims.
1464 3394 57 44 27
1527 3396 47 18 cm
1579 3429 9 9 .

453 3451 215 46 Includes
696 3451 290 54 advertising
1011 3458 181 37 matter.

470 3512 116 51 June
619 3507 68 54 27,
724 3507 128 53 1925;
888 3510 64 42 2c.
988 3509 87 43 and
1109 3509 79 43 aff.
1223 3509 115 50 June
1371 3507 77 52 30;
1485 3508 45 42 A
1563 3506 191 55 855731;
1794 3507 243 55 Signature
2072 3512 310 55 oddvertising

454 3566 183 51 service,
672 3566 116 42 New
823 3563 166 54 Castle,
1024 3565 79 43 Pa.
1173 3562 270 56 (25-12133)

385 3649 223 73 Smith,
647 3649 250 58 Russell
930 3649 78 58 A.

457 3726 1923 79 Poker to win, copyright … [by] R. A. Smith. [El Paso,
383 3809 164 72 Tex.]
581 3817 18 21 c
604 3807 167 57 1925.

455 3886 77 43 110
562 3900 39 38 p.
666 3885 47 43 18½
750 3885 46 18 cm
805 3920 8 7 .

384 3941 52 54 ©
472 3944 109 48 June
610 3942 38 49 6,
682 3940 129 53 1925;
843 3941 64 43 2c.
940 3941 86 43 and
1057 3941 78 43 aff.
1167 3942 116 51 June
1318 3939 73 54 15;
1425 3941 45 42 A
1499 3939 189 53 829701;
1725 3943 53 41 R.
1810 3943 57 42 A.
1904 3940 161 55 Smith,
2099 3942 40 49 El
2189 3945 133 43 Paso.

461 3997 270 57 (25-12364)
