2533 4412
1284 4110 111 58 522

335 520 1936 75 an answer for each question. By Howard D. Burnett …
337 598 356 73 Cleveland,
724 601 129 57 The
881 599 290 59 Baldwin
1198 600 120 57 law
1345 599 365 74 publishing
1738 618 324 54 company,
2094 600 167 57 1925.

403 676 598 54 4 p. l., 5-613 p. 17½ cm .
333 732 54 54 ©
415 735 112 51 Apr.
556 735 66 51 22,
655 734 130 53 1925;
813 736 66 42 2c.
907 735 88 43 and
1022 735 79 43 aff.
1130 735 112 52 Apr.
1272 734 77 53 30;
1381 736 44 42 A
1453 734 164 45 823972;
1676 735 208 44 Baldwin
1912 735 88 43 law
2030 735 101 52 pub.
2161 749 65 29 co.

413 789 243 56 (25-9288)

337 891 223 74 Corby,
601 892 162 59 Jane
800 891 258 72 Irenita,
1099 895 191 57 1899-

418 985 217 59 Simon
665 986 273 73 Kenton,
968 987 105 58 the
1107 989 176 57 scout;
1345 1008 37 38 a
1411 988 126 57 tale
1569 988 68 58 of
1667 987 274 58 frontier
1969 985 114 60 life
2112 986 231 73 during

340 1064 1999 74 the revolution, by J. I. Corby … illustrated in color by
338 1143 80 58 H.
465 1144 69 57 L.
584 1143 327 74 Hastings.
995 1143 153 58 New
1192 1143 190 73 York,
1432 1145 272 57 Thomas
1750 1144 72 58 Y.
1874 1143 264 60 Crowell
335 1163 1980 132 company
539 1252 12 43 [
554 1229 17 22 c
577 1223 165 72 1925]

409 1302 65 51 xi,
506 1303 83 43 318
619 1318 39 35 p.
718 1300 83 46 col.
835 1301 152 52 front.,
1021 1302 84 44 col.
1140 1301 156 53 plates.
1356 1302 53 44 20
1416 1304 47 18 cm
1469 1339 8 9 .

334 1354 54 55 ©
415 1358 119 42 Mar.
561 1357 67 51 23,
657 1355 131 54 1925;
816 1358 64 42 2c.
908 1357 88 43 and
1023 1357 79 44 aff.
1131 1358 121 43 Mar.
1277 1355 80 55 27;
1386 1357 44 43 A
1457 1355 190 55 822615;
1677 1356 202 45 Thomas
1907 1358 57 43 Y.
1996 1356 196 46 Crowell
2220 1373 65 30 co.

412 1411 245 57 (25-9491)

337 1514 348 71 Crawford,
734 1514 270 58 Thomas
1048 1514 275 72 Dwight.

415 1606 393 60 Cumulative
856 1608 352 57 Tennessee
1253 1607 224 73 digest.
1561 1608 58 56 A
1665 1608 210 73 digest
1919 1609 67 57 of
2031 1609 104 57 the
337 1610 1980 134 decisions
537 1686 67 57 of

633 1687 103 56 the
770 1685 305 72 Supreme
1106 1689 180 57 court
1313 1686 68 57 of
1411 1687 351 57 Tennessee
1795 1688 299 70 reported
2119 1687 66 56 in
335 1689 1981 133 volumes
540 1766 109 55 146
679 1767 63 54 to

773 1766 113 55 150
914 1764 66 57 of
1010 1765 352 57 Tennessee
1393 1768 250 68 reports
1675 1766 123 56 and
1826 1764 66 57 in
1919 1764 280 59 volumes
2232 1767 108 56 243

335 1846 64 54 to
440 1844 110 56 266
591 1843 66 57 of
700 1841 473 59 Southwestern
1212 1844 306 71 reporter.
1619 1843 101 72 By
1760 1845 67 55 T.
1869 1844 74 57 D.
1989 1842 350 60 Crawford.

339 1920 90 59 St.
475 1920 211 70 Louis,
732 1921 143 69 Mo.,
923 1920 271 58 Thomas
1238 1921 121 56 law
1400 1921 160 57 book
1604 1940 324 50 company,
1974 1923 165 56 1925.

407 1996 508 55 1 p. l., 145 p. 26 cm .
407 2055 74 45 On
506 2070 134 29 cover:
694 2053 284 46 Cumulative
1005 2055 282 52 supplement
1312 2063 46 36 to
1385 2055 149 45 Webb
1561 2056 37 44 &
1626 2056 164 52 Meigs’
1817 2055 255 46 Tennessee
2099 2056 160 54 digest.

335 2110 53 54 ©
421 2111 114 54 May
565 2111 67 53 25,
670 2111 130 54 1925;
833 2114 66 42 2c.
932 2113 88 43 and
1052 2113 79 43 aff.
1166 2112 114 53 May
1309 2112 79 53 28;
1423 2113 44 42 A
1502 2111 189 55 829415;
1727 2112 55 45 T.
1816 2113 58 44 D.
1909 2112 257 55 Crawford,
2201 2114 138 44 Little

406 2170 142 51 Rock,
572 2169 115 44 Ark.

338 2271 230 72 Curtis,
612 2271 260 59 Carlton
911 2270 314 72 Clarence,
1265 2272 192 58 1864-

414 2363 1927 77 A guide to the trees, by Carlton C. Curtis … New
341 2445 186 73 York,
558 2444 380 74 Greenberg,
967 2442 137 75 inc.,
1135 2444 168 60 1925.

411 2523 700 54 4 p. l., 208 p. illus. 19 cm .
408 2581 356 55 Bibliography:
793 2597 42 38 p.
863 2581 97 48 3-4.

335 2637 54 55 ©
413 2640 113 52 Apr.
557 2637 63 54 15,
650 2636 130 54 1925;
808 2639 64 42 2c.
899 2638 112 52 Apr.
1037 2638 78 51 28;
1143 2637 80 43 aff.
1249 2637 112 51 Apr.
1387 2635 80 53 27;
1497 2635 44 43 A
1567 2636 191 52 829119;
1790 2635 276 54 Greenberg,
2096 2636 243 53 publisher,

406 2695 83 44 inc.
559 2693 244 56 (25-9367)

336 2794 217 70 Dahle,
590 2794 188 59 John.

414 2884 1924 74 Library of Christion hymns, by John Dahle … v. 1.
338 2960 1999 77 English translation by Rev. M. Casper Johnshoy, B . D.
336 3041 441 72 Minneapolis,
808 3040 215 75 Minn.,
1052 3039 345 73 Augsburg
1422 3038 367 74 publishing
1813 3039 194 59 house
2039 3070 12 43 [
2054 3048 18 21 c
2076 3040 190 57 1924-

406 3125 357 53 320 p. 20 ½ cm .
336 3181 54 55 ©
414 3182 119 45 Nov.
561 3182 63 52 10,
651 3181 106 45 1924;
806 3182 65 43 2c.
895 3181 87 44 and
1005 3181 79 43 aff.
1110 3181 114 52 Apr.
1251 3179 62 54 16,
1342 3177 130 55 1925;
1499 3180 44 43 A
1569 3177 189 55 823756;
1785 3179 253 53 Augsburg
2059 3178 103 54 pub.
2185 3178 153 45 house.

416 3239 244 55 (25-9416)

337 3325 166 72 Dull,
542 3324 258 59 Charles
838 3323 276 72 Elwood,
1154 3325 189 57 1878-

418 3414 1928 78 High school chemistry, by Charles E. Dull … New
342 3496 188 72 York,
559 3496 80 57 H.
669 3496 154 58 Holt
851 3497 125 57 and
1004 3513 306 54 company
1340 3524 12 43 [
1354 3501 18 22 c
1377 3494 165 72 1925]

410 3576 64 52 xi,
504 3575 80 45 577
614 3592 39 36 p.
713 3574 85 47 col.
829 3576 151 49 front.,
1009 3573 119 46 illus.
1153 3572 99 54 (incl.
1312 3573 169 53 ports.)
1518 3571 170 54 diagrs.
1751 3573 50 45 19½
1834 3575 49 19 cm
1889 3608 10 10 .

409 3634 169 45 Tables
607 3648 59 30 on
694 3632 344 53 lining-papers.

338 3688 53 54 ©
418 3690 112 51 Apr.
560 3687 63 53 15,
652 3686 130 55 1925;
809 3688 66 43 2c.
903 3688 113 52 Apr.
1041 3688 51 41 21;
1151 3687 79 43 aff.
1258 3687 113 51 May
1401 3688 17 41 1;
1478 3685 43 44 A
1549 3684 190 54 829174;
1769 3686 163 53 Henry
1959 3686 117 44 Holt
2103 3687 37 44 &
2167 3702 64 28 co.

416 3743 243 57 (25-9366)

340 3831 260 72 Fowler,
638 3831 258 58 Charles
930 3829 276 60 Burnell.

340 3921 2002 156 … New modern illustrative banking, based upon Modern illustrative banking, revision by Charles B. Fowler
