2533 4412
1050 4059 107 55 135

120 430 315 70 Goodwin,
478 431 254 59 Samuel
767 431 78 57 H.

121 521 1968 153 Mormonism and masonry, by S. H. Goodwin … Washington,
405 601 74 57 D.
533 600 84 73 C.,
667 602 129 56 The
845 600 282 58 Masonic
1178 600 235 58 service
1464 600 380 59 association
1892 603 68 57 of
2009 600 104 57 the

122 679 234 58 United
384 679 210 58 States
625 707 12 43 [
638 686 18 21 c
662 678 163 72 1924]

226 794 9 15 x,
267 758 78 44 106
371 774 40 35 p.
474 757 52 44 16
530 759 46 17 cm
583 792 9 9 .
660 757 164 51 (Little
853 756 201 45 masonic
1083 757 184 51 library,
1375 771 40 33 [no.
1445 756 67 51 8])

121 809 53 54 ©
203 812 109 43 Dec.
338 813 39 49 8,
411 811 103 42 1924;
569 812 63 41 2c.
663 811 107 42 Dec.
798 811 78 52 23;
907 811 79 42 aff.
1015 811 98 51 Jan.
1147 811 61 50 13,
1243 809 128 52 1925;
1405 810 43 42 A
1478 808 189 53 815591;
1700 811 207 44 Masonic
1938 810 172 45 service

190 883 116 28 assn.
331 868 51 44 of
406 868 74 44 the
507 867 171 45 United
705 866 162 47 States.
938 865 242 56 (25-4591)

117 951 287 74 Gourley,
445 953 240 71 Joseph
723 953 273 72 Harvey,
1040 955 189 55 1883-

263 1041 1849 75 … Orchard management, by J. H. Gourley … New
123 1119 164 58 York
315 1120 122 57 and
464 1119 278 72 London,
770 1119 257 72 Harper
1054 1120 48 56 &
1127 1119 310 73 brothers,
1468 1121 166 55 1925.

195 1199 91 50 viii,
313 1197 81 46 247
417 1214 39 37 p.
518 1198 151 54 front.,
694 1198 128 52 illus.,
849 1199 157 52 plates,
1029 1199 166 51 diagrs.
1259 1198 49 43 19½
1343 1200 46 17 cm
1397 1233 8 8 .
1474 1197 247 55 (Harper’s
1748 1198 274 51 handbooks,
2050 1199 52 43 ed.

122 1257 59 52 by
208 1256 73 43 W.
314 1255 47 45 C.
391 1255 216 52 O’Kane)

196 1311 222 45 “General
446 1311 160 44 index”
642 1312 66 53 ([8]
750 1311 67 52 p.)
856 1312 195 43 inserted
1079 1312 201 43 between
1308 1326 38 38 p.
1380 1310 200 44 120-121.

118 1366 53 54 ©
199 1366 107 45 Feb.
337 1367 62 52 17,
431 1367 129 53 1925;
589 1368 66 44 2c.
684 1367 104 44 Feb.
821 1366 74 54 17;
927 1369 78 42 aff.
1036 1367 105 44 Feb.
1174 1368 73 52 19;
1278 1368 43 42 A
1351 1367 189 53 823123;
1574 1368 187 52 Harper
1787 1368 37 44 &
1852 1369 120 43 bros.

196 1424 242 55 (25-4754)

117 1509 258 73 Hadow,
416 1510 108 60 Sir
563 1509 282 61 William
887 1511 234 73 Henry,
1166 1514 188 56 1859-

197 1601 219 72 Music,
448 1602 82 71 by
564 1601 104 59 Sir
698 1602 97 58 W.
825 1602 82 57 H.
941 1602 261 58 Hadow.
1285 1603 152 57 New
1465 1603 191 72 York,
1688 1603 81 57 H.
1801 1603 156 58 Holt
1991 1605 123 58 and

118 1697 335 55 company;
486 1684 149 68 [etc.,
666 1684 133 67 etc.,
827 1687 18 23 c
848 1680 166 73 1925]

186 1757 85 45 256
301 1772 41 39 p.
402 1758 52 44 17
459 1759 48 18 cm
512 1791 11 10 .
590 1757 291 54 (Half-title:
924 1757 156 43 Home
1114 1756 259 55 university
1408 1756 174 56 library
1617 1757 54 44 of
1704 1756 195 45 modern
120 1758 1971 109 knowledge,
272 1829 74 29 no.
376 1814 104 51 109)

189 1870 356 54 Bibliography:
576 1886 41 38 p.
647 1871 206 45 247-248.

118 1927 53 54 ©
198 1930 99 51 Jan.
329 1930 63 50 16,
425 1929 129 52 1925;
582 1930 66 42 2c.
676 1929 86 43 and
794 1929 78 43 aff.
903 1928 106 44 Feb.
1042 1927 74 54 10;
1147 1929 43 42 A
1221 1928 189 54 815966;
1443 1930 163 52 Henry
1635 1930 118 44 Holt
1782 1930 37 45 &
1848 1945 67 30 co.

196 1985 241 56 (25-4613)

118 2072 353 58 Handbook
502 2073 106 56 for
641 2072 283 58 teachers
963 2072 68 57 of
1067 2071 286 74 English,
1389 2072 322 72 questions
1749 2075 123 57 and
1908 2074 202 73 topics

196 2150 102 57 for
325 2149 188 71 study
535 2149 194 59 based
754 2168 77 38 on
857 2148 304 58 Merril’s
1188 2148 268 73 English
1479 2153 185 55 texts.
1747 2151 152 58 New
1922 2152 191 70 York,

198 2227 259 59 Charles
487 2228 73 57 E.
590 2225 245 59 Merrill
865 2247 87 38 co.
985 2255 13 44 [
1000 2234 20 23 c
1023 2226 165 74 1924]

192 2304 645 54 1 p. l. , 346 p., 1 l. 17 cm .
190 2362 151 44 Blank
365 2377 114 38 page
507 2362 78 43 for
611 2358 367 46 “Memoranda”
1007 2366 46 38 at
1079 2359 102 45 end.

118 2418 53 54 ©
198 2421 100 43 Oct.
324 2420 67 52 23,
421 2420 104 42 1924;
577 2419 65 42 2c.
669 2419 98 52 Jan.
799 2419 60 51 12,
891 2417 129 52 1925;
1051 2419 78 42 aff.
1156 2419 99 51 Jan.
1287 2419 74 51 14;
1392 2419 43 42 A
1463 2417 190 54 815794;
1685 2418 187 46 Charles
1901 2418 53 48 E.
189 2421 1899 98 Merrill
287 2491 66 28 co.
417 2473 66 56 [©
510 2490 135 38 pages
673 2474 206 54 215-219,
905 2474 206 52 239-250,
1141 2475 206 52 329-332]
1417 2475 243 55 (25-4060)

117 2560 167 74 Holt,
320 2559 287 63 Isabella.

193 2639 128 57 The
344 2639 118 57 low
485 2639 172 72 road,
682 2640 83 70 by
789 2638 273 57 Isabella
1085 2638 154 57 Holt…
1399 2638 152 58 New
1572 2638 190 75 York,
1788 2635 130 62 The
113 2640 1973 133 Macmillan

356 2734 322 54 company,
708 2717 167 56 1925.

190 2793 516 56 3 p. l., 271 p. 20 cm .
118 2851 53 54 ©
197 2852 105 44 Feb.
323 2852 67 49 24,
420 2850 129 54 1925;
575 2851 66 43 2c.
665 2851 86 43 and
778 2850 78 43 aff.
884 2848 105 45 Feb.
1015 2849 78 53 25;
1121 2851 43 42 A
1193 2850 188 52 823160;
1412 2850 266 44 Macmillan
1703 2865 65 29 co.

197 2907 241 55 (25-4858)

117 2993 247 74 Hough,
403 2993 318 71 Emerson,
760 2993 356 57 1857-1923.

192 3067 1915 78 The ship of souls, by Emerson Hough … New York,
114 3146 1417 76 London, D . Appleton and company, 1925.
190 3225 928 56 vi p., 1 l., 291, [1] p. front. 19½ cm .
118 3282 54 55 ©
199 3284 106 44 Feb.
332 3284 66 50 20,
430 3282 130 53 1925;
589 3284 63 41 2c.
681 3282 86 43 and
794 3282 79 43 aff.
902 3280 106 45 Feb.
1036 3281 78 52 24;
1144 3281 43 42 A
1215 3280 191 53 822159;
1438 3282 56 42 D.
1525 3281 229 53 Appleton
1782 3283 37 44 &
1847 3299 66 29 co.

197 3338 241 56 (25-4862)

118 3426 167 72 Hull,
326 3425 215 72 Harry
578 3422 193 72 Blair,
813 3425 191 57 1890-

193 3496 364 63 Household
604 3499 481 73 refrigeration;
1135 3518 35 38 a
1220 3499 302 71 complete
1568 3501 262 59 treatise
1877 3522 75 37 on
2003 3503 104 57 the

115 3580 361 72 principles,
509 3583 201 67 types,
743 3577 442 72 construction,
1219 3577 123 57 and
1375 3577 329 70 operation
1736 3579 66 57 of
1833 3581 150 57 both
2016 3581 91 57 ice

118 3659 122 56 and
273 3655 447 74 mechanically
755 3655 209 57 cooled
999 3654 301 58 domestic
1337 3654 471 75 refrigerators,
1846 3659 122 57 and
2003 3659 104 57 the

120 3731 1919 76 use of ice and refrigeration in the home, by H. B. Hull …
121 3814 287 72 Chicago,
437 3812 345 57 Nickerson
808 3811 50 57 &
885 3809 233 59 Collins
1149 3829 84 37 co.
1267 3839 12 43 [
1281 3817 18 21 c
1304 3811 163 72 1924]

188 3892 82 44 328
285 3907 38 37 p.
385 3891 129 51 illus.,
532 3890 165 51 diagrs.
755 3889 151 43 23½cm.

120 3947 53 54 ©
200 3949 109 42 Dec.
337 3948 65 50 31,
434 3945 127 52 1924;
589 3946 64 43 2c.
683 3946 86 43 and
796 3945 78 43 aff.
903 3945 98 52 Jan.
1033 3943 61 52 15,
1127 3942 130 54 1925;
1287 3944 43 42 A
1359 3943 190 54 815611;
1581 3946 256 43 Nickerson
1867 3948 37 43 &
1935 3947 170 45 Collins

189 4020 65 28 co.
323 4002 241 55 (25-4748)
