2533 4412
1074 4091 109 55 651

147 438 276 74 Maltbie,
461 439 199 58 Lewis
697 441 73 57 D.

222 531 1912 78 Perfected phonography, by L. D. Maltbie … New
146 610 170 58 York
345 610 145 72 city,
553 612 294 60 Interboro
879 611 307 70 institute,
1239 611 166 59 c1925.

213 689 52 43 99
289 703 42 37 p.
361 689 101 44 incl.
487 689 131 51 illus.,
643 696 118 44 port.
827 691 50 43 16
883 692 46 17 cm
935 727 8 8 .

143 740 53 54 ©
228 742 111 53 Apr.
372 744 65 50 30,
473 742 128 52 1925;
634 744 64 42 2c.
731 744 113 52 Apr.
877 745 78 50 23;
990 744 78 43 aff.
1104 745 111 51 May
1247 743 50 53 8;
1333 745 43 41 A
1407 740 191 56 855177;
1635 744 211 54 Dorothy
1879 744 53 48 E.
1968 743 166 54 Evans,

213 798 117 45 New
360 800 141 42 York.
564 798 66 54 [©
662 814 98 29 new
790 808 179 45 matter]
1039 797 270 58 (25-11295)

144 897 412 75 Manwaring,
596 898 327 59 Elizabeth
958 899 302 69 Wheeler,
1301 902 190 57 1879-

221 989 233 59 Italian
502 991 336 72 landscape
887 991 67 56 in
1003 990 358 74 eighteenth
1410 995 262 70 century
1721 992 322 74 England;
2098 1014 38 37 a

146 1068 188 72 study
363 1067 218 71 chiefly
611 1068 68 55 of
707 1068 103 57 the
841 1068 298 58 influence
1172 1068 69 57 of
1274 1068 232 60 Claude
1539 1069 271 59 Lorrain
1843 1073 122 56 and
141 1067 1969 139 Salvator

373 1146 172 55 Rosa
590 1164 79 37 on
718 1143 264 75 English
1033 1150 183 67 taste,
1266 1147 358 73 1700-1800,
1673 1149 86 71 by
1805 1148 329 58 Elizabeth

141 1220 1971 155 Wheeler Manwaring … New York [etc.] Oxford university
300 1318 201 54 press,
537 1301 165 55 1925.

211 1375 60 50 xi,
308 1377 80 42 243
425 1390 38 37 p.
526 1374 153 53 front.,
717 1376 155 52 plates,
908 1383 129 46 port.,
1075 1377 115 52 plan.
1254 1377 54 45 23
1315 1381 46 18 cm
1367 1413 9 9 .
1446 1379 123 53 (The
1608 1379 250 54 Wellesley
141 1376 1968 104 semi-centennial
339 1432 163 54 series)

211 1489 210 48 Lettered
452 1504 58 28 on
540 1504 133 28 cover
690 1504 9 29 :
733 1488 247 53 Wellesley
1013 1489 152 44 series.

213 1545 80 44 “In
325 1546 55 42 its
409 1545 194 53 original
634 1545 134 49 form,
797 1544 87 44 this
915 1546 132 51 study
1078 1560 91 29 was
1202 1547 237 51 presented
1471 1555 49 35 to
1547 1547 78 44 the
1653 1546 194 56 English
1878 1549 172 54 faculty
2080 1550 50 45 of

143 1601 76 43 the
244 1600 228 46 Graduate
498 1601 153 43 school
676 1600 52 43 of
753 1599 114 46 Yale
892 1601 248 52 university
1169 1616 44 28 in
1237 1601 244 54 candidacy
1509 1604 72 43 for
1607 1604 75 44 the
1707 1605 165 54 degree
1897 1605 50 44 of
1973 1606 159 44 doctor

140 1656 51 44 of
220 1655 500 56 philosophy.”—Pref.

138 1711 54 53 ©
218 1713 111 53 May
350 1714 69 51 28,
448 1712 103 44 1925;
602 1714 66 42 2c.
694 1713 87 44 and
806 1713 78 43 aff.
910 1714 115 51 June
1054 1713 48 42 13;
1156 1714 44 41 A
1225 1711 166 48 855530;
1444 1715 248 53 Wellesley
1719 1716 190 54 college,
207 1708 1902 118 Wellesley,

331 1770 140 42 Mass.
541 1768 269 56 (25-11211)

138 1869 273 71 Martyn,
459 1866 274 72 Charles,
780 1870 140 56 1874-

217 1958 128 59 The
382 1957 279 59 William
696 1957 199 59 Ward
933 1959 374 72 genealogy;
1348 1960 103 58 the
1491 1959 249 74 history
1782 1962 68 57 of
1889 1962 103 59 the
141 1961 1967 137 descendants

519 2035 68 58 of
631 2033 281 61 William
954 2035 200 61 Ward
1203 2037 68 58 of
1320 2037 312 74 Sudbury,
1681 2039 214 71 Mass.,
1946 2042 188 57 1638-

140 2112 1991 77 1925, by Charles Martyn … New York, A. Ward, 1925.
207 2190 111 53 xvii,
349 2191 93 50 749,
474 2192 54 44 [1]
559 2205 41 37 p.
664 2190 157 51 front.,
850 2189 160 53 plates,
1041 2197 157 45 ports.,
1230 2204 144 40 maps,
1408 2191 206 44 facsims.
1640 2193 53 51 (1.
1723 2191 193 53 double)
1982 2195 151 44 24½cm.

135 2246 54 54 ©
219 2248 118 44 Mar.
368 2249 63 50 14,
464 2246 128 53 1925;
620 2247 64 43 2c.
712 2246 114 54 June
859 2246 73 52 15;
963 2248 79 42 aff.
1071 2248 117 51 June
1215 2245 75 55 17;
1321 2249 43 42 A
1393 2248 188 52 829722;
1614 2250 159 53 Irving
207 2246 1899 106 bank-Columbia

303 2312 115 36 trust
441 2319 65 27 co.
531 2318 47 28 as
603 2311 214 36 executor
843 2304 37 42 &
903 2311 168 35 trustee
1094 2304 142 42 under
1260 2303 75 45 the
1360 2305 94 43 will
1479 2306 52 42 of
1552 2307 215 44 Artemas
1793 2308 159 52 Ward,
1977 2309 151 52 dec’d.,

207 2362 118 43 New
360 2361 141 42 York.
571 2358 269 56 (25-11114)

140 2448 242 72 Maury,
415 2447 304 57 Matthew
754 2444 322 74 Fontaine,
1115 2448 356 58 1806-1873.

215 2539 286 70 Maury’s
539 2557 135 37 new
711 2538 293 58 elements
1044 2538 68 56 of
1148 2537 366 73 geography
1548 2539 103 57 for
1687 2540 287 74 primary
2008 2544 122 56 and

137 2616 437 60 intermediate
617 2616 251 72 classes,
910 2614 81 73 by
1034 2616 83 57 M.
1164 2616 68 55 F.
1281 2616 246 73 Maury,
1650 2667 10 9 LL.
1746 2665 11 11 D.
1840 2622 149 56 Rev.
2037 2623 91 56 ed.

136 2696 153 58 New
343 2696 189 70 York,
595 2693 356 59 Cincinnati
1008 2698 147 68 [etc.]
1216 2694 336 58 American
1610 2698 158 57 book
1824 2717 308 54 company

139 2802 13 43 [
156 2783 16 20 c
177 2773 162 74 1925]

211 2850 76 45 138
317 2865 39 37 p.
418 2850 113 43 illus.
558 2849 125 53 (part
713 2847 96 52 col.,
840 2849 100 43 incl.
973 2849 151 52 maps)
1190 2848 54 44 26
1251 2852 46 18 cm
1304 2885 9 9 .

135 2907 52 53 ©
221 2908 111 53 May
359 2908 67 50 28,
463 2906 127 53 1925;
623 2908 63 41 2c.
718 2906 87 44 and
835 2907 79 42 aff.
946 2907 115 51 June
1097 2908 72 50 13;
1203 2907 43 42 A
1279 2906 188 54 855540;
1502 2909 243 44 American
1779 2911 119 44 book
1929 2927 66 28 co.
2059 2911 66 54 [©

205 2980 25 27 a
259 2962 224 53 thorough
512 2964 195 42 revision
734 2963 86 44 and
848 2963 210 52 bringing
1087 2971 45 35 to
1163 2964 116 53 date]
1351 2962 270 57 (25-11281)

139 3048 223 69 Miller,
406 3049 295 56 Florence
743 3045 245 60 Grauel.

212 3135 348 75 Following
583 3138 104 57 the
709 3136 222 74 gleam,
954 3141 83 70 by
1064 3139 300 58 Florence
1395 3140 231 58 Grauel
1652 3142 226 60 Miller.
137 3141 1968 152 Philadelphia,

474 3214 336 60 American
841 3216 495 72 Sunday-school
1366 3216 191 59 union
1588 3248 14 42 [
1603 3226 20 23 c
1626 3220 165 73 1925]

208 3293 78 45 180
310 3309 41 37 p.
414 3293 155 49 front.,
597 3292 159 52 plates.
819 3295 118 42 19cm.

137 3349 52 53 ©
225 3350 113 54 June
377 3348 63 52 15,
480 3347 127 53 1925;
645 3349 64 42 2c.
748 3348 86 44 and
871 3350 77 42 aff.
986 3349 115 52 June
1142 3351 73 48 19;
1255 3350 43 43 A
1337 3349 187 54 829755;
1566 3353 154 43 Amer.
1762 3353 362 55 Sunday-school

203 3405 149 45 union.
421 3403 268 55 (25-11449)

140 3490 261 72 Morrill,
441 3490 229 58 Gulian
706 3488 294 75 Lansing,
1045 3493 185 57 1857-

214 3580 313 72 Midnight
567 3600 110 37 son
713 3584 62 54 to
812 3582 418 70 Madagascar
1264 3581 374 73 daughters;
1676 3584 191 74 going
1900 3587 227 73 lightly

136 3659 271 71 through
444 3658 290 72 Norway,
774 3658 334 73 Denmark,
1152 3659 278 70 Sweden,
1469 3661 288 71 Finland,
1797 3664 329 73 Esthonia,

137 3735 244 72 Latvia,
421 3735 354 72 Lithuania,
814 3737 260 65 Poland,
1115 3736 334 73 Germany,
1489 3739 292 75 Holland,
1820 3742 305 74 Belgium,

138 3815 258 69 France,
450 3814 213 71 Spain,
718 3812 250 74 Canary
1017 3815 270 72 Islands,
1339 3814 189 75 Cuba,
1581 3818 233 74 Egypt,
1866 3821 259 72 Arabia,

141 3890 400 72 Somaliland,
614 3891 358 73 Abyssinia,
1046 3893 343 72 Mombasa,
1463 3896 321 71 Zanzibar,
1861 3898 264 59 Comoro

138 3969 267 69 Islands,
451 3969 433 73 Madagascar,
929 3970 357 72 Mauritius,
1331 3971 90 57 La
1466 3974 303 72 Reunion,
1813 3977 82 70 by
1938 3977 68 57 G.
2055 3978 66 56 L.
