2533 4412
1087 4064 107 57 137

131 434 346 75 [Kirkland,
513 431 333 75 Winifred]

209 512 202 60 Chaos
448 513 123 56 and
604 531 39 37 a
675 512 198 71 creed,
906 511 82 70 by
1022 510 216 56 James
1273 506 332 58 Priceman
1645 507 249 73 [pseud.]
1972 506 149 57 New

128 591 173 57 York
329 591 124 56 and
480 589 277 72 London,
789 588 258 70 Harper
1076 590 57 54 &
1159 585 309 74 brothers,
1502 586 164 55 1925.

200 667 26 43 6
251 682 40 37 p.
338 702 22 17 l.,
389 665 83 44 270
496 680 40 37 p.
595 665 51 42 21
655 667 47 17 cm
709 698 10 9 .

128 723 53 53 ©
210 722 105 44 Feb.
347 721 63 53 17,
440 721 130 53 1925;
599 722 63 42 2c.
692 720 105 44 Feb.
831 719 73 53 17;
936 719 78 44 aff.
1044 717 106 45 Feb.
1185 719 74 51 19;
1290 718 43 43 A
1361 717 191 54 823125;
1583 718 188 51 Harper
1798 718 37 43 &
1863 717 120 44 bros.

207 777 242 57 (25-4634)

127 863 236 71 Layng,
406 859 276 61 Charles.

210 942 128 56 The
380 941 181 71 lucky
605 941 193 56 dozen
841 958 172 38 cross
1057 939 175 56 word
1273 938 279 71 puzzles;
1597 937 145 59 first
1785 937 214 71 series,
2043 939 81 71 by

135 1018 258 59 Charles
425 1019 223 70 Layng
684 1066 60 10 ...
822 1017 151 56 New
1004 1016 189 72 York,
1230 1017 128 55 The
1391 1015 377 58 Associated
129 1016 1971 153 distributing
269 1114 164 53 corp.
473 1126 13 43 [
487 1103 19 21 c
511 1096 163 72 1924]

203 1173 79 54 [42]
302 1187 39 37 p.
403 1171 130 51 illus.,
551 1171 166 52 diagrs.
781 1170 50 44 17
838 1173 46 18 cm.

131 1228 53 53 ©
213 1230 107 42 Dec.
346 1228 67 51 24,
444 1228 131 51 1924;
601 1228 65 41 2c.
694 1227 87 43 and
808 1227 79 43 aff.
914 1227 99 52 Jan.
1040 1226 40 52 2,
1111 1223 129 55 1925;
1270 1227 43 41 A
1340 1226 189 52 816848;
1564 1225 185 54 Stanley
1777 1227 102 52 pub.
1907 1242 79 38 co.,
201 1226 1901 112 Chicago.
395 1279 242 59 (25-4966)

130 1367 325 73 Levinger,
500 1366 181 58 Elma
722 1365 276 58 Ehrlich.

212 1445 128 60 The
367 1446 219 57 Tower
615 1443 69 59 of
706 1443 210 59 David;
973 1464 35 37 a
1031 1444 163 58 book
1219 1442 69 59 of
1312 1443 227 59 stories
1567 1443 104 59 for
1697 1444 106 60 the
1829 1465 301 54 program

135 1520 1927 77 of women’s organizations, by Elma Ehrlich Levinger …
135 1600 333 74 published
515 1599 104 57 for
671 1598 104 60 the
827 1598 300 58 National
1178 1599 241 58 council
1469 1600 68 57 of
1587 1600 241 59 Jewish
1874 1622 257 39 women.

133 1674 153 64 New
312 1678 192 70 York,
536 1677 198 57 Bloch
764 1675 364 74 publishing
1160 1695 323 55 company,
1518 1677 168 59 1924.

202 1753 614 56 4 p. l., 7-203 p. 19½ cm .
207 1811 354 54 Bibliography:
594 1825 42 39 p.
668 1811 203 44 199-203.

534 1872 70 49 CONTENTS.—pt.
636 1877 34 35 I.
706 1866 179 48 Stories
924 1867 78 43 for
1034 1866 78 46 the
1145 1872 362 50 program.—pt.
1584 1905 12 10 II.
1629 1867 101 49 The
1766 1877 132 49 story
1931 1872 91 45 and
2057 1873 78 44 the

137 1926 188 54 literary
349 1940 234 40 program.

135 1983 53 54 ©
220 1985 109 43 Dec.
366 1984 61 51 18,
464 1983 128 52 1924;
624 1983 66 42 2c.
722 1982 88 43 and
838 1982 81 43 aff.
954 1983 109 42 Dec.
1094 1981 81 54 27;
1209 1982 43 43 A
1285 1982 188 55 814966;
1511 1984 125 45 Natl,
1670 1986 175 43 council
1877 1986 50 44 of
1960 1988 170 53 Jewish

205 2044 190 49 womën,
425 2040 118 44 New
569 2041 142 42 York.
780 2038 243 55 (25-4611)

134 2123 401 72 Linebarger,
574 2123 161 57 Paul
768 2123 230 71 Myron
1033 2119 408 77 Wentworth,
1480 2127 191 57 1871-

217 2202 132 59 Sun
381 2202 124 57 Yat
544 2200 127 59 Sen
703 2201 125 58 and
859 2200 105 58 the
1002 2198 266 60 Chinese
1305 2202 298 73 republic,
1638 2204 83 72 by
1759 2205 160 59 Paul
137 2208 1974 142 Linebarger
401 2325 63 10 ...
551 2279 152 56 New
733 2278 175 57 York
937 2279 49 57 &
1015 2277 280 72 London,
1330 2280 130 59 The
1494 2279 283 77 Century
1806 2302 89 39 co.
1929 2313 15 44 [
1946 2292 20 23 c
1968 2286 166 73 1925]

205 2355 132 53 xviii,
366 2356 79 44 371
477 2370 40 38 p.
580 2355 158 52 front.,
768 2354 160 54 plates,
960 2361 141 46 ports.
1161 2355 56 44 20½
1250 2357 46 18 cm
1303 2391 10 9 .
1426 2356 127 54 $4.00

139 2412 53 54 ©
219 2413 105 44 Feb.
353 2414 63 51 13,
443 2412 130 53 1925;
601 2413 64 42 2c.
693 2412 105 44 Feb.
829 2412 73 53 16;
930 2413 79 43 aff.
1037 2412 106 44 Feb.
1174 2412 74 53 17;
1277 2414 43 41 A
1349 2414 188 54 823103;
1568 2415 199 55 Century
1793 2433 68 29 co.
217 2469 243 55 (25-4930)

138 2552 351 74 Macaulay,
529 2553 178 57 Rose.

219 2630 258 74 Orphan
500 2629 237 73 Island,
763 2631 83 70 by
871 2622 167 67 Rose
1065 2633 335 72 Macaulay
1430 2679 63 12 ...
1579 2636 153 59 New
1756 2638 192 74 York,
1977 2640 161 59 Boni

142 2709 122 58 and
291 2707 328 73 Liveright
655 2709 182 72 [1925]

210 2785 751 54 viii p., 1 l., 11-319 p. 19 cm .
212 2842 153 45 “First
395 2841 219 54 printing,
642 2843 220 53 January,
894 2842 130 52 1925;
1057 2846 172 42 second
1260 2843 218 55 printing,
1509 2844 252 59 February,
1797 2850 146 46 1925.”

142 2899 53 53 ©
222 2902 99 50 Jan.
350 2902 65 48 31,
448 2899 129 53 1925;
604 2901 65 42 2c.
700 2899 107 44 Feb.
841 2901 72 51 18;
943 2901 79 42 aff.
1051 2900 107 45 Feb.
1187 2902 49 52 6;
1267 2903 43 41 A
1339 2904 189 52 822084;
1563 2906 113 43 Boni
1706 2908 37 43 &
1771 2908 236 50 Liveright
2052 2911 70 44 inc

222 2955 242 55 (25-4603)

139 3024 342 73 McHenry,
517 3024 61 57 A
886 3024 205 59 Doris.

143 3102 1975 154 Diabetic diet, a handbook for diabetics, by A. Doris McHenry, B . A. and Marjorie M. Cooper, B . A.
144 3188 1998 148 With a preface by J. A. Gilchrist ... and F . G. Banting ... New
1821 3269 173 59 York
2019 3273 124 57 and
145 3335 276 64 London,
454 3336 255 71 Harper
736 3335 49 59 &
811 3337 290 58 brothers
1133 3367 13 43 [
1149 3346 19 21 c
1171 3338 164 73 1925]

218 3412 492 54 5 p. l., 62 p. 19 cm .
148 3469 53 53 ©
228 3469 106 45 Feb.
367 3470 70 52 17,
461 3469 130 53 1925;
617 3471 66 43 2c.
712 3469 105 46 Feb.
850 3470 74 53 17;
954 3471 80 44 aff.
1063 3470 107 46 Feb.
1203 3471 74 53 19;
1309 3473 42 42 A
1380 3474 186 53 823124;
1601 3479 185 52 Harper
1815 3481 37 43 &
1880 3483 104 43 bros

226 3526 241 54 (25-1976)

148 3593 223 75 [Maria
411 3593 315 74 Eugenia,·
752 3594 206 60 Sister]

227 3672 209 70 Jesus,
478 3673 103 57 the
622 3672 205 57 model
869 3672 68 57 of
978 3672 300 72 religious
1331 3674 431 71 (meditations
1807 3683 103 59 for
1956 3706 188 53 every

152 3749 124 72 day
302 3748 68 60 of
392 3748 104 59 the
519 3750 181 73 year)
733 3751 82 71 by
843 3769 36 38 a
904 3750 300 71 religious
1232 3752 68 58 of
1328 3755 104 57 the
1461 3755 468 78 Congregation
1956 3765 69 58 of
2052 3766 89 60 St.

155 3827 259 59 Charles
444 3827 365 72 Borromeo,
838 3829 354 59 translated
1220 3831 84 70 by
1332 3851 36 37 a
1399 3832 187 61 sister
1617 3837 71 58 of
1717 3839 198 60 Notre
1948 3844 196 60 Dame

164 3904 385 71 (Cleveland,
576 3904 187 71 Ohio)
803 3952 62 10 ...
951 3907 152 57 New
1127 3907 172 57 York
1327 3911 123 57 and
1479 3911 372 78 Cincinnati,
155 3920 1965 119 Frederick
278 3982 220 57 Pustet
527 4002 106 54 co.,
662 3981 136 72 inc.,
828 3983 166 58 1925.
