2533 4412
0 0 0 0 1152
382 380 261 74 Harlan,
685 380 246 71 Rolvix,
973 384 191 57 1876-

453 472 61 57 A
543 491 137 39 new
714 472 125 72 day
873 472 105 57 for
1012 472 105 58 the
1154 476 267 69 country
1453 473 247 74 church,
1735 474 82 72 by
1853 473 231 58 Rolvix
2118 473 265 74 Harlan,

376 571 106 38 PH.
509 570 54 39 D.
646 550 346 73 Nashville,
1023 551 212 72 Tenn.,
1267 548 366 75 Cokesbury
1657 570 201 54 press,
1889 552 168 57 1925.

446 629 93 52 viii,
570 629 80 45 166
675 645 40 38 p.
775 629 54 44 20
835 631 48 17 cm
890 664 8 8 .
1015 627 122 55 $1.25

448 686 284 53 “Suggested
763 686 186 52 reading
979 681 186 49 course”
1183 701 8 28 :
1223 701 40 38 p.
1298 684 202 46 165-166.

380 741 54 54 ©
462 744 112 51 May
606 743 63 52 13,
700 741 130 53 1925;
859 743 66 43 2c.
954 743 89 44 and
1070 743 81 43 aff.
1180 743 120 52 Aug.
1329 743 49 52 6;
1409 743 47 43 A
1481 741 192 54 861347;
1705 743 167 43 Lamar
1899 743 89 44 and
2018 744 186 52 Barton,
448 742 1918 101 Nashville.
638 797 274 56 (25-19505)

382 887 340 72 Hayward,
763 884 260 60 Charles
1061 886 79 58 H.

379 975 2010 232 … English rooms & their decoration at a glance; a simple review in pictures of English rooms and their decoration from the eleventh to the eighteenth centuries, by
383 1211 2007 72 Charles H. Hayward … v. 1. 1066-1620. London, The
378 1289 472 58 Architectural
880 1307 203 55 press,
1120 1290 167 56 1925.

448 1364 1368 56 xii, 83 p. illus. 21 ½cm . (“At a glance” series. 3)
379 1420 2009 57 © 1c. Sept. 1, 1925; A ad int. 7246; pubd. July 6; C. H. Hayward, London.
458 1479 273 56 (25-21652)

381 1564 292 75 Heming,
705 1565 247 57 Arthur
986 1565 222 74 Henry
1240 1564 295 69 Howard,
1571 1567 192 58 1870-

457 1644 132 58 The
632 1644 200 73 living
874 1643 223 72 forest,
1140 1645 84 71 by
1266 1643 249 58 Arthur
1556 1642 306 74 Heming;
1907 1642 363 60 illustrated
2311 1643 84 72 by

378 1723 104 57 the
539 1722 245 58 author.
869 1721 255 60 Garden
1179 1720 163 75 City,
1399 1721 75 58 N.
1529 1721 95 72 Y.,
1676 1721 387 73 Doubleday,
2119 1721 172 74 Page
2345 1720 49 60 &

379 1820 325 53 company,
738 1802 168 56 1925.

483 1877 1177 56 x p., 1 l., 268 p. col. front., col. plates. 21 cm .
379 1935 54 55 ©
465 1936 122 54 Sept.
614 1935 67 54 25,
716 1935 105 46 1925;
876 1937 67 43 2c.
973 1937 89 43 and
1090 1936 80 44 aff.
1202 1936 103 44 Oct.
1334 1936 28 42 2;
1419 1936 45 43 A
1494 1934 167 45 864974;
1720 1935 286 54 Doubleday,
2039 1936 126 53 Page
2198 1936 37 44 &
2265 1950 66 29 co.

459 1992 273 58 (25-19825)

381 2080 291 69 Holman,
708 2079 267 59 Russell.

457 2159 131 57 The
639 2158 346 70 freshman,
1036 2157 323 62 novelized
1407 2157 84 72 by
1540 2157 253 58 Russell
1841 2156 306 72 Holman;
2201 2158 193 58 based

378 2257 171 53 upon
578 2237 106 58 the
717 2239 182 71 great
932 2236 258 72 comedy
1225 2234 285 74 starring
1542 2235 248 58 Harold
1821 2235 219 73 Lloyd,
2075 2236 319 71 produced

377 2312 2016 77 by the Harold Lloyd corporation … New York, Grosset
377 2394 49 59 &
460 2394 254 71 Dunlap
756 2422 13 44 [
769 2402 20 21 c
793 2393 166 72 1925]

449 2469 957 57 3 p. l ., 345 p. front., plates. 19½ cm .
379 2529 54 54 ©
461 2530 101 45 Oct.
588 2532 37 47 6,
655 2527 104 46 1925;
811 2529 66 43 2c.
904 2528 88 44 and
1015 2528 79 43 aff.
1123 2527 102 45 Oct.
1254 2527 27 43 8;
1332 2527 45 43 A
1403 2526 169 45 869230;
1624 2525 192 46 Grosset
1841 2526 38 45 &
1905 2527 195 52 Dunlap.
459 2586 274 57 (25-19831)

382 2673 274 70 Holmes,
693 2671 240 73 George
970 2668 242 73 Edwin,
1250 2672 191 56 1883-

455 2752 359 59 Procedure
841 2753 124 58 and
989 2750 277 73 practice
1291 2749 221 60 before
1537 2750 104 58 the
1667 2749 237 59 United
1933 2748 212 60 States
2172 2750 213 59 Board

381 2826 2002 76 of tax appeals, by George E. Holmes … and Kingman
379 2905 1905 74 Brewster … Washington, D. C., J. Byrne & co., 1925.
449 2986 480 51 viii, 225 p. 19½ cm .
381 3040 54 54 ©
460 3042 119 53 Aug.
605 3042 37 50 3,
673 3039 104 46 1925;
829 3041 67 42 2c.
922 3039 88 44 and
1035 3038 79 45 aff.
1140 3038 120 53 Aug.
1289 3038 24 43 3;
1368 3037 45 43 A
1437 3036 169 46 861282;
1659 3037 53 45 G.
1740 3036 53 48 E.
1822 3037 192 44 Holmes
2041 3037 88 44 and
2155 3036 234 54 Kingman

452 3099 246 51 Brewster,
729 3096 321 53 Washington.
1119 3093 274 57 (25-19765)

383 3183 201 69 Hood,
620 3183 250 58 Frazer.

458 3265 424 70 Everyman’s
905 3264 354 68 insurance,
1285 3283 36 38 a
1343 3259 316 73 necessity
1681 3262 108 56 for
1808 3261 180 57 home
2014 3259 373 73 protection,

380 3338 2000 77 by Frazer Hood … New York, London, D. Appleton
382 3423 125 57 and
535 3438 325 52 company,
893 3417 166 58 1925.

450 3498 62 44 vii
540 3514 57 34 p.,
625 3502 18 41 1
691 3533 21 15 l.,
739 3499 82 43 264
847 3512 41 36 p.
953 3498 51 44 19½
1037 3498 49 19 cm
1091 3532 8 8 .

381 3552 54 54 ©
467 3552 120 53 Sept.
620 3552 63 51 18,
716 3550 130 54 1925;
877 3551 64 43 2c.
972 3550 88 44 and
1086 3549 82 44 aff.
1200 3547 122 54 Sept.
1351 3549 79 51 24;
1465 3548 43 42 A
1538 3546 192 54 861954;
1764 3548 57 43 D.
1852 3547 232 53 Appleton
2115 3548 37 44 &
2181 3563 66 28 co.

460 3607 273 57 (25-19567)

382 3691 420 71 Hornibrook,
837 3689 211 59 Isabel
1081 3687 366 70 Katherine,
1485 3686 190 62 1859-

380 3765 2010 156 Romee Ann, sophomore, by Isabel Hornibrook … illustrated by Emma Earlenbaugh Davis. Philadelphia,
380 3930 209 57 David
620 3927 254 71 McKay
902 3944 310 52 company
1243 3954 13 43 [
1257 3932 20 22 c
1281 3923 165 75 1925]
