2533 4412
1063 4027 108 57 655

122 390 298 72 Schmidt,
463 388 175 59 Fritz
677 386 288 73 Leopold,
1010 389 188 56 1866-

197 474 1845 77 Our presidents in verse, by F. Leopold Schmidt …
119 559 149 56 New
292 557 189 70 York,
511 556 128 57 The
666 556 157 57 Poet
848 555 48 58 &
920 554 405 73 philosopher
1353 553 321 72 magazine
1707 582 13 43 [
1720 561 19 21 c
1743 553 165 73 1925]

187 629 1370 58 3 p. l ., xii, 111, xiii-xvii p. incl. front., ports. 1 7 ½ cm .
117 690 53 54 ©
196 693 111 51 May
335 690 60 51 15,
425 689 128 53 1925;
581 692 64 42 2c.
671 692 87 42 and
782 691 78 43 aff.
889 691 112 51 May
1028 690 73 51 18;
1130 690 43 42 A
1199 689 188 52 829428;
1417 688 50 44 F.
1496 689 49 42 L.
1575 686 215 52 Schmidt,
1819 688 120 43 New
1965 688 141 42 York.

194 746 269 55 (25-11202)

120 831 394 73 Schmucker,
558 832 251 59 Samuel
852 830 336 73 Christian,
1234 832 188 56 1860-

194 918 1849 76 Man’s life on earth, by Samuel Christian Schmucker …
116 1002 150 56 New
293 1001 190 66 York,
513 1002 130 55 The
671 999 359 58 Macmillan
1059 1018 321 52 company,
1410 999 164 56 1925.

186 1077 117 43 xxix
330 1092 54 39 p.,
416 1081 17 40 1
485 1111 21 14 l.,
537 1078 81 44 299
644 1092 39 37 p.
744 1077 151 49 front.,
924 1075 130 55 illus.,
1084 1076 153 53 plates.
1297 1077 49 42 21
1357 1078 45 17 cm
1414 1113 4 5 .

114 1133 55 54 ©
195 1136 115 51 June
334 1135 39 51 9,
403 1134 129 52 1925;
559 1136 65 42 2c.
652 1136 87 42 and
764 1136 78 42 aff.
870 1136 116 52 June
1017 1134 72 53 10;
1119 1135 43 42 A
1191 1132 187 54 829605;
1410 1132 264 45 Macmillan
1703 1150 65 27 co.

195 1190 269 55 (25-11282)

120 1278 190 68 Scott,
354 1277 237 71 George
633 1274 289 72 Gilmore,
968 1278 188 57 1873-

196 1355 127 57 The
386 1357 234 57 science
683 1357 68 57 of
808 1354 269 74 biology,
1141 1374 78 38 an
1279 1354 438 70 introductory
1779 1354 187 69 study
2026 1355 83 71 by

117 1430 1968 153 George G. Scott … New York, Thomas Y. Crowell company
313 1512 201 73 [c1925]

185 1590 80 50 xii,
295 1590 79 45 617
406 1604 40 35 p.
507 1589 115 45 illus.
681 1591 55 42 22½c
787 1592 30 18 m
824 1625 8 9 .

191 1646 233 46 “Selected
452 1646 279 44 references”
758 1655 46 37 at
830 1645 85 45 end
943 1646 51 44 of
1021 1646 107 43 each
1154 1645 196 50 chapter.

116 1699 53 53 ©
197 1701 115 51 June
344 1700 59 49 11,
438 1698 128 52 1925;
595 1699 64 43 2c.
688 1700 117 51 June
834 1698 74 52 15;
939 1699 78 42 aff.
1047 1700 114 51 June
1194 1699 72 51 13;
1298 1699 43 42 A
1372 1697 188 48 855553;
1592 1698 203 44 Thomas
1827 1700 54 43 Y.
1914 1698 195 46 Crowell

185 1772 65 28 co.
319 1755 270 55 (25-11306)

118 1839 183 70 Seitz,
344 1840 140 57 Don
525 1839 234 71 Carlos,
802 1842 189 56 1862-

262 1918 1845 73 … Under the black flag [by] Don C. Seitz … New
117 1998 189 73 York,
337 1999 67 55 L.
438 1997 379 73 MacVeagh,
853 1998 130 58 The
1013 1996 146 60 Dial
1186 2015 202 54 press,
1420 1998 165 56 1925.

191 2075 1426 52 5 p. l ., 3-341 p. front. 24cm. (The rogue’s library)
117 2129 53 53 ©
198 2132 111 51 May
331 2131 66 50 29,
427 2128 128 54 1925;
582 2131 65 42 2c.
673 2131 88 42 and
784 2130 79 43 aff.
889 2131 115 51 June
1031 2131 49 50 2;
1110 2131 42 41 A
1180 2129 187 52 855462;
1397 2130 105 42 Dial
1532 2144 138 38 press,
1698 2131 81 42 inc.

195 2186 269 55 (25-10554)

198 2272 232 58 Serena
462 2271 331 69 Blandish;
831 2292 88 52 or,
953 2273 128 56 The
1114 2272 299 71 difficulty
1441 2272 67 56 of
1540 2273 247 72 getting
1814 2273 295 73 married,

117 2350 81 69 by
224 2369 35 37 a
287 2349 180 71 Lady
494 2350 69 56 of
589 2348 257 72 quality.
931 2349 150 57 New
1108 2349 191 70 York,
1331 2348 240 72 George
1602 2349 79 56 H.
1712 2351 213 56 Doran
115 2369 1974 129 company

314 2455 13 43 [
329 2434 20 22 c
353 2426 164 72 1925]

187 2505 81 43 232
295 2518 26 38 p
393 2503 56 43 20
454 2505 46 17 cm
630 2501 55 53 $2
701 2502 55 46 50

117 2559 54 53 ©
208 2561 112 51 May
356 2560 66 51 22,
462 2558 129 53 1925;
629 2561 65 42 2c.
734 2561 87 42 and
856 2560 79 42 aff.
974 2561 112 51 June
1130 2561 45 49 1;
1215 2559 43 42 A
1296 2559 189 52 829436;
1529 2558 175 53 George
1746 2561 60 41 H.
1848 2561 158 42 Doran
2044 2576 65 29 co.

191 2614 977 57 [© revision of chap. 11] (25-11075)
122 2702 326 69 Sharman,
491 2702 216 73 Henry
744 2702 259 56 Burton.

197 2778 253 58 Studies
487 2777 63 57 in
584 2779 104 56 the
722 2777 113 58 life
872 2779 68 56 of
977 2778 214 59 Christ
1230 2781 112 69 [by]
1379 2779 80 55 H.
1496 2776 247 61 Burton
1782 2781 329 73 Sharman,

119 2854 336 72 originally
476 2855 194 57 based
694 2873 78 39 on
796 2856 59 55 A
880 2856 307 70 harmony
1210 2854 68 59 of
1300 2854 103 59 the
1433 2855 282 72 Gospels,
1738 2856 84 70 by
1848 2856 264 58 Stevens

120 2934 123 57 and
279 2933 264 69 Burton,
580 2951 140 38 now
751 2931 154 58 with
943 2932 226 72 “key”
1211 2933 103 56 for
1354 2932 322 58 reference
1715 2936 63 54 to
1817 2934 105 58 the
120 2935 1969 132 Records

301 3010 68 56 of
399 3009 103 59 the
533 3009 112 58 life
680 3008 69 58 of
780 3009 191 58 Jesus
1007 3008 112 72 [by]
1154 3009 79 56 H.
1269 3008 247 58 Burton
1550 3008 328 59 Sharman.
1962 3012 152 56 New

118 3086 188 71 York,
335 3084 401 59 Association
766 3105 201 54 press,
1000 3085 165 59 1925.

204 3163 82 43 [222]
327 3178 41 38 p.
431 3163 49 44 19
487 3164 46 17 cm
541 3197 7 9 .

120 3219 53 53 ©
202 3221 112 45 May
339 3221 38 50 4,
410 3218 126 53 1925;
566 3220 64 42 2c.
660 3221 85 41 and
773 3221 78 42 aff.
882 3221 114 50 May
1024 3220 73 49 13;
1130 3221 42 41 A
1201 3219 189 53 855083;
1423 3220 324 43 International
1777 3223 254 42 committee
2061 3223 50 43 of

188 3278 54 42 Y.
277 3278 65 41 M.
379 3275 47 44 C.
508 3310 21 17 A.,
564 3276 119 42 New
715 3277 142 43 York.
926 3275 270 55 (25-10934)

123 3360 202 69 Shaw,
371 3361 238 71 George
654 3361 301 70 Bernard,
1003 3363 189 56 1856-

202 3439 500 71 Imprisonment,
741 3442 83 68 by
858 3440 291 58 Bernard
1189 3440 186 58 Shaw.
1511 3443 186 55 Issued
1732 3443 83 68 by
1851 3442 103 57 the
122 3443 1961 146 Department

493 3518 68 56 of
617 3516 320 59 Christian
992 3518 191 57 social
1240 3516 236 58 service
1533 3517 66 57 of
1654 3519 104 56 the
1811 3519 299 56 National

123 3593 236 58 council
395 3595 66 55 of
495 3594 102 57 the
634 3596 367 56 Protestant
1036 3593 342 72 Episcopal
1414 3595 243 57 church.
1733 3596 151 56 New
1925 3596 183 70 York,

121 3671 382 58 Brentano’s
534 3700 12 38 [
546 3679 20 21 c
571 3671 163 71 1925]

189 3747 91 51 viii,
309 3747 51 46 85
390 3760 42 39 p.
495 3749 51 44 19
550 3750 47 17 cm
605 3785 8 9 .

192 3804 125 44 First
346 3802 236 52 published
613 3820 48 28 as
693 3804 185 50 preface
906 3813 48 36 to
985 3802 220 53 “English
1235 3803 181 52 prisons
1447 3803 147 46 under
1624 3806 116 43 local
1773 3805 337 52 government”,

122 3859 59 50 by
210 3860 166 50 Sidney
401 3862 87 42 and
513 3858 207 46 Beatrice
744 3860 160 46 Webb.

121 3910 56 53 ©
206 3914 111 50 Apr.
348 3907 65 57 30,
447 3911 102 45 1925;
608 3914 63 42 2c.
704 3914 111 51 May
843 3915 48 49 2;
925 3913 78 43 aff.
1038 3914 110 51 May
1177 3915 49 49 4;
1261 3913 43 42 A
1334 3913 187 53 829240;
1559 3914 50 45 G.
1645 3916 49 43 B.
1730 3914 148 54 Shaw,
1911 3916 199 43 London.

202 3968 269 54 (25-10775)
