2533 4412
1275 4039 152 58 1336

362 369 316 75 Whitney,
715 370 236 58 Elinor.

435 475 260 73 Tyke-y,
725 476 99 57 his
856 476 162 58 book
1050 478 124 57 and
1203 478 99 57 his
1334 479 198 71 mark,
1564 479 254 58 written
1851 482 123 57 and
2004 482 363 61 illustrated

355 555 82 71 by
460 554 225 58 Elinor
705 554 318 74 Whitney.
1108 555 153 58 New
1283 556 191 72 York,
1500 557 130 57 The
1654 558 360 59 Macmillan
2042 579 322 55 company,

358 634 165 56 1925.

425 724 55 46 78
506 739 40 38 p.
608 724 116 45 illus.
785 728 56 42 22½
874 727 48 18 cm
928 761 9 9 .

359 794 53 54 ©
439 796 120 44 Nov.
586 797 38 49 4,
655 794 131 54 1925;
814 796 64 44 2c.
907 797 88 43 and
1020 797 79 42 aff.
1129 797 120 43 Nov.
1278 795 49 54 5;
1355 797 44 42 A
1427 796 191 54 872310;
1651 799 267 44 Macmillan
1946 815 65 28 co.

438 850 274 58 (25-22396)

359 982 228 73 Willis,
628 984 280 58 Edward
943 984 211 71 Jones,
1195 985 190 58 1866-

438 1089 131 58 The
619 1089 289 58 methods
964 1088 66 58 of
1083 1090 262 57 modern
1400 1090 388 73 navigation,
1843 1093 84 72 by
1979 1093 278 60 Edward
2309 1096 60 58 J.

357 1167 2016 74 Willis … with introduction by G. W. Littlehales … New
357 1247 192 73 York,
585 1248 74 57 D.
697 1246 143 58 Van
876 1246 326 58 Nostrand
1239 1265 326 56 company,
1603 1250 166 57 1925.

428 1337 1060 56 iii p., 2 l., 69 p. diagrs. 25½ cm . $1.00
434 1411 81 44 “In
535 1426 27 30 a
583 1411 162 45 cruder
767 1411 122 45 form
909 1412 145 44 under
1077 1411 76 46 the
1174 1410 100 47 title
1308 1410 101 47 The
1429 1412 316 46 mathematics
1767 1414 51 45 of
1839 1414 280 55 navigation’
2141 1416 88 45 this
2252 1417 121 45 book

357 1470 81 44 has
463 1469 91 45 had
579 1480 92 35 two
698 1470 211 52 previous
935 1469 207 52 editions,
1168 1485 87 30 one
1280 1469 247 46 American
1555 1473 88 42 and
1669 1487 85 30 one
1782 1470 428 48 German.”—Pref.

357 1541 53 54 ©
443 1543 102 44 Oct.
583 1544 61 48 19,
682 1541 131 53 1925;
847 1542 63 43 2c.
944 1542 88 43 and
1065 1543 78 42 aff.
1179 1542 102 45 Oct.
1315 1543 78 52 30;
1429 1543 44 42 A
1507 1543 190 53 869842;
1735 1542 52 48 E.
1821 1545 39 52 J.
1895 1544 170 52 Willis,
2100 1543 267 48 Richmond.

436 1597 273 56 (25-22045)

358 1729 276 73 Wilmot,
668 1728 213 59 Mabel
911 1731 70 56 E.

500 1834 1795 73 … Lady of the lake (Scott) by Mabel E. Wilmot …
350 1912 153 58 New
527 1911 192 74 York,
751 1911 192 60 Globe
971 1913 161 58 book
1158 1931 310 54 company
1495 1943 14 44 [
1510 1920 18 22 c
1533 1914 165 74 1925]

420 2006 54 46 46
499 2022 40 39 p.
604 2006 51 46 19
660 2008 47 17 cm
714 2043 8 8 .
793 2004 194 57 (Guides
1015 2016 46 36 to
1091 2005 193 55 English
1311 2006 185 46 classics
1526 2006 167 56 series)

422 2079 356 53 Bibliography:
807 2094 41 38 p.
877 2078 67 45 46.

354 2149 53 54 ©
434 2150 103 45 Oct.
561 2151 39 51 3,
627 2148 132 54 1925;
786 2150 65 44 2c.
877 2151 88 42 and
988 2151 79 42 aff.
1097 2150 102 44 Oct.
1226 2150 51 52 9;
1305 2150 44 42 A
1374 2147 193 55 870375;
1596 2149 145 46 Globe
1766 2150 123 44 book
1914 2164 66 30 co.

434 2205 274 56 (25-21047)

355 2319 261 74 Wilson,
656 2321 238 59 Robert
930 2321 276 70 Forrest,
1247 2323 191 58 1883-

428 2428 188 57 Paris
657 2446 78 39 on
773 2429 260 72 parade,
1070 2429 85 71 by
1190 2427 239 58 Robert
1467 2427 266 59 Forrest
1769 2426 264 74 Wilson,
2073 2426 152 58 with
350 2426 1987 137 fifteen

524 2506 425 58 illustrations
985 2506 170 58 from
1188 2505 328 73 paintings
1549 2506 84 72 by
1666 2505 78 58 A.
1782 2505 71 61 G.
1889 2505 471 74 Warshawsky.

350 2585 458 73 Indianapolis,
836 2585 130 58 The
991 2582 489 62 Bobbs-Merrill
1505 2603 307 54 company
1840 2613 12 45 [
1854 2592 18 21 c
1877 2585 165 74 1925]

419 2677 1046 56 5 p. l., 355, [1] p. front., plates. 23½ cm .
352 2750 53 54 ©
438 2752 101 44 Oct.
575 2751 62 51 16,
671 2749 131 54 1925;
831 2751 66 43 2c.
932 2751 102 44 Oct.
1065 2751 79 51 24;
1178 2750 79 43 aff.
1291 2750 102 44 Oct.
1431 2750 74 51 19;
1540 2750 44 42 A
1615 2747 193 54 869757;
1844 2749 363 44 Bobbs-Merrill
2238 2764 66 29 co.

431 2806 273 56 (25-22276)

351 2923 245 73 Winch,
636 2921 285 61 William
958 2922 235 74 Henry.

494 3028 1865 76 … Teaching beginners to read in England: its methods,
351 3107 1939 75 results, and psychological bases, by W. H. Winch …
348 3187 463 75 Bloomington,
877 3188 116 72 Ill.,
1061 3187 221 59 Public
1349 3187 209 60 school
1622 3184 365 75 publishing
2052 3205 308 54 company

368 3268 171 56 [ c 1925]
424 3354 1777 55 1 p. l., 185 p. incl. tables. 23½ cm . (Journal of educational research
347 3369 1990 97 monographs,
593 3416 50 42 B.
674 3416 54 47 R.
757 3413 333 52 Buckingham,
1119 3415 162 49 editor,
1308 3428 72 30 no.
1407 3413 54 49 8)

348 3480 53 54 ©
434 3482 100 44 Oct.
570 3480 63 52 15,
667 3480 129 53 1925;
828 3482 65 43 2c.
926 3482 89 43 and
1043 3482 79 43 aff.
1156 3479 101 47 Oct.
1287 3481 80 51 24;
1400 3481 44 42 A
1476 3478 189 54 872063;
1701 3479 162 45 Public
1893 3480 153 44 school
2078 3481 101 51 pub.
2210 3496 64 28 co.

430 3537 272 56 (25-21890)

351 3652 345 72 Zamacoïs,
734 3652 257 74 Miguel,
1031 3654 192 57 1866-

495 3756 1690 75 … Une dame filée. Paris, E. Flammarion [ c 1925]
419 3851 357 54 282 p. 18½ cm .
349 3917 1917 59 © Aug. 27, 1925; 1c. Sept. 2; A—Foreign 28478; Ernest Flammarion.
429 3978 273 56 (25-21168)
