2533 4412
1324 4081 111 55 710

374 417 228 72 Miller,
636 420 153 58 Mrs.
828 418 176 60 Olive
1039 419 268 57 Kennon
1349 418 346 74 (Beaupré)
1742 420 91 58 ed.

452 509 193 57 Little
675 509 280 72 pictures
990 510 68 56 of
1087 509 233 71 Japan,
1354 509 208 58 edited
1589 509 87 72 by
1706 508 176 62 Olive
1913 511 257 71 Beaupré
374 510 1976 150 Miller,

519 587 278 72 pictures
832 589 85 70 by
949 587 358 57 Katharine
1345 586 282 74 Sturges.
1709 586 290 76 Chicago,
2035 587 131 59 The
2198 587 177 59 Book

373 665 195 58 house
596 666 105 57 for
730 665 280 58 children
1043 694 13 44 [
1057 673 19 21 c
1080 666 165 72 1925]

456 746 73 42 191
572 760 38 37 p.
672 745 83 43 col.
795 743 115 44 illus.
971 744 53 43 28½
1077 746 30 17 cm
1114 779 7 8 .

375 798 54 54 ©
455 802 117 51 June
604 799 63 52 15,
699 798 132 53 1925;
857 799 66 43 2c.
952 801 116 51 June
1099 800 47 51 1;
1177 799 79 43 aff.
1286 801 116 51 June
1434 798 75 54 17;
1540 800 43 42 A
1613 797 190 56 855593;
1837 800 132 44 Book
1994 800 143 44 house
2164 800 76 45 for
445 800 1909 102 children.

637 854 272 58 (25-11711)

375 941 155 60 New
556 942 177 58 York
770 941 297 74 (Colony)
1160 943 194 58 Court
1388 942 68 73 of
1485 942 134 59 vice
1653 941 357 75 admiralty.

450 1038 276 70 Reports
758 1038 68 56 of
856 1056 174 39 cases
1062 1035 66 57 in
1159 1037 104 57 the
1292 1035 153 59 Vice
1475 1034 342 74 admiralty
1847 1039 69 56 of
1945 1036 105 57 the
2080 1037 297 72 province

373 1116 69 56 of
474 1116 152 56 New
658 1114 174 57 York
864 1116 125 56 and
1022 1114 66 56 in
1124 1115 102 56 the
1262 1113 197 60 Court
1493 1115 69 57 of
1595 1115 341 71 admiralty
1971 1116 67 57 of
2072 1116 103 57 the
2213 1119 163 55 state

375 1193 68 56 of
477 1193 152 56 New
663 1192 189 71 York,
891 1192 360 71 1715-1788,
1288 1192 154 57 with
1477 1209 80 39 an
1591 1191 328 58 historical
1951 1191 428 59 introduction

374 1269 2004 73 and appendix edited by Charles Merrill Hough … New
374 1349 242 72 Haven,
648 1348 157 58 Yale
834 1347 357 72 university
1217 1365 216 55 press;
1469 1350 147 70 [etc.,
1653 1350 129 70 etc.]
1819 1346 165 58 1925.

441 1427 149 45 xxxvi
620 1440 56 39 p.,
709 1430 18 42 1
778 1463 22 15 l.,
830 1428 78 43 311
941 1439 41 39 p.
1045 1426 156 51 front.,
1230 1424 157 54 plates,
1418 1432 143 45 ports.
1620 1425 52 44 23
1681 1426 47 18 cm
1734 1461 9 9 .
1812 1423 292 54 (Half-title:
2139 1425 117 48 Yale
372 1425 1982 104 historical

567 1483 317 53 publications.
947 1481 313 53 Manuscripts
1290 1485 89 42 and
1410 1481 149 47 edited
1588 1490 134 43 texts,
1846 1484 18 49 VIII)

445 1535 353 55 Bibliography:
834 1549 40 39 p.
899 1536 122 44 ix-x.

375 1594 53 53 ©
452 1596 113 51 Apr.
590 1596 66 50 24,
686 1593 130 54 1925;
841 1595 66 43 2c.
933 1594 111 52 Apr.
1071 1592 79 54 27;
1179 1593 78 44 aff.
1284 1594 112 52 Apr.
1423 1592 78 54 25;
1530 1594 43 42 A
1601 1593 189 53 823911;
1820 1593 118 44 Yale
1960 1594 252 54 university
2238 1608 139 40 press.

453 1651 271 55 (25-11428)

373 1737 233 72 Norlie,
649 1737 149 59 Olaf
834 1738 286 71 Morgan,
1161 1734 191 61 1876-

449 1826 273 72 History
757 1826 67 58 of
857 1826 103 57 the
995 1824 380 73 Norwegian
1409 1825 222 73 people
1667 1824 65 58 in
1765 1825 314 74 America,
2113 1829 84 70 by
2234 1827 149 59 Olaf

371 1901 1984 155 Morgan Norlie … Minneapolis, Minn., Augsburg publishing
631 1984 212 72 house,
877 1981 166 60 1925.

443 2061 94 52 510,
575 2062 39 45 [2]
663 2075 40 38 p.
764 2059 120 44 illus.
912 2058 100 55 (incl.
1074 2066 158 46 ports.,
1264 2073 144 38 maps,
1444 2058 173 53 music)
1660 2057 170 56 diagrs.
1889 2059 57 44 23
1951 2061 47 17 cm
2003 2094 10 9 .

372 2117 54 53 ©
455 2120 116 51 June
600 2118 37 49 2,
673 2115 130 54 1925;
831 2117 65 43 2c.
929 2118 88 43 and
1044 2116 78 44 aff.
1154 2117 107 52 July
1291 2117 49 51 3;
1373 2117 43 42 A
1446 2115 190 53 861000;
1669 2116 253 53 Augsburg
1951 2116 99 54 pub.
2083 2117 152 43 house.

453 2173 271 56 (25-12441)

374 2261 259 68 Osborn,
673 2260 221 73 Henry
930 2258 318 71 Fairfield,
1287 2261 190 57 1857-

452 2343 129 56 The
613 2341 180 57 earth
822 2340 226 72 speaks
1077 2346 64 53 to
1168 2340 237 72 Bryan,
1433 2342 83 70 by
1545 2339 222 73 Henry
1797 2339 304 60 Fairfield
2132 2340 243 59 Osborn

441 2415 1334 76 … New York, C. Scribner’s sons, 1925.
441 2499 24 43 5
489 2511 40 38 p.
577 2534 23 14 l.,
626 2498 50 45 91
702 2511 41 37 p.
807 2498 147 44 19½cm.

442 2553 202 53 Chapter
673 2556 40 48 2,
746 2551 248 48 Evolution
1026 2551 87 46 and
1146 2551 206 52 religion,
1387 2549 239 53 published
1658 2551 254 52 separately
1943 2552 47 45 in
2028 2552 119 47 1923.

444 2609 430 47 CONTENTS.—The
901 2609 275 64 Tennessee,
1187 2606 431 48 trial.—Evolution
1645 2609 89 45 and
1762 2607 310 53 religion.—A
2101 2625 102 30 new
372 2609 1980 105 inquisition.—Evolution

869 2667 88 44 and
988 2664 120 51 daily
1146 2663 369 51 living.—Credo
1549 2665 53 44 of
1633 2681 25 28 a
1691 2665 254 46 naturalist.

373 2720 53 53 ©
451 2722 117 51 June
588 2721 70 51 26,
686 2719 131 53 1925;
844 2720 64 43 2c.
934 2720 107 52 July
1070 2720 47 51 1;
1147 2718 78 43 aff.
1253 2717 107 54 July
1385 2718 50 53 2;
1463 2719 43 42 A
1534 2715 191 56 855733;
1757 2717 190 46 Charles
1978 2716 250 49 Scribner’s
2257 2735 117 29 sons.

454 2777 272 55 (25-12633)

375 2863 258 71 Parker,
672 2862 237 58 Bertha
945 2860 250 59 Morris.

519 2939 1858 73 … The book of plants, by Bertha Morris Parker … and
374 3016 1997 79 Henry Chandler Cowles … Boston, New York [etc.]
371 3098 345 71 Houghton
751 3096 217 57 Mifflin
1001 3114 308 53 company
1344 3126 13 44 [
1359 3104 18 21 c
1382 3096 164 73 1925]

442 3175 58 51 vi,
528 3174 83 45 252
637 3189 40 39 p.
738 3174 115 44 illus.
916 3173 50 45 19½
1001 3176 48 17 cm
1054 3210 8 8 .
1133 3171 125 56 (The
1288 3171 174 45 science
1492 3172 209 54 readers)

375 3231 53 53 ©
453 3232 107 52 July
585 3233 39 50 3,
653 3230 130 53 1925;
809 3231 64 43 2c.
899 3231 108 52 July
1033 3230 50 52 8;
1111 3230 79 43 aff.
1217 3229 107 53 July
1350 3227 50 54 7;
1429 3230 43 42 A
1500 3229 189 53 861024;
1720 3230 51 43 B.
1802 3230 66 44 M.
1897 3230 178 44 Parker
2097 3231 90 43 and
2213 3231 163 53 Henry

449 3287 225 45 Chandler
711 3286 191 53 Cowles,
942 3286 214 53 Chicago.
1227 3284 272 56 (25-12547)

374 3372 229 74 Pelley,
643 3370 208 75 Wiley
886 3371 167 71 Hall,
1094 3373 189 56 1869-

503 3451 275 58 Christian
811 3453 426 71 government,
1270 3453 84 69 by
1386 3449 95 59 W.
1519 3449 78 57 H.
1635 3450 232 71 Pelley.
1948 3451 259 70 Boston,
2243 3452 130 58 The

377 3531 416 70 Christopher
816 3528 366 73 publishing
1205 3528 196 58 house
1432 3556 13 44 [
1448 3536 17 21 c
1469 3528 165 71 1925]

445 3610 80 44 263
553 3625 41 35 p.
655 3608 155 51 plates,
838 3623 118 35 map.
1015 3609 29 42 21
1077 3609 48 18 cm
1131 3642 9 8 .

375 3663 53 53 ©
459 3663 108 44 Feb.
596 3663 69 50 22,
700 3660 130 54 1925;
862 3662 64 42 2c.
960 3661 88 43 and
1078 3660 78 43 aff.
1190 3660 120 42 Mar.
1346 3659 77 52 18;
1456 3659 43 42 A
1532 3657 190 54 822474;
1758 3657 298 55 Christopher
2087 3659 100 54 pub.
2220 3659 151 45 house.

454 3717 271 57 (25-10269)

375 3802 481 75 Pennsylvania.
932 3801 306 74 Superior
1274 3805 191 54 court.

452 3881 471 74 Pennsylvania
962 3880 307 72 Superior
1306 3882 179 54 court
1521 3881 269 69 reports,
1868 3898 56 38 v.
1968 3881 89 70 84,
373 3880 1976 154 containing

527 3956 1842 75 cases decided … Reported by Albert B. Weimer,
