2533 4412
1269 4063 151 55 1364

333 387 246 74 Maxey,
625 387 261 59 Chester
928 386 254 74 Collins,
1226 390 170 57 1890-

410 466 130 58 The
574 466 284 72 problem
894 467 69 56 of
997 470 428 69 government,
1463 466 152 58 with
1651 467 235 72 special
1921 467 323 60 reference
2280 473 65 54 to

330 544 338 58 American
698 543 398 59 institutions
1130 546 125 56 and
1287 543 372 73 conditions,
1692 546 84 71 by
1809 545 263 59 Chester
2109 546 235 59 Collins

331 623 232 71 Maxey
600 670 62 10 ...
749 622 155 57 New
931 621 191 73 York,
1157 622 76 57 A.
1268 622 75 56 A.
1378 621 243 73 Knopf,
1658 624 167 60 1925.

401 700 108 52 xvii,
543 697 81 48 497
657 714 40 39 p.
757 699 172 54 diagrs.
988 701 54 41 22½
1077 701 48 19 cm
1131 734 10 9 .

404 757 288 54 “Suggested
722 756 283 44 references”
1033 766 46 35 at
1108 757 85 44 end
1224 757 50 44 of
1301 757 111 44 each
1440 764 117 46 part.

332 814 53 53 ©
418 815 101 44 Oct.
550 815 67 51 30,
651 812 131 54 1925;
813 815 64 42 2c.
910 814 88 43 and
1028 814 78 42 aff.
1140 814 120 43 Nov.
1296 815 74 51 11;
1405 814 45 43 A
1481 813 191 53 875139;
1707 815 168 44 Alfred
1907 817 57 42 A.
1996 814 172 54 Knopf,
2202 816 84 43 inc.

411 870 271 57 (25-23704)

333 955 300 59 National
670 955 343 59 industrial
1052 955 366 58 conference
1457 955 215 59 board.

408 1037 347 72 Proposals
796 1038 104 56 for
944 1038 270 70 changes
1255 1035 67 57 in
1362 1037 107 58 the
1508 1038 249 57 federal
1858 1056 236 38 Revenue
2133 1040 100 54 act
2276 1038 66 57 of

333 1117 149 55 1924
553 1161 62 10 ...
723 1115 154 56 New
940 1114 193 71 York,
1199 1112 302 60 National
1567 1115 342 58 industrial
1976 1116 368 58 conference

330 1195 216 71 board,
579 1194 117 60 inc.
736 1223 13 42 [
749 1201 19 21 c
774 1194 165 71 1925]

400 1269 1547 54 vii, 44 p. incl. tables. 23 ½ cm . (Its Special report, no. 33)
332 1325 54 54 ©
418 1327 102 44 Oct.
551 1327 66 48 26,
653 1325 131 53 1925;
816 1326 65 44 2c.
913 1326 87 43 and
1030 1326 79 43 aff.
1143 1325 120 44 Nov.
1300 1326 73 51 13;
1411 1325 45 43 A
1487 1324 191 54 875011;
1714 1327 220 43 National
1967 1326 240 44 industrial
404 1342 1919 84 conference

609 1382 155 51 board,
793 1383 83 42 inc.
947 1381 272 55 (25-23789)

333 1470 154 56 New
518 1468 177 59 York
737 1469 239 73 (State)
1068 1471 203 72 Laws,
1306 1474 289 68 statutes,
1633 1475 110 53 etc.

412 1546 271 60 General
731 1548 152 56 laws
935 1546 68 58 of
1053 1547 103 57 the
1209 1549 163 55 state
1423 1548 69 56 of
1541 1547 154 57 New
1742 1547 191 73 York,
1986 1547 364 74 containing

334 1631 431 56 amendments
798 1633 64 54 to
895 1628 104 59 the
1035 1627 449 60 Consolidated
1517 1630 171 68 laws,
1722 1630 106 57 the
1863 1628 167 60 Code
2065 1631 68 56 of
332 1626 1988 139 criminal

496 1709 366 70 procedure,
897 1708 105 57 the
1035 1704 279 75 practice
1351 1710 153 63 acts,
1541 1709 105 57 the
1684 1705 268 60 Greater
1987 1707 154 57 New
2173 1707 172 57 York

335 1783 269 72 charter,
644 1782 104 58 the
787 1781 351 72 Municipal
1175 1785 181 55 court
1392 1784 168 71 code,
1598 1782 105 58 the
1743 1782 284 58 Inferior
2064 1782 287 58 criminal

330 1863 212 54 courts
573 1864 117 69 act,
722 1862 105 56 the
857 1859 261 74 general
1145 1863 290 71 statutes,
1467 1861 125 58 and
1620 1860 104 58 the
1754 1862 320 70 proposed
333 1863 1991 133 amendments

575 1942 64 54 to
676 1940 104 56 the
820 1938 429 73 constitution,
1290 1941 261 56 enacted
1585 1940 86 71 by
1704 1940 104 57 the
1846 1940 398 72 Legislature
2285 1944 65 54 at

334 2017 104 59 the
476 2017 258 74 regular
770 2019 124 57 and
933 2021 181 56 extra
1152 2018 277 58 sessions
1469 2018 66 58 of
1574 2019 168 57 1925.
1823 2018 90 59 St.
1954 2019 178 76 Paul,
2169 2019 180 59 West

331 2095 366 75 publishing
723 2116 106 53 co.,
860 2098 166 57 1925.

403 2175 61 53 iii,
485 2175 86 44 288
591 2189 40 39 p.
689 2175 55 44 23½
779 2178 48 18 cm
834 2211 8 9 .

407 2232 212 44 Lettered
642 2247 59 30 on
723 2247 136 29 cover:
915 2231 376 55 Supplementing
1318 2231 322 45 Consolidated
1663 2232 127 52 laws,
1817 2233 210 44 Practice
2051 2240 111 47 acts,
2187 2241 82 37 etc.

334 2288 54 55 ©
418 2290 108 53 July
553 2291 70 51 21,
657 2289 132 54 1925;
822 2290 65 43 2c.
922 2291 101 44 Oct.
1056 2290 79 52 29;
1171 2291 79 43 aff.
1286 2290 102 44 Oct.
1420 2290 79 52 28;
1535 2291 44 41 A
1611 2289 191 54 872279;
1837 2292 134 43 West
2001 2292 103 51 pub.
2139 2306 65 29 co.

413 2346 272 57 (25-23206)

335 2418 275 70 Nichols,
652 2418 194 58 Clark
877 2418 255 71 Asahel,
1172 2421 190 56 1875-

409 2496 366 58 Annotated
811 2496 234 70 forms;
1085 2515 36 37 a
1160 2495 512 71 comprehensive
1712 2495 323 58 collection
2075 2497 69 57 of
2178 2497 167 72 legal

333 2577 125 57 and
486 2574 291 59 business
807 2574 203 58 forms
1043 2574 344 57 annotated
1415 2573 152 58 with
1597 2574 358 59 references
1986 2577 64 55 to
2082 2574 263 73 judicial

332 2653 310 60 decisions
678 2655 125 56 and
838 2654 308 57 standard
1177 2653 166 72 legal
1373 2653 224 72 works,
1630 2653 86 72 by
1751 2653 191 59 Clark
1974 2653 75 57 A.
2086 2654 256 58 Nichols

338 2780 62 10 ...
491 2732 291 73 Chicago,
816 2731 348 73 Callaghan
1192 2732 125 56 and
1345 2749 325 58 company,
1701 2732 166 57 1925.

402 2813 94 52 viii,
523 2813 107 43 2341
661 2826 40 38 p.
762 2811 53 45 26
822 2813 47 18 cm
876 2846 8 7 .

335 2867 53 54 ©
419 2870 120 43 Nov.
574 2867 65 52 17,
672 2866 130 54 1925;
834 2868 66 42 2c.
931 2867 88 43 and
1049 2867 78 43 aff.
1161 2867 119 43 Nov.
1315 2867 75 52 19;
1425 2868 44 41 A
1500 2865 190 45 872506·
1729 2865 251 55 Callaghan
2014 2868 37 43 &
2082 2883 65 28 co.

415 2923 272 57 (25-23798)

338 2994 311 73 Nitzsche,
687 2994 157 58 Curt
873 2993 75 57 A.

418 3120 63 10 ...
525 3073 154 57 Was
720 3092 130 37 nun
888 3070 256 59 weiter?
1228 3070 125 58 Ein
1396 3071 281 57 ausblick
1715 3072 129 58 und
1943 3071 299 73 wegweiser
2284 3072 65 57 in

337 3152 99 58 die
505 3151 230 58 zukunft
771 3151 112 58 der
919 3150 340 58 deutschen
1350 3148 319 59 wirtschaft.
1752 3149 306 73 Dresden,
2099 3149 251 75 Heling,

336 3233 167 55 1924.

407 3305 1944 57 2 p. l., 104 p. 19 cm . ( Half-title : Bd. 2 der Schriftenfolge für politische
336 3368 91 43 und
457 3364 379 45 wirtschaftliche
867 3363 161 54 fragen
1058 3363 123 44 “Der
1210 3367 186 49 getreue
1425 3361 227 54 Eckart”)

339 3419 2007 57 © Aug. 9, 1924; 1c. Nov. 22; A —Foreign 26378; Helingsche verlagsanstalt.
416 3478 272 56 (25-24267)

340 3551 239 70 Owens,
613 3548 283 60 Richard
927 3549 74 57 N.

415 3630 276 57 Interest
738 3632 172 54 rates
960 3631 122 57 and
1131 3629 173 58 stock
1352 3628 408 72 speculation,
1808 3649 36 38 a
1893 3628 188 71 study
2127 3627 67 57 of
2241 3629 103 56 the

341 3707 297 59 influence
680 3709 70 57 of
787 3709 106 57 the
930 3726 228 52 money
1193 3705 247 60 market
1481 3727 78 38 on
1599 3706 106 59 the
1746 3705 172 59 stock
1958 3704 263 69 market,
2262 3705 84 71 by

338 3786 279 59 Richard
645 3786 74 59 N.
751 3785 222 60 Owens
1003 3788 126 57 and
1160 3784 261 60 Charles
1454 3784 67 59 O.
1552 3786 245 70 Hardy,
1826 3785 152 57 with
2009 3787 104 56 the
2144 3786 104 57 aid
2277 3785 69 58 of

338 3866 104 57 the
474 3863 237 59 council
743 3866 124 57 and
898 3863 156 58 staff
1082 3865 69 56 of
1180 3865 104 57 the
1315 3863 302 58 Institute
1651 3865 67 56 of
1750 3860 361 61 economics.
2195 3862 151 57 New

345 3942 182 72 York,
562 3943 130 57 The
722 3941 363 58 Macmillan
1115 3959 324 54 company,
1474 3942 165 56 1925.
