2533 4412
1255 4054 111 57 278

316 402 432 73 Maupassant,
793 403 142 73 Guy
975 402 92 58 de.

396 494 130 57 The
554 494 296 57 collected
874 495 216 57 novels
1118 497 123 55 and
1268 495 228 57 stories
1524 495 68 57 of
1618 495 139 72 Guy
1785 496 74 56 de
1887 495 436 72 Maupassant,

318 576 77 54 tr.
428 574 124 56 and
581 573 91 56 ed.
702 573 83 71 by
812 571 238 59 Ernest
1075 572 198 72 Boyd.
1360 603 71 42 [v.
1464 575 88 54 12.
1600 574 129 56 The
1758 574 205 56 Horla
1993 574 125 57 and
2146 573 180 57 other

319 651 246 72 stories]
650 650 153 57 New
841 650 190 72 York,
1071 650 231 58 Alfred
1339 650 75 56 A.
1457 650 242 73 Knopf,
1740 652 164 56 1925.

385 728 770 51 vi p., 1 l., 241 p., 1 l. 19½ cm .
390 784 126 44 “The
541 785 269 42 translation
835 785 50 42 of
909 785 77 42 the
1010 785 162 43 stories
1200 784 44 42 in
1270 783 88 43 this
1384 784 181 43 volume
1592 785 35 42 is
1655 785 59 51 by
1742 783 155 47 Storm
1921 785 227 52 Jameson,
2177 783 149 45 edited

317 842 88 43 and
431 855 105 30 seen
562 841 198 53 through
787 841 75 44 the
889 855 126 38 press
1044 840 59 54 by
1130 839 169 48 Ernest
1325 840 170 54 Boyd.”

317 898 53 53 ©
397 899 112 52 Apr.
542 899 61 51 10,
634 898 131 53 1925;
793 900 65 42 2c.
885 900 87 43 and
1000 899 78 42 aff.
1107 898 112 52 Apr.
1251 897 75 53 14;
1357 898 44 42 A
1430 896 188 53 823738;
1651 897 166 44 Alfred
1844 898 57 43 A.
1929 897 173 54 Knopf,
2132 898 83 44 inc.

315 1012 206 72 Meyn,
558 1011 193 58 Niels.

391 1102 478 69 Maanelandet;
928 1101 349 57 fantastisk
1333 1100 344 73 fortælling
1731 1100 106 58 fra
1893 1103 106 57 det
2054 1101 271 58 ukendte

315 1180 250 73 Afrika,
611 1180 68 57 af
722 1179 175 58 Niels
941 1180 206 71 Meyn.
1234 1178 259 74 Omslag
1533 1198 81 54 og
1653 1179 464 58 illustrationer
2161 1180 164 57 efter

316 1259 418 57 oliemalerier
779 1257 71 58 af
893 1257 197 59 Oscar
1128 1257 327 58 Knudsen.
1537 1257 412 74 København,
1997 1257 64 59 C.
315 1258 1985 151 Erichsen,
470 1338 166 56 1924.

393 1416 78 46 158
498 1432 39 39 p.
601 1417 150 50 front.,
781 1414 155 56 plates.
997 1414 53 45 20½
1087 1417 46 17 cm
1141 1450 7 8 .

316 1470 2008 57 © Sept. 15, 1924; 1c. Nov. 5; A—Foreign 26559; N. Meyn, Copenhagen.
395 1528 245 58 (25-7925)

315 1631 249 71 Munch,
609 1631 187 56 Peter
836 1628 394 73 Rochegune,
1276 1630 190 57 1870-

460 1719 1866 73 … Folkestyrets vækst i det nittende aarhundrede.
317 1800 457 76 [Kjøbenhavn]
810 1798 369 72 Gyldendal,
1211 1797 279 58 Nordisk
1519 1797 230 73 forlag,
1783 1799 167 57 1924.

315 1876 1993 106 3 p. l., 171 p. illus. (ports.) 24½ cm . (Added t.-p.: Det nittende aarhundrede
584 1934 196 46 skildret
805 1935 53 44 af
882 1933 223 46 nordiske
1129 1931 449 54 videnskabsmasnd,
1605 1932 234 54 redigeret
1866 1935 52 43 af
1945 1935 133 52 Aage
2106 1932 121 45 Friis
2303 1934 19 53 II)

385 1994 65 44 At
478 1994 119 44 head
628 1992 53 45 of
711 1991 122 46 title:
867 1991 49 43 P.
951 1990 191 44 Munch.

316 2047 1987 114 © Dec. 6, 1924; 1c. Jan. 2, 1925; A—Foreign 26220; Gyldendalske boghandel,
588 2107 207 45 Nordisk
820 2107 166 52 forlag.
1050 2104 244 56 (25-8072)

315 2208 301 58 National
652 2212 112 53 tax
800 2204 397 59 association.

392 2300 424 71 Proceedings
849 2298 68 57 of
947 2298 104 57 the
1085 2298 147 56 17th
1262 2297 233 56 annual
1527 2297 367 57 conference
1929 2318 80 37 on
2039 2299 287 58 taxation

384 2374 1938 74 … held at St. Louis, Missouri, September 15-19, 1924.
313 2458 178 58 With
543 2454 318 74 appendix
913 2453 365 72 containing
1326 2453 413 72 proceedings
1792 2454 67 57 of
1909 2455 417 73 preliminary

317 2535 367 59 conference
722 2552 78 38 on
834 2531 391 57 inheritance
1266 2533 122 55 and
1428 2534 200 54 estate
1665 2532 289 58 taxation
1990 2534 145 57 held
314 2533 1985 139 September
592 2614 90 69 15,
720 2612 166 56 1924.
970 2609 117 58 Ed.

1125 2609 82 72 by
1242 2608 231 59 Alfred
1509 2609 73 56 E.
1620 2609 322 74 Holcomb,
1984 2615 338 70 secretary.

315 2693 152 57 New
496 2691 191 71 York,
720 2690 75 56 N.
828 2689 93 72 Y.,
956 2688 302 57 National
1287 2692 111 53 tax
1430 2688 398 72 association,
1865 2691 167 56 1925.

383 2769 81 53 xii,
492 2769 96 50 493,
623 2767 76 44 103
733 2781 40 38 p.
832 2766 57 43 22
894 2769 47 17 cm
946 2801 10 9 .

315 2825 53 53 ©
394 2826 119 43 Mar.
539 2826 36 49 7,
605 2823 130 52 1925;
762 2824 64 42 2c.
851 2823 112 51 Apr.
992 2821 48 53 7;
1068 2822 79 43 aff.
1173 2821 112 52 Apr.
1311 2821 50 52 8;
1389 2821 44 42 A
1459 2820 189 54 822803;
1679 2821 113 44 Natl.
1831 2828 80 38 tax
1938 2838 117 29 assn.

315 2925 151 56 New
496 2922 175 58 York
710 2920 238 75 (State)
1042 2920 227 58 Courts
1303 2919 68 73 of
1399 2920 236 58 record.

460 3011 1864 71 … The miscellaneous reports. Cases decided in the
315 3087 2007 76 courts of record … other than the Court of appeals and the
315 3172 315 74 appellate
664 3168 274 60 division
969 3168 68 58 of
1067 3168 103 58 the
1207 3167 306 72 Supreme
1548 3172 193 54 court.
1824 3170 281 59 William
2136 3173 75 58 V.
2247 3174 73 58 R.

315 3252 263 70 Erving,
600 3251 308 70 reporter,
978 3265 57 37 v.
1059 3247 281 55 119-122.
1420 3245 235 59 Official
1678 3250 91 55 ed.
1841 3248 267 75 Albany,
2132 3253 73 55 N.
2226 3253 93 73 Y.,

315 3331 59 57 J.
411 3329 71 56 B.
518 3329 179 70 Lyon
731 3343 307 53 company
1076 3325 375 73 [1923-1924]

383 3407 27 42 4
436 3422 40 27 v.
537 3405 52 43 23½
626 3407 46 17 cm
680 3439 8 9 .

313 3479 41 27 v.
387 3462 91 52 119,
504 3459 53 53 ©
583 3461 113 50 May
722 3461 40 49 9,
792 3458 130 52 1923;
951 3473 41 27 v.
1024 3456 91 52 120,
1143 3455 53 53 ©
1226 3456 118 43 Nov.
1376 3457 75 51 12;
1481 3472 40 28 v.
1554 3457 90 52 121,
1671 3456 54 53 ©
1754 3458 115 52 June
1895 3460 66 51 20,
1995 3462 130 53 1924;
2155 3480 40 28 v.
2229 3465 89 52 122,

385 3518 53 53 ©
471 3519 101 43 Oct.
604 3518 48 51 9;
685 3517 64 42 2c.
781 3515 109 43 each
919 3515 89 42 and
1036 3514 103 42 affs.
1170 3513 112 52 Apr.
1318 3514 62 51 13,
1418 3512 130 54 1925;
1581 3515 44 42 A
1657 3515 384 55 822884-822887;
2075 3521 152 51 James
2262 3522 57 43 A.

386 3575 253 50 Hamilton,
667 3587 85 29 sec.
779 3572 51 43 of
854 3572 76 42 the
957 3577 115 37 state
1100 3570 51 43 of
1182 3569 118 45 New
1326 3570 144 52 York,
1498 3570 194 53 Albany.
1995 3580 241 40 1735-1738

315 3674 254 71 Olivier,
606 3675 273 70 Eugène.

350 3761 1949 140 … Manuel de l’ amateur de reliures armoriées françaises … 1 re
779 3840 177 58 serie.
1050 3840 281 71 (Bandes
1373 3843 62 54 et
1471 3842 252 71 barres)
1772 3843 297 70 planches
2113 3850 202 56 1-119.

315 3921 205 72 Paris,
556 3919 63 58 C.
651 3919 217 67 Bosse,
901 3919 150 55 1924

388 4000 18 42 1
474 4033 8 8 v.
543 3998 155 51 plates.
758 3996 54 43 28
820 3999 47 17 cm
873 4031 8 8 .
