2533 4412
1090 4110 110 57 647

147 465 224 72 Hatch,
407 465 212 58 James
654 464 213 73 Noble,
905 466 188 58 1868-

221 555 296 58 Mirthful
551 555 283 73 musings
875 557 110 71 [by]
1027 554 217 57 James
1282 553 195 58 Noble
1516 553 226 57 Hatch.
1847 552 289 74 Chicago,

145 634 163 56 1925.

213 709 727 54 4 p. l., 13-60 p., 1 l. 20 ½ cm .
216 767 178 43 Poems.

216 823 137 43 “This
382 824 99 42 first
509 823 167 43 edition
702 823 191 44 consists
920 822 50 45 of
997 821 80 45 500
1104 821 191 54 copies.”

141 879 55 53 ©
229 882 110 52 May
369 881 65 51 26,
472 879 128 53 1925;
633 882 64 41 2c.
729 882 115 50 June
876 881 77 51 30;
987 881 79 42 aff.
1098 881 115 51 June
1245 880 77 51 29;
1356 880 44 41 A
1432 877 188 53 829953;
1656 880 39 51 J.
1730 880 60 42 N.
1826 879 168 50 Hatch,
212 877 1901 113 Chicago.
406 936 270 55 (25-12065)

146 1020 253 72 Herold,
435 1020 199 58 Jacob
667 1020 258 70 Brooks,
961 1024 188 55 1888-
1306 1020 90 58 ed.

219 1111 507 57 Burke-Roberts
773 1111 403 71 Employers’
1221 1110 271 71 liability
1537 1113 101 54 act
1684 1111 68 56 of
1797 1110 342 58 Louisiana

152 1190 148 71 (Act
328 1191 73 54 20
428 1190 68 55 of
522 1191 165 70 1914,
715 1207 160 54 page
904 1190 121 70 44.)
1137 1187 379 73 Containing
1542 1189 104 56 the
1677 1193 256 66 present
140 1190 1975 149 reading

302 1267 67 57 of
421 1268 102 56 the
575 1267 506 57 Burke-Roberts
1137 1266 402 72 Employers’
1591 1265 273 73 liability
1916 1271 102 53 act
2069 1267 67 57 of

142 1345 340 57 Louisiana
535 1345 149 71 (Act
728 1346 71 54 20
843 1345 68 56 of
955 1345 166 69 1914,
1165 1364 162 52 page
1371 1344 130 72 44),
1544 1344 321 73 including
1906 1346 85 56 all
2034 1345 105 57 the

144 1423 425 58 amendments
600 1423 194 56 which
824 1422 102 59 the
956 1423 363 72 legislature
1352 1424 67 57 of
1445 1422 341 59 Louisiana
1813 1423 116 58 has
1956 1424 183 58 made

143 1505 62 54 to
233 1501 125 58 this
387 1505 98 53 act
512 1506 62 53 to
600 1503 105 55 the
729 1505 257 67 present
1014 1502 168 69 time,
1208 1501 288 72 together
1521 1501 151 57 with
1699 1502 103 57 the
143 1502 1970 134 interpretations

412 1579 197 57 which
643 1580 103 56 the
784 1579 303 70 Supreme
1123 1582 178 54 court
1337 1579 67 57 of
1435 1579 341 57 Louisiana
1809 1579 115 59 has
1958 1581 180 57 made

143 1658 69 56 of
250 1657 126 57 this
417 1661 115 53 act.
617 1658 60 56 It
718 1656 131 57 also
892 1656 283 58 contains
1216 1657 123 57 Act
1378 1658 71 55 62
1490 1656 68 58 of
1598 1658 165 71 1914,
1806 1676 161 54 page
2009 1659 128 70 154,

144 1735 122 57 Act
301 1736 70 55 39
408 1736 68 56 of
512 1736 165 72 1918,
715 1753 160 53 page
911 1735 91 70 61,
1040 1736 124 56 and
1198 1734 121 57 Act
1356 1736 107 55 126
1501 1735 69 57 of
1606 1735 166 73 1924,
1811 1753 160 55 page
2009 1737 127 55 212.

144 1812 1993 73 Edited and annotated by J. B. Herold … [New Orleans,
143 1890 254 57 Hauser
425 1891 287 71 printing
742 1908 318 54 company]
1097 1890 164 57 1925.

213 1969 52 43 93
302 1983 30 37 p
401 1969 53 42 23½
490 1970 46 17 cm

143 2023 54 54 ©
224 2026 110 52 May
386 2025 38 52 19,
453 2023 128 52 1925;
606 2025 64 43 2c.
698 2025 111 53 May
833 2024 78 53 28;
938 2025 80 44 aff.
1043 2025 118 52 June
1187 2025 74 52 11;
1287 2025 44 42 A
1355 2022 189 55 829672;
1572 2025 40 53 J.
1642 2025 50 43 B.
1720 2024 193 51 Herold,
213 2023 1902 111 Shreveport,

362 2083 76 42 La.
507 2081 271 54 (25-11163)

148 2166 234 73 Hertel,
423 2167 169 58 John
627 2167 59 57 A
998 2169 189 55 1864-
1344 2168 90 58 ed.

225 2256 395 62 Cross-word
652 2256 247 71 puzzles
936 2255 166 56 from
1141 2255 104 58 the
1284 2254 198 72 Bible,
1518 2256 73 56 52
1626 2255 230 73 unique
1893 2257 247 71 puzzles

215 2330 1925 76 … edited and arranged by John A. Hertel, assisted by
145 2411 175 57 three
353 2409 353 73 specialists;
770 2408 425 58 introduction
1225 2411 82 69 by
1337 2410 149 56 Rev.
1522 2410 140 56 Dan
1693 2410 72 56 B.
1798 2410 343 58 Brummitt

214 2485 1437 74 … Chicago, The John A. Hertel co. [c1925]
213 2562 1085 54 4 p. l., [vii]-ix, 10-119 p. diagrs. 21½c m .
146 2621 52 53 ©
227 2624 114 51 June
372 2622 36 52 5,
441 2620 129 53 1925;
603 2622 63 42 2c.
697 2622 115 51 June
841 2621 49 50 8;
923 2621 78 42 aff.
1032 2621 117 51 June
1173 2621 54 41 22;
1284 2621 44 41 A
1360 2620 161 44 829833;
1581 2621 118 52 John
1731 2622 58 41 A.
1822 2623 160 42 Hertel
2015 2638 66 27 co.

223 2678 270 55 (25-11732)

150 2762 188 72 High,
377 2762 275 73 Stanley.

223 2852 280 72 Looking
543 2852 200 57 ahead
778 2851 152 57 with
965 2850 190 59 Latin
1193 2851 312 71 America,
1544 2853 83 70 by
1668 2852 262 73 Stanley
1970 2855 172 71 High

217 2927 1926 73 … New York, Missionary education movement of the
147 3007 233 59 United
410 3006 212 58 States
651 3006 123 58 and
805 3005 256 59 Canada
1092 3034 14 43 [
1108 3012 19 22 c
1131 3005 164 72 1925]

217 3085 91 51 viii,
336 3085 136 43 9-192
502 3098 41 38 p.
605 3082 157 52 front.,
792 3083 160 52 plates.
1014 3082 50 44 19½c
1118 3084 28 16 m
1152 3116 9 8 .

219 3140 111 53 Map
359 3155 59 27 on
448 3140 130 42 front
606 3138 324 53 lining-paper.

219 3197 71 44 “A
317 3196 123 45 brief
470 3194 193 56 reading
689 3194 101 45 list”
808 3211 9 28 :
845 3211 41 37 p.
919 3194 201 45 188-192.

148 3253 52 53 ©
224 3256 115 51 June
367 3253 64 52 15,
460 3252 127 52 1925;
615 3254 64 41 2c.
705 3254 86 42 and
817 3254 79 41 aff.
922 3252 106 52 July
1058 3254 45 50 1;
1133 3253 44 41 A
1201 3252 162 43 829961;
1419 3253 279 52 Missionary
1724 3255 235 43 education
215 3270 1902 84 movement

367 3310 50 43 of
448 3310 73 42 the
552 3311 57 42 U.
647 3309 42 45 S.
721 3310 87 42 and
840 3308 194 43 Canada.
1103 3307 269 55 (25-12042)

148 3394 469 73 Independence
654 3392 371 73 companies,
1063 3392 459 73 Philadelphia.

217 3473 87 57 At
341 3472 104 57 the
480 3471 325 57 historical
842 3474 209 54 center
1090 3470 68 57 of
1195 3471 103 56 the
1335 3470 236 58 United
1610 3471 232 73 States,
1881 3475 184 73 being
2104 3493 37 39 a

148 3549 324 57 narrative
506 3550 67 55 of
606 3549 470 71 Independence
1114 3566 225 53 square
1371 3548 152 57 with
1557 3567 166 39 some
1756 3553 276 56 mention
2067 3554 69 56 of

148 3629 103 56 the
286 3628 281 57 notables
604 3628 120 56 and
762 3631 212 52 events
1011 3625 322 58 identified
1367 3626 344 58 therewith.
1815 3630 327 72 Privately

149 3706 254 70 printed
429 3705 103 56 for
558 3705 103 56 the
690 3705 470 70 Independence
1190 3704 353 70 companies
1573 3708 61 54 to
1665 3711 474 54 commemorate

151 3784 102 57 the
283 3783 352 58 dedication
664 3784 66 56 of
757 3784 468 70 Independence
1253 3782 284 73 building
1564 3803 79 37 on
1671 3785 469 72 Independence

154 3880 241 53 square,
426 3861 165 57 June
620 3860 301 70 eleventh,
1221 3905 11 11 MCMXXV.
1315 3859 456 77 Philadelphia,
1800 3865 166 56 1925.

222 3937 66 52 45,
322 3940 52 45 [1]
406 3953 55 37 p.,
494 3939 18 41 1
563 3973 7 7 l.
601 3936 100 44 incl.
736 3938 150 52 front.,
917 3937 115 43 illus.
1093 3937 51 43 23½
1181 3939 45 16 cm
1234 3971 9 8 .

224 3994 228 44 “Planned
483 3995 89 42 and
604 3995 216 50 prepared
851 3996 27 41 by
941 3994 73 43 the
1049 3994 217 51 Brearley
1300 3994 171 43 service
1503 3996 326 53 organization,
1862 3998 116 43 New
2011 3998 132 44 York

160 4052 131 53 city.”
