2533 4412
1329 4086 111 57 792

379 414 229 72 White,
651 414 185 59 Nelia
874 415 303 59 Gardner.

461 505 206 75 Mary,
717 506 85 73 by
850 506 183 58 Nelia
1085 505 290 60 Gardner
1421 505 231 60 White.
1741 506 461 75 Philadelphia,
2256 509 130 58 The

379 583 177 58 Penn
583 583 368 74 publishing
978 602 324 55 company,
1333 585 167 56 1925.

459 675 574 54 224 p. front. 20 ½c m .
383 744 53 54 ©
463 747 121 52 Aug.
615 748 36 50 1,
680 744 130 54 1925.;
839 746 65 44 2c.
933 747 88 43 and
1046 747 79 43 aff.
1152 747 121 53 Aug.
1305 747 74 53 11;
1408 748 44 42 A
1479 746 191 55 864176;
1702 749 127 43 Penn
1853 748 103 54 pub.
1984 764 67 29 co.

463 802 273 55 (25-15389)

379 903 306 73 Wieman,
727 904 217 74 Harry
980 903 220 72 Lewis,
1242 906 190 58 1883-

461 995 1936 75 General zoölogy, by H. L. Wieman … 1st ed. New
381 1074 173 57 York
586 1078 148 69 [etc.]
768 1073 457 60 McGraw-Hill
1253 1075 160 58 book
1443 1094 323 54 company,
1797 1076 138 72 inc.,
1967 1078 166 56 1925.

451 1166 63 52 ix,
547 1166 82 43 312
662 1180 40 38 p.
764 1164 130 53 illus.,
927 1165 171 54 diagrs.
1157 1166 55 43 23½
1248 1168 46 18 cm
1302 1201 8 8 .
1380 1167 17 53 (
1405 1166 243 53 Half-title
1657 1182 14 29 :
1709 1166 352 45 McGraw-Hill
2095 1167 300 53 publications

383 1223 43 43 in
459 1222 76 44 the
567 1222 255 53 zoölogical
855 1221 225 55 sciences)
1201 1221 129 55 $3.00

454 1292 331 46 “References”
814 1301 47 37 at
887 1294 87 44 end
1002 1294 51 44 of
1078 1301 103 46 part
1207 1293 51 45 of
1283 1294 78 44 the
1387 1294 223 53 chapters.

382 1348 53 54 ©
461 1352 106 51 July
592 1352 67 49 31,
689 1349 129 53 1925;
847 1352 65 42 2c.
939 1352 121 53 Aug.
1083 1351 52 53 4;
1163 1352 79 43 aff.
1269 1352 121 53 Aug.
1417 1352 50 53 6;
1495 1353 44 42 A
1567 1352 190 53 864093;
1788 1352 352 45 McGraw-Hill
2166 1354 121 43 book
2312 1369 81 39 co.,

453 1407 83 45 inc.
606 1406 274 57 (25-15452)

378 1506 264 75 Wilcox,
681 1507 233 59 Milton
952 1507 277 71 Charles,
1272 1510 149 57 1853–

452 1600 129 57 The
621 1603 220 69 surety
877 1601 68 57 of
981 1601 104 57 the
1123 1600 211 72 Bible;
1374 1600 198 59 God’s
1610 1601 355 72 multiplied
2001 1602 274 74 witness,
2315 1605 82 71 by

378 1678 1993 150 Milton Charles Wilcox … Mountain View, Calif., Portland,
577 1757 104 59 Or.
717 1761 147 70 [etc.]
898 1756 234 59 Pacific
1159 1777 183 52 press
1373 1758 367 74 publishing
1772 1759 382 58 association
2188 1789 14 44 [
2203 1770 19 21 c
2226 1761 166 74 1925]

453 1835 78 44 192
563 1848 40 39 p.
666 1834 152 54 front.,
855 1835 117 45 illus.
1037 1835 50 45 18½
1122 1837 48 19 cm
1176 1872 10 9 .

381 1891 53 54 ©
463 1892 109 53 July
603 1891 63 52 17,
700 1891 131 54 1925;
861 1894 65 43 2c.
956 1894 89 43 and
1073 1894 79 43 aff.
1183 1894 108 53 July
1317 1895 79 52 23;
1427 1895 44 42 A
1501 1893 191 54 861163;
1727 1894 170 45 Pacific
1928 1909 125 39 press
2085 1895 101 53 pub.
2217 1910 118 30 assn.

460 1947 273 56 (25-15255)

377 2049 333 74 Williams,
748 2051 285 60 William
1068 2051 290 73 Herbert,
1397 2055 191 56 1857-
1747 2054 91 58 ed.

457 2146 131 58 The
626 2145 363 61 Minnesota
1028 2145 313 74 township
1385 2147 181 58 code:
1605 2146 161 59 Part
1833 2194 9 9 I.
1884 2146 62 57 A
1985 2147 408 72 compilation

379 2225 69 59 of
470 2225 152 58 laws
651 2223 275 75 relating
949 2229 64 56 to
1040 2226 104 57 the
1172 2223 436 75 organization
1637 2225 68 58 of
1731 2229 218 68 towns,
1977 2226 104 58 the
2110 2226 280 71 election,

377 2301 481 74 qualifications,
895 2320 247 55 powers
1182 2304 126 58 and
1347 2301 206 61 duties
1596 2303 67 57 of
1701 2301 169 60 their
1908 2301 255 73 officers,
377 2324 1988 116 annotated

595 2382 124 57 and
757 2380 251 60 revised
1049 2387 63 53 to
1155 2380 275 59 coincide
1468 2381 153 57 with
1659 2382 106 58 the
1806 2380 272 59 General
2119 2383 270 58 statutes

378 2457 2013 74 of 1923. Part II. A compilation of the state laws of
377 2557 282 39 common
686 2535 389 75 application
1100 2538 125 58 and
1245 2556 113 40 use
1381 2536 67 58 in
1474 2538 105 57 the
1602 2536 156 60 lives
1787 2538 123 58 and
1940 2535 225 59 affairs
2193 2537 69 58 of
2285 2538 105 57 the

375 2615 393 61 inhabitants
801 2617 68 58 of
897 2621 201 54 towns
1131 2616 125 58 and
1285 2614 285 74 villages,
1606 2616 343 58 annotated
1982 2616 126 59 and
2140 2614 250 60 revised

376 2701 64 53 to
475 2694 274 59 coincide
779 2694 147 58 with
961 2696 104 56 the
1101 2693 273 60 General
1406 2696 271 57 statutes
1711 2694 67 58 of
1809 2694 168 56 1923.
2064 2692 326 73 Compiled

377 2770 2008 76 and edited by W. H. Williams … Minneapolis, Minn.,
376 2850 435 59 Miller-Davis
843 2868 325 55 company,
1202 2849 167 60 1925.

445 2931 82 43 296
545 2944 41 34 p.
647 2930 53 45 23½
736 2931 49 19 cm
791 2966 9 9 .

378 2982 53 54 ©
461 2985 115 51 June
604 2982 69 52 27,
707 2980 131 54 1925;
868 2983 66 42 2c.
964 2981 108 53 July
1102 2980 78 53 20;
1213 2981 79 43 aff.
1324 2980 109 53 July
1466 2981 74 51 18;
1575 2981 44 42 A
1651 2979 190 54 861124;
1878 2978 326 46 Miller-Davis
2237 2995 66 28 co.

458 3038 273 56 (25-14546)

455 3143 130 59 The
624 3142 360 59 Minnesota
1018 3141 233 73 village
1287 3140 181 58 code:
1506 3140 160 57 Part
1729 3188 9 9 I.
1782 3138 57 57 A
1875 3138 405 74 compilation
2321 3140 68 57 of

374 3223 153 56 laws
557 3220 275 74 relating
859 3227 64 53 to
955 3221 103 58 the
1091 3217 438 75 organization
1560 3219 68 58 of
1655 3217 284 73 villages,
1972 3219 102 58 the
2107 3216 277 72 election,

375 3298 480 74 qualifications,
901 3317 247 54 powers
1196 3299 124 56 and
1366 3297 205 58 duties
1619 3296 69 58 of
1731 3295 168 59 their
1943 3294 270 59 councils
2263 3297 123 57 and

376 3375 267 67 officers;
680 3376 343 59 annotated
1056 3376 125 57 and
1213 3373 251 59 revised
1495 3375 64 55 to
1594 3372 276 59 coincide
1902 3373 155 57 with
2088 3373 104 57 the
378 3372 1983 142 General

539 3449 1846 74 statutes of 1923. Part II. A compilation of the state
374 3535 152 57 laws
576 3533 68 58 of
692 3550 280 40 common
1023 3528 387 74 application
1460 3530 123 58 and
1631 3549 111 38 use
1788 3528 66 57 in
1902 3528 105 59 the
2054 3528 158 57 lives
2261 3528 124 57 and

375 3609 227 59 affairs
647 3611 68 57 of
757 3610 105 57 the
904 3607 392 58 inhabitants
1343 3607 67 59 of
1451 3606 266 73 villages
1765 3607 124 58 and
1931 3609 218 67 towns,
374 3622 1984 125 annotated

591 3688 125 57 and
756 3685 250 59 revised
1044 3691 64 53 to
1149 3685 276 58 coincide
1462 3683 154 57 with
1654 3684 103 58 the
1800 3683 269 59 General
2112 3684 266 58 statutes

376 3759 1938 78 of 1923. Compiled and edited by W. H. Williams …
374 3843 441 73 Minneapolis,
863 3841 216 70 Minn.,
1127 3838 436 60 Miller-Davis
1611 3859 324 52 company,
1982 3838 166 56 1925.

443 3923 83 45 416
541 3937 42 37 p.
641 3922 57 44 23½c
749 3923 29 17 m
785 3955 9 9 .

377 3975 53 54 ©
461 3978 116 51 June
605 3975 65 46 24,
705 3972 131 54 1925;
867 3974 65 42 2c.
964 3972 106 53 July
1100 3971 79 52 20;
1211 3971 80 44 aff.
1322 3970 107 54 July
1463 3970 76 52 18;
1573 3970 44 42 A
1647 3969 190 52 861123;
1873 3967 326 45 Miller-Davis
2229 3982 69 28 co.

456 4030 273 52 (25-14547)
