2533 4412
1300 4045 112 56 786

362 375 199 74 Meek,
596 376 147 59 Lois
777 378 285 74 Hayden,
1099 383 190 57 1891-

439 470 60 58 A
539 472 190 72 study
767 473 69 58 of
870 474 291 72 learning
1199 476 126 57 and
1363 475 315 58 retention
1717 477 68 58 in
1821 496 213 55 young
2072 480 297 72 children,

362 548 1984 151 by Lois Hayden Meek … New York city, Teachers college,
550 626 325 60 Columbia
904 627 371 75 university,
1307 631 168 60 1925.

432 704 59 52 ix,
531 705 55 45 96
620 719 40 37 p.
697 705 101 46 incl.
835 706 158 52 tables,
1029 707 169 51 diagrs.
1258 709 53 44 23½
1347 710 47 18 cm
1401 744 9 9 .
1478 709 255 52 (Teachers
1769 709 186 54 college,
1994 710 239 48 Columbia
360 712 1985 101 university.

607 761 344 46 Contributions
980 772 48 37 to
1055 764 251 50 education,
1332 779 73 30 no.
1437 766 104 50 164)

436 817 1478 59 Published as thesis (PH. D.) Columbia university, 1925.
431 874 357 53 Bibliography:
821 890 42 37 p.
893 876 151 47 87-96.

363 927 53 54 ©
450 931 117 51 June
603 928 38 54 5,
679 928 130 54 1925;
847 930 65 43 2c.
949 930 117 52 June
1105 930 74 53 10;
1219 931 78 44 aff.
1334 932 117 53 June
1490 931 75 54 16;
1603 933 44 43 A
1686 931 191 56 855594;
1915 933 232 48 Teachers
2185 936 185 55 college,

435 986 236 44 Columbia
703 987 264 52 university.
1037 985 273 56 (25-14634)

359 1085 303 59 National
718 1086 335 59 education
1108 1087 382 59 association
1551 1088 68 58 of
1677 1087 106 60 the
1842 1088 239 62 United
2138 1091 230 60 States.

437 1163 369 60 Committee
842 1185 79 38 on
952 1166 212 58 school
1200 1166 190 59 house
1425 1166 325 75 planning.

504 1257 1861 81 … Report of Committee on school house planning.
357 1335 2011 79 Frank Irving Cooper, chairman … Washington, D. C.,
358 1415 166 57 1925.

431 1494 79 44 164
533 1508 40 37 p.
636 1492 130 52 illus.,
795 1491 129 54 plans
953 1494 47 51 (1
1033 1494 137 51 fold.)
1206 1494 146 45 forms
1378 1494 46 52 (1
1458 1495 137 51 fold.)
1630 1496 168 52 diagrs.
1826 1496 130 52 (part
1983 1496 137 53 fold.)
2186 1499 54 44 23
2247 1500 48 19 cm
2300 1533 9 10 .

427 1551 65 43 At
518 1549 115 47 head
662 1550 52 45 of
739 1550 125 45 title:
893 1550 219 46 National
1140 1551 240 45 education
1407 1551 293 46 association.

358 1603 53 54 ©
445 1606 111 51 Apr.
589 1605 67 52 30,
691 1602 130 54 1925;
852 1605 67 42 2c.
952 1605 87 43 and
1072 1604 79 44 aff.
1185 1605 107 53 July
1323 1605 49 52 8;
1407 1606 46 42 A
1483 1603 192 56 855809;
1712 1606 219 45 National
1965 1607 240 45 education
2235 1623 135 38 assn.,

428 1662 188 43 Boston.
686 1659 273 56 (25-14737)

425 1760 1918 137 … The New York supplement, with key-number annotations.
686 1859 56 37 v.
774 1841 128 57 208.
972 1839 387 58 Permanent
1386 1841 111 72 ed.,
1530 1841 366 74 containing
1921 1842 104 58 the
2055 1842 312 60 decisions

436 1918 67 57 of
548 1918 104 57 the
701 1917 305 72 Supreme
1054 1919 126 57 and
1223 1919 189 56 lower
1460 1921 212 55 courts
1719 1919 70 57 of
1833 1921 224 57 record
2103 1919 68 59 of
2215 1919 155 59 New

434 1997 173 57 York
640 1999 180 55 state.
895 1996 223 58 March
1148 1996 304 73 16-April
1484 1999 90 72 27,
1608 1999 166 56 1925.
1851 1998 90 59 St.
1977 1999 178 73 Paul,
2187 1999 183 59 West

432 2076 366 72 publishing
829 2095 107 54 co.,
971 2077 166 56 1925.

425 2154 200 42 Various
659 2154 204 51 pagings.
923 2153 54 43 23½
1015 2156 46 16 cm
1068 2188 8 8 .
1146 2152 245 55 (National
1426 2160 206 45 reporter
1664 2152 196 56 system)

355 2208 53 54 ©
432 2210 117 52 June
576 2211 60 49 11,
669 2208 129 53 1925;
825 2209 64 44 2c.
914 2208 121 54 Aug.
1061 2210 48 51 3;
1138 2209 80 44 aff.
1244 2209 120 53 Aug.
1393 2211 47 51 1;
1468 2210 44 43 A
1536 2209 192 54 861277;
1757 2211 136 44 West
1918 2210 101 53 pub.
2045 2225 66 29 co.

354 2308 421 75 [Oppenheim,
816 2309 215 59 James
1072 2308 255 76 Joseph]
1370 2311 151 57 1911–

428 2403 224 73 Lyrics
685 2408 64 55 to
782 2404 105 58 the
921 2402 336 74 Olympian
1292 2403 244 75 deities,
1569 2406 85 70 by
1684 2405 226 59 Jamus
1943 2405 131 72 Jay
2123 2405 236 74 [pseud.]

354 2483 151 57 New
546 2483 192 72 York,
784 2482 75 58 N.
905 2482 94 73 Y.,
1048 2483 130 57 The
1224 2479 363 74 Mayflower
1630 2501 185 54 press
1862 2483 366 73 publishing
2273 2503 86 39 co.

354 2592 13 44 [
370 2570 18 21 c
392 2561 149 58 1925]

422 2640 405 51 83, [1] p. 21cm.
354 2692 53 54 ©
442 2695 118 52 June
594 2693 66 52 30,
700 2691 130 53 1925;
868 2693 64 43 2c.
969 2693 87 43 and
1092 2693 79 42 aff.
1208 2692 107 54 July
1355 2693 45 51 1;
1440 2692 44 43 A
1519 2691 191 54 829960;
1750 2692 41 53 J.
1827 2693 40 53 J.
1907 2692 296 54 Oppenheim,
2244 2693 119 44 New

423 2751 143 43 York.
637 2748 273 56 (25-14046)

351 2849 459 73 Ossendowski,
852 2848 386 74 Ferdynand
1270 2846 258 60 Antoni.

429 2943 192 57 From
658 2940 325 73 president
1022 2944 64 54 to
1123 2939 238 73 prison,
1398 2940 84 72 by
1517 2939 368 60 Ferdinand
1922 2940 441 60 Ossendowski

460 3017 1903 61 … in collaboration with Lewis Stanton Palen … New
350 3099 192 72 York,
568 3099 73 56 E.
671 3099 68 56 P.
770 3097 243 57 Dutton
1041 3095 49 60 &
1116 3114 308 54 company
1452 3127 13 44 [
1469 3106 16 21 c
1489 3096 166 73 1925]

420 3177 92 48 viii,
544 3176 81 46 360
655 3191 40 39 p.
755 3176 50 44 21½c
862 3177 29 18 m
899 3215 8 8 .

352 3234 53 54 ©
433 3235 108 53 July
567 3235 38 52 6,
639 3233 132 54 1925;
801 3234 64 43 2c.
895 3233 107 53 July
1031 3232 51 53 9;
1113 3232 80 43 aff.
1221 3232 108 53 July
1362 3231 74 53 11;
1468 3231 43 44 A
1541 3231 192 54 861096;
1766 3230 52 48 E.
1850 3232 52 44 P.
1934 3233 175 43 Dutton
2139 3233 39 44 &
2206 3247 65 30 co.

430 3289 272 58 (25-14240)

353 3374 1982 139 Pacific reporter, v. 233. Permanent ed. … With key-number
741 3453 421 73 annotations,
1216 3453 222 57 March
1490 3452 301 71 23–April
1843 3455 87 70 23,
1987 3453 165 57 1925.
2264 3453 90 58 St.

427 3535 177 69 Paul,
637 3534 183 58 West
850 3531 367 73 publishing
1248 3549 108 54 co.,
1392 3531 166 56 1925.

419 3612 92 52 xiv,
548 3610 107 44 1186
683 3625 41 37 p.
784 3610 55 43 26½
872 3613 46 18 cm
926 3645 8 8 .
1004 3608 244 55 (National
1283 3614 205 46 reporter
1519 3605 357 54 system—State
1910 3607 166 54 series)

350 3668 54 53 ©
430 3670 115 52 June
574 3668 35 51 1,
639 3665 130 53 1925;
796 3667 66 42 2c.
890 3666 119 53 Aug.
1038 3666 48 51 3;
1115 3665 80 44 aff.
1224 3665 121 52 Aug.
1377 3665 46 51 1;
1453 3664 44 43 A
1526 3662 190 53 861279;
1745 3664 136 44 West
1906 3664 101 52 pub.
2035 3678 66 30 co.

345 3754 287 71 Pirenne,
676 3750 218 73 Henri,
939 3753 191 58 1862-

425 3843 315 60 Medieval
772 3842 209 71 cities;
1012 3841 166 59 their
1211 3841 239 73 origins
1483 3841 125 57 and
1636 3841 106 57 the
1774 3840 241 58 revival
2048 3841 68 58 of
2146 3842 202 70 trade,

348 3920 2005 78 by Henri Pirenne … translated from the French by
