<alto xmlns="http://www.loc.gov/standards/alto/ns-v3#" xmlns:xlink="http://www.w3.org/1999/xlink" xmlns:xsi="http://www.w3.org/2001/XMLSchema-instance" xsi:schemaLocation="http://www.loc.gov/standards/alto/ns-v3# http://www.loc.gov/alto/v3/alto-3-0.xsd"><Description>
<MeasurementUnit>pixel</MeasurementUnit>
<sourceImageInformation>
<fileName>1925_v22_Part001.pdf</fileName>
</sourceImageInformation>
<OCRProcessing ID="IdOcr">
<ocrProcessingStep>
<processingDateTime>2019-04-03</processingDateTime>
<processingSoftware>
<softwareCreator>ABBYY</softwareCreator>
<softwareName>ABBYY Recognition Server</softwareName>
<softwareVersion>4.0</softwareVersion>
</processingSoftware>
</ocrProcessingStep>
</OCRProcessing>
</Description>
<Styles>
<ParagraphStyle ID="StyleId-FFFFFFFF-FFFF-FFFF-FFFF-FFFFFFFFFFFF-" ALIGN="Left" LEFT="0." RIGHT="0." FIRSTLINE="0."/>
<ParagraphStyle ID="StyleId-2E5B4E57-07AD-4719-97CB-14521F7F4F8A-" ALIGN="Left" LEFT="0." RIGHT="0." FIRSTLINE="0." LINESPACE="8.899999619"/>
<ParagraphStyle ID="StyleId-62A6F688-D6E3-4EFC-837B-4A4C4EB582B7-" ALIGN="Center" LEFT="0." RIGHT="0." FIRSTLINE="0." LINESPACE="12.19999981"/>
<ParagraphStyle ID="StyleId-21B71EBC-BDB5-4E16-A8F2-58189A39665B-" ALIGN="Block" LEFT="0." RIGHT="0." FIRSTLINE="-13." LINESPACE="11.35000038"/>
<ParagraphStyle ID="StyleId-1E1A68C4-DD4F-417A-A13D-7FEC29ECB499-" ALIGN="Block" LEFT="0." RIGHT="0." FIRSTLINE="-15." LINESPACE="13.30000019"/>
<ParagraphStyle ID="StyleId-6B39EC51-644D-4E90-AF07-84EF2B1E466A-" ALIGN="Block" LEFT="0." RIGHT="0." FIRSTLINE="-15." LINESPACE="8.340000153"/>
<ParagraphStyle ID="StyleId-2C1BA15F-E223-41D6-853D-AAFBDAC17E68-" ALIGN="Center" LEFT="0." RIGHT="0." FIRSTLINE="0." LINESPACE="13."/>
<ParagraphStyle ID="StyleId-A3B2CDF3-43F0-422C-90A0-E074BFEC3BC0-" ALIGN="Block" LEFT="0." RIGHT="0." FIRSTLINE="0." LINESPACE="8.899999619"/>
<ParagraphStyle ID="StyleId-28AB2493-EA15-49C1-A6AC-ED5BC404F0B9-" ALIGN="Center" LEFT="0." RIGHT="0." FIRSTLINE="0." LINESPACE="12.19999981"/>
<ParagraphStyle ID="StyleId-4417A6D4-97E2-4EFC-962D-7FBC0D5273E4-" ALIGN="Left" LEFT="0." RIGHT="0." FIRSTLINE="15." LINESPACE="8.340000153"/>
<ParagraphStyle ID="StyleId-D4EF9C5E-3110-4A39-B7BC-3D84E0F04894-" ALIGN="Center" LEFT="0." RIGHT="0." FIRSTLINE="0." LINESPACE="13.30000019"/>
<ParagraphStyle ID="StyleId-D1243F31-1201-4D92-8F69-43ADB01E9AD1-" ALIGN="Left" LEFT="0." RIGHT="0." FIRSTLINE="-13." LINESPACE="13.30000019"/>
<ParagraphStyle ID="StyleId-C65417C6-23F2-4D8F-BA55-ECE73D98CAB9-" ALIGN="Left" LEFT="0." RIGHT="0." FIRSTLINE="0." LINESPACE="8.899999619"/>
<ParagraphStyle ID="StyleId-835763C1-08DD-41BE-8BAD-8E41EA88DAE3-" ALIGN="Center" LEFT="0." RIGHT="0." FIRSTLINE="0." LINESPACE="11.10000038"/>
<ParagraphStyle ID="StyleId-78FD6B81-8F83-422D-8DF4-4274EAFD19C6-" ALIGN="Block" LEFT="0." RIGHT="0." FIRSTLINE="-17." LINESPACE="12.19999981"/>
<ParagraphStyle ID="StyleId-F506BC7F-570D-458B-9F05-A143E1F5FD17-" ALIGN="Block" LEFT="0." RIGHT="0." FIRSTLINE="-17." LINESPACE="11.35000038"/>
<ParagraphStyle ID="StyleId-CBE02C6B-22D0-48C6-A874-7E90A22F4375-" ALIGN="Center" LEFT="0." RIGHT="0." FIRSTLINE="0." LINESPACE="4.400000095"/>
<ParagraphStyle ID="StyleId-14CC0121-63AF-4AB4-9656-E02F46C61AF2-" ALIGN="Left" LEFT="0." RIGHT="0." FIRSTLINE="0." LINESPACE="8.899999619"/>
<ParagraphStyle ID="StyleId-DD64CECB-1B22-4BFF-84F0-DFDE2B0000F8-" ALIGN="Left" LEFT="0." RIGHT="0." FIRSTLINE="0." LINESPACE="12.19999981"/>
<ParagraphStyle ID="StyleId-8AEF4AA8-141A-4E5D-9C3E-C0F9F43C742F-" ALIGN="Left" LEFT="0." RIGHT="0." FIRSTLINE="0." LINESPACE="8.300000191"/>
<ParagraphStyle ID="StyleId-8C396D2A-39C0-48AB-BABA-2679D8AB257E-" ALIGN="Left" LEFT="0." RIGHT="0." FIRSTLINE="0." LINESPACE="11.10000038"/>
<ParagraphStyle ID="StyleId-3B7FE50F-10D4-487F-BDCD-FD26EB60FD4A-" ALIGN="Block" LEFT="0." RIGHT="0." FIRSTLINE="13." LINESPACE="8.340000153"/>
<ParagraphStyle ID="StyleId-8CC5CC8E-615B-4C42-BB46-DB28FA355C27-" ALIGN="Left" LEFT="0." RIGHT="0." FIRSTLINE="0." LINESPACE="12.19999981"/>
<ParagraphStyle ID="StyleId-BC67E79D-8D99-4188-8B35-A59DBB7E2BB0-" ALIGN="Block" LEFT="0." RIGHT="0." FIRSTLINE="11." LINESPACE="9.399999619"/>
</Styles>
<Layout>
<Page ID="Page1163" PHYSICAL_IMG_NR="1163" HEIGHT="4412" WIDTH="2533">
<TopMargin HEIGHT="398" WIDTH="2533" VPOS="0" HPOS="0">
</TopMargin>
<LeftMargin HEIGHT="3728" WIDTH="90" VPOS="398" HPOS="0">
</LeftMargin>
<RightMargin HEIGHT="3728" WIDTH="417" VPOS="398" HPOS="2116">
</RightMargin>
<BottomMargin HEIGHT="286" WIDTH="2533" VPOS="4126" HPOS="0">
</BottomMargin>
<PrintSpace HEIGHT="3728" WIDTH="2026" VPOS="398" HPOS="90">
<TextBlock ID="Page1163_Block1" HEIGHT="76" WIDTH="168" VPOS="4050" HPOS="1022" LANG="en-US" STYLEREFS="StyleId-20E8E5C7-780B-4D48-A525-A77AE7E4B18A-">
<TextLine HEIGHT="55" WIDTH="147" VPOS="4061" HPOS="1032">
<String CONTENT="1163" HEIGHT="55" WIDTH="147" VPOS="4061" HPOS="1032"/>
</TextLine>
</TextBlock>
<TextBlock ID="Page1163_Block2" HEIGHT="3660" WIDTH="2026" VPOS="398" HPOS="90" LANG="en-US" CS="1" STYLEREFS="StyleId-B69B9D72-B0B1-4135-A907-12EB0C6CD046-">
<TextLine HEIGHT="74" WIDTH="774" VPOS="408" HPOS="107" STYLEREFS="StyleId-5D63E29C-F3A2-4F01-B510-5FE936A019DC-" CS="1">
<String LANG="de" CS="1" CONTENT="Bynner," HEIGHT="73" WIDTH="267" VPOS="409" HPOS="107"/>
<SP HEIGHT="70" WIDTH="32" VPOS="408" HPOS="375"/>
<String LANG="en-US" CONTENT="Witter," HEIGHT="69" WIDTH="247" VPOS="408" HPOS="408"/>
<SP HEIGHT="64" WIDTH="35" VPOS="413" HPOS="656"/>
<String LANG="en-US" CONTENT="1881-" HEIGHT="57" WIDTH="189" VPOS="410" HPOS="692"/>
</TextLine>
<TextLine HEIGHT="74" WIDTH="1912" VPOS="495" HPOS="183" STYLEREFS="StyleId-F164F316-7106-4C7E-AC3A-26C0DE85B93C-">
<String CONTENT="Caravan," HEIGHT="72" WIDTH="308" VPOS="497" HPOS="183"/>
<SP HEIGHT="71" WIDTH="27" VPOS="498" HPOS="492"/>
<String CONTENT="by" HEIGHT="71" WIDTH="83" VPOS="498" HPOS="520"/>
<SP HEIGHT="72" WIDTH="26" VPOS="497" HPOS="604"/>
<String CONTENT="Witter" HEIGHT="58" WIDTH="235" VPOS="497" HPOS="631"/>
<SP HEIGHT="56" WIDTH="26" VPOS="498" HPOS="867"/>
<String CONTENT="Bynner." HEIGHT="71" WIDTH="273" VPOS="498" HPOS="894"/>
<SP HEIGHT="56" WIDTH="68" VPOS="497" HPOS="1168"/>
<String CONTENT="New" HEIGHT="57" WIDTH="152" VPOS="497" HPOS="1237"/>
<SP HEIGHT="57" WIDTH="27" VPOS="496" HPOS="1390"/>
<String CONTENT="York," HEIGHT="73" WIDTH="190" VPOS="496" HPOS="1418"/>
<SP HEIGHT="72" WIDTH="29" VPOS="497" HPOS="1609"/>
<String CONTENT="A." HEIGHT="56" WIDTH="75" VPOS="497" HPOS="1639"/>
<SP HEIGHT="57" WIDTH="30" VPOS="496" HPOS="1715"/>
<String CONTENT="A." HEIGHT="57" WIDTH="75" VPOS="496" HPOS="1746"/>
<SP HEIGHT="57" WIDTH="31" VPOS="496" HPOS="1822"/>
<String CONTENT="Knopf," HEIGHT="72" WIDTH="241" VPOS="495" HPOS="1854"/>
</TextLine>
<TextLine HEIGHT="56" WIDTH="165" VPOS="577" HPOS="105" STYLEREFS="StyleId-F164F316-7106-4C7E-AC3A-26C0DE85B93C-">
<String CONTENT="1925." HEIGHT="56" WIDTH="165" VPOS="577" HPOS="105"/>
</TextLine>
<TextLine HEIGHT="55" WIDTH="691" VPOS="652" HPOS="176" CS="1">
<String CONTENT="6" HEIGHT="43" WIDTH="25" VPOS="655" HPOS="176"/>
<SP/>
<String CONTENT="p." HEIGHT="37" WIDTH="40" VPOS="670" HPOS="225"/>
<SP HEIGHT="43" WIDTH="26" VPOS="654" HPOS="266"/>
<String CS="1" CONTENT="l.,"/>
<SP HEIGHT="50" WIDTH="26" VPOS="655" HPOS="335"/>
<String CONTENT="3-77" HEIGHT="46" WIDTH="109" VPOS="652" HPOS="362"/>
<SP HEIGHT="55" WIDTH="23" VPOS="652" HPOS="472"/>
<String CONTENT="p.," HEIGHT="37" WIDTH="55" VPOS="670" HPOS="496"/>
<SP HEIGHT="50" WIDTH="27" VPOS="657" HPOS="552"/>
<String CONTENT="1" HEIGHT="41" WIDTH="17" VPOS="657" HPOS="580"/>
<SP HEIGHT="45" WIDTH="31" VPOS="653" HPOS="598"/>
<String CS="1" CONTENT="l." HEIGHT="8" WIDTH="8" VPOS="690" HPOS="649"/>
<SP HEIGHT="48" WIDTH="61" VPOS="653" HPOS="658"/>
<String CS="1" CONTENT="19&#189;"/>
<String STYLE="superscript" CONTENT="cm" HEIGHT="18" WIDTH="47" VPOS="656" HPOS="804"/>
<String CONTENT="." HEIGHT="9" WIDTH="9" VPOS="689" HPOS="858"/>
</TextLine>
<TextLine HEIGHT="44" WIDTH="178" VPOS="711" HPOS="177">
<String CONTENT="Poems." HEIGHT="44" WIDTH="178" VPOS="711" HPOS="177"/>
</TextLine>
<TextLine HEIGHT="56" WIDTH="1992" VPOS="763" HPOS="105">
<String CONTENT="&#169;" HEIGHT="54" WIDTH="54" VPOS="765" HPOS="105"/>
<SP HEIGHT="54" WIDTH="32" VPOS="765" HPOS="160"/>
<String CONTENT="Oct." HEIGHT="44" WIDTH="100" VPOS="767" HPOS="193"/>
<SP HEIGHT="42" WIDTH="29" VPOS="767" HPOS="294"/>
<String CONTENT="2," HEIGHT="50" WIDTH="39" VPOS="767" HPOS="324"/>
<SP HEIGHT="50" WIDTH="33" VPOS="767" HPOS="364"/>
<String CONTENT="1925;" HEIGHT="54" WIDTH="130" VPOS="764" HPOS="398"/>
<SP HEIGHT="52" WIDTH="30" VPOS="766" HPOS="529"/>
<String CONTENT="2c." HEIGHT="43" WIDTH="65" VPOS="766" HPOS="560"/>
<SP HEIGHT="44" WIDTH="34" VPOS="766" HPOS="626"/>
<String CONTENT="Oct." HEIGHT="44" WIDTH="101" VPOS="766" HPOS="661"/>
<SP HEIGHT="43" WIDTH="31" VPOS="767" HPOS="763"/>
<String CONTENT="9;" HEIGHT="51" WIDTH="51" VPOS="767" HPOS="795"/>
<SP HEIGHT="38" WIDTH="33" VPOS="780" HPOS="847"/>
<String CONTENT="aff." HEIGHT="43" WIDTH="78" VPOS="766" HPOS="881"/>
<SP HEIGHT="44" WIDTH="35" VPOS="766" HPOS="960"/>
<String CONTENT="Oct." HEIGHT="44" WIDTH="102" VPOS="766" HPOS="996"/>
<SP HEIGHT="43" WIDTH="32" VPOS="765" HPOS="1099"/>
<String CONTENT="8;" HEIGHT="52" WIDTH="49" VPOS="765" HPOS="1132"/>
<SP HEIGHT="52" WIDTH="34" VPOS="765" HPOS="1182"/>
<!-- cceid 360575DC-6DD5-1014-B757-AF09C522E301 --><String CONTENT="A" HEIGHT="42" WIDTH="43" VPOS="765" HPOS="1217"/>
<SP HEIGHT="43" WIDTH="30" VPOS="765" HPOS="1261"/>
<String CONTENT="869246;" HEIGHT="53" WIDTH="189" VPOS="764" HPOS="1292"/>
<SP HEIGHT="52" WIDTH="33" VPOS="765" HPOS="1482"/>
<String CONTENT="Alfred" HEIGHT="44" WIDTH="168" VPOS="764" HPOS="1516"/>
<SP HEIGHT="43" WIDTH="31" VPOS="765" HPOS="1685"/>
<String CONTENT="A." HEIGHT="42" WIDTH="56" VPOS="765" HPOS="1717"/>
<SP HEIGHT="43" WIDTH="33" VPOS="764" HPOS="1774"/>
<String CONTENT="Knopf," HEIGHT="53" WIDTH="171" VPOS="763" HPOS="1808"/>
<SP HEIGHT="51" WIDTH="34" VPOS="764" HPOS="1980"/>
<String CONTENT="inc." HEIGHT="43" WIDTH="82" VPOS="764" HPOS="2015"/>
</TextLine>
<TextLine HEIGHT="56" WIDTH="269" VPOS="821" HPOS="184">
<String CONTENT="(25-20049)" HEIGHT="56" WIDTH="269" VPOS="821" HPOS="184"/>
</TextLine>
<TextLine HEIGHT="75" WIDTH="1988" VPOS="907" HPOS="111" STYLEREFS="StyleId-F164F316-7106-4C7E-AC3A-26C0DE85B93C-">
<String CONTENT="Cage" HEIGHT="72" WIDTH="164" VPOS="909" HPOS="111"/>
<SP HEIGHT="56" WIDTH="26" VPOS="911" HPOS="276"/>
<String CONTENT="birds" HEIGHT="57" WIDTH="177" VPOS="910" HPOS="303"/>
<SP HEIGHT="37" WIDTH="27" VPOS="929" HPOS="481"/>
<String CONTENT="and" HEIGHT="56" WIDTH="123" VPOS="911" HPOS="509"/>
<SP HEIGHT="57" WIDTH="24" VPOS="910" HPOS="633"/>
<String CONTENT="bird" HEIGHT="58" WIDTH="142" VPOS="909" HPOS="658"/>
<SP HEIGHT="57" WIDTH="23" VPOS="910" HPOS="801"/>
<String CONTENT="world," HEIGHT="58" WIDTH="215" VPOS="909" HPOS="825"/>
<SP HEIGHT="36" WIDTH="65" VPOS="929" HPOS="1041"/>
<String CONTENT="v." HEIGHT="36" WIDTH="56" VPOS="929" HPOS="1107"/>
<SP HEIGHT="54" WIDTH="28" VPOS="911" HPOS="1164"/>
<String CONTENT="48," HEIGHT="71" WIDTH="93" VPOS="911" HPOS="1193"/>
<SP HEIGHT="54" WIDTH="26" VPOS="928" HPOS="1287"/>
<String CONTENT="no." HEIGHT="37" WIDTH="97" VPOS="927" HPOS="1314"/>
<SP HEIGHT="54" WIDTH="32" VPOS="910" HPOS="1412"/>
<String CONTENT="1234," HEIGHT="71" WIDTH="167" VPOS="908" HPOS="1445"/>
<SP HEIGHT="72" WIDTH="31" VPOS="907" HPOS="1613"/>
<String CONTENT="Sept." HEIGHT="72" WIDTH="170" VPOS="907" HPOS="1645"/>
<SP HEIGHT="55" WIDTH="32" VPOS="909" HPOS="1816"/>
<String CONTENT="5," HEIGHT="70" WIDTH="49" VPOS="909" HPOS="1849"/>
<SP HEIGHT="69" WIDTH="33" VPOS="910" HPOS="1899"/>
<String CONTENT="1925." HEIGHT="56" WIDTH="166" VPOS="908" HPOS="1933"/>
</TextLine>
<TextLine HEIGHT="55" WIDTH="1938" VPOS="995" HPOS="104" CS="1">
<String CONTENT="&#169;" HEIGHT="53" WIDTH="55" VPOS="997" HPOS="104"/>
<SP HEIGHT="53" WIDTH="38" VPOS="997" HPOS="160"/>
<String CS="1" CONTENT="1c."/>
<SP HEIGHT="44" WIDTH="36" VPOS="999" HPOS="260"/>
<String CONTENT="Oct." HEIGHT="44" WIDTH="101" VPOS="999" HPOS="297"/>
<SP HEIGHT="42" WIDTH="36" VPOS="1000" HPOS="399"/>
<String CONTENT="31," HEIGHT="49" WIDTH="64" VPOS="1000" HPOS="436"/>
<SP HEIGHT="48" WIDTH="39" VPOS="1001" HPOS="501"/>
<String CONTENT="1925;" HEIGHT="53" WIDTH="129" VPOS="997" HPOS="541"/>
<SP HEIGHT="51" WIDTH="37" VPOS="999" HPOS="671"/>
<!-- cceid 3605B29D-6DD5-1014-B757-AF09C522E301 --><String CONTENT="A" HEIGHT="42" WIDTH="43" VPOS="999" HPOS="709"/>
<SP HEIGHT="42" WIDTH="35" VPOS="999" HPOS="753"/>
<String CONTENT="ad" HEIGHT="42" WIDTH="56" VPOS="1000" HPOS="789"/>
<SP HEIGHT="44" WIDTH="35" VPOS="998" HPOS="846"/>
<String CONTENT="int." HEIGHT="44" WIDTH="76" VPOS="998" HPOS="882"/>
<SP HEIGHT="45" WIDTH="36" VPOS="997" HPOS="959"/>
<String CONTENT="7377;" HEIGHT="54" WIDTH="134" VPOS="996" HPOS="996"/>
<SP HEIGHT="37" WIDTH="36" VPOS="1013" HPOS="1131"/>
<String CONTENT="pubd." HEIGHT="52" WIDTH="131" VPOS="998" HPOS="1168"/>
<SP HEIGHT="47" WIDTH="39" VPOS="996" HPOS="1300"/>
<String CONTENT="Sept." HEIGHT="53" WIDTH="121" VPOS="996" HPOS="1340"/>
<SP HEIGHT="45" WIDTH="37" VPOS="995" HPOS="1462"/>
<String CONTENT="5;" HEIGHT="53" WIDTH="48" VPOS="995" HPOS="1500"/>
<SP HEIGHT="53" WIDTH="39" VPOS="995" HPOS="1549"/>
<String CONTENT="F." HEIGHT="45" WIDTH="51" VPOS="995" HPOS="1589"/>
<SP HEIGHT="45" WIDTH="40" VPOS="995" HPOS="1641"/>
<String CONTENT="Carl," HEIGHT="53" WIDTH="120" VPOS="995" HPOS="1682"/>
<SP HEIGHT="51" WIDTH="38" VPOS="997" HPOS="1803"/>
<String CONTENT="London." HEIGHT="43" WIDTH="200" VPOS="997" HPOS="1842"/>
</TextLine>
<TextLine HEIGHT="74" WIDTH="1447" VPOS="1080" HPOS="112" STYLEREFS="StyleId-5D63E29C-F3A2-4F01-B510-5FE936A019DC-">
<String CONTENT="California." HEIGHT="60" WIDTH="366" VPOS="1080" HPOS="112"/>
<SP HEIGHT="58" WIDTH="82" VPOS="1081" HPOS="479"/>
<String CONTENT="University." HEIGHT="73" WIDTH="385" VPOS="1081" HPOS="562"/>
<SP HEIGHT="56" WIDTH="80" VPOS="1083" HPOS="948"/>
<String CONTENT="Medical" HEIGHT="60" WIDTH="269" VPOS="1081" HPOS="1029"/>
<SP HEIGHT="56" WIDTH="32" VPOS="1083" HPOS="1299"/>
<String CONTENT="school." HEIGHT="58" WIDTH="227" VPOS="1081" HPOS="1332"/>
</TextLine>
<TextLine HEIGHT="152" WIDTH="1967" VPOS="1171" HPOS="105" STYLEREFS="StyleId-F164F316-7106-4C7E-AC3A-26C0DE85B93C-" CS="1">
<String CONTENT="Practical" HEIGHT="59" WIDTH="314" VPOS="1171" HPOS="178"/>
<SP HEIGHT="57" WIDTH="37" VPOS="1173" HPOS="493"/>
<String CONTENT="bacteriology," HEIGHT="73" WIDTH="445" VPOS="1172" HPOS="531"/>
<SP HEIGHT="53" WIDTH="36" VPOS="1191" HPOS="977"/>
<String CONTENT="medical" HEIGHT="58" WIDTH="263" VPOS="1172" HPOS="1014"/>
<SP HEIGHT="56" WIDTH="36" VPOS="1172" HPOS="1278"/>
<String CONTENT="zoology" HEIGHT="72" WIDTH="260" VPOS="1172" HPOS="1315"/>
<SP HEIGHT="52" WIDTH="38" VPOS="1191" HPOS="1576"/>
<String CONTENT="and" HEIGHT="57" WIDTH="123" VPOS="1172" HPOS="1615"/>
<SP HEIGHT="57" WIDTH="34" VPOS="1172" HPOS="1739"/>
<String CONTENT="immunology," HEIGHT="151" WIDTH="1967" VPOS="1172" HPOS="105"/>
</TextLine>
<TextLine HEIGHT="75" WIDTH="1819" VPOS="1248" HPOS="276" STYLEREFS="StyleId-F164F316-7106-4C7E-AC3A-26C0DE85B93C-">
<String CONTENT="as" HEIGHT="38" WIDTH="68" VPOS="1270" HPOS="276"/>
<SP HEIGHT="39" WIDTH="32" VPOS="1269" HPOS="345"/>
<String CONTENT="applied" HEIGHT="71" WIDTH="252" VPOS="1250" HPOS="378"/>
<SP HEIGHT="57" WIDTH="27" VPOS="1251" HPOS="631"/>
<String CONTENT="to" HEIGHT="54" WIDTH="62" VPOS="1253" HPOS="659"/>
<SP HEIGHT="38" WIDTH="28" VPOS="1269" HPOS="722"/>
<String CONTENT="medicine" HEIGHT="58" WIDTH="302" VPOS="1250" HPOS="751"/>
<SP HEIGHT="38" WIDTH="32" VPOS="1269" HPOS="1054"/>
<String CONTENT="and" HEIGHT="57" WIDTH="122" VPOS="1250" HPOS="1087"/>
<SP HEIGHT="71" WIDTH="27" VPOS="1250" HPOS="1210"/>
<String CONTENT="public" HEIGHT="72" WIDTH="208" VPOS="1249" HPOS="1238"/>
<SP HEIGHT="58" WIDTH="26" VPOS="1249" HPOS="1447"/>
<String CONTENT="health;" HEIGHT="72" WIDTH="245" VPOS="1249" HPOS="1474"/>
<SP HEIGHT="51" WIDTH="30" VPOS="1270" HPOS="1720"/>
<String CONTENT="a" HEIGHT="38" WIDTH="35" VPOS="1270" HPOS="1751"/>
<SP HEIGHT="54" WIDTH="29" VPOS="1269" HPOS="1787"/>
<String CONTENT="guide" HEIGHT="75" WIDTH="185" VPOS="1248" HPOS="1817"/>
<SP HEIGHT="55" WIDTH="28" VPOS="1253" HPOS="2003"/>
<String CONTENT="to" HEIGHT="55" WIDTH="63" VPOS="1253" HPOS="2032"/>
</TextLine>
<TextLine HEIGHT="73" WIDTH="1996" VPOS="1327" HPOS="102" STYLEREFS="StyleId-F164F316-7106-4C7E-AC3A-26C0DE85B93C-">
<String CONTENT="laboratory" HEIGHT="72" WIDTH="367" VPOS="1328" HPOS="102"/>
<SP HEIGHT="53" WIDTH="21" VPOS="1347" HPOS="470"/>
<String CONTENT="work," HEIGHT="72" WIDTH="190" VPOS="1328" HPOS="492"/>
<SP HEIGHT="53" WIDTH="23" VPOS="1347" HPOS="683"/>
<String CONTENT="prepared" HEIGHT="71" WIDTH="315" VPOS="1328" HPOS="707"/>
<SP HEIGHT="57" WIDTH="23" VPOS="1328" HPOS="1023"/>
<String CONTENT="by" HEIGHT="71" WIDTH="84" VPOS="1328" HPOS="1047"/>
<SP HEIGHT="68" WIDTH="24" VPOS="1331" HPOS="1132"/>
<String CONTENT="the" HEIGHT="57" WIDTH="103" VPOS="1328" HPOS="1157"/>
<SP HEIGHT="38" WIDTH="25" VPOS="1346" HPOS="1261"/>
<String CONTENT="members" HEIGHT="58" WIDTH="307" VPOS="1327" HPOS="1287"/>
<SP HEIGHT="37" WIDTH="26" VPOS="1348" HPOS="1595"/>
<String CONTENT="of" HEIGHT="58" WIDTH="67" VPOS="1327" HPOS="1622"/>
<SP HEIGHT="58" WIDTH="26" VPOS="1327" HPOS="1690"/>
<String CONTENT="the" HEIGHT="57" WIDTH="103" VPOS="1328" HPOS="1717"/>
<SP HEIGHT="38" WIDTH="28" VPOS="1347" HPOS="1821"/>
<String CONTENT="staff" HEIGHT="58" WIDTH="154" VPOS="1327" HPOS="1850"/>
<SP HEIGHT="58" WIDTH="24" VPOS="1327" HPOS="2005"/>
<String CONTENT="of" HEIGHT="58" WIDTH="68" VPOS="1327" HPOS="2030"/>
</TextLine>
<TextLine HEIGHT="74" WIDTH="1995" VPOS="1404" HPOS="102" STYLEREFS="StyleId-F164F316-7106-4C7E-AC3A-26C0DE85B93C-" CS="1">
<String CONTENT="the" HEIGHT="57" WIDTH="104" VPOS="1407" HPOS="102"/>
<SP HEIGHT="60" WIDTH="24" VPOS="1405" HPOS="207"/>
<String CONTENT="University" HEIGHT="73" WIDTH="372" VPOS="1405" HPOS="232"/>
<SP HEIGHT="53" WIDTH="25" VPOS="1425" HPOS="605"/>
<String CONTENT="of" HEIGHT="58" WIDTH="68" VPOS="1406" HPOS="631"/>
<SP HEIGHT="60" WIDTH="28" VPOS="1404" HPOS="700"/>
<String CONTENT="California" HEIGHT="60" WIDTH="350" VPOS="1404" HPOS="729"/>
<SP HEIGHT="39" WIDTH="23" VPOS="1424" HPOS="1080"/>
<String CONTENT="medical" HEIGHT="59" WIDTH="264" VPOS="1404" HPOS="1104"/>
<SP HEIGHT="58" WIDTH="26" VPOS="1405" HPOS="1369"/>
<String CONTENT="school," HEIGHT="73" WIDTH="226" VPOS="1404" HPOS="1396"/>
<SP HEIGHT="72" WIDTH="26" VPOS="1405" HPOS="1623"/>
<String CONTENT="K." HEIGHT="58" WIDTH="80" VPOS="1405" HPOS="1650"/>
<SP HEIGHT="58" WIDTH="28" VPOS="1405" HPOS="1731"/>
<String CS="1" CONTENT="F." HEIGHT="12" WIDTH="11" VPOS="1451" HPOS="1820"/>
<SP HEIGHT="58" WIDTH="28" VPOS="1405" HPOS="1832"/>
<String CONTENT="Meyer," HEIGHT="73" WIDTH="236" VPOS="1405" HPOS="1861"/>
</TextLine>
<TextLine HEIGHT="75" WIDTH="1995" VPOS="1482" HPOS="102" STYLEREFS="StyleId-F164F316-7106-4C7E-AC3A-26C0DE85B93C-">
<String CONTENT="chairman." HEIGHT="58" WIDTH="338" VPOS="1484" HPOS="102"/>
<SP HEIGHT="58" WIDTH="95" VPOS="1484" HPOS="441"/>
<String CONTENT="Berkeley," HEIGHT="73" WIDTH="324" VPOS="1484" HPOS="537"/>
<SP HEIGHT="75" WIDTH="60" VPOS="1482" HPOS="862"/>
<String CONTENT="Calif.," HEIGHT="74" WIDTH="204" VPOS="1482" HPOS="923"/>
<SP HEIGHT="73" WIDTH="57" VPOS="1483" HPOS="1128"/>
<String CONTENT="University" HEIGHT="72" WIDTH="374" VPOS="1483" HPOS="1186"/>
<SP HEIGHT="53" WIDTH="56" VPOS="1502" HPOS="1561"/>
<String CONTENT="of" HEIGHT="58" WIDTH="68" VPOS="1483" HPOS="1618"/>
<SP HEIGHT="59" WIDTH="57" VPOS="1483" HPOS="1687"/>
<String CONTENT="California" HEIGHT="60" WIDTH="352" VPOS="1482" HPOS="1745"/>
</TextLine>
<TextLine HEIGHT="70" WIDTH="398" VPOS="1564" HPOS="100" STYLEREFS="StyleId-F164F316-7106-4C7E-AC3A-26C0DE85B93C-">
<String CONTENT="press," HEIGHT="53" WIDTH="202" VPOS="1581" HPOS="100"/>
<SP HEIGHT="69" WIDTH="28" VPOS="1565" HPOS="303"/>
<String CONTENT="1925." HEIGHT="55" WIDTH="166" VPOS="1564" HPOS="332"/>
</TextLine>
<TextLine HEIGHT="56" WIDTH="1927" VPOS="1638" HPOS="175">
<String CONTENT="xiii," HEIGHT="53" WIDTH="96" VPOS="1641" HPOS="175"/>
<SP HEIGHT="52" WIDTH="28" VPOS="1642" HPOS="272"/>
<String CONTENT="436" HEIGHT="44" WIDTH="82" VPOS="1641" HPOS="301"/>
<SP HEIGHT="51" WIDTH="27" VPOS="1642" HPOS="384"/>
<String CONTENT="p." HEIGHT="37" WIDTH="39" VPOS="1656" HPOS="412"/>
<SP HEIGHT="36" WIDTH="58" VPOS="1648" HPOS="452"/>
<String CONTENT="tables" HEIGHT="43" WIDTH="141" VPOS="1641" HPOS="511"/>
<SP HEIGHT="53" WIDTH="26" VPOS="1640" HPOS="653"/>
<String CONTENT="(part" HEIGHT="54" WIDTH="126" VPOS="1640" HPOS="680"/>
<SP HEIGHT="44" WIDTH="30" VPOS="1640" HPOS="807"/>
<String CONTENT="fold.)" HEIGHT="54" WIDTH="136" VPOS="1639" HPOS="838"/>
<SP HEIGHT="53" WIDTH="66" VPOS="1640" HPOS="975"/>
<String CONTENT="26" HEIGHT="43" WIDTH="53" VPOS="1640" HPOS="1042"/>
<String STYLE="superscript" CONTENT="cm" HEIGHT="16" WIDTH="46" VPOS="1643" HPOS="1102"/>
<String CONTENT="." HEIGHT="7" WIDTH="8" VPOS="1675" HPOS="1155"/>
<SP HEIGHT="29" WIDTH="63" VPOS="1657" HPOS="1164"/>
<String CONTENT="[University" HEIGHT="54" WIDTH="280" VPOS="1639" HPOS="1228"/>
<SP HEIGHT="38" WIDTH="28" VPOS="1655" HPOS="1509"/>
<String CONTENT="of" HEIGHT="44" WIDTH="52" VPOS="1640" HPOS="1538"/>
<SP HEIGHT="44" WIDTH="28" VPOS="1639" HPOS="1591"/>
<String CONTENT="California" HEIGHT="45" WIDTH="252" VPOS="1639" HPOS="1620"/>
<SP HEIGHT="29" WIDTH="30" VPOS="1655" HPOS="1873"/>
<String CONTENT="syllabus" HEIGHT="54" WIDTH="198" VPOS="1638" HPOS="1904"/>
</TextLine>
<TextLine HEIGHT="54" WIDTH="367" VPOS="1696" HPOS="109">
<String CONTENT="series," HEIGHT="51" WIDTH="149" VPOS="1699" HPOS="109"/>
<SP HEIGHT="37" WIDTH="25" VPOS="1713" HPOS="259"/>
<String CONTENT="no." HEIGHT="32" WIDTH="72" VPOS="1713" HPOS="285"/>
<SP HEIGHT="44" WIDTH="27" VPOS="1701" HPOS="358"/>
<String CONTENT="179]" HEIGHT="48" WIDTH="90" VPOS="1696" HPOS="386"/>
</TextLine>
<TextLine HEIGHT="54" WIDTH="612" VPOS="1753" HPOS="177">
<String CONTENT="Contains" HEIGHT="45" WIDTH="215" VPOS="1755" HPOS="177"/>
<SP HEIGHT="44" WIDTH="30" VPOS="1755" HPOS="393"/>
<String CONTENT="bibliographies." HEIGHT="54" WIDTH="365" VPOS="1753" HPOS="424"/>
</TextLine>
<TextLine HEIGHT="112" WIDTH="1977" VPOS="1808" HPOS="101" CS="1">
<String CONTENT="&#169;" HEIGHT="54" WIDTH="57" VPOS="1809" HPOS="101"/>
<SP HEIGHT="54" WIDTH="29" VPOS="1809" HPOS="159"/>
<String CONTENT="Sept." HEIGHT="53" WIDTH="123" VPOS="1810" HPOS="189"/>
<SP HEIGHT="43" WIDTH="29" VPOS="1812" HPOS="313"/>
<String CONTENT="15," HEIGHT="53" WIDTH="61" VPOS="1809" HPOS="343"/>
<SP HEIGHT="50" WIDTH="31" VPOS="1812" HPOS="405"/>
<String CONTENT="1925;" HEIGHT="54" WIDTH="130" VPOS="1808" HPOS="437"/>
<SP HEIGHT="52" WIDTH="27" VPOS="1810" HPOS="568"/>
<String CONTENT="2c." HEIGHT="43" WIDTH="65" VPOS="1810" HPOS="596"/>
<SP HEIGHT="47" WIDTH="30" VPOS="1809" HPOS="662"/>
<String CONTENT="Sept." HEIGHT="53" WIDTH="122" VPOS="1809" HPOS="693"/>
<SP HEIGHT="42" WIDTH="25" VPOS="1810" HPOS="816"/>
<String CONTENT="24;" HEIGHT="52" WIDTH="79" VPOS="1810" HPOS="842"/>
<SP HEIGHT="38" WIDTH="30" VPOS="1824" HPOS="922"/>
<String CONTENT="aff." HEIGHT="43" WIDTH="78" VPOS="1810" HPOS="953"/>
<SP HEIGHT="44" WIDTH="31" VPOS="1810" HPOS="1032"/>
<String CONTENT="Oct." HEIGHT="44" WIDTH="102" VPOS="1810" HPOS="1064"/>
<SP HEIGHT="45" WIDTH="30" VPOS="1808" HPOS="1167"/>
<String CONTENT="5;" HEIGHT="53" WIDTH="48" VPOS="1808" HPOS="1198"/>
<SP HEIGHT="51" WIDTH="30" VPOS="1810" HPOS="1247"/>
<!-- cceid 3605E6D4-6DD5-1014-B757-AF09C522E301 --><String CONTENT="A" HEIGHT="42" WIDTH="43" VPOS="1810" HPOS="1278"/>
<SP HEIGHT="43" WIDTH="26" VPOS="1809" HPOS="1322"/>
<String CONTENT="864939;" HEIGHT="52" WIDTH="190" VPOS="1809" HPOS="1349"/>
<SP HEIGHT="51" WIDTH="31" VPOS="1810" HPOS="1540"/>
<String CONTENT="Regents" HEIGHT="52" WIDTH="197" VPOS="1810" HPOS="1572"/>
<SP HEIGHT="29" WIDTH="30" VPOS="1824" HPOS="1770"/>
<String CONTENT="of" HEIGHT="44" WIDTH="53" VPOS="1809" HPOS="1801"/>
<SP HEIGHT="43" WIDTH="25" VPOS="1809" HPOS="1855"/>
<String CONTENT="the" HEIGHT="44" WIDTH="74" VPOS="1809" HPOS="1881"/>
<SP HEIGHT="44" WIDTH="28" VPOS="1810" HPOS="1956"/>
<String CONTENT="University" HEIGHT="111" WIDTH="1903" VPOS="1809" HPOS="175"/>
</TextLine>
<TextLine HEIGHT="56" WIDTH="1139" VPOS="1864" HPOS="381">
<String CONTENT="of" HEIGHT="44" WIDTH="51" VPOS="1867" HPOS="381"/>
<SP HEIGHT="45" WIDTH="34" VPOS="1866" HPOS="433"/>
<String CONTENT="California," HEIGHT="53" WIDTH="266" VPOS="1866" HPOS="468"/>
<SP HEIGHT="53" WIDTH="35" VPOS="1866" HPOS="735"/>
<String CONTENT="Berkeley," HEIGHT="53" WIDTH="234" VPOS="1866" HPOS="771"/>
<SP HEIGHT="53" WIDTH="37" VPOS="1864" HPOS="1006"/>
<String CONTENT="Calif." HEIGHT="46" WIDTH="135" VPOS="1864" HPOS="1044"/>
<SP HEIGHT="53" WIDTH="67" VPOS="1867" HPOS="1180"/>
<String CONTENT="(25-19931)" HEIGHT="56" WIDTH="272" VPOS="1864" HPOS="1248"/>
</TextLine>
<TextLine HEIGHT="75" WIDTH="1411" VPOS="1950" HPOS="109" STYLEREFS="StyleId-F164F316-7106-4C7E-AC3A-26C0DE85B93C-" CS="1">
<String CONTENT="Campbell," HEIGHT="73" WIDTH="336" VPOS="1951" HPOS="109"/>
<SP HEIGHT="67" WIDTH="29" VPOS="1955" HPOS="446"/>
<String CONTENT="Mrs." HEIGHT="55" WIDTH="153" VPOS="1955" HPOS="476"/>
<SP HEIGHT="58" WIDTH="28" VPOS="1951" HPOS="630"/>
<String CONTENT="Harriette" HEIGHT="58" WIDTH="327" VPOS="1951" HPOS="659"/>
<SP HEIGHT="72" WIDTH="38" VPOS="1953" HPOS="987"/>
<String CONTENT="(Russell)" HEIGHT="75" WIDTH="305" VPOS="1950" HPOS="1026"/>
<SP HEIGHT="73" WIDTH="40" VPOS="1952" HPOS="1332"/>
<String CS="1" CONTENT="1883&#8211;" HEIGHT="58" WIDTH="147" VPOS="1953" HPOS="1373"/>
</TextLine>
<TextLine HEIGHT="75" WIDTH="1913" VPOS="2043" HPOS="185" STYLEREFS="StyleId-F164F316-7106-4C7E-AC3A-26C0DE85B93C-">
<String CONTENT="The" HEIGHT="57" WIDTH="129" VPOS="2048" HPOS="185"/>
<SP HEIGHT="58" WIDTH="52" VPOS="2047" HPOS="315"/>
<String CONTENT="Little" HEIGHT="57" WIDTH="190" VPOS="2047" HPOS="368"/>
<SP HEIGHT="60" WIDTH="54" VPOS="2045" HPOS="559"/>
<String CONTENT="Great" HEIGHT="61" WIDTH="194" VPOS="2045" HPOS="614"/>
<SP HEIGHT="59" WIDTH="50" VPOS="2047" HPOS="809"/>
<String CONTENT="Lady," HEIGHT="71" WIDTH="197" VPOS="2047" HPOS="860"/>
<SP HEIGHT="71" WIDTH="50" VPOS="2047" HPOS="1058"/>
<String CONTENT="by" HEIGHT="69" WIDTH="84" VPOS="2047" HPOS="1109"/>
<SP HEIGHT="71" WIDTH="46" VPOS="2045" HPOS="1194"/>
<String CONTENT="Harriette" HEIGHT="59" WIDTH="334" VPOS="2045" HPOS="1241"/>
<SP HEIGHT="57" WIDTH="51" VPOS="2045" HPOS="1576"/>
<String CONTENT="R." HEIGHT="57" WIDTH="73" VPOS="2045" HPOS="1628"/>
<SP HEIGHT="60" WIDTH="57" VPOS="2043" HPOS="1702"/>
<String CONTENT="Campbell." HEIGHT="73" WIDTH="338" VPOS="2043" HPOS="1760"/>
</TextLine>
<TextLine HEIGHT="72" WIDTH="1771" VPOS="2123" HPOS="106" STYLEREFS="StyleId-F164F316-7106-4C7E-AC3A-26C0DE85B93C-" CS="1">
<String CONTENT="New" HEIGHT="57" WIDTH="152" VPOS="2125" HPOS="106"/>
<SP HEIGHT="58" WIDTH="30" VPOS="2124" HPOS="259"/>
<String CONTENT="York" HEIGHT="58" WIDTH="173" VPOS="2124" HPOS="290"/>
<SP HEIGHT="58" WIDTH="33" VPOS="2124" HPOS="464"/>
<String CONTENT="and" HEIGHT="57" WIDTH="123" VPOS="2126" HPOS="498"/>
<SP HEIGHT="58" WIDTH="33" VPOS="2125" HPOS="622"/>
<String CONTENT="London," HEIGHT="70" WIDTH="277" VPOS="2125" HPOS="656"/>
<SP HEIGHT="72" WIDTH="35" VPOS="2123" HPOS="934"/>
<String CONTENT="Harper" HEIGHT="72" WIDTH="255" VPOS="2123" HPOS="970"/>
<SP HEIGHT="57" WIDTH="34" VPOS="2124" HPOS="1226"/>
<String CONTENT="&amp;" HEIGHT="57" WIDTH="48" VPOS="2124" HPOS="1261"/>
<SP HEIGHT="58" WIDTH="33" VPOS="2124" HPOS="1310"/>
<String CONTENT="brothers" HEIGHT="58" WIDTH="291" VPOS="2124" HPOS="1344"/>
<SP HEIGHT="51" WIDTH="38" VPOS="2143" HPOS="1636"/>
<String CS="1" CONTENT="["/>
<String STYLE="superscript" CONTENT="c" HEIGHT="22" WIDTH="18" VPOS="2131" HPOS="1690"/>
<String CONTENT="1925]" HEIGHT="70" WIDTH="165" VPOS="2124" HPOS="1712"/>
</TextLine>
<TextLine HEIGHT="50" WIDTH="970" VPOS="2202" HPOS="176" CS="1">
<String CONTENT="5" HEIGHT="45" WIDTH="24" VPOS="2202" HPOS="176"/>
<SP HEIGHT="50" WIDTH="27" VPOS="2202" HPOS="201"/>
<String CONTENT="p." HEIGHT="35" WIDTH="40" VPOS="2217" HPOS="229"/>
<SP HEIGHT="45" WIDTH="26" VPOS="2202" HPOS="270"/>
<String CS="1" CONTENT="l.,"/>
<SP HEIGHT="49" WIDTH="26" VPOS="2203" HPOS="338"/>
<String CONTENT="3-264" HEIGHT="44" WIDTH="138" VPOS="2203" HPOS="365"/>
<SP HEIGHT="48" WIDTH="22" VPOS="2204" HPOS="504"/>
<String CONTENT="p." HEIGHT="36" WIDTH="41" VPOS="2216" HPOS="527"/>
<SP HEIGHT="43" WIDTH="60" VPOS="2202" HPOS="569"/>
<String CONTENT="front.," HEIGHT="49" WIDTH="150" VPOS="2202" HPOS="630"/>
<SP HEIGHT="36" WIDTH="27" VPOS="2216" HPOS="781"/>
<String CONTENT="plates." HEIGHT="50" WIDTH="154" VPOS="2202" HPOS="809"/>
<SP HEIGHT="42" WIDTH="62" VPOS="2204" HPOS="964"/>
<String CONTENT="19" HEIGHT="45" WIDTH="52" VPOS="2203" HPOS="1027"/>
<String STYLE="superscript" CONTENT="cm" HEIGHT="18" WIDTH="48" VPOS="2204" HPOS="1083"/>
<String CONTENT="." HEIGHT="10" WIDTH="10" VPOS="2236" HPOS="1136"/>
</TextLine>
<TextLine HEIGHT="55" WIDTH="1992" VPOS="2253" HPOS="107">
<String CONTENT="&#169;" HEIGHT="53" WIDTH="52" VPOS="2254" HPOS="107"/>
<SP HEIGHT="53" WIDTH="30" VPOS="2254" HPOS="160"/>
<String CONTENT="Sept." HEIGHT="54" WIDTH="120" VPOS="2254" HPOS="191"/>
<SP HEIGHT="43" WIDTH="27" VPOS="2255" HPOS="312"/>
<String CONTENT="4," HEIGHT="49" WIDTH="37" VPOS="2255" HPOS="340"/>
<SP HEIGHT="48" WIDTH="32" VPOS="2256" HPOS="378"/>
<String CONTENT="1925;" HEIGHT="53" WIDTH="129" VPOS="2254" HPOS="411"/>
<SP HEIGHT="52" WIDTH="30" VPOS="2255" HPOS="541"/>
<String CONTENT="2c." HEIGHT="44" WIDTH="63" VPOS="2255" HPOS="572"/>
<SP HEIGHT="47" WIDTH="32" VPOS="2254" HPOS="636"/>
<String CONTENT="Sept." HEIGHT="53" WIDTH="121" VPOS="2254" HPOS="669"/>
<SP HEIGHT="41" WIDTH="31" VPOS="2257" HPOS="791"/>
<String CONTENT="1;" HEIGHT="51" WIDTH="46" VPOS="2257" HPOS="823"/>
<SP HEIGHT="38" WIDTH="29" VPOS="2270" HPOS="870"/>
<String CONTENT="aff." HEIGHT="44" WIDTH="79" VPOS="2255" HPOS="900"/>
<SP HEIGHT="48" WIDTH="33" VPOS="2253" HPOS="980"/>
<String CONTENT="Sept." HEIGHT="54" WIDTH="119" VPOS="2253" HPOS="1014"/>
<SP HEIGHT="44" WIDTH="29" VPOS="2255" HPOS="1134"/>
<String CONTENT="9;" HEIGHT="52" WIDTH="51" VPOS="2255" HPOS="1164"/>
<SP HEIGHT="52" WIDTH="32" VPOS="2255" HPOS="1216"/>
<!-- cceid 36061DBB-6DD5-1014-B757-AF09C522E301 --><String CONTENT="A" HEIGHT="42" WIDTH="43" VPOS="2255" HPOS="1249"/>
<SP HEIGHT="44" WIDTH="29" VPOS="2254" HPOS="1293"/>
<String CONTENT="864496;" HEIGHT="53" WIDTH="188" VPOS="2253" HPOS="1323"/>
<SP HEIGHT="51" WIDTH="33" VPOS="2255" HPOS="1512"/>
<String CONTENT="Harper" HEIGHT="52" WIDTH="185" VPOS="2255" HPOS="1546"/>
<SP HEIGHT="29" WIDTH="28" VPOS="2269" HPOS="1732"/>
<String CONTENT="and" HEIGHT="44" WIDTH="87" VPOS="2254" HPOS="1761"/>
<SP HEIGHT="44" WIDTH="27" VPOS="2254" HPOS="1849"/>
<String CONTENT="brothers." HEIGHT="44" WIDTH="222" VPOS="2254" HPOS="1877"/>
</TextLine>
<TextLine HEIGHT="55" WIDTH="270" VPOS="2310" HPOS="185">
<String CONTENT="(25-19729)" HEIGHT="55" WIDTH="270" VPOS="2310" HPOS="185"/>
</TextLine>
<TextLine HEIGHT="73" WIDTH="971" VPOS="2396" HPOS="110" STYLEREFS="StyleId-5D63E29C-F3A2-4F01-B510-5FE936A019DC-">
<String CONTENT="Cartwright," HEIGHT="73" WIDTH="401" VPOS="2396" HPOS="110"/>
<SP HEIGHT="72" WIDTH="35" VPOS="2397" HPOS="512"/>
<String CONTENT="George" HEIGHT="72" WIDTH="239" VPOS="2397" HPOS="548"/>
<SP HEIGHT="59" WIDTH="34" VPOS="2396" HPOS="788"/>
<String CONTENT="Wilder." HEIGHT="59" WIDTH="258" VPOS="2396" HPOS="823"/>
</TextLine>
<TextLine HEIGHT="73" WIDTH="1918" VPOS="2486" HPOS="181" STYLEREFS="StyleId-F164F316-7106-4C7E-AC3A-26C0DE85B93C-">
<String CONTENT="The" HEIGHT="57" WIDTH="129" VPOS="2486" HPOS="181"/>
<SP HEIGHT="37" WIDTH="53" VPOS="2506" HPOS="311"/>
<String CONTENT="soul" HEIGHT="57" WIDTH="136" VPOS="2486" HPOS="365"/>
<SP HEIGHT="57" WIDTH="50" VPOS="2486" HPOS="502"/>
<String CONTENT="of" HEIGHT="56" WIDTH="68" VPOS="2487" HPOS="553"/>
<SP HEIGHT="56" WIDTH="49" VPOS="2486" HPOS="622"/>
<String CONTENT="America;" HEIGHT="71" WIDTH="323" VPOS="2486" HPOS="672"/>
<SP HEIGHT="51" WIDTH="53" VPOS="2506" HPOS="996"/>
<String CONTENT="our" HEIGHT="37" WIDTH="114" VPOS="2506" HPOS="1050"/>
<SP HEIGHT="59" WIDTH="55" VPOS="2486" HPOS="1165"/>
<String CONTENT="Constitution," HEIGHT="72" WIDTH="444" VPOS="2486" HPOS="1221"/>
<SP HEIGHT="71" WIDTH="51" VPOS="2487" HPOS="1666"/>
<String CONTENT="by" HEIGHT="71" WIDTH="84" VPOS="2487" HPOS="1718"/>
<SP HEIGHT="72" WIDTH="52" VPOS="2486" HPOS="1803"/>
<String CONTENT="George" HEIGHT="73" WIDTH="243" VPOS="2486" HPOS="1856"/>
</TextLine>
<TextLine HEIGHT="153" WIDTH="1974" VPOS="2562" HPOS="101" STYLEREFS="StyleId-F164F316-7106-4C7E-AC3A-26C0DE85B93C-" CS="1">
<String CONTENT="Wilder" HEIGHT="60" WIDTH="242" VPOS="2563" HPOS="101"/>
<SP HEIGHT="61" WIDTH="35" VPOS="2562" HPOS="344"/>
<String CONTENT="Cartwright" HEIGHT="76" WIDTH="384" VPOS="2562" HPOS="380"/>
<SP HEIGHT="55" WIDTH="37" VPOS="2567" HPOS="765"/>
<String CS="1" CONTENT="&#8230;"/>
<SP HEIGHT="59" WIDTH="84" VPOS="2563" HPOS="865"/>
<String CONTENT="Los" HEIGHT="60" WIDTH="124" VPOS="2563" HPOS="950"/>
<SP HEIGHT="59" WIDTH="32" VPOS="2564" HPOS="1075"/>
<String CONTENT="Angeles," HEIGHT="74" WIDTH="294" VPOS="2564" HPOS="1108"/>
<SP HEIGHT="75" WIDTH="36" VPOS="2563" HPOS="1403"/>
<String CONTENT="Calif.," HEIGHT="74" WIDTH="206" VPOS="2563" HPOS="1440"/>
<SP HEIGHT="74" WIDTH="35" VPOS="2563" HPOS="1647"/>
<String CONTENT="G." HEIGHT="61" WIDTH="69" VPOS="2563" HPOS="1683"/>
<SP HEIGHT="59" WIDTH="31" VPOS="2564" HPOS="1753"/>
<String CONTENT="W." HEIGHT="59" WIDTH="97" VPOS="2564" HPOS="1785"/>
<SP HEIGHT="60" WIDTH="38" VPOS="2564" HPOS="1883"/>
<String CONTENT="Cartwright," HEIGHT="151" WIDTH="1973" VPOS="2564" HPOS="102"/>
</TextLine>
<TextLine HEIGHT="56" WIDTH="165" VPOS="2644" HPOS="379" STYLEREFS="StyleId-F164F316-7106-4C7E-AC3A-26C0DE85B93C-">
<String CONTENT="1925." HEIGHT="56" WIDTH="165" VPOS="2644" HPOS="379"/>
</TextLine>
<TextLine HEIGHT="55" WIDTH="542" VPOS="2720" HPOS="176" CS="1">
<String CONTENT="4" HEIGHT="42" WIDTH="26" VPOS="2722" HPOS="176"/>
<SP HEIGHT="52" WIDTH="24" VPOS="2722" HPOS="203"/>
<String CONTENT="p." HEIGHT="37" WIDTH="39" VPOS="2737" HPOS="228"/>
<SP HEIGHT="44" WIDTH="26" VPOS="2720" HPOS="268"/>
<String CONTENT="1," HEIGHT="54" WIDTH="42" VPOS="2720" HPOS="295"/>
<SP HEIGHT="49" WIDTH="26" VPOS="2725" HPOS="338"/>
<String CONTENT="102" HEIGHT="45" WIDTH="79" VPOS="2721" HPOS="365"/>
<SP HEIGHT="52" WIDTH="21" VPOS="2723" HPOS="445"/>
<String CONTENT="p." HEIGHT="37" WIDTH="41" VPOS="2738" HPOS="467"/>
<SP HEIGHT="41" WIDTH="62" VPOS="2725" HPOS="509"/>
<String CS="1" CONTENT="18&#189;" HEIGHT="44" WIDTH="25" VPOS="2721" HPOS="595"/>
<String STYLE="superscript" CONTENT="cm" HEIGHT="17" WIDTH="47" VPOS="2724" HPOS="656"/>
<String CONTENT="." HEIGHT="8" WIDTH="8" VPOS="2756" HPOS="710"/>
</TextLine>
<TextLine HEIGHT="46" WIDTH="1290" VPOS="2777" HPOS="178">
<String CONTENT="Published" HEIGHT="44" WIDTH="246" VPOS="2778" HPOS="178"/>
<SP HEIGHT="42" WIDTH="24" VPOS="2780" HPOS="425"/>
<String CONTENT="also" HEIGHT="45" WIDTH="95" VPOS="2777" HPOS="450"/>
<SP HEIGHT="29" WIDTH="23" VPOS="2793" HPOS="546"/>
<String CONTENT="under" HEIGHT="42" WIDTH="140" VPOS="2780" HPOS="570"/>
<SP HEIGHT="35" WIDTH="25" VPOS="2786" HPOS="711"/>
<String CONTENT="title:" HEIGHT="44" WIDTH="123" VPOS="2778" HPOS="737"/>
<SP HEIGHT="45" WIDTH="27" VPOS="2777" HPOS="861"/>
<String CONTENT="The" HEIGHT="45" WIDTH="98" VPOS="2777" HPOS="889"/>
<SP HEIGHT="28" WIDTH="23" VPOS="2794" HPOS="988"/>
<String CONTENT="voice" HEIGHT="45" WIDTH="125" VPOS="2778" HPOS="1012"/>
<SP HEIGHT="28" WIDTH="25" VPOS="2794" HPOS="1138"/>
<String CONTENT="of" HEIGHT="44" WIDTH="52" VPOS="2778" HPOS="1164"/>
<SP HEIGHT="43" WIDTH="22" VPOS="2778" HPOS="1217"/>
<String CONTENT="America." HEIGHT="45" WIDTH="228" VPOS="2777" HPOS="1240"/>
</TextLine>
<TextLine HEIGHT="55" WIDTH="1994" VPOS="2832" HPOS="107">
<String CONTENT="&#169;" HEIGHT="54" WIDTH="54" VPOS="2832" HPOS="107"/>
<SP HEIGHT="54" WIDTH="26" VPOS="2832" HPOS="162"/>
<String CONTENT="July" HEIGHT="52" WIDTH="107" VPOS="2834" HPOS="189"/>
<SP HEIGHT="51" WIDTH="24" VPOS="2835" HPOS="297"/>
<String CONTENT="30," HEIGHT="53" WIDTH="67" VPOS="2834" HPOS="322"/>
<SP HEIGHT="52" WIDTH="30" VPOS="2835" HPOS="390"/>
<String CONTENT="1925;" HEIGHT="53" WIDTH="130" VPOS="2832" HPOS="421"/>
<SP HEIGHT="51" WIDTH="27" VPOS="2834" HPOS="552"/>
<String CONTENT="2c." HEIGHT="43" WIDTH="65" VPOS="2834" HPOS="580"/>
<SP HEIGHT="28" WIDTH="28" VPOS="2849" HPOS="646"/>
<String CONTENT="and" HEIGHT="42" WIDTH="86" VPOS="2836" HPOS="675"/>
<SP HEIGHT="42" WIDTH="28" VPOS="2836" HPOS="762"/>
<String CONTENT="aff." HEIGHT="44" WIDTH="78" VPOS="2834" HPOS="791"/>
<SP HEIGHT="43" WIDTH="29" VPOS="2835" HPOS="870"/>
<String CONTENT="Aug." HEIGHT="52" WIDTH="122" VPOS="2835" HPOS="900"/>
<SP HEIGHT="42" WIDTH="30" VPOS="2836" HPOS="1023"/>
<String CONTENT="10;" HEIGHT="51" WIDTH="74" VPOS="2835" HPOS="1054"/>
<SP HEIGHT="50" WIDTH="30" VPOS="2836" HPOS="1129"/>
<!-- cceid 36065881-6DD5-1014-B757-AF09C522E301 --><String CONTENT="A" HEIGHT="42" WIDTH="43" VPOS="2836" HPOS="1160"/>
<SP HEIGHT="44" WIDTH="29" VPOS="2834" HPOS="1204"/>
<String CONTENT="861356;" HEIGHT="54" WIDTH="189" VPOS="2832" HPOS="1234"/>
<SP HEIGHT="51" WIDTH="32" VPOS="2835" HPOS="1424"/>
<String CONTENT="Rose" HEIGHT="43" WIDTH="122" VPOS="2835" HPOS="1457"/>
<SP HEIGHT="47" WIDTH="28" VPOS="2833" HPOS="1580"/>
<String CONTENT="S." HEIGHT="47" WIDTH="45" VPOS="2833" HPOS="1609"/>
<SP HEIGHT="45" WIDTH="32" VPOS="2833" HPOS="1655"/>
<String CONTENT="Cartwright," HEIGHT="54" WIDTH="294" VPOS="2833" HPOS="1688"/>
<SP HEIGHT="51" WIDTH="29" VPOS="2835" HPOS="1983"/>
<String CONTENT="Los" HEIGHT="43" WIDTH="88" VPOS="2835" HPOS="2013"/>
</TextLine>
<TextLine HEIGHT="55" WIDTH="514" VPOS="2889" HPOS="177">
<String CONTENT="Angeles" HEIGHT="53" WIDTH="199" VPOS="2890" HPOS="177"/>
<SP HEIGHT="53" WIDTH="43" VPOS="2891" HPOS="377"/>
<String CONTENT="(25-19929)" HEIGHT="55" WIDTH="270" VPOS="2889" HPOS="421"/>
</TextLine>
<TextLine HEIGHT="73" WIDTH="780" VPOS="2974" HPOS="112" STYLEREFS="StyleId-5D63E29C-F3A2-4F01-B510-5FE936A019DC-">
<String CONTENT="Colum," HEIGHT="72" WIDTH="232" VPOS="2974" HPOS="112"/>
<SP HEIGHT="70" WIDTH="34" VPOS="2976" HPOS="345"/>
<String CONTENT="Padraic," HEIGHT="72" WIDTH="287" VPOS="2975" HPOS="380"/>
<SP HEIGHT="68" WIDTH="34" VPOS="2979" HPOS="668"/>
<String CONTENT="1881-" HEIGHT="57" WIDTH="189" VPOS="2978" HPOS="703"/>
</TextLine>
<TextLine HEIGHT="137" WIDTH="1977" VPOS="3065" HPOS="107" STYLEREFS="StyleId-F164F316-7106-4C7E-AC3A-26C0DE85B93C-" CS="1">
<String CONTENT="The" HEIGHT="58" WIDTH="130" VPOS="3065" HPOS="185"/>
<SP HEIGHT="57" WIDTH="35" VPOS="3066" HPOS="316"/>
<String CONTENT="forge" HEIGHT="72" WIDTH="180" VPOS="3066" HPOS="352"/>
<SP HEIGHT="58" WIDTH="36" VPOS="3065" HPOS="533"/>
<String CONTENT="in" HEIGHT="57" WIDTH="66" VPOS="3065" HPOS="570"/>
<SP HEIGHT="53" WIDTH="33" VPOS="3070" HPOS="637"/>
<String CONTENT="the" HEIGHT="57" WIDTH="103" VPOS="3067" HPOS="671"/>
<SP HEIGHT="56" WIDTH="35" VPOS="3068" HPOS="775"/>
<String CONTENT="forest," HEIGHT="69" WIDTH="223" VPOS="3068" HPOS="811"/>
<SP HEIGHT="69" WIDTH="35" VPOS="3068" HPOS="1035"/>
<String CONTENT="by" HEIGHT="69" WIDTH="84" VPOS="3068" HPOS="1071"/>
<SP HEIGHT="70" WIDTH="33" VPOS="3067" HPOS="1156"/>
<String CONTENT="Padraic" HEIGHT="58" WIDTH="275" VPOS="3066" HPOS="1190"/>
<SP HEIGHT="59" WIDTH="38" VPOS="3066" HPOS="1466"/>
<String CONTENT="Colum;" HEIGHT="71" WIDTH="247" VPOS="3066" HPOS="1505"/>
<SP HEIGHT="49" WIDTH="39" VPOS="3088" HPOS="1753"/>
<String CONTENT="with" HEIGHT="58" WIDTH="151" VPOS="3068" HPOS="1793"/>
<SP HEIGHT="70" WIDTH="35" VPOS="3070" HPOS="1945"/>
<String CONTENT="pictures" HEIGHT="133" WIDTH="1977" VPOS="3069" HPOS="107"/>
</TextLine>
<TextLine HEIGHT="137" WIDTH="1977" VPOS="3143" HPOS="105" STYLEREFS="StyleId-F164F316-7106-4C7E-AC3A-26C0DE85B93C-" CS="1">
<String CONTENT="by" HEIGHT="72" WIDTH="83" VPOS="3144" HPOS="324"/>
<SP HEIGHT="73" WIDTH="41" VPOS="3143" HPOS="408"/>
<String CONTENT="Boris" HEIGHT="59" WIDTH="186" VPOS="3143" HPOS="450"/>
<SP HEIGHT="58" WIDTH="41" VPOS="3144" HPOS="637"/>
<String CS="1" CONTENT="Artzybasheff." HEIGHT="74" WIDTH="468" VPOS="3143" HPOS="679"/>
<SP HEIGHT="58" WIDTH="75" VPOS="3144" HPOS="1148"/>
<String CONTENT="New" HEIGHT="59" WIDTH="152" VPOS="3144" HPOS="1224"/>
<SP HEIGHT="57" WIDTH="38" VPOS="3144" HPOS="1377"/>
<String CONTENT="York," HEIGHT="72" WIDTH="191" VPOS="3144" HPOS="1416"/>
<SP HEIGHT="71" WIDTH="46" VPOS="3145" HPOS="1608"/>
<String CONTENT="The" HEIGHT="58" WIDTH="129" VPOS="3145" HPOS="1655"/>
<SP HEIGHT="58" WIDTH="44" VPOS="3145" HPOS="1785"/>
<String CONTENT="Macmillan" HEIGHT="135" WIDTH="1977" VPOS="3145" HPOS="105"/>
</TextLine>
<TextLine HEIGHT="71" WIDTH="305" VPOS="3223" HPOS="241" STYLEREFS="StyleId-F164F316-7106-4C7E-AC3A-26C0DE85B93C-">
<String CONTENT="co.," HEIGHT="52" WIDTH="106" VPOS="3242" HPOS="241"/>
<SP HEIGHT="68" WIDTH="32" VPOS="3226" HPOS="348"/>
<String CONTENT="1925." HEIGHT="58" WIDTH="165" VPOS="3223" HPOS="381"/>
</TextLine>
<TextLine HEIGHT="53" WIDTH="656" VPOS="3299" HPOS="180" CS="1">
<String CONTENT="148" HEIGHT="44" WIDTH="78" VPOS="3300" HPOS="180"/>
<SP HEIGHT="52" WIDTH="32" VPOS="3300" HPOS="259"/>
<String CONTENT="p." HEIGHT="38" WIDTH="39" VPOS="3314" HPOS="292"/>
<SP HEIGHT="28" WIDTH="59" VPOS="3315" HPOS="332"/>
<String CONTENT="col." HEIGHT="45" WIDTH="82" VPOS="3299" HPOS="392"/>
<SP HEIGHT="43" WIDTH="36" VPOS="3300" HPOS="475"/>
<String CONTENT="illus." HEIGHT="43" WIDTH="115" VPOS="3300" HPOS="512"/>
<SP HEIGHT="43" WIDTH="61" VPOS="3300" HPOS="628"/>
<String CS="1" CONTENT="19&#189;" HEIGHT="44" WIDTH="50" VPOS="3300" HPOS="690"/>
<String STYLE="superscript" CONTENT="cm" HEIGHT="18" WIDTH="47" VPOS="3302" HPOS="773"/>
<String CONTENT="." HEIGHT="9" WIDTH="9" VPOS="3334" HPOS="827"/>
</TextLine>
<TextLine HEIGHT="55" WIDTH="1597" VPOS="3354" HPOS="108">
<String CONTENT="&#169;" HEIGHT="53" WIDTH="52" VPOS="3355" HPOS="108"/>
<SP HEIGHT="53" WIDTH="26" VPOS="3355" HPOS="161"/>
<String CONTENT="Oct." HEIGHT="44" WIDTH="100" VPOS="3357" HPOS="188"/>
<SP HEIGHT="44" WIDTH="25" VPOS="3356" HPOS="289"/>
<String CONTENT="6," HEIGHT="52" WIDTH="39" VPOS="3356" HPOS="315"/>
<SP HEIGHT="50" WIDTH="27" VPOS="3358" HPOS="355"/>
<String CONTENT="1925;" HEIGHT="54" WIDTH="129" VPOS="3354" HPOS="383"/>
<SP HEIGHT="51" WIDTH="24" VPOS="3357" HPOS="513"/>
<String CONTENT="2c." HEIGHT="43" WIDTH="66" VPOS="3357" HPOS="538"/>
<SP HEIGHT="28" WIDTH="23" VPOS="3372" HPOS="605"/>
<String CONTENT="and" HEIGHT="43" WIDTH="87" VPOS="3357" HPOS="629"/>
<SP HEIGHT="43" WIDTH="23" VPOS="3357" HPOS="717"/>
<String CONTENT="aff." HEIGHT="43" WIDTH="78" VPOS="3357" HPOS="741"/>
<SP HEIGHT="44" WIDTH="28" VPOS="3357" HPOS="820"/>
<String CONTENT="Oct." HEIGHT="44" WIDTH="101" VPOS="3357" HPOS="849"/>
<SP HEIGHT="45" WIDTH="27" VPOS="3356" HPOS="951"/>
<String CONTENT="7;" HEIGHT="53" WIDTH="49" VPOS="3356" HPOS="979"/>
<SP HEIGHT="51" WIDTH="27" VPOS="3358" HPOS="1029"/>
<!-- cceid 3606917C-6DD5-1014-B757-AF09C522E301 --><String CONTENT="A" HEIGHT="42" WIDTH="43" VPOS="3358" HPOS="1057"/>
<SP HEIGHT="44" WIDTH="23" VPOS="3356" HPOS="1101"/>
<String CONTENT="864990;" HEIGHT="52" WIDTH="191" VPOS="3356" HPOS="1125"/>
<SP HEIGHT="51" WIDTH="28" VPOS="3357" HPOS="1317"/>
<String CONTENT="Macmillan" HEIGHT="45" WIDTH="267" VPOS="3357" HPOS="1346"/>
<SP HEIGHT="29" WIDTH="25" VPOS="3373" HPOS="1614"/>
<String CONTENT="co." HEIGHT="30" WIDTH="65" VPOS="3373" HPOS="1640"/>
</TextLine>
<TextLine HEIGHT="57" WIDTH="270" VPOS="3410" HPOS="187">
<String CONTENT="(25-19861)" HEIGHT="57" WIDTH="270" VPOS="3410" HPOS="187"/>
</TextLine>
<TextLine HEIGHT="74" WIDTH="1025" VPOS="3497" HPOS="112" STYLEREFS="StyleId-5D63E29C-F3A2-4F01-B510-5FE936A019DC-">
<String CONTENT="Corliss," HEIGHT="72" WIDTH="250" VPOS="3497" HPOS="112"/>
<SP HEIGHT="70" WIDTH="35" VPOS="3499" HPOS="363"/>
<String CONTENT="John" HEIGHT="57" WIDTH="168" VPOS="3499" HPOS="399"/>
<SP HEIGHT="56" WIDTH="30" VPOS="3500" HPOS="568"/>
<String CONTENT="Blaisdell," HEIGHT="73" WIDTH="318" VPOS="3498" HPOS="599"/>
<SP HEIGHT="67" WIDTH="35" VPOS="3504" HPOS="918"/>
<String CONTENT="1877-" HEIGHT="58" WIDTH="183" VPOS="3502" HPOS="954"/>
</TextLine>
<TextLine HEIGHT="77" WIDTH="1916" VPOS="3574" HPOS="186" STYLEREFS="StyleId-F164F316-7106-4C7E-AC3A-26C0DE85B93C-">
<String CONTENT="Our" HEIGHT="60" WIDTH="130" VPOS="3574" HPOS="186"/>
<SP HEIGHT="37" WIDTH="20" VPOS="3595" HPOS="317"/>
<String CONTENT="next" HEIGHT="54" WIDTH="149" VPOS="3579" HPOS="338"/>
<SP HEIGHT="53" WIDTH="20" VPOS="3579" HPOS="488"/>
<String CONTENT="move" HEIGHT="39" WIDTH="179" VPOS="3594" HPOS="509"/>
<SP HEIGHT="57" WIDTH="22" VPOS="3576" HPOS="689"/>
<String CONTENT="in" HEIGHT="56" WIDTH="65" VPOS="3576" HPOS="712"/>
<SP HEIGHT="52" WIDTH="23" VPOS="3595" HPOS="778"/>
<String CONTENT="politics," HEIGHT="76" WIDTH="268" VPOS="3575" HPOS="802"/>
<SP HEIGHT="74" WIDTH="21" VPOS="3577" HPOS="1071"/>
<String CONTENT="by" HEIGHT="70" WIDTH="84" VPOS="3577" HPOS="1093"/>
<SP HEIGHT="67" WIDTH="24" VPOS="3580" HPOS="1178"/>
<String CONTENT="the" HEIGHT="57" WIDTH="103" VPOS="3577" HPOS="1203"/>
<SP HEIGHT="37" WIDTH="23" VPOS="3597" HPOS="1307"/>
<String CONTENT="vampires" HEIGHT="70" WIDTH="319" VPOS="3578" HPOS="1331"/>
<SP HEIGHT="38" WIDTH="26" VPOS="3598" HPOS="1651"/>
<String CONTENT="of" HEIGHT="57" WIDTH="68" VPOS="3579" HPOS="1678"/>
<SP HEIGHT="57" WIDTH="21" VPOS="3579" HPOS="1747"/>
<String CONTENT="the" HEIGHT="56" WIDTH="103" VPOS="3580" HPOS="1769"/>
<SP HEIGHT="38" WIDTH="27" VPOS="3598" HPOS="1873"/>
<String CONTENT="round" HEIGHT="57" WIDTH="201" VPOS="3580" HPOS="1901"/>
</TextLine>
<TextLine HEIGHT="137" WIDTH="1972" VPOS="3652" HPOS="107" STYLEREFS="StyleId-F164F316-7106-4C7E-AC3A-26C0DE85B93C-" CS="1">
<String CONTENT="table;" HEIGHT="70" WIDTH="196" VPOS="3653" HPOS="107"/>
<SP HEIGHT="50" WIDTH="26" VPOS="3673" HPOS="304"/>
<String CONTENT="a" HEIGHT="37" WIDTH="37" VPOS="3673" HPOS="331"/>
<SP HEIGHT="37" WIDTH="24" VPOS="3673" HPOS="369"/>
<String CONTENT="satirical" HEIGHT="58" WIDTH="281" VPOS="3652" HPOS="394"/>
<SP HEIGHT="57" WIDTH="24" VPOS="3654" HPOS="676"/>
<String CONTENT="dialogue" HEIGHT="73" WIDTH="288" VPOS="3653" HPOS="701"/>
<SP HEIGHT="38" WIDTH="27" VPOS="3673" HPOS="990"/>
<String CONTENT="on" HEIGHT="38" WIDTH="78" VPOS="3673" HPOS="1018"/>
<SP HEIGHT="54" WIDTH="24" VPOS="3657" HPOS="1097"/>
<String CONTENT="the" HEIGHT="58" WIDTH="103" VPOS="3654" HPOS="1122"/>
<SP HEIGHT="56" WIDTH="24" VPOS="3657" HPOS="1226"/>
<String CONTENT="iniquities" HEIGHT="73" WIDTH="321" VPOS="3654" HPOS="1251"/>
<SP HEIGHT="37" WIDTH="28" VPOS="3676" HPOS="1573"/>
<String CONTENT="and" HEIGHT="57" WIDTH="122" VPOS="3657" HPOS="1602"/>
<SP HEIGHT="57" WIDTH="26" VPOS="3657" HPOS="1725"/>
<String CONTENT="eccentricities" HEIGHT="133" WIDTH="1972" VPOS="3656" HPOS="107"/>
</TextLine>
<TextLine HEIGHT="72" WIDTH="1844" VPOS="3731" HPOS="256" STYLEREFS="StyleId-F164F316-7106-4C7E-AC3A-26C0DE85B93C-">
<String CONTENT="of" HEIGHT="58" WIDTH="68" VPOS="3731" HPOS="256"/>
<SP HEIGHT="57" WIDTH="27" VPOS="3731" HPOS="325"/>
<String CONTENT="our" HEIGHT="38" WIDTH="114" VPOS="3750" HPOS="353"/>
<SP HEIGHT="53" WIDTH="23" VPOS="3749" HPOS="468"/>
<String CONTENT="present" HEIGHT="68" WIDTH="257" VPOS="3734" HPOS="492"/>
<SP HEIGHT="55" WIDTH="29" VPOS="3734" HPOS="750"/>
<String CONTENT="system" HEIGHT="69" WIDTH="235" VPOS="3734" HPOS="780"/>
<SP HEIGHT="39" WIDTH="26" VPOS="3750" HPOS="1016"/>
<String CONTENT="of" HEIGHT="58" WIDTH="68" VPOS="3731" HPOS="1043"/>
<SP HEIGHT="58" WIDTH="28" VPOS="3731" HPOS="1112"/>
<String CONTENT="elections." HEIGHT="60" WIDTH="312" VPOS="3731" HPOS="1141"/>
<SP HEIGHT="58" WIDTH="66" VPOS="3733" HPOS="1454"/>
<String CONTENT="Author:" HEIGHT="59" WIDTH="281" VPOS="3733" HPOS="1521"/>
<SP HEIGHT="58" WIDTH="27" VPOS="3735" HPOS="1803"/>
<String CONTENT="John" HEIGHT="60" WIDTH="170" VPOS="3733" HPOS="1831"/>
<SP HEIGHT="58" WIDTH="25" VPOS="3734" HPOS="2002"/>
<String CONTENT="B." HEIGHT="58" WIDTH="72" VPOS="3734" HPOS="2028"/>
</TextLine>
<TextLine HEIGHT="77" WIDTH="1750" VPOS="3807" HPOS="111" STYLEREFS="StyleId-F164F316-7106-4C7E-AC3A-26C0DE85B93C-" CS="1">
<String CS="1" CONTENT="Corliss," HEIGHT="73" WIDTH="255" VPOS="3807" HPOS="111"/>
<SP HEIGHT="72" WIDTH="27" VPOS="3808" HPOS="367"/>
<String CONTENT="jr." HEIGHT="72" WIDTH="80" VPOS="3808" HPOS="395"/>
<SP HEIGHT="56" WIDTH="64" VPOS="3809" HPOS="476"/>
<String CONTENT="Detroit," HEIGHT="74" WIDTH="267" VPOS="3808" HPOS="541"/>
<SP HEIGHT="72" WIDTH="26" VPOS="3810" HPOS="809"/>
<String CONTENT="Mich.," HEIGHT="72" WIDTH="205" VPOS="3809" HPOS="836"/>
<SP HEIGHT="71" WIDTH="27" VPOS="3810" HPOS="1042"/>
<String CONTENT="J." HEIGHT="58" WIDTH="60" VPOS="3810" HPOS="1070"/>
<SP HEIGHT="56" WIDTH="24" VPOS="3809" HPOS="1131"/>
<String CONTENT="B." HEIGHT="57" WIDTH="71" VPOS="3809" HPOS="1156"/>
<SP HEIGHT="60" WIDTH="31" VPOS="3808" HPOS="1228"/>
<String CONTENT="Corliss," HEIGHT="76" WIDTH="257" VPOS="3808" HPOS="1260"/>
<SP HEIGHT="73" WIDTH="24" VPOS="3811" HPOS="1518"/>
<String CONTENT="jr.," HEIGHT="73" WIDTH="101" VPOS="3811" HPOS="1543"/>
<SP HEIGHT="62" WIDTH="24" VPOS="3822" HPOS="1645"/>
<String STYLE="superscript" CONTENT="c" HEIGHT="23" WIDTH="20" VPOS="3822" HPOS="1670"/>
<String CONTENT="1925." HEIGHT="55" WIDTH="167" VPOS="3814" HPOS="1694"/>
</TextLine>
<TextLine HEIGHT="53" WIDTH="305" VPOS="3886" HPOS="177">
<String CONTENT="87" HEIGHT="46" WIDTH="56" VPOS="3886" HPOS="177"/>
<SP HEIGHT="53" WIDTH="25" VPOS="3886" HPOS="234"/>
<String CONTENT="p." HEIGHT="37" WIDTH="40" VPOS="3902" HPOS="260"/>
<SP HEIGHT="42" WIDTH="62" VPOS="3889" HPOS="301"/>
<String CONTENT="19" HEIGHT="43" WIDTH="50" VPOS="3889" HPOS="364"/>
<String STYLE="superscript" CONTENT="cm" HEIGHT="18" WIDTH="47" VPOS="3889" HPOS="420"/>
<String CONTENT="." HEIGHT="7" WIDTH="8" VPOS="3923" HPOS="474"/>
</TextLine>
<TextLine HEIGHT="59" WIDTH="1798" VPOS="3940" HPOS="111">
<String CONTENT="&#169;" HEIGHT="54" WIDTH="54" VPOS="3941" HPOS="111"/>
<SP HEIGHT="54" WIDTH="26" VPOS="3941" HPOS="166"/>
<String CONTENT="Aug." HEIGHT="52" WIDTH="121" VPOS="3944" HPOS="193"/>
<SP HEIGHT="44" WIDTH="28" VPOS="3943" HPOS="315"/>
<String CONTENT="25," HEIGHT="50" WIDTH="66" VPOS="3940" HPOS="344"/>
<SP HEIGHT="45" WIDTH="34" VPOS="3945" HPOS="411"/>
<String CONTENT="1925;" HEIGHT="53" WIDTH="129" VPOS="3941" HPOS="446"/>
<SP HEIGHT="51" WIDTH="30" VPOS="3943" HPOS="576"/>
<String CONTENT="2c." HEIGHT="43" WIDTH="65" VPOS="3943" HPOS="607"/>
<SP HEIGHT="29" WIDTH="29" VPOS="3958" HPOS="673"/>
<String CONTENT="and" HEIGHT="44" WIDTH="87" VPOS="3943" HPOS="703"/>
<SP HEIGHT="44" WIDTH="29" VPOS="3943" HPOS="791"/>
<String CONTENT="aff." HEIGHT="44" WIDTH="79" VPOS="3943" HPOS="821"/>
<SP HEIGHT="46" WIDTH="34" VPOS="3942" HPOS="901"/>
<String CONTENT="Sept." HEIGHT="54" WIDTH="121" VPOS="3942" HPOS="936"/>
<SP HEIGHT="44" WIDTH="28" VPOS="3943" HPOS="1058"/>
<String CONTENT="2;" HEIGHT="53" WIDTH="52" VPOS="3943" HPOS="1087"/>
<SP HEIGHT="51" WIDTH="32" VPOS="3945" HPOS="1140"/>
<!-- cceid 3606C7FB-6DD5-1014-B757-AF09C522E301 --><String CONTENT="A" HEIGHT="42" WIDTH="43" VPOS="3945" HPOS="1173"/>
<SP HEIGHT="45" WIDTH="29" VPOS="3945" HPOS="1217"/>
<String CONTENT="864434;" HEIGHT="53" WIDTH="189" VPOS="3944" HPOS="1247"/>
<SP HEIGHT="52" WIDTH="32" VPOS="3946" HPOS="1437"/>
<String CONTENT="J." HEIGHT="52" WIDTH="40" VPOS="3946" HPOS="1470"/>
<SP HEIGHT="43" WIDTH="33" VPOS="3946" HPOS="1511"/>
<String CONTENT="B." HEIGHT="44" WIDTH="51" VPOS="3946" HPOS="1545"/>
<SP HEIGHT="48" WIDTH="34" VPOS="3946" HPOS="1597"/>
<String CONTENT="Corliss," HEIGHT="53" WIDTH="187" VPOS="3945" HPOS="1632"/>
<SP HEIGHT="53" WIDTH="30" VPOS="3946" HPOS="1820"/>
<String CONTENT="jr." HEIGHT="53" WIDTH="58" VPOS="3946" HPOS="1851"/>
</TextLine>
<TextLine HEIGHT="55" WIDTH="270" VPOS="3998" HPOS="190">
<String CONTENT="(25-19926)" HEIGHT="55" WIDTH="270" VPOS="3998" HPOS="190"/>
</TextLine>
</TextBlock>
</PrintSpace>
</Page>
</Layout>
</alto>