2533 4412
1271 4092 110 56 140

323 421 236 72 Pattee,
596 418 195 59 Alida
828 420 293 57 Frances.

400 510 319 57 Practical
749 510 307 72 dietetics,
1086 511 153 56 with
1268 511 323 58 reference
1620 515 64 54 to
1716 512 129 57 diet
1873 511 67 57 in
1967 512 215 58 health
2213 514 124 56 and

323 588 2013 72 disease, by Alida Frances Pattee … 15th ed. Mount
322 666 275 73 Vernon,
628 666 74 57 N.
733 666 95 71 Y.,
854 666 75 57 A.
961 666 69 57 F.
1062 668 243 68 Pattee,
1335 668 166 55 1925.

395 756 997 55 3 p. l., v-xiii, 687, [6] p. illus. 19½ cm .
397 828 300 54 Advertising
727 835 167 37 matter:
952 842 42 40 p.
1026 826 206 45 647-687.

395 886 151 43 Blank
572 901 136 38 pages
739 886 74 44 for
842 886 203 44 “Notes”
1084 885 81 54 ([6]
1198 893 46 37 at
1274 885 110 53 end)

324 942 53 55 ©
406 944 106 44 Feb.
544 947 63 49 11,
638 943 131 53 1925;
799 945 65 42 2c.
893 945 87 42 and
1005 946 80 41 aff.
1114 942 106 46 Feb.
1254 944 73 52 14;
1357 944 46 42 A
1430 942 190 54 823079;
1651 944 57 42 A.
1738 944 50 44 F.
1819 945 175 52 Pattee,
2023 946 164 42 Mount
394 946 1919 108 Vernon,
528 1001 60 43 N.
620 1001 55 43 Y.
741 999 66 54 [©
839 1016 98 28 new
968 1001 188 51 recipes,
1186 1015 100 29 new
1317 1000 129 53 diets]
1518 999 245 56 (25-4975)

404 1102 339 56 Teacher’s
798 1101 258 57 dietetic
1106 1100 185 73 guide
1345 1101 363 73 containing
1761 1101 103 57 the
1919 1103 149 56 1925
324 1104 1988 133 standard
494 1178 378 58 curriculum
927 1181 165 55 state

1145 1179 201 56 board
1398 1178 457 72 requirements
1909 1179 66 58 in
2029 1178 307 74 dietetics,

323 1256 1991 152 and state board examination questions … Mount Vernon, N. Y.,
726 1335 75 57 A.
835 1335 69 56 F.
937 1335 243 69 Pattee,
1213 1335 166 60 1925.

400 1411 522 56 1 p. l ., 156 p. 19 cm .
398 1471 74 45 On
500 1486 162 29 cover:
692 1470 71 45 To
791 1485 276 38 accompany
1095 1470 200 45 Pattee’s
1326 1470 227 45 Practical
1581 1471 217 45 dietetics.

397 1527 152 45 Blank
574 1543 137 38 pages
743 1528 75 43 for
848 1527 202 45 “Notes”
1087 1527 246 54 (151-156)

325 1584 54 54 ©
404 1586 108 44 Feb.
543 1588 63 49 11,
636 1585 130 53 1925;
794 1587 64 42 2c.
885 1588 87 42 and
998 1588 79 42 aff.
1106 1586 106 44 Feb.
1244 1587 74 51 14;
1345 1587 43 42 A
1417 1585 164 45 823078;
1638 1587 57 44 A.
1724 1585 51 45 F.
1806 1588 172 43 Pattee.

405 1641 245 56 (25-4975)

325 1741 230 75 Pelley,
594 1740 286 61 William
914 1742 265 74 Dudley,
1220 1745 190 58 1885-

400 1833 208 73 Drag;
649 1853 36 38 a
725 1834 275 72 comedy,
1039 1835 85 71 by
1158 1833 282 59 William
1478 1834 248 72 Dudley
1764 1834 232 73 Pelley.
2075 1834 260 73 Boston,

322 1912 210 73 Little,
562 1912 248 72 Brown,
843 1913 124 57 and
996 1931 325 53 company,
1353 1913 166 57 1925.

398 1991 94 54 viii,
523 1991 83 46 359
633 2007 39 39 p.
737 1993 147 45 19½cm.
1001 1990 125 55 $2.00

326 2046 53 55 ©
408 2049 106 44 Feb.
547 2050 61 51 18,
641 2048 129 53 1925;
799 2050 66 42 2c.
894 2049 86 43 and
1010 2051 79 41 aff.
1119 2048 108 45 Feb.
1252 2050 79 51 21;
1363 2049 43 42 A
1435 2049 190 51 823144;
1657 2050 74 43 W.
1763 2050 56 42 D.
1851 2049 169 53 Pelley,
2053 2048 284 55 Newburgh,

397 2107 60 43 N.
493 2107 56 43 Y.
619 2104 244 56 (25-4857)

326 2205 359 74 Phillpotts,
725 2206 194 72 Eden,
961 2209 191 56 1862-

400 2297 60 56 A
483 2297 174 58 voice
687 2297 170 57 from
882 2297 103 57 the
1015 2297 175 72 dark,
1217 2298 84 71 by
1326 2297 181 57 Eden
1535 2297 361 72 Phillpotts.
1967 2298 152 58 New
2144 2298 190 73 York,

326 2376 131 58 The
485 2375 362 58 Macmillan
876 2394 325 54 company,
1231 2376 165 56 1925.

400 2454 614 54 4 p. l., 3-320 p. 19½ cm .
327 2510 53 55 ©
407 2511 106 45 Feb.
539 2512 65 50 24,
636 2510 103 45 1925;
793 2512 65 42 2c.
886 2513 87 42 and
999 2513 79 41 aff.
1106 2510 109 44 Feb.
1242 2510 78 53 25;
1350 2512 41 41 A
1420 2509 191 54 823159;
1646 2511 263 43 Macmillan
1940 2526 65 29 co.

406 2568 244 56 (25-4860)

326 2668 171 72 Pike,
540 2668 240 73 Albert,
823 2670 361 57 1809-1891.

411 2763 129 57 The
570 2763 296 72 meaning
899 2764 68 56 of
995 2780 300 54 masonry;
1359 2761 186 74 being
1577 2764 103 56 the
1713 2761 141 61 first
1884 2764 139 57 half
2055 2766 68 56 of
2156 2785 37 38 a
334 2765 1981 135 lecture
514 2841 319 59 delivered

870 2841 219 59 before
1129 2841 104 58 the
1274 2840 220 59 Grand
1530 2842 183 71 lodge
1752 2843 67 56 of
1856 2841 362 74 Louisiana,
2257 2843 82 72 by

333 2923 271 69 request,
652 2918 65 59 in
765 2919 168 72 1858,
982 2921 84 70 by
1111 2918 224 59 Albert
1382 2916 172 60 Pike.
1636 2917 440 76 Washington,
2125 2921 74 57 D.
2253 2920 85 73 C.,

333 3001 131 56 The
514 2997 286 59 Masonic
848 2996 238 60 service
1136 2995 383 59 association
1569 2999 67 57 of
1684 2998 103 57 the
1837 2997 236 59 United
2125 3000 212 58 States

346 3079 174 55 [ c 1924]
397 3153 1619 57 xvii p., 1 l., 66 p. 16 cm . (Little masonic library, [no. 17])
402 3210 1934 54 “This famous address … had the … title: ‘The evil consequences of schisms
331 3272 90 47 and
454 3271 201 54 disputes
691 3269 78 44 for
802 3283 157 38 power
991 3269 47 43 in
1073 3282 230 39 masonry,
1338 3270 87 44 and
1459 3268 51 46 of
1542 3267 246 54 jealousies
1825 3268 88 46 and
1948 3269 278 49 dissensions
331 3274 1986 101 between

506 3327 205 46 masonic
741 3325 353 46 rites’.”—Pref.

329 3385 54 54 ©
411 3387 110 42 Dec.
549 3386 40 49 8,
621 3383 129 50 1924;
781 3382 66 42 2c.
879 3382 108 42 Dec.
1017 3381 52 43 23;
1126 3381 78 42 aff.
1235 3380 102 52 Jan,
1369 3380 63 50 13,
1465 3377 130 54 1925;
1627 3380 44 42 A
1701 3379 189 53 815579;
1927 3382 207 44 Masonic
2165 3383 173 46 service

399 3457 118 29 assn.
547 3440 50 45 of
625 3440 75 44 the
730 3439 171 44 United
935 3436 164 47 States.
1165 3434 66 54 [©
1264 3437 304 42 introduction
1599 3436 58 52 by
1689 3436 169 53 Joseph
1891 3437 111 44 Fort
2036 3439 211 53 Newton]

409 3496 243 57 (25-4585)

328 3600 241 69 Porter,
609 3592 259 62 Charles
907 3592 296 73 Sanford,
1245 3595 190 57 1862-

408 3690 156 56 Milk
598 3687 129 59 diet
764 3706 67 38 as
869 3705 36 38 a
939 3686 257 68 remedy
1228 3685 106 56 for
1368 3684 252 57 chronic
1654 3684 264 64 disease,
1954 3688 84 68 by
2075 3687 261 62 Charles

333 3767 281 61 Sanford
643 3767 247 70 Porter,
982 3811 10 10 M.
1066 3812 12 11 D.
1148 3763 144 57 12th
1323 3763 91 57 ed.
1485 3762 231 71 Palms,
1750 3760 205 76 Calif.,
1991 3763 63 61 C.
2090 3766 62 60 S.
332 3767 1981 151 Porter,

481 3847 165 56 1925.

402 3918 652 59 2 p. l., [7]-201 p. 19½cm .
331 3981 53 53 ©
419 3984 98 51 Jan.
554 3981 66 51 20,
658 3978 130 51 1925;
823 3979 64 42 2c.
923 3978 86 42 and
1042 3977 78 42 aff.
1157 3976 106 43 Feb.
1304 3975 72 52 16;
1414 3976 43 41 A
1493 3973 187 53 822052;
1720 3974 49 45 C.
1810 3975 43 46 S.
1892 3978 177 44 Porter.
2147 3977 53 54 [©
2235 3995 98 30 new

401 4046 165 35 matter]
653 4033 244 53 (25-4977)
