2533 4412
1059 4070 111 56 569

122 444 220 69 Baker,
382 446 212 57 James
633 445 295 71 William,
970 448 188 57 1873-

197 535 147 58 20th
383 540 261 67 century
687 536 426 73 bookkeeping
1157 536 123 58 and
1323 535 399 71 accounting;
1770 555 35 36 a
1849 534 260 59 treatise

120 633 78 37 on
225 615 103 56 the
357 613 340 73 principles
729 615 67 56 of
826 613 369 72 accounting
1225 615 122 57 and
1376 611 429 73 bookkeeping
1835 611 275 73 practice

121 690 252 72 applied
412 692 83 70 by
532 693 261 55 modern
830 692 422 71 bookkeepers
1293 691 124 57 and
1459 692 424 56 accountants.
1967 691 141 57 15th

121 770 90 55 ed.
255 768 135 70 (7th
420 768 312 74 printing)
775 769 103 57 for
909 789 112 38 use
1053 769 65 56 in
1152 769 81 56 all
1268 768 242 57 schools
1544 768 138 57 that
1715 769 180 56 teach
117 768 1970 150 book-keeping

119 844 1924 151 and accounting, by James W. Baker … Cincinnati,
400 923 269 73 Chicago
700 929 145 68 [etc.]
878 924 494 59 South-western
1398 923 362 73 publishing
1786 943 86 37 co.
1904 952 14 43 [
1921 931 18 22 c
1943 924 164 72 1925]

187 1001 82 44 384
292 1016 41 37 p.
393 1000 116 44 illus.
538 1001 127 53 (incl.
695 1002 175 53 forms)
908 1001 170 55 diagrs.
1137 1003 55 43 24½
1227 1004 46 17 cm
1279 1037 8 8 .
1396 1001 125 54 $1.48

119 1056 52 53 ©
209 1059 111 51 May
357 1059 33 50 1,
430 1056 129 54 1925;
594 1059 64 42 2c.
693 1060 87 42 and
815 1061 79 41 aff.
932 1061 112 51 May
1076 1059 78 51 20;
1194 1060 42 42 A
1272 1058 189 53 855308;
1503 1057 364 47 South-western
1902 1058 101 51 pub.
2040 1073 65 27 co.

191 1112 65 56 [©
283 1129 98 28 new
411 1114 295 44 illustrations
734 1116 86 42 and
849 1116 246 43 additional
1123 1116 176 52 printed
1328 1123 178 46 matter]
1578 1113 270 55 (25-10114)

118 1198 1030 73 Be ll , William Hansell, 1883-
193 1290 1916 73 Accountants’ reports, by William H. Bell … 2d ed.,
121 1387 124 37 rev.
294 1369 124 55 and
461 1369 114 57 enl.
677 1369 151 57 New
872 1370 190 70 York,
1112 1370 127 56 The
1287 1369 245 59 Ronald
1579 1387 181 54 press
1807 1387 304 53 company

119 1475 12 43 [
135 1453 18 23 c
156 1446 164 73 1925]

186 1523 63 52 xi,
278 1524 80 43 386
388 1539 38 36 p.
487 1522 183 55 diagrs.,
704 1524 151 43 forms
881 1525 47 52 (1
966 1524 140 52 fold.)
1173 1525 54 42 22
1235 1527 14 17 cm
1286 1560 9 8 .

115 1578 56 54 ©
206 1581 110 51 May
354 1581 62 51 19,
453 1578 105 45 1925;
618 1580 65 43 2c.
722 1582 110 51 May
863 1582 52 41 21;
981 1582 78 42 aff.
1098 1583 110 50 May
1241 1582 52 43 23;
1357 1582 42 42 A
1434 1579 162 49 855351;
1664 1581 177 44 Ronald
1876 1595 126 38 press
2038 1597 66 27 co.

190 1634 65 55 [©
284 1637 195 43 revision
507 1637 50 43 of
581 1636 74 44 old
683 1645 165 35 matter
872 1639 90 42 and
988 1639 143 43 added
1159 1646 98 35 text
1286 1646 165 35 matter
1477 1639 86 42 and
1592 1638 156 53 tables]
195 1691 269 55 (25-10214)

119 1778 619 72 Bigelow-Hartford
774 1783 214 68 carpet
1026 1795 321 57 company.

195 1857 59 56 A
280 1860 261 69 century
568 1860 67 56 of
664 1861 214 69 carpet
910 1861 133 56 and
1060 1879 121 52 rug
1203 1859 254 73 making
1482 1862 65 55 in
1576 1857 310 58 America.
1957 1859 151 56 New

119 1936 190 67 York,
341 1936 621 72 Bigelow-Hartford
995 1941 216 66 carpet
1244 1955 305 53 company
1585 1966 13 43 [
1599 1943 18 22 c
1622 1937 164 71 1925]

190 2015 26 44 6
240 2031 39 34 p.
337 2053 8 13 l.,
373 2013 52 47 97
452 2030 39 36 p.
552 2015 127 49 illus.,
707 2013 153 52 plates,
888 2024 154 40 ports.,
1068 2015 144 50 diagr.
1272 2016 54 45 28
1332 2018 46 17 cm
1385 2055 7 6 .

192 2071 191 47 “Edited
411 2074 59 47 by
496 2071 264 45 Alexander
788 2072 59 45 N.
878 2071 172 45 Cook.”

118 2123 52 53 ©
201 2126 111 51 Apr.
349 2124 63 52 15,
449 2124 129 52 1925;
611 2125 64 42 2c.
711 2126 111 50 May
855 2123 77 53 25;
969 2125 79 43 aff.
1083 2125 112 51 May
1228 2125 77 51 23;
1341 2126 43 41 A
1420 2124 162 44 829378;
1648 2125 459 53 Bigelow-Hartford

187 2189 152 44 carpet
377 2196 64 28 co.
511 2179 269 56 (25-10283)

119 2265 420 74 Bourgonjon,
579 2266 168 58 Leon
783 2267 243 59 Gérard
1064 2265 216 58 Emile.

197 2344 192 70 Food,
435 2344 84 57 its
570 2343 294 59 selection
913 2344 123 57 and
1080 2343 443 73 preparation;
1573 2345 370 58 theoretical
1990 2348 123 56 and

117 2420 303 72 practical
452 2421 305 71 dietetics,
788 2423 83 69 by
904 2423 143 56 Drs.
1084 2423 169 56 Leon
1288 2425 123 55 and
1448 2421 304 59 Mathilde
115 2422 1967 147 Bourgonjon.

322 2499 125 56 Los
473 2499 294 71 Angeles,
795 2499 109 57 Dr.
932 2500 70 56 L.
1030 2499 412 72 Bourgonjon
1474 2528 14 44 [
1490 2507 19 23 c
1512 2500 165 72 1925]

187 2577 49 44 71
265 2591 41 38 p.
364 2577 24 42 21½
453 2578 46 17 cm
505 2611 9 9 .

118 2632 52 53 ©
197 2634 110 51 Apr.
339 2635 32 48 1,
404 2632 103 45 1925;
560 2635 64 42 2c.
652 2635 112 51 Apr.
796 2632 74 54 17;
899 2635 78 42 aff.
1007 2635 112 51 Apr.
1146 2634 78 53 20;
1254 2636 43 41 A
1326 2632 189 55 855175;
1549 2635 48 43 L.
1630 2634 51 45 G.
1711 2634 52 48 E.
1794 2636 311 52 Bourgonjon.

196 2689 268 55 (25-10210)

118 2773 355 74 Browning,
512 2774 286 59 Webster
836 2776 69 56 E.

192 2849 152 59 New
375 2852 155 70 days
561 2852 66 55 in
657 2851 188 57 Latin
876 2851 312 63 America,
1219 2853 85 70 by
1332 2853 295 57 Webster
1657 2854 73 56 E.
1765 2854 341 73 Browning

185 2928 1918 76 … introduction by William F. Oldham … New York,
118 3005 384 72 Missionary
527 3007 327 56 education
878 3011 352 53 movement
1257 3007 67 57 of
1350 3008 104 56 the
1477 3007 237 58 United
1742 3008 211 59 States
1982 3011 122 57 and

119 3082 255 59 Canada
408 3113 11 42 [
423 3092 18 22 c
445 3085 162 71 1925]

197 3162 992 55 3 p. l., [9]-226 p. plates, port. 19½cm .
194 3220 111 51 Map
331 3234 58 28 on
415 3219 312 53 lining-paper.

198 3274 326 52 Bibliography:
580 3290 39 37 p.
648 3276 203 43 214-219.

118 3329 52 53 ©
208 3331 111 51 Apr.
360 3330 60 50 16,
463 3329 127 52 1925;
629 3332 65 41 2c.
731 3332 87 43 and
855 3332 77 42 aff.
974 3332 111 51 May
1122 3332 78 51 22;
1240 3332 43 41 A
1321 3329 190 54 855326;
1553 3332 279 54 Missionary
1870 3333 236 45 education

188 3394 255 35 movement
470 3387 49 42 of
546 3387 77 43 the
650 3388 58 43 U.
741 3386 43 47 S.
814 3388 87 43 and
931 3386 194 45 Canada.
1195 3385 269 56 (25-10186)

121 3469 230 72 Canby,
394 3471 218 71 Henry
650 3470 224 72 Seidel,
916 3473 189 57 1878-

196 3547 1909 77 Good English … bk. 1. The mechanics of composition.
115 3623 98 72 By
242 3625 223 68 Henry
495 3625 209 58 Seidel
736 3625 217 73 Canby
984 3628 123 55 and
1138 3626 169 57 John
1338 3626 211 57 Baker
1580 3628 322 73 Opdycke;
118 3631 1964 128 illustrations

413 3703 83 70 by
521 3702 192 58 Maud
741 3706 121 55 and
890 3703 205 57 Miska
1123 3703 387 57 Petersham.
1579 3705 153 57 New
1756 3707 189 73 York,
1978 3709 129 57 The

118 3779 358 57 Macmillan
506 3800 319 54 company,
859 3783 166 56 1925.

250 3856 1435 54 xv p., 1 l., 596 p. illus. (incl. forms) col. plates. 20½ cm .
117 3909 54 54 ©
206 3913 111 52 May
354 3911 37 52 5,
430 3912 103 44 1925;
594 3914 63 42 2c.
694 3915 111 51 May
840 3914 26 43 6;
928 3915 78 42 aff.
1043 3914 111 50 May
1190 3913 49 42 21;
1306 3915 43 41 A
1383 3913 164 47 855335;
1611 3917 265 45 Macmillan
1912 3934 65 28 co.
2041 3919 65 53 [©

186 3983 98 29 new
318 3969 87 43 and
439 3969 173 43 revised
646 3970 220 53 material]
941 3967 269 56 (25-10077)
