2533 4412
1088 4082 148 55 1315

166 429 185 69 Moss,
383 424 310 73 Geoffrey.

240 505 315 69 Whipped
593 521 220 38 cream.
901 502 209 73 [chap.]
1150 497 33 61 9
1232 500 403 72 (contd.)–13.

237 582 79 50 (In
344 583 196 40 Woman
568 580 256 51 magazine,
858 580 109 50 Oct.,
1002 579 128 50 1925)

164 632 1994 56 © 1c. Nov. 11, 1925; A ad int. 7414; pubd. Sept. 16; George H. Doran co.,
234 693 116 43 New
385 692 142 43 York.

165 777 211 71 Munn,
411 778 151 55 Mrs.
601 776 325 70 Margaret
969 774 298 73 (Crosby)

238 853 284 73 Homage
558 852 123 58 and
709 851 223 72 vision,
965 851 83 72 by
1081 851 328 73 Margaret
1443 850 243 74 Crosby
1717 851 214 58 Munn.
2005 851 151 58 New

160 931 187 73 York,
384 932 67 56 T.
488 931 256 72 Seltzer,
778 931 167 56 1925.

229 1009 81 53 xii,
340 1009 78 46 136
445 1025 39 37 p.
549 1010 145 43 19½cm.

234 1068 177 44 Poems.

162 1121 52 54 ©
249 1124 100 43 Oct.
381 1123 65 51 30,
481 1121 127 52 1925;
641 1122 63 42 2c.
737 1122 117 42 Nov.
887 1122 49 50 2;
972 1121 78 43 aff.
1084 1122 118 42 Nov.
1236 1119 47 53 5;
1319 1121 43 41 A
1395 1120 188 52 872294;
1618 1120 201 44 Thomas
1855 1120 187 52 Seltzer,
2076 1122 81 41 inc.

241 1177 269 56 (25-22487)

165 1265 206 57 Naval
401 1265 341 68 ordnance;
776 1283 40 37 a
843 1264 319 57 text-book
1191 1265 317 70 prepared
1539 1264 107 57 for
1676 1264 102 58 the
1812 1282 111 41 use
1956 1266 69 56 of
2056 1266 102 57 the

239 1343 417 72 midshipmen
699 1343 67 58 of
808 1344 102 57 the
951 1342 236 59 United
1232 1342 212 59 States
1485 1343 190 57 naval
1718 1344 314 72 academy,
2078 1345 77 71 by

240 1420 233 61 officers
497 1422 68 58 of
587 1422 104 58 the
715 1419 238 61 United
976 1420 213 60 States
1211 1438 183 54 navy.
1462 1421 369 73 Annapolis,
1856 1422 147 71 Md.,
2029 1423 128 56 The

239 1500 235 58 United
501 1500 213 58 States
742 1501 188 55 naval
957 1497 308 72 institute,
1294 1499 165 57 1925.

230 1578 95 49 xiv,
354 1577 77 45 641
464 1591 40 36 p.
564 1576 133 51 illus.,
733 1573 114 48 fold,
879 1576 143 49 plates
1049 1576 47 50 (1
1124 1577 116 49 col.)
1280 1575 169 52 diagrs.
1476 1575 128 52 (part
1635 1575 139 53 fold.)
1839 1576 152 45 23½cm.

234 1635 126 44 “The
399 1634 133 45 work
571 1634 53 45 of
667 1633 290 50 supervising
994 1633 89 43 this
1125 1630 197 47 revision
1360 1634 81 43 has
1482 1635 108 43 been
1633 1634 117 45 done
1788 1635 59 49 by
1889 1633 268 45 Lieutenant

165 1690 302 44 Commander
492 1691 40 48 J.
562 1690 51 42 B.
642 1686 393 46 Rutter.”—Pref.

164 1742 52 53 ©
247 1744 101 44 Oct.
379 1744 66 49 31,
479 1740 129 53 1925;
638 1742 64 42 2c.
734 1742 118 43 Nov.
884 1741 48 51 6;
966 1741 78 42 aff.
1077 1741 118 42 Nov.
1226 1742 50 50 4;
1310 1741 44 42 A
1384 1740 189 52 869901;
1607 1743 59 42 U.
1702 1741 43 46 S.
1777 1743 131 43 naval
1943 1744 214 43 institute.

241 1798 269 56 (25-22576)

164 1884 275 58 Number
470 1886 174 56 three
677 1884 128 71 Joy
836 1886 196 55 street;
1098 1902 35 37 a
1166 1884 247 71 medley
1443 1884 69 57 of
1541 1902 189 54 prose
1761 1884 49 58 &
1841 1904 180 40 verse
2057 1886 104 58 for

241 1962 153 70 boys
427 1961 124 57 and
581 1960 175 72 girls,
788 1960 84 71 by
899 1960 244 57 Walter
1174 1960 93 56 De
1300 1960 94 56 La
1424 1959 196 73 Mare,
1656 1959 69 60 G.
1758 1961 83 57 K.
242 1961 1898 151 Chesterton,

409 2040 75 56 A.
526 2040 74 56 A.
644 2038 211 72 Milne,
899 2038 318 57 Laurence
1257 2038 346 73 Housman,
1649 2039 308 72 Compton
241 2042 1899 148 Mackenzie,

519 2117 245 57 Hilaire
813 2116 228 72 Belloc,
1089 2115 193 73 Hugh
1332 2115 428 76 Chesterman,
1808 2119 355 58 Katharine

234 2198 239 70 Tynan,
496 2194 289 57 Maxwell
805 2192 323 73 Armfield,
1151 2193 278 57 Eleanor
1449 2195 297 73 Farjeon,
1770 2196 208 58 Mabel
241 2197 1901 147 Marlowe,

439 2273 237 71 Valery
707 2271 275 73 Carrick,
1014 2271 348 58 Madeleine
1392 2272 425 74 Nightingale,
1846 2275 141 72 Roy
244 2276 1871 147 Meldrum,

489 2352 163 56 Rose
699 2350 321 71 Fyleman.
1121 2349 152 57 New
1317 2350 191 73 York,
1555 2351 74 57 D.
1675 2351 321 73 Appleton
2043 2356 122 56 and

240 2447 323 54 company,
596 2429 167 56 1925.

236 2507 63 52 ix,
318 2507 96 50 219,
440 2509 54 50 [1]
521 2520 39 38 p.
620 2504 83 44 col.
728 2505 212 44 mounted
965 2504 153 53 front.,
1142 2504 132 51 illus.,
1298 2505 83 44 col.
1408 2506 212 44 mounted
1642 2505 156 53 plates.
1856 2507 55 45 25
1919 2511 47 18 cm
1971 2544 9 9 .

164 2564 52 53 ©
248 2566 117 42 Nov.
399 2565 61 49 10,
495 2560 128 54 1925;
655 2564 64 41 2c.
749 2564 87 41 and
864 2563 79 42 aff.
977 2563 118 42 Nov.
1132 2563 72 51 12;
1239 2563 44 42 A
1312 2562 191 53 872411;
1538 2565 56 41 D.
1627 2565 228 51 Appleton
1888 2567 38 43 &
1955 2582 65 28 co.

242 2622 270 54 (25-22991)

167 2693 218 69 Odum,
425 2691 279 57 Howard
739 2689 437 74 Washington,
1218 2693 150 56 1884–

245 2770 1847 75 Systems of public welfare, by Howard W. Odum …
167 2847 1993 75 and D. W. Willard … Chapel Hill, University of North
169 2924 297 62 Carolina
489 2944 202 54 press,
719 2925 165 59 1925.

235 3000 759 55 4 p. l., 302 p. diagrs. 20 cm .
238 3058 345 47 Contributions
621 3062 58 47 by
722 3056 288 52 Sophonisba
1048 3059 51 43 P.
1143 3057 339 52 Breckinridge,
1522 3059 208 45 Howard
1769 3062 179 51 Jensen,
1986 3065 174 51 Joseph

168 3119 162 48 Mayer
356 3119 86 42 and
471 3114 190 45 Miriam
685 3116 132 42 Ross.

167 3168 52 55 ©
249 3170 100 45 Oct.
376 3169 66 51 22,
472 3167 129 53 1925;
629 3168 64 43 2c.
723 3168 100 44 Oct.
850 3167 79 51 29;
961 3167 78 43 aff.
1069 3166 100 44 Oct.
1197 3167 78 52 28;
1305 3167 44 42 A
1379 3166 187 54 869837;
1598 3169 136 45 Univ.
1762 3170 51 45 of
1840 3173 154 43 North
238 3173 1901 97 Carolina

360 3241 139 38 press.
569 3223 270 55 (25-22511)

170 3297 221 71 Olcott,
426 3295 310 73 Virginia.

245 3376 340 71 Everyday
607 3376 182 70 plays
814 3377 104 56 for
940 3377 199 68 home,
1169 3376 207 58 school
1402 3380 124 56 and
1553 3380 383 72 settlement;
169 3383 1966 131 Flowers

311 3454 65 56 in
419 3453 103 58 the
564 3452 216 69 palace
821 3453 255 71 garden,
1121 3455 123 56 and
1286 3454 178 58 other
1505 3456 199 72 plays,
1747 3458 82 71 by
1868 3457 286 74 Virginia

170 3531 234 70 Olcott;
456 3528 251 72 designs
756 3531 104 56 for
907 3532 307 56 costumes
1261 3530 84 71 by
1390 3530 265 62 Harriet
1700 3533 188 58 Mead
1936 3535 219 59 Olcott.

169 3609 151 58 New
357 3605 190 69 York,
586 3605 201 71 Dodd,
827 3605 188 59 Mead
1054 3608 124 57 and
1218 3625 322 54 company,
1581 3610 165 57 1925.

239 3669 1395 67 8 p. l., 5-167 p. col. front., illus., col. plates. 19½ cm .
243 3739 245 47 Published
523 3740 107 45 1916
659 3742 145 43 under
832 3737 100 47 title:
993 3740 137 50 Plays
1162 3741 76 43 for
1268 3742 145 50 home,
1446 3742 153 46 school
1632 3748 87 43 and
1752 3745 267 48 settlement.

242 3792 540 46 CONTENTS.—Flowers
819 3793 43 42 in
896 3793 75 43 the
1006 3793 155 52 palace
1192 3795 182 51 garden.
1391 3821 57 5 —
1463 3795 99 46 The
1598 3799 121 44 ruler
1753 3800 50 43 of
1840 3801 74 46 the
169 3802 1995 92 forest.—Tina’s

357 3850 288 52 images.—A
680 3850 189 42 Puritan
906 3848 425 46 Christmas.—The
1365 3853 106 43 troll
1506 3854 50 43 of
1589 3855 75 44 the
1697 3856 466 46 mountains.—Little

169 3908 155 51 people
354 3906 51 45 of
435 3914 198 35 autumn.

171 3961 52 54 ©
255 3964 100 43 Oct.
385 3964 64 49 31,
486 3962 128 51 1925;
646 3963 65 42 2c.
744 3963 117 42 Nov.
892 3962 50 52 9;
975 3963 78 42 aff.
1088 3964 117 42 Nov.
1238 3964 47 51 5;
1319 3966 43 41 A
1394 3966 188 46 869941:
1618 3969 147 52 Dodd,
1799 3971 137 43 Mead
1967 3972 86 42 and
2084 3986 79 36 cc.,

242 4020 80 43 inc.
393 4018 269 56 (25-22898)
