2533 4412
1311 4054 151 57 1250

382 378 152 57 New
566 376 175 58 York
783 376 238 73 (State)
1112 378 204 73 Laws,
1350 382 288 69 statutes,
1676 382 110 52 etc.

461 470 128 56 The
624 469 432 57 consolidated
1086 469 151 56 laws
1259 468 68 57 of
1346 468 154 57 New
1516 468 190 72 York,
1730 470 358 56 annotated.
380 469 1985 135 Cumulative

608 547 413 71 supplement,
1057 548 147 55 1925
1249 546 328 72 (covering
1607 547 104 55 the
1745 546 359 72 legislation
2140 547 67 57 of
2241 549 147 55 1917

381 629 64 53 to
479 626 165 70 1925,
676 624 322 72 inclusive,
1033 625 124 56 and
1187 642 137 38 new
1354 624 310 57 decisions
1701 625 377 71 subsequent
2112 628 64 53 to
2211 625 177 57 those

382 703 354 71 appearing
772 702 68 55 in
878 702 103 56 the
1024 701 273 72 original
1338 702 433 71 annotations)
1862 702 117 57 Ed.
2022 702 82 72 by
2145 702 247 59 Harold

382 781 73 55 N.
495 780 325 71 Eldridge,
859 779 276 57 assisted
1169 779 83 71 by
1288 778 213 57 Minor
1537 779 344 72 Bronaugh
1920 781 123 56 and
2079 781 309 56 members

383 858 66 57 of
479 859 103 57 the
614 857 294 58 editorial
939 856 169 60 staff.
1181 857 372 74 Northport,
1585 857 73 57 N.
1689 857 93 74 Y.,
1814 857 278 59 Edward
381 858 1983 136 Thompson

526 953 324 55 company,
887 937 165 55 1925.

446 1014 30 42 2
502 1028 41 28 v.
602 1013 53 43 23½
692 1015 14 17 cm
745 1048 11 8 .

380 1068 53 54 ©
462 1070 102 44 Oct.
596 1071 33 49 1,
660 1067 131 54 1925;
821 1070 64 42 2c.
915 1069 111 45 each
1054 1069 108 43 Dec.
1194 1070 45 50 1;
1270 1068 78 44 aff.
1379 1069 109 43 Dec.
1515 1068 52 52 2;
1597 1069 44 42 A
1670 1067 190 54 872659;
1893 1068 201 48 Edward
2122 1069 267 53 Thompson

448 1141 67 30 co.

381 1226 309 72 Packard,
730 1226 219 57 Frank
985 1225 248 73 Lucius,
1274 1229 190 57 1877-

454 1317 253 59 Broken
757 1321 251 68 waters,
1059 1317 83 72 by
1194 1317 219 58 Frank
1464 1317 68 57 L.
1587 1318 306 57 Packard.
1997 1318 151 57 New
2200 1318 189 72 York,

380 1396 1177 75 George H. Horan company [ c 1925]
449 1476 82 44 294
562 1490 41 39 p.
691 1476 25 44 19½
752 1477 47 18 cm
806 1510 9 10 .

380 1532 53 54 ©
465 1534 102 44 Oct.
597 1534 39 51 9,
669 1531 131 54 1925;
830 1534 66 42 2c.
930 1532 102 44 Oct.
1061 1532 79 52 22;
1172 1533 79 42 aff.
1285 1533 101 44 Oct.
1418 1533 78 52 20;
1529 1533 44 42 A
1603 1530 189 54 872044;
1830 1531 179 54 George
2039 1533 63 43 H.
2135 1534 157 42 Doran
2323 1547 65 29 co.

459 1589 273 55 (25-21067)

381 1690 213 73 Paine,
632 1689 226 59 Albert
895 1689 296 74 Bigelow,
1231 1692 191 57 1861-

455 1782 171 58 Joan
655 1781 69 58 of
750 1781 146 73 Arc,
927 1780 172 58 maid
1128 1780 68 58 of
1224 1781 264 73 France,
1516 1781 82 72 by
1627 1781 226 58 Albert
1880 1781 282 74 Bigelow
2188 1782 198 58 Paine

448 1859 1536 74 … New York, The Macmillan company, 1925.
450 1937 1754 56 2 v. fronts. (v. 1, col.) illus., plates, maps (1 fold.) facsims. 23 cm .
453 1996 313 46 “Authorities
793 1995 292 46 consulted”:
1115 2011 39 29 v.
1183 1999 37 48 2,
1250 2011 39 38 p.
1318 1994 94 47 359.

381 2053 52 54 ©
466 2055 102 44 Oct.
597 2055 68 51 20,
699 2052 130 54 1925;
862 2054 64 43 2c.
960 2053 110 43 each
1100 2055 88 42 and
1218 2052 79 44 aff.
1331 2053 102 44 Oct.
1464 2054 79 51 21;
1579 2054 43 42 A
1653 2052 191 54 869653;
1881 2053 267 45 Macmillan
2181 2069 65 28 co.

460 2109 273 57 (25-21144)

382 2212 231 72 Payne,
650 2210 236 59 Cecilia
916 2211 78 58 H.

379 2300 1984 137 … Stellar atmospheres; a contribution to the observational
611 2381 191 71 study
834 2378 66 59 of
930 2379 152 73 high
1115 2382 429 69 temperature
1578 2379 67 57 in
1675 2379 105 59 the
1815 2380 330 73 reversing
2176 2380 210 73 layers

381 2458 68 58 of
491 2462 187 69 stars,
719 2458 83 72 by
845 2457 232 59 Cecilia
1119 2457 79 58 H.
1240 2458 235 72 Payne.
1560 2455 397 77 Cambridge,
1999 2458 214 74 Mass.,
2255 2459 131 58 The

380 2537 448 72 Observatory,
859 2537 167 56 1925.

385 2614 1984 114 ix, 215 p. incl. tables, diagrs. pl. 23 cm . (Harvard observatory monographs
631 2673 208 54 … no. 1)
458 2732 258 52 “Accepted
743 2745 49 29 as
821 2746 26 28 a
875 2729 139 45 thesis
1047 2729 217 54 fulfilling
1293 2730 75 43 the
1399 2730 325 52 requirements
1758 2730 74 44 for
1862 2730 74 44 the
1963 2730 164 53 degree
2155 2731 51 43 of
2234 2730 158 44 doctor

383 2788 54 45 of
460 2787 271 55 philosophy
759 2787 45 44 in
832 2787 229 44 Radcliffe
1086 2785 476 54 college.”—Editor’s
1594 2787 242 43 foreword.

381 2842 53 54 ©
465 2845 121 52 Aug.
622 2842 61 55 15,
719 2841 131 54 1925;
881 2844 65 42 2c.
979 2843 120 52 Aug.
1120 2834 90 59 10;
1247 2843 77 43 aff.
1356 2843 121 52 Aug.
1509 2843 78 51 31;
1622 2843 45 42 A
1699 2843 189 52 861338;
1925 2843 218 44 Harvard
453 2844 1917 110 observatory,

602 2900 288 53 Cambridge,
924 2901 142 42 Mass.
1136 2898 272 55 (25-21096)

383 2985 274 73 Pennell,
697 2986 256 73 Joseph,
993 2988 191 57 1860-

458 3077 267 58 Etchers
756 3079 125 56 and
908 3077 279 74 etching;
1219 3078 293 71 chapters
1541 3078 67 56 in
1635 3079 103 57 the
1766 3078 249 73 history
2042 3079 68 58 of
2138 3081 105 56 the
2272 3082 119 69 art,

380 3156 292 73 together
709 3155 153 58 with
903 3155 306 59 technical
1250 3155 439 72 explanations
1735 3156 68 60 of
1842 3159 262 57 modern
2145 3158 250 63 artistic

380 3235 2012 74 methods, by Joseph Pennell … 3d ed. New York, The
381 3312 363 59 Macmillan
776 3332 323 53 company,
1136 3314 164 55 1925.

451 3391 165 51 xxxiii,
658 3392 79 43 343
779 3406 40 37 p.
860 3391 99 43 incl.
998 3391 155 52 plates,
1193 3397 143 46 ports.
1391 3391 59 46 29½
1485 3393 47 17 cm
1538 3426 8 7 .
1611 3390 114 47 [The
1765 3391 199 54 Graphic
2002 3400 94 36 arts
2137 3393 137 44 series
2319 3393 73 43 for

383 3446 1894 54 artists, students, amateurs and collectors, ed. by I. Pennell- … vol. in
383 3503 53 55 ©
470 3506 103 44 Oct.
605 3506 66 50 20,
708 3503 129 54 1925;
870 3504 67 43 2c.
970 3505 87 42 and
1089 3505 79 42 aff.
1203 3505 102 43 Oct.
1337 3505 79 51 21;
1453 3505 44 42 A
1529 3503 190 54 869658;
1758 3505 266 44 Macmillan
2058 3521 65 28 co.
2188 3505 66 53 [©
2289 3522 100 28 new

452 3563 88 42 and
574 3562 175 43 revised
779 3560 223 53 material]
1075 3559 272 55 (25-21077)

384 3647 484 73 Pennsylvania.
947 3648 304 73 Supreme
1294 3653 192 53 court.

461 3739 472 72 Pennsylvania
975 3743 162 55 state
1180 3744 269 68 reports,
1531 3760 56 37 v.
1635 3743 127 71 283,
1809 3740 365 73 containing
2213 3760 174 39 cases

385 3819 2002 72 decided … January term, 1925. Reported by Albert B.
382 3896 296 73 Weimer,
714 3898 162 55 state
911 3899 308 69 reporter.
1294 3897 457 72 Philadelphia,
1789 3897 144 58 Geo.
1972 3899 67 55 T.
2074 3898 172 57 Bisel
2282 3917 105 52 co.,

385 3976 167 52 1925.
