2533 4412
1298 4097 111 57 812

345 417 244 75 [Canac,
625 419 340 78 Victorine]

488 514 1858 76 … Roberte et ses vainqueurs, dramatique roman
342 594 40 56 d
397 595 253 56 ’amour.
735 592 206 71 Paris,
977 593 60 58 J.
1079 592 382 72 Tallandier,
1496 602 18 21 c
1517 595 165 56 1925.

410 670 1886 55 224 p. 19cm. (On cover : Le livre national; romans populaires …
341 728 51 44 n°
413 724 110 53 474)

413 780 220 44 Author’s
662 781 165 51 pseud.,
858 780 163 45 Victor
1051 780 98 45 Feli
1180 789 45 36 at
1253 781 117 45 head
1396 781 54 45 of
1478 782 111 44 title.

341 835 55 55 ©
425 838 114 52 Apr.
569 838 40 52 2,
643 835 131 55 1925;
835 852 36 30 1c.
905 838 113 53 May
1045 838 51 53 2;
1130 837 304 55 A—Foreign
1462 837 165 56 27553;
1661 839 125 54 Jules
1819 839 277 47 Tallandier.

422 893 272 56 (25-10800)

343 996 364 73 Carpenter,
748 996 218 58 Frank
1002 997 259 73 George,
1302 999 361 57 1855-1924.

489 1089 1862 74 … The foods we eat, by Frank G. Carpenter … and
341 1166 279 59 Frances
666 1165 369 74 Carpenter.
1112 1167 152 58 New
1304 1167 192 72 York,
1541 1167 357 60 Cincinnati
1943 1172 148 71 [etc.]
342 1171 1989 132 American
509 1244 161 59 book
698 1263 309 55 company
1036 1276 12 43 [
1050 1255 18 21 c
1072 1246 166 73 1925]

412 1338 45 35 X,
497 1323 75 44 181
610 1337 40 39 p.
685 1323 72 44 incl
821 1323 82 44 col.
940 1323 155 53 front.,
1132 1323 116 45 illus.
1275 1323 127 55 (part
1437 1323 110 54 col.)
1615 1324 124 43 21cm.
1808 1324 314 54 (Carpenter’s
2157 1325 196 55 journey

343 1378 102 46 club
481 1379 195 54 travels)

344 1435 53 55 ©
428 1437 107 54 July
566 1438 37 51 3,
640 1436 131 55 1925;
805 1438 65 44 2c.
902 1437 108 55 July
1042 1438 49 53 8;
1126 1439 79 44 aff.
1240 1438 107 54 July
1378 1439 50 53 9;
1464 1439 43 44 A
1541 1437 190 56 861052;
1766 1439 247 45 American
2046 1440 122 46 book
2198 1457 66 29 co.

423 1494 273 55 (25-15900)

345 1595 349 74 Charming,
739 1595 285 60 William
1068 1596 231 74 Ellery,
1347 1599 362 57 1780-1842.

342 1688 1986 153 The liberal gospel, as set forth in the writings of William Ellery Channing, edited by Charles H. Lyttle …
343 1844 259 74 Boston,
641 1845 130 57 The
807 1840 249 63 Beacon
1092 1865 201 53 press,
1329 1845 137 73 inc.,
1506 1847 167 56 1925.

410 1922 25 44 3
464 1937 42 38 p.
556 1957 24 17 l.,
610 1922 134 50 xxix,
774 1920 83 46 257
886 1937 40 39 p.
985 1922 52 45 21
1046 1925 49 18 cm
1101 1958 9 8 .

344 1976 53 54 ©
426 1978 108 53 July
566 1977 64 54 17,
662 1977 131 54 1925;
823 1979 65 44 2c.
919 1979 87 43 and
1035 1979 79 43 aff.
1145 1979 107 53 July
1280 1978 78 53 20;
1391 1979 43 43 A
1465 1977 190 55 855946;
1689 1979 181 45 Beacon
1902 1995 140 39 press,
2073 1982 83 43 inc.

423 2033 273 58 (25-15968)

344 2136 322 74 Chappell,
706 2136 228 60 Edwin
969 2137 295 72 Barfield,
1304 2140 190 57 1853-

490 2227 1855 77 … Evangelism in the Sunday school, by E. B. Chappell,
559 2306 1789 73 D. D. Approved by the Committee on curriculum of the
343 2385 271 60 General
646 2386 261 72 Sunday
935 2386 210 58 school
1170 2386 201 58 board
1400 2385 69 59 of
1496 2385 104 58 the
1629 2385 348 59 Methodist
2004 2385 343 75 Episcopal

343 2464 247 74 church,
629 2463 217 60 South.
919 2463 346 73 Nashville,
1298 2463 221 58 Dallas
1557 2466 146 71 [etc.]
1740 2464 233 57 Lamar
2006 2465 49 58 &
2085 2465 262 73 Barton,

341 2546 240 70 agents,
616 2542 377 73 Publishing
1021 2542 215 65 house,
1268 2542 85 57 M.
1389 2541 72 57 E.
1499 2541 246 72 church,
1784 2541 217 74 South,
2035 2544 165 57 1925.

417 2620 1288 58 216 p. 19 ½ cm . (Training courses for leadership)
341 2679 57 54 ©
425 2681 117 52 June
569 2680 40 50 2,
641 2678 132 54 1925;
804 2680 64 43 2c.
898 2679 88 44 and
1013 2679 79 44 aff.
1122 2679 121 52 Aug.
1273 2679 51 51 6;
1357 2678 43 43 A
1431 2677 190 53 861353;
1653 2681 172 47 Lamar
1849 2679 91 44 and
1971 2680 185 44 Barton.

422 2735 273 58 (25-15751)

346 2837 207 72 Clark,
595 2835 246 59 Harold
879 2836 51 57 B
1248 2837 190 57 1893-

420 2930 224 74 Digest
679 2932 70 56 of
781 2931 105 58 the
921 2928 310 61 decisions
1268 2929 67 58 of
1369 2929 104 58 the
1515 2928 304 72 Supreme
1857 2929 181 57 court
2074 2929 67 57 of
342 2929 1983 153 Montana,
561 3008 296 73 covering
903 3009 85 57 all
1035 3026 175 40 cases
1256 3009 68 56 in
1366 3006 282 59 volumes
1696 3008 33 55 1
1778 3010 63 55 to
1890 3007 90 70 68,
2027 3007 320 72 inclusive,

341 3087 153 59 with
521 3085 403 59 annotations
952 3090 64 54 to
1043 3085 106 58 the
1173 3082 337 60 American
1539 3082 329 73 decisions,
1893 3083 338 60 American
341 3106 1984 133 reports,
567 3161 338 62 American
934 3166 164 57 state
1125 3165 272 70 reports,
1422 3159 339 61 American
1787 3164 344 57 annotated
2155 3181 192 55 cases,

341 3245 327 71 Lawyers’
707 3245 254 70 reports
1000 3243 345 56 annotated
1383 3241 123 58 and
1542 3238 338 60 American
1918 3241 121 56 law
2078 3244 270 69 reports,

345 3325 123 57 and
503 3342 35 37 a
573 3321 324 59 combined
931 3318 169 60 table
1135 3320 69 58 of
1239 3336 175 40 cases
1449 3316 287 73 digested
1772 3317 123 59 and
1932 3318 180 70 cited,
2150 3319 200 59 direct

344 3403 125 57 and
506 3419 272 50 reverse,
820 3397 282 73 showing
1137 3396 207 58 where
1380 3395 106 59 the
1523 3414 175 39 cases
1740 3415 107 38 are
1887 3396 298 67 reported
2227 3398 120 57 and

342 3480 208 57 where
586 3478 151 71 they
774 3496 108 40 are
919 3475 200 58 found
1152 3476 65 57 in
1254 3472 127 61 this
1419 3473 225 72 digest,
1680 3473 207 58 where
1926 3472 84 58 all
2046 3473 302 58 Montana

344 3576 176 40 cases
560 3556 160 57 have
760 3555 156 57 been
959 3553 165 59 cited
1166 3573 70 38 or
1281 3551 333 59 overruled
1653 3551 66 57 in
1759 3551 104 58 the
1908 3550 304 57 Montana
342 3572 1982 136 reports,
586 3635 124 56 and
747 3633 208 57 where
995 3631 84 57 all
1120 3630 306 57 Montana
1469 3647 173 40 cases
1683 3628 161 59 have
1883 3630 157 57 been
2081 3628 164 59 cited
2284 3630 63 56 in

343 3715 105 57 the
469 3716 179 54 notes
670 3711 65 56 in
756 3707 338 60 American
1118 3705 330 70 decisions,
1471 3705 338 58 American
1833 3709 271 68 reports,
343 3706 1981 146 American
524 3794 164 56 state
725 3792 270 68 reports,
1033 3785 338 58 American
1409 3786 344 56 annotated
1789 3804 192 52 cases,
2021 3785 326 70 Lawyers’

343 3860 1984 237 reports annotated and American law reports. By Harold B. Clark … v. 1, 2. San Francisco, Bancroft-Whitney company, 1925.
