2533 4412
0 0 0 0 1263
183 497 82 44 318
293 509 41 37 p.
394 494 84 49 col.
509 494 153 50 front.,
692 493 157 52 plates.
906 493 55 46 20
966 495 48 19 cm
1019 528 11 10 .

115 561 53 54 ©
202 561 121 55 Sept.
358 559 60 54 15,
454 559 103 46 1925;
615 562 64 42 2c.
710 561 88 43 and
827 561 79 43 aff.
940 560 101 44 Oct.
1070 558 55 45 27;
1182 559 45 42 A
1257 556 165 46 872107;
1480 560 40 51 J.
1555 559 50 42 B.
1641 558 258 54 Lippincott
1929 574 66 29 co.

193 617 270 56 (25-21420)

116 715 325 74 Hrdlicka,
475 715 169 72 Aleš,
682 717 190 57 1869-

191 803 1923 77 The old Americans, by Aleš Hrdli č ka. Baltimore, The
111 886 312 59 Williams
452 885 48 59 &
525 884 268 60 Wilkins
826 902 323 53 company,
1179 883 166 58 1925.

181 977 97 53 xiii,
312 978 81 44 438
426 991 40 39 p.
498 975 102 45 incl.
633 990 115 40 map,
782 975 156 52 tables,
973 975 167 53 diagrs.
1200 981 142 46 ports,
1369 974 126 54 (incl.
1530 974 166 55 front.)
1762 975 53 45 25
1823 978 47 18 cm
1877 1011 9 8 .

184 1047 386 55 Bibliographical
605 1046 263 46 foot-notes.

115 1120 53 54 ©
200 1121 101 44 Oct.
333 1120 67 51 28,
435 1117 103 45 1925;
596 1119 66 43 2c.
694 1118 87 43 and
814 1118 78 43 aff.
928 1117 101 44 Oct.
1062 1117 53 43 29;
1175 1117 45 42 A
1251 1114 162 46 872191;
1476 1116 230 46 Williams
1741 1119 38 44 &
1810 1118 200 45 Wilkins
2045 1135 65 29 co.

193 1174 271 58 (25-21586)

116 1277 280 71 Hudson,
437 1276 135 73 Jay
601 1273 300 72 William,
943 1276 190 57 1874-

191 1369 130 57 The
364 1366 242 59 eternal
646 1365 201 73 circle,
886 1359 84 78 by
1009 1365 129 71 Jay
1175 1364 281 59 William
1496 1365 266 60 Hudson
1806 1415 37 11 ..
1955 1368 153 59 New

113 1445 191 73 York,
331 1444 279 74 London,
640 1443 75 58 D.
744 1443 321 72 Appleton
1094 1442 124 59 and
1248 1462 325 57 company,
1603 1446 167 57 1925.

181 1540 45 45 vi
253 1555 54 39 p.,
336 1542 18 42 1
401 1573 22 18 l.,
451 1538 95 54 309,
574 1539 53 45 [1]
655 1552 40 39 p.
759 1537 50 45 19½
842 1538 47 17 cm
896 1571 9 9 .

112 1610 55 54 ©
201 1611 101 44 Oct.
334 1611 67 51 23,
438 1607 104 46 1925;
600 1609 64 43 2c.
698 1609 87 43 and
814 1609 81 42 aff.
931 1608 101 44 Oct.
1063 1607 79 52 26;
1177 1607 45 43 A
1253 1607 188 53 869742;
1479 1610 57 43 D.
1569 1609 229 54 Appleton
1833 1612 38 44 &
1903 1626 65 30 co.

191 1666 271 56 (25-21260)

116 1767 332 72 [Jameson,
484 1764 204 58 Annie
725 1762 196 59 Edith
955 1764 239 74 Foster]

190 1858 177 57 Dark
402 1856 265 58 curtain.
746 1855 193 75 [chap.]
1032 1890 109 36 1-4,.
1164 1855 83 72 by
1283 1856 60 57 J.
1384 1855 75 57 E.
1499 1855 318 59 Buckrose
1873 1861 236 73 [pseud.]

208 1953 60 38 (In
300 1949 122 42 Good
455 1947 371 51 Housekeeping,
856 1946 133 52 Aug.,
1022 1946 128 51 1925)

114 2013 1976 114 © 1c. Sept. 24, 1925; A ad int. 7304; pubd. July 31; Mrs. Falconer Jameson, Hornsea, Hull, England.
115 2173 201 73 Janis,
355 2171 188 74 Elsie,
581 2175 191 56 1890-

188 2261 1921 74 If I know what I mean, by Elsie Janis … New York
113 2343 122 58 and
263 2342 278 72 London,
570 2337 70 63 G.
670 2342 69 55 P.
769 2341 332 57 Putnam’s
1132 2358 165 54 sons,
1325 2341 166 57 1925.

178 2434 76 53 vii,
289 2436 79 44 132
394 2449 42 39 p.
495 2433 118 44 illus.
672 2433 54 43 23
734 2436 47 18 cm
787 2467 9 8 .

115 2505 53 54 ©
199 2507 100 44 Oct.
333 2505 63 52 16,
428 2502 129 54 1925;
586 2503 65 42 2c.
682 2502 102 44 Oct.
812 2502 78 50 21;
921 2501 79 44 aff.
1031 2501 102 44 Oct.
1160 2502 78 52 22;
1269 2502 45 42 A
1343 2499 188 55 872036;
1565 2500 52 48 E.
1649 2501 140 54 Janis,
1821 2504 118 44 New
1967 2504 144 44 York.

194 2559 271 58 (25-21519)

116 2662 340 72 Jehlicska,
494 2662 207 57 Franz
735 2658 255 73 Rudolf,
1028 2660 188 58 1879-

192 2754 252 63 Graded
482 2753 352 72 catechism,
872 2752 335 72 according
1242 2756 65 54 to
1344 2752 104 58 the
1484 2751 379 61 instruction
1901 2756 67 56 of
2006 2757 105 58 the

114 2839 174 54 motu
322 2831 260 76 proprio
622 2832 41 27 “
678 2830 231 60 Orbem
943 2828 425 60 catholicum”
1406 2832 67 56 of
1510 2827 153 61 Pius
1764 2876 13 26 XI,
1816 2831 166 58 June
2021 2833 91 70 29,

116 2914 165 56 1923.
365 2912 211 56 Based
610 2928 80 39 on
723 2909 104 58 the
861 2904 348 62 Baltimore
1243 2905 353 60 catechism.
1677 2908 53 56 By
1811 2909 150 60 Rev.
1999 2910 111 57 Dr.

116 2983 1917 77 Francis Jehlicka … New York, W. H. Sadlier [ c 1925]
184 3081 75 52 vii,
289 3082 84 43 232
400 3093 42 38 p.
505 3077 51 45 19
561 3079 47 18 cm
615 3112 8 8 .

115 3148 56 55 ©
210 3148 122 54 Sept.
372 3149 34 49 1,
447 3144 130 53 1925;
615 3145 66 43 2c.
719 3144 87 43 and
840 3144 82 43 aff.
963 3142 119 53 Sept.
1121 3142 50 52 9;
1210 3143 45 42 A
1291 3142 189 54 869018;
1521 3141 161 49 Estate
1716 3145 51 44 of
1804 3146 207 45 William
2049 3149 62 42 H.

190 3206 189 51 Sadlier,
415 3204 116 43 New
566 3202 142 44 York.
778 3197 272 58 (25-21497)

117 3306 197 69 Kane,
348 3302 170 60 John
549 3299 281 73 Francis,
866 3301 91 58 ed.

192 3398 409 70 Picturesque
629 3394 311 71 America,
968 3393 83 58 its
1079 3392 193 72 parks
1301 3394 125 56 and
1452 3394 451 74 playgrounds,
1934 3415 81 38 an
116 3396 1973 141 illustrated
476 3473 246 58 volume
771 3471 152 58 with
973 3470 233 72 special
1257 3471 251 59 articles
1563 3473 394 60 contributed
2007 3475 107 58 for

115 3554 163 72 park
319 3551 125 59 and
485 3550 399 71 playground
926 3547 268 59 sections
1239 3546 123 58 and
1402 3565 337 41 numerous
1785 3548 326 61 selections

117 3634 168 56 from
329 3630 105 58 the
477 3628 204 58 works
728 3628 67 56 of
837 3625 139 58 well
1016 3625 223 56 known
1286 3625 260 58 authors
1594 3626 371 74 expressing
2007 3629 105 57 the

117 3708 221 58 varied
380 3705 226 73 appeal
650 3706 67 56 of
760 3705 300 56 outdoors
1102 3702 66 56 in
1211 3702 309 73 America,
1569 3702 209 61 edited
1818 3705 84 72 by
1943 3705 169 59 John

118 3784 264 60 Francis
419 3783 202 57 Kane.
703 3782 152 56 New
889 3778 190 71 York,
1115 3780 264 59 Resorts
1415 3784 125 56 and
1574 3780 431 74 playgrounds
2045 3784 68 57 of

118 3863 310 68 America,
457 3860 165 59 1925.

190 3939 78 46 521
293 3954 55 38 p.,
377 3941 19 43 1
443 3971 9 9 l.
512 3934 83 48 col.
622 3936 152 50 front.,
800 3934 132 51 illus.,
958 3933 143 53 plates
1127 3934 128 52 (part
1279 3934 112 52 col.)
1425 3949 127 38 maps
1577 3935 129 53 (part
1731 3935 190 53 double)
1987 3935 56 47 27
2048 3939 48 20 cm
2102 3975 9 9 .
