2533 4412
1295 4081 112 58 682

411 502 60 52 vi,
499 504 83 44 242
610 519 40 37 p.
714 504 159 50 front.,
902 504 159 53 plates,
1090 518 143 39 maps.
1293 504 53 44 23
1354 506 47 17 cm
1409 540 8 9 .

414 559 292 54 “Suggested
735 560 220 54 reading”:
1009 577 42 37 p.
1077 561 151 45 43-50.

414 617 151 43 Blank
596 632 139 38 pages
768 617 113 43 with
915 617 176 53 “Space
1129 617 78 44 for
1239 618 161 43 notes”
1434 616 325 55 interspersed.

413 673 307 55 Advertising
745 681 170 36 matter:
969 690 40 37 p.
1041 673 257 48 [235]-[239]

342 728 54 54 ©
424 731 115 52 June
569 730 38 53 5,
640 730 130 53 1925;
799 732 66 42 2c.
895 731 116 52 June
1040 732 51 51 8;
1124 731 79 43 aff.
1236 732 117 52 June
1384 730 73 54 16;
1490 732 44 42 A
1564 729 190 56 857812;
1790 734 50 42 P.
1874 735 65 42 M.

1975 732 158 53 Chase,
413 733 1911 105 Brookline,
551 789 142 42 Mass.
764 785 272 56 (25-11493)

346 875 265 73 Corwin,
654 875 277 58 Edward
973 875 269 71 Samuel,
1285 878 189 58 1878-

422 971 128 57 The
584 968 428 60 Constitution
1043 971 125 57 and
1195 971 168 57 what
1392 970 50 58 it
1469 990 216 39 means
1714 972 212 71 today,
1957 972 83 70 by
2069 971 277 60 Edward

345 1046 2001 75 S. Corwin … Princeton, Princeton university press,
342 1127 166 56 1924.

411 1204 128 52 xxiv,
572 1204 78 45 130
677 1218 43 37 p.
778 1205 52 43 21
839 1206 16 19 cm
892 1242 10 10 .

414 1261 146 45 Third
587 1260 183 50 edition,
799 1260 190 46 revised.

344 1313 53 54 ©
436 1315 121 52 Sept.
594 1315 66 51 24,
701 1315 105 42 1924;
867 1314 65 43 2c.
969 1314 87 43 and
1091 1314 79 43 aff.
1206 1314 115 51 June
1356 1312 65 53 27,
1464 1312 104 45 1925;
1634 1314 44 42 A
1715 1312 166 46 855677;
1948 1315 244 43 Princeton
2228 1315 119 44 univ.

415 1386 140 37 press.
620 1368 67 56 [©
713 1370 205 44 addition
944 1370 50 44 of
1020 1377 126 37 notes
1174 1370 111 44 with
1314 1370 133 44 index
1476 1371 88 42 and
1590 1371 148 43 minor
1767 1370 196 44 revision
1990 1371 50 44 of
2068 1379 111 45 text]

422 1426 272 57 (25-11814)

345 1513 272 74 Dunlap,
659 1512 263 74 Knight,
965 1516 190 56 1875-

425 1605 1923 74 Social psychology, by Knight Dunlap … Baltimore,
346 1686 131 58 The
502 1683 312 61 Williams
842 1685 48 57 &
914 1683 270 60 Wilkins
1214 1702 323 54 company,
1568 1684 166 61 1925.

413 1765 80 44 261
523 1777 42 38 p.
623 1765 55 43 22
685 1766 48 18 cm
738 1798 10 10 .

416 1818 329 48 “References”:
798 1831 42 39 p.
865 1817 96 49 258.

345 1872 54 54 ©
424 1875 115 52 June
565 1872 66 53 25,
663 1872 129 53 1925;
823 1873 64 43 2c.
916 1873 87 43 and
1031 1872 78 44 aff.
1138 1873 117 52 June
1279 1871 79 52 27;
1389 1871 43 43 A
1461 1869 189 55 855686;
1679 1870 230 46 Williams
1939 1873 88 43 and
2053 1873 201 44 Wilkins
2282 1888 66 29 co.

423 1928 274 57 (25-11817)

348 2015 357 75 Euripides.

492 2094 1856 74 … Iphigenia in Aulis, translated by W. D. Ward. Los
344 2177 294 72 Angeles,
669 2175 166 60 1925.

415 2254 50 45 65
497 2269 41 37 p.
600 2254 115 45 illus.
741 2252 157 52 (map)
969 2253 148 45 18½cm.

343 2307 57 53 ©
435 2309 112 51 Apr.
583 2308 40 51 3,
660 2305 130 53 1925;
828 2306 65 43 2c.
927 2306 89 43 and
1049 2306 78 42 aff.
1163 2306 115 52 June
1312 2305 80 51 23;
1429 2304 44 42 A
1507 2302 191 54 855642;
1736 2303 208 46 William
1981 2305 172 44 Dennis
2190 2305 161 53 Ward,

418 2365 88 44 Los
537 2364 216 53 Angeles.
822 2360 273 56 (25-11952)

349 2449 428 72 Farnsworth,
820 2450 160 57 Burt
1020 2447 232 74 Byron.

426 2527 317 58 Practical
769 2525 390 73 psychology
1186 2525 108 56 for
1321 2543 140 37 men
1495 2524 125 57 and
1647 2543 238 38 women
1915 2525 64 55 in
2011 2525 103 58 the

349 2525 1981 139 industries
532 2607 125 59 and
679 2603 417 74 professions,
1123 2603 124 58 and
1273 2603 107 57 for
1403 2603 102 57 the
1536 2603 254 72 general
1818 2603 242 72 reader,
2087 2603 82 73 by
2193 2603 163 59 Burt

350 2681 2008 77 Byron Farnsworth … New York, G. Sully & company
350 2795 12 43 [
365 2773 18 22 c
388 2766 164 75 1925]

417 2841 94 53 viii,
534 2842 81 43 349
637 2855 39 39 p.
738 2840 117 44 illus.
913 2840 52 44 21
975 2841 48 19 cm
1029 2875 10 9 .

348 2899 53 54 ©
431 2902 115 51 June
578 2899 62 52 17,
674 2898 131 52 1925;
837 2899 63 42 2c.
931 2898 88 43 and
1048 2898 79 42 aff.
1157 2898 115 51 June
1301 2896 78 52 20;
1413 2895 43 43 A
1487 2893 189 54 855614;
1711 2895 178 53 George
1925 2895 128 53 Sully
2085 2896 36 44 &
2152 2910 67 29 co.
2284 2894 67 56 [©

418 2973 100 28 new
545 2955 220 53 material]
837 2953 273 55 (25-11369)

348 3042 203 71 Fiero,
592 3042 215 58 James
847 3040 280 56 Newton.

428 3122 147 56 1925
622 3118 375 59 cumulative
1046 3116 398 72 supplement
1488 3119 78 69 [to]
1633 3114 188 58 Fiero
1870 3134 77 38 on
1993 3115 359 57 Particular

350 3200 240 58 actions
627 3201 124 55 and
783 3195 432 74 proceedings.
1288 3193 109 58 4th
1433 3193 92 58 ed.
1600 3192 334 74 Including
1965 3193 104 58 the
348 3194 1981 143 amendments
591 3278 122 55 and
751 3275 309 58 decisions

1098 3274 168 56 from
1301 3273 103 56 the
1443 3271 388 72 publication
1868 3271 69 57 of
1972 3271 103 57 the
2113 3272 107 57 4th
2259 3273 91 56 ed.

351 3356 358 70 1921-1922,
741 3357 62 54 to
836 3353 103 57 the
973 3352 162 57 close
1168 3351 69 57 of
1266 3350 103 56 the
1408 3349 248 73 regular
1691 3350 147 55 1925
1874 3349 241 57 session
2149 3349 65 58 of
2248 3350 103 56 the

349 3425 2001 79 New York legislature … by Arthur F. Curtis … Albany,
349 3512 75 57 N.
455 3511 94 70 Y.,
580 3509 304 57 Matthew
911 3508 250 57 Bender
1191 3506 46 56 &
1268 3523 322 53 company,
1622 3504 463 71 incorporated,
2118 3506 164 55 1925.

419 3583 619 57 3 p. l., v-xii, 507 p. 26½cm.
349 3644 54 53 ©
433 3645 106 53 July
567 3642 38 53 7,
637 3641 128 53 1925;
795 3642 65 42 2c.
889 3641 88 43 and
1005 3641 78 42 aff.
1114 3640 106 52 July
1250 3639 48 51 8;
1331 3638 44 42 A
1404 3635 190 53 855792;
1627 3636 225 44 Matthew
1883 3637 177 43 Bender
2089 3638 38 43 &
2156 3652 78 36 co.,
2268 3637 82 44 inc.

354 3727 210 75 Foley,
600 3725 176 61 Julia
808 3726 55 58 R
1177 3727 75 52 tr.

431 3806 130 56 The
586 3802 353 59 wonderful
961 3820 241 52 voyage
1230 3800 68 57 of
1319 3798 162 58 little
1507 3798 240 71 Pierre,
1773 3798 123 57 and
1922 3798 179 57 other
2128 3799 226 58 stories

351 3886 170 56 from
555 3883 105 58 the
697 3880 265 67 French,
995 3881 84 71 by
1113 3876 178 62 Julia
1385 3924 10 9 R.
1435 3876 213 69 Foley,
1728 3923 10 10 A.
1816 3922 10 10 B.
1927 3875 257 70 Boston,
2224 3877 129 57 The

354 3959 416 72 Christopher
799 3957 365 72 publishing
1191 3956 194 57 house
1423 3983 14 44 [
1438 3963 20 22 c
1461 3955 164 72 1925]
