2533 4412
0 0 0 0 105
134 527 1989 80 act, by Henry Wynans Jessup … New York, The Banks
131 614 120 56 law
276 610 357 74 publishing
666 630 106 52 co.,
802 610 226 71 Baker,
1055 608 271 58 Voorhis
1358 608 47 56 &
1435 627 106 50 co.,
1572 606 167 57 1925.

202 691 103 52 cliv,
328 688 109 47 2185
463 705 39 37 p.
561 690 56 44 26
623 691 46 18 cm
677 729 8 8 .

132 744 53 54 ©
214 745 107 44 Feb.
352 745 37 52 5,
422 744 130 51 1925;
581 744 65 43 2c.
677 743 88 43 and
792 743 78 42 aff.
902 741 107 44 Feb.
1041 740 48 52 7;
1120 741 45 42 A
1194 738 190 53 815946;
1418 739 151 43 Banks
1600 738 87 44 law
1719 739 99 51 pub.
1850 753 80 38 co.,
1963 738 163 52 Baker,

203 801 198 44 Voorhis
434 801 38 43 &
498 815 66 28 co.
627 798 67 55 [©
727 798 208 52 revision]
1006 795 243 56 (25-4103)

133 888 277 72 Kenyon,
449 885 272 59 Herbert
756 884 222 60 Alden.

209 976 275 72 Spanish
540 975 390 59 commercial
988 974 548 72 correspondence,
1592 973 152 57 with
1799 973 326 72 exercises,

130 1051 1996 77 notes, and vocabulary, by Herbert Alden Kenyon … 2d
134 1134 109 68 ed.,
278 1152 126 38 rev.
486 1132 144 56 Ann
662 1131 210 57 Arbor,
923 1130 203 72 Mich.,
1159 1129 71 59 G.
1261 1129 217 73 Wahr,
1512 1130 166 56 1924.

213 1210 78 45 156
317 1227 39 38 p.
421 1210 50 44 17½
505 1212 46 17 cm
558 1245 9 8 .

134 1266 53 54 ©
214 1268 106 43 Feb.
351 1267 63 52 10,
442 1265 130 54 1925;
599 1266 64 43 2c.
691 1264 106 45 Feb.
829 1266 73 51 14;
931 1266 78 42 aff.
1039 1264 105 44 Feb.
1175 1264 74 53 16;
1279 1265 43 42 A
1351 1264 189 52 822051;
1572 1263 181 54 George
1779 1265 160 43 Wahr.

213 1323 242 56 (25-4344)

133 1408 203 73 Kline,
372 1406 234 61 Nelson
638 1408 62 61 S.

279 1497 1849 74 … A concise biology for high schools, by Nelson S.
133 1575 1900 75 Kline … New York, Oxford book company, inc. [ c 1925]
209 1658 58 49 vi,
297 1657 82 44 249
408 1671 39 38 p.
509 1655 129 51 illus.,
667 1656 167 51 diagrs.
895 1654 52 43 20
955 1656 47 17 cm
1009 1689 8 8 .
1087 1654 212 51 (Oxford
1328 1654 109 52 high
1467 1655 154 43 school
1651 1655 148 52 texts)

137 1711 53 53 ©
221 1712 106 44 Feb.
358 1713 41 50 4,
434 1710 130 54 1925;
597 1712 65 43 2c.
697 1711 106 44 Feb.
838 1709 48 55 5;
922 1712 78 42 aff.
1034 1710 106 44 Feb.
1174 1711 49 52 6;
1259 1711 43 42 A
1336 1710 189 53 814944;
1563 1711 185 44 Oxford
1781 1711 121 44 book
1932 1727 80 38 co.,
2048 1712 83 44 inc.

216 1767 241 56 (25-4354)

134 1854 203 73 Kudo,
374 1852 343 73 Roksabro,
757 1855 191 58 1886-

208 1946 60 56 A
299 1944 268 73 biologic
601 1945 123 57 and
757 1944 354 57 taxonomic
1147 1945 189 72 study
1370 1945 67 58 of
1472 1946 105 57 the
1611 1947 519 73 Microsporidia;

133 2021 1931 75 with 27 plates and 9 text-figures, by Roksabro Kudo …
136 2102 293 75 [Urbana,
457 2101 115 73 Ill.,
601 2100 373 72 University
1002 2102 67 56 of
1097 2101 261 74 Illinois,
1388 2110 19 21 c
1411 2103 164 73 1924]

142 2179 1975 112 268 p. illus., XXVII pl. 27½ cm . (Added t.-p.: Illinois biological monographs,
348 2238 90 43 vol.
523 2272 9 16 IX,
561 2252 95 28 nos.
682 2239 28 41 2
735 2238 88 42 and
849 2237 51 52 3)

214 2294 371 46 “Contributions
622 2294 118 44 from
775 2294 74 44 the
884 2293 261 53 Zoological
1177 2293 264 55 laboratory
1472 2294 52 45 of
1555 2296 74 43 the
1662 2296 266 54 University
1961 2297 51 44 of
142 2296 1978 107 Illinois,

280 2366 56 29 no.
378 2351 94 44 246.

213 2407 352 52 Bibliography:
593 2421 40 38 p.
663 2406 206 44 200-210.

139 2461 56 54 ©
220 2464 107 42 Dec.
353 2464 65 49 29,
449 2463 129 53 1924;
604 2464 65 42 2c.
695 2463 88 43 and
807 2463 78 43 aff.
913 2461 106 45 Feb.
1047 2461 38 54 5,
1115 2462 129 53 1925;
1273 2463 44 43 A
1343 2464 191 53 814941;
1563 2465 137 45 Univ.
1728 2465 52 45 of
1807 2467 187 44 Illinois.

220 2519 243 55 (25-4356)

140 2603 295 75 Kutchin,
474 2603 235 60 Victor.

216 2697 168 57 Love
431 2714 225 53 among
700 2695 106 57 the
851 2696 194 71 ruins,
1090 2696 84 71 by
1215 2695 223 59 Victor
1484 2698 298 59 Kutchin.
1871 2700 263 61 Stevens

141 2774 205 72 Point,
375 2774 175 72 Wis.,
579 2772 265 59 Printed
870 2773 83 72 by
978 2773 318 58 Worzalla
1323 2775 365 75 publishing
1712 2797 86 39 co.
1831 2807 13 45 [
1846 2786 18 21 c
1868 2780 166 74 1925]

217 2851 1097 56 3 p. l ., 397 p. front. (port.) plates. 21 cm .
143 2907 55 54 ©
229 2910 99 51 Jan.
359 2910 40 50 2,
435 2907 129 53 1925;
599 2908 64 44 2c.
697 2908 88 43 and
815 2909 79 42 aff.
928 2909 99 51 Jan.
1065 2907 73 54 17;
1173 2909 45 42 A
1251 2909 189 54 815646;
1477 2911 56 43 V.
1568 2912 214 53 Kutchin,
1819 2913 147 45 Green
2002 2915 137 51 Lake,

214 2964 115 45 Wis.
399 2962 241 56 (25-3944)

145 3049 309 73 Laubach,
490 3050 216 57 Frank
737 3050 274 71 Charles,
1047 3054 190 56 1884-

224 3143 129 58 The
382 3142 221 72 people
634 3142 67 56 of
731 3142 104 58 the
866 3142 413 74 Philippines,
1313 3144 168 57 their
1509 3146 297 74 religious
1841 3168 298 55 progress

148 3223 124 56 and
295 3219 416 73 preparation
736 3221 107 56 for
869 3220 295 72 spiritual
1189 3222 358 72 leadership
1574 3225 69 55 in
1668 3227 104 56 the
1803 3228 129 56 Far
1960 3229 179 74 East,

147 3299 82 71 by
266 3298 214 56 Frank
520 3296 258 59 Charles
817 3297 312 73 Laubach,
1263 3345 11 11 PH.
1357 3324 43 46 D.;
1441 3302 152 56 with
1630 3323 39 37 a
1705 3305 318 60 foreword
2059 3309 84 71 by

147 3375 1994 79 Daniel Johnson Fleming … New York, George H. Doran
150 3471 303 53 company
489 3482 13 43 [
505 3460 18 22 c
526 3454 163 72 1925]

220 3527 1839 63 xx p., 1 l., 23-515 p. front., plates, ports., maps, facsim., diagr. 22 cm .
221 3585 350 52 Bibliography:
605 3599 39 37 p.
660 3583 207 45 467-473.

151 3640 53 53 ©
231 3643 98 51 Jan.
357 3641 67 52 23,
454 3639 129 54 1925;
611 3642 64 42 2c.
704 3642 99 51 Jan.
830 3641 79 53 27;
940 3642 78 43 aff.
1048 3640 107 46 Feb.
1188 3642 73 52 10;
1292 3643 43 42 A
1363 3643 189 55 815962;
1587 3645 180 55 George
1795 3650 62 43 H.
1889 3651 156 44 Doran
2075 3667 51 29 co

229 3696 242 55 (25-4216)

147 3782 235 71 Livius,
425 3782 196 59 Titus.

299 3872 1847 80 … The history of Rome, by Titus Livius, books I and
204 3951 1942 80 II, literally translated, with notes, by D. Spillan … with
