2533 4412
1064 4008 147 56 1307

205 471 53 44 48
287 486 40 38 p.
391 471 48 44 18½c
491 473 30 17 m
528 506 9 8 .
605 470 248 54 (Bugbee’s
882 470 188 54 popular
1097 470 154 53 plays)

142 525 52 54 ©
225 527 119 52 Sept.
370 527 67 52 28,
464 526 129 52 1925;
622 528 64 43 2c.
714 528 100 43 Oct.
844 527 73 52 10;
947 528 78 42 aff.
1053 527 100 44 Oct.
1185 527 73 51 19;
1288 527 42 42 A
1358 526 188 52 870962;
1577 529 75 42 W.
1682 528 57 41 N.
1771 528 193 52 Bugbee,
211 528 1899 106 Syracuse,
364 584 57 42 N.
459 584 54 41 Y.
584 581 269 56 (25-22475)

146 683 164 72 Cage
335 684 174 57 birds
537 685 124 56 and
683 684 142 57 bird
849 685 213 56 world,
1128 704 55 36 v.
1213 686 91 69 48,
1330 702 97 37 no.
1457 685 166 70 1237,
1654 683 171 72 Sept,
1856 685 276 67 26,1925.

141 771 1908 54 © 1c. Nov. 21, 1925; A ad int. 7451; pubd. Sept. 26; F. Carl, London.
144 857 319 74 Chappell,
507 859 238 72 George
789 858 302 73 Shepard,
1136 861 189 56 1877-

214 949 130 57 The
380 952 396 55 restaurants
812 950 67 57 of
914 950 153 57 New
1097 949 191 72 York,
1324 950 83 70 by
1443 948 242 73 George
1724 949 60 59 S.
1827 948 304 74 Chappell

203 1026 1225 74 … New York, Greenberg, inc., 1925.
207 1106 540 54 3 p. l., 169 p. 19½ cm .
141 1161 52 54 ©
224 1163 99 44 Oct.
356 1164 66 49 31,
455 1161 128 52 1925;
614 1163 65 42 2c.
711 1164 117 42 Nov.
861 1163 48 52 9;
942 1163 77 43 aff.
1053 1164 118 42 Nov.
1202 1162 49 52 6;
1285 1163 43 41 A
1358 1161 189 52 869950;
1584 1162 276 53 Greenberg,
1891 1162 242 53 publisher,

210 1219 81 44 inc.
362 1217 269 55 (25-22871)

144 1306 405 71 Charnwood,
582 1306 280 72 Godfrey
890 1305 325 59 Rathbone
1245 1306 264 66 Benson,
1540 1312 96 51 1st
1668 1307 213 68 baron,
1910 1307 151 57 1864–

213 1394 355 73 According
604 1397 62 55 to
712 1393 182 59 Saint
933 1394 188 74 John,
1160 1394 85 72 by
1281 1394 174 58 Lord
1494 1394 407 59 Charnwood.
136 1395 1971 151 Boston,
289 1473 210 73 Little,
528 1473 249 72 Brown,
807 1474 125 57 and
959 1491 323 54 company,
1312 1474 165 56 1925.

204 1553 95 51 xiii,
325 1553 82 44 323
433 1568 41 39 p.
533 1553 53 44 23½cm.

207 1610 151 44 “First
386 1610 267 52 impression
681 1609 213 48 October,
925 1607 145 46 1925.”

139 1665 58 54 ©
226 1668 118 42 Nov.
377 1667 40 51 4,
452 1664 128 53 1925;
616 1666 64 45 2c,
715 1666 87 42 and
833 1666 77 42 aff.
948 1666 118 44 Nov.
1102 1665 48 52 6;
1187 1666 43 41 A
1263 1664 191 53 869897;
1491 1665 147 51 Little,
1677 1667 182 52 Brown,
1893 1669 86 42 and
208 1682 1906 93 company.
408 1720 269 56 (25-22275)

141 1808 289 73 Chicago.
515 1807 384 75 University.

212 1897 1789 76 Abstracts of theses, humanistic series … arts and
140 1904 1969 148 literature,
471 1999 338 40 commerce
871 1979 122 58 and
1054 1977 530 73 administration,
1645 1977 289 76 divinity,
136 1982 1974 136 submitted

404 2064 64 54 to
512 2058 104 59 the
664 2057 290 60 faculties
1004 2059 67 57 of
1118 2059 104 58 the
1269 2060 308 70 graduate
1626 2059 240 59 schools
1914 2061 68 57 of
2029 2061 105 58 the

136 2137 372 72 University
538 2137 66 57 of
637 2136 269 72 Chicago
938 2137 102 56 for
1072 2137 102 57 the
1205 2137 225 70 degree
1462 2138 67 56 of
1560 2137 217 57 doctor
1807 2138 68 57 of
140 2136 1968 151 philosophy,

382 2215 166 58 June
608 2213 357 59 1922-June
1026 2213 165 70 1923,
1249 2213 153 57 with
1462 2215 314 57 abstracts
1837 2215 67 57 of
1967 2233 167 39 some

140 2291 208 57 theses
385 2290 340 62 submitted
759 2293 67 54 at
857 2309 80 37 an
973 2290 227 56 earlier
1214 2352 6 7 ,
1235 2291 161 56 date.
1471 2309 55 36 v.
1566 2291 48 54 1.
1695 2288 288 74 Chicago,
2020 2290 115 72 Ill.,

142 2367 1368 72 The Universitv of Chicago press [ c 1925]
206 2428 709 69 xi p, 1 l., 5-525 p. 23½cm.
139 2499 53 54 ©
220 2501 101 44 Oct.
348 2502 62 50 13,
439 2499 103 45 1925;
593 2501 65 42 2c.
687 2501 102 43 Oct.
814 2500 56 43 20;
919 2500 79 43 aff.
1029 2500 101 44 Oct.
1156 2500 55 41 22;
1262 2499 44 43 A
1332 2498 164 45 872020;
1550 2499 269 53 University
1843 2499 51 44 of
1921 2500 212 53 Chicago,

213 2557 210 52 Chicago.
493 2555 271 55 (25-22019)

143 2643 418 71 Christensen,
601 2643 63 58 C.
703 2644 66 55 P.

216 2732 205 55 Know
458 2730 267 71 thyself!
807 2731 301 55 Nature’s
1148 2730 317 72 marriage
1507 2729 185 72 guide
1735 2730 124 56 and
1901 2749 108 37 sex
143 2730 1968 150 instruction,

516 2809 83 70 by
647 2808 175 56 Prof.
879 2807 422 58 Christensen.
1410 2807 59 55 A
1508 2802 298 76 hygienic
1859 2807 160 57 book
2069 2809 68 56 of

140 2872 358 85 knowledge
531 2885 105 56 for
663 2904 160 52 men,
852 2903 238 38 women
1123 2903 73 38 or
1224 2886 260 69 parents
1520 2885 124 56 and
1675 2885 84 55 all
1789 2885 177 57 those

141 2904 1997 131 contemplating marriage … New York, Hubbs printing &
140 3040 363 72 publishing
532 3059 85 37 co.
656 3072 13 42 [
670 3048 18 21 c
693 3041 165 72 1925]

212 3118 75 41 121
321 3132 37 36 p.
418 3116 56 43 20½cm.

141 3171 52 55 ©
219 3174 111 52 Apr.
356 3173 66 51 22,
453 3170 130 54 1925;
611 3172 64 44 2c.
703 3173 87 43 and
815 3172 80 43 aff.
921 3173 114 51 Apr.
1060 3170 78 53 27;
1167 3172 43 42 A
1239 3171 188 51 828924;
1457 3170 164 45 Hubbs
1649 3171 201 54 printing
1877 3173 38 44 &
1941 3174 100 52 pub.
2071 3189 64 28 co.

145 3259 356 72 Colclough,
539 3259 240 72 Joseph
815 3257 64 58 C.

215 3348 129 57 The
380 3347 187 71 spirit
602 3347 65 57 of
700 3347 169 58 John
900 3347 255 71 Wesley
1188 3346 260 72 Gilbert,
1480 3347 85 72 by
1596 3347 61 59 J.
1695 3347 64 59 C.
1799 3347 335 74 Colclough

205 3424 1506 73 … Nashville, Tenn., Cokesbury press, 1925.
209 3505 78 44 108
313 3520 39 37 p.
417 3505 49 43 19½cm.

211 3561 310 45 “Authorities
549 3559 188 53 quoted”:
796 3575 39 37 p.
880 3561 39 45 [8]

142 3615 52 54 ©
227 3618 119 51 Sept.
379 3616 38 52 5,
450 3614 129 53 1925;
609 3616 64 43 2c.
705 3617 88 42 and
822 3616 80 43 aff.
936 3615 120 52 Sept.
1085 3614 79 52 26;
1199 3616 43 41 A
1273 3615 189 52 869242;
1497 3616 167 43 Lamar
1695 3618 36 42 &
1765 3618 186 50 Barton,
209 3616 1907 101 Nashville.
397 3671 270 55 (25-22385)

144 3757 306 73 Collister,
492 3756 226 59 Leonie
759 3755 214 61 Davis.

221 3850 415 69 Stowaways;
673 3866 237 53 poems,
950 3849 80 56 by
1070 3846 228 59 Leonie
1337 3848 199 58 Davis
1579 3848 309 59 Collister.
1991 3849 91 57 New

141 3928 188 71 York,
365 3928 66 56 T.
469 3926 256 70 Seltzer,
759 3926 165 57 1925.
