2533 4412
0 0 0 0 1095
73 378 140 57 Van
243 378 111 57 der
387 377 264 72 Naillen,
685 376 238 72 Albert,
960 379 189 56 1830-

148 453 1848 74 The great message, by Prof. Albert van der Naillen …
70 532 128 58 San
224 532 356 71 Francisco,
611 530 352 59 California
989 550 180 52 press
1203 561 12 42 [
1219 539 18 22 c
1241 532 164 72 1925]

148 610 913 54 10 p. l ., 161 p. plates, ports. 20 cm .
145 668 176 44 Letters
356 668 119 43 from
510 666 198 46 Edward
739 683 86 27 van
860 668 78 43 der
971 665 184 45 Naillen
1187 666 110 43 with
1329 681 228 37 messages
1593 666 119 44 from
1747 666 74 44 the
1858 665 211 45 “miracle

76 740 102 29 man
202 725 51 44 of
278 723 226 47 Mexico”.

71 779 53 53 ©
151 781 106 52 July
282 781 67 50 22,
381 778 102 45 1925
500 794 9 32 ;
538 780 64 42 2c.
630 780 119 51 Aug.
782 779 48 43 17
847 794 9 37 ;
887 780 78 43 aff.
994 781 119 50 Aug.
1146 780 48 42 13
1211 793 9 37 ;
1250 780 43 41 A
1322 778 160 43 864401
1502 793 9 37 ;
1542 780 56 42 A.
1627 780 104 42 Van
1759 780 80 43 der
1869 779 199 53 Naillen,

142 838 222 51 Oakland,
400 836 134 45 Calif.
603 834 270 56 (25-18279)

72 908 308 71 Watkins,
421 909 186 72 Mary
645 907 200 58 Fitch.

145 989 245 58 Behind
432 989 102 57 the
579 1007 210 39 scenes
834 993 65 53 at
941 989 103 57 the
1090 1005 223 53 opera;
1355 986 289 59 intimate
1687 986 378 58 revelations

69 1063 1997 151 of back-stage musical life and work, by Mary Fitch Watkins … New York, Frederick A. Stokes company, 1925.
139 1221 75 50 vii,
241 1223 81 43 328
350 1235 41 37 p.
455 1222 51 44 19½
538 1223 47 18 cm
591 1256 9 9 .

71 1273 53 54 ©
152 1276 119 52 Aug.
300 1274 64 51 27,
400 1274 129 52 1925;
561 1275 64 43 2c.
656 1275 87 42 and
770 1275 79 42 aff.
880 1274 120 52 Aug.
1028 1274 80 51 29;
1141 1275 43 41 A
1215 1272 190 53 864357;
1440 1273 247 44 Frederick
1716 1276 57 41 A.
1808 1274 163 46 Stokes
2003 1290 65 28 co.

149 1331 269 54 (25-18160)

71 1402 303 72 Webster,
415 1401 244 59 Harold
696 1399 259 74 Tucker,
997 1403 190 57 1884-

145 1481 352 58 Webster’s
542 1480 197 71 poker
780 1474 178 74 book,
1003 1478 351 73 glorifying
1396 1478 353 57 America’s
1794 1478 276 59 favorite

70 1578 210 53 game;
321 1578 36 37 a
393 1558 212 70 handy
642 1558 243 56 volume
927 1557 103 56 for
1070 1557 102 56 the
1212 1556 363 58 hearthside
1617 1556 347 74 consisting
2002 1556 70 59 of

68 1636 148 76 fifty
243 1636 307 72 portraits
581 1636 83 70 by
693 1635 76 56 H.
805 1636 67 55 T.
903 1635 312 70 Webster,
1244 1633 409 59 informative
1685 1635 125 58 and
69 1635 1978 152 diverting
210 1718 133 53 text
378 1734 78 37 on
489 1713 103 57 the
628 1713 162 72 joys,
826 1713 187 70 rules,
1049 1712 132 57 lore
1217 1713 123 56 and
1375 1712 248 72 pitfalls
1661 1713 68 58 of
1762 1712 195 73 poker
1989 1714 83 71 by

71 1792 241 72 George
340 1791 69 57 F.
436 1791 237 70 Worts,
701 1791 131 57 side
857 1790 124 58 line
1010 1790 397 73 suggestions
1437 1791 124 58 and
1584 1791 486 71 interpolations

69 1871 83 70 by
183 1870 177 58 Marc
394 1869 318 72 Connelly,
747 1868 452 59 authoritative
1234 1869 150 57 data
1419 1888 79 38 on
1530 1868 103 58 the
1665 1869 250 72 history
1948 1872 122 56 and

70 1947 324 73 technique
428 1948 66 56 of
525 1947 212 71 poker,
769 1946 320 71 including
1119 1946 170 58 hints
1322 1946 167 57 from
1524 1946 221 74 Hoyle,
1778 1948 84 72 by
1891 1948 73 58 R.
1999 1948 70 57 F.

70 2026 245 72 Foster,
351 2027 123 57 and
510 2046 35 37 a
578 2026 317 58 foreword
926 2025 84 72 by
1044 2024 244 74 George
1323 2025 137 58 Ade
1480 2049 12 48 ;
1528 2025 288 74 together
1851 2026 151 59 with
2036 2048 36 38 a

71 2108 454 68 compartment
562 2104 362 72 containing
959 2123 36 37 a
1034 2106 93 55 set
1164 2101 77 60 of
1266 2103 195 72 poker
1498 2104 174 72 chips
1712 2106 124 56 and
1873 2125 36 38 a
1944 2107 128 71 pad

71 2183 68 57 of
169 2183 49 56 I.
256 2183 66 58 O.
357 2182 76 59 U.
469 2183 221 67 forms,
726 2182 401 58 embellished
1157 2182 84 71 by
1270 2182 311 72 Webster,
1616 2185 197 71 ready
1845 2184 104 57 for
72 2184 1975 134 instant
265 2280 126 38 use.
476 2260 150 57 New
649 2260 189 73 York,
868 2259 216 59 Simon
1110 2262 123 56 and
1260 2260 317 73 Schuster,
1606 2263 166 56 1925.

144 2337 90 52 126,
271 2355 52 30 [1]
361 2352 39 38 p.
461 2337 115 44 illus.
636 2335 52 46 25
697 2339 46 18 cm
749 2372 10 9 .

67 2393 55 54 ©
153 2396 112 51 May
293 2393 68 53 25,
394 2393 104 45 1925
515 2409 8 36 ;
556 2395 64 43 2c.
655 2395 111 52 May
801 2395 49 42 14
866 2409 8 36 ;
908 2395 79 43 aff.
1019 2395 114 52 June
1169 2395 48 42 12
1233 2410 9 37 ;
1277 2397 43 41 A
1353 2395 165 45 829707
1533 2411 9 37 ;
1579 2395 157 47 Simon
1769 2398 37 44 &
1840 2397 229 52 Schuster,

140 2452 83 43 inc.
292 2449 269 55 (25-11284)

72 2523 198 71 Weld,
311 2521 263 58 Francis
612 2521 219 73 Minot,
872 2524 359 57 1840-1893.

147 2591 1922 84 Diaries and letters of Francis Minot Weld, M. D., with
72 2701 36 38 a
144 2682 210 57 sketch
386 2682 69 57 of
483 2681 98 57 his
614 2680 130 72 life,
781 2702 36 37 a
847 2680 169 58 brief
1047 2680 248 73 history
1330 2684 123 56 and
1486 2682 346 73 genealogy
1863 2685 69 57 of
1964 2684 105 58 the

72 2759 223 72 family
338 2760 68 58 of
446 2758 199 70 Weld,
688 2759 84 71 by
815 2759 207 57 Sarah
1065 2758 186 58 Swan
1291 2758 184 59 Weld
1515 2759 212 58 Blake.
1810 2761 258 72 Boston,

72 2837 169 59 Priv.
274 2840 211 69 print.,
516 2836 166 57 1925.

139 2929 95 37 XIX,
268 2918 68 44 [1],
368 2913 80 45 245
477 2927 42 37 p.
584 2912 152 50 front.,
770 2913 132 50 illus.,
933 2913 159 51 plates,
1124 2920 156 44 ports.,
1310 2927 118 38 map,
1461 2912 201 46 facsims.
1722 2916 54 43 24
1782 2917 46 18 cm
1836 2951 9 7 .

71 2968 53 53 ©
151 2969 114 51 June
296 2968 62 52 16,
389 2966 128 52 1925;
548 2968 64 42 2c.
640 2968 87 42 and
754 2967 79 43 aff.
860 2968 115 51 June
1007 2967 73 51 19;
1111 2968 43 41 A
1183 2966 189 53 829774;
1406 2967 145 46 Sarah
1584 2968 134 46 Swan
1747 2970 137 43 Weld
1915 2971 153 51 Blake,

142 3026 183 43 Boston.
394 3023 271 55 (25-11419)

73 3096 280 72 Whaley,
392 3094 335 58 Marcellus
765 3093 335 72 Seabrook,
1141 3096 189 56 1885-

149 3177 129 58 The
305 3177 102 58 old
432 3180 182 67 types
637 3193 152 54 pass
810 3198 12 48 ;
852 3173 226 60 Gullah
1105 3174 279 59 sketches
1411 3175 68 59 of
1503 3175 103 58 the
1638 3174 297 61 Carolina
1963 3197 105 39 sea

74 3252 1994 74 islands, by Marcellus S. Whaley … illustrated by Edna
72 3333 171 57 Reed
307 3331 282 71 Whaley.
692 3331 259 70 Boston,
1022 3330 129 57 The
1224 3328 413 73 Christopher
1705 3332 363 74 publishing

71 3410 191 58 house
295 3439 12 42 [
311 3416 17 21 c
332 3409 164 71 1925]

146 3490 76 42 192
250 3500 40 37 p.
352 3487 152 48 front.,
537 3486 116 44 illus.
680 3484 193 51 (music)
911 3485 156 49 plates.
1127 3485 55 44 20½
1215 3486 47 18 cm
1269 3521 9 7 .

72 3540 53 53 ©
161 3541 120 52 Sept.
315 3539 38 51 7,
388 3539 128 52 1925;
547 3540 67 42 2c.
647 3539 87 43 and
765 3539 79 42 aff.
880 3537 121 53 Sept.
1039 3537 73 52 16;
1147 3539 43 41 A
1225 3537 189 52 864640;
1452 3538 296 53 Christopher
1782 3541 100 52 pub.
1915 3541 152 44 house.

150 3596 270 55 (25-18267)

76 3667 211 59 Who’s
326 3667 136 56 who
501 3666 66 56 in
605 3665 513 73 jurisprudence;
1163 3683 39 38 a
1239 3664 433 73 biographical
1715 3667 352 73 dictionary

154 3745 64 58 of
263 3746 481 69 contemporary
787 3744 265 70 lawyers
1100 3743 124 57 and
1267 3741 225 73 jurists
1541 3745 164 56 1925.
1795 3748 116 71 [1st
1956 3747 110 74 ed.]

150 3819 1916 77 with a complete geographical index … Brooklyn,
150 3900 74 55 N.
256 3900 92 70 Y.,
381 3898 169 58 John
579 3898 96 56 W.
708 3898 291 57 Leonard
1030 3896 402 71 corporation
1467 3927 13 43 [
1481 3905 20 22 c
1505 3900 163 72 1925]
