2533 4412
1081 4082 108 54 153

109 458 190 72 Long,
335 455 168 58 John
533 453 291 70 Andrew,
861 453 190 57 1863-

255 532 1783 84 … Early settlements in America, by John A. Long …
114 623 288 73 Chicago,
441 623 151 57 New
624 620 191 72 York,
849 619 172 70 Row,
1056 616 308 58 Peterson
1400 613 125 58 and
1559 628 307 56 company
1902 639 14 43 [
1918 618 18 22 c
1941 610 147 57 1925]

182 715 62 54 ix,
278 716 54 43 438
392 728 42 39 p.
496 712 83 44 col.
618 711 157 53 front.,
814 710 133 52 illus.,
984 708 84 44 col.
1107 707 159 54 plates.
1330 707 50 44 19½
1415 708 46 17 cm
1469 740 8 8 .
1546 702 127 57 (The
1710 701 182 58 growth
1932 701 52 43 of
2023 715 86 29 our

112 771 184 55 nation)

111 841 56 55 ©
190 841 108 46 Feb.
321 842 69 51 21,
418 839 105 46 1925;
573 841 65 43 2c.
665 839 87 45 and
776 840 80 42 aff.
883 836 106 46 Feb.
1012 835 81 55 27;
1122 837 43 43 A
1190 835 190 53 823203;
1411 835 129 52 Row,
1566 834 223 44 Peterson
1817 831 38 45 &
1880 845 67 30 co.

191 898 242 57 (25-5463)

112 999 191 74 Long,
342 997 282 60 William
659 996 254 74 Joseph,
953 997 189 57 1867-

113 1079 1973 158 Outlines of American literature, with readings, by William J. Long … Boston,
1026 1161 149 57 New
1207 1159 172 59 York
1413 1163 147 69 [etc.]
1596 1158 162 59 Ginn
1794 1158 124 56 and
111 1175 1974 142 company
313 1273 13 43 [
328 1251 18 22 c
351 1244 163 71 1925].

189 1331 1037 58 xviii, 434 p. front. (port.) illus. 20 cm .
191 1406 217 46 Contains
436 1403 368 56 bibliographies.

118 1477 55 54 ©
201 1477 98 54 Jan.
327 1478 68 51 21,
431 1475 104 46 1925;
592 1477 64 42 2c.
689 1474 106 46 Feb.
826 1474 77 53 27;
938 1476 79 42 aff.
1050 1474 105 44 Feb.
1187 1473 80 52 26;
1301 1474 43 42 A
1377 1474 189 48 822199;
1602 1474 75 43 W.
1709 1474 40 52 J.
1785 1473 141 53 Long,

189 1471 1903 116 Stamford,
336 1532 139 46 Conn.
535 1531 67 55 [©
631 1531 225 54 readings]
926 1530 243 55 (25-5197)

116 1632 264 72 Loomis,
416 1632 184 59 Gene.

194 1723 355 59 Handbook
572 1722 104 58 for
699 1723 284 58 teachers
1010 1723 123 58 and
1161 1722 306 72 students,
1491 1721 188 74 being
1704 1742 36 38 a
1767 1722 350 60 discussion

123 1802 68 58 of
226 1802 104 57 the
370 1800 241 71 subject
650 1800 68 58 of
755 1800 268 71 English
1064 1817 320 54 grammar
1422 1798 302 73 designed
1761 1799 103 58 for
1902 1820 111 39 use
2054 1801 63 56 in

122 1880 103 59 the
264 1879 127 71 7th,
432 1879 108 56 8th
582 1879 124 57 and
746 1879 107 56 9th
892 1877 249 71 grades,
1183 1877 133 59 also
1359 1877 104 58 for
1504 1876 352 62 individual
1900 1880 219 70 study;

129 1957 166 60 Gene
348 1956 271 71 Loomis,
674 1956 227 58 author
955 1956 124 56 and
1132 1954 340 73 publisher.
1573 1954 320 76 Kearney,
1950 1958 171 71 Neb.,

122 2045 18 22 c
144 2034 166 62 1925.

193 2112 274 54 cover-title,
495 2112 66 50 68,
595 2113 52 46 [4]
682 2127 40 39 p.
781 2113 58 42 22½
871 2114 46 17 cm
924 2147 8 8 .

124 2183 54 53 ©
204 2182 107 47 Feb.
338 2184 67 50 26,
436 2183 129 52 1925;
594 2184 65 42 2c.
688 2182 87 45 and
802 2183 78 42 aff.
912 2183 119 43 Mar.
1057 2183 51 53 2;
1140 2183 43 42 A
1213 2182 187 54 823240;
1436 2183 50 44 G.
1516 2183 197 53 Loomis,
1746 2184 226 55 Kearney,
2003 2186 115 43 Neb.

203 2239 242 56 (25-5642)

124 2339 162 72 Low,
328 2331 335 79 Benjamin
698 2336 277 60 Robbins
1018 2338 225 69 Curtis,
1285 2341 192 57 1880-

203 2428 366 74 Darkening
599 2448 125 52 sea,
755 2428 85 72 by
869 2428 338 72 Benjamin
1238 2428 72 59 R.
1349 2428 66 60 C.
1450 2431 164 56 Low.
1697 2431 153 59 New
1881 2433 243 72 Haven,

130 2508 152 60 Yale
308 2505 354 73 university
686 2524 213 54 press;
931 2510 148 68 [etc.,
1108 2510 130 70 etc.]
1271 2508 165 56 1925.

198 2586 74 54 vii,
301 2586 52 44 33
383 2600 39 39 p.
482 2585 52 44 23
542 2586 47 18 cm
595 2619 9 9 .

200 2644 177 44 Poems.

129 2699 54 53 ©
208 2698 108 46 Feb.
342 2699 67 46 27,
440 2698 128 53 1925;
596 2700 64 41 2c.
691 2697 118 45 Mar.
834 2699 51 52 2;
916 2699 77 43 aff.
1025 2697 106 45 Feb.
1158 2699 79 52 28;
1268 2698 43 43 A
1338 2700 188 52 822224;
1558 2701 115 42 Yale
1702 2702 118 43 univ.
1849 2717 138 37 press.

209 2754 242 56 (25-5352)

129 2854 253 74 Mathis,
420 2854 226 57 Louise
683 2853 221 74 Ozelle,
944 2857 191 56 1904-

214 2948 175 73 Open
421 2950 188 57 doors
646 2947 114 74 [by]
796 2948 68 57 L.
903 2947 203 59 Ozelle
1141 2948 255 60 Mathis.
1478 2950 458 76 Philadelphia,
136 2956 1970 130 Dorrance
349 3026 48 56 &
424 3043 308 55 company
759 3053 13 45 [
773 3033 20 21 c
796 3026 165 71 1925]

206 3106 50 45 71
286 3122 40 36 p.
390 3106 51 44 19½
474 3107 47 17 cm
525 3140 11 8 .
604 3102 297 54 (Half-title:
933 3103 362 53 Contemporary
1324 3115 139 42 poets,
1496 3108 76 50 13)

135 3159 54 55 ©
219 3160 109 44 Dec.
356 3159 67 50 20,
460 3159 128 51 1924;
620 3158 64 43 2c.
717 3157 99 55 Jan.
848 3158 37 50 9,
921 3156 129 54 1925;
1085 3159 77 43 aff.
1196 3158 98 54 Jan.
1328 3159 48 53 7;
1413 3161 43 42 A
1489 3160 189 56 814609;
1712 3163 236 48 Dorrance
1980 3168 37 44 &
2049 3183 64 29 co.

207 3217 81 44 inc.
357 3214 242 57 (25-5015)

135 3318 236 69 Means,
408 3314 258 59 Charles
701 3315 70 57 E.

207 3408 196 61 Don’t
427 3427 124 52 you
574 3407 362 72 remember,
962 3407 142 57 lad?
1129 3408 84 71 by
1238 3406 259 62 Charles
1526 3409 72 61 E.
1626 3411 239 78 Means,
1891 3416 244 59 Walter

139 3486 78 58 H.
263 3486 281 70 McKay;
590 3484 208 59 edited
839 3485 83 71 by
967 3483 260 60 Charles
1271 3485 72 62 E.
1388 3487 252 74 Means;
1686 3489 282 63 sketches
2011 3498 124 56 and

141 3567 289 55 cartoons
481 3564 84 70 by
613 3561 245 59 Walter
908 3562 78 57 H.
1041 3561 253 75 McKay
1345 3565 124 57 and
1517 3566 227 60 Milton
1795 3571 67 57 P.
1918 3571 213 59 Ward.

142 3641 341 60 Published
513 3638 272 75 through
817 3640 104 56 the
955 3644 292 69 courtesy
1280 3641 68 57 of
1379 3641 104 58 the
1518 3643 205 60 Geans
1757 3648 153 58 club.
143 3649 1969 145 Chicago,
344 3718 78 61 H.
452 3719 75 56 R.
556 3715 186 60 Arris
771 3718 49 55 &
848 3736 306 54 company
1184 3746 14 44 [
1198 3727 21 22 c
1222 3719 163 74 1925]

217 3795 75 46 135
322 3812 39 37 p.
422 3796 129 51 illus.,
581 3803 126 45 port.,
741 3794 106 45 fold.
877 3802 115 45 port,
1023 3809 158 39 group.
1240 3797 53 43 23½
1329 3799 48 18 cm
1382 3832 10 9 .

216 3853 96 45 “To
347 3853 76 44 the
456 3852 221 44 members
712 3850 52 46 of
798 3851 127 45 Field
960 3852 196 53 hospital
1195 3852 88 52 132,
1320 3854 53 44 of
1404 3855 155 46 whose
1595 3857 288 53 experiences
1923 3862 87 43 this
2045 3877 94 29 was

145 3910 221 45 written.”

145 3966 55 54 ©
224 3967 98 52 Jan.
349 3967 38 48 9,
417 3965 128 51 1925;
571 3966 64 42 2c.
661 3966 87 43 and
773 3967 78 41 aff.
879 3966 97 51 Jan.
1010 3966 73 50 12;
1113 3966 43 42 A
1183 3966 189 53 814625;
1404 3967 48 44 C.
1482 3969 51 47 E.
1564 3971 160 44 Means
1752 3974 87 44 and
1867 3975 179 44 Walter
2127 4012 8 8 H.

217 4023 201 52 McKay,
448 4020 213 54 Chicago.
726 4017 244 58 (25-5269)
