2533 4412
1016 4099 110 57 733

77 454 307 72 Foerster,
424 454 293 73 Norman,
759 456 189 57 1887-
1105 456 90 58 ed.

155 544 336 57 American
520 547 227 69 poetry
778 545 124 57 and
931 563 206 54 prose,
1169 563 37 39 a
1236 544 160 59 book
1429 544 67 59 of
1526 544 314 76 readings,
1875 547 189 58 1607-

80 621 1984 76 1916, edited by Norman Foerster … under the general
80 698 1984 76 editorship of Robert Morss Lovett … Boston, New York
79 780 146 71 [etc.]
256 777 341 73 Houghton
625 777 216 57 Mifflin
868 796 304 56 company
1201 807 14 44 [
1218 785 18 23 c
1239 779 163 72 1925]

152 857 91 52 xvi,
277 855 103 46 1063
413 871 40 39 p.
512 856 52 45 23
573 858 47 19 cm
625 891 10 10 .

74 911 57 53 ©
160 912 106 53 July
298 912 63 53 15,
394 911 128 53 1925;
553 912 65 44 2c.
648 913 107 52 July
781 913 79 52 24;
892 913 79 44 aff.
1000 913 107 53 July
1134 913 79 53 23;
1245 914 43 42 A
1320 912 191 54 861173;
1545 914 59 43 N.
1638 913 224 53 Foerster,
1897 914 168 53 Chapel

149 969 113 52 Hill,
299 969 59 43 N.
396 968 49 45 C.
514 968 269 56 (25-14232)

76 1067 259 72 French,
377 1066 282 59 William
695 1066 302 75 Fleming.

158 1159 167 57 Your
360 1159 339 59 children’s
731 1159 154 59 food,
935 1160 168 58 what
1135 1158 52 61 it
1218 1160 54 57 is
1310 1162 125 57 and
1464 1159 168 59 what
1664 1159 52 60 it
1748 1179 214 41 means
1998 1165 65 55 to

74 1236 185 70 them,
300 1238 84 71 by
420 1235 279 59 William
740 1236 287 73 Fleming
1066 1236 261 58 French.
1411 1238 80 59 2d
1530 1238 112 70 ed.,
1683 1239 381 72 thoroughly

77 1309 1992 76 rev. and enl. by Juanita E. Darrah … Being a popular
72 1390 432 76 presentation
549 1392 68 57 of
659 1391 103 59 the
802 1391 160 58 vital
1005 1391 241 74 subject
1290 1394 68 58 of
1398 1391 538 60 nutrition—with
1983 1413 81 39 an

71 1470 531 60 understandable
630 1471 402 70 explanation
1057 1471 68 58 of
1148 1470 106 59 the
1278 1468 272 75 findings
1580 1471 66 60 of
1672 1472 106 58 the
1804 1473 259 58 world’s

72 1551 278 69 greatest
383 1546 390 60 authorities.
859 1546 306 73 [Chicago]
1202 1547 200 59 Home
1436 1548 340 60 economics
71 1550 1968 134 department

267 1626 68 58 of
357 1624 106 60 the
491 1624 283 59 Calumet
798 1622 232 74 baking
1057 1625 253 71 powder
1338 1645 85 40 co.
1455 1653 13 44 [
1471 1631 18 22 c
1492 1624 164 73 1925]

140 1700 934 54 4 p. l., 5-87 p. illus., diagr. 22½ cm .
75 1754 53 54 ©
155 1757 115 51 June
295 1756 65 50 30,
390 1753 129 54 1925;
546 1755 66 44 2c.
638 1756 87 42 and
751 1755 80 43 aff.
857 1754 106 53 July
993 1754 74 53 18;
1096 1754 45 43 A
1169 1754 189 53 861112;
1387 1756 76 43 W.
1492 1754 51 45 F.
1573 1754 189 53 French,
1794 1755 214 54 Chicago.

153 1810 270 57 (25-13756)

74 1911 229 74 Fuller,
342 1911 235 59 Robert
612 1912 283 71 Warren,
937 1914 191 57 1871-

152 2002 408 72 Elementary
583 2000 340 74 principles
950 1999 68 60 of
1040 2000 273 75 physics,
1335 2002 85 72 by
1443 2001 239 59 Robert
1701 2002 98 59 W.
1826 2002 235 74 Fuller,

75 2079 1984 76 Raymond B. Brownlee, and D. Lee Baker … Boston,
73 2159 153 58 New
247 2158 174 58 York
448 2162 146 70 [etc.]
622 2157 192 73 Allyn
841 2158 124 57 and
989 2157 213 58 Bacon
1231 2187 13 44 [
1245 2164 19 22 c
1268 2158 164 73 1925]

150 2237 61 53 ix,
238 2236 94 53 859,
362 2238 48 43 13
438 2252 40 38 p.
539 2237 150 50 front.,
718 2235 130 52 illus6.,
874 2236 82 44 col.
983 2251 71 38 pl.,
1085 2243 152 46 ports.,
1265 2236 167 52 diagrs.
1495 2238 49 42 19½
1580 2238 47 18 cm
1633 2271 9 9 .

74 2292 54 54 ©
157 2295 111 51 Apr.
303 2295 64 51 11,
398 2292 129 53 1925;
559 2294 64 42 2c.
653 2293 107 53 July
791 2294 75 50 13;
898 2293 79 43 aff.
1006 2293 108 52 July
1146 2292 73 53 10;
1252 2293 43 42 A
1326 2292 189 53 855854;
1549 2294 53 42 R.
1634 2294 75 44 W.
1743 2293 167 53 Fuller,
144 2295 1899 99 Raymond

308 2350 50 42 B.
389 2349 251 51 Brownlee,
670 2348 141 44 Davis
842 2349 88 43 Lee
959 2349 162 52 Baker,
1150 2349 119 44 New
1297 2350 143 43 York.
1508 2348 271 56 (25-13471)

73 2448 141 72 Gill,
253 2449 215 73 Harry
501 2446 329 76 Lovering.

150 2544 202 57 Track
387 2545 124 57 and
541 2542 146 59 field
723 2542 286 60 athletics
1048 2545 104 56 for
1186 2543 189 57 coach
1411 2545 125 57 and
1571 2546 371 69 contestant,
1980 2545 84 71 by

71 2617 1992 77 Harry Gill … Rev. ed. Champaign, Ill., Bailey and
70 2699 239 71 Himes,
334 2708 20 21 c
358 2700 165 58 1925.

140 2774 1302 55 3 p. l., 166 p. front., (port.) illus., diagrs. 23½c m .
74 2830 53 54 ©
158 2832 110 51 Apr.
304 2829 62 51 15,
401 2827 130 55 1925;
562 2830 66 43 2c.
659 2831 115 51 June
802 2829 79 52 26;
914 2830 80 43 aff.
1024 2829 106 53 July
1164 2830 74 51 13;
1271 2830 43 42 A
1347 2828 190 53 855901;
1573 2828 157 53 Bailey
1761 2830 38 44 &
1830 2830 176 43 Himes.

152 2885 269 57 (25-13523)

75 2972 250 68 Greene,
364 2972 213 71 Harry
609 2971 222 72 Noyes,
870 2972 90 58 ed.

148 3064 297 58 Uniform
476 3063 169 70 laws,
681 3063 358 70 annotated,
1074 3063 91 56 ed.
1199 3062 84 72 by
1314 3062 79 56 H.
1429 3060 209 73 Noyes
1675 3061 258 72 Greene,
77 3081 1961 119 assisted

300 3142 83 71 by
410 3141 104 57 the
546 3140 292 57 editorial
868 3139 153 57 staff
1051 3139 65 57 of
1146 3139 104 57 the
1282 3139 373 72 publishers.
1727 3139 176 58 Book
1933 3142 129 56 6-8.

75 3220 370 71 Northport,
479 3219 74 56 N.
589 3219 95 71 Y.,
719 3218 276 58 Edward
1031 3218 359 71 Thompson
1426 3236 322 53 company,
1786 3219 165 56 1922.

142 3297 25 43 3
195 3312 42 27 V.
293 3296 52 44 23½
381 3298 47 19 cm
435 3330 9 9 .

146 3351 450 45 CONTENTS.—book
624 3357 39 37 6.
692 3349 220 46 Uniform
941 3350 129 43 stock
1098 3350 200 44 transfer
1327 3351 261 42 act.—book
1618 3355 39 39 7.
1689 3350 219 44 Uniform
73 3356 1969 104 partnership

279 3409 264 42 act.—book
571 3414 40 36 8.
639 3406 220 45 Uniform
886 3406 172 44 limited
1087 3406 285 52 partnership
1401 3413 83 36 act.

74 3462 54 54 ©
151 3466 98 51 Jan.
275 3465 66 51 31,
370 3464 129 51 1923;
525 3463 64 43 2c.
615 3463 108 44 each
748 3465 87 42 and
859 3464 102 42 affs.
987 3465 115 51 June
1124 3462 67 53 20,
1222 3461 130 53 1925;
1380 3463 43 42 A
1449 3460 384 55 855623-855625;
1863 3461 199 48 Edward

144 3520 263 52 Thompson
435 3534 65 29 co.

76 3603 260 71 Griffith,
373 3602 354 60 Frederick.

153 3694 128 57 The
309 3693 173 58 third
507 3697 198 67 mate;
733 3694 139 57 how
899 3697 64 55 to
991 3694 246 57 become
1267 3713 80 37 an
1375 3693 203 57 officer
1603 3693 66 57 in
1696 3693 104 58 the
1827 3692 237 59 United

77 3775 210 59 States
334 3795 105 39 sea
483 3776 253 72 service,
778 3773 152 61 with
972 3774 142 61 first
1155 3777 241 57 lessons
1440 3774 65 58 in
1547 3773 386 74 navigation,
1977 3774 84 72 by

75 3850 1827 75 F. Griffith … New York [Anchor press] 1921 [ c 1925]
147 3928 82 47 504
253 3943 42 38 p.
354 3929 130 49 illus.,
513 3928 170 52 diagrs.
738 3932 52 43 21½
826 3932 49 19 cm
878 3965 10 10 .

77 3980 53 54 ©
157 3984 116 51 June
304 3982 61 49 15,
398 3981 130 53 1925;
558 3983 64 42 2c.
653 3983 87 42 and
768 3983 78 43 aff.
876 3984 118 51 June
1019 3981 79 54 25;
1131 3983 43 42 A
1203 3981 189 53 855664;
1425 3982 50 44 F.
1508 3982 193 52 Griffith,
1734 3980 325 53 Philadelphia.

155 4036 270 50 (25-12770)
