<alto xmlns="http://www.loc.gov/standards/alto/ns-v3#" xmlns:xlink="http://www.w3.org/1999/xlink" xmlns:xsi="http://www.w3.org/2001/XMLSchema-instance" xsi:schemaLocation="http://www.loc.gov/standards/alto/ns-v3# http://www.loc.gov/alto/v3/alto-3-0.xsd"><Description>
<MeasurementUnit>pixel</MeasurementUnit>
<sourceImageInformation>
<fileName>1925_v22_Part001.pdf</fileName>
</sourceImageInformation>
<OCRProcessing ID="IdOcr">
<ocrProcessingStep>
<processingDateTime>2019-04-03</processingDateTime>
<processingSoftware>
<softwareCreator>ABBYY</softwareCreator>
<softwareName>ABBYY Recognition Server</softwareName>
<softwareVersion>4.0</softwareVersion>
</processingSoftware>
</ocrProcessingStep>
</OCRProcessing>
</Description>
<Styles>
<ParagraphStyle ID="StyleId-FFFFFFFF-FFFF-FFFF-FFFF-FFFFFFFFFFFF-" ALIGN="Left" LEFT="0." RIGHT="0." FIRSTLINE="0."/>
<ParagraphStyle ID="StyleId-2E5B4E57-07AD-4719-97CB-14521F7F4F8A-" ALIGN="Left" LEFT="0." RIGHT="0." FIRSTLINE="0." LINESPACE="8.899999619"/>
<ParagraphStyle ID="StyleId-62A6F688-D6E3-4EFC-837B-4A4C4EB582B7-" ALIGN="Center" LEFT="0." RIGHT="0." FIRSTLINE="0." LINESPACE="12.19999981"/>
<ParagraphStyle ID="StyleId-21B71EBC-BDB5-4E16-A8F2-58189A39665B-" ALIGN="Block" LEFT="0." RIGHT="0." FIRSTLINE="-13." LINESPACE="11.35000038"/>
<ParagraphStyle ID="StyleId-1E1A68C4-DD4F-417A-A13D-7FEC29ECB499-" ALIGN="Block" LEFT="0." RIGHT="0." FIRSTLINE="-15." LINESPACE="13.30000019"/>
<ParagraphStyle ID="StyleId-6B39EC51-644D-4E90-AF07-84EF2B1E466A-" ALIGN="Block" LEFT="0." RIGHT="0." FIRSTLINE="-15." LINESPACE="8.340000153"/>
<ParagraphStyle ID="StyleId-2C1BA15F-E223-41D6-853D-AAFBDAC17E68-" ALIGN="Center" LEFT="0." RIGHT="0." FIRSTLINE="0." LINESPACE="13."/>
<ParagraphStyle ID="StyleId-A3B2CDF3-43F0-422C-90A0-E074BFEC3BC0-" ALIGN="Block" LEFT="0." RIGHT="0." FIRSTLINE="0." LINESPACE="8.899999619"/>
<ParagraphStyle ID="StyleId-28AB2493-EA15-49C1-A6AC-ED5BC404F0B9-" ALIGN="Center" LEFT="0." RIGHT="0." FIRSTLINE="0." LINESPACE="12.19999981"/>
<ParagraphStyle ID="StyleId-4417A6D4-97E2-4EFC-962D-7FBC0D5273E4-" ALIGN="Left" LEFT="0." RIGHT="0." FIRSTLINE="15." LINESPACE="8.340000153"/>
<ParagraphStyle ID="StyleId-D4EF9C5E-3110-4A39-B7BC-3D84E0F04894-" ALIGN="Center" LEFT="0." RIGHT="0." FIRSTLINE="0." LINESPACE="13.30000019"/>
<ParagraphStyle ID="StyleId-D1243F31-1201-4D92-8F69-43ADB01E9AD1-" ALIGN="Left" LEFT="0." RIGHT="0." FIRSTLINE="-13." LINESPACE="13.30000019"/>
<ParagraphStyle ID="StyleId-C65417C6-23F2-4D8F-BA55-ECE73D98CAB9-" ALIGN="Left" LEFT="0." RIGHT="0." FIRSTLINE="0." LINESPACE="8.899999619"/>
<ParagraphStyle ID="StyleId-835763C1-08DD-41BE-8BAD-8E41EA88DAE3-" ALIGN="Center" LEFT="0." RIGHT="0." FIRSTLINE="0." LINESPACE="11.10000038"/>
<ParagraphStyle ID="StyleId-78FD6B81-8F83-422D-8DF4-4274EAFD19C6-" ALIGN="Block" LEFT="0." RIGHT="0." FIRSTLINE="-17." LINESPACE="12.19999981"/>
<ParagraphStyle ID="StyleId-F506BC7F-570D-458B-9F05-A143E1F5FD17-" ALIGN="Block" LEFT="0." RIGHT="0." FIRSTLINE="-17." LINESPACE="11.35000038"/>
<ParagraphStyle ID="StyleId-CBE02C6B-22D0-48C6-A874-7E90A22F4375-" ALIGN="Center" LEFT="0." RIGHT="0." FIRSTLINE="0." LINESPACE="4.400000095"/>
<ParagraphStyle ID="StyleId-14CC0121-63AF-4AB4-9656-E02F46C61AF2-" ALIGN="Left" LEFT="0." RIGHT="0." FIRSTLINE="0." LINESPACE="8.899999619"/>
<ParagraphStyle ID="StyleId-DD64CECB-1B22-4BFF-84F0-DFDE2B0000F8-" ALIGN="Left" LEFT="0." RIGHT="0." FIRSTLINE="0." LINESPACE="12.19999981"/>
<ParagraphStyle ID="StyleId-8AEF4AA8-141A-4E5D-9C3E-C0F9F43C742F-" ALIGN="Left" LEFT="0." RIGHT="0." FIRSTLINE="0." LINESPACE="8.300000191"/>
<ParagraphStyle ID="StyleId-8C396D2A-39C0-48AB-BABA-2679D8AB257E-" ALIGN="Left" LEFT="0." RIGHT="0." FIRSTLINE="0." LINESPACE="11.10000038"/>
<ParagraphStyle ID="StyleId-3B7FE50F-10D4-487F-BDCD-FD26EB60FD4A-" ALIGN="Block" LEFT="0." RIGHT="0." FIRSTLINE="13." LINESPACE="8.340000153"/>
<ParagraphStyle ID="StyleId-8CC5CC8E-615B-4C42-BB46-DB28FA355C27-" ALIGN="Left" LEFT="0." RIGHT="0." FIRSTLINE="0." LINESPACE="12.19999981"/>
<ParagraphStyle ID="StyleId-BC67E79D-8D99-4188-8B35-A59DBB7E2BB0-" ALIGN="Block" LEFT="0." RIGHT="0." FIRSTLINE="11." LINESPACE="9.399999619"/>
</Styles>
<Layout>
<Page ID="Page1558" PHYSICAL_IMG_NR="1558" HEIGHT="4412" WIDTH="2533">
<TopMargin HEIGHT="334" WIDTH="2533" VPOS="0" HPOS="0">
</TopMargin>
<LeftMargin HEIGHT="3744" WIDTH="334" VPOS="334" HPOS="0">
</LeftMargin>
<RightMargin HEIGHT="3744" WIDTH="118" VPOS="334" HPOS="2415">
</RightMargin>
<BottomMargin HEIGHT="334" WIDTH="2533" VPOS="4078" HPOS="0">
</BottomMargin>
<PrintSpace HEIGHT="3744" WIDTH="2081" VPOS="334" HPOS="334">
<TextBlock ID="Page1558_Block1" HEIGHT="76" WIDTH="168" VPOS="4002" HPOS="1274" LANG="en-US" STYLEREFS="StyleId-78DD21F7-5920-464A-86E0-059B6246CED3-">
<TextLine HEIGHT="55" WIDTH="149" VPOS="4013" HPOS="1283">
<String CONTENT="1558" HEIGHT="55" WIDTH="149" VPOS="4013" HPOS="1283"/>
</TextLine>
</TextBlock>
<TextBlock ID="Page1558_Block2" HEIGHT="3627" WIDTH="2081" VPOS="334" HPOS="334" LANG="en-US" CS="1" STYLEREFS="StyleId-78DD21F7-5920-464A-86E0-059B6246CED3-">
<TextLine HEIGHT="74" WIDTH="788" VPOS="344" HPOS="345" STYLEREFS="StyleId-D9018F81-3450-4256-97B7-0E5B4F88A91A-">
<String CONTENT="Momet," HEIGHT="71" WIDTH="267" VPOS="347" HPOS="345"/>
<SP HEIGHT="73" WIDTH="40" VPOS="345" HPOS="613"/>
<String CONTENT="Daniel," HEIGHT="72" WIDTH="245" VPOS="344" HPOS="654"/>
<SP HEIGHT="68" WIDTH="42" VPOS="348" HPOS="900"/>
<String CONTENT="1878-" HEIGHT="57" WIDTH="190" VPOS="347" HPOS="943"/>
</TextLine>
<TextLine HEIGHT="73" WIDTH="1934" VPOS="436" HPOS="422" CS="1">
<String LANG="en-US" CONTENT="Histoire" HEIGHT="60" WIDTH="287" VPOS="436" HPOS="422"/>
<SP HEIGHT="56" WIDTH="28" VPOS="440" HPOS="710"/>
<String LANG="la" CONTENT="des" HEIGHT="56" WIDTH="110" VPOS="440" HPOS="739"/>
<SP HEIGHT="51" WIDTH="28" VPOS="458" HPOS="850"/>
<String LANG="la" CONTENT="grandes" HEIGHT="69" WIDTH="274" VPOS="440" HPOS="879"/>
<SP HEIGHT="40" WIDTH="27" VPOS="455" HPOS="1154"/>
<String LANG="en-US" CS="1" CONTENT="&#339;uvres" HEIGHT="39" WIDTH="188" VPOS="455" HPOS="1235"/>
<SP HEIGHT="56" WIDTH="29" VPOS="441" HPOS="1424"/>
<String LANG="de" CONTENT="de" HEIGHT="56" WIDTH="76" VPOS="441" HPOS="1454"/>
<SP HEIGHT="57" WIDTH="28" VPOS="440" HPOS="1531"/>
<String LANG="en-US" CONTENT="la" HEIGHT="57" WIDTH="61" VPOS="440" HPOS="1560"/>
<SP HEIGHT="59" WIDTH="26" VPOS="438" HPOS="1622"/>
<String LANG="en-US" CS="1" CONTENT="litt&#233;rature" HEIGHT="59" WIDTH="358" VPOS="436" HPOS="1649"/>
<SP HEIGHT="58" WIDTH="28" VPOS="437" HPOS="2008"/>
<String LANG="en-US" CS="1" CONTENT="fran&#231;aise" HEIGHT="58" WIDTH="319" VPOS="436" HPOS="2037"/>
</TextLine>
<TextLine HEIGHT="77" WIDTH="2014" VPOS="512" HPOS="344" CS="1">
<String CONTENT="par" HEIGHT="53" WIDTH="119" VPOS="536" HPOS="344"/>
<SP HEIGHT="57" WIDTH="32" VPOS="516" HPOS="464"/>
<String CONTENT="Daniel" HEIGHT="58" WIDTH="228" VPOS="515" HPOS="497"/>
<SP HEIGHT="57" WIDTH="26" VPOS="516" HPOS="726"/>
<String CS="1" CONTENT="Mornet" HEIGHT="57" WIDTH="254" VPOS="516" HPOS="753"/>
<SP HEIGHT="55" WIDTH="35" VPOS="518" HPOS="1008"/>
<String CS="1" CONTENT="&#8230;"/>
<SP HEIGHT="73" WIDTH="87" VPOS="512" HPOS="1108"/>
<String CONTENT="Quatre" HEIGHT="73" WIDTH="237" VPOS="512" HPOS="1196"/>
<SP HEIGHT="53" WIDTH="28" VPOS="534" HPOS="1434"/>
<String CONTENT="planches" HEIGHT="73" WIDTH="299" VPOS="514" HPOS="1463"/>
<SP HEIGHT="58" WIDTH="30" VPOS="516" HPOS="1763"/>
<String CONTENT="hors" HEIGHT="57" WIDTH="152" VPOS="516" HPOS="1794"/>
<SP HEIGHT="53" WIDTH="31" VPOS="520" HPOS="1947"/>
<String LANG="de" CONTENT="texte" HEIGHT="54" WIDTH="168" VPOS="520" HPOS="1979"/>
<SP HEIGHT="72" WIDTH="44" VPOS="516" HPOS="2148"/>
<String CONTENT="(huit" HEIGHT="75" WIDTH="165" VPOS="513" HPOS="2193"/>
</TextLine>
<TextLine HEIGHT="76" WIDTH="1219" VPOS="591" HPOS="345">
<String CONTENT="gravures)" HEIGHT="76" WIDTH="339" VPOS="591" HPOS="345"/>
<SP HEIGHT="72" WIDTH="89" VPOS="591" HPOS="685"/>
<String CONTENT="Paris," HEIGHT="71" WIDTH="207" VPOS="592" HPOS="775"/>
<SP HEIGHT="70" WIDTH="29" VPOS="593" HPOS="983"/>
<String CONTENT="Larousse" HEIGHT="59" WIDTH="317" VPOS="593" HPOS="1013"/>
<SP HEIGHT="52" WIDTH="29" VPOS="613" HPOS="1331"/>
<String CONTENT="[" HEIGHT="43" WIDTH="13" VPOS="622" HPOS="1361"/>
<String STYLE="superscript" CONTENT="c" HEIGHT="21" WIDTH="17" VPOS="601" HPOS="1377"/>
<String CONTENT="1925]" HEIGHT="74" WIDTH="166" VPOS="592" HPOS="1398"/>
</TextLine>
<TextLine HEIGHT="53" WIDTH="582" VPOS="684" HPOS="413" STYLEREFS="StyleId-A507F384-CD31-4BC8-AB2E-D4A4D20FE5F5-" CS="1">
<String CONTENT="260" HEIGHT="45" WIDTH="84" VPOS="685" HPOS="413"/>
<SP HEIGHT="51" WIDTH="24" VPOS="686" HPOS="498"/>
<String CONTENT="p." HEIGHT="38" WIDTH="40" VPOS="699" HPOS="523"/>
<SP HEIGHT="38" WIDTH="58" VPOS="698" HPOS="564"/>
<String CONTENT="plates." HEIGHT="52" WIDTH="161" VPOS="684" HPOS="623"/>
<SP HEIGHT="42" WIDTH="62" VPOS="685" HPOS="785"/>
<String CS="1" CONTENT="19&#189;" HEIGHT="45" WIDTH="52" VPOS="685" HPOS="848"/>
<String STYLE="superscript" CS="1" CONTENT="cm" HEIGHT="18" WIDTH="16" VPOS="686" HPOS="932"/>
<String CONTENT="." HEIGHT="8" WIDTH="8" VPOS="720" HPOS="987"/>
</TextLine>
<TextLine HEIGHT="53" WIDTH="1945" VPOS="753" HPOS="414" STYLEREFS="StyleId-A507F384-CD31-4BC8-AB2E-D4A4D20FE5F5-" CS="1">
<String CONTENT="The" HEIGHT="46" WIDTH="101" VPOS="754" HPOS="414"/>
<SP HEIGHT="38" WIDTH="31" VPOS="768" HPOS="516"/>
<String CONTENT="present" HEIGHT="44" WIDTH="186" VPOS="762" HPOS="548"/>
<SP HEIGHT="36" WIDTH="31" VPOS="762" HPOS="735"/>
<String CONTENT="work" HEIGHT="45" WIDTH="135" VPOS="754" HPOS="767"/>
<SP HEIGHT="44" WIDTH="31" VPOS="754" HPOS="903"/>
<String CONTENT="and" HEIGHT="44" WIDTH="88" VPOS="755" HPOS="935"/>
<SP HEIGHT="44" WIDTH="32" VPOS="755" HPOS="1024"/>
<String CS="1" CONTENT="the" HEIGHT="46" WIDTH="57" VPOS="753" HPOS="1077"/>
<SP HEIGHT="30" WIDTH="31" VPOS="769" HPOS="1135"/>
<String CONTENT="author&#8217;s" HEIGHT="45" WIDTH="206" VPOS="754" HPOS="1167"/>
<SP HEIGHT="44" WIDTH="37" VPOS="755" HPOS="1374"/>
<String CONTENT="&#8220;Histoire" HEIGHT="45" WIDTH="241" VPOS="753" HPOS="1412"/>
<SP HEIGHT="44" WIDTH="33" VPOS="757" HPOS="1654"/>
<String LANG="de" CONTENT="de" HEIGHT="44" WIDTH="56" VPOS="757" HPOS="1688"/>
<SP HEIGHT="44" WIDTH="32" VPOS="756" HPOS="1745"/>
<String CONTENT="la" HEIGHT="44" WIDTH="44" VPOS="756" HPOS="1778"/>
<SP HEIGHT="44" WIDTH="31" VPOS="756" HPOS="1823"/>
<String CONTENT="litterature" HEIGHT="45" WIDTH="259" VPOS="756" HPOS="1855"/>
<SP HEIGHT="29" WIDTH="31" VPOS="772" HPOS="2115"/>
<String LANG="de" CONTENT="et" HEIGHT="37" WIDTH="43" VPOS="764" HPOS="2147"/>
<SP HEIGHT="39" WIDTH="34" VPOS="763" HPOS="2191"/>
<String LANG="de" CONTENT="de" HEIGHT="39" WIDTH="54" VPOS="763" HPOS="2226"/>
<SP HEIGHT="45" WIDTH="33" VPOS="756" HPOS="2281"/>
<String CONTENT="la" HEIGHT="46" WIDTH="44" VPOS="756" HPOS="2315"/>
</TextLine>
<TextLine HEIGHT="56" WIDTH="2015" VPOS="808" HPOS="343" STYLEREFS="StyleId-A507F384-CD31-4BC8-AB2E-D4A4D20FE5F5-" CS="1">
<String CS="1" CONTENT="pens&#233;e" HEIGHT="39" WIDTH="165" VPOS="825" HPOS="343"/>
<SP HEIGHT="46" WIDTH="37" VPOS="810" HPOS="509"/>
<String CS="1" CONTENT="fran&#231;aises&#8221;" HEIGHT="46" WIDTH="279" VPOS="808" HPOS="547"/>
<SP HEIGHT="47" WIDTH="36" VPOS="808" HPOS="827"/>
<String CONTENT="are" HEIGHT="29" WIDTH="79" VPOS="826" HPOS="864"/>
<SP HEIGHT="38" WIDTH="30" VPOS="824" HPOS="944"/>
<String CONTENT="published" HEIGHT="54" WIDTH="242" VPOS="808" HPOS="975"/>
<SP HEIGHT="46" WIDTH="34" VPOS="810" HPOS="1218"/>
<String CONTENT="in" HEIGHT="44" WIDTH="46" VPOS="810" HPOS="1253"/>
<SP HEIGHT="29" WIDTH="35" VPOS="826" HPOS="1300"/>
<String CONTENT="a" HEIGHT="28" WIDTH="26" VPOS="827" HPOS="1336"/>
<SP HEIGHT="28" WIDTH="35" VPOS="827" HPOS="1363"/>
<String CONTENT="single" HEIGHT="53" WIDTH="148" VPOS="810" HPOS="1399"/>
<SP HEIGHT="30" WIDTH="33" VPOS="827" HPOS="1548"/>
<String CONTENT="volume" HEIGHT="46" WIDTH="185" VPOS="811" HPOS="1582"/>
<SP HEIGHT="30" WIDTH="35" VPOS="826" HPOS="1768"/>
<String CONTENT="under" HEIGHT="45" WIDTH="146" VPOS="812" HPOS="1804"/>
<SP HEIGHT="37" WIDTH="32" VPOS="820" HPOS="1951"/>
<String CONTENT="title:" HEIGHT="46" WIDTH="125" VPOS="812" HPOS="1984"/>
<SP HEIGHT="45" WIDTH="37" VPOS="813" HPOS="2110"/>
<String CONTENT="Histoire" HEIGHT="47" WIDTH="210" VPOS="812" HPOS="2148"/>
</TextLine>
<TextLine HEIGHT="55" WIDTH="1926" VPOS="865" HPOS="346" STYLEREFS="StyleId-A507F384-CD31-4BC8-AB2E-D4A4D20FE5F5-" CS="1">
<String LANG="de" CONTENT="generale" HEIGHT="48" WIDTH="213" VPOS="867" HPOS="346"/>
<SP HEIGHT="44" WIDTH="30" VPOS="870" HPOS="560"/>
<String LANG="de" CONTENT="de" HEIGHT="44" WIDTH="53" VPOS="870" HPOS="591"/>
<SP HEIGHT="45" WIDTH="32" VPOS="869" HPOS="645"/>
<String LANG="en-US" CONTENT="la" HEIGHT="44" WIDTH="42" VPOS="869" HPOS="678"/>
<SP HEIGHT="46" WIDTH="29" VPOS="867" HPOS="721"/>
<String LANG="en-US" CONTENT="litterature" HEIGHT="47" WIDTH="258" VPOS="867" HPOS="751"/>
<SP HEIGHT="46" WIDTH="30" VPOS="868" HPOS="1010"/>
<String LANG="en-US" CS="1" CONTENT="fran&#231;aise" HEIGHT="47" WIDTH="227" VPOS="865" HPOS="1041"/>
<SP HEIGHT="33" WIDTH="27" VPOS="881" HPOS="1269"/>
<String LANG="en-US" CS="1" CONTENT="expos&#233;e" HEIGHT="39" WIDTH="200" VPOS="881" HPOS="1297"/>
<SP HEIGHT="32" WIDTH="29" VPOS="882" HPOS="1498"/>
<String LANG="en-US" CONTENT="selon" HEIGHT="47" WIDTH="125" VPOS="867" HPOS="1528"/>
<SP HEIGHT="31" WIDTH="28" VPOS="883" HPOS="1654"/>
<String LANG="la" CONTENT="une" HEIGHT="31" WIDTH="88" VPOS="883" HPOS="1683"/>
<SP HEIGHT="28" WIDTH="30" VPOS="886" HPOS="1772"/>
<String LANG="la" CONTENT="m" HEIGHT="28" WIDTH="45" VPOS="886" HPOS="1803"/>
<String LANG="en-US" CS="1" CONTENT="&#233;"/>
<String LANG="la" CONTENT="thode" HEIGHT="45" WIDTH="138" VPOS="868" HPOS="1877"/>
<SP HEIGHT="31" WIDTH="30" VPOS="884" HPOS="2016"/>
<String LANG="en-US" CONTENT="nou" HEIGHT="31" WIDTH="92" VPOS="885" HPOS="2047"/>
<String LANG="la" CONTENT="velle." HEIGHT="46" WIDTH="129" VPOS="869" HPOS="2143"/>
</TextLine>
<TextLine HEIGHT="55" WIDTH="1817" VPOS="934" HPOS="347" STYLEREFS="StyleId-4D421848-B849-4896-A7EC-C0C7059ABCF4-" CS="1">
<String CONTENT="&#169;" HEIGHT="54" WIDTH="53" VPOS="934" HPOS="347"/>
<SP HEIGHT="55" WIDTH="26" VPOS="934" HPOS="401"/>
<String CONTENT="July" HEIGHT="52" WIDTH="107" VPOS="937" HPOS="428"/>
<SP HEIGHT="53" WIDTH="24" VPOS="936" HPOS="536"/>
<String CONTENT="25," HEIGHT="53" WIDTH="70" VPOS="934" HPOS="561"/>
<SP HEIGHT="50" WIDTH="31" VPOS="937" HPOS="632"/>
<String CONTENT="1925;" HEIGHT="54" WIDTH="131" VPOS="934" HPOS="664"/>
<SP/>
<String CS="1" CONTENT="1c."/>
<SP HEIGHT="44" WIDTH="30" VPOS="935" HPOS="892"/>
<String CONTENT="Dec." HEIGHT="44" WIDTH="110" VPOS="935" HPOS="923"/>
<SP HEIGHT="45" WIDTH="28" VPOS="934" HPOS="1034"/>
<String CONTENT="7;" HEIGHT="53" WIDTH="49" VPOS="934" HPOS="1063"/>
<SP HEIGHT="52" WIDTH="29" VPOS="935" HPOS="1113"/>
<!-- cceid 3773D612-6DD5-1014-B757-AF09C522E301 --><String CONTENT="A&#8212;Foreign" HEIGHT="54" WIDTH="308" VPOS="934" HPOS="1143"/>
<SP HEIGHT="42" WIDTH="22" VPOS="936" HPOS="1452"/>
<String CONTENT="29374;" HEIGHT="53" WIDTH="163" VPOS="935" HPOS="1475"/>
<SP HEIGHT="51" WIDTH="33" VPOS="937" HPOS="1639"/>
<String CONTENT="Librairie" HEIGHT="46" WIDTH="224" VPOS="936" HPOS="1673"/>
<SP HEIGHT="44" WIDTH="28" VPOS="938" HPOS="1898"/>
<String CONTENT="Larousse." HEIGHT="45" WIDTH="237" VPOS="938" HPOS="1927"/>
</TextLine>
<TextLine HEIGHT="55" WIDTH="245" VPOS="992" HPOS="425" STYLEREFS="StyleId-4D421848-B849-4896-A7EC-C0C7059ABCF4-">
<String CONTENT="(26-2078)" HEIGHT="55" WIDTH="245" VPOS="992" HPOS="425"/>
</TextLine>
<TextLine HEIGHT="73" WIDTH="608" VPOS="1105" HPOS="347" STYLEREFS="StyleId-00A12B40-744E-4DBA-A7D6-A382F3607166-">
<String CONTENT="Pez," HEIGHT="70" WIDTH="138" VPOS="1108" HPOS="347"/>
<SP HEIGHT="70" WIDTH="35" VPOS="1108" HPOS="486"/>
<String CONTENT="Bernard," HEIGHT="73" WIDTH="305" VPOS="1105" HPOS="522"/>
<SP HEIGHT="53" WIDTH="36" VPOS="1125" HPOS="828"/>
<String CONTENT="ed." HEIGHT="58" WIDTH="90" VPOS="1107" HPOS="865"/>
</TextLine>
<TextLine HEIGHT="137" WIDTH="1990" VPOS="1197" HPOS="347" CS="1">
<String LANG="en-US" CONTENT="Liber" HEIGHT="57" WIDTH="193" VPOS="1198" HPOS="423"/>
<SP HEIGHT="56" WIDTH="30" VPOS="1199" HPOS="617"/>
<String LANG="la" CONTENT="de" HEIGHT="56" WIDTH="75" VPOS="1199" HPOS="648"/>
<SP HEIGHT="38" WIDTH="31" VPOS="1217" HPOS="724"/>
<String LANG="la" CONTENT="miraculis" HEIGHT="57" WIDTH="324" VPOS="1197" HPOS="756"/>
<SP HEIGHT="37" WIDTH="21" VPOS="1217" HPOS="1081"/>
<String LANG="la" CONTENT="sanctae" HEIGHT="54" WIDTH="253" VPOS="1200" HPOS="1103"/>
<SP HEIGHT="57" WIDTH="19" VPOS="1197" HPOS="1357"/>
<String LANG="en-US" CONTENT="Dei" HEIGHT="56" WIDTH="118" VPOS="1197" HPOS="1377"/>
<SP HEIGHT="73" WIDTH="18" VPOS="1197" HPOS="1496"/>
<String LANG="la" CONTENT="genitricis" HEIGHT="73" WIDTH="325" VPOS="1197" HPOS="1515"/>
<SP HEIGHT="56" WIDTH="20" VPOS="1199" HPOS="1841"/>
<String LANG="la" CONTENT="Mariae." HEIGHT="57" WIDTH="263" VPOS="1199" HPOS="1862"/>
<SP HEIGHT="55" WIDTH="73" VPOS="1201" HPOS="2126"/>
<String LANG="en-US" CONTENT="Published" HEIGHT="133" WIDTH="1990" VPOS="1201" HPOS="347"/>
<SP HEIGHT="56" WIDTH="44" VPOS="1278" HPOS="552"/>
<String LANG="en-US" CONTENT="at" HEIGHT="54" WIDTH="68" VPOS="1279" HPOS="597"/>
</TextLine>
<TextLine HEIGHT="74" WIDTH="1655" VPOS="1275" HPOS="707">
<String CONTENT="Vienna" HEIGHT="58" WIDTH="251" VPOS="1275" HPOS="707"/>
<SP HEIGHT="57" WIDTH="37" VPOS="1275" HPOS="959"/>
<String CONTENT="in" HEIGHT="56" WIDTH="66" VPOS="1275" HPOS="997"/>
<SP HEIGHT="54" WIDTH="42" VPOS="1277" HPOS="1064"/>
<String CONTENT="1731," HEIGHT="69" WIDTH="168" VPOS="1277" HPOS="1107"/>
<SP HEIGHT="70" WIDTH="43" VPOS="1276" HPOS="1276"/>
<String CONTENT="by" HEIGHT="71" WIDTH="85" VPOS="1276" HPOS="1320"/>
<SP HEIGHT="72" WIDTH="39" VPOS="1275" HPOS="1406"/>
<String CONTENT="Bernard" HEIGHT="58" WIDTH="292" VPOS="1275" HPOS="1446"/>
<SP HEIGHT="56" WIDTH="43" VPOS="1277" HPOS="1739"/>
<String CONTENT="Pez." HEIGHT="56" WIDTH="140" VPOS="1277" HPOS="1783"/>
<SP HEIGHT="56" WIDTH="86" VPOS="1278" HPOS="1924"/>
<String CONTENT="Reprinted" HEIGHT="71" WIDTH="351" VPOS="1278" HPOS="2011"/>
</TextLine>
<TextLine HEIGHT="72" WIDTH="2015" VPOS="1353" HPOS="346">
<String CONTENT="for" HEIGHT="56" WIDTH="106" VPOS="1355" HPOS="346"/>
<SP HEIGHT="54" WIDTH="30" VPOS="1358" HPOS="453"/>
<String CONTENT="the" HEIGHT="57" WIDTH="104" VPOS="1355" HPOS="484"/>
<SP HEIGHT="58" WIDTH="29" VPOS="1353" HPOS="589"/>
<String CONTENT="first" HEIGHT="58" WIDTH="146" VPOS="1353" HPOS="619"/>
<SP HEIGHT="55" WIDTH="25" VPOS="1356" HPOS="766"/>
<String CONTENT="time" HEIGHT="58" WIDTH="150" VPOS="1353" HPOS="792"/>
<SP HEIGHT="57" WIDTH="30" VPOS="1354" HPOS="943"/>
<String CONTENT="by" HEIGHT="71" WIDTH="85" VPOS="1354" HPOS="974"/>
<SP HEIGHT="71" WIDTH="30" VPOS="1354" HPOS="1060"/>
<String CONTENT="Thomas" HEIGHT="57" WIDTH="275" VPOS="1353" HPOS="1091"/>
<SP HEIGHT="57" WIDTH="31" VPOS="1353" HPOS="1367"/>
<String CONTENT="Frederick" HEIGHT="58" WIDTH="343" VPOS="1353" HPOS="1399"/>
<SP HEIGHT="59" WIDTH="33" VPOS="1353" HPOS="1743"/>
<String CONTENT="Crane." HEIGHT="59" WIDTH="223" VPOS="1353" HPOS="1777"/>
<SP HEIGHT="56" WIDTH="68" VPOS="1355" HPOS="2001"/>
<String CONTENT="With" HEIGHT="58" WIDTH="171" VPOS="1355" HPOS="2078"/>
<SP HEIGHT="56" WIDTH="31" VPOS="1357" HPOS="2250"/>
<String CONTENT="an" HEIGHT="37" WIDTH="79" VPOS="1376" HPOS="2282"/>
</TextLine>
<TextLine HEIGHT="153" WIDTH="1991" VPOS="1431" HPOS="345" CS="1">
<String CONTENT="introduction" HEIGHT="60" WIDTH="430" VPOS="1431" HPOS="345"/>
<SP HEIGHT="39" WIDTH="41" VPOS="1451" HPOS="776"/>
<String CONTENT="and" HEIGHT="57" WIDTH="123" VPOS="1433" HPOS="818"/>
<SP HEIGHT="57" WIDTH="37" VPOS="1433" HPOS="942"/>
<String CONTENT="notes" HEIGHT="56" WIDTH="181" VPOS="1433" HPOS="980"/>
<SP HEIGHT="38" WIDTH="42" VPOS="1451" HPOS="1162"/>
<String CONTENT="and" HEIGHT="57" WIDTH="123" VPOS="1433" HPOS="1205"/>
<SP HEIGHT="57" WIDTH="41" VPOS="1433" HPOS="1329"/>
<String CONTENT="a" HEIGHT="38" WIDTH="40" VPOS="1451" HPOS="1371"/>
<SP HEIGHT="57" WIDTH="34" VPOS="1432" HPOS="1412"/>
<String CONTENT="bibliography" HEIGHT="74" WIDTH="447" VPOS="1431" HPOS="1447"/>
<SP HEIGHT="53" WIDTH="40" VPOS="1452" HPOS="1895"/>
<String CONTENT="of" HEIGHT="58" WIDTH="66" VPOS="1433" HPOS="1936"/>
<SP HEIGHT="58" WIDTH="41" VPOS="1433" HPOS="2003"/>
<String CONTENT="the" HEIGHT="58" WIDTH="106" VPOS="1433" HPOS="2045"/>
<SP HEIGHT="38" WIDTH="38" VPOS="1453" HPOS="2152"/>
<String CONTENT="writings" HEIGHT="151" WIDTH="1990" VPOS="1433" HPOS="346"/>
</TextLine>
<TextLine HEIGHT="76" WIDTH="1756" VPOS="1508" HPOS="524">
<String CONTENT="of" HEIGHT="57" WIDTH="69" VPOS="1511" HPOS="524"/>
<SP HEIGHT="56" WIDTH="32" VPOS="1511" HPOS="594"/>
<String CONTENT="T." HEIGHT="56" WIDTH="67" VPOS="1511" HPOS="627"/>
<SP HEIGHT="56" WIDTH="36" VPOS="1511" HPOS="695"/>
<String CONTENT="F." HEIGHT="56" WIDTH="70" VPOS="1511" HPOS="732"/>
<SP HEIGHT="59" WIDTH="37" VPOS="1508" HPOS="803"/>
<String CONTENT="Crane." HEIGHT="59" WIDTH="223" VPOS="1508" HPOS="841"/>
<SP HEIGHT="57" WIDTH="73" VPOS="1510" HPOS="1065"/>
<String CONTENT="Ithaca," HEIGHT="75" WIDTH="239" VPOS="1509" HPOS="1139"/>
<SP HEIGHT="75" WIDTH="39" VPOS="1509" HPOS="1379"/>
<String CONTENT="Cornell" HEIGHT="59" WIDTH="251" VPOS="1509" HPOS="1419"/>
<SP HEIGHT="56" WIDTH="32" VPOS="1512" HPOS="1671"/>
<String CONTENT="university," HEIGHT="74" WIDTH="374" VPOS="1510" HPOS="1704"/>
<SP HEIGHT="69" WIDTH="35" VPOS="1514" HPOS="2079"/>
<String CONTENT="1925." HEIGHT="55" WIDTH="165" VPOS="1513" HPOS="2115"/>
</TextLine>
<TextLine HEIGHT="56" WIDTH="1938" VPOS="1586" HPOS="421" STYLEREFS="StyleId-4D421848-B849-4896-A7EC-C0C7059ABCF4-" CS="1">
<String CONTENT="1" HEIGHT="42" WIDTH="18" VPOS="1589" HPOS="421"/>
<SP HEIGHT="43" WIDTH="38" VPOS="1589" HPOS="440"/>
<String CS="1" CONTENT="v." HEIGHT="8" WIDTH="8" VPOS="1624" HPOS="512"/>
<SP HEIGHT="54" WIDTH="69" VPOS="1588" HPOS="521"/>
<String CONTENT="(Cornell" HEIGHT="55" WIDTH="212" VPOS="1587" HPOS="591"/>
<SP HEIGHT="43" WIDTH="35" VPOS="1587" HPOS="804"/>
<String CONTENT="university" HEIGHT="53" WIDTH="252" VPOS="1586" HPOS="840"/>
<SP HEIGHT="37" WIDTH="37" VPOS="1602" HPOS="1093"/>
<String CONTENT="studies" HEIGHT="44" WIDTH="171" VPOS="1586" HPOS="1131"/>
<SP HEIGHT="43" WIDTH="37" VPOS="1587" HPOS="1303"/>
<String CONTENT="in" HEIGHT="42" WIDTH="46" VPOS="1587" HPOS="1341"/>
<SP HEIGHT="42" WIDTH="37" VPOS="1587" HPOS="1388"/>
<String CONTENT="Romance" HEIGHT="44" WIDTH="231" VPOS="1587" HPOS="1426"/>
<SP HEIGHT="42" WIDTH="36" VPOS="1588" HPOS="1658"/>
<String CONTENT="languages" HEIGHT="53" WIDTH="248" VPOS="1588" HPOS="1695"/>
<SP HEIGHT="29" WIDTH="40" VPOS="1603" HPOS="1944"/>
<String CONTENT="and" HEIGHT="42" WIDTH="88" VPOS="1590" HPOS="1985"/>
<SP HEIGHT="43" WIDTH="37" VPOS="1589" HPOS="2074"/>
<String CONTENT="literature." HEIGHT="44" WIDTH="247" VPOS="1588" HPOS="2112"/>
</TextLine>
<TextLine HEIGHT="53" WIDTH="88" VPOS="1645" HPOS="378" STYLEREFS="StyleId-4D421848-B849-4896-A7EC-C0C7059ABCF4-" CS="1">
<String CS="1" CONTENT="v." HEIGHT="8" WIDTH="8" VPOS="1680" HPOS="378"/>
<SP HEIGHT="42" WIDTH="31" VPOS="1646" HPOS="387"/>
<String CONTENT="1)" HEIGHT="53" WIDTH="47" VPOS="1645" HPOS="419"/>
</TextLine>
<TextLine HEIGHT="55" WIDTH="1928" VPOS="1699" HPOS="347" STYLEREFS="StyleId-A507F384-CD31-4BC8-AB2E-D4A4D20FE5F5-">
<String CONTENT="&#169;" HEIGHT="54" WIDTH="54" VPOS="1700" HPOS="347"/>
<SP HEIGHT="54" WIDTH="28" VPOS="1700" HPOS="402"/>
<String CONTENT="Oct." HEIGHT="44" WIDTH="103" VPOS="1702" HPOS="431"/>
<SP HEIGHT="43" WIDTH="26" VPOS="1702" HPOS="535"/>
<String CONTENT="8," HEIGHT="52" WIDTH="39" VPOS="1702" HPOS="562"/>
<SP HEIGHT="52" WIDTH="31" VPOS="1702" HPOS="602"/>
<String CONTENT="1925;" HEIGHT="54" WIDTH="130" VPOS="1699" HPOS="634"/>
<SP HEIGHT="52" WIDTH="27" VPOS="1701" HPOS="765"/>
<String CONTENT="2c." HEIGHT="43" WIDTH="65" VPOS="1701" HPOS="793"/>
<SP HEIGHT="44" WIDTH="29" VPOS="1700" HPOS="859"/>
<String CONTENT="Oct." HEIGHT="44" WIDTH="102" VPOS="1700" HPOS="889"/>
<SP HEIGHT="43" WIDTH="32" VPOS="1701" HPOS="992"/>
<String CONTENT="12;" HEIGHT="52" WIDTH="73" VPOS="1700" HPOS="1025"/>
<SP HEIGHT="37" WIDTH="29" VPOS="1715" HPOS="1099"/>
<String CONTENT="aff." HEIGHT="43" WIDTH="79" VPOS="1700" HPOS="1129"/>
<SP HEIGHT="44" WIDTH="28" VPOS="1700" HPOS="1209"/>
<String CONTENT="Oct." HEIGHT="44" WIDTH="103" VPOS="1700" HPOS="1238"/>
<SP HEIGHT="42" WIDTH="31" VPOS="1701" HPOS="1342"/>
<String CONTENT="10;" HEIGHT="53" WIDTH="74" VPOS="1700" HPOS="1374"/>
<SP HEIGHT="53" WIDTH="30" VPOS="1700" HPOS="1449"/>
<!-- cceid 3773EA59-6DD5-1014-B757-AF09C522E301 --><String CONTENT="A" HEIGHT="43" WIDTH="44" VPOS="1700" HPOS="1480"/>
<SP HEIGHT="43" WIDTH="27" VPOS="1700" HPOS="1525"/>
<String CONTENT="869470;" HEIGHT="55" WIDTH="190" VPOS="1699" HPOS="1553"/>
<SP HEIGHT="55" WIDTH="30" VPOS="1699" HPOS="1744"/>
<String CONTENT="Cornell" HEIGHT="46" WIDTH="185" VPOS="1699" HPOS="1775"/>
<SP HEIGHT="43" WIDTH="26" VPOS="1702" HPOS="1961"/>
<String CONTENT="univ." HEIGHT="45" WIDTH="119" VPOS="1700" HPOS="1988"/>
<SP HEIGHT="37" WIDTH="60" VPOS="1708" HPOS="2108"/>
<String CONTENT="9923" HEIGHT="38" WIDTH="106" VPOS="1708" HPOS="2169"/>
</TextLine>
<TextLine HEIGHT="74" WIDTH="743" VPOS="1814" HPOS="348" STYLEREFS="StyleId-00A12B40-744E-4DBA-A7D6-A382F3607166-">
<String CONTENT="Sanger," HEIGHT="71" WIDTH="262" VPOS="1817" HPOS="348"/>
<SP HEIGHT="73" WIDTH="36" VPOS="1815" HPOS="611"/>
<String CONTENT="Margaret" HEIGHT="73" WIDTH="331" VPOS="1815" HPOS="648"/>
<SP HEIGHT="57" WIDTH="32" VPOS="1814" HPOS="980"/>
<String CONTENT="H." HEIGHT="57" WIDTH="78" VPOS="1814" HPOS="1013"/>
</TextLine>
<TextLine HEIGHT="72" WIDTH="1935" VPOS="1905" HPOS="426">
<String CONTENT="International" HEIGHT="58" WIDTH="468" VPOS="1907" HPOS="426"/>
<SP HEIGHT="56" WIDTH="47" VPOS="1907" HPOS="895"/>
<String CONTENT="aspects" HEIGHT="69" WIDTH="249" VPOS="1908" HPOS="943"/>
<SP HEIGHT="38" WIDTH="53" VPOS="1925" HPOS="1193"/>
<String CONTENT="of" HEIGHT="57" WIDTH="67" VPOS="1905" HPOS="1247"/>
<SP HEIGHT="58" WIDTH="49" VPOS="1905" HPOS="1315"/>
<String CONTENT="birth" HEIGHT="57" WIDTH="172" VPOS="1906" HPOS="1365"/>
<SP HEIGHT="56" WIDTH="51" VPOS="1907" HPOS="1538"/>
<String CONTENT="control," HEIGHT="57" WIDTH="259" VPOS="1907" HPOS="1590"/>
<SP HEIGHT="38" WIDTH="89" VPOS="1926" HPOS="1850"/>
<String CONTENT="v." HEIGHT="38" WIDTH="57" VPOS="1926" HPOS="1940"/>
<SP HEIGHT="54" WIDTH="54" VPOS="1909" HPOS="1998"/>
<String CONTENT="1." HEIGHT="54" WIDTH="50" VPOS="1909" HPOS="2053"/>
<SP HEIGHT="57" WIDTH="107" VPOS="1908" HPOS="2104"/>
<String CONTENT="New" HEIGHT="57" WIDTH="149" VPOS="1908" HPOS="2212"/>
</TextLine>
<TextLine HEIGHT="75" WIDTH="1672" VPOS="1984" HPOS="347">
<String CONTENT="York," HEIGHT="73" WIDTH="191" VPOS="1986" HPOS="347"/>
<SP HEIGHT="74" WIDTH="29" VPOS="1985" HPOS="539"/>
<String CONTENT="American" HEIGHT="58" WIDTH="340" VPOS="1985" HPOS="569"/>
<SP HEIGHT="57" WIDTH="26" VPOS="1985" HPOS="910"/>
<String CONTENT="birth" HEIGHT="58" WIDTH="174" VPOS="1984" HPOS="937"/>
<SP HEIGHT="58" WIDTH="28" VPOS="1984" HPOS="1112"/>
<String CONTENT="control" HEIGHT="58" WIDTH="242" VPOS="1984" HPOS="1141"/>
<SP HEIGHT="56" WIDTH="27" VPOS="1984" HPOS="1384"/>
<String CONTENT="league," HEIGHT="73" WIDTH="239" VPOS="1984" HPOS="1412"/>
<SP HEIGHT="73" WIDTH="28" VPOS="1984" HPOS="1652"/>
<String CONTENT="inc.," HEIGHT="74" WIDTH="138" VPOS="1984" HPOS="1681"/>
<SP HEIGHT="72" WIDTH="32" VPOS="1986" HPOS="1820"/>
<String CONTENT="1925." HEIGHT="57" WIDTH="166" VPOS="1986" HPOS="1853"/>
</TextLine>
<TextLine HEIGHT="104" WIDTH="1992" VPOS="2061" HPOS="347" STYLEREFS="StyleId-4D421848-B849-4896-A7EC-C0C7059ABCF4-" CS="1">
<String CONTENT="xii," HEIGHT="50" WIDTH="78" VPOS="2064" HPOS="417"/>
<SP HEIGHT="50" WIDTH="32" VPOS="2064" HPOS="496"/>
<String CONTENT="244" HEIGHT="43" WIDTH="85" VPOS="2064" HPOS="529"/>
<SP HEIGHT="52" WIDTH="33" VPOS="2064" HPOS="615"/>
<String CONTENT="p." HEIGHT="38" WIDTH="39" VPOS="2078" HPOS="649"/>
<SP HEIGHT="42" WIDTH="62" VPOS="2063" HPOS="689"/>
<String CONTENT="21" HEIGHT="42" WIDTH="51" VPOS="2063" HPOS="752"/>
<String STYLE="superscript" CONTENT="cm" HEIGHT="18" WIDTH="47" VPOS="2064" HPOS="814"/>
<String CONTENT="." HEIGHT="7" WIDTH="8" VPOS="2097" HPOS="868"/>
<SP/>
<String CONTENT="(At" HEIGHT="53" WIDTH="92" VPOS="2062" HPOS="946"/>
<SP HEIGHT="44" WIDTH="32" VPOS="2062" HPOS="1039"/>
<String CONTENT="head" HEIGHT="44" WIDTH="117" VPOS="2062" HPOS="1072"/>
<SP HEIGHT="44" WIDTH="34" VPOS="2062" HPOS="1190"/>
<String CONTENT="of" HEIGHT="52" WIDTH="50" VPOS="2062" HPOS="1225"/>
<SP HEIGHT="52" WIDTH="34" VPOS="2062" HPOS="1276"/>
<String CONTENT="t.-p.:" HEIGHT="46" WIDTH="119" VPOS="2069" HPOS="1311"/>
<SP HEIGHT="45" WIDTH="40" VPOS="2061" HPOS="1431"/>
<String CONTENT="The" HEIGHT="44" WIDTH="100" VPOS="2061" HPOS="1472"/>
<SP HEIGHT="28" WIDTH="37" VPOS="2077" HPOS="1573"/>
<String CONTENT="sixth" HEIGHT="44" WIDTH="123" VPOS="2061" HPOS="1611"/>
<SP HEIGHT="43" WIDTH="36" VPOS="2062" HPOS="1735"/>
<String CONTENT="International" HEIGHT="43" WIDTH="330" VPOS="2063" HPOS="1772"/>
<SP HEIGHT="42" WIDTH="35" VPOS="2064" HPOS="2103"/>
<String CONTENT="neo-malthusian" HEIGHT="101" WIDTH="1992" VPOS="2064" HPOS="347"/>
</TextLine>
<TextLine HEIGHT="53" WIDTH="777" VPOS="2118" HPOS="560" STYLEREFS="StyleId-4D421848-B849-4896-A7EC-C0C7059ABCF4-">
<String CONTENT="and" HEIGHT="42" WIDTH="88" VPOS="2121" HPOS="560"/>
<SP HEIGHT="43" WIDTH="30" VPOS="2120" HPOS="649"/>
<String CONTENT="birth" HEIGHT="44" WIDTH="123" VPOS="2119" HPOS="680"/>
<SP HEIGHT="43" WIDTH="28" VPOS="2119" HPOS="804"/>
<String CONTENT="control" HEIGHT="43" WIDTH="178" VPOS="2119" HPOS="833"/>
<SP HEIGHT="42" WIDTH="30" VPOS="2119" HPOS="1012"/>
<String CONTENT="conference)" HEIGHT="53" WIDTH="294" VPOS="2118" HPOS="1043"/>
</TextLine>
<TextLine HEIGHT="105" WIDTH="1991" VPOS="2173" HPOS="349" STYLEREFS="StyleId-A507F384-CD31-4BC8-AB2E-D4A4D20FE5F5-" CS="1">
<String CONTENT="&#169;" HEIGHT="53" WIDTH="52" VPOS="2176" HPOS="349"/>
<SP HEIGHT="53" WIDTH="28" VPOS="2176" HPOS="402"/>
<String CONTENT="Nov." HEIGHT="43" WIDTH="120" VPOS="2178" HPOS="431"/>
<SP HEIGHT="42" WIDTH="30" VPOS="2178" HPOS="552"/>
<String CONTENT="16," HEIGHT="51" WIDTH="62" VPOS="2176" HPOS="583"/>
<SP HEIGHT="50" WIDTH="31" VPOS="2177" HPOS="646"/>
<String CONTENT="1925;" HEIGHT="54" WIDTH="131" VPOS="2174" HPOS="678"/>
<SP HEIGHT="52" WIDTH="27" VPOS="2176" HPOS="810"/>
<String CONTENT="2c." HEIGHT="43" WIDTH="65" VPOS="2176" HPOS="838"/>
<SP HEIGHT="43" WIDTH="29" VPOS="2175" HPOS="904"/>
<String CONTENT="Nov." HEIGHT="44" WIDTH="120" VPOS="2175" HPOS="934"/>
<SP HEIGHT="43" WIDTH="32" VPOS="2176" HPOS="1055"/>
<String CONTENT="11;" HEIGHT="50" WIDTH="73" VPOS="2176" HPOS="1088"/>
<SP HEIGHT="37" WIDTH="30" VPOS="2189" HPOS="1162"/>
<String CONTENT="aff." HEIGHT="44" WIDTH="80" VPOS="2174" HPOS="1193"/>
<SP HEIGHT="43" WIDTH="29" VPOS="2175" HPOS="1274"/>
<String CONTENT="Dec." HEIGHT="44" WIDTH="110" VPOS="2175" HPOS="1304"/>
<SP HEIGHT="44" WIDTH="32" VPOS="2175" HPOS="1415"/>
<String CONTENT="1;" HEIGHT="52" WIDTH="46" VPOS="2175" HPOS="1448"/>
<SP HEIGHT="52" WIDTH="31" VPOS="2175" HPOS="1495"/>
<!-- cceid 3773FE5A-6DD5-1014-B757-AF09C522E301 --><String CONTENT="A" HEIGHT="42" WIDTH="44" VPOS="2175" HPOS="1527"/>
<SP HEIGHT="44" WIDTH="29" VPOS="2174" HPOS="1572"/>
<String CONTENT="869997;" HEIGHT="54" WIDTH="191" VPOS="2173" HPOS="1602"/>
<SP HEIGHT="52" WIDTH="31" VPOS="2175" HPOS="1794"/>
<String CONTENT="American" HEIGHT="44" WIDTH="246" VPOS="2175" HPOS="1826"/>
<SP HEIGHT="44" WIDTH="29" VPOS="2176" HPOS="2073"/>
<String CONTENT="birth" HEIGHT="45" WIDTH="122" VPOS="2175" HPOS="2103"/>
<SP HEIGHT="43" WIDTH="29" VPOS="2176" HPOS="2226"/>
<String CONTENT="control" HEIGHT="87" WIDTH="1922" VPOS="2191" HPOS="418"/>
</TextLine>
<TextLine HEIGHT="53" WIDTH="294" VPOS="2233" HPOS="545" STYLEREFS="StyleId-A507F384-CD31-4BC8-AB2E-D4A4D20FE5F5-">
<String CONTENT="league," HEIGHT="51" WIDTH="173" VPOS="2235" HPOS="545"/>
<SP HEIGHT="52" WIDTH="37" VPOS="2233" HPOS="719"/>
<String CONTENT="inc." HEIGHT="44" WIDTH="82" VPOS="2233" HPOS="757"/>
</TextLine>
<TextLine HEIGHT="76" WIDTH="1674" VPOS="2329" HPOS="349">
<String CONTENT="Sheridan," HEIGHT="74" WIDTH="332" VPOS="2331" HPOS="349"/>
<SP HEIGHT="70" WIDTH="30" VPOS="2335" HPOS="682"/>
<String CONTENT="Mrs." HEIGHT="56" WIDTH="153" VPOS="2335" HPOS="713"/>
<SP HEIGHT="59" WIDTH="35" VPOS="2332" HPOS="867"/>
<String CONTENT="Clare" HEIGHT="59" WIDTH="182" VPOS="2331" HPOS="903"/>
<SP HEIGHT="58" WIDTH="33" VPOS="2332" HPOS="1086"/>
<String CONTENT="Consuelo" HEIGHT="61" WIDTH="306" VPOS="2329" HPOS="1120"/>
<SP HEIGHT="73" WIDTH="40" VPOS="2332" HPOS="1427"/>
<String CONTENT="(Frewen)" HEIGHT="74" WIDTH="321" VPOS="2331" HPOS="1468"/>
<SP HEIGHT="73" WIDTH="41" VPOS="2332" HPOS="1790"/>
<String CONTENT="1885-" HEIGHT="57" WIDTH="191" VPOS="2333" HPOS="1832"/>
</TextLine>
<TextLine HEIGHT="155" WIDTH="1988" VPOS="2422" HPOS="345" CS="1">
<String CONTENT="The" HEIGHT="60" WIDTH="130" VPOS="2426" HPOS="426"/>
<SP HEIGHT="55" WIDTH="33" VPOS="2431" HPOS="557"/>
<String CONTENT="thirteenth," HEIGHT="71" WIDTH="366" VPOS="2425" HPOS="591"/>
<SP HEIGHT="69" WIDTH="32" VPOS="2427" HPOS="958"/>
<String CONTENT="by" HEIGHT="69" WIDTH="83" VPOS="2427" HPOS="991"/>
<SP HEIGHT="74" WIDTH="37" VPOS="2422" HPOS="1075"/>
<String CONTENT="Clare" HEIGHT="61" WIDTH="185" VPOS="2422" HPOS="1113"/>
<SP HEIGHT="59" WIDTH="37" VPOS="2424" HPOS="1299"/>
<String CONTENT="Sheridan" HEIGHT="60" WIDTH="312" VPOS="2423" HPOS="1337"/>
<SP HEIGHT="36" WIDTH="40" VPOS="2446" HPOS="1650"/>
<String CS="1" CONTENT="&#8230;"/>
<SP HEIGHT="56" WIDTH="85" VPOS="2426" HPOS="1755"/>
<String CONTENT="London," HEIGHT="69" WIDTH="279" VPOS="2426" HPOS="1841"/>
<SP HEIGHT="69" WIDTH="36" VPOS="2426" HPOS="2121"/>
<String CONTENT="Duckworth" HEIGHT="138" WIDTH="1988" VPOS="2425" HPOS="345"/>
<SP HEIGHT="72" WIDTH="28" VPOS="2505" HPOS="550"/>
<String CONTENT="[1925]" HEIGHT="72" WIDTH="183" VPOS="2505" HPOS="579"/>
</TextLine>
<TextLine HEIGHT="51" WIDTH="541" VPOS="2582" HPOS="414" STYLEREFS="StyleId-A507F384-CD31-4BC8-AB2E-D4A4D20FE5F5-" CS="1">
<String CONTENT="287" HEIGHT="46" WIDTH="84" VPOS="2583" HPOS="414"/>
<SP HEIGHT="50" WIDTH="26" VPOS="2583" HPOS="499"/>
<String CONTENT="p." HEIGHT="36" WIDTH="41" VPOS="2597" HPOS="526"/>
<SP HEIGHT="45" WIDTH="62" VPOS="2582" HPOS="568"/>
<String CONTENT="front." HEIGHT="45" WIDTH="140" VPOS="2582" HPOS="631"/>
<SP HEIGHT="44" WIDTH="62" VPOS="2582" HPOS="772"/>
<String CS="1" CONTENT="19c" HEIGHT="46" WIDTH="53" VPOS="2582" HPOS="835"/>
<String STYLE="superscript" CONTENT="m" HEIGHT="19" WIDTH="29" VPOS="2583" HPOS="910"/>
<String CONTENT="." HEIGHT="11" WIDTH="10" VPOS="2617" HPOS="945"/>
</TextLine>
<TextLine HEIGHT="112" WIDTH="1989" VPOS="2633" HPOS="349" STYLEREFS="StyleId-4D421848-B849-4896-A7EC-C0C7059ABCF4-" CS="1">
<String CONTENT="&#169;" HEIGHT="54" WIDTH="53" VPOS="2636" HPOS="349"/>
<SP/>
<String CS="1" CONTENT="1c."/>
<SP HEIGHT="42" WIDTH="35" VPOS="2638" HPOS="498"/>
<String CONTENT="Dec." HEIGHT="42" WIDTH="110" VPOS="2638" HPOS="534"/>
<SP HEIGHT="45" WIDTH="33" VPOS="2635" HPOS="645"/>
<String CONTENT="5," HEIGHT="54" WIDTH="38" VPOS="2635" HPOS="679"/>
<SP HEIGHT="52" WIDTH="35" VPOS="2637" HPOS="718"/>
<String CONTENT="1925;" HEIGHT="54" WIDTH="131" VPOS="2634" HPOS="754"/>
<SP HEIGHT="52" WIDTH="37" VPOS="2636" HPOS="886"/>
<!-- cceid 377412A6-6DD5-1014-B757-AF09C522E301 --><String CONTENT="A" HEIGHT="42" WIDTH="44" VPOS="2636" HPOS="924"/>
<SP HEIGHT="43" WIDTH="32" VPOS="2636" HPOS="969"/>
<String CONTENT="ad" HEIGHT="42" WIDTH="56" VPOS="2637" HPOS="1002"/>
<SP HEIGHT="44" WIDTH="33" VPOS="2635" HPOS="1059"/>
<String CONTENT="int." HEIGHT="43" WIDTH="78" VPOS="2635" HPOS="1093"/>
<SP HEIGHT="44" WIDTH="37" VPOS="2634" HPOS="1172"/>
<String CONTENT="7503;" HEIGHT="54" WIDTH="133" VPOS="2633" HPOS="1210"/>
<SP HEIGHT="38" WIDTH="35" VPOS="2649" HPOS="1344"/>
<String CONTENT="pubd." HEIGHT="51" WIDTH="133" VPOS="2636" HPOS="1380"/>
<SP HEIGHT="44" WIDTH="36" VPOS="2635" HPOS="1514"/>
<String CONTENT="Oct." HEIGHT="44" WIDTH="102" VPOS="2635" HPOS="1551"/>
<SP HEIGHT="43" WIDTH="34" VPOS="2635" HPOS="1654"/>
<String CONTENT="9;" HEIGHT="52" WIDTH="51" VPOS="2635" HPOS="1689"/>
<SP HEIGHT="54" WIDTH="38" VPOS="2633" HPOS="1741"/>
<String CONTENT="C." HEIGHT="45" WIDTH="48" VPOS="2633" HPOS="1780"/>
<SP HEIGHT="47" WIDTH="39" VPOS="2634" HPOS="1829"/>
<String CONTENT="Sheridan," HEIGHT="54" WIDTH="236" VPOS="2634" HPOS="1869"/>
<SP HEIGHT="51" WIDTH="34" VPOS="2637" HPOS="2106"/>
<String CONTENT="Bermandreis," HEIGHT="108" WIDTH="1920" VPOS="2637" HPOS="418"/>
</TextLine>
<TextLine HEIGHT="56" WIDTH="724" VPOS="2690" HPOS="583" STYLEREFS="StyleId-4D421848-B849-4896-A7EC-C0C7059ABCF4-">
<String CONTENT="Algiers," HEIGHT="53" WIDTH="201" VPOS="2693" HPOS="583"/>
<SP HEIGHT="52" WIDTH="30" VPOS="2693" HPOS="785"/>
<String CONTENT="Algeria." HEIGHT="55" WIDTH="204" VPOS="2691" HPOS="816"/>
<SP HEIGHT="53" WIDTH="67" VPOS="2693" HPOS="1021"/>
<String CONTENT="(26-793)" HEIGHT="56" WIDTH="218" VPOS="2690" HPOS="1089"/>
</TextLine>
<TextLine HEIGHT="74" WIDTH="782" VPOS="2791" HPOS="350" STYLEREFS="StyleId-4D421848-B849-4896-A7EC-C0C7059ABCF4-">
<String CONTENT="Smith," HEIGHT="73" WIDTH="224" VPOS="2792" HPOS="350"/>
<SP HEIGHT="72" WIDTH="36" VPOS="2793" HPOS="575"/>
<String CONTENT="David" HEIGHT="60" WIDTH="213" VPOS="2791" HPOS="612"/>
<SP HEIGHT="59" WIDTH="32" VPOS="2792" HPOS="826"/>
<String CONTENT="Eugene." HEIGHT="72" WIDTH="273" VPOS="2792" HPOS="859"/>
</TextLine>
<TextLine HEIGHT="75" WIDTH="1933" VPOS="2881" HPOS="427">
<String CONTENT="Essentials" HEIGHT="59" WIDTH="358" VPOS="2883" HPOS="427"/>
<SP HEIGHT="37" WIDTH="50" VPOS="2903" HPOS="786"/>
<String CONTENT="of" HEIGHT="57" WIDTH="68" VPOS="2883" HPOS="837"/>
<SP HEIGHT="56" WIDTH="49" VPOS="2883" HPOS="906"/>
<String CONTENT="algebra," HEIGHT="71" WIDTH="275" VPOS="2883" HPOS="956"/>
<SP HEIGHT="56" WIDTH="90" VPOS="2882" HPOS="1232"/>
<String CONTENT="bk." HEIGHT="56" WIDTH="96" VPOS="2882" HPOS="1323"/>
<SP HEIGHT="37" WIDTH="52" VPOS="2901" HPOS="1420"/>
<String CONTENT="one." HEIGHT="38" WIDTH="131" VPOS="2901" HPOS="1473"/>
<SP HEIGHT="56" WIDTH="89" VPOS="2881" HPOS="1605"/>
<String CONTENT="By" HEIGHT="73" WIDTH="100" VPOS="2881" HPOS="1695"/>
<SP HEIGHT="72" WIDTH="47" VPOS="2882" HPOS="1796"/>
<String CONTENT="David" HEIGHT="58" WIDTH="209" VPOS="2882" HPOS="1844"/>
<SP HEIGHT="57" WIDTH="48" VPOS="2883" HPOS="2054"/>
<String CONTENT="Eugene" HEIGHT="73" WIDTH="257" VPOS="2883" HPOS="2103"/>
</TextLine>
<TextLine HEIGHT="61" WIDTH="2009" VPOS="2959" HPOS="353">
<String CONTENT="Smith" HEIGHT="59" WIDTH="207" VPOS="2961" HPOS="353"/>
<SP HEIGHT="56" WIDTH="30" VPOS="2963" HPOS="561"/>
<String CONTENT="and" HEIGHT="56" WIDTH="123" VPOS="2963" HPOS="592"/>
<SP HEIGHT="58" WIDTH="30" VPOS="2961" HPOS="716"/>
<String CONTENT="William" HEIGHT="58" WIDTH="282" VPOS="2960" HPOS="747"/>
<SP HEIGHT="56" WIDTH="30" VPOS="2960" HPOS="1030"/>
<String CONTENT="David" HEIGHT="57" WIDTH="211" VPOS="2960" HPOS="1061"/>
<SP HEIGHT="57" WIDTH="29" VPOS="2960" HPOS="1273"/>
<String CONTENT="Reeve." HEIGHT="56" WIDTH="223" VPOS="2960" HPOS="1303"/>
<SP HEIGHT="55" WIDTH="76" VPOS="2960" HPOS="1527"/>
<String CONTENT="Teachers&#8217;" HEIGHT="57" WIDTH="341" VPOS="2960" HPOS="1604"/>
<SP HEIGHT="53" WIDTH="33" VPOS="2962" HPOS="1946"/>
<String CONTENT="ed." HEIGHT="56" WIDTH="91" VPOS="2961" HPOS="1980"/>
<SP HEIGHT="37" WIDTH="36" VPOS="2981" HPOS="2072"/>
<String CONTENT="of" HEIGHT="59" WIDTH="67" VPOS="2959" HPOS="2109"/>
<SP HEIGHT="58" WIDTH="33" VPOS="2959" HPOS="2177"/>
<String CONTENT="New" HEIGHT="57" WIDTH="151" VPOS="2961" HPOS="2211"/>
</TextLine>
<TextLine HEIGHT="75" WIDTH="2013" VPOS="3037" HPOS="350">
<String CONTENT="York" HEIGHT="58" WIDTH="175" VPOS="3040" HPOS="350"/>
<SP HEIGHT="56" WIDTH="43" VPOS="3041" HPOS="526"/>
<String CONTENT="ed." HEIGHT="56" WIDTH="92" VPOS="3041" HPOS="570"/>
<SP HEIGHT="57" WIDTH="83" VPOS="3039" HPOS="663"/>
<String CONTENT="Boston," HEIGHT="72" WIDTH="262" VPOS="3039" HPOS="747"/>
<SP HEIGHT="73" WIDTH="42" VPOS="3038" HPOS="1010"/>
<String CONTENT="New" HEIGHT="57" WIDTH="155" VPOS="3038" HPOS="1053"/>
<SP HEIGHT="57" WIDTH="41" VPOS="3037" HPOS="1209"/>
<String CONTENT="York" HEIGHT="57" WIDTH="175" VPOS="3037" HPOS="1251"/>
<SP HEIGHT="74" WIDTH="45" VPOS="3037" HPOS="1427"/>
<String CONTENT="[etc.]" HEIGHT="72" WIDTH="147" VPOS="3040" HPOS="1473"/>
<SP HEIGHT="75" WIDTH="49" VPOS="3037" HPOS="1621"/>
<String CONTENT="Ginn" HEIGHT="59" WIDTH="165" VPOS="3037" HPOS="1671"/>
<SP HEIGHT="38" WIDTH="48" VPOS="3056" HPOS="1837"/>
<String CONTENT="and" HEIGHT="56" WIDTH="123" VPOS="3039" HPOS="1886"/>
<SP HEIGHT="56" WIDTH="45" VPOS="3039" HPOS="2010"/>
<String CONTENT="company" HEIGHT="54" WIDTH="307" VPOS="3056" HPOS="2056"/>
</TextLine>
<TextLine HEIGHT="77" WIDTH="181" VPOS="3116" HPOS="353">
<String CONTENT="[1925]" HEIGHT="77" WIDTH="181" VPOS="3116" HPOS="353"/>
</TextLine>
<TextLine HEIGHT="58" WIDTH="1591" VPOS="3190" HPOS="420" STYLEREFS="StyleId-4D421848-B849-4896-A7EC-C0C7059ABCF4-" CS="1">
<String CONTENT="iii," HEIGHT="53" WIDTH="59" VPOS="3195" HPOS="420"/>
<SP HEIGHT="53" WIDTH="30" VPOS="3195" HPOS="480"/>
<String CONTENT="265" HEIGHT="47" WIDTH="81" VPOS="3192" HPOS="511"/>
<SP HEIGHT="55" WIDTH="30" VPOS="3192" HPOS="593"/>
<String CONTENT="p." HEIGHT="37" WIDTH="39" VPOS="3210" HPOS="624"/>
<SP HEIGHT="43" WIDTH="61" VPOS="3194" HPOS="664"/>
<String CS="1" CONTENT="19&#189;" HEIGHT="44" WIDTH="53" VPOS="3194" HPOS="726"/>
<String STYLE="superscript" CONTENT="cm" HEIGHT="18" WIDTH="47" VPOS="3196" HPOS="812"/>
<String CONTENT="." HEIGHT="9" WIDTH="8" VPOS="3229" HPOS="866"/>
<SP HEIGHT="56" WIDTH="69" VPOS="3191" HPOS="875"/>
<String CONTENT="(Wentworth-Smith" HEIGHT="57" WIDTH="494" VPOS="3190" HPOS="945"/>
<SP HEIGHT="44" WIDTH="31" VPOS="3191" HPOS="1440"/>
<String CONTENT="mathematical" HEIGHT="46" WIDTH="338" VPOS="3190" HPOS="1472"/>
<SP HEIGHT="45" WIDTH="31" VPOS="3191" HPOS="1811"/>
<String CONTENT="series)" HEIGHT="56" WIDTH="168" VPOS="3191" HPOS="1843"/>
</TextLine>
<TextLine HEIGHT="58" WIDTH="1867" VPOS="3248" HPOS="350" STYLEREFS="StyleId-A507F384-CD31-4BC8-AB2E-D4A4D20FE5F5-">
<String CONTENT="&#169;" HEIGHT="54" WIDTH="53" VPOS="3250" HPOS="350"/>
<SP HEIGHT="56" WIDTH="30" VPOS="3250" HPOS="404"/>
<String CONTENT="June" HEIGHT="53" WIDTH="116" VPOS="3253" HPOS="435"/>
<SP HEIGHT="43" WIDTH="29" VPOS="3252" HPOS="552"/>
<String CONTENT="27," HEIGHT="54" WIDTH="68" VPOS="3250" HPOS="582"/>
<SP HEIGHT="51" WIDTH="34" VPOS="3253" HPOS="651"/>
<String CONTENT="1925;" HEIGHT="53" WIDTH="132" VPOS="3250" HPOS="686"/>
<SP HEIGHT="52" WIDTH="33" VPOS="3251" HPOS="819"/>
<String CONTENT="2c." HEIGHT="43" WIDTH="65" VPOS="3251" HPOS="853"/>
<SP HEIGHT="53" WIDTH="32" VPOS="3250" HPOS="919"/>
<String CONTENT="July" HEIGHT="53" WIDTH="107" VPOS="3250" HPOS="952"/>
<SP HEIGHT="53" WIDTH="34" VPOS="3250" HPOS="1060"/>
<String CONTENT="15;" HEIGHT="53" WIDTH="73" VPOS="3248" HPOS="1095"/>
<SP HEIGHT="37" WIDTH="37" VPOS="3264" HPOS="1169"/>
<String CONTENT="aff." HEIGHT="43" WIDTH="79" VPOS="3249" HPOS="1207"/>
<SP HEIGHT="53" WIDTH="32" VPOS="3249" HPOS="1287"/>
<String CONTENT="July" HEIGHT="53" WIDTH="108" VPOS="3249" HPOS="1320"/>
<SP HEIGHT="52" WIDTH="32" VPOS="3249" HPOS="1429"/>
<String CONTENT="13;" HEIGHT="52" WIDTH="76" VPOS="3249" HPOS="1462"/>
<SP HEIGHT="52" WIDTH="33" VPOS="3249" HPOS="1539"/>
<!-- cceid 377425E8-6DD5-1014-B757-AF09C522E301 --><String CONTENT="A" HEIGHT="43" WIDTH="44" VPOS="3249" HPOS="1573"/>
<SP HEIGHT="43" WIDTH="30" VPOS="3249" HPOS="1618"/>
<String CONTENT="864020;" HEIGHT="52" WIDTH="190" VPOS="3249" HPOS="1649"/>
<SP HEIGHT="52" WIDTH="38" VPOS="3249" HPOS="1840"/>
<String CONTENT="Ginn" HEIGHT="45" WIDTH="118" VPOS="3249" HPOS="1879"/>
<SP HEIGHT="28" WIDTH="31" VPOS="3265" HPOS="1998"/>
<String CONTENT="and" HEIGHT="42" WIDTH="88" VPOS="3251" HPOS="2030"/>
<SP HEIGHT="42" WIDTH="32" VPOS="3251" HPOS="2119"/>
<String CONTENT="co." HEIGHT="29" WIDTH="65" VPOS="3265" HPOS="2152"/>
</TextLine>
<TextLine HEIGHT="74" WIDTH="590" VPOS="3364" HPOS="352" STYLEREFS="StyleId-00A12B40-744E-4DBA-A7D6-A382F3607166-">
<String CONTENT="Smith," HEIGHT="72" WIDTH="224" VPOS="3365" HPOS="352"/>
<SP HEIGHT="73" WIDTH="34" VPOS="3364" HPOS="577"/>
<String CONTENT="Young" HEIGHT="74" WIDTH="230" VPOS="3364" HPOS="612"/>
<SP HEIGHT="74" WIDTH="28" VPOS="3364" HPOS="843"/>
<String CONTENT="B." HEIGHT="57" WIDTH="70" VPOS="3364" HPOS="872"/>
</TextLine>
<TextLine HEIGHT="153" WIDTH="1984" VPOS="3452" HPOS="352" CS="1">
<String CONTENT="Cases" HEIGHT="59" WIDTH="193" VPOS="3456" HPOS="433"/>
<SP HEIGHT="37" WIDTH="31" VPOS="3476" HPOS="627"/>
<String CONTENT="on" HEIGHT="38" WIDTH="78" VPOS="3475" HPOS="659"/>
<SP HEIGHT="54" WIDTH="30" VPOS="3459" HPOS="738"/>
<String CONTENT="the" HEIGHT="57" WIDTH="105" VPOS="3456" HPOS="769"/>
<SP HEIGHT="57" WIDTH="29" VPOS="3455" HPOS="875"/>
<String CONTENT="law" HEIGHT="56" WIDTH="119" VPOS="3455" HPOS="905"/>
<SP HEIGHT="38" WIDTH="30" VPOS="3473" HPOS="1025"/>
<String CONTENT="of" HEIGHT="58" WIDTH="68" VPOS="3453" HPOS="1056"/>
<SP HEIGHT="72" WIDTH="29" VPOS="3453" HPOS="1125"/>
<String CONTENT="public" HEIGHT="72" WIDTH="213" VPOS="3453" HPOS="1155"/>
<SP HEIGHT="37" WIDTH="24" VPOS="3472" HPOS="1369"/>
<String CONTENT="utilities," HEIGHT="74" WIDTH="286" VPOS="3452" HPOS="1394"/>
<SP HEIGHT="53" WIDTH="34" VPOS="3473" HPOS="1681"/>
<String CONTENT="selected" HEIGHT="57" WIDTH="268" VPOS="3453" HPOS="1716"/>
<SP HEIGHT="57" WIDTH="32" VPOS="3454" HPOS="1985"/>
<String CONTENT="and" HEIGHT="57" WIDTH="124" VPOS="3455" HPOS="2018"/>
<SP HEIGHT="57" WIDTH="31" VPOS="3455" HPOS="2143"/>
<String CONTENT="annotated" HEIGHT="117" WIDTH="1984" VPOS="3474" HPOS="352"/>
<SP HEIGHT="56" WIDTH="25" VPOS="3535" HPOS="530"/>
<String CONTENT="by" HEIGHT="70" WIDTH="85" VPOS="3535" HPOS="556"/>
</TextLine>
<TextLine HEIGHT="75" WIDTH="1696" VPOS="3530" HPOS="666">
<String CONTENT="Young" HEIGHT="72" WIDTH="229" VPOS="3533" HPOS="666"/>
<SP HEIGHT="73" WIDTH="23" VPOS="3532" HPOS="896"/>
<String CONTENT="B." HEIGHT="56" WIDTH="71" VPOS="3532" HPOS="920"/>
<SP HEIGHT="59" WIDTH="34" VPOS="3532" HPOS="992"/>
<String CONTENT="Smith" HEIGHT="61" WIDTH="206" VPOS="3530" HPOS="1027"/>
<SP HEIGHT="55" WIDTH="29" VPOS="3532" HPOS="1234"/>
<String CONTENT="and," HEIGHT="57" WIDTH="127" VPOS="3532" HPOS="1264"/>
<SP HEIGHT="59" WIDTH="24" VPOS="3530" HPOS="1392"/>
<String CONTENT="Noel" HEIGHT="57" WIDTH="159" VPOS="3530" HPOS="1417"/>
<SP HEIGHT="56" WIDTH="28" VPOS="3530" HPOS="1577"/>
<String CONTENT="T." HEIGHT="55" WIDTH="67" VPOS="3531" HPOS="1606"/>
<SP HEIGHT="56" WIDTH="30" VPOS="3530" HPOS="1674"/>
<String CONTENT="Dowling," HEIGHT="73" WIDTH="307" VPOS="3530" HPOS="1705"/>
<SP HEIGHT="72" WIDTH="27" VPOS="3531" HPOS="2013"/>
<String CONTENT="including" HEIGHT="74" WIDTH="321" VPOS="3531" HPOS="2041"/>
</TextLine>
<TextLine HEIGHT="74" WIDTH="2006" VPOS="3608" HPOS="356">
<String CONTENT="Cases" HEIGHT="59" WIDTH="194" VPOS="3611" HPOS="356"/>
<SP HEIGHT="37" WIDTH="39" VPOS="3631" HPOS="551"/>
<String CONTENT="and" HEIGHT="57" WIDTH="125" VPOS="3612" HPOS="591"/>
<SP HEIGHT="57" WIDTH="37" VPOS="3612" HPOS="717"/>
<String CONTENT="readings" HEIGHT="72" WIDTH="298" VPOS="3610" HPOS="755"/>
<SP HEIGHT="38" WIDTH="40" VPOS="3629" HPOS="1054"/>
<String CONTENT="on" HEIGHT="38" WIDTH="82" VPOS="3628" HPOS="1095"/>
<SP HEIGHT="39" WIDTH="37" VPOS="3627" HPOS="1178"/>
<String CONTENT="rates," HEIGHT="69" WIDTH="191" VPOS="3611" HPOS="1216"/>
<SP HEIGHT="52" WIDTH="41" VPOS="3628" HPOS="1408"/>
<String CONTENT="selected" HEIGHT="57" WIDTH="270" VPOS="3608" HPOS="1450"/>
<SP HEIGHT="57" WIDTH="38" VPOS="3608" HPOS="1721"/>
<String CONTENT="and" HEIGHT="57" WIDTH="126" VPOS="3609" HPOS="1760"/>
<SP HEIGHT="57" WIDTH="36" VPOS="3609" HPOS="1887"/>
<String CONTENT="arranged" HEIGHT="71" WIDTH="315" VPOS="3611" HPOS="1924"/>
<SP HEIGHT="56" WIDTH="40" VPOS="3611" HPOS="2240"/>
<String CONTENT="by" HEIGHT="71" WIDTH="81" VPOS="3611" HPOS="2281"/>
</TextLine>
<TextLine HEIGHT="75" WIDTH="2006" VPOS="3685" HPOS="353">
<String CONTENT="Robert" HEIGHT="56" WIDTH="240" VPOS="3690" HPOS="353"/>
<SP HEIGHT="57" WIDTH="41" VPOS="3689" HPOS="594"/>
<String CONTENT="L." HEIGHT="56" WIDTH="68" VPOS="3689" HPOS="636"/>
<SP HEIGHT="57" WIDTH="48" VPOS="3688" HPOS="705"/>
<String CONTENT="Hale." HEIGHT="57" WIDTH="180" VPOS="3688" HPOS="754"/>
<SP HEIGHT="59" WIDTH="91" VPOS="3686" HPOS="935"/>
<String CONTENT="St." HEIGHT="59" WIDTH="90" VPOS="3686" HPOS="1027"/>
<SP HEIGHT="57" WIDTH="50" VPOS="3687" HPOS="1118"/>
<String CONTENT="Paul," HEIGHT="73" WIDTH="178" VPOS="3685" HPOS="1169"/>
<SP HEIGHT="73" WIDTH="46" VPOS="3685" HPOS="1348"/>
<String CONTENT="West" HEIGHT="58" WIDTH="183" VPOS="3685" HPOS="1395"/>
<SP HEIGHT="68" WIDTH="44" VPOS="3688" HPOS="1579"/>
<String CONTENT="publishing" HEIGHT="74" WIDTH="366" VPOS="3685" HPOS="1624"/>
<SP HEIGHT="53" WIDTH="45" VPOS="3706" HPOS="1991"/>
<String CONTENT="company," HEIGHT="55" WIDTH="322" VPOS="3705" HPOS="2037"/>
</TextLine>
<TextLine HEIGHT="57" WIDTH="165" VPOS="3768" HPOS="354">
<String CONTENT="1925." HEIGHT="57" WIDTH="165" VPOS="3768" HPOS="354"/>
</TextLine>
<TextLine HEIGHT="57" WIDTH="881" VPOS="3840" HPOS="427" STYLEREFS="StyleId-4D421848-B849-4896-A7EC-C0C7059ABCF4-">
<String CONTENT="1" HEIGHT="41" WIDTH="17" VPOS="3846" HPOS="427"/>
<SP HEIGHT="41" WIDTH="31" VPOS="3846" HPOS="445"/>
<String LANG="la" CONTENT="v." HEIGHT="27" WIDTH="40" VPOS="3860" HPOS="477"/>
<SP HEIGHT="54" WIDTH="68" VPOS="3843" HPOS="518"/>
<String CONTENT="(American" HEIGHT="54" WIDTH="273" VPOS="3843" HPOS="587"/>
<SP HEIGHT="28" WIDTH="28" VPOS="3858" HPOS="861"/>
<String CONTENT="casebook" HEIGHT="45" WIDTH="226" VPOS="3841" HPOS="890"/>
<SP HEIGHT="43" WIDTH="26" VPOS="3842" HPOS="1117"/>
<String CONTENT="series)" HEIGHT="54" WIDTH="164" VPOS="3840" HPOS="1144"/>
</TextLine>
<TextLine HEIGHT="59" WIDTH="1864" VPOS="3894" HPOS="354" STYLEREFS="StyleId-A507F384-CD31-4BC8-AB2E-D4A4D20FE5F5-">
<String CONTENT="&#169;" HEIGHT="53" WIDTH="54" VPOS="3900" HPOS="354"/>
<SP HEIGHT="53" WIDTH="31" VPOS="3900" HPOS="409"/>
<String CONTENT="Sept." HEIGHT="53" WIDTH="121" VPOS="3900" HPOS="441"/>
<SP HEIGHT="43" WIDTH="30" VPOS="3901" HPOS="563"/>
<String CONTENT="18," HEIGHT="52" WIDTH="61" VPOS="3900" HPOS="594"/>
<SP HEIGHT="52" WIDTH="34" VPOS="3900" HPOS="656"/>
<String CONTENT="1925;" HEIGHT="54" WIDTH="130" VPOS="3898" HPOS="691"/>
<SP HEIGHT="53" WIDTH="30" VPOS="3899" HPOS="822"/>
<String CONTENT="2c." HEIGHT="43" WIDTH="64" VPOS="3899" HPOS="853"/>
<SP HEIGHT="43" WIDTH="33" VPOS="3900" HPOS="918"/>
<String CONTENT="Oct." HEIGHT="44" WIDTH="102" VPOS="3900" HPOS="952"/>
<SP HEIGHT="45" WIDTH="29" VPOS="3899" HPOS="1055"/>
<String CONTENT="29;" HEIGHT="52" WIDTH="79" VPOS="3899" HPOS="1085"/>
<SP HEIGHT="37" WIDTH="31" VPOS="3914" HPOS="1165"/>
<String CONTENT="aff." HEIGHT="43" WIDTH="79" VPOS="3899" HPOS="1197"/>
<SP HEIGHT="43" WIDTH="33" VPOS="3898" HPOS="1277"/>
<String CONTENT="Oct." HEIGHT="43" WIDTH="102" VPOS="3898" HPOS="1311"/>
<SP HEIGHT="44" WIDTH="30" VPOS="3897" HPOS="1414"/>
<String CONTENT="28;" HEIGHT="53" WIDTH="79" VPOS="3896" HPOS="1445"/>
<SP HEIGHT="52" WIDTH="32" VPOS="3897" HPOS="1525"/>
<!-- cceid 3774398C-6DD5-1014-B757-AF09C522E301 --><String CONTENT="A" HEIGHT="41" WIDTH="43" VPOS="3897" HPOS="1558"/>
<SP HEIGHT="42" WIDTH="30" VPOS="3896" HPOS="1602"/>
<String CONTENT="872285;" HEIGHT="54" WIDTH="190" VPOS="3894" HPOS="1633"/>
<SP HEIGHT="51" WIDTH="32" VPOS="3897" HPOS="1824"/>
<String CONTENT="West" HEIGHT="44" WIDTH="132" VPOS="3897" HPOS="1857"/>
<SP HEIGHT="45" WIDTH="29" VPOS="3905" HPOS="1990"/>
<String CONTENT="pub." HEIGHT="52" WIDTH="102" VPOS="3898" HPOS="2020"/>
<SP HEIGHT="27" WIDTH="30" VPOS="3914" HPOS="2123"/>
<String CONTENT="co." HEIGHT="28" WIDTH="64" VPOS="3914" HPOS="2154"/>
</TextLine>
</TextBlock>
</PrintSpace>
</Page>
</Layout>
</alto>