2533 4412
1051 4036 115 59 979

101 396 278 71 Maistre,
417 397 237 70 Joseph
687 395 216 72 Marie,
942 399 194 55 comte
1172 395 91 71 de,
1300 397 358 58 1754-1821.

243 468 1848 76 … La franc-maçonnerie; mémoire inédit an duc de
97 549 367 60 Brunswick
537 550 205 72 (1782)
815 548 208 74 publié
1088 568 149 38 avec
1298 568 119 38 une
1483 548 427 59 introduction
1973 570 118 52 par

98 627 199 58 Émile
327 626 472 73 Dermenghem.
883 625 206 73 Paris,
1119 626 71 57 P.
1221 626 232 58 Rieder
1485 629 60 55 et
1574 647 30 38 ci
1622 635 20 22 e
1644 672 14 27 ,
1691 628 166 56 1925.

177 702 1086 59 125, [2] p. 19 cm . (Christianisme … [6])
172 764 66 42 At
261 763 113 45 head
398 762 50 44 of
471 761 98 46 title
585 777 8 28 :
617 762 168 52 Joseph
810 762 54 43 de
888 761 207 45 Maistre.

102 814 1723 60 © Jan. 28, 1925; 1c. Mar. 12; A —Foreign 26989; F. Rieder & co.
181 874 270 56 (25-17644)

103 961 456 73 [Marcheterre,
598 958 51 57 L
1038 957 230 76 Philip]

179 1041 129 57 The
349 1040 376 58 cross-word
765 1039 214 72 puzzle
1018 1039 149 71 key;
1209 1040 209 58 words
1460 1042 125 57 and
1628 1039 357 60 definitions
2030 1044 66 57 of

99 1136 189 55 many
321 1116 273 73 subjects
624 1115 409 73 numerically
1065 1119 315 70 arranged
1412 1121 65 55 to
1508 1116 311 60 facilitate
1853 1120 244 73 solving

101 1196 374 60 cross-word
508 1195 264 71 puzzles.
849 1193 469 73 Marlborough,
1353 1194 214 73 Mass.,
1605 1195 131 59 The
1771 1195 327 73 Keystone

100 1272 361 74 publishing
490 1291 86 38 co.
609 1301 12 43 [
625 1278 17 21 c
645 1270 165 73 1925]

174 1350 464 53 121, [1] p. 19 ½ cm .
175 1399 967 59 “Copyright … by L. P. Marcheterre.”
100 1461 55 53 ©
181 1463 116 52 June
326 1460 64 52 17,
419 1459 130 53 1925;
576 1461 65 42 2c.
669 1460 88 43 and
783 1460 78 42 aff.
889 1460 116 51 June
1035 1460 75 51 18;
1140 1460 43 42 A
1212 1458 189 53 857890;
1432 1460 48 43 L.
1512 1460 50 44 P.
1592 1462 329 53 Marcheterre,
173 1460 1901 114 Marlborough,

425 1518 141 43 Mass.
635 1514 273 56 (25-16739)

101 1603 279 72 Marden,
423 1602 226 59 Orison
689 1602 212 72 Swett,
944 1603 358 58 1848-1924.

245 1678 1850 76 … A mulher e o lar, traduç ã o portuguesa de Victor
97 1759 187 72 Hugo
311 1757 304 57 Antunes.
682 1757 213 71 Porto,
922 1756 76 57 A.
1026 1756 466 74 Pigueirinhas,
1520 1759 167 57 1925.

167 1833 743 58 2 p. l ., [7]-327 p., 1 l. 19½ cm .
103 1885 1907 63 © July 1, 1925; 1c. July 23; A—Foreign 28367; Antonio Figueirinhas.
181 1946 270 58 (25-17372)

103 2031 223 71 Miller,
370 2031 253 59 Samuel
658 2028 256 72 Martin,
958 2032 189 58 1890-

179 2111 129 55 The
343 2110 153 57 Acts;
565 2128 38 37 a
636 2109 185 72 guide
857 2111 62 53 to
958 2109 188 73 study
1175 2109 66 56 in
1277 2128 39 38 a
1346 2110 161 57 book
1542 2110 67 59 of
1643 2113 105 57 the
1782 2113 197 75 Bible,
2013 2116 82 72 by

102 2184 1522 78 Samuel M. Miller … St. Paul, Minn. [ c 1924]
175 2264 540 56 43, [1 ] p., 1 l. 19½ cm .
177 2321 286 56 “Originally
490 2321 236 54 published
752 2323 45 41 in
824 2321 73 43 the
925 2320 142 45 ‘Bible
1094 2321 225 45 banner’.”

104 2378 53 53 ©
188 2379 118 44 Nov.
335 2377 69 53 26,
437 2378 105 43 1924;
598 2378 66 42 2c.
694 2378 88 42 and
813 2377 79 42 aff.
926 2376 119 53 Aug.
1082 2378 62 51 14,
1181 2376 103 45 1925;
1345 2379 44 42 A
1421 2379 164 46 866094;
1649 2379 45 48 S.
1728 2383 66 43 M.
1828 2383 171 54 Miller,
2033 2385 64 46 St.

175 2435 127 44 Paul.
371 2433 271 57 (25-16887)

103 2520 268 72 Moffett,
415 2521 197 57 Jonas
654 2517 299 72 William,
999 2521 190 57 1858-

183 2599 128 56 The
361 2598 226 58 second
632 2595 243 74 coming
922 2594 69 61 of
1038 2594 216 61 Christ;
1330 2598 105 58 the
1480 2601 183 72 great
1706 2602 391 77 tribulation,

103 2677 194 58 battle
335 2676 67 58 of
435 2675 465 72 Armageddon,
937 2674 385 58 restoration
1359 2676 69 57 of
1461 2677 221 76 Israel,
1719 2680 106 59 the
99 2680 1973 150 millennium,

321 2754 177 60 when
533 2754 123 56 and
683 2752 226 72 where,
943 2752 125 58 and
1101 2752 172 73 signs
1308 2753 70 58 of
1409 2754 121 59 His
1562 2756 262 76 coming,
1857 2760 170 59 from
2060 2784 36 37 a

105 2834 292 72 lawyer’s
448 2829 383 74 standpoint,
876 2830 84 70 by
1004 2831 60 57 J.
1112 2830 97 58 W.
1258 2831 272 59 Moffett.
1617 2834 281 77 Abilene,
1947 2839 147 59 Tex.

122 2913 186 70 [ c 1925]
179 2988 52 46 75
256 3004 41 39 p.
356 2989 54 45 20½
444 2990 47 17 cm
499 3023 9 8 .

106 3045 52 53 ©
193 3046 120 52 Aug.
353 3044 64 51 19,
458 3042 130 53 1925;
624 3043 65 43 2c.
728 3043 119 52 Aug.
883 3041 78 53 22;
1000 3042 79 43 aff.
1117 3042 119 53 Aug.
1273 3043 80 53 24;
1391 3045 44 42 A
1471 3045 190 54 866427;
1702 3049 26 52 J.
1782 3051 74 43 W.
1897 3053 202 48 Moffett,

176 3103 204 49 Abilene,
409 3100 115 44 Tex.
593 3097 270 56 (25-16506)

104 3174 190 67 More,
339 3171 233 73 Henry,
617 3171 358 59 1614-1687.

181 3248 467 73 Philosophical
679 3247 287 74 writings
1001 3248 68 58 of
1100 3248 224 72 Henry
1355 3249 197 68 More,
1589 3253 209 60 edited
1831 3257 150 58 with
107 3255 1971 135 introduction

486 3325 1617 74 and notes by Flora Isabel MacKinnon … New
104 3407 190 64 York,
328 3405 261 58 London
625 3407 147 69 [etc.]
812 3403 245 59 Oxford
1088 3403 356 74 university
1473 3425 201 57 press,
1712 3412 167 56 1925.

175 3483 141 52 xxvii,
351 3483 79 44 333
462 3496 42 38 p.
565 3480 114 45 illus.
738 3482 52 42 23
799 3483 15 18 cm
930 3479 124 56 (The
1086 3481 250 53 Wellesley
1367 3482 385 50 semi-centennial
1788 3490 164 54 series)

176 3540 129 44 With
342 3536 339 56 reproductions
717 3537 51 44 of
801 3536 193 55 original
1027 3538 273 53 title-pages.

178 3594 352 55 Bibliography:
564 3609 40 38 p.
641 3592 237 48 [233]-256.

437 3649 707 48 CONTENTS.—Introduction.—Selections
1183 3651 121 45 from
1338 3652 75 44 the
1449 3653 325 56 philosophical
1809 3661 208 55 writings
2052 3663 52 44 of

109 3712 158 42 More:
328 3743 7 8 I.
370 3708 101 43 The
505 3708 220 43 Antidote
759 3709 180 51 against
974 3707 193 44 atheism.
1287 3743 8 7 II.
1330 3708 100 45 The
1466 3711 296 57 immortality
1796 3717 50 44 of
1881 3719 74 44 the
1992 3720 110 44 soul.

172 3803 8 8 III.
211 3764 296 50 Enchiridion
538 3762 1016 57 metaphysicum.—Bibliography.—Outline
1585 3786 231 41 summary
1849 3774 51 46 of
1931 3776 172 46 More’s

108 3821 496 55 philosophy.—Notes.

108 3878 53 54 ©
196 3880 108 51 July
338 3879 67 52 31,
444 3876 129 54 1925;
610 3878 65 43 2c.
713 3878 119 52 Aug.
868 3879 50 50 4;
956 3878 79 44 aff.
1076 3876 119 54 Sept.
1232 3880 50 51 2;
1321 3880 45 43 A
1401 3882 163 45 864083;
1630 3886 218 45 Wellesley
1915 3890 187 55 college,

177 3935 260 53 Wellesley,
469 3936 142 41 Mass.
687 3932 54 54 [©
772 3934 304 45 introduction
1105 3936 87 43 and
1219 3943 143 46 notes]
1433 3936 272 61 (25-15254)
