2533 4412
1023 4054 146 55 1187

102 409 169 75 [New
301 408 175 58 York
507 409 342 58 annotated
878 408 222 76 digest]

177 499 194 57 Notes
406 518 77 38 on
513 499 153 56 New
692 500 173 56 York
897 503 179 53 court
1104 500 66 56 of
1203 499 259 71 appeals
1496 518 194 52 cases,
1723 520 40 37 a
1791 500 301 71 complete

99 576 260 71 judicial
389 576 490 71 interpretation
912 578 123 55 and
1066 576 249 71 history
1349 577 67 56 of
1451 595 191 54 every
1674 580 176 54 court
1885 578 67 56 of
100 596 1968 128 appeals

314 653 292 71 decision,
648 655 90 55 ed.
777 654 83 72 by
896 654 138 71 Roy
1071 653 283 57 Howard
1389 653 323 73 Hoffman,
1751 655 199 57 under
1990 655 103 57 the

102 729 1991 73 supervision of William Mack … Supplement 1924-1925.
100 807 151 57 New
290 807 191 72 York,
524 808 128 56 The
696 807 337 57 American
1074 808 119 56 law
1233 808 161 56 book
1435 827 336 55 company;
1814 809 279 74 London,

96 885 433 58 Butterworth
560 884 49 57 &
640 905 106 52 co.,
782 887 164 56 1925.

165 973 528 55 4 p. l., 336 p. 25 cm .
99 1043 52 53 ©
184 1045 101 44 Oct.
317 1046 67 52 31,
419 1043 129 53 1925;
581 1045 64 42 2c.
678 1045 88 42 and
797 1045 78 43 aff.
911 1045 117 43 Nov.
1067 1045 73 52 18;
1177 1046 43 41 A
1253 1044 189 54 875131;
1477 1046 245 44 American
1756 1047 87 44 law
1875 1048 120 44 book
2028 1062 65 29 co.

100 1157 172 57 Niles
305 1156 52 58 &
389 1157 190 57 Niles.

171 1249 251 57 Review
456 1248 67 58 of
557 1248 330 72 published
923 1249 306 57 statistics
1266 1248 261 59 relative
1565 1254 63 54 to
1666 1254 132 54 cost
1832 1253 66 56 of
94 1270 1973 114 merchandise

415 1326 425 72 distribution,
868 1330 170 57 rates
1066 1327 67 57 of
1159 1326 431 59 merchandise
1619 1331 320 71 turnover,
1969 1331 123 57 and

91 1404 397 59 fluctuations
516 1405 67 57 in
608 1405 516 73 manufacturing
1153 1405 450 72 employments
1631 1408 65 57 in
1723 1407 104 58 the
1855 1407 236 59 United

98 1483 1994 76 States, 1913-1923, prepared by Niles & Niles … [New
93 1561 190 72 York,
310 1572 19 21 c
333 1563 164 73 1925]

172 1652 709 55 1 p. l., 43 p. diagrs. 23 cm .
170 1724 250 47 “Schedule
456 1724 51 44 of
545 1724 73 43 the
657 1723 297 54 publications
993 1722 260 54 containing
1292 1724 76 44 the
1407 1724 216 45 statistics
1662 1728 111 42 used
1812 1728 42 41 in
1898 1727 86 44 this
97 1743 1976 82 review”:
295 1796 39 38 p.
362 1780 149 44 36-43.

99 1836 52 53 ©
180 1836 121 53 Sept.
333 1837 33 50 1,
397 1835 129 54 1925;
552 1836 65 43 2c.
645 1837 87 42 and
757 1836 78 43 aff.
866 1834 119 54 Sept.
1017 1836 73 52 12;
1118 1836 44 42 A
1190 1836 189 53 861912;
1411 1837 129 44 Niles
1570 1838 37 44 &
1633 1838 144 52 Niles,
1806 1839 117 45 New
1950 1840 143 44 York.

177 1892 268 56 (25-20270)

101 2006 267 75 [Onions,
409 2007 192 58 Berta
638 2006 193 77 Ruck]

175 2101 204 56 Kneel
417 2101 65 56 to
522 2099 103 57 the
665 2099 314 73 prettiest,
1020 2100 82 71 by
1141 2099 199 58 Berta
1378 2101 191 58 Ruck.
1655 2102 310 72 [8th-12th
100 2103 1971 149 instalment]

173 2255 80 51 (In
279 2256 186 40 London
493 2256 144 40 Home
662 2255 123 50 chat,
811 2255 122 51 June
961 2260 64 46 13,
1054 2259 65 48 20,
1146 2258 65 48 27,
1238 2256 114 51 July
1378 2261 38 46 4,
1446 2261 64 47 11,
1538 2256 128 52 1925)

99 2309 1993 57 © 1c. each Aug. 6, 19, 1925; A ad int. 7212, 7214; pubd. June 9, 16, 23, 30,
168 2366 105 53 July
308 2365 50 54 7;
397 2367 114 42 Mrs.
549 2365 178 53 George
764 2366 172 52 Oliver,
971 2365 108 44 Fair
1115 2366 127 52 Mile,
1280 2367 498 53 Henley-on-Thames,
1815 2368 222 53 England.

102 2479 401 74 Oppenheim,
542 2479 276 58 Edward
852 2479 287 73 Phillips,
1178 2482 147 57 1866–

175 2571 255 61 Gabriel
478 2571 285 73 Samara,
810 2571 423 73 peacemaker,
1282 2573 80 69 by
1409 2572 74 57 E.
1533 2573 268 72 Phillips
97 2574 1975 135 Oppenheim.

345 2651 258 72 Boston,
631 2650 214 71 Little,
870 2651 250 70 Brown,
1147 2653 123 55 and
1296 2670 324 53 company,
1650 2653 165 56 1925.

168 2728 651 54 3 p. l., [3]–323 p. 19½c m .
99 2785 52 52 ©
181 2786 100 44 Oct.
310 2784 38 53 7,
379 2783 129 53 1925;
537 2785 63 42 2c.
631 2785 88 42 and
744 2785 79 42 aff.
853 2784 102 44 Oct.
989 2782 73 54 15;
1094 2784 45 42 A
1166 2783 189 53 869479;
1386 2783 52 48 E.
1470 2786 49 41 P.
1552 2785 296 54 Oppenheim,
1877 2787 215 53 Woking,

169 2841 222 54 England.
460 2839 269 56 (25-20258)

100 2944 162 69 Otto,
297 2941 233 59 Robert
562 2942 82 58 W
955 2943 91 58 ed.

172 3033 419 57 Instructions
625 3035 63 54 to
723 3032 199 72 juries
956 3031 64 57 in
1054 3031 286 57 criminal
1373 3051 193 53 cases,
1600 3036 342 57 annotated
1976 3036 112 73 [by]

97 3109 1971 139 Robert W. Otto … and William L. Vandeventer … [Jefferson
345 3187 161 73 City,
537 3188 143 72 Mo.,
711 3187 131 58 The
872 3186 191 74 Hugh
1097 3186 308 72 Stephens
1437 3187 285 75 printing
1753 3190 49 58 &
98 3190 1968 150 stationery
233 3287 106 53 co.,
367 3275 19 22 c
391 3268 162 71 1925]

171 3341 639 59 2 p. l., [3]-431 p. 25½ cm .
101 3402 52 53 ©
181 3403 120 52 Aug.
329 3403 66 50 29,
426 3400 130 52 1925;
584 3401 65 42 2c.
678 3401 87 42 and
793 3401 78 42 aff.
904 3400 101 44 Oct.
1035 3399 49 52 5;
1114 3400 44 42 A
1188 3398 189 52 864945;
1410 3401 53 41 R.
1493 3401 73 43 W.
1599 3401 111 45 Otto
1741 3402 37 44 &
1806 3402 206 45 William
2044 3405 48 43 L.

170 3460 330 48 Vandeventer,
535 3457 227 53 Jefferson
800 3456 115 52 City,
954 3457 95 42 Mo.
1120 3454 270 56 (25-20082)

101 3558 263 68 Pierrot,
401 3558 238 71 George
675 3557 68 57 F.

169 3651 152 70 Yea,
371 3647 324 60 Sheriton!
745 3649 83 70 by
874 3648 241 71 George
1167 3647 70 61 F.
1289 3647 271 73 Pierrot,
1609 3649 360 60 illustrated
2015 3653 83 71 by

101 3729 215 57 Frank
349 3727 359 72 Spradling.
791 3725 252 60 Garden
1079 3723 162 74 City,
1273 3724 73 58 N.
1380 3724 93 72 Y.,
1505 3725 386 75 Doubleday,
1925 3728 170 75 Page

101 3807 48 58 &
178 3824 322 53 company,
533 3806 165 55 1925.

171 3880 952 57 6 p. l., 218 p. front., plates. 19½ cm .
103 3940 52 53 ©
190 3941 119 53 Sept.
344 3941 63 50 18,
442 3938 130 52 1925;
606 3939 63 43 2c.
702 3939 87 42 and
821 3938 79 43 aff.
935 3937 102 44 Oct.
1073 3936 73 53 12;
1181 3937 44 42 A
1258 3935 189 54 869375;
1485 3939 280 53 Doubleday,
1800 3941 124 52 Page
1957 3941 37 44 &
2026 3956 66 29 co.

181 3996 268 56 (25-20021)
