2533 4412
1275 4116 111 55 196

332 447 287 72 Carman,
657 450 154 56 Mrs.
849 449 289 73 Dorothy
1179 448 409 74 (Walworth)

413 542 193 59 Faith
646 544 67 57 of
752 562 114 39 our
906 545 268 72 fathers,
1213 546 83 71 by
1333 544 291 72 Dorothy
1661 544 352 59 Walworth
2055 544 290 60 Carman.

335 621 153 58 New
518 622 174 57 York
720 625 126 56 and
874 623 281 71 London,
1183 623 260 71 Harper
1471 624 49 56 &
1548 623 313 63 brothers,
1893 623 167 57 1925.

401 702 523 52 4 p. l. , 311 p. 19 cm .
332 754 53 54 ©
415 757 120 42 Mar.
565 754 37 54 5,
635 756 131 52 1925;
797 757 64 43 2c.
888 757 91 43 and
1005 756 80 44 aff.
1116 757 119 43 Mar.
1267 755 48 53 7;
1346 756 45 42 A
1417 755 166 44 823317
1600 771 8 37 ;
1641 756 186 53 Harper
1855 757 38 44 &
1920 757 121 44 bros.

411 812 246 56 (25-5771)

332 915 356 73 Chadwick,
734 915 278 59 Charles.

409 1007 130 57 The
602 1010 243 68 cactus;
911 1027 35 37 a
1007 1007 201 71 novel,
1270 1007 84 72 by
1417 1006 260 62 Charles
1744 1006 349 60 Chadwick.
2195 1009 152 58 New

332 1085 192 73 York,
559 1086 273 57 Thomas
866 1086 73 56 Y.
978 1085 265 58 Crowell
1276 1104 308 54 company
1619 1115 12 43 [
1635 1094 17 22 c
1657 1088 164 72 1925]

432 1203 11 17 v,
469 1168 85 45 314
577 1182 40 38 p.
706 1168 27 45 19
737 1169 49 19 cm
791 1203 9 9 .

331 1221 56 55 ©
413 1223 107 44 Feb.
544 1223 68 51 28,
643 1220 130 54 1925;
802 1223 65 42 2c.
894 1222 121 43 Mar.
1042 1223 50 51 9;
1123 1222 80 43 aff.
1233 1222 120 43 Mar.
1381 1221 51 53 7;
1461 1223 45 42 A
1534 1222 190 52 823343;
1760 1221 49 45 C.
1839 1221 263 55 Chadwick,
404 1221 1917 111 Charlestown,
564 1280 143 43 Mass.
768 1277 245 56 (25-5851)

333 1381 343 74 Chapman,
715 1380 204 58 Allen.

483 1475 1868 78 … The radio boys with the flood fighters; or, Saving
335 1554 1988 139 the city in the valley, by Allen Chapman … with foreword
553 1635 84 72 by
680 1634 162 59 Jack
884 1633 221 72 Binns,
1149 1632 365 60 illustrated
1555 1636 85 72 by
1682 1634 249 58 Walter
1975 1634 62 59 S.
2085 1635 262 74 Rogers.

336 1712 1267 73 New York, Grosset & Dunlap [ c 1925]
405 1792 93 53 viii,
527 1794 138 44 9-218
692 1808 40 37 p.
794 1791 142 45 front.
1000 1793 51 44 19½c
1102 1793 29 18 m
1138 1827 8 9 .
1217 1791 126 53 (The
1369 1790 130 46 radio
1527 1793 112 51 boys
1667 1792 167 52 series)

332 1847 54 55 ©
415 1850 120 42 Mar.
562 1850 38 48 2,
634 1846 130 53 1925;
794 1848 66 43 2c.
889 1848 88 43 and
1004 1848 79 43 aff.
1113 1848 120 43 Mar.
1263 1845 21 45 5
1303 1862 9 37 ;
1344 1848 45 42 A
1417 1846 189 52 823287;
1641 1846 189 45 Grosset
1861 1848 37 44 &
1927 1849 195 52 Dunlap.

413 1905 245 55 (25-5773)

333 2006 230 75 Coffee,
601 2006 233 73 Frank,
873 2026 194 55 comp.

409 2101 205 72 Forty
639 2120 188 52 years
860 2120 79 38 on
969 2100 105 58 the
1102 2098 249 74 Pacific,
1382 2099 104 58 the
1515 2100 135 57 lure
1681 2100 68 58 of
1777 2100 104 58 the
1913 2104 182 70 great
2125 2122 221 54 ocean;

333 2201 37 37 a
398 2181 163 57 book
591 2180 69 57 of
689 2180 322 57 reference
1046 2179 106 57 for
1181 2178 104 58 the
1317 2179 277 57 traveler
1627 2180 126 57 and
1781 2178 293 73 pleasure
2106 2181 106 57 for
2242 2181 106 59 the

335 2258 462 73 stay-at-home,
844 2257 308 72 compiled
1192 2258 84 70 by
1318 2257 217 57 Frank
1579 2256 231 60 Coffee.
1897 2259 79 57 2d
2019 2258 93 59 ed.
2196 2259 153 59 New

332 2338 175 57 York
545 2341 147 69 [etc.]
736 2335 266 60 Oceanic
1037 2335 366 73 publishing
1440 2354 336 54 company;
1819 2335 131 59 San
1987 2336 359 74 Francisco,

335 2417 149 70 Cal.,
515 2416 75 57 A.
624 2416 83 57 M.
740 2416 357 57 Robertson
1130 2414 203 73 [c1925]

402 2495 109 50 xvii,
544 2494 83 44 350
655 2509 54 38 p.,
743 2494 19 42 1
815 2528 22 17 l.,
870 2491 193 46 351-403
1093 2507 42 39 p.
1167 2492 71 44 incl.
1300 2506 139 40 maps,
1472 2491 145 54 diagr.
1678 2491 153 53 front.,
1863 2492 154 53 plates,
2050 2499 151 47 ports.,
2238 2493 94 46 fold.

332 2567 117 38 map.
509 2552 52 43 23½
596 2551 47 19 cm
651 2586 8 8 .

332 2609 54 54 ©
414 2610 122 44 Mar.
565 2610 39 51 2,
634 2607 131 54 1925;
794 2609 64 44 2c.
886 2608 88 44 and
1000 2608 80 44 aff.
1108 2607 120 44 Mar.
1256 2607 50 53 9;
1338 2607 45 43 A
1411 2605 162 46 822295
1591 2623 8 37 ;
1632 2605 50 46 F.
1713 2605 174 55 Coffee,
1916 2607 178 53 Akron,
2124 2607 55 45 O.

412 2666 244 56 (25-5980)

335 2753 325 59 Colorado.
745 2754 305 72 Supreme
1086 2756 192 53 court.

413 2842 1933 74 Cases argued and determined … terms of January and
332 2925 205 72 April,
571 2925 165 56 1924.
822 2923 264 57 Newton
1120 2920 63 60 C.
1219 2921 290 72 Garbutt,
1545 2923 293 69 reporter.
1935 2940 57 38 v.
2029 2924 88 55 75.
333 2921 1986 155 Chicago,

543 3002 351 73 Callaghan
930 3000 47 57 &
1016 3019 107 54 co.,
1160 3000 166 57 1925.

401 3080 108 51 xvii,
543 3079 82 44 678
655 3094 39 38 p.
753 3079 54 44 23
814 3082 48 18 cm
869 3114 8 8 .

333 3137 53 54 ©
410 3139 121 42 Mar.
557 3137 63 52 17,
646 3134 132 53 1925;
803 3136 64 43 2c.
892 3135 88 43 and
1003 3135 79 43 aff.
1111 3134 119 43 Mar.
1253 3133 79 52 20;
1361 3133 42 43 A
1428 3132 190 53 822485;
1648 3132 129 47 State
1799 3132 51 44 of
1876 3132 242 55 Colorado,
2144 3134 197 45 Denver.

336 3224 262 72 Curtiss,
640 3221 324 59 Harriette
1002 3220 310 74 Augusta.

412 3317 251 56 Letters
703 3314 165 56 from
913 3313 103 57 the
1057 3311 252 58 teacher.
1410 3330 56 37 v.
1511 3312 50 54 2.
1605 3311 190 55 From
1837 3311 104 57 the
1983 3312 256 58 teacher
2277 3313 68 57 of

334 3396 104 56 the
467 3394 205 57 Order
698 3392 67 57 of
793 3389 327 60 Christian
1142 3388 261 73 mystics
1442 3388 233 71 (Order
1703 3389 69 56 of
1799 3389 103 56 the
1933 3389 101 72 15)
2069 3391 84 71 by
335 3390 1987 139 Harriette

564 3466 1781 76 Augusta Curtiss and F. Homer Curtiss … San
335 3549 358 71 Francisco,
733 3548 129 56 The
902 3545 248 59 Curtiss
1184 3543 399 72 philosophic
1614 3543 161 57 book
1809 3563 107 54 co.,
1954 3547 165 56 1924.

402 3622 733 58 2 p. l., iii-v, 7-247 p. 20 cm .
335 3686 53 53 ©
416 3687 110 42 Dec.
559 3681 61 54 15,
652 3682 130 51 1924;
809 3681 66 43 2c.
903 3681 121 42 Mar.
1055 3679 61 50 10,
1148 3675 129 53 1925;
1308 3678 79 42 aff.
1417 3677 119 43 Mar.
1565 3677 49 51 9;
1647 3676 42 43 A
1718 3676 188 53 822323;
1939 3675 50 45 F.
2019 3678 179 44 Homer
405 3678 1916 117 Curtiss,

526 3740 92 48 San
640 3737 259 47 Francisco.

337 3828 296 72 Cushing,
677 3825 217 72 Harry
934 3821 222 58 Cooke.

536 3916 322 61 Standard
903 3915 225 71 wiring
1171 3913 109 56 for
1324 3910 252 59 electric
1617 3910 164 68 light
1825 3912 123 57 and
1991 3932 230 53 power,
2270 3933 69 38 as

337 3989 1936 82 adopted by the fire underwriters of the United States …
