2533 4412
1034 4085 111 57 147

98 455 189 72 Buck,
326 456 277 57 Norman
642 454 268 74 Sydney.

177 547 128 56 The
343 546 432 71 development
815 545 66 58 of
921 545 102 57 the
1063 542 432 74 organisation
1534 542 68 58 of
97 541 1973 140 Anglo-American

265 619 1827 76 trade, 1800-1850, by Norman Sydney Buck … New
99 701 238 71 Haven,
366 701 155 57 Yale
547 700 354 71 university
926 718 212 53 press;
1170 701 147 70 [etc.,
1349 702 128 68 etc.]
1509 698 148 55 1925

166 792 80 53 xii,
281 792 77 44 190
389 807 38 41 p.
487 792 52 43 23½
575 793 47 18 cm
628 826 8 8 .

171 862 123 45 “The
321 871 178 45 present
527 861 178 45 volume
737 862 35 44 is
802 861 74 45 the
904 861 154 54 eighth
1086 860 131 45 work
1245 858 232 55 published
1506 859 59 54 by
1595 859 74 45 the
1700 859 113 45 Yale
1843 858 250 54 university

98 935 125 38 press
247 935 57 29 on
328 920 73 44 the
424 919 240 45 Theodore
690 919 49 43 L.
768 918 212 54 Glasgow
1007 917 233 45 memorial
1266 917 274 53 publication
1567 916 152 44 fund.”

169 976 351 53 Bibliography:
555 991 39 37 p.
631 974 238 49 [178]-185.

98 1045 53 54 ©
178 1046 107 45 Feb.
309 1046 67 52 27,
409 1045 128 55 1925;
566 1048 63 43 2c.
660 1048 116 42 Mar.
804 1047 49 51 2;
884 1047 77 43 aff.
990 1045 105 44 Feb.
1123 1045 77 52 28;
1231 1045 44 42 A
1300 1044 187 53 822226;
1518 1045 118 43 Yale
1661 1044 118 43 univ.
1809 1058 139 39 press.

177 1103 242 56 (25-5993)

99 1204 343 73 Buckelew,
481 1206 67 55 F.
589 1206 102 70 M.,
732 1207 189 56 1852-

171 1295 141 56 Life
349 1294 66 58 of
447 1295 69 57 F.
553 1295 82 57 M.
669 1294 341 72 Buckelew,
1044 1294 104 57 the
1182 1293 228 58 Indian
1444 1293 264 72 captive,
1745 1313 68 38 as
1849 1294 240 58 related

93 1371 83 72 by
205 1372 271 72 himself,
510 1373 253 57 written
792 1374 83 69 by
908 1373 66 55 T.
1014 1372 60 58 S.
1108 1371 235 58 Dennis
1379 1372 123 57 and
1533 1372 153 56 Mrs.
1723 1372 68 56 T.
1832 1371 61 59 S.
93 1372 1972 137 Dennis.

278 1450 311 71 Bandera,
625 1450 166 73 Tex.,
825 1450 310 58 Hunter’s
1169 1449 286 74 printing
1484 1449 195 59 house
1714 1480 13 43 [
1729 1458 19 23 c
1752 1451 164 72 1925]

175 1527 1245 56 1 p. l., 7-187, [5] p. front. (port.) illus. 21½ cm .
173 1585 124 45 First
323 1587 182 52 edition,
530 1586 294 53 copyrighted
852 1588 117 49 1911,
997 1587 81 46 has
1105 1586 122 44 title:
1259 1585 252 51 Buckelew,
1538 1586 73 44 the
1638 1585 161 45 Indian
1824 1585 186 54 captive.

98 1654 53 54 ©
182 1654 100 45 Feb.
306 1656 41 51 2,
377 1655 130 53 1925;
535 1656 63 43 2c.
625 1656 86 43 and
737 1656 78 44 aff.
843 1655 108 48 Feb.
979 1656 48 52 6;
1058 1656 44 43 A
1128 1656 190 52 814918;
1347 1655 54 44 T.
1434 1654 45 47 S.
1509 1657 186 52 Dennis,
1726 1657 218 52 Bandera,
1975 1656 114 45 Tex.

177 1712 242 55 (25-5097)

99 1812 181 73 Cary,
321 1812 258 59 Harold.

173 1904 190 57 Build
414 1924 36 37 a
498 1905 408 56 home—save
959 1926 36 37 a
1044 1903 202 72 third;
1297 1904 104 59 the
1455 1908 178 68 story
1682 1905 68 58 of
1803 1904 291 60 Collier’s

96 1981 1931 77 house, by Harold Cary, from plans by Ernest Flagg …
101 2060 278 58 sketches
414 2061 83 71 by
527 2060 270 58 Warren
835 2060 60 59 S.
934 2060 350 58 Matthews.
1368 2061 152 57 New
1552 2061 190 71 York,
1777 2063 316 70 Reynolds

97 2137 361 73 publishing
490 2157 321 54 company,
844 2138 113 57 inc.
997 2168 12 43 [
1009 2148 21 20 c
1033 2138 165 73 1924]

173 2214 77 44 117
275 2231 39 37 p.
376 2215 150 52 front.,
555 2215 113 45 illus.
696 2215 154 54 (plan)
884 2216 153 52 plates,
1066 2216 181 52 diagrs.,
1275 2215 108 45 fold,
1409 2216 103 44 blue
1537 2217 132 51 print.
1733 2217 50 43 19
1789 2219 16 17 cm
1843 2251 8 8 .

98 2271 53 54 ©
184 2274 101 43 Oct.
317 2273 66 50 28,
419 2273 128 50 1924;
581 2273 64 43 2c.
679 2274 86 42 and
796 2274 78 43 aff.
908 2273 107 44 Feb.
1046 2273 68 52 24,
1151 2272 129 53 1925;
1315 2273 44 43 A
1390 2272 189 53 822171;
1616 2273 229 53 Reynolds
1877 2274 100 53 pub.
2012 2289 78 36 co.,

169 2329 82 43 inc.
321 2328 242 55 (25-5175)

103 2428 251 58 Central
384 2428 363 58 conference
778 2429 67 57 of
873 2428 338 59 American
1238 2427 230 60 rabbis.

181 2519 184 73 [Year
385 2520 174 72 book]
645 2520 143 56 35th
813 2521 230 56 annual
1067 2520 385 72 convention,
1478 2521 164 57 June
1671 2521 146 57 26th
1839 2524 61 54 to
1927 2522 165 57 June

100 2597 162 71 30th,
299 2599 165 71 1924,
505 2596 205 60 Cedar
741 2598 206 72 Point,
987 2597 65 58 O.
1135 2617 56 38 v.
1232 2599 87 56 34.
1404 2597 114 60 Ed.
1557 2600 83 70 by
1674 2599 201 58 Rabbi
1912 2600 183 58 Isaac

102 2674 70 57 E.
202 2676 354 56 Marcuson.
643 2675 380 74 [Richmond,
1052 2675 135 73 Va.,
1221 2676 118 58 Old
1366 2677 335 57 Dominion
1728 2696 200 53 press,
1957 2678 135 73 inc.,

102 2754 162 72 1925]

168 2828 83 44 406
267 2843 38 38 p.
365 2829 51 43 23½
453 2832 47 17 cm
506 2864 8 8 .

99 2882 54 54 ©
175 2884 105 44 Feb.
301 2885 65 50 28,
392 2884 103 44 1925;
543 2885 65 43 2c.
631 2886 86 43 and
739 2887 79 42 aff.
843 2887 118 42 Mar.
983 2886 50 52 2;
1059 2886 42 43 A
1123 2886 189 52 823228;
1341 2885 181 45 Central
1548 2886 270 45 conference
1840 2888 50 44 of
170 2887 1901 97 American
277 2941 164 53 rabbis,
469 2942 178 50 Macon,
675 2941 80 45 Ga.

101 3039 260 72 Chapin,
401 3039 172 74 Lucy
612 3039 207 60 Stock.

178 3130 57 55 A
271 3149 154 52 year
461 3129 67 58 of
564 3129 286 73 primary
886 3149 351 55 programs,
1275 3132 83 72 by
1394 3132 194 72 Lucy.
1604 3132 189 59 Stock
1832 3134 259 75 Chapin.

100 3208 151 57 New
275 3208 191 70 York,
497 3207 369 72 Cincinnati,
898 3209 128 57 The
1055 3209 336 73 Abingdon
1417 3229 180 53 press
1629 3240 13 43 [
1644 3219 21 21 c
1667 3212 163 74 1924]

175 3285 795 53 185 p. incl. front., illus. 26cm.
173 3343 174 43 Music:
377 3357 39 37 p.
449 3340 202 46 165-185.

174 3399 178 44 “Books
380 3399 50 43 of
457 3413 215 38 program
701 3398 258 45 material”:
992 3414 37 38 p.
1063 3399 201 44 161-162.

101 3453 53 54 ©
182 3456 107 42 Dec.
315 3456 68 50 29,
414 3456 104 42 1924;
573 3456 63 42 2c.
666 3457 86 42 and
781 3457 78 42 aff.
889 3455 106 45 Feb.
1028 3455 62 53 14,
1123 3454 129 54 1925;
1284 3457 41 42 A
1356 3457 186 53 823042;
1576 3459 48 42 L.
1656 3458 43 46 S.
1732 3458 187 53 Chapin,
173 3462 1899 94 Hartford.
358 3511 241 54 (25-4417)

102 3610 205 70 Clark,
347 3609 388 73 Marguerite
772 3610 224 59 Dixon.

178 3703 191 59 Wind
392 3703 153 74 free,
567 3703 84 73 by
672 3703 389 73 Marguerite
1084 3704 207 58 Dixon
1317 3704 204 60 Clark.
1606 3709 324 75 Portland,
1955 3712 139 72 Me.,

105 3783 126 56 The
260 3782 255 58 Mosher
543 3801 201 52 press,
776 3783 164 57 1924.

170 3858 763 54 viii p., 2 l., 3-51, [1] p. 19 cm .
174 3917 175 45 Poems.

102 3969 54 53 ©
181 3971 108 43 Dec.
315 3970 36 49 8,
383 3970 128 51 1924;
537 3970 63 42 2c.
626 3983 88 30 and
737 3970 79 43 aff.
843 3968 107 46 Feb.
976 3970 67 50 24,
1074 3967 129 55 1925;
1232 3970 44 43 A
1303 3969 188 56 822156;
1523 3974 189 46 Mosher
1739 3991 137 37 press.

182 4025 241 55 (25-5012)
