2533 4412
1014 4071 108 56 377

76 443 344 71 Anderson,
457 441 233 58 Robert
724 442 183 69 John,
944 443 189 57 1892-

155 536 129 56 The
308 534 379 73 metallurgy
714 535 66 58 of
808 531 363 60 aluminium
1199 533 125 57 and
1350 529 365 60 aluminium
1743 529 216 72 alloys,
1986 529 82 71 by

78 605 1989 75 Robert J. Anderson … New York, H. C. Baird & co.,
74 690 136 70 inc.,
239 690 164 55 1925.

147 766 130 53 xxxi,
303 768 81 43 913
413 782 38 36 p.
481 767 102 44 incl.
615 766 152 50 front.,
796 766 129 49 illus.,
955 765 154 50 tables,
1139 764 168 52 diagrs.
1365 764 52 44 23½
1453 765 47 19 cm
1506 800 10 9 .

147 823 232 47 “Selected
405 822 346 54 bibliography”
775 831 46 36 at
847 823 86 44 end
958 822 52 45 of
1036 821 109 45 each
1171 821 195 50 chapter.

78 876 53 53 ©
160 879 111 52 Apr.
305 878 60 51 10,
399 876 128 53 1925;
557 878 64 42 2c.
651 878 112 51 Apr.
796 879 74 50 11;
902 878 77 42 aff.
1010 877 111 52 Apr.
1154 877 76 51 13;
1260 876 43 42 A
1333 874 187 52 822847;
1555 875 161 51 Henry
1748 871 150 55 Carey
1926 871 140 46 Baird

148 935 38 43 &
219 950 80 36 co.,
335 934 82 43 inc.
486 933 242 55 (25-8274)

73 1032 220 73 Angle,
331 1032 199 59 Glenn
562 1031 173 73 Dale,
776 1035 188 56 1891-

152 1125 243 73 Engine
434 1124 320 72 dynamics
794 1126 123 61 and
953 1123 369 59 crankshaft
1360 1122 237 73 design,
1636 1122 83 72 by
1756 1121 199 59 Glenn
1992 1121 75 56 D.

73 1198 1971 154 Angle … 1st ed. Detroit, Mich., Airplane engine encyclopedia
384 1299 104 53 co.,
518 1287 18 21 c
541 1280 164 57 1925.

142 1357 82 45 299
246 1374 40 38 p.
345 1356 130 52 illus.,
502 1356 166 54 diagrs.
728 1357 53 44 23½
817 1359 47 18 cm
869 1392 10 9 .
947 1355 238 56 (Lettered
1208 1370 58 29 on
1291 1369 159 31 cover:
1477 1354 219 54 Airplane
1722 1354 160 54 engine
1906 1354 158 55 design

72 1415 164 54 series)

143 1472 219 45 Contains
393 1472 340 45 “References”.

76 1525 54 54 ©
162 1528 118 43 Mar.
310 1527 66 52 30,
409 1526 128 53 1925;
570 1528 64 42 2c.
664 1528 87 42 and
780 1527 79 42 aff.
891 1527 111 51 Apr.
1036 1527 75 51 13;
1143 1526 43 42 A
1218 1525 188 52 822846;
1441 1524 52 45 G.
1525 1525 57 43 D.
1613 1524 166 54 Angle,
1812 1525 195 45 Detroit.

155 1582 242 55 (25-8278)

75 1681 182 72 Beck,
293 1682 162 72 Carl,
492 1683 189 57 1864-

153 1772 130 58 The
312 1772 282 73 crippled
624 1773 168 58 hand
821 1773 123 57 and
975 1791 135 38 arm;
1175 1791 36 38 a
1240 1772 389 73 monograph
1660 1790 80 40 on
1768 1772 105 59 the
77 1773 1966 134 various

216 1853 182 69 types
430 1849 68 57 of
526 1849 393 60 deformities
946 1849 74 58 of
1047 1850 105 58 the
1181 1850 170 58 hand
1380 1850 123 57 and
1533 1868 137 38 arm
1699 1868 71 39 as
1802 1871 36 39 a
1869 1851 197 58 result

76 1927 165 57 from
268 1927 322 58 abnormal
617 1928 452 72 development,
1095 1926 267 72 injuries
1391 1927 123 57 and
1539 1927 265 72 disease,
1832 1926 104 59 for
1964 1928 103 59 the

74 2024 111 39 use
220 2004 68 58 of
319 2005 105 59 the
456 2004 413 74 practitioner
906 2005 124 60 and
1066 2022 288 55 surgeon,
1387 2007 84 70 by
1507 2003 148 62 Carl
1688 2004 185 74 Beck,
1967 2053 12 11 M.
2055 2054 10 10 D.

75 2083 109 57 302
224 2083 441 57 illustrations.
747 2082 438 73 Philadelphia
1225 2084 123 57 and
1386 2083 280 75 London,
1707 2083 61 59 J.
1809 2083 74 58 B.
74 2083 1968 149 Lippincott

345 2178 305 55 company
681 2189 14 44 [
695 2168 21 23 c
719 2161 165 73 1925]

143 2238 61 51 xi,
232 2239 83 43 243
341 2253 41 38 p.
443 2238 83 43 col.
560 2238 157 52 front.,
747 2237 119 45 illus.
924 2239 54 43 23½
1014 2239 47 18 cm
1066 2272 10 10 .

77 2293 53 53 ©
159 2296 99 51 Jan.
289 2295 68 51 20,
391 2293 130 54 1925;
553 2296 65 42 2c.
651 2296 87 43 and
769 2296 78 42 aff.
879 2296 113 51 Apr.
1024 2295 50 53 4;
1108 2295 43 42 A
1183 2295 190 53 823624;
1406 2296 41 52 J.
1482 2295 50 44 B.
1567 2295 259 52 Lippincott
1855 2311 67 29 co.

155 2349 241 56 (25-8207)

75 2452 260 68 Benson,
375 2451 276 58 Edward
687 2451 311 73 Frederic,
1040 2454 188 57 1867-

147 2541 130 57 The
314 2541 248 72 temple,
599 2543 84 71 by
719 2541 73 57 E.
833 2541 71 58 F.
941 2541 269 58 Benson.
1285 2542 152 57 New
1474 2542 190 71 York,
1706 2541 243 75 George
1988 2542 80 58 H.

75 2620 213 57 Doran
320 2638 305 54 company
657 2650 13 43 [
671 2628 21 22 c
694 2621 164 72 1925]

143 2695 52 45 25
225 2711 40 38 p.
329 2697 51 44 19
385 2699 47 17 cm
439 2734 8 7 .

77 2752 53 53 ©
158 2754 117 43 Mar.
300 2754 68 48 21,
396 2751 130 55 1925;
553 2754 65 43 2c.
645 2755 120 43 Mar.
791 2755 79 52 23;
899 2754 79 43 aff.
1005 2755 111 52 Apr.
1144 2752 50 55 7;
1223 2755 43 42 A
1294 2754 189 53 822814;
1513 2754 181 54 George
1719 2755 62 43 H.
1811 2754 159 45 Doran
1996 2769 67 30 co.

156 2807 243 56 (25-8119)

76 2907 371 72 Brueckner,
483 2908 277 57 Herman
792 2908 77 57 H.

152 3002 130 56 The
333 3001 198 58 ideals
585 3002 69 57 of
706 3023 36 38 a
791 3021 212 53 young
1054 3003 339 70 Lutheran,
1446 3005 84 70 by
1582 3003 150 57 Rev.
1786 3002 278 58 Herman

74 3077 1992 77 Brueckner … Chicago, Ill., Wartburg publishing house,
76 3158 164 55 1925.

144 3235 53 45 64
226 3250 39 37 p.
326 3235 135 45 form.
523 3236 49 44 19
579 3237 47 18 cm
632 3273 10 9 .

75 3288 55 53 ©
158 3291 117 42 Mar.
305 3290 61 48 14,
396 3288 129 52 1925;
552 3290 65 42 2c.
645 3289 87 43 and
757 3290 78 42 aff.
863 3290 119 42 Mar.
1012 3288 74 53 16;
1115 3290 43 42 A
1184 3289 189 53 822786;
1402 3291 61 43 H.
1493 3291 274 53 Brueckner,
1794 3292 127 44 Iowa
1948 3291 116 55 City,

173 3361 37 28 Ia.
280 3344 241 55 (25-8229)

76 3445 249 55 Bureau
354 3443 73 63 of
449 3442 396 58 educational
875 3442 434 73 experiments,
1341 3445 152 59 New
1528 3447 186 59 York.

150 3533 239 56 Mental
414 3533 243 71 growth
683 3532 68 58 of
779 3533 279 57 children
1084 3533 65 56 in
1177 3534 268 57 relation
1470 3538 63 54 to
1563 3540 137 54 rate
1729 3537 67 58 of
1822 3538 244 72 growth

71 3611 65 56 in
166 3611 213 71 bodily
411 3610 431 70 development;
908 3630 35 37 a
977 3615 218 66 report
1227 3611 66 57 of
1326 3612 104 58 the
1460 3613 255 58 Bureau
1747 3615 68 57 of
74 3616 1967 129 educational

299 3687 436 71 experiments,
766 3688 151 56 New
940 3687 174 57 York
1139 3688 143 72 city,
1309 3690 85 71 by
1418 3689 249 60 Buford
1693 3692 61 59 J.
1781 3693 283 58 Johnson

141 3764 1564 78 … New York, E. P. Dutton & company [ c 1925]
153 3843 1508 54 xix p., 1 l. , 160 p. incl. illus., tables, diagrs. plates. 24 cm .
150 3899 326 45 “References”
493 3913 9 27 :
530 3914 42 38 p.
645 3897 193 46 [151]-154.

78 3956 53 53 ©
159 3958 118 41 Mar.
303 3957 68 49 23,
401 3953 130 54 1925;
557 3955 66 43 2c.
651 3955 119 43 Mar.
800 3956 78 52 30;
907 3956 78 43 aff.
1015 3957 119 42 Mar.
1161 3956 79 52 28;
1270 3957 43 42 A
1342 3956 189 56 822671;
1561 3959 54 48 E.
1646 3961 53 45 P.
1729 3962 177 47 Dutton
1936 3963 38 44 &
2000 3976 65 30 co.

179 4010 192 40 (25-8288)
