2533 4412
0 0 0 0 1280
366 393 286 73 Heindel,
687 395 168 71 Max,
892 395 55 58 d.
985 396 167 57 1919.

443 490 130 57 The
616 487 412 58 Rosicrucian
1070 485 604 74 cosmo-conception;
1748 508 91 51 or,
1881 486 233 74 Mystic
365 486 1978 153 Christianity;
650 586 80 38 an
754 568 384 69 elementary
1158 566 262 58 treatise
1443 584 168 53 upon
1632 568 209 56 man’s
1863 570 147 68 past
2035 566 336 71 evolution,

367 648 254 69 present
671 643 412 58 constitution
1131 641 125 58 and
1303 644 217 57 future
1570 642 435 72 development
2057 645 97 70 [by]
2220 644 151 57 Max

364 719 2007 73 Heindel … 9th ed., thirty-second thousand. London,
365 801 66 58 L.
461 800 73 57 N.
566 800 246 57 Fowler
844 829 14 43 [
860 806 17 21 c
881 799 166 71 1925]

435 890 83 45 702
547 907 42 37 p.
650 891 140 44 front.,
817 891 171 52 (port.)
1030 891 133 51 illus.,
1198 891 143 51 plates
1368 890 128 52 (part
1527 890 111 52 col.)
1679 890 169 52 diagrs.
1913 890 48 45 19½
1997 892 47 18 cm
2050 925 8 9 .

367 959 52 54 ©
450 961 101 43 Oct.
578 960 38 50 2,
649 958 129 53 1925;
808 960 65 42 2c.
902 959 88 43 and
1016 960 79 42 aff.
1127 960 101 43 Oct.
1256 957 79 48 27;
1367 959 45 42 A
1440 957 189 54 872158;
1663 960 114 42 Mrs.
1809 960 115 42 Max
1954 959 208 52 Heindel,
437 960 1913 109 Oceanside,
583 1015 134 45 Calif.
787 1014 273 56 (25-21499)

368 1115 287 72 Herrick,
695 1115 201 59 Glenn
931 1113 439 75 Washington,
1411 1117 189 57 1870-

446 1205 1863 74 Manual of injurious insects, by Glenn W. Herrick …
368 1287 151 56 New
553 1286 192 73 York,
783 1286 80 56 H.
902 1285 160 57 Holt
1096 1285 125 58 and
1258 1303 308 53 company
1604 1314 14 44 [
1620 1294 17 21 c
1642 1286 165 73 1925]

434 1379 97 52 xxi,
553 1378 84 44 489
658 1391 40 40 p.
759 1376 116 45 illus.
934 1377 57 44 22
996 1380 47 19 cm
1048 1412 11 10 .

437 1448 333 46 “References”
794 1457 47 36 at
865 1447 73 46 the
960 1448 85 45 end
1065 1447 54 46 of
1142 1463 126 30 some
1290 1446 51 47 of
1365 1447 75 45 the
1461 1446 223 55 chapters.

367 1516 52 54 ©
453 1519 102 43 Oct.
585 1519 67 51 23,
688 1516 104 45 1925;
850 1519 66 42 2c.
948 1518 87 43 and
1066 1518 79 43 aff.
1181 1518 102 43 Oct.
1315 1518 48 42 31;
1427 1517 45 42 A
1504 1515 164 45 872223;
1730 1518 162 52 Henry
1925 1518 117 44 Holt
2074 1519 87 43 and
2194 1533 65 29 co.

446 1574 272 56 (25-22050)

369 1674 150 74 Hill,
557 1678 150 56 Mrs.
745 1675 117 58 Ida
898 1674 293 58 Carleton
1236 1672 327 76 (Thallon)

445 1768 193 57 Rome
679 1768 66 56 of
782 1766 104 58 the
923 1765 215 73 kings;
1177 1785 81 38 an
1297 1764 471 74 archaeological
1805 1766 236 75 setting
2077 1768 104 57 for
2218 1767 159 74 Livy

369 1844 2009 74 and Virgil, by Ida Thallon Hill … with two maps. New
367 1923 1342 76 York, E. P. Hutton & company [ c 1925]
437 2018 48 43 xi
509 2032 54 39 p.,
589 2018 18 43 1
652 2051 24 19 l.,
696 2014 82 46 255
803 2030 39 39 p.
901 2016 27 43 2
951 2015 110 46 fold.
1084 2028 143 41 maps.
1286 2013 51 45 21
1347 2017 47 18 cm
1401 2051 9 9 .

437 2090 179 48 “Select
645 2088 346 55 bibliography”
1008 2103 9 29 :
1051 2103 39 39 p.
1122 2087 209 46 237-242.

708 2161 232 45 CONTENTS.—Fortes
965 2169 102 35 ante
1086 2160 258 44 Romulum.
1346 2187 56 6 —
1405 2161 208 44 Antenor
1636 2163 75 45 the
1733 2162 353 54 Trojan.—The
2104 2165 169 45 Forum
2292 2169 86 42 and

370 2219 241 55 low-lying
642 2218 202 46 districts
879 2218 50 45 of
963 2218 318 45 Rome.—The
1313 2218 104 44 hills
1451 2218 51 45 of
1537 2219 399 46 Rome.—Rome’s
1971 2233 216 42 conquest
2218 2223 51 45 of
2304 2225 73 43 the

369 2274 527 57 Campagna.—Etruria
922 2277 88 43 and
1039 2276 56 43 its
1123 2276 124 52 early
1274 2275 451 46 inhabitants.—The
1753 2277 125 54 early
1906 2278 187 54 temples
2118 2280 52 44 of
2199 2281 178 44 Latium

367 2336 88 43 and
482 2335 216 44 southern
725 2332 500 47 Etruria.—Museums
1252 2332 271 45 illustrative
1549 2334 50 44 of
1626 2333 75 45 the
1728 2334 270 53 prehistoric
2025 2336 193 53 periods.

368 2407 54 54 ©
458 2408 119 54 Sept.
614 2409 63 51 10,
712 2406 130 53 1925;
874 2408 66 43 2c.
972 2407 88 43 and
1091 2407 78 42 aff.
1205 2405 121 53 Sept.
1363 2407 73 51 14;
1473 2406 43 43 A
1548 2407 189 53 861804;
1773 2407 53 48 E.
1861 2409 51 42 P.
1947 2409 176 45 Dutton
2156 2411 37 43 &
2225 2426 65 28 co.

448 2464 271 56 (25-21600)

371 2567 394 69 Holzerman,
806 2565 291 61 Webster
1134 2564 58 60 J.

442 2659 417 70 Democracy;
898 2675 89 55 or,
1028 2657 130 57 The
1194 2655 159 74 fight
1389 2657 105 57 for
1532 2656 190 74 right,
1759 2658 83 73 by
1876 2658 95 59 W.
2012 2660 61 59 J.
362 2659 1986 136 Holzerman.
609 2737 374 71 Allentown,
1011 2736 133 73 Pa.,
1174 2736 165 56 1925.

438 2829 80 46 235
546 2845 41 39 p.
649 2829 153 51 front.,
829 2843 72 39 pl.,
928 2835 116 47 port.
1109 2828 49 44 18
1166 2829 46 18 cm
1219 2862 8 8 .

369 2900 52 53 ©
454 2902 102 43 Oct.
584 2900 66 49 20,
686 2897 129 54 1925;
847 2900 64 42 2c.
942 2899 87 43 and
1058 2898 80 43 aff.
1171 2898 102 43 Oct.
1303 2897 79 53 26;
1415 2897 43 43 A
1486 2896 190 54 872114;
1712 2900 74 43 W.
1817 2900 40 51 J.
1892 2900 295 53 Holzerman,
440 2902 1911 107 Allentown,
616 2958 79 42 Pa.
765 2953 273 57 (25-21796)

371 3058 419 73 Huntington,
832 3056 357 72 Ellsworth,
1232 3058 190 58 1876-

445 3146 1864 80 West of the Pacific, by Ellsworth Huntington …
370 3230 153 58 New
553 3229 193 71 York,
782 3228 279 71 London,
1099 3226 65 60 C.
1206 3227 358 59 Scribner’s
1604 3246 164 55 sons,
1806 3230 165 57 1925.

503 3305 929 56 xv p., 1 l., 453 p. front., plates. 23 cm .
369 3366 52 54 ©
448 3368 102 43 Oct.
575 3367 39 51 2,
642 3364 105 45 1925;
799 3366 64 42 2c.
892 3365 102 43 Oct.
1024 3365 48 41 14;
1126 3364 78 42 aff.
1234 3364 101 43 Oct.
1366 3364 49 41 12;
1468 3363 45 42 A
1537 3362 162 45 869701;
1759 3363 188 45 Charles
1977 3363 249 47 Scribner’s
2254 3383 118 30 sons.

449 3421 271 57 (25-21599)

369 3525 241 70 Inman,
649 3521 252 60 Samuel
938 3521 141 73 Guy,
1134 3522 188 57 1877-

445 3616 327 59 Problems
802 3616 67 56 in
900 3615 139 57 Pan
1067 3611 479 73 Americanism,
1577 3615 84 69 by
1693 3613 255 60 Samuel
1977 3614 143 73 Guy
2148 3616 222 58 Inman

437 3690 1653 74 … New York, George H. Doran company [ c 1925]
371 3766 1979 115 xii p., 1 l., 15-439 p. 20 ½ cm . (Half-title: College of missions lectureship)
441 3885 329 51 Bibliography
787 3899 9 29 :
828 3897 40 36 p.
899 3882 207 46 427-430.

371 3940 53 53 ©
458 3942 101 43 Oct.
592 3940 66 46 23,
696 3936 103 45 1925;
860 3938 64 41 2c.
958 3937 86 42 and
1078 3936 79 42 aff.
1193 3935 102 43 Oct.
1326 3934 54 43 28;
1441 3935 45 42 A
1519 3932 166 45 869779;
1751 3933 177 54 George
1962 3937 61 42 H.
2060 3938 156 42 Doran
2250 3953 65 28 co.

450 3995 271 56 (25-21504)
