2533 4412
1072 4066 109 50 159

127 438 313 71 Thiessen,
478 435 366 72 Reinhardt,
884 438 189 57 1876-

128 524 1994 154 The origin and constitution of coal, by Reinhardt Thiessen … Wilkes-Barre, Pa., The E. B. Yordy company
127 685 200 72 [c1924]

195 776 64 52 44,
296 777 52 45 [2]
381 790 40 38 p.
483 774 115 44 illus.
657 776 52 43 23½
747 778 44 16 cm
801 813 7 7 .

197 844 306 46 Illustrations
537 845 245 45 numbered
814 861 48 29 as
898 845 153 54 plates.

199 903 214 52 “Reprint
444 903 48 44 of
522 902 86 44 vol.
640 916 90 29 xix
761 903 51 44 of
840 903 75 44 the
946 903 305 51 Proceedings
1282 903 87 43 and
1399 900 259 46 collections
1689 900 51 46 of
1768 900 75 45 the
1874 900 249 54 Wyoming

126 959 232 44 historical
383 960 87 43 and
494 961 251 51 geological
771 961 181 51 society,
979 959 363 50 Wilkes-Barre,
1370 960 93 50 Pa.,
1495 958 144 44 1924.”

126 1027 53 53 ©
207 1029 119 43 Nov.
350 1030 68 50 22,
451 1030 104 42 1924;
607 1030 63 42 2c.
699 1030 119 43 Nov.
845 1031 78 50 21;
953 1030 78 43 aff.
1062 1029 107 44 Feb.
1202 1030 61 51 18,
1297 1028 129 52 1925;
1457 1030 45 41 A
1530 1028 188 52 822092;
1750 1027 249 53 Wyoming
195 1027 1901 101 historical
389 1086 37 43 &

456 1086 253 52 geological
743 1086 181 52 society,
958 1086 361 51 Wilkes-Barre,
1357 1086 77 42 Pa.
1505 1083 242 55 (25-5674)

127 1182 295 73 Tietjens,
457 1187 152 55 Mrs.
645 1185 236 57 Eunice
926 1185 413 73 (Hammond)
1385 1186 189 58 1884-

206 1277 264 58 Profiles
512 1279 168 57 from
716 1279 211 71 home;
970 1279 280 58 sketches
1289 1279 68 56 in
1395 1280 138 57 free
1570 1297 183 39 verse
1795 1278 67 57 of
1900 1278 222 71 people

129 1356 123 56 and
277 1354 212 74 things
517 1375 145 39 seen
682 1356 66 57 in
775 1357 103 58 the
903 1355 238 60 United
1168 1356 212 59 States
1410 1357 112 72 [by]
1553 1355 236 58 Eunice
1818 1353 301 74 Tietjens.

129 1434 150 58 New
302 1433 189 73 York,
518 1433 75 58 A.
622 1434 74 57 A.
723 1433 243 75 Knopf,
993 1435 166 59 1925.

200 1513 80 45 110
305 1529 40 36 p.
409 1514 49 44 19½cm
546 1547 10 9 .

126 1579 53 53 ©
205 1579 106 45 Feb.
340 1580 37 52 6,
409 1579 129 53 1925;
568 1581 63 43 2c.
662 1580 105 44 Feb.
793 1580 84 52 20;
903 1581 78 43 aff.
1011 1579 107 45 Feb.
1153 1582 73 51 14;
1257 1581 45 42 A
1329 1580 189 52 822131;
1550 1580 168 45 Alfred
1747 1581 58 44 A.
1835 1581 171 52 Knopf,
2038 1581 81 44 inc.

206 1635 242 56 (25-5014)

128 1735 246 72 Tosdal,
412 1735 216 74 Harry
662 1734 309 74 Rudolph,
1011 1738 189 57 1889-

205 1825 1852 73 Problems in sales management, by Harry R. Tosdal …
128 1904 149 57 Rev.
321 1904 90 56 ed.
491 1903 270 73 Chicago
803 1903 47 58 &
888 1903 152 57 New
1077 1903 190 73 York,
1308 1903 75 57 A.
1424 1905 95 57 W.
1565 1904 186 61 Shaw
1790 1924 334 54 company;

133 1985 147 70 [etc.,
315 1984 126 71 etc.]
479 1982 165 57 1925.

198 2060 125 50 xxiv,
353 2058 83 45 850
463 2075 39 37 p.
563 2060 180 52 diagrs.,
778 2059 144 45 forms
961 2059 47 54 (1
1040 2059 136 53 fold.)
1243 2060 52 43 23½
1331 2062 47 17 cm
1385 2095 8 8 .

201 2116 326 44 “References”
554 2125 45 35 at
627 2117 85 43 end
737 2117 50 43 of
814 2123 117 37 most
957 2117 51 44 of
1034 2116 73 46 the
1134 2116 220 52 chapters.

130 2173 53 53 ©
208 2172 107 45 Feb.
337 2174 67 50 27,
436 2173 126 52 1925;
590 2175 63 41 2c.
679 2175 86 43 and
790 2175 78 42 aff.
896 2175 118 42 Mar.
1044 2173 47 53 5;
1120 2174 43 42 A
1190 2173 188 53 823272;
1408 2175 56 42 A.
1491 2177 74 42 W.
1596 2174 137 47 Shaw
1760 2191 64 28 co.

210 2228 242 55 (25-5989)

132 2327 191 72 Tuell,
362 2328 181 57 Anne
579 2327 295 58 Kimball.

206 2418 152 57 Mrs.
412 2418 272 71 Meynell
732 2419 124 56 and
902 2418 111 57 her
1062 2417 266 73 literary
1377 2419 385 73 generation,
1813 2421 82 72 by
1944 2422 181 57 Anne

129 2495 279 58 Kimball
462 2496 193 57 Tuell.
746 2496 150 57 New
943 2496 191 70 York,
1184 2495 74 57 E.
1310 2498 69 55 P.
1431 2497 241 58 Dutton
1721 2498 48 57 &
1821 2517 305 49 company

131 2575 200 73 [c1925]

205 2653 608 53 xi p., 1 l., 286 p. 20 cm .
207 2709 412 53 “Bibliographical
646 2717 126 36 notes
800 2725 119 37 upon
948 2710 73 43 the
1049 2710 129 43 work
1206 2711 51 44 of
1286 2711 114 43 Mrs.
1431 2711 255 44 Meynell”:
1721 2728 38 37 p.
1788 2711 205 46 259-271.

133 2764 53 54 ©
211 2765 107 45 Feb.
350 2767 61 47 13,
444 2765 127 53 1925;
600 2767 64 42 2c.
692 2765 105 44 Feb.
830 2767 72 50 16;
934 2767 77 43 aff.
1041 2766 105 44 Feb.
1172 2766 80 52 27;
1281 2767 43 42 A
1352 2768 187 51 823201;
1572 2767 51 47 E.
1655 2770 49 42 P.
1735 2770 178 43 Dutton
1939 2771 37 43 &
2003 2786 65 28 co.

213 2820 242 55 (25-5198)

133 2921 257 72 Turner,
428 2919 142 58 Ella
602 2921 168 72 May,
809 2922 91 57 ed.

209 3011 180 58 West
420 3010 294 72 Virginia
746 3031 182 38 verse
964 3011 68 57 of
1065 3012 223 71 today;
1327 3032 79 37 an
1444 3013 342 74 anthology
1821 3016 69 57 of
137 3037 1969 110 magazine
295 3090 125 57 and

441 3108 371 53 newspaper
835 3108 200 55 verse,
1064 3090 152 72 July
1243 3091 356 58 1922-June
1629 3094 166 70 1924,
1825 3096 306 72 compiled

136 3167 1971 136 and edited by Ella May Turner … Scottdale, Pa., Mennonite
378 3245 362 73 publishing
772 3247 193 56 house
1002 3276 12 43 [
1017 3254 19 22 c
1039 3245 164 74 1924]

206 3321 62 53 ix,
359 3359 9 17 [1],
399 3324 79 43 126
503 3338 39 37 p.
605 3324 51 43 19
663 3325 46 17 cm
715 3357 8 8 .

205 3379 130 44 With
364 3378 314 54 biographical
709 3379 222 44 sketches.

136 3436 53 53 ©
219 3438 109 42 Dec.
362 3438 61 50 19,
457 3437 128 51 1924;
615 3437 63 43 2c.
709 3438 99 51 Jan.
836 3437 66 50 26,
937 3436 130 53 1925;
1099 3438 79 43 aff.
1211 3437 104 45 Feb.
1352 3438 72 52 14;
1456 3440 43 42 A
1529 3441 191 53 823109;
1755 3439 50 49 E.
1839 3443 64 42 M.
1935 3442 192 54 Turner,

211 3493 394 52 Shepherdstown,
630 3495 74 42 W.
732 3493 84 42 Va.
885 3492 243 54 (25-4680)

136 3591 268 71 Ullman,
444 3590 303 58 Berthold
784 3590 205 72 Louis,
1030 3594 191 57 1882-

218 3683 1910 73 Second Latin book, by B. L. Ullman … and Norman E.
139 3761 1913 79 Henry … New York, The Macmillan company, 1925.
209 3840 128 47 xviii,
367 3837 79 47 505
476 3856 39 36 p.
576 3840 85 44 col.
692 3839 150 51 front.,
874 3838 132 52 illus.,
1037 3840 84 44 col.
1153 3840 155 53 plates,
1338 3857 137 38 maps.
1540 3845 50 44 19½
1623 3847 48 17 cm
1677 3881 10 9 .

211 3897 179 44 “Books
418 3896 75 44 for
520 3896 361 52 supplementary
908 3895 189 52 reading
1123 3913 52 28 or
1201 3898 288 46 reference”:
1519 3916 38 35 p.
1585 3901 205 46 370-371.

139 3950 53 53 ©
216 3952 105 43 Feb.
347 3952 65 50 24,
443 3949 127 53 1925;
597 3952 64 41 2c.
687 3952 87 42 and
799 3951 79 43 aff.
905 3950 107 45 Feb.
1036 3950 78 45 25:
1146 3952 42 41 A
1214 3952 188 53 823162;
1434 3955 265 44 Macmillan
1723 3973 66 28 co.

218 4005 241 56 (25-5010)
