2533 4412
1279 4101 110 55 596

396 526 54 46 54
475 542 41 38 p.
578 528 51 44 19
636 529 47 17 cm
691 562 8 8 .

325 582 53 54 ©
405 584 99 52 Jan.
530 584 68 52 28,
628 583 132 54 1925;
788 585 64 43 2c.
880 585 87 43 and
995 585 79 43 aff.
1104 585 111 52 May
1248 582 74 54 15;
1352 584 44 43 A
1424 582 191 55 855172;
1648 584 169 43 Lamar
1841 585 88 43 and

1959 585 188 52 Barton,
394 584 1914 101 Nashville.
585 639 272 56 (25-10242)

395 725 1935 155 … New universal graphic dictionary of the English language, self-pronouncing … based on the foundation laid
402 882 84 72 by
529 882 181 57 Noah
752 882 294 58 Webster
1091 882 124 57 and
1260 883 179 56 other
1482 882 530 73 lexicographers.
2098 882 233 58 Edited

402 959 1930 75 by W. J. Pelo … with an appendix containing foreign
402 1039 206 57 words
674 1039 123 56 and
858 1038 286 72 phrases,
1210 1036 324 59 Christian
1594 1057 216 39 names
1875 1039 68 57 of
2001 1057 142 39 men
2208 1039 125 58 and

402 1135 259 52 women,
700 1135 214 38 names
956 1116 67 57 of
1060 1134 267 53 persons
1369 1117 123 56 and
1530 1117 230 72 places,
1800 1117 122 57 and
1960 1117 208 57 words
2209 1117 123 57 and

403 1196 266 71 phrases
720 1194 364 72 frequently
1135 1194 250 57 alluded
1435 1197 84 70 to,
1573 1197 132 70 etc.,
1757 1197 111 55 etc.
1960 1194 372 58 Illustrated

401 1273 152 57 with
586 1273 248 57 colored
866 1273 223 71 plates.
1173 1270 460 76 Philadelphia,
1673 1272 290 74 Chicago,
1998 1273 130 57 The
2162 1272 169 59 John

406 1351 64 59 C.
498 1351 295 59 Winston
822 1369 308 53 company
1158 1380 12 44 [
1172 1358 18 21 c
1195 1351 148 55 1925]

402 1430 109 52 xvii,
561 1429 105 45 1102
712 1445 38 38 p.
827 1429 82 44 col.
956 1430 154 51 front.,
1157 1428 130 54 illus.,
1333 1429 83 45 col.
1463 1429 156 54 plates.
1701 1430 50 45 19
1757 1431 47 17 cm
1811 1465 7 8 .
1903 1428 278 55 (Winston’s
333 1428 1984 113 self-pronouncing
674 1488 255 52 dictionary
958 1487 165 52 series)

326 1543 53 54 ©
408 1545 100 52 Jan.
540 1542 36 55 7,
613 1542 130 54 1925;
774 1545 64 42 2c.
870 1545 88 42 and
988 1544 79 43 aff.
1101 1544 111 51 May
1241 1543 78 52 26;
1354 1542 44 43 A
1429 1543 192 52 829383;
1654 1542 122 54 John
1808 1542 49 45 C.
1889 1543 217 45 Winston
2137 1558 65 29 co.
2266 1541 67 55 [©

398 1600 196 45 revision
622 1601 87 43 and
735 1601 224 43 additions
986 1601 87 43 and
1100 1600 196 53 preface]
1368 1598 272 56 (25-10380)

326 1671 155 58 New
514 1670 175 58 York
722 1669 455 74 psychiatrical
1210 1669 253 73 society.

473 1748 1860 73 … Studies in psychiatry, v. 2. By members of the
327 1828 152 57 New
517 1827 175 58 York
727 1826 455 73 psychiatrical
1222 1826 252 72 society.
1555 1826 422 74 Washington
2020 1829 126 56 and
2185 1828 152 57 New

327 1906 190 72 York,
558 1906 288 56 Nervous
887 1906 125 56 and
1047 1906 238 56 mental
1322 1904 246 58 disease
1606 1905 367 73 publishing
2010 1924 324 54 company,

327 1986 165 56 1925.

395 2060 1938 55 4 p. l., 233 p. illus. (incl. ports.) diagrs. 23½ cm . (Nervous and mental
396 2119 174 43 disease
598 2117 281 54 monograph
911 2118 150 51 series,
1092 2132 71 29 no.
1194 2117 80 55 41)

326 2173 53 54 ©
408 2176 115 52 June
555 2174 61 51 17,
650 2174 130 54 1925;
810 2176 64 43 2c.
904 2176 88 42 and
1018 2175 81 43 aff.
1128 2175 116 52 June
1273 2175 78 52 24;
1384 2174 43 42 A
1455 2174 190 52 829860;
1680 2175 214 43 Nervous
1924 2175 89 43 and
2043 2175 169 44 mental
397 2175 1911 101 disease
528 2232 103 53 pub.
662 2247 66 29 co.

327 2303 260 72 Osborn,
626 2303 262 73 Stanley
919 2303 72 57 R.

404 2381 136 58 Red
581 2382 141 56 hair
763 2381 124 57 and
925 2381 142 57 blue
1110 2401 123 52 sea,
1273 2381 85 71 by
1400 2380 262 73 Stanley
1701 2381 73 60 R.
1820 2380 262 59 Osborn.
2186 2382 151 56 New

327 2457 190 71 York,
555 2459 64 59 C.
656 2459 357 58 Scribner’s
1049 2478 162 53 sons,
1248 2460 166 55 1925.

435 2573 8 17 x,
472 2535 81 46 374
581 2552 40 38 p.
686 2538 18 42 1
736 2536 117 45 illus.
917 2538 50 43 19½
1002 2539 46 17 cm
1055 2571 8 9 .

326 2593 53 55 ©
407 2595 113 53 May
542 2595 39 52 8,
610 2593 130 55 1925;
763 2595 66 44 2c.
854 2595 119 53 June
993 2595 50 52 2;
1073 2595 78 44 aff.
1180 2594 112 54 May
1320 2594 74 52 14;
1421 2594 45 43 A
1491 2592 191 55 855448;
1713 2593 189 46 Charles
1933 2593 250 48 Scribner’s
2212 2609 119 29 sons.

406 2651 273 56 (25-10417)

329 2724 266 72 Osgood,
640 2722 272 58 Herbert
954 2722 169 58 Levi.

408 2804 129 56 The
579 2802 339 57 American
960 2802 270 57 colonies
1272 2802 70 56 in
1381 2803 103 56 the
1528 2802 363 71 eighteenth
1931 2804 279 70 century,
2252 2802 84 71 by

326 2879 1982 151 Herbert L. Osgood … v. 4. New York, Columbia university press, 1924.
396 3037 128 51 xxiv,
557 3034 83 45 582
668 3050 41 37 p.
769 3035 53 44 23
831 3037 47 18 cm
884 3070 9 8 .

329 3089 53 54 ©
409 3092 116 52 June
553 3090 67 54 25,
651 3090 130 54 1925;
811 3092 64 42 2c.
903 3092 116 52 June
1045 3089 78 54 25;
1156 3091 79 43 aff.
1265 3091 116 53 June
1408 3090 79 52 26;
1519 3090 44 43 A
1592 3089 190 55 829874;
1815 3090 238 45 Columbia
2081 3091 251 53 university

399 3162 139 39 press.

330 3219 248 74 Phelps,
624 3220 188 57 Earle
855 3220 303 71 Bernard,
1205 3222 189 57 1876-

403 3299 130 57 The
569 3299 343 71 principles
955 3298 67 58 of
1057 3298 211 71 public
1303 3298 210 57 health
1559 3298 424 74 engineering,
2022 3300 83 72 by
2142 3298 192 59 Earle

330 3376 2002 73 B. Phelps … New York, The Macmillan company, 1925.
399 3454 92 51 viii,
523 3452 80 44 265
637 3468 38 37 p.
738 3453 131 52 illus.,
902 3453 167 53 diagrs.
1129 3453 56 43 22½
1219 3456 46 17 cm
1272 3488 9 9 .

403 3509 303 44 “References
738 3511 87 42 and
855 3509 233 44 collateral
1120 3509 212 52 reading”
1365 3516 46 36 at
1442 3509 83 44 end
1556 3508 52 44 of
1638 3516 118 37 most
1787 3510 52 44 of
1867 3510 73 44 the
1972 3510 220 52 chapters.

330 3565 53 54 ©
411 3567 111 51 May
547 3566 68 47 26,
645 3564 129 55 1925;
802 3567 65 43 2c.
895 3567 87 43 and
1009 3567 79 43 aff.
1116 3567 116 52 May
1253 3565 79 54 27;
1362 3566 44 43 A
1434 3564 189 55 855384;
1656 3566 267 44 Macmillan
1952 3583 65 27 co.

410 3621 272 57 (25-10358)

332 3693 243 74 Poling,
615 3693 223 58 Daniel
878 3694 244 71 Alfred,
1163 3697 190 56 1884-

412 3772 130 57 The
584 3770 280 75 furnace,
906 3771 84 71 by
1028 3771 141 58 Dan
1211 3771 244 72 Poling.
1537 3771 153 58 New
1729 3772 191 73 York,
1963 3772 243 74 George
2248 3773 79 58 H.

331 3850 789 74 Doran company [ c 1925]
408 3930 78 43 311
519 3944 40 38 p.
622 3929 51 44 19½
707 3931 47 17 cm
761 3965 8 8 .
884 3927 125 54 $2.00

333 3984 53 54 ©
416 3987 113 51 May
554 3985 67 51 22,
653 3983 130 52 1925;
815 3984 65 43 2c.
910 3984 87 43 and
1025 3985 79 43 aff.
1134 3985 117 52 June
1282 3985 46 51 1;
1362 3984 44 43 A
1436 3984 190 52 829441;
1662 3983 177 55 George
1871 3986 62 43 H.
1964 3986 158 43 Doran
2152 4000 66 29 co.

412 4039 271 57 (25-10306)
