2533 4412
0 0 0 0 1630
481 471 17 42 1
565 505 9 9 v.

407 523 54 56 ©
497 527 119 43 Nov.
651 528 39 51 2,
731 525 104 45 1925;
896 528 66 42 2c.
999 527 109 43 Dec.
1147 525 76 55 15;
1262 528 79 42 aff.
1380 528 108 43 Dec.
1528 528 74 52 14;
1641 529 44 42 A
1723 525 190 57 872854;
1951 530 140 52 Allyn
2127 531 86 44 and
2252 532 167 43 Bacon.

495 581 53 54 [©
577 583 363 44 conversational
969 583 241 52 exercises,
1240 591 129 36 notes
1399 586 87 42 and
1514 585 292 53 vocabulary]

408 682 258 75 Fagley,
710 683 346 58 Frederick
1092 683 69 59 L.

484 773 130 58 The
642 773 535 74 Congregational
1203 774 298 59 churches;
1563 794 80 38 an
1668 775 236 58 outline
1929 777 68 57 of
2020 778 105 57 the
2149 777 267 75 history,

403 851 244 75 beliefs,
683 854 126 57 and
838 854 105 57 the
975 853 438 74 organization
1447 853 67 59 of
1549 852 535 76 Congregational
2117 855 299 61 churches

405 931 2009 79 in the United States [by] Frederick L. Fagley … Boston,
407 1010 291 74 Chicago,
731 1011 131 57 The
890 1010 269 74 Pilgrim
1186 1030 183 53 press
1402 1040 13 44 [
1417 1018 18 21 c
1439 1012 165 73 1925]

475 1090 333 54 98 p. 19½ cm .
406 1145 53 55 ©
489 1148 108 43 Dec.
624 1147 70 51 21,
725 1144 104 46 1925;
883 1147 65 43 2c.
977 1148 87 42 and
1094 1147 79 43 aff.
1203 1148 110 44 Dec.
1341 1146 80 53 29;
1453 1147 44 42 A
1525 1145 191 54 875639;
1749 1147 49 44 F.
1830 1148 50 44 L.
1912 1147 186 55 Fagley,
2129 1149 117 44 New
2275 1150 143 44 York.

485 1204 215 55 (26-272)

407 1303 388 74 Fairgrieve,
835 1304 233 58 James.

483 1395 1936 75 Human geography by grades … by James Fairgrieve
475 1474 1943 73 … and Ernest Young. Book 4. The United States. New
404 1553 191 73 York,
627 1553 75 57 D.
736 1553 323 71 Appleton
1091 1553 123 57 and
1246 1571 309 53 company
1588 1585 13 41 [
1604 1561 18 21 c
1625 1554 165 73 1925]

477 1633 17 40 1
527 1646 42 29 v.
633 1630 50 44 19½cm.

405 1685 53 55 ©
491 1687 121 53 Sept.
646 1687 61 52 18,
741 1685 132 54 1925;
905 1687 65 43 2c.
1001 1688 88 42 and
1118 1687 79 43 aff.
1233 1685 121 54 Sept.
1384 1687 79 51 24;
1495 1687 44 42 A
1568 1684 192 54 861957;
1794 1688 58 42 D.
1883 1686 230 54 Appleton
2144 1688 38 44 &
2211 1703 67 29 co.

407 1801 337 72 Faulkner,
781 1801 246 57 Arthur
1065 1799 278 74 Lincoln,
1384 1803 191 56 1864-

483 1894 130 57 The
640 1894 235 56 human
905 1892 187 58 touch;
1154 1909 217 54 poems
1401 1892 84 72 by
1512 1891 249 58 Arthur
1791 1892 260 58 Lincoln
2082 1894 335 57 Faulkner.

406 1971 356 74 Cleveland,
802 1972 130 57 The
971 1970 413 74 Evangelical
1418 1989 182 54 press
1643 2001 14 44 [
1660 1979 18 22 c
1681 1973 166 73 1925]

474 2050 79 46 159
574 2066 43 38 p.
640 2050 103 44 incl.
769 2051 127 43 front.
937 2050 168 54 (port.)
1171 2050 58 44 20
1233 2053 46 17 cm
1286 2085 9 9 .

405 2107 53 54 ©
491 2110 110 42 Dec.
640 2108 61 51 12,
739 2107 131 53 1925;
905 2109 64 42 2c.
1003 2110 87 42 and
1123 2109 79 43 aff.
1239 2109 109 42 Dec.
1380 2108 80 52 29;
1495 2108 44 42 A
1571 2105 191 55 875640;
1799 2109 58 43 A.
1895 2108 49 44 L.
1978 2106 244 54 Faulkner,
475 2107 1920 103 Cleveland.
661 2162 216 58 (26-325)

406 2266 210 74 Foley,
658 2267 216 58 James
912 2265 301 73 William,
1255 2268 190 58 1874-

476 2359 147 57 Two
665 2358 267 59 outdoor
972 2358 204 72 plays,
1215 2358 84 71 by
1336 2357 219 59 James
1595 2357 97 59 W.
1734 2356 215 74 Foley,
1991 2376 71 39 as
2101 2358 320 71 produced

403 2436 107 59 for
536 2438 107 57 the
669 2436 143 61 first
841 2436 151 58 time
1018 2437 84 71 by
1128 2437 107 57 the
1262 2435 321 72 Uplifters
1611 2434 67 58 in
1704 2434 224 59 Rustic
1959 2433 276 76 Canyon,
2264 2454 157 39 near

406 2515 201 60 Santa
649 2515 269 71 Monica,
962 2514 64 57 in
1073 2512 373 75 California,
1492 2514 150 57 1921
1686 2514 125 58 and
1854 2514 167 57 1925.
2108 2512 140 75 [Los
403 2514 1992 155 Angeles,
626 2594 130 61 The

791 2593 472 59 Times-mirror
1294 2611 204 54 press,
1528 2600 19 22 c
1551 2592 165 73 1925]

474 2669 1945 57 6 p. l., 15-71 p. incl. mounted front., (port.) 2 mounted pl. 24 ½ x 1 9 ½c m .
475 2728 142 47 “This
651 2730 169 44 edition
857 2729 37 44 is
930 2729 176 44 limited
1142 2736 48 36 to
1224 2737 94 37 two
1349 2728 209 44 hundred
1592 2728 90 44 and
1717 2726 104 55 fifty
1856 2729 164 52 copies,
2057 2726 53 45 of
2143 2728 150 44 which
2328 2728 90 44 this

403 2803 116 38 copy
550 2787 38 45 is
623 2788 192 43 number
847 2785 126 45 222.”

748 2841 160 47 CONTENTS.—The
934 2840 390 47 brothers.—The
1352 2840 93 46 will
1474 2841 52 45 of
1552 2840 227 46 Manitou.

403 2901 53 54 ©
481 2904 110 42 Dec.
618 2904 34 49 1,
681 2900 131 52 1925;
840 2901 64 42 2c.
931 2901 108 43 Dec.
1066 2900 78 51 28;
1173 2900 78 43 aff.
1277 2899 111 43 Dec.
1413 2899 78 51 24;
1519 2900 44 42 A
1589 2897 162 47 875621;
1809 2900 41 52 J.
1876 2900 76 43 W.
1979 2898 155 54 Foley,
2164 2900 249 51 Pasadena,

474 2959 136 45 Calif.
679 2957 216 56 (26-293)

403 3057 327 73 Fournier,
765 3056 251 59 Lucien.

547 3144 1867 77 … L’éclairage, par L. Fournier. Avec 155 gravures.
403 3228 220 73 [Paris]
658 3227 312 57 Hachette
1005 3255 16 44 [
1021 3234 19 22 c
1043 3227 165 72 1925]

476 3307 94 52 191,
595 3307 53 53 [1]
675 3320 40 38 p.
769 3305 153 53 front.,
946 3303 132 53 illus.,
1103 3303 156 53 plates.
1315 3303 50 44 19
1373 3305 46 17 cm
1425 3339 9 8 .
1497 3301 345 56 (Bibliothèque
1864 3304 79 45 des
1967 3302 281 54 merveilles)

473 3361 394 55 “Bibliographie”:
929 3376 41 38 p.
996 3359 109 56 [185]

403 3415 1894 59 © Oct. 30, 1925; 1c. Dec. 18; A— Foreign 29512; Librairie Hachette.
482 3477 244 55 (26-3164)

403 3577 175 71 Free,
619 3577 277 73 Spencer
932 3574 290 72 Michael,
1263 3576 190 57 1856-

480 3668 131 57 The
642 3668 235 56 human
911 3666 188 57 touch
1131 3666 48 56 &
1213 3665 183 58 other
1425 3683 217 53 poems
1681 3664 112 73 [by]
1834 3663 277 72 Spencer
2145 3662 269 58 Michael

402 3741 2012 76 Free … New York city, International journal of surgery
400 3846 107 50 co.,
540 3825 116 57 inc.
693 3854 14 43 [
707 3832 21 23 c
731 3825 165 73 1925]

467 3900 506 58 4 p. l., 79 p. 18½ cm .
401 3959 53 54 ©
483 3962 108 42 Dec.
625 3961 63 50 14,
719 3958 130 53 1925;
879 3960 65 43 2c.
972 3960 86 42 and
1086 3960 79 43 aff.
1193 3959 109 42 Dec.
1334 3958 74 52 18;
1439 3958 44 42 A
1511 3955 192 53 875598;
1738 3955 44 47 S.
1814 3956 65 42 M.
1910 3955 126 52 Free,
2069 3956 74 42 Du
2174 3953 122 52 Bois,
2327 3954 80 43 Pa.

480 4017 216 55 (26-326)
