2533 4412
1104 4109 111 59 417

155 478 335 58 American
520 477 286 59 institute
841 478 67 58 of
939 481 423 53 accountants.

300 567 1845 61 … Year book of the· American institute of accountants
158 643 1992 79 [1924] … [Hammond, Ind., Printed by W. B. Conkey
155 742 321 54 company,
515 725 164 73 1924]

222 801 82 44 227
320 816 40 39 p.
419 802 55 43 24
480 804 47 18 cm
533 837 8 8 .

155 856 53 55 ©
237 859 107 44 Dec.
373 855 39 56 5,
443 858 106 44 1924;
601 858 65 43 2c.
695 859 87 43 and
811 858 78 44 aff.
922 858 112 52 May
1061 857 39 52 2,
1133 856 128 53 1925;
1293 856 43 43 A
1367 856 188 53 823982;
1587 855 246 45 American
1865 855 201 45 institute
2093 856 54 44 of

225 923 303 44 accountants,
555 915 115 44 New
697 916 141 42 York.

154 1013 335 58 American
523 1013 235 74 society
788 1014 67 57 of
885 1012 384 59 mechanical
1302 1011 341 75 engineers.

157 1103 1968 138 The engineering index … 1924. New York, The American
309 1184 237 70 society
583 1182 65 57 of
686 1183 381 56 mechanical
1107 1183 325 71 engineers
1476 1183 180 73 [1925]

222 1260 92 51 xiv,
349 1260 68 53 [2],
449 1258 78 45 711
558 1273 39 38 p.
656 1259 54 44 24
718 1262 47 17 cm
770 1294 9 9 .

155 1314 53 54 ©
239 1316 111 52 Apr.
381 1317 67 51 28,
483 1315 130 54 1925;
646 1317 64 42 2c.
741 1316 112 52 Apr.
885 1316 77 52 30;
997 1316 78 43 aff.
1110 1316 109 51 Apr.
1251 1316 78 51 29;
1363 1316 45 42 A
1438 1312 190 55 829159;
1663 1315 156 44 Amer.
1853 1329 88 29 soc.
1974 1314 51 44 of
226 1328 1901 88 mechanical
445 1374 248 51 engineers.

155 1473 393 72 Armstrong,
588 1472 239 58 Martin
864 1472 438 73 Donisthorpe,
1343 1474 190 57 1882-

235 1568 130 57 The
417 1570 151 69 goat
616 1567 124 57 and
789 1585 388 53 compasses;
1231 1588 35 37 a
1314 1567 182 57 novel
1546 1568 84 69 by
1679 1565 241 58 Martin
161 1565 1967 153 Armstrong.
478 1645 277 71 London,

784 1645 60 58 J.
876 1643 187 72 Gape,
1089 1645 110 58 ltd.
1232 1644 181 73 [1925]

227 1722 83 46 256
336 1737 40 38 p.
440 1725 48 44 19½
524 1725 46 18 cm
578 1760 8 8 .

156 1775 1996 55 © 1c. May 16, 1925; A ad int. 6935; pubd. Apr. 9; Harper and bros., New
226 1834 142 44 York.
438 1832 243 56 (25-9988)

157 1931 306 74 Baerlein,
500 1933 219 74 Henry
750 1932 212 74 Philip
995 1934 302 71 Bernard,
1335 1936 188 57 1875-

236 2026 170 59 Here
440 2047 107 38 are
583 2028 305 73 dragons;
926 2048 37 38 a
996 2028 199 73 novel,
1231 2029 84 72 by
1346 2027 224 73 Henry
1602 2026 312 61 Baerlein.
161 2028 1972 147 London,
328 2103 67 60 L.
425 2104 280 59 Parsons
736 2105 180 74 [1925]

227 2183 359 52 317 p. 19½ cm .
159 2235 1991 58 © 1c. May 11, 1925; A ad int. 6913; pubd. Mar. 17; H. Baerlein, ℅ Curtis
230 2295 180 53 Brown,
440 2295 93 53 ltd.,
561 2296 199 43 London.
828 2295 243 54 (25-9982)

159 2393 304 74 Barbeau,
500 2394 257 58 Charles
790 2395 258 72 Marius,
1082 2399 191 56 1883-
1449 2399 91 58 ed.

291 2486 99 58 Folk
420 2505 187 55 songs
640 2489 67 56 of
738 2489 245 57 French
1016 2488 274 75 Canada,
1320 2493 84 70 by
1433 2490 242 58 Marius
1705 2490 295 60 Barbeau
2029 2493 126 58 and

157 2564 276 60 Edward
463 2565 206 73 Sapir.
753 2566 151 59 New
928 2566 243 74 Haven,
1197 2568 157 59 Yale
1380 2568 354 74 university
1759 2589 213 54 press;
2006 2574 147 71 [etc.,

157 2646 128 70 etc.]
317 2645 164 57 1925.

225 2720 114 55 xxii,
369 2721 83 45 216
480 2737 40 38 p.
579 2723 152 48 24½cm.

229 2779 119 44 ‘‘Mr.
375 2779 209 44 Barbeau
609 2779 37 45 is
672 2778 277 54 responsible
973 2782 75 42 for
1073 2783 76 44 the
1174 2780 181 46 French
1378 2790 135 45 texts,
1539 2784 75 44 the
1638 2783 182 53 general
1847 2783 307 48 introduction

158 2834 91 46 and
275 2836 76 44 the
377 2835 180 45 shorter
584 2835 313 53 explanations
924 2837 238 54 prefacing
1188 2839 75 45 the
1291 2853 151 39 songs,
1471 2843 88 42 and
1587 2841 76 44 for
1690 2842 76 44 the
1791 2841 190 46 musical
158 2852 1974 94 transcriptions;
441 2893 91 44 Mr.

571 2892 147 54 Sapir,
754 2894 72 43 for
861 2894 75 44 the
971 2893 193 54 English
1197 2896 295 46 translations
1529 2898 53 43 of
1618 2897 76 46 the
1729 2914 136 38 songs
1898 2899 90 46 and
2023 2916 27 29 a
159 2916 1975 78 revision
329 2950 53 44 of
407 2949 77 45 the
510 2948 298 55 explanatory
833 2951 391 48 matter.”—Pref.

233 3006 126 45 “The
390 3015 182 45 present
603 3007 180 45 volume
817 3006 34 46 is
885 3008 76 45 the
994 3007 105 45 fifth
1132 3009 134 44 work
1295 3009 234 53 published
1561 3012 58 51 by
1653 3011 74 46 the
1759 3011 116 48 Yale
1907 3013 249 55 university

160 3078 123 38 press
317 3078 57 29 on
404 3063 77 44 the
514 3062 158 46 Oliver
705 3064 116 52 Baty
856 3063 317 54 Cunningham
1202 3066 235 45 memorial
1469 3067 275 51 publication
1778 3071 152 44 fund.”

163 3117 53 54 ©
251 3120 119 41 Mar.
411 3119 61 51 14,
512 3117 129 53 1925;
678 3119 63 43 2c.
781 3121 118 41 Mar.
935 3120 78 51 20;
1053 3121 79 42 aff.
1171 3122 119 42 Mar.
1332 3122 74 52 18;
1445 3122 44 42 A
1527 3123 188 54 822493;
1753 3125 115 44 Yale
1905 3126 249 54 university

233 3190 137 39 press.
440 3173 242 57 (25-8559)

161 3261 257 56 Baretto
448 3261 74 57 de
553 3261 218 71 Souza,
805 3262 238 73 Joseph
1072 3262 271 60 Michaël
1376 3264 286 72 Thomas,
1696 3269 190 56 1859-

238 3353 350 71 Principles
626 3355 66 56 of
729 3354 374 73 equitation;
1141 3377 79 37 an
1258 3358 297 72 enlarged
1592 3363 122 55 and
1750 3360 247 60 revised
163 3360 1970 128 edition
336 3432 66 56 of
441 3432 103 56 the
587 3432 286 58 author’s
916 3432 463 74 “Elementary
1418 3434 401 72 equitation”
1857 3438 153 58 with

161 3438 1973 141 important
465 3527 135 38 new
647 3509 291 71 chapters
988 3511 124 57 and
1158 3511 439 73 illustrations,
1644 3516 84 71 by
1771 3515 262 60 Baretto
2082 3521 74 55 de

164 3584 1991 73 Souza (Count de Souza) … illustrated under the author’s
163 3662 305 59 direction
495 3662 151 58 with
675 3664 432 72 photographs
1140 3668 123 56 and
1291 3666 151 58 with
1471 3688 334 42 numerous
1841 3673 316 74 drawings

163 3740 83 72 by
280 3739 219 60 Victor
536 3741 235 57 Nickol.
855 3743 152 57 New
1041 3742 189 73 York,
1269 3743 71 60 E.
1381 3745 69 56 P.
1490 3746 240 58 Dutton
1766 3748 49 58 &
1853 3769 262 49 company

164 3819 201 73 [c1925]

230 3894 1292 56 xvi p., 1 l., 357 p. incl. illus., plates, front. 21 cm .
167 3950 53 54 ©
249 3953 110 51 Apr.
393 3953 63 51 13,
488 3950 128 52 1925;
646 3952 64 43 2c.
741 3952 111 51 Apr.
886 3952 73 51 16;
991 3954 78 41 aff.
1103 3952 110 52 Apr.
1247 3952 73 52 15;
1354 3955 42 44 A
1424 3955 190 53 822940;
1648 3957 51 47 E.
1733 3960 51 44 P.
1814 3961 175 46 Dutton
2020 3963 38 44 &
2087 3978 67 30 co.

240 4007 67 55 [©
333 4024 98 28 new
458 4015 164 36 matter
647 4008 87 43 and
760 4009 246 44 additional
1034 4009 311 54 illustrations]
1413 4011 242 58 (25-8567)
