2533 4412
1042 4048 147 55 1199

109 393 1994 76 Ellis, Edith M O (Lees) “Mrs. Havelock
183 474 214 72 Ellis,”
435 476 357 56 1861-1916.

184 565 241 59 Stories
462 566 124 56 and
621 583 214 52 essays
871 567 84 69 by
987 564 152 57 Mrs.
1178 563 319 57 Havelock
1530 562 182 72 Ellis,
1742 562 152 58 with
107 564 1969 138 prefaces

274 644 83 70 by
388 641 259 59 Charles
675 640 301 59 Marriott
1005 642 124 57 and
1159 640 241 72 George
1432 641 162 71 Ives,
1626 640 472 59 reminiscences

105 722 82 70 by
218 721 153 58 Mrs.
407 718 270 59 Clifford
706 718 140 57 Bax
875 721 126 56 and
1029 719 69 55 F.
1132 717 96 58 W.
1267 714 196 62 Stella
1492 717 285 66 Browne,
1807 721 178 55 notes
2018 719 80 68 by

106 797 318 58 Havelock
450 796 178 57 Ellis.
715 794 322 73 [Berkeley
1063 795 291 72 Heights,
1382 794 73 59 N.
1485 794 83 72 J.,
1597 793 170 57 Priv.
1798 791 175 75 print.
2019 795 80 71 by

108 877 102 57 the
237 876 161 57 Free
426 872 187 73 spirit
638 891 202 54 press,
862 880 20 22 c
887 874 164 71 1924]

175 956 28 41 2
226 969 40 28 v.
329 953 179 47 fronts.,
535 951 134 50 illus.,
695 959 156 42 ports.,
879 950 175 45 facsim.
1113 951 51 43 21
1174 953 47 18 cm
1227 984 10 10 .

176 1007 123 45 Title
327 1009 121 42 from
473 1020 159 37 cover;
662 1008 109 44 each
797 1004 182 48 volume
1005 1008 83 44 has
1120 1007 164 50 special
1312 1017 96 39 t.-p.

176 1064 100 46 The
299 1065 142 48 plates
468 1079 78 29 are
570 1065 227 43 mounted.

183 1118 137 45 “This
359 1117 177 52 private
574 1116 171 47 edition
782 1117 38 46 is
857 1117 237 51 published
1135 1117 45 44 in
1217 1125 93 37 two
1349 1116 208 46 volumes
1595 1117 86 43 and
1721 1115 174 47 limited
1932 1124 49 38 to
2021 1115 79 47 305

105 1183 103 41 sets,
233 1174 51 45 of
308 1173 149 45 which
481 1172 88 44 this
597 1173 35 42 is
658 1172 189 43 number
878 1170 248 47 159[-160]”

182 1230 856 52 Bibliography: v. 2, 1 leaf at end.
439 1294 101 34 CONTENTS.—I.
571 1282 204 50 Stories:
808 1284 193 46 Preface
1026 1288 59 48 by
1116 1284 50 46 C.
1194 1282 246 52 Marriott;
1470 1285 259 51 Johannes:
1758 1301 29 29 a
1813 1299 202 37 memory
2046 1286 26 43 by

110 1347 114 42 Mrs.
263 1345 49 45 C.
352 1345 124 47 Bax;
516 1343 325 48 Introductory
875 1351 105 35 note
1014 1343 60 46 by
1112 1341 61 43 H.
1214 1340 139 51 Ellis;
1394 1340 225 50 Dolores;
1659 1341 100 45 The
1793 1341 158 51 epistle
1988 1342 50 44 of
2077 1358 24 28 a

110 1402 198 48 mother;
348 1398 226 45 Heaven’s
609 1397 169 52 jester;
820 1396 191 51 Porky’s
1051 1396 157 51 Cissy;
1252 1393 251 46 Sakuntala
1538 1396 90 44 and
1665 1410 28 30 a
1728 1396 375 47 Cornishman.—

153 1449 1948 57 II . Essays: Preface by G. Ives; Edith Ellis, a memory by F. W. Stella
113 1515 219 47 Browne;
376 1511 326 50 Introductory
742 1519 106 35 note
885 1512 58 47 by
983 1510 61 43 H.
1088 1507 139 51 Ellis;
1270 1508 339 50 Forerunners;
1652 1510 222 44 Personal
98 1510 1982 103 impressions

241 1570 54 45 of
318 1566 198 48 Edward
539 1565 278 52 Carpenter;
839 1565 153 51 James
1015 1564 204 51 Hinton;
1245 1563 243 47 Havelock
1510 1562 141 54 Ellis;
1677 1564 136 47 Olive
1837 1563 266 55 Schreiner;

107 1625 144 43 Oscar
279 1622 177 48 Wilde;
487 1620 131 46 Ellen
646 1621 124 51 Key;
801 1619 218 43 Frederik
1046 1634 88 28 van
1162 1618 168 45 Eeden.

109 1677 53 54 ©
201 1679 102 44 Oct.
340 1678 38 52 6,
420 1678 128 51 1924;
587 1677 76 42 2c..
690 1675 109 44 each
839 1674 121 52 Sept.
998 1675 39 52 3,
1078 1673 130 53 1925;
1249 1675 79 43 aff.
1370 1673 120 54 Sept.
1533 1677 45 51 1;
1620 1676 43 42 A
1702 1676 190 54 864426;
1934 1677 171 53 Joseph

179 1735 141 53 Ishill,
356 1734 222 51 Berkeley
612 1732 212 52 Heights,
859 1732 58 42 N.
951 1732 40 51 J.
1060 1730 270 55 (25-20623)

111 1821 229 70 Evans,
379 1818 185 72 Silas,
602 1819 190 58 1876-

188 1914 130 57 The
360 1931 301 50 currency
701 1912 67 57 of
807 1911 104 57 the
950 1908 323 73 invisible;
1316 1929 36 38 a
1394 1909 296 73 spiritual
111 1911 1970 139 interpretation

281 1986 1827 75 of stewardship, by Silas Evans … introduction by
109 2064 1973 155 David McConaughy … New York, Chicago [etc.] Fleming H. Revell company [ c 1925]
181 2223 330 50 96 p. 19½ cm .
108 2276 55 54 ©
192 2278 115 52 June
335 2276 67 50 27,
435 2273 130 55 1925;
598 2276 64 42 2c.
693 2275 87 43 and
809 2275 79 42 aff.
920 2274 102 44 Oct.
1057 2274 74 52 14;
1165 2274 43 42 A
1237 2273 190 52 869440;
1461 2272 210 54 Fleming
1699 2275 62 43 H.
1794 2274 159 44 Revell
1984 2290 65 29 co.

189 2332 270 56 (25-20509)

113 2418 197 72 Flick,
347 2418 330 58 Lawrence
718 2414 280 74 Francis,
1039 2418 190 55 1856-

113 2493 1974 151 Development of our knowledge of tuberculosis, by Lawrence F. Flick … Philadelphia, 1925.
182 2648 901 55 3 p. l., ix-xiii p., 1 l., 783 p. 24 cm .
113 2706 53 54 ©
195 2706 119 53 Sept.
339 2708 67 51 30,
435 2706 129 52 1925;
591 2707 64 42 2c.
683 2706 85 43 and
796 2707 78 42 aff.
903 2706 102 43 Oct.
1037 2705 73 52 12;
1141 2705 43 42 A
1210 2703 190 53 869345;
1429 2707 246 47 Lawrence
1702 2704 49 45 F.
1780 2703 143 55 Flick,
182 2705 1905 111 Philadelphia.

442 2762 270 55 (25-20526)

116 2848 225 71 Fowle,
378 2847 163 69 Otto,
578 2849 356 56 1852-1920.

193 2926 180 58 Sault
430 2925 124 58 Ste.
613 2924 203 58 Marie
870 2925 124 57 and
1045 2924 82 57 its
1182 2928 181 67 great
1415 2926 356 70 waterway,
1823 2925 83 72 by
1961 2925 148 59 Otto

114 3001 1998 74 Fowle … New York & London, G. P. Putnam’s sons,
114 3083 165 55 1925.

183 3154 1368 57 xxi, 458 p. front. (port.) plates, fold. map. 23½ cm .
116 3215 53 54 ©
206 3216 120 53 Sept.
364 3217 61 49 18,
465 3214 129 52 1925;
627 3216 66 42 2c.
730 3214 120 53 Sept.
885 3215 79 52 24;
1002 3214 78 43 aff.
1119 3213 120 53 Sept.
1273 3212 78 53 25;
1389 3214 43 42 A
1468 3212 189 55 864748;
1697 3213 52 46 G.
1787 3211 51 47 P.
1877 3216 232 44 Putnam’s

187 3288 116 29 sons.
373 3269 269 57 (25-19835)

118 3354 232 72 Friese,
387 3355 171 58 John
590 3354 231 71 Frank,
859 3357 191 56 1894-

192 3434 259 56 Manual
479 3435 134 55 arts
641 3432 66 56 in
736 3433 104 57 the
870 3431 213 69 junior
1111 3431 151 72 high
1294 3432 226 69 school,
1552 3431 90 59 St.
1677 3431 198 59 Cloud
1905 3432 209 72 public

119 3512 259 66 schools,
412 3510 318 70 prepared
761 3511 199 56 under
994 3510 103 56 the
1135 3507 305 59 direction
1477 3508 67 59 of
1578 3509 170 58 John
1783 3510 71 57 F.
1894 3510 221 58 Friese

184 3584 1927 76 … by John F. Friese … C. S. Chapman … Arthur L. W.
117 3663 1994 73 Johnson … Robert C. Miller … Robert S. Hilpert … St.
121 3743 214 72 Cloud,
366 3743 214 67 Minn.,
612 3743 129 57 The
771 3742 216 57 Board
1019 3740 67 59 of
1118 3740 345 74 education,
1496 3743 165 56 1925.

187 3822 77 44 301
299 3837 40 37 p.
400 3821 128 48 illus.,
559 3820 167 53 diagrs.
786 3817 53 46 25½
891 3821 31 18 cm
927 3853 10 9 .

190 3878 216 46 Contains
436 3875 366 55 bibliographies.

121 3934 53 54 ©
203 3937 112 51 May
342 3936 67 45 20,
443 3933 129 52 1925;
603 3934 64 42 2c.
701 3934 101 43 Oct.
834 3931 48 52 5;
917 3932 77 43 aff.
1029 3932 101 44 Oct.
1161 3933 50 51 3;
1244 3933 43 42 A
1319 3931 189 54 869143;
1544 3934 151 44 Board
1726 3934 51 44 of
1806 3933 248 45 education.

200 3989 270 57 (25-20657)
