2533 4412
1316 4101 114 60 774

351 522 1986 137 erson … John Womack Wright … with a preface by General
525 601 242 58 Tasker
803 602 80 56 H.
921 600 190 58 Bliss.
1191 602 152 56 New
1380 600 192 73 York,
1611 601 342 72 Harcourt,
1991 599 202 58 Brace
2234 600 124 58 and

351 698 312 53 company
697 710 13 43 [
712 688 19 22 c
734 680 166 73 1925]

428 773 96 51 xiii,
553 772 78 45 601
659 787 42 38 p.
760 770 120 46 illus.
907 772 127 53 (incl.
1063 771 153 54 maps)
1251 770 169 55 diagrs.
1480 772 54 43 22½
1569 773 47 17 cm
1624 808 8 8 .

431 843 331 55 Bibliography
791 850 48 39 at
865 844 86 45 end
982 843 52 46 of
1060 843 109 46 each
1202 852 114 46 part.

435 916 405 52 CONTENTS.—pt.
881 922 38 37 1.
957 915 199 45 Ancient
1191 915 227 45 warfare:
1457 923 46 37 to
1543 915 75 45 the
1655 916 135 44 death
1827 915 51 46 of
1913 915 147 54 Julius
2102 914 166 54 Caesar,
2306 917 60 54 by

363 974 56 44 O.
456 974 49 42 L.
546 971 262 55 Spaulding,
844 971 188 54 jr.—pt.
1067 979 38 37 2.
1138 972 221 45 Warfare
1395 974 43 42 in
1473 972 76 45 the
1585 973 177 43 Roman
1800 973 181 53 empire,
2019 973 74 44 the
2131 973 114 44 dark
2279 974 87 43 and

361 1029 2003 53 middle ages, to 1494 A. D., by H. Nickerson.—pt. 3. Warfare in modern
363 1087 159 44 times:
560 1095 46 35 to
642 1086 74 44 the
753 1086 134 44 death
922 1086 52 45 of
1009 1084 249 46 Frederick
1291 1087 78 48 the
1405 1086 153 54 Great,
1594 1087 57 53 by
1688 1087 56 44 O.
1779 1088 50 42 L.
1868 1086 265 54 Spaulding,
2171 1087 72 53 jr.,
2279 1088 88 44 and

359 1146 40 51 J.
431 1145 76 46 W.
537 1142 205 55 Wright.

354 1212 53 54 ©
436 1215 116 52 June
585 1214 62 52 18,
680 1212 131 53 1925;
842 1214 65 42 2c.
937 1214 118 52 June
1081 1213 79 54 20;
1193 1214 79 44 aff.
1302 1214 107 53 July
1439 1215 49 51 3;
1522 1215 44 42 A
1597 1214 189 53 861010;
1823 1216 249 52 Harcourt,
2104 1216 143 44 Brace
2278 1217 88 44 and

425 1286 82 38 co.,
535 1271 82 43 inc.
683 1269 273 56 (25-14309)

356 1372 350 73 Stacpoole,
743 1373 76 56 H.
855 1373 92 57 De
981 1372 179 58 Vere.

432 1465 217 58 House
683 1465 66 58 of
780 1465 273 58 crimson
1085 1467 306 57 shadows.
1472 1465 178 58 Book
1681 1468 53 72 2,
1768 1467 211 72 chaps.
2015 1469 205 55 11-15.

429 1559 81 51 (In
536 1560 187 41 London
752 1559 227 52 Graphic)

355 1628 2011 55 © 1c. each Aug. 1, 1925; A ad int. 7161; pubd. June 6, 13, 20; H. De V.
429 1685 1247 54 Stacpoole, ℅ Hughes Massie & co., New York.
354 1786 355 74 Stammler,
745 1786 257 73 Rudolf,
1041 1790 190 56 1856-

352 1877 1984 140 The theory of justice, by Rudolf Stammler … translated
568 1958 1800 73 by Isaac Husik … with appendixes by François
353 2034 1987 141 Geny … and John C. H. Wu … New York, The Macmillan
493 2134 326 54 company,
852 2116 166 57 1925.

432 2194 79 53 xli,
539 2194 77 46 591
645 2210 40 38 p.
746 2196 27 41 21½
835 2197 47 17 cm
889 2230 7 7 .
967 2195 224 53 (Modern
1218 2193 119 53 legal
1363 2193 270 55 philosophy
1660 2194 166 53 series)

435 2252 320 54 Appendixes:
808 2288 8 7 I.
845 2251 101 45 The
973 2251 177 44 critical
1180 2260 170 45 system
1378 2252 52 44 of
1457 2252 53 43 R.
1546 2252 257 52 Stammler,
1834 2254 57 52 by
1922 2251 220 55 Frangois
2174 2252 199 55 Geny.—II
407 2346 8 7 .

447 2308 245 47 Stammler
721 2310 87 43 and
836 2308 69 45 his
933 2308 166 53 critics,
1128 2310 57 51 by
1213 2308 120 53 John
1367 2309 48 45 C.
1448 2309 62 43 H.
1540 2310 106 43 Wu.

358 2364 53 54 ©
438 2366 108 52 July
571 2364 36 53 7,
640 2364 130 53 1925;
796 2366 67 43 2c.
890 2366 88 43 and
1005 2366 80 43 aff.
1112 2365 107 53 July
1245 2366 50 52 8;
1326 2366 44 42 A
1398 2364 191 54 855787;
1621 2366 270 44 Macmillan
1919 2382 65 29 co.

437 2421 274 56 (25-14395)

360 2521 256 73 Stilson,
661 2521 259 58 Charles
960 2522 69 60 B.

433 2613 60 58 A
525 2612 274 59 cavalier
833 2611 69 60 of
934 2613 322 71 Navarre;
1292 2635 36 37 a
1361 2612 125 60 tale
1521 2612 69 59 of
1622 2613 287 72 pikemen
1944 2614 127 59 and
358 2615 1987 148 musketeers,

549 2691 1822 73 by Charles B. Stilson … New York, G. H. Watt,
358 2772 166 56 1925.

426 2848 703 54 vi p., 1 l., 9-304 p. 19½ cm .
360 2904 53 54 ©
451 2907 112 52 May
602 2907 32 50 1,
675 2904 130 54 1925;
842 2907 64 42 2c.
944 2907 87 43 and
1067 2906 79 43 aff.
1183 2907 117 52 June
1338 2905 73 54 16;
1451 2907 44 42 A
1530 2904 191 55 855561;
1763 2906 181 54 George
1980 2908 208 43 Howard
2224 2909 146 52 Watt,

430 2963 119 44 New
574 2963 143 43 York.
788 2961 273 56 (25-11153)

360 3061 270 72 Struble,
667 3060 256 75 Sidney.

436 3157 59 57 A
530 3158 170 57 brief
734 3157 231 58 review
1001 3158 69 59 of
1104 3158 104 58 the
1247 3157 268 73 changes
1555 3158 69 59 of
1660 3159 103 58 the
1800 3157 148 57 1925
1986 3156 277 60 revision
2300 3159 69 59 of

359 3237 105 57 the
513 3235 412 58 constitution
971 3237 125 57 and
1143 3236 169 58 rules
1360 3235 67 59 of
1474 3236 105 59 the
1626 3236 155 56 New
1826 3236 174 57 York
2049 3236 174 58 stock
360 3255 1985 127 exchange,

641 3312 1398 70 by Sidney Struble … [New York, c 1925]
432 3390 593 50 43 numb. l., 2 1. 21 cm .
361 3444 54 53 ©
447 3445 100 52 July
577 3444 61 47 17,
670 3444 130 53 1925;
826 3446 65 42 2c.
917 3445 107 52 July
1048 3445 78 51 23;
1155 3445 79 42 aff.
1261 3444 121 52 Aug.
1412 3445 47 51 1;
1488 3444 44 42 A
1558 3444 192 53 864088;
1782 3444 45 46 S.
1856 3443 196 54 Struble,
2081 3445 118 44 New
2224 3445 143 44 York.

442 3500 272 56 (25-14834)

361 3603 258 70 Towles,
660 3602 283 59 William
983 3602 59 57 H
1359 3604 189 57 1872-

440 3693 270 58 Towles’
736 3693 279 71 portrait
1041 3692 325 73 lightings,
1397 3713 36 37 a
1458 3694 306 70 practical
1790 3694 256 58 method
2072 3695 105 57 for
359 3695 1988 151 making

363 3770 1983 152 photographic lightings, by Will H. Towles … Philadelphia,
711 3850 70 57 F.
815 3850 73 56 V.
928 3849 376 71 Chambers;
1343 3852 151 69 [etc.,
1529 3852 133 69 etc.,
1695 3859 19 22 c
1716 3851 165 72 1925]

436 3928 76 44 103
548 3943 39 38 p.
648 3928 154 53 front.,
835 3926 128 54 illus.,
998 3928 168 52 diagrs.
1227 3927 53 44 28
1287 3929 47 18 cm
1342 3963 8 7 .

364 3984 53 54 ©
475 3986 76 52 July
579 3986 67 50 23,
678 3983 130 55 1925;
838 3986 63 42 2c.
931 3986 86 42 and
1046 3986 79 42 aff.
1154 3985 107 53 July
1288 3983 79 55 27;
1398 3985 44 42 A
1472 3984 189 54 861202;
1693 3983 157 47 Frank
1878 3986 57 44 V.
1968 3984 261 46 Chambers.

444 4040 272 57 (25-14943)
