2533 4412
0 0 0 0 1144
428 486 45 44 iv
497 501 53 38 p.,
579 488 19 43 1
645 520 22 18 l.,
698 483 78 47 159
799 500 41 39 p.
867 486 101 43 incl.
997 486 158 44 forms.
1215 486 53 43 24
1277 488 45 18 cm
1330 520 9 9 .

354 552 1991 118 © June 5, 1925; 1c. Aug. 20; A —Foreign 28425; Volkswirtschaftliche verlagsgesellschaft m. b. h. (25-21515)
353 714 409 73 Wentworth,
807 712 297 60 Patricia.

435 803 1862 77 The Dower house mystery, by Patricia Wentworth …
354 882 1526 81 Boston, Small, Maynard & company [ c 1925]
424 975 553 55 3 p. l , 311 p. 19½cm.
354 1047 54 55 ©
439 1049 102 44 Oct.
577 1050 32 49 1,
644 1046 131 55 1925;
805 1047 66 44 2c.
902 1046 88 45 and
1018 1047 80 43 aff.
1132 1047 103 44 Oct.
1265 1047 51 51 3;
1348 1047 45 42 A
1422 1044 191 56 869118;
1650 1045 156 53 Small,
1840 1048 230 52 Maynard
2101 1048 37 46 &
2168 1063 79 37 co.,
2280 1048 84 46 inc.

433 1103 273 57 (25-19170)

352 1206 324 74 Weyman,
719 1204 264 75 Stanley
1021 1205 186 57 John.

431 1298 274 74 Queen’s
739 1298 178 72 folly,
1001 1297 178 72 chap.
1218 1297 206 57 29-31.

427 1393 81 51 (In
541 1392 213 43 Cornhill
782 1390 260 54 magazine,
1074 1391 134 51 Aug.,
1242 1389 131 53 1925)

352 1456 2013 66 © 1c. Sept. 17, 1925; A ad int. 7287; pubd. July 23; S. Weyman, Ruthin,
424 1521 154 44 North
612 1520 172 51 Wales,
820 1517 225 55 England.

358 1619 339 71 Whitman,
728 1616 301 74 William,
1062 1619 192 57 1900-

432 1713 263 58 Navaho
739 1712 180 71 tales,
964 1710 207 62 retold
1211 1711 83 71 by
1333 1709 282 59 William
1657 1711 327 58 Whitman
2028 1713 144 74 3rd;
2216 1715 152 58 with

351 1791 425 60 illustrations
813 1791 83 71 by
931 1788 172 61 John
1138 1789 69 56 P.
1246 1788 219 59 Heins.
1543 1789 243 59 Boston
1824 1793 125 56 and
1987 1791 152 58 New
2175 1792 190 76 York,

351 1870 347 74 Houghton
733 1868 219 57 Mifflin
987 1885 327 55 company,
1351 1868 169 57 1925.

423 1947 78 45 viii
531 1962 54 39 p.,
614 1947 24 43 3
686 1981 24 17 l.,
741 1945 170 56 [3]-217
939 1960 40 40 p.
1042 1944 151 54 front.,
1225 1944 131 53 illus.,
1385 1945 158 52 plates.
1608 1944 51 45 19½
1693 1948 48 18 cm
1747 1979 10 10 .

426 2005 106 44 “All
575 2004 52 45 of
667 2004 76 44 the
786 2002 163 45 stories
994 2002 45 43 in
1079 2001 90 46 this
1211 2002 122 45 book
1373 2016 122 31 were
1538 2000 244 57 originally
1827 2004 252 46 translated
2125 2004 122 47 from
2293 2006 73 47 the

355 2055 2012 61 Navaho by Dr. Washington Matthews in Navaho legends … Retold for
351 2119 111 54 boys
495 2120 89 43 and
615 2116 347 55 girls.”—Pref.

351 2175 54 55 ©
438 2175 122 53 Sept.
596 2176 63 51 18,
693 2173 131 54 1925;
855 2175 65 43 2c.
956 2171 121 56 Sept.
1107 2173 81 53 21;
1221 2173 80 43 aff.
1335 2171 122 54 Sept.
1493 2172 74 54 19;
1602 2174 45 42 A
1676 2173 192 54 861899;
1903 2176 76 44 W.
2010 2175 252 54 Whitman,
2296 2179 67 51 3d,

423 2232 250 52 Needham,
706 2232 143 43 Mass.
920 2228 274 57 (25-19085)

352 2332 219 73 Wood,
606 2331 297 72 Clement,
935 2332 191 59 1888-

424 2417 1937 81 Folly, by Clement Wood … Boston, Small, Maynard
347 2504 50 56 &
422 2520 310 54 company
762 2529 13 44 [
777 2509 18 21 c
799 2501 166 74 1925]

423 2581 84 46 300
535 2596 40 40 p.
640 2582 147 45 19½cm.

351 2639 54 55 ©
434 2637 122 55 Sept.
586 2639 64 51 19,
679 2636 105 46 1925;
840 2637 65 43 2c.
932 2637 88 44 and
1046 2636 79 44 aff.
1155 2636 102 44 Oct.
1287 2637 18 41 1;
1365 2636 45 42 A
1436 2635 165 45 869094;
1660 2635 157 54 Small,
1848 2638 228 52 Maynard
2104 2638 37 46 &
2167 2655 83 38 co.,
2280 2641 83 44 inc.

430 2694 273 57 (25-19108)

355 2796 442 76 [Woodworth,
827 2797 154 56 Mrs.
1018 2794 174 58 Ruth
1222 2793 277 58 Blanche
1542 2793 284 78 (Teare)]
1863 2797 190 58 1898-

431 2892 119 60 Old
580 2910 147 39 man
761 2891 67 56 of
859 2891 104 58 the
996 2889 235 71 Dalles,
1266 2909 80 38 an
1379 2889 524 72 autobiography.
1980 2888 382 75 [Stillwater,

351 2969 217 73 Minn.,
597 2967 422 73 Washington
1056 2967 249 71 County
1333 2970 164 68 post,
1531 2973 18 22 c
1553 2965 166 73 1925]

419 3043 1183 57 2 p. l ., 44 p. illus. (incl. map) plates. 24 cm .
426 3106 124 44 “The
576 3104 208 45 material
810 3102 46 45 in
881 3103 90 45 this
995 3101 183 46 booklet
1203 3102 37 44 is
1267 3099 195 47 selected
1488 3102 89 44 and
1602 3101 150 45 edited
1777 3100 59 52 by
1860 3103 124 43 Ruth
2010 3101 150 49 Teare
351 3105 1989 105 Woodworth
534 3163 120 44 from
688 3177 26 29 a
744 3160 139 46 series
915 3159 53 46 of
995 3155 238 49 historical
1266 3156 184 46 articles
1483 3156 97 48 that
1611 3159 225 50 appeared
1867 3158 47 45 in
1944 3160 77 44 the
2051 3159 311 55 Washington

352 3220 185 51 County
570 3226 105 43 post
710 3216 136 52 April
883 3218 54 43 24
969 3223 48 37 to
1058 3213 270 51 September
1367 3214 62 50 18,
1470 3214 120 50 1924,
1626 3213 230 52 inclusive,
1891 3217 144 43 under
2068 3214 76 48 the
2178 3219 182 50 general

353 3277 109 50 title,
492 3276 207 49 Legends
726 3272 89 46 and
841 3271 167 47 stories
1037 3273 124 42 from
1188 3270 76 45 the
1294 3269 65 48 St.
1390 3268 146 46 Croix
1563 3270 153 48 River,
1744 3272 28 43 by
1832 3272 123 44 Ruth
1983 3273 52 45 B.
2062 3271 190 49 Teare.”

349 3330 56 55 ©
434 3331 115 53 June
578 3329 65 51 29,
678 3325 131 54 1925;
840 3327 64 43 2c.
935 3326 121 52 Aug.
1092 3323 74 52 17;
1198 3324 80 43 aff.
1309 3324 120 52 Aug.
1465 3321 74 55 15;
1572 3324 45 42 A
1649 3323 190 54 861479;
1874 3327 53 42 R.
1959 3325 55 45 T.
2044 3327 317 56 Woodworth,

422 3386 99 49 Eau
560 3385 165 51 Claire,
762 3384 118 45 Wis.
949 3379 273 58 (25-18690)

351 3484 302 75 Woolley,
691 3482 161 59 Paul
885 3483 72 57 V.

429 3577 61 57 A
522 3576 187 74 guide
744 3578 66 54 to
844 3575 104 57 the
987 3573 191 70 study
1209 3571 70 57 of
1312 3569 470 76 woodworking;
1846 3592 36 37 a
1916 3571 216 74 handy
352 3574 1986 141 reference
549 3654 108 57 for
703 3650 478 72 woodworkers,
1234 3649 288 58 teachers
1575 3650 125 56 and
1752 3650 288 58 students
2093 3650 70 59 of
2210 3652 153 73 high

351 3723 1990 162 schools, colleges and industrial schools, by Paul V. Woolley … Peoria, Ill., The Manual arts press [ c 1925]
422 3887 50 46 61
504 3901 41 39 p.
604 3885 151 44 20½cm.

353 3944 54 55 ©
436 3944 120 53 Aug.
592 3943 60 51 10,
687 3938 106 47 1925;
851 3940 65 44 2c.
947 3940 88 44 and
1065 3938 79 44 aff.
1178 3938 102 44 Oct.
1315 3936 75 53 14;
1424 3937 45 42 A
1498 3935 192 54 869410;
1726 3937 51 43 P.
1810 3937 58 44 V.
1901 3936 227 55 Woolley,
2163 3938 197 53 Muncie,

424 4001 98 44 Ind.
