2533 4412
1114 4044 107 55 247

170 412 258 69 Griffith,
469 415 154 55 Mrs.
666 412 199 57 Helen
912 411 365 74 (Sherman)
1327 412 192 58 1873-

251 504 127 57 The
412 504 189 69 Lane,
635 505 82 70 by
748 504 202 56 Helen
987 501 308 60 Sherman
1331 500 272 71 Griffith;
1640 499 409 74 frontispiece
2086 503 82 68 by

173 581 328 57 Elizabeth
547 581 269 70 Pilsbry.
900 578 457 75 Philadelphia,
1407 579 128 59 The
1585 578 176 57 Penn
1808 577 362 73 publishing

171 677 323 53 company,
527 659 165 58 1925.

244 736 812 53 1 p. l., 7-348 p. front. 19½cm.
172 805 52 53 ©
254 805 103 44 Feb.
386 807 66 50 21,
482 805 129 52 1925;
642 807 63 42 2c.
735 807 86 42 and
849 808 78 41 aff.
959 807 116 42 Mar.
1110 806 73 51 13;
1215 806 43 41 A
1286 805 189 51 822369;
1510 806 129 44 Penn,
1665 804 99 52 pub.
1796 820 64 27 co.
251 862 241 55 (25-6195)

170 962 297 72 Grinnell,
504 962 238 70 George
778 961 172 72 Bird,
987 965 188 56 1849-
1333 962 90 58 ed.

248 1053 289 72 Hunting
570 1055 123 55 and
727 1052 467 71 conservation;
1228 1053 103 56 the
1367 1052 159 58 book
1560 1052 68 57 of
1662 1052 104 57 the
1799 1052 214 57 Boone
2048 1052 123 57 and

175 1129 290 60 Crockett
511 1131 167 70 club;
727 1130 244 73 George
1013 1130 159 57 Bird
1218 1128 301 73 Grinnell,
1569 1129 258 59 Charles
1879 1129 291 70 Sheldon,

174 1208 252 57 editors.
605 1227 55 37 New
689 1207 240 73 Haven,
965 1207 210 72 Conn.,
1203 1207 157 57 Yale
1388 1206 354 73 university
1769 1225 200 55 press,
2003 1207 165 56 1925.

240 1284 1239 54 xiv p., 1 l., 548 p. double front., plates. 21½ cm .
173 1341 52 53 ©
260 1342 104 44 Feb.
396 1342 65 45 27.
499 1341 127 53 1925;
658 1343 66 42 2c.
758 1343 117 42 Mar.
908 1343 49 50 2;
993 1343 77 43 aff.
1161 1358 63 28 Mar.
1258 1340 48 53 5;
1342 1343 43 41 A
1418 1340 187 53 822271;
1643 1342 155 42 Boone
1828 1341 87 43 and
1950 1339 216 45 Crockett

244 1398 111 53 club,
389 1399 118 43 New
536 1400 140 42 York,
746 1398 242 55 (25-6824)

172 1498 218 69 Grove,
432 1497 258 57 Harriet
730 1498 188 72 Pyne.

252 1588 127 58 The
417 1588 305 71 Greycliff
752 1587 184 73 girls’
969 1593 181 67 great
1184 1589 363 71 adventure,
1580 1590 82 71 by
1696 1589 267 58 Harriet
1997 1590 172 71 Pyne

176 1665 1733 75 Grove … New York, A. L. Burt company [ c 1925]
242 1743 81 45 253
354 1758 40 38 p.
458 1743 141 44 front.
665 1745 47 43 19½c
766 1746 29 17 m
802 1779 8 7 .
879 1744 129 54 (Her
1038 1742 224 55 Greycliff
1293 1744 110 53 girls
1437 1744 169 53 series)

175 1799 52 53 ©
256 1801 117 42 Mar.
406 1802 61 49 16,
498 1800 128 52 1925;
655 1802 65 42 2c.
748 1802 87 42 and
863 1802 77 43 aff.
972 1802 117 43 Mar.
1119 1802 76 51 20;
1226 1803 43 41 A
1298 1801 187 49 822487;
1518 1802 56 43 A.
1605 1802 47 43 L.
1686 1803 113 42 Burt
1828 1817 64 28 co.

253 1857 241 53 (25-6855)

174 1958 290 71 Gwynne,
503 1956 273 72 Walker,
815 1960 187 56 1845-

254 2052 266 58 Divorce
566 2052 66 56 in
678 2051 293 60 America
1017 2054 200 57 under
1265 2056 162 55 state
1475 2055 124 56 and
1645 2053 248 72 church,
1941 2055 80 71 by
2068 2055 106 56 the

177 2131 330 57 Reverend
535 2130 256 57 Walker
826 2130 292 73 Gwynne,
1191 2177 11 11 D.
1277 2176 32 26 D.,
1338 2131 154 56 with
1523 2150 80 38 an
1633 2132 425 57 introduction
2089 2132 83 71 by

178 2208 102 57 the
326 2207 239 72 Bishop
616 2209 66 56 of
728 2209 151 56 New
925 2209 188 56 York.
1196 2209 151 60 New
1394 2210 189 72 York,
1636 2210 128 58 The
1813 2209 358 59 Macmillan

178 2304 322 53 company,
531 2287 165 57 1925.

254 2362 356 55 154 p. 19½ cm .
253 2419 1919 56 “Marriage in the church: East and west … by the Right Rev. Arthur
178 2478 51 45 C.
255 2479 58 43 A.
339 2477 167 45 Hall”:
534 2494 40 36 p.
604 2478 202 45 118-134.

248 2533 325 55 Bibliography:
632 2551 38 36 p.
700 2535 92 45 6-8.

177 2589 1716 112 © Mar. 17, 1925; 2c. and aff. Mar . 18; A 822464; Macmillan co. (25-6835)
178 2745 304 72 Haldane,
520 2746 169 58 John
725 2745 258 57 Burdon
1019 2744 375 74 Sanderson,
1435 2749 189 55 1892-

258 2836 334 59 Callinicus;
662 2857 38 36 a
731 2837 255 56 defence
1023 2836 67 57 of
1124 2837 296 56 chemical
1452 2837 293 74 warfare,
1783 2840 82 71 by
1899 2841 60 57 J.
1997 2840 70 56 B.
2108 2841 60 58 S.

177 2914 1990 79 Haldane … New York, E. P. Dutton & company [ c 1925]
244 2989 1375 55 2 p. l., 84 p. 16½ cm . [To-day and to-morrow series]
178 3047 52 53 ©
262 3048 103 43 Feb.
395 3048 65 46 21,
495 3047 127 49 1925;
655 3048 63 43 2c.
751 3047 105 43 Feb.
888 3046 78 52 27;
999 3048 78 42 aff.
1110 3046 106 44 Feb.
1244 3047 79 51 25;
1358 3048 43 41 A
1432 3048 188 52 823200;
1655 3048 51 46 E.
1743 3051 49 42 P.
1827 3051 175 43 Dutton
2036 3053 36 42 &
2103 3068 64 28 co.

258 3104 240 53 (25-6628)

182 3206 219 70 Harré,
444 3205 66 55 T.
551 3205 272 69 Everett,
865 3206 187 55 1884-

257 3294 128 59 One
410 3297 159 54 hour
597 3295 123 58 and
746 3293 253 58 forever;
1058 3294 105 57 the
1190 3298 178 67 story
1394 3294 68 57 of
1489 3314 35 38 a
1552 3315 243 39 woman
1822 3302 124 56 and
1972 3319 36 37 a
2061 3320 111 38 love

182 3391 287 54 supreme
512 3371 99 69 (as
643 3371 133 57 told
809 3375 63 53 to
908 3373 122 56 and
1066 3374 93 55 set
1193 3372 179 56 down
1406 3374 110 69 by)
1561 3377 67 55 T.
1665 3374 264 60 Everett
1963 3378 210 56 Harré

247 3449 1530 75 … New York, The Macaulay company [ c 1925]
248 3527 82 45 374
359 3542 40 38 p.
462 3527 49 44 19
520 3529 46 16 cm
573 3561 7 8 .

180 3583 54 53 ©
260 3584 104 43 Feb.
397 3584 59 49 14,
488 3583 104 43 1925;
646 3584 63 42 2c.
795 3597 62 28 Mar.
889 3583 50 42 19;
993 3583 78 42 aff.
1102 3584 117 41 Mar.
1248 3582 24 44 7;
1329 3584 43 41 A
1398 3584 160 43 822491;
1619 3586 241 53 Macaulay
1887 3603 52 28 co.

259 3639 240 55 (25-6943)

181 3737 325 71 Harrison,
545 3737 122 58 Leo
703 3736 182 58 Alan.

257 3831 244 67 Poems,
530 3830 83 69 by
640 3830 66 55 L.
742 3829 161 56 Alan
933 3828 330 58 Harrison.
1351 3829 214 73 [Lynn,
1596 3832 213 73 Mass.,
1843 3836 128 56 The
183 3837 1968 129 Sheldon
335 3926 198 53 press,
568 3918 18 20 c
590 3907 163 72 1925]

254 3983 81 50 [54]
368 3999 39 38 p.
470 3984 50 44 18
527 3986 46 18 cm
581 4021 7 8 .
