2533 4412
1291 4104 113 48 128

357 516 178 59 First
560 516 286 58 national
869 516 268 73 picture,
1163 518 341 71 presented
1527 517 85 72 by
1637 517 100 58 Al.
1766 519 124 57 and
1916 519 142 72 Ray
2083 519 283 60 Rockett.

357 594 153 58 New
534 594 192 74 York,
757 594 264 59 Grosset
1050 594 48 59 &
1122 594 254 73 Dunlap
1407 623 14 43 [
1420 604 21 21 c
1444 596 166 73 1925]

425 672 80 55 xii,
539 673 85 43 422
656 687 39 39 p.
757 672 141 45 front.,
925 672 169 54 (port.)
1135 672 157 54 plates.
1355 672 53 44 19½
1440 674 48 18 cm
1493 707 11 10 .

354 728 55 54 ©
436 730 102 52 Jan.
564 728 68 53 20,
662 727 131 55 1925;
822 730 65 43 2c.
915 730 100 52 Jan.
1043 729 80 53 23;
1154 729 79 43 aff.
1260 730 100 52 Jan.
1388 730 79 52 22;
1497 729 44 43 A
1570 728 190 54 815728;
1794 729 192 46 Grosset
2013 731 37 44 &
2077 729 195 54 Dunlap.

435 786 244 56 (25-2776)

356 889 273 74 Wright,
669 887 172 59 John
877 886 320 59 Kirtland.

502 976 1868 76 … The geographical lore of the time of the crusades; a
358 1060 190 71 study
578 1058 65 57 in
674 1059 106 57 the
809 1057 252 71 history
1090 1057 69 57 of
1188 1055 313 58 medieval
1535 1055 238 59 science
1806 1057 124 58 and
1963 1056 309 60 tradition
2301 1057 68 58 in

354 1141 271 54 western
647 1136 278 71 Europe,
946 1135 85 71 by
1051 1133 171 60 John
1244 1133 307 59 Kirtland
1570 1133 256 74 Wright…
2002 1134 154 60 New
2176 1135 192 74 York,

354 1215 339 59 American
725 1211 449 76 geographical
1206 1211 254 73 society,
1493 1213 168 58 1925.

425 1288 1942 56 3 p. l., [v]-xxi, 563 p. illus. (incl. maps) 21 cm . (American geographical
357 1351 183 53 society.
601 1348 232 45 Research
858 1347 152 52 series,
1035 1362 73 31 no.
1138 1344 75 55 15;
1242 1347 76 44 W.
1347 1346 52 47 L.
1429 1345 52 46 G.
1506 1348 155 52 Joerg,
1689 1345 173 55 editor)

428 1406 355 55 Bibliography:
816 1420 42 39 p.
893 1403 241 50 [489]-543.

354 1465 53 54 ©
433 1468 100 52 Jan.
558 1467 66 50 22,
655 1463 105 46 1925
777 1479 9 37 ;
813 1465 65 42 2c.
906 1465 100 52 Jan.
1030 1464 80 52 24;
1138 1463 80 44 aff.
1246 1462 99 53 Jan.
1371 1462 79 51 30;
1478 1462 44 43 A
1547 1461 192 54 814855;
1769 1462 247 45 American
2044 1461 321 55 geographical

426 1523 170 52 society
622 1522 53 44 of
704 1521 119 44 New
850 1520 146 53 York,
1027 1520 118 44 New
1174 1519 145 44 York.
1388 1517 246 56 (25-3474)

354 1620 273 73 Wright,
667 1620 256 72 Joseph,
963 1621 192 58 1883-

434 1712 285 59 Selected
766 1710 298 73 readings
1112 1710 68 56 in
1223 1707 345 73 municipal
1610 1708 339 72 problems,
1993 1709 85 75 by
2121 1708 245 73 Joseph

352 1787 2016 77 Wright … with an introduction by William Bennett
353 1865 2013 74 Munro … Boston, New York [etc.] Ginn and company
355 1979 14 45 [
368 1956 21 22 c
392 1949 166 73 1925]

426 2028 128 52 xviii,
581 2026 79 47 961
690 2042 41 39 p.
793 2025 116 45 illus.
937 2025 200 55 (forms)
1174 2024 169 54 diagrs.
1402 2024 28 43 21½
1492 2025 47 19 cm
1545 2059 10 9 .
1618 2022 266 49 [Selections
1914 2024 91 44 and
2033 2024 262 45 documents
2327 2023 44 46 in

357 2085 271 47 economics]

356 2142 53 54 ©
435 2142 109 45 Feb.
568 2140 40 54 7,
635 2139 133 55 1925;
793 2140 67 43 2c.
888 2138 108 45 Feb.
1027 2140 75 52 11;
1129 2139 79 43 aff.
1235 2137 109 45 Feb.
1376 2137 73 53 10;
1479 2138 44 43 A
1550 2137 191 53 815990;
1770 2138 42 54 J.
1840 2137 203 54 Wright,
2069 2138 135 44 West
425 2139 1917 112 Medford,

576 2200 144 42 Mass.
790 2195 245 56 (25-4345)

353 2296 356 74 Wyoming.
791 2297 308 73 Supreme
1138 2300 195 54 court.

428 2373 1935 76 Wyoming reports. Cases decided … From May 8,
356 2457 167 71 1923,
552 2458 66 55 to
647 2454 333 71 February
1008 2454 52 71 5,
1092 2454 167 55 1924.
1328 2452 323 71 Reported
1679 2452 84 72 by
1789 2451 282 58 William
2098 2451 75 57 E.
351 2451 1990 140 Mullen.

539 2551 57 38 v.
630 2533 89 56 30.
794 2531 350 72 Cheyenne,
1172 2529 163 73 Wy.,
1369 2530 129 57 The
1529 2529 339 73 Wyoming
1899 2530 183 57 labor
2108 2529 256 73 journal

351 2609 367 76 publishing
748 2629 86 40 co.
871 2610 184 74 [1925]

420 2689 133 52 xxix,
587 2687 82 46 550
698 2701 40 39 p.
797 2688 54 44 23
858 2691 49 18 cm
912 2722 10 9 .

352 2744 53 54 ©
433 2746 101 52 Jan.
561 2745 37 50 8,
629 2743 132 54 1925;
788 2745 67 43 2c.
883 2743 101 54 Jan.
1015 2744 75 52 12;
1120 2743 80 44 aff.
1229 2743 99 52 Jan.
1357 2741 77 53 30;
1465 2742 44 43 A
1538 2740 190 54 814860;
1759 2741 158 44 Frank
1942 2741 53 48 E.
2027 2741 160 54 Lucas,
424 2756 1916 99 secretary

549 2801 51 45 of
623 2808 127 46 state,
778 2801 74 44 for
875 2801 76 44 the
974 2806 116 38 state
1112 2799 53 45 of
1186 2799 269 53 Wyoming,
1482 2796 256 55 Cheyenne,
1762 2799 106 53 Wy.

351 2902 243 73 Young,
632 2901 172 60 John
836 2900 270 75 Wesley,
1143 2902 193 58 1879-

432 2988 1926 77 Solid geometry, by John W. Young … and Albert J.
352 3068 1928 74 Schwartz … New York, H. Holt and company [ c 1925]
357 3145 1989 115 2 p. l., iii-xvi, 275-399 p. diagrs. 19½ cm . (Half-title: American mathematical series)
428 3265 156 52 Paged
611 3262 316 55 continuously
953 3263 111 44 with
1091 3262 118 45 their
1239 3262 144 44 Plane
1409 3270 249 44 geometry.

355 3320 53 54 ©
437 3320 107 45 Feb.
572 3321 39 51 3,
644 3319 130 54 1925;
803 3320 65 44 2c.
898 3321 87 43 and
1013 3320 79 43 aff.
1122 3318 109 45 Feb.
1263 3318 74 54 10;
1367 3319 44 43 A
1441 3316 190 54 815967;
1665 3319 164 52 Henry
1859 3317 117 45 Holt
2006 3319 38 44 &
2070 3334 66 29 co,

433 3376 244 55 (25-4360)

352 3484 171 72 Zola,
620 3482 164 73 Émile,
826 3485 362 57 1840-1902.

431 3573 323 59 Germinal
790 3573 112 73 [by]
937 3573 204 58 Emile
1174 3573 182 71 Zola;
1387 3572 355 58 translated
1773 3572 168 57 from
1974 3573 104 57 the
2111 3573 247 59 French

352 3654 83 69 by
463 3652 322 58 Havelock
810 3651 180 73 Ellis,
1018 3652 153 58 with
1200 3671 36 38 a
1262 3670 138 39 new
1424 3650 429 58 introduction
1879 3650 85 72 by
1990 3650 148 58 him.
2205 3651 154 59 New

350 3730 192 77 York,
571 3729 75 59 A.
677 3728 75 59 A.
783 3729 244 72 Knopf,
1058 3731 168 57 1925.

430 3812 49 43 xi
504 3826 55 37 p.,
590 3812 19 42 1
657 3844 22 17 l.,
707 3808 83 46 472
817 3824 40 38 p.
917 3811 28 42 21½
1005 3812 48 18 cm
1059 3845 9 8 .
1132 3809 181 47 [Borzoi
1342 3809 197 47 classics]

434 3867 127 44 “The
583 3867 101 43 first
709 3867 170 43 edition
903 3866 51 44 of
977 3866 88 44 this
1092 3867 122 44 book
1237 3865 192 45 consists
1455 3866 51 44 of
1530 3864 126 45 three
1680 3864 224 45 thousand
1928 3866 246 44 numbered
2198 3866 164 53 copies.

357 3923 113 45 This
501 3926 35 42 is
565 3923 188 44 number
779 3921 122 46 276.”

351 3979 56 53 ©
434 3981 100 52 Jan.
562 3980 68 50 23,
661 3978 130 54 1925;
821 3980 66 43 2c.
915 3978 100 53 Jan.
1045 3978 77 53 30;
1155 3979 78 44 aff.
1263 3977 108 46 Feb.
1401 3977 50 54 7;
1483 3979 44 43 A
1557 3976 189 55 815954;
1778 3977 170 46 Alfred
1976 3979 58 44 A.
2064 3978 176 54 Knopf,
2272 3980 82 44 inc.

431 4035 245 51 (25-3548)
