2533 4412
1325 4095 109 56 152

377 438 132 58 The
533 435 271 60 Indiana
834 457 231 53 survey
1095 438 67 57 of
1191 436 301 73 religious
1525 436 362 58 education:
1921 455 70 56 [V.]
2044 438 50 54 2.
451 435 1904 138 Measurements
820 517 126 56 and
994 517 339 57 standards
1381 514 68 57 in

1494 514 299 73 religious
1846 513 347 73 education,
452 532 1907 134 containing
729 595 359 72 standards,
1121 594 407 70 score-cards,
1560 592 196 57 scales
1788 594 127 56 and
1942 592 182 57 other
450 591 1908 138 instruments

682 672 67 56 of
770 673 467 55 measurement
1261 670 345 71 developed
1627 671 104 56 for
1757 689 110 38 use
1892 670 69 56 in
1982 670 105 57 the
2113 668 273 59 Indiana

455 768 233 54 survey
726 749 67 57 of
835 749 299 73 religious
1178 748 348 72 education,
1564 748 86 72 by
1686 748 249 58 Walter
1975 748 60 59 S.
2076 747 305 73 Athearn,

450 824 1933 78 W. L. Hanson, E. S. Evenden rand others] … New
451 906 191 73 York,
675 906 243 73 George
949 906 78 57 H.
1062 906 219 57 Doran
1311 924 309 53 company
1654 906 181 73 [1924]

479 981 1271 55 x p., 2 l., 15-532 p. plates, tables, diagrs. 22½ cm .
375 1038 53 54 ©
466 1041 109 43 Dec.
611 1041 69 52 2:4,
719 1041 107 43 1924;
889 1041 64 44 2c.
991 1040 101 53 Jan.
1129 1039 69 53 27,
1238 1038 131 54 1925;
1410 1039 79 44 aff.
1528 1039 100 53 Jan.
1666 1038 80 53 26;
1787 1039 44 42 A
1868 1038 191 53 822082;
2101 1036 179 53 George
2319 1038 63 44 H.

446 1097 158 44 Doran
635 1112 66 29 co.

376 1181 331 72 Johnston,
740 1181 110 60 Sir
881 1181 216 73 Harry
1129 1179 344 72 Hamilton,
1509 1181 90 58 ed.

454 1260 130 58 The
626 1260 202 58 world
867 1260 66 58 of
974 1262 249 70 to-day;
1268 1259 103 58 the
1415 1259 274 58 marvels
1734 1259 69 57 of
1841 1261 226 55 nature
2112 1259 127 58 and
2279 1258 103 58 the

377 1339 312 58 creations
724 1339 69 57 of
821 1357 163 53 man,
1020 1338 210 57 edited
1259 1338 83 72 by
1376 1337 104 59 Sir
1514 1337 222 73 Harry
1766 1337 317 58 Johnston
2117 1338 126 56 and
2272 1336 110 56 Dr.

375 1417 228 58 Haden
645 1416 226 73 Guest;
914 1416 153 58 with
1108 1417 150 56 1000
1297 1416 444 73 illustrations,
1783 1414 322 73 including
2151 1415 75 57 50
2265 1414 122 57 full

376 1494 2008 75 page plates in colour … [V. 4] New York and London,
377 1573 69 60 G.
481 1574 70 57 P.
588 1574 335 57 Putnam’s
962 1592 164 54 sons,
1164 1574 164 56 1925.

511 1687 9 17 xv,
550 1649 224 45 779-1088
799 1665 39 37 p.
899 1651 84 43 col.
1157 1684 10 17 front.,
1196 1649 143 53 plates
1367 1648 126 55 (part
1522 1649 111 54 col.)
1700 1648 53 45 27
1762 1652 47 18 cm
1815 1684 8 9 .

448 1709 113 42 Part
587 1707 51 44 of
665 1707 78 44 the
768 1708 143 51 plates
942 1721 82 29 are
1046 1706 179 53 printed
1254 1721 58 29 on
1340 1706 110 44 both
1479 1706 130 44 sides.

375 1763 53 54 ©
452 1763 106 46 Feb.
582 1764 67 53 20,
677 1763 103 45 1925;
828 1764 67 43 2c.
918 1765 88 44 and
1026 1764 81 43 aff.
1131 1762 107 45 Feb.
1262 1762 79 54 27;
1367 1763 43 43 A
1434 1763 165 44 823193;
1653 1762 53 45 G.
1726 1763 51 43 P.
1798 1762 233 44 Putnam’s
2052 1777 116 29 sons.

375 1851 211 71 Jones,
627 1850 271 57 Thomas
937 1848 293 59 Edward.

456 1928 204 57 Track
691 1928 126 56 and
843 1926 177 73 field;
1052 1926 344 73 principles
1429 1926 125 58 and
1587 1924 227 60 details
1851 1925 69 58 of
1951 1925 283 73 training
2267 1926 121 60 and

376 2004 2013 76 practice for each event, by T. E. Jones … New York,
375 2086 281 70 London,
691 2084 65 60 C.
788 2082 360 61 Scribner’s
1180 2102 165 54 sons,
1375 2084 168 58 1925.

447 2160 1690 55 xiv p., 1 l., 214 p. illus., plates, tables (1 fold.) diagrs. 19 cm .
376 2219 53 54 ©
454 2220 106 45 Feb.
589 2221 62 50 13,
679 2219 130 53 1925;
833 2220 66 43 2c.
922 2221 87 43 and
1034 2221 78 42 aff.
1139 2219 107 45 Feb.
1276 2220 74 52 19;
1376 2220 44 43 A
1444 2219 191 53 822216;
1665 2218 189 46 Charles
1883 2217 250 49 Scribner’s
2159 2232 118 32 sons.

456 2276 244 57 (25-5470)

376 2364 241 73 Joseph
651 2364 267 72 Conrad,
956 2385 38 37 a
1025 2365 214 57 sketch
1272 2364 153 58 with
1458 2384 39 38 a
1527 2364 460 73 bibliography,
2023 2363 364 58 illustrated

456 2444 153 58 with
663 2463 192 53 many
910 2442 318 75 drawings
1284 2446 85 70 by
1423 2443 174 58 Edw.
1656 2444 74 56 A.
1789 2442 261 59 Wilson.
2136 2443 253 59 Garden

457 2505 1486 90 City, N. Y ., Doubleday, Page & co. [ c 1924]
450 2599 52 48 45
530 2617 40 38 p.
629 2601 118 46 illus.
775 2601 130 55 (part
929 2600 113 55 col.)
1114 2603 52 45 19
1171 2604 47 18 cm
1225 2639 8 9 .

450 2659 357 53 Bibliography:
835 2675 39 37 p.
900 2658 153 47 40-45.

379 2713 53 54 ©
462 2716 109 42 Dec.
600 2715 65 50 30,
700 2715 130 52 1924;
860 2715 65 43 2c.
956 2715 87 42 and
1073 2714 79 43 aff.
1183 2714 99 52 Jan.
1319 2712 60 52 15,
1415 2712 129 54 1925;
1577 2714 44 42 A
1653 2713 188 52 814684;
1879 2714 279 52 Doubleday,
2193 2716 127 51 Page
2351 2715 37 44 &

449 2787 65 29 co.
584 2770 246 55 (25-5789)

378 2841 211 73 Klain,
626 2842 182 58 Zora.

459 2920 248 73 Quaker
747 2922 457 60 contributions
1243 2927 65 56 to
1350 2924 331 57 education
1717 2924 67 55 in
1823 2922 208 57 North
2072 2921 314 73 Carolina,

381 3001 82 72 by
492 3000 161 59 Zora
686 2999 214 58 Klain.
983 2999 460 75 Philadelphia,
1474 3001 378 58 Westbrook
1884 2999 365 76 publishing
2281 3019 108 54 co.,

383 3081 167 56 1925.

452 3157 78 48 351
564 3174 40 38 p.
664 3157 132 53 illus.,
827 3158 168 52 diagrs.
1055 3159 57 45 24
1115 3160 49 19 cm
1170 3196 10 10 .

457 3216 360 52 Bibliography:
847 3232 41 36 p.
918 3216 207 45 334-346.

381 3271 53 54 ©
463 3271 106 45 Feb.
603 3269 64 54 15,
700 3269 130 53 1925;
860 3271 65 42 2c.
956 3269 107 45 Feb.
1092 3270 79 52 24;
1204 3270 79 43 aff.
1314 3267 107 46 Feb.
1452 3268 78 53 25;
1563 3269 43 43 A
1639 3269 196 52 823185;.
1860 3270 47 43 Z.
1939 3270 152 52 Klain,
2124 3272 261 51 Rochester,

453 3329 59 43 N.
537 3328 56 43 Y.
657 3325 244 56 (25-5161)

380 3400 312 71 Klooster,
731 3397 221 74 Henry
989 3396 233 73 Sjoerd
1255 3413 143 57 van,
1440 3400 190 56 1884-

457 3477 266 57 Lecture
759 3476 125 56 and
915 3475 369 72 laboratory
1318 3475 421 70 experiments
1774 3476 63 56 in
1869 3476 289 71 physical
381 3477 1981 151 chemistry,
595 3554 83 71 by
706 3554 225 70 Henry

964 3553 1421 73 S. van Klooster … 2d ed., rev. and enl.
382 3634 97 59 of:
515 3633 265 57 Lecture
815 3630 534 58 demonstrations
1381 3631 64 56 in
1480 3631 286 72 physical
1801 3632 356 72 chemistry.
383 3633 1978 152 Easton,
553 3711 132 73 Pa.,

731 3709 130 56 The
909 3707 312 58 Chemical
1266 3707 364 75 publishing
1674 3727 335 55 company;
2059 3712 148 72 [etc.,
2256 3714 129 71 etc.]

383 3793 166 56 1925.

457 3865 872 54 4 p. l., vii-x, 274 p. illus. 20 cm .
459 3923 354 55 Bibliography:
845 3938 39 37 p.
933 3922 140 46 [ix]-x.

384 3981 53 53 ©
464 3981 106 44 Feb.
596 3982 66 50 20,
690 3979 129 52 1925;
846 3980 64 43 2c.
937 3978 106 44 Feb.
1069 3979 78 50 24;
1175 3980 78 42 aff.
1281 3979 106 44 Feb.
1411 3980 80 51 21;
1520 3980 43 42 A
1590 3978 189 49 823157;
1810 3979 199 47 Edward
2090 3988 84 45 Hart,
2200 3980 186 52 Easton,

457 4040 79 43 Pa.
607 4035 243 57 (25-5080)
