2533 4412
1090 4074 107 55 675

149 510 182 71 tyred
380 508 159 59 Wm.
596 510 297 73 Tyndale,
944 509 83 72 by
1077 509 245 57 Parker
1370 508 197 59 Hord.
1661 509 154 57 New
1863 508 175 57 York
2089 509 47 56 &

148 585 274 73 London,
464 586 128 57 The
633 585 279 73 Century
949 606 85 38 co.
1077 616 13 43 [
1091 594 20 22 c
1114 587 165 73 1925]

216 662 793 55 4 p. l., 3-97 p. 19 cm . $0.50
147 715 53 54 ©
224 718 115 51 June
393 717 36 52 15,
459 717 129 53 1925;
615 719 65 42 2c.
706 719 86 42 and
815 719 82 43 aff.
924 720 115 51 June
1068 718 73 53 18;
1170 719 44 42 A
1240 716 190 54 855576;
1461 717 200 54 Century
1689 733 65 29 co.

225 772 268 56 (25-11344)

149 856 281 73 Huffcut,
467 858 228 57 Ernest
729 857 258 74 Wilson,
1025 860 356 69 1860-1907,
1420 859 90 59 ed.

224 935 284 59 Selected
545 955 172 40 cases
759 956 77 37 on
875 937 103 57 the
1016 937 119 57 law
1172 936 67 58 of
1278 938 331 70 contracts,
1646 936 85 72 by
1767 936 235 57 Ernest
2038 936 96 58 W.

145 1012 1993 72 Huffcut … and Edwin H. Woodruff … 4th ed., rev. and
146 1090 114 57 enl.
284 1090 83 72 by
388 1090 224 57 Edwin
636 1090 78 58 H.
735 1091 352 57 Woodruff.
1172 1090 266 72 Albany,
1460 1091 73 60 N.
1556 1090 95 72 Y.,
1674 1091 212 57 Banks
1911 1089 49 59 &
143 1109 1971 131 company,
366 1169 164 56 1925.

213 1259 79 36 XX,
317 1245 84 43 808
425 1260 40 37 p.
524 1245 56 44 24
585 1247 47 18 cm
637 1279 9 9 .

145 1299 53 53 ©
226 1302 115 51 June
372 1303 61 49 11,
467 1300 128 54 1925;
624 1302 66 42 2c.
719 1303 118 51 June
867 1300 73 51 15;
974 1302 78 42 aff.
1081 1303 117 51 June
1226 1302 73 52 12;
1332 1303 43 41 A
1405 1301 188 53 829704;
1627 1302 152 43 Banks
1810 1303 38 43 &
1874 1317 66 28 co.

224 1356 269 55 (25-11027)

145 1440 160 73 Ives,
336 1443 152 56 Mrs.
523 1441 141 58 Ella
695 1442 158 70 Mae,
889 1441 89 59 ed.

223 1522 128 57 The
386 1522 180 57 home
605 1522 182 59 circle
825 1521 306 73 dietitian,
1171 1540 36 37 a
1245 1522 507 71 comprehensive
1792 1523 149 56 cook
1976 1523 160 57 book

144 1599 360 73 containing
559 1600 148 56 1200
764 1599 295 59 excellent
1116 1599 260 72 recipes,
1431 1619 37 38 a
1522 1601 177 70 large
1753 1600 259 57 number
2069 1601 67 56 of

143 1697 233 51 menus,
415 1677 287 58 valuable
739 1677 210 58 charts
988 1678 124 58 and
1150 1676 232 73 special
1417 1677 250 59 articles
1708 1696 78 39 on
1823 1677 152 58 food
2012 1678 124 58 and

146 1755 178 72 diets,
391 1755 151 56 with
605 1754 350 72 particular
1023 1754 309 58 attention
1398 1755 184 71 given
1650 1761 62 53 to
1780 1755 183 59 foods
2031 1756 104 57 for

146 1833 292 70 children,
471 1832 207 58 edited
707 1834 122 56 and
856 1832 333 72 published
1213 1832 84 71 by
1334 1831 181 72 (Mrs.
1544 1831 95 59 W.
1670 1832 111 70 H.)
1820 1832 146 57 Ella
1993 1832 141 58 Mae

145 1908 1990 74 Ives … Columbus, O., Press of the Sunshine shop of the
144 1988 269 59 Warner
443 1988 69 57 P.
546 1986 294 73 Simpson
869 2007 86 39 co.
990 2016 12 44 [
1003 1994 18 21 c
1027 1987 164 72 1925]

213 2068 82 43 318
322 2081 41 37 p.
423 2073 118 44 port.
600 2068 54 42 24
661 2068 48 18 cm
715 2105 8 6 .

145 2118 54 54 ©
225 2121 117 52 June
370 2119 37 52 5,
438 2119 129 52 1925;
597 2121 64 41 2c.
689 2119 87 43 and
804 2119 78 43 aff.
911 2120 118 51 June
1052 2119 77 51 22;
1163 2119 43 41 A
1235 2118 188 52 829799;
1455 2118 53 47 E.
1540 2120 65 42 M.
1637 2118 116 52 Ives,
1786 2117 261 53 Columbus,
2080 2119 55 43 O.

224 2175 270 55 (25-11415)

148 2259 665 72 Johnston, Thomas T.
221 2338 180 58 Have
432 2337 167 57 faith
632 2337 64 55 in
734 2335 220 59 Calvin
990 2335 295 72 Coolidge;
1354 2355 88 52 or,
1477 2336 192 57 Prom
1704 2358 36 38 a
1775 2336 362 59 farmhouse

146 2420 63 54 to
248 2415 103 58 the
388 2415 209 57 White
636 2415 231 71 House,
907 2415 82 70 by
1028 2413 270 58 Thomas
1339 2414 67 56 T.
1448 2414 330 58 Johnston.
1881 2415 255 70 Boston,

148 2493 127 57 The
309 2491 410 72 Christopher
749 2491 363 73 publishing
1139 2491 192 57 house
1366 2492 200 72 [c1925]

214 2570 54 44 88
300 2585 40 39 p.
399 2571 50 41 21
460 2572 47 17 cm
513 2604 9 8 .

217 2627 124 46 First
372 2627 180 51 edition,
585 2627 146 44 Cedar
761 2626 136 53 Falls,
955 2642 51 36 Ia.,
1041 2628 118 44 1923.

147 2683 52 53 ©
229 2686 115 51 June
377 2685 61 47 16,
475 2684 103 44 1925;
635 2686 65 42 2c.
733 2686 86 42 and
848 2686 81 42 aff.
963 2686 115 51 June
1106 2686 54 41 22;
1219 2685 43 42 A
1294 2684 165 46 829787;
1520 2684 296 53 Christopher
1848 2686 100 52 pub.
1982 2687 153 43 house.

226 2740 269 55 (25-11279)

148 2825 266 72 Leavitt,
453 2824 238 74 Ashley
728 2825 156 73 Day,
929 2828 189 56 1877-

225 2902 190 58 Jesus
454 2903 122 56 and
611 2902 103 57 the
750 2902 179 71 jury;
968 2921 36 37 a
1039 2901 199 73 living
1273 2902 166 56 faith
1474 2901 107 57 for
1613 2903 199 72 living
1844 2924 140 37 men
2026 2905 111 73 [by]

149 2977 1993 77 Ashley Day Leavitt … Boston, Chicago, The Pilgrim
145 3076 180 52 press
361 3086 13 44 [
377 3065 18 22 c
399 3059 163 71 1925]

217 3136 55 43 44
292 3150 40 38 p.
395 3135 52 44 19
452 3137 47 17 cm
505 3170 9 9 .

147 3190 54 55 ©
229 3193 115 52 June
375 3193 63 51 11,
471 3190 128 54 1925;
629 3192 66 44 2c.
725 3192 115 53 June
873 3190 73 55 17;
979 3192 78 44 aff.
1087 3193 115 52 June
1235 3192 74 52 16;
1342 3192 44 43 A
1415 3191 190 52 855597;
1643 3192 165 55 Sidney
1839 3194 58 44 A.
1929 3195 207 54 Weston,

220 3250 182 43 Boston.
471 3248 270 55 (25-11370)

148 3333 278 73 Lerrigo,
465 3334 185 57 Peter
686 3334 59 57 H
1059 3333 40 58 J
1412 3335 190 57 1875-

223 3406 1848 80 Anita; a tale of the Philippines, by P. H. J. Lerrigo …
150 3486 453 73 Philadelphia,
635 3487 241 58 Boston
910 3491 146 69 [etc.]
1094 3487 129 58 The
1256 3487 244 57 Judson
1533 3506 181 54 press
1753 3518 13 43 [
1768 3496 19 23 c
1790 3489 165 73 1925]

218 3563 761 54 6 p. l., 268 p. front. 20 cm .
148 3619 54 53 ©
227 3622 115 51 June
370 3621 61 48 16,
461 3619 129 53 1925;
618 3621 64 43 2c.
709 3622 87 42 and
821 3621 78 43 aff.
924 3621 115 51 June
1065 3620 76 51 20;
1172 3620 42 42 A
1239 3618 165 45 855607;
1457 3621 174 52 Judson
1658 3636 138 38 press.

228 3676 269 55 (25-11315)

230 3747 129 58 The
395 3746 137 58 love
571 3750 125 70 toy,
736 3766 400 53 anonymous.
1217 3746 149 57 New
1404 3746 187 75 York,
1635 3749 128 57 The
1805 3749 333 74 Macaulay

151 3841 304 53 company
488 3853 14 43 [
503 3831 18 22 c
525 3825 163 72 1925]

221 3898 635 55 viii p., 1 l., 11-253 p. 19½cm.
152 3956 52 53 ©
231 3959 118 42 Mar.
378 3958 62 51 10,
468 3956 128 53 1925;
623 3959 64 42 2c.
714 3959 118 42 Mar.
862 3958 73 52 17;
965 3959 78 42 aff.
1072 3958 117 42 Mar.
1220 3957 74 52 18;
1322 3958 43 41 A
1392 3957 189 53 822447;
1610 3959 242 53 Macaulay
1877 3975 65 28 co.

228 4013 267 54 (25-11366)
