2533 4412
1283 4080 148 56 1242

364 416 225 73 Beard,
628 416 228 60 Daniel
893 418 239 73 Carter,
1171 422 191 57 1850-

508 509 1867 78 … Do it yourself; a book of the big outdoors, by Dan
360 587 1992 150 Beard … with 306 illustrations by the author. Philadelphia
544 667 126 57 and
696 665 282 73 London,
1007 667 62 58 J.
1100 667 72 56 B.
1203 667 367 72 Lippincott
1601 686 324 55 company,
1958 669 167 59 1925.

430 758 97 53 xiii,
562 757 77 45 183
669 773 39 38 p.
739 758 101 44 incl.
872 757 153 50 front.,
1053 757 117 45 illus.
1231 759 50 43 21½
1320 761 46 17 cm
1374 793 8 8 .
1452 758 303 54 (Woodcraft
1783 759 167 55 series)

362 828 53 55 ©
447 831 120 53 Aug.
600 830 66 52 28,
704 829 131 53 1925;
869 830 64 44 2c.
966 830 88 44 and
1087 830 78 44 aff.
1202 830 102 45 Oct.
1337 828 78 56 27;
1452 832 43 42 A
1530 828 189 57 872103;
1759 833 49 43 B.
1844 834 57 43 A.
1939 834 164 51 Beard,
2138 833 233 55 Flushing,

435 888 48 43 L.
553 922 8 16 I.,
590 888 59 43 N.
677 888 56 43 Y.
803 885 273 56 (25-21702)

363 988 254 73 Bianco,
657 989 304 74 Margery
996 988 334 60 Williams.

435 1081 171 57 Poor
631 1079 223 74 Cecco;
877 1082 106 57 the
1004 1082 356 58 wonderful
1384 1084 178 71 story
1584 1083 68 58 of
1674 1102 38 39 a
1734 1083 354 60 wonderful
2110 1086 258 58 wooden

361 1160 125 73 dog
508 1159 136 58 who
669 1180 129 39 was
824 1160 105 58 the
953 1160 236 73 jolliest
1214 1163 110 70 toy
1347 1159 64 58 in
1436 1162 105 56 the
1563 1162 196 57 house
1782 1162 165 59 until
1968 1162 78 59 he
2070 1166 164 56 went
2260 1168 108 56 out

359 1239 1940 74 to explore the world, by Margery Williams Bianco …
357 1317 365 59 illustrated
757 1318 83 72 by
877 1317 246 58 Arthur
1161 1317 337 58 Rackham.
1581 1318 152 58 New
1769 1319 191 74 York,
2002 1319 243 75 George
2285 1320 80 59 H.

357 1396 219 59 Doran
603 1415 310 55 company
942 1427 12 44 [
956 1403 18 21 c
979 1397 165 73 1925]

433 1488 1935 57 x p., 2 l., 15-175, [1] p. incl. mounted col, front., illus., mounted col.
358 1549 156 54 plates.
575 1548 52 47 25
637 1551 47 18 cm
690 1584 8 8 .

430 1619 127 48 Each
584 1620 120 54 plate
733 1619 319 53 accompanied
1080 1620 58 52 by
1165 1620 143 52 guard
1337 1620 126 44 sheet
1489 1619 110 44 with
1628 1620 271 53 descriptive
1927 1621 276 54 letterpress.

360 1689 53 54 ©
446 1691 102 44 Oct.
579 1691 39 52 9,
651 1689 130 54 1925;
812 1692 65 41 2c.
911 1690 101 44 Oct.
1044 1690 78 52 22;
1155 1690 78 43 aff.
1267 1690 101 44 Oct.
1399 1690 78 51 20;
1511 1690 43 42 A
1585 1689 190 53 872040;
1812 1690 181 53 George
2021 1692 62 43 H.
2117 1693 160 43 Doran
2306 1707 64 29 co.

439 1746 273 56 (25-21158)

362 1847 195 59 Bible.
636 1848 365 59 Selections.
1084 1846 289 74 English.

439 1945 130 57 The
597 1943 179 58 Bible
806 1946 177 68 story
1010 1944 103 55 from
1204 1943 104 57 the
1336 1942 339 58 American
1703 1944 308 58 standard
2040 1942 236 60 edition
2304 1945 68 57 of

360 2023 103 59 the
487 2020 250 61 revised
759 2020 197 71 Bible,
982 2021 210 59 edited
1212 2022 83 70 by
1316 2020 228 60 Jennie
1568 2018 161 60 Ellis
1755 2021 294 73 Burdick,
2075 2024 125 58 and
2220 2023 147 58 with

360 2099 235 74 special
640 2099 269 60 sections
951 2101 85 71 by
1077 2099 224 72 Henry
1343 2099 78 57 H.
1468 2099 300 72 Forsyth,
1853 2146 11 11 D.
1951 2145 10 10 D.
2009 2102 123 57 and
2176 2101 192 59 Maud

358 2175 2010 76 Junkin Baldwin … New York, The University society,
358 2258 448 71 incorporated
838 2287 12 42 [
851 2263 18 21 c
875 2255 165 73 1925]

430 2344 1570 55 ix p., 1 l., 541, xxi p. col. front., illus., col. plates. 24 cm .
430 2419 254 46 “Mother’s
715 2421 119 49 good
861 2418 133 52 night
1022 2416 131 52 talks,
1185 2419 60 50 by
1276 2418 146 44 Maud
1450 2417 173 52 Junkin
1656 2416 264 47 Baldwin”:
1951 2433 40 37 p.
2021 2419 207 46 473-496.

431 2475 199 48 “Sacred
657 2474 194 52 songs”:
877 2489 42 36 p.
945 2474 208 47 497-520.

430 2533 167 45 “Little
620 2533 134 45 home
778 2532 134 50 talks,
938 2534 59 47 by
1023 2531 165 50 Henry
1213 2530 61 44 H.
1301 2528 253 53 Forsyth”:
1582 2544 41 34 p.
1650 2530 206 50 521-541.

359 2600 53 55 ©
449 2601 121 53 Sept.
609 2600 37 52 5,
683 2598 131 54 1925;
849 2600 69 48 2c..
951 2599 101 44 Oct.
1091 2598 74 52 19;
1203 2597 78 44 aff.
1319 2597 102 45 Oct.
1461 2596 73 53 16;
1572 2599 43 42 A
1651 2597 190 54 869502;
1881 2600 267 55 University
2185 2601 183 55 society,

430 2659 82 43 inc.
583 2657 273 55 (25-21031)

359 2759 163 71 Bles,
560 2758 249 58 Arthur
844 2757 93 59 de.

433 2850 160 58 How
622 2854 63 53 to
719 2849 386 74 distinguish
1133 2849 105 56 the
1271 2848 199 58 saints
1501 2847 66 57 in
1599 2851 102 55 art
1732 2849 82 68 by
1842 2848 166 59 their
2040 2853 329 71 costumes,

358 2926 1942 75 symbols, and attributes, by Major Arthur de Bles …
353 3026 174 39 more
554 3008 154 57 than
734 3008 112 55 400
873 3005 442 59 illustrations.
1399 3004 153 58 New
1576 3004 192 72 York,
1796 3004 124 59 Art
1950 3005 240 59 culture
354 3007 1991 150 publications,
702 3085 138 68 inc.,
883 3085 167 56 1925.

429 3164 77 45 168
538 3179 40 39 p.
639 3163 117 45 illus.
818 3163 50 45 31
878 3164 48 19 cm
933 3197 8 10 .

425 3221 123 45 Title
578 3222 162 44 within
771 3222 285 43 ornamental
1087 3219 191 54 border;
1311 3227 103 44 part
1443 3219 51 46 of
1522 3218 297 45 illustrations
1849 3220 248 44 numbered
2130 3236 48 29 as
2210 3219 158 55 plates.

427 3279 201 45 “Works
657 3278 233 45 consulted
919 3278 45 43 in
990 3278 77 43 the
1093 3275 293 55 preparation
1411 3276 51 45 of
1490 3275 90 45 this
1608 3276 175 44 book”:
1813 3291 39 38 p.
1887 3277 90 43 163.

354 3349 53 53 ©
437 3351 119 51 Aug.
587 3349 65 47 25,
687 3348 130 53 1925;
847 3350 64 42 2c.
942 3349 87 42 and
1060 3346 78 44 aff.
1169 3348 120 51 Aug.
1317 3347 80 52 29;
1430 3348 43 41 A
1503 3345 191 53 864353;
1727 3348 91 42 Art
1848 3346 175 45 culture
2052 3346 311 55 publications,

426 3407 83 43 inc.
579 3405 272 55 (25-21075)

356 3508 212 69 Brent,
604 3505 259 58 Charles
898 3506 234 73 Henry,
1169 3508 119 71 bp.,
1320 3506 190 58 1862-

427 3597 555 72 Understanding;
1014 3596 188 72 being
1232 3615 79 37 an
1341 3593 494 72 interpretation
1864 3594 67 57 of
1960 3594 104 58 the
353 3594 1983 139 Universal

482 3675 325 59 Christian
841 3675 370 57 conference
1243 3692 77 38 on
1351 3671 112 59 life
1498 3673 122 56 and
1649 3672 190 70 work,
1871 3672 147 58 held
2047 3672 65 57 in
349 3672 1987 154 Stockholm,

582 3749 1708 77 August 15-30, 1925, by Charles Henry Brent …
351 3833 153 58 New
531 3832 175 57 York
738 3835 147 70 [etc.]
918 3831 381 73 Longmans,
1331 3829 206 59 Green
1569 3829 123 57 and
1725 3847 107 52 co.,
1865 3829 166 57 1925.

416 3911 418 54 vi, 64 p. 18½ cm .
351 3968 52 53 ©
438 3969 101 44 Oct.
577 3969 35 49 1,
647 3966 130 51 1925;
809 3968 66 42 2c.
913 3967 101 45 Oct.
1045 3968 80 51 21;
1163 3968 78 42 aff.
1278 3965 101 44 Oct.
1413 3964 78 52 20;
1528 3965 42 41 A
1605 3962 189 52 869626;
1832 3964 273 52 Longmans,
2141 3964 149 44 Green
2326 3966 38 42 &

419 4041 64 28 co.
555 4022 271 56 (25-21151)
