<alto xmlns="http://www.loc.gov/standards/alto/ns-v3#" xmlns:xlink="http://www.w3.org/1999/xlink" xmlns:xsi="http://www.w3.org/2001/XMLSchema-instance" xsi:schemaLocation="http://www.loc.gov/standards/alto/ns-v3# http://www.loc.gov/alto/v3/alto-3-0.xsd"><Description>
<MeasurementUnit>pixel</MeasurementUnit>
<sourceImageInformation>
<fileName>1925_v22_Part001.pdf</fileName>
</sourceImageInformation>
<OCRProcessing ID="IdOcr">
<ocrProcessingStep>
<processingDateTime>2019-04-03</processingDateTime>
<processingSoftware>
<softwareCreator>ABBYY</softwareCreator>
<softwareName>ABBYY Recognition Server</softwareName>
<softwareVersion>4.0</softwareVersion>
</processingSoftware>
</ocrProcessingStep>
</OCRProcessing>
</Description>
<Styles>
<ParagraphStyle ID="StyleId-FFFFFFFF-FFFF-FFFF-FFFF-FFFFFFFFFFFF-" ALIGN="Left" LEFT="0." RIGHT="0." FIRSTLINE="0."/>
<ParagraphStyle ID="StyleId-2E5B4E57-07AD-4719-97CB-14521F7F4F8A-" ALIGN="Left" LEFT="0." RIGHT="0." FIRSTLINE="0." LINESPACE="8.899999619"/>
<ParagraphStyle ID="StyleId-62A6F688-D6E3-4EFC-837B-4A4C4EB582B7-" ALIGN="Center" LEFT="0." RIGHT="0." FIRSTLINE="0." LINESPACE="12.19999981"/>
<ParagraphStyle ID="StyleId-21B71EBC-BDB5-4E16-A8F2-58189A39665B-" ALIGN="Block" LEFT="0." RIGHT="0." FIRSTLINE="-13." LINESPACE="11.35000038"/>
<ParagraphStyle ID="StyleId-1E1A68C4-DD4F-417A-A13D-7FEC29ECB499-" ALIGN="Block" LEFT="0." RIGHT="0." FIRSTLINE="-15." LINESPACE="13.30000019"/>
<ParagraphStyle ID="StyleId-6B39EC51-644D-4E90-AF07-84EF2B1E466A-" ALIGN="Block" LEFT="0." RIGHT="0." FIRSTLINE="-15." LINESPACE="8.340000153"/>
<ParagraphStyle ID="StyleId-2C1BA15F-E223-41D6-853D-AAFBDAC17E68-" ALIGN="Center" LEFT="0." RIGHT="0." FIRSTLINE="0." LINESPACE="13."/>
<ParagraphStyle ID="StyleId-A3B2CDF3-43F0-422C-90A0-E074BFEC3BC0-" ALIGN="Block" LEFT="0." RIGHT="0." FIRSTLINE="0." LINESPACE="8.899999619"/>
<ParagraphStyle ID="StyleId-28AB2493-EA15-49C1-A6AC-ED5BC404F0B9-" ALIGN="Center" LEFT="0." RIGHT="0." FIRSTLINE="0." LINESPACE="12.19999981"/>
<ParagraphStyle ID="StyleId-4417A6D4-97E2-4EFC-962D-7FBC0D5273E4-" ALIGN="Left" LEFT="0." RIGHT="0." FIRSTLINE="15." LINESPACE="8.340000153"/>
<ParagraphStyle ID="StyleId-D4EF9C5E-3110-4A39-B7BC-3D84E0F04894-" ALIGN="Center" LEFT="0." RIGHT="0." FIRSTLINE="0." LINESPACE="13.30000019"/>
<ParagraphStyle ID="StyleId-D1243F31-1201-4D92-8F69-43ADB01E9AD1-" ALIGN="Left" LEFT="0." RIGHT="0." FIRSTLINE="-13." LINESPACE="13.30000019"/>
<ParagraphStyle ID="StyleId-C65417C6-23F2-4D8F-BA55-ECE73D98CAB9-" ALIGN="Left" LEFT="0." RIGHT="0." FIRSTLINE="0." LINESPACE="8.899999619"/>
<ParagraphStyle ID="StyleId-835763C1-08DD-41BE-8BAD-8E41EA88DAE3-" ALIGN="Center" LEFT="0." RIGHT="0." FIRSTLINE="0." LINESPACE="11.10000038"/>
<ParagraphStyle ID="StyleId-78FD6B81-8F83-422D-8DF4-4274EAFD19C6-" ALIGN="Block" LEFT="0." RIGHT="0." FIRSTLINE="-17." LINESPACE="12.19999981"/>
<ParagraphStyle ID="StyleId-F506BC7F-570D-458B-9F05-A143E1F5FD17-" ALIGN="Block" LEFT="0." RIGHT="0." FIRSTLINE="-17." LINESPACE="11.35000038"/>
<ParagraphStyle ID="StyleId-CBE02C6B-22D0-48C6-A874-7E90A22F4375-" ALIGN="Center" LEFT="0." RIGHT="0." FIRSTLINE="0." LINESPACE="4.400000095"/>
<ParagraphStyle ID="StyleId-14CC0121-63AF-4AB4-9656-E02F46C61AF2-" ALIGN="Left" LEFT="0." RIGHT="0." FIRSTLINE="0." LINESPACE="8.899999619"/>
<ParagraphStyle ID="StyleId-DD64CECB-1B22-4BFF-84F0-DFDE2B0000F8-" ALIGN="Left" LEFT="0." RIGHT="0." FIRSTLINE="0." LINESPACE="12.19999981"/>
<ParagraphStyle ID="StyleId-8AEF4AA8-141A-4E5D-9C3E-C0F9F43C742F-" ALIGN="Left" LEFT="0." RIGHT="0." FIRSTLINE="0." LINESPACE="8.300000191"/>
<ParagraphStyle ID="StyleId-8C396D2A-39C0-48AB-BABA-2679D8AB257E-" ALIGN="Left" LEFT="0." RIGHT="0." FIRSTLINE="0." LINESPACE="11.10000038"/>
<ParagraphStyle ID="StyleId-3B7FE50F-10D4-487F-BDCD-FD26EB60FD4A-" ALIGN="Block" LEFT="0." RIGHT="0." FIRSTLINE="13." LINESPACE="8.340000153"/>
<ParagraphStyle ID="StyleId-8CC5CC8E-615B-4C42-BB46-DB28FA355C27-" ALIGN="Left" LEFT="0." RIGHT="0." FIRSTLINE="0." LINESPACE="12.19999981"/>
<ParagraphStyle ID="StyleId-BC67E79D-8D99-4188-8B35-A59DBB7E2BB0-" ALIGN="Block" LEFT="0." RIGHT="0." FIRSTLINE="11." LINESPACE="9.399999619"/>
</Styles>
<Layout>
<Page ID="Page1616" PHYSICAL_IMG_NR="1616" HEIGHT="4412" WIDTH="2533">
<TopMargin HEIGHT="364" WIDTH="2533" VPOS="0" HPOS="0">
</TopMargin>
<LeftMargin HEIGHT="3754" WIDTH="286" VPOS="364" HPOS="0">
</LeftMargin>
<RightMargin HEIGHT="3754" WIDTH="201" VPOS="364" HPOS="2332">
</RightMargin>
<BottomMargin HEIGHT="294" WIDTH="2533" VPOS="4118" HPOS="0">
</BottomMargin>
<PrintSpace HEIGHT="3754" WIDTH="2046" VPOS="364" HPOS="286">
<TextBlock ID="Page1616_Block1" HEIGHT="76" WIDTH="170" VPOS="4042" HPOS="1228" LANG="en-US" STYLEREFS="StyleId-4C05F6AC-2FFD-4B70-9CD2-F0677D79A505-">
<TextLine HEIGHT="54" WIDTH="149" VPOS="4053" HPOS="1238">
<String CONTENT="1616" HEIGHT="54" WIDTH="149" VPOS="4053" HPOS="1238"/>
</TextLine>
</TextBlock>
<TextBlock ID="Page1616_Block2" HEIGHT="3686" WIDTH="2046" VPOS="364" HPOS="286" LANG="en-US" CS="1" STYLEREFS="StyleId-AAA4C44E-8591-4B3D-9AB8-05524DC43E7B-">
<TextLine HEIGHT="75" WIDTH="1220" VPOS="375" HPOS="300" STYLEREFS="StyleId-1CC0E429-9C3B-471A-A1A5-89F5F711DE25-">
<String LANG="de" CONTENT="Holden," HEIGHT="74" WIDTH="264" VPOS="376" HPOS="300"/>
<SP HEIGHT="72" WIDTH="40" VPOS="378" HPOS="565"/>
<String LANG="de" CONTENT="Servetus" HEIGHT="58" WIDTH="298" VPOS="378" HPOS="606"/>
<SP HEIGHT="57" WIDTH="36" VPOS="377" HPOS="905"/>
<String LANG="en-US" CONTENT="Mortimer," HEIGHT="73" WIDTH="346" VPOS="375" HPOS="942"/>
<SP HEIGHT="68" WIDTH="40" VPOS="380" HPOS="1289"/>
<String LANG="de" CONTENT="1862-" HEIGHT="57" WIDTH="190" VPOS="378" HPOS="1330"/>
</TextLine>
<TextLine HEIGHT="75" WIDTH="1936" VPOS="481" HPOS="376" STYLEREFS="StyleId-CB9F8FC1-C665-4F9E-A6A2-4FD7F70C015C-">
<String LANG="de" CONTENT="The" HEIGHT="58" WIDTH="133" VPOS="483" HPOS="376"/>
<SP HEIGHT="53" WIDTH="40" VPOS="503" HPOS="510"/>
<String CONTENT="glittering" HEIGHT="75" WIDTH="332" VPOS="481" HPOS="551"/>
<SP HEIGHT="53" WIDTH="37" VPOS="502" HPOS="884"/>
<String CONTENT="prizes" HEIGHT="71" WIDTH="207" VPOS="483" HPOS="922"/>
<SP HEIGHT="38" WIDTH="45" VPOS="503" HPOS="1130"/>
<String CONTENT="of" HEIGHT="57" WIDTH="69" VPOS="483" HPOS="1176"/>
<SP HEIGHT="71" WIDTH="38" VPOS="483" HPOS="1246"/>
<String CONTENT="public" HEIGHT="72" WIDTH="213" VPOS="482" HPOS="1285"/>
<SP HEIGHT="39" WIDTH="42" VPOS="501" HPOS="1499"/>
<String CONTENT="speaking," HEIGHT="74" WIDTH="324" VPOS="482" HPOS="1542"/>
<SP HEIGHT="72" WIDTH="40" VPOS="482" HPOS="1867"/>
<String CONTENT="fifty" HEIGHT="74" WIDTH="149" VPOS="482" HPOS="1908"/>
<SP HEIGHT="54" WIDTH="37" VPOS="502" HPOS="2058"/>
<String CONTENT="years&#8217;" HEIGHT="69" WIDTH="216" VPOS="487" HPOS="2096"/>
</TextLine>
<TextLine HEIGHT="75" WIDTH="2018" VPOS="560" HPOS="296" STYLEREFS="StyleId-CB9F8FC1-C665-4F9E-A6A2-4FD7F70C015C-">
<String CONTENT="memories" HEIGHT="58" WIDTH="332" VPOS="561" HPOS="296"/>
<SP HEIGHT="37" WIDTH="54" VPOS="581" HPOS="629"/>
<String CONTENT="of" HEIGHT="58" WIDTH="69" VPOS="560" HPOS="684"/>
<SP HEIGHT="73" WIDTH="51" VPOS="560" HPOS="754"/>
<String CONTENT="glorious" HEIGHT="72" WIDTH="279" VPOS="561" HPOS="806"/>
<SP HEIGHT="40" WIDTH="55" VPOS="579" HPOS="1086"/>
<String CONTENT="oratory," HEIGHT="70" WIDTH="278" VPOS="564" HPOS="1142"/>
<SP HEIGHT="71" WIDTH="56" VPOS="563" HPOS="1421"/>
<String CONTENT="the" HEIGHT="58" WIDTH="105" VPOS="561" HPOS="1478"/>
<SP HEIGHT="38" WIDTH="56" VPOS="581" HPOS="1584"/>
<String CONTENT="style," HEIGHT="74" WIDTH="179" VPOS="561" HPOS="1641"/>
<SP HEIGHT="55" WIDTH="53" VPOS="580" HPOS="1821"/>
<String CONTENT="mannerisms," HEIGHT="73" WIDTH="439" VPOS="562" HPOS="1875"/>
</TextLine>
<TextLine HEIGHT="74" WIDTH="2019" VPOS="639" HPOS="296" STYLEREFS="StyleId-CB9F8FC1-C665-4F9E-A6A2-4FD7F70C015C-">
<String CONTENT="method" HEIGHT="58" WIDTH="255" VPOS="640" HPOS="296"/>
<SP HEIGHT="56" WIDTH="33" VPOS="641" HPOS="552"/>
<String CONTENT="and" HEIGHT="56" WIDTH="125" VPOS="641" HPOS="586"/>
<SP HEIGHT="56" WIDTH="35" VPOS="641" HPOS="712"/>
<String CONTENT="sayings" HEIGHT="73" WIDTH="257" VPOS="639" HPOS="748"/>
<SP HEIGHT="41" WIDTH="36" VPOS="658" HPOS="1006"/>
<String CONTENT="of" HEIGHT="57" WIDTH="68" VPOS="640" HPOS="1043"/>
<SP HEIGHT="57" WIDTH="32" VPOS="639" HPOS="1112"/>
<String CONTENT="famous" HEIGHT="58" WIDTH="251" VPOS="639" HPOS="1145"/>
<SP HEIGHT="39" WIDTH="35" VPOS="658" HPOS="1397"/>
<String CONTENT="men" HEIGHT="39" WIDTH="143" VPOS="658" HPOS="1433"/>
<SP HEIGHT="39" WIDTH="34" VPOS="658" HPOS="1577"/>
<String CONTENT="and" HEIGHT="56" WIDTH="124" VPOS="642" HPOS="1612"/>
<SP HEIGHT="56" WIDTH="30" VPOS="642" HPOS="1737"/>
<String CONTENT="women" HEIGHT="39" WIDTH="240" VPOS="659" HPOS="1768"/>
<SP HEIGHT="40" WIDTH="33" VPOS="659" HPOS="2009"/>
<String CONTENT="orators," HEIGHT="69" WIDTH="272" VPOS="644" HPOS="2043"/>
</TextLine>
<TextLine HEIGHT="76" WIDTH="2014" VPOS="717" HPOS="297" STYLEREFS="StyleId-CB9F8FC1-C665-4F9E-A6A2-4FD7F70C015C-">
<String CONTENT="how" HEIGHT="58" WIDTH="140" VPOS="719" HPOS="297"/>
<SP HEIGHT="55" WIDTH="47" VPOS="722" HPOS="438"/>
<String CONTENT="to" HEIGHT="54" WIDTH="64" VPOS="722" HPOS="486"/>
<SP HEIGHT="38" WIDTH="51" VPOS="738" HPOS="551"/>
<String CONTENT="make" HEIGHT="57" WIDTH="179" VPOS="718" HPOS="603"/>
<SP HEIGHT="37" WIDTH="50" VPOS="738" HPOS="783"/>
<String CONTENT="a" HEIGHT="37" WIDTH="36" VPOS="738" HPOS="834"/>
<SP HEIGHT="38" WIDTH="52" VPOS="737" HPOS="871"/>
<String CONTENT="speech," HEIGHT="73" WIDTH="244" VPOS="717" HPOS="924"/>
<SP HEIGHT="52" WIDTH="50" VPOS="737" HPOS="1169"/>
<String CONTENT="preach" HEIGHT="71" WIDTH="235" VPOS="718" HPOS="1220"/>
<SP HEIGHT="58" WIDTH="50" VPOS="718" HPOS="1456"/>
<String CONTENT="and" HEIGHT="57" WIDTH="125" VPOS="719" HPOS="1507"/>
<SP HEIGHT="57" WIDTH="49" VPOS="719" HPOS="1633"/>
<String CONTENT="debate," HEIGHT="75" WIDTH="242" VPOS="718" HPOS="1683"/>
<SP HEIGHT="74" WIDTH="48" VPOS="719" HPOS="1926"/>
<String CONTENT="by" HEIGHT="72" WIDTH="85" VPOS="719" HPOS="1975"/>
<SP HEIGHT="73" WIDTH="50" VPOS="718" HPOS="2061"/>
<String LANG="fr" CONTENT="S." HEIGHT="59" WIDTH="63" VPOS="718" HPOS="2112"/>
<SP HEIGHT="58" WIDTH="50" VPOS="717" HPOS="2176"/>
<String CONTENT="M." HEIGHT="58" WIDTH="84" VPOS="717" HPOS="2227"/>
</TextLine>
<TextLine HEIGHT="154" WIDTH="1994" VPOS="795" HPOS="298" STYLEREFS="StyleId-CB9F8FC1-C665-4F9E-A6A2-4FD7F70C015C-" CS="1">
<String CONTENT="Holden." HEIGHT="58" WIDTH="266" VPOS="797" HPOS="298"/>
<SP HEIGHT="58" WIDTH="82" VPOS="795" HPOS="565"/>
<String CONTENT="Huncoat" HEIGHT="59" WIDTH="295" VPOS="795" HPOS="648"/>
<SP HEIGHT="54" WIDTH="42" VPOS="799" HPOS="944"/>
<String CONTENT="and" HEIGHT="57" WIDTH="125" VPOS="796" HPOS="987"/>
<SP HEIGHT="57" WIDTH="41" VPOS="796" HPOS="1113"/>
<String CONTENT="Manchester," HEIGHT="73" WIDTH="419" VPOS="796" HPOS="1155"/>
<SP HEIGHT="72" WIDTH="44" VPOS="797" HPOS="1575"/>
<String CONTENT="The" HEIGHT="58" WIDTH="131" VPOS="797" HPOS="1620"/>
<SP HEIGHT="60" WIDTH="38" VPOS="796" HPOS="1752"/>
<String CONTENT="Weekly" HEIGHT="74" WIDTH="264" VPOS="796" HPOS="1791"/>
<SP HEIGHT="54" WIDTH="38" VPOS="816" HPOS="2056"/>
<String CONTENT="advertiser," HEIGHT="152" WIDTH="1994" VPOS="797" HPOS="298"/>
<SP HEIGHT="72" WIDTH="23" VPOS="877" HPOS="475"/>
<String CONTENT="limited," HEIGHT="72" WIDTH="263" VPOS="876" HPOS="499"/>
<SP HEIGHT="62" WIDTH="21" VPOS="886" HPOS="763"/>
<String CS="1" CONTENT="c1925." HEIGHT="59" WIDTH="167" VPOS="875" HPOS="808"/>
</TextLine>
<TextLine HEIGHT="57" WIDTH="801" VPOS="965" HPOS="369">
<String CONTENT="303" HEIGHT="44" WIDTH="80" VPOS="969" HPOS="369"/>
<SP HEIGHT="52" WIDTH="32" VPOS="970" HPOS="450"/>
<String CONTENT="p." HEIGHT="38" WIDTH="40" VPOS="984" HPOS="483"/>
<SP HEIGHT="44" WIDTH="60" VPOS="968" HPOS="524"/>
<String CONTENT="illus." HEIGHT="44" WIDTH="114" VPOS="968" HPOS="585"/>
<SP HEIGHT="53" WIDTH="26" VPOS="968" HPOS="700"/>
<String CONTENT="(facsims.)" HEIGHT="56" WIDTH="253" VPOS="965" HPOS="727"/>
<SP HEIGHT="55" WIDTH="70" VPOS="965" HPOS="981"/>
<String CONTENT="19" HEIGHT="45" WIDTH="50" VPOS="967" HPOS="1052"/>
<String STYLE="superscript" CONTENT="cm" HEIGHT="17" WIDTH="47" VPOS="969" HPOS="1108"/>
<String CONTENT="." HEIGHT="8" WIDTH="8" VPOS="1002" HPOS="1162"/>
</TextLine>
<TextLine HEIGHT="56" WIDTH="2012" VPOS="1037" HPOS="300" CS="1">
<String CONTENT="&#169;" HEIGHT="54" WIDTH="53" VPOS="1039" HPOS="300"/>
<SP/>
<String CS="1" CONTENT="1c."/>
<SP/>
<String CONTENT="Nov." HEIGHT="44" WIDTH="120" VPOS="1040" HPOS="471"/>
<SP HEIGHT="43" WIDTH="25" VPOS="1041" HPOS="592"/>
<String CONTENT="23," HEIGHT="52" WIDTH="67" VPOS="1040" HPOS="618"/>
<SP HEIGHT="52" WIDTH="28" VPOS="1040" HPOS="686"/>
<String CS="1" CONTENT="1925;" HEIGHT="45" WIDTH="105" VPOS="1037" HPOS="715"/>
<SP HEIGHT="52" WIDTH="28" VPOS="1039" HPOS="847"/>
<!-- cceid 37826306-6DD5-1014-B757-AF09C522E301 --><String CONTENT="A" HEIGHT="42" WIDTH="45" VPOS="1039" HPOS="876"/>
<SP HEIGHT="43" WIDTH="26" VPOS="1039" HPOS="922"/>
<String CONTENT="ad" HEIGHT="43" WIDTH="57" VPOS="1039" HPOS="949"/>
<SP HEIGHT="43" WIDTH="26" VPOS="1039" HPOS="1007"/>
<String CONTENT="int." HEIGHT="43" WIDTH="77" VPOS="1039" HPOS="1034"/>
<SP HEIGHT="44" WIDTH="27" VPOS="1037" HPOS="1112"/>
<String CS="1" CONTENT="7482;" HEIGHT="44" WIDTH="109" VPOS="1037" HPOS="1140"/>
<SP HEIGHT="37" WIDTH="28" VPOS="1053" HPOS="1275"/>
<String CONTENT="pubd." HEIGHT="51" WIDTH="133" VPOS="1039" HPOS="1304"/>
<SP HEIGHT="44" WIDTH="29" VPOS="1039" HPOS="1438"/>
<String CONTENT="Oct." HEIGHT="44" WIDTH="102" VPOS="1039" HPOS="1468"/>
<SP HEIGHT="44" WIDTH="27" VPOS="1038" HPOS="1571"/>
<String CS="1" CONTENT="9;" HEIGHT="44" WIDTH="25" VPOS="1038" HPOS="1599"/>
<SP HEIGHT="53" WIDTH="34" VPOS="1037" HPOS="1650"/>
<String LANG="fr" CONTENT="S." HEIGHT="48" WIDTH="44" VPOS="1037" HPOS="1685"/>
<SP HEIGHT="43" WIDTH="29" VPOS="1039" HPOS="1730"/>
<String CONTENT="M." HEIGHT="45" WIDTH="66" VPOS="1039" HPOS="1760"/>
<SP HEIGHT="44" WIDTH="28" VPOS="1040" HPOS="1827"/>
<String CONTENT="Holden," HEIGHT="53" WIDTH="197" VPOS="1039" HPOS="1856"/>
<SP HEIGHT="53" WIDTH="28" VPOS="1039" HPOS="2054"/>
<String CONTENT="Huncoat," HEIGHT="54" WIDTH="229" VPOS="1039" HPOS="2083"/>
</TextLine>
<TextLine HEIGHT="55" WIDTH="860" VPOS="1094" HPOS="372">
<String CONTENT="Lancashire," HEIGHT="52" WIDTH="288" VPOS="1097" HPOS="372"/>
<SP HEIGHT="53" WIDTH="30" VPOS="1096" HPOS="661"/>
<String CONTENT="England." HEIGHT="54" WIDTH="225" VPOS="1094" HPOS="692"/>
<SP HEIGHT="53" WIDTH="69" VPOS="1096" HPOS="918"/>
<String CONTENT="(26-2785)" HEIGHT="55" WIDTH="244" VPOS="1094" HPOS="988"/>
</TextLine>
<TextLine HEIGHT="74" WIDTH="645" VPOS="1210" HPOS="302" STYLEREFS="StyleId-1CC0E429-9C3B-471A-A1A5-89F5F711DE25-">
<String CONTENT="Humphrey," HEIGHT="73" WIDTH="388" VPOS="1211" HPOS="302"/>
<SP HEIGHT="72" WIDTH="39" VPOS="1210" HPOS="691"/>
<String CONTENT="Grace." HEIGHT="58" WIDTH="216" VPOS="1210" HPOS="731"/>
</TextLine>
<TextLine HEIGHT="142" WIDTH="1984" VPOS="1300" HPOS="300" STYLEREFS="StyleId-CB9F8FC1-C665-4F9E-A6A2-4FD7F70C015C-" CS="1">
<String CONTENT="The" HEIGHT="58" WIDTH="130" VPOS="1305" HPOS="379"/>
<SP HEIGHT="38" WIDTH="36" VPOS="1325" HPOS="510"/>
<String CONTENT="story" HEIGHT="67" WIDTH="177" VPOS="1307" HPOS="547"/>
<SP HEIGHT="50" WIDTH="36" VPOS="1324" HPOS="725"/>
<String CONTENT="of" HEIGHT="58" WIDTH="68" VPOS="1304" HPOS="762"/>
<SP HEIGHT="57" WIDTH="32" VPOS="1304" HPOS="831"/>
<String CONTENT="the" HEIGHT="59" WIDTH="105" VPOS="1302" HPOS="864"/>
<SP HEIGHT="58" WIDTH="35" VPOS="1303" HPOS="970"/>
<String CONTENT="Johns," HEIGHT="71" WIDTH="222" VPOS="1303" HPOS="1006"/>
<SP HEIGHT="70" WIDTH="35" VPOS="1304" HPOS="1229"/>
<String CONTENT="by" HEIGHT="69" WIDTH="83" VPOS="1304" HPOS="1265"/>
<SP HEIGHT="72" WIDTH="34" VPOS="1301" HPOS="1349"/>
<String CONTENT="Grace" HEIGHT="60" WIDTH="200" VPOS="1301" HPOS="1384"/>
<SP HEIGHT="57" WIDTH="35" VPOS="1303" HPOS="1585"/>
<String CONTENT="Humphrey" HEIGHT="71" WIDTH="375" VPOS="1303" HPOS="1621"/>
<SP HEIGHT="51" WIDTH="39" VPOS="1323" HPOS="1997"/>
<String CS="1" CONTENT="&#8230;"/>
<SP HEIGHT="60" WIDTH="40" VPOS="1300" HPOS="2098"/>
<String CONTENT="illustrated" HEIGHT="142" WIDTH="1984" VPOS="1300" HPOS="300"/>
</TextLine>
<TextLine HEIGHT="75" WIDTH="1754" VPOS="1378" HPOS="557" STYLEREFS="StyleId-CB9F8FC1-C665-4F9E-A6A2-4FD7F70C015C-">
<String CONTENT="by" HEIGHT="68" WIDTH="83" VPOS="1384" HPOS="557"/>
<SP HEIGHT="71" WIDTH="42" VPOS="1381" HPOS="641"/>
<String CONTENT="Hattie" HEIGHT="58" WIDTH="224" VPOS="1381" HPOS="684"/>
<SP HEIGHT="58" WIDTH="46" VPOS="1381" HPOS="909"/>
<String CONTENT="Longstreet" HEIGHT="71" WIDTH="379" VPOS="1381" HPOS="956"/>
<SP HEIGHT="58" WIDTH="44" VPOS="1380" HPOS="1336"/>
<String CONTENT="Price." HEIGHT="59" WIDTH="200" VPOS="1380" HPOS="1381"/>
<SP HEIGHT="55" WIDTH="87" VPOS="1382" HPOS="1582"/>
<String CONTENT="Philadelphia," HEIGHT="75" WIDTH="459" VPOS="1378" HPOS="1670"/>
<SP HEIGHT="58" WIDTH="51" VPOS="1383" HPOS="2130"/>
<String CONTENT="The" HEIGHT="58" WIDTH="129" VPOS="1382" HPOS="2182"/>
</TextLine>
<TextLine HEIGHT="75" WIDTH="1116" VPOS="1458" HPOS="300" STYLEREFS="StyleId-CB9F8FC1-C665-4F9E-A6A2-4FD7F70C015C-">
<String CONTENT="Penn" HEIGHT="57" WIDTH="176" VPOS="1463" HPOS="300"/>
<SP HEIGHT="52" WIDTH="25" VPOS="1481" HPOS="477"/>
<String CONTENT="publishing" HEIGHT="75" WIDTH="366" VPOS="1458" HPOS="503"/>
<SP HEIGHT="52" WIDTH="25" VPOS="1479" HPOS="870"/>
<String CONTENT="company," HEIGHT="53" WIDTH="327" VPOS="1478" HPOS="896"/>
<SP HEIGHT="68" WIDTH="25" VPOS="1461" HPOS="1224"/>
<String CONTENT="1925." HEIGHT="56" WIDTH="166" VPOS="1459" HPOS="1250"/>
</TextLine>
<TextLine HEIGHT="53" WIDTH="779" VPOS="1549" HPOS="368" CS="1">
<String CONTENT="214" HEIGHT="45" WIDTH="83" VPOS="1553" HPOS="368"/>
<SP HEIGHT="47" WIDTH="23" VPOS="1555" HPOS="452"/>
<String CONTENT="p." HEIGHT="34" WIDTH="41" VPOS="1568" HPOS="476"/>
<SP HEIGHT="29" WIDTH="58" VPOS="1566" HPOS="518"/>
<String CONTENT="col." HEIGHT="43" WIDTH="84" VPOS="1553" HPOS="577"/>
<SP HEIGHT="44" WIDTH="26" VPOS="1552" HPOS="662"/>
<String CONTENT="front.," HEIGHT="48" WIDTH="155" VPOS="1552" HPOS="689"/>
<SP HEIGHT="35" WIDTH="27" VPOS="1565" HPOS="845"/>
<String CONTENT="plates." HEIGHT="50" WIDTH="158" VPOS="1549" HPOS="873"/>
<SP HEIGHT="44" WIDTH="58" VPOS="1549" HPOS="1032"/>
<String CS="1" CONTENT="22&#189;cm." HEIGHT="43" WIDTH="56" VPOS="1549" HPOS="1091"/>
</TextLine>
<TextLine HEIGHT="107" WIDTH="1986" VPOS="1616" HPOS="301" CS="1">
<String CS="1" CONTENT="CONTENTS.&#8212;How" HEIGHT="46" WIDTH="184" VPOS="1619" HPOS="646"/>
<SP HEIGHT="37" WIDTH="28" VPOS="1624" HPOS="831"/>
<String CONTENT="this" HEIGHT="46" WIDTH="90" VPOS="1618" HPOS="860"/>
<SP HEIGHT="43" WIDTH="29" VPOS="1621" HPOS="951"/>
<String CONTENT="book" HEIGHT="44" WIDTH="122" VPOS="1620" HPOS="981"/>
<SP HEIGHT="44" WIDTH="27" VPOS="1620" HPOS="1104"/>
<String CONTENT="came" HEIGHT="31" WIDTH="126" VPOS="1634" HPOS="1132"/>
<SP HEIGHT="37" WIDTH="29" VPOS="1628" HPOS="1259"/>
<String CONTENT="to" HEIGHT="35" WIDTH="48" VPOS="1628" HPOS="1289"/>
<SP HEIGHT="43" WIDTH="28" VPOS="1622" HPOS="1338"/>
<String CONTENT="be.&#8212;The" HEIGHT="50" WIDTH="229" VPOS="1616" HPOS="1367"/>
<SP HEIGHT="30" WIDTH="26" VPOS="1636" HPOS="1597"/>
<String CONTENT="man" HEIGHT="29" WIDTH="104" VPOS="1636" HPOS="1624"/>
<SP HEIGHT="31" WIDTH="27" VPOS="1634" HPOS="1729"/>
<String CONTENT="who" HEIGHT="45" WIDTH="105" VPOS="1620" HPOS="1757"/>
<SP HEIGHT="45" WIDTH="31" VPOS="1620" HPOS="1863"/>
<String CONTENT="frightened" HEIGHT="52" WIDTH="259" VPOS="1619" HPOS="1895"/>
<SP HEIGHT="48" WIDTH="30" VPOS="1619" HPOS="2155"/>
<String CS="1" CONTENT="England:" HEIGHT="104" WIDTH="1986" VPOS="1619" HPOS="301"/>
</TextLine>
<TextLine HEIGHT="55" WIDTH="1838" VPOS="1674" HPOS="472">
<String CONTENT="John" HEIGHT="52" WIDTH="123" VPOS="1677" HPOS="472"/>
<SP HEIGHT="42" WIDTH="44" VPOS="1678" HPOS="596"/>
<String CONTENT="Paul" HEIGHT="45" WIDTH="116" VPOS="1675" HPOS="641"/>
<SP HEIGHT="52" WIDTH="40" VPOS="1675" HPOS="758"/>
<String CONTENT="Jones.&#8212;In" HEIGHT="50" WIDTH="267" VPOS="1677" HPOS="799"/>
<SP HEIGHT="29" WIDTH="43" VPOS="1691" HPOS="1067"/>
<String CONTENT="spite" HEIGHT="52" WIDTH="118" VPOS="1674" HPOS="1111"/>
<SP HEIGHT="30" WIDTH="37" VPOS="1691" HPOS="1230"/>
<String CONTENT="of" HEIGHT="43" WIDTH="50" VPOS="1676" HPOS="1268"/>
<SP HEIGHT="44" WIDTH="41" VPOS="1675" HPOS="1319"/>
<String CONTENT="blindness:" HEIGHT="47" WIDTH="255" VPOS="1674" HPOS="1361"/>
<SP HEIGHT="50" WIDTH="39" VPOS="1678" HPOS="1617"/>
<String CONTENT="John" HEIGHT="52" WIDTH="122" VPOS="1676" HPOS="1657"/>
<SP HEIGHT="43" WIDTH="40" VPOS="1678" HPOS="1780"/>
<String CONTENT="Milton.&#8212;The" HEIGHT="48" WIDTH="344" VPOS="1674" HPOS="1821"/>
<SP HEIGHT="44" WIDTH="40" VPOS="1679" HPOS="2166"/>
<String CONTENT="bird" HEIGHT="45" WIDTH="103" VPOS="1678" HPOS="2207"/>
</TextLine>
<TextLine HEIGHT="52" WIDTH="2010" VPOS="1731" HPOS="301" CS="1">
<String CONTENT="lover" HEIGHT="44" WIDTH="127" VPOS="1736" HPOS="301"/>
<SP HEIGHT="28" WIDTH="36" VPOS="1751" HPOS="429"/>
<String CONTENT="of" HEIGHT="44" WIDTH="54" VPOS="1735" HPOS="466"/>
<SP HEIGHT="43" WIDTH="33" VPOS="1735" HPOS="521"/>
<String CS="1" CONTENT="America:" HEIGHT="44" WIDTH="216" VPOS="1734" HPOS="555"/>
<SP HEIGHT="49" WIDTH="42" VPOS="1734" HPOS="798"/>
<String CONTENT="John" HEIGHT="50" WIDTH="116" VPOS="1733" HPOS="841"/>
<SP HEIGHT="50" WIDTH="37" VPOS="1733" HPOS="958"/>
<String CONTENT="James" HEIGHT="50" WIDTH="154" VPOS="1733" HPOS="996"/>
<SP HEIGHT="44" WIDTH="36" VPOS="1734" HPOS="1151"/>
<String CONTENT="La" HEIGHT="43" WIDTH="67" VPOS="1734" HPOS="1188"/>
<SP HEIGHT="46" WIDTH="39" VPOS="1731" HPOS="1256"/>
<String CONTENT="Forest" HEIGHT="45" WIDTH="169" VPOS="1731" HPOS="1296"/>
<SP HEIGHT="42" WIDTH="36" VPOS="1734" HPOS="1466"/>
<String CONTENT="Audubon.&#8212;The" HEIGHT="45" WIDTH="410" VPOS="1733" HPOS="1503"/>
<SP HEIGHT="31" WIDTH="38" VPOS="1748" HPOS="1914"/>
<String CONTENT="cantor" HEIGHT="37" WIDTH="159" VPOS="1742" HPOS="1953"/>
<SP HEIGHT="29" WIDTH="36" VPOS="1749" HPOS="2113"/>
<String CONTENT="at" HEIGHT="35" WIDTH="46" VPOS="1745" HPOS="2150"/>
<SP HEIGHT="37" WIDTH="38" VPOS="1743" HPOS="2197"/>
<String CONTENT="the" HEIGHT="43" WIDTH="75" VPOS="1736" HPOS="2236"/>
</TextLine>
<TextLine HEIGHT="56" WIDTH="2013" VPOS="1787" HPOS="299" CS="1">
<String CONTENT="Thomas" HEIGHT="45" WIDTH="203" VPOS="1792" HPOS="299"/>
<SP HEIGHT="29" WIDTH="26" VPOS="1808" HPOS="503"/>
<String CONTENT="school:" HEIGHT="43" WIDTH="185" VPOS="1793" HPOS="530"/>
<SP HEIGHT="49" WIDTH="25" VPOS="1792" HPOS="716"/>
<String CONTENT="Johann" HEIGHT="50" WIDTH="184" VPOS="1791" HPOS="742"/>
<SP HEIGHT="48" WIDTH="25" VPOS="1787" HPOS="927"/>
<String CONTENT="Sebastian" HEIGHT="48" WIDTH="243" VPOS="1787" HPOS="953"/>
<SP HEIGHT="43" WIDTH="23" VPOS="1790" HPOS="1197"/>
<String CONTENT="Bach.&#8212;The" HEIGHT="47" WIDTH="300" VPOS="1789" HPOS="1221"/>
<SP HEIGHT="33" WIDTH="19" VPOS="1803" HPOS="1522"/>
<String CONTENT="worst" HEIGHT="37" WIDTH="146" VPOS="1798" HPOS="1542"/>
<SP HEIGHT="45" WIDTH="23" VPOS="1790" HPOS="1689"/>
<String CONTENT="king" HEIGHT="53" WIDTH="112" VPOS="1789" HPOS="1713"/>
<SP HEIGHT="38" WIDTH="22" VPOS="1804" HPOS="1826"/>
<String CS="1" CONTENT="of" HEIGHT="44" WIDTH="20" VPOS="1791" HPOS="1883"/>
<SP HEIGHT="48" WIDTH="25" VPOS="1790" HPOS="1904"/>
<String CONTENT="England:" HEIGHT="53" WIDTH="235" VPOS="1790" HPOS="1930"/>
<SP HEIGHT="50" WIDTH="25" VPOS="1793" HPOS="2166"/>
<String CONTENT="John" HEIGHT="50" WIDTH="120" VPOS="1793" HPOS="2192"/>
</TextLine>
<TextLine HEIGHT="54" WIDTH="1835" VPOS="1845" HPOS="299" CS="1">
<String CONTENT="and" HEIGHT="44" WIDTH="88" VPOS="1851" HPOS="299"/>
<SP HEIGHT="44" WIDTH="25" VPOS="1851" HPOS="388"/>
<String CONTENT="the" HEIGHT="43" WIDTH="75" VPOS="1850" HPOS="414"/>
<SP HEIGHT="42" WIDTH="26" VPOS="1850" HPOS="490"/>
<String CONTENT="Magna" HEIGHT="49" WIDTH="174" VPOS="1850" HPOS="517"/>
<SP HEIGHT="30" WIDTH="24" VPOS="1862" HPOS="692"/>
<String LANG="la" CONTENT="charta." HEIGHT="44" WIDTH="171" VPOS="1848" HPOS="717"/>
<String CONTENT="&#8212;The" HEIGHT="47" WIDTH="160" VPOS="1845" HPOS="890"/>
<SP HEIGHT="38" WIDTH="20" VPOS="1859" HPOS="1051"/>
<String CONTENT="poet" HEIGHT="44" WIDTH="106" VPOS="1853" HPOS="1072"/>
<SP HEIGHT="44" WIDTH="23" VPOS="1847" HPOS="1179"/>
<String CONTENT="in" HEIGHT="44" WIDTH="45" VPOS="1847" HPOS="1203"/>
<SP HEIGHT="38" WIDTH="23" VPOS="1852" HPOS="1249"/>
<String CONTENT="the" HEIGHT="44" WIDTH="77" VPOS="1845" HPOS="1273"/>
<SP HEIGHT="52" WIDTH="25" VPOS="1845" HPOS="1351"/>
<String CONTENT="Quaker" HEIGHT="52" WIDTH="192" VPOS="1845" HPOS="1377"/>
<SP HEIGHT="32" WIDTH="20" VPOS="1860" HPOS="1570"/>
<String CS="1" CONTENT="coat:" HEIGHT="37" WIDTH="103" VPOS="1855" HPOS="1591"/>
<SP HEIGHT="50" WIDTH="23" VPOS="1849" HPOS="1721"/>
<String CONTENT="John" HEIGHT="50" WIDTH="123" VPOS="1849" HPOS="1745"/>
<SP HEIGHT="45" WIDTH="23" VPOS="1848" HPOS="1869"/>
<String CONTENT="Greenleaf" HEIGHT="45" WIDTH="241" VPOS="1848" HPOS="1893"/>
</TextLine>
<TextLine HEIGHT="163" WIDTH="1993" VPOS="1850" HPOS="301" CS="1">
<String CONTENT="Whittier.&#8212;The" HEIGHT="101" WIDTH="1993" VPOS="1850" HPOS="301"/>
<SP HEIGHT="40" WIDTH="25" VPOS="1910" HPOS="565"/>
<String CONTENT="tinker" HEIGHT="44" WIDTH="152" VPOS="1905" HPOS="591"/>
<SP HEIGHT="29" WIDTH="27" VPOS="1920" HPOS="744"/>
<String CONTENT="of" HEIGHT="44" WIDTH="52" VPOS="1905" HPOS="772"/>
<SP HEIGHT="44" WIDTH="28" VPOS="1903" HPOS="825"/>
<String CONTENT="Bedford:" HEIGHT="46" WIDTH="233" VPOS="1902" HPOS="854"/>
<SP HEIGHT="50" WIDTH="29" VPOS="1904" HPOS="1088"/>
<String CONTENT="John" HEIGHT="52" WIDTH="122" VPOS="1902" HPOS="1118"/>
<SP HEIGHT="45" WIDTH="29" VPOS="1903" HPOS="1241"/>
<String CONTENT="Bunyan.&#8212;The" HEIGHT="52" WIDTH="366" VPOS="1902" HPOS="1271"/>
<SP HEIGHT="31" WIDTH="27" VPOS="1919" HPOS="1638"/>
<String CONTENT="merchant-prince" HEIGHT="53" WIDTH="416" VPOS="1903" HPOS="1666"/>
<SP HEIGHT="28" WIDTH="31" VPOS="1922" HPOS="2083"/>
<String CONTENT="of" HEIGHT="43" WIDTH="51" VPOS="1907" HPOS="2115"/>
<SP HEIGHT="43" WIDTH="32" VPOS="1907" HPOS="2167"/>
<String CONTENT="Boston:" HEIGHT="101" WIDTH="1991" VPOS="1908" HPOS="301"/>
<SP HEIGHT="49" WIDTH="41" VPOS="1964" HPOS="408"/>
<String CONTENT="John" HEIGHT="50" WIDTH="122" VPOS="1963" HPOS="450"/>
</TextLine>
<TextLine HEIGHT="54" WIDTH="1699" VPOS="1960" HPOS="617">
<String CONTENT="Hancock.&#8212;The" HEIGHT="46" WIDTH="397" VPOS="1960" HPOS="617"/>
<SP HEIGHT="29" WIDTH="37" VPOS="1977" HPOS="1015"/>
<String CONTENT="man" HEIGHT="30" WIDTH="107" VPOS="1975" HPOS="1053"/>
<SP HEIGHT="29" WIDTH="38" VPOS="1976" HPOS="1161"/>
<String CONTENT="who" HEIGHT="45" WIDTH="104" VPOS="1960" HPOS="1200"/>
<SP HEIGHT="29" WIDTH="42" VPOS="1976" HPOS="1305"/>
<String CONTENT="wakened" HEIGHT="45" WIDTH="223" VPOS="1961" HPOS="1348"/>
<SP HEIGHT="44" WIDTH="36" VPOS="1962" HPOS="1572"/>
<String CONTENT="a" HEIGHT="29" WIDTH="26" VPOS="1977" HPOS="1609"/>
<SP HEIGHT="29" WIDTH="41" VPOS="1977" HPOS="1636"/>
<String CONTENT="nation:" HEIGHT="45" WIDTH="182" VPOS="1962" HPOS="1678"/>
<SP HEIGHT="50" WIDTH="43" VPOS="1963" HPOS="1861"/>
<String CONTENT="John" HEIGHT="50" WIDTH="124" VPOS="1963" HPOS="1905"/>
<SP HEIGHT="43" WIDTH="41" VPOS="1964" HPOS="2030"/>
<String CONTENT="Benjamin" HEIGHT="51" WIDTH="244" VPOS="1963" HPOS="2072"/>
</TextLine>
<TextLine HEIGHT="57" WIDTH="1377" VPOS="2015" HPOS="302">
<String CONTENT="Wesley.&#8212;The" HEIGHT="56" WIDTH="362" VPOS="2016" HPOS="302"/>
<SP HEIGHT="44" WIDTH="25" VPOS="2018" HPOS="665"/>
<String CONTENT="herald" HEIGHT="45" WIDTH="158" VPOS="2018" HPOS="691"/>
<SP HEIGHT="44" WIDTH="24" VPOS="2019" HPOS="850"/>
<String CONTENT="of" HEIGHT="44" WIDTH="53" VPOS="2018" HPOS="875"/>
<SP HEIGHT="44" WIDTH="25" VPOS="2018" HPOS="929"/>
<String CONTENT="the" HEIGHT="44" WIDTH="75" VPOS="2018" HPOS="955"/>
<SP HEIGHT="45" WIDTH="26" VPOS="2016" HPOS="1031"/>
<String CONTENT="King:" HEIGHT="54" WIDTH="152" VPOS="2015" HPOS="1058"/>
<SP HEIGHT="51" WIDTH="25" VPOS="2018" HPOS="1211"/>
<String CONTENT="John" HEIGHT="52" WIDTH="121" VPOS="2017" HPOS="1237"/>
<SP HEIGHT="38" WIDTH="23" VPOS="2024" HPOS="1359"/>
<String CONTENT="the" HEIGHT="46" WIDTH="76" VPOS="2016" HPOS="1383"/>
<SP HEIGHT="44" WIDTH="26" VPOS="2018" HPOS="1460"/>
<String CONTENT="Baptist." HEIGHT="51" WIDTH="192" VPOS="2018" HPOS="1487"/>
</TextLine>
<TextLine HEIGHT="56" WIDTH="1629" VPOS="2085" HPOS="302">
<String CONTENT="&#169;" HEIGHT="54" WIDTH="53" VPOS="2087" HPOS="302"/>
<SP HEIGHT="54" WIDTH="24" VPOS="2087" HPOS="356"/>
<String CONTENT="Dec." HEIGHT="43" WIDTH="108" VPOS="2089" HPOS="381"/>
<SP HEIGHT="42" WIDTH="27" VPOS="2089" HPOS="490"/>
<String CONTENT="1," HEIGHT="50" WIDTH="33" VPOS="2089" HPOS="518"/>
<SP HEIGHT="50" WIDTH="28" VPOS="2089" HPOS="552"/>
<String CONTENT="1925;" HEIGHT="54" WIDTH="131" VPOS="2085" HPOS="581"/>
<SP HEIGHT="52" WIDTH="23" VPOS="2087" HPOS="713"/>
<String CONTENT="2c." HEIGHT="43" WIDTH="68" VPOS="2087" HPOS="737"/>
<SP HEIGHT="27" WIDTH="24" VPOS="2103" HPOS="806"/>
<String CONTENT="and" HEIGHT="43" WIDTH="87" VPOS="2087" HPOS="831"/>
<SP HEIGHT="43" WIDTH="23" VPOS="2087" HPOS="919"/>
<String CONTENT="aff." HEIGHT="43" WIDTH="79" VPOS="2086" HPOS="943"/>
<SP HEIGHT="43" WIDTH="26" VPOS="2086" HPOS="1023"/>
<String CONTENT="Dec." HEIGHT="43" WIDTH="108" VPOS="2086" HPOS="1050"/>
<SP HEIGHT="43" WIDTH="25" VPOS="2086" HPOS="1159"/>
<String CONTENT="30;" HEIGHT="53" WIDTH="77" VPOS="2085" HPOS="1185"/>
<SP HEIGHT="52" WIDTH="27" VPOS="2086" HPOS="1263"/>
<!-- cceid 37826B0F-6DD5-1014-B757-AF09C522E301 --><String CONTENT="A" HEIGHT="42" WIDTH="45" VPOS="2086" HPOS="1291"/>
<SP HEIGHT="43" WIDTH="23" VPOS="2086" HPOS="1337"/>
<String CONTENT="879046;" HEIGHT="54" WIDTH="191" VPOS="2085" HPOS="1361"/>
<SP HEIGHT="52" WIDTH="30" VPOS="2087" HPOS="1553"/>
<String CONTENT="Penn" HEIGHT="43" WIDTH="126" VPOS="2087" HPOS="1584"/>
<SP HEIGHT="38" WIDTH="26" VPOS="2102" HPOS="1711"/>
<String CONTENT="pub." HEIGHT="51" WIDTH="101" VPOS="2089" HPOS="1738"/>
<SP HEIGHT="29" WIDTH="25" VPOS="2103" HPOS="1840"/>
<String CONTENT="co." HEIGHT="30" WIDTH="65" VPOS="2103" HPOS="1866"/>
</TextLine>
<TextLine HEIGHT="56" WIDTH="215" VPOS="2144" HPOS="383">
<String CONTENT="(26-800)" HEIGHT="56" WIDTH="215" VPOS="2144" HPOS="383"/>
</TextLine>
<TextLine HEIGHT="72" WIDTH="1044" VPOS="2258" HPOS="302" STYLEREFS="StyleId-CB9F8FC1-C665-4F9E-A6A2-4FD7F70C015C-">
<String CONTENT="Iden," HEIGHT="71" WIDTH="172" VPOS="2259" HPOS="302"/>
<SP HEIGHT="71" WIDTH="43" VPOS="2259" HPOS="475"/>
<String CONTENT="Thomas" HEIGHT="57" WIDTH="271" VPOS="2259" HPOS="519"/>
<SP HEIGHT="56" WIDTH="39" VPOS="2258" HPOS="791"/>
<String CONTENT="Medary," HEIGHT="72" WIDTH="282" VPOS="2258" HPOS="831"/>
<SP HEIGHT="70" WIDTH="40" VPOS="2260" HPOS="1114"/>
<String CONTENT="1856-" HEIGHT="56" WIDTH="191" VPOS="2260" HPOS="1155"/>
</TextLine>
<TextLine HEIGHT="153" WIDTH="1988" VPOS="2348" HPOS="302" STYLEREFS="StyleId-CB9F8FC1-C665-4F9E-A6A2-4FD7F70C015C-" CS="1">
<String CONTENT="Upper" HEIGHT="73" WIDTH="227" VPOS="2349" HPOS="375"/>
<SP HEIGHT="37" WIDTH="24" VPOS="2368" HPOS="603"/>
<String CONTENT="room" HEIGHT="39" WIDTH="177" VPOS="2368" HPOS="628"/>
<SP HEIGHT="56" WIDTH="24" VPOS="2349" HPOS="806"/>
<String CONTENT="letters" HEIGHT="57" WIDTH="223" VPOS="2349" HPOS="831"/>
<SP HEIGHT="58" WIDTH="28" VPOS="2348" HPOS="1055"/>
<String CONTENT="from" HEIGHT="58" WIDTH="170" VPOS="2348" HPOS="1084"/>
<SP HEIGHT="36" WIDTH="23" VPOS="2368" HPOS="1255"/>
<String CONTENT="many" HEIGHT="52" WIDTH="193" VPOS="2368" HPOS="1279"/>
<SP HEIGHT="71" WIDTH="23" VPOS="2349" HPOS="1473"/>
<String CONTENT="lands," HEIGHT="73" WIDTH="203" VPOS="2349" HPOS="1497"/>
<SP HEIGHT="72" WIDTH="25" VPOS="2350" HPOS="1701"/>
<String CONTENT="by" HEIGHT="73" WIDTH="84" VPOS="2350" HPOS="1727"/>
<SP HEIGHT="73" WIDTH="26" VPOS="2350" HPOS="1812"/>
<String CONTENT="Thomas" HEIGHT="59" WIDTH="273" VPOS="2350" HPOS="1839"/>
<SP HEIGHT="58" WIDTH="29" VPOS="2351" HPOS="2113"/>
<String CONTENT="Medary" HEIGHT="150" WIDTH="1988" VPOS="2351" HPOS="302"/>
</TextLine>
<TextLine HEIGHT="76" WIDTH="1554" VPOS="2426" HPOS="447" STYLEREFS="StyleId-CB9F8FC1-C665-4F9E-A6A2-4FD7F70C015C-" CS="1">
<String CONTENT="Iden" HEIGHT="57" WIDTH="157" VPOS="2429" HPOS="447"/>
<SP HEIGHT="36" WIDTH="33" VPOS="2449" HPOS="605"/>
<String CS="1" CONTENT="&#8230;"/>
<SP HEIGHT="57" WIDTH="86" VPOS="2427" HPOS="701"/>
<String CONTENT="Ann" HEIGHT="56" WIDTH="146" VPOS="2427" HPOS="788"/>
<SP HEIGHT="56" WIDTH="28" VPOS="2427" HPOS="935"/>
<String CONTENT="Arbor," HEIGHT="74" WIDTH="231" VPOS="2427" HPOS="964"/>
<SP HEIGHT="74" WIDTH="28" VPOS="2427" HPOS="1196"/>
<String CONTENT="Mich.," HEIGHT="74" WIDTH="207" VPOS="2426" HPOS="1225"/>
<SP HEIGHT="74" WIDTH="29" VPOS="2426" HPOS="1433"/>
<String CONTENT="G." HEIGHT="60" WIDTH="70" VPOS="2426" HPOS="1463"/>
<SP HEIGHT="59" WIDTH="27" VPOS="2427" HPOS="1534"/>
<String LANG="de" CONTENT="Wahr" HEIGHT="59" WIDTH="203" VPOS="2427" HPOS="1562"/>
<SP HEIGHT="55" WIDTH="32" VPOS="2446" HPOS="1766"/>
<String LANG="de" CS="1" CONTENT="["/>
<String STYLE="superscript" CONTENT="c" HEIGHT="23" WIDTH="19" VPOS="2436" HPOS="1813"/>
<String CONTENT="1925]" HEIGHT="73" WIDTH="165" VPOS="2429" HPOS="1836"/>
</TextLine>
<TextLine HEIGHT="57" WIDTH="1384" VPOS="2518" HPOS="373" CS="1">
<String CONTENT="iii," HEIGHT="54" WIDTH="61" VPOS="2521" HPOS="373"/>
<SP HEIGHT="36" WIDTH="27" VPOS="2539" HPOS="435"/>
<String CONTENT="[2]," HEIGHT="52" WIDTH="70" VPOS="2523" HPOS="463"/>
<SP HEIGHT="55" WIDTH="25" VPOS="2520" HPOS="534"/>
<String CONTENT="iv-vii," HEIGHT="53" WIDTH="152" VPOS="2520" HPOS="560"/>
<SP HEIGHT="52" WIDTH="24" VPOS="2521" HPOS="713"/>
<String CONTENT="402," HEIGHT="51" WIDTH="94" VPOS="2520" HPOS="738"/>
<SP HEIGHT="34" WIDTH="29" VPOS="2537" HPOS="833"/>
<String CONTENT="[3]" HEIGHT="47" WIDTH="53" VPOS="2520" HPOS="863"/>
<SP HEIGHT="38" WIDTH="27" VPOS="2536" HPOS="917"/>
<String CONTENT="p." HEIGHT="38" WIDTH="41" VPOS="2536" HPOS="945"/>
<SP HEIGHT="44" WIDTH="60" VPOS="2520" HPOS="987"/>
<String CS="1" CONTENT="front."/>
<SP HEIGHT="52" WIDTH="25" VPOS="2520" HPOS="1189"/>
<String CONTENT="(port.)" HEIGHT="55" WIDTH="168" VPOS="2519" HPOS="1215"/>
<SP HEIGHT="55" WIDTH="33" VPOS="2519" HPOS="1384"/>
<String CONTENT="plates." HEIGHT="55" WIDTH="156" VPOS="2518" HPOS="1418"/>
<SP HEIGHT="43" WIDTH="59" VPOS="2521" HPOS="1575"/>
<String CONTENT="24" HEIGHT="43" WIDTH="53" VPOS="2521" HPOS="1635"/>
<String STYLE="superscript" CONTENT="cm" HEIGHT="17" WIDTH="47" VPOS="2523" HPOS="1696"/>
<String CONTENT="." HEIGHT="9" WIDTH="8" VPOS="2555" HPOS="1749"/>
</TextLine>
<TextLine HEIGHT="56" WIDTH="1870" VPOS="2589" HPOS="304">
<String CONTENT="&#169;" HEIGHT="55" WIDTH="53" VPOS="2590" HPOS="304"/>
<SP HEIGHT="55" WIDTH="29" VPOS="2590" HPOS="358"/>
<String CONTENT="Dec." HEIGHT="43" WIDTH="109" VPOS="2593" HPOS="388"/>
<SP HEIGHT="42" WIDTH="33" VPOS="2593" HPOS="498"/>
<String CONTENT="19," HEIGHT="52" WIDTH="64" VPOS="2593" HPOS="532"/>
<SP HEIGHT="52" WIDTH="31" VPOS="2593" HPOS="597"/>
<String CONTENT="1925;" HEIGHT="55" WIDTH="130" VPOS="2589" HPOS="629"/>
<SP HEIGHT="52" WIDTH="28" VPOS="2592" HPOS="760"/>
<String CONTENT="2c." HEIGHT="43" WIDTH="65" VPOS="2592" HPOS="789"/>
<SP HEIGHT="42" WIDTH="30" VPOS="2592" HPOS="855"/>
<String CONTENT="Dec." HEIGHT="43" WIDTH="110" VPOS="2592" HPOS="886"/>
<SP HEIGHT="43" WIDTH="29" VPOS="2591" HPOS="997"/>
<String CONTENT="24;" HEIGHT="54" WIDTH="79" VPOS="2589" HPOS="1027"/>
<SP HEIGHT="38" WIDTH="30" VPOS="2605" HPOS="1107"/>
<String CONTENT="aff." HEIGHT="44" WIDTH="79" VPOS="2590" HPOS="1138"/>
<SP HEIGHT="43" WIDTH="31" VPOS="2591" HPOS="1218"/>
<String CONTENT="Dec." HEIGHT="44" WIDTH="108" VPOS="2591" HPOS="1250"/>
<SP HEIGHT="45" WIDTH="29" VPOS="2590" HPOS="1359"/>
<String CONTENT="28;" HEIGHT="53" WIDTH="79" VPOS="2590" HPOS="1389"/>
<SP HEIGHT="52" WIDTH="31" VPOS="2591" HPOS="1469"/>
<!-- cceid 378273B3-6DD5-1014-B757-AF09C522E301 --><String CONTENT="A" HEIGHT="43" WIDTH="45" VPOS="2591" HPOS="1501"/>
<SP HEIGHT="44" WIDTH="28" VPOS="2590" HPOS="1547"/>
<String CONTENT="879000;" HEIGHT="54" WIDTH="190" VPOS="2590" HPOS="1576"/>
<SP HEIGHT="54" WIDTH="35" VPOS="2590" HPOS="1767"/>
<String CONTENT="George" HEIGHT="55" WIDTH="180" VPOS="2590" HPOS="1803"/>
<SP HEIGHT="45" WIDTH="29" VPOS="2592" HPOS="1984"/>
<String LANG="de" CONTENT="Wahr." HEIGHT="47" WIDTH="160" VPOS="2590" HPOS="2014"/>
</TextLine>
<TextLine HEIGHT="56" WIDTH="216" VPOS="2649" HPOS="385">
<String CONTENT="(26-466)" HEIGHT="56" WIDTH="216" VPOS="2649" HPOS="385"/>
</TextLine>
<TextLine HEIGHT="74" WIDTH="970" VPOS="2762" HPOS="306" STYLEREFS="StyleId-1CC0E429-9C3B-471A-A1A5-89F5F711DE25-">
<String CONTENT="James," HEIGHT="71" WIDTH="232" VPOS="2765" HPOS="306"/>
<SP HEIGHT="72" WIDTH="36" VPOS="2764" HPOS="539"/>
<String CONTENT="William," HEIGHT="72" WIDTH="300" VPOS="2762" HPOS="576"/>
<SP HEIGHT="68" WIDTH="36" VPOS="2766" HPOS="877"/>
<String CONTENT="1842-1910." HEIGHT="59" WIDTH="362" VPOS="2764" HPOS="914"/>
</TextLine>
<TextLine HEIGHT="73" WIDTH="1945" VPOS="2853" HPOS="376" STYLEREFS="StyleId-CB9F8FC1-C665-4F9E-A6A2-4FD7F70C015C-">
<String CONTENT="The" HEIGHT="59" WIDTH="131" VPOS="2855" HPOS="376"/>
<SP HEIGHT="52" WIDTH="27" VPOS="2874" HPOS="508"/>
<String CONTENT="philosophy" HEIGHT="72" WIDTH="382" VPOS="2854" HPOS="536"/>
<SP HEIGHT="52" WIDTH="24" VPOS="2874" HPOS="919"/>
<String CONTENT="of" HEIGHT="57" WIDTH="68" VPOS="2854" HPOS="944"/>
<SP HEIGHT="57" WIDTH="25" VPOS="2854" HPOS="1013"/>
<String CONTENT="William" HEIGHT="58" WIDTH="282" VPOS="2853" HPOS="1039"/>
<SP HEIGHT="58" WIDTH="25" VPOS="2854" HPOS="1322"/>
<String CONTENT="James," HEIGHT="71" WIDTH="238" VPOS="2854" HPOS="1348"/>
<SP HEIGHT="70" WIDTH="26" VPOS="2855" HPOS="1587"/>
<String CONTENT="drawn" HEIGHT="56" WIDTH="218" VPOS="2855" HPOS="1614"/>
<SP HEIGHT="57" WIDTH="26" VPOS="2854" HPOS="1833"/>
<String CONTENT="from" HEIGHT="58" WIDTH="170" VPOS="2854" HPOS="1860"/>
<SP HEIGHT="57" WIDTH="25" VPOS="2854" HPOS="2031"/>
<String CONTENT="his" HEIGHT="59" WIDTH="97" VPOS="2853" HPOS="2057"/>
<SP HEIGHT="39" WIDTH="28" VPOS="2874" HPOS="2155"/>
<String CONTENT="own" HEIGHT="39" WIDTH="137" VPOS="2874" HPOS="2184"/>
</TextLine>
<TextLine HEIGHT="73" WIDTH="1947" VPOS="2931" HPOS="303" STYLEREFS="StyleId-CB9F8FC1-C665-4F9E-A6A2-4FD7F70C015C-" CS="1">
<String CONTENT="works;" HEIGHT="70" WIDTH="237" VPOS="2934" HPOS="303"/>
<SP HEIGHT="52" WIDTH="49" VPOS="2952" HPOS="541"/>
<String CONTENT="with" HEIGHT="58" WIDTH="153" VPOS="2932" HPOS="591"/>
<SP HEIGHT="58" WIDTH="46" VPOS="2932" HPOS="745"/>
<String CONTENT="an" HEIGHT="38" WIDTH="81" VPOS="2952" HPOS="792"/>
<SP HEIGHT="57" WIDTH="47" VPOS="2931" HPOS="874"/>
<String CONTENT="introduction" HEIGHT="58" WIDTH="429" VPOS="2931" HPOS="922"/>
<SP HEIGHT="57" WIDTH="47" VPOS="2932" HPOS="1352"/>
<String CONTENT="by" HEIGHT="71" WIDTH="84" VPOS="2932" HPOS="1400"/>
<SP HEIGHT="72" WIDTH="44" VPOS="2931" HPOS="1485"/>
<String CONTENT="Horace" HEIGHT="60" WIDTH="251" VPOS="2931" HPOS="1530"/>
<SP HEIGHT="59" WIDTH="47" VPOS="2932" HPOS="1782"/>
<String CONTENT="M." HEIGHT="57" WIDTH="83" VPOS="2932" HPOS="1830"/>
<SP HEIGHT="58" WIDTH="49" VPOS="2932" HPOS="1914"/>
<String CS="1" CONTENT="Kall" HEIGHT="59" WIDTH="131" VPOS="2932" HPOS="1964"/>
<String LANG="fr" CONTENT="en" HEIGHT="39" WIDTH="73" VPOS="2952" HPOS="2123"/>
<SP HEIGHT="39" WIDTH="53" VPOS="2952" HPOS="2197"/>
<String CS="1" CONTENT="&#8230;"/>
</TextLine>
<TextLine HEIGHT="74" WIDTH="1342" VPOS="3009" HPOS="305" STYLEREFS="StyleId-CB9F8FC1-C665-4F9E-A6A2-4FD7F70C015C-">
<String CONTENT="New" HEIGHT="59" WIDTH="153" VPOS="3011" HPOS="305"/>
<SP HEIGHT="58" WIDTH="25" VPOS="3011" HPOS="459"/>
<String CONTENT="York," HEIGHT="71" WIDTH="193" VPOS="3011" HPOS="485"/>
<SP HEIGHT="70" WIDTH="30" VPOS="3012" HPOS="679"/>
<String CONTENT="The" HEIGHT="57" WIDTH="130" VPOS="3011" HPOS="710"/>
<SP HEIGHT="58" WIDTH="29" VPOS="3010" HPOS="841"/>
<String CONTENT="Modern" HEIGHT="58" WIDTH="266" VPOS="3010" HPOS="871"/>
<SP HEIGHT="55" WIDTH="28" VPOS="3012" HPOS="1138"/>
<String CONTENT="library" HEIGHT="73" WIDTH="246" VPOS="3009" HPOS="1167"/>
<SP HEIGHT="52" WIDTH="28" VPOS="3030" HPOS="1414"/>
<String CONTENT="[" HEIGHT="44" WIDTH="15" VPOS="3038" HPOS="1443"/>
<String STYLE="superscript" CONTENT="c" HEIGHT="21" WIDTH="21" VPOS="3019" HPOS="1457"/>
<String CONTENT="1925]" HEIGHT="74" WIDTH="166" VPOS="3009" HPOS="1481"/>
</TextLine>
<TextLine HEIGHT="58" WIDTH="1946" VPOS="3099" HPOS="375" CS="1">
<String LANG="la" CONTENT="vii" HEIGHT="43" WIDTH="64" VPOS="3104" HPOS="375"/>
<SP HEIGHT="52" WIDTH="26" VPOS="3104" HPOS="440"/>
<String LANG="fr" CONTENT="p.," HEIGHT="39" WIDTH="53" VPOS="3118" HPOS="467"/>
<SP HEIGHT="51" WIDTH="33" VPOS="3106" HPOS="521"/>
<String CONTENT="1" HEIGHT="41" WIDTH="18" VPOS="3106" HPOS="555"/>
<SP HEIGHT="45" WIDTH="30" VPOS="3102" HPOS="574"/>
<String CS="1" CONTENT="l.,"/>
<SP HEIGHT="53" WIDTH="26" VPOS="3103" HPOS="648"/>
<String CONTENT="375" HEIGHT="46" WIDTH="80" VPOS="3100" HPOS="675"/>
<SP HEIGHT="55" WIDTH="28" VPOS="3100" HPOS="756"/>
<String CONTENT="p." HEIGHT="38" WIDTH="40" VPOS="3117" HPOS="785"/>
<SP HEIGHT="41" WIDTH="62" VPOS="3104" HPOS="826"/>
<String CS="1" CONTENT="17" HEIGHT="46" WIDTH="25" VPOS="3099" HPOS="914"/>
<String STYLE="superscript" CONTENT="cm" HEIGHT="18" WIDTH="46" VPOS="3103" HPOS="946"/>
<String CONTENT="." HEIGHT="9" WIDTH="8" VPOS="3136" HPOS="1000"/>
<SP HEIGHT="55" WIDTH="68" VPOS="3101" HPOS="1009"/>
<String CONTENT="(Half-title:" HEIGHT="57" WIDTH="295" VPOS="3099" HPOS="1078"/>
<SP HEIGHT="46" WIDTH="28" VPOS="3099" HPOS="1374"/>
<String CONTENT="The" HEIGHT="46" WIDTH="103" VPOS="3099" HPOS="1403"/>
<SP HEIGHT="30" WIDTH="26" VPOS="3115" HPOS="1507"/>
<String CONTENT="modern" HEIGHT="45" WIDTH="189" VPOS="3101" HPOS="1534"/>
<SP HEIGHT="45" WIDTH="28" VPOS="3101" HPOS="1724"/>
<String CONTENT="library" HEIGHT="55" WIDTH="173" VPOS="3101" HPOS="1753"/>
<SP HEIGHT="38" WIDTH="27" VPOS="3118" HPOS="1927"/>
<String CONTENT="of" HEIGHT="45" WIDTH="51" VPOS="3101" HPOS="1955"/>
<SP HEIGHT="44" WIDTH="25" VPOS="3101" HPOS="2007"/>
<String CONTENT="the" HEIGHT="45" WIDTH="74" VPOS="3101" HPOS="2033"/>
<SP HEIGHT="29" WIDTH="30" VPOS="3118" HPOS="2108"/>
<String CONTENT="world&#8217;s" HEIGHT="45" WIDTH="182" VPOS="3102" HPOS="2139"/>
</TextLine>
<TextLine HEIGHT="56" WIDTH="298" VPOS="3159" HPOS="305">
<String CONTENT="best" HEIGHT="44" WIDTH="99" VPOS="3162" HPOS="305"/>
<SP HEIGHT="44" WIDTH="26" VPOS="3162" HPOS="405"/>
<String CONTENT="books)" HEIGHT="56" WIDTH="171" VPOS="3159" HPOS="432"/>
</TextLine>
<TextLine HEIGHT="47" WIDTH="394" VPOS="3226" HPOS="378">
<String CONTENT="&#8220;First" HEIGHT="45" WIDTH="154" VPOS="3228" HPOS="378"/>
<SP HEIGHT="38" WIDTH="26" VPOS="3235" HPOS="533"/>
<String CONTENT="edition.&#8221;" HEIGHT="47" WIDTH="212" VPOS="3226" HPOS="560"/>
</TextLine>
<TextLine HEIGHT="57" WIDTH="1167" VPOS="3280" HPOS="379" CS="1">
<String CONTENT="&#8220;The" HEIGHT="44" WIDTH="128" VPOS="3286" HPOS="379"/>
<SP HEIGHT="29" WIDTH="25" VPOS="3300" HPOS="508"/>
<String CONTENT="works" HEIGHT="44" WIDTH="156" VPOS="3284" HPOS="534"/>
<SP HEIGHT="29" WIDTH="27" VPOS="3300" HPOS="691"/>
<String CONTENT="of" HEIGHT="45" WIDTH="51" VPOS="3284" HPOS="719"/>
<SP HEIGHT="44" WIDTH="23" VPOS="3284" HPOS="771"/>
<String CONTENT="William" HEIGHT="46" WIDTH="210" VPOS="3282" HPOS="795"/>
<SP HEIGHT="53" WIDTH="22" VPOS="3284" HPOS="1006"/>
<String CS="1" CONTENT="James&#8221;:" HEIGHT="55" WIDTH="182" VPOS="3282" HPOS="1029"/>
<SP HEIGHT="40" WIDTH="27" VPOS="3296" HPOS="1240"/>
<String CONTENT="p." HEIGHT="40" WIDTH="41" VPOS="3296" HPOS="1268"/>
<SP HEIGHT="44" WIDTH="27" VPOS="3283" HPOS="1310"/>
<String CONTENT="371-375." HEIGHT="50" WIDTH="208" VPOS="3280" HPOS="1338"/>
</TextLine>
<TextLine HEIGHT="57" WIDTH="2009" VPOS="3352" HPOS="308">
<String CONTENT="&#169;" HEIGHT="54" WIDTH="53" VPOS="3355" HPOS="308"/>
<SP HEIGHT="54" WIDTH="29" VPOS="3355" HPOS="362"/>
<String CONTENT="Nov." HEIGHT="43" WIDTH="119" VPOS="3357" HPOS="392"/>
<SP HEIGHT="43" WIDTH="28" VPOS="3357" HPOS="512"/>
<String CONTENT="28," HEIGHT="50" WIDTH="68" VPOS="3357" HPOS="541"/>
<SP HEIGHT="49" WIDTH="35" VPOS="3358" HPOS="610"/>
<String CONTENT="1925;" HEIGHT="53" WIDTH="130" VPOS="3354" HPOS="646"/>
<SP HEIGHT="52" WIDTH="32" VPOS="3355" HPOS="777"/>
<String CONTENT="2c." HEIGHT="43" WIDTH="64" VPOS="3355" HPOS="810"/>
<SP HEIGHT="43" WIDTH="33" VPOS="3355" HPOS="875"/>
<String CONTENT="Dec." HEIGHT="42" WIDTH="110" VPOS="3355" HPOS="909"/>
<SP HEIGHT="42" WIDTH="31" VPOS="3355" HPOS="1020"/>
<String CONTENT="3;" HEIGHT="51" WIDTH="50" VPOS="3355" HPOS="1052"/>
<SP HEIGHT="38" WIDTH="34" VPOS="3368" HPOS="1103"/>
<String CONTENT="aff." HEIGHT="44" WIDTH="78" VPOS="3353" HPOS="1138"/>
<SP HEIGHT="43" WIDTH="33" VPOS="3354" HPOS="1217"/>
<String CONTENT="Dec." HEIGHT="43" WIDTH="109" VPOS="3354" HPOS="1251"/>
<SP HEIGHT="42" WIDTH="35" VPOS="3354" HPOS="1361"/>
<String CONTENT="1;" HEIGHT="51" WIDTH="46" VPOS="3354" HPOS="1397"/>
<SP HEIGHT="51" WIDTH="34" VPOS="3354" HPOS="1444"/>
<!-- cceid 37827D1C-6DD5-1014-B757-AF09C522E301 --><String CONTENT="A" HEIGHT="42" WIDTH="45" VPOS="3354" HPOS="1479"/>
<SP HEIGHT="43" WIDTH="31" VPOS="3354" HPOS="1525"/>
<String CONTENT="875364;" HEIGHT="55" WIDTH="190" VPOS="3352" HPOS="1557"/>
<SP HEIGHT="52" WIDTH="36" VPOS="3355" HPOS="1748"/>
<String CONTENT="Modern" HEIGHT="43" WIDTH="195" VPOS="3355" HPOS="1785"/>
<SP HEIGHT="42" WIDTH="32" VPOS="3357" HPOS="1981"/>
<String CONTENT="library," HEIGHT="52" WIDTH="184" VPOS="3355" HPOS="2014"/>
<SP HEIGHT="52" WIDTH="33" VPOS="3354" HPOS="2199"/>
<String CONTENT="inc." HEIGHT="44" WIDTH="84" VPOS="3354" HPOS="2233"/>
</TextLine>
<TextLine HEIGHT="55" WIDTH="216" VPOS="3413" HPOS="386">
<String CONTENT="(26-948)" HEIGHT="55" WIDTH="216" VPOS="3413" HPOS="386"/>
</TextLine>
<TextLine HEIGHT="73" WIDTH="580" VPOS="3526" HPOS="309" STYLEREFS="StyleId-1CC0E429-9C3B-471A-A1A5-89F5F711DE25-">
<String CONTENT="Jones," HEIGHT="70" WIDTH="210" VPOS="3527" HPOS="309"/>
<SP HEIGHT="71" WIDTH="34" VPOS="3526" HPOS="520"/>
<String CONTENT="George" HEIGHT="73" WIDTH="241" VPOS="3526" HPOS="555"/>
<SP HEIGHT="58" WIDTH="32" VPOS="3526" HPOS="797"/>
<String CONTENT="J." HEIGHT="58" WIDTH="59" VPOS="3526" HPOS="830"/>
</TextLine>
<TextLine HEIGHT="151" WIDTH="1989" VPOS="3614" HPOS="307" STYLEREFS="StyleId-CB9F8FC1-C665-4F9E-A6A2-4FD7F70C015C-" CS="1">
<String CONTENT="Modern" HEIGHT="56" WIDTH="267" VPOS="3616" HPOS="385"/>
<SP HEIGHT="38" WIDTH="39" VPOS="3634" HPOS="653"/>
<String CONTENT="world" HEIGHT="60" WIDTH="200" VPOS="3616" HPOS="693"/>
<SP HEIGHT="56" WIDTH="44" VPOS="3620" HPOS="894"/>
<String CONTENT="setting" HEIGHT="72" WIDTH="236" VPOS="3615" HPOS="939"/>
<SP HEIGHT="72" WIDTH="43" VPOS="3615" HPOS="1176"/>
<String CONTENT="for" HEIGHT="57" WIDTH="104" VPOS="3615" HPOS="1220"/>
<SP HEIGHT="56" WIDTH="42" VPOS="3614" HPOS="1325"/>
<String CONTENT="American" HEIGHT="58" WIDTH="338" VPOS="3614" HPOS="1368"/>
<SP HEIGHT="56" WIDTH="41" VPOS="3615" HPOS="1707"/>
<String CONTENT="history:" HEIGHT="73" WIDTH="279" VPOS="3614" HPOS="1749"/>
<SP HEIGHT="57" WIDTH="44" VPOS="3616" HPOS="2029"/>
<String CONTENT="biography," HEIGHT="150" WIDTH="1989" VPOS="3615" HPOS="307"/>
<SP HEIGHT="72" WIDTH="45" VPOS="3693" HPOS="455"/>
<String CONTENT="by" HEIGHT="71" WIDTH="84" VPOS="3693" HPOS="501"/>
<SP HEIGHT="72" WIDTH="42" VPOS="3692" HPOS="586"/>
<String CONTENT="George" HEIGHT="73" WIDTH="246" VPOS="3692" HPOS="629"/>
</TextLine>
<TextLine HEIGHT="73" WIDTH="1327" VPOS="3691" HPOS="919" STYLEREFS="StyleId-CB9F8FC1-C665-4F9E-A6A2-4FD7F70C015C-" CS="1">
<String CONTENT="J." HEIGHT="58" WIDTH="60" VPOS="3693" HPOS="919"/>
<SP HEIGHT="57" WIDTH="47" VPOS="3693" HPOS="980"/>
<String CONTENT="Jones" HEIGHT="57" WIDTH="196" VPOS="3693" HPOS="1028"/>
<SP HEIGHT="37" WIDTH="52" VPOS="3712" HPOS="1225"/>
<String CS="1" CONTENT="&#8230;"/>
<SP HEIGHT="37" WIDTH="52" VPOS="3712" HPOS="1340"/>
<String CONTENT="and" HEIGHT="57" WIDTH="124" VPOS="3693" HPOS="1393"/>
<SP HEIGHT="59" WIDTH="43" VPOS="3691" HPOS="1518"/>
<String CONTENT="Emily" HEIGHT="73" WIDTH="214" VPOS="3691" HPOS="1562"/>
<SP HEIGHT="71" WIDTH="42" VPOS="3693" HPOS="1777"/>
<String CONTENT="E." HEIGHT="57" WIDTH="71" VPOS="3693" HPOS="1820"/>
<SP HEIGHT="59" WIDTH="49" VPOS="3692" HPOS="1892"/>
<String CONTENT="Sleman" HEIGHT="59" WIDTH="253" VPOS="3692" HPOS="1942"/>
<SP HEIGHT="40" WIDTH="50" VPOS="3712" HPOS="2196"/>
<String CS="1" CONTENT="&#8230;"/>
</TextLine>
<TextLine HEIGHT="78" WIDTH="2004" VPOS="3769" HPOS="306" STYLEREFS="StyleId-CB9F8FC1-C665-4F9E-A6A2-4FD7F70C015C-">
<String CONTENT="Boston," HEIGHT="73" WIDTH="260" VPOS="3772" HPOS="306"/>
<SP HEIGHT="74" WIDTH="29" VPOS="3771" HPOS="567"/>
<String CONTENT="New" HEIGHT="57" WIDTH="153" VPOS="3771" HPOS="597"/>
<SP HEIGHT="57" WIDTH="24" VPOS="3771" HPOS="751"/>
<String CONTENT="York" HEIGHT="58" WIDTH="175" VPOS="3771" HPOS="776"/>
<SP HEIGHT="74" WIDTH="30" VPOS="3771" HPOS="952"/>
<String CONTENT="[etc.]" HEIGHT="71" WIDTH="148" VPOS="3774" HPOS="983"/>
<SP HEIGHT="74" WIDTH="32" VPOS="3771" HPOS="1132"/>
<String CONTENT="D." HEIGHT="57" WIDTH="74" VPOS="3771" HPOS="1165"/>
<SP HEIGHT="60" WIDTH="34" VPOS="3769" HPOS="1240"/>
<String CONTENT="C." HEIGHT="60" WIDTH="64" VPOS="3769" HPOS="1275"/>
<SP HEIGHT="59" WIDTH="29" VPOS="3770" HPOS="1340"/>
<String CONTENT="Heath" HEIGHT="58" WIDTH="214" VPOS="3770" HPOS="1370"/>
<SP HEIGHT="58" WIDTH="27" VPOS="3770" HPOS="1585"/>
<String CONTENT="and" HEIGHT="57" WIDTH="124" VPOS="3772" HPOS="1613"/>
<SP HEIGHT="57" WIDTH="29" VPOS="3772" HPOS="1738"/>
<String CONTENT="company" HEIGHT="54" WIDTH="309" VPOS="3790" HPOS="1768"/>
<SP HEIGHT="53" WIDTH="29" VPOS="3791" HPOS="2078"/>
<String CONTENT="[" HEIGHT="43" WIDTH="12" VPOS="3801" HPOS="2108"/>
<String STYLE="superscript" CONTENT="c" HEIGHT="24" WIDTH="19" VPOS="3778" HPOS="2123"/>
<String CONTENT="1925]" HEIGHT="76" WIDTH="165" VPOS="3771" HPOS="2145"/>
</TextLine>
<TextLine HEIGHT="55" WIDTH="1243" VPOS="3864" HPOS="381" CS="1">
<String CONTENT="viii," HEIGHT="51" WIDTH="93" VPOS="3865" HPOS="381"/>
<SP HEIGHT="48" WIDTH="25" VPOS="3868" HPOS="475"/>
<String CONTENT="295" HEIGHT="46" WIDTH="79" VPOS="3864" HPOS="501"/>
<SP HEIGHT="53" WIDTH="27" VPOS="3864" HPOS="581"/>
<String CONTENT="p." HEIGHT="38" WIDTH="40" VPOS="3879" HPOS="609"/>
<SP HEIGHT="43" WIDTH="60" VPOS="3865" HPOS="650"/>
<String CONTENT="illus." HEIGHT="45" WIDTH="115" VPOS="3864" HPOS="711"/>
<SP HEIGHT="53" WIDTH="30" VPOS="3866" HPOS="827"/>
<String CONTENT="(incl." HEIGHT="54" WIDTH="130" VPOS="3865" HPOS="858"/>
<SP HEIGHT="38" WIDTH="25" VPOS="3881" HPOS="989"/>
<String CONTENT="ports.," HEIGHT="45" WIDTH="154" VPOS="3874" HPOS="1015"/>
<SP HEIGHT="35" WIDTH="26" VPOS="3882" HPOS="1170"/>
<String CONTENT="maps)" HEIGHT="53" WIDTH="153" VPOS="3866" HPOS="1197"/>
<SP/>
<String CS="1" CONTENT="pl."/>
<SP/>
<String CONTENT="19" HEIGHT="44" WIDTH="49" VPOS="3866" HPOS="1507"/>
<String STYLE="superscript" CONTENT="cm" HEIGHT="18" WIDTH="47" VPOS="3867" HPOS="1563"/>
<String CONTENT="." HEIGHT="8" WIDTH="8" VPOS="3900" HPOS="1616"/>
</TextLine>
<TextLine HEIGHT="54" WIDTH="1867" VPOS="3933" HPOS="311" CS="1">
<String CONTENT="&#169;" HEIGHT="53" WIDTH="52" VPOS="3934" HPOS="311"/>
<SP HEIGHT="53" WIDTH="27" VPOS="3934" HPOS="364"/>
<String CONTENT="Nov." HEIGHT="43" WIDTH="119" VPOS="3936" HPOS="392"/>
<SP HEIGHT="41" WIDTH="31" VPOS="3936" HPOS="512"/>
<String CONTENT="12," HEIGHT="51" WIDTH="63" VPOS="3935" HPOS="544"/>
<SP HEIGHT="51" WIDTH="30" VPOS="3935" HPOS="608"/>
<String CS="1" CONTENT="1925;" HEIGHT="44" WIDTH="103" VPOS="3933" HPOS="639"/>
<SP HEIGHT="50" WIDTH="29" VPOS="3936" HPOS="769"/>
<String CONTENT="2c." HEIGHT="42" WIDTH="64" VPOS="3936" HPOS="799"/>
<SP HEIGHT="27" WIDTH="28" VPOS="3951" HPOS="864"/>
<String CONTENT="and" HEIGHT="42" WIDTH="87" VPOS="3936" HPOS="893"/>
<SP HEIGHT="42" WIDTH="29" VPOS="3936" HPOS="981"/>
<String CONTENT="aff." HEIGHT="42" WIDTH="78" VPOS="3936" HPOS="1011"/>
<SP HEIGHT="41" WIDTH="30" VPOS="3936" HPOS="1090"/>
<String CONTENT="Dec." HEIGHT="42" WIDTH="108" VPOS="3936" HPOS="1121"/>
<SP HEIGHT="44" WIDTH="30" VPOS="3935" HPOS="1230"/>
<String CS="1" CONTENT="7;" HEIGHT="44" WIDTH="23" VPOS="3935" HPOS="1261"/>
<SP HEIGHT="52" WIDTH="31" VPOS="3935" HPOS="1310"/>
<!-- cceid 3782850D-6DD5-1014-B757-AF09C522E301 --><String CONTENT="A" HEIGHT="42" WIDTH="45" VPOS="3935" HPOS="1342"/>
<SP HEIGHT="43" WIDTH="27" VPOS="3935" HPOS="1388"/>
<String CS="1" CONTENT="872733;" HEIGHT="44" WIDTH="164" VPOS="3934" HPOS="1416"/>
<SP HEIGHT="51" WIDTH="32" VPOS="3936" HPOS="1607"/>
<String CONTENT="D." HEIGHT="41" WIDTH="56" VPOS="3936" HPOS="1640"/>
<SP HEIGHT="46" WIDTH="32" VPOS="3933" HPOS="1697"/>
<String CONTENT="C." HEIGHT="46" WIDTH="48" VPOS="3933" HPOS="1730"/>
<SP HEIGHT="42" WIDTH="30" VPOS="3936" HPOS="1779"/>
<String CONTENT="Heath" HEIGHT="43" WIDTH="155" VPOS="3935" HPOS="1810"/>
<SP HEIGHT="42" WIDTH="28" VPOS="3935" HPOS="1966"/>
<String CONTENT="and" HEIGHT="43" WIDTH="87" VPOS="3934" HPOS="1995"/>
<SP HEIGHT="43" WIDTH="28" VPOS="3934" HPOS="2083"/>
<String CONTENT="co." HEIGHT="28" WIDTH="66" VPOS="3949" HPOS="2112"/>
</TextLine>
<TextLine HEIGHT="55" WIDTH="215" VPOS="3991" HPOS="390">
<String CONTENT="(26-926)" HEIGHT="55" WIDTH="215" VPOS="3991" HPOS="390"/>
</TextLine>
</TextBlock>
</PrintSpace>
</Page>
</Layout>
</alto>