<alto xmlns="http://www.loc.gov/standards/alto/ns-v3#" xmlns:xlink="http://www.w3.org/1999/xlink" xmlns:xsi="http://www.w3.org/2001/XMLSchema-instance" xsi:schemaLocation="http://www.loc.gov/standards/alto/ns-v3# http://www.loc.gov/alto/v3/alto-3-0.xsd"><Description>
<MeasurementUnit>pixel</MeasurementUnit>
<sourceImageInformation>
<fileName>1925_v22_Part001.pdf</fileName>
</sourceImageInformation>
<OCRProcessing ID="IdOcr">
<ocrProcessingStep>
<processingDateTime>2019-04-03</processingDateTime>
<processingSoftware>
<softwareCreator>ABBYY</softwareCreator>
<softwareName>ABBYY Recognition Server</softwareName>
<softwareVersion>4.0</softwareVersion>
</processingSoftware>
</ocrProcessingStep>
</OCRProcessing>
</Description>
<Styles>
<ParagraphStyle ID="StyleId-FFFFFFFF-FFFF-FFFF-FFFF-FFFFFFFFFFFF-" ALIGN="Left" LEFT="0." RIGHT="0." FIRSTLINE="0."/>
<ParagraphStyle ID="StyleId-2E5B4E57-07AD-4719-97CB-14521F7F4F8A-" ALIGN="Left" LEFT="0." RIGHT="0." FIRSTLINE="0." LINESPACE="8.899999619"/>
<ParagraphStyle ID="StyleId-62A6F688-D6E3-4EFC-837B-4A4C4EB582B7-" ALIGN="Center" LEFT="0." RIGHT="0." FIRSTLINE="0." LINESPACE="12.19999981"/>
<ParagraphStyle ID="StyleId-21B71EBC-BDB5-4E16-A8F2-58189A39665B-" ALIGN="Block" LEFT="0." RIGHT="0." FIRSTLINE="-13." LINESPACE="11.35000038"/>
<ParagraphStyle ID="StyleId-1E1A68C4-DD4F-417A-A13D-7FEC29ECB499-" ALIGN="Block" LEFT="0." RIGHT="0." FIRSTLINE="-15." LINESPACE="13.30000019"/>
<ParagraphStyle ID="StyleId-6B39EC51-644D-4E90-AF07-84EF2B1E466A-" ALIGN="Block" LEFT="0." RIGHT="0." FIRSTLINE="-15." LINESPACE="8.340000153"/>
<ParagraphStyle ID="StyleId-2C1BA15F-E223-41D6-853D-AAFBDAC17E68-" ALIGN="Center" LEFT="0." RIGHT="0." FIRSTLINE="0." LINESPACE="13."/>
<ParagraphStyle ID="StyleId-A3B2CDF3-43F0-422C-90A0-E074BFEC3BC0-" ALIGN="Block" LEFT="0." RIGHT="0." FIRSTLINE="0." LINESPACE="8.899999619"/>
<ParagraphStyle ID="StyleId-28AB2493-EA15-49C1-A6AC-ED5BC404F0B9-" ALIGN="Center" LEFT="0." RIGHT="0." FIRSTLINE="0." LINESPACE="12.19999981"/>
<ParagraphStyle ID="StyleId-4417A6D4-97E2-4EFC-962D-7FBC0D5273E4-" ALIGN="Left" LEFT="0." RIGHT="0." FIRSTLINE="15." LINESPACE="8.340000153"/>
<ParagraphStyle ID="StyleId-D4EF9C5E-3110-4A39-B7BC-3D84E0F04894-" ALIGN="Center" LEFT="0." RIGHT="0." FIRSTLINE="0." LINESPACE="13.30000019"/>
<ParagraphStyle ID="StyleId-D1243F31-1201-4D92-8F69-43ADB01E9AD1-" ALIGN="Left" LEFT="0." RIGHT="0." FIRSTLINE="-13." LINESPACE="13.30000019"/>
<ParagraphStyle ID="StyleId-C65417C6-23F2-4D8F-BA55-ECE73D98CAB9-" ALIGN="Left" LEFT="0." RIGHT="0." FIRSTLINE="0." LINESPACE="8.899999619"/>
<ParagraphStyle ID="StyleId-835763C1-08DD-41BE-8BAD-8E41EA88DAE3-" ALIGN="Center" LEFT="0." RIGHT="0." FIRSTLINE="0." LINESPACE="11.10000038"/>
<ParagraphStyle ID="StyleId-78FD6B81-8F83-422D-8DF4-4274EAFD19C6-" ALIGN="Block" LEFT="0." RIGHT="0." FIRSTLINE="-17." LINESPACE="12.19999981"/>
<ParagraphStyle ID="StyleId-F506BC7F-570D-458B-9F05-A143E1F5FD17-" ALIGN="Block" LEFT="0." RIGHT="0." FIRSTLINE="-17." LINESPACE="11.35000038"/>
<ParagraphStyle ID="StyleId-CBE02C6B-22D0-48C6-A874-7E90A22F4375-" ALIGN="Center" LEFT="0." RIGHT="0." FIRSTLINE="0." LINESPACE="4.400000095"/>
<ParagraphStyle ID="StyleId-14CC0121-63AF-4AB4-9656-E02F46C61AF2-" ALIGN="Left" LEFT="0." RIGHT="0." FIRSTLINE="0." LINESPACE="8.899999619"/>
<ParagraphStyle ID="StyleId-DD64CECB-1B22-4BFF-84F0-DFDE2B0000F8-" ALIGN="Left" LEFT="0." RIGHT="0." FIRSTLINE="0." LINESPACE="12.19999981"/>
<ParagraphStyle ID="StyleId-8AEF4AA8-141A-4E5D-9C3E-C0F9F43C742F-" ALIGN="Left" LEFT="0." RIGHT="0." FIRSTLINE="0." LINESPACE="8.300000191"/>
<ParagraphStyle ID="StyleId-8C396D2A-39C0-48AB-BABA-2679D8AB257E-" ALIGN="Left" LEFT="0." RIGHT="0." FIRSTLINE="0." LINESPACE="11.10000038"/>
<ParagraphStyle ID="StyleId-3B7FE50F-10D4-487F-BDCD-FD26EB60FD4A-" ALIGN="Block" LEFT="0." RIGHT="0." FIRSTLINE="13." LINESPACE="8.340000153"/>
<ParagraphStyle ID="StyleId-8CC5CC8E-615B-4C42-BB46-DB28FA355C27-" ALIGN="Left" LEFT="0." RIGHT="0." FIRSTLINE="0." LINESPACE="12.19999981"/>
<ParagraphStyle ID="StyleId-BC67E79D-8D99-4188-8B35-A59DBB7E2BB0-" ALIGN="Block" LEFT="0." RIGHT="0." FIRSTLINE="11." LINESPACE="9.399999619"/>
</Styles>
<Layout>
<Page ID="Page967" PHYSICAL_IMG_NR="967" HEIGHT="4412" WIDTH="2533">
<TopMargin HEIGHT="366" WIDTH="2533" VPOS="0" HPOS="0">
</TopMargin>
<LeftMargin HEIGHT="3714" WIDTH="82" VPOS="366" HPOS="0">
</LeftMargin>
<RightMargin HEIGHT="3714" WIDTH="310" VPOS="366" HPOS="2223">
</RightMargin>
<BottomMargin HEIGHT="332" WIDTH="2533" VPOS="4080" HPOS="0">
</BottomMargin>
<PrintSpace HEIGHT="3714" WIDTH="2141" VPOS="366" HPOS="82">
<TextBlock ID="Page967_Block1" HEIGHT="78" WIDTH="130" VPOS="4002" HPOS="1038" LANG="en-US" STYLEREFS="StyleId-CFF2D3C1-2B32-486D-9A5A-7CE5BF0AEF9F-">
<TextLine HEIGHT="57" WIDTH="109" VPOS="4012" HPOS="1049">
<String CONTENT="967" HEIGHT="57" WIDTH="109" VPOS="4012" HPOS="1049"/>
</TextLine>
</TextBlock>
<TextBlock ID="Page967_Block2" HEIGHT="3644" WIDTH="2024" VPOS="366" HPOS="82" LANG="en-US" CS="1" STYLEREFS="StyleId-30C22111-9F14-4963-BDAB-802AC4BC3935-">
<TextLine HEIGHT="76" WIDTH="1991" VPOS="467" HPOS="94" STYLEREFS="StyleId-08696DB8-46BC-4E1D-B207-AA8A6D07E499-" CS="1">
<String CONTENT="practice" HEIGHT="71" WIDTH="273" VPOS="471" HPOS="94"/>
<SP HEIGHT="38" WIDTH="32" VPOS="489" HPOS="368"/>
<String CONTENT="act." HEIGHT="53" WIDTH="116" VPOS="473" HPOS="401"/>
<SP HEIGHT="43" WIDTH="75" VPOS="500" HPOS="518"/>
<String CONTENT="[June," HEIGHT="74" WIDTH="199" VPOS="469" HPOS="594"/>
<SP HEIGHT="70" WIDTH="35" VPOS="471" HPOS="794"/>
<String CONTENT="1925." HEIGHT="56" WIDTH="164" VPOS="470" HPOS="830"/>
<SP HEIGHT="55" WIDTH="71" VPOS="469" HPOS="995"/>
<String CONTENT="Rochester," HEIGHT="71" WIDTH="361" VPOS="469" HPOS="1067"/>
<SP HEIGHT="72" WIDTH="34" VPOS="468" HPOS="1429"/>
<String LANG="fr" CONTENT="N." HEIGHT="56" WIDTH="72" VPOS="468" HPOS="1464"/>
<SP HEIGHT="57" WIDTH="33" VPOS="467" HPOS="1537"/>
<String CONTENT="Y.," HEIGHT="72" WIDTH="93" VPOS="467" HPOS="1571"/>
<SP HEIGHT="72" WIDTH="33" VPOS="467" HPOS="1665"/>
<String CONTENT="Zachary" HEIGHT="72" WIDTH="286" VPOS="467" HPOS="1699"/>
<SP HEIGHT="72" WIDTH="28" VPOS="467" HPOS="1986"/>
<String CONTENT="P." HEIGHT="56" WIDTH="70" VPOS="467" HPOS="2015"/>
</TextLine>
<TextLine HEIGHT="73" WIDTH="661" VPOS="547" HPOS="96" STYLEREFS="StyleId-08696DB8-46BC-4E1D-B207-AA8A6D07E499-">
<String CONTENT="Taylor" HEIGHT="71" WIDTH="234" VPOS="548" HPOS="96"/>
<SP HEIGHT="56" WIDTH="24" VPOS="547" HPOS="331"/>
<String CONTENT="&amp;" HEIGHT="56" WIDTH="48" VPOS="547" HPOS="356"/>
<SP HEIGHT="58" WIDTH="27" VPOS="547" HPOS="405"/>
<String CONTENT="son," HEIGHT="51" WIDTH="129" VPOS="566" HPOS="433"/>
<SP HEIGHT="68" WIDTH="28" VPOS="549" HPOS="563"/>
<String CONTENT="1925]" HEIGHT="73" WIDTH="165" VPOS="547" HPOS="592"/>
</TextLine>
<TextLine HEIGHT="56" WIDTH="516" VPOS="635" HPOS="164" CS="1">
<String CONTENT="3" HEIGHT="42" WIDTH="23" VPOS="639" HPOS="164"/>
<SP HEIGHT="52" WIDTH="26" VPOS="639" HPOS="188"/>
<String LANG="fr" CONTENT="p." HEIGHT="39" WIDTH="41" VPOS="652" HPOS="215"/>
<SP HEIGHT="43" WIDTH="27" VPOS="638" HPOS="257"/>
<String LANG="fr" CS="1" CONTENT="l"/>
<String CONTENT=".," HEIGHT="17" WIDTH="22" VPOS="672" HPOS="303"/>
<SP HEIGHT="52" WIDTH="26" VPOS="637" HPOS="326"/>
<String CONTENT="270" HEIGHT="44" WIDTH="83" VPOS="637" HPOS="353"/>
<SP HEIGHT="52" WIDTH="24" VPOS="637" HPOS="437"/>
<String CONTENT="p." HEIGHT="37" WIDTH="40" VPOS="652" HPOS="462"/>
<SP HEIGHT="44" WIDTH="53" VPOS="636" HPOS="503"/>
<String CONTENT="27" HEIGHT="45" WIDTH="55" VPOS="635" HPOS="557"/>
<String STYLE="superscript" CONTENT="cm" HEIGHT="18" WIDTH="47" VPOS="639" HPOS="619"/>
<String CONTENT="." HEIGHT="9" WIDTH="9" VPOS="671" HPOS="671"/>
</TextLine>
<TextLine HEIGHT="58" WIDTH="1991" VPOS="701" HPOS="96">
<String CONTENT="&#169;" HEIGHT="54" WIDTH="53" VPOS="705" HPOS="96"/>
<SP HEIGHT="54" WIDTH="28" VPOS="705" HPOS="150"/>
<String CONTENT="July" HEIGHT="52" WIDTH="106" VPOS="707" HPOS="179"/>
<SP HEIGHT="52" WIDTH="27" VPOS="707" HPOS="286"/>
<String CONTENT="2," HEIGHT="50" WIDTH="39" VPOS="707" HPOS="314"/>
<SP HEIGHT="50" WIDTH="37" VPOS="707" HPOS="354"/>
<String CONTENT="1925;" HEIGHT="54" WIDTH="129" VPOS="704" HPOS="392"/>
<SP HEIGHT="52" WIDTH="31" VPOS="706" HPOS="522"/>
<String CONTENT="2c." HEIGHT="43" WIDTH="64" VPOS="706" HPOS="554"/>
<SP HEIGHT="42" WIDTH="32" VPOS="707" HPOS="619"/>
<String CONTENT="Aug." HEIGHT="51" WIDTH="120" VPOS="707" HPOS="652"/>
<SP HEIGHT="44" WIDTH="29" VPOS="705" HPOS="773"/>
<String CONTENT="27;" HEIGHT="53" WIDTH="80" VPOS="704" HPOS="803"/>
<SP HEIGHT="37" WIDTH="33" VPOS="720" HPOS="884"/>
<String CONTENT="aff." HEIGHT="43" WIDTH="79" VPOS="705" HPOS="918"/>
<SP HEIGHT="47" WIDTH="35" VPOS="703" HPOS="998"/>
<String CONTENT="Sept." HEIGHT="54" WIDTH="120" VPOS="703" HPOS="1034"/>
<SP HEIGHT="43" WIDTH="30" VPOS="706" HPOS="1155"/>
<String CONTENT="8;" HEIGHT="50" WIDTH="51" VPOS="706" HPOS="1186"/>
<SP HEIGHT="53" WIDTH="33" VPOS="703" HPOS="1238"/>
<!-- cceid 34C85DF4-6DD5-1014-B757-AF09C522E301 --><String CONTENT="A" HEIGHT="43" WIDTH="46" VPOS="703" HPOS="1272"/>
<SP HEIGHT="46" WIDTH="28" VPOS="703" HPOS="1319"/>
<String CONTENT="861753;" HEIGHT="54" WIDTH="191" VPOS="701" HPOS="1348"/>
<SP HEIGHT="51" WIDTH="34" VPOS="704" HPOS="1540"/>
<String CONTENT="Herbert" HEIGHT="43" WIDTH="207" VPOS="703" HPOS="1575"/>
<SP HEIGHT="43" WIDTH="30" VPOS="703" HPOS="1783"/>
<String CONTENT="R." HEIGHT="42" WIDTH="53" VPOS="703" HPOS="1814"/>
<SP HEIGHT="44" WIDTH="32" VPOS="701" HPOS="1868"/>
<String CONTENT="Taylor," HEIGHT="53" WIDTH="186" VPOS="701" HPOS="1901"/>
</TextLine>
<TextLine HEIGHT="53" WIDTH="1837" VPOS="762" HPOS="166" CS="1">
<String CONTENT="Rochester," HEIGHT="52" WIDTH="263" VPOS="763" HPOS="166"/>
<SP HEIGHT="53" WIDTH="30" VPOS="762" HPOS="430"/>
<String LANG="fr" CONTENT="N." HEIGHT="43" WIDTH="59" VPOS="762" HPOS="461"/>
<SP HEIGHT="43" WIDTH="29" VPOS="762" HPOS="521"/>
<String CONTENT="Y." HEIGHT="43" WIDTH="56" VPOS="762" HPOS="551"/>
<SP/>
<String CONTENT="6161" HEIGHT="38" WIDTH="105" VPOS="764" HPOS="1898"/>
</TextLine>
<TextLine HEIGHT="75" WIDTH="1071" VPOS="860" HPOS="95" STYLEREFS="StyleId-08696DB8-46BC-4E1D-B207-AA8A6D07E499-">
<String LANG="de" CONTENT="Tilden," HEIGHT="73" WIDTH="237" VPOS="862" HPOS="95"/>
<SP HEIGHT="73" WIDTH="41" VPOS="862" HPOS="333"/>
<String LANG="en-US" CONTENT="William" HEIGHT="61" WIDTH="282" VPOS="860" HPOS="375"/>
<SP HEIGHT="57" WIDTH="41" VPOS="861" HPOS="658"/>
<String LANG="en-US" CONTENT="Tatem," HEIGHT="72" WIDTH="233" VPOS="861" HPOS="700"/>
<SP HEIGHT="69" WIDTH="42" VPOS="864" HPOS="934"/>
<String LANG="en-US" CONTENT="1893-" HEIGHT="58" WIDTH="189" VPOS="862" HPOS="977"/>
</TextLine>
<TextLine HEIGHT="155" WIDTH="1974" VPOS="949" HPOS="95" STYLEREFS="StyleId-08696DB8-46BC-4E1D-B207-AA8A6D07E499-" CS="1">
<String CS="1" CONTENT="&#8230;"/>
<SP HEIGHT="59" WIDTH="30" VPOS="953" HPOS="231"/>
<String CONTENT="Better" HEIGHT="57" WIDTH="221" VPOS="953" HPOS="262"/>
<SP HEIGHT="53" WIDTH="26" VPOS="956" HPOS="484"/>
<String CONTENT="tennis" HEIGHT="57" WIDTH="205" VPOS="952" HPOS="511"/>
<SP HEIGHT="57" WIDTH="28" VPOS="952" HPOS="717"/>
<String CONTENT="for" HEIGHT="57" WIDTH="106" VPOS="952" HPOS="746"/>
<SP HEIGHT="52" WIDTH="27" VPOS="956" HPOS="853"/>
<String CONTENT="the" HEIGHT="57" WIDTH="103" VPOS="952" HPOS="881"/>
<SP HEIGHT="38" WIDTH="28" VPOS="971" HPOS="985"/>
<String CONTENT="club" HEIGHT="57" WIDTH="136" VPOS="951" HPOS="1014"/>
<SP HEIGHT="70" WIDTH="24" VPOS="952" HPOS="1151"/>
<String CONTENT="player," HEIGHT="72" WIDTH="241" VPOS="950" HPOS="1176"/>
<SP HEIGHT="70" WIDTH="26" VPOS="951" HPOS="1418"/>
<String CONTENT="by" HEIGHT="71" WIDTH="85" VPOS="951" HPOS="1445"/>
<SP HEIGHT="72" WIDTH="23" VPOS="950" HPOS="1531"/>
<String CONTENT="William" HEIGHT="60" WIDTH="281" VPOS="949" HPOS="1555"/>
<SP HEIGHT="56" WIDTH="29" VPOS="951" HPOS="1837"/>
<String CONTENT="T." HEIGHT="57" WIDTH="68" VPOS="951" HPOS="1867"/>
<SP HEIGHT="56" WIDTH="31" VPOS="952" HPOS="1936"/>
<String LANG="de" CONTENT="Tilden," HEIGHT="155" WIDTH="1974" VPOS="949" HPOS="95"/>
</TextLine>
<TextLine HEIGHT="139" WIDTH="1974" VPOS="1028" HPOS="94" STYLEREFS="StyleId-08696DB8-46BC-4E1D-B207-AA8A6D07E499-" CS="1">
<String CONTENT="2d;" HEIGHT="68" WIDTH="106" VPOS="1033" HPOS="258"/>
<SP HEIGHT="70" WIDTH="22" VPOS="1031" HPOS="365"/>
<String CONTENT="illustrations" HEIGHT="58" WIDTH="419" VPOS="1029" HPOS="388"/>
<SP HEIGHT="38" WIDTH="27" VPOS="1049" HPOS="808"/>
<String CONTENT="of" HEIGHT="58" WIDTH="68" VPOS="1029" HPOS="836"/>
<SP HEIGHT="57" WIDTH="22" VPOS="1029" HPOS="905"/>
<String LANG="de" CONTENT="Tilden," HEIGHT="70" WIDTH="240" VPOS="1030" HPOS="928"/>
<SP HEIGHT="71" WIDTH="24" VPOS="1029" HPOS="1169"/>
<String CONTENT="Johnston" HEIGHT="59" WIDTH="316" VPOS="1028" HPOS="1194"/>
<SP HEIGHT="39" WIDTH="22" VPOS="1046" HPOS="1511"/>
<String CONTENT="and" HEIGHT="58" WIDTH="125" VPOS="1032" HPOS="1534"/>
<SP HEIGHT="58" WIDTH="23" VPOS="1032" HPOS="1660"/>
<String CONTENT="other" HEIGHT="57" WIDTH="180" VPOS="1028" HPOS="1684"/>
<SP HEIGHT="52" WIDTH="21" VPOS="1047" HPOS="1865"/>
<String CONTENT="prominent" HEIGHT="120" WIDTH="1974" VPOS="1047" HPOS="94"/>
</TextLine>
<TextLine HEIGHT="76" WIDTH="1796" VPOS="1104" HPOS="297" STYLEREFS="StyleId-08696DB8-46BC-4E1D-B207-AA8A6D07E499-">
<String CONTENT="players" HEIGHT="71" WIDTH="254" VPOS="1109" HPOS="297"/>
<SP HEIGHT="58" WIDTH="32" VPOS="1107" HPOS="552"/>
<String CONTENT="in" HEIGHT="55" WIDTH="67" VPOS="1107" HPOS="585"/>
<SP HEIGHT="37" WIDTH="32" VPOS="1126" HPOS="653"/>
<String CONTENT="action" HEIGHT="57" WIDTH="207" VPOS="1107" HPOS="686"/>
<SP HEIGHT="37" WIDTH="29" VPOS="1126" HPOS="894"/>
<String CONTENT="with" HEIGHT="57" WIDTH="151" VPOS="1106" HPOS="924"/>
<SP HEIGHT="58" WIDTH="33" VPOS="1106" HPOS="1076"/>
<String CONTENT="critical" HEIGHT="59" WIDTH="241" VPOS="1105" HPOS="1110"/>
<SP HEIGHT="55" WIDTH="30" VPOS="1108" HPOS="1352"/>
<String CONTENT="comment" HEIGHT="54" WIDTH="306" VPOS="1109" HPOS="1383"/>
<SP HEIGHT="57" WIDTH="30" VPOS="1106" HPOS="1690"/>
<String CONTENT="by" HEIGHT="71" WIDTH="85" VPOS="1106" HPOS="1721"/>
<SP HEIGHT="73" WIDTH="33" VPOS="1104" HPOS="1807"/>
<String CONTENT="Samuel" HEIGHT="60" WIDTH="252" VPOS="1104" HPOS="1841"/>
</TextLine>
<TextLine HEIGHT="156" WIDTH="1975" VPOS="1181" HPOS="93" STYLEREFS="StyleId-08696DB8-46BC-4E1D-B207-AA8A6D07E499-" CS="1">
<String CONTENT="Hardy" HEIGHT="66" WIDTH="225" VPOS="1186" HPOS="95"/>
<SP HEIGHT="46" WIDTH="37" VPOS="1206" HPOS="321"/>
<String CS="1" CONTENT="&#8230;"/>
<SP HEIGHT="58" WIDTH="85" VPOS="1185" HPOS="421"/>
<String CONTENT="New" HEIGHT="56" WIDTH="151" VPOS="1185" HPOS="507"/>
<SP HEIGHT="56" WIDTH="31" VPOS="1184" HPOS="659"/>
<String CONTENT="York," HEIGHT="68" WIDTH="191" VPOS="1184" HPOS="691"/>
<SP HEIGHT="68" WIDTH="33" VPOS="1184" HPOS="883"/>
<String CONTENT="American" HEIGHT="57" WIDTH="336" VPOS="1183" HPOS="917"/>
<SP HEIGHT="39" WIDTH="33" VPOS="1202" HPOS="1254"/>
<String CONTENT="sports" HEIGHT="65" WIDTH="210" VPOS="1187" HPOS="1288"/>
<SP HEIGHT="50" WIDTH="36" VPOS="1202" HPOS="1499"/>
<String CONTENT="publishing" HEIGHT="71" WIDTH="363" VPOS="1181" HPOS="1536"/>
<SP HEIGHT="49" WIDTH="34" VPOS="1203" HPOS="1900"/>
<String CONTENT="company" HEIGHT="135" WIDTH="1975" VPOS="1201" HPOS="93"/>
<SP HEIGHT="54" WIDTH="29" VPOS="1283" HPOS="264"/>
<String CS="1" CONTENT="[c1925]" HEIGHT="73" WIDTH="201" VPOS="1264" HPOS="294"/>
</TextLine>
<TextLine HEIGHT="110" WIDTH="1975" VPOS="1348" HPOS="97" CS="1">
<String CONTENT="77" HEIGHT="45" WIDTH="53" VPOS="1352" HPOS="164"/>
<SP HEIGHT="53" WIDTH="36" VPOS="1353" HPOS="218"/>
<String CONTENT="p." HEIGHT="37" WIDTH="39" VPOS="1369" HPOS="255"/>
<SP HEIGHT="43" WIDTH="59" VPOS="1353" HPOS="295"/>
<String CS="1" CONTENT="front." HEIGHT="43" WIDTH="124" VPOS="1353" HPOS="355"/>
<SP HEIGHT="53" WIDTH="26" VPOS="1352" HPOS="493"/>
<String CONTENT="(port.)" HEIGHT="55" WIDTH="166" VPOS="1350" HPOS="520"/>
<SP HEIGHT="53" WIDTH="48" VPOS="1350" HPOS="687"/>
<String CS="1" CONTENT="illus." HEIGHT="42" WIDTH="114" VPOS="1351" HPOS="736"/>
<SP HEIGHT="42" WIDTH="64" VPOS="1351" HPOS="851"/>
<String CONTENT="17" HEIGHT="45" WIDTH="49" VPOS="1348" HPOS="916"/>
<String STYLE="superscript" CONTENT="cm" HEIGHT="17" WIDTH="46" VPOS="1351" HPOS="971"/>
<String CONTENT="." HEIGHT="8" WIDTH="8" VPOS="1385" HPOS="1025"/>
<SP HEIGHT="53" WIDTH="67" VPOS="1350" HPOS="1034"/>
<String CONTENT="(Spalding" HEIGHT="54" WIDTH="248" VPOS="1349" HPOS="1102"/>
<SP HEIGHT="55" WIDTH="36" VPOS="1348" HPOS="1351"/>
<String CONTENT="&#8220;red" HEIGHT="45" WIDTH="105" VPOS="1348" HPOS="1388"/>
<SP HEIGHT="42" WIDTH="35" VPOS="1351" HPOS="1494"/>
<String CONTENT="cover&#8221;" HEIGHT="45" WIDTH="161" VPOS="1349" HPOS="1530"/>
<SP HEIGHT="43" WIDTH="38" VPOS="1349" HPOS="1692"/>
<String CONTENT="series" HEIGHT="45" WIDTH="137" VPOS="1348" HPOS="1731"/>
<SP HEIGHT="30" WIDTH="38" VPOS="1363" HPOS="1869"/>
<String CONTENT="of" HEIGHT="44" WIDTH="50" VPOS="1349" HPOS="1908"/>
<SP HEIGHT="44" WIDTH="36" VPOS="1349" HPOS="1959"/>
<String CONTENT="athletic" HEIGHT="109" WIDTH="1975" VPOS="1349" HPOS="97"/>
</TextLine>
<TextLine HEIGHT="55" WIDTH="587" VPOS="1406" HPOS="224">
<String CONTENT="handbooks," HEIGHT="52" WIDTH="278" VPOS="1409" HPOS="224"/>
<SP HEIGHT="38" WIDTH="27" VPOS="1423" HPOS="503"/>
<String CONTENT="no." HEIGHT="29" WIDTH="72" VPOS="1422" HPOS="531"/>
<SP HEIGHT="41" WIDTH="31" VPOS="1409" HPOS="604"/>
<String CONTENT="103" HEIGHT="45" WIDTH="77" VPOS="1406" HPOS="636"/>
<SP HEIGHT="44" WIDTH="29" VPOS="1407" HPOS="714"/>
<String CONTENT="R)" HEIGHT="55" WIDTH="67" VPOS="1406" HPOS="744"/>
</TextLine>
<TextLine HEIGHT="55" WIDTH="1264" VPOS="1477" HPOS="167">
<String CONTENT="On" HEIGHT="44" WIDTH="73" VPOS="1483" HPOS="167"/>
<SP HEIGHT="29" WIDTH="26" VPOS="1497" HPOS="241"/>
<String CONTENT="cover:" HEIGHT="30" WIDTH="158" VPOS="1495" HPOS="268"/>
<SP HEIGHT="45" WIDTH="33" VPOS="1480" HPOS="427"/>
<String CONTENT="Spalding&#8217;s" HEIGHT="54" WIDTH="253" VPOS="1478" HPOS="461"/>
<SP HEIGHT="28" WIDTH="26" VPOS="1493" HPOS="715"/>
<String CONTENT="athletic" HEIGHT="44" WIDTH="185" VPOS="1477" HPOS="742"/>
<SP HEIGHT="43" WIDTH="29" VPOS="1478" HPOS="928"/>
<String CONTENT="library," HEIGHT="52" WIDTH="181" VPOS="1477" HPOS="958"/>
<SP HEIGHT="35" WIDTH="26" VPOS="1492" HPOS="1140"/>
<String CONTENT="no." HEIGHT="29" WIDTH="71" VPOS="1492" HPOS="1167"/>
<SP HEIGHT="42" WIDTH="31" VPOS="1478" HPOS="1239"/>
<String CONTENT="103" HEIGHT="44" WIDTH="77" VPOS="1477" HPOS="1271"/>
<SP HEIGHT="44" WIDTH="27" VPOS="1477" HPOS="1349"/>
<String CONTENT="R." HEIGHT="43" WIDTH="54" VPOS="1477" HPOS="1377"/>
</TextLine>
<TextLine HEIGHT="59" WIDTH="1993" VPOS="1533" HPOS="97" CS="1">
<String CONTENT="&#169;" HEIGHT="54" WIDTH="53" VPOS="1538" HPOS="97"/>
<SP HEIGHT="54" WIDTH="26" VPOS="1538" HPOS="151"/>
<String CONTENT="Aug." HEIGHT="52" WIDTH="119" VPOS="1540" HPOS="178"/>
<SP HEIGHT="42" WIDTH="28" VPOS="1540" HPOS="298"/>
<String CONTENT="31," HEIGHT="47" WIDTH="65" VPOS="1540" HPOS="327"/>
<SP HEIGHT="47" WIDTH="33" VPOS="1540" HPOS="393"/>
<String CS="1" CONTENT="1925;" HEIGHT="45" WIDTH="103" VPOS="1536" HPOS="427"/>
<SP HEIGHT="52" WIDTH="28" VPOS="1537" HPOS="557"/>
<String CONTENT="2c." HEIGHT="42" WIDTH="64" VPOS="1537" HPOS="586"/>
<SP HEIGHT="28" WIDTH="29" VPOS="1551" HPOS="651"/>
<String CONTENT="and" HEIGHT="43" WIDTH="86" VPOS="1536" HPOS="681"/>
<SP HEIGHT="42" WIDTH="27" VPOS="1536" HPOS="768"/>
<String CONTENT="aff." HEIGHT="43" WIDTH="78" VPOS="1535" HPOS="796"/>
<SP HEIGHT="46" WIDTH="33" VPOS="1533" HPOS="875"/>
<String CONTENT="Sept." HEIGHT="53" WIDTH="119" VPOS="1533" HPOS="909"/>
<SP HEIGHT="44" WIDTH="29" VPOS="1533" HPOS="1029"/>
<String CS="1" CONTENT="5;" HEIGHT="44" WIDTH="22" VPOS="1533" HPOS="1059"/>
<SP/>
<!-- cceid 34C8A3C8-6DD5-1014-B757-AF09C522E301 --><String CONTENT="A" HEIGHT="42" WIDTH="44" VPOS="1535" HPOS="1141"/>
<SP HEIGHT="42" WIDTH="28" VPOS="1535" HPOS="1186"/>
<String CS="1" CONTENT="864474;" HEIGHT="44" WIDTH="163" VPOS="1533" HPOS="1215"/>
<SP HEIGHT="51" WIDTH="30" VPOS="1535" HPOS="1404"/>
<String CONTENT="American" HEIGHT="45" WIDTH="247" VPOS="1533" HPOS="1435"/>
<SP HEIGHT="28" WIDTH="28" VPOS="1550" HPOS="1683"/>
<String CONTENT="sports" HEIGHT="47" WIDTH="148" VPOS="1541" HPOS="1712"/>
<SP HEIGHT="38" WIDTH="30" VPOS="1549" HPOS="1861"/>
<String CONTENT="pub." HEIGHT="52" WIDTH="100" VPOS="1535" HPOS="1892"/>
<SP HEIGHT="28" WIDTH="31" VPOS="1550" HPOS="1993"/>
<String CONTENT="co." HEIGHT="29" WIDTH="65" VPOS="1550" HPOS="2025"/>
</TextLine>
<TextLine HEIGHT="56" WIDTH="270" VPOS="1594" HPOS="174">
<String CONTENT="(25-17428)" HEIGHT="56" WIDTH="270" VPOS="1594" HPOS="174"/>
</TextLine>
<TextLine HEIGHT="75" WIDTH="1098" VPOS="1690" HPOS="96" STYLEREFS="StyleId-8B820333-80BD-4BE9-8378-D71E107D50F4-">
<String CONTENT="Towne," HEIGHT="70" WIDTH="242" VPOS="1695" HPOS="96"/>
<SP HEIGHT="72" WIDTH="44" VPOS="1693" HPOS="339"/>
<String CONTENT="Charles" HEIGHT="59" WIDTH="256" VPOS="1692" HPOS="384"/>
<SP HEIGHT="58" WIDTH="42" VPOS="1690" HPOS="641"/>
<String CONTENT="Hanson," HEIGHT="72" WIDTH="275" VPOS="1690" HPOS="684"/>
<SP HEIGHT="69" WIDTH="44" VPOS="1693" HPOS="960"/>
<String CONTENT="1877-" HEIGHT="56" WIDTH="189" VPOS="1692" HPOS="1005"/>
</TextLine>
<TextLine HEIGHT="75" WIDTH="1915" VPOS="1781" HPOS="175" STYLEREFS="StyleId-08696DB8-46BC-4E1D-B207-AA8A6D07E499-">
<String CONTENT="Selected" HEIGHT="58" WIDTH="282" VPOS="1785" HPOS="175"/>
<SP HEIGHT="69" WIDTH="24" VPOS="1786" HPOS="458"/>
<String CONTENT="poems" HEIGHT="53" WIDTH="214" VPOS="1802" HPOS="483"/>
<SP HEIGHT="37" WIDTH="30" VPOS="1803" HPOS="698"/>
<String CONTENT="of" HEIGHT="57" WIDTH="68" VPOS="1783" HPOS="729"/>
<SP HEIGHT="59" WIDTH="27" VPOS="1782" HPOS="798"/>
<String CONTENT="Charles" HEIGHT="59" WIDTH="259" VPOS="1782" HPOS="826"/>
<SP HEIGHT="58" WIDTH="28" VPOS="1781" HPOS="1086"/>
<String CONTENT="Hanson" HEIGHT="57" WIDTH="266" VPOS="1781" HPOS="1115"/>
<SP HEIGHT="56" WIDTH="25" VPOS="1782" HPOS="1382"/>
<String CONTENT="Towne." HEIGHT="56" WIDTH="244" VPOS="1782" HPOS="1408"/>
<SP HEIGHT="56" WIDTH="67" VPOS="1782" HPOS="1653"/>
<String CONTENT="New" HEIGHT="57" WIDTH="154" VPOS="1782" HPOS="1721"/>
<SP HEIGHT="57" WIDTH="22" VPOS="1782" HPOS="1876"/>
<String CONTENT="York," HEIGHT="74" WIDTH="191" VPOS="1782" HPOS="1899"/>
</TextLine>
<TextLine HEIGHT="75" WIDTH="1447" VPOS="1860" HPOS="94" STYLEREFS="StyleId-08696DB8-46BC-4E1D-B207-AA8A6D07E499-">
<String CONTENT="London," HEIGHT="71" WIDTH="276" VPOS="1864" HPOS="94"/>
<SP HEIGHT="73" WIDTH="30" VPOS="1862" HPOS="371"/>
<String CONTENT="D." HEIGHT="57" WIDTH="75" VPOS="1862" HPOS="402"/>
<SP HEIGHT="58" WIDTH="31" VPOS="1861" HPOS="478"/>
<String CONTENT="Appleton" HEIGHT="71" WIDTH="320" VPOS="1861" HPOS="510"/>
<SP HEIGHT="37" WIDTH="31" VPOS="1879" HPOS="831"/>
<String CONTENT="and" HEIGHT="57" WIDTH="124" VPOS="1860" HPOS="863"/>
<SP HEIGHT="57" WIDTH="30" VPOS="1860" HPOS="988"/>
<String CONTENT="company," HEIGHT="55" WIDTH="322" VPOS="1877" HPOS="1019"/>
<SP HEIGHT="71" WIDTH="33" VPOS="1861" HPOS="1342"/>
<String CONTENT="1925." HEIGHT="57" WIDTH="165" VPOS="1860" HPOS="1376"/>
</TextLine>
<TextLine HEIGHT="55" WIDTH="453" VPOS="1950" HPOS="165" STYLEREFS="StyleId-08696DB8-46BC-4E1D-B207-AA8A6D07E499-" CS="1">
<String CONTENT="ix," HEIGHT="52" WIDTH="61" VPOS="1953" HPOS="165"/>
<SP HEIGHT="52" WIDTH="33" VPOS="1953" HPOS="227"/>
<String CONTENT="139" HEIGHT="44" WIDTH="79" VPOS="1952" HPOS="261"/>
<SP HEIGHT="53" WIDTH="26" VPOS="1952" HPOS="341"/>
<String CONTENT="p." HEIGHT="37" WIDTH="41" VPOS="1968" HPOS="368"/>
<SP HEIGHT="48" WIDTH="60" VPOS="1950" HPOS="410"/>
<String CS="1" CONTENT="19&#189;"/>
<String STYLE="superscript" CONTENT="cm" HEIGHT="18" WIDTH="47" VPOS="1953" HPOS="555"/>
<String CONTENT="." HEIGHT="10" WIDTH="9" VPOS="1985" HPOS="609"/>
</TextLine>
<TextLine HEIGHT="58" WIDTH="1825" VPOS="2018" HPOS="97">
<String CONTENT="&#169;" HEIGHT="55" WIDTH="53" VPOS="2021" HPOS="97"/>
<SP HEIGHT="55" WIDTH="30" VPOS="2021" HPOS="151"/>
<String CONTENT="Sept." HEIGHT="53" WIDTH="119" VPOS="2022" HPOS="182"/>
<SP HEIGHT="43" WIDTH="27" VPOS="2023" HPOS="302"/>
<String CONTENT="4," HEIGHT="52" WIDTH="39" VPOS="2023" HPOS="330"/>
<SP HEIGHT="52" WIDTH="30" VPOS="2023" HPOS="370"/>
<String CONTENT="1925;" HEIGHT="55" WIDTH="130" VPOS="2020" HPOS="401"/>
<SP HEIGHT="54" WIDTH="28" VPOS="2021" HPOS="532"/>
<String CONTENT="2c." HEIGHT="44" WIDTH="63" VPOS="2021" HPOS="561"/>
<SP HEIGHT="29" WIDTH="29" VPOS="2035" HPOS="625"/>
<String CONTENT="and" HEIGHT="43" WIDTH="87" VPOS="2022" HPOS="655"/>
<SP HEIGHT="43" WIDTH="26" VPOS="2022" HPOS="743"/>
<String CONTENT="aff." HEIGHT="44" WIDTH="78" VPOS="2020" HPOS="770"/>
<SP HEIGHT="47" WIDTH="32" VPOS="2019" HPOS="849"/>
<String CONTENT="Sept." HEIGHT="54" WIDTH="120" VPOS="2019" HPOS="882"/>
<SP HEIGHT="44" WIDTH="32" VPOS="2020" HPOS="1003"/>
<String CONTENT="10;" HEIGHT="53" WIDTH="74" VPOS="2019" HPOS="1036"/>
<SP HEIGHT="52" WIDTH="33" VPOS="2020" HPOS="1111"/>
<!-- cceid 34C8EDE8-6DD5-1014-B757-AF09C522E301 --><String CONTENT="A" HEIGHT="43" WIDTH="43" VPOS="2020" HPOS="1145"/>
<SP HEIGHT="43" WIDTH="27" VPOS="2020" HPOS="1189"/>
<String CONTENT="861739;" HEIGHT="54" WIDTH="191" VPOS="2018" HPOS="1217"/>
<SP HEIGHT="51" WIDTH="31" VPOS="2021" HPOS="1409"/>
<String CONTENT="D." HEIGHT="43" WIDTH="57" VPOS="2021" HPOS="1441"/>
<SP HEIGHT="43" WIDTH="30" VPOS="2021" HPOS="1499"/>
<String CONTENT="Appleton" HEIGHT="54" WIDTH="230" VPOS="2020" HPOS="1530"/>
<SP HEIGHT="45" WIDTH="26" VPOS="2021" HPOS="1761"/>
<String CONTENT="&amp;" HEIGHT="45" WIDTH="38" VPOS="2021" HPOS="1788"/>
<SP HEIGHT="45" WIDTH="28" VPOS="2021" HPOS="1827"/>
<String CONTENT="co." HEIGHT="30" WIDTH="66" VPOS="2035" HPOS="1856"/>
</TextLine>
<TextLine HEIGHT="56" WIDTH="271" VPOS="2078" HPOS="176">
<String CONTENT="(25-17477)" HEIGHT="56" WIDTH="271" VPOS="2078" HPOS="176"/>
</TextLine>
<TextLine HEIGHT="73" WIDTH="947" VPOS="2177" HPOS="98" STYLEREFS="StyleId-8B820333-80BD-4BE9-8378-D71E107D50F4-">
<String CONTENT="Tucker," HEIGHT="72" WIDTH="257" VPOS="2178" HPOS="98"/>
<SP HEIGHT="71" WIDTH="36" VPOS="2179" HPOS="356"/>
<String CONTENT="George" HEIGHT="71" WIDTH="239" VPOS="2179" HPOS="393"/>
<SP HEIGHT="57" WIDTH="34" VPOS="2177" HPOS="633"/>
<String CONTENT="Fox," HEIGHT="71" WIDTH="151" VPOS="2177" HPOS="668"/>
<SP HEIGHT="68" WIDTH="36" VPOS="2180" HPOS="820"/>
<String CONTENT="1852-" HEIGHT="57" WIDTH="188" VPOS="2178" HPOS="857"/>
</TextLine>
<TextLine HEIGHT="153" WIDTH="1970" VPOS="2266" HPOS="93" STYLEREFS="StyleId-08696DB8-46BC-4E1D-B207-AA8A6D07E499-" CS="1">
<String CONTENT="How" HEIGHT="57" WIDTH="159" VPOS="2269" HPOS="171"/>
<SP HEIGHT="55" WIDTH="25" VPOS="2270" HPOS="331"/>
<String CONTENT="to" HEIGHT="55" WIDTH="62" VPOS="2270" HPOS="357"/>
<SP HEIGHT="55" WIDTH="27" VPOS="2270" HPOS="420"/>
<String CONTENT="deal," HEIGHT="59" WIDTH="149" VPOS="2268" HPOS="448"/>
<SP HEIGHT="40" WIDTH="14" VPOS="2287" HPOS="598"/>
<String CONTENT="with" HEIGHT="57" WIDTH="152" VPOS="2267" HPOS="613"/>
<SP HEIGHT="58" WIDTH="22" VPOS="2267" HPOS="766"/>
<String CONTENT="banks," HEIGHT="71" WIDTH="217" VPOS="2267" HPOS="789"/>
<SP HEIGHT="71" WIDTH="23" VPOS="2267" HPOS="1007"/>
<String CONTENT="by" HEIGHT="71" WIDTH="86" VPOS="2267" HPOS="1031"/>
<SP HEIGHT="72" WIDTH="22" VPOS="2266" HPOS="1118"/>
<String CONTENT="George" HEIGHT="74" WIDTH="243" VPOS="2266" HPOS="1141"/>
<SP HEIGHT="58" WIDTH="26" VPOS="2267" HPOS="1385"/>
<String CONTENT="F." HEIGHT="57" WIDTH="71" VPOS="2267" HPOS="1412"/>
<SP HEIGHT="56" WIDTH="29" VPOS="2268" HPOS="1484"/>
<String CONTENT="Tucker" HEIGHT="58" WIDTH="241" VPOS="2267" HPOS="1514"/>
<SP HEIGHT="38" WIDTH="32" VPOS="2287" HPOS="1756"/>
<String CS="1" CONTENT="&#8230;"/>
<SP HEIGHT="57" WIDTH="82" VPOS="2268" HPOS="1852"/>
<String CONTENT="Boston," HEIGHT="151" WIDTH="1970" VPOS="2268" HPOS="93"/>
</TextLine>
<TextLine HEIGHT="75" WIDTH="993" VPOS="2344" HPOS="247" STYLEREFS="StyleId-08696DB8-46BC-4E1D-B207-AA8A6D07E499-">
<String CONTENT="Mass." HEIGHT="58" WIDTH="193" VPOS="2346" HPOS="247"/>
<SP HEIGHT="44" WIDTH="29" VPOS="2375" HPOS="441"/>
<String CONTENT="[E." HEIGHT="74" WIDTH="89" VPOS="2345" HPOS="471"/>
<SP HEIGHT="59" WIDTH="25" VPOS="2344" HPOS="561"/>
<String CONTENT="W." HEIGHT="59" WIDTH="96" VPOS="2344" HPOS="587"/>
<SP HEIGHT="56" WIDTH="26" VPOS="2345" HPOS="684"/>
<String CONTENT="Hildreth," HEIGHT="73" WIDTH="316" VPOS="2344" HPOS="711"/>
<SP HEIGHT="65" WIDTH="24" VPOS="2352" HPOS="1028"/>
<String STYLE="superscript" CONTENT="c" HEIGHT="23" WIDTH="20" VPOS="2352" HPOS="1053"/>
<String CONTENT="1924]" HEIGHT="72" WIDTH="164" VPOS="2345" HPOS="1076"/>
</TextLine>
<TextLine HEIGHT="54" WIDTH="439" VPOS="2434" HPOS="169" CS="1">
<String LANG="en-US" CONTENT="187," HEIGHT="53" WIDTH="90" VPOS="2435" HPOS="169"/>
<SP HEIGHT="52" WIDTH="24" VPOS="2436" HPOS="260"/>
<String LANG="en-US" CONTENT="ix" HEIGHT="44" WIDTH="48" VPOS="2436" HPOS="285"/>
<SP HEIGHT="38" WIDTH="23" VPOS="2450" HPOS="334"/>
<String LANG="fr" CONTENT="p." HEIGHT="38" WIDTH="40" VPOS="2450" HPOS="358"/>
<SP HEIGHT="42" WIDTH="57" VPOS="2437" HPOS="399"/>
<String LANG="fr" CONTENT="20" HEIGHT="45" WIDTH="53" VPOS="2434" HPOS="457"/>
<String LANG="en-US" CS="1" CONTENT="&#189;"/>
<String STYLE="superscript" LANG="fr" CONTENT="cm" HEIGHT="17" WIDTH="47" VPOS="2436" HPOS="545"/>
<String LANG="fr" CONTENT="." HEIGHT="9" WIDTH="9" VPOS="2470" HPOS="599"/>
</TextLine>
<TextLine HEIGHT="56" WIDTH="1995" VPOS="2503" HPOS="99" CS="1">
<String CONTENT="&#169;" HEIGHT="54" WIDTH="53" VPOS="2505" HPOS="99"/>
<SP HEIGHT="54" WIDTH="33" VPOS="2505" HPOS="153"/>
<String CONTENT="Dec." HEIGHT="42" WIDTH="110" VPOS="2507" HPOS="187"/>
<SP HEIGHT="42" WIDTH="34" VPOS="2507" HPOS="298"/>
<String CONTENT="30," HEIGHT="52" WIDTH="67" VPOS="2506" HPOS="333"/>
<SP HEIGHT="52" WIDTH="35" VPOS="2506" HPOS="401"/>
<String CS="1" CONTENT="1924;" HEIGHT="43" WIDTH="105" VPOS="2506" HPOS="437"/>
<SP HEIGHT="51" WIDTH="34" VPOS="2505" HPOS="568"/>
<String CONTENT="2c." HEIGHT="43" WIDTH="67" VPOS="2505" HPOS="603"/>
<SP HEIGHT="43" WIDTH="34" VPOS="2505" HPOS="671"/>
<String CONTENT="Aug." HEIGHT="53" WIDTH="119" VPOS="2505" HPOS="706"/>
<SP HEIGHT="43" WIDTH="33" VPOS="2505" HPOS="826"/>
<String CONTENT="25," HEIGHT="54" WIDTH="68" VPOS="2503" HPOS="860"/>
<SP HEIGHT="52" WIDTH="35" VPOS="2505" HPOS="929"/>
<String CONTENT="1925;" HEIGHT="53" WIDTH="131" VPOS="2503" HPOS="965"/>
<SP HEIGHT="37" WIDTH="36" VPOS="2519" HPOS="1097"/>
<String CONTENT="aff." HEIGHT="44" WIDTH="79" VPOS="2504" HPOS="1134"/>
<SP HEIGHT="43" WIDTH="35" VPOS="2505" HPOS="1214"/>
<String CONTENT="Aug." HEIGHT="52" WIDTH="120" VPOS="2505" HPOS="1250"/>
<SP HEIGHT="45" WIDTH="32" VPOS="2504" HPOS="1371"/>
<String CONTENT="24;" HEIGHT="53" WIDTH="80" VPOS="2504" HPOS="1404"/>
<SP HEIGHT="51" WIDTH="35" VPOS="2506" HPOS="1485"/>
<!-- cceid 34C939D2-6DD5-1014-B757-AF09C522E301 --><String CONTENT="A" HEIGHT="42" WIDTH="44" VPOS="2506" HPOS="1521"/>
<SP HEIGHT="43" WIDTH="35" VPOS="2506" HPOS="1566"/>
<String CONTENT="861538;" HEIGHT="55" WIDTH="189" VPOS="2504" HPOS="1602"/>
<SP HEIGHT="52" WIDTH="36" VPOS="2507" HPOS="1792"/>
<String CONTENT="Wright" HEIGHT="53" WIDTH="190" VPOS="2506" HPOS="1829"/>
<SP HEIGHT="44" WIDTH="34" VPOS="2508" HPOS="2020"/>
<String CONTENT="&amp;" HEIGHT="44" WIDTH="39" VPOS="2508" HPOS="2055"/>
</TextLine>
<TextLine HEIGHT="56" WIDTH="1041" VPOS="2559" HPOS="171">
<String CONTENT="Potter" HEIGHT="42" WIDTH="160" VPOS="2564" HPOS="171"/>
<SP HEIGHT="37" WIDTH="22" VPOS="2577" HPOS="332"/>
<String CONTENT="printing" HEIGHT="53" WIDTH="200" VPOS="2562" HPOS="355"/>
<SP HEIGHT="39" WIDTH="21" VPOS="2576" HPOS="556"/>
<String CONTENT="co.," HEIGHT="37" WIDTH="81" VPOS="2576" HPOS="578"/>
<SP HEIGHT="52" WIDTH="26" VPOS="2561" HPOS="660"/>
<String CONTENT="Boston." HEIGHT="43" WIDTH="185" VPOS="2561" HPOS="687"/>
<SP HEIGHT="53" WIDTH="67" VPOS="2561" HPOS="873"/>
<String CONTENT="(25-17446)" HEIGHT="55" WIDTH="271" VPOS="2559" HPOS="941"/>
</TextLine>
<TextLine HEIGHT="61" WIDTH="700" VPOS="2659" HPOS="99" STYLEREFS="StyleId-6FB619C6-2235-4801-9758-58E7CA3237F6-">
<String LANG="fr" CONTENT="U." HEIGHT="58" WIDTH="72" VPOS="2661" HPOS="99"/>
<SP HEIGHT="58" WIDTH="39" VPOS="2662" HPOS="172"/>
<String CONTENT="S." HEIGHT="58" WIDTH="60" VPOS="2662" HPOS="212"/>
<SP HEIGHT="59" WIDTH="82" VPOS="2661" HPOS="273"/>
<String CONTENT="Constitution." HEIGHT="61" WIDTH="443" VPOS="2659" HPOS="356"/>
</TextLine>
<TextLine HEIGHT="61" WIDTH="1779" VPOS="2748" HPOS="242" STYLEREFS="StyleId-08696DB8-46BC-4E1D-B207-AA8A6D07E499-" CS="1">
<String CS="1" CONTENT="&#8230;"/>
<SP HEIGHT="58" WIDTH="44" VPOS="2750" HPOS="242"/>
<String CONTENT="We" HEIGHT="58" WIDTH="114" VPOS="2750" HPOS="287"/>
<SP HEIGHT="38" WIDTH="41" VPOS="2769" HPOS="402"/>
<String CONTENT="and" HEIGHT="57" WIDTH="123" VPOS="2750" HPOS="444"/>
<SP HEIGHT="57" WIDTH="40" VPOS="2750" HPOS="568"/>
<String CONTENT="the" HEIGHT="58" WIDTH="103" VPOS="2750" HPOS="609"/>
<SP HEIGHT="60" WIDTH="42" VPOS="2748" HPOS="713"/>
<String CONTENT="Constitution" HEIGHT="61" WIDTH="429" VPOS="2748" HPOS="756"/>
<SP HEIGHT="39" WIDTH="40" VPOS="2770" HPOS="1186"/>
<String CONTENT="of" HEIGHT="58" WIDTH="67" VPOS="2749" HPOS="1227"/>
<SP HEIGHT="58" WIDTH="39" VPOS="2749" HPOS="1295"/>
<String CONTENT="the" HEIGHT="57" WIDTH="105" VPOS="2750" HPOS="1335"/>
<SP HEIGHT="58" WIDTH="39" VPOS="2750" HPOS="1441"/>
<String CONTENT="United" HEIGHT="58" WIDTH="236" VPOS="2750" HPOS="1481"/>
<SP HEIGHT="58" WIDTH="43" VPOS="2751" HPOS="1718"/>
<String CONTENT="States" HEIGHT="58" WIDTH="211" VPOS="2751" HPOS="1762"/>
<SP HEIGHT="37" WIDTH="47" VPOS="2772" HPOS="1974"/>
<String CS="1" CONTENT="&#8230;"/>
</TextLine>
<TextLine HEIGHT="138" WIDTH="1971" VPOS="2825" HPOS="95" STYLEREFS="StyleId-08696DB8-46BC-4E1D-B207-AA8A6D07E499-" CS="1">
<String CONTENT="including" HEIGHT="72" WIDTH="319" VPOS="2828" HPOS="95"/>
<SP HEIGHT="53" WIDTH="24" VPOS="2847" HPOS="415"/>
<String CONTENT="an" HEIGHT="37" WIDTH="80" VPOS="2847" HPOS="440"/>
<SP HEIGHT="37" WIDTH="24" VPOS="2847" HPOS="521"/>
<String CONTENT="analysis" HEIGHT="72" WIDTH="279" VPOS="2827" HPOS="546"/>
<SP HEIGHT="37" WIDTH="27" VPOS="2847" HPOS="826"/>
<String CONTENT="of" HEIGHT="57" WIDTH="68" VPOS="2827" HPOS="854"/>
<SP HEIGHT="56" WIDTH="21" VPOS="2827" HPOS="923"/>
<String CONTENT="the" HEIGHT="58" WIDTH="105" VPOS="2826" HPOS="945"/>
<SP HEIGHT="60" WIDTH="29" VPOS="2825" HPOS="1051"/>
<String CONTENT="Constitution" HEIGHT="60" WIDTH="427" VPOS="2825" HPOS="1081"/>
<SP HEIGHT="57" WIDTH="24" VPOS="2828" HPOS="1509"/>
<String CONTENT="by" HEIGHT="73" WIDTH="83" VPOS="2828" HPOS="1534"/>
<SP HEIGHT="74" WIDTH="23" VPOS="2827" HPOS="1618"/>
<String CONTENT="Albert" HEIGHT="59" WIDTH="224" VPOS="2827" HPOS="1642"/>
<SP HEIGHT="57" WIDTH="22" VPOS="2829" HPOS="1867"/>
<String CONTENT="Bushnell" HEIGHT="134" WIDTH="1971" VPOS="2829" HPOS="95"/>
</TextLine>
<TextLine HEIGHT="152" WIDTH="1968" VPOS="2904" HPOS="98" STYLEREFS="StyleId-08696DB8-46BC-4E1D-B207-AA8A6D07E499-" CS="1">
<String CONTENT="Hart" HEIGHT="57" WIDTH="168" VPOS="2906" HPOS="252"/>
<SP HEIGHT="55" WIDTH="40" VPOS="2908" HPOS="421"/>
<String CS="1" CONTENT="&#8230;"/>
<SP HEIGHT="57" WIDTH="84" VPOS="2904" HPOS="524"/>
<String CONTENT="New" HEIGHT="57" WIDTH="151" VPOS="2904" HPOS="609"/>
<SP HEIGHT="57" WIDTH="31" VPOS="2904" HPOS="761"/>
<String CONTENT="York," HEIGHT="72" WIDTH="190" VPOS="2904" HPOS="793"/>
<SP HEIGHT="71" WIDTH="39" VPOS="2905" HPOS="984"/>
<String CONTENT="The" HEIGHT="58" WIDTH="129" VPOS="2904" HPOS="1024"/>
<SP HEIGHT="58" WIDTH="35" VPOS="2904" HPOS="1154"/>
<String CONTENT="American" HEIGHT="58" WIDTH="337" VPOS="2904" HPOS="1190"/>
<SP HEIGHT="39" WIDTH="32" VPOS="2923" HPOS="1528"/>
<String CONTENT="viewpoint" HEIGHT="72" WIDTH="341" VPOS="2905" HPOS="1561"/>
<SP HEIGHT="57" WIDTH="34" VPOS="2908" HPOS="1903"/>
<String CONTENT="society," HEIGHT="148" WIDTH="1968" VPOS="2907" HPOS="98"/>
<SP HEIGHT="72" WIDTH="21" VPOS="2983" HPOS="219"/>
<String CONTENT="inc.," HEIGHT="73" WIDTH="137" VPOS="2983" HPOS="241"/>
<SP HEIGHT="71" WIDTH="24" VPOS="2985" HPOS="379"/>
<String CONTENT="1925." HEIGHT="56" WIDTH="166" VPOS="2983" HPOS="404"/>
</TextLine>
<TextLine HEIGHT="54" WIDTH="477" VPOS="3060" HPOS="169">
<String CONTENT="64" HEIGHT="44" WIDTH="53" VPOS="3061" HPOS="169"/>
<SP HEIGHT="51" WIDTH="23" VPOS="3063" HPOS="223"/>
<String CONTENT="p." HEIGHT="37" WIDTH="40" VPOS="3077" HPOS="247"/>
<SP HEIGHT="42" WIDTH="60" VPOS="3063" HPOS="288"/>
<String CONTENT="illus." HEIGHT="45" WIDTH="115" VPOS="3060" HPOS="349"/>
<SP HEIGHT="42" WIDTH="58" VPOS="3062" HPOS="465"/>
<String CONTENT="26" HEIGHT="44" WIDTH="54" VPOS="3060" HPOS="524"/>
<String STYLE="superscript" CONTENT="cm" HEIGHT="17" WIDTH="46" VPOS="3063" HPOS="584"/>
<String CONTENT="." HEIGHT="8" WIDTH="9" VPOS="3095" HPOS="637"/>
</TextLine>
<TextLine HEIGHT="114" WIDTH="1968" VPOS="3115" HPOS="98" CS="1">
<String CONTENT="&#8220;The" HEIGHT="45" WIDTH="124" VPOS="3117" HPOS="168"/>
<SP HEIGHT="37" WIDTH="25" VPOS="3125" HPOS="293"/>
<String CONTENT="text" HEIGHT="36" WIDTH="98" VPOS="3125" HPOS="319"/>
<SP HEIGHT="36" WIDTH="27" VPOS="3125" HPOS="418"/>
<String CONTENT="of" HEIGHT="44" WIDTH="50" VPOS="3117" HPOS="446"/>
<SP HEIGHT="43" WIDTH="26" VPOS="3117" HPOS="497"/>
<String CONTENT="this" HEIGHT="45" WIDTH="89" VPOS="3115" HPOS="524"/>
<SP HEIGHT="43" WIDTH="29" VPOS="3117" HPOS="614"/>
<String CONTENT="book" HEIGHT="45" WIDTH="117" VPOS="3116" HPOS="644"/>
<SP HEIGHT="43" WIDTH="26" VPOS="3116" HPOS="762"/>
<String CONTENT="has" HEIGHT="43" WIDTH="82" VPOS="3116" HPOS="789"/>
<SP HEIGHT="44" WIDTH="25" VPOS="3116" HPOS="872"/>
<String CONTENT="been" HEIGHT="44" WIDTH="113" VPOS="3116" HPOS="898"/>
<SP HEIGHT="27" WIDTH="28" VPOS="3132" HPOS="1012"/>
<String CONTENT="read" HEIGHT="42" WIDTH="105" VPOS="3118" HPOS="1041"/>
<SP HEIGHT="42" WIDTH="27" VPOS="3118" HPOS="1147"/>
<String CONTENT="and" HEIGHT="42" WIDTH="87" VPOS="3118" HPOS="1175"/>
<SP HEIGHT="42" WIDTH="28" VPOS="3118" HPOS="1263"/>
<String CONTENT="approved" HEIGHT="51" WIDTH="227" VPOS="3118" HPOS="1292"/>
<SP HEIGHT="44" WIDTH="27" VPOS="3117" HPOS="1520"/>
<String CONTENT="by" HEIGHT="52" WIDTH="58" VPOS="3117" HPOS="1548"/>
<SP HEIGHT="36" WIDTH="28" VPOS="3133" HPOS="1607"/>
<String CONTENT="an" HEIGHT="28" WIDTH="56" VPOS="3133" HPOS="1636"/>
<SP HEIGHT="29" WIDTH="29" VPOS="3131" HPOS="1693"/>
<String CONTENT="editorial" HEIGHT="46" WIDTH="208" VPOS="3116" HPOS="1723"/>
<SP HEIGHT="46" WIDTH="29" VPOS="3117" HPOS="1932"/>
<String CONTENT="advisory" HEIGHT="110" WIDTH="1968" VPOS="3119" HPOS="98"/>
</TextLine>
<TextLine HEIGHT="58" WIDTH="1858" VPOS="3172" HPOS="228">
<String CONTENT="board" HEIGHT="44" WIDTH="141" VPOS="3175" HPOS="228"/>
<SP HEIGHT="43" WIDTH="22" VPOS="3175" HPOS="370"/>
<String CONTENT="composed" HEIGHT="52" WIDTH="238" VPOS="3174" HPOS="393"/>
<SP HEIGHT="44" WIDTH="22" VPOS="3174" HPOS="632"/>
<String CONTENT="of" HEIGHT="45" WIDTH="51" VPOS="3173" HPOS="655"/>
<SP HEIGHT="43" WIDTH="23" VPOS="3173" HPOS="707"/>
<String CONTENT="many" HEIGHT="39" WIDTH="133" VPOS="3187" HPOS="731"/>
<SP HEIGHT="38" WIDTH="24" VPOS="3188" HPOS="865"/>
<String CONTENT="of" HEIGHT="45" WIDTH="51" VPOS="3172" HPOS="890"/>
<SP HEIGHT="44" WIDTH="23" VPOS="3172" HPOS="942"/>
<String CONTENT="the" HEIGHT="44" WIDTH="73" VPOS="3172" HPOS="966"/>
<SP HEIGHT="44" WIDTH="24" VPOS="3172" HPOS="1040"/>
<String CONTENT="leading" HEIGHT="53" WIDTH="182" VPOS="3172" HPOS="1065"/>
<SP HEIGHT="39" WIDTH="22" VPOS="3186" HPOS="1248"/>
<String CONTENT="educators" HEIGHT="43" WIDTH="238" VPOS="3173" HPOS="1271"/>
<SP HEIGHT="30" WIDTH="25" VPOS="3187" HPOS="1510"/>
<String CONTENT="of" HEIGHT="44" WIDTH="50" VPOS="3173" HPOS="1536"/>
<SP HEIGHT="44" WIDTH="22" VPOS="3173" HPOS="1587"/>
<String CONTENT="the" HEIGHT="46" WIDTH="74" VPOS="3172" HPOS="1610"/>
<SP HEIGHT="30" WIDTH="24" VPOS="3188" HPOS="1685"/>
<String CONTENT="whole" HEIGHT="45" WIDTH="144" VPOS="3174" HPOS="1710"/>
<SP HEIGHT="30" WIDTH="25" VPOS="3189" HPOS="1855"/>
<String CONTENT="country." HEIGHT="47" WIDTH="205" VPOS="3183" HPOS="1881"/>
</TextLine>
<TextLine HEIGHT="54" WIDTH="1883" VPOS="3228" HPOS="97">
<String CONTENT="The" HEIGHT="46" WIDTH="99" VPOS="3231" HPOS="97"/>
<SP HEIGHT="44" WIDTH="23" VPOS="3233" HPOS="197"/>
<String CONTENT="book" HEIGHT="44" WIDTH="121" VPOS="3231" HPOS="221"/>
<SP HEIGHT="42" WIDTH="21" VPOS="3231" HPOS="343"/>
<String CONTENT="is" HEIGHT="42" WIDTH="36" VPOS="3232" HPOS="365"/>
<SP HEIGHT="37" WIDTH="24" VPOS="3245" HPOS="402"/>
<String CONTENT="published" HEIGHT="53" WIDTH="232" VPOS="3229" HPOS="427"/>
<SP HEIGHT="43" WIDTH="26" VPOS="3230" HPOS="660"/>
<String CONTENT="in" HEIGHT="42" WIDTH="43" VPOS="3231" HPOS="687"/>
<SP HEIGHT="28" WIDTH="25" VPOS="3244" HPOS="731"/>
<String CONTENT="co&#246;peration" HEIGHT="52" WIDTH="290" VPOS="3229" HPOS="757"/>
<SP HEIGHT="28" WIDTH="23" VPOS="3244" HPOS="1048"/>
<String CONTENT="with" HEIGHT="45" WIDTH="110" VPOS="3228" HPOS="1072"/>
<SP HEIGHT="42" WIDTH="25" VPOS="3229" HPOS="1183"/>
<String CONTENT="federal" HEIGHT="45" WIDTH="171" VPOS="3228" HPOS="1209"/>
<SP HEIGHT="45" WIDTH="27" VPOS="3228" HPOS="1381"/>
<String CONTENT="educational" HEIGHT="44" WIDTH="280" VPOS="3229" HPOS="1409"/>
<SP HEIGHT="46" WIDTH="26" VPOS="3229" HPOS="1690"/>
<String CONTENT="activities.&#8221;" HEIGHT="45" WIDTH="263" VPOS="3231" HPOS="1717"/>
</TextLine>
<TextLine HEIGHT="57" WIDTH="1992" VPOS="3283" HPOS="102" CS="1">
<String CONTENT="&#169;" HEIGHT="53" WIDTH="54" VPOS="3285" HPOS="102"/>
<SP HEIGHT="53" WIDTH="23" VPOS="3285" HPOS="157"/>
<String CONTENT="Apr." HEIGHT="51" WIDTH="112" VPOS="3287" HPOS="181"/>
<SP HEIGHT="43" WIDTH="23" VPOS="3286" HPOS="294"/>
<String CONTENT="28," HEIGHT="51" WIDTH="68" VPOS="3286" HPOS="318"/>
<SP HEIGHT="50" WIDTH="30" VPOS="3287" HPOS="387"/>
<String CS="1" CONTENT="1925;" HEIGHT="45" WIDTH="103" VPOS="3283" HPOS="418"/>
<SP HEIGHT="50" WIDTH="27" VPOS="3286" HPOS="547"/>
<String CONTENT="2c." HEIGHT="42" WIDTH="65" VPOS="3286" HPOS="575"/>
<SP HEIGHT="43" WIDTH="27" VPOS="3285" HPOS="641"/>
<String CONTENT="Aug." HEIGHT="52" WIDTH="118" VPOS="3285" HPOS="669"/>
<SP HEIGHT="42" WIDTH="27" VPOS="3286" HPOS="788"/>
<String CONTENT="31;" HEIGHT="51" WIDTH="77" VPOS="3286" HPOS="816"/>
<SP HEIGHT="38" WIDTH="29" VPOS="3299" HPOS="894"/>
<String CONTENT="aff." HEIGHT="43" WIDTH="78" VPOS="3285" HPOS="924"/>
<SP HEIGHT="43" WIDTH="26" VPOS="3285" HPOS="1003"/>
<String CONTENT="Aug." HEIGHT="52" WIDTH="120" VPOS="3285" HPOS="1030"/>
<SP HEIGHT="41" WIDTH="24" VPOS="3286" HPOS="1151"/>
<String CONTENT="28;" HEIGHT="51" WIDTH="79" VPOS="3285" HPOS="1176"/>
<SP HEIGHT="51" WIDTH="30" VPOS="3285" HPOS="1256"/>
<!-- cceid 34C97F63-6DD5-1014-B757-AF09C522E301 --><String CONTENT="A" HEIGHT="42" WIDTH="44" VPOS="3285" HPOS="1287"/>
<SP HEIGHT="43" WIDTH="25" VPOS="3285" HPOS="1332"/>
<String CONTENT="861621;" HEIGHT="53" WIDTH="189" VPOS="3284" HPOS="1358"/>
<SP HEIGHT="51" WIDTH="30" VPOS="3286" HPOS="1548"/>
<String CONTENT="American" HEIGHT="44" WIDTH="245" VPOS="3286" HPOS="1579"/>
<SP HEIGHT="28" WIDTH="25" VPOS="3302" HPOS="1825"/>
<String CONTENT="viewpoint" HEIGHT="53" WIDTH="243" VPOS="3287" HPOS="1851"/>
</TextLine>
<TextLine HEIGHT="56" WIDTH="630" VPOS="3339" HPOS="173">
<String CONTENT="society," HEIGHT="52" WIDTH="183" VPOS="3342" HPOS="173"/>
<SP HEIGHT="51" WIDTH="23" VPOS="3343" HPOS="357"/>
<String CONTENT="inc." HEIGHT="42" WIDTH="83" VPOS="3343" HPOS="381"/>
<SP HEIGHT="52" WIDTH="67" VPOS="3343" HPOS="465"/>
<String CONTENT="(25-17444)" HEIGHT="56" WIDTH="270" VPOS="3339" HPOS="533"/>
</TextLine>
<TextLine HEIGHT="75" WIDTH="1100" VPOS="3438" HPOS="100" STYLEREFS="StyleId-8B820333-80BD-4BE9-8378-D71E107D50F4-">
<String CONTENT="Vogel," HEIGHT="73" WIDTH="212" VPOS="3440" HPOS="100"/>
<SP HEIGHT="71" WIDTH="42" VPOS="3440" HPOS="313"/>
<String CONTENT="Johann" HEIGHT="62" WIDTH="252" VPOS="3439" HPOS="356"/>
<SP HEIGHT="57" WIDTH="38" VPOS="3439" HPOS="609"/>
<String CONTENT="Heinrich," HEIGHT="68" WIDTH="317" VPOS="3438" HPOS="648"/>
<SP HEIGHT="64" WIDTH="44" VPOS="3442" HPOS="966"/>
<String CONTENT="1862-" HEIGHT="56" WIDTH="189" VPOS="3442" HPOS="1011"/>
</TextLine>
<TextLine HEIGHT="75" WIDTH="1915" VPOS="3529" HPOS="181" STYLEREFS="StyleId-08696DB8-46BC-4E1D-B207-AA8A6D07E499-">
<String LANG="en-US" CONTENT="Carbid" HEIGHT="60" WIDTH="232" VPOS="3529" HPOS="181"/>
<SP HEIGHT="55" WIDTH="22" VPOS="3533" HPOS="414"/>
<String LANG="de" CONTENT="und" HEIGHT="57" WIDTH="127" VPOS="3531" HPOS="437"/>
<SP HEIGHT="57" WIDTH="24" VPOS="3531" HPOS="565"/>
<String LANG="en-US" CONTENT="acetyl" HEIGHT="71" WIDTH="201" VPOS="3531" HPOS="590"/>
<String LANG="fr" CONTENT="en" HEIGHT="39" WIDTH="74" VPOS="3549" HPOS="797"/>
<SP HEIGHT="38" WIDTH="24" VPOS="3549" HPOS="872"/>
<String LANG="de" CONTENT="als" HEIGHT="57" WIDTH="92" VPOS="3531" HPOS="897"/>
<SP HEIGHT="39" WIDTH="26" VPOS="3549" HPOS="990"/>
<String LANG="de" CONTENT="ausgangsmaterial" HEIGHT="71" WIDTH="612" VPOS="3531" HPOS="1017"/>
<SP HEIGHT="57" WIDTH="22" VPOS="3531" HPOS="1630"/>
<String LANG="de" CONTENT="f&#252;r" HEIGHT="57" WIDTH="109" VPOS="3532" HPOS="1653"/>
<SP HEIGHT="53" WIDTH="22" VPOS="3551" HPOS="1763"/>
<String LANG="de" CONTENT="produkte" HEIGHT="70" WIDTH="310" VPOS="3534" HPOS="1786"/>
</TextLine>
<TextLine HEIGHT="78" WIDTH="1927" VPOS="3606" HPOS="102" STYLEREFS="StyleId-08696DB8-46BC-4E1D-B207-AA8A6D07E499-" CS="1">
<String LANG="de" CONTENT="der" HEIGHT="55" WIDTH="113" VPOS="3611" HPOS="102"/>
<SP HEIGHT="37" WIDTH="38" VPOS="3628" HPOS="216"/>
<String LANG="de" CONTENT="chemischen" HEIGHT="58" WIDTH="388" VPOS="3607" HPOS="255"/>
<SP HEIGHT="55" WIDTH="37" VPOS="3608" HPOS="644"/>
<String LANG="fr" CONTENT="industrie," HEIGHT="70" WIDTH="331" VPOS="3608" HPOS="682"/>
<SP HEIGHT="51" WIDTH="37" VPOS="3627" HPOS="1014"/>
<String LANG="de" CONTENT="von" HEIGHT="38" WIDTH="123" VPOS="3626" HPOS="1052"/>
<SP HEIGHT="52" WIDTH="37" VPOS="3626" HPOS="1176"/>
<String LANG="fr" CONTENT="prof." HEIGHT="72" WIDTH="167" VPOS="3606" HPOS="1214"/>
<SP HEIGHT="57" WIDTH="42" VPOS="3608" HPOS="1382"/>
<String LANG="de" CONTENT="dr." HEIGHT="57" WIDTH="91" VPOS="3608" HPOS="1425"/>
<SP HEIGHT="58" WIDTH="41" VPOS="3609" HPOS="1517"/>
<String LANG="fr" CONTENT="J." HEIGHT="58" WIDTH="60" VPOS="3609" HPOS="1559"/>
<SP HEIGHT="56" WIDTH="42" VPOS="3610" HPOS="1620"/>
<String LANG="de" CONTENT="H." HEIGHT="56" WIDTH="80" VPOS="3610" HPOS="1663"/>
<SP HEIGHT="58" WIDTH="38" VPOS="3610" HPOS="1744"/>
<String LANG="de" CONTENT="Vogel" HEIGHT="74" WIDTH="201" VPOS="3610" HPOS="1783"/>
<SP HEIGHT="56" WIDTH="44" VPOS="3612" HPOS="1985"/>
<String LANG="de" CS="1" CONTENT="&#8230;"/>
</TextLine>
<TextLine HEIGHT="75" WIDTH="1995" VPOS="3684" HPOS="101" STYLEREFS="StyleId-08696DB8-46BC-4E1D-B207-AA8A6D07E499-" LANG="de" CS="1">
<String CONTENT="und" HEIGHT="55" WIDTH="127" VPOS="3687" HPOS="101"/>
<SP HEIGHT="57" WIDTH="27" VPOS="3687" HPOS="229"/>
<String CONTENT="dr.-ing." HEIGHT="72" WIDTH="247" VPOS="3686" HPOS="257"/>
<SP HEIGHT="56" WIDTH="27" VPOS="3686" HPOS="505"/>
<String CONTENT="Armin" HEIGHT="57" WIDTH="227" VPOS="3685" HPOS="533"/>
<SP HEIGHT="58" WIDTH="28" VPOS="3685" HPOS="761"/>
<String CONTENT="Schulze" HEIGHT="58" WIDTH="257" VPOS="3685" HPOS="790"/>
<SP HEIGHT="37" WIDTH="34" VPOS="3705" HPOS="1048"/>
<String CS="1" CONTENT="&#8230;"/>
<SP HEIGHT="56" WIDTH="85" VPOS="3685" HPOS="1146"/>
<String CONTENT="Mit" HEIGHT="58" WIDTH="119" VPOS="3684" HPOS="1232"/>
<SP HEIGHT="53" WIDTH="30" VPOS="3689" HPOS="1352"/>
<String CONTENT="zwei" HEIGHT="57" WIDTH="149" VPOS="3686" HPOS="1383"/>
<SP HEIGHT="58" WIDTH="25" VPOS="3685" HPOS="1533"/>
<String CONTENT="figuren" HEIGHT="74" WIDTH="244" VPOS="3685" HPOS="1559"/>
<SP HEIGHT="57" WIDTH="26" VPOS="3688" HPOS="1804"/>
<String CONTENT="im" HEIGHT="57" WIDTH="86" VPOS="3688" HPOS="1831"/>
<SP HEIGHT="55" WIDTH="26" VPOS="3692" HPOS="1918"/>
<String LANG="en-US" CONTENT="text." HEIGHT="55" WIDTH="151" VPOS="3692" HPOS="1945"/>
</TextLine>
<TextLine HEIGHT="75" WIDTH="899" VPOS="3762" HPOS="101" STYLEREFS="StyleId-08696DB8-46BC-4E1D-B207-AA8A6D07E499-" LANG="de" CS="1">
<String CONTENT="Leipzig," HEIGHT="74" WIDTH="275" VPOS="3763" HPOS="101"/>
<SP HEIGHT="73" WIDTH="34" VPOS="3762" HPOS="377"/>
<String CS="1" CONTENT="O." HEIGHT="10" WIDTH="10" VPOS="3811" HPOS="469"/>
<SP HEIGHT="59" WIDTH="38" VPOS="3763" HPOS="480"/>
<String CONTENT="Spamer," HEIGHT="72" WIDTH="281" VPOS="3763" HPOS="519"/>
<SP HEIGHT="69" WIDTH="33" VPOS="3766" HPOS="801"/>
<String CONTENT="1924." HEIGHT="57" WIDTH="165" VPOS="3764" HPOS="835"/>
</TextLine>
<TextLine HEIGHT="55" WIDTH="510" VPOS="3840" HPOS="175" LANG="de">
<String CONTENT="130" HEIGHT="43" WIDTH="77" VPOS="3842" HPOS="175"/>
<SP HEIGHT="53" WIDTH="35" VPOS="3842" HPOS="253"/>
<String CONTENT="p." HEIGHT="37" WIDTH="39" VPOS="3858" HPOS="289"/>
<SP HEIGHT="43" WIDTH="59" VPOS="3842" HPOS="329"/>
<String CONTENT="illus." HEIGHT="45" WIDTH="114" VPOS="3840" HPOS="389"/>
<SP HEIGHT="41" WIDTH="58" VPOS="3842" HPOS="504"/>
<String CONTENT="24" HEIGHT="43" WIDTH="54" VPOS="3842" HPOS="563"/>
<String STYLE="superscript" CONTENT="cm" HEIGHT="17" WIDTH="47" VPOS="3844" HPOS="623"/>
<String CONTENT="." HEIGHT="8" WIDTH="8" VPOS="3877" HPOS="677"/>
</TextLine>
<TextLine HEIGHT="58" WIDTH="1793" VPOS="3895" HPOS="105" LANG="de" CS="1">
<String CONTENT="&#169;" HEIGHT="54" WIDTH="53" VPOS="3895" HPOS="105"/>
<SP HEIGHT="54" WIDTH="28" VPOS="3895" HPOS="159"/>
<String CONTENT="Nov." HEIGHT="43" WIDTH="117" VPOS="3898" HPOS="188"/>
<SP HEIGHT="42" WIDTH="31" VPOS="3899" HPOS="306"/>
<String CONTENT="15," HEIGHT="52" WIDTH="62" VPOS="3896" HPOS="338"/>
<SP HEIGHT="49" WIDTH="30" VPOS="3899" HPOS="401"/>
<String CONTENT="1924;" HEIGHT="51" WIDTH="128" VPOS="3898" HPOS="432"/>
<SP HEIGHT="49" WIDTH="33" VPOS="3900" HPOS="561"/>
<String CS="1" CONTENT="1c." HEIGHT="27" WIDTH="36" VPOS="3914" HPOS="619"/>
<SP HEIGHT="43" WIDTH="28" VPOS="3898" HPOS="656"/>
<String CONTENT="Feb." HEIGHT="44" WIDTH="107" VPOS="3898" HPOS="685"/>
<SP HEIGHT="42" WIDTH="31" VPOS="3899" HPOS="793"/>
<String CONTENT="16," HEIGHT="52" WIDTH="63" VPOS="3898" HPOS="825"/>
<SP HEIGHT="51" WIDTH="32" VPOS="3899" HPOS="889"/>
<String CONTENT="1925;" HEIGHT="53" WIDTH="130" VPOS="3897" HPOS="922"/>
<SP HEIGHT="52" WIDTH="30" VPOS="3898" HPOS="1053"/>
<!-- cceid 34C9C90A-6DD5-1014-B757-AF09C522E301 --><String CONTENT="A&#8212;Foreign" HEIGHT="55" WIDTH="302" VPOS="3896" HPOS="1084"/>
<SP HEIGHT="41" WIDTH="23" VPOS="3899" HPOS="1387"/>
<String CONTENT="26848;" HEIGHT="54" WIDTH="163" VPOS="3898" HPOS="1411"/>
<SP HEIGHT="51" WIDTH="32" VPOS="3901" HPOS="1575"/>
<String CONTENT="O." HEIGHT="44" WIDTH="55" VPOS="3901" HPOS="1608"/>
<SP HEIGHT="47" WIDTH="32" VPOS="3900" HPOS="1664"/>
<String CONTENT="Spamer." HEIGHT="53" WIDTH="201" VPOS="3900" HPOS="1697"/>
</TextLine>
<TextLine HEIGHT="56" WIDTH="270" VPOS="3952" HPOS="184" LANG="de">
<String CONTENT="(25-16953)" HEIGHT="56" WIDTH="270" VPOS="3952" HPOS="184"/>
</TextLine>
</TextBlock>
</PrintSpace>
</Page>
</Layout>
</alto>