2533 4412
1085 4070 110 55 487

150 422 514 73 Guggenheimer,
703 422 249 59 Samuel
990 422 76 56 H.

225 500 128 56 The
390 499 289 57 Einstein
714 500 224 70 theory
972 498 327 71 explained
1337 498 121 57 and
1493 498 319 70 analyzed,
1847 498 83 70 by

147 496 1966 138 Samuel
285 578 76 55 H.
405 575 514 74 Guggenheimer.
1000 576 149 56 New
1185 575 191 71 York,
1417 576 129 56 The
1585 573 358 59 Macmillan
145 593 1968 133 company,
361 655 164 55 1925.

222 733 62 44 vii
310 747 55 38 p.,
391 735 25 41 2
461 768 22 14 l.,
512 731 79 45 326
616 747 40 37 p.
744 732 26 43 19½c
821 734 29 17 m
858 768 7 7 .

150 786 53 54 ©
227 790 111 50 Apr.
362 789 67 50 28,
460 786 128 54 1925;
614 789 64 42 2c.
703 789 87 42 and
816 788 78 43 aff.
923 789 111 51 Apr.
1060 788 78 51 29;
1167 789 43 41 A
1237 787 188 52 829141;
1458 785 182 48 Samuel
1669 787 60 42 H.
1760 785 376 54 Guggenheimer,

220 845 118 44 New
365 845 140 44 York.
575 842 243 57 (25-9128)

149 930 217 70 Guthe,
408 930 147 57 Carl
590 930 234 72 Eugen,
865 932 187 56 1893-

291 1006 1849 73 … Pueblo pottery making, a study at the village of San
147 1085 341 71 Ildefonso,
523 1085 81 71 by
643 1083 147 59 Carl
825 1084 71 56 E.
938 1084 219 59 Guthe.
1240 1083 152 58 New
1426 1083 243 72 Haven,
1705 1084 154 58 Pub.
1895 1084 107 58 for
2036 1085 104 57 the

146 1162 414 72 Department
595 1163 68 56 of
698 1161 429 73 archaeology,
1164 1160 268 72 Phillips
1472 1162 313 72 academy,
1824 1161 315 72 Andover,

149 1240 210 69 Mass.,
386 1241 83 70 by
496 1240 103 56 the
626 1239 155 58 Yale
808 1239 353 71 university
1187 1257 198 53 press,
1416 1239 166 56 1925.

216 1314 1925 55 2 p. l., [vii]-viii p., 1 l., 88, [1] p. illus., 35 pl. (incl. front: port.) 28½c m .
156 1373 287 54 (Half-title:
477 1374 169 51 Papers
674 1373 50 43 of
750 1372 74 44 the
854 1370 339 48 Southwestern
1220 1371 268 53 expedition,
1519 1387 70 29 no.
1617 1372 52 53 2)

217 1431 64 44 At
308 1429 116 45 head
452 1430 50 45 of
530 1428 121 46 title:
669 1430 313 52 -Department
1009 1429 49 45 of
1089 1429 314 54 archaeology,
1434 1428 191 54 Phillips
1655 1430 225 52 academy,
1912 1429 230 51 Andover,

149 1487 370 44 Massachusetts.

218 1543 351 53 Bibliography:
601 1557 39 38 p.
674 1543 80 47 [89]

149 1598 53 54 ©
229 1601 112 50 Apr.
371 1601 36 49 3,
442 1599 129 53 1925;
602 1601 63 42 2c.
695 1601 111 51 Apr.
838 1598 49 57 6;
919 1600 78 42 aff.
1028 1599 112 52 Apr.
1170 1598 79 53 25;
1282 1600 43 43 A
1355 1597 189 54 823925;
1576 1599 117 43 Yale
1719 1598 248 53 university
1998 1613 138 37 press.

181 1687 13 10 .
226 1655 243 56 (25-9216)

148 1739 320 72 Hawkins,
507 1740 278 58 Richard
822 1740 193 72 Hays,
1057 1742 189 57 1879-

146 1816 1966 136 … Notes on equity practice in Pennsylvania, by Richard
294 1893 1844 76 H. Hawkins … <Ed. of 1925> Toledo, O., Press of
143 1973 104 57 the
272 1973 80 57 H.
379 1974 61 57 J.
470 1972 375 59 Chittenden
873 1991 86 38 co.
990 2002 12 44 [
1004 1980 19 21 c
1028 1972 163 72 1925]

221 2055 24 41 2
269 2068 40 37 p.
366 2087 8 15 l.,
401 2051 136 45 3-180
561 2053 151 42 numb.
738 2052 27 43 1.
826 2051 52 45 28
885 2053 46 17 cm
938 2086 8 8 .

221 2110 64 43 At
310 2109 113 43 head
449 2109 51 44 of
524 2107 122 45 title:
677 2107 267 53 Pittsburgh
973 2107 87 45 law
1088 2107 167 45 school.

226 2166 185 43 Printed
437 2180 57 29 on
520 2180 82 28 one
629 2165 94 43 side
749 2164 51 45 of
822 2164 92 44 leaf
938 2164 117 52 only.

148 2219 53 54 ©
233 2222 111 51 Apr.
382 2220 62 53 17,
480 2219 128 52 1925;
640 2221 65 42 2c.
739 2220 88 43 and
859 2222 78 41 aff.
973 2221 111 51 Apr.
1123 2220 72 51 18;
1231 2219 43 43 A
1308 2219 188 48 823839;
1535 2220 52 42 R.
1623 2220 62 43 H.

1722 2218 239 54 Hawkins,
217 2219 1897 111 Pittsburgh.
445 2275 243 56 (25-9013)

147 2347 305 68 Hellman,
496 2348 238 71 George
776 2346 251 73 Sidney,
1071 2348 189 58 1878-

222 2427 418 73 Washington
669 2426 237 73 Irving,
939 2425 263 74 esquire,
1234 2427 409 56 ambassador
1673 2428 65 57 at
1765 2428 176 71 large
1968 2427 166 57 from

148 2505 103 57 the
290 2526 135 37 new
460 2507 198 59 world
693 2510 63 54 to
796 2506 102 57 the
940 2507 118 68 old,
1096 2506 81 71 by
1217 2505 241 72 George
1502 2505 60 59 S.
1603 2505 323 68 Heilman;
150 2505 1961 137 illustrated
386 2583 149 58 with
567 2585 99 58 old

698 2582 409 75 engravings;
1137 2582 341 61 facsimiles
1510 2585 67 59 of
1606 2581 280 74 Irving’s
1917 2585 221 58 letters

149 2665 122 55 and
307 2664 454 70 manuscripts;
804 2665 121 56 and
967 2663 278 58 sketches
1285 2664 83 71 by
1405 2662 268 58 himself.
1758 2663 150 59 New
1945 2663 190 71 York,

147 2741 75 57 A.
251 2742 75 56 A.
355 2740 241 73 Knopf,
629 2742 163 57 1925.

218 2818 1355 53 xi, 355, [1] p. front. plates, ports., facsims. 24½ cm .
148 2872 54 54 ©
237 2875 111 51 Apr.
383 2875 64 49 24,
490 2872 127 50 1925;
654 2875 65 42 2c.
758 2876 86 42 and
881 2876 77 42 aff.
996 2876 111 51 Apr.
1146 2874 77 52 30;
1262 2875 43 41 A
1342 2873 189 54 823957;
1574 2874 50 44 G.
1668 2874 44 46 S.
1751 2874 227 52 Hellman,
2018 2875 119 44 New

217 2931 141 42 York.
428 2929 242 55 (25-9162)

148 3002 257 68 Heuser,
446 3002 277 56 Herman
762 3002 252 72 Joseph,
1053 3004 191 57 1851-

222 3078 523 73 Autobiography
775 3080 65 56 of
870 3098 78 38 an
978 3080 102 56 old
1107 3078 314 72 breviary,
1452 3079 208 58 edited
1687 3081 83 71 by
1798 3081 149 56 Rev.
144 3080 1969 133 Herman
310 3157 60 58 J.

393 3155 1743 76 Heuser, D . D. New York, Cincinnati [etc.] Benziger
145 3234 308 70 brothers,
490 3235 164 55 1925.

214 3312 80 44 249
323 3326 40 38 p.
425 3311 143 44 front.
631 3312 52 44 19
689 3314 46 18 em
742 3348 8 8 .

218 3366 308 45 “Introduced
557 3367 108 44 with
699 3384 25 27 a
757 3367 117 44 view
906 3368 52 43 of
992 3367 318 55 interpreting,
1343 3368 43 43 in
1421 3386 24 27 a
1481 3367 205 45 familiar
1719 3383 112 37 way,
1865 3368 77 45 the
1972 3367 166 53 object,

146 3430 177 45 nature,
353 3422 90 46 and
473 3430 209 39 contents
712 3424 53 44 of
796 3425 75 45 the
902 3423 165 45 official
1097 3424 311 54 prayer-book
1436 3425 53 42 of
1518 3424 78 45 the
1627 3423 211 46 Catholic
1869 3424 270 44 church.”—

148 3480 178 44 Introd.

148 3534 53 54 ©
229 3537 111 51 Apr.
372 3537 63 49 18,
466 3535 128 53 1925;
624 3538 64 42 2c.
719 3538 110 51 Apr.
859 3537 78 52 27;
969 3539 78 42 aff.
1077 3539 111 51 Apr.
1218 3538 78 52 22;
1326 3539 43 41 A
1401 3537 188 53 823917;
1624 3538 223 52 Benziger
1875 3539 118 43 bros.

226 3591 242 55 (25-9037)

149 3661 158 67 Hoh,
348 3663 159 57 Paul
543 3663 58 57 J.

220 3738 1915 76 Bible cross-word puzzle book, by Paul J. Hoh … New
143 3816 1372 79 York, George H. Doran company [ c 1925]
228 3895 73 44 111
333 3910 38 38 p.
432 3897 165 50 diagrs.
657 3895 52 45 20
717 3899 46 17 cm
770 3932 7 7 .

150 3949 52 53 ©
228 3950 104 44 Feb.
358 3951 67 47 20,
454 3950 128 49 1925;
611 3952 64 43 2c.
701 3953 111 46 Apr.
838 3954 77 45 29:
945 3954 78 42 aff.
1051 3955 109 44 Apr.
1187 3954 79 45 28:
1297 3955 43 41 A
1367 3954 188 45 829112:
1588 3954 178 44 George
1792 3956 61 42 H.
1882 3955 154 42 Doran
2065 3969 65 27 co.

227 4006 241 55 (25-9123)
