2533 4412
1039 3988 148 56 1465

123 339 346 73 Anderson,
504 339 276 58 Andrew
812 339 245 71 Gustaf,
1094 341 189 57 1857-

204 434 205 57 Teach
457 452 72 38 us
580 439 63 53 to
693 452 192 53 pray;
938 455 36 37 a
1022 432 160 58 book
1231 435 68 57 of
1349 452 266 53 prayers
1667 436 106 58 for
1824 432 296 73 children,

124 511 200 58 culled
357 512 66 56 in
456 530 190 52 many
678 511 197 72 fields,
910 513 82 70 by
1023 511 76 57 A.
1139 511 68 59 G.
1244 511 351 58 Anderson.
1679 513 171 56 Rock
1886 513 235 70 Island,

124 588 115 69 Ill.,
267 589 376 72 Augustana
671 589 159 58 book
860 607 261 40 concern
1154 589 181 72 [1925]

249 699 8 14 61,
289 667 53 48 [1]
371 680 40 37 p.
473 664 150 52 front.,
651 664 119 46 illus.
833 667 120 45 14cm.

125 717 53 54 ©
206 719 118 44 Nov.
355 720 64 51 14,
450 719 129 53 1925;
607 721 63 42 2c.
699 721 86 43 and
813 721 79 42 aff.
921 720 120 44 Nov.
1073 722 74 50 18;
1178 721 44 42 A
1249 719 190 53 875148;
1471 721 267 53 Augustana
1768 723 119 43 book
1915 738 204 30 concern.

203 774 269 56 (25-24368)

121 874 290 74 Antoine,
444 877 74 57 A.

121 968 1974 150 Les routes américaines, par A. Antoine … Paris, Dunod, 1925.
190 1123 1107 53 2 p. l., 96 p. front., illus., diagrs. 21½cm.
122 1176 1515 56 © June 18, 1925; 1c. Oct. 30; A—Foreign 29018; Dunod.
201 1233 269 55 (25-27634)

123 1333 255 72 Barnes,
414 1332 217 74 Nellie,
669 1353 192 55 comp.

197 1423 336 58 American
564 1422 228 59 Indian
800 1423 162 58 love
992 1423 190 72 lyrics
1217 1424 124 57 and
1374 1423 179 58 other
1585 1442 200 54 verse,
1818 1425 168 59 from
2018 1427 104 59 the

123 1521 186 54 songs
343 1502 69 57 of
444 1502 104 57 the
581 1502 206 56 North
819 1501 338 57 American
1187 1501 282 72 Indians,
1506 1502 267 59 selected
1805 1504 83 71 by
1922 1504 200 59 Nellie

118 1580 275 70 Barnes;
423 1580 316 57 foreword
765 1580 83 71 by
875 1579 185 71 Mary
1085 1579 250 58 Austin.
1400 1579 151 58 New
1578 1579 189 75 York,
1799 1582 129 58 The
118 1584 1982 131 Macmillan
679 1703 12 25 company,
727 1658 165 55 1925.

193 1736 77 44 190
303 1750 41 38 p.
403 1736 53 43 20
464 1737 47 18 cm
517 1770 9 9 .

119 1791 54 54 ©
199 1794 108 42 Dec.
338 1794 34 50 1,
403 1790 128 53 1925;
558 1792 64 42 2c.
649 1793 87 42 and
763 1792 79 43 aff.
871 1792 109 42 Dec.
1006 1791 50 52 2;
1086 1791 44 42 A
1155 1789 189 54 872669;
1377 1791 265 45 Macmillan
1669 1809 65 29 co.

198 1847 269 57 (25-24985)

122 1948 267 74 [Begbie,
428 1946 259 77 Harold]
728 1951 189 56 1871-

195 2040 130 57 The
371 2042 164 55 state
581 2039 69 57 of
693 2039 323 72 England;
1065 2037 348 60 conditions
1459 2039 298 74 political,
1803 2040 311 75 financial,

115 2117 341 59 industrial
486 2118 122 56 and
641 2117 209 72 social,
882 2118 167 71 1925,
1078 2116 84 72 by
1192 2136 38 38 a
1260 2118 355 72 gentleman
1645 2118 151 58 with
1828 2138 38 38 a
1897 2121 219 57 duster

184 2194 1851 76 … New York and London, G. P. Putnam’s sons, 1925.
194 2276 79 44 149
296 2291 40 37 p.
395 2276 122 42 22cm.

192 2333 190 44 London
406 2331 168 45 edition
609 2330 154 54 (Mills
791 2331 37 43 &
855 2331 139 50 Boon,
1021 2329 196 54 limited)
1250 2329 82 45 has
1359 2330 122 44 title:
1513 2330 285 45 Declension.

528 2385 1593 54 CONTENTS. —Economic foundations.—Signs of unsoundness.—A thesis of
121 2446 92 44 life.

119 2500 53 53 ©
202 2502 119 43 Nov.
350 2500 64 50 20,
449 2498 128 53 1925;
609 2500 63 43 2c.
703 2500 87 43 and
817 2499 80 43 aff.
929 2499 119 44 Nov.
1077 2499 78 52 28;
1187 2499 45 43 A
1261 2497 190 54 875268;
1485 2498 51 45 G.
1569 2501 51 42 P.
1652 2500 233 44 Putnam’s
1916 2516 117 29 sons.

198 2556 270 56 (25-24993)

119 2645 182 70 Behr,
338 2643 195 57 Hans.

116 2736 1974 150 … Die wälzlager, kugel- und rollenlager, unter mitwirkung
427 2817 107 56 des
560 2815 455 70 herausgebers
1043 2813 363 71 bearbeitet,
1433 2833 125 38 von
1580 2812 327 74 ingenieur
1933 2816 180 58 Hans

117 2889 1995 76 Behr … und oberingenieur Max Gohlke … Zugleich 2.
117 2967 1975 153 aufl. des von W. Ahrens … verfassten buches “Die kugellager
322 3049 127 56 und
477 3045 136 59 ihre
641 3045 425 71 Verwendung
1094 3043 89 63 im
1208 3043 560 60 maschinenbau”.
1851 3045 120 61 Mit
2004 3049 110 56 250

117 3124 570 70 textabbildungen.
770 3121 237 70 Berlin,
1033 3122 58 58 J.
1124 3120 324 74 Springer,
1478 3123 165 57 1925.

116 3193 1975 114 v, 126 p. illus., diagrs. 28 cm . (Einzelkonstruktionen aus dem maschinenbau … 4. hft.)
118 3306 1794 60 © July 17, 1925; 1c. Oct. 10; A —Foreign 28888; Julius Springer.
197 3368 269 56 (25-27633)

118 3455 339 71 Bercovici,
498 3453 278 70 Konrad,
817 3453 189 58 1882-
1163 3451 92 58 ed.

193 3549 153 58 Best
384 3549 179 62 short
599 3544 226 59 stories
863 3545 69 58 of
967 3545 104 57 the
1106 3542 226 72 world;
1373 3544 206 58 edited
1615 3544 150 58 with
1802 3564 80 40 an
118 3548 1969 149 introduction,
412 3626 84 70 by

519 3624 268 58 Konrad
811 3618 341 60 Bercovici.
1219 3620 258 72 Boston,
1506 3622 211 72 Mass.,
1749 3625 130 58 The
117 3625 1972 140 Stratford
293 3721 320 52 company,
643 3701 167 58 1925.

186 3785 27 43 6
236 3798 41 36 P.
321 3816 22 16 l.,
372 3779 83 48 516
478 3795 40 36 p.
577 3778 123 46 20cm.

516 3830 1600 58 CONTENTS. —The procurator of Judea, by A. France, tr. by F. Chapman.—
119 3897 43 42 A
189 3896 179 50 passion
396 3892 45 45 in
469 3892 74 43 the
569 3893 161 47 desert,
758 3893 59 47 by
844 3890 60 42 H.
932 3891 55 43 de
1013 3888 410 52 Balzac.—Bontje
1448 3891 76 44 the
1550 3890 146 53 silent,
1723 3892 58 51 by
1806 3894 43 50 J.
1877 3893 50 45 L.
1959 3893 153 60 Perez,
