2533 4412
1376 4062 73 55 52

416 561 2004 77 tion by George W. Richards … New York, Chicago [etc.]
415 640 289 73 Fleming
730 641 78 56 H.
840 641 220 57 Revell
1088 660 308 52 company
1427 672 12 42 [
1442 649 18 21 c
1464 643 165 71 1924]

492 722 364 51 224 p. 19 ½c m .
411 774 55 54 ©
494 776 120 43 Nov.
641 776 37 49 8,
708 777 130 51 1924;
864 777 66 42 2c.
956 777 90 43 and
1070 776 79 43 aff.
1177 777 99 52 Jan.
1307 776 63 52 10,
1400 776 129 49 1925;
1560 777 45 42 A

1629 775 191 53 815530;
1852 776 207 55 Fleming
2088 780 59 41 H.
2175 778 158 44 Revell
2360 794 65 28 co.

497 831 244 57 (25-1737)

415 934 362 73 Dickinson,
818 934 135 59 Asa
993 935 156 71 Don,
1193 937 191 57 1876-
1542 956 194 53 comp.

495 1025 131 60 One
653 1026 318 58 thousand
995 1026 139 58 best
1159 1026 214 70 books,
1403 1026 105 60 the
1537 1025 346 59 household
1911 1026 187 73 guide
2130 1032 64 54 to
2226 1052 36 37 a
416 1027 1988 136 lifetime’s
659 1103 297 73 reading;
987 1124 36 37 a

1050 1104 328 58 variorum
1405 1103 127 77 list,
1567 1103 309 74 compiled
1906 1104 169 60 from
2102 1124 192 54 many
416 1126 1988 116 authoritative
818 1182 350 72 selections,
1195 1182 153 59 with
1376 1181 384 75 descriptive

1786 1188 201 68 notes,
2013 1186 82 71 by
2125 1186 135 56 Asa
2289 1185 137 58 Don

415 1261 2013 77 Dickinson … Garden City, N. Y., Doubleday, Page &
415 1360 327 54 company,
777 1341 167 57 1924.

485 1420 662 53 xvii p., 1 l., 416 p. 21c m .
485 1477 172 45 Added
687 1485 122 46 t.-p.:
845 1477 103 44 One
977 1476 237 45 thousand
1243 1478 101 43 best
1374 1477 161 53 books,
1567 1478 76 43 the
1675 1477 196 46 lifetime
1903 1478 325 45 vade-mecum
2264 1480 55 43 of
2352 1479 76 44 the

415 1535 841 54 readinge man; a variorum list …
486 1593 279 53 “Arranged
797 1591 254 54 according
1079 1600 48 35 to
1158 1591 207 52 authors,
1397 1591 367 55 alphabetically,
1797 1592 112 46 with
1943 1593 175 44 notes.”

485 1649 217 45 Includes
728 1650 99 44 also
852 1650 77 44 the
959 1648 248 54 following
1233 1649 126 43 lists:
1391 1648 225 54 Authors,
1643 1649 233 54 arranged
1904 1651 59 53 by
1987 1650 144 53 dates,
2159 1652 60 53 by
416 1650 1990 112 nationality
554 1707 92 46 and

679 1709 58 52 by
766 1709 378 50 endorsements;
1180 1706 136 53 titles,
1347 1707 61 53 by
1437 1705 378 54 endorsements;
1851 1707 193 45 authors
2078 1706 92 47 and
2200 1708 139 53 titles,
2370 1710 56 53 by

417 1766 206 52 subject;
656 1766 114 50 also,
800 1782 27 28 a
859 1764 99 46 title
990 1764 157 53 index,
1178 1764 92 44 and
1301 1771 77 37 ten
1411 1764 100 44 lists
1542 1764 54 45 of
1630 1765 81 44 100
1740 1764 125 47 titles
1899 1765 126 53 each,
2057 1765 252 54 suggested
2344 1766 80 43 for

416 1823 282 44 continuous
733 1821 220 54 reading;
993 1823 94 43 and
1123 1838 50 27 as
1213 1820 248 55 appendix,
1499 1821 77 45 the
1614 1822 239 44 Women’s
1894 1823 143 43 clubs’
2075 1822 138 46 home
2254 1823 174 53 library

423 1881 110 54 (200
557 1880 142 55 vols.)

485 1936 155 47 “First
668 1935 219 47 edition.”

485 1993 329 56 “Description
843 1995 55 45 of
923 1993 101 47 lists
1052 1992 175 47 cited”:
1259 2009 40 39 p.
1330 1993 119 45 1-11.

412 2052 53 53 ©
491 2054 110 42 Dec.
629 2052 49 44 17,
721 2054 130 52 1924;
879 2054 65 42 2c.
970 2054 89 42 and
1083 2052 79 44 aff.
1189 2053 99 52 Jan.
1314 2054 40 51 2,
1384 2051 130 54 1925;
1545 2053 43 43 A
1614 2050 190 55 815448;
1834 2053 282 54 Doubleday,
2145 2055 126 53 Page
2295 2056 38 44 &
2359 2071 65 28 co.

491 2109 245 55 (25-1864)

412 2211 265 74 Dudley,
716 2211 335 73 Adolphus
1087 2210 350 59 Mansfield.

496 2301 387 73 Connecting
909 2301 325 57 induction
1263 2304 273 68 motors;
1566 2301 104 59 the
1702 2299 305 74 practical
2038 2301 384 73 application

416 2380 68 58 of
519 2400 35 38 a
590 2379 334 73 designing
959 2379 358 73 engineer’s
1358 2378 367 74 experience
1760 2383 65 55 to
1861 2380 106 57 the
2001 2379 317 73 problems
2359 2382 68 59 of

416 2458 338 74 operating
788 2459 350 73 engineers,
1177 2461 323 55 armature
1539 2458 271 57 winders
1851 2459 123 59 and
2013 2458 214 74 repair
2265 2479 157 40 men.

416 2540 154 56 Also
606 2538 105 59 the
748 2537 439 73 presentation
1223 2541 64 53 to
1326 2537 289 58 students
1655 2537 68 57 of
1757 2536 307 73 practical
2101 2537 323 72 questions

417 2616 245 75 arising
705 2616 65 58 in
818 2616 280 74 winding
1144 2616 125 58 and
1316 2615 369 73 connecting
1733 2614 387 75 alternating
2171 2623 252 53 current

415 2695 2007 75 motors. By A. M. Dudley … 2d ed. New York [etc.]
416 2774 455 60 McGraw-Hill
905 2775 162 57 book
1101 2792 327 54 company,
1464 2774 135 70 inc.,
1637 2774 166 58 1925.

485 2852 97 55 xiii,
615 2854 77 43 361
727 2868 40 38 p.
828 2852 135 52 illus.,
994 2851 173 55 diagrs.
1227 2853 54 43 23½c
1335 2854 28 16 m
1370 2887 8 8 .
1495 2850 127 54 $3.00

413 2910 53 55 ©
493 2913 99 51 Jan.
620 2912 36 49 6,
689 2909 130 54 1925;
848 2911 65 42 2c.
941 2912 99 51 Jan.
1073 2911 75 50 10;
1177 2910 79 42 aff.
1284 2910 99 51 Jan.
1418 2910 72 52 16;
1521 2910 43 42 A
1593 2907 189 55 815639;
1814 2909 349 45 McGraw-Hill
2192 2911 121 44 book
2340 2928 82 35 co.,

483 2968 83 43 inc.
628 2965 67 56 [©
721 2981 99 28 new
850 2966 207 43 material
1088 2966 89 43 and
1205 2966 234 53 revisions]
1512 2965 243 54 (25-2240)

413 3067 286 72 Erskine,
734 3067 231 58 Laurie
998 3066 226 58 Yorke.

491 3158 1932 74 The confidence man, by Laurie York Erskine … New
418 3239 183 73 York,
632 3239 281 72 London,
936 3237 81 58 D.
1047 3237 324 72 Appleton
1402 3238 125 58 and
1556 3256 323 54 company,
1912 3239 166 56 1925.

481 3315 745 54 vi p., 1 l., 302, [1] p. 19½ m .
409 3372 56 52 ©
491 3373 100 51 Jan.
617 3372 68 51 23,
716 3369 130 54 1925;
878 3372 64 42 2c.
971 3372 89 43 and
1086 3372 79 50 aff.
1194 3373 99 51 Jan.
1321 3371 80 43 28:
1432 3370 44 44 A
1505 3371 191 51 814800;
1728 3372 56 42 D.
1813 3371 227 52 Appleton
2071 3373 35 43 &
2134 3388 65 29 co.

493 3428 244 54 (25-2466)

413 3528 402 74 Farrington,
859 3529 215 73 Harry
1114 3528 214 59 Webb.

494 3620 1860 74 Faith of Franklin, by Harry Webb Farrington …
418 3701 281 71 Bradley
732 3700 227 69 Beach,
995 3701 74 56 N.
1109 3700 81 70 J.,
1229 3700 226 70 Rough
1493 3701 125 57 and
1653 3701 216 57 brown
1904 3718 181 53 press
2127 3701 183 73 [1925]

490 3782 53 43 32
585 3795 41 36 p.
686 3777 117 45 illus.
868 3779 49 44 19½
952 3780 46 18 cm
1006 3815 8 7 .
1084 3778 118 53 (His
1240 3777 101 47 The
1380 3778 149 45 Walls
1570 3777 52 45 of
1661 3776 240 53 America;
1945 3794 66 35 or,
2052 3778 101 47 The
2190 3780 141 47 house
2372 3784 52 43 of

414 3837 148 45 Uncle
589 3835 120 49 Sam,
737 3843 62 41 pt.
852 3835 18 48 I)

486 3890 154 48 “First
667 3891 214 47 edition.”

412 3946 53 53 ©
494 3949 100 51 Jan.
628 3947 63 50 12,
725 3944 129 52 1925;
886 3945 64 42 2c.
982 3946 87 42 and
1099 3945 78 43 aff.
1209 3945 99 52 Jan.
1338 3944 79 53 27;
1451 3945 44 42 A
1525 3942 189 53 815770;
1749 3944 63 43 H.
1841 3945 75 44 W.
1948 3944 292 56 Farrington,
483 3950 1915 105 Interlaken,
654 4003 59 42 N.
737 4004 40 51 J.
843 4000 243 55 (25-2851)
