2533 4412
1278 4101 113 57 600

409 515 1936 57 3 p. l., [13]-136 p., 3 l. incl. plates. front. 18½ cm . (Maîtres anciens et
337 572 494 54 modernes … [10])
408 628 396 54 “Bibliographie”
821 644 10 28 :
867 643 40 38 p.
946 629 236 53 [129]—132.

337 685 1951 63 © Dec. 3, 1924; 1c. Mar. 12, 1925; A—Foreign 26980; Editions Nilsson.
415 747 273 55 (25-10539)

338 832 268 74 Waters,
649 834 220 74 Henry
905 833 295 75 Jackson,
1242 837 190 57 1865-

412 925 438 72 Agricultural
893 925 370 71 laboratory
1311 926 308 58 exercises
1667 927 124 57 and
1834 927 181 58 borne
2061 934 281 67 projects

338 1003 2005 74 adapted to secondary schools, by Henry J. Waters … and
336 1081 2008 78 Joseph D. Elliff … Rev. ed. Boston, New York [etc.]
337 1159 163 59 Ginn
532 1160 124 57 and
685 1179 310 52 company
1027 1190 13 43 [
1042 1168 19 22 c
1064 1162 165 74 1925]

412 1238 58 51 vi,
497 1239 79 44 211
605 1254 40 38 p.
707 1237 116 45 illus.
851 1238 128 54 (incl.
1008 1238 170 54 forms)
1247 1237 53 46 27
1307 1242 48 17 cm
1361 1274 9 9 .

417 1294 331 45 “References”
775 1303 45 36 at
848 1296 84 43 end
958 1296 52 44 of
1034 1296 108 44 each
1172 1295 271 45 “exercise”.

336 1349 54 54 ©
423 1351 112 53 Apr.
572 1353 38 50 9,
649 1350 129 53 1925;
813 1352 67 43 2c.
917 1353 87 43 and
1038 1353 80 42 aff.
1157 1353 113 51 May
1303 1352 80 53 28;
1422 1352 44 43 A
1503 1353 190 53 829410;
1732 1353 119 45 Ginn
1885 1354 90 43 and
2011 1369 65 28 co.
2141 1352 67 55 [©
2242 1370 101 30 new

405 1415 98 37 text
534 1410 89 43 and
654 1408 313 54 illustrations]
1040 1407 272 57 (25-10395)

335 1495 193 72 West,
568 1494 297 75 Timothy
898 1496 72 59 E.

409 1584 241 59 West’s
673 1585 216 71 parcel
912 1588 145 68 post
1083 1587 123 56 and
1233 1604 259 52 express
1519 1586 427 71 comparative
1972 1591 139 55 rate
2137 1587 204 74 guide,

336 1662 283 73 showing
646 1663 104 57 the
780 1663 399 71 comparison
1209 1663 70 58 of
1305 1664 214 70 parcel
1548 1667 146 68 post
1724 1666 124 57 and
1880 1685 259 52 express
2170 1669 171 55 rates

330 1741 280 58 between
640 1741 259 73 Boston,
937 1741 291 73 Chicago,
1268 1741 374 73 Cincinnati,
1679 1742 356 78 Cleveland,
2070 1744 271 74 Denver,

332 1819 270 73 Detroit,
636 1819 259 58 Kansas
933 1819 162 73 City,
1131 1819 124 59 Los
1287 1819 296 74 Angeles,
1618 1821 153 57 New
1801 1821 192 74 York,
331 1822 1989 148 Philadelphia,
535 1898 329 72 Portland,

902 1897 160 72 Ore.,
1102 1898 137 58 Salt
1272 1898 171 57 Lake
1482 1898 163 72 City,
1684 1898 128 59 San
1849 1899 360 74 Francisco,
2249 1901 89 59 St.

333 1976 210 74 Louis,
578 1976 144 72 Mo.,
757 1975 258 75 Seattle,
1046 1975 236 76 Wash.,
1318 1977 124 56 and
1473 1978 150 55 1000
1657 1976 177 58 cities
1868 1977 70 58 of
1967 1978 104 57 the
2104 1978 238 60 United

337 2055 213 59 States
580 2055 67 57 of
677 2056 149 56 5000
853 2055 374 71 population
1258 2056 124 56 and
1411 2075 169 39 over.
1649 2054 125 59 Los
1803 2056 296 75 Angeles,
2133 2057 206 73 Calif.,

335 2135 69 56 T.
432 2133 75 58 E.
536 2133 199 72 West,
763 2141 18 23 c
785 2135 166 55 1925.

413 2213 78 44 184
518 2229 40 37 p.
618 2213 52 44 23
679 2215 47 17 cm
732 2247 9 8 .

332 2268 54 54 ©
413 2271 114 51 May
550 2269 40 52 6,
619 2266 130 55 1925;
778 2269 65 43 2c.
869 2269 88 43 and
983 2268 79 44 aff.
1092 2269 112 52 May
1234 2269 73 51 18;
1337 2268 44 43 A
1409 2266 190 56 855228;
1629 2268 55 45 T.
1714 2268 53 49 E.
1795 2271 146 44 West.

412 2324 271 56 (25-10355)

331 2410 229 72 White,
603 2411 279 57 Edward
918 2410 220 72 Lucas,
1181 2413 192 57 1866-

411 2503 232 71 Helen;
670 2502 104 57 the
804 2505 178 69 story
1008 2502 68 57 of
1101 2502 105 57 the
1234 2520 290 39 romance
1552 2503 68 57 of
1645 2502 204 57 Helen
1875 2503 69 57 of
1971 2504 187 72 Troy,
2185 2504 158 58 born

334 2581 201 59 Helen
567 2583 67 57 of
667 2580 256 73 Sparta,
953 2581 124 58 and
1108 2580 68 58 of
1205 2580 246 72 Aithre,
1480 2581 246 57 mother
1758 2581 67 58 of
1855 2581 177 73 King
2063 2582 279 60 Theseus

334 2660 68 58 of
433 2659 233 72 Attica,
700 2660 135 57 who
868 2660 250 57 became
1151 2659 264 57 Helen’s
1449 2660 360 72 bondslave,
1843 2659 342 60 handmaid
2219 2663 125 57 and

332 2737 498 70 foster-mother,
876 2738 85 71 by
1007 2737 279 57 Edward
1332 2737 204 58 Lucas
1583 2737 245 70 White;
1878 2740 336 57 decorated
2260 2739 84 72 by

335 2818 324 57 Theodore
697 2815 306 73 Nadejen.
1106 2815 153 57 New
1295 2815 190 74 York,
1527 2814 244 74 George
1808 2815 81 57 H.
1928 2815 217 57 Doran
2182 2835 159 38 com

331 2914 171 53 pany
537 2924 13 44 [
552 2905 18 20 c
574 2895 166 74 1925]

402 2972 82 45 250
518 2988 39 38 p.
619 2972 116 44 illus.
794 2971 54 45 20
855 2974 47 18 cm
909 3008 9 9 .
1033 2969 125 55 $2.50

331 3029 54 54 ©
417 3032 113 51 May
557 3031 67 49 22,
657 3028 132 54 1925;
821 3030 64 43 2c.
918 3030 88 43 and
1036 3030 79 42 aff.
1147 3030 119 51 June
1301 3030 45 50 1;
1382 3028 44 43 A
1458 3029 190 52 829442;
1686 3028 179 54 George
1897 3030 62 43 H.
1994 3029 158 44 Doran
2185 3044 66 28 co.

410 3085 272 56 (25-10420)

331 3171 231 74 Woolf,
596 3174 154 57 Mrs.
784 3170 295 75 Virginia
1123 3170 337 75 (Stephen)

410 3265 153 57 Mrs.
603 3264 345 73 Dalloway,
986 3265 84 71 by
1105 3263 298 73 Virginia
1437 3262 234 58 Woolf.
1751 3263 154 56 New
1942 3261 191 72 York,
332 3261 1981 154 Harcourt,
560 3342 201 58 Brace
797 3343 125 57 and
956 3360 309 54 company
1300 3371 12 44 [
1313 3349 20 22 c
1337 3343 165 73 1925]

402 3421 24 42 3
455 3434 39 36 p.
557 3455 7 12 l.,
592 3419 138 44 3-296
759 3434 38 37 p.
857 3419 52 44 19½
943 3422 46 18 cm
996 3455 9 8 .

330 3474 54 54 ©
412 3477 114 51 May
558 3476 61 47 14,
652 3475 130 52 1925;
811 3477 66 42 2c.
903 3477 91 43 and
1021 3476 78 43 aff.
1130 3476 114 52 May
1275 3476 74 50 19;
1381 3474 44 43 A
1455 3472 189 54 855264;
1678 3475 251 52 Harcourt,
1961 3474 145 44 Brace
2135 3475 88 43 and
2251 3489 81 37 co.,

402 3532 82 44 inc.
555 3530 243 57 (25-9749)

330 3616 311 73 Woticky,
681 3617 296 57 Edward.

410 3693 323 57 Elements
780 3693 67 58 of
890 3693 287 71 physical
1223 3693 255 71 science,
1526 3692 107 57 for
1677 3692 386 72 elementary
2107 3692 228 72 grades

333 3769 2001 76 and junior high school, by Edward Woticky … Chicago,
333 3850 1559 72 New York, Rand, McNally & company [ c 1925]
407 3928 75 45 171
515 3944 41 37 p.
720 3928 131 52 incl. illus.,
879 3928 73 53 pl.,
981 3929 168 52 diagrs.
1208 3928 56 43 20
1270 3932 47 17 cm
1323 3963 8 8 .

330 3986 54 53 ©
412 3987 112 52 Apr.
553 3987 67 45 21.
653 3984 130 54 1925;
812 3986 66 44 2c.
909 3987 113 52 May
1051 3986 49 53 6;
1132 3987 79 42 aff.
1244 3985 114 52 May
1387 3982 49 54 7;
1469 3984 44 43 A
1544 3984 190 53 829306;
1768 3984 145 53 Rand,
1944 3983 224 51 McNally
2199 3983 37 43 &
2265 3998 65 29 co.

409 4041 244 57 (25-9734)
