2533 4412
1324 4112 111 55 154

374 445 298 70 Metzner,
713 444 220 73 Henry
971 442 323 59 Christian
1328 443 231 73 Anton,
1601 446 192 57 1834-

451 536 60 55 A
538 534 169 58 brief
735 533 247 73 history
1011 534 68 58 of
1109 535 103 57 the
1244 534 338 57 American
1611 534 411 73 turnerbund,
2051 535 85 71 by
2164 535 223 71 Henry

377 615 300 69 Metzner,
711 617 77 53 tr.
823 615 82 70 by
939 612 326 59 Theodore
1303 612 328 77 Stempfel,
1669 613 79 72 jr.
1831 613 152 57 Rev.
2024 613 92 58 ed.
375 611 1986 152 Pittsburgh,
636 690 130 72 Pa.,

805 692 300 57 National
1142 691 320 58 executive
1503 691 353 57 committee
1896 691 68 57 of
2000 691 104 58 the
375 691 1987 136 American
517 770 412 71 turnerbund,
961 769 166 58 1924.

447 849 54 45 56
529 862 41 39 p.
631 849 53 44 23
692 850 46 17 cm
745 885 8 7 .

375 905 53 54 ©
453 907 108 43 Feb.
592 908 32 51 1,
658 906 126 52 1925;
811 908 64 42 2c.
902 906 86 43 and
1013 907 79 43 aff.
1120 905 106 44 Feb.
1250 904 78 54 25;
1358 906 42 42 A
1426 906 190 52 823182;
1647 906 248 43 American
1921 906 293 51 turnerbund,
448 905 1911 113 Pittsburgh.
678 962 244 55 (25-5752)

372 1051 181 70 Mott,
593 1048 202 58 Lewis
833 1049 324 71 Freeman,
1198 1051 190 57 1863-

457 1129 1927 73 Sainte-Beuve, by Lewis Freeman Mott … New York,
377 1209 278 71 London,
686 1207 71 58 D.
790 1208 319 72 Appleton
1138 1209 124 57 and
1289 1225 323 56 company,
1647 1209 165 57 1925.

444 1286 982 53 xiii, 521, [1] p. front. (port.) 21 cm .
376 1341 53 53 ©
461 1342 106 44 Feb.
597 1343 65 48 20,
699 1341 129 52 1925;
863 1342 63 42 2c.
958 1342 87 42 and
1078 1342 78 43 aff.
1188 1340 109 44 Feb.
1329 1341 77 51 24;
1443 1340 42 42 A
1516 1339 190 53 822147;
1744 1341 54 42 D.
1832 1341 229 52 Appleton
2091 1342 37 43 &
2161 1356 65 29 co.

456 1397 243 56 (25-5008)

377 1484 152 58 New
569 1483 240 72 Jersey.
900 1482 389 73 Legislature

558 1561 1828 74 … Manual … 149th session, 1925. By authority of the
377 1640 2011 74 Legislature … Trenton, N. J., Josephine A. Fitzgerald
380 1721 182 72 [1925]

478 1793 915 56 v, 689 p. front. (port.) map. 17 cm .
377 1851 53 54 ©
463 1853 107 44 Feb.
603 1854 64 51 24,
705 1851 129 53 1925;
868 1853 65 42 2c.
966 1852 106 44 Feb.
1106 1852 76 50 26;
1219 1852 78 43 aff.
1333 1852 108 43 Feb.
1473 1851 79 53 25;
1590 1852 42 42 A
1668 1850 189 55 823215;
1892 1852 243 53 Josephine
2170 1853 57 44 A.

447 1852 1916 110 Fitzgerald.
679 1908 66 55 [©
772 1909 197 43 revision
995 1910 87 43 and
1108 1924 100 28 new
1232 1915 181 45 matter]

375 1994 241 75 Norris,
655 1993 256 60 Marion
946 1993 169 59 Lela.

461 2077 129 57 The
632 2095 173 53 ways
852 2076 68 57 of
964 2098 35 37 a
1043 2076 288 58 business
1375 2094 274 54 woman;
1696 2099 35 37 a
1778 2076 352 59 discussion
2174 2076 68 59 of
2285 2076 105 58 the

382 2156 315 73 problems
743 2153 406 74 confronting
1189 2153 289 59 business
1520 2174 257 54 women,
1819 2157 85 71 by
1944 2154 255 59 Marion
2238 2156 154 57 Lela

382 2234 247 72 Norris,
720 2280 11 10 M.
805 2278 33 26 A.,
867 2231 153 59 with
1052 2252 38 39 a
1123 2231 194 60 series
1353 2233 68 58 of
1453 2231 384 61 illustrative
1866 2233 180 60 Bible
2080 2234 308 58 incidents

379 2304 2007 82 arranged by Mary Welles Clapp … [Battle Creek, Mich.,
380 2391 171 70 Gage
582 2389 289 73 printing
897 2407 325 56 company,
1252 2391 130 71 ltd.,
1413 2398 17 21 c
1435 2390 164 73 1924]

453 2469 64 54 ix,
551 2469 80 45 186
658 2484 43 38 p.
759 2468 126 46 20cm.

378 2524 53 54 ©
460 2526 101 44 Oct.
592 2525 63 51 10,
685 2523 129 51 1924;
840 2523 66 43 2c.
936 2522 101 44 Oct.
1070 2521 73 54 15;
1173 2522 79 43 aff.
1283 2523 109 42 Dec.
1425 2520 75 54 17;
1531 2523 42 42 A
1601 2521 191 54 815465;
1825 2525 65 43 M.
1921 2525 49 43 L.

2001 2525 179 53 Norris,
449 2525 1915 110 Evanston,
567 2582 70 43 Ill.
686 2578 244 58 (25-5656)

379 2668 267 71 Palmer,
687 2665 236 60 Claude
960 2664 211 74 Irwin,
1212 2668 190 57 1871-

447 2745 355 59 Handbook
835 2745 105 56 for
974 2745 197 56 Plane
1207 2746 325 69 geometry
1576 2743 332 75 (Revised)
2017 2746 112 73 By.
2155 2746 235 61 Claude

379 2821 2011 73 Irwin Palmer … Daniel Pomeroy Taylor … Eva Crane
379 2899 2012 76 Farnum … Chicago, Atlanta [etc.] Scott, Foresman and
380 3000 308 53 company
795 2980 172 72 [c1925].

452 3056 860 56 iv p., 1 l., 191 p. diagrs. 19½ cm .
380 3115 53 54 ©
463 3117 108 43 Feb.
600 3116 65 49 21,
702 3114 103 44 1925;
862 3115 66 43 2c.
959 3115 87 43 and
1075 3114 79 43 aff.
1188 3112 107 45 Feb.
1326 3111 79 54 27;
1438 3113 43 42 A
1513 3111 190 55 823195;
1741 3111 141 54 Scott,
1915 3112 254 46 Foresman
2201 3116 87 43 and
2321 3130 65 30 co.

460 3171 243 58 (25-5182)

379 3258 371 71 Parkhurst,
791 3256 367 60 Genevieve.

458 3338 60 56 A
549 3336 152 72 king
734 3334 66 58 in
835 3336 105 57 the
971 3333 288 72 making;
1300 3353 79 38 an
1416 3332 321 60 authentic
1774 3337 177 70 story
1990 3335 69 58 of
2093 3336 298 72 Edward,

386 3414 408 60 seventeenth
835 3412 215 73 prince
1098 3412 68 57 of
1209 3412 236 70 Wales,
1489 3414 85 70 by
1620 3411 348 60 Genevieve
2018 3413 374 74 Parkhurst,

382 3493 149 58 with
574 3493 70 58 35
682 3490 444 58 illustrations.
1209 3491 154 57 New
1399 3491 176 56 York
1612 3490 49 59 &
1695 3490 282 72 London,
2022 3490 68 60 G.
2132 3492 68 57 P.
379 3493 1988 135 Putnam’s
623 3587 164 53 sons,
818 3568 168 60 1925.

452 3648 97 52 xix,
583 3649 83 43 229
695 3662 41 38 p.
800 3646 157 52 front.,
990 3653 144 46 ports.
1194 3647 55 41 22½
1284 3648 47 17 cm
1337 3681 8 8 .

382 3702 2003 57 © Feb. 27, 1925; 2c. and aff. Mar. 6; A 822258; G. Parkhurst, ℅ G. P.
455 3761 233 46 Putnam’s
718 3775 116 38 sons,
866 3761 118 44 New
1011 3761 142 44 York.
1222 3759 243 56 (25-5872)

380 3833 415 72 Pennington,
835 3832 97 58 Jo.

464 3915 129 56 The
643 3912 391 72 importance
1086 3913 68 57 of
1203 3912 189 71 being
1441 3912 342 73 rhythmic;
1837 3934 36 38 a
1928 3912 189 74 study
2168 3914 68 59 of
2285 3914 105 57 the

385 3992 342 66 principles
757 3992 67 59 of
848 3990 303 58 Dalcroze
1178 3989 381 60 eurythmics
1589 3991 254 67 applied
1870 3996 62 54 to
1965 3994 254 64 general
2248 3992 142 59 edu-
