2533 4412
0 0 0 0 299
230 517 84 45 316
337 532 39 37 p.
440 518 51 43 18
495 519 48 18 cm
549 552 10 9 .

161 568 1996 54 © Nov. 5, 1924; 1c. Feb. 16, 1925; A —Foreign 26899; Friedrich Rothbarth.
244 625 242 55 (25-8507)

165 724 307 57 Deutsche
511 724 344 57 chemische
893 723 419 73 gesellschaft,
1351 723 234 58 Berlin.

239 815 294 59 Berichte
564 816 113 56 der
707 814 357 58 Deutschen
1096 814 388 57 chemischen
1517 815 404 73 gesellschaft;
1986 816 171 73 hrsg.

164 913 122 38 von
325 895 113 55 der
474 894 356 56 Deutschen
869 893 387 57 chemischen
1297 893 304 72 gesellschaff.
1801 896 88 54 57.
1931 893 227 73 jahrg.,

164 988 93 42 nr.
295 972 49 71 7,
379 972 51 70 9,
463 970 134 72 juli,
633 972 164 55 1924.
871 970 519 72 Leipzig-Berlin,
1426 970 241 72 Verlag
1700 970 251 73 chemie,
1986 990 57 53 g.
2079 990 78 37 m.

163 1048 54 56 b.
252 1048 77 73 h.,
366 1049 164 55 1924.

235 1123 56 52 iv,
331 1121 181 56 [49]-56,
552 1121 274 56 [1073]—1231
867 1137 39 38 p.
968 1123 124 44 front.
1132 1122 165 55 (port.)
1342 1122 57 53 pl.
1459 1124 52 43 23½
1548 1126 47 18 cm
1601 1158 8 9 .

164 1177 1973 111 © July 9, 1924; 1c. Nov. 22; A —Foreign 26346; Deutsche chemische gesellschaft, Berlin.
164 1333 278 71 Driesch,
475 1333 176 58 Hans
681 1333 197 57 Adolf
907 1332 276 71 Eduard,
1216 1336 189 57 1867-

309 1424 1854 75 … Fern-Ost als gäste Jungchinas, mit 61 bunten und
165 1504 394 74 einfarbigen
608 1504 435 73 abbildungen,
1094 1505 200 57 einem
1338 1505 184 72 plane
1570 1507 128 57 und
1745 1505 171 59 einer
1962 1507 197 57 karte.

163 1581 275 74 Leipzig,
467 1582 69 63 F.
565 1582 76 57 A.
672 1582 383 73 Brockhaus,
1087 1582 165 57 1925.

233 1657 1927 58 3 p. l., [5]-314 p., 1 l. front., illus. (map, plan) plates (part col.) ports.
164 1719 119 45 19cm.

236 1775 65 43 At
322 1773 114 46 head
461 1774 52 44 of
536 1773 124 45 title:
687 1773 131 44 Hans
843 1774 91 43 und
960 1773 265 51 Margarete
1250 1772 207 45 Driesch.

165 1825 1938 57 © Nov. 6, 1924; 1c. Feb. 16, 1925; A—Foreign 26887; F. A. Brockhaus.
243 1884 242 56 (25-8540)

167 1984 238 70 Eisner,
438 1984 206 56 Franz
673 1980 332 59 Friedrich
1032 1979 345 72 Bernhard,
1410 1983 189 57 1842-

166 2071 1972 154 … Die praxis des Chemikers bei Untersuchung von nahrungs- und
614 2149 498 73 genussmittein,
1166 2150 819 72 gebrauchsgegenständen
2037 2156 128 57 und

164 2230 635 73 handelsprodukten,
821 2228 100 59 bei
945 2227 445 72 hygienischen
1413 2228 128 58 und
1557 2229 606 74 bakteriologischen

207 2308 523 70 untersuchungen,
786 2305 185 58 sowie
1023 2305 65 56 in
1141 2307 111 56 der
1304 2305 446 72 gerichtlichen
1800 2310 129 57 und
167 2312 1998 146 harn-analyse.
523 2387 73 69 9.,
622 2385 168 57 verb,

819 2384 129 57 und
972 2383 319 70 umgearb.
1325 2384 137 56 aufl.
1495 2402 124 38 von
1648 2385 92 57 dr.
1769 2385 96 59 W.
1899 2387 265 59 Plücker

234 2460 1928 78 … Mit 150 abbildungen im text und einer mehrfarbigen
167 2540 457 75 spektraltafel.
705 2538 278 74 Leipzig,
1019 2539 66 55 L.
1120 2538 184 72 Voss,
1341 2538 166 58 1924.

234 2615 1042 58 xxxii, 835, [1] p. illus., col. pl. 24 ½ cm .
236 2678 63 44 At
327 2677 119 44 head
476 2676 53 44 of
560 2674 123 44 title:
717 2672 127 46 Fritz
875 2673 180 47 Elsner.

167 2728 1901 60 © July 30, 1924; 1c. Feb. 9, 1925; A—Foreign 26793; Leopold Voss.
245 2787 243 59 (25-8579)

235 2884 1930 77 … Encyklopädie der mathematischen wissenschaften, mit
246 2966 342 59 einschluss
617 2963 176 56 ihrer
823 2962 485 72 anwendungen.
1379 2960 192 74 Hrsg,
1603 2963 86 56 im
1722 2965 294 73 auftrage
2051 2969 111 55 der

244 3042 388 58 Akademien
676 3041 114 56 der
887 3039 464 56 wissenschaften
1399 3057 74 37 zu
1519 3039 234 74 Berlin,
1804 3042 355 75 Göttingen,

244 3116 399 74 Heidelberg,
681 3116 275 72 Leipzig,
996 3115 310 57 München
1344 3116 128 57 und
1508 3116 202 71 Wien,
1753 3119 184 58 sowie
1976 3125 186 53 unter

243 3196 403 72 mitwirkung
678 3192 380 59 zahlreicher
1091 3192 473 73 fachgenossen,
1636 3194 98 59 bd.
1818 3243 12 26 II,
1867 3198 50 72 3,
1951 3198 119 58 hft.
2108 3202 51 55 8.

236 3275 275 71 Leipzig,
545 3274 70 56 B.
652 3272 69 59 G.
758 3271 304 71 Teubner,
1099 3271 164 56 1924.

238 3351 268 50 cover-title,
543 3364 39 37 p.
622 3347 292 56 [1189]-1334.
977 3347 56 43 26
1038 3349 47 18 cm
1092 3382 8 8 .

168 3400 1904 61 © Sept. 10, 1924; 1c. Jan. 3, 1925; A —Foreign 26505; B. G. Teubner.
171 3546 375 76 Ergebnisse
601 3546 113 56 der
762 3543 260 57 inneren
1072 3542 268 57 medizin
1393 3542 129 58 und
1570 3543 587 78 Mnderheilkunde;

244 3627 171 70 hrsg.
449 3643 123 37 von
605 3623 67 55 F.
709 3621 235 71 Kraus,
980 3619 194 57 Erich
1207 3619 236 72 Meyer,
1480 3618 68 59 O.
1586 3621 368 61 Minkowski
2008 3646 56 36 [u.
2105 3647 52 38 a.

244 3696 1913 79 m.], redigiert von L. Langstein … Erich Meyer … A.
250 3773 1911 78 Schittenhelm … 25. bd. Mit generalregister der
244 3859 199 56 bände
478 3857 164 54 1-25.
715 3853 234 71 Berlin,
985 3853 58 56 J.
1085 3851 324 72 Springer,
1446 3854 164 56 1924.

238 3934 28 43 2
293 3948 39 38 p.
381 3969 8 8 l.,
438 3932 106 43 1212
573 3946 39 37 p.
672 3929 128 50 illus.,
832 3929 166 52 diagrs.
1056 3926 52 45 25
1117 3931 47 18 cm
1171 3963 8 8 .

171 3982 1575 61 © Aug. 2, 1924; 1c. Dec. 6; A —Foreign 26418; J. Springer.
