2533 4412
1072 4038 147 55 1363

146 390 137 71 Lee,
317 389 339 74 Umphrey.

221 481 210 69 Jesus,
477 480 103 56 the
625 479 276 71 pioneer,
949 479 124 58 and
1117 479 178 57 other
1345 497 300 50 sermons,
1693 479 83 68 by
1819 478 329 74 Umphrey

144 559 139 71 Lee,
317 558 150 56 with
498 576 80 38 an
607 556 427 58 introduction
1064 557 83 68 by
1179 556 335 57 President
1548 555 260 60 Charles
1846 555 65 60 C.
141 556 1982 137 Selecman.

385 633 344 72 Nashville,
766 635 211 68 Tenn.,
1014 633 598 68 Cokesbury press,
1646 635 167 58 1925.

213 726 72 51 vii,
328 724 76 45 115
445 740 40 38 p.
687 760 8 9 19½cm.

144 794 53 54 ©
225 798 118 42 Nov.
371 798 36 48 9,
438 794 131 53 1925;
595 797 65 41 2'c.
690 796 86 42 and
803 795 78 43 aff.
911 795 119 43 Nov.
1063 796 72 49 14;
1166 795 45 42 A
1237 793 190 53 872431;
1460 795 166 43 Lamar
1656 797 86 42 and
1774 796 184 52 Barton,
214 797 1906 100 Nashville.

401 851 270 56 (25-23434)

144 953 289 73 Lindsey,
477 952 333 73 Benjamin
850 953 179 71 Barr,
1073 955 189 56 1869-

225 1043 127 57 The
385 1044 203 56 revolt
618 1042 67 57 of
716 1043 260 56 modern
1005 1043 213 71 youth,
1251 1043 83 70 by
1362 1043 210 72 Judge
1601 1043 135 58 Ben
1767 1045 70 56 B.
1873 1045 271 71 Lindsey

147 1122 122 56 and
307 1120 421 73 Wainwright
768 1120 234 57 Evans.
1084 1121 149 57 New
1275 1121 192 71 York,
1510 1121 163 57 Boni
1712 1122 48 56 &
1800 1122 345 74 Liveright,

146 1201 163 55 1925.

212 1291 741 53 vii p., 1 l., 11-364 p. 21½ cm .
145 1347 53 53 ©
231 1349 117 43 Nov.
383 1349 62 51 10,
480 1346 102 45 1925;
640 1349 64 42 2c.
737 1349 118 42 Nov.
888 1350 53 41 14;
1001 1348 78 43 aff.
1114 1348 118 43 Nov.
1269 1349 46 42 13;
1376 1349 44 42 A
1451 1347 163 46 875061;
1680 1349 114 43 Boni
1826 1350 37 43 &
1896 1350 249 52 Liveright,

215 1406 81 42 inc.
366 1403 271 57 (25-23199)

146 1506 216 71 Lucas,
407 1506 276 58 Edward
722 1506 266 71 Verrall,
1031 1508 190 57 1868-

213 1596 313 72 Playtime
567 1599 62 54 &
671 1615 336 54 company;
1051 1616 36 37 a
1126 1597 160 57 book
1324 1597 103 57 for
1469 1597 297 73 children,
1807 1617 215 41 verses
2066 1600 79 71 by

143 1674 73 58 E.
308 1721 11 10 V.
348 1675 221 72 Lucas,
597 1673 278 73 pictures
905 1675 84 70 by
1016 1674 235 57 Ernest
1280 1674 77 57 H.
1394 1674 307 71 Shepard.
1777 1676 151 58 New
1956 1678 191 71 York,

144 1752 242 73 George
417 1752 78 57 H.
528 1753 217 57 Doran
776 1770 307 53 company
1117 1782 12 43 [
1132 1760 18 21 c
1154 1753 165 72 1925]

215 1828 1088 55 viii, 9-93 p., 1 l. incl. front., illus. 2 3 ½ cm .
145 1885 52 54 ©
225 1888 119 42 Nov.
371 1887 37 51 6,
438 1885 129 53 1925;
595 1887 63 43 2c.
687 1887 118 43 Nov.
836 1886 74 53 14;
939 1887 78 42 aff.
1047 1887 118 42 Nov.
1197 1887 73 51 13;
1300 1887 44 42 A
1372 1885 189 54 872452;
1595 1886 177 54 George
1802 1889 61 42 H.
1894 1889 157 43 Doran
2077 1904 65 29 co,

223 1943 270 54 (25-23614)

147 2043 369 72 Macintosh,
557 2042 279 73 Douglas
878 2042 212 74 Clyde.

225 2182 62 10 ...
350 2134 128 58 The
534 2134 516 58 reasonableness
1109 2134 67 57 of
1235 2132 439 74 Christianity,
1730 2134 83 74 by
1867 2135 280 75 Douglas

146 2212 192 73 Clyde
367 2211 356 59 Macintosh
753 2261 62 9 ...
902 2211 153 58 New
1077 2211 192 72 York,
1301 2210 65 60 C.
1396 2210 298 60 Scribner
1704 2215 16 33 ;
1726 2231 27 39 s
1784 2232 164 54 sons,
1979 2216 165 57 1925.

214 2287 1213 55 xviii, 293 p. 19½cm . [The Bross library,, vol. XIII]
215 2348 64 44 At
303 2346 118 44 head
447 2348 51 43 of
524 2346 98 44 title:
674 2345 100 45 The
801 2346 143 44 Bross
972 2345 136 54 prize,
1143 2344 120 46 1925.

146 2403 52 53 ©
233 2405 117 43 Nov.
386 2403 36 52 6,
460 2402 129 52 1925;
622 2404 65 42 2c.
724 2403 118 43 Nov.
882 2402 73 52 16;
993 2402 79 43 aff.
1109 2403 119 43 Nov.
1267 2402 74 51 10;
1378 2403 44 42 A
1457 2401 189 54 875089;
1684 2403 216 45 Trustees
1934 2405 52 43 of
2020 2406 124 46 Lake

216 2460 163 44 Forest
410 2459 262 53 university,
707 2459 122 43 Lake
863 2458 177 51 Forest,
1076 2458 69 44 Ill.
1215 2457 270 55 (25-23428)

147 2558 409 75 Mackinstry,
596 2558 345 61 Elizabeth.

221 2652 171 57 Puck
442 2651 65 56 in
558 2653 292 69 pasture;
904 2669 181 39 verse
1138 2649 49 59 &
1238 2649 396 59 decorations
1686 2652 84 68 by
1819 2651 330 61 Elizabeth

145 2730 408 71 Mackinstry.
638 2729 253 59 Garden
921 2727 163 74 City,
1113 2728 74 57 N.
1221 2728 94 71 Y.,
1343 2728 386 72 Doubleday,
1759 2730 173 73 Page
1961 2731 50 57 &
2039 2750 109 52 co.,

143 2809 165 56 1925.

215 2885 92 52 viii,
343 2887 68 49 [2],
449 2883 63 54 79,
552 2886 53 48 [3]
643 2898 42 39 p.
745 2883 115 44 illus.
920 2884 53 43 22½
1008 2885 47 19 cm
1061 2918 10 9 .

218 2941 150 45 “First
400 2941 208 45 edition.”

146 2998 53 54 ©
233 3000 101 44 Oct.
366 3000 67 50 23,
468 2997 131 53 1925;
632 2999 63 42 2c.
729 2998 86 42 and
848 2997 79 44 aff.
961 2998 120 43 Nov.
1119 2997 73 51 12;
1228 2997 44 42 A
1306 2995 190 54 875008;
1534 2997 289 53 Doubleday,·
1852 3000 123 51 Page
2011 3001 37 42 &
2079 3015 64 28 co.

225 3055 269 55 (25-23301)

149 3155 255 72 Martin,
443 3154 229 58 Alfred
709 3152 311 72 Wilhelm,
1061 3156 189 57 1862-
1409 3171 192 55 comp.

225 3248 128 57 The
391 3247 353 70 fellowship
780 3247 67 56 of
883 3246 219 69 faiths,
1138 3246 83 70 by
1255 3243 230 59 Alfred
1519 3244 97 58 W.
1655 3245 270 73 Martin;
146 3247 1978 137 selections
343 3326 167 56 from

544 3325 103 56 the
678 3324 257 57 world’s
971 3326 180 69 great
1185 3321 318 72 religions,
1536 3322 344 72 Egyptian,
1912 3324 234 73 Hindu,

145 3403 333 70 Buddhist,
525 3402 425 70 Zoroastrian,
998 3398 368 70 Confucian,
1412 3398 219 70 Greek,
1680 3402 260 72 Roman,
144 3403 1980 143 Jewish,

294 3480 342 69 Christian,
664 3478 500 68 Mohammedan,
1193 3477 286 71 together
1508 3477 152 58 with
1687 3478 349 59 forewords
2067 3481 82 70 by

146 3557 481 59 Rabindranath
674 3557 264 71 Tagore,
989 3554 324 57 Mahatma
1361 3554 266 72 Gandhi,
1675 3555 231 59 Swami
146 3557 1977 150 Paramananda,

510 3633 329 73 Channing
864 3633 272 68 Pollock,
1165 3632 169 58 John
1364 3631 257 72 Haynes
1650 3633 277 73 Holmes,
1946 3634 204 59 Rabbi

146 3714 292 72 Rudolph
471 3712 361 60 Grossman.
915 3710 151 57 New
1095 3709 190 68 York,
1317 3710 246 58 Roland
1595 3710 364 75 publishing
146 3731 1979 134 company,
364 3793 105 56 for
497 3792 103 56 the

630 3788 378 71 Fellowship
1039 3788 68 58 of
1135 3787 218 71 faiths,
1383 3789 164 56 1925.

219 3870 159 53 xxviii,
411 3870 51 44 93
494 3884 39 37 p.
597 3867 49 44 18
653 3870 47 18 cm
707 3902 8 8 .

150 3926 53 54 ©
233 3928 118 42 Nov.
380 3928 36 47 4,
450 3924 129 52 1925;
609 3926 64 41 2c.
703 3924 119 43 Nov.
855 3924 75 50 13;
962 3922 78 43 aff.
1073 3922 119 44 Nov.
1224 3921 49 52 7;
1305 3923 44 42 A
1377 3921 190 53 875031;
1601 3924 177 43 Roland
1809 3925 100 52 pub.
1940 3939 65 29 co.

229 3982 268 55 (25-23436)
