2533 4412
1298 4094 148 55 1222

441 508 66 50 89,
543 509 53 47 [1]
633 521 40 38 p.
732 506 55 44 23
794 508 47 18 cm
848 541 9 8 .

373 562 52 54 ©
460 562 122 54 Sept.
612 562 67 53 25,
713 562 131 53 1925;
876 564 64 43 2c.
972 565 86 42 and
1089 564 79 43 aff.
1201 564 101 44 Oct.
1334 565 50 52 9;
1417 564 45 43 A
1492 564 190 53 869267;
1717 566 59 42 N.
1810 567 281 51 Rosewater,
2125 565 257 46 Cleveland.

452 619 272 56 (25-20653)

374 704 1598 74 Sajous, Charles Euchariste de M é dicis, 1852-
452 797 294 72 Sa,jous’s
785 797 278 72 analytic
1098 797 361 73 cyclopedia
1498 798 65 56 of
1601 798 309 73 practical
1942 798 324 74 medicine,
2302 799 83 72 by

377 876 1938 73 Charles E. de M. Sajous … and Louis T. de M. Sajous …
371 955 152 56 with
554 955 104 56 the
695 954 201 57 active
933 954 429 72 co-operation
1399 955 67 56 of
1500 975 154 37 over
1686 975 114 37 one
1832 955 289 58 hundred
373 955 1985 135 associate

372 1032 1986 150 editors. 9th rev. ed. … v. 9. Supplement. Philadelphia,
675 1109 70 57 F.
780 1110 74 56 A.
888 1109 197 58 Davis
1120 1129 324 53 company,
1479 1112 166 55 1925.

440 1186 56 50 iv,
529 1185 81 45 716
643 1201 39 38 p.
743 1185 136 53 illus.,
911 1186 168 53 diagrs.
1139 1186 57 45 26½
1229 1189 47 19 cm
1283 1222 9 9 .

371 1242 52 54 ©
457 1244 102 44 Oct.
590 1244 65 51 23,
692 1242 131 53 1925;
856 1243 65 43 2c.
955 1243 120 44 Nov.
1105 1243 80 52 24;
1220 1244 79 43 aff.
1333 1244 121 44 Nov.
1485 1243 80 53 23;
1600 1244 45 43 A
1678 1243 191 54 875224;
1905 1243 51 45 F.
1989 1244 57 44 A.
2081 1246 143 43 Davis
2258 1261 66 28 co.

373 1328 193 72 Scott,
606 1329 241 71 George
889 1327 291 71 Gilmore,
1223 1330 191 57 1873-

448 1421 60 58 A
537 1422 371 71 laboratory
935 1421 256 58 manual
1225 1421 67 58 of
1324 1421 259 73 general
1613 1421 270 74 biology,
1917 1423 85 72 by
2034 1421 243 75 George
2312 1421 69 62 G.

374 1499 2007 77 Scott … New York, Thomas Y. Crowell company [ c 1925]
438 1577 92 52 viii,
562 1576 54 44 52
644 1591 41 38 p.
745 1576 56 44 22
807 1579 46 18 cm
860 1612 8 8 .

442 1632 99 46 “To
566 1634 56 43 be
648 1633 108 44 used
786 1634 44 42 in
857 1633 267 44 connection
1151 1633 111 44 with
1309 1633 76 44 [the
1413 1633 215 54 author’s]
1661 1632 112 45 ‘The
1802 1633 176 45 science
2005 1633 51 45 of
2084 1633 294 55 biology’.”—

370 1691 126 43 Pref.

370 1746 52 54 ©
457 1746 121 53 Sept.
605 1747 70 51 22,
708 1745 130 54 1925;
870 1747 64 43 2c.
965 1747 87 43 and
1082 1746 79 44 aff.
1198 1745 122 54 Sept.
1350 1747 79 51 28;
1462 1746 45 43 A
1538 1745 191 54 868674;
1761 1746 202 45 Thomas
1994 1748 56 47 Y.
2086 1746 196 46 Crowell
2315 1765 65 28 co.

450 1801 274 57 (25-18975)

371 1889 351 75 Sedgwick,
763 1890 221 75 Henry
1018 1889 275 75 Dwight,
1333 1893 190 56 1861-

449 1982 230 74 Spain;
723 2005 39 40 a
804 1984 179 59 short
1021 1984 253 74 history
1315 1986 69 59 of
1422 1986 83 59 its
1549 1983 271 75 politics,
1863 1983 351 74 literature,
2259 1985 123 58 and

369 2069 100 54 art
503 2066 169 56 from
705 2065 256 57 earliest
995 2064 182 59 times
1211 2069 64 55 to
1308 2065 103 58 the
1446 2068 277 69 present,
1758 2066 84 67 by
1875 2064 224 72 Henry
2129 2064 251 71 Dwight

371 2141 2011 74 Sedgwick, with a preface by J. D. M. Ford … Boston,
369 2220 210 73 Little,
607 2220 251 71 Brown,
889 2220 125 59 and
1044 2238 326 54 company,
1401 2220 166 60 1925.

438 2299 97 50 xix,
562 2287 82 57 400
670 2313 40 36 p.
773 2298 150 52 front.,
952 2299 157 51 plates,
1137 2308 153 41 ports.,
1317 2297 116 47 fold.
1461 2313 117 36 map.
1638 2301 51 43 21
1699 2301 47 18 cm
1754 2335 6 7 .

371 2351 52 54 ©
460 2354 103 43 Oct.
599 2351 38 54 7,
677 2351 130 53 1925;
843 2353 66 43 2c.
947 2353 87 43 and
1069 2354 78 43 aff.
1186 2354 103 44 Oct.
1329 2352 75 53 16;
1442 2353 44 43 A
1521 2351 192 54 869521;
1753 2353 63 43 H.
1855 2353 58 43 D.
1953 2351 255 55 Sedgwick,

440 2351 1919 111 Cambridge,
649 2410 143 43 Mass.
862 2408 272 55 (25-20502)

449 2494 201 60 Small
695 2515 234 52 wares;
979 2496 189 73 being
1213 2496 468 58 marked-down
1732 2499 323 55 remnants
2107 2496 69 57 of
368 2516 1989 119 comment

571 2577 126 59 and
729 2575 319 74 criticism,
1083 2577 290 73 together
1404 2577 152 59 with
1591 2595 36 39 a
1659 2577 124 59 few
1812 2576 250 73 lengths
2096 2578 68 58 of
368 2577 1987 136 shopworn

574 2657 331 56 anecdotes
941 2658 124 56 and
1099 2674 169 40 some
1303 2658 155 57 odds
1494 2657 123 58 and
1651 2656 151 58 ends
1837 2657 68 56 of
1938 2656 194 71 cheap
2163 2674 215 53 yarns,

367 2734 83 71 by
491 2734 104 58 the
639 2733 229 59 author
911 2734 68 58 of
1024 2734 186 58 “The
1254 2733 219 58 notion
1515 2734 334 70 counter”,
1892 2731 363 59 illustrated
2296 2734 85 71 by

368 2810 186 59 Decie
614 2809 281 60 Merwin.
979 2811 261 72 Boston,
1295 2811 213 71 Little,
1563 2811 249 71 Brown,
1873 2811 123 58 and
2053 2828 325 55 company,

369 2889 166 60 1925.

437 2966 707 52 3 p. l., 134 p. illus. 16 cm .
437 3022 212 44 Lettered
674 3037 60 29 on
761 3037 161 31 cover:
956 3021 139 45 Small
1125 3036 174 38 wares;
1329 3037 57 28 an
1411 3021 217 44 overflow
1657 3021 121 44 from
1807 3020 127 44 “The
1961 3018 158 47 notion
2147 3019 227 46 counter”.

368 3076 54 55 ©
459 3078 100 44 Oct.
598 3077 38 54 7,
674 3076 131 53 1925;
840 3079 67 43 2c.
943 3079 88 43 and
1067 3079 79 43 aff.
1185 3079 102 44 Oct.
1323 3079 50 51 9;
1412 3078 44 43 A
1491 3077 190 53 869263;
1721 3077 150 52 Little,
1912 3078 182 51 Brown,
2131 3078 87 43 and
439 3092 1917 95 company.
639 3133 272 56 (25-20626)

371 3220 223 71 Smith,
637 3221 272 58 Thomas
946 3220 207 60 Jollie.

440 3299 254 59 Studies
735 3300 66 57 in
841 3299 301 59 criticism
1183 3301 123 57 and
1344 3299 367 66 revelation,
1752 3300 84 69 by
1874 3300 273 59 Thomas
2189 3298 191 61 Jollie

370 3377 2012 72 Smith … introduction by Frederick W. Norwood … New
366 3455 190 73 York,
591 3455 271 74 Chicago
897 3459 147 71 [etc.]
1077 3456 291 73 Fleming
1397 3457 78 57 H.
1507 3457 217 56 Revell
1758 3475 307 53 company
2097 3485 13 44 [
2113 3463 18 23 c
2134 3455 166 73 1925]

440 3535 80 43 192
548 3548 40 39 p.
652 3534 53 44 19
709 3536 47 18 cm
763 3569 8 8 .

368 3590 52 54 ©
453 3592 115 52 May
599 3591 37 48 9,
673 3590 130 53 1925;
837 3592 64 43 2c.
934 3592 88 43 and
1054 3592 80 43 aff.
1169 3591 102 45 Oct.
1307 3592 74 51 14;
1416 3591 44 43 A
1492 3589 191 54 869457;
1719 3590 209 54 Fleming
1961 3590 61 44 H.
2060 3589 158 46 Revell
2253 3604 65 30 co.

447 3647 272 55 (25-20610)

370 3734 305 73 Sprague,
717 3734 183 60 Philo
938 3734 355 61 Woodruff.

511 3811 1863 74 … The influence of Christianity on fundamental human
366 3887 1987 151 institutions, by Philo W. Sprague … New York, Chicago
571 3970 1378 68 [etc.] Fleming H. Revell company [ c 1925]
