2533 4412
1315 4087 114 57 570

371 425 350 74 Chideckel,
759 426 299 58 Maurice.

448 517 129 58 The
613 518 241 70 letters,
891 517 282 73 musings
1213 520 123 57 and
1376 537 290 40 romance
1705 519 68 58 of
1811 540 35 37 a
1885 520 370 73 greenhorn,
2292 523 84 69 by

370 594 280 59 Maurice
699 595 348 59 Chideckel.
1130 597 261 71 Boston,
1442 598 129 57 The
1619 598 346 73 Roxburgh
2013 598 364 74 publishing

367 692 324 54 company,
721 674 116 57 inc.
874 704 12 43 [
888 682 20 22 c
911 675 166 72 1925]

437 752 611 53 2 p. l. , [7]-311 p. 20 cm .
366 807 56 54 ©
454 810 113 52 May
599 810 64 51 19,
695 808 130 53 1925;
857 811 65 42 2c.
955 810 113 52 May
1094 810 79 53 23;
1206 810 79 43 aff.
1317 811 112 52 May
1458 811 80 52 21;
1571 811 44 43 A
1647 810 189 54 829358;
1871 811 256 54 Roxburgh
2157 812 101 52 pub.
2290 827 83 38 co.,

439 866 83 45 inc.
592 864 273 57 (25-10116)

371 953 215 74 Clapp,
623 953 244 73 George
902 953 219 72 Wood,
1160 957 191 56 1870-

428 1044 1948 75 The life and work of James Leon Williams … by George
367 1123 204 59 Wood
605 1122 221 73 Clapp,
856 1142 53 39 d.
939 1142 54 38 d.
1025 1143 66 54 s.,
1122 1124 154 58 with
1303 1123 432 60 introduction
1763 1127 83 70 by
1881 1124 65 60 C.
1978 1125 75 57 N.
2089 1124 289 59 Johnson

437 1202 1366 74 … New York, The Dental digest, 1925.
438 1279 1939 57 8 p. l., 3-299 p. front., illus., plates (part col.) ports., facsims., diagrs.,
368 1346 104 35 coat
502 1337 55 43 of
585 1351 138 30 arms.
783 1337 57 44 23
846 1339 46 18 cm
898 1371 10 10 .

369 1392 53 54 ©
452 1395 111 52 May
597 1396 35 46 1,
665 1392 130 53 1925;
826 1395 65 42 2c.
921 1395 87 43 and
1037 1395 79 43 aff.
1149 1396 112 52 May
1290 1394 79 54 27;
1403 1396 43 42 A
1478 1393 189 55 855373;
1703 1396 220 44 Dentists’
1955 1396 159 53 supply
2142 1411 82 36 co.,
2257 1396 118 44 New

439 1451 142 45 York.
651 1450 272 56 (25-10208)

368 1536 397 75 Darlington,
802 1537 215 58 James
1051 1537 233 74 Henry,
1322 1540 118 72 bp.,
1474 1541 191 56 1856-

444 1628 233 59 Verses
727 1631 84 70 by
854 1629 105 57 the
1006 1648 157 53 way,
1216 1631 226 56 second
1492 1629 213 74 series,
1755 1631 84 71 by
1887 1630 218 59 James
2153 1630 223 73 Henry

368 1707 2010 75 Darlington … with forewords from his friends, Henry
366 1784 143 59 Van
537 1786 177 72 Dyke
746 1787 124 57 and
899 1786 227 58 Edwin
1156 1786 348 57 Markham.
1589 1786 153 57 New
1770 1786 191 73 York,
1993 1787 383 58 Brentano’s

370 1894 13 43 [
385 1874 18 20 c
408 1866 164 74 1925]

439 1942 91 52 xiv,
568 1943 80 44 134
679 1958 39 37 p.
781 1942 136 45 front.
982 1942 51 45 19½
1066 1945 47 17 cm
1120 1978 8 8 .

368 1998 54 56 ©
448 2001 114 53 May
590 2000 61 53 16,
682 1999 130 54 1925;
841 2001 65 44 2c.
933 2001 90 44 and
1047 2001 79 44 aff.
1155 2001 111 53 May
1297 2000 73 53 19;
1398 2001 45 43 A
1471 1998 189 56 855265;
1693 2000 282 54 Brentano’s,
2002 2000 82 44 inc.
448 2056 272 57 (25-10189)

369 2146 211 71 Elson,
617 2145 252 60 Robert.

447 2223 356 72 “Quack!”
836 2224 104 57 the
974 2222 279 73 portrait
1289 2223 68 57 of
1392 2242 80 38 an
1507 2221 559 74 experimentalist,
2100 2225 85 70 by
371 2224 1981 136 Robert

519 2300 1857 77 Elson … Boston, Small, Maynard and company
371 2410 12 44 [
386 2389 18 22 c
409 2380 165 74 1925]

438 2457 772 54 vii p., 1 l., 328 p., 1 1. 19½ cm .
370 2514 53 54 ©
447 2516 112 52 Apr.
584 2516 66 50 22,
679 2513 131 54 1925;
835 2516 65 42 2c.
927 2515 87 43 and
1039 2516 78 42 aff.
1144 2516 113 51 May
1280 2515 79 51 23;
1388 2515 45 42 A
1457 2514 189 52 829370;
1679 2513 155 53 Small,
1863 2514 226 53 Maynard
2116 2514 38 44 &
2180 2530 81 37 co.,
2289 2514 82 44 inc.

448 2571 272 56 (25-10058)

370 2658 269 58 Federal
667 2658 241 58 income
942 2661 111 54 tax
1083 2659 205 57 index.
1364 2659 295 71 January
1692 2660 51 71 1,
1780 2660 167 70 1922,
1984 2661 62 54 to
2084 2659 294 71 January

448 2740 51 70 1,
539 2739 167 55 1925.
793 2736 214 73 Comp,
1047 2739 84 71 by
1171 2737 155 58 staff
1365 2737 70 57 of
1472 2740 427 69 accountants,
1940 2737 267 71 lawyers
2250 2738 124 57 and

444 2816 240 57 income
718 2818 110 54 tax
863 2815 373 72 specialists.
1311 2815 285 72 Newark,
1632 2815 74 56 N.
1743 2815 81 71 J.,
1858 2815 249 56 Income
2142 2817 111 54 tax
447 2815 1902 136 index

601 2893 633 73 service, inc. [ c 1925]
438 2969 454 54 xi, 589 p. 23 ½ cm .
370 3024 53 55 ©
457 3028 114 51 May
599 3027 67 52 20,
704 3026 129 53 1925;
867 3027 65 43 2c.
965 3027 115 52 June
1110 3027 80 52 20;
1227 3027 78 44 aff.
1339 3027 114 52 June
1491 3027 73 51 19;
1601 3027 45 42 A
1678 3026 190 53 829776;
1906 3027 185 43 Income
2122 3034 81 35 tax
2236 3026 136 44 index

441 3084 185 51 service,
665 3083 83 44 inc.

370 3168 288 76 Golding,
699 3169 207 74 Louis,
948 3172 191 58 1895-

446 3246 142 73 Day
613 3248 67 58 of
706 3251 375 69 atonement,
1105 3250 83 71 by
1212 3248 191 59 Louis
1431 3248 286 73 Golding.
1801 3247 153 57 New
1976 3246 191 74 York,
2194 3246 74 57 A.
2296 3245 75 58 A.

367 3325 241 73 Knopf,
650 3327 166 56 1925.

441 3400 752 57 5 p. l., 3-270 p., 1 l. 19½ cm .
370 3455 2000 59 © May 15, 1925; 2c. May 23; aff. May 26; A 829384; L. Golding, ℅ James
441 3515 51 44 B.
526 3516 184 53 Pinker,
743 3518 201 48 London.
1014 3517 272 55 (25-10148)

370 3599 371 74 Hammond,
791 3602 62 58 S.
902 3603 69 59 E.
1019 3602 265 74 Evalyn.

451 3681 212 71 Paper
714 3683 167 57 craft
929 3684 337 70 problems,
1314 3681 441 73 bookbinding,
1806 3680 221 58 basket
2079 3679 125 57 and
2253 3678 122 56 box

371 3757 1933 78 making, and gift novelties [by] S. E. E. Hammond …
374 3837 385 73 Milwaukee,
790 3837 175 73 Wis.,
1001 3841 130 57 The
1160 3840 205 57 Bruce
1395 3837 366 74 publishing
1790 3855 306 53 company
2130 3865 12 43 [
2143 3842 18 22 c
2167 3835 147 56 1925]

441 3913 84 46 227
551 3931 40 35 p.
650 3915 130 51 illus.,
812 3916 168 52 diagrs.
1039 3919 56 43 22½
1128 3920 48 18 cm
1182 3955 10 9 .

369 3966 54 55 ©
451 3969 112 53 Apr.
590 3970 68 51 22,
689 3969 131 54 1925;
849 3970 65 43 2c.
945 3972 113 51 May
1089 3972 46 42 11;
1194 3971 81 44 aff.
1306 3972 112 51 May
1447 3970 50 51 9;
1529 3970 45 42 A
1601 3968 190 53 855009;
1826 3970 147 43 Bruce
2002 3969 101 52 pub.
2134 3983 64 28 co.

448 4023 270 57 (25-10282)
