2533 4412
1059 4117 110 55 601

111 459 211 72 Adler,
369 460 217 71 Guido,
631 463 189 55 1855-
976 462 90 56 ed.

190 553 349 57 Handbuch
574 554 113 56 der
717 552 575 73 musikgeschichte,
1327 555 187 53 unter
1545 551 401 72 mitwirkung
1980 570 122 38 von

114 631 453 72 fachgenossen
594 631 508 72 herausgegeben
1129 650 122 37 von
1281 630 200 58 Guido
1510 629 195 58 Adler;
1767 629 115 57 mit
1898 629 205 57 vielen

113 708 531 71 notenbeispielen
721 710 127 56 und
928 708 416 72 abbildungen
1421 726 125 38 von
1621 710 478 54 Instrumenten.

114 786 354 57 Frankfurt
507 805 93 37 am
648 786 192 73 Main,
884 785 426 58 Frankfurter
1346 785 542 72 verlags-anstalt,.
1926 804 53 38 a.
2025 804 76 53 g.,

114 865 164 56 1924.

181 939 1608 56 2 p. l., [vii]-xiii, [1] p., 1 l., 1097 p. illus. (incl. music) 26 cm .
183 997 205 44 Includes
425 997 364 54 bibliographies.

114 1051 1966 114 © Dec. 31, 1924; 1c. Mar. 19, 1925; A—Foreign 27383; Frankfurter verlagsanstalt. (24-31290)
111 1224 221 72 Alden,
370 1225 328 72 Raymond
731 1224 392 73 Macdonald,
1163 1226 355 58 1873-1924.

115 1315 1965 142 A Shakespeare handbook, edited by Raymond Macdonald Alden … New
941 1396 189 71 York,
1163 1396 71 56 F.
1269 1395 61 60 S.
1366 1394 215 59 Crofts
1614 1395 47 56 &
1691 1413 106 51 co.,
1832 1395 165 55 1925,

181 1472 858 53 xvi, 240 p. front. (port.) 17 cm .
184 1530 202 47 “Source
409 1529 260 46 material”:
693 1543 40 38 p·.
760 1528 180 50 20-187.

185 1584 351 53 Bibliography:
565 1599 37 38 p.
633 1585 205 45 212-216.

113 1638 53 54 ©
199 1641 113 51 May
340 1638 64 48 26,
440 1638 129 53 1925;
600 1640 66 43 2c.
698 1640 86 43 and
816 1638 78 45 aff.
928 1640 112 52 May
1069 1640 77 51 28;
1180 1640 43 42 A
1257 1638 188 53 829416;
1481 1638 50 44 F.
1567 1638 43 47 S.
1647 1638 155 45 Crofts
1836 1640 39 43 &
1906 1653 78 36 co.,
2019 1638 81 44 inc.

191 1694 269 56 (25-10509)

113 1795 1922 73 American law reports annotated. Cumulative index …
188 1875 152 57 vols.
387 1876 201 56 34-36.
675 1873 376 74 Combining
1087 1894 178 38 cases
1305 1876 124 56 and
1472 1873 418 58 annotations.
188 1873 1890 147 Appendix
460 1952 361 72 containing

860 1953 125 56 late
1030 1952 456 71 supplemental
1528 1951 308 58 decisions
1879 1952 108 56 for
2026 1940 73 67 A.

190 2030 66 56 L.
293 2030 71 57 R.
404 2029 400 60 annotations
839 2030 64 57 in
941 2030 427 58 continuation
1405 2030 69 58 of
1507 2031 104 57 the
1649 2028 156 59 Blue
1840 2029 162 59 book
2037 2029 68 58 of

191 2110 165 55 1925.
423 2108 358 72 Rochester,
813 2108 72 57 N.
916 2108 93 72 Y.,
1043 2108 127 57 The
1199 2108 296 72 Lawyers
1527 2109 395 70 cooperative
189 2107 1890 151 publishing
476 2205 333 52 company;

867 2187 368 71 Northport,
1293 2186 66 56 L.
1417 2186 68 72 I.,
1546 2186 73 56 N’.
1675 2186 93 72 Y.,
1827 2185 278 58 Edward

193 2263 357 71 Thompson
589 2283 333 52 company;
965 2263 127 59 San
1132 2264 355 72 Francisco,
1529 2263 205 73 Calif.,
188 2263 1917 138 Bancroft-Whitney

521 2359 321 56 company,
880 2343 166 57 1925.

180 2418 95 51 249,
305 2417 53 43 67
387 2433 39 37 p.
486 2418 54 43 24
545 2421 48 18 cm
599 2453 8 9 .

115 2471 52 55 ©
191 2476 115 51 June
333 2475 63 50 18,
425 2473 128 53 1925;
580 2475 63 42 2c.
671 2475 115 51 June
808 2475 79 53 23;
914 2476 78 42 aff.
1019 2475 113 53 June
1157 2475 79 52 22;
1265 2474 43 43 A
1334 2474 190 53 829834;
1554 2475 214 53 Lawyers
1794 2475 309 53 co-operative

184 2529 99 53 pub.
318 2546 80 37 co.,
429 2530 199 47 Edward
658 2530 262 53 Thompson
953 2547 81 37 co.,
1068 2531 463 53 Bancroft-Whitney
1562 2546 64 28 co.

113 2629 335 58 American
482 2636 177 52 stove
688 2647 320 57 company,
1045 2633 91 58 St.
1173 2632 209 59 Louis.

193 2722 173 60 Time
399 2726 122 56 and
550 2728 425 67 temperature
1007 2745 157 39 oven
1194 2726 276 71 cooking,
1501 2724 212 59 issued
1742 2727 83 68 by
1855 2725 104 58 the
119 2726 1961 133 Research

390 2801 1711 72 kitchens of American stove company … St.
115 2878 1539 74 Louis, Mo., American stove company [ c 1924]
192 2952 88 52 125,
309 2957 52 47 [3]
390 2969 41 38 p.
583 2956 84 46 incl.col.
690 2956 157 52 plates.
905 2958 55 46 20
965 2960 48 19 cm
1018 2994 9 9 .

188 3011 148 44 Blank
361 3024 138 39 pages
530 3013 77 44 for
633 3015 295 43 memoranda
962 3013 82 51 ([3]
1075 3022 47 37 at
1149 3014 109 49 end)

188 3066 137 44 “This
356 3067 124 45 book
507 3068 82 45 has
619 3071 114 42 been
764 3066 225 53 compiled
1020 3071 86 44 and
1139 3066 236 53 published
1408 3065 235 54 expressly
1676 3070 78 43 for
1782 3084 125 29 users
1941 3069 51 45 of
2022 3082 80 38 gas

117 3136 161 35 ranges
308 3122 215 51 equipped
550 3123 109 44 with
686 3125 74 45 the
788 3122 169 46 Lorain
986 3141 112 29 oven
1125 3126 104 43 heat
1257 3123 463 52 regulator.”—Pref.

116 3174 53 55 ©
194 3176 108 45 Dec.
327 3178 38 51 3,
395 3178 128 53 1924;
549 3179 65 43 2c.
640 3179 87 44 and
751 3180 78 44 aff.
855 3179 111 54 Apr.
996 3181 62 51 13,
1090 3179 128 54 1925;
1247 3180 43 44 A
1318 3178 186 54 822867;
1534 3179 245 44 American
1805 3188 126 36 stove
1955 3193 68 30 co.

194 3233 269 55 (25-10564)

118 3331 281 73 Bennett,
438 3333 177 57 Jesse
651 3334 137 64 Lee,
829 3338 189 57 1885-
1175 3356 193 53 comp.

197 3422 128 57 The
380 3423 296 58 essential
728 3420 334 63 American
1116 3427 336 69 tradition;
1510 3446 79 37 an
1645 3425 342 74 anthology
2039 3426 69 58 of

119 3498 270 72 striking
415 3501 123 57 and
567 3501 356 73 significant
946 3523 304 54 passages
1278 3504 168 57 from
1476 3524 116 37 our
1616 3503 283 59 national
116 3504 1969 142 documents,
384 3580 161 54 state

588 3597 250 55 papers,
884 3582 123 56 and
1051 3581 104 57 the
1197 3581 288 73 writings
1533 3582 123 57 and
1701 3581 297 72 speeches
2040 3580 69 58 of

116 3652 337 58 American
482 3657 341 56 statesmen
852 3658 124 57 and
1002 3659 247 57 leaders
1280 3658 166 57 from
1477 3660 148 55 1619
1656 3661 64 55 to
1753 3658 166 72 1924,
117 3676 1966 123 compiled

321 3731 1719 76 and with an introduction by Jesse Lee Bennett …
119 3806 1576 80 New York, George H. Doran company [ c 1925]
185 3882 1000 60 xiv p., 1 l., 17-348 p. 22½ cm . $3.00
188 3938 538 52 “Acknowledgments”:
768 3957 39 37 p.
848 3944 155 43 ix-xii.

117 3991 54 54 ©
203 3994 112 53 May
343 3994 67 48 22,
443 3996 129 52 1925;
606 3998 64 42 2c.
703 3999 86 43 and
820 4000 78 43 aff.
929 4000 115 51 June
1078 4001 46 51 1;
1158 4000 46 45 A
1237 4000 189 56 829439;
1463 4001 176 54 George
1672 4002 62 43 H.
1768 4002 157 43 Doran
1958 4015 64 28 co.

196 4045 269 61 (25-10551)
