2533 4412
1311 4096 109 54 606

363 417 270 74 Lowick,
678 419 61 57 H
1052 436 143 42 van.

443 511 133 57 Der
628 513 477 57 Wiederaufbau
1165 515 115 55 der
1332 513 589 73 kohlenbergwerke
1982 514 86 56 im
368 514 1983 136 französischen
648 592 616 73 reparationsgebiet

1305 592 206 72 (Nord
1542 595 129 56 und
1704 593 505 69 Pas-de-Calais)
2251 614 125 38 von

366 667 78 58 H.
507 687 126 38 van
692 669 263 58 Lowick.
1061 671 48 55 2.
1172 672 293 70 ergänzte
1523 672 131 56 und
1711 672 170 56 verb.
1946 669 139 60 aufl.
2186 672 188 57 Halle

376 746 247 73 (Saale)
666 746 89 59 W.
783 747 257 74 Knapp,
1070 748 167 57 1925.

433 838 1705 56 vii, [1], 170 p. III (i e. 4) pl. (map, diagrs.) on 2 fold. 1. 24 ½ cm .
437 911 316 46 “Literatur”:
778 925 43 38 p.
849 912 108 50 [168]

365 965 1625 55 © Jan. 19, 1925; 1c. Mar. 19; A—Foreign 27447; W. Knapp.
445 1023 273 55 (25-10558)

364 1124 167 72 May,
569 1123 214 58 Noble.

441 1219 96 58 Do
567 1219 108 57 tell
693 1241 12 49 ;
736 1239 89 52 or,
858 1218 165 59 Over
1052 1220 103 57 the
1186 1219 330 72 telephone
1545 1221 124 57 and
1699 1218 363 71 otherwise;
2096 1238 37 38 a
365 1220 1986 135 collection

525 1298 67 57 of
619 1295 296 73 readings
945 1298 124 56 and
1091 1298 425 71 monologues,
1544 1300 82 70 by
1654 1297 198 58 Noble
1879 1297 166 71 May.
2113 1297 259 70 Boston,

363 1373 247 59 Walter
638 1374 79 59 H.
745 1374 209 58 Baker
983 1393 324 54 company,
1337 1373 167 58 1925.

439 1469 79 44 184
541 1481 42 39 p.
672 1469 27 45 19
704 1470 46 18 cm
758 1506 8 7 .

364 1534 54 54 ©
452 1536 113 53 May
594 1535 68 52 22,
699 1534 129 54 1925;
862 1536 65 43 2c.
959 1537 87 42 and
1078 1536 79 43 aff.
1193 1536 111 53 May
1335 1536 80 52 28;
1450 1536 44 42 A
1527 1535 190 52 829423;
1754 1535 180 45 Walter
1968 1536 61 42 H.
2066 1534 153 44 Baker
2248 1549 68 29 co.

444 1591 272 56 (25-10506)

364 1693 234 73 Meyer,
645 1692 296 58 Frederic
986 1692 208 74 Louis,
1242 1696 190 57 1875-

510 1783 1867 74 … Twentieth century manual of railway, commercial
365 1861 1987 154 and wireless telegraphy, by Frederic L. Meyer … Chicago
547 1943 125 56 and
701 1942 152 57 New
879 1943 191 70 York,
1099 1942 201 72 Rand,
1331 1941 297 73 McNally
1653 1941 48 59 &
1729 1959 308 55 company
2067 1970 13 44 [
2082 1951 18 20 c
2105 1942 165 73 1925]

433 2034 28 43 2
487 2050 39 37 p.
572 2070 23 15 l.,
624 2033 123 52 iii-x,
780 2032 162 46 11-287
966 2049 41 39 p.
1036 2033 100 45 incl.
1167 2033 153 53 front.,
1349 2033 129 53 illus.,
1507 2034 161 44 forms.
1732 2034 49 44 18
1789 2035 46 19 cm
1842 2070 9 8 .

434 2107 147 43 Ninth
613 2106 181 50 edition,
828 2105 176 45 revised
1038 2107 88 43 and
1158 2105 227 54 enlarged.

364 2176 54 54 ©
447 2179 112 51 May
586 2176 68 54 25,
686 2176 131 54 1925;
848 2178 65 43 2c.
941 2179 117 51 June
1091 2179 46 51 1;
1169 2178 79 44 aff.
1279 2179 116 51 June
1424 2179 50 51 3;
1508 2178 44 42 A
1582 2176 190 54 829497;
1807 2178 144 51 Rand,
1983 2177 225 53 McNally
2239 2178 38 43 &
2305 2192 66 28 co.

443 2233 272 56 (25-10745)

365 2333 300 73 Mitchell,
709 2333 226 59 Edwin
974 2333 351 72 Valentine,
1369 2335 91 58 ed.

443 2428 130 59 The
622 2431 272 56 steamer
938 2429 177 71 book,
1163 2448 36 38 a
1244 2427 367 73 miscellany
1656 2430 104 57 for
1803 2446 313 54 voyagers
2163 2448 78 38 on
2288 2428 83 58 all

366 2527 159 50 seas,
571 2507 210 58 edited
825 2509 85 70 by
953 2506 227 58 Edwin
1222 2505 334 59 Valentine
1603 2504 297 60 Mitchell.
1983 2506 154 58 New
2178 2505 192 71 York,

364 2584 202 73 Dodd,
594 2585 189 60 Mead
809 2585 48 58 &
883 2603 323 55 company,
1235 2585 166 57 1925.

434 2675 1005 54 5 p. l., 3-322 p. illus. 19 cm . $2 50
435 2748 137 52 Maps
602 2765 57 29 on
687 2746 348 54 lining-papers.

769 2815 149 54 CONTENTS.—Ships,
943 2815 266 54 navigation
1235 2820 87 43 and
1349 2815 1022 54 navigators.—Verse.—Tales.—Islands.—

364 2875 140 45 Flora
534 2875 89 44 and
659 2876 140 44 fauna
829 2876 89 44 and
950 2873 742 53 fishes.—Miscellaneous.—Log
1722 2874 92 45 and
1845 2874 202 46 nautical
2078 2874 289 54 vocabulary.

363 2940 54 55 ©
447 2944 112 51 May
586 2943 69 51 23,
688 2940 130 54 1925;
850 2942 65 43 2c.
947 2942 113 53 May
1087 2943 81 52 29;
1201 2942 78 43 aff.
1313 2943 115 51 May
1455 2942 78 52 28;
1568 2942 44 43 A
1644 2942 190 52 829434;
1869 2943 150 52 Dodd,
2052 2943 137 43 Mead
2221 2944 39 43 &
2288 2958 82 38 co.,

433 3000 83 43 inc.
586 2998 272 56 (25-10502)

364 3100 152 57 New
552 3099 176 58 York
772 3100 238 73 (State)
1102 3101 203 73 Laws,
1342 3105 289 70 statutes,
1672 3106 109 51 etc.

443 3193 135 57 Tax
604 3193 122 57 law
753 3193 67 57 of
847 3193 104 58 the
984 3195 167 56 state
1178 3193 67 58 of
1274 3193 153 57 New
1455 3192 191 74 York,
1674 3192 190 74 being
1890 3192 68 57 L.
1992 3192 166 73 1909,
2191 3191 175 73 chap.

364 3273 88 71 62,
491 3271 260 58 entitled
788 3272 154 55 “An
977 3274 102 55 act
1109 3272 67 56 in
1211 3271 272 58 relation
1516 3275 63 54 to
1616 3271 303 73 taxation,
1956 3271 416 72 constituting

364 3349 262 71 chapter
674 3351 169 70 sixty
891 3350 68 57 of
1007 3351 102 56 the
1163 3350 447 63 Consolidated
1660 3351 207 55 laws”
1915 3349 154 57 with
361 3351 1983 133 amendments
596 3431 64 54 to
689 3429 105 56 the

825 3430 120 56 end
975 3429 65 57 of
1069 3429 103 57 the
1203 3428 354 73 legislative
1591 3427 241 58 session
1863 3427 70 58 of
1961 3428 167 71 1925,
2160 3427 208 57 edited

363 3506 2009 72 by John T. Fitzpatrick … completely indexed. New
363 3582 191 73 York,
597 3583 227 74 Baker,
871 3584 272 58 Voorhis
1191 3585 47 56 &
1283 3604 334 52 company;
1665 3584 269 73 Albany,
1982 3585 73 55 N.
2103 3584 95 72 Y.,
2245 3582 125 58 and

363 3660 153 57 New
551 3661 192 73 York,
785 3662 74 57 N.
900 3663 95 71 Y.,
1036 3664 83 56 M.
1159 3663 251 58 Bender
1450 3664 48 55 &
1539 3682 322 53 company,
1901 3661 463 72 incorporated,

364 3739 166 57 1924.

433 3816 907 55 2 p. l., [3]-314 ( i . e. 346) p. 23 cm .
434 3872 148 46 Extra
611 3874 248 43 numbered
891 3890 136 38 pages
1059 3877 210 43 inserted.

363 3926 54 54 ©
448 3930 111 52 May
585 3930 69 52 26,
689 3930 130 53 1925;
850 3933 63 43 2c.
946 3934 112 52 May
1086 3935 78 51 29;
1198 3935 77 42 aff.
1309 3935 112 51 May
1452 3932 77 52 27;
1564 3933 44 42 A
1638 3932 190 49 829464;
1863 3931 223 44 Matthew
2119 3929 178 46 Bender
2328 3929 38 44 &

434 4001 80 37 co.,
545 3987 81 42 inc.
691 3986 66 54 [©
787 4004 100 29 new
915 3998 177 44 matter,
1123 3992 225 43 additions
1379 3992 86 42 and
1495 3990 210 53 changes]
1777 3987 271 56 (25-10458)
