2533 4412
1268 4076 149 55 1298

331 409 129 57 The
487 407 553 73 merry-go-round.
1123 427 56 37 v.
1213 409 50 72 2,
1292 427 98 37 no.
1423 408 89 71 11,
1547 406 192 73 Sept.,
1772 408 166 56 1925.

327 495 2008 56 © 1c. Oct. 29, 1925; A ad int. 7363; pubd. Sept. 1; Basil Blackwell, Oxford,
398 555 226 54 England.

329 655 374 58 Minnesota.
778 652 387 74 University.
1239 653 289 73 Library.

473 745 1866 75 … Check list of periodicals and serials in the biological
329 830 125 58 and
496 827 189 60 allied
728 827 271 60 sciences
1043 826 309 60 available
1392 827 66 58 in
1499 827 105 58 the
1644 825 246 73 library
1932 826 68 58 of
2040 825 103 60 the
327 822 1986 156 University

602 907 68 58 of
701 904 360 61 Minnesota
1093 907 125 58 and
1245 906 86 57 its
1361 903 281 73 vicinity.
1713 902 443 74 Minneapolis,
328 903 1986 153 University

602 984 68 60 of
701 983 377 72 Minnesota,
1111 984 165 59 1925.

329 1072 1988 110 v p., 2 l., 126 p. 25 ½ cm . ([Minnesota. University] Bibliographical series, no. 2)
397 1202 66 44 At
493 1201 115 45 head
638 1202 52 44 of
719 1199 99 46 title
835 1215 10 30 :
878 1200 229 44 Research
1139 1198 309 52 publications
1481 1201 54 44 of
1569 1201 74 44 the
1674 1198 271 53 University
1974 1201 52 45 of
2059 1199 279 47 Minnesota.

327 1268 54 54 ©
417 1268 121 54 Sept.
576 1270 32 50 1,
646 1268 131 52 1925;
812 1269 63 43 2c.
912 1269 102 43 Oct.
1048 1269 78 51 24;
1161 1269 79 42 aff.
1276 1269 101 43 Oct.
1410 1269 78 51 23;
1524 1269 44 42 A
1603 1267 189 54 869769;
1831 1269 268 53 University
2133 1269 50 45 of
398 1269 1918 101 Minnesota.

639 1324 273 56 (25-21819)

330 1426 458 73 Montgomery,
831 1425 236 59 Robert
1109 1425 271 73 Hiester,
1425 1427 191 59 1872-
1774 1425 91 60 ed.

405 1518 331 57 Financial
767 1518 350 71 handbook,
1153 1517 210 59 edited
1397 1519 84 71 by
1511 1519 241 57 Robert
1786 1518 80 57 H.
1903 1519 442 73 Montgomery

396 1596 1719 74 … New York, The Ronald press company [ c 1925]
501 1687 1102 56 xxx p., 1 l., 1749 p. incl. forms, diagrs. 19 cm .
400 1746 177 46 Indices
611 1763 60 28 on
706 1746 342 53 lining-papers.

329 1803 54 54 ©
414 1807 102 43 Oct.
552 1803 63 53 17,
650 1803 130 53 1925;
811 1805 65 42 2c.
910 1805 101 43 Oct.
1042 1803 78 52 22;
1155 1803 79 43 aff.
1269 1804 101 43 Oct.
1404 1804 78 51 23;
1516 1804 43 41 A
1590 1803 190 52 872088;
1817 1804 54 44 R.
1903 1805 62 41 H.
2001 1804 340 53 Montgomery,

401 1862 118 44 New
549 1862 144 43 York.
763 1858 273 57 (25-21825)

332 1963 287 71 Morand,
662 1962 177 70 Paul,
884 1964 191 57 1888-

409 2053 226 60 Closed
664 2054 85 57 all
773 2053 200 73 night,
1002 2053 81 73 by
1112 2053 161 58 Paul
1302 2053 287 58 Morand.
1675 2054 152 58 New
1855 2054 191 76 York,
2078 2055 68 57 T.
329 2055 1984 150 Seltzer,
481 2133 166 57 1925.

397 2211 359 55 203 p. 19½ cm .
402 2268 304 45 “Translated
735 2270 56 52 by
823 2267 51 46 G.
905 2270 51 42 P.
988 2268 63 51 C.,
1081 2268 49 45 C.
1161 2268 51 44 B.
1243 2269 64 52 P.,
1338 2268 89 44 and
1457 2268 61 44 H.
1547 2268 67 44 M.
1646 2268 120 44 from
1795 2269 74 43 the
1899 2267 176 46 French
2105 2267 164 47 Fermé
2299 2268 40 45 la

328 2327 138 46 nuit.”

673 2420 7 7 CONTENTS.
697 2409 57 6 —
769 2381 100 46 The
905 2383 129 52 night
1072 2393 45 36 at
1156 2382 491 44 Portofino-Kulm.—
1663 2382 99 44 The
1800 2381 131 54 night
1969 2385 41 42 in
2053 2383 263 45 Charlotten
329 2441 289 53 burg.—The

645 2439 131 54 night
805 2441 41 43 in
879 2438 378 54 Babylon.—The
1285 2439 129 53 night
1442 2448 46 35 at
1520 2441 188 51 Putney.

333 2497 52 53 ©
421 2497 120 53 Sept.
575 2498 65 47 28,
676 2495 130 54 1925;
840 2497 64 43 2c.
939 2497 102 43 Oct.
1074 2496 48 52 6;
1159 2497 79 43 aff.
1274 2497 102 43 Oct.
1410 2498 49 50 8;
1495 2496 43 42 A
1572 2494 190 54 869805;
1798 2495 201 46 Thomas
2037 2496 187 53 Seltzer,
2260 2498 82 43 inc.

410 2553 274 57 (25-21911)

332 2655 253 72 Mudge,
619 2655 217 74 pseud.

404 2747 129 58 The
606 2746 234 56 mirror
913 2745 68 58 of
1051 2745 144 70 life.;
1270 2764 37 38 a
1383 2746 227 57 second
1681 2746 316 58 reflection
2074 2748 270 74 through

332 2825 361 72 “Mudge”.
778 2824 153 58 New
961 2822 192 73 York,
1188 2822 172 58 Priv.
1394 2824 215 71 print.,
1642 2824 167 57 1925.

401 2902 56 45 76
491 2917 40 39 p.
591 2903 54 43 22
653 2904 47 18 cm
707 2938 9 8 .

404 2961 214 44 Lettered
649 2975 59 29 on
741 2974 135 30 cover
894 2974 8 29 :
937 2957 242 54 Thoughts
1214 2958 210 44 reflected
1460 2959 43 43 in
1536 2959 75 44 the
1645 2957 170 47 mirror
1849 2960 51 44 of
1935 2959 93 54 life,
2112 2995 7 8 II.

402 3018 148 44 Verse
581 3018 89 43 and
702 3031 145 38 prose.

333 3073 54 54 ©
423 3076 101 43 Oct.
559 3073 67 53 27,
664 3072 129 52 1925;
829 3074 65 43 2c.
930 3073 88 43 and
1051 3073 78 43 aff.
1167 3073 101 43 Oct.
1303 3072 78 52 29;
1419 3073 42 41 A
1496 3072 191 53 872181;
1726 3075 40 51 J.
1804 3073 49 44 F.
1889 3073 174 55 Tapley
2097 3091 79 36 co.,
2214 3076 130 53 Long

406 3132 154 43 Island
592 3130 119 54 City,
744 3130 60 44 N.
836 3130 56 43 Y.
962 3128 272 55 (25-22012)

336 3229 302 59 National
670 3230 366 57 conference
1072 3246 79 41 on
1184 3229 104 58 the
1326 3229 323 58 Christian
1683 3247 141 57 way
1860 3231 67 58 of
1959 3231 132 59 life.
411 3234 1907 133 Commission

708 3329 80 38 on
821 3307 451 59 international
1311 3307 318 59 relations.

411 3399 302 58 Missions
750 3400 124 57 and
906 3399 199 58 world
1141 3398 317 72 problems;
1528 3419 36 37 a
1604 3399 278 71 syllabus
1921 3400 67 58 of
2022 3402 323 70 questions

334 3478 104 57 for
487 3497 111 38 use
647 3478 83 71 by
779 3477 354 58 discussion
1184 3477 250 57 classes.
1521 3477 426 71 Preliminary
1999 3480 92 57 ed.
333 3479 1984 135 Commission

641 3575 79 38 on
763 3554 453 59 international
1260 3553 303 59 relations
1609 3555 69 59 of
1718 3555 103 58 the
1867 3556 296 57 National
335 3577 1985 117 conference

336 3632 1984 138 on the Christian way of life … New York, Association
598 3731 183 54 press
814 3712 124 57 and
969 3711 104 57 the
1106 3710 300 58 Womans
1440 3729 202 54 press,
1676 3712 168 58 1925.

409 3790 75 45 135
519 3806 40 38 p.
619 3790 53 44 20
679 3793 48 17 cm
737 3826 5 6 .

408 3847 221 54 “Helpful
659 3846 173 45 books”
849 3862 10 29 :
892 3861 39 36 p.
969 3846 90 44 129.

337 3904 54 54 ©
422 3906 101 43 Oct.
554 3905 38 51 6,
627 3902 130 47 1925;
789 3904 64 43 2c.
889 3905 100 43 Oct.
1020 3903 78 51 29;
1131 3903 79 43 aff.
1243 3903 102 43 Oct.
1377 3904 77 49 23;
1489 3903 43 42 A
1565 3900 189 53 872193;
1790 3904 53 42 R.
1877 3902 52 48 E.
1964 3903 272 44 McCulloch
2271 3903 71 44 for

408 3962 77 43 the
514 3960 220 44 National
763 3959 269 44 conference
1062 3974 58 28 on
1148 3959 76 43 the
1256 3958 231 45 Christian
1517 3974 101 38 way
1648 3959 50 44 of
1729 3959 91 49 life,
1856 3961 118 43 New
2004 3961 142 43 York.

417 4017 271 55 (25-22007)
