2533 4412
0 0 0 0 1276
447 484 78 46 viii
545 499 56 39 p.,
621 486 18 42 1
679 520 23 18 l.,
721 484 83 45 550
822 499 40 39 p.
913 485 130 54 illus.,
1067 502 72 39 pl.,
1162 485 168 54 diagrs.
1381 487 55 44 20
1444 490 46 17 cm
1496 522 9 9 .
1566 486 300 56 (Vocational
1891 487 296 54 agricultural
2213 488 164 53 series)

450 557 218 45 Contains
693 557 346 46 “References”.

479 614 113 45 “This
617 615 121 44 book
760 615 82 43 has
867 616 109 43 been
1001 616 220 51 prepared
1246 614 239 55 primarily
1509 616 76 44 for
1608 631 78 29 use
1712 631 49 29 as
1786 632 25 28 a
1836 624 98 36 text
1959 616 44 43 in
2030 616 75 46 the
2130 617 256 44 vocational

380 670 300 55 agricultural
706 672 167 45 classes
901 673 52 45 of
977 672 77 45 the
1082 673 250 53 secondary
1358 672 178 45 schools
1563 674 51 43 of
1639 673 74 45 the
1743 673 216 46 southern
1987 674 183 44 states.”

380 743 53 54 ©
463 743 120 53 Sept.
617 743 63 53 15,
710 744 130 53 1925;
867 745 65 43 2c.
964 745 101 44 Oct.
1096 745 75 52 16;
1203 745 79 43 aff.
1313 745 102 44 Oct.
1447 744 75 52 15;
1553 745 43 42 A
1624 743 190 54 869807;
1846 744 182 44 Turner
2055 744 52 48 E.
2141 743 147 48 Smith
2317 760 65 29 co.

459 801 271 54 (25-22049)

382 903 217 72 Chase,
639 902 240 73 Stuart,
918 904 190 59 1888-

454 993 132 59 The
618 995 273 71 tragedy
923 994 69 58 of
1021 998 214 69 waste,
1269 994 83 72 by
1388 993 223 60 Stuart
1646 992 203 60 Chase
1880 993 66 58 in
1980 994 399 73 conjunction

376 1072 153 57 with
571 1072 106 58 the
720 1071 209 59 Labor
972 1073 258 69 bureau,
1272 1072 463 72 incorporated.
1819 1072 153 58 New
2011 1071 191 73 York,
2249 1072 130 57 The

377 1149 360 60 Macmillan
769 1169 326 55 company,
1127 1151 149 57 1925

448 1242 752 56 4 p. l ., 296 p. diagr. 19½c m .
450 1313 354 55 Bibliography:
835 1330 40 38 p.
904 1314 206 45 281-292.

380 1386 53 54 ©
460 1389 101 43 Oct.
587 1388 37 50 6,
656 1386 102 44 1925;
813 1387 64 43 2c.
905 1387 87 42 and
1018 1386 78 43 aff.
1127 1386 97 44 Oct,
1257 1384 24 45 7;
1335 1386 43 42 A
1406 1385 167 44 864996;
1626 1384 268 45 Macmillan
1921 1401 65 28 co.
460 1444 272 56 (25-21512)

382 1546 290 73 Christie,
706 1546 273 74 Agatha.

456 1641 161 58 Who
654 1639 191 58 killed
882 1638 333 72 Ackroyd?
1301 1637 174 72 chap.
1517 1639 205 55 16-19.
1806 1639 48 72 [6
1893 1637 417 75 instalments]

453 1733 82 51 (In
567 1733 186 41 London
786 1731 214 51 Evening
1032 1730 150 51 news)

380 1796 2004 60 © 1c. Oct. 26, 1925; A ad int. 7354; pubd. Aug. 31, Sept. 1–5; A. Christie,
451 1861 201 43 London.

382 1961 267 71 Conrad,
684 1960 255 72 Joseph,

460 2056 130 56 The
621 2052 327 74 unlighted
980 2053 174 56 coast.

453 2147 80 51 (In
562 2146 187 41 London
778 2144 181 50 Times)

380 2211 2003 59 © 1c. Oct. 14, 1925; A ad int. 7336; pubd. Aug. 18; Mrs. Joseph Conrad,
453 2275 200 43 London.

384 2376 182 69 Coxe,
608 2374 270 58 Warren
917 2370 311 71 Winfred,
1271 2371 190 58 1886-

526 2460 1853 75 … The influence of Latin on the spelling of English
377 2538 2005 79 words [by] Warren W. Coxe … Bloomington, Ill., Public
379 2625 209 58 school
615 2622 365 74 publishing
1007 2640 86 38 co.
1126 2650 13 43 [
1140 2627 19 21 c
1164 2620 165 72 1925]

453 2720 73 42 121
579 2733 38 38 p.
667 2716 101 44 incl.
819 2714 157 51 tables,
1026 2715 168 50 diagrs.
1255 2712 52 42 23½c
1361 2713 29 17 m
1398 2746 7 8 .
1475 2710 213 53 (Journal
1739 2711 52 43 of
1838 2710 285 45 educational
2171 2713 209 43 research

380 2774 321 55 monographs,
729 2774 65 43 ed.
820 2774 58 49 by
907 2771 50 42 B.
987 2772 53 42 R.
1071 2769 330 52 Buckingham,
1429 2782 70 29 no.
1529 2765 51 54 7)

379 2831 55 54 ©
463 2834 118 41 Mar.
609 2832 40 50 2,
678 2829 131 52 1925;
837 2830 64 42 2c.
932 2828 101 44 Oct.
1059 2827 80 52 24;
1171 2826 78 43 aff.
1280 2826 101 44 Oct.
1410 2825 77 53 22;
1517 2824 44 42 A
1591 2823 188 54 873145;
1815 2824 159 45 Public
2003 2824 153 45 school
2185 2826 102 52 pub.
2318 2843 64 27 co.

459 2887 273 56 (25-21674)

382 2988 229 72 Curtis,
648 2990 153 56 Mrs.
838 2986 178 57 Alice
1062 2984 303 74 (Turner)

456 3072 1855 73 A little maid of Monmouth, by Alice Turner Curtis …
376 3157 364 59 illustrated
774 3156 82 73 by
892 3154 199 61 Grace
1130 3153 328 58 Norcross.
1535 3150 459 75 Philadelphia,
2036 3152 128 58 The
2204 3153 172 59 Penn

374 3236 365 73 publishing
766 3252 325 54 company,
1119 3233 168 56 1925.

444 3313 762 56 219 p. front., plates. 19 ½ cm .
379 3372 53 54 ©
461 3374 101 43 Oct.
587 3372 68 51 20,
683 3370 130 52 1925;
841 3370 64 43 2c.
932 3370 87 43 and
1045 3369 77 43 aff.
1153 3368 101 44 Oct.
1282 3367 78 52 26;
1388 3367 43 42 A
1458 3364 161 45 869751;
1679 3367 127 42 Penn
1833 3366 100 52 pub.
1961 3382 65 27 co.
459 3427 271 57 (25-21269)

378 3528 322 72 Delafield,
742 3527 283 72 Francis,
1068 3528 360 57 1841-1915.

446 3622 59 56 A
538 3619 320 60 text-book
893 3618 68 58 of
993 3617 364 72 pathology,
1390 3614 151 58 with
1577 3634 36 37 a
1648 3613 151 58 final
1835 3612 235 59 section
2104 3633 79 38 on
375 3618 1987 139 postmortem
671 3696 458 59 examinations
1163 3696 123 56 and
1316 3694 104 57 the
1447 3692 286 58 methods
1764 3692 68 57 of
1859 3691 374 73 preserving
2264 3693 119 57 and

376 3768 2009 80 examining diseased tissues, by Francis Delafield … and
376 3848 2007 73 T. Mitchell Prudden … 13th ed., revised by Francis
376 3926 2005 74 Carter Wood … With eighteen full-page plates and
