2533 4412
1055 4056 110 55 977

97 518 164 39 were
321 499 124 57 filed
486 499 65 55 in
592 499 187 70 April
823 500 123 55 and
987 499 182 70 June,
1217 499 165 71 1925,
1430 498 122 56 and
1597 516 172 37 cases
1815 496 274 57 wherein

100 577 363 71 rehearings
496 595 161 37 were
692 577 223 56 denied
948 579 68 53 at
1046 576 102 55 the
1183 575 164 56 June
1381 578 178 67 term,
1596 575 165 55 1925,
1840 573 251 58 Samuel

99 654 273 70 Pashley
403 654 210 71 Irwin,
650 656 292 67 reporter
974 653 69 56 of
1075 652 326 57 decisions.
1477 651 461 72 Bloomington,
1974 650 114 74 Ill.,

99 732 163 55 1925.

167 806 57 51 ix,
263 806 197 54 [11]-699
491 820 39 37 p.
590 806 53 41 22½
679 809 46 17 cm
732 840 8 8 .

98 861 53 54 ©
181 862 119 53 Sept.
325 863 66 51 24,
420 861 128 54 1925;
575 862 65 44 2c.
666 863 86 43 and
778 863 78 43 aff.
887 861 120 54 Sept.
1032 862 79 52 28;
1142 862 43 43 A
1211 859 188 55 869051;
1434 860 183 47 Samuel
1643 862 51 42 P.
1723 861 152 53 Irwin,
169 861 1899 111 Bloomington,
378 919 70 43 Ill.

97 1017 241 58 Illinois
373 1022 160 52 state
566 1017 299 57 teachers’
901 1017 395 57 association.
1381 1019 245 73 County
174 1018 1893 135 superintendents’
361 1095 251 58 section.

176 1187 236 60 Course
457 1189 67 57 of
570 1191 188 69 study
802 1190 102 56 for
951 1189 101 57 the
1100 1208 278 39 common
1427 1189 239 58 schools
1714 1191 67 57 of
1827 1190 260 58 Illinois.

100 1267 102 56 7th
239 1269 255 69 general
529 1266 290 58 revision.
900 1267 271 57 Revised
1207 1268 81 70 by
1325 1268 103 56 the
1468 1266 313 72 Standing
98 1269 1969 132 committee

225 1365 78 38 on
334 1346 161 56 state
528 1363 217 38 course
778 1345 67 55 of
877 1345 186 70 study
1094 1343 224 58 chosen
1349 1345 81 70 by
1462 1345 103 57 the
1600 1343 245 72 County
98 1362 1969 118 superintendents’

521 1421 234 58 section
792 1422 66 57 of
894 1422 103 58 the
1033 1420 242 59 Illinois
1315 1426 163 54 state
1517 1421 310 58 teachers’
98 1421 1967 134 association.

397 1497 398 73 Taylorville,
867 1499 113 69 Ill.,
1053 1500 239 56 Parker
1361 1498 361 74 publishing
1788 1519 302 52 company

100 1606 10 43 [
116 1583 17 21 c
137 1576 147 56 1925
288 1606 12 43 ]

168 1655 81 44 336
277 1669 40 36 p.
378 1655 116 44 illus.
522 1653 96 50 (incl.
679 1655 170 46 ports.)
916 1655 53 41 22c
994 1656 27 17 m
1029 1688 8 7 .

99 1707 53 53 ©
185 1708 107 52 July
324 1709 66 50 31,
428 1707 129 52 1925;
593 1708 64 42 2c.
693 1709 87 41 and
814 1708 77 42 aff.
929 1707 119 52 Aug.
1083 1708 50 50 3;
1170 1707 43 42 A
1248 1707 189 52 861281;
1478 1706 177 53 County
1691 1706 401 54 superintendents’

171 1765 170 43 section
368 1763 50 44 of
445 1764 74 43 the
548 1763 173 43 Illinois
749 1771 116 35 state
893 1763 215 43 teachers’
1139 1778 129 35 assn.,
1303 1764 279 52 Monticello,
1613 1762 69 45 Ill.

178 1818 270 56 (25-15135)

99 1918 379 74 Kaarsberg,
521 1917 215 74 Helge.

242 2009 1858 75 … Mein Sumatrabuch, berechtigte übertragung von
99 2088 216 56 Erwin
345 2089 285 71 Magnus.
715 2087 218 57 Berlin
965 2092 145 68 [etc.]
1203 2139 9 9 F.
1247 2087 340 59 Schneider
1619 2089 180 73 [1923]

173 2167 76 43 139
282 2180 39 38 p.
382 2164 153 52 front.,
567 2164 154 53 plates.
781 2165 56 43 26
842 2167 46 17 cm
896 2202 8 7 .

99 2221 1980 102 CONTENTS .—Tagebuchblätter I: Aus der grossen Stadt [Medan]—Tagebuchblätter:
453 2279 98 42 Aus
601 2277 235 45 Sumatras
881 2277 1113 56 bergen.—Sinkih.—Pionier.—Kampongleben
2042 2281 58 43 im

101 2335 233 44 tieflande:
367 2334 230 43 Mardiani
624 2335 90 42 und
741 2333 162 52 Djojo.
966 2333 138 45 Sechs
1131 2333 131 53 jahre
1291 2336 163 52 später.

102 2391 53 53 ©
192 2393 111 51 May
339 2396 39 48 8,
419 2392 129 50 1923;
617 2406 35 27 1c.
691 2390 105 53 July
839 2390 63 52 17,
943 2390 128 52 1925;
1114 2392 43 42 A
1159 2391 257 54 —Foreign
1453 2393 163 52 28230;
1659 2392 148 45 Franz
1851 2393 247 47 Schneider

170 2448 169 53 verlag.
408 2446 271 56 (25-17424)

100 2532 248 57 Kansas
391 2531 144 75 City
573 2536 149 53 star.

181 2624 384 60 Circulation
605 2628 125 57 and
767 2625 510 75 merchandising
1318 2629 168 71 data,
1529 2629 304 71 compiled
1871 2633 84 70 by
1993 2634 104 56 the

107 2704 249 56 Kansas
411 2702 145 73 City
606 2707 164 68 star;
825 2704 407 58 distribution
1283 2707 83 70 by
1418 2709 227 68 states;
1699 2708 278 71 analysis
2031 2712 67 57 of

104 2781 251 58 Kansas
408 2778 145 75 City
602 2780 396 73 circulation;
1049 2781 319 73 Missouri,
1418 2783 276 71 Kansas,
1742 2785 187 72 Iowa,
104 2787 1969 143 Nebraska,

396 2858 361 69 Oklahoma,
801 2858 328 58 Arkansas
1174 2862 123 56 and
1342 2859 308 59 Colorado
1693 2864 82 69 by
1819 2863 277 59 counties

104 2939 122 56 and
260 2940 146 68 post
445 2933 216 72 offices,
700 2938 106 56 dot
841 2953 182 53 maps
1061 2938 123 56 and
1219 2936 200 73 figure
1455 2956 181 53 maps
1679 2939 278 74 showing
1994 2943 103 56 the

104 3014 365 58 circulation
502 3014 67 57 of
598 3014 104 57 the
735 3011 188 74 daily,
959 3013 259 72 Sunday
1251 3017 123 56 and
1403 3015 232 72 weekly
1672 3016 148 59 Star
1854 3018 66 56 in
105 3019 1968 144 Missouri,

323 3091 273 70 Kansas,
627 3091 187 71 Iowa,
845 3090 343 73 Nebraska,
1225 3090 359 73 Oklahoma,
1615 3090 326 62 Arkansas
1977 3098 119 55 and

107 3166 1990 78 Colorado … [Kansas City, Kan.] Kansas City star, 1925.
177 3245 695 52 185 p . fold. maps. 29½ cm .
105 3299 53 53 ©
187 3301 115 51 June
334 3301 34 49 1,
403 3298 129 53 1925;
563 3300 64 42 2c.
658 3300 86 42 and
774 3300 79 42 aff.
886 3299 117 51 June
1037 3299 72 52 12;
1143 3300 44 41 A
1220 3298 188 53 863056;
1444 3300 179 44 Kansas
1658 3301 104 54 City
1795 3311 106 36 star.

184 3354 270 56 (25-15125)

108 3441 273 69 Kimber,
415 3440 225 57 Albert
671 3441 113 71 W.,
823 3443 90 56 ed.

184 3533 324 56 Kimber’s
551 3534 220 55 record
811 3533 67 56 of
919 3537 411 67 government
1368 3535 178 57 debts
1589 3538 124 56 and
1754 3539 182 56 other
110 3540 1971 142 foreign

296 3609 342 71 securities,
685 3611 164 55 1925.
936 3610 114 57 Ed.
1095 3611 83 71 by
1220 3611 226 56 Albert
1486 3612 94 57 W.
1629 3614 281 58 Kimber.
1996 3619 106 55 9th

108 3687 1974 152 annual ed. … New York, Exporters’ encyclopaedia corporation [1925]
177 3840 82 44 896
286 3857 38 37 p.
384 3840 54 43 20½c
489 3844 30 16 m
526 3876 8 7 .

110 3895 52 53 ©
191 3897 121 52 Sept.
342 3895 61 53 15,
435 3895 129 53 1925;
593 3897 64 42 2c.
688 3896 120 52 Sept.
837 3898 77 50 29;
946 3898 79 41 aff.
1055 3897 121 52 Sept.
1202 3898 79 49 28;
1312 3898 43 41 A
1383 3898 187 53 864824;
1601 3897 266 56 Exporters’
179 3903 1900 101 encyclopaedia

366 3968 120 36 corp.
550 3950 66 55 [©
647 3952 224 44 additions
903 3954 85 42 and
1020 3952 291 53 corrections]
