2533 4412
1062 4052 145 57 1295

156 407 334 57 Hawaiian
529 422 193 56 sugar
761 407 297 74 planters’
1099 406 396 59 association.
1575 408 409 75 Experiment
230 415 1893 142 station,
413 486 334 57 Honolulu.
830 486 411 71 Department
1281 485 66 72 of
1380 486 361 73 pathology.

150 561 1975 149 … Red-stripe disease studies, by the staff of the Department
505 640 65 56 of
604 639 361 73 pathology.
1049 640 337 72 Honolulu,
1421 640 268 73 Hawaii,
1726 643 165 56 1925.

216 716 651 53 3 p. l. , 99 p. illus. 26 cm .
218 773 214 44 Contains
456 773 367 54 bibliographies.

147 829 54 54 ©
233 830 123 54 Sept.
383 830 65 53 25,
481 830 128 54 1925;
641 833 62 43 2c.
734 833 87 43 and
848 832 79 44 aff.
960 832 101 45 Oct.
1089 832 78 53 26;
1199 833 42 42 A
1271 830 161 46 869771;
1494 832 242 44 Hawaiian
1767 848 110 38 sugar
1934 833 209 53 planters’

217 903 131 37 assn.,
388 888 246 44 Honolulu.
704 888 271 54 (25-22051)

150 957 307 74 Holaday,
494 961 152 56 Mrs.
683 958 175 57 Alice
895 960 153 73 May
1089 958 288 76 (Cusick)

225 1036 95 59 On
358 1037 103 57 the
502 1037 131 58 side
672 1038 176 69 lines,
888 1038 82 70 by
1006 1037 74 58 A.
1121 1037 152 72 May
1309 1037 310 72 Holaday.
1705 1038 151 57 New
1892 1039 171 56 York
2103 1038 47 58 &

144 1114 278 71 London,
457 1115 130 57 The
622 1113 280 73 Century
934 1134 86 38 co.
1057 1144 12 43 [
1072 1123 19 21 c
1095 1115 164 72 1925]

217 1191 1250 54 5 p. l. , 3-295 p. front. plates. 19½ cm . $1.75
146 1247 52 54 ©
227 1248 119 53 Sept.
374 1249 65 51 30,
471 1248 128 53 1925;
627 1249 63 43 2c.
721 1249 100 43 Oct.
848 1251 49 50 2;
927 1250 78 42 aff.
1036 1249 101 44 Oct.
1165 1250 49 51 3;
1244 1250 42 41 A
1315 1249 187 52 869123;
1537 1248 199 54 Century
1763 1264 65 28 co.

225 1303 269 56 (25-21766)

149 1375 304 73 Hopkins,
494 1375 199 59 Grant
735 1375 322 72 Sherman,
1099 1378 190 56 1865-

225 1453 198 59 Guide
458 1456 63 54 to
556 1452 103 59 the
695 1452 338 58 dissection
1071 1453 123 57 and
1230 1453 187 72 study
1452 1453 67 57 of
1552 1453 103 57 the
1691 1453 184 59 blood
1907 1455 237 57 vessels

147 1532 123 56 and
291 1550 224 38 nerves
543 1532 64 57 of
633 1531 102 58 the
762 1531 199 71 limbs,
988 1531 228 59 thorax
1240 1532 123 56 and
1390 1532 303 57 abdomen
1719 1532 68 56 of
1812 1532 103 57 the
1939 1533 205 70 horse,

144 1608 1976 151 by Grant Sherman Hopkins … 2d ed., rev. and enl. [Geneva,
353 1687 74 56 N.
462 1688 93 71 Y.,
588 1689 191 55 Press
816 1687 65 57 of
912 1688 98 57 W.
1046 1688 69 56 F.
1151 1686 391 74 Humphrey,
1577 1690 204 71 1925?]

212 1764 932 55 53, [1] p. XII pl. (part col.) 30½ cm .
211 1822 154 44 Plates
391 1822 316 52 accompanied
731 1824 58 51 by
812 1822 92 43 leaf
928 1822 110 44 with
1063 1822 269 52 descriptive
1358 1824 274 50 letterpress.

145 1879 51 53 ©
223 1881 101 43 Oct.
350 1881 64 51 30,
443 1879 130 52 1925;
601 1881 64 41 2c.
694 1880 100 43 Oct
821 1879 77 52 28;
928 1880 77 42 aff.
1035 1880 101 43 Oct.
1163 1880 76 51 30;
1270 1880 42 41 A
1339 1880 189 52 869844;
1560 1879 51 44 G.
1643 1879 45 47 S.
1716 1880 226 53 Hopkins,
1971 1882 171 52 Ithaca,

214 1938 60 43 N.
306 1938 55 42 Y.
431 1935 269 54 (25-22052)

146 2009 245 73 Hough,
429 2008 182 74 Lynn
647 2007 259 71 Harold,
946 2010 190 58 1877-

220 2087 405 72 Evangelical
653 2086 370 68 humanism,
1052 2087 81 71 by
1159 2087 179 71 Lynn
1367 2087 245 58 Harold
1638 2087 249 73 Hough.
138 2088 1978 149 Fernley

275 2166 251 69 lecture,
564 2166 164 55 1925.
813 2165 149 56 New
999 2164 189 72 York,
1230 2163 374 72 Cincinnati,
1641 2166 130 58 The
1809 2165 334 74 Abingdon

143 2263 178 52 press
365 2275 12 42 [
380 2252 17 21 c
402 2244 163 71 1925]

210 2321 79 44 205
321 2336 39 38 p.
448 2323 24 42 19½
507 2323 48 17 cm
561 2355 7 8 .

142 2377 52 54 ©
227 2378 105 53 July
361 2378 68 50 24,
467 2376 128 53 1925;
630 2377 63 43 2c.
729 2378 87 42 and
847 2377 79 42 aff.
964 2375 119 54 Sept.
1122 2375 74 53 17;
1233 2377 42 41 A
1310 2376 188 53 869049;
1536 2377 50 43 L.
1622 2378 61 42 H.
1720 2378 186 52 Hough,
1944 2377 195 45 Detroit.

219 2434 269 55 (25-22003)

144 2506 214 70 Hsieh,
400 2506 128 56 Pao
572 2504 187 71 Chao,
803 2505 189 57 1896-

215 2583 130 58 The
388 2584 408 71 government
841 2580 68 59 of
955 2578 199 61 China
1206 2580 400 71 (1644-1911)
1659 2583 82 70 by
1784 2584 131 57 Pao
1965 2584 168 53 Chao

137 2660 218 73 Hsieh,
477 2707 11 10 PH.
557 2707 10 9 D.
634 2659 364 69 Baltimore,
1029 2658 130 57 The
1186 2657 203 58 Johns
1418 2657 289 73 Hopkins
1736 2677 201 53 press,
1968 2661 164 57 1925.

142 2734 1971 106 5 p. l. , 414 p. 23 cm . (Half-title: Johns Hopkins university studies in historical
329 2796 87 42 and
443 2794 199 53 political
671 2794 184 43 science.
916 2791 148 47 Extra
1090 2792 217 44 volumes.
1367 2793 117 44 New
1513 2793 152 52 series,
1694 2808 69 29 no.
1793 2795 51 50 3)

215 2852 246 45 Published
486 2852 96 43 also
611 2867 48 27 as
688 2851 138 43 thesis
863 2851 106 49 (PH.
1029 2851 33 52 D.)
1098 2851 144 51 Johns
1272 2850 212 52 Hopkins
1512 2849 262 54 university,
1805 2851 117 44 1923.

213 2908 350 53 Bibliography:
592 2924 40 37 p.
664 2908 235 45 [409]-414.

139 2950 1996 68 © Oct. 23, 1 925; 2c. Oct. 24; aff. Oct. 29; A 872185; Johns Hopkins press.
219 3020 269 57 (25-22053)

143 3093 278 69 Hudson,
461 3090 282 59 William
779 3090 234 71 Henry,
1053 3090 359 57 1841-1922.

219 3170 129 57 The
372 3167 442 73 disappointed
842 3166 288 72 squirrel,
1156 3166 123 58 and
1304 3165 178 58 other
1507 3165 227 59 stories
1758 3166 168 59 from
1953 3170 185 57 “The

141 3249 159 58 book
334 3247 67 58 of
437 3270 37 37 a
505 3246 340 57 naturalist”
955 3245 84 71 by
1072 3245 96 57 W.
1208 3245 80 57 H.
1325 3244 267 57 Hudson;
1661 3245 357 60 illustrated
2057 3249 81 71 by

143 3325 388 73 Marguerite
563 3324 275 57 Kirmse.
939 3323 152 56 New
1120 3322 190 72 York,
1347 3321 241 74 George
1621 3323 78 56 H.
1734 3324 213 58 Doran
138 3345 1971 132 company
342 3434 12 43 [
357 3412 18 23 c
379 3405 164 71 1925]

213 3482 92 51 143,
335 3483 52 52 [1]
417 3497 38 37 p.
482 3479 99 44 incl.
608 3479 81 44 col.
716 3479 212 44 mounted
955 3478 152 47 front.,
1134 3477 130 51 illus.,
1289 3477 82 43 col.
1401 3478 210 43 mounted
1640 3478 155 53 plates.
1855 3481 150 44 23½cm.

140 3539 52 54 ©
220 3541 118 45 Sept.
368 3541 61 44 11,
459 3537 128 51 1925;
613 3538 63 42 2c.
708 3535 118 54 Sept.
858 3535 72 48 15;
959 3537 77 41 aff.
1066 3536 102 43 Oct.
1192 3534 52 43 27;
1298 3535 43 41 A
1368 3533 188 54 872109;
1590 3535 178 53 George
1793 3538 60 42 H.
1884 3539 156 42 Doran
2068 3554 64 29 co.

219 3594 269 57 (25-21605)

142 3667 325 60 Jahrbuch
507 3668 110 55 der
659 3664 356 58 Deutschen
1060 3662 404 72 gesellschaft
1508 3662 110 57 für
217 3664 1892 153 bauingenieurwesen,

479 3745 164 56 1925.
722 3743 121 57 Mit
879 3743 72 56 62
990 3740 436 72 abbildungen,
1467 3743 30 53 1
1536 3739 230 61 bildnis
1806 3744 126 57 und
1972 3745 32 55 2
216 3747 1892 133 tafeln.

435 3822 235 71 Berlin,
699 3819 415 71 VDI-verlag,
1148 3837 55 53 g.
1234 3836 79 37 m.
1343 3818 56 56 b.
1431 3818 77 72 h.,
1543 3820 165 56 1925.

209 3900 42 43 vi
283 3914 54 37 p.,
371 3901 16 40 1
443 3933 20 9 l.,
501 3898 78 42 198
608 3912 39 37 p.
710 3897 125 43 front.
874 3894 166 54 (port.)
1081 3894 129 50 illus.,
1245 3893 108 43 fold,
1387 3894 166 52 charts,
1586 3895 166 53 diagrs.
1813 3896 50 43 21
1873 3899 45 18 cm
1927 3932 7 7 .

140 3948 1990 60 © Oct. 15, 1925; 1c. Dec. 1; A —Foreign 29278; V. D. I. verlag, g. m. b. h.
