2533 4412
1273 4067 151 56 1220

337 501 228 72 justice
594 500 65 56 in
689 499 488 73 Pennsylvania,
1209 499 317 72 reported,
1555 499 324 72 including
1905 499 103 57 the
2043 498 305 72 Supreme

340 581 124 55 and
493 578 309 71 Superior
829 581 230 68 courts,
1090 580 210 54 courts
1332 576 67 57 of
1429 595 280 39 common
1735 577 197 72 pleas,
1963 578 105 56 the
2100 577 248 59 district

339 660 270 68 reports,
639 656 315 56 workmen
970 658 46 54 ’s
1048 654 473 72 compensation
1551 656 125 56 and
1703 655 209 71 public
1935 655 235 57 service
336 674 1989 131 commission,
645 733 259 72 making
928 733 103 57 the
1056 736 166 53 most
1250 733 304 71 complete
1583 732 211 73 digest
1820 732 66 57 of
1914 734 212 56 recent
2155 752 193 39 cases,

338 810 1987 154 rv. l. Abandonment to Workmen’s compensation] Philadelphia, J. H. Cabrera [1925]
406 978 785 56 2 p. l., 2012 numb. col. 27 cm .
338 1049 53 54 ©
421 1051 119 43 Nov.
570 1051 39 52 9,
640 1049 131 53 1925;
803 1051 64 42 2c.
899 1050 119 44 Nov.
1052 1050 73 52 10;
1159 1050 78 43 aff.
1270 1050 119 43 Nov.
1417 1050 79 51 21;
1530 1050 44 42 A
1604 1049 191 53 875238;
1828 1049 121 53 John
1979 1050 123 44 Hart
2135 1048 213 46 Cabrera.

338 1164 249 74 Phelps,
630 1165 173 58 Ruth
842 1164 306 73 Shepard,
1191 1166 190 57 1876-

414 1256 130 58 The
584 1255 229 59 earlier
851 1257 125 57 and
1011 1257 163 56 later
1210 1255 200 58 forms
1449 1256 69 57 of
1553 1255 371 58 Petrarch’s
1962 1255 383 69 canzoniere,

334 1336 84 72 by
459 1335 173 57 Ruth
677 1334 292 72 Shepard
1011 1334 251 71 Phelps.
1349 1333 293 74 Chicago,
1686 1334 131 57 The
1861 1333 372 72 University
2279 1333 68 59 of

335 1412 273 75 Chicago
640 1431 184 55 press
860 1443 12 45 [
874 1422 19 21 c
897 1414 165 74 1925]

407 1496 60 50 ix,
496 1496 81 43 249
605 1509 40 39 p.
704 1496 53 43 23
766 1496 47 17 cm
821 1529 8 8 .

408 1551 356 53 Bibliography:
794 1566 39 37 p.
863 1551 207 44 221-244.

339 1607 53 54 ©
422 1608 122 52 Sept.
572 1608 68 51 28,
670 1606 131 54 1925;
831 1608 63 42 2c.
924 1608 87 42 and
1039 1607 79 43 aff.
1148 1608 103 43 Oct.
1279 1607 49 51 3;
1360 1606 43 43 A
1434 1606 190 52 869111;
1656 1607 54 43 R.
1743 1605 44 46 S.
1820 1605 180 54 Phelps,
2032 1605 317 53 Minneapolis.

418 1664 273 55 (25-20736)

340 1762 228 72 Piozzi,
618 1765 154 56 Mrs.
827 1762 229 57 Hester
1107 1760 218 74 Lynch
1385 1760 412 75 (Salusbury)
1862 1760 246 70 Thrale,
2165 1764 189 56 1741-

417 1844 168 57 1821.

413 1933 213 56 Piozzi
642 1931 399 73 marginalia,
1062 1930 387 74 comprising
1470 1949 168 39 some
1658 1933 276 55 extracts
1955 1930 173 57 from
340 1949 1992 134 manuscripts
603 2010 66 59 of
699 2011 239 58 Hester
964 2009 217 73 Lynch
1210 2009 211 59 Piozzi
1452 2010 125 58 and
1607 2008 405 60 annotations
2042 2009 169 59 from
2242 2009 114 58 her

336 2091 212 72 books,
584 2090 209 59 edited
824 2091 84 72 by
937 2089 291 58 Percival
1259 2088 275 59 Merritt.
1621 2087 397 75 Cambridge,
2051 2089 302 58 Harvard

336 2169 358 72 university
722 2187 203 55 press,
960 2170 166 56 1925.

409 2245 1452 56 viii p., 3 l., [3j-202, t 7] p. front., ports., facsims. 21 cm .
681 2305 186 43 CONTENTS.—Mrs.
898 2303 363 45 Thrale.—Mrs.
1292 2303 416 44 Piozzi.—Minced
1738 2311 119 36 meat
1886 2302 74 45 for
1986 2303 367 52 pyes.—Minced

338 2369 119 38 meat
481 2363 76 44 for
579 2376 107 39 pyes
713 2361 191 53 (second
927 2359 830 53 batch)—Retrospection.—Futher
1780 2360 341 52 retrospection.

340 2419 53 54 ©
426 2422 102 43 Oct.
557 2421 41 52 2,
632 2419 130 53 1925;
795 2421 64 42 2c.
893 2420 101 43 Oct.
1029 2418 47 53 5;
1111 2420 79 41 aff.
1225 2419 102 43 Oct.
1360 2419 48 51 8;
1443 2419 44 42 A
1519 2417 190 53 869239;
1745 2417 201 48 Edward
1980 2416 211 45 Percival
410 2418 1920 113 Merritt,
537 2478 185 43 Boston.
792 2476 273 55 (25-20492)

341 2581 205 72 Porte,
584 2580 140 74 Roy
760 2577 266 60 Trewin.

416 2669 393 73 Estimating
849 2670 171 58 hints
1064 2671 104 57 for
1211 2669 306 73 printing,
1560 2670 85 71 by
1684 2669 73 57 R.
1805 2668 67 57 T.
1919 2668 211 57 Porte.
2217 2666 138 59 Salt

337 2749 169 57 Lake
547 2747 163 74 City,
746 2749 193 69 Utah,
975 2750 207 70 Porte,
1207 2747 365 73 publishing
1611 2764 308 54 company
1960 2775 13 43 [
1976 2754 19 21 c
1997 2746 165 72 1923]

413 2828 78 43 199
517 2841 39 39 p.
587 2827 104 44 incl.
719 2827 131 53 illus.,
878 2827 183 52 diagrs.,
1090 2826 157 53 tables,
1278 2826 158 44 forms.
1501 2826 51 44 19
1556 2827 47 17 cm
1611 2860 8 8 .

411 2885 223 44 “Printed
667 2885 45 43 in
742 2884 78 45 the
854 2884 159 44 Inland
1046 2884 175 52 printer
1254 2882 166 54 during
1453 2882 76 45 the
1559 2896 109 40 year
1705 2882 265 44 1919—now
2006 2879 227 54 reprinted
2268 2880 86 43 and

339 2942 133 43 much
507 2957 100 28 new
641 2940 206 45 material
884 2940 188 45 added.”

339 2997 55 54 ©
424 2999 121 52 Aug.
575 2999 67 51 30,
677 2999 130 50 1923;
838 2999 66 42 2c.
936 2999 88 42 and
1053 2998 79 43 aff.
1168 2997 120 52 Sept.
1319 2998 66 48 28,
1423 2993 130 55 1925;
1586 2996 43 43 A
1662 2995 190 52 868664;
1888 2997 53 41 R.
1973 2992 55 45 T.
2062 2995 153 49 Porte,
2253 2991 97 48 Salt

411 3056 124 47 Lake
571 3055 116 53 City.
758 3054 272 55 (25-20532)

342 3156 474 74 Quackenbush,
850 3159 154 57 Mrs.
1039 3154 179 60 Alice
1253 3156 49 57 T
1617 3153 75 59 A.

415 3249 107 56 All
550 3249 67 56 in
647 3268 36 38 a
715 3251 239 71 garden
986 3249 148 71 fair,
1163 3249 82 70 by
1276 3248 176 57 Alice
1485 3250 68 56 T.
1585 3247 75 56 A.
1694 3243 471 75 Quackenbush,
2197 3242 150 58 with

338 3347 79 37 an
451 3326 431 58 introduction
915 3327 85 72 by
1033 3327 202 57 Helen
1272 3325 422 73 Morgenthau
1730 3325 166 69 Fox;
1935 3341 203 51 cover,
336 3320 1987 157 frontispiece
623 3408 124 55 and
771 3405 397 57 decorations
1192 3405 83 71 by
1298 3404 189 71 Mary
1507 3403 97 57 W.
1630 3402 266 72 Haring.
1981 3400 151 57 New
2155 3397 191 71 York,

337 3484 75 58 A.
443 3485 67 55 T.
539 3483 92 57 He
658 3484 62 57 la
747 3484 180 57 Mare
956 3501 324 53 company,
1308 3481 135 72 inc.,
1474 3482 166 56 1925.

408 3560 1241 57 3 p. l., xi-xvi, 96 p. mounted col. front. 21 cm .
342 3618 53 54 ©
430 3619 120 54 Sept.
584 3618 36 51 7,
657 3618 129 52 1925;
820 3620 64 42 2c.
917 3620 88 42 and
1035 3619 79 43 aff.
1151 3618 122 52 Sept.
1310 3617 74 52 16;
1421 3617 44 42 A
1495 3615 190 52 864627;
1721 3615 57 43 A.
1812 3614 54 44 T.
1902 3615 70 42 De
2005 3613 67 43 La
2105 3613 133 42 Mare
2270 3626 79 37 co.,

413 3677 84 43 inc.
567 3675 271 55 (25-20537)

345 3774 223 76 Quinn,
609 3775 172 60 John
816 3776 50 58 F
1185 3796 194 53 comp.

417 3866 239 73 Loyola
694 3866 161 58 book
896 3866 68 58 of
1002 3885 202 50 verse,
1244 3865 151 58 with
1435 3862 453 75 biographical,
1933 3860 410 71 explanatory

341 3946 125 57 and
505 3944 243 59 critical
788 3948 212 64 notes;
1045 3944 308 68 compiled
1394 3943 123 58 and
1559 3940 341 59 annotated
1941 3939 83 73 by
2064 3936 168 60 John
2273 3935 71 56 F.
