2533 4412
1055 4071 108 57 665

104 428 397 59 Association
532 429 67 58 of
634 428 219 59 official
887 427 412 74 agricultural
1332 425 310 59 chemists.

181 521 230 59 Official
437 524 124 56 and
584 522 303 58 tentative
909 520 283 59 methods
1222 523 67 56 of
1316 520 277 72 analysis
1621 522 67 55 of
1713 521 102 56 the
104 519 1962 139 Association

320 601 67 57 of
433 598 216 59 official
695 598 410 74 agricultural
1151 598 311 71 chemists,
1510 596 303 73 compiled
1859 598 83 70 by
1986 597 103 59 the

103 673 1959 140 Committee on editing methods of analysis … with introductions
420 751 1669 75 by Harvey W. Wiley … 2d ed., rev. to July 1,
104 826 1961 143 1924. Washington, D . C., Association of official agricultural
399 909 310 69 chemists,
739 910 165 56 1925.

171 986 91 52 xvi,
292 985 78 47 535
398 1000 40 38 p.
499 985 116 46 illus.
674 988 150 43 24½cm.

174 1043 233 47 “Selected
435 1042 278 46 references”
739 1051 47 35 at
809 1043 84 44 end
920 1041 52 46 of
997 1050 120 37 most
1143 1040 50 46 of
1219 1040 74 45 the
1319 1040 224 51 chapters.

101 1109 54 54 ©
187 1112 114 51 June
335 1112 35 49 1,
406 1108 128 53 1925;
568 1110 63 42 2c.
665 1110 86 42 and
784 1109 78 42 aff.
895 1109 116 51 June
1044 1106 73 54 15;
1154 1108 43 42 A
1227 1106 190 53 829715;
1453 1108 121 42 Assn.
1620 1107 51 44 of
1702 1106 162 45 official
173 1106 1898 104 agricultural

327 1167 224 43 chemists.
621 1163 271 56 (25-11937)

104 1265 260 69 Benson,
401 1266 68 55 E.
506 1265 68 56 F.

182 1354 269 59 Cohn II .
178 1432 1309 53 (In Sovereign and R egent magazine, June, 1925)
104 1488 51 53 ©
214 1505 35 27 1c.
281 1489 105 52 July
417 1490 36 49 9,
490 1487 128 54 1925;
652 1489 43 42 A
728 1489 56 42 ad
818 1489 74 42 int.
927 1487 131 53 7092;
1094 1489 130 51 pubd.
1259 1489 112 51 May
1407 1488 74 51 12;
1519 1487 176 53 George
1728 1489 62 42 H.
1824 1488 157 43 Doran
2013 1502 52 28 co.,

175 1546 115 43 New
322 1546 141 43 York.

109 1644 258 73 [Bolton,
403 1645 117 72 Ivy
552 1645 166 74 May]
755 1647 187 56 1879-

177 1737 127 56 The
343 1734 208 74 king’s
591 1735 315 71 minstrel;
947 1755 37 37 a
1025 1738 176 68 story
1241 1735 67 58 of
1346 1735 280 58 Norman
1664 1735 311 73 England,
2019 1736 77 70 by

105 1814 48 57 I.
189 1814 81 56 M.
305 1814 69 56 B.
409 1816 66 55 of
508 1814 79 56 K.;
654 1813 359 57 illustrated
1044 1814 80 71 by
1157 1812 199 58 Hazel
1388 1814 160 56 Ives.
1631 1814 257 71 Boston,
1923 1813 66 56 L.
2030 1812 63 60 C.

103 1891 171 73 Page
307 1891 48 58 &
386 1910 306 53 company
724 1921 13 43 [
737 1901 20 20 c
761 1891 163 73 1925]

176 1967 1005 54 5 p. l ., 3-229 p. front., plates. 19½ cm .
105 2023 53 55 ©
186 2027 115 52 June
329 2026 66 52 26,
429 2025 128 54 1925;
588 2027 63 43 2c.
679 2027 89 43 and
797 2026 78 43 aff.
907 2027 115 51 June
1051 2026 76 51 30;
1161 2026 43 43 A
1235 2024 189 54 855709;
1459 2026 48 43 L.
1542 2024 48 46 C.
1625 2027 122 53 Page
1778 2027 37 44 &
1844 2042 81 36 co.,
1957 2026 81 43 inc.

183 2083 268 54 (25-12246)

105 2182 58 56 A
199 2180 386 58 Bookfellow
619 2182 356 71 anthology,
1012 2183 164 55 1925.
1264 2179 224 76 [Cedar
1521 2181 260 72 Rapids,
1856 2201 71 54 Ia.,
1969 2184 128 55 The

184 2260 203 56 Torch
422 2278 197 56 press]
661 2261 163 55 1925.

173 2335 1001 53 4 p. l ., 7-222 p. illus., plates. 20½ cm .
106 2390 53 53 ©
189 2393 113 51 June
337 2394 61 50 19,
433 2391 128 53 1925;
593 2394 63 42 2c.
688 2394 85 42 and
804 2394 78 42 aff.
913 2394 115 51 June
1058 2392 77 53 25;
1168 2394 43 42 A
1242 2391 188 53 855666;
1465 2393 139 44 Flora
1632 2395 197 43 Warren
1863 2392 233 54 Seymour,

179 2448 211 53 Chicago.
460 2447 270 56 (25-12271)

110 2546 330 74 Boshwitz,
475 2548 168 57 Max.

187 2642 127 57 The
355 2643 135 70 lays
532 2643 67 57 of
636 2643 221 70 Israel,
897 2645 81 70 by
1013 2643 151 57 Max
1199 2644 331 56 Boshwitz.
1614 2645 339 58 Published
1994 2646 104 57 for

108 2720 103 57 the
243 2720 241 56 author.
569 2720 150 56 New
748 2720 189 72 York,
972 2721 194 57 Bloch
1195 2720 361 73 publishing
1587 2742 104 51 co.,
1725 2721 135 73 inc.,
1893 2722 164 57 1925.

175 2797 83 44 208
284 2811 40 34 p.
524 2835 7 7 19½cm.

107 2848 55 53 ©
194 2851 109 51 May
339 2851 61 50 11,
435 2848 129 54 1925;
596 2851 63 43 2c.
691 2852 86 42 and
808 2852 78 42 aff.
918 2852 115 51 June
1063 2852 78 50 23;
1176 2852 43 42 A
1252 2850 188 53 855649;
1477 2854 65 41 M.
1578 2852 242 52 Boshwitz,
1857 2853 242 53 Memphis,

178 2905 140 44 Tenn.
388 2905 269 55 (25-11572)

111 3007 292 69 Bouasse,
442 3006 197 57 Henri
675 3006 213 57 Pierre
924 3007 290 73 Maxime,
1253 3010 188 57 1866-

253 3097 1849 75 … Optique cristalline, double refraction, polarisation
109 3174 1968 150 rectiligne et elliptique, par H. Bouasse … Paris, Delagrave,
356 3254 164 55 1925.

180 3329 1924 57 xxiii, 482 p., 1 l. illus., diagrs. 25 ½ cm . (Bibliothèque scientifique de
112 3385 263 53 l’ingénieur
406 3394 42 35 et
479 3387 58 42 du
568 3386 255 53 physicien)

183 3443 96 43 “De
310 3441 344 53 l’impossibilité
682 3443 127 43 d’une
839 3443 318 45 classification
1187 3446 77 42 des
1295 3444 221 44 sciences”
1534 3460 10 29 :
1573 3461 40 37 p.
1704 3446 159 43 [v]-xxiii.

111 3496 53 54 ©
202 3500 116 42 Mar.
356 3499 65 50 30;
463 3499 127 52 1925;
658 3515 35 27 1c.
735 3502 110 51 May
881 3501 49 51 2;
971 3502 101 41 A—
1075 3500 200 54 Foreign
1311 3500 135 45 27575;
1513 3503 225 47 Librairie
1775 3504 270 53 Delagrave.

190 3553 269 55 (25-10454)

115 3652 234 72 Bower,
386 3652 296 61 William.

193 3743 1913 75 The perfect language, by William Bower … 2d ed.
113 3821 1229 77 Ava, Ill, The School of light [ c 1925]
183 3898 25 42 3
235 3913 38 36 p.
323 3931 21 17 l.,
373 3896 132 46 5-141
536 3912 40 39 p.
639 3898 50 43 17
697 3900 14 17 cm
749 3933 8 8 .

115 3951 51 53 ©
195 3954 111 51 Apr.
336 3955 39 49 9,
406 3952 128 54 1925;
565 3955 63 42 2c.
659 3956 85 42 and
775 3957 78 42 aff.
885 3956 111 53 Apr.
1030 3955 75 53 15;
1137 3957 43 42 A
1211 3958 189 53 829883;
1433 3961 73 45 W.
1540 3961 176 53 Bower,
1747 3962 116 52 Ava,
1895 3962 69 42 Ill.

0 0 0 0 (25-11970)
