2533 4412
1304 4107 112 55 604

352 414 289 74 Guilday,
686 415 186 57 Peter
912 415 275 71 Keenan,
1232 417 191 58 1884-

427 507 104 58 An
566 507 433 59 introduction
1036 511 64 55 to
1145 508 231 57 church
1414 508 265 73 history,
1723 528 39 37 a
1800 508 162 58 book
2001 509 107 57 for

350 508 2008 152 beginners, by the Rev. Peter Gruilday … St. Louis, Mo., and
350 664 280 73 London,
664 664 71 57 B.
769 663 252 58 Herder
1052 663 161 58 book
1246 683 105 54 co.,
1388 665 166 56 1925.

419 753 466 54 vii, 350 p. 19½ cm .
423 825 288 44 “Literature
740 825 51 45 of
821 824 169 44 church
1020 824 231 54 history”:
1285 838 40 40 p.
1357 825 208 44 293-324.

352 895 53 55 ©
438 897 114 53 May
577 897 69 52 28,
681 895 130 54 1925;
842 897 65 42 2c.
938 896 87 43 and
1057 895 78 44 aff.
1166 896 115 52 June
1315 897 47 51 1;
1394 896 45 43 A
1471 895 191 54 829461;
1697 896 50 44 B.
1780 896 187 44 Herder
1996 896 122 45 book
2147 912 66 29 co.

429 953 273 56 (25-10604)

353 1053 338 73 Hampton,
730 1051 284 60 William
1050 1051 263 72 Judson,
1353 1054 190 56 1866-

431 1145 129 57 The
606 1143 269 74 religion
920 1143 68 58 of
1030 1144 105 57 the
1180 1143 376 74 presidents,
1606 1144 131 58 also
1784 1148 310 70 ancestry,
346 1146 1989 150 education,
521 1222 209 73 public

755 1221 257 72 service,
1037 1221 285 74 religion,
1347 1226 133 68 etc.,
1504 1223 68 57 of
1594 1223 176 58 Pres.
1797 1223 225 58 Calvin
2044 1223 316 75 Coolidge,

350 1300 2007 74 by William Judson Hampton … introduction by L. O.
351 1377 1986 155 Hartman … Somerville, N. J., Unionist-gazette association [ c 1925]
425 1552 79 43 118
538 1566 40 39 p.
640 1550 115 45 illus.
783 1549 192 55 (ports.)
1042 1550 55 44 20
1103 1551 47 18 cm
1157 1584 9 8 .

351 1622 54 54 ©
441 1625 112 50 May
591 1621 64 54 15,
693 1620 130 54 1925;
860 1622 65 42 2c.
963 1623 114 51 May
1109 1621 80 52 22;
1227 1621 80 44 aff.
1345 1622 115 52 May
1490 1621 80 52 28;
1608 1621 45 43 A
1690 1621 189 54 829466;
1917 1623 76 44 W.
2029 1622 40 53 J.
2106 1623 251 53 Hampton,

423 1678 285 53 Bloomfield,
744 1679 60 43 N.
838 1679 41 52 J.
943 1676 67 55 [©
1045 1678 240 53 additions]
1357 1677 273 56 (25—10815)

352 1779 289 70 Hawkes,
687 1779 314 72 Clarence,
1045 1781 190 57 1869-

430 1875 116 57 Pal
590 1878 62 53 o’
692 1874 185 72 mine,
918 1872 152 74 king
1113 1874 68 57 of
1224 1872 102 59 the
1368 1873 140 57 turf
1553 1873 111 73 [by]
1714 1873 297 59 Clarence
2053 1874 303 71 Hawkes;

350 1954 364 57 illustrated
774 1953 84 71 by
923 1952 261 59 Charles
1249 1951 376 74 Livingston
1686 1950 163 59 Bull.
1955 1952 402 73 Springfield,

353 2031 213 74 Mass.,
596 2031 227 58 Milton
848 2030 280 73 Bradley
1156 2048 308 56 company
1495 2059 13 44 [
1508 2037 19 22 c
1532 2030 166 73 1925]

491 2160 10 18 xx,
529 2126 83 45 228
640 2137 43 39 p.
746 2123 156 52 front.,
930 2124 161 51 plates.
1155 2125 51 45 19
1211 2126 47 18 cm
1265 2160 9 9 .

353 2193 54 54 ©
437 2196 112 51 May
577 2192 36 53 5,
648 2192 128 53 1925;
807 2193 65 43 2c.
903 2193 113 52 May
1047 2190 74 55 15;
1152 2192 79 43 aff.
1261 2194 113 51 May
1399 2192 80 53 28;
1511 2192 45 43 A
1584 2192 189 53 829424;
1807 2193 168 44 Milton
2007 2193 197 54 Bradley
2233 2208 68 30 co.

431 2249 273 57 (25-10496)

354 2352 129 56 The
535 2349 431 74 Independent
1014 2353 227 70 poetry
1290 2350 359 73 anthology,
1699 2352 179 70 1925;
1933 2370 79 38 an
2061 2350 301 60 unedited

431 2428 1903 148 collection of contemporary American verse, never before published … [New
1285 2507 175 60 York
1483 2507 144 69 city,
1653 2507 211 58 Burke
1888 2508 290 68 printing
427 2527 1908 134 company,
649 2587 190 76 1925]

422 2665 96 51 xiii,
552 2665 65 51 81,
667 2666 39 52 [4]
740 2678 40 39 p.
839 2664 56 44 20
901 2667 47 18 cm
954 2700 9 8 .

353 2720 54 54 ©
439 2723 112 51 May
585 2722 62 51 11,
682 2719 130 54 1925;
844 2721 65 43 2c.
941 2722 112 51 May
1088 2721 73 51 14;
1195 2721 78 43 aff.
1307 2722 114 51 May
1450 2720 78 53 29;
1561 2720 45 43 A
1639 2720 190 54 829467;
1864 2721 306 53 Independent
2199 2729 159 46 poetry

423 2777 314 54 anthologists,
772 2777 247 54 Brooklyn.
1089 2776 271 56 (25—10495)

353 2878 217 72 Insull,
611 2877 271 74 Samuel,
923 2880 190 57 1859-

430 2970 166 71 Why
637 2970 77 57 do
756 2990 66 37 so
862 2988 190 53 many
1087 2969 214 73 bright
1339 2989 212 54 young
1588 2989 140 38 men
1769 2973 179 55 enter
1985 2970 102 57 the
354 2969 2007 151 public-utility

605 3047 326 58 business?
971 3048 82 71 by
1095 3047 252 59 Samuel
1386 3047 217 57 Insull.
1707 3048 100 56 An
1848 3049 263 58 address
2152 3051 63 55 to
2257 3049 104 57 the

357 3127 287 57 students
672 3126 69 57 of
766 3126 103 57 the
894 3125 375 72 University
1295 3126 67 57 of
1389 3125 264 73 Illinois,
1678 3126 281 72 Urbana,
1987 3126 115 75 Ill.,
2130 3126 153 74 May
2308 3127 51 71 7,

355 3206 167 57 1925.
608 3204 292 73 Chicago,
935 3206 165 55 1925.

425 3282 55 44 20
514 3296 39 39 p.
612 3283 54 44 23
674 3285 47 17 cm
727 3319 8 7 .

355 3338 54 54 ©
441 3340 113 52 May
581 3340 67 51 22,
682 3339 129 53 1925;
843 3341 66 43 2c.
941 3341 88 43 and
1058 3341 79 43 aff.
1171 3342 112 51 May
1313 3340 78 52 29;
1427 3339 45 43 A
1500 3338 191 54 855411;
1729 3338 45 48 S.
1809 3339 156 49 Insull,
2001 3337 213 55 Chicago.

435 3395 272 56 (25-10459)

358 3495 335 73 Jefferson,
736 3496 259 58 Charles
1035 3496 291 72 Edward,
1370 3498 189 57 1860-

434 3591 242 55 Roman
713 3588 406 59 Catholicism
1150 3593 124 57 and
1305 3593 103 55 the
1439 3590 109 56 Ku
1581 3590 172 55 Klux
1782 3590 163 70 klan,
1978 3590 84 70 by
2096 3589 259 58 Charles

358 3665 1996 74 E. Jefferson … New York, Chicago [etc.] Fleming H.
357 3746 218 59 Revell
603 3762 306 55 company
938 3745 181 73 [1925]

426 3822 648 52 2 p. l., p. 141-175. 19c m .
430 3876 200 54 Chapter
661 3879 87 45 five
780 3880 52 43 of
860 3880 76 45 the
968 3880 200 44 author’s
1202 3879 113 46 Five
1343 3880 294 51 present-day
1672 3877 334 46 controversies
2040 3876 236 53 published
2310 3876 45 44 in

361 3938 118 43 1924.

358 3987 54 54 ©
437 3989 108 45 Feb.
569 3989 68 52 28,
666 3988 130 54 1925;
823 3990 64 43 2c.
916 3991 112 51 May
1056 3989 49 53 7;
1134 3991 78 43 aff.
1240 3990 113 48 Apr.
1381 3990 76 48 30;
1487 3990 42 42 A
1557 3989 191 49 829318;
1778 3988 209 50 Fleming
2014 3989 62 43 H.
2105 3987 157 43 Revell
2290 4001 65 29 co.

430 4044 68 55 [©
536 4045 73 45 the
648 4045 244 54 foreword]
963 4045 271 55 (25-10642)
