2533 4412
1300 4079 115 58 654

355 501 1984 153 Linen and bedding, by Fredonia Jane Ringo … Chicago
538 582 48 56 &
613 582 153 56 New
793 581 192 70 York,
1016 581 74 57 A.
1123 581 97 57 W.
1257 580 186 59 Shaw
1474 599 336 53 company;
1846 583 150 71 [etc.,
2031 584 129 71 etc.]
2195 584 165 55 1925.

426 676 79 36 XX,
551 661 77 42 119
668 674 39 37 p.
769 658 115 44 illus.
945 660 50 41 21½c
1053 661 28 17 m
1089 695 8 7 .
1165 659 289 53 (Half-title:
1503 658 322 45 Merchandise
1868 660 204 43 manuals
2116 660 74 44 for
2235 660 126 45 retail

357 716 288 53 salespeople,
676 717 75 43 W.
782 717 75 43 W.
891 714 232 56 Charters,
1156 715 171 53 editor)

428 773 328 45 “References”
785 780 44 37 at
857 774 84 43 end
971 774 51 42 of
1051 789 123 28 some
1201 774 50 44 of
1279 773 74 44 the
1382 773 220 53 chapters.

354 829 53 55 ©
431 833 115 52 June
575 832 60 49 12,
668 829 128 54 1925;
822 832 66 43 2c.
913 832 88 45 and
1026 832 79 44 aff.
1129 833 116 52 June
1274 830 74 54 17;
1377 832 44 43 A
1449 830 189 55 829729;
1667 832 57 44 A.
1751 833 75 45 W.
1858 831 137 48 Shaw
2021 849 64 29 co.

433 886 272 56 (25-11190)

434 973 1929 75 Suits, by Fredonia Jane Ringo … Chicago & New
356 1052 188 72 York,
572 1052 75 58 A.
677 1053 94 59 W.
806 1052 187 59 Shaw
1022 1071 336 53 company;
1390 1056 150 68 [etc.,
1572 1057 130 70 etc.]
1735 1054 164 57 1925.

424 1132 96 52 xix,
555 1132 76 43 123
664 1146 39 37 p.
777 1130 118 44 illus.
969 1132 28 41 21½
1058 1133 47 17 cm
1111 1166 9 8 .
1204 1131 291 52 (Half-title:
1534 1131 320 44 Merchandise
1889 1133 202 43 manuals
2127 1133 73 43 for
2235 1132 129 45 retail

357 1187 288 53 salespeople,
674 1189 76 43 W.
780 1189 75 43 W.
888 1187 230 52 Charters,
1149 1187 175 53 editor)

427 1245 329 44 “References”
784 1253 46 36 at
857 1246 85 43 end
969 1246 52 42 of
1047 1260 124 30 some
1199 1246 51 44 of
1277 1246 74 44 the
1378 1247 225 51 chapters.

354 1301 53 54 ©
431 1304 115 51 June
577 1304 61 50 12,
667 1301 104 45 1925;
825 1303 64 43 2c.
914 1304 87 42 and
1027 1304 79 43 aff.
1132 1305 116 51 June
1278 1302 49 45 17;
1380 1304 44 42 A
1450 1302 166 48 829727;
1669 1304 57 44 A.
1753 1305 75 43 W.
1858 1302 138 48 Shaw
2022 1321 65 28 co.

431 1358 273 55 (25-11192)

356 1445 192 73 Rusk,
593 1444 212 75 Ralph
842 1444 221 58 Leslie.

436 1526 131 57 The
590 1525 330 57 literature
949 1525 67 56 of
1041 1525 103 57 the
1169 1524 232 58 middle
1426 1528 267 54 western
1724 1525 293 74 frontier,
2045 1527 84 72 by
2152 1527 210 73 Ralph

355 1601 2004 79 Leslie Rusk … New York, Columbia university press,
357 1683 166 57 1925.

423 1760 29 42 2
478 1775 41 28 V.
578 1760 51 42 21c
658 1762 29 17 m
694 1794 8 7 .

427 1814 365 54 Bibliographies
809 1830 8 28 :
853 1830 41 29 v.
926 1814 39 53 2,
997 1829 39 38 p.
1067 1813 179 45 42-363.

353 1871 53 54 ©
437 1874 115 51 June
587 1871 63 53 15,
686 1871 130 53 1925;
850 1872 64 42 2c.
947 1871 109 43 each
1089 1871 87 43 and
1207 1871 102 43 affs.
1343 1872 115 51 June
1495 1870 73 53 16;
1604 1871 43 43 A
1681 1870 178 54 855565,
1893 1869 189 55 855566;
2121 1872 238 46 Columbia

423 1930 248 51 university
701 1943 141 38 press.
912 1926 272 55 (25-11215)

358 2014 281 75 [Russell,
684 2014 240 73 George
967 2012 299 76 William]
1313 2016 190 58 1867-

354 2092 1982 138 Voices of the stones, by A. E. … New York, The Macmillan
606 2189 324 55 company,
970 2173 166 56 1925.

423 2251 75 52 vii,
529 2251 50 43 61
613 2264 40 38 p.
712 2250 57 43 20c
791 2253 29 16 m
826 2285 9 8 .

427 2309 178 42 Poems.

353 2362 53 54 ©
432 2366 118 51 June
574 2362 38 53 5,
641 2361 130 53 1925;
800 2363 64 42 2c.
890 2363 114 51 June
1030 2363 50 50 6;
1109 2362 79 42 aff.
1215 2363 114 51 June
1357 2361 48 50 8;
1434 2361 44 42 A
1506 2359 190 54 829594;
1727 2361 267 45 Macmillan
2021 2377 65 29 co.

431 2418 273 57 (25-11217)

357 2503 240 71 Sadler,
636 2502 285 60 William
959 2503 271 69 Samuel,
1270 2504 190 57 1875-

430 2581 715 62 Americanitis—blood
1180 2599 299 54 pressure
1520 2581 123 58 and
1680 2600 243 54 nerves,
1962 2582 84 72 by
2080 2581 281 60 William

356 2659 2002 74 S. Sadler … New York, The Macmillan company, 1925.
423 2737 511 54 xxii, 176 p. 19½ cm .
352 2796 53 53 ©
432 2798 115 51 June
577 2797 62 50 16,
670 2795 129 54 1925;
826 2797 65 42 2c.
920 2797 87 42 and
1033 2796 79 43 aff.
1139 2796 115 51 June
1286 2793 75 54 17;
1388 2795 44 42 A
1460 2793 162 46 829731;
1682 2794 267 45 Macmillan
1976 2812 66 28 co.

430 2852 273 56 (25-11248)

354 2938 275 74 Sappho.

431 3017 130 57 The
606 3036 187 51 songs
838 3016 67 57 of
950 3015 276 72 Sappho,
1269 3014 321 73 including
1632 3016 103 56 the
1780 3018 212 55 recent
2034 3016 327 73 Egyptian

353 3094 411 70 discoveries;
813 3094 102 57 the
964 3113 214 52 poems
1230 3093 66 57 of
1345 3092 262 72 Erinna,
1655 3092 204 59 Greek
1905 3112 216 53 poems
2170 3095 188 57 about

356 3172 275 73 Sappho,
660 3172 221 60 Ovid’s
909 3171 224 73 epistle
1159 3172 67 57 of
1255 3171 256 71 Sappho
1537 3174 62 55 to
1627 3171 236 70 Phaon,
1891 3172 353 62 translated
353 3173 1981 135 into

351 3249 1978 151 rimed verse by Marion Mills Miller … Greek texts prepared
583 3331 124 56 and
739 3330 344 56 annotated
1114 3330 123 56 and
1267 3328 280 71 literally
1578 3328 354 57 translated
1961 3328 66 57 in
2057 3347 187 52 prose
2276 3329 85 71 by

352 3405 1982 138 David M. Robinson … who also contributes an introduction
531 3505 73 38 on
653 3486 104 60 the
803 3486 325 70 Recovery
1172 3485 122 56 and
1339 3483 386 57 restoration
1771 3485 68 56 of
1882 3483 106 57 the
2034 3483 324 73 Egyptian

353 3564 203 71 relics,
601 3565 123 56 and
769 3584 36 36 a
850 3562 241 58 critical
1136 3560 262 58 memoir
1441 3561 69 57 of
1556 3560 287 72 Sappho;
1890 3564 104 55 ten
2038 3561 204 72 plates
2289 3561 70 58 of

353 3642 247 57 ancient
636 3642 222 57 classic
894 3640 318 71 sculpture
1248 3640 124 56 and
1405 3658 148 37 vase
1589 3638 294 71 pictures.
1986 3638 371 73 Lexington,

352 3720 144 72 Ky.,
530 3719 130 57 The
692 3719 377 57 Maxwelton
1101 3735 324 54 company,
1460 3716 166 57 1925.

423 3798 92 53 xiv,
544 3797 80 44 435
653 3811 39 38 p.
723 3796 101 44 incl.
856 3797 124 43 front.
1021 3795 167 55 (port.)
1254 3794 157 53 plates.
1471 3791 52 46 25½c
1578 3796 28 18 m
1613 3829 9 9 .

425 3853 234 48 “Selected
682 3852 316 54 bibliography
1025 3852 367 53 supplementary
1414 3859 48 36 to
1485 3850 281 52 Wharton’s,
1789 3849 220 54 compiled
2031 3851 59 52 by
2113 3849 150 44 David
2289 3850 67 43 M.

355 3910 260 46 Robinson”
632 3925 9 29 :
674 3925 40 37 p.
745 3909 206 44 401-404.

350 3967 56 54 ©
437 3969 111 52 May
574 3965 64 50 25,
673 3965 104 45 1925;
830 3967 66 43 2c.
927 3967 111 51 May
1065 3965 54 44 26;
1175 3965 79 43 aff.
1287 3965 111 52 May
1425 3963 54 44 27;
1536 3964 43 43 A
1607 3961 168 47 855372;
1831 3963 286 45 Maxwelton
2145 3978 66 28 co.

432 4022 270 56 (25-10580)
