2533 4412
1320 4075 112 54 788

372 411 350 73 Roosevelt,
763 412 340 74 Theodore,
1137 433 162 55 pres.
1340 415 71 58 U.
1447 415 64 59 S.

453 504 129 57 The
606 504 206 57 works
840 505 68 57 of
933 505 326 57 Theodore
1287 506 354 58 Roosevelt.
1709 507 333 58 Memorial
2067 509 92 58 ed.
2224 528 56 39 v.
372 511 1972 127 9–12.

550 582 169 74 [New
749 582 191 73 York,
978 581 262 59 Charles
1277 582 357 60 Scribner’s
1672 604 164 54 sons,
1873 587 166 74 1924]

441 674 26 42 4
493 689 41 27 v.
596 673 162 43 fronts,
786 674 65 53 (v.
878 689 46 36 x,
951 682 129 43 port.,
1106 689 42 28 v.
1235 707 9 18 XI,
1271 688 118 38 map,
1416 690 40 27 v.
1564 710 9 18 XII,
1605 674 201 56 facsim.)
1873 676 55 45 24½
1980 678 30 18 m
2016 711 9 10 .

442 730 266 52 Half-title;
740 730 108 43 each
877 729 183 44 volume
1085 730 81 43 has
1197 730 100 44 also
1325 731 168 52 special
1523 738 98 46 t.-p.

444 785 381 45 CONTENTS.—v.
862 794 39 36 9.
939 787 131 43 Hero
1107 787 112 43 tales
1262 787 123 44 from
1422 787 249 44 American
1707 789 191 52 history,
1938 790 59 52 by
2035 790 162 53 Henry
2237 788 147 47 Cabot

372 843 169 55 Lodge,
569 842 242 48 Theodore
840 842 257 45 Roosevelt.
1156 843 117 45 New
1301 844 143 53 York,
1474 844 58 54 by
1560 843 246 47 Theodore
1832 846 362 46 Roosevelt.—v.
2223 852 66 50 10,
2317 853 65 39 11.

370 900 100 45 The
501 900 202 53 winning
734 901 53 43 of
819 901 74 43 the
925 907 140 46 west;
1101 916 55 28 an
1189 909 192 36 account
1412 902 50 44 of
1493 902 78 44 the
1602 902 289 52 exploration
1921 904 88 43 and
2043 903 258 46 settlement
2332 904 52 45 of

370 972 84 29 our
483 965 191 44 country
705 957 121 44 from
854 957 75 44 the
959 957 295 53 Alleghanies
1285 965 47 36 to
1363 959 75 43 the
1469 958 184 44 Pacific.
1717 959 35 52 1,
1781 959 142 45 2.—v.
1955 965 65 39 12.
2050 960 104 44 The
2181 959 203 56 winning

368 1014 52 44 of
447 1015 77 43 the
552 1022 126 36 west.
739 1015 38 42 3.
840 1014 110 43 Men
980 1014 51 44 of
1059 1013 164 46 action.

371 1099 41 29 v.
446 1086 39 50 9,
524 1085 62 51 10,
621 1082 52 54 ©
707 1084 107 53 July
845 1085 69 52 23,
953 1085 130 52 1924;
1120 1101 41 27 v.
1203 1086 61 50 11,
1306 1085 61 51 12,
1403 1083 54 55 ©
1493 1086 103 44 Oct.
1633 1086 78 52 30;
1749 1086 65 43 2c.
1852 1085 111 46 each
1997 1085 107 45 Feb.
2144 1086 65 54 19,
2247 1085 132 54 1925;

441 1141 103 44 affs.
589 1141 106 44 Feb.
742 1143 74 51 14;
861 1142 44 42 A
947 1142 178 52 861013,
1171 1142 181 52 861014,
1393 1141 181 53 861017,
1617 1142 191 52 861018;
1857 1142 244 45 Roosevelt
2145 1142 238 45 memorial

441 1213 132 37 assn.,
604 1198 98 52 inc.,
731 1198 120 44 New
876 1199 144 43 York.
1084 1196 68 56 [©
1181 1198 308 45 introduction
1518 1199 88 43 and
1635 1213 87 39 any
1751 1198 132 46 other
1909 1213 101 30 new
2039 1198 344 55 copyrightable

441 1254 223 54 material]

366 1354 217 73 Rosso,
625 1353 259 75 Harley.

446 1446 241 74 Empty
711 1465 202 55 pews;
940 1447 104 59 the
1073 1450 179 71 story
1277 1448 68 58 of
1371 1469 36 38 a
1432 1447 176 59 weak
1631 1446 378 75 unthinking
2033 1448 243 73 people,
2302 1448 83 73 by

369 1525 1992 138 Harley Rosso … St. Paul, Minn., Hollywood, Calif., McClure
590 1604 366 74 publishing
988 1624 86 39 co.
1111 1634 13 44 [
1126 1615 19 20 c
1149 1606 165 72 1925]

443 1680 79 45 172
550 1697 41 39 p.
655 1683 50 44 19
711 1684 47 18 cm
765 1717 10 9 .

370 1739 54 53 ©
452 1740 121 53 Aug.
607 1741 36 50 1,
676 1738 129 54 1925;
837 1740 66 44 2c.
934 1741 120 53 Aug.
1085 1740 49 53 6;
1168 1741 79 43 aff.
1277 1740 121 54 Aug.
1430 1739 50 55 5;
1512 1741 44 43 A
1589 1740 191 54 861319;
1814 1739 222 46 McClure
2066 1741 101 52 pub.
2199 1755 68 30 co.

449 1795 272 56 (25-15264)

365 1897 183 72 Roth,
590 1897 306 73 Suzanne,
936 1898 91 59 ed.

449 1987 230 61 Contes
718 1988 244 73 faciles,
1003 1988 210 60 edited
1248 1988 153 59 with
1436 1991 201 71 notes,
1673 1985 492 80 questionnaire,
369 2006 1984 134 exercises,

588 2065 1788 75 and vocabulary, by Suzanne Roth … illustrations
366 2144 1986 139 by Palmstrom … Boston, New York [etc.] Allyn and Bacon
519 2256 12 43 [
533 2232 18 22 c
556 2226 165 72 1925]

443 2300 1580 58 viii p., 1 l., 235 p. front., (double map) illus., plates. 17 cm .
369 2360 54 53 ©
459 2360 119 44 Mar.
619 2360 62 52 19,
721 2359 131 54 1925;
888 2361 65 42 2c.
988 2360 88 43 and
1109 2360 80 44 aff.
1224 2359 121 53 Aug.
1381 2359 51 53 6;
1469 2360 44 42 A
1550 2358 191 55 864097;
1778 2359 143 53 Allyn
1953 2359 92 44 and
2081 2359 166 44 Bacon.
2323 2356 56 55 [©

438 2426 142 44 notes,
609 2417 347 52 questionnaire,
986 2418 241 51 exercises,
1257 2417 88 43 and
1372 2417 293 52 vocabulary]
1737 2413 272 57 (25-15241)

366 2516 273 74 Rowley,
682 2515 261 60 Charles
982 2517 72 57 E.

446 2604 1927 77 Apples of gold, by Rev. C. E. Rowley … Findlay, O.,
370 2688 64 60 C.
460 2688 74 57 E.
561 2687 258 73 Rowley
846 2717 13 43 [
859 2695 20 22 c
883 2688 166 71 1925]

448 2764 1652 57 vi p., 2 l., 11–257 p. front:, 1 illus. (music) pl., ports. 19½c m .
367 2823 54 53 ©
445 2824 108 52 July
577 2824 36 48 6,
644 2822 131 54 1925;
802 2824 65 43 2c.
892 2824 89 43 and
1004 2823 80 43 aff.
1110 2822 122 53 Aug.
1259 2820 50 53 5;
1337 2821 46 44 A
1407 2820 191 54 861296;
1630 2820 49 46 C.
1707 2820 54 49 E.
1788 2820 205 55 Rowley.

447 2879 274 56 (25-15539)

365 2980 265 72 Russell,
667 2982 154 56 Mrs.
860 2979 172 58 Dora
1067 2976 323 60 Winifred
1433 2975 257 76 (Black)

444 3072 318 73 Hypatia;
799 3091 89 52 or,
922 3071 268 58 Woman
1225 3071 124 57 and
1380 3069 383 74 knowledge,
1797 3070 84 71 by
1914 3069 174 58 Dora
2121 3068 252 59 Russell

378 3151 183 74 (Mrs.
586 3151 323 58 Bertrand
933 3148 282 72 Russell)
1288 3147 153 59 New
1464 3147 192 75 York,
1681 3147 74 59 E.
1780 3148 70 58 P.
1875 3147 243 60 Dutton
2143 3148 48 58 &
364 3166 1983 138 company

574 3261 12 43 [
588 3239 18 22 c
611 3231 166 72 1925]

443 3306 1363 58 4 p. l., 81 p. 16½ cm . [To-day and to-morrow series]
368 3364 54 55 ©
449 3367 108 53 July
591 3350 60 65 is,
687 3364 130 54 1925;
849 3365 65 43 2c.
944 3365 88 43 and
1062 3364 79 43 aff.
1172 3362 107 54 July
1305 3362 83 53 22;
1420 3362 44 43 A
1495 3361 191 55 861187;
1719 3360 54 49 E.
1807 3363 53 44 P.
1891 3362 177 45 Dutton
2099 3363 39 44 &
2165 3377 68 30 co.

448 3421 271 58 (25-15238)

370 3523 321 68 Saidman,
726 3521 178 59 Jean.

512 3607 1861 77 … Les rayons ultra-violets et associ é s en thérapeutique.
365 3694 172 57 Avec
572 3693 111 55 114
717 3690 234 73 figures
987 3690 157 56 dans
1206 3711 29 37 le
1270 3689 170 55 texte
1477 3689 61 55 et
1575 3687 73 57 80
1685 3689 279 69 spectres
2001 3686 148 58 hors
2187 3689 186 56 texte.

364 3771 209 72 Paris,
607 3769 70 60 G.
712 3767 183 72 Doin,
931 3767 166 58 1925.

470 3841 1255 63 x p., 1 l., 580 p., 1 l. illus., VII pl., diagrs. 25 cm .
438 3902 529 54 “Index-bibliographie
997 3903 77 43 des
1105 3908 182 37 auteurs
1319 3899 165 45 cités”:
1516 3914 39 37 p.
1590 3895 238 50 [564]–577.

368 3954 1672 64 © Apr. 21, 1925; 1c. May 28; A—Foreign 27729; Gaston Doin.
447 4019 272 51 (25-11144)
