2533 4412
1355 4120 76 56 48

388 455 322 60 Woman's
756 454 289 59 institute
1095 454 68 59 of
1211 455 304 58 domestic
1563 459 131 54 arts
1745 456 128 57 and
1919 457 290 71 sciences,
2257 456 140 72 inc.,

464 533 333 74 Scranton,
832 536 111 55 Pa.

468 623 308 74 Drafting
815 627 124 56 and
980 627 261 70 pattern
1280 621 364 74 designing;
1687 622 363 74 principles,
2093 625 307 72 methods,

392 708 124 56 and
554 702 411 74 proportions
1008 703 104 57 for
1154 700 293 74 drafting
1484 705 62 55 to
1589 706 498 55 measurements
2133 705 125 58 and
394 705 1981 150 designing
709 781 373 72 individual,
1145 779 250 59 modish

1458 783 310 70 patterns.
1873 780 331 73 Scranton,
2274 782 129 72 Pa.,

390 860 330 59 Woman’s
764 859 292 60 institute
1105 858 68 59 of
1219 858 305 61 domestic
1570 862 135 56 arts
1755 859 125 59 and
1927 859 291 74 sciences,
2265 860 137 74 inc.,

388 949 19 23 c
410 941 168 58 1924.

460 1018 58 53 vi,
554 1019 78 44 149
661 1032 41 38 p.
762 1015 134 52 illus.,
930 1015 172 55 diagrs.
1161 1017 55 45 29½
1251 1018 47 18 cm
1304 1051 8 8 .

386 1075 55 53 ©
476 1076 108 42 Dec.
616 1075 68 50 22,
721 1074 131 52 1924;
886 1076 65 41 2c.
987 1075 110 43 Dec.
1131 1073 78 53 26;
1246 1075 78 42 aff.
1359 1075 100 52 Jan.
1492 1075 68 49 21,
1600 1072 130 55 1925;
1766 1075 43 42 A
1846 1073 189 54 814758;
2073 1075 327 44 International

457 1132 284 45 educational
766 1133 101 51 pub.
895 1146 81 38 co.,
1006 1129 238 54 Scranton,
1271 1133 80 42 Pa.
1414 1129 245 56 (25-2677.)

389 1218 322 60 Woman's
737 1217 203 59 world
968 1217 330 74 magazine
1327 1233 107 56 co.,
1470 1217 137 71 inc.,
1643 1217 295 74 Chicago.

470 1294 199 60 Cakes
720 1297 124 56 and
891 1295 298 71 desserts,
1235 1294 190 73 being
1471 1313 36 39 a
1554 1295 325 57 collection
1923 1295 69 58 of
2037 1296 112 57 150
2193 1297 207 57 tested

390 1375 241 71 recipes
679 1374 107 57 for
831 1373 181 58 home
1063 1374 286 72 cookery,
1400 1375 316 71 arranged
1761 1373 84 72 by
1890 1374 271 72 months,
387 1374 1987 138 originated
607 1455 124 56 and
752 1452 336 73 published

1110 1453 84 72 by
1218 1451 332 60 Woman’s
1574 1453 199 58 world
1795 1451 324 75 magazine
2148 1471 106 56 co.,
2279 1453 118 59 inc.

390 1532 272 74 Chicago
696 1563 13 43 [
710 1539 19 22 c
733 1533 165 72 1924]

462 1614 54 43 48
549 1628 40 37 p.
650 1611 116 45 illus.
798 1612 125 53 (part
955 1610 110 55 col.)
1133 1612 53 43 24½
1222 1612 47 18 cm
1275 1645 10 10 .

464 1669 124 45 Title
615 1669 123 44 from
764 1682 148 30 cover.

387 1724 55 54 ©
471 1726 108 42 Dec.
605 1725 69 52 29,
705 1723 131 53 1924;
862 1725 65 42 2c.
958 1723 109 44 Dec.
1094 1724 78 51 31;
1204 1722 78 44 aff.
1310 1724 98 51 Jan.
1441 1723 63 52 12,
1537 1722 129 52 1925;
1698 1724 44 42 A
1770 1723 190 53 814636;
1991 1724 234 49 Woman’s
2255 1725 147 44 world

455 1780 240 55 magazine
721 1795 81 38 co.,
827 1782 99 53 inc.,
953 1779 215 54 Chicago.
1234 1779 245 55 (25-1799)

469 1868 226 59 Salads
727 1868 124 58 and
882 1866 406 78 sandwiches,
1318 1867 189 73 being
1538 1888 36 37 a
1604 1867 323 58 collection
1956 1868 70 57 of
2055 1869 112 57 150
2194 1870 205 57 tested

390 1947 243 72 recipes
680 1947 108 57 for
832 1946 182 58 home
1064 1945 284 73 cookery,
1397 1946 318 73 arranged
1759 1946 84 72 by
1887 1947 271 73 months,
388 1947 1987 138 originated
605 2027 125 57 and

751 2025 336 73 published
1111 2025 84 75 by
1216 2025 330 59 Woman’s
1572 2025 199 59 world
1793 2025 326 74 magazine
2147 2045 106 55 co.,
2280 2026 116 58 inc.

390 2105 271 74 Chicago
695 2135 13 43 [
709 2113 19 22 c
732 2106 166 72 1924]

463 2186 53 44 48
544 2201 39 38 p.
646 2185 116 44 illus.
790 2185 128 53 (part
946 2183 110 55 col.)
1123 2184 55 44 24½
1213 2185 46 18 cm
1267 2218 9 9 .

467 2242 124 45 Title
618 2241 124 45 from
769 2256 147 30 cover.

385 2296 56 54 ©
469 2298 108 43 Dec.
604 2297 68 52 29,
704 2297 108 44 1924;
861 2297 66 43 2c.
955 2297 109 43 Dec.
1093 2297 79 51 31;
1200 2296 79 44 aff.
1307 2297 100 52 Jan.
1439 2297 62 51 12,
1534 2295 129 54 1925;
1694 2297 44 42 A
1767 2294 191 55 814635;
1988 2297 238 44 Woman’s
2255 2298 145 44 world

460 2353 235 54 magazine
721 2369 81 37 co.,
831 2355 83 42 inc.
979 2352 245 56 (25-1798)

390 2441 452 71 Wordsworth,
877 2439 299 72 William,
1211 2442 361 58 1770-1850.

469 2520 286 58 Selected
808 2537 216 53 poems
1081 2517 68 58 of
1202 2517 283 59 William
1538 2517 458 75 Wordsworth,
2053 2518 211 59 edited
2319 2519 83 73 by

390 2594 2009 78 Howard Judson Hall … Chicago, Atlanta [etc.] Scott,
388 2678 351 57 Foresman
766 2678 125 56 and
920 2694 308 53 company
1257 2706 13 43 [
1270 2684 20 21 c
1294 2676 165 72 1924]

468 2752 1173 58 lx; 417 p. incl. front. (port.) plates. 17½ cm .
469 2812 349 46 “Wordsworth
851 2814 86 51 [by]
970 2812 227 44 Matthew
1224 2810 205 45 Arnold”:
1488 2827 38 38 p.
1561 2811 118 45 1-30.

465 2869 361 54 “Bibliography
851 2869 51 45 of
929 2868 206 44 William
1162 2868 352 45 Wordsworth”:
1569 2884 40 37 p.
1639 2868 217 45 lvii-lviii.

389 2925 53 53 ©
470 2927 108 43 Dec.
610 2927 63 51 11,
703 2926 130 51 1924;
860 2926 64 43 2c.
954 2927 109 42 Dec.
1089 2925 80 53 22;
1195 2925 80 43 aff.
1301 2925 100 52 Jan.
1433 2923 64 55 15,
1528 2923 130 55 1925;
1687 2926 44 42 A
1758 2925 191 52 814662;
1981 2924 143 54 Scott,
2152 2928 248 43 Foresman

462 2983 37 44 &
525 2998 66 29 co.
656 2981 244 56 (25-2486)

390 3070 205 72 Wyss,
639 3069 257 58 Johann
933 3068 226 71 David,
1204 3070 361 57 1743-1818.

470 3147 130 59 The
642 3147 193 59 Swiss
877 3146 226 73 family
1139 3145 342 74 Robinson,
1521 3146 82 72 by
1642 3145 165 60 Jean
1845 3146 294 72 Rudolph
2179 3147 222 74 Wyss;

391 3226 363 58 illustrated
797 3226 84 71 by
924 3225 278 57 Frances
1247 3224 360 73 Brundage.
1713 3223 289 74 Chicago,
2048 3225 237 73 Akron,
2329 3226 71 59 O.

394 3306 148 71 [etc.]
577 3304 130 58 The
742 3303 298 59 Saalfield
1069 3301 367 74 publishing
1466 3320 308 54 company
1806 3332 13 43 [
1820 3311 20 22 c
1843 3302 164 73 1924]

460 3380 83 46 250
570 3397 39 38 p.
671 3381 81 45 col.
782 3381 153 51 front.,
964 3380 114 44 illus.
1139 3380 56 44 24
1199 3381 47 18 cm
1253 3415 9 9 .
1331 3379 241 53 (Lettered
1599 3394 58 29 on
1683 3394 156 30 cover:
1873 3379 273 53 Mayflower
2173 3381 165 52 series)

386 3437 57 54 ©
467 3439 119 51 Aug.
614 3437 37 52 4,
683 3439 129 50 1924;
839 3440 66 41 2c.
930 3438 87 43 and
1043 3438 79 43 aff.
1150 3437 108 43 Dec.
1289 3437 75 51 19;
1392 3437 44 42 A
1464 3435 189 54 815852;
1686 3435 215 46 Saalfield
1926 3437 102 51 pub.
2055 3451 65 29 co.
2180 3436 66 54 [©
461 3437 1914 110 illustrations]
739 3493 245 55 (25-2770)

392 3579 242 73 Young,
667 3579 146 60 Nell
844 3579 59 59 J.

470 3658 176 58 Good
689 3657 271 73 English
1001 3657 67 57 in
1114 3657 307 72 speaking
1465 3657 125 56 and
1632 3655 286 73 writing;
1967 3656 433 59 fourth-sixth

392 3734 1937 76 grade, by Nell J. Young … and Frederick W. Memmott …
392 3816 151 57 New
570 3813 191 73 York,
791 3813 77 57 D.
901 3814 324 71 Appleton
1255 3815 125 56 and
1412 3831 308 53 company
1753 3843 14 43 [
1768 3819 20 22 c
1791 3813 165 73 1925]

459 3893 24 43 3
500 3908 40 27 v.
602 3890 117 44 illus.
783 3891 51 43 19½
869 3894 47 18 cm
923 3926 7 7 .

389 3948 77 45 4th
493 3948 153 51 grade,
669 3946 56 53 ©
753 3948 98 52 Jan.
878 3948 40 50 2,
949 3946 131 53 1925;
1107 3948 64 42 2c.
1201 3947 98 52 Jan.
1328 3945 49 53 6;
1408 3945 79 44 aff.
1514 3945 99 52 Jan.
1644 3945 74 50 16;
1750 3943 89 53 5th,
1867 3944 77 44 6th
1969 3946 154 51 grade,
2149 3945 55 53 ©
2231 3948 100 52 Jan.
2359 3949 39 50 9,

465 4003 130 54 1925;
627 4005 65 42 2c.
724 4004 109 43 each
864 4004 89 43 and
981 4003 103 44 affs.
1116 4004 100 52 Jan.
1251 4001 74 54 15;
1360 4003 44 42 A
1436 4001 179 54 815470,
1647 3999 177 54 815604,
1857 4000 188 54 815605;
2082 4003 56 43 D.
2171 4004 228 52 Appleton

461 4063 37 44 &
524 4077 64 28 co.
652 4059 244 56 (25-1039)
