2533 4412
1266 4082 113 55 244

331 421 303 73 [Cornish,
677 421 190 59 Louis
910 422 208 75 Craig]
1163 427 191 56 1870-
1513 444 193 55 comp.

410 514 130 57 The
596 514 300 73 religious
949 515 354 58 minorities
1357 516 67 55 in
1480 517 484 71 Transylvania.
2075 516 260 73 Boston,

329 591 214 74 Mass.,
582 594 129 56 The
748 593 252 59 Beacon
1029 612 202 54 press,
1265 594 117 57 inc.
1423 625 13 43 [
1439 602 18 22 c
1461 596 165 73 1925]

402 682 79 44 174
515 698 39 37 p.
614 683 124 44 21cm.

401 754 213 44 Lettered
644 769 59 28 on
737 768 160 29 cover:
935 751 235 55 Compiled
1202 755 58 51 by
1295 754 139 44 Louis
1471 753 47 45 C.
1556 753 195 46 Cornish
1786 754 44 44 in
1863 754 330 46 collaboration
2227 756 111 44 with

328 810 73 43 the
431 810 304 45 commission.

401 867 125 45 “The
550 868 292 45 commission
866 883 93 29 was
985 867 242 54 appointed
1250 869 60 52 by
1332 867 75 45 the
1433 867 252 48 Executive
1713 869 260 45 committee
1994 869 52 45 of
2071 870 77 44 the
329 869 1989 100 American

457 927 261 42 committee
749 941 58 29 on
837 925 74 44 the
943 926 144 52 rights
1120 925 51 45 of
1201 925 217 53 religious
1448 924 295 46 minorities.”

330 981 53 54 ©
413 983 119 43 Mar.
562 982 40 53 7,
634 981 130 55 1925;
793 984 65 43 2c.
890 984 87 43 and
1006 984 79 43 aff.
1117 984 119 42 Mar.
1270 983 73 52 10;
1375 983 44 42 A
1451 982 160 45 823371;
1676 983 180 44 Beacon
1885 998 143 38 press,
2059 984 83 44 inc.

409 1038 245 55 (25-6437)

330 1137 146 74 Cox,
518 1138 214 74 Philip
771 1139 281 59 Wescott
1091 1138 353 58 Lawrence.

473 1230 1866 76 … Curriculum-adjustment in the secondary school [by]
330 1308 2009 75 Philip W. L. Cox … Philadelphia, London [etc.] J. B.
325 1387 369 74 Lippincott
723 1406 310 55 company
1064 1389 186 72 [c1925]

396 1479 1946 56 viii p., 2 l., 3-306 p. diagrs. 19½cm. (Lippincott’s educational guides,
328 1536 70 45 ed.
425 1539 59 52 by
510 1538 74 44 W.
612 1536 50 45 F.
693 1536 211 55 Russell)

398 1606 240 48 “Selected
669 1608 352 54 bibliography”:
1084 1624 41 38 p.
1156 1608 208 45 287-306.

328 1663 53 54 ©
408 1664 107 46 Feb.
541 1664 68 49 25,
641 1664 129 53 1925;
800 1668 64 42 2c.
893 1667 88 43 and
1007 1667 78 43 aff.
1117 1667 119 43 Mar.
1268 1666 75 52 17;
1374 1667 43 42 A
1446 1666 190 52 823430;
1667 1667 39 52 J.
1739 1667 51 42 B.
1819 1665 258 53 Lippincott
2107 1680 66 30 co.

407 1721 245 55 (25-6939)

328 1821 382 74 Cummings,
749 1823 279 59 Edward
1064 1822 224 74 Estlin,
1329 1826 189 57 1874-

406 1914 128 116 &
562 1961 84 72 by
671 1960 72 59 E.
771 1960 73 56 E.
875 1958 381 75 Cummings.
1340 1959 154 58 New
1517 1959 191 72 York,
1734 1956 172 65 Priv.
1934 1958 213 73 print.,
2173 1957 166 59 1925.

400 2084 81 45 116
506 2099 42 39 p.
605 2084 58 45 22
668 2085 48 18 cm
722 2118 9 10 .

401 2155 139 46 “This
578 2154 174 47 edition
788 2153 194 46 consists
1017 2154 53 45 of
1107 2155 75 43 111
1221 2151 153 55 copies
1410 2168 59 30 on
1506 2150 201 47 Vidalon
1742 2149 280 47 hand-made
2057 2165 152 40 paper,
2246 2151 93 46 and

326 2216 83 43 222
443 2213 152 54 copies
627 2228 60 30 on
722 2214 71 43 De
826 2212 199 52 Coverly
1056 2226 84 38 rag
1171 2209 103 48 laid,
1306 2211 248 44 numbered
1587 2212 19 42 1
1642 2218 47 37 to
1722 2210 82 45 333
1835 2209 54 46 of
1918 2208 149 46 which
2099 2208 91 47 this
2222 2224 116 38 copy

325 2272 39 45 is
387 2273 193 44 number
601 2270 97 46 88.”

399 2329 161 46 Verse.

327 2384 53 54 ©
405 2385 108 43 Feb.
543 2385 60 49 14,
631 2382 131 51 1925;
790 2383 64 42 2c.
879 2379 106 45 Feb.
1016 2379 74 53 17;
1118 2380 78 43 aff.
1223 2377 106 46 Feb.
1359 2377 74 54 16;
1461 2378 43 42 A
1529 2378 164 44 822068;
1750 2377 51 48 E.
1827 2377 52 48 E.
1908 2377 282 54 Cummings,
2218 2379 118 44 New

396 2442 143 44 York.
610 2439 244 55 (25-6913)

327 2542 214 72 Davis,
587 2542 327 71 Franklyn
955 2537 234 58 Pierre.

404 2635 366 71 Anthology
796 2631 68 58 of
890 2648 373 54 newspaper
1291 2648 182 38 verse
1505 2628 102 57 for
1639 2629 165 56 1924.
1891 2627 186 59 Sixth
2106 2629 232 57 annual

325 2716 188 70 issue,
569 2713 210 57 edited
827 2711 85 71 by
961 2708 327 72 Franklyn
1342 2706 223 58 Pierre
1618 2705 216 58 Davis,
1938 2706 185 73 Enid,
2181 2706 152 74 Okl.,

327 2794 216 56 Frank
579 2791 70 56 P.
687 2790 218 71 Davis,
945 2789 166 56 1925.

401 2882 78 46 135
504 2897 41 39 p.
604 2881 58 44 20
667 2884 14 17 cm
721 2916 7 8 .

326 2955 53 54 ©
403 2957 120 42 Mar.
551 2955 63 51 18,
641 2951 104 46 1925;
795 2952 64 43 2c.
885 2951 119 42 Mar.
1027 2949 77 51 20;
1131 2948 79 43 aff.
1236 2948 119 42 Mar.
1378 2946 79 52 27;
1483 2946 43 42 A
1551 2945 189 52 822614;
1767 2944 49 45 F.
1843 2946 50 43 P.
1919 2945 159 44 Davis.

324 3054 249 60 Detroit
609 3057 167 54 trust
813 3065 323 58 company.

405 3146 412 61 Memoranda
845 3143 104 58 for
980 3140 286 73 drawing
1291 3139 180 71 wills,
1499 3137 333 74 published
1860 3138 104 57 for
1994 3139 105 58 the
2127 3158 112 39 use
2269 3139 67 58 of

326 3230 105 57 the
456 3229 309 56 members
796 3224 67 57 of
888 3222 105 58 the
1020 3222 116 56 bar
1167 3218 69 59 of
1263 3217 336 72 Michigan.
1683 3215 270 73 Detroit,
1983 3217 206 72 Mich.,
326 3219 1984 146 Detroit

510 3308 169 55 trust
707 3319 310 55 company
1049 3328 13 43 [
1063 3306 20 23 c
1087 3297 165 73 1925]

396 3401 25 41 2
449 3414 40 38 p.
517 3397 42 52 1,
589 3395 109 46 7-37
724 3409 40 38 p.
824 3394 151 43 23½cm.

398 3469 242 44 Alternate
670 3480 140 40 pages
839 3463 153 45 blank.

328 3528 53 53 ©
408 3529 119 42 Mar.
552 3527 38 49 2,
621 3522 130 54 1925;
779 3524 65 41 2c.
873 3521 87 43 and
985 3520 78 43 aff.
1093 3519 119 42 Mar.
1244 3518 73 50 11;
1348 3517 43 42 A
1419 3515 188 52 822349;
1639 3516 183 43 Detroit
1848 3521 119 38 trust
1995 3532 67 28 co.
406 3582 244 57 (25-6711)

326 3674 272 67 Dunton,
637 3668 215 57 James
891 3661 249 61 Gerald.

400 3762 174 61 Wild
601 3778 194 51 asses,
818 3758 84 70 by
928 3755 219 58 James
1176 3752 67 59 G.
1272 3753 273 56 Dunton.
1627 3749 262 75 Boston,
1917 3748 215 74 Small,
327 3751 1985 150 Maynard
513 3840 48 59 &
582 3854 310 55 company
921 3864 12 42 [
936 3842 18 22 c
959 3833 165 72 1925]

398 3920 93 51 viii,
521 3919 93 50 333,
648 3917 52 46 [1]
733 3930 41 37 p.
836 3914 149 43 19½cm.

328 3980 53 50 ©
415 3981 108 41 Mar
571 3977 48 42 14,
668 3971 130 53 1925;
831 3973 64 41 2c.
929 3969 87 44 and
1047 3968 78 43 aff.
1160 3968 119 41 Mar.
1314 3965 76 52 19;
1426 3965 43 42 A
1502 3963 189 52 823460;
1730 3962 155 52 Small,
1921 3964 228 52 Maynard
2181 3965 38 43 &
2250 3979 79 38 co.,

399 4038 41 36 inc.
575 4029 219 45 (25-6698)
