2533 4412
1098 4071 111 56 643

170 409 358 73 Carpenter,
566 409 215 58 Frank
813 410 254 72 George,
1104 411 358 57 1855-1924.

166 485 1971 150 … Along the Paraná and the Amazon, Paraguay, Uruguay,
166 562 1972 136 Brazil, by Frank G. Carpenter … with 101 illustrations
371 641 166 57 from
579 641 269 73 original
890 642 449 72 photographs.
1443 640 254 60 Garden
1741 639 162 73 City,
1947 641 74 57 N.
2065 640 94 73 Y.,

164 719 384 72 Doubleday,
579 719 170 73 Page
780 720 47 57 &
856 738 322 53 company,
1207 719 165 60 1925.

233 794 1837 56 xiv p., 1 l., 314 p. front., plates. 23½c m . (Carpenter’s world travels)
235 854 134 52 Maps
397 869 56 29 on
483 852 341 56 lining-papers.

163 909 55 54 ©
248 912 112 52 May
386 912 64 51 22,
484 911 129 53 1925;
644 914 63 41 2c.
738 913 87 43 and
853 913 78 42 aff.
960 913 117 51 June
1110 913 45 50 1;
1189 911 44 43 A
1261 910 161 44 829601;
1484 909 284 54 Carpenter’s
1801 909 144 45 world
1975 910 182 51 travels,

233 967 316 53 Washington.
619 967 271 55 (25-10888)

168 1036 447 73 Christiansen,
651 1038 243 60 Walter
928 1039 273 58 Gustave
1237 1038 163 57 Otto.

241 1113 271 74 Organic
546 1115 389 58 derivatives
967 1116 68 57 of
1070 1115 340 71 antimony,
1443 1117 82 70 by
1558 1114 245 58 Walter
1841 1114 67 59 G.
163 1113 1971 136 Christiansen

599 1191 1559 74 … New York, Book department, The Chemical
161 1269 249 71 catalog
437 1287 323 55 company,
790 1269 137 71 inc.,
958 1269 166 59 1925.

231 1347 81 43 230
355 1362 40 37 p.
455 1345 171 54 diagrs.
686 1348 55 43 23½
775 1349 46 17 cm
828 1382 8 7 .
905 1346 278 54 (American
1230 1345 220 44 chemical
1498 1346 185 53 society.
1745 1345 296 53 Monograph
161 1361 1976 95 series)

232 1458 330 55 Bibliography
579 1476 8 28 :
620 1475 41 38 p.
692 1460 205 45 215-219.

161 1515 53 54 ©
241 1518 114 51 June
387 1519 61 50 11,
480 1516 129 53 1925;
635 1518 65 42 2c.
730 1517 86 43 and
842 1518 78 42 aff.
950 1518 116 52 June
1097 1519 72 50 12;
1200 1518 44 42 A
1272 1516 165 45 829677;
1495 1516 230 45 Chemical
1753 1518 179 54 catalog
1960 1533 78 35 co.,
2071 1518 82 43 inc.

239 1572 271 55 (25-11016)

165 1641 185 70 Coan,
392 1642 256 59 Charles
685 1643 241 71 Florus,
964 1647 190 56 1886-

163 1719 1970 135 A history of New Mexico, by Charles F. Coan … assisted
398 1797 1761 73 by a board of advisory editors … Chicago and
162 1875 148 55 New
341 1875 191 70 York,
566 1876 127 56 The
726 1876 338 57 American
1093 1875 325 58 historical
1455 1874 253 73 society,
1742 1875 136 71 inc.,
1912 1876 168 57 1925.

229 1952 26 43 3
284 1968 39 27 V.
388 1951 155 53 front.,
573 1951 130 53 illus.,
730 1952 158 52 plates,
917 1959 156 46 ports.,
1104 1967 142 39 maps.
1305 1952 123 45 27cm.

230 2008 130 44 Vols.
389 2009 80 44 2-3
502 2008 184 45 contain
719 2008 312 56 biographical
1062 2009 224 46 material.

232 2064 334 55 Bibliography
591 2073 47 36 at
664 2065 88 44 end
780 2067 52 42 of
862 2082 127 28 some
1016 2068 54 42 of
1099 2067 76 44 the
1204 2067 211 52 chapters
1442 2068 54 42 of
1524 2083 41 27 v.
1595 2068 35 42 1.

160 2119 53 54 ©
240 2122 112 52 May
372 2123 67 49 23,
469 2121 103 45 1925;
626 2124 63 42 2c.
717 2124 112 53 May
854 2123 77 53 25;
961 2125 78 43 aff.
1066 2126 114 51 June
1209 2123 75 54 15;
1314 2125 44 42 A
1384 2123 189 54 829695;
1603 2125 144 43 Amer.
1788 2125 233 43 historical
2050 2140 104 37 soc.,

231 2178 81 44 inc.
381 2177 271 56 (25-11113)

165 2247 357 73 Colebrook,
566 2249 261 58 Francis
868 2250 258 75 Morley.

238 2328 405 74 Alternating
671 2334 286 55 currents
988 2334 124 57 and
1140 2332 362 72 transients,
1536 2334 248 57 treated
1812 2333 84 71 by
1924 2333 102 56 the
161 2351 1966 127 rotating

410 2410 1740 71 vector method, by F. M. Colebrook … 1st ed.
159 2483 153 57 New
338 2484 172 56 York
542 2487 145 70 [etc.]
721 2485 453 60 McGraw-Hill
1201 2488 160 59 book
1390 2507 322 51 company,
1741 2489 136 66 inc.,
1908 2488 165 55 1925.

263 2595 8 10 x,
305 2561 73 44 195
407 2575 40 37 p.
508 2560 166 53 diagrs.
733 2565 53 43 23½
823 2567 46 16 cm
876 2600 8 8 .
997 2563 129 50 $3.00

158 2612 54 53 ©
243 2615 114 52 June
394 2615 60 52 17,
494 2616 127 53 1925;
655 2620 64 41 2c.
753 2619 87 43 and
872 2619 78 43 aff.
985 2620 113 52 June
1136 2621 73 50 19;
1245 2620 44 42 A
1324 2616 188 55 829768;
1551 2614 347 49 McGraw-Hill
1932 2619 122 43 book
2085 2633 66 28 co.

237 2670 270 56 (25-11301)

164 2740 306 73 Coleman,
505 2742 243 59 Arthur
781 2745 312 73 Prudden,
1131 2749 189 57 1897-

236 2820 244 58 Humor
500 2822 60 56 in
588 2825 104 58 the
715 2826 275 57 Russian
1016 2828 256 70 comedy
1293 2827 167 57 from
1486 2826 335 59 Catherine
1846 2831 63 54 to
1934 2825 217 71 Gogol,

157 2898 83 72 by
269 2899 243 57 Arthur
543 2902 68 55 P.
647 2901 310 74 Coleman,
1083 2951 12 10 PH.
1167 2951 11 10 D.
1261 2904 151 57 New
1440 2904 192 70 York,
1665 2903 323 59 Columbia
159 2903 1967 145 university

426 2997 201 53 press,
660 2979 166 60 1925.

226 3056 1924 54 4 p. l., 94 p. 23 cm . (Half-title: Columbia university Slavonic studies,
155 3111 88 42 vol.
317 3111 17 49 II)

228 3164 354 55 Bibliography:
614 3182 41 38 p.
689 3170 180 47 [93]–94.

155 3217 55 52 ©
239 3221 116 50 June
387 3219 37 53 5,
460 3222 128 51 1925;
620 3224 66 42 2c.
718 3226 114 50 June
863 3226 49 50 8;
947 3226 78 43 aff.
1057 3227 115 52 June
1204 3227 48 51 6;
1288 3227 44 43 A
1365 3224 189 54 855493;
1591 3224 235 45 Columbia
1859 3225 119 44 univ.
2012 3239 138 38 press.

233 3275 271 56 (25-11187)

159 3344 243 73 [Colter,
443 3347 168 58 John
648 3350 89 74 R.]

234 3424 128 57 The
395 3425 324 71 glimerick
747 3430 176 71 book,
960 3433 362 72 containing
1351 3451 137 38 new
1520 3433 122 56 and
1676 3430 270 74 original
155 3429 1974 127 glimericks

383 3519 71 37 or
478 3504 380 74 mystifying
883 3507 332 73 limericks,
1241 3509 84 72 by
1354 3509 302 58 Shaemas
1686 3508 59 58 J.
1777 3507 74 57 A.
158 3506 1970 140 Witherspoon

154 3583 1976 129 [pseud.] F . R. L . S.; together with some of the author’s
401 3657 273 60 favorite
720 3662 102 58 old
865 3665 254 57 classics
1162 3667 181 56 made
1388 3666 132 56 into
1565 3664 373 73 glimericks,
154 3663 1974 129 illustrations

452 3735 83 72 by
560 3737 143 57 Ann
734 3741 274 74 Nooney.
1078 3744 153 57 New
1257 3743 190 74 York,
1480 3744 128 57 The
1640 3741 336 61 Glimerick
152 3740 1976 144 publishing

417 3821 545 71 company [ c 1925]
228 3887 51 43 63
307 3904 39 36 p.
407 3889 115 44 illus.
582 3893 52 42 23½
671 3896 45 17 cm
725 3930 7 6 .

155 3939 54 56 ©
239 3945 112 52 May
381 3943 38 50 5.
453 3947 102 44 1925;
613 3949 66 46 2c.
713 3951 112 54 May
855 3955 50 52 6;
939 3955 80 44 aff.
1055 3957 112 52 May
1197 3957 80 52 20;
1315 3957 42 44 A
1389 3955 190 56 855332;
1617 3953 248 48 Glimerick
1897 3953 102 54 pub.
2031 3967 66 30 co.

233 3997 270 60 (25-10076)
