2533 4412
1043 4033 147 54 1159

132 391 321 70 Strickler,
491 392 215 71 Harry
736 391 227 58 Miller.

206 485 465 70 Forerunners;
714 505 36 37 a
786 486 249 70 history
1073 506 71 38 or
1184 486 344 71 genealogy
1568 490 68 54 of
1673 487 104 57 the
1819 485 303 59 Strickler

128 561 291 71 families,
437 562 165 58 their
622 563 135 57 kith
781 564 125 56 and
920 563 125 70 kin,
1062 562 320 72 including
1417 562 404 71 Kauffmans,
1843 563 278 71 Stovers,

126 639 301 71 Burners,
450 639 320 72 Ruffners,
792 640 297 71 Beavers,
1115 639 294 73 Shavers,
1433 641 408 69 Brumbachs,
1865 638 256 71 Zirkles,

126 717 308 70 Blossers,
471 717 257 70 Groves,
764 718 380 70 Brubakers,
1182 716 199 72 Neffs,
1417 719 320 71 Rothgebs
1775 720 125 56 and
1932 736 189 53 many

128 795 178 58 other
354 795 176 70 early
577 794 274 59 families
900 798 68 56 of
1018 793 435 73 Shenandoah,
1501 795 447 71 Rockingham,
127 797 1971 148 Augusta,
375 870 339 61 Frederick
753 876 125 56 and
915 874 172 71 Page
1127 871 278 61 counties
1449 875 68 56 of
1558 875 103 57 the
1704 874 418 59 Shenandoah

126 949 253 73 Valley;
424 970 38 37 a
498 950 327 59 memorial
864 955 63 55 to
969 953 175 57 those
1185 951 136 59 who
1361 951 159 57 have
1565 970 155 53 gone
1760 953 237 70 before,
2039 952 83 72 by

125 1027 220 73 Harry
391 1028 83 57 M.
525 1027 321 60 Strickler.
929 1028 192 57 From
1169 1029 190 58 about
1407 1028 149 57 1700
1601 1034 65 54 to
1712 1031 104 57 the
1863 1034 258 67 present

127 1104 1992 74 time, 1924 … [Harrisonburg, Va., H. M. Strickler, c 1925]
194 1181 1927 54 2 p. l ., xv, [2]-425, [3] p. front., (coat of arms) plates, ports., facsim. 22 cm .
197 1240 148 43 Blank
368 1254 136 34 pages
531 1240 77 43 for
633 1240 405 44 “Memorandum”
1072 1239 81 51 ([3]
1180 1249 45 35 at
1250 1241 110 49 end)

126 1290 53 54 ©
211 1293 100 43 Oct.
343 1291 37 53 5,
413 1291 103 44 1925;
571 1293 65 43 2c.
667 1295 87 42 and
783 1294 79 42 aff.
894 1294 101 43 Oct.
1026 1291 50 54 7;
1109 1295 43 41 A
1184 1293 189 51 864982;
1407 1293 61 43 H.
1503 1294 65 42 M.
1603 1293 236 53 Strickler,
195 1294 1905 108 Harrisonburg.
392 1346 270 56 (25-19754)

125 1434 400 73 Sutherland,
566 1435 181 58 Joan.

203 1527 127 57 The
363 1526 172 72 price
572 1527 65 57 of
674 1527 242 56 silence.
1003 1528 155 71 [21st
1188 1526 381 75 instalment]

198 1604 81 51 (In
305 1606 186 40 London
521 1606 145 40 Home
694 1607 147 49 notes,
871 1605 118 50 Aug.
1018 1609 67 47 29,
1115 1604 129 51 1925)

125 1657 1995 55 © 1c. Oct. 22, 1925; A ad int. 7350; pubd. Aug. 24; J. Sutherland, ℅ A. M.
195 1716 154 43 Heath
375 1717 38 43 &
437 1730 80 38 co.,
547 1713 200 47 London.

126 1800 279 72 Tappan,
444 1801 135 56 Eva
617 1800 236 71 March,
893 1802 189 57 1854-

202 1895 128 56 The
359 1893 161 58 little
548 1893 150 71 lady
722 1895 67 55 in
816 1910 208 56 green,
1054 1893 124 59 and
1207 1894 179 58 other
1413 1894 179 71 tales,
1621 1895 84 70 by
1733 1893 138 58 Eva
1900 1893 219 58 March

126 1969 1992 75 Tappan … Boston and New York, Houghton Mifflin
123 2069 321 53 company,
479 2051 166 55 1925.

192 2127 1042 51 6 p. l ., 226 p. incl. front., plates. 20½ cm .
193 2181 1925 53 “The basis of this book is Ur folksagans roseng å rdar, a collection of
123 2240 163 44 stories
316 2240 124 43 from
466 2239 218 45 different
712 2238 240 51 countries,
983 2240 130 45 made
1141 2239 61 51 by
1229 2238 203 45 Richard
1463 2241 269 49 Bergstrom
1762 2239 89 45 and
1881 2239 237 52 published

122 2298 46 42 in
197 2295 194 47 Sweden
417 2311 123 30 some
564 2312 131 33 years
723 2296 129 50 ago.”

453 2351 169 45 CONTENTS.—The
664 2351 115 45 little
821 2350 106 52 lady
971 2351 45 44 in
1057 2351 311 51 green:—The
1412 2368 104 28 man
1558 2352 106 44 who
1704 2361 153 36 meant
1898 2352 124 46 what
2063 2353 56 45 he

123 2408 269 46 said.—The
435 2409 122 44 Rose
597 2407 329 51 Queen.—The
968 2409 210 44 brothers
1220 2408 103 44 who
1366 2415 123 37 went
1529 2415 79 37 out
1649 2407 95 45 into
1785 2408 76 46 the
1903 2409 217 45 world.—

123 2466 98 44 The
259 2479 183 30 woman
479 2465 104 44 who
622 2465 87 44 had
749 2464 122 44 what
910 2465 79 44 she
1026 2463 351 45 wanted.—The
1414 2463 199 51 wishing
1653 2464 274 51 ring.—The
1966 2474 152 37 stones

122 2523 44 43 in
204 2523 75 44 the
317 2519 666 48 kettle.—Snowwhite.—The
1020 2520 249 44 enchanted
1309 2520 349 45 feather.—The
1695 2521 113 51 frog
1845 2521 274 51 princess.—

122 2578 98 45 The
250 2580 92 48 bee,
372 2578 78 45 the
476 2590 169 37 mouse,
680 2577 77 45 the
785 2577 216 49 muskrat,
1035 2578 89 43 and
1156 2575 76 44 the
1263 2574 262 53 boy.—The
1555 2582 194 46 country
1777 2577 54 47 of
1860 2579 75 45 the
1966 2576 152 55 stupid

122 2636 109 44 folk.

120 2686 55 54 ©
214 2688 121 53 Sept.
375 2688 63 51 18,
477 2685 129 53 1925;
644 2687 64 42 2c.
747 2685 120 53 Sept.
903 2686 78 50 21;
1019 2686 78 42 aff.
1139 2684 119 53 Sept.
1299 2686 75 51 19;
1412 2686 43 41 A
1491 2685 189 53 861898;
1721 2686 52 47 E.
1813 2685 66 46 M.
1916 2687 201 54 Tappan,

191 2745 276 50 Worcester,
502 2744 140 42 Mass.
712 2740 271 56 (25-19645)

125 2831 244 71 Thoms,
405 2830 323 57 Hermann
761 2826 331 59 Friedrich
1122 2827 226 70 Maria,
1384 2830 188 56 1859-

199 2921 350 58 Handbuch
569 2922 112 56 der
702 2919 404 72 praktischen
1124 2920 130 56 und
1269 2919 647 58 wissensehaftliehen
122 2921 1974 135 pharmazie.
402 2999 207 57 Unter
632 2997 405 72 mitwirkung
1062 2996 386 57 zahlreicher
1472 2996 456 72 fachgenossen
1946 2999 172 72 hrsg.

120 3073 1995 76 von geh. reg.-rat professor dr. Hermann Thoms … bd.
124 3155 50 71 2,
215 3156 33 55 3
295 3154 81 72 (1.
414 3153 209 71 hlfte.)
709 3152 234 72 Berlin,
983 3150 203 72 Wien,
1224 3150 222 59 Urban
1485 3151 49 57 &
1574 3151 541 77 Schwarzenberg,

122 3233 165 55 1925.

189 3308 27 42 2
248 3323 40 28 v.
349 3307 130 50 illus.,
512 3306 142 44 tables
697 3306 126 53 (part
859 3305 135 54 fold.)
1037 3305 166 52 diagrs.
1263 3302 55 45 27
1325 3307 46 17 cm
1378 3339 7 7 .

120 3360 1975 112 CONTENTS .—bd. 2. Untersuchungsmethoden.—bd. 3. 1. hlfte. Nahrungsund genussmittel.
120 3472 1974 113 © Aug. 25, 1925; 1c. each Oct. 29; A —Foreign 29094; Urban & Schwarzenberg.
127 3616 364 72 Trevelyan,
530 3615 234 58 Robert
802 3613 343 73 Calverley,
1185 3615 188 56 1872-

193 3705 365 72 Thamyris;
594 3724 88 52 or,
713 3706 65 57 Is
809 3705 177 57 there
1019 3723 36 37 a
1086 3703 215 58 future
1333 3701 104 59 for
1468 3707 261 69 poetry?
1812 3705 99 72 By
1941 3706 73 56 R.
2052 3706 64 58 C.

124 3779 1926 78 Trevelyan. New York, E. P. Hutton & company [ c 1925]
190 3863 61 42 vii
277 3877 55 38 p.,
358 3863 19 41 1
424 3895 23 15 l.,
471 3862 53 43 89
549 3876 39 37 p.
651 3860 51 44 16
707 3863 47 17 cm
761 3894 9 9 .
832 3859 198 51 [To-day
1053 3858 89 44 and
1167 3866 270 36 to-morrow
1463 3859 138 45 series]

123 3918 52 53 ©
207 3920 101 43 Oct.
337 3920 40 50 2,
408 3917 129 53 1925;
568 3919 63 42 2c.
664 3919 100 43 Oct.
796 3915 49 54 5;
875 3917 78 43 aff.
986 3917 101 43 Oct.
1118 3915 50 52 6;
1199 3917 43 41 A
1272 3915 190 52 864969;
1495 3916 52 46 E.
1594 3918 35 41 P.
1663 3917 176 44 Dutton
1870 3919 36 43 &
1935 3933 65 28 co.

201 3973 269 56 (25-19528)
