2533 4412
1303 4120 38 56 4

333 444 244 71 Clarke,
613 444 284 59 William
928 444 85 59 M.

409 536 212 58 Minor
646 537 269 73 English
942 538 306 58 domestic
1273 539 437 72 architecture,
1737 540 188 73 being
1953 560 34 37 a
2017 541 324 58 collection

333 615 67 56 of
432 615 209 71 plates
674 615 169 57 from
877 616 435 73 photographs
1348 618 182 54 made
1567 617 84 72 by
1684 617 160 62 Wm.
1955 665 11 12 M.
2061 619 174 58 Clarke
2275 621 67 57 of

329 693 105 57 the
483 696 281 68 cottages
815 695 126 55 and
986 694 198 57 lesser
1233 694 302 57 domestic
1580 695 176 56 work
1802 696 67 57 of
1916 697 104 57 the
2070 697 270 72 English

332 771 2009 75 country-side … v. 2. [Los Angeles, Los Angeles pressed
329 849 176 57 brick
540 868 323 50 company,
900 850 151 57 1924]

473 951 11 30 [11]
514 941 41 38 p.
615 927 55 43 49½
705 929 47 17 cm
758 962 8 8 .

329 981 54 54 ©
408 984 109 43 Dec.
540 983 64 52 22,
635 983 108 44 1924;
792 983 65 44 2c.
882 984 100 52 Jan.
1007 984 40 52 2,
1074 981 131 55 1925;
1232 984 79 43 aff.
1338 984 111 43 Dec.
1475 985 68 51 31,
1572 984 131 53 1924;
1732 986 44 42 A
1803 984 188 56 815507;
2023 987 89 44 Los
2138 988 200 52 Angeles

398 1042 188 52 pressed
620 1041 131 43 brick
786 1056 64 28 co.

333 1140 1982 152 Compton’s pictured encyclopedia … To inspire ambition, to stimulate the
1214 1219 434 73 imagination,
1690 1223 64 54 to
1796 1222 263 70 provide
2104 1222 104 58 the
406 1223 1909 147 inquiring
694 1297 174 58 mind
900 1297 153 57 with
1089 1299 289 55 accurate
1414 1297 417 58 information
1864 1299 133 58 told
2030 1299 67 57 in

2134 1319 79 38 an
407 1300 1908 148 interesting
765 1376 179 71 style,
993 1377 124 56 and
1163 1376 145 57 thus
1356 1375 142 58 lead
1544 1375 133 58 into
1723 1377 271 58 broader
2040 1376 179 60 fields
2271 1379 69 57 of

405 1453 382 75 knowledge,
821 1455 151 56 such
996 1453 56 59 is
1085 1455 105 57 the
1219 1472 277 54 purpose
1528 1453 67 59 of
1625 1453 127 59 this
1783 1455 188 57 work.
2047 1456 291 74 Chicago,

408 1532 69 56 F.
514 1532 73 57 E.
627 1531 310 74 Compton
971 1532 48 56 &
1053 1551 310 53 company
1398 1563 13 43 [
1411 1540 21 21 c
1436 1533 164 74 1924]

403 1608 51 45 10
494 1625 42 28 v.
597 1608 82 44 col.
725 1608 148 45 fronts.
915 1610 65 53 (v.
1029 1609 103 53 1-9)
1187 1609 116 43 illus.
1331 1610 129 53 (part
1501 1608 109 55 col.)
1662 1610 85 43 col.
1794 1610 158 52 plates,
1997 1619 151 44 ports.,
2196 1626 142 39 maps,

326 1664 168 55 diagrs.
554 1665 56 44 26
615 1669 48 18 cm
669 1702 8 8 .

400 1723 157 53 Paged
589 1722 329 53 continuously.

400 1778 404 48 Editor-in-chief:
846 1779 101 53 Guy
987 1778 193 47 Stanton
1217 1778 137 45 Ford.

326 1834 56 55 ©
411 1838 108 42 Dec.
548 1837 67 51 20,
647 1837 106 42 1924;
807 1836 65 44 2c.
899 1836 100 53 Jan.
1028 1837 41 51 2,
1102 1834 130 54 1925;
1263 1836 79 43 aff.
1372 1836 99 51 Jan.
1502 1834 48 53 5;
1576 1835 51 43 A
1656 1833 189 56 814537;
1879 1835 49 45 F.
1961 1836 53 48 E.
2048 1836 224 54 Compton
2302 1839 37 44 &

399 1909 65 29 co.
529 1892 66 55 [©
622 1893 198 44 revision
844 1895 88 43 and
956 1908 100 29 new
1081 1900 179 46 matter]
1332 1891 215 55 (25-732)

331 1994 294 74 Coursey,
666 1995 196 59 Oscar
895 1992 301 73 William,
1235 1995 193 58 1873-

407 2073 225 58 “Wild
659 2072 181 57 Bill”
880 2072 246 72 (James
1157 2071 226 58 Butler
1408 2070 272 72 Hickok)
1716 2072 84 71 by
1887 2119 10 7 O.
1927 2072 97 58 W.
2058 2071 282 74 Coursey

396 2149 1561 74 … Mitchell, S. D., Educator supply co. [ c 1924]
398 2228 56 44 80
484 2244 40 38 p.
585 2228 116 44 illus.
765 2227 49 45 18½
851 2230 46 18 cm
904 2264 8 8 .

400 2286 276 52 “Reprinted
706 2285 121 44 from
854 2285 75 45 the
960 2285 144 47 Sioux
1134 2283 122 46 Falls
1287 2285 121 53 daily
1435 2284 357 54 argus-leader.”

327 2342 54 54 ©
406 2344 111 44 Dec.
546 2345 33 50 1,
609 2344 129 51 1924;
764 2345 65 42 2c.
855 2343 109 44 Dec.
989 2343 77 53 26;
1096 2343 79 44 aff.
1203 2344 110 43 Dec.
1339 2343 78 52 24;
1445 2343 43 42 A
1515 2341 191 54 815474;
1735 2344 55 44 O.
1817 2344 75 43 W.
1921 2342 217 54 Coursey,
397 2343 1917 111 Mitchell,
505 2400 45 47 S.
585 2401 56 43 D.
712 2398 245 56 (25-1111)

331 2501 311 71 Crandell,
680 2500 203 58 Helen
918 2500 309 74 Hopkins.

405 2580 268 73 English
699 2580 350 73 literature,
1079 2578 249 59 writers
1359 2580 123 57 and
1510 2577 269 73 literary
1796 2578 220 73 forms,
2037 2579 83 71 by
2136 2579 198 57 Helen

328 2655 2009 76 Hopkins Crandell … New York, Globe book company
345 2739 173 56 [ c 1924]
396 2814 56 53 vi,
484 2813 85 45 458
599 2829 39 38 p.
697 2814 58 45 20
759 2817 46 17 cm
813 2850 9 8 .

399 2870 217 45 Contains
647 2869 369 54 bibliographies.

327 2926 54 54 ©
411 2928 109 43 Dec.
549 2927 67 47 20,
649 2927 129 52 1924;
808 2928 64 42 2c.
904 2927 111 43 Dec.
1046 2927 78 51 31;
1158 2926 78 43 aff.
1267 2926 99 52 Jan.
1399 2924 36 53 7,
1470 2923 131 55 1925;
1634 2926 42 43 A
1708 2923 190 54 814585;
1934 2924 141 46 Globe
2107 2926 71 43 bk.
2212 2942 65 27 co.

407 2983 243 56 (25-1409)

331 3083 1246 73 Crocker, Uriel Haskell, 1832 –1902 .
404 3163 195 58 Notes
637 3182 79 38 on
749 3162 104 59 the
889 3161 272 61 General
1192 3161 153 58 laws
1381 3160 70 58 of
1486 3160 518 70 Massachusetts,
2037 3160 85 71 by
2154 3160 183 59 Uriel

328 3242 77 57 H.
439 3242 270 59 Crocker
738 3243 124 56 and
889 3241 245 72 George
1161 3240 69 59 G.
1265 3239 289 71 Crocker,
1585 3239 248 58 revised
1863 3239 123 57 and
2016 3239 206 57 edited
2253 3240 82 71 by

325 3317 1985 154 Raymond C. Baldes … Boston, Little, Brown, and company, 1925.
402 3479 80 49 xii,
509 3478 82 45 988
616 3492 42 39 p.
717 3475 53 46 25½
807 3479 46 18 cm
861 3513 8 8 .

406 3534 246 46 “Contains
683 3540 126 37 notes
840 3533 51 45 of
920 3549 123 28 cases
1078 3533 42 43 in
1152 3532 59 43 all
1242 3532 75 44 the
1345 3531 202 44 volumes
1579 3531 52 45 of
1661 3531 75 43 the
1767 3528 360 46 Massachusetts
2164 3539 174 44 reports

334 3595 134 42 down
495 3600 47 36 to
568 3591 87 44 and
682 3589 230 53 including
935 3589 182 44 volume
1141 3605 70 28 no.
1239 3587 310 45 244.”—Pref.

328 3648 54 54 ©
439 3664 69 28 Jan.
538 3648 36 49 2,
609 3644 131 54 1925;
770 3647 65 42 2c.
864 3647 87 43 and
979 3647 79 43 aff.
1089 3647 99 50 Jan.
1221 3644 47 53 5;
1302 3646 44 42 A
1377 3643 189 53 814530;
1602 3642 178 54 George
1809 3644 59 43 U.
1900 3641 215 55 Crocker,
2147 3646 186 43 Boston.

406 3703 243 57 (25-1561)

331 3805 279 69 Crowell,
646 3804 245 59 Joshua
924 3803 323 67 Freeman,
1284 3803 91 58 ed.

410 3884 171 72 Cape
615 3881 133 60 Cod
776 3880 66 58 in
872 3883 245 70 poetry,
1150 3880 210 60 edited
1391 3880 84 69 by
1505 3878 245 58 Joshua
1785 3878 308 58 Freeman
332 3878 1981 144 Crowell
447 3963 124 57 and
604 3961 303 57 Florence
937 3958 363 71 Hathaway

1337 3956 281 59 Crowell.
1700 3956 262 71 Boston,
1997 3956 131 59 The
2163 3958 172 57 Four

333 4062 140 39 seas
503 4058 308 55 company
840 4066 13 44 [
854 4046 21 23 c
877 4038 167 71 1924]
