2533 4412
0 0 0 0 116
373 434 282 73 Duggar,
696 432 171 59 John
905 431 360 75 Frederick,
1306 435 192 57 1868-

457 524 317 60 Southern
818 523 146 59 field
1012 542 202 54 crops.
1303 524 151 58 Rev.
1505 525 92 57 ed.
1683 523 101 75 By
1828 524 172 59 John
2045 523 345 60 Frederick

375 602 1934 74 Duggar … New York, The Macmillan company, 1925.
453 699 34 27 x
516 698 56 39 p.,
601 685 26 42 2
678 718 22 17 l.,
732 682 139 44 3-444
900 697 40 38 p.
1001 681 118 45 illus.
1177 681 55 45 20
1239 684 47 18 cm
1293 717 9 9 .
1372 681 293 54 (Half-title:
1699 680 100 46 The
1831 684 124 42 rural
1989 682 223 45 textbook
2241 680 153 54 series,

382 740 67 45 ed.
474 741 60 52 by
562 740 50 44 L.
641 739 62 44 H.
733 737 185 55 Bailey)

454 794 334 47 “References”
816 801 48 39 at
890 797 86 44 end
1004 795 51 45 of
1082 795 109 47 each
1220 794 198 54 chapter.

378 851 53 55 ©
463 852 108 46 Feb.
607 852 63 54 17,
705 850 131 56 1925;
869 852 65 45 2c.
967 854 89 44 and
1088 854 79 44 aff.
1202 852 107 45 Feb.
1347 853 74 52 18;
1456 852 45 44 A
1535 851 189 55 822099;
1763 853 266 45 Macmillan
2061 869 66 29 co.
2193 851 66 56 [©
2292 869 99 29 new

448 912 88 42 and
567 911 176 44 revised
773 909 224 54 material]
1069 909 245 55 (25-4753)

378 1011 202 73 Eddy,
618 1011 172 58 John
821 1010 97 60 W.

458 1106 293 73 Hunting
783 1125 79 38 on
892 1105 210 59 Kenai
1132 1104 364 74 Peninsula,
1530 1108 124 57 and
1688 1103 454 62 Observations
2177 1125 77 38 on
2287 1107 106 59 the

380 1184 284 60 increase
699 1185 68 58 of
798 1184 110 73 big
939 1203 179 55 game
1152 1183 69 60 in
1251 1183 209 58 North
1491 1184 314 73 America,
1838 1187 85 70 by
1954 1185 62 59 J.
2050 1185 99 62 W.
2186 1185 205 72 Eddy.

384 1264 275 74 [Seattle]
693 1264 297 57 Lowman
1019 1263 50 57 &
1096 1263 299 58 Hanford
1427 1281 107 54 co.,
1565 1263 167 58 1924.

450 1343 53 46 90
531 1359 40 36 p.
600 1342 72 44 incl.
731 1341 154 46 front.,
915 1341 119 45 illus.
1093 1342 157 50 plates.
1308 1342 54 43 21
1371 1343 48 18 cm
1424 1377 11 10 .

379 1397 55 54 ©
462 1399 100 51 Jan.
597 1396 64 54 15,
694 1396 131 52 1925;
855 1397 67 43 2c.
953 1395 108 45 Feb.
1097 1396 74 52 10;
1204 1395 80 44 aff.
1317 1395 107 44 Feb.
1457 1395 50 52 9;
1541 1395 44 43 A
1618 1394 190 54 814979;
1842 1397 39 52 J.
1914 1397 76 44 W.
2023 1394 146 56 Eddy,
2205 1395 189 55 Seattle,

450 1455 159 46 Wash.
680 1451 244 58 (25-4476)

379 1556 230 70 Evans,
653 1553 272 59 Thomas
964 1553 98 60 W.

461 1645 290 60 Solution
787 1643 68 59 of
890 1644 104 58 the
1030 1663 195 54 negro
1261 1643 303 73 problem,
1601 1645 84 71 by
1719 1644 154 57 Rev.
1914 1645 67 58 T.
2018 1645 98 58 W.
2155 1645 236 59 Evans.

378 1724 254 72 Dublin,
671 1723 110 59 Ga.
825 1720 556 77 [Courier-Herald
1417 1722 194 73 print.
1647 1730 21 22 c
1672 1723 165 74 1924]

447 1801 277 51 cover-title,
756 1799 56 45 39
840 1814 42 38 p.
944 1800 117 43 illus.
1088 1799 97 50 (incl.
1250 1798 142 54 port.)
1460 1799 54 45 23
1522 1801 47 18 cm
1575 1835 9 9 .

381 1857 53 54 ©
460 1859 111 43 Dec.
595 1858 69 51 20,
692 1857 131 51 1924;
849 1857 64 43 2c.
938 1857 89 43 and
1051 1858 79 42 aff.
1156 1857 99 52 Jan.
1282 1857 68 52 23,
1379 1854 131 55 1925;
1539 1857 44 43 A
1608 1854 191 56 815772;
1828 1856 55 44 T.
1909 1858 75 44 W.
2013 1856 166 53 Evans,
2208 1859 186 53 Dublin,

455 1915 80 45 Ga.
604 1913 245 56 (25-4335)

450 2014 1942 73 … The Federal reporter, with key-number annotations,
457 2094 1935 73 v. 299. Permanent ed. … August-September, 1924.
463 2173 90 59 St.
587 2173 179 72 Paul,
796 2172 184 58 West
1005 2171 369 73 publishing
1406 2191 107 54 co.,
1547 2174 167 55 1924.

451 2267 81 36 xx,
581 2248 107 46 1067
733 2264 39 38 p.
833 2264 116 37 map.
1022 2249 55 43 22½
1113 2252 47 17 cm
1167 2285 8 8 .
1245 2249 246 54 (National
1538 2258 207 44 reporter
1792 2250 401 53 system—United
2243 2248 151 49 States

382 2307 165 53 series)

383 2362 53 54 ©
466 2363 118 44 Nov.
619 2361 62 55 15,
713 2362 131 53 1924;
876 2363 65 43 2c.
973 2362 108 44 Feb.
1116 2363 61 51 13,
1213 2361 130 54 1925;
1375 2363 79 43 aff.
1485 2362 109 45 Feb.
1628 2364 75 52 12;
1735 2363 44 43 A
1810 2362 190 54 823059;
2030 2364 135 45 West
2194 2365 102 52 pub.
2327 2380 67 29 co.

382 2460 234 71 Feltus,
660 2462 245 71 George
945 2461 211 71 Haws,
1202 2463 191 57 1868-

529 2550 1866 76 … Samuel Reynolds House of Siam, pioneer medical
379 2630 2016 75 missionary, 1847-1876, by George Haws Feltus … New
381 2710 191 74 York,
605 2709 273 74 Chicago
913 2714 147 69 [etc.]
1093 2709 290 73 Fleming
1410 2709 81 58 H.
1522 2709 219 58 Revell
1771 2727 308 55 company
2111 2739 12 44 [
2126 2717 19 23 c
2148 2711 166 72 1924]

458 2789 83 46 256
569 2806 41 38 p.
672 2790 152 52 front.,
852 2797 154 47 ports.,
1036 2804 116 38 map.
1217 2790 49 43 19½
1301 2791 47 18 cm
1356 2825 8 7 .

459 2848 66 45 At
548 2848 118 44 head
689 2847 52 45 of
764 2847 124 44 title:
917 2846 127 45 “The
1069 2861 104 29 man
1199 2845 113 45 with
1338 2845 76 45 the
1437 2845 151 53 gentle
1611 2844 171 45 heart.”

383 2902 55 55 ©
467 2904 100 53 Jan.
597 2905 65 51 31,
696 2902 130 55 1925;
857 2904 65 44 2c.
951 2904 87 43 and
1067 2904 80 43 aff.
1177 2902 107 44 Feb.
1317 2903 74 52 14;
1425 2903 44 42 A
1497 2902 189 52 823084;
1721 2900 209 55 Fleming
1959 2903 62 42 H.
2055 2903 160 43 Revell
2246 2918 64 28 co.

465 2959 243 56 (25-4424)

383 3060 336 73 Fitzhugh,
759 3062 203 73 Percy
997 3060 219 73 Keese,
1257 3063 193 57 1876-

463 3152 305 60 Pee-Wee
801 3150 253 77 Harris,
1086 3171 70 40 as
1189 3154 163 72 good
1384 3174 70 39 as
1483 3150 100 59 his
1613 3153 192 73 word,
1839 3155 84 71 by
1953 3152 203 74 Percy
2187 3152 207 60 Keese

387 3231 2009 74 Fitzhugh … illustrated by H. S. Barbour; published with
390 3312 105 57 the
530 3311 313 72 approval
874 3309 68 60 of
973 3311 105 57 the
1108 3310 141 70 Boy
1281 3313 209 55 scouts
1526 3310 67 57 of
1624 3307 311 60 America.
2020 3311 152 57 New
2204 3310 193 72 York,

389 3391 266 59 Grosset
679 3389 49 57 &
751 3388 254 72 Dunlap
1036 3418 13 44 [
1051 3395 18 22 c
1074 3388 165 73 1925]

457 3468 59 52 iv,
541 3468 86 45 219
651 3483 40 35 p.
751 3467 155 51 front.,
934 3468 157 50 plates.
1154 3467 53 45 19½
1238 3468 48 18 cm
1292 3502 11 10 .

387 3522 55 55 ©
469 3522 108 44 Feb.
608 3521 62 50 16,
704 3519 130 54 1925;
865 3521 65 43 2c.
959 3520 108 45 Feb.
1101 3520 76 52 19;
1206 3520 80 43 aff.
1316 3519 107 44 Feb.
1457 3520 74 52 18;
1563 3520 42 42 A
1635 3519 190 53 822104;
1857 3520 191 45 Grosset
2076 3521 38 44 &
2144 3522 194 52 Dunlap.

468 3577 245 57 (25-4771)

389 3679 287 69 Flexner,
715 3675 343 73 Abraham,
1098 3678 192 57 1866-

467 3769 271 61 Medical
775 3768 362 74 education;
1172 3792 38 38 a
1245 3768 426 74 comparative
1711 3771 207 71 study,
1953 3771 84 73 by
2070 3770 325 61 Abraham

391 3848 1902 74 Flexner … New York, The Macmillan company, 1925.
463 3929 48 44 ix
537 3944 52 37 p.,
617 3930 29 43 2
702 3964 10 12 l.,
736 3928 84 44 334
842 3942 41 36 p.
942 3928 56 43 24
1003 3929 16 18 cm
1059 3964 7 7 .

391 3984 53 54 ©
470 3984 108 44 Feb.
608 3984 62 44 10,
699 3980 129 54 1925;
856 3982 65 43 2c.
948 3981 88 43 and
1062 3981 78 43 aff.
1168 3979 108 45 Feb.
1307 3980 75 52 11;
1411 3980 45 43 A
1483 3979 189 53 814998;
1703 3980 268 44 Macmillan
1999 3997 65 29 co.

471 4038 243 56 (25-4466)
