2533 4412
0 0 0 0 620
369 423 283 72 Erskine,
688 425 212 74 Cicely
934 425 293 75 (Quicke)
1266 428 189 57 “Mrs.
1486 427 314 59 Monteith
1825 427 325 60 Erskine.”

445 516 124 59 Sex
595 520 66 54 at
688 517 225 71 choice,
940 518 85 71 by
1050 519 153 56 Mrs.
1233 518 311 57 Monteith
1572 518 290 72 Erskine,
1890 520 152 56 with
2072 540 79 38 an

364 520 1982 226 introduction by James Monteith Erskine … London, Christophers [1925]
439 748 78 47 154
547 766 39 38 p.
646 751 53 44 23
707 752 47 18 cm
761 785 8 9 .

364 806 1952 56 © 1c. June 16, 1925; A ad int. 7051; pubd. Apr. 16; Mrs. M. Erskine, ℅
436 864 151 46 Curtis
623 865 181 52 Brown,
839 864 92 53 ltd.,
968 865 118 46 New
1119 865 143 45 York.
1332 865 271 56 (25-12880)

366 950 340 74 Fairbank,
745 952 192 58 Janet
983 946 228 79 (Ayer)
1258 953 189 58 “Mrs.
1487 951 274 76 Kellogg
1796 951 379 61 Fairbanks

441 1042 1929 75 The Smiths, by Janet A. Fairbank … Indianapolis,
364 1122 129 57 The
527 1120 488 59 Bobbs-Merrill
1049 1140 308 53 company
1391 1150 13 44 [
1405 1131 19 21 c
1428 1122 165 73 1925]

434 1198 467 55 5 p. l., 433 p. 19½cm.
362 1255 53 54 ©
445 1258 116 51 June
591 1255 37 54 5,
662 1255 131 54 1925;
826 1258 64 42 2c.
923 1258 86 43 and
1040 1257 79 43 aff.
1151 1258 117 51 June
1302 1257 73 52 10;
1409 1257 44 42 A
1483 1256 190 53 829610;
1711 1256 361 48 Bobbs-Merrill
2102 1272 68 29 co.

441 1312 271 56 (25-10884)

365 1400 152 74 Fay,
551 1402 155 57 Mrs.
740 1399 195 72 Eliza,
971 1402 359 57 1756-1816.

441 1496 288 74 Original
754 1498 221 58 letters
1003 1498 170 57 from
1199 1495 184 60 India
1421 1494 400 74 (1779-1815)
1862 1497 112 72 [by]
2004 1496 155 59 Mrs.
2188 1496 181 60 Eliza

365 1571 168 73 Fay;
583 1572 152 57 with
783 1571 443 73 introductory
1276 1572 123 57 and
1450 1571 297 58 terminal
1794 1574 181 55 notes
2025 1572 85 72 by
2158 1572 74 57 E.
2285 1573 82 57 M.

363 1649 283 58 Forster.
730 1648 278 74 London,
1046 1650 68 57 L.
1151 1650 48 57 &
1231 1650 298 72 Virginia
1560 1649 234 73 Woolf,
1831 1651 164 56 1925.

426 1728 84 44 288
532 1742 39 38 p.
632 1736 116 45 port.
806 1728 54 44 23
868 1730 46 18 cm
921 1763 10 10 .

430 1788 132 46 With
593 1789 319 52 reproduction
943 1789 53 45 of
1023 1790 180 51 orginal
1232 1798 97 43 t.-p.:
1393 1787 212 54 Original
1634 1789 156 45 letters
1821 1789 126 44 from
1977 1788 156 53 India;
362 1789 1982 109 containing

467 1862 27 31 a
521 1845 234 46 narrative
783 1847 51 44 of
860 1862 27 29 a
914 1845 196 53 journey
1140 1846 197 51 through
1368 1844 165 53 Egypt,
1564 1845 90 46 and
1684 1846 78 45 the
1787 1844 203 47 author's
2020 1845 345 52 imprisonment

360 1911 45 37 at
443 1902 177 46 Calicut
656 1904 59 51 by
750 1902 162 52 Hyder
945 1902 123 52 Ally.
1129 1902 73 44 To
1234 1901 151 46 which
1419 1903 37 45 is
1491 1902 155 52 added,
1683 1919 57 28 an
1773 1901 202 47 abstract
2011 1902 54 46 of
2101 1903 128 44 three
361 1904 1983 107 subsequent

569 1973 199 38 voyages
795 1969 48 36 to
870 1959 143 45 India.
1073 1959 70 50 By
1170 1960 116 43 Mrs.
1314 1958 108 52 Fay.
1486 1957 222 52 Calcutta,
1738 1958 119 46 1817.

360 2011 2006 56 © 1c. May 28, 1925; A ad int. 6858; pubd. May 14; Harcourt, Brace and
430 2087 80 37 co.,
543 2073 97 51 inc.,
675 2071 117 44 New
825 2071 142 44 York.
1038 2068 272 56 (25-12764)

360 2156 212 73 Féval,
612 2157 176 71 Paul,
830 2159 189 56 1860-

437 2242 183 60 Cœur
638 2244 308 57 d’amour,
1021 2274 90 42 [IV]
1134 2230 480 86 L’Éborgnade.
1682 2242 206 73 Paris,
1908 2242 191 58 Albin
2120 2243 245 75 Michel,

357 2329 18 22 c
379 2323 166 56 1925.

427 2395 1930 58 2 p. l., [7]-205 p., 1 l. 20½c m . (On cover: Collection des grands romans)
429 2456 64 43 At
522 2455 114 44 head
667 2455 50 44 of
748 2455 98 43 title:
907 2455 115 43 Paul
1053 2454 140 44 Féval
1224 2455 84 43 fils.

358 2508 1949 57 © Jan. 20, 1925; 1c. Feb. 20; A—Foreign 27614; Paul Féval fils, Paris.
362 2596 307 74 Fletcher,
714 2596 241 74 Joseph
994 2595 223 73 Smith,
1261 2598 190 57 1863-

438 2693 121 58 Sea
596 2693 127 72 fog,
760 2693 83 71 by
876 2693 60 57 J.
979 2691 61 59 S.
1080 2690 307 59 Fletcher.
1471 2691 277 71 London,
1787 2691 80 56 H.
1907 2692 284 71 Jenkins,
357 2692 1975 147 limited,
534 2769 165 57 1925.

431 2851 79 43 311
536 2863 42 37 p.
642 2849 117 45 19cm.

358 2899 2002 56 © 1c. June 17, 1925; A ad int. 7018; pubd. May 19; J. S. Fletcher, London.
437 2958 271 55 (25-11824)

358 3056 240 69 Foster,
642 3051 258 60 Charles
1001 3097 9 12 R.

434 3131 580 60 Extra-curricular
1084 3128 312 60 activities
1464 3130 66 57 in
1596 3131 105 57 the
1766 3129 152 73 high
1986 3132 225 68 school,
2279 3134 82 71 by

356 3207 1981 157 Charles R. Foster … Richmond, Va., Johnson publishing company [ c 1925]
424 3363 1238 59 xiii p., 1 l., 222 p. front., plates, diagr. 19½cm.
428 3423 330 52 Bibliography
784 3429 46 40 at
856 3424 84 44 end
967 3423 54 43 of
1047 3431 102 42 part
1175 3420 53 49 of
1253 3421 76 44 the
1354 3419 222 50 chapters.

353 3479 56 54 ©
439 3481 112 51 May
576 3479 69 51 29,
677 3476 130 53 1925;
837 3477 65 43 2c.
931 3478 115 51 June
1074 3476 49 51 3;
1155 3474 79 44 aff.
1265 3475 120 51 June
1413 3475 46 51 1;
1491 3474 44 42 A
1563 3471 191 55 829513;
1786 3473 204 53 Johnson
2020 3475 100 51 pub.
2152 3491 67 28 co.

435 3533 271 57 (25-10905)

359 3625 151 68 Fox,
549 3622 274 56 Frances
861 3620 343 70 Margaret,
1246 3617 190 58 1870-

438 3694 1919 76 Sister Sally, by Frances Margaret Fox … with pictures
356 3782 84 68 by
476 3777 291 72 Dorothy
803 3775 168 60 Lake
1014 3773 303 71 Gregory.
1402 3770 290 74 Chicago,
1733 3770 153 59 New
1923 3772 190 75 York,
2156 3773 200 75 Rand,

357 3856 295 72 McNally
686 3855 48 56 &
769 3872 307 53 company
1116 3882 13 43 [
1129 3859 21 22 c
1154 3851 165 73 1925]

430 3934 76 46 105
538 3950 38 37 p.
640 3933 130 48 illus.,
803 3930 82 44 col.
919 3928 156 54 plates.
1134 3926 56 44 20½cm.

353 3992 55 54 ©
465 4007 85 28 June
575 3993 39 47 9,
644 3987 129 53 1925;
802 3989 64 41 2c.
895 3986 87 44 and
1010 3985 79 44 aff.
1118 3984 116 52 June
1264 3984 48 42 13;
1369 3982 42 42 A
1441 3979 188 47 855550:
1663 3982 141 43 Rand.
1836 3982 223 58 McNally
2088 3985 36 43 &
2153 4000 68 28 co.

433 4046 271 57 (25-11042)
