2533 4412
1038 4047 149 56 1243

127 395 159 70 Bull,
326 394 331 73 Raymond
695 394 243 74 Cooley,
979 396 189 58 1882-

199 486 1850 74 Notes on personal and social hygiene, by R. C. Bull …
126 564 1986 74 and Stanley Thomas … [Bethlehem, Pa., Bethlehem
122 641 286 74 printing
435 661 105 53 co.,
572 650 18 21 c
593 643 165 71 1925]

195 735 79 44 136
299 748 40 36 p.
397 734 54 44 23½
487 735 47 19 cm
540 768 10 10 .

123 799 53 54 ©
205 801 119 53 Sept.
356 799 60 53 15,
450 798 103 46 1925
570 815 9 37 ;
607 800 65 43 2c.
704 799 121 54 Sept.
856 799 74 53 15;
961 801 78 43 aff.
1069 802 102 43 Oct.
1200 799 49 54 5;
1279 802 44 41 A
1351 800 189 53 864623;
1571 802 53 43 R.
1657 801 49 45 C.
1736 801 102 45 Bull
1867 803 87 43 and
193 801 1903 110 Stanley

293 856 213 54 Thomas,
540 856 274 52 Bethlehem,
851 858 79 43 Pa.
999 856 270 55 (25-21881)

126 957 199 72 Child,
363 958 278 58 Richard
676 957 375 72 Washburn,
1092 960 189 58 1881-

197 1049 58 56 A
299 1047 305 73 diplomat
649 1048 173 58 looks
871 1051 64 55 at
983 1049 275 72 Europe,
1304 1050 83 72 by
1431 1049 276 59 Richard
1753 1050 357 59 Washburn

123 1126 1738 74 Child … New York, Duffield and company, 1925.
196 1219 1071 55 6 p. l., 301 p. front., plates, ports. 22 cm .
122 1289 53 54 ©
210 1291 101 43 Oct.
347 1289 36 53 5,
421 1289 130 52 1925;
586 1290 63 43 2c.
688 1291 100 43 Oct.
827 1290 73 52 19;
938 1290 78 43 aff.
1054 1290 102 43 Oct.
1195 1288 73 53 15;
1307 1291 44 41 A
1385 1289 189 53 869637;
1613 1291 53 41 R.
1703 1292 75 43 W.
1818 1290 144 52 Child,
2001 1293 117 43 New

190 1347 142 43 York.
401 1346 270 54 (25-21143)

125 1444 205 73 Clark,
366 1444 249 59 Marion
648 1443 343 74 Elizabeth,
1029 1465 192 53 comp.

193 1535 124 58 Art
345 1536 66 57 in
440 1536 179 60 home
653 1536 375 71 economics;
1063 1556 36 38 a
1128 1536 446 73 bibliography
1605 1536 68 59 of
1703 1540 276 56 costume
119 1540 1969 152 design,

312 1613 249 73 history
600 1614 66 57 of
706 1616 294 71 costume,
1037 1614 266 58 interior
1342 1614 380 74 decoration,
1759 1615 249 74 history
2046 1617 68 57 of

115 1692 339 72 furniture,
491 1692 435 73 architecture,
963 1695 101 55 art
1097 1691 363 73 principles,
1497 1694 123 57 and
1656 1697 102 54 art
115 1695 1974 146 appreciation,

298 1769 305 72 compiled
631 1770 84 72 by
743 1769 249 58 Marion
1023 1769 73 59 E.
1131 1769 189 59 Clark
1351 1771 122 57 and
1505 1770 231 59 others.
1822 1770 290 75 Chicago,

116 1848 115 77 Ill.,
261 1848 130 57 The
414 1847 375 73 University
815 1847 68 58 of
911 1846 271 74 Chicago
1205 1867 182 52 press
1419 1878 12 44 [
1433 1855 19 22 c
1456 1849 164 73 1925]

191 1943 47 37 x,
267 1926 54 45 66
348 1943 40 37 p.
448 1929 24 41 21½
536 1929 46 17 cm
589 1961 8 8 .
667 1925 290 55 (Half-title:
993 1923 99 48 The
1119 1927 270 53 University
1417 1928 51 44 of
1501 1926 199 55 Chicago
1731 1928 151 43 Home
122 1942 1975 86 economics

214 1986 151 51 series,
395 1984 253 44 Katharine
675 1983 149 51 Blunt,
853 1983 171 54 editor)

193 2042 258 52 “Prepared
484 2041 56 53 by
570 2041 75 44 the
679 2040 327 54 Bibliography
1037 2041 258 44 committee
1327 2041 49 44 of
1410 2041 73 44 the
1517 2040 189 46 Related
1738 2050 93 36 arts
1866 2042 169 45 section
2068 2043 51 44 of

119 2098 75 45 the
223 2099 245 43 American
498 2098 133 44 home
659 2096 252 46 economics
941 2096 499 48 association.”—Pref.

118 2153 53 54 ©
207 2156 100 43 Oct.
344 2154 61 51 10,
443 2153 129 53 1925;
607 2154 63 43 2c.
708 2155 101 43 Oct.
840 2153 79 53 20;
955 2154 79 43 aff.
1070 2155 101 43 Oct.
1204 2154 78 52 22;
1319 2155 44 41 A
1396 2153 189 54 872017;
1622 2154 267 54 University
1921 2157 52 42 of

188 2154 1905 109 Chicago,
348 2209 212 54 Chicago.
629 2209 271 55 (25-21195)

122 2310 292 71 Clement,
456 2309 243 58 Arthur
739 2309 71 60 G.

193 2400 228 72 Living
469 2399 231 73 things,
751 2419 79 37 an
879 2400 385 71 elementary
1311 2399 254 73 biology
1612 2401 84 71 by
1743 2401 246 58 Arthur
2039 2401 70 59 G.

119 2477 1993 76 Clement … Syracuse, N. Y., The Iroquois publishing
115 2574 324 55 company,
467 2554 114 59 inc.
617 2585 12 44 [
631 2565 18 21 c
654 2556 164 74 1925]

189 2637 93 51 viii,
308 2636 82 44 488
416 2652 39 37 p.
517 2635 130 51 illus.,
675 2636 82 44 col.
787 2635 156 54 plates.
1002 2635 54 44 20½
1091 2637 48 17 cm
1145 2671 8 8 .

193 2692 326 45 “References”
547 2700 45 36 at
619 2693 85 42 end
730 2693 50 43 of
805 2691 108 45 each
939 2692 195 52 chapter.

115 2747 187 55 ©July
329 2748 65 53 30,
426 2747 129 53 1925;
582 2748 65 43 2c.
680 2747 120 52 Sept.
833 2746 72 54 17;
937 2747 78 44 aff.
1046 2749 101 43 Oct.
1177 2747 48 53 5;
1257 2749 44 41 A
1329 2747 189 61 869527;
1552 2749 207 51 Iroquois
1789 2749 100 52 pub.
1921 2765 79 37 co.,
2031 2751 81 43 inc.

191 2804 65 54 [©
285 2804 174 45 revised
485 2805 86 43 and
599 2805 143 42 added
767 2804 223 52 material]
1062 2803 271 55 (25-21095)

121 2902 253 74 Cleugh,
410 2901 254 73 Sophia.

194 2993 1917 74 Ernestine Sophie, by Sophia Cleugh … New York,
119 3073 130 58 The
281 3071 360 59 Macmillan
675 3091 323 53 company,
1033 3072 166 57 1925.

185 3149 79 45 viii
291 3165 55 37 p.,
374 3154 24 41 2
426 3150 40 47 I.
493 3147 134 47 3-451
656 3164 42 37 p.
761 3149 51 45 19½
845 3151 46 19 cm
898 3184 10 9 .

117 3203 53 54 ©
197 3206 101 43 Oct.
323 3205 65 48 23,
419 3203 129 54 1925;
576 3205 64 42 2c.
667 3205 87 42 and
780 3204 78 43 aff.
888 3205 101 43 Oct.
1017 3204 77 52 24;
1124 3205 44 41 A
1195 3203 189 53 872093;
1415 3204 265 44 Macmillan
1708 3220 64 28 co.

196 3260 270 55 (25-21211)

121 3360 345 71 Comstock,
504 3360 170 58 Belle
711 3361 41 58 J
1065 3360 217 67 Wood,
1323 3362 188 57 1880-

192 3450 418 73 Physiology;
655 3451 104 57 the
804 3451 232 56 human
1079 3451 167 71 body
1293 3451 123 57 and
1457 3452 138 57 how
1640 3456 64 54 to
1747 3453 157 72 keep
1949 3454 51 57 it
2044 3454 64 56 in

112 3527 1994 74 health, by Belle Wood-Comstock, M. D. … Mountain
111 3606 195 71 View,
345 3604 207 74 Calif.,
590 3605 257 72 Omaha,
883 3606 151 57 Neb.
1077 3606 146 72 [etc.]
1261 3605 231 59 Pacific
1527 3625 181 54 press
1745 3608 365 74 publishing

113 3684 378 58 association
523 3714 13 43 [
537 3694 18 21 c
560 3685 164 73 1925]

190 3762 78 47 531
298 3778 40 38 p.
365 3762 100 46 incl.
494 3762 151 52 front.,
673 3762 116 46 illus.
852 3763 50 45 19½
936 3763 47 19 cm
990 3797 9 9 .

192 3820 274 44 “Published
495 3819 73 45 for
595 3821 75 46 the
696 3822 301 51 Department
1025 3820 50 43 of
1103 3819 236 44 education
1366 3821 50 43 of
1443 3820 73 45 the
1546 3821 194 44 General
1768 3822 270 45 conference
2064 3822 50 46 of

124 3876 307 53 Seventh-day
459 3875 291 45 adventists.”

114 3931 56 53 ©
205 3931 119 54 Sept.
356 3934 36 48 8,
429 3931 130 53 1925;
591 3933 65 43 2c.
691 3932 87 44 and
811 3932 78 42 aff.
926 3930 120 53 Sept.
1077 3931 78 52 22;
1191 3933 44 41 A
1268 3931 189 52 861925;
1496 3932 169 45 Pacific
1698 3950 126 37 press
1861 3935 99 52 pub.
1994 3950 116 29 assn.

194 3986 270 56 (25-21093)
