2533 4412
1281 4105 112 55 556

337 441 301 73 Cookson,
678 441 295 59 Richard.

417 537 129 57 The
594 535 114 60 life
757 537 67 58 of
875 536 129 59 Our
1054 537 171 57 Lord
1270 537 66 56 in
1386 554 300 53 sermons,
1732 536 84 71 by
1863 537 150 55 Rev.
2063 535 278 57 Richard

340 613 315 74 Cookson;
682 615 152 57 with
863 636 35 36 a
923 616 258 71 preface
1208 617 85 69 by
1317 614 195 73 Right
1537 616 150 56 Rev.
1718 615 170 58 John
1918 614 61 59 S.
2007 613 330 73 Vaughan,

336 712 52 38 D.
426 712 52 37 D.
563 694 153 58 New
749 693 192 72 York,
978 694 60 58 J.
1079 693 71 56 F.
1188 692 299 73 Wagner,
1523 692 116 58 inc.;
1715 695 148 71 [etc.,
1904 696 130 68 etc.,
2072 702 19 20 c
2095 693 164 72 1925]

406 772 92 50 viii,
524 771 82 47 295
633 789 40 33 p.
731 773 54 44 23
793 775 47 17 cm
846 809 9 9 .

343 826 53 54 ©
422 828 112 52 Apr.
560 828 37 51 9,
627 826 128 55 1925;
783 829 64 41 2c.
875 827 89 42 and
990 827 78 42 aff.
1096 827 113 52 May
1237 826 74 53 14;
1341 826 43 42 A
1410 822 191 58 855103;
1630 826 167 53 Joseph
1823 825 50 44 F.
1899 827 220 52 Wagner,
2148 827 82 43 inc.

425 884 244 55 (25-9802)

336 970 315 74 Coolidge,
687 969 240 73 Calvin,
959 989 163 54 pres.
1158 970 71 58 U.
1262 970 87 70 S.,
1382 972 190 57 1872-

482 1064 1860 71 … America ’s need for education, and other educational
336 1147 353 69 addresses,
721 1145 84 70 by
841 1142 222 59 Calvin
1102 1141 314 74 Coolidge.
1499 1143 259 73 Boston,
1794 1144 151 56 New
1978 1144 174 57 York
2190 1148 145 70 [etc.]

334 1221 344 74 Houghton
706 1219 216 59 Mifflin
952 1237 307 57 company
1291 1221 204 72 [c1925]

405 1301 74 53 vii,
517 1304 69 50 [1],
621 1302 67 51 86,
724 1302 53 47 [1]
814 1317 39 35 p.
919 1301 49 44 18
976 1303 46 18 cm
1029 1336 9 9 .
1107 1300 264 53 (Riverside
1406 1299 283 47 educational
1723 1302 320 53 monographs,
2078 1301 68 46 ed.
2181 1305 59 51 by
2277 1304 61 43 H.

340 1359 236 49 Suzzallo)

343 1415 53 54 ©
426 1417 111 52 May
566 1413 37 54 7,
635 1412 128 56 1925;
795 1416 64 42 2c.
890 1414 113 53 May
1036 1414 73 52 14;
1140 1414 78 43 aff.
1249 1409 113 58 May
1394 1416 75 44 12:
1501 1415 43 42 A
1572 1412 191 57 855113;
1796 1415 253 52 Houghton
2079 1415 166 44 Mifflin
2275 1432 64 30 co.

420 1472 243 54 (25-9964)

336 1556 298 72 Cuthrell,
670 1559 154 56 Mrs.
862 1555 192 59 Faith
1098 1555 348 76 (Baldwin)

415 1649 1924 78 Those difficult, years, by Faith Baldwin … Boston,
340 1729 1213 74 Small, Maynard & company [ c 1925]
405 1811 549 52 4 p. l., 349 p. 19½ cm .
343 1865 52 53 ©
425 1866 112 52 Apr.
571 1867 68 49 22,
675 1862 129 55 1925;
839 1866 63 41 2c.
936 1864 87 43 and
1058 1863 78 43 aff.
1173 1865 111 51 May
1321 1865 74 50 19;
1429 1864 43 42 A
1508 1861 191 57 855281;
1739 1864 155 53 Small,
1930 1868 227 52 Maynard
2191 1869 36 43 &
2260 1884 81 37 co.,

417 1924 82 43 inc.
569 1920 244 55 (25-9822)

335 2007 342 74 Edmunds,
714 2005 283 76 Sterling
1030 2005 241 74 Edwin,
1311 2009 190 57 1880-

412 2101 129 58 The
565 2100 246 57 lawless
834 2101 119 56 law
974 2099 69 56 of
1064 2098 252 57 nations;
1372 2118 80 37 an
1476 2100 355 67 exposition
1854 2102 68 57 of
1944 2103 103 57 the
331 2105 1984 147 prevailing

470 2178 323 71 arbitrary
820 2176 453 58 international
1304 2176 163 72 legal
1499 2181 236 68 system
1763 2179 66 57 in
1861 2180 269 58 relation
2161 2186 62 54 to
2255 2183 84 58 its

332 2258 298 57 influence
667 2275 168 52 upon
872 2254 143 58 civil
1053 2254 247 73 liberty,
1340 2254 342 74 disclosing
1717 2257 49 57 it
1803 2276 70 39 as
1911 2259 103 58 the
2051 2259 124 58 last
333 2261 1983 132 bulwark

537 2336 69 57 of
638 2333 370 59 absolutism
1040 2333 251 72 against
1325 2333 104 57 the
1460 2333 284 71 political
1777 2336 460 72 emancipation
2273 2339 69 57 of

330 2411 2006 77 man, by Sterling E. Edmunds … Washington, D. C., J.
331 2493 213 72 Byrne
577 2492 124 57 and
732 2508 323 54 company,
1089 2490 166 59 1925.

404 2568 561 56 xvi p., 1 l., 449 p. 23cm.
405 2628 100 47 List
532 2628 54 44 of
612 2626 276 44 authorities
905 2640 9 28 :
944 2640 39 38 p.
1011 2624 179 43 ix-xiii.

343 2686 53 53 ©
423 2688 112 51 May
564 2686 62 49 18,
658 2683 130 55 1925;
816 2686 63 41 2c.
907 2684 87 43 and
1020 2683 78 44 aff.
1128 2683 111 52 May
1269 2683 73 52 18;
1371 2683 44 42 A
1440 2680 191 56 855255;
1664 2683 44 47 S.
1736 2683 51 47 E.
1817 2684 246 55 Edmunds,
2094 2686 63 46 St.
2189 2688 149 43 Louis.

421 2740 243 56 (25-9957)

334 2826 613 71 Ferenczi, S á ndor.
339 2918 1974 143 … The development of psychoanalysis [by] Dr. S. Ferenczi … Dr.
340 2998 1975 141 Otto Rank … authorized English by Caroline Newton … New
1192 3076 174 57 York
1407 3079 124 56 and
1569 3078 439 74 Washington,
2052 3082 286 59 Nervous

340 3161 123 58 and
500 3157 237 59 mental
776 3157 244 58 disease
1060 3154 363 75 publishing
1464 3174 324 54 company,
1829 3159 165 56 1925.

413 3235 1923 59 3 p. l., 68 p. 23½ cm . (Nervous and mental disease monograph series,
335 3311 73 30 no,
437 3296 79 49 40)
581 3337 10 9 .

344 3350 53 53 ©
423 3352 112 51 May
559 3351 37 48 9,
625 3346 130 54 1925;
782 3349 63 41 2c.
871 3347 87 43 and
983 3346 79 43 aff.
1089 3347 111 51 May
1231 3345 75 53 16;
1334 3347 43 41 A
1403 3344 190 55 855192;
1622 3349 212 43 Nervous
1862 3352 87 42 and
1976 3353 163 42 mental
2167 3354 172 44 disease

403 3407 101 52 pub.
543 3421 65 27 co.
678 3402 244 55 (25-9801)

336 3493 227 68 Foran,
601 3490 269 56 Thomas
906 3489 256 71 George,
1201 3490 147 56 1900-

484 3582 1853 71 … The elementary school teacher’s uses of educational
338 3659 1974 142 tests, by T. G. Foran … Washington, D. C., The Catholic
487 3740 328 59 education
843 3757 182 53 press
1061 3768 12 43 [
1076 3747 17 19 c
1098 3739 165 71 1925]

408 3819 273 51 cover-title,
728 3819 54 43 30
829 3834 39 36 p.
929 3817 117 45 illus.
1073 3819 199 51 (forms)
1340 3820 148 41 22½cm.
1559 3820 123 51 (The
1732 3822 209 46 Catholic
1989 3826 248 53 university
2286 3832 53 41 of

338 3874 1976 113 America. Educational research bulletins, ed. by the Department of education, vol. I , no. 1)
345 3990 53 53 ©
432 3991 106 43 Feb.
573 3989 65 48 26,
676 3986 102 46 1925;
841 3989 63 41 2c.
941 3988 120 41 Mar.
1096 3990 49 40 21;
1210 3988 79 42 aff.
1323 3989 112 52 Apr.
1474 3991 17 40 1;
1557 3991 43 41 A
1633 3989 165 44 822747;
1861 3993 207 46 Catholic
2103 3996 233 44 education

470 4063 84 28 press.
624 4042 242 50 (25-9965)
