2533 4412
1275 4091 114 56 488

323 419 272 69 Holmes,
640 419 171 58 John
851 418 274 73 Haynes,
1169 420 190 57 1879-

399 507 1863 73 Patriotism is not enough, by John Haynes Holmes …
321 588 153 57 New
497 587 192 71 York,
720 587 377 71 Greenberg,
1125 586 136 71 inc.,
1289 586 166 57 1925.

390 664 94 53 viii,
514 665 84 44 209
624 679 42 39 p.
728 665 53 44 19
786 666 47 18 cm
839 699 9 9 .

321 721 56 53 ©
413 724 118 42 Mar.
571 721 60 53 15,
670 720 130 54 1925;
837 722 65 43 2c.
940 723 119 41 Mar.
1100 722 73 51 19;
1212 722 79 42 aff.
1327 721 113 52 Apr.
1476 719 78 53 27;
1593 721 45 42 A
1672 721 190 52 829121;
1905 719 275 54 Greenberg,

394 721 1911 111 publisher,
583 780 83 42 inc.
737 776 244 57 (25-9071)

323 880 460 58 International
829 880 245 71 clinics;
1120 899 34 37 a
1199 879 329 73 quarterly
1570 880 67 56 of
1678 879 364 58 illustrated
2086 879 244 57 clinical

401 956 1860 74 lectures and especially prepared original authors …
403 1034 1928 77 Ed. by Henry W. Cattell [and others] … v. 1. 35th
405 1116 213 72 series,
658 1117 166 56 1925.
903 1114 442 72 Philadelphia
1382 1116 125 56 and
1541 1114 280 73 London,
1860 1114 61 58 J.
1960 1114 70 56 B.
403 1113 1903 139 Lippincott
561 1211 322 54 company,
918 1194 165 55 1925.

396 1272 61 52 ix,
485 1271 78 44 301
595 1285 39 38 p.
692 1270 83 43 col.
805 1270 152 51 front.,
989 1269 131 51 illus.,
1149 1270 141 51 plates
1331 1270 126 53 (part
1487 1269 109 54 col.)
1635 1269 169 53 diagrs.
1863 1270 53 43 23½
1953 1271 46 17 cm
2006 1305 8 8 .

396 1329 114 42 Part
538 1327 50 44 of
615 1327 75 46 the
719 1328 141 51 plates
891 1341 78 29 are
998 1326 178 44 double.

323 1383 55 54 ©
409 1386 119 42 Mar.
565 1385 60 52 13,
661 1383 129 54 1925;
822 1384 65 43 2c.
918 1385 88 43 and
1035 1384 79 43 aff.
1147 1385 112 51 May
1294 1381 73 54 15;
1402 1383 43 42 A
1478 1380 190 56 855143;
1702 1383 40 52 J.
1776 1383 50 43 B.
1861 1382 257 53 Lippincott
2150 1398 65 28 co.

324 1469 234 74 Jarvis,
597 1468 262 60 Harold.

323 1562 1983 152 The Jarvis system of automobile maintenance, copyright …
626 1640 82 73 by
735 1640 79 57 H.
846 1640 238 58 Jarvis.
1159 1639 147 75 [San
1336 1633 357 81 Francisco]
1727 1648 17 22 c
1748 1641 166 56 1925.

392 1718 273 50 cover-title,
700 1718 18 42 1
771 1752 20 17 l.,
826 1717 55 44 30
909 1732 39 38 p.
1009 1717 116 44 illus.
1153 1717 198 54 (forms)
1418 1717 56 43 28½
1508 1720 47 17 cm
1561 1752 8 8 .

326 1773 53 54 ©
405 1776 112 51 Apr.
543 1775 67 50 20,
642 1773 130 54 1925;
802 1775 64 43 2c.
895 1775 87 43 and
1009 1776 78 42 aff.
1117 1775 113 52 Apr.
1259 1775 77 52 24;
1368 1775 43 42 A
1442 1774 188 52 829062;
1662 1775 62 42 H.
1753 1773 165 54 Jarvis,
1951 1772 92 48 San
2071 1774 258 44 Francisco.

405 1830 243 56 (25-9106)

325 1918 310 74 Kautsky,
675 1918 177 73 Karl,
893 1921 190 56 1854-

405 2013 434 59 Foundations
901 2015 68 58 of
1029 2011 452 75 Christianity;
1541 2031 37 39 a
1639 2014 189 72 study
1884 2013 66 57 in
2009 2011 320 61 Christian

329 2091 257 74 origins,
618 2095 84 70 by
732 2092 168 59 Karl
929 2092 313 72 Kautsky.
1326 2092 392 62 Authorized
1749 2092 382 60 translation
2165 2093 164 56 from

325 2171 105 58 the
456 2170 347 59 thirteenth
832 2171 274 59 German
1135 2172 251 59 edition.
1472 2173 153 57 New
1648 2171 191 72 York,
1871 2172 460 58 International

325 2250 378 72 publishers,
734 2251 165 59 1925.

400 2329 83 45 480
509 2345 41 35 p.
610 2331 55 43 24
671 2331 47 18 cm
725 2366 9 8 .

327 2381 53 54 ©
411 2384 119 42 Mar.
560 2383 68 52 21,
663 2382 129 53 1925;
825 2383 64 43 2c.
923 2384 119 42 Mar.
1076 2383 77 53 30;
1188 2384 78 42 aff.
1299 2383 113 52 Apr.
1447 2383 75 52 10;
1557 2383 43 42 A
1633 2381 189 54 823736;
1859 2383 329 44 International

397 2384 1912 99 publishers
593 2455 81 37 co.,
712 2440 82 42 inc.
865 2438 244 55 (25-9084)

327 2525 242 70 Keeler,
613 2525 259 59 Charles
911 2526 346 74 Augustus,
1301 2530 190 56 1871-

405 2620 102 56 An
559 2620 269 71 epitome
887 2620 68 57 of
1008 2619 226 58 cosmic
1287 2620 286 74 religion,
1627 2621 82 71 by
1765 2619 260 59 Charles
2080 2620 250 58 Keeler.

324 2696 327 71 Berkeley,
685 2696 206 72 Calif.,
920 2696 154 58 Pub.
1104 2701 65 53 at
1200 2697 103 59 the
1336 2696 156 71 Sign
1522 2697 67 57 of
1617 2697 104 58 the
1748 2696 123 58 live
1904 2698 119 56 oak
2052 2726 13 43 [
2067 2705 19 22 c
2090 2697 148 58 1925]

395 2775 53 42 32
477 2789 40 37 p.
581 2774 51 44 18
639 2776 46 17 cm
692 2810 8 7 .

326 2828 55 54 ©
404 2831 117 52 June
549 2830 59 51 16,
639 2829 130 54 1925;
796 2831 64 43 2c.
887 2832 87 42 and
999 2832 78 42 aff.
1104 2831 115 52 June
1242 2832 79 51 22;
1351 2832 44 42 A
1423 2831 188 52 829809;
1643 2830 48 45 C.
1719 2832 180 50 Keeler,

1930 2831 236 53 Berkeley,
2195 2830 134 45 Calif.

407 2886 272 55 (25-11444)

327 2972 290 74 Kendall,
660 2974 232 72 James,
934 2977 191 56 1889-

402 3063 450 60 Intermediate
884 3065 341 71 chemistry
1258 3065 388 71 companion,
1677 3065 104 57 for
1808 3084 110 38 use
1948 3066 66 56 in
325 3065 1983 133 conjunction

502 3142 151 56 with
699 3142 103 58 the
849 3143 250 59 revised
1146 3143 269 59 editions
1462 3143 68 59 of
1578 3143 265 59 Smith’s
1891 3142 440 60 intermediate

325 3220 340 73 chemistry
691 3223 124 56 and
838 3222 60 56 A
921 3222 369 72 laboratory
1315 3222 234 58 outline
1576 3221 67 59 of
1669 3222 439 61 intermediate
323 3222 1983 149 chemistry,
546 3298 82 72 by

667 3298 1663 73 James Kendall … New York & London, The
328 3375 281 73 Century
635 3396 105 54 co.,
771 3377 165 59 1925.

402 3455 97 51 xiii,
530 3454 77 46 197
633 3471 39 37 p.
735 3456 152 53 front.,
917 3456 128 51 illus.,
1075 3456 155 54 plates,
1258 3464 129 46 port.,
1416 3457 167 52 diagrs.
1645 3457 49 43 21c
1723 3459 28 17 m
1759 3492 8 7 .
1883 3455 123 53 $1.35

405 3512 357 45 “International
789 3514 166 44 atomic
978 3514 192 52 weights
1205 3513 194 51 (1923)”
1425 3529 57 28 on
1509 3514 84 43 end
1619 3513 317 53 lining-paper.

331 3565 53 54 ©
414 3568 111 52 Apr.
559 3569 63 50 18,
656 3568 128 53 1925;
817 3570 64 43 2c.
913 3571 111 52 Apr.
1055 3572 78 51 21;
1167 3572 78 42 aff.
1279 3571 111 52 Apr.
1421 3571 78 51 22;
1535 3571 43 42 A
1609 3570 189 52 829024;
1835 3569 201 53 Century
2067 3584 65 29 co.

410 3623 243 56 (25-9129)

330 3707 393 76 Keyserling,
759 3710 325 59 Hermann
1111 3711 376 71 Alexander,
1565 3711 104 72 graf
1697 3727 141 56 von,
1874 3712 185 56 1880-

410 3802 129 58 The
572 3803 206 57 travel
808 3803 187 73 diary
1026 3808 69 56 of
1127 3828 35 37 a
1192 3806 426 72 philosopher,
1650 3806 83 71 by
1767 3803 204 60 Count
2005 3804 321 56 Hermann

331 3879 1999 79 Keyserling, translated by J. Holroyd Reece … New
331 3958 190 73 York,
549 3960 337 75 Harcourt,
912 3963 202 60 Brace
1140 3965 47 56 &
1216 3983 303 55 company
1626 3965 126 71 [1925]
