2533 4412
1107 4029 110 55 229

164 427 394 73 Darlington,
598 426 282 59 William
916 425 272 74 Aubrey,
1229 427 189 58 1890-

243 518 256 71 Egbert,
526 518 84 70 by
631 516 97 58 W.
754 518 76 56 A.
859 516 397 72 Darlington.
1341 514 455 74 Philadelphia,
1830 517 129 59 The
1990 517 174 57 Penn

164 594 364 75 publishing
554 614 322 54 company,
908 595 165 58 1925.

234 673 82 46 315
341 688 42 38 p.
445 673 50 44 19½
531 674 47 18 cm
584 707 9 8 .

161 743 57 54 ©
242 745 109 43 Feb.
376 744 67 51 28,
472 743 128 52 1925;
627 745 64 42 2c.
717 745 88 42 and
829 744 79 44 aff.
934 745 119 41 Mar.
1084 745 72 50 13;
1185 744 43 41 A
1255 742 189 53 822372;
1476 744 125 42 Penn
1627 744 99 50 pub.
1753 758 66 28 co.

243 799 243 56 (25-6194)

163 903 93 57 De
293 902 291 72 Quincey,
625 903 285 71 Thomas,
950 904 356 58 1785-1859.

308 991 1854 74 … Selections from De Quincey, including Joan of Arc,
165 1072 130 57 The
319 1071 267 72 English
609 1072 151 55 mail
783 1072 202 70 coach,
1011 1071 252 57 Levana
1288 1071 122 57 and
1436 1069 132 59 Our
1590 1071 198 57 ladies
1815 1072 68 57 of
1907 1090 255 53 sorrow,

164 1151 124 56 and
325 1149 338 58 Savannah
697 1149 61 56 la
792 1168 166 50 mar;
997 1149 208 58 edited
1240 1149 104 56 for
1380 1149 209 57 school
1622 1168 109 38 use
1768 1149 84 71 by
1884 1148 281 58 William

162 1226 1976 151 Vaughn Moody … Chicago, Atlanta [etc.] Scott, Foresman and company [ c 1925]
238 1382 76 45 190
346 1398 40 37 p.
450 1380 49 44 17
506 1382 47 19 cm
560 1417 8 7 .
638 1381 122 54 (The
793 1381 122 44 Lake
948 1381 192 53 English
1170 1381 208 53 classics)

235 1439 66 44 At
324 1438 114 45 head
463 1439 50 44 of
537 1438 122 45 title:
686 1438 196 44 Revised
906 1438 168 45 edition
1099 1438 111 44 with
1232 1437 125 54 helps
1383 1447 46 36 to
1456 1439 145 52 study.

163 1495 56 53 ©
242 1496 119 44 Mar.
385 1496 38 53 7,
451 1495 129 53 1925;
607 1496 64 43 2c.
699 1497 118 42 Mar.
845 1495 74 52 12;
945 1497 79 42 aff.
1051 1496 120 43 Mar.
1201 1497 73 50 11;
1302 1497 43 41 A
1370 1495 190 53 822353;
1589 1495 141 53 Scott,
1757 1495 252 45 Foresman
2033 1496 37 44 &
2095 1508 65 31 co.

238 1551 67 55 [©
329 1568 99 28 new
453 1561 182 45 matter]
706 1551 243 55 (25-6448)

166 1651 233 73 Durell,
438 1651 304 58 Fletcher.

244 1744 1919 72 Key to New plane geometry, by Fletcher Durell … and
167 1820 1971 137 E. E. Arnold … New York and Chicago, Charles E. Merrill
300 1918 306 52 company
639 1929 13 43 [
652 1907 22 21 c
677 1900 164 73 1924]

239 1974 773 53 1 p. l., 106 p. diagrs. 19½ cm .
166 2030 54 55 ©
248 2033 100 44 Oct.
375 2032 67 53 24,
472 2032 129 52 1924;
627 2032 65 44 2c.
719 2033 98 53 Jan.
850 2032 61 51 12,
944 2030 129 54 1925;
1104 2032 78 44 aff.
1209 2032 100 53 Jan.
1339 2032 73 52 14;
1442 2032 43 43 A
1513 2032 190 54 815795;
1736 2032 187 46 Charles
1953 2032 51 48 E.
238 2034 1903 98 Merrill
342 2105 64 28 co.
471 2087 67 55 [©
568 2105 101 28 new
698 2096 178 48 matter]

244 2190 145 71 Key
416 2193 63 53 to
511 2189 152 57 New
690 2188 185 71 plane
907 2191 339 69 geometry.
1319 2188 152 57 New
1499 2188 176 58 York
1707 2191 163 55 state
1904 2191 91 56 ed.
2067 2190 100 72 By

167 2266 1998 60 Fletcher Durell … and E. E. -Arnold … New York and
171 2345 288 72 Chicago,
498 2344 258 58 Charles
791 2343 71 57 E.
899 2343 247 58 Merrill
1178 2362 307 53 company
1522 2374 13 43 [
1537 2351 19 22 c
1559 2345 164 74 1924]

241 2420 772 54 1 p. l., 109 p. diagrs. 19½ cm .
165 2477 57 53 ©
246 2479 119 43 Nov.
390 2478 66 51 20,
487 2478 129 51 1924;
643 2478 64 42 2c.
733 2477 99 51 Jan.
861 2477 63 52 12,
953 2475 129 53 1925;
1112 2477 78 42 aff.
1217 2477 99 51 Jan.
1347 2476 73 52 14;
1450 2477 43 42 A
1521 2476 189 53 815799;
1741 2477 187 45 Charles
1956 2477 52 47 E.
239 2479 1904 99 Merrill
341 2550 66 28 co.

471 2532 67 55 [©
567 2548 102 29 new
698 2541 178 47 matter]

167 2634 209 69 Elliot,
417 2632 329 59 Gabrielle.

247 2725 128 57 The
401 2724 179 59 Bible
609 2743 174 37 cross
809 2723 175 57 word
1009 2722 214 74 puzzle
1251 2723 190 70 book;
1474 2723 427 74 entertaining
1927 2727 125 57 and
171 2728 1971 132 instructive

503 2821 173 38 cross
706 2805 176 55 word
910 2802 248 71 puzzles
1190 2801 137 57 that
1359 2799 127 57 will
1519 2802 252 71 enlarge
1804 2803 105 57 the
171 2804 1973 148 knowledge,
375 2879 65 57 in
475 2899 35 37 a
539 2878 386 60 worthwhile

959 2896 157 52 way,
1155 2878 188 57 about
1383 2880 96 58 the
1513 2879 183 58 lands
1736 2881 123 57 and
1893 2886 273 54 customs

170 2960 124 56 and
320 2958 358 58 characters
709 2956 67 58 of
804 2958 104 55 the
936 2955 179 59 Bible
1146 2956 124 57 and
1296 2955 84 58 its
1409 2959 301 69 contents,
1742 2958 83 71 by
1855 2959 311 59 Gabrielle

170 3037 194 57 Elliot
398 3038 123 57 and
551 3034 244 57 Arthur
887 3053 74 38 Rex
991 3033 306 58 Forbush.
1381 3033 456 74 Philadelphia,
1876 3036 290 74 Chicago,

171 3115 128 57 The
331 3113 168 58 John
531 3112 64 60 C.
627 3111 295 58 Winston
951 3131 86 37 co.
1072 3140 13 43 [
1086 3119 20 22 c
1110 3111 165 72 1925]

241 3193 74 42 111
346 3207 40 38 p.
447 3190 170 53 diagrs.
676 3190 52 43 21
738 3192 47 18 cm
791 3225 8 7 .

171 3249 53 53 ©
249 3251 121 41 Mar.
399 3249 59 50 10,
489 3247 128 52 1925;
643 3249 64 42 2c.
736 3248 118 43 Mar.
885 3248 73 51 14;
986 3248 78 42 aff.
1093 3248 118 42 Mar.
1243 3248 73 51 13;
1345 3247 43 42 A
1414 3247 189 53 822392;
1630 3249 120 52 John
1780 3249 49 44 C.
1856 3250 216 44 Winston
2097 3266 66 29 co.

249 3303 243 57 (25-6513)

170 3405 172 69 Feer,
382 3402 181 73 Emil,
602 3404 190 58 1864-

249 3496 129 56 The
405 3493 319 73 diagnosis
750 3493 67 57 of
843 3493 339 57 children’s
1208 3492 297 73 diseases,
1532 3494 109 57 with
1709 3496 233 70 special
172 3501 1969 129 attention

332 3577 62 53 to
425 3572 103 57 the
558 3571 278 58 diseases
869 3570 65 57 of
963 3570 275 71 infancy,
1269 3570 85 70 by
1383 3570 341 59 Professor
1754 3573 108 56 Dr.
1896 3573 72 57 E.
2005 3576 161 56 Feer

238 3646 1929 77 … translated by Carl Ahrendt Scherer … Philadelphia
174 3725 1325 78 [etc.] J. B. Lippincott company [ c 1925]
240 3808 125 46 xxiv,
401 3803 77 44 551
513 3818 39 37 p.
616 3802 115 44 illus.
759 3803 126 53 (part
918 3802 111 53 col.)
1071 3802 168 53 diagrs.
1297 3800 54 45 23½
1386 3804 47 18 cm
1438 3837 10 9 .

242 3861 171 43 “Third
447 3859 208 45 edition.”

174 3916 54 54 ©
259 3919 98 51 Jan.
388 3918 37 44 2,
460 3915 130 52 1925;
624 3916 64 42 2c.
721 3916 85 42 and
837 3915 78 43 aff.
949 3916 119 41 Mar.
1105 3915 72 50 10;
1212 3914 43 42 A
1287 3914 189 51 823356;
1510 3916 39 52 J.
1586 3916 49 44 B.
1670 3917 256 54 Lippincott
1957 3936 65 29 co.

253 3972 241 56 (25-6330)
