2533 4412
1300 4043 111 54 462

343 390 228 73 Miller,
611 390 259 59 Chester
905 391 68 58 F.

344 469 1979 139 The march of democracy, by Chester F. Miller … recommended
749 549 1529 74 as an English classic by Frank W. Scott …
345 628 257 72 Boston,
632 628 153 57 New
813 627 173 57 York
1019 629 145 71 [etc.]
1197 627 75 56 D.
1307 626 66 59 C.
1407 626 211 58 Heath
1651 627 124 58 and
1804 645 306 55 company
2144 656 12 44 [
2158 636 18 20 c
2180 628 164 72 1925]

412 705 62 53 xi,
513 708 71 50 [1],
617 708 84 43 214
733 723 40 35 p.
833 705 116 46 illus.
1013 706 51 44 19½
1096 708 48 17 cm
1152 745 9 8 .

348 759 53 54 ©
428 761 114 52 Apr.
596 762 40 50 14,
667 759 129 54 1925;
821 761 67 42 2c.
915 761 87 43 and
1029 760 79 43 aff.
1135 759 113 52 Apr.
1274 759 78 52 20;
1382 758 45 43 A
1452 757 191 54 822975;
1674 760 57 42 D.
1763 757 48 47 C.
1841 760 156 44 Heath
2024 761 38 44 &
2087 776 66 29 co.

427 816 243 56 (25-8716)

345 904 316 73 Newman,
704 905 246 67 Ernest,
995 905 190 56 1869-

423 983 61 57 A
525 981 265 58 musical
831 981 235 72 motley
1117 981 112 72 [by]
1279 980 236 58 Ernest
1562 980 316 58 Newman.
1962 982 152 57 New
2159 983 192 67 York,

345 1063 75 55 A.
449 1061 78 57 A.
554 1058 243 75 Knopf,
829 1059 167 59 1925.

418 1134 1130 65 7 p. l., 3-291 p., 1 l. illus. (music) 19½ cm .
418 1194 105 43 “All
552 1194 53 44 of
635 1193 78 46 the
741 1207 156 38 essays
927 1193 118 43 have
1071 1192 115 44 been
1215 1191 270 55 drastically
1516 1191 181 45 revised
1730 1194 125 43 from
1885 1194 77 43 the
1990 1192 132 55 point
2150 1194 54 44 of
2233 1194 118 45 view

349 1251 54 46 of
432 1251 127 53 style,
589 1251 92 43 and
709 1265 25 29 a
764 1249 166 54 couple
957 1250 118 44 have
1105 1249 114 44 been
1252 1248 178 53 ejected
1463 1257 48 36 to
1541 1251 135 44 make

1708 1265 132 29 room
1875 1250 77 44 for
1983 1259 95 35 two
2109 1266 101 31 new
348 1253 1982 99 articles.”—Pref.
704 1317 49 34 to
785 1305 252 45 American
1074 1304 67 46 ed.

350 1363 53 54 ©
443 1366 119 42 Mar.
604 1365 63 51 13,
707 1362 131 54 1925;
876 1364 66 43 2c.
980 1364 87 43 and
1104 1364 79 42 aff.
1222 1363 113 52 Apr.
1377 1365 47 50 1;
1463 1363 45 43 A
1545 1361 190 55 822718;
1776 1362 53 48 E.
1869 1364 239 54 Newman,
2148 1366 200 44 London.

422 1420 67 56 [©
518 1436 101 30 new
649 1428 179 45 matter,
861 1419 210 55 revision]
1143 1418 244 57 (25-8627)

349 1509 204 68 Owen,
588 1507 240 59 Wilber
857 1506 203 72 Allen,
1093 1509 190 56 1873-

427 1584 335 74 Questions
803 1584 124 57 and
966 1602 276 39 answers
1284 1603 78 38 on
1399 1581 349 74 thirty-two
1793 1585 69 58 of
1899 1586 104 61 the
2042 1593 165 54 most
347 1590 1980 147 important
638 1663 166 72 legal
838 1661 295 76 subjects,

1167 1661 303 72 designed
1501 1662 340 74 especially
1871 1663 106 60 for
2007 1665 105 59 the
2143 1686 111 39 use
2288 1669 67 57 of

347 1745 121 57 law
506 1744 287 56 students
827 1740 66 57 in
929 1739 231 60 review
1191 1740 174 57 work
1402 1741 124 57 and
1559 1739 68 58 in
1661 1741 416 73 preparation
2112 1745 105 57 for
349 1766 1982 113 examination
721 1819 105 58 for

855 1819 261 71 degrees
1144 1817 65 57 in
1234 1817 120 58 law
1382 1819 266 71 colleges
1679 1842 72 37 or
1780 1819 105 58 for
1916 1821 347 60 admission
2291 1828 61 54 to

348 1895 2007 78 the bar. 5th ed. By Wilber A. Owen … St. Paul, West
347 1975 364 77 publishing
743 1995 108 52 co.,
888 1974 167 59 1924.

418 2055 62 54 ix,
510 2056 85 44 844
620 2069 41 39 p.
724 2056 50 44 19½
809 2057 48 17 cm
861 2089 8 8 .

350 2111 54 55 ©
434 2114 110 42 Dec.
572 2113 66 51 31,
670 2112 129 51 1924;
832 2111 64 43 2c.
926 2110 113 53 Apr.
1073 2110 64 52 16,
1169 2108 130 54 1925;
1332 2110 78 43 aff.
1441 2110 112 52 Apr.
1590 2109 74 54 15;
1696 2111 45 43 A
1770 2110 192 56 823789;
1995 2114 75 44 W.
2101 2114 57 44 A.
2192 2115 159 54 Owen,

419 2168 190 53 Toledo,
642 2169 55 44 O.
761 2165 67 56 [©
860 2182 98 29 new
990 2174 166 36 matter
1187 2167 87 43 and
1308 2166 209 54 revision]
1589 2166 243 57 (25-8384)

349 2256 244 70 Patten,
635 2251 258 61 Charles
933 2252 254 72 Joseph.

428 2333 130 57 The
590 2330 265 74 passing
888 2329 69 59 of
986 2330 105 57 the
1121 2330 368 72 phantoms;
1524 2348 37 39 a
1595 2331 189 72 study
1817 2332 70 58 of
1919 2334 434 75 evolutionary

350 2406 2005 81 psychology and morals, by C. J. Patten … New York,
351 2490 72 58 E.
452 2490 66 56 P.
546 2489 242 57 Dutton
815 2486 48 59 &
889 2503 307 56 company
1225 2515 12 44 [
1240 2493 18 23 c
1261 2485 149 60 1925]

419 2561 1418 58 6 p. l., 103 p. 16 ½cm . [To-day and to-morrow series]
352 2624 53 54 ©
435 2626 119 42 Mar.
585 2622 64 54 17,
679 2620 131 56 1925;
838 2623 66 43 2c.
933 2623 119 42 Mar.
1082 2622 77 52 30;
1190 2622 79 43 aff.
1299 2622 120 43 Mar.
1445 2622 81 53 28;
1555 2623 45 43 A
1629 2623 189 54 822669;
1850 2623 53 48 E.
1933 2626 52 43 P.
2013 2627 179 43 Dutton
2220 2629 36 43 &
2283 2643 67 29 co.

431 2679 244 58 (25-8635)

351 2766 221 73 Ringo,
609 2762 314 61 Fredonia
957 2763 179 58 Jane.

352 2840 1980 154 China and glassware, by Fredonia J ane Ringo … Chicago &
610 2922 153 56 New
791 2920 193 70 York,
1012 2918 77 57 A.
1119 2917 96 59 W.
1250 2917 187 60 Shaw
1468 2937 338 55 company;
1859 2925 133 69 [etc.,
2023 2926 131 71 etc.]
2187 2926 167 58 1925.

524 3036 9 17 xxv,
567 2999 80 44 166
674 3012 42 39 p.
776 2996 121 45 illus.
955 2997 53 43 21½
1046 2998 46 17 cm
1098 3031 10 8 .
1177 2995 298 55 (Half-title:
1509 2996 330 47 Merchandise
1868 3001 213 46 manuals
2113 3001 79 45 for
2225 3003 129 46 retail

353 3056 295 54 salespeople,
681 3056 73 44 W.
785 3055 74 44 W.
890 3052 235 54 Charters,
1158 3051 177 56 editor)

423 3111 365 46 “References”:
819 3126 40 39 p.
894 3110 204 45 159-160.

354 3170 53 55 ©
438 3172 120 43 Mar.
587 3170 67 53 21,
684 3167 129 54 1925;
843 3169 66 43 2c.
941 3168 120 43 Mar.
1088 3166 80 54 27;
1200 3168 80 44 aff.
1310 3168 119 44 Mar.
1457 3168 80 53 28;
1570 3168 45 44 A
1645 3168 189 56 823558;
1866 3171 59 46 A.
1955 3173 75 45 W.
2064 3172 136 48 Shaw
2229 3190 66 30 co.

433 3226 243 57 (25-8521)

433 3310 1920 78 Skirts, by Fredonia Jane Ringo … Chicago & New
355 3392 189 68 York,
573 3392 77 56 A.
677 3390 97 58 W.
806 3389 188 59 Shaw
1021 3407 337 54 company;
1392 3391 149 73 [etc.,
1574 3393 131 71 etc.]
1735 3391 168 60 1925.

495 3503 9 17 xx,
543 3468 78 44 127
655 3483 41 37 p.
755 3465 121 45 illus.
935 3467 50 42 21½
1024 3468 47 17 cm
1077 3501 9 9 .
1155 3465 297 55 (Half-title:
1493 3466 329 48 Merchandise
1859 3472 212 45 manuals
2111 3473 77 47 for
2223 3476 133 44 retail

354 3525 298 54 salespeople,
687 3524 75 44 W.
794 3524 75 44 W.
902 3521 236 55 Charters,
1172 3521 176 54 editor)

425 3581 338 46 “References”
793 3586 45 38 at
867 3578 88 45 end
981 3580 53 43 of
1060 3594 129 29 some
1216 3580 54 43 of
1297 3579 77 45 the
1400 3578 227 55 chapters.

356 3639 53 54 ©
439 3641 120 42 Mar.
587 3639 66 49 21,
686 3635 131 54 1925;
846 3637 65 43 2c.
942 3637 120 42 Mar.
1092 3635 78 53 27;
1202 3637 79 43 aff.
1312 3637 120 43 Mar.
1459 3637 80 53 28;
1572 3637 45 43 A
1646 3637 189 56 823560;
1865 3641 59 45 A.
1954 3643 75 44 W.
2063 3642 136 47 Shaw
2229 3660 66 28 co.

435 3694 242 56 (25-8523)

354 3779 344 71 Roadman,
730 3778 155 58 Earl
913 3777 74 58 A.

500 3859 1852 78 … The country church and its program, by Earl A.
355 3938 357 66 Roadman;
750 3934 324 70 approved
1104 3934 83 70 by
1220 3934 104 59 the
1361 3932 371 61 Committee
1765 3955 80 39 on
1878 3940 375 60 curriculum
2287 3947 67 55 of
