2533 4412
1270 4035 151 57 1530

402 466 67 45 At
493 466 115 45 head
632 467 52 43 of
709 465 124 45 title:
861 464 200 46 Torsten
1087 464 198 52 Brodén,
1314 464 130 47 Niels
1473 465 232 52 Bjerrum,
1733 466 98 47 Elis
1862 467 285 52 Strömgren.

666 521 346 45 CONTENTS.—Matematik
1037 537 62 36 og
1124 520 226 52 mekanik,
1380 523 49 44 af
1457 522 200 47 Torsten
1687 522 199 46 Brodén.
1889 522 203 51 —Fysik
2118 540 62 37 og
2205 525 136 51 kemi,

332 580 50 44 af
407 579 130 46 Niels
567 577 577 53 Bjerrum.—Astronomi,
1175 580 53 44 af
1257 578 96 47 Elis
1386 576 285 54 Strömgren.

333 631 2010 58 © June 24, 1925; 1c. Nov. 21; A—Foreign 29225; Gyldendalske boghandel,
405 689 209 44 Nordisk
647 690 165 52 forlag.
882 688 245 56 (26-2145)

335 774 229 72 Burke,
603 774 312 71 Edmund,
956 777 400 58 1729?-1797.

480 867 1862 77 … Selections, edited, with an introduction by Leslie
332 947 2008 76 Nathan Broughton … New York, Chicago [etc.] C.
337 1025 359 61 Scribner’s
730 1045 147 40 sons
911 1056 12 42 [
924 1033 19 21 c
948 1026 167 73 1925]

402 1103 111 52 xlvi,
539 1105 84 45 469
646 1119 41 36 p.
777 1101 27 46 17½
837 1105 16 18 cm
891 1140 8 9 .
969 1103 128 51 (The
1123 1103 193 47 modern
1341 1105 217 46 student’s
1586 1104 199 51 library)

334 1155 55 55 ©
423 1159 120 43 Nov.
577 1157 37 52 6,
652 1156 131 53 1925;
819 1158 64 43 2c.
918 1159 120 43 Nov.
1075 1159 74 52 16;
1185 1159 79 44 aff.
1297 1160 120 43 Nov.
1454 1159 74 52 10;
1563 1160 45 43 A
1641 1157 189 56 875082;
1869 1159 187 45 Charles
2095 1159 250 48 Scribner’s

406 1230 117 30 sons.
593 1213 273 56 (25-26575)

336 1299 148 73 Bye,
523 1299 335 73 Raymond
894 1298 249 74 Taylor,
1185 1301 192 58 1892-

400 1390 337 75 Questions
766 1393 124 58 and
920 1392 308 60 exercises
1260 1411 73 38 on
1365 1394 106 58 the
1500 1389 354 77 Principles
1885 1395 68 58 of
1982 1393 363 74 economics,

334 1471 1946 75 by Raymond T. Bye … New York, A. A. Knopf [ c 1925]
407 1548 76 51 vii,
518 1548 77 46 105
628 1562 40 37 p.
729 1547 147 53 diagr.
934 1548 58 46 24
996 1551 48 18 cm
1050 1586 9 9 .

335 1601 55 55 ©
424 1604 109 43 Dec.
571 1604 65 50 10,
673 1601 130 53 1925;
839 1604 65 43 2c.
941 1604 108 43 Dec.
1087 1604 74 51 14;
1199 1604 79 43 aff.
1313 1604 109 42 Dec.
1461 1603 73 52 12;
1572 1603 45 43 A
1648 1602 190 55 875500;
1875 1604 167 44 Alfred
2078 1605 57 42 A.
2171 1604 175 54 Knopf,

406 1660 84 44 inc.
560 1658 274 57 (25-27764)

338 1745 217 72 Coker,
597 1743 284 61 William
923 1744 358 73 Chambers,
1325 1747 190 57 1872-

332 1835 1989 138 … How to know and use the trees, by William Chambers
514 1913 202 60 Coker
749 1915 124 57 and
906 1914 168 57 Enid
1108 1913 336 72 Matherly.
1520 1912 240 73 Chapel
1791 1913 153 73 Hill,
1979 1914 75 59 N.
2091 1913 86 79 C.,
2213 1916 131 57 The

332 1992 376 73 University
736 1991 67 60 of
830 1991 207 59 North
1067 1990 298 61 Carolina
1388 2010 185 54 press
1603 1993 182 73 [1924]

407 2073 1938 55 72 p., 1 l. 39 pl. (incl. front.) 23 cm . ([North Carolina. University]
337 2132 269 50 University
635 2132 239 45 extension
903 2129 211 46 division.
1172 2129 269 53 University
1469 2132 52 44 of
1553 2131 155 45 North
1738 2130 215 46 Carolina
1983 2131 238 47 extension
338 2134 1987 101 bulletin.

524 2190 103 47 [vol.
717 2223 8 15 III,
753 2204 74 29 no.
859 2188 94 50 14])

338 2241 55 55 ©
419 2244 99 52 Jan.
543 2243 68 52 23,
642 2240 131 53 1925;
799 2242 66 43 2c.
893 2242 87 43 and
1007 2241 79 43 aff.
1113 2242 99 52 Jan.
1241 2241 77 52 30;
1350 2241 43 42 A
1421 2241 164 45 814833;
1643 2241 270 54 University
1940 2242 52 45 of
2021 2243 155 44 North
409 2242 1918 101 Carolina

538 2314 140 38 press.
748 2296 271 57 (25-26166)

340 2385 360 73 Creighton,
739 2384 215 59 James
991 2382 243 72 Edwin,
1275 2384 360 57 1861-1924.

418 2475 255 60 Studies
723 2475 66 57 in
840 2473 385 73 speculative
1273 2473 397 73 philosophy,
1720 2476 82 71 by
1851 2475 219 59 James
2122 2476 226 59 Edwin

340 2551 2008 78 Creighton … edited, with a select bibliography, by Harold
338 2631 1949 76 R. Smart … New York, The Macmillan company, 1925.
407 2714 550 55 4 p. l. , 290 p. 19½ cm .
409 2773 73 44 “A
508 2772 137 45 select
669 2769 320 54 bibliography
1013 2769 53 44 of
1089 2768 75 44 the
1189 2766 189 54 literary
1404 2766 221 46 activities
1655 2769 51 44 of
1734 2769 246 44 Professor
2005 2771 40 52 J.
2073 2769 53 46 E.
336 2769 1989 106 Creighton”:

498 2844 41 38 p.
567 2825 206 47 285-290.

340 2884 53 54 ©
421 2886 110 43 Dec.
560 2884 38 52 8,
627 2882 105 45 1925;
786 2883 65 43 2c.
878 2882 89 44 and
993 2882 80 43 aff.
1101 2882 108 42 Dec.
1237 2881 25 43 9;
1318 2881 43 42 A
1387 2879 167 45 872784;
1609 2880 267 44 Macmillan
1901 2897 66 29 co.

419 2940 273 57 (25-27774)

340 3027 102 58 Du
474 3027 154 73 Puy,
662 3023 287 61 William
976 3021 331 71 Atherton,
1345 3022 190 58 1876-

483 3112 1868 72 … Our bird friends and foes, by William Atherton
336 3190 2012 78 Du Puy, foreword by Waldo Lee McAtee … introduction
337 3269 2013 80 by Robert Ridgeway … illustrated by George Miksch
341 3347 1986 145 Sutton … Philadelphia, Chicago [etc.] The John C. Winston
515 3449 307 54 company
857 3459 13 44 [
872 3436 20 24 c
894 3429 166 73 1925]

411 3527 80 36 XX,
515 3509 83 45 319
620 3523 42 38 p.
714 3507 83 45 col.
824 3508 153 51 front.,
1001 3507 117 44 illus.
1175 3505 49 43 19
1233 3508 46 17 cm
1284 3539 10 9 .
1357 3505 259 53 (Romance
1639 3506 53 43 of
1718 3507 175 43 science
1920 3506 164 52 series)

343 3568 53 54 ©
427 3570 119 42 Nov.
581 3566 65 52 10,
681 3564 131 54 1925;
843 3565 65 43 2c.
940 3565 109 42 Dec.
1082 3562 49 53 7;
1165 3564 79 42 aff.
1277 3563 111 42 Dec.
1418 3563 50 52 9;
1503 3562 43 43 A
1577 3562 191 53 872799;
1802 3563 120 53 John
1956 3563 50 45 C.
2039 3563 214 45 Winston
2286 3579 65 29 co.

422 3623 272 57 (25-27743)

346 3710 311 74 Fielding,
698 3709 235 73 Henry,
975 3707 361 59 1707-1754.

421 3804 131 57 The
598 3802 252 69 history
899 3799 69 57 of
1019 3798 154 57 Tom
1222 3796 215 73 Jones,
1490 3817 36 38 a
1576 3796 335 74 foundling
1961 3798 113 74 [by]
2125 3798 221 72 Henry

341 3874 2007 79 Fielding, with an introduction by Wilbur Cross … New
340 3960 192 76 York,
562 3959 75 57 A.
669 3957 75 58 A.
775 3956 244 72 Knopf,
1052 3955 166 56 1924.
