2533 4412
1325 4079 112 57 756

382 411 200 72 Maus,
624 411 274 73 Cynthia
932 411 205 59 Pearl.

459 504 319 75 Teaching
812 508 107 56 the
948 507 198 71 youth
1181 506 67 58 of
1283 508 107 58 the
1423 507 261 71 church;
1722 526 36 38 a
1791 510 255 56 manual
2081 526 79 40 on
380 509 1982 132 methods

552 585 68 58 of
678 583 292 73 teaching
1025 584 257 73 graded,
1344 583 257 59 elective
1659 585 125 57 and
1841 583 280 59 uniform
2181 587 207 56 lesson

379 681 253 39 courses
680 666 63 54 to
790 662 495 71 intermediates,
1337 662 242 59 seniors
1630 664 123 57 and
1797 682 214 53 young
2053 664 223 71 people
2322 662 66 60 in

378 738 2011 73 the church’s school, by Cynthia Pearl Maus … New
378 816 1392 76 York, George H. Doran company [ c 1925]
447 909 97 51 xiii,
579 912 159 43 17-211
770 923 42 38 p.
875 911 52 45 19½
960 912 48 18 cm
1013 946 9 10 .

450 980 218 46 Contains
701 978 370 54 bibliographies.

377 1047 53 54 ©
456 1051 118 51 June
599 1048 65 50 26,
696 1046 129 53 1925;
853 1049 64 45 2c.
943 1049 87 42 and
1056 1048 78 42 aff.
1162 1047 107 53 July
1298 1045 74 54 15;
1400 1049 44 42 A
1470 1045 191 56 855877;
1693 1047 47 45 C.
1772 1049 50 42 P.
1851 1048 151 53 Maus,
2032 1048 64 47 St.
2125 1049 152 43 Louis.

454 1104 274 55 (25-13426)

380 1203 326 72 Michigan
736 1202 302 74 academy
1067 1202 67 57 of
1166 1201 255 73 science,
1456 1207 133 52 arts
1621 1203 128 58 and
1775 1202 236 58 letters.

457 1298 245 70 Papers
741 1296 67 57 of
845 1297 104 56 the
987 1296 322 73 Michigan
1347 1297 301 70 academy
1686 1296 67 57 of
1794 1296 255 73 science,
2091 1300 134 56 arts
2266 1299 124 57 and

379 1373 1985 155 letters. [v. 4, pt. 1, 2] Editors, Paul S. Welch … Eugene
378 1451 1986 153 S. McCartney … New York, The Macmillan company;
621 1532 279 72 London,
944 1531 362 57 Macmillan
1347 1531 47 56 &
1436 1550 323 53 company,
1803 1531 260 71 limited,
2106 1533 167 56 1925.

443 1612 28 42 2
499 1627 40 27 v.
602 1610 131 50 illus.,
764 1609 156 53 plates,
951 1610 167 52 diagrs.
1180 1610 53 42 24c
1258 1611 29 17 m
1294 1644 8 8 .

377 1676 60 45 pt.
468 1670 36 50 1,
530 1665 53 54 ©
613 1668 118 42 Mar.
765 1668 63 50 14,
859 1664 128 54 1925;
1017 1668 63 41 2c.
1109 1666 113 52 Apr.
1252 1667 48 50 2;
1333 1673 59 45 pt.
1419 1668 38 48 2,
1485 1664 53 53 ©
1566 1666 119 43 Mar.
1715 1665 76 52 30;
1822 1667 63 42 2c.
1913 1666 113 53 Apr.
2055 1666 50 52 4;
2136 1666 103 43 affs.
2269 1667 113 52 Apr.

446 1726 49 51 4;
535 1726 44 42 A
613 1722 178 53 855085,
829 1722 191 53 855086;
1061 1722 232 45 Graduate
1329 1721 153 45 school
1519 1720 312 55 publications,
1871 1723 136 43 Univ.
2046 1723 50 43 of
2134 1721 249 54 Michigan,

451 1783 109 42 Ann
585 1782 168 43 Arbor.

375 1880 228 73 Miller,
645 1879 235 74 Daisye
921 1880 192 57 Kern.

456 1974 131 58 The
618 1992 174 55 year,
825 1973 84 73 by
939 1971 238 74 Daisye
1211 1971 181 58 Kern
1427 1971 228 58 Miller.
1731 1971 461 76 Philadelphia,
377 1973 1986 139 Dorrance

599 2054 125 56 and
758 2070 325 54 company,
1119 2051 167 57 1925.

445 2129 366 55 235 p. 19½ cm .
374 2187 53 54 ©
453 2188 108 53 July
590 2191 33 46 1,
655 2186 131 53 1925;
817 2189 63 41 2c.
909 2188 116 51 June
1052 2184 78 55 27;
1161 2186 79 46 aff.
1268 2186 107 53 July
1403 2186 50 52 3;
1482 2186 44 42 A
1553 2183 190 54 855921;
1775 2186 238 44 Dorrance
2040 2187 37 43 &
2104 2201 81 39 co.,
2212 2186 82 44 inc.

453 2244 272 54 (25-13299)

375 2345 233 72 Moore,
643 2342 280 60 Clement
956 2341 242 74 Clarke,
1233 2343 360 58 1779-1863.

452 2438 60 56 A
544 2436 152 58 visit
734 2436 170 56 from
940 2434 91 59 St.
1070 2433 315 73 Nicholas,
1422 2434 84 71 by
1545 2432 284 60 Clement
1868 2433 64 60 C.
1972 2433 249 74 Moore;
375 2434 1988 140 pictures

588 2516 84 71 by
712 2512 351 60 Constance
1101 2512 437 58 Whittemore.
1619 2512 152 58 New
1810 2512 191 73 York,
2046 2513 130 58 The
374 2513 1987 138 Macmillan

623 2610 325 55 company,
982 2591 167 58 1925.

444 2667 912 56 3 p. l., [3]–53 p. col. illus. 16½ cm .
446 2727 114 44 Also
588 2727 235 53 published
851 2727 142 42 under
1019 2725 124 44 title:
1173 2723 101 45 The
1302 2724 130 54 night
1459 2723 162 45 before
1651 2723 268 46 Christmas.

379 2783 52 53 ©
456 2786 119 51 Aug.
602 2786 37 49 4,
669 2782 129 51 1925;
825 2785 63 41 2c.
915 2784 86 42 and
1026 2782 79 43 aff.
1132 2782 120 52 Aug.
1279 2781 49 53 5;
1357 2783 44 42 A
1426 2781 190 53 861289;
1646 2782 266 44 Macmillan
1937 2798 65 28 co.
2068 2781 65 53 [©
2158 2783 75 44 the
443 2784 1916 101 illustrations]
727 2837 274 56 (25-14725)

375 2938 1376 75 Morris, Sir Henry, b art., 1844- ed.
451 3035 265 58 Morris’
753 3035 233 56 human
1027 3036 328 68 anatomy;
1395 3051 36 38 a
1472 3033 302 71 complete
1817 3032 363 73 systematic
373 3038 1984 147 treatise,

373 3109 1982 143 edited by C. M. Jackson … 8th ed. Eleven hundred
556 3193 124 57 and
708 3189 342 74 sixty-four
1076 3188 443 71 illustrations,
1545 3186 120 61 five
1690 3188 287 61 hundred
2009 3191 124 59 and
2159 3189 219 63 fifteen

372 3272 250 72 printed
655 3269 66 56 in
750 3269 221 56 colors.
1055 3264 459 74 Philadelphia,
1544 3266 70 57 P.
1645 3266 394 61 Blakiston’s
2072 3289 111 37 son
2213 3268 48 58 &
2290 3287 87 40 co.

392 3349 184 71 [ c 1925]
441 3425 93 49 xiv,
568 3423 106 47 1507
702 3439 41 36 p.
805 3420 116 47 illus.
948 3422 128 52 (part
1106 3420 114 52 col.)
1258 3420 168 52 diagrs.
1485 3419 56 45 26½
1574 3422 48 18 cm
1627 3454 10 10 .
1751 3420 154 52 $10.00

376 3480 53 53 ©
456 3480 107 52 July
594 3480 61 46 16,
686 3477 130 53 1925;
845 3481 64 41 2c.
937 3476 86 44 and
1051 3476 78 43 aff.
1157 3474 107 54 July
1295 3473 75 54 17;
1401 3476 44 42 A
1472 3473 190 54 855956;
1696 3477 50 41 P.
1778 3475 275 45 Blakiston’s
2081 3492 81 29 son
2191 3478 37 43 &
2256 3493 64 28 co.

450 3534 273 56 (25-13885)

376 3635 454 59 Northeastern
861 3635 302 70 reporter.

453 3728 461 59 Northeastern
946 3727 294 70 reporter
1268 3723 223 72 digest,
1523 3722 324 75 including
1875 3744 174 39 cases
2082 3729 298 69 reported

373 3802 1979 142 in vols. 1–140 Northeastern reporter … Ed. by the editorial
379 3879 1930 142 staff of the American digest system … v. 6, 7 … St.
498 3961 177 72 Paul,
703 3960 181 57 West
910 3957 365 73 publishing
1302 3977 104 52 co.,
1438 3958 165 55 1925.
