2533 4412
0 0 0 0 845
97 422 313 72 Fairfield,
457 422 277 64 Howard
776 420 255 71 Parker,
1078 422 189 57 1858-
1424 422 92 59 ed.

97 511 1990 154 The Starrett data book for machinists … Collaborating editors: H. P. Fairfield … J. N. Bethel … H. H.
95 667 1994 75 Edge … J. C. Spence … Athol, Mass., The L. S. Starrett
96 765 304 54 company
441 776 14 45 [
456 755 18 21 c
478 747 165 72 1925]

166 823 79 44 180
277 838 38 39 p.
350 823 100 44 incl.
485 822 130 53 illus.,
649 822 158 54 tables,
842 823 167 54 diagrs.
1071 822 52 45 18
1128 824 47 19 cm
1181 857 9 9 .

165 878 943 48 “Volume II of the Starrett books.”
163 935 175 46 Fourth
370 936 183 45 edition.

97 988 1993 57 © June 22, 1925 ; 2c. and aff. July 25; A 855997; L. S. Starrett co . [ ©
165 1063 99 29 new
294 1055 178 46 matter]
543 1045 271 57 (25–15975)

94 1130 275 72 Fischer,
401 1133 153 57 Mrs.
588 1130 211 74 Emily
827 1131 245 58 Lorena
1110 1130 354 75 (Coleman)
1506 1132 191 58 1868-

173 1222 129 58 The
331 1222 367 72 American;
731 1242 35 37 a
802 1222 189 72 study
1019 1222 67 57 in
1116 1222 337 58 American
1483 1222 190 58 views
1708 1241 79 39 on
1817 1222 113 58 life
1962 1224 126 57 and

95 1298 1990 76 liberty, by Emily L. Coleman Fischer … [Philadelphia,
94 1377 267 59 Printed
381 1379 83 71 by
485 1378 192 58 Ware
700 1378 167 57 bros.
892 1394 324 55 company,
1241 1385 20 22 c
1265 1379 163 74 1925]

222 1455 1068 56 1 p. l., 5–87 p. front., (port.) plates. 17 cm .
443 1517 136 49 CONTENTS.—pt.
647 1547 10 10 1.
700 1512 324 45 Introduction.
1095 1512 98 45 The
1233 1513 386 54 American.—pt.
1661 1520 40 38 2.
1741 1513 351 45 Miscellaneous

102 1571 250 53 selections,
382 1570 100 45 also
511 1570 295 45 Declaration
837 1571 52 43 of
921 1570 326 53 independence
1279 1572 88 43 and
1400 1570 306 45 Constitution
1733 1571 53 44 of
1817 1571 75 45 the
1923 1571 170 45 United

105 1626 100 47 States

97 1681 53 54 ©
182 1684 111 51 May
322 1683 66 51 21,
424 1682 129 53 1925;
586 1683 65 43 2c.
683 1683 87 43 and
799 1683 79 43 aff:
915 1683 112 52 May
1056 1683 77 51 23;
1168 1683 44 42 A
1245 1681 189 54 829350;
1469 1681 53 49 E.
1555 1684 51 44 L.
1641 1683 49 45 C.
1724 1682 203 54 Fischer,
166 1685 1904 106 Haddonfield,
409 1739 58 43 N.
499 1740 41 51 J.
609 1736 270 56 (25–16218)

98 1823 273 72 Förster,
415 1822 195 72 Hans,
654 1824 189 57 1885-

173 1900 167 58 Hein
370 1900 258 72 Hinsch,
664 1901 73 57 de
771 1900 271 73 minsch;
1077 1921 76 38 en
1187 1901 307 58 snooksch
1524 1902 415 59 levendsreis’
1971 1922 120 39 noo

99 1978 243 59 endlich
377 1978 198 74 glück,
609 1997 124 38 von
766 1977 184 60 Hans
982 1978 296 73 Förster;
1313 1978 119 59 mit
1465 1981 72 56 12
1573 1978 199 60 biller.
99 1979 1969 150 Braunschweig
394 2058 127 56 und
553 2056 348 74 Hamburg,
936 2055 71 60 G.
1038 2056 444 59 Westermann
1517 2087 13 44 [
1533 2065 19 23 c
1554 2059 166 73 1924]

164 2132 83 45 246
275 2147 40 39 p.
374 2133 115 44 illus.
552 2133 54 44 19
610 2136 46 18 cm
662 2168 9 9 .

97 2187 1938 56 © Nov. 13, 1924; 1c. Mar. 19, 1925; A—Foreign 27421; G. Westermann.
176 2243 270 57 (25–11349)

98 2330 209 70 Foleÿ,
349 2330 274 73 Charles,
663 2334 189 56 1861-

172 2408 119 58 Les
357 2408 271 58 émotions
661 2409 74 57 de
772 2409 198 57 Tante
1004 2410 182 70 Jane,
1218 2428 237 38 roman.
1537 2409 206 73 Paris,
1778 2411 72 58 E.
96 2412 1974 131 Flammarion
378 2486 181 73 [1925]

163 2563 87 45 248
276 2578 55 38 p.,
363 2565 18 41 1
432 2597 9 9 l.
503 2563 51 45 19
560 2565 47 18 cm
613 2598 10 8 .

99 2617 1877 58 © Apr. 23, 1925; 1c. May 9; A—Foreign 27672; Ernest Flammarion.
177 2675 270 56 (25–11032)

99 2759 273 74 Foreign
413 2760 293 58 missions
750 2760 374 58 convention
1168 2761 67 57 of
1278 2761 104 57 the
1429 2760 234 60 United
1710 2762 212 59 States
1968 2761 128 59 and

176 2837 272 70 Canada,
487 2838 434 73 Washington,
953 2840 73 56 D.
1064 2840 88 70 C.,
1185 2840 166 57 1925.

175 2919 129 57 The
335 2917 251 74 foreign
614 2918 295 59 missions
942 2918 370 60 convention
1344 2924 65 54 at
1438 2918 437 75 Washington,
1911 2919 181 74 1925;

99 2998 332 56 addresses
471 2996 317 58 delivered
827 3000 65 55 at
929 2997 104 58 the
1072 2996 277 73 Foreign
1385 2995 295 60 missions
1721 2998 372 58 convention

100 3073 67 57 of
210 3074 103 57 the
354 3072 235 60 United
635 3073 211 59 States
892 3076 122 56 and
1059 3072 258 61 Canada
1359 3074 145 59 held
1547 3079 66 54 at
1653 3074 439 74 Washington,

98 3151 73 58 D.
207 3149 84 75 C.,
322 3151 291 73 January
641 3152 72 56 28
743 3154 64 54 to
837 3150 332 74 February
1197 3152 51 72 2,
1281 3150 166 74 1925,
1483 3152 209 59 edited
1719 3152 84 73 by
1831 3152 263 59 Fennell

98 3229 71 57 P.
203 3230 244 57 Turner
482 3230 124 58 and
637 3229 217 57 Frank
880 3228 247 74 Knight
1163 3228 295 60 Sanders.
1531 3230 153 58 New
1713 3231 192 72 York,
101 3232 1968 149 Foreign
276 3305 294 59 missions
610 3306 366 59 conference
1017 3308 68 57 of
1123 3308 206 56 North
1367 3307 324 72 America;
1729 3308 153 58 New
1921 3308 174 58 York

100 3387 125 57 and
262 3384 288 72 Chicago,
588 3383 289 74 Fleming
909 3384 78 58 H.
1026 3385 217 57 Revell
1279 3401 306 55 company
1623 3412 14 44 [
1638 3391 18 21 c
1661 3384 165 72 1925]

167 3463 80 51 xii,
271 3463 84 44 466
376 3475 42 39 p.
476 3463 55 44 24
537 3464 48 18 cm
591 3499 9 9 .

102 3514 53 54 ©
188 3516 115 52 June
335 3516 40 52 4,
412 3514 129 53 1925;
575 3515 64 43 2c.
675 3516 87 43 and
795 3516 79 42 aff.
909 3516 106 52 July
1049 3515 77 51 24;
1164 3516 44 42 A
1244 3514 187 53 864276;
1471 3514 272 46 Committee
1777 3516 52 45 of
1863 3516 232 46 reference

169 3573 90 43 and
288 3571 182 44 counsel
501 3571 51 44 of
581 3571 76 44 the
689 3570 198 54 Foreign
918 3571 210 44 missions
1160 3571 268 44 conference
1458 3571 53 44 of
1547 3572 153 44 North
1731 3572 228 52 America,
1995 3574 98 52 inc.,

173 3628 116 44 New
320 3628 141 44 York.
531 3625 269 56 (25–16151)

101 3713 307 71 Forester,
457 3710 251 58 Marian
753 3710 327 59 Elizabeth
1135 3711 695 76 (Westropp-Dawson)
1887 3711 206 60 Weld-

283 3810 96 40 “Hon.
411 3790 153 57 Mrs.
601 3789 63 58 C.
700 3791 95 58 W.
832 3789 348 69 Forester,”
1218 3791 190 57 1869-

181 3871 257 59 Success
472 3871 273 72 through
776 3872 197 67 dress,
1004 3872 83 70 by
1118 3871 103 58 the
1255 3870 161 57 Hon.
1450 3871 154 57 Mrs.
1641 3869 66 61 C.
1737 3870 97 59 W.
102 3870 1965 137 Forester.
298 3949 277 70 London,
609 3947 379 60 Duckworth
1022 3947 180 74 [1925]
