2533 4412
0 0 0 0 1289
134 413 460 73 Abderhalden,
633 413 181 73 Emil,
853 416 189 57 1877-

215 492 325 58 Lehrbuch
580 494 114 56 der
729 492 391 73 physiologie
1160 492 66 56 in
1309 494 390 72 vorlesungen.
1781 493 142 58 Von
1964 494 167 58 Emil

135 569 1971 151 Abderhalden … 1. t. Berlin, Wien, Urban & Schwarzenberg, 1925.
203 721 861 55 xi, 454 p. illus., diagrs. 25 ½ cm .
206 779 383 53 Bibliographical
623 779 264 44 foot-notes.

133 834 53 54 ©
213 835 105 45 Feb.
349 834 61 53 17,
442 834 128 54 1925;
626 850 35 29 1c.
693 835 122 53 Sept.
842 836 78 52 23;
950 836 101 43 A—
1054 834 196 55 Foreign
1276 835 162 54 28583;
1471 837 159 44 Urban
1660 839 36 43 &
1727 836 398 56 Schwarzenberg.

212 892 270 55 (25-13210)

136 962 317 73 [Addison,
493 963 254 73 Joseph]
788 965 358 57 1672-1719.

209 1043 129 57 The
369 1041 105 60 Sir
502 1044 209 72 Roger
739 1045 74 56 de
847 1043 304 71 Coverley
1177 1062 233 53 papers
1442 1045 164 56 from
1638 1045 104 58 the
1773 1045 352 71 Spectator,

133 1121 1993 71 edited by Howard Bernent … New York and Boston,
131 1199 1086 71 E. M. Ambrose company [ c 1925]
201 1275 1920 52 301 p. front. illus. (incl. ports., facsim.) 16 ½ cm . (Lettered on cover:
131 1333 98 44 The
258 1332 223 46 Windsor
507 1332 191 51 English
725 1331 210 51 classics)

202 1388 328 51 Bibliography
547 1406 10 29 :
585 1403 42 36 p.
654 1390 64 44 63.

133 1442 53 54 ©
221 1444 100 44 Oct.
354 1444 39 52 2,
430 1441 129 54 1925;
594 1444 63 43 2c.
694 1443 100 44 Oct.
828 1442 77 52 20;
942 1443 78 43 aff.
1057 1443 101 44 Oct.
1193 1443 77 51 29;
1306 1443 42 43 A
1385 1442 188 54 869835;
1611 1442 50 46 F.
1697 1444 65 44 M.
1798 1444 226 45 Ambrose
2058 1462 67 29 co.

205 1499 66 54 [©
305 1500 314 52 introduction,
653 1508 141 43 notes,
828 1498 149 54 index]
1049 1499 270 54 (25-22015)

133 1572 128 56 The
298 1570 394 74 advertising
725 1590 156 53 year
913 1571 161 57 book
1109 1572 107 57 for
1250 1573 166 71 1925,
1455 1572 210 58 edited
1699 1574 82 71 by
1819 1573 195 58 Noble
2056 1575 67 55 T.

208 1649 254 73 Praigg.
535 1649 271 74 [Garden
837 1647 160 74 City,
1028 1649 67 56 L.
1128 1650 70 71 I.,
1229 1648 73 57 N.
1335 1649 92 75 Y.]
1459 1650 385 73 Doubleday,
1876 1651 172 73 Page
2080 1651 46 57 &

207 1746 307 52 company
554 1727 106 56 for
698 1727 102 57 the
843 1718 376 66 Associated
1262 1727 394 73 advertising
1696 1728 171 58 clubs
1911 1728 67 58 of
2020 1730 104 56 the

205 1805 214 72 world,
453 1806 164 55 1925.

262 1879 587 55 xv p., 1 l., 397 p. 20 ½ cm .
130 1936 53 53 ©
217 1936 118 44 Nov.
373 1938 60 50 18,
474 1935 128 53 1925;
639 1937 63 42 2c.
738 1937 87 44 and
858 1937 79 43 aff.
973 1937 109 43 Dec.
1122 1935 74 54 17;
1234 1938 42 41 A
1313 1936 189 53 872902;
1540 1937 272 44 Associated
1845 1937 278 55 advertising

199 1993 126 45 clubs
356 1993 52 45 of
441 1994 76 44 the
549 1994 159 44 world.
743 1993 119 45 New
895 1993 144 46 York.

128 2065 1994 74 American law reports annotated … v. 39. Rochester,
206 2145 72 55 N.
313 2145 92 71 Y.,
441 2144 128 57 The
603 2144 295 71 Lawyers
934 2143 427 71 co-operative
1390 2143 365 73 publishing
1787 2163 304 53 company;

206 2221 370 71 Northport,
614 2222 67 55 L.
719 2221 69 73 I.,
827 2221 75 56 N.
941 2220 92 74 Y.,
1073 2221 277 57 Edward
1387 2222 360 70 Thompson
1786 2241 336 53 company;

207 2299 128 58 San
401 2298 356 71 Francisco,
827 2297 204 73 Calif.,
1099 2298 635 73 Bancroft-Whitney
1801 2319 322 53 company,

205 2378 165 55 1925.

196 2453 62 51 ix,
290 2451 107 45 1616
422 2466 38 38 p.
516 2452 52 44 25½
605 2455 47 18 cm
659 2488 8 8 .

197 2508 426 47 Editors-in-chief:
654 2509 190 43 Burdett
872 2509 57 44 A.
958 2508 115 44 Rich
1101 2509 87 43 and
1217 2509 64 42 M.
1314 2507 127 44 Blair
1468 2507 188 45 Wailes.

126 2564 53 53 ©
208 2566 107 42 Dec.
344 2565 38 54 9,
414 2564 128 51 1925;
571 2566 63 42 2c.
665 2566 108 42 Dec.
807 2565 73 52 12;
912 2566 78 42 aff.
1021 2566 109 42 Dec.
1162 2565 74 52 14;
1269 2565 42 42 A
1342 2564 190 53 875492;
1564 2565 216 54 Lawyers
1812 2565 309 52 co-operative

196 2623 101 52 pub.
329 2638 77 36 co.,
440 2622 198 46 Edward
669 2622 263 53 Thompson
963 2638 81 36 co.,
1077 2622 463 53 Bancroft-Whitney
1572 2638 66 27 co.

127 2692 157 71 Ball,
320 2693 216 57 Frank
568 2694 67 57 P.

201 2769 1917 72 Divine creation versus the theory of evolution … by
125 2847 1627 75 Frank P. Ball … [New York, F. P. Ball, c 1925]
193 2927 270 51 cover-title,
490 2929 49 42 41
569 2942 40 38 p.
670 2927 52 43 23½
759 2929 46 18 cm
812 2962 9 9 .

124 2981 54 54 ©
207 2984 120 51 Sept.
350 2984 68 50 29,
449 2982 103 45 1925;
605 2983 64 44 2c.
697 2984 101 43 Oct.
827 2983 23 44 3;
904 2983 78 43 aff.
1010 2982 103 45 Oct.
1143 2983 17 42 1;
1218 2982 42 42 A
1288 2980 164 47 870268;
1507 2979 49 46 F.
1586 2982 50 42 P.
1666 2982 113 43 Ball.

205 3039 268 55 (25-22472)

126 3110 223 71 Beach,
393 3111 252 58 Samuel
680 3110 304 59 Wheeler.

202 3188 128 58 The
370 3190 184 71 great
591 3185 202 60 cruise
834 3187 67 58 of
939 3187 166 72 1925,
1143 3186 82 73 by
1265 3186 252 59 Samuel
1552 3186 291 59 Wheeler
1883 3188 239 68 Beach;

125 3266 187 73 being
352 3285 38 37 a
431 3269 177 68 story
648 3266 67 57 of
756 3265 312 58 activities
1113 3265 67 57 of
1220 3265 104 57 the
1364 3265 76 59 U.
1487 3265 61 58 S.
1594 3265 60 58 S.
1698 3265 264 58 Nevada
2001 3268 122 57 and

127 3344 67 57 of
227 3345 103 57 the
364 3344 76 58 U.
480 3345 60 58 S.
581 3345 60 58 S.
679 3343 468 72 Pennsylvania
1184 3343 123 57 and
1341 3343 78 58 U.
1458 3342 60 59 S.
1559 3342 62 59 S.
1659 3342 361 75 Oklahoma,
2058 3345 66 58 of

125 3421 357 72 Battleship
512 3421 272 58 division
810 3422 176 57 three;
1046 3421 103 57 the
1176 3421 76 58 U.
1285 3420 60 58 S.
1379 3421 61 58 S.
1472 3421 257 70 Seattle,
1757 3421 269 74 flagship
2057 3423 67 58 of

125 3500 103 57 the
257 3500 396 58 commander
677 3500 66 56 in
770 3500 163 57 chief
962 3499 67 57 of
1055 3499 102 56 the
1185 3498 235 58 United
1450 3498 212 59 States
1689 3499 142 58 fleet;
1890 3520 70 40 as
1985 3502 136 56 well

126 3597 69 38 as
228 3579 82 56 all
345 3577 172 72 ships
549 3579 140 57 that
716 3577 232 58 visited
980 3576 383 71 Melbourne,
1398 3576 349 74 Australia,
1781 3579 122 57 and
123 3579 1974 150 Wellington,

399 3655 151 57 New
587 3656 291 70 Zealand,
917 3654 287 72 together
1240 3653 151 57 with
1432 3656 230 70 superb
1699 3655 421 60 illustrations

125 3734 168 57 from
338 3733 269 73 original
649 3731 453 75 photographs,
1148 3732 123 58 and
1315 3735 209 55 roster
1568 3734 68 57 of
1681 3752 209 40 crews.
1994 3735 124 59 San

125 3811 356 73 Francisco,
517 3811 204 73 Calif.,
753 3810 464 58 International
1244 3809 288 74 printing
1563 3831 107 54 co.,
1704 3814 164 56 1925.

194 3886 1474 57 5 p. l ., [15]-260 p. incl. illus., ports. front. (map) 23½ cm .
123 3946 54 54 ©
207 3948 99 43 Oct.
339 3948 63 51 10,
433 3945 129 52 1925;
591 3947 65 43 2c.
685 3947 102 43 Oct.
814 3946 79 51 23;
925 3945 78 43 aff.
1035 3945 102 43 Oct.
1164 3944 78 53 22;
1273 3945 42 42 A
1347 3943 164 46 869753;
1573 3945 44 45 S.
1647 3947 74 43 W.
1756 3948 162 50 Beach,
194 3948 1899 108 Washington.

431 4002 269 55 (25-22044)
