2533 4412
1165 4056 108 55 515

216 415 219 72 Miner,
478 414 206 58 Lilian
724 413 318 74 Burleigh.

294 504 129 59 Our
470 507 192 53 state:
711 504 215 57 Rhode
973 503 234 70 Island,
1253 502 83 72 by
1378 501 209 57 Lilian
1631 501 305 73 Burleigh
1982 502 224 72 Miner,

256 578 1951 74 A. M . Providence, R. L, Printed at the Oxford press
218 688 14 44 [
235 668 17 21 c
255 660 163 71 1925]

284 735 887 54 4 p. l ., 248 p. front., illus. 20 cm .
286 794 111 52 Map
428 808 56 29 on
518 792 315 53 lining-paper.

287 849 146 44 Blank
459 864 137 39 pages
626 848 72 45 for
729 849 203 43 “Notes”
969 847 243 56 (247-248)

288 906 156 44 “Good
469 906 189 52 reading
684 906 72 43 for
783 905 160 45 Rhode
970 905 253 44 Islanders”
1241 920 10 29 :
1278 921 40 37 p.
1345 904 205 44 235-236.

217 961 53 54 ©
301 963 112 52 Apr.
444 963 64 50 20,
545 962 102 45 1925;
706 964 64 41 2c.
806 964 110 51 May
948 964 24 42 9;
1032 963 79 43 aff.
1145 963 111 52 May
1288 962 25 43 6;
1372 962 44 42 A
1448 960 165 46 855004;
1675 961 49 43 L.
1761 962 49 42 B.
1845 961 163 52 Miner,
287 960 1896 111 Providence,

471 1020 54 42 R.
559 1020 34 43 I.
663 1018 243 55 (25-9570)

216 1116 333 72 Monahan,
587 1116 287 73 Michael,
914 1120 189 56 1865-

294 1207 129 56 The
473 1207 156 57 road
679 1210 63 54 to
794 1207 204 72 Paris,
1050 1207 186 73 being
1285 1208 104 57 the
1441 1207 308 58 chronicle
1802 1207 67 58 of
1919 1226 37 38 a
2005 1206 202 58 three-

214 1284 246 58 months
487 1284 256 72 holiday
764 1284 66 56 in
855 1285 243 56 France
1127 1286 123 56 and
1274 1286 186 71 Italy,
1486 1285 83 72 by
1594 1285 270 57 Michael
1891 1284 315 58 Monahan

282 1361 1121 72 … New York, N. L. Brown, 1925.
355 1438 1106 56 xv p., 1 l., 379-p. front., plates, ports. 21 cm .
218 1495 53 54 ©
300 1499 99 51 Jan.
431 1497 64 50 30,
531 1496 128 53 1925;
691 1498 65 43 2c.
789 1498 119 42 Mar.
943 1498 74 51 19;
1049 1499 79 42 aff.
1162 1499 112 52 May
1303 1499 51 51 2;
1389 1499 45 42 A
1465 1496 189 54 823979;
1690 1497 219 44 Nicholas
1942 1498 50 42 L.
2027 1498 180 43 Brown.

297 1553 242 55 (25-9233)

217 1656 316 68 Mottram,
567 1654 208 73 Ralph
808 1652 177 74 Hale,
1019 1656 191 58 1883-

289 1744 1853 72 Sixty-four, ninety-four! by Ralph Hale Mottram …
219 1823 148 57 New
389 1821 188 74 York,
603 1822 66 57 L.
696 1821 362 73 Macveagh,
1085 1821 130 58 The
1239 1822 146 57 Dial
1407 1841 200 53 press,
1632 1824 166 55 1925.

287 1899 232 53 X, 365 p. 19½cm.
219 1955 53 54 ©
296 1957 111 51 Apr.
437 1956 63 52 15,
528 1956 129 52 1925;
713 1972 35 27 1c.
775 1957 87 42 and
886 1957 78 42 aff.
988 1956 112 52 Apr.
1125 1956 78 51 22;
1260 1971 35 28 1c.
1324 1957 113 51 May
1463 1955 48 53 6;
1540 1956 44 42 A
1609 1956 189 53 829283;
1827 1956 107 43 Dial
1959 1971 141 39 press,
2125 1956 84 45 inc.

298 2013 242 55 (25-9298)

218 2114 277 72 Murray,
537 2111 256 59 Charles
829 2112 233 73 Henry,
1102 2115 189 57 1863-

297 2205 424 72 Gynecology;
749 2223 38 37 a
809 2207 135 53 text
965 2203 161 57 book
1152 2222 79 38 on
1255 2203 103 57 the
1386 2203 278 58 diseases
1694 2204 67 57 of
1785 2223 256 55 women,
2061 2205 151 58 with

220 2283 102 57 the
352 2281 410 73 appropriate
792 2283 342 59 treatment
1161 2281 167 57 from
1358 2282 103 57 the
1493 2276 286 78 drugless
1813 2283 366 72 standpoint;

220 2359 329 58 obstetrics
583 2359 335 71 especially
949 2359 276 70 adapted
1254 2361 63 55 to
1349 2359 75 57 be
1453 2361 156 56 used
1641 2379 69 39 as
1745 2379 82 37 an
1856 2360 257 72 adjunct
2147 2366 62 54 to

219 2438 103 57 the
355 2437 256 73 regular
642 2439 343 54 treatment
1018 2436 67 57 of
1120 2436 85 57 all
1234 2436 448 71 practitioners
1718 2438 70 57 of
1821 2440 104 56 the
1959 2439 255 74 healing

220 2517 118 69 art,
380 2514 267 58 medical
686 2515 266 71 doctors,
999 2514 382 72 osteopaths,
1429 2514 483 74 chiropractors,
219 2519 1967 146 naturopaths,

454 2590 691 73 mechano-therapists,
1179 2593 130 71 etc.,
1344 2594 131 70 etc.,
1509 2594 131 70 etc.,
1670 2592 364 61 illustrated
2061 2596 152 58 with

221 2690 150 38 over
398 2671 111 55 100
533 2669 309 57 half-tone
873 2669 396 72 engravings.
1339 2671 79 56 3d
1447 2670 90 57 ed.
1606 2670 99 73 By
1736 2670 162 59 Chas
1931 2672 79 56 H.
222 2674 1967 145 Murray

431 2746 1367 75 … and M. S. Murray … Elgin, Ill., 1925.
288 2825 84 43 219
399 2839 52 37 p.,
483 2825 18 41 1
553 2859 21 16 l.,
611 2822 150 54 [9]-65,
809 2822 39 54 [6]
881 2837 39 37 p.
981 2822 130 52 illus.,
1142 2822 156 53 plates.
1356 2823 55 44 20½
1445 2826 47 18 cm
1498 2859 9 9 .

292 2881 210 44 Lettered
533 2895 57 29 on
621 2895 133 28 cover
771 2894 8 29 :
816 2878 294 53 Osteopathic
1142 2878 296 54 gynecology.

219 2935 57 53 ©
304 2938 99 51 Jan.
431 2936 67 52 26,
531 2934 104 44 1925;
692 2936 64 42 2c.
789 2936 112 50 May
929 2935 50 51 6;
1009 2936 81 42 aff.
1121 2936 113 52 May
1263 2936 49 51 4;
1347 2936 44 42 A
1423 2935 187 53 829286;
1646 2936 48 45 C.
1728 2939 61 43 H.
1823 2940 205 53 Murray,
2061 2941 149 53 Elgin,

294 2993 68 42 Ill.
427 2994 66 52 [©
522 2992 239 53 additions]
831 2990 242 55 (25-9527)

299 3077 283 57 Practice
615 3076 67 57 of
713 3075 375 71 osteopathy;
1144 3075 85 58 its
1260 3075 306 72 practical
1597 3078 386 71 application
2013 3085 62 54 to
2109 3083 104 57 the

221 3155 255 58 various
508 3154 277 58 diseases
821 3153 67 58 of
919 3153 104 58 the
1053 3153 231 57 human
1315 3154 179 71 body.
1570 3156 106 56 6th
1709 3158 110 72 ed.,
1854 3157 362 63 illustrated

222 3233 151 57 with
401 3250 151 39 over
576 3232 111 56 100
711 3231 284 57 halftone
1025 3231 396 72 engravings.
1492 3232 99 72 By
1621 3232 181 60 Chas.
1835 3235 80 57 H.
1949 3238 265 72 Murray

291 3309 631 72 … Elgin, Ill., 1925.
291 3387 95 52 419,
423 3386 79 53 [20]
538 3400 38 37 p.
612 3385 70 43 incl.
747 3384 131 52 illus.,
908 3384 157 53 plates.
1125 3383 56 45 20
1186 3387 47 18 cm
1239 3419 9 9 .

224 3441 54 54 ©
307 3444 97 51 Jan.
433 3441 66 51 26,
534 3439 128 53 1925;
693 3442 64 42 2c.
790 3441 112 51 May
930 3440 48 52 6;
1012 3441 79 43 aff.
1124 3441 112 51 May
1265 3440 50 51 4;
1349 3440 45 43 A
1425 3441 187 53 829287;
1648 3442 48 45 C.
1728 3445 62 43 H.
1823 3447 206 54 Murray,
2062 3448 150 56 Elgin,

297 3499 68 42 Ill.
429 3496 67 55 [©
525 3498 196 51 practice
748 3496 51 44 of
826 3496 280 52 osteopathy,
1135 3511 137 38 pages
1301 3497 81 43 413
1412 3504 46 37 to
1489 3497 74 45 the
1592 3500 98 53 end]

304 3554 242 55 (25-9528)

226 3640 297 58 National
551 3637 339 59 industrial
921 3637 363 58 conference
1316 3638 214 60 board.

304 3732 129 58 The
474 3734 109 54 tax
620 3729 282 72 problem
940 3729 64 57 in
1043 3728 181 59 West
1262 3727 307 75 Virginia.
1672 3733 151 59 New
1865 3737 187 74 York,
226 3740 1966 127 National

445 3807 338 58 industrial
811 3807 363 56 conference
1199 3806 214 73 board,
1441 3808 135 72 inc.,
1605 3813 163 55 1925.

295 3883 1052 57 2 p. l.. iii-viii, 235 p. incl. tables. 2 3 ½ cm .
228 3943 53 54 ©
309 3946 97 51 Jan.
433 3944 65 49 21,
530 3941 105 44 1925;
691 3942 64 42 2c.
786 3941 88 43 and
900 3940 77 43 aff.
1010 3941 111 52 May
1148 3941 49 51 9;
1229 3940 43 43 A
1300 3939 189 55 855001;
1523 3943 217 45 National
1769 3947 237 45 industrial
298 3950 1894 93 conference

434 3999 156 51 board,
624 3998 83 43 inc.
775 3996 243 54 (25-9583)
