2533 4412
1092 4074 70 55 61

134 450 334 71 Robinson,
509 450 279 56 Richard
826 448 244 58 Hallett
1105 447 330 71 Meredith,
1479 450 189 57 1875-

209 526 204 56 Naval
451 526 441 70 construction,
934 525 315 71 prepared
1288 525 105 56 for
1431 525 103 57 the
1575 544 110 37 use
1727 525 67 57 of
1832 525 104 57 the
135 526 1971 148 midshipmen

443 604 67 56 of
534 604 103 56 the
661 604 236 57 United
926 603 212 58 States
1164 602 204 57 Naval
1393 603 314 70 academy,
1731 604 84 70 by
1837 604 73 55 R.
1935 603 81 56 H.
2045 603 82 56 M.

134 680 1995 72 Robinson … 5th ed. Annapolis, Md., The United States
129 760 187 55 naval
345 759 307 75 institute,
686 760 165 55 1923.

209 839 22 43 3
263 853 39 38 p.
353 872 21 14 l.,
406 837 80 45 360
516 852 38 38 p.
617 836 128 54 illus.,
781 837 141 54 plates
952 837 126 53 (part
1110 836 135 54 fold.)
1286 837 166 53 diagrs.
1480 836 126 54 (part
1639 836 135 53 fold.)
1842 833 51 48 23½
1930 838 45 17 cm
1984 872 8 9 .

133 891 53 53 ©
212 895 118 42 Nov.
352 892 67 52 20,
447 894 128 50 1923;
600 895 66 42 2c.
693 893 107 44 Dec.
831 893 63 54 17,
921 895 128 51 1924;
1077 895 79 42 aff.
1180 894 98 52 Jan.
1301 895 67 51 28,
1397 895 129 51 1925;
1554 894 44 43 A
1621 892 190 45 814796:
1842 894 56 44 U.
1929 893 43 47 S.
1999 896 132 42 naval

209 950 212 43 institute.
491 948 243 56 (25-2904)

132 1036 175 71 Ross,
352 1037 170 56 John
561 1036 213 73 Jacob,
820 1040 189 56 1871-

212 1115 319 73 Breaking
557 1117 104 57 the
692 1116 193 71 seals;
917 1137 35 36 a
984 1115 295 73 spiritual
1307 1118 123 56 and
1460 1115 358 59 devotional
1849 1118 187 70 study
2067 1116 66 56 of

137 1194 83 56 all
247 1194 102 57 the
380 1194 272 71 symbols
679 1194 66 57 in
773 1195 103 57 the
905 1195 239 57 central
1172 1194 293 71 chapters
1498 1195 67 57 of
1594 1194 104 58 the
1726 1194 174 57 Book
1932 1195 66 57 of
2028 1195 103 56 the

137 1271 1993 72 Revelation, by J. J. Ross … introduction by Geo. W.
137 1349 240 73 Truett,
404 1367 52 38 D.
484 1368 51 37 D.
620 1349 150 57 New
796 1348 189 71 York,
1016 1346 270 75 Chicago
1317 1351 146 71 [etc.]
1494 1348 289 74 Fleming
1807 1349 78 60 H.
1917 1349 215 57 Revell

135 1445 306 54 company
472 1426 202 74 [c1924]

201 1507 79 43 221
308 1520 40 38 p.
412 1507 49 43 19
468 1508 47 18 cm
521 1541 11 10 .

206 1563 177 44 “There
417 1563 37 43 is
490 1579 24 27 a
549 1560 269 53 companion
852 1561 180 46 volume
1068 1568 47 38 to
1150 1560 89 46 this
1275 1560 121 45 book
1432 1560 184 45 entitled
1654 1561 173 46 ‘Pearls
1865 1562 119 44 from
133 1564 1977 100 Patmos’.”
287 1618 186 47 —Pref.

130 1672 57 54 ©
213 1673 118 42 Nov.
357 1673 39 51 8,
426 1672 129 51 1924;
582 1671 51 42 2c.
672 1671 86 42 and
784 1671 78 42 aff.
888 1671 99 51 Jan.
1018 1670 61 50 10,
1111 1668 129 51 1925;
1269 1670 43 42 A
1340 1668 189 54 815523;
1559 1669 209 54 Fleming
1795 1672 60 43 H.
1885 1672 156 44 Revell
2067 1688 64 28 co.

211 1727 242 56 (25-2860)

134 1801 364 70 Schlichter,
542 1799 279 58 Norman
865 1798 64 57 C.

135 1873 1975 156 Fancy’s hour, by Norman C. Schlichter … Philadelphia,
334 1957 129 57 The
493 1955 171 58 John
695 1953 66 60 C.
789 1952 295 58 Winston
1116 1970 323 55 company,
1473 1953 166 57 1924.

206 2035 78 43 192
308 2049 41 38 p.
412 2034 148 44 19½cm.

208 2092 181 42 Poems.

133 2146 53 53 ©
220 2148 117 43 Nov.
376 2146 63 53 17,
476 2147 128 47 1924;
639 2147 65 43 2c.
739 2146 87 43 and
859 2146 78 42 aff.
973 2146 98 52 Jan.
1105 2146 67 52 22,
1209 2144 129 52 1925;
1376 2146 42 42 A
1454 2144 189 54 815708;
1682 2147 57 42 N.
1780 2145 47 45 C.
1866 2147 267 53 Schlichter,

203 2204 226 52 Annville,
457 2205 80 42 Pa.
600 2201 243 55 (25-2243)

134 2273 301 70 Schmidt,
475 2273 188 58 Louis
705 2273 301 71 Bernard,
1050 2276 190 56 1879-
1397 2275 91 58 ed.

209 2350 320 72 Readings
572 2350 66 56 in
682 2350 103 56 the
831 2349 310 58 economic
1182 2350 247 71 history
1473 2350 67 56 of
1585 2351 335 57 American
134 2352 1971 148 agriculture,

431 2427 1699 75 edited by Louis Bernard Schmidt … and Earle
133 2505 1997 74 Dudley Ross … New York, The Macmillan company,
134 2585 165 56 1925.

208 2663 66 43 xii
302 2679 39 37 p.,
389 2665 16 42 1
457 2698 8 8 l.,
511 2661 75 45 591
615 2678 41 37 p.
715 2663 54 42 22½
803 2665 47 17 cm
858 2699 7 7 .

133 2716 53 53 ©
219 2719 94 48 Jan.
337 2716 68 51 27,
437 2717 129 52 1925;
595 2718 64 43 2c.
687 2719 99 52 Jan.
813 2719 77 51 28;
920 2718 78 44 aff.
1028 2719 98 52 Jan.
1154 2719 77 51 29;
1264 2719 42 42 A
1335 2718 188 53 815818;
1557 2720 264 46 Macmillan
1850 2736 65 28 co.

213 2773 244 55 (25-2917)

135 2847 238 71 Sewell,
415 2847 200 71 Anna,
660 2849 357 56 1820-1878.

213 2926 194 57 Black
437 2925 277 73 Beauty;
751 2927 102 57 the
889 2925 504 74 autobiography
1428 2928 67 56 of
1529 2948 35 37 a
1597 2928 205 72 horse,
1836 2931 83 70 by
1950 2928 184 59 Anna

141 3003 249 72 Sewell;
419 3004 359 58 illustrated
807 3006 82 65 by
915 3004 301 58 Florence
1244 3003 211 60 White
1483 3005 331 58 Williams.
1897 3006 237 71 Akron,

140 3080 86 66 O.,
258 3082 128 58 The
420 3081 297 59 Saalheld
744 3080 364 73 publishing
1136 3101 85 39 co.
1256 3111 12 43 [
1270 3088 19 21 c
1294 3082 163 71 1924]

208 3159 1760 54 6 p. l ., 9-234 p., 1 l. 24 cm . (Lettered on cover: Mayflower series)
132 3213 55 53 ©
210 3215 118 51 Aug.
357 3216 62 49 14,
447 3214 128 47 1924;
601 3215 64 42 2c.
691 3214 86 43 and
800 3215 78 42 aff.
906 3214 107 43 Dec.
1042 3215 73 51 19;
1142 3215 43 43 A
1209 3212 190 46 815858:
1429 3213 213 47 Saalfield
1666 3218 101 51 pub.
1794 3233 64 28 co.
1927 3218 54 52 [©
205 3219 1905 105 illustrations]
481 3269 243 55 (25-2847)

136 3343 187 72 Shay,
362 3342 229 69 Frank,
631 3344 91 57 ed.

212 3419 152 57 Iron
391 3438 137 40 men
564 3423 50 53 &
643 3419 259 57 wooden
933 3418 192 73 ships,
1159 3421 156 70 deep
1348 3438 104 40 sea
1484 3420 300 72 chanties,
1815 3421 206 60 edited
2052 3425 80 68 by

141 3498 209 55 Frank
385 3496 200 69 Shay;
620 3496 397 57 decorations
1052 3497 122 56 and
1204 3496 317 58 woodcuts
1553 3500 83 68 by
1666 3500 174 56 Edw.
1874 3501 75 56 A.
140 3501 1965 142 Wilson,

292 3572 425 59 introduction
745 3575 81 69 by
848 3573 281 58 William
1155 3575 247 57 McFee.
1469 3574 248 59 Garden
1749 3576 162 72 City,
1939 3580 72 54 N.
2040 3580 93 61 Y.,

138 3652 382 70 Doubleday,
551 3651 171 71 Page
752 3652 47 56 &
829 3670 323 53 company,
1184 3651 166 57 1924.

206 3744 80 36 xx,
317 3728 80 44 154
423 3743 39 37 p.
527 3728 157 52 front.,
713 3728 117 43 illus.
869 3729 128 53 (part
1025 3728 110 55 col.)
1172 3727 167 45 double
1368 3728 58 54 pl.
1486 3729 49 44 31½
1574 3732 46 18 cm
1627 3765 9 8 .

207 3786 267 43 Illustrated
504 3785 349 54 lining-papers.

207 3841 143 45 “This
382 3842 172 46 edition
589 3842 35 44 is
658 3842 175 43 limited
869 3850 45 36 to
948 3851 92 35 two
1074 3842 213 45 hundred
1322 3843 255 44 numbered
1612 3843 194 55 copies.”
1867 3844 116 47 This
2019 3863 114 39 copy

138 3907 79 36 not
242 3898 266 45 numbered.

137 3953 51 52 ©
215 3956 108 41 Dec.
355 3955 59 45 12,
445 3955 104 43 1924;
601 3956 62 43 2c.
689 3959 86 42 and
801 3956 77 43 aff.
904 3957 99 52 Jan.
1028 3958 40 51 2,
1097 3955 129 53 1925;
1256 3956 42 43 A
1325 3958 188 51 814492;
1544 3959 281 53 Doubleday,
1854 3963 123 49 Page
2002 3963 37 43 &
2065 3978 64 29 co.

214 4010 242 52 (25-2871)
