2533 4412
1369 4118 75 56 94

397 539 1984 138 ing on the earth, by Joseph Whitefield Scroggs … [Oklahoma
613 617 163 74 City,
808 619 131 58 The
966 619 247 58 Leader
1240 617 369 74 publishing
1636 638 106 52 co.,
1770 627 18 20 c
1792 619 165 72 1924]

470 695 75 47 171
578 712 40 38 p.
677 697 58 45 20
739 699 47 18 cm
793 736 9 8 .

393 750 55 54 ©
478 752 120 43 Nov.
630 751 62 53 15,
725 751 130 52 1924;
884 751 66 43 2c.
978 751 100 52 Jan.
1110 748 62 54 17,
1206 747 131 54 1925;
1369 750 79 43 aff.
1477 751 101 52 Jan.
1607 750 77 52 30;
1716 750 44 43 A
1789 749 190 54 814857;
2012 752 41 51 J.
2083 751 75 44 W.
2191 749 215 55 Scroggs,

465 809 222 52 Norman,
724 808 105 45 Okl.
899 805 246 57 (25-3980)

398 879 223 74 Smith,
654 882 155 58 Mrs.
844 878 332 59 Elizabeth
1207 878 206 59 Oakes
1455 878 285 74 (Prince)
1783 881 360 57 1806-1893.

479 961 345 58 Selections
858 961 168 57 from
1059 959 104 58 the
1198 958 509 74 autobiography
1777 960 29 56 of
1840 959 331 59 Elizabeth
2206 958 201 60 Oakes

402 1039 223 74 Smith,
676 1038 209 59 edited
929 1039 85 71 by
1055 1037 193 73 Mary
1290 1036 178 60 Alice
1514 1037 288 72 Wyman.
1886 1037 333 74 Lewiston,
2269 1038 140 72 Me.,

399 1115 1169 74 Lewiston journal company [ c 1924]
472 1194 839 54 161 p. incl. front. ports. 23 cm .
396 1250 53 54 ©
475 1252 111 43 Dec.
611 1251 68 50 20,
705 1250 133 52 1924;
864 1249 65 43 2c.
955 1249 101 52 Jan.
1085 1247 63 53 17,
1179 1246 131 55 1925;
1339 1248 80 44 aff.
1444 1248 101 53 Jan.
1569 1247 81 53 26;
1680 1249 44 42 A
1748 1247 191 54 814771;
1969 1249 231 45 Lewiston
2225 1250 183 53 journal

466 1323 67 28 co.
604 1304 245 58 (25-3776)

398 1378 377 74 Snodgrass,
814 1375 237 60 Robert
1087 1377 232 71 Evans,
1359 1378 191 57 1875-

473 1458 323 72 Anatomy
841 1458 125 57 and
1010 1456 382 73 physiology
1436 1456 67 57 of
1551 1456 107 59 the
1698 1457 339 73 honeybee,
2082 1458 84 71 by
2210 1458 74 58 R.
2333 1458 73 58 E.

400 1534 2009 76 Snodgrass … 1st ed. New York [etc.] McGraw-Hill book
398 1632 325 55 company,
759 1613 139 73 inc.,
937 1614 167 57 1925.

465 1706 79 38 xv,
589 1691 82 45 327
714 1705 42 39 p.
830 1691 132 52 illus.,
1008 1690 169 54 diagrs.
1251 1690 53 44 23½
1341 1692 47 18 cm
1395 1725 9 8 .
1473 1690 291 54 (Half-title:
1814 1690 317 54 Agricultural
2178 1692 88 44 and
397 1692 1990 110 biological
591 1748 315 54 publications,
941 1746 51 46 C.
1024 1748 59 44 V.
1117 1747 152 53 Piper,
1301 1746 258 54 consulting
1591 1746 172 55 editor)
1885 1746 127 56 $3.50

469 1804 331 54 Bibliography
826 1804 53 45 of
906 1812 100 37 text
1036 1804 287 44 references:
1354 1819 41 38 p.
1424 1804 208 45 307-313.

397 1860 54 54 ©
483 1860 109 45 Feb.
630 1860 64 53 10,
730 1861 104 44 1925;
894 1862 67 43 2c.
993 1862 90 43 and
1115 1860 81 45 aff.
1229 1860 107 45 Feb.
1374 1860 74 44 12:
1484 1861 46 43 A
1563 1859 192 55 815996;
1793 1860 351 46 McGraw-Hill
2179 1863 120 44 book
2332 1878 78 37 co.,

469 1919 84 45 inc.
623 1916 245 59 (25-3975)

399 1989 382 74 Southwick,
823 1989 218 60 Frank
1080 1988 368 62 Townsend.

474 2070 336 58 Elocution
868 2070 126 59 and
1051 2068 226 74 action,
1336 2069 84 72 by
1478 2069 70 57 F.
1611 2070 351 58 Townsend
2023 2070 387 72 Southwick;

399 2148 274 74 original
704 2147 445 59 illustrations.
1225 2147 226 59 Latest
1487 2148 115 58 enl.
1643 2149 92 57 ed.
1812 2148 155 58 New
1999 2147 192 75 York,
2230 2149 74 57 E.
2347 2149 61 59 S.

395 2227 272 59 Werner
697 2226 50 57 &
780 2244 326 55 company,
1141 2233 19 23 c
1163 2227 168 57 1924.

467 2304 83 44 350
580 2318 42 39 p.
684 2303 118 44 illus.
865 2303 54 45 19
923 2306 47 18 cm
976 2338 10 10 .

469 2360 126 45 First
622 2360 237 55 published
885 2361 144 43 under
1055 2360 126 44 title:
1212 2359 183 44 Primer
1422 2359 54 45 of
1503 2359 227 46 elocution
1759 2361 89 45 and
1875 2361 162 45 action.

471 2416 254 55 Copyright
754 2417 106 45 date
887 2417 233 44 corrected
1151 2418 46 43 in
1225 2417 280 52 manuscript
1533 2424 50 37 to
1614 2416 118 46 1925.

398 2473 53 54 ©
479 2471 110 48 Dec.
615 2475 67 51 31,
712 2474 130 52 1924;
867 2474 66 43 2c.
960 2474 99 52 Jan.
1089 2473 37 53 5,
1155 2473 131 54 1925;
1315 2474 80 44 aff.
1421 2475 100 52 Jan.
1548 2473 78 54 26;
1656 2475 44 42 A
1727 2474 189 53 815803;
1947 2475 66 44 M.
2044 2474 45 47 S.
2116 2474 55 45 T.
2199 2477 209 49 Werner,

471 2532 119 43 New
620 2531 144 44 York.
834 2530 245 55 (25-3336)

401 2601 255 76 Spivey,
695 2602 272 58 Thomas
1005 2602 277 73 Sawyer,
1320 2604 192 58 1856-

484 2684 128 58 The
642 2681 380 73 revelation;
1054 2704 80 38 an
1161 2702 229 54 expose
1420 2684 68 58 of
1512 2684 105 58 the
1648 2682 324 60 Christian
2001 2684 411 73 exploitation

404 2763 70 58 of
504 2762 317 73 mankind,
857 2763 85 71 by
976 2762 275 59 Thomas
1289 2762 259 73 Sawyer
1586 2760 252 75 Spivey.
1919 2762 273 74 Beverly
2228 2762 185 72 Hills,

406 2839 207 74 Calif.,
644 2841 69 58 T.
746 2840 62 59 S.
841 2838 239 74 Spivey
1110 2870 14 44 [
1126 2847 18 21 c
1148 2839 166 73 1925]

473 2918 504 55 3 p. l., 9-660 p. 20½cm.
401 2973 53 54 ©
484 2975 100 52 Jan.
616 2974 66 53 30,
715 2973 132 53 1925;
877 2974 65 43 2c.
975 2972 107 45 Feb.
1119 2973 75 52 11;
1227 2972 80 44 aff.
1339 2970 108 46 Feb.
1483 2972 74 53 10;
1591 2973 44 42 A
1669 2972 189 54 815987;
1892 2972 54 45 T.
1981 2972 45 47 S.
2063 2972 178 56 Spivey.

480 3029 246 57 (25-3984)

403 3102 367 69 Stevenson,
808 3099 239 60 Robert
1081 3099 210 72 Louis,
1331 3102 361 56 1850-1894.

478 3180 60 59 A
564 3179 224 59 child’s
814 3179 243 74 garden
1083 3178 67 59 of
1173 3197 237 55 verses,
1435 3178 86 73 by
1545 3178 241 59 Robert
1809 3178 190 59 Louis
2031 3178 378 76 Stevenson;

399 3259 153 57 with
605 3278 113 38 one
768 3258 290 58 hundred
1108 3257 424 58 illustrations
1585 3258 85 71 by
1720 3257 277 59 Frances
2050 3257 358 76 Brundage.

402 3338 236 71 Akron,
671 3336 88 72 O.,
794 3336 129 57 The
958 3334 300 60 Saalfield
1285 3334 367 73 publishing
1684 3354 308 53 company
2024 3368 13 43 [
2037 3344 21 22 c
2061 3339 165 73 1924]

477 3413 109 55 [306]
617 3428 39 38 p.
718 3413 83 43 col.
830 3412 153 49 front.,
1012 3412 117 44 illus.
1187 3411 54 44 23
1249 3414 48 18 cm
1303 3447 10 9 .
1407 3412 217 45 (Lettered
1651 3427 59 29 on
1736 3427 158 30 cover:
1927 3412 280 55 Companion
2237 3415 167 55 series)

473 3469 130 45 “The
628 3469 116 44 little
771 3469 119 43 lame
917 3468 169 52 prince,
1112 3469 59 52 by
1199 3468 118 44 Miss
1347 3468 246 44 Mulock”:
1624 3483 39 38 p.
1715 3468 237 54 [157]-[306]

403 3526 53 54 ©
493 3527 107 52 July
638 3527 63 51 14,
739 3526 130 51 1924;
905 3526 66 43 2c.
1008 3526 87 43 and
1131 3525 78 44 aff.
1248 3525 109 44 Dec.
1397 3526 76 52 19;
1511 3526 44 43 A
1593 3524 190 56 815857;
1827 3525 214 48 Saalfield
2077 3529 101 52 pub.
2214 3544 67 28 co.
2345 3527 67 55 [©

475 3583 313 52 illustrations]
861 3579 244 56 (25-3335)

405 3655 294 74 Stuckey,
736 3654 222 73 Henry
990 3652 285 73 Perkins,
1314 3656 191 57 1880-

407 3729 1981 140 Pecan-growing, by H. P. Stuckey … and Edwin Jackson
548 3808 1822 76 Kyle … New York, The Macmillan company, 1925.
479 3887 1938 56 xiii p., 1 l., 233 p. front., illus., plates, diagrs. 19½cm. (Half-title: The
0 0 0 0 rural science series.
406 4002 53 54 ©
484 4004 99 52 Jan.
608 4003 67 50 20,
703 4002 130 52 1925;
861 4003 65 43 2c.
953 4001 87 44 and
1065 4000 79 44 aff.
1170 4001 101 52 Jan.
1296 4000 81 53 21;
1405 4001 44 43 A
1475 4002 191 52 814713;
1697 4002 267 44 Macmillan
1987 4018 68 29 co.
485 4057 244 57 (25-3206)
