2533 4412
1087 4076 73 57 83

119 443 244 70 Brown,
401 441 240 71 Joseph
678 438 255 71 Clifton,
974 440 190 57 1879-

196 533 131 58 The
363 531 291 73 teaching
693 531 66 56 of
799 528 386 72 arithmetic;
1225 547 39 38 a
1298 527 255 57 manual
1589 527 107 57 for
1731 526 305 74 teachers,
2077 545 38 37 a

119 611 293 58 textbook
436 610 107 56 for
568 607 560 72 teacher-training
1156 605 260 71 schools,
1435 605 85 71 by
1536 604 243 72 Joseph
1799 603 65 59 C.
1884 603 229 58 Brown

187 681 1925 74 … and Lotus D. Coffman … Chicago, New York, Row,
118 767 307 56 Peterson
460 766 123 56 and
618 780 307 54 company
960 795 13 41 [
973 770 21 22 c
998 763 164 72 1924]

187 855 58 54 vi,
272 856 78 44 391
383 869 39 39 p.
482 854 167 54 diagrs.
713 853 49 45 19
770 856 46 18 cm
823 889 9 8 .
895 852 131 54 [New
1057 851 236 46 education
1322 850 156 56 series]

190 926 221 46 “General
440 924 368 54 bibliography”:
840 938 41 38 p.
911 922 205 46 383-385.

119 996 53 54 ©
200 998 99 51 Jan.
327 997 68 51 24,
427 994 129 54 1925;
587 996 65 43 2c.
680 996 100 52 Jan.
810 995 77 52 30;
918 995 78 43 aff.
1027 995 99 51 Jan.
1154 994 80 51 29;
1267 993 43 43 A
1341 991 191 54 815973;
1567 994 129 51 Row,
1727 994 221 42 Peterson
1980 994 37 43 &
2046 1008 66 28 co.

197 1052 243 56 (25-3971)

120 1153 244 69 Brown,
405 1152 279 57 Richard
719 1151 308 71 Edmund,
1069 1152 190 57 1886-

189 1238 1860 75 Alternating current problems, by Richard E. Brown …
121 1320 151 57 New
295 1319 189 70 York,
511 1319 59 58 J.
597 1317 208 73 Wiley
830 1317 48 58 &
905 1337 162 52 sons,
1093 1318 150 70 inc.;
1292 1320 130 70 [etc.,
1451 1320 131 70 etc.]
1613 1318 165 56 1925.

189 1410 92 55 viii,
313 1411 55 45 84
397 1425 39 39 p.
496 1409 128 52 illus.,
658 1409 166 54 diagrs.
887 1410 52 45 19½
972 1412 47 17 cm
1025 1444 9 9 .
1147 1406 125 56 $1.25

120 1481 53 54 ©
200 1483 99 52 Jan.
328 1481 36 51 6,
397 1480 129 54 1925;
555 1482 67 42 2c.
651 1482 88 43 and
766 1482 79 45 aff.
873 1483 99 51 Jan.
1002 1483 79 51 31;
1110 1482 45 42 A
1182 1479 190 54 814858;
1405 1482 54 43 R.
1491 1480 51 47 E.
1575 1482 179 50 Brown,
1789 1481 325 53 Philadelphia.

199 1537 242 56 (25-3742)

121 1636 265 73 Burrell,
427 1637 241 73 George
705 1636 258 72 Arthur,
1004 1640 189 56 1882-

192 1728 131 59 The
354 1747 300 53 recovery
685 1728 67 58 of
783 1728 280 73 gasoline
1096 1729 168 56 from
1294 1728 257 58 natural
1580 1747 132 54 gas,
1743 1728 154 58 with
1929 1750 36 37 a
122 1728 1973 136 discussion

414 1805 1708 73 of motor fuels, by George A. Burrell … New
122 1884 189 72 York,
345 1884 176 57 Book
552 1884 415 71 department,
1003 1883 129 58 The
1170 1883 315 59 Chemical
1516 1884 248 73 catalog
1797 1903 323 55 company,

120 1961 135 74 inc.,
288 1963 166 56 1925.

193 2052 82 46 600
311 2068 39 38 p.
412 2052 128 52 illus.,
579 2052 142 45 tables
767 2052 48 54 (1
856 2052 136 54 fold.)
1038 2052 167 54 diagrs.
1265 2053 53 44 23½c
1371 2055 29 18 m
1407 2088 9 8 .
1485 2053 272 55 (American
1794 2053 216 47 chemical
123 2071 1980 93 society.
313 2109 289 54 Monograph
633 2109 163 54 series)

122 2179 53 54 ©
204 2180 106 44 Feb.
341 2179 36 53 5,
410 2179 130 53 1925;
567 2180 66 43 2c.
661 2180 87 43 and
776 2180 79 43 aff.
885 2178 106 45 Feb.
1021 2179 48 53 6;
1101 2180 45 42 A
1174 2180 189 53 814929;
1397 2180 231 45 Chemical
1659 2183 179 52 catalog
1869 2197 81 39 co.,
1979 2183 83 44 inc.

200 2235 243 56 (25-3739)

126 2336 191 73 Cady,
353 2335 261 59 Francis
647 2335 267 73 Elmore,
951 2337 190 58 1876-
1298 2337 91 59 ed.

196 2426 434 73 Illuminating
653 2426 422 74 engineering,
1096 2430 316 69 prepared
1433 2429 83 72 by
1538 2449 36 37 a
1598 2429 155 59 staff
1776 2431 67 58 of
125 2432 1976 131 specialists

268 2505 107 57 for
402 2506 286 58 students
719 2506 124 56 and
870 2503 358 74 engineers;
1260 2505 255 75 editors,
1545 2507 264 59 Francis
1840 2509 74 57 E.
1948 2509 176 74 Cady

194 2582 1927 77 … Henry B. Dates … Contributors, L. J. Buttolph, F. E.
129 2661 1994 77 Cady [and others] … New York, J. Wiley & sons, inc.;
128 2742 147 70 [etc.,
310 2742 129 70 etc.]
473 2739 165 56 1925.

194 2831 96 54 xiii,
318 2830 82 45 486
426 2845 40 38 p.
495 2830 100 44 incl.
625 2828 129 55 illus.,
784 2829 154 52 tables,
967 2829 168 54 diagrs.
1193 2830 157 53 plates.
1408 2831 53 44 23½cm.
1674 2830 126 56 $5.00

196 2901 100 45 The
323 2902 140 52 plates
493 2901 167 44 consist
687 2900 50 45 of
764 2900 183 45 colored
972 2901 213 44 mounted
1213 2900 207 54 samples.

198 2971 274 45 “Collateral
504 2970 212 54 reading”
746 2981 46 35 at
821 2972 84 43 end
933 2971 52 44 of
1012 2970 109 45 each
1151 2970 198 54 chapter.

125 3043 54 53 ©
207 3046 100 51 Jan.
336 3044 67 52 24,
438 3043 129 52 1925;
596 3044 65 43 2c.
691 3043 87 43 and
807 3043 78 43 aff.
917 3042 105 44 Feb.
1053 3043 51 52 4;
1135 3042 43 43 A
1208 3043 190 52 814913;
1431 3042 49 44 F.
1513 3044 52 47 E.
1600 3043 125 55 Cady
1755 3046 87 43 and
1873 3048 163 51 Henry
2071 3049 51 42 B.

197 3101 157 52 Dates,
384 3099 254 45 Cleveland.
708 3097 243 56 (25-3741)

131 3202 317 70 Cameron,
487 3198 282 61 William
805 3200 183 72 John,
1029 3203 190 57 1879-

204 3291 338 73 Diagnosis
569 3292 84 71 by
676 3290 632 71 transillumination;
1338 3313 36 37 a
1398 3294 262 58 treatise
1686 3314 81 38 on
1792 3296 102 57 the
1920 3315 111 40 use
2059 3298 68 58 of

130 3369 601 58 transillumination
768 3368 69 57 in
876 3368 322 73 diagnosis
1241 3369 67 57 of
1348 3370 278 59 infected
1666 3372 349 61 conditions
2059 3376 68 57 of

130 3448 103 57 the
261 3447 213 58 dental
497 3465 255 53 process
783 3448 123 56 and
931 3445 257 59 various
1220 3447 98 56 air
1348 3447 241 59 sinuses
1619 3449 153 58 with
1801 3471 36 37 a
1867 3450 261 74 chapter

131 3544 79 38 on
242 3524 104 58 the
381 3524 249 58 electric
662 3527 124 54 test
821 3524 104 57 for
958 3524 152 71 pulp
1143 3523 272 74 vitality,
1450 3526 84 71 by
1565 3526 98 58 W.
1700 3528 60 58 J.
1800 3527 325 75 Cameron,

131 3601 1995 158 PH. G.; compiled … in collaboration with leading physicians, dentists and diagnosticians … [5th ed.] Chicago,
134 3756 365 61 Cameron’s
531 3756 363 74 publishing
926 3776 86 39 co.
1052 3787 13 44 [
1065 3767 19 21 c
1089 3758 164 73 1924]

202 3845 1395 56 5 p. l ., 15-64 p. front. (port.) illus. (part col.) 23 cm .
131 3902 52 54 ©
234 3905 108 42 Dec.
373 3905 33 50 1,
438 3904 104 43 1924;
595 3904 65 42 2c.
686 3904 99 51 Jan.
809 3904 67 51 20,
907 3902 129 52 1925;
1066 3904 79 42 aff.
1173 3904 108 43 Dec.
1313 3904 63 52 12,
1405 3905 130 52 1924;
1566 3906 43 43 A
1637 3905 189 54 815679;
1862 3907 260 46 Cameron’s

201 3960 99 51 pub.
333 3976 65 27 co.
463 3957 66 55 [©
563 3959 142 44 entire
738 3967 101 44 part
869 3960 39 52 2,
940 3960 88 43 and
1060 3960 148 43 minor
1238 3959 195 54 changes
1468 3963 87 43 and
1590 3963 223 45 additions
1847 3965 278 53 throughout

203 4017 66 43 1st
296 4023 114 46 part]
481 4015 242 54 (25-3478)
