2533 4412
0 0 0 0 686
377 420 186 72 Page,
599 420 221 74 Kirby.

522 497 1861 77 … Imperialism and nationalism; a study of conflict in
376 575 102 57 the
509 576 171 56 Near
708 576 160 58 East
898 578 124 56 and
1050 577 68 57 of
1143 576 105 59 the
1275 576 353 59 territorial
1660 578 124 58 and
1812 578 312 59 economic
378 598 1980 111 expansion

545 652 1836 76 of the United States, by Kirby Page … New York,
378 729 241 73 George
647 730 80 57 H.
758 730 217 57 Doran
1001 747 309 56 company
1339 759 15 45 [
1355 738 19 24 c
1377 731 167 74 1925]

443 808 56 44 96
529 822 42 38 p.
634 808 49 44 19½c
737 809 29 17 m
773 842 8 8 .
851 806 333 55 (Christianity
1215 807 91 44 and
1336 807 150 44 world
1516 809 249 52 problems,
1797 824 75 28 no.
1903 808 52 54 9)

375 862 53 54 ©
453 864 113 52 Apr.
592 865 67 52 24,
689 862 130 55 1925;
845 865 66 44 2c.
937 865 114 52 Apr.
1077 864 79 54 29;
1185 865 79 44 aff.
1291 865 113 53 Apr.
1428 865 80 54 28;
1539 867 44 43 A
1609 866 191 54 829113;
1832 864 177 56 George
2036 867 62 44 H.
2128 867 158 45 Doran
2312 884 66 29 co.

453 919 272 57 (25-11118)

375 1007 204 72 Petty,
623 1006 275 59 Orlando
941 1006 60 58 H
1317 1009 190 58 1874-

453 1083 317 73 Diabetes,
814 1084 85 57 its
944 1087 342 55 treatment
1328 1085 85 72 by
1453 1084 234 58 insulin
1732 1087 124 56 and
1898 1086 159 71 diet;
2104 1107 35 37 a
373 1087 1978 133 handbook

558 1161 1818 75 for the patient, by Orlando H. Petty … and William
373 1239 1999 76 H. Stoner … Philadelphia, F. A. Davis company, 1925.
454 1320 77 43 133
564 1335 40 37 p.
665 1317 130 52 illus.,
830 1318 168 53 diagrs.
1058 1318 54 45 20
1119 1321 47 18 cm
1172 1354 9 9 .

451 1376 206 46 “Second
693 1374 209 46 edition.”

373 1430 53 55 ©
461 1431 116 53 June
614 1432 64 52 19,
717 1429 103 46 1925;
884 1431 65 44 2c.
985 1431 116 53 June
1135 1430 53 45 29;
1253 1431 80 44 aff.
1370 1431 114 53 June
1521 1431 54 45 27;
1638 1433 44 43 A
1717 1430 166 48 855693;
1948 1431 50 46 F.
2037 1433 57 43 A.
2131 1433 144 46 Davis
2313 1449 64 29 co.

432 1487 67 55 [©
535 1504 99 29 new
670 1496 169 36 matter
875 1489 43 42 in
953 1488 75 44 the
1065 1496 113 45 text]
1250 1486 273 57 (25-11838)

373 1572 383 73 Phillimore,
788 1574 137 56 Mrs.

450 1653 178 56 Paul,
713 1652 156 71 chap
907 1654 34 55 3
986 1651 264 73 (contd.)

467 1734 60 39 (In
558 1731 177 42 Nation
768 1732 40 41 &
840 1732 82 40 the
954 1730 306 52 athenaeum)

368 1784 2008 55 © 1c. July 13, 1925; A ad int. 7100; pubd. May 16; George H. Doran co.,
443 1843 117 44 New
595 1844 143 43 York.

373 1927 268 71 Pietsch,
679 1925 177 72 Karl,
897 1927 90 57 ed.

452 2006 276 74 Spanish
753 2005 166 74 grail
939 2005 357 74 fragments:
1355 2004 82 57 El
1457 2004 162 59 libro
1646 2004 75 59 de
1741 2004 81 59 Jo
1830 2023 108 54 sep
1958 2003 417 75 Abarimatia,

371 2087 92 55 La
498 2085 238 58 estoria
767 2086 74 56 de
875 2084 247 72 Merlin,
1158 2083 369 72 Lançarote,
1564 2083 211 59 edited
1806 2083 168 57 from
2007 2083 105 58 the
2146 2083 229 71 unique

370 2163 410 71 manuscript,
821 2163 83 71 by
942 2162 166 57 Karl
1146 2161 271 58 Pietsch,
1498 2181 55 37 v.
1597 2163 50 55 2.
1693 2159 461 74 Commentary.
372 2160 1980 154 Chicago,

574 2241 118 71 Ill.,
724 2242 129 56 The
883 2239 376 73 University
1289 2239 66 58 of
1390 2239 271 72 Chicago
1691 2258 184 52 press
1911 2269 13 43 [
1924 2246 21 22 c
1949 2240 165 72 1925]

440 2319 96 51 xiii,
564 2316 79 46 255
673 2333 39 37 p.
768 2318 53 43 24
827 2320 47 17 cm
882 2352 8 9 .
985 2316 267 53 (Half-title:
1284 2315 101 45 The
1411 2316 188 44 modern
1628 2315 231 54 philology
1889 2315 304 54 monographs
2223 2314 50 45 of
2301 2315 77 45 the

370 2374 267 53 University
667 2373 52 45 of
750 2373 228 54 Chicago)

371 2431 53 53 ©
451 2432 107 53 July
590 2433 35 50 1,
658 2429 130 54 1925;
819 2432 65 41 2c.
913 2430 87 43 and
1028 2430 79 43 aff.
1135 2429 107 53 July
1270 2431 50 51 8;
1351 2429 44 42 A
1425 2426 190 54 855789;
1647 2427 267 54 University
1942 2427 52 45 of
2024 2427 214 54 Chicago,
441 2427 1912 115 Chicago.

372 2573 292 74 Priestly,
706 2573 170 58 John
914 2572 306 72 Boynton,
1261 2572 190 57 1894-

449 2647 1855 77 The English comic characters, by J. B. Priestly …
370 2731 278 72 London,
682 2730 171 58 John
884 2729 171 56 Lane
1092 2729 182 74 [1925]

442 2806 546 54 5 p. l., 276 p. 19 ½ cm .
370 2858 1695 59 © 1c. June 1, 1925; A ad int. 6970; pubd. Apr. 24; John Lane.
372 2948 296 76 [Quarles,
703 2948 153 56 Mrs.
892 2946 83 56 M.
1011 2945 93 74 D.]

451 3028 165 56 That
638 3045 136 40 new
796 3025 199 57 world
1017 3023 200 58 which
1242 3023 54 57 is
1322 3023 104 56 the
1455 3022 120 72 old,
1601 3022 84 71 by
1708 3020 333 57 Elizabeth
2063 3018 301 73 Powel(1)

390 3098 1981 81 [pseud.] … Baltimore, The Norman, Remington co., 1924.
437 3179 656 57 4 p. l., [7]-171 p. 19½ cm .
370 3238 53 54 ©
453 3241 108 42 Dec.
587 3239 65 47 20,
687 3238 105 43 1924;
847 3238 64 41 2c.
942 3237 109 43 Dec.
1081 3236 77 52 31;
1190 3235 78 43 aff.
1299 3235 110 42 Dec.
1439 3233 77 52 30;
1548 3233 43 42 A
1621 3232 189 53 814486;
1844 3232 220 51 Norman,
2098 3231 275 52 Remington

439 3311 66 29 co.
575 3293 271 57 (25-11368)

371 3381 294 71 Rickard,
702 3381 153 56 Mrs.
892 3378 234 59 Victor.

447 3461 128 56 Not
610 3458 301 58 sufficient
944 3457 307 57 evidence,
1337 3455 210 70 chaps.
1583 3455 128 55 4-6.

444 3538 81 50 (In
555 3538 170 41 Nash’s
756 3536 257 52 magazine,
1044 3537 135 50 June,
1212 3532 128 52 1925)

370 3584 1978 111 © 1c. July 14, 1925; A ad int. 7102 , pubd. May 19; Mrs. V. Rickard, London.
372 3738 146 71 Roz,
555 3733 260 72 Finnin,
854 3735 191 58 1866-

372 3804 1970 158 … Souvenirs d’un lycéen français, edited, with introduction,
676 3881 1622 79 notes and vocabulary, by Kenneth. McKenzie …
371 3976 152 56 New
545 3971 175 59 York
745 3973 47 56 &
817 3970 277 71 London,
1124 3969 131 57 The
1284 3966 279 72 Century
1590 3984 108 53 co.,
1728 3964 166 58 1925.
