2533 4412
1102 4106 72 56 15

202 443 1924 72 … The Southwestern, reporter. v. 262.
1554 520 157 71 July
1759 520 230 71 9-July
2038 521 90 72 30,

213 603 164 55 1924.
449 600 90 58 St.
573 601 177 71 Paul,
781 600 181 57 West
991 598 363 72 publishing
1384 616 106 53 co.,
1525 598 164 56 1924.

203 678 91 50 xiv,
330 676 104 44 1178
464 692 39 37 p.
563 676 53 43 26½
652 679 46 17 cm
705 711 8 8 .
783 675 244 54 (National
1059 681 204 44 reporter
1295 672 357 54 system—State
1685 674 165 52 series)

135 732 54 54 ©
219 734 100 44 Oct.
349 734 39 52 8,
421 734 129 51 1924;
579 734 65 42 2c.
674 733 99 52 Jan.
808 733 61 50 13,
905 731 129 52 1925;
1067 732 78 42 aff.
1175 732 99 51 Jan.
1309 731 74 51 12;
1416 731 43 42 A
1491 729 189 53 815570;
1713 730 132 44 West
1874 731 101 52 pub.
2007 746 65 28 co.

137 847 268 71 Stetson,
439 848 151 58 Mrs.
625 845 293 72 Augusta
949 845 222 57 Emma
1211 844 372 73 (Simmons)

214 923 295 58 Sermons
535 922 198 57 which
762 922 361 71 spiritually
1146 921 314 71 interpret
1484 922 103 59 the
1617 921 361 72 Scriptures
2008 923 123 57 and

137 1001 178 58 other
344 1000 286 72 writings
662 1019 79 38 on
774 999 323 59 Christian
1128 999 268 71 science;
1429 1018 35 37 a
1494 999 250 72 history
1776 999 69 58 of
1873 1000 258 71 pioneer

139 1083 171 67 steps
351 1079 66 59 in
458 1078 323 59 Christian
821 1078 253 71 science,
1113 1076 201 57 which
1351 1077 100 57 led
1490 1080 63 54 to
1595 1077 286 72 building
1921 1080 135 55 “on
2095 1098 35 37 a

136 1157 226 71 wholly
407 1156 295 71 spiritual
742 1156 450 71 foundation”,
1235 1155 65 56 in
1345 1155 329 57 obedience
1719 1158 64 54 to
1828 1156 104 57 the
138 1174 1967 133 message
320 1235 166 55 from
521 1233 186 71 Mary
736 1233 208 56 Baker
976 1233 203 72 Eddy,
1215 1232 356 58 discoverer
1605 1233 122 57 and
1758 1233 272 57 founder
2065 1234 67 57 of

140 1311 321 60 Christian
497 1312 254 70 science,
789 1313 63 54 to
885 1311 113 57 her
1033 1312 205 56 “dear
1271 1311 300 57 brethren
1600 1310 66 57 in
1699 1311 152 58 New
1884 1311 247 72 York”,

137 1388 1995 74 dated January 16, 1909; by Augusta E. Stetson … New
137 1469 173 57 York
340 1469 123 56 and
494 1468 277 71 London,
806 1467 69 58 G.
908 1467 70 57 P.
1013 1468 333 56 Putnam’s
1383 1486 165 52 sons,
1583 1468 166 57 1924.

215 1549 91 48 lxv,
333 1545 106 46 1277
461 1562 40 37 p.
561 1546 82 44 col.
669 1546 150 51 front.,
843 1546 141 51 plates
1011 1547 126 52 (part
1159 1545 109 53 col.)
1300 1552 138 51 ports.
1466 1546 126 51 (part
1614 1547 110 49 col.)
1758 1545 197 45 facsims.
2015 1547 50 42 21
2075 1548 46 17 cm
2127 1581 8 8 .

138 1602 54 54 ©
227 1604 97 52 Jan,
360 1604 40 51 2,
440 1602 129 51 1925;
606 1603 64 43 2c.
707 1603 99 52 Jan.
845 1601 50 53 7;
934 1603 78 43 aff.
1051 1603 99 52 Jan.
1189 1602 49 52 6;
1278 1603 43 42 A
1358 1602 190 53 815482;
1589 1604 56 42 A.
1685 1602 52 46 E.
1780 1602 196 54 Stetson,
2015 1604 115 43 New

206 1661 143 43 York.
419 1657 243 56 (25-1741)

140 1774 220 56 Texas.
440 1773 304 72 Supreme
780 1776 191 53 court.

217 1849 1917 75 Texas reports. Cases adjudged … from May, 1923, to
139 1930 167 69 May,
338 1930 163 55 1924.
570 1928 320 70 Reported
917 1928 84 70 by
1025 1927 75 56 A.
1132 1928 71 56 E.
1233 1928 370 58 Wilkinson,
1672 1949 56 37 v.
1761 1932 126 55 113.
139 1931 1970 149 [Austin,
283 2006 163 73 Tex.]
482 2006 128 57 The
645 2005 180 59 State
855 2005 66 57 of
954 2006 221 72 Texas,
1211 2006 163 57 1924.

207 2085 97 50 xxi,
331 2082 81 43 662
439 2097 39 37 p.
535 2083 52 43 23½
624 2085 46 17 cm
677 2118 8 8 .

139 2137 54 54 ©
225 2140 108 42 Dec.
369 2140 61 50 12,
467 2139 128 51 1924;
630 2139 63 42 2c.
727 2140 108 43 Dec.
872 2138 74 52 15;
981 2140 78 42 aff.
1093 2140 98 52 Jan.
1225 2140 36 49 8,
1301 2139 130 53 1925;
1467 2141 43 42 A
1543 2141 191 53 815496;
1770 2143 167 44 Alfred
1970 2143 164 46 Ernest

209 2196 273 52 Wilkinson,
510 2196 178 52 Austin,
720 2194 113 45 Tex.

141 2295 298 72 Thurber,
477 2295 329 58 Roderick.

218 2372 370 58 Revelation
640 2374 68 55 of
763 2393 108 37 sex
923 2373 354 71 mysteries,
1331 2375 83 71 by
1467 2376 310 57 Roderick
1833 2377 302 59 Thurber.

144 2449 288 74 Chicago,
464 2451 128 56 The
620 2450 164 73 Yogi
811 2450 385 71 publication
1227 2451 253 72 society,
1512 2454 165 56 1924.

209 2529 79 42 221
320 2542 42 39 p.
424 2528 52 44 19½
508 2530 46 17 cm
560 2562 10 9 .

141 2583 54 55 ©
230 2586 110 44 Dec.
374 2583 67 48 27.
480 2585 128 51 1924;
646 2585 65 44 2c.
749 2585 108 44 Dec.
895 2585 77 52 31;
1011 2585 78 44 aff.
1127 2586 110 44 Dec.
1275 2586 78 53 29;
1393 2587 43 43 A
1473 2587 190 54 814490;
1704 2589 122 53 Yogi
1862 2590 273 53 publication

210 2658 88 28 soc.
367 2640 216 56 (25-699)

143 2744 255 71 Tolstoĭ,
435 2743 130 58 Lev
596 2743 427 72 Nikolaevich,
1060 2744 166 74 graf,
1261 2746 357 59 1828-1910.

221 2821 262 71 Tolstoy
529 2840 79 38 on
655 2824 119 68 art,
821 2822 83 71 by
949 2821 261 70 Aylmer
1261 2822 247 59 Maude.
1610 2823 260 74 Boston,
1925 2826 212 73 Small,

144 2899 313 71 Maynard
482 2898 51 59 &
561 2917 307 54 company
899 2928 13 43 [
915 2907 19 23 c
938 2898 164 74 1924]

212 2977 49 43 xi
288 2991 55 38 p.,
372 2978 20 41 1
441 3011 21 16 l.,
490 2975 82 46 504
595 2991 40 38 p.
699 2975 143 45 front.
879 2978 52 52 (2
956 2977 144 52 port.)
1134 2978 159 52 plates.
1352 2979 57 44 24½
1442 2980 47 19 cm
1495 3013 9 8 .

214 3032 141 47 “This
383 3034 186 43 volume
600 3040 223 46 presents,
859 3034 77 43 for
966 3033 76 44 the
1073 3035 102 43 first
1204 3033 112 45 time
1347 3035 45 43 in
1425 3034 208 55 English,
1664 3052 25 28 a
1720 3039 225 52 complete
143 3040 1976 95 collection
269 3091 53 44 of
349 3089 234 54 Tolstoy’s
611 3106 154 37 essays
793 3106 59 30 on
882 3091 304 45 art.”—Pref.

142 3147 54 54 ©
231 3149 117 43 Nov.
377 3149 69 53 29,
481 3149 105 43 1924;
644 3150 63 42 2c.
741 3150 87 42 and
860 3150 78 43 aff.
972 3150 99 52 Jan.
1103 3151 39 52 2,
1179 3149 130 52 1925;
1343 3150 43 42 A
1421 3149 189 55 814508;
1649 3151 161 55 Small,.
1839 3155 228 53 Maynard
2101 3157 37 44 &

213 3222 77 36 co.,
325 3206 82 43 inc.
477 3205 242 55 (25-1582)

146 3306 251 72 Torrey,
436 3305 256 58 Reuben
726 3305 257 73 Archer,
1026 3309 190 56 1856-

223 3383 129 57 The
377 3402 211 51 power
615 3385 66 56 of
705 3401 235 53 prayer
968 3385 122 56 and
1116 3384 104 57 the
1246 3402 234 53 prayer
1507 3387 67 55 of
1599 3405 228 55 power,
1853 3389 85 72 by
1963 3391 71 55 R.
2062 3390 75 56 A.

147 3461 257 70 Torrey,
471 3507 10 11 D.
550 3506 10 10 D.
636 3460 151 57 New
809 3460 190 72 York,
1029 3459 270 74 Chicago
1328 3464 146 70 [etc.]
1502 3462 290 75 Fleming
1816 3465 79 58 H.
1923 3467 217 58 Revell

146 3556 304 53 company
487 3567 13 39 [
500 3546 22 22 c
524 3539 163 72 1924]

213 3615 82 43 246
324 3628 39 39 p.
427 3615 50 44 19½
511 3616 15 19 cm
563 3648 10 10 .

145 3668 54 54 ©
231 3671 118 44 Nov.
380 3672 37 47 8,
452 3672 130 47 1924;
614 3672 64 43 2c.
712 3673 87 43 and
830 3673 79 42 aff.
941 3673 99 52 Jan.
1077 3673 64 51 10,
1175 3671 130 53 1925;
1339 3673 43 42 A
1415 3673 189 53 815524;
1641 3675 208 54 Fleming
1881 3678 61 43 H.
1977 3679 159 43 Revell

217 3743 64 28 co,
351 3726 241 57 (25-1672)

148 3825 362 73 Townsend,
547 3827 275 59 William
866 3828 97 59 W.

147 3904 1967 137 Bond salesmanship, by William W. Townsend … written at the
531 3987 251 68 request
820 3985 122 57 and
978 3984 331 72 published
1347 3987 201 57 under
1583 3988 103 58 the
1726 3988 304 60 direction
2072 3990 68 59 of
