2533 4412
0 0 0 0 1278
449 491 76 51 vii,
558 506 68 35 [1],
657 489 82 44 296
768 504 38 37 p.
869 488 114 44 illus.
1045 490 52 43 20
1105 491 47 17 cm
1159 524 7 7 .
1231 488 113 48 [The
1375 489 327 54 Edson-Laing
1732 492 153 46 series]

382 559 52 53 ©
462 560 120 52 Aug.
611 560 65 51 24,
712 557 104 45 1925;
872 560 64 42 2c.
967 561 86 42 and
1083 560 78 42 aff.
1194 560 118 53 Aug.
1343 560 78 52 26;
1455 560 44 42 A
1528 559 190 54 861573;
1754 561 131 54 Benj.
1917 563 61 42 H.
2013 561 205 46 Sanborn
2251 564 37 43 &
2318 578 66 29 co.

461 614 272 56 (25-21517)

382 717 260 68 Enders,
675 719 154 56 Mrs.
865 716 331 60 Elizabeth
1229 717 250 72 Crump.

381 809 2004 156 Temple bells and silver sails, by Elizabeth Crump Enders … New York, London, D. Appleton and company,
382 968 165 56 1925.

449 1058 67 46 xii
542 1074 54 35 p.,
627 1061 19 43 1
693 1094 22 15 l.,
741 1059 82 45 337
848 1074 40 36 p.
950 1060 154 49 front.,
1131 1058 157 52 plates.
1348 1061 51 44 21
1409 1062 48 18 cm
1463 1097 9 9 .

451 1131 112 49 Map
593 1144 58 29 on
685 1130 126 44 front
841 1128 320 53 lining-paper.

382 1195 53 54 ©
470 1198 101 43 Oct.
610 1198 62 50 16,
709 1196 129 53 1925;
873 1198 64 43 2c.
972 1199 86 42 and
1091 1199 78 42 aff.
1205 1199 101 43 Oct.
1340 1198 78 53 20;
1454 1199 43 41 A
1532 1198 188 52 869620;
1752 1200 63 42 D.
1852 1200 228 52 Appleton
2114 1202 87 42 and
2235 1217 63 27 co.

461 1252 271 56 (25-21428)

382 1353 286 72 Erskine,
708 1354 187 73 John,
935 1356 191 58 1879-

460 1446 128 58 The
630 1445 249 72 private
919 1444 112 62 life
1077 1446 66 58 of
1182 1445 201 59 Helen
1425 1446 68 58 of
1536 1446 188 74 Troy,
1765 1447 83 73 by
1889 1446 171 60 John
2099 1446 289 61 Erskine.

383 1524 452 73 Indianapolis,
871 1525 130 60 The
1037 1524 488 58 Bobbs-Merrill
1557 1542 309 56 company
1900 1555 14 44 [
1916 1534 17 21 c
1938 1527 165 73 1925]

451 1617 81 44 304
570 1631 38 38 p.
670 1617 53 43 20
730 1618 46 17 cm
784 1650 9 9 .

383 1687 52 53 ©
468 1689 101 43 Oct.
601 1688 66 43 23.
701 1686 130 54 1925;
862 1689 66 42 2c.
962 1689 101 43 Oct.
1094 1688 78 52 28;
1208 1689 78 42 aff.
1321 1689 101 43 Oct.
1455 1688 78 52 26;
1568 1689 44 42 A
1645 1686 189 54 872195;
1871 1687 361 45 Bobbs-Merrill
2263 1703 66 28 co.

462 1743 272 56 (25-21590)

383 1844 373 74 Fairbanks,
796 1846 153 74 May
988 1845 64 59 C.

381 1935 2011 154 An enjoyable grammar, by May C. Fairbanks; a textbook for advanced night school students … Third year
385 2115 238 51 course,
657 2099 97 54 set
784 2096 50 56 3.
910 2095 273 74 [Duluth,
1219 2096 215 72 Minn.,
1467 2096 214 57 Board
1714 2095 68 57 of
1817 2095 345 74 education]
2200 2104 18 21 c
2222 2096 165 56 1925.

455 2188 17 40 1
502 2202 40 27 V.
598 2186 53 43 23c
678 2188 28 17 m
713 2221 7 8 .

451 2256 140 44 “This
622 2257 170 44 edition
821 2257 73 44 for
919 2272 79 29 use
1027 2258 43 42 in
1101 2258 72 44 the
1201 2257 174 43 Duluth
1402 2255 129 55 night
1561 2256 178 45 schools
1767 2257 51 44 of
1844 2256 458 44 Americanization.”

383 2326 53 54 ©
469 2327 120 53 Sept.
624 2328 61 51 14,
720 2326 104 45 1925;
882 2329 63 42 2c.
978 2329 86 42 and
1093 2329 78 42 aff.
1205 2329 101 43 Oct.
1337 2329 49 51 2;
1419 2328 44 42 A
1493 2327 190 52 864916;
1718 2329 64 42 M.
1819 2327 48 45 C.
1899 2327 268 53 Fairbanks,
2200 2327 185 51 Duluth,

455 2385 143 43 Minn.
669 2383 272 55 (25-21524)

383 2483 218 74 Finch,
644 2484 259 58 Charles
942 2484 235 74 Edgar.

455 2575 343 74 Everyday
853 2576 220 74 civics;
1132 2576 400 75 community,
1591 2579 183 72 state,
1831 2577 125 58 and
2008 2575 239 75 nation,
2302 2575 83 74 by

382 2654 1999 75 Charles Edgar Finch … New York, Cincinnati [etc.]
378 2734 337 58 American
742 2734 160 58 book
932 2753 309 55 company
1271 2764 13 44 [
1286 2742 17 21 c
1309 2736 165 72 1925]

451 2829 46 37 X,
523 2813 83 45 326
631 2829 40 38 p.
700 2813 104 44 incl.
833 2814 152 52 front.,
1012 2813 116 45 illus.
1193 2815 49 44 19
1248 2816 46 17 cm
1302 2852 9 10 .

384 2882 53 54 ©
470 2885 100 43 Oct.
601 2885 67 52 28,
701 2883 129 53 1925;
862 2886 65 42 2c.
958 2886 87 42 and
1074 2885 79 43 aff.
1189 2885 101 43 Oct.
1321 2885 78 52 31;
1432 2885 44 42 A
1508 2883 188 54 872244;
1730 2884 143 43 Amer.
1918 2884 120 43 book
2067 2898 66 28 co.

463 2940 271 55 (25-22063)

383 3040 306 73 Fletcher,
726 3041 155 74 Guy.

464 3133 235 73 Simple
736 3133 184 58 faith.

457 3213 80 50 (In
572 3213 334 42 Hutchinson’s
939 3213 259 52 magazine,
1232 3214 143 51 Sept.,
1411 3212 128 52 1925)

384 3262 2003 59 © 1c. Oct. 12, 1925; A ad int. 7332; pubd. Aug. 16; G. Fletcher, ℅ Hughes,
455 3325 171 43 Massie
667 3326 37 43 &
741 3340 79 37 co.,
864 3326 200 43 London.

384 3423 292 70 Garfield,
717 3423 202 59 Helen
954 3423 252 60 Newell.

458 3514 130 58 The
644 3515 253 58 Mentor
952 3516 275 72 practise
1286 3535 217 39 course
1560 3514 65 58 in
1681 3513 225 73 speech
1962 3511 263 73 reading
2279 3510 103 58 for

379 3592 227 74 adults,
641 3594 336 71 adaptable
1012 3600 63 53 to
1110 3595 85 57 all
1225 3595 288 57 methods
1548 3593 68 59 of
1647 3591 309 73 teaching,
1991 3591 84 72 by
2106 3587 278 62 Garfield

379 3672 123 57 and
535 3670 446 74 McCaughrin.
1055 3674 77 56 2d
1165 3674 90 57 ed.
1332 3672 371 74 [Cleveland]
1736 3670 203 58 Print,
1973 3667 161 74 priv.
2165 3666 83 73 by
2277 3666 105 58 the

378 3748 285 59 Premier
691 3767 203 55 press,
925 3752 166 57 1923.

452 3827 571 56 3 p. l ., 5-64 p. 23½ cm .
384 3877 1998 63 © Dec. 30, 1922; 1c. Mar. 20, 1925; 1c. May 25; aff. Apr. 23; A 869264;
455 3943 60 42 H.
548 3943 58 42 N.
639 3942 202 45 Garfield
871 3943 37 44 &
937 3946 125 51 Lucy
1092 3944 73 44 W.
1199 3942 332 54 McCaughrin,
1562 3941 257 45 Cleveland.
463 3997 271 55 (25-22054)
