2533 4412
1087 4032 149 56 1431

149 452 223 71 Henry
404 452 233 72 Ogden,
671 450 169 59 John
872 449 310 72 Harding,
1217 448 252 57 written
1499 449 83 71 by
1614 449 229 57 Lowell
1878 449 270 58 Thomas

218 526 1930 75 … Boston and New York, Houghton Mifflin company,
150 610 163 56 1925.

222 685 28 43 4
272 698 40 39 p.
337 684 44 53 1.,,
405 683 224 55 [vii]-xxii
654 698 56 38 p.,
737 685 17 41 1
802 718 23 18 l.,
849 683 82 44 328
951 697 41 38 p.
1054 682 151 51 front.,
1231 680 156 55 plates,
1412 690 154 44 ports.,
1591 682 163 45 double
1778 697 139 38 maps.
1978 682 51 45 25
2039 686 46 18 cm
2092 719 9 8 .

225 740 140 48 “This
392 740 252 53 autograph
672 738 166 46 edition
866 740 36 43 is
929 738 175 45 limited
1130 747 46 36 to
1203 740 87 43 five
1315 738 205 45 hundred
1545 740 87 43 and
1661 740 296 53 seventy-five
1986 739 165 53 copies,

156 799 157 53 signed
335 799 58 52 by
415 798 109 43 each
545 797 51 44 of
615 797 75 44 the
710 797 145 43 world
877 795 138 52 fliers,
1037 797 86 43 and
1147 796 244 43 numbered
1416 795 120 44 from
1557 811 84 30 one
1664 805 47 36 to
1734 797 86 44 five
1840 796 203 45 hundred
2066 799 84 42 and

155 854 311 54 seventy-five,
495 854 53 46 of
579 852 147 47 which
754 854 87 44 five
868 853 204 45 hundred
1100 854 86 44 and
1217 852 103 54 fifty
1349 867 77 30 are
1455 852 74 45 for
1557 853 106 45 sale.
1720 852 112 46 This
1863 849 36 50 is
1927 869 70 29 no.
2030 853 120 46 551.”

153 913 52 54 ©
238 915 118 43 Nov.
393 915 61 49 13,
491 912 131 52 1925;
655 913 65 44 2c.
753 913 118 43 Nov.
907 911 73 52 16;
1016 912 78 43 aff.
1128 912 118 43 Nov.
1285 913 72 50 14;
1394 912 43 42 A
1471 909 189 54 872476;
1696 912 253 53 Houghton
1984 912 165 44 Mifflin

223 987 65 28 co.
358 968 269 57 (25-24045)

156 1084 311 72 Thomazi,
507 1084 285 72 Auguste
831 1082 289 71 Antoine,
1164 1085 191 57 1873-

156 1175 1999 152 … La marine française dans la grande guerre (1914-1918) [t. 2]
587 1253 93 56 La
708 1272 224 53 guerre
961 1253 223 56 navale
1217 1253 154 57 dans
1404 1252 459 72 l’Adriatique;
1897 1253 254 72 préface

155 1333 81 56 du
266 1331 387 57 vice-amiral
683 1330 254 57 Lacaze.
1009 1329 205 71 Paris,
1248 1330 221 72 Payot,
1504 1331 166 56 1925.

155 1405 1974 111 3 p. l., [9]-247 p. maps. 23 cm . (Collection de mémoires, etudes et documents pour servir
638 1464 28 43 à
691 1463 220 45 l’histoire
939 1464 55 43 de
1023 1464 43 43 la
1095 1478 165 39 guerre
1287 1463 250 53 mondiale)

223 1522 65 42 At
319 1521 112 44 head
463 1520 50 45 of
545 1520 97 44 title:
703 1520 56 44 A.
792 1519 235 45 Thomazi.

226 1577 233 44 “Premier
489 1578 146 52 tirage
668 1577 253 52 septembre
954 1575 146 45 1925.”

225 1634 151 43 “Liste
406 1634 77 43 des
512 1634 260 43 documents
804 1639 43 37 et
876 1647 223 38 ouvrages
1131 1631 253 45 consultés”:
1446 1647 38 37 p.
1533 1631 95 54 [230]

155 1687 1503 55 © Nov. 13, 1925; 1c. Dec. 18; A— Foreign 29457; Payot.
160 1803 280 73 Trapier,
477 1804 329 58 Elizabeth
836 1804 103 57 Du
972 1804 147 58 Gue.

230 1897 1926 74 El Greco, by Elizabeth Du Gue Trapier … New York,
156 1976 128 57 The
316 1975 311 72 Hispanic
660 1975 235 72 society
926 1975 67 58 of
1024 1975 310 71 America,
1370 1976 164 57 1925.

225 2053 1929 56 xii p., 1 l., 186 p. col. front., xxxv pl. (incl. ports.) 17 cm . ( Half-title :
159 2111 222 52 Hispanic
400 2119 128 35 notes
551 2112 37 43 &
609 2111 306 52 monographs;
966 2125 169 37 essays,
1158 2111 182 51 studies,
1363 2112 84 43 and
1473 2111 122 44 brief
1616 2110 287 55 biographies
1927 2112 148 44 issued
2100 2113 58 52 by

159 2167 73 45 the
259 2167 223 53 Hispanic
508 2167 170 53 society
703 2168 52 44 of
780 2169 226 43 America.
1069 2167 273 45 Peninsular
1368 2167 164 54 series)

228 2224 354 54 Bibliography:
615 2239 41 38 p.
683 2224 203 46 159-168.

158 2281 53 54 ©
240 2284 118 52 Aug.
387 2283 66 50 29,
487 2281 128 52 1925;
647 2283 63 43 2c.
745 2282 120 53 Sept.
895 2283 49 51 2;
977 2283 79 43 aff.
1089 2283 120 43 Nov.
1244 2283 74 51 18;
1350 2284 44 41 A
1425 2281 189 54 872508;
1648 2282 220 53 Hispanic
1902 2282 170 53 society
2102 2282 52 45 of

226 2340 228 43 America.
524 2337 270 56 (25-24056)

156 2438 452 72 Vandervelde,
645 2441 183 57 Mme.
868 2437 181 59 Lalla
1092 2439 298 73 (Speyer)

235 2531 335 57 Monarchs
635 2532 124 57 and
819 2531 431 71 millionaires,
1313 2532 84 69 by
1458 2532 177 56 Lalla
1698 2531 455 58 Vandervelde.

158 2609 276 71 London,
475 2609 65 56 T.
578 2609 434 57 Butterworth
1044 2609 243 59 limited
1326 2611 180 73 [1925]

226 2688 1014 51 3 p. l., 11-320 p. front. (port.) 23 cm .
159 2740 53 54 ©
270 2758 34 27 1c.
340 2743 100 43 Oct.
471 2742 69 49 27,
574 2742 128 52 1925;
737 2743 43 42 A
811 2744 56 42 ad
898 2744 78 43 int.
1008 2741 132 53 7404;
1175 2744 131 51 pubd.
1341 2744 101 43 Oct.
1475 2743 51 47 8;
1560 2742 243 45 Thornton
1832 2742 325 53 Butterworth,

229 2799 77 43 ltd.
375 2798 270 54 (25-25210)

160 2898 273 71 Walker,
467 2900 178 57 Beth.

232 2988 1923 80 Psalms for lovers [by] Beth Walker … frontispiece by
157 3067 278 58 Rebecca
462 3066 224 60 Cordis
711 3068 164 58 Low.
957 3067 258 73 Boston,
1240 3068 71 56 R.
1339 3066 70 60 G.
1433 3067 256 73 Badger
1715 3098 12 43 [
1728 3077 20 22 c
1751 3069 166 72 1925]

232 3144 780 56 4 p. l., 7-46 p. front. 19½ cm .
158 3202 55 53 ©
244 3204 100 43 Oct.
376 3205 61 48 14,
471 3202 129 53 1925;
631 3205 63 42 2c.
726 3205 118 42 Nov.
873 3205 77 50 21;
983 3204 78 43 aff.
1094 3204 118 43 Nov.
1247 3205 73 49 19;
1354 3204 43 42 A
1428 3201 187 54 872550;
1651 3195 197 53 Richard
1879 3204 52 45 G.
1965 3204 191 53 Badger.

241 3259 269 54 (25-24138)

163 3359 341 71 Wayburn,
539 3359 152 58 Ned.

239 3449 130 58 The
402 3453 101 53 art
535 3450 67 57 of
636 3453 176 69 stage
845 3450 300 72 dancing;
1179 3448 104 58 the
1317 3452 176 68 story
1526 3450 68 56 of
1625 3469 36 37 a
1693 3449 310 58 beautiful
2039 3450 121 60 and

161 3523 330 72 profitable
536 3528 380 70 profession,
965 3546 36 37 a
1044 3527 253 56 manual
1342 3527 71 56 of
1459 3527 390 68 stage-craft,
1896 3527 84 72 by
2024 3528 137 57 Ned

160 3604 2002 72 Wayburn. New York, The Ned Wayburn studios of
164 3686 176 69 stage
374 3683 284 72 dancing,
691 3683 116 57 inc.
843 3683 203 73 [c1925]

233 3758 1327 56 4 p. l., 11-382 p. front., illus., plates, ports. 24 cm .
235 3817 207 45 Includes
474 3816 155 45 music.

166 3873 53 54 ©
255 3875 101 43 Oct.
391 3874 67 51 29,
495 3872 129 52 1925;
660 3874 65 44 2c.
759 3874 87 43 and
879 3874 77 42 aff.
995 3873 120 43 Nov.
1156 3873 73 52 10;
1267 3874 44 42 A
1346 3872 163 46 872383;
1576 3875 102 43 Ned
1714 3875 238 52 Wayburn
1989 3874 169 44 studios

235 3931 51 43 of
318 3939 125 44 stage
475 3930 204 52 dancing,
713 3930 81 43 inc.
864 3927 270 56 (25-24125)
