2533 4412
0 0 0 0 673
117 440 1968 136 American book prices current … Comp, from the auctioneers’
538 520 373 71 catalogues,
1020 539 47 36 [v.
1114 520 89 71 30,
1247 521 163 70 1924]
1492 518 151 57 New
1683 519 189 72 York,
1918 518 72 56 E.
2035 519 69 56 P.

192 597 240 56 Dutton
467 596 47 56 &
549 616 321 53 company,
909 598 163 56 1924.

186 673 91 51 xvi,
309 673 77 43 841
420 687 38 37 p.
517 673 52 43 23
578 675 47 18 cm
631 708 8 8 .

117 726 53 54 ©
198 729 114 52 June
340 730 65 50 30,
436 728 130 53 1925;
596 730 63 42 2c.
689 730 106 52 July
822 729 50 52 6;
903 730 78 42 aff.
1009 729 105 52 July
1143 729 50 51 3;
1225 730 44 41 A
1298 727 189 54 855772;
1519 728 52 47 E.
1604 729 50 42 P.
1687 728 176 44 Dutton
1891 729 38 43 &
1956 744 65 28 co.

117 826 331 58 American
481 826 466 74 foundrymen’s
980 826 393 59 association.

113 918 1971 150 Transactions … Proceedings of the 28th annual meeting,
271 997 385 71 Milwaukee,
687 997 175 74 Wis.,
898 997 267 58 October
1196 998 71 55 13
1301 1000 63 54 to
1399 997 89 71 16,
1523 999 164 54 1924.
1760 1017 56 36 v.
1855 999 88 55 32.
2013 1000 89 69 pt.

112 1073 1971 135 1, 2 … Ed. by Robert E. Kennedy. Chicago, Ill., American
281 1152 480 71 foundrymen’s
796 1152 395 73 association,
1227 1154 165 55 1925.

180 1228 1234 54 2 v. front. (port., pt. 1) illus., diagrs. 23 ½ cm .
460 1298 125 39 CONTENTS.—pt.
618 1292 35 36 1.
683 1286 193 50 Reports
907 1285 87 43 and
1023 1299 158 37 papers
1212 1285 236 52 presented
1477 1293 46 35 at
1554 1284 74 44 the
1658 1285 277 44 Milwaukee
114 1294 1967 98 meeting,
237 1347 159 45 except

432 1342 127 42 those
592 1356 59 28 on
686 1340 213 53 Foundry
936 1342 110 42 sand
1082 1341 458 53 investigation.—pt.
1576 1348 38 37 2.
1651 1342 169 52 Papers
1857 1343 95 44 and
113 1358 1969 82 committee
302 1405 174 43 reports

543 1412 29 27 on
608 1398 110 42 sand
756 1398 207 45 research
999 1398 238 51 presented
1274 1406 44 35 at
1355 1398 77 43 the
1470 1397 275 44 Milwaukee
1779 1399 199 52 meeting
2016 1400 88 42 and

113 1462 150 43 report
293 1455 51 42 of
375 1453 261 53 Geological
667 1469 161 37 survey
861 1455 49 43 of
941 1455 110 43 sand
1084 1469 246 29 resources.

112 1509 52 53 ©
198 1512 112 51 Apr.
342 1511 64 50 29,
445 1510 102 44 1925;
608 1512 64 42 2c.
707 1512 107 42 each
848 1512 87 42 and
967 1512 102 42 affs.
1106 1513 112 51 May
1251 1512 27 41 2;
1338 1513 44 41 A
1417 1511 177 52 823983,
1629 1512 164 43 823984;
1855 1512 247 44 American

183 1566 335 53 foundrymen’s
548 1582 116 28 assn.

111 1666 247 71 Atkins,
397 1666 224 58 David.

190 1757 126 58 The
349 1761 458 54 measurement
841 1757 68 57 of
942 1757 311 58 economic
1284 1759 202 69 value,
1519 1760 83 70 by
1633 1757 208 59 David
1874 1759 231 58 Atkins

178 1833 1927 76 … San Francisco, Gelber, Lilienthal, incorporated, 1925.
179 1910 162 53 xxviii,
373 1913 77 43 192
479 1927 40 37 p.
582 1911 168 54 diagrs.
810 1913 52 43 23
871 1914 47 17 cm
923 1947 9 8 .

111 1967 53 53 ©
191 1970 115 51 June
332 1970 38 48 8,
402 1968 129 52 1925;
560 1970 64 42 2c.
653 1970 87 42 and
767 1969 78 42 aff.
875 1969 114 52 June
1021 1967 74 52 15;
1129 1970 44 41 A
1200 1968 189 53 829702;
1421 1970 56 42 D.
1508 1969 181 52 Atkins,
1723 1969 91 46 San
1843 1968 257 46 Francisco.

188 2023 268 57 (25-11326)

112 2125 221 70 Bauer,
372 2124 184 58 John.

187 2214 308 59 Effective
530 2214 354 73 regulation
919 2214 68 58 of
1019 2213 208 74 public
1258 2212 283 74 utilities,
1575 2216 81 71 by
1690 2215 169 58 John
1893 2217 211 57 Bauer

177 2291 1552 73 … New York, The Macmillan company, 1925.
178 2367 863 55 viii p., 2 l., 381 p. diagr. 20 ½ cm .
179 2424 237 46 “Selected
445 2424 347 54 bibliography”:
850 2439 39 39 p.
920 2424 205 45 375-376.

109 2480 53 54 ©
187 2483 115 51 June
331 2482 63 50 16,
423 2481 103 44 1925;
579 2483 63 43 2c.
669 2483 88 42 and
781 2482 78 42 aff.
886 2482 115 52 June
1031 2481 49 43 17;
1134 2482 44 41 A
1205 2481 162 44 829735;
1427 2482 267 44 Macmillan
1718 2498 68 29 co.

185 2537 270 55 (25-11329)

109 2625 261 71 Benson,
408 2626 69 56 E.
516 2626 67 56 F.

187 2718 149 56 Tale
368 2716 67 58 of
466 2736 79 37 an
577 2720 212 68 empty
815 2717 212 57 house.

182 2795 79 50 (In
293 2796 331 41 Hutchinson’s
656 2795 256 51 magazine,
944 2795 134 51 June,
1111 2796 127 51 1925)

107 2848 1991 58 © 1c. July 9, 1925; A ad int. 7093; pubd. May 12; George H. Doran co.,
178 2907 118 44 New
327 2908 141 42 York.

111 2993 277 70 Browne,
425 2991 218 58 Lewis.

190 3084 308 72 Stranger
522 3084 154 56 than
701 3083 227 73 fiction,
961 3104 38 37 a
1027 3084 178 57 short
1227 3084 250 72 history
1505 3084 67 58 of
1599 3085 104 57 the
1732 3086 169 58 Jews
1931 3087 167 57 from

111 3162 256 57 earliest
393 3162 181 58 times
605 3165 63 54 to
698 3162 103 57 the
829 3164 262 69 present
1118 3163 138 73 day,
1288 3163 83 72 by
1400 3162 201 59 Lewis
1633 3163 281 75 Browne,
1946 3165 153 59 with

108 3239 146 72 fifty
281 3240 316 57 animated
622 3258 179 53 maps
829 3241 83 70 by
938 3240 105 57 the
1072 3241 241 72 author,
1345 3240 217 73 giving
1590 3260 39 38 a
1652 3241 297 72 pictorial
110 3243 1961 145 history

295 3317 66 56 of
403 3317 308 56 centuries
756 3318 67 55 of
864 3317 380 72 wandering.
1328 3317 153 57 New
1519 3317 188 75 York,
1757 3320 129 57 The
107 3320 1968 130 Macmillan
355 3413 320 53 company,
712 3396 165 55 1925.

178 3469 79 44 377
289 3485 40 37 p.
394 3470 114 43 illus.
536 3471 94 53 (incl.
695 3470 150 52 maps)
888 3470 168 53 diagrs.
1115 3470 55 44 20
1176 3474 15 17 cm
1229 3506 8 8 .

107 3524 53 53 ©
188 3527 118 42 Mar.
333 3527 65 45 31,
429 3525 128 53 1925;
586 3527 63 42 2c.
678 3527 87 42 and
790 3528 78 41 aff.
896 3528 110 51 Apr.
1039 3528 17 41 1;
1113 3528 44 41 A
1183 3526 160 47 822711;
1404 3527 49 43 L.
1483 3527 207 54 Browne,
1718 3529 215 51 Newark,
1965 3531 60 43 N.
2053 3532 40 50 J.

185 3581 268 55 (25-11034)

107 3665 272 72 Buchan,
416 3665 183 57 John.

183 3757 169 58 John
390 3757 295 57 Macnab:
727 3777 38 38 a
801 3759 256 70 comedy
1094 3758 106 56 for
1236 3759 321 70 poachers,
1639 3759 208 74 chaps.
1891 3763 88 72 14,
2023 3764 75 55 14

115 3835 261 71 (contd.)
467 3837 32 53 2
531 3835 415 58 instalments.

181 3913 79 48 (In
292 3912 290 43 Chambers’s
614 3913 199 51 journal,
844 3914 121 51 June
995 3918 66 46 20,
1093 3917 64 47 27,
1193 3914 127 50 1925)

107 3966 1985 59 © 1c. each July 9, 1925; A ad int. 7089, 7090; pubd. June 18, 25; J. Buchan,
179 4024 195 53 Oxford,
407 4024 221 52 England.
