2533 4412
1321 4103 110 62 722

432 509 92 53 xiv,
559 508 81 44 512
674 524 39 38 p.
774 507 133 57 illus.,
941 509 168 54 diagrs.
1172 509 51 44 18
1230 511 15 18 cm
1283 545 9 9 .

436 565 216 46 Contains
687 566 278 53 advertising
999 573 180 37 matter.

366 621 54 54 ©
443 626 100 51 Jan.
572 623 63 53 15,
665 623 129 52 1925;
822 627 64 41 2c.
913 625 87 42 and
1024 623 77 44 aff.
1127 622 107 54 July
1263 623 73 54 10;
1363 625 44 41 A
1432 622 191 53 855825;
1654 624 97 52 Boy
1777 631 151 37 scouts
1954 624 50 44 of
2027 625 227 44 America,
2282 626 85 43 inc.

443 680 272 53 (25-13191)

365 764 276 74 Buchan,
673 766 186 58 John.

436 843 171 59 John
672 843 298 58 Macnab:
1035 863 35 37 a
1136 844 259 72 comedy
1456 843 106 58 for
1622 844 324 72 poachers,
2050 844 177 72 chap.
2294 846 73 55 14

369 923 263 74 (contd.)

466 1002 56 43 (In
552 1003 268 42 Chamber’s
849 1003 202 51 journal,
1081 1004 114 51 July
1224 1008 40 46 4,
1296 1003 126 51 1925)

364 1056 1986 105 © 1c. July 15, 1925; A ad int. 7109; pubd. July 2; J. Buchan, Oxford, England.
365 1202 289 73 Buswell,
694 1202 141 73 Guy
872 1202 289 58 Thomas.

443 1282 340 73 Summary
842 1285 68 56 of
973 1282 396 58 educational
1425 1281 485 74 investigations
1973 1281 274 73 relating
2305 1287 64 55 to

365 1361 376 72 arithmetic,
783 1363 85 71 by
912 1361 141 73 Guy
1095 1362 272 58 Thomas
1411 1361 275 59 Buswell
1727 1363 124 57 and
1896 1360 259 60 Charles
362 1361 1985 138 Hubbard

574 1440 192 59 Judd.
851 1437 291 76 Chicago,
1195 1440 117 72 Ill.,
1367 1439 131 59 The
1548 1438 376 74 University
1977 1437 68 61 of
2098 1438 271 75 Chicago

423 1518 127 73 [1925]

433 1596 76 53 vii,
547 1599 84 44 212
669 1611 42 38 p.
772 1598 54 43 24
833 1599 15 18 cm
993 1597 74 45 (On
1106 1609 158 32 cover:
1309 1596 378 53 Supplementary
1725 1595 287 47 educational
2050 1597 320 52 monographs,

363 1653 240 53 published
631 1654 46 44 in
706 1652 295 54 conjunction
1028 1653 112 45 with
1168 1654 77 46 the
1274 1654 173 47 School
1477 1654 166 45 review
1671 1655 88 44 and
1785 1654 76 45 the
1892 1652 292 54 Elementary
2213 1653 157 47 school

363 1712 196 51 journal,
589 1727 71 29 no.
689 1711 81 51 27)

437 1766 358 53 Bibliography:
824 1782 41 37 p.
897 1766 203 49 166-205.

368 1819 56 55 ©
452 1824 117 51 June
597 1823 68 50 24,
697 1821 130 52 1925;
859 1824 64 41 2c.
952 1823 87 42 and
1067 1821 79 44 aff.
1176 1820 107 54 July
1316 1823 46 52 1;
1393 1823 44 41 A
1467 1821 189 53 829964;
1691 1822 136 46 Univ.
1857 1822 50 44 of
1937 1820 213 54 Chicago.

451 1878 274 54 (25-12153)

369 1949 387 70 Chesterton,
789 1949 244 59 Gilbert
1063 1948 210 61 Keith.

437 2026 202 59 Doom
665 2026 69 60 of
755 2027 106 58 the
886 2027 412 74 Darnaways.

470 2108 56 42 (In
554 2109 171 41 Nash’s
754 2109 259 52 magazine,
1042 2110 136 51 June,
1209 2109 127 51 1925)

368 2162 1984 104 © 1c. July 16, 1925; A ad int. 7119; pubd. May 19; G. K. Chesterton, London.
370 2290 424 75 Citer-digest,
843 2293 380 58 cumulative
1265 2292 265 74 reprint,
1577 2293 373 72 1789-1925;
1998 2313 39 38 a
443 2293 1907 138 compilation

604 2373 283 73 showing
909 2374 104 57 the
1035 2371 253 73 history
1311 2374 124 57 and
1459 2371 427 60 construction
1914 2375 68 56 of
2006 2375 105 57 the
2135 2373 237 60 United

446 2450 212 58 States
719 2453 290 69 statutes,
1066 2447 281 74 treaties,
1403 2448 512 75 proclamations,
1973 2451 399 73 resolutions,

441 2527 1906 139 Constitution and court rules … Re-compiled and cumulated
750 2605 1622 75 by Richard Olney Mason … from notes made
443 2684 1931 77 by Henry C. Ruen … St. Paul, Minn., Citer-digest
443 2781 310 55 company
787 2763 203 73 [c1925]

438 2845 28 42 2
490 2859 42 29 v.
591 2844 53 44 23½
680 2845 47 18 cm
735 2880 9 8 .

439 2900 156 50 Paged
622 2897 336 52 continuously.

438 2954 381 53 “Supplemented
853 2955 61 50 by
949 2953 230 52 quarterly
1213 2952 268 53 pamphlets,
1516 2952 149 47 which
1701 2953 98 46 will
1833 2957 55 43 be
1921 2955 258 46 cumulated
2213 2964 47 37 at
2297 2959 74 43 the

367 3010 2003 54 end of each year, and the year books … cumulated at the end of four years
366 3067 47 45 in
436 3085 24 27 a
486 3076 265 43 permanent
775 3066 221 45 buckram
1021 3067 153 45 bound
1199 3065 354 48 book.”—Pref.

370 3121 53 54 ©
447 3124 118 51 June
587 3121 66 52 25,
684 3120 129 54 1925;
840 3123 63 41 2c.
932 3120 108 44 each
1065 3121 89 42 and
1180 3120 78 43 aff.
1284 3121 115 51 June
1423 3121 76 51 29;
1530 3121 44 42 A
1599 3120 190 52 829948;
1819 3120 298 55 Citer-digest
2143 3138 65 29 co.

446 3178 273 56 (25-11828)

368 3249 187 72 Cobb,
591 3252 154 56 Mrs.
782 3248 238 59 Bertha
1054 3247 346 74 Browning
1442 3248 300 74 (Barnes)
1787 3252 191 57 1867-

445 3326 280 74 Allspice
744 3352 13 48 ;
793 3327 105 58 the
933 3329 382 57 adventures
1355 3326 69 58 of
1458 3325 231 74 Daddy
1721 3326 155 73 Fox,
1917 3326 234 75 Ginger
2187 3330 187 72 Bear,

368 3407 105 58 the
501 3406 206 57 miller
736 3405 123 58 and
884 3403 105 60 the
1015 3403 266 60 miller’s
1310 3401 167 73 wife,
1503 3405 85 71 by
1614 3404 242 61 Bertha
1882 3405 73 58 B.
1986 3407 126 59 and
2140 3409 235 59 Ernest

372 3481 2003 79 Cobb … pictures by L. J. Bridgman. Newton Upper
369 3563 195 71 Falls,
593 3563 214 70 Mass.,
839 3562 131 58 The
1001 3560 157 58 Arlo
1187 3558 367 74 publishing
1582 3579 309 55 company
1921 3591 15 44 [
1937 3570 19 23 c
1960 3563 149 59 1925]

440 3636 1062 58 5 p. l., 220 p. incl. front., plates. 17½ cm .
367 3698 54 54 ©
446 3701 102 51 Jan.
582 3697 61 51 15,
677 3696 129 53 1925;
837 3698 65 42 2c.
931 3696 108 44 Feb.
1069 3698 49 50 2;
1150 3696 77 43 aff.
1259 3695 106 44 Feb.
1398 3696 74 52 10;
1505 3697 43 41 A
1578 3697 190 53 822000;
1801 3697 167 47 Ernest
2000 3698 137 52 Cobb,
2169 3701 199 44 Newton

438 3757 159 54 Upper
625 3754 137 53 Falls,
792 3755 143 44 Mass.
1005 3751 245 57 (25-4067)

371 3827 262 72 Copher,
672 3825 229 59 Glover
937 3826 61 57 H
1313 3825 190 58 1893-

444 3907 292 58 Methods
778 3906 63 56 in
887 3925 264 53 surgery
1191 3907 158 56 used
1387 3906 65 56 in
1492 3907 103 56 the
1640 3906 274 73 surgical
1955 3907 305 63 divisions
2303 3914 67 56 of

365 3985 245 59 Barnes
638 3982 295 74 hospital,
965 3984 90 58 St.
1084 3981 190 60 Louis
1303 3980 341 60 children’s
1671 3983 298 76 hospital,
1997 3989 123 56 and
2147 3988 222 59 Wash-
