2533 4412
0 0 0 0 1544
454 490 9 17 x,
485 454 80 45 335
589 470 42 38 p.
692 455 117 44 illus.
837 457 128 54 (part
986 457 111 55 col.)
1163 458 152 44 25½cm.

414 512 236 47 “Selected
673 513 314 46 references”:
1020 529 40 38 p.
1084 515 206 44 321-324.

347 568 53 54 ©
435 571 101 43 Oct.
572 571 64 51 14,
672 569 104 45 1925;
837 571 65 43 2c.
934 573 89 42 and
1055 573 79 42 aff.
1171 573 108 43 Dec.
1314 574 24 42 9;
1399 573 44 42 A
1477 572 166 45 872759;
1702 575 40 52 J.
1782 575 49 43 B.
1869 575 257 52 Lippincott
2159 591 65 28 co.
2289 574 66 54 [©

417 627 249 54 rewriting]
738 626 273 56 (25-27742)

345 709 214 74 Wells,
595 710 196 60 Amos
830 712 240 73 Russel,
1112 716 190 56 1862-

421 803 416 75 Progressive
898 805 332 73 endeavor,
1285 805 372 75 presenting
1711 805 107 60 the
1877 805 326 61 Christian
344 829 1990 111 endeavor

612 884 239 71 society
882 903 70 39 as
985 904 80 38 an
1095 885 168 57 ideal
1290 885 386 59 instrument
1705 886 70 57 of
1807 885 300 74 religious
344 888 1991 144 education;

552 982 35 38 a
627 962 297 58 textbook
963 962 256 74 leading
1256 966 65 55 to
1361 963 105 59 the
1508 964 228 73 degree
1778 964 70 58 of
1888 964 470 73 “Progressive

346 1038 325 60 Christian
699 1042 443 56 endeavorer”
1179 1041 154 72 (“P.
1366 1039 65 61 C.
1459 1041 163 73 E.”)
1709 1042 101 73 By
1836 1042 196 60 Amos
2059 1043 72 58 R.
2161 1044 196 59 Wells

342 1118 1992 153 … Boston and Chicago, United society of Christian endeavor [ c 1925]
416 1274 365 54 192 p. 19½ cm .
343 1331 53 54 ©
423 1333 117 52 June
565 1333 67 51 24,
662 1331 131 54 1925;
821 1332 65 44 2c.
918 1332 102 44 Oct.
1048 1333 78 51 31;
1156 1332 79 44 aff.
1267 1334 101 44 Oct.
1397 1334 78 52 30;
1505 1334 43 43 A
1577 1331 190 55 875512;
1797 1333 172 45 United
1998 1350 89 28 soc.
2116 1334 50 45 of
412 1333 1918 100 Christian
546 1390 237 44 endeavor.
854 1387 272 57 (25-27557)

343 1475 228 73 White,
613 1477 215 57 James
865 1475 262 61 Wilson.

418 1567 275 58 White’s
728 1587 234 52 poems.
1045 1568 441 73 Washington,
1524 1569 74 56 D.
1640 1567 85 75 C.,
1762 1570 166 56 1925.

411 1645 55 43 94
496 1660 39 38 p.
625 1642 25 47 17
657 1648 47 17 cm
709 1680 10 9 .

342 1700 53 54 ©
421 1699 115 55 Apr.
563 1701 65 52 30,
663 1700 131 54 1925;
821 1702 67 44 2c.
916 1703 86 43 and
1031 1703 79 43 aff.
1140 1703 112 52 May
1278 1703 51 51 2;
1362 1702 43 43 A
1435 1701 191 53 823989;
1658 1703 40 52 J.
1727 1703 74 44 W.
1832 1701 169 53 White,
2032 1702 320 53 Washington.

345 1843 2008 74 The World’s best short stories of 1925 … selected by the
421 1922 241 59 editors
703 1922 69 58 of
813 1923 104 57 the
961 1923 257 72 leading
1257 1923 339 57 American
1636 1923 378 72 magazines.
2097 1924 179 58 With
2318 1943 39 38 a

419 2000 319 60 foreword
765 2002 84 72 by
873 2000 282 60 William
1184 2001 334 59 Johnston.
1591 2002 154 56 New
1772 2001 191 74 York,
1997 2001 243 74 George
2272 2001 79 58 H.

418 2079 798 75 Doran company [ c 1925]
410 2173 33 26 X
472 2172 53 37 p.,
559 2158 17 41 1
629 2190 22 16 l.,
685 2155 160 45 13-415
876 2171 39 38 p.
975 2157 57 43 20
1036 2159 47 18 cm
1089 2192 9 8 .

342 2210 53 54 ©
422 2213 119 44 Nov.
568 2214 38 49 6,
636 2211 105 45 1925;
798 2213 64 43 2c.
891 2214 109 44 Dec.
1031 2213 74 52 10;
1135 2213 79 43 aff.
1245 2212 119 44 Nov.
1398 2212 74 52 16;
1503 2212 45 43 A
1574 2210 191 55 875430;
1800 2211 180 54 George
2007 2213 61 42 H.
2099 2213 159 43 Doran
2286 2228 66 29 co.

420 2268 273 56 (25-25757)

340 2353 256 74 Yerkes,
639 2353 237 60 Robert
913 2356 274 72 Mearns,
1232 2357 191 59 1876-

415 2432 1940 75 Almost human, by Robert M. Yerkes … New York
338 2510 49 60 &
413 2511 282 72 London,
725 2512 130 57 The
888 2511 283 73 Century
1199 2531 86 38 co.
1320 2540 14 44 [
1335 2519 20 22 c
1357 2511 166 74 1925]

407 2589 98 54 xxi,
533 2587 81 49 278
642 2605 41 39 p.
745 2589 154 53 front.,
930 2590 170 55 plates.,
1127 2598 155 47 ports.,
1312 2589 146 55 diagr.
1518 2589 51 45 21
1578 2591 47 18 cm
1632 2625 9 9 .
1757 2587 127 56 $3.00

412 2647 182 47 Studies
628 2650 88 42 and
749 2648 315 46 observations
1100 2647 52 45 of
1185 2648 76 45 the
1295 2662 106 39 apes
1437 2647 91 45 and
1562 2647 218 53 monkeys
1833 2662 29 29 in
1897 2646 76 46 the
2010 2646 160 54 colony
338 2646 1994 104 established

509 2707 59 52 by
594 2705 192 44 Madam
811 2703 186 46 Rosalía
1023 2705 159 44 Abreu
1208 2720 60 29 on
1291 2704 82 45 her
1398 2711 142 37 estate
1568 2712 46 37 at
1640 2704 211 46 Havana.

409 2762 280 45 “Reference
716 2763 90 43 and
835 2762 187 53 reading
1052 2760 103 45 list”
1172 2776 9 29 :
1211 2776 40 38 p.
1283 2759 208 46 275-278.

339 2818 53 54 ©
422 2819 121 53 Sept.
574 2820 63 51 12,
668 2818 131 53 1925;
825 2820 65 42 2c.
918 2820 87 43 and
1032 2819 79 43 aff.
1143 2817 121 54 Sept.
1299 2817 75 54 15;
1405 2818 43 43 A
1475 2817 191 53 861835;
1699 2816 201 55 Century
1927 2833 65 29 co.

417 2875 273 56 (25-18123)

339 2958 357 74 Yezierska,
732 2959 221 73 Anzia,
994 2962 192 57 1885-

414 3038 211 58 Bread
656 3037 244 75 givers;
937 3058 37 37 a
1005 3038 201 72 novel,
1240 3039 84 69 by
1354 3037 203 58 Anzia
1589 3037 373 71 Yezierska;
1998 3057 38 38 a
2070 3036 281 74 struggle

336 3118 279 57 between
647 3137 38 38 a
714 3116 217 58 father
963 3116 69 58 of
1065 3116 105 59 the
1204 3116 102 58 old
1339 3115 199 59 world
1572 3116 126 57 and
1730 3135 38 38 a
1799 3114 313 74 daughter
2146 3115 69 58 of
2246 3115 104 58 the

335 3215 151 38 new.
573 3194 254 62 Garden
865 3193 164 74 City,
1067 3194 74 59 N.
1178 3194 95 73 Y.,
1307 3193 390 74 Doubleday,
1732 3194 173 74 Page
1943 3192 49 61 &
2026 3212 324 54 company,

338 3275 203 72 [c1925]

406 3349 698 57 viii p., 1 l., 297 p. 19 ½ cm .
336 3407 54 54 ©
427 3409 120 53 Sept.
578 3411 37 51 4,
653 3408 130 53 1925;
817 3410 64 42 2c.
914 3409 87 44 and
1034 3409 79 43 aff.
1151 3407 121 54 Sept.
1307 3408 50 42 21;
1411 3408 49 45 A
1499 3407 191 53 861997;
1730 3407 284 53 Doubleday,
2050 3408 125 52 Page
2212 3408 36 42 &
2282 3422 64 28 co.

417 3464 273 56 (25-18697)

337 3549 336 73 Youmans,
715 3549 290 60 Eleanor.

416 3628 241 59 Skitter
692 3632 118 69 cat,
844 3630 85 72 by
960 3628 279 58 Eleanor
1273 3627 322 59 Youmans;
1663 3627 363 58 illustrated
2060 3627 83 71 by
2178 3625 171 58 Ruth

333 3707 290 57 Bennett.
727 3706 456 72 Indianapolis,
1266 3706 129 58 The
1475 3704 486 60 Bobbs-Merrill
2043 3722 308 54 company

336 3787 203 72 [c1925]

406 3862 927 55 3 p. l. , 125, [1] p., 1 l. illus. 20 cm .
336 3919 53 54 ©
427 3920 119 54 Sept.
579 3921 70 50 26,
686 3919 130 56 1925;
852 3923 64 42 2c.
954 3921 101 44 Oct.
1090 3921 50 51 9;
1178 3921 77 43 aff.
1296 3920 101 44 Oct.
1433 3920 48 49 8;
1520 3920 42 43 A
1598 3918 189 53 869252;
1827 3916 359 48 Bobbs-Merrill
2222 3932 64 28 co.

414 3976 272 56 (25-21401)
