2533 4412
1339 4082 35 56 8

345 412 212 72 Howe,
593 412 315 58 Harrison
940 410 215 73 Estell,
1194 412 190 57 1881-
1542 411 92 59 ed.

425 503 360 71 Chemistry
812 503 69 55 in
906 501 327 72 industry;
1265 521 36 37 a
1331 501 398 72 coöperative
1760 501 174 58 work
1960 501 300 59 intended
2288 506 64 54 to

344 582 143 72 give
523 581 317 71 examples
877 580 68 57 of
980 580 105 57 the
1122 579 458 58 contributions
1617 579 183 57 made
1838 583 64 54 to
1939 579 300 72 industry
2272 580 81 71 by

345 657 2008 74 chemistry, edited by H. E. Howe … v. 1. New York,
345 738 73 56 N.
447 737 94 73 Y.,
575 737 130 56 The
738 735 316 58 Chemical
1082 735 395 72 foundation,
1508 735 117 56 inc.
1661 736 182 73 [1924]

416 814 65 42 xii
505 829 54 37 p.,
589 815 17 40 1
667 848 9 17 l.,
702 812 84 44 372
807 827 39 37 p.
909 812 154 51 front.,
1089 812 131 51 illus.,
1246 812 158 51 plates,
1428 812 167 52 diagrs.
1624 812 126 53 (part
1777 812 136 54 fold.)
1980 813 51 42 21
2041 815 15 18 cm
2095 848 8 9 .

417 871 235 52 “Reading
679 869 283 45 references”
991 878 47 35 at
1065 869 84 44 end
1178 868 50 45 of
1254 877 103 44 part
1382 868 51 45 of
1459 868 76 46 the
1564 869 223 53 chapters.

346 926 53 54 ©
435 928 101 44 Oct.
568 928 40 52 8,
644 928 130 51 1924;
809 928 64 41 2c.
908 926 99 52 Jan.
1040 927 40 51 2,
1118 926 130 53 1925;
1284 928 78 42 aff.
1399 928 108 41 Dec.
1544 926 66 52 30,
1649 927 129 51 1924;
1814 927 44 42 A
1891 926 192 54 815454;
2122 926 231 44 Chemical

417 984 282 53 foundation,
728 985 82 42 inc.
881 982 217 56 (25-501)

346 1085 263 59 Illinois.
692 1086 203 72 Laws,
932 1089 289 68 statutes,
1261 1090 111 53 etc.

427 1174 422 59 Smith-Hurd
908 1173 246 58 Illinois
1219 1174 344 57 annotated
1624 1176 287 72 statutes,
1975 1173 385 74 comprising

348 1254 105 57 the
492 1252 257 74 general
788 1253 125 56 and
949 1255 374 69 permanent
1363 1254 270 56 statutes
1673 1251 68 59 of
1777 1252 105 58 the
1921 1255 164 56 state
2124 1253 67 57 of
347 1252 1988 152 Illinois,
540 1332 67 56 in
640 1331 176 57 force
854 1330 370 72 September
1259 1334 52 69 1,
1348 1331 167 72 1924,
1550 1330 291 73 together
1875 1330 153 58 with
2064 1331 294 57 citations

351 1412 68 57 of
448 1410 310 59 decisions
790 1410 67 58 of
887 1409 103 58 the
1024 1409 307 72 Supreme
1365 1409 124 58 and
1519 1409 338 72 Appellate
1890 1412 211 56 courts
2134 1409 69 59 of
348 1409 1989 138 Illinois
531 1490 124 57 and
695 1489 106 57 the
841 1488 238 59 United
1123 1488 213 59 States
1384 1487 305 72 Supreme
1732 1491 196 68 court,
1972 1487 386 74 construing,

349 1570 307 72 applying
681 1588 71 37 or
779 1568 397 73 illustrating
1202 1568 175 57 these
1409 1570 289 69 statutes,
1730 1568 209 57 edited
1965 1569 85 70 by
2074 1568 94 56 De
2195 1568 167 57 Witt

346 1644 2011 76 Billman … v. 1. [Abatement to Charities] Chicago, J.
351 1726 205 58 Smith
588 1725 47 56 &
667 1742 324 55 company,
1026 1725 167 56 1924.

416 1802 83 44 873
529 1818 38 37 p.
628 1802 56 43 26½
717 1804 47 18 cm
771 1837 7 7 .

348 1857 53 54 ©
431 1859 102 44 Oct.
567 1857 63 52 17,
662 1858 130 52 1924;
822 1858 65 42 2c.
918 1858 101 44 Oct.
1046 1858 80 52 28;
1157 1858 80 42 aff.
1269 1858 109 42 Dec.
1412 1857 76 53 17;
1520 1857 44 42 A
1595 1856 190 53 814561;
1820 1857 217 44 Burdette
2068 1858 40 52 J.
2143 1856 148 47 Smith
2322 1857 38 44 &

418 1931 65 28 co.
554 1913 217 56 (25-793)

348 2015 231 73 Isman,
621 2014 198 59 Felix.

424 2097 229 58 Weber
707 2099 126 56 and
885 2096 233 71 Fields,
1170 2095 165 59 their
1386 2095 425 72 tribulations,
1865 2095 316 73 triumphs
2235 2097 125 58 and

349 2175 166 59 their
554 2175 363 73 associates,
956 2176 85 71 by
1077 2174 183 58 Felix
1297 2175 232 57 Isman.
1610 2174 153 58 New
1800 2173 191 74 York,
2032 2174 163 57 Boni
2234 2175 123 56 and

349 2252 348 75 Liveright,
730 2254 166 58 1924.

418 2332 67 44 xii
510 2348 55 37 p.,
594 2333 18 43 1
660 2368 21 14 l.,
711 2329 162 47 15-345
899 2347 39 35 p.
1003 2331 157 50 front.,
1187 2332 155 50 plates,
1368 2338 140 43 ports.
1567 2331 58 44 22
1630 2333 47 17 cm
1683 2365 10 9 .

422 2389 265 45 Illustrated
715 2388 343 51 lining-papers.

423 2447 151 51 Songs
598 2446 112 44 with
736 2445 143 44 music
914 2445 65 49 (p.
1007 2442 220 51 319-345)

350 2499 53 54 ©
433 2502 109 42 Dec.
571 2500 64 51 30,
669 2499 132 52 1924;
829 2499 65 42 2c.
924 2498 99 52 Jan.
1053 2498 39 51 9,
1124 2495 131 53 1925;
1285 2496 79 42 aff.
1393 2496 99 52 Jan.
1521 2494 49 53 6;
1601 2496 44 42 A
1674 2495 190 54 814606;
1897 2497 115 43 Boni
2042 2498 37 43 &
2109 2497 249 54 Liveright,

422 2558 82 43 inc.
575 2556 216 55 (25-912)

353 2643 295 70 Jackson,
739 2641 250 58 Clarence
1027 2638 256 72 Martin,
1327 2640 190 57 1875-

432 2735 129 58 The
596 2733 220 58 effects
848 2730 68 59 of
945 2731 314 57 inanition
1289 2729 124 58 and
1443 2727 443 59 malnutrition
1918 2748 170 54 upon
2119 2733 245 70 growth

355 2807 2007 75 and structure, by C. M. Jackson … 117 illustrations.
356 2886 1588 77 Philadelphia, P. Blakiston’s son & co. [ c 1925]
425 2968 80 53 xii,
532 2969 83 43 616
642 2983 41 37 p.
710 2966 102 44 incl.
842 2965 135 51 illus.,
1004 2964 172 55 diagrs.
1236 2964 54 43 23½
1326 2965 47 17 cm
1379 2997 8 9 .
1504 2961 128 56 $8.00

426 3024 360 54 Bibliography:
819 3039 39 38 p.
889 3022 208 46 479-586.

354 3083 53 54 ©
437 3086 99 51 Jan.
567 3084 39 51 3,
638 3081 129 53 1925;
800 3083 64 41 2c.
895 3081 87 43 and
1011 3080 79 43 aff.
1120 3080 98 51 Jan.
1252 3077 50 54 5;
1333 3078 44 42 A
1409 3077 190 54 814567;
1635 3080 50 42 P.
1721 3078 275 46 Blakiston’s
2029 3096 81 28 son
2142 3081 38 44 &
2208 3096 67 29 co.

433 3138 245 57 (25-1597)

357 3230 210 69 Jones,
611 3227 221 71 Henry
867 3224 262 70 Arthur,
1172 3225 191 55 1851-

494 3317 465 75 Representative
992 3315 202 73 plays,
1226 3314 85 72 by
1340 3313 225 73 Henry
1594 3314 249 58 Arthur
1871 3316 228 71 Jones;
2135 3317 226 73 edited,

354 3400 153 58 with
545 3395 346 71 historical,
933 3391 452 74 biographical,
1432 3393 124 57 and
1599 3393 243 57 critical
1883 3394 479 74 introductions,

355 3468 1985 159 by Clayton Hamilton … Boston, Little, Brown, and company, 1925.
427 3625 762 56 4 v. fronts. (ports.) 21½ cm .
431 3687 380 45 CONTENTS.—v.
843 3691 36 36 1.
909 3682 100 45 The
1041 3682 140 43 silver
1211 3680 121 54 king.
1393 3680 100 45 The
1525 3681 287 44 middleman.
1874 3681 161 53 Judah.
2098 3681 99 46 The
360 3684 1982 115 dancing
462 3745 204 54 girl.—v.

694 3749 37 38 2.
760 3741 99 44 The
886 3738 252 46 crusaders.
1196 3737 100 46 The
1322 3745 206 45 tempter.
1586 3737 100 45 The
1716 3739 358 50 masqueraders.
2134 3739 99 45 The
2263 3756 101 30 case

359 3803 51 45 of
447 3802 239 44 rebellious
729 3799 261 46 Susan.—v.
1028 3803 39 36 3.
1105 3795 201 44 Michael
1344 3796 88 43 and
1469 3795 70 44 his
1580 3795 88 44 lost
1705 3796 144 52 angel.
1918 3794 99 45 The
2056 3795 121 45 liars.
2247 3798 115 44 Mrs.

361 3859 166 44 Dane’s
553 3857 200 44 defence.
807 3855 101 43 The
933 3852 375 53 hypocrites.—v.
1333 3859 38 36 4.
1400 3851 139 52 Dolly
1566 3851 253 54 reforming
1844 3851 185 44 herself.
2085 3852 101 44 The
2215 3854 149 44 divine

359 3916 102 52 gift.
523 3916 137 50 Mary
690 3927 108 38 goes
830 3911 113 43 first.
1003 3909 100 45 The
1135 3909 117 53 goal.
1315 3908 145 44 Grace
1495 3909 150 52 Mary.

361 3970 53 54 ©
448 3973 108 41 Dec.
592 3972 65 48 31,
694 3969 106 44 1924;
859 3968 64 42 2c.
959 3967 87 42 and
1080 3965 78 43 aff.
1193 3966 98 51 Jan.
1323 3966 42 51 2,
1400 3964 131 53 1925;
1566 3966 44 42 A
1644 3963 190 53 814454;
1871 3964 151 52 Little,
2059 3966 184 53 Brown,
2277 3968 87 42 and

430 4043 233 38 company.
733 4024 215 57 (25-729)
