2533 4412
1090 4057 109 54 351

149 412 228 70 Hanes,
413 411 243 56 Ernest.

228 503 256 57 Manual
510 506 62 53 to
601 502 318 73 Readings
946 502 64 56 in
1036 500 347 70 literature,
1406 501 85 70 by
1516 499 234 57 Ernest
1776 497 216 60 Hanes
2021 498 121 56 and

149 575 1969 154 Martha Jane McCoy … New York, The Macmillan company, 1925.
222 734 481 54 viii, 116 p. 19½ cm .
226 791 355 53 “Bibliography
615 792 49 43 of
696 793 293 51 background
1024 790 208 52 readings
1268 790 74 44 for
1376 790 171 51 library
1579 789 132 44 use”:
1748 804 39 38 p.
1820 790 177 45 99-113.

149 860 53 54 ©
229 862 118 42 Mar.
372 861 66 51 31,
467 858 130 54 1925;
624 860 64 43 2c.
715 860 87 43 and
827 860 77 44 aff.
932 860 111 52 Apr.
1074 860 17 41 1;
1149 859 44 42 A
1220 857 188 53 822705;
1441 857 267 46 Macmillan
1733 872 65 31 co.
227 918 243 54 (25-7976)

150 1015 921 72 Hohenlohe-Schillingsfürst,
1128 1014 376 69 Alexander,
1563 1015 101 73 prinz
1800 1030 91 54 zu,
225 1017 1918 135 1862-1924.

148 1182 1970 150 … Ans meinem leben. Frankfurt am Main, Frankfurter societäts-druckerei g. m. b. h., 1925.
217 1337 1137 54 4 p. l., xiii, 413, [1] p. plates, ports. 23 cm .
218 1397 63 42 At
308 1395 114 43 head
450 1395 49 43 of
527 1393 95 44 title:
679 1392 261 46 Alexander
969 1409 89 27 von
1086 1392 283 45 Hohenlohe.

219 1452 161 46 Edited
412 1450 59 54 by
502 1449 184 46 Gottlob
720 1450 258 44 Anhäuser.

147 1506 1992 112 © Jan. 1, 1925; 1c. Mar. 19; A—Foreign 27210; Frankfurter societäts-druckerei. (25-9304)
148 1660 219 76 Hume,
403 1665 216 72 Edgar
653 1663 284 72 Erskine,
975 1667 189 55 1889-

225 1755 129 56 The
394 1754 263 57 medical
696 1753 160 58 book
897 1753 67 57 of
1003 1753 218 71 merit;
1263 1752 236 58 United
1544 1753 211 59 States
1800 1773 180 54 army
2022 1756 123 57 and

146 1852 168 52 navy
350 1832 392 57 decorations
782 1831 293 58 awarded
1111 1833 63 54 to
1211 1831 265 57 medical
1514 1831 231 59 officers
1785 1833 104 56 for
147 1832 1975 150 distinguished

463 1908 236 58 service
748 1909 66 55 in
866 1909 104 56 the
1021 1909 199 56 world
1268 1927 148 53 war,
1468 1910 83 70 by
1602 1908 220 73 Edgar
1872 1910 272 58 Erskine

147 1988 235 71 Hume;
417 1986 305 72 compiled
750 1987 83 72 by
865 1987 185 57 order
1082 1986 65 58 of
1179 1986 104 58 the
1318 2005 269 54 surgeon
1619 1987 286 73 generals
1941 1988 68 58 of
2041 1988 104 59 the

148 2063 1998 75 army and the navy. Washington, D . C., The Association
148 2144 67 57 of
244 2143 283 71 military
559 2161 321 54 surgeons,
915 2142 163 56 1925.

218 2221 53 43 69
306 2236 38 37 p.
406 2220 151 52 front.,
591 2234 58 38 pl.
708 2220 53 43 23½
796 2222 46 17 cm
849 2255 9 8 .

149 2276 53 53 ©
237 2279 119 41 Mar.
387 2277 67 51 26,
493 2275 102 46 1925;
657 2276 65 43 2c.
756 2276 87 43 and
877 2276 78 43 aff.
990 2277 113 50 Apr.
1143 2277 17 41 1;
1225 2277 44 41 A
1304 2274 164 45 822748;
1530 2276 291 44 Association
1855 2277 51 43 of
1939 2276 200 54 military

221 2347 230 39 surgeons.
521 2331 242 55 (25-8024)

149 2434 217 69 Hume,
401 2433 256 71 Fergus,
694 2434 187 56 1859-

230 2524 1913 74 The whispering lane, by Fergus Hume … Boston,
155 2603 212 70 Small,
397 2602 313 58 Maynard
736 2602 46 56 &
809 2621 305 54 company
1143 2632 13 43 [
1157 2608 18 22 c
1180 2602 164 72 1925]

224 2664 545 71 5 p. l., 305 p. 19½cm .
150 2736 53 53 ©
236 2738 117 42 Mar.
383 2735 67 52 25,
483 2735 129 51 1925;
646 2737 64 41 2c.
742 2736 87 42 and
860 2736 78 42 aff.
973 2736 118 41 Mar.
1125 2736 78 51 31;
1237 2736 44 41 A
1314 2734 188 58 823566;
1541 2735 156 54 Small,
1731 2737 227 52 Maynard
1992 2739 37 44 &
2059 2754 78 37 co.,

221 2793 81 43 inc.
372 2791 241 55 (25-7666)

152 2893 303 70 Hunting,
496 2891 243 57 Harold
773 2891 217 70 Bruce,
1030 2893 188 56 1879-

148 2979 1970 152 A life of Christ for young people, by Harold B. Hunting … New
593 3058 189 71 York,
811 3058 264 70 Minton,
1099 3058 196 57 Balch
1320 3058 48 56 &
1394 3077 322 55 company,
1746 3062 164 57 1924.

216 3135 1181 55 viii p., 3 l., 3-182 p. col. front., plates. 20 cm .
151 3193 53 54 ©
234 3195 101 44 Oct.
369 3193 61 52 10,
463 3194 129 51 1924;
621 3194 65 43 2c.
717 3194 101 44 Oct.
848 3193 77 53 30;
957 3194 78 43 aff.
1068 3194 102 44 Oct.
1201 3194 77 52 31;
1311 3195 44 42 A
1384 3192 190 55 807572';
1608 3193 194 57 Minton,
1835 3196 140 45 Balch
2006 3200 38 43 &
2072 3215 65 29 co.

230 3250 269 55 (24-27609)

150 3347 275 73 Jefferis,
464 3347 333 72 Benjamin
833 3349 214 71 Grant,
1087 3352 188 55 1851-

231 3441 152 59 Safe
419 3442 278 69 counsel;
736 3460 88 50 or,
858 3440 317 58 Practical
1207 3441 306 73 eugenics,
1548 3445 82 70 by
1662 3443 70 59 B.
1771 3444 68 59 G.
1877 3447 264 59 Jefferis

217 3518 1923 80 … and J. L. Nichols … to which has been added The story
154 3595 1986 72 of life, by Ozora S. Davis … and Dr. Emma F. A. Drake
218 3673 1919 71 … 39th ed., edited and completely rev. by J. L. Nichols
218 3750 1512 77 … Naperville, Ill , J. L. Nichols & co. [ c 1925]
221 3830 81 45 512
325 3846 41 36 p.
392 3830 100 44 incl.
523 3830 153 51 front.,
700 3828 132 49 illus.,
857 3828 169 53 diagrs.
1089 3830 50 45 19cm.

219 3886 124 45 First
369 3885 235 53 published
627 3885 145 44 under
797 3885 96 45 title:
950 3886 168 43 Search
1145 3884 137 54 lights
1310 3903 55 28 on
1391 3888 164 44 health.

152 3941 53 53 ©
232 3943 119 42 Mar.
373 3941 69 47 20,
470 3940 130 49 1925;
626 3942 65 42 2c.
717 3942 87 42 and
829 3942 78 42 aff.
936 3942 118 42 Mar.
1083 3941 77 52 30;
1189 3942 44 41 A
1260 3942 188 53 822689;
1478 3945 40 52 J.
1548 3945 47 43 L.
1626 3946 202 52 Nichols,
1859 3950 263 48 Naperville

277 3997 300 39 Ill. (25-7904)
