2533 4412
1079 4065 112 57 311

215 498 83 47 347
327 514 40 39 p.
425 500 54 43 23
485 502 49 17 cm
538 534 11 9 .

147 569 53 54 ©
229 570 108 44 Dec.
365 570 64 51 20,
464 570 128 51 1924;
623 570 63 43 2c.
716 571 88 42 and
831 570 77 43 aff.
940 571 98 52 Jan.
1068 570 39 50 2,
1141 567 129 54 1925;
1302 569 44 43 A
1375 568 189 54 814510;
1600 568 49 47 C.
1683 572 65 43 M.
1780 572 143 51 Roan,

216 565 1898 120 Minneapolis.
439 623 243 58 (25-7053)

145 723 267 72 Romier,
446 724 248 71 Lucien,
731 728 190 57 1885-

291 810 1846 84 … Explication de notre temps, par Lucien Romier.
147 892 202 73 Paris,
377 893 73 58 B.
482 894 279 72 Grasset,
794 894 167 60 1925.

214 966 1667 62 3 p. l., [ix]-xv, 289 p., 1 l. 19 cm . (“Des cahiers verts …” 48)
213 1026 326 54 “Exemplaire
568 1027 56 45 de
655 1042 157 38 presse
844 1028 119 46 134.”

144 1094 1792 62 © Jan. 12, 1925; 1c. Feb. 16; A—Foreign 26707; Bernard Grasset.
230 1150 242 58 (25-8618)

143 1254 334 73 Ruggiero,
512 1254 201 61 Guido
747 1255 93 59 de.

289 1345 1740 79 … Italienische philosophie. Breslau, F. Hirt, 1925.
216 1420 1917 64 130 p. illus. (ports.) 19½ cm . (Added t.-p.: Jedermanns bücherei … abt. :
143 1480 318 54 Philosophie)

212 1537 104 45 “Ins
345 1537 212 44 deutsche
587 1536 274 54 übertragen
890 1551 88 31 von
1008 1538 83 43 Ph.
1121 1537 119 54 Aug.
1273 1537 215 46 Becker.”

211 1591 309 46 “Literatur”:
555 1607 40 39 p.
632 1593 109 54 [118]

213 1648 244 55 “Quellen”
475 1664 8 29 :
518 1663 40 38 p.
595 1649 109 54 [119]

143 1715 1907 63 © Dec. 17, 1924; 1c. Jan. 29, 1925; A —Foreign 26627; Ferdinand Hirt.
221 1773 244 59 (25-8799)

145 1874 338 74 Shepard’s
516 1872 470 76 Pennsylvania
1016 1876 165 57 table
1217 1876 69 58 of
1318 1896 174 38 cases
1510 1899 14 50 ;
1562 1896 37 39 a
1632 1879 302 71 complete
1969 1882 167 57 table

218 1956 63 55 to
326 1971 190 51 every
557 1970 141 40 case
742 1951 258 59 decided
1040 1954 83 68 by
1165 1953 104 59 the
1315 1952 303 74 Supreme
1663 1959 123 57 and
1833 1956 305 75 Superior

212 2033 211 57 courts
467 2030 66 57 in
573 2028 103 60 the
721 2033 162 55 state
931 2029 68 59 of
1041 2029 497 75 Pennsylvania;
1587 2033 151 60 each
1781 2054 141 39 case
217 2049 1897 124 numbered
441 2112 64 54 to
543 2107 349 73 Shepard’s
931 2108 465 73 Pennsylvania
1433 2110 311 59 classified

1779 2113 232 74 topical
218 2109 1894 141 index
375 2188 124 56 and
536 2185 303 73 complete
875 2187 168 71 body
1080 2187 70 58 of
1186 2186 339 60 American
1563 2207 142 41 case
1744 2190 123 59 law
1905 2211 70 39 as
217 2208 1896 121 embraced
481 2264 65 56 in
582 2263 104 59 the
724 2263 337 60 American
1098 2263 207 74 digest
1346 2270 252 67 system.
1681 2268 98 58 1st
1818 2269 111 72 ed.,
1969 2271 166 58 1925.

219 2342 151 58 New
395 2343 190 69 York,
617 2342 130 57 The
774 2342 215 58 Frank
1018 2341 288 75 Shepard
1336 2362 306 56 company
1675 2374 13 44 [
1691 2354 18 22 c
1712 2347 166 73 1925]

211 2420 82 45 864
321 2435 41 38 p.
421 2420 53 43 23½
510 2421 47 17 cm
563 2453 9 9 .

214 2475 150 54 “Kept
396 2490 58 38 up
485 2482 45 36 to
565 2474 104 45 date
701 2475 47 42 in
779 2473 280 47 cumulative
1091 2475 287 55 supplement
1412 2478 167 44 form.”

142 2545 53 54 ©
222 2545 107 46 Feb.
356 2546 67 51 23,
453 2543 130 54 1925;
612 2546 65 42 2c.
706 2546 119 42 Mar.
855 2544 49 53 7;
935 2546 79 43 aff.
1043 2546 119 43 Mar.
1190 2546 78 54 23;
1299 2547 46 44 A
1369 2546 191 54 822521;
1592 2547 156 46 Frank
1777 2550 205 56 Shepard
2010 2568 67 30 co,

221 2599 241 59 (25-7065)

141 2701 231 70 Tillett,
412 2700 248 62 Wilbur
699 2701 169 71 Fisk,
911 2704 189 57 1854-

219 2797 129 57 The
399 2797 187 70 paths
639 2797 140 56 that
826 2796 141 58 lead
1019 2798 63 56 to
1137 2796 166 74 God;
1357 2820 36 37 a
1443 2819 135 37 new
1629 2820 231 55 survey
1910 2805 68 59 of
2029 2806 104 58 the

143 2875 277 73 grounds
454 2874 67 57 of
553 2871 253 61 theistic
835 2874 124 59 and
993 2872 322 62 Christian
1345 2875 210 76 belief,
1586 2879 86 72 by
1700 2880 248 59 Wilbur
1983 2882 154 58 Fisk

146 2948 1972 86 Tillett … New York, George H. Doran company [ c 1924]
211 3029 116 54 xxii,
357 3027 192 50 [23]-581
579 3044 41 38 p.
679 3030 56 42 22
739 3030 48 19 cm
792 3065 10 9 .

215 3086 140 46 “This
384 3085 180 46 volume
594 3086 206 44 contains
829 3086 76 46 the
935 3087 278 45 MacDonell
1243 3089 191 45 lectures
1469 3089 78 45 for
1583 3092 103 45 1923
1716 3092 230 50 delivered
1979 3096 157 46 before

146 3145 75 45 the
257 3144 171 53 faculty
464 3141 88 46 and
588 3142 203 45 students
829 3143 54 44 of
923 3141 196 48 Scarritt
1157 3143 128 47 Bible
1322 3146 86 43 and
1444 3143 204 59 training
1685 3150 169 46 school.
1914 3152 98 48 The
2050 3155 85 48 five

144 3204 193 45 lectures
371 3200 226 47 delivered
629 3216 59 29 on
721 3198 89 47 this
845 3197 290 49 Foundation
1171 3200 244 47 constitute
1446 3203 209 54 chapters
1690 3215 103 44 two,
1833 3211 119 52 four,
1989 3228 146 37 seven,

144 3268 74 37 ten
240 3258 91 45 and
354 3258 156 44 fifteen
535 3257 53 46 of
612 3255 100 47 The
735 3257 130 52 paths
890 3257 100 45 that
1014 3258 102 44 lead
1140 3266 46 37 to
1215 3256 142 48 God.”

214 3313 353 55 Bibliography:
596 3329 41 37 p.
664 3312 204 49 569-574.

141 3383 53 54 ©
219 3384 117 45 Nov.
363 3383 37 52 7,
427 3382 129 50 1924;
582 3382 63 44 2c.
671 3383 118 43 Mar.
817 3383 61 50 12,
908 3379 129 56 1925;
1064 3383 78 43 aff.
1168 3384 98 52 Jan.
1289 3383 78 53 26;
1393 3385 44 42 A
1464 3385 188 55 823399;
1682 3389 177 55 George
1885 3393 61 44 H.
1975 3396 158 44 Doran

209 3456 67 30 co.
345 3436 243 60 (25-7035)

139 3536 363 71 Vercheval,
544 3536 217 59 Henri.

288 3626 1845 82 … Dizionario del violinista, violista e violoncellista;
144 3705 240 75 seguito
418 3709 80 57 da
527 3724 85 39 un
643 3705 206 58 elenco
881 3705 98 59 dei
1010 3705 307 61 violinisti
1349 3710 245 72 celebri,
1625 3714 102 58 dei
1757 3716 182 62 liutai
1971 3743 31 39 e
2034 3724 76 58 del

144 3780 1986 85 fabbricanti di archetti pi ù conosciuti dall’ origine del
141 3861 233 61 violino
419 3861 125 58 alla
585 3859 122 60 fine
753 3861 101 57 del
895 3880 101 38 xix
1041 3864 235 72 secola;
1322 3867 236 72 esempi
1601 3870 301 61 musicali.
142 3871 1967 134 Profazione

427 3959 31 39 e
497 3937 257 61 ritratto
795 3939 63 57 di
899 3938 255 73 Eugène
1193 3941 208 59 Ysaÿe
1463 3947 367 63 traduzione
1870 3952 262 67 italiana
