2533 4412
1289 4079 150 55 1188

365 411 190 73 Platt,
594 411 218 58 Frank
848 411 64 58 C.

441 507 65 57 Is
552 506 104 58 the
701 507 244 56 farmer
988 506 193 72 going
1221 506 356 71 bankrupt?
1659 507 99 72 By
1801 506 217 58 Frank
2066 506 64 61 C.
2177 508 193 58 Platt.

363 584 273 58 Painted
660 584 174 70 Post,
862 584 74 59 N.
965 584 94 70 Y.,
1088 593 16 21 c
1108 586 166 55 1925.

512 662 282 50 111 p. 23½ cm .
434 719 127 44 “The
598 720 106 43 data
741 717 51 44 in
826 718 91 45 this
955 719 126 45 book
1116 733 123 31 were
1274 720 137 44 taken
1448 719 176 52 largely
1663 719 124 45 from
1827 727 176 43 reports
2041 720 247 45 contained
2327 720 44 44 in

361 775 76 44 the
465 772 175 46 United
673 770 150 48 States
854 775 301 50 Department
1183 776 50 45 of
1262 773 286 53 agriculture
1575 791 108 36 year
1714 776 377 45 books.”—Pref.

362 827 53 55 ©
444 829 108 53 July
583 827 63 54 15,
680 827 130 55 1925;
841 829 64 42 2c.
937 828 106 54 July
1071 828 81 54 27;
1184 829 80 43 aff.
1294 829 107 54 July
1430 828 80 55 25;
1543 830 44 42 A
1617 829 192 54 864959;
1842 829 50 46 F.
1926 829 50 47 C.
2009 831 138 53 Platt,
2180 830 193 46 Painted

433 887 127 53 Post,
593 887 61 43 N.
685 887 58 43 Y.
812 884 272 56 (25-20397)

364 987 255 71 Posner,
656 987 240 73 George
930 987 60 57 A
1307 1006 195 56 comp.

438 1083 131 57 The
607 1083 259 58 world’s
904 1084 140 57 best
1081 1084 242 74 humor,
1363 1085 84 72 by
1485 1083 245 75 George
1768 1085 76 57 A.
1884 1085 275 72 Posner;
358 1085 1984 135 illustrated

607 1162 85 72 by
733 1162 261 58 Charles
1037 1162 206 59 Clark.
1327 1162 461 73 Philadelphia,
1831 1163 131 57 The
2002 1164 178 56 Penn
358 1163 1986 150 publishing

620 1259 327 54 company,
977 1242 167 56 1925.

427 1321 82 44 319
537 1335 38 38 p.
638 1319 117 44 illus.
815 1320 54 44 20½
905 1322 46 18 cm
959 1355 7 7 .

361 1374 53 54 ©
441 1377 102 43 Oct.
573 1377 35 51 1,
638 1374 132 54 1925;
796 1377 65 42 2c.
888 1377 87 43 and
1002 1377 79 43 aff.
1110 1377 102 43 Oct.
1243 1377 75 51 10;
1346 1377 44 42 A
1417 1376 193 52 869322;
1640 1377 127 43 Penn
1793 1377 102 53 pub.
1922 1391 68 30 co.

442 1431 271 57 (25-20316)

363 1520 249 71 Powell,
647 1520 280 59 Edward
956 1520 379 71 Alexander,
1372 1523 148 57 1879–

437 1612 131 57 The
600 1630 149 53 map
783 1612 138 57 that
953 1613 55 57 is
1041 1612 137 57 half
1210 1611 307 73 unrolled,
1555 1613 353 72 equatorial
1941 1612 227 58 Africa
2202 1612 166 58 from

358 1691 105 57 the
487 1690 230 59 Indian
743 1690 207 59 Ocean
973 1695 63 53 to
1062 1691 104 57 the
1194 1691 302 74 Atlantic,
1521 1692 85 71 by
1629 1691 73 57 E.
1731 1691 361 58 Alexander
2115 1691 253 71 Powell,

355 1769 154 58 with
531 1788 192 54 many
745 1768 425 59 illustrations
1195 1769 169 57 from
1388 1769 437 73 photographs
1852 1770 83 72 by
1960 1769 287 58 Rexford
2270 1769 97 59 W.

355 1847 246 58 Barton
629 1848 125 58 and
779 1849 104 56 the
912 1848 246 57 author.
1225 1847 153 59 New
1400 1847 191 73 York,
1618 1847 280 74 London,
1928 1848 131 57 The
2089 1845 281 76 Century

358 1945 87 39 co.
478 1956 13 44 [
492 1934 20 22 c
516 1927 166 72 1925]

533 2003 1502 57 xv, 355 p. front., plates, ports., fold. maps. 20½ cm . $3.50
360 2061 53 54 ©
441 2062 123 53 Sept.
590 2063 65 51 30,
686 2061 131 53 1925;
845 2064 65 43 2c.
939 2064 102 43 Oct.
1066 2064 52 52 2;
1147 2064 79 46 aff.
1256 2063 103 45 Oct.
1387 2064 50 52 3;
1466 2063 44 42 A
1538 2063 192 52 869130;
1762 2061 201 55 Century
1990 2077 65 30 co.

440 2118 272 56 (25-20151)

362 2207 280 72 Proctor,
680 2207 185 57 Edna
897 2208 193 71 Dean,
1128 2209 361 57 1829-1923.

439 2298 131 58 The
615 2299 304 71 complete
960 2298 273 73 poetical
1275 2298 205 58 works
1526 2299 68 57 of
1637 2298 187 58 Edna
1864 2298 178 58 Dean
2087 2298 284 57 Proctor.

358 2378 244 57 Boston
638 2380 125 56 and
796 2377 152 58 New
981 2377 193 71 York,
1211 2377 345 72 Houghton
1592 2375 217 59 Mifflin
1844 2394 325 54 company,
2206 2376 166 58 1925.

429 2456 127 50 xxvi,
587 2457 79 42 411
698 2470 40 38 p.
801 2455 137 44 front.,
966 2454 168 54 (port.)
1202 2455 51 43 21
1263 2457 47 17 cm
1317 2490 8 8 .

360 2511 53 54 ©
445 2514 100 43 Oct.
576 2514 38 50 9,
647 2511 131 54 1925;
807 2513 64 42 2c.
906 2513 102 43 Oct.
1041 2513 73 52 12;
1147 2512 79 44 aff.
1260 2513 102 43 Oct.
1397 2512 74 52 10;
1503 2512 44 42 A
1577 2511 189 53 869330;
1799 2511 151 44 David
1981 2510 149 45 Gould
2161 2511 209 49 Proctor,

432 2570 119 44 New
589 2570 144 44 York.
803 2568 271 56 (25-20302)

361 2657 221 70 Reeve,
622 2656 322 60 Winifred
981 2657 222 57 Eaton.

437 2745 1937 76 His royal nibs, by Winifred Eaton Reeve … New
361 2827 190 71 York,
577 2827 97 58 W.
702 2827 60 58 J.
791 2826 178 58 Watt
997 2825 49 59 &
1073 2846 87 38 co.
1191 2855 13 43 [
1207 2834 18 22 c
1229 2827 165 72 1925]

429 2902 620 56 4 p. l., 7-318 p. 19½ cm .
361 2960 53 54 ©
446 2961 121 53 Sept.
593 2963 41 51 2,
666 2960 104 45 1925;
825 2962 65 43 2c.
922 2963 102 43 Oct.
1058 2959 74 54 15;
1164 2961 79 43 aff.
1276 2962 103 43 Oct.
1412 2961 74 52 14;
1518 2960 44 43 A
1593 2959 191 52 869463;
1816 2960 75 43 W.
1921 2959 40 52 J.
1992 2959 131 43 Watt
2154 2957 37 44 &
2220 2972 66 28 co.

440 3017 271 56 (25-20259)

361 3103 251 72 Reuter,
650 3102 346 59 Frederick
1028 3103 74 57 A.

435 3195 339 59 Homiletic
813 3200 413 54 sermonettes
1264 3214 80 38 on
1379 3194 104 57 the
1522 3192 265 73 Gospels
1829 3191 67 59 of
1933 3191 104 58 the
2079 3189 291 72 Sundays

359 3275 68 57 of
473 3275 105 57 the
626 3274 448 59 ecclesiastical
1118 3292 173 54 year,
1335 3272 154 57 with
1537 3271 227 58 stories
1814 3270 189 58 taken
2049 3267 168 58 from
2267 3267 105 58 the

359 3344 2010 80 lives of saints, by the Rev. Frederick A. Reuter … St.
359 3431 212 71 Louis,
603 3431 123 57 Mo.
762 3435 124 57 and
915 3430 281 70 London,
1225 3429 71 56 B.
1328 3428 252 57 Herder
1611 3426 160 59 book
1802 3445 108 51 co.,
1943 3425 167 56 1925.

430 3509 26 44 6
483 3524 40 38 p.
551 3509 43 52 1,
623 3506 81 47 337
733 3524 38 37 p.
836 3510 50 43 19
893 3510 47 18 cm
947 3545 8 8 .

362 3565 53 54 ©
448 3566 101 45 Oct.
584 3567 63 51 10,
679 3564 131 54 1925;
841 3566 65 43 2c.
938 3566 87 43 and
1056 3564 79 44 aff.
1168 3565 102 43 Oct.
1305 3563 73 52 12;
1413 3563 44 42 A
1489 3561 191 52 869364;
1714 3561 50 42 B.
1797 3560 187 44 Herder
2011 3558 122 44 book
2162 3572 66 28 co.

442 3621 271 56 (25-20286)

362 3706 368 73 Robertson,
768 3705 286 61 William
1091 3707 257 72 Spence,
1389 3706 148 58 1872–

430 3800 272 70 History
751 3801 69 56 of
870 3801 104 56 the
1027 3797 556 60 Latin-American
1635 3794 271 69 nations,
1957 3793 84 70 by
2089 3788 282 60 William

362 3865 2006 85 Spence Robertson … Rev. ed. New York, London, D.
360 3957 322 71 Appleton
712 3957 124 56 and
867 3974 323 53 company,
1225 3954 167 58 1925.
