2533 4412
1365 4110 111 58 750

417 435 328 74 Downing,
785 437 195 74 Hugh
1013 437 344 74 Urquhart.

497 511 476 61 Consolidation
1010 515 69 57 of
1113 515 372 74 Downing’s
1522 515 426 59 Annotations
1986 520 65 55 to
2089 517 105 58 the
2229 518 192 58 latest

417 591 274 74 Georgia
727 594 167 56 code.
969 592 385 74 Embracing
1389 593 358 60 references
1782 597 65 55 to
1883 595 106 57 the
2024 596 210 71 public
2267 597 150 56 laws

419 670 68 58 of
522 672 150 56 1910
707 673 63 55 to
808 672 168 72 1924,
1013 672 324 73 inclusive,
1377 671 123 58 and
1534 671 281 59 volumes
1854 674 71 56 96
1962 675 65 56 to
2064 674 130 71 158,
419 672 1977 149 inclusive,

605 749 69 58 of
708 748 274 74 Georgia
1016 752 272 75 reports,
1326 752 123 56 and
1482 750 281 58 volumes
1802 753 33 55 1
1869 754 64 55 to
1971 752 91 72 31,
2097 750 323 76 inclusive,

418 828 70 59 of
532 828 275 73 Georgia
854 827 195 60 Court
1093 829 70 58 of
1206 828 260 73 appeals
1511 831 271 73 reports,
1829 829 124 59 and
1997 848 168 41 some
417 830 1979 150 subsequent

651 906 274 74 Georgia
964 926 175 39 cases
1180 907 67 57 in
1286 907 104 58 the
1437 907 457 59 Southeastern
1933 911 309 69 reporter.
2322 908 100 74 By

415 984 2005 76 Hugh Urquhart Downing … [Columbus, Ga., Gilbert
414 1064 290 73 printing
738 1083 105 55 co.]
879 1065 166 56 1925.

492 1142 83 46 654
603 1143 150 44 numb.
804 1178 8 8 l.
873 1144 55 43 24½c
979 1146 29 17 m
1016 1178 9 10 .

494 1201 190 44 Printed
714 1216 58 28 on
803 1215 85 29 one
916 1199 96 45 side
1042 1200 52 44 of
1122 1199 95 45 leaf
1247 1199 120 54 only.

412 1255 54 54 ©
491 1258 107 52 July
626 1259 61 48 11,
718 1256 130 54 1925;
876 1260 65 41 2c.
968 1258 87 43 and
1078 1256 79 44 aff.
1184 1256 107 53 July
1316 1256 77 54 20;
1423 1258 44 42 A
1491 1255 190 55 855949;
1711 1258 62 42 H.
1800 1258 59 43 U.
1887 1258 242 53 Downing,
2159 1257 260 52 Columbus,

490 1314 80 45 Ga.
634 1312 68 54 [©
727 1330 100 28 new
855 1321 179 39 matter]
1107 1311 274 56 (25-13872)

414 1399 203 73 Drew,
659 1399 174 74 Lucy
874 1398 293 62 Bozarth.

494 1478 312 60 Sunshine
840 1496 215 54 poems
1091 1478 102 56 for
1228 1478 216 57 hearts
1481 1477 182 58 small
1697 1478 123 58 and
1853 1478 176 73 large
2064 1479 140 59 that
2235 1498 191 39 never

414 1577 174 53 grow
613 1557 121 70 old,
761 1557 85 71 by
871 1556 174 72 Lucy
1068 1556 279 57 Bozarth
1373 1555 218 72 Drew;
1620 1555 336 72 published
1979 1558 85 71 by
2087 1556 245 59 friends
2360 1557 67 57 in

412 1635 384 59 memoriam.
885 1634 475 73 [Philadelphia,
1392 1643 19 21 c
1413 1633 166 74 1925]

485 1713 54 45 36
570 1728 40 39 p.
674 1712 50 45 17½c
776 1715 29 17 m
813 1747 9 9 .

412 1770 54 54 ©
498 1774 117 51 June
646 1770 68 54 27,
751 1769 129 53 1925;
973 1806 7 7 1c.
1013 1770 107 53 July
1157 1772 45 49 1;
1295 1804 8 8 1c.
1338 1770 87 43 and
1457 1769 79 45 aff.
1570 1769 107 54 July
1715 1769 73 52 16;
1826 1771 44 42 A
1902 1767 191 56 855902;
2129 1769 202 45 Thomas
2365 1769 53 47 E.

485 1829 240 50 Cashman,
754 1827 328 53 Philadelphia.
1152 1825 273 55 (25-13639)

415 1914 153 72 Fay,
606 1916 152 55 Mrs.
800 1912 195 72 Eliza,
1037 1914 361 57 1756-1816.

494 1991 289 74 Original
806 1992 221 56 letters
1055 1989 169 59 from
1250 1989 185 59 India
1471 1988 401 75 (1779-1815)
1913 1989 112 75 [by]
2056 1990 154 58 Mrs.
2240 1989 180 59 Eliza

413 2071 172 73 Fay;
635 2071 152 57 with
835 2070 444 70 introductory
1328 2068 126 58 and
1501 2067 297 58 terminal
1844 2070 180 57 notes
2075 2069 85 73 by
2207 2069 74 57 E.
2332 2068 85 58 M.

414 2146 2008 74 Forster … New York, Harcourt, Brace and company
417 2261 13 44 [
431 2241 19 21 c
455 2231 165 72 1925]

494 2308 82 46 307
608 2325 40 38 p.
709 2316 116 45 port.
885 2308 53 42 22½c
991 2309 29 17 m
1028 2343 7 7 .

495 2367 132 45 With
656 2366 317 53 reproduction
1002 2364 49 45 of
1078 2362 195 54 original
1303 2371 123 45 t.-p.:
1459 2361 211 54 Original
1699 2363 155 43 letters
1887 2362 123 44 from
2037 2361 155 54 India;
423 2362 1980 117 containing

530 2440 25 29 a
586 2424 231 44 narrative
845 2422 51 44 of
924 2438 26 28 a
976 2421 195 53 journey
1199 2419 201 53 through
1431 2418 165 54 Egypt,
1628 2420 88 44 and
1746 2421 75 42 the
1850 2418 200 51 author’s
2080 2419 346 53 imprisonment

423 2491 46 36 at
503 2481 177 45 Calicut
708 2482 59 51 by
800 2480 164 53 Hyder
993 2478 122 54 Ally.
1174 2477 71 46 To
1275 2477 148 45 which
1455 2479 34 42 is
1523 2478 156 51 added,
1712 2493 56 27 an
1800 2478 200 43 abstract
2030 2478 51 44 of
2110 2478 130 43 three
421 2478 1983 113 subsequent

582 2553 198 39 voyages
809 2545 46 36 to
886 2537 141 43 India.
1091 2536 69 53 By
1188 2536 115 42 Mrs.
1334 2533 109 53 Fay.
1506 2534 221 50 Calcutta,
1761 2532 118 49 1817.

414 2596 52 55 ©
494 2598 118 53 June
644 2596 62 53 18,
740 2593 129 55 1925;
902 2596 65 42 2c.
998 2595 116 52 June
1143 2592 77 53 20;
1252 2592 79 44 aff.
1363 2591 107 55 July
1500 2593 49 52 3;
1582 2593 44 43 A
1656 2591 191 55 861009;
1881 2591 52 48 E.
1966 2593 66 42 M.
2064 2592 200 53 Forster,
483 2594 1914 113 Dorking,

635 2653 227 53 England.
931 2649 273 56 (25-13075)

416 2738 270 60 Federal
736 2740 270 56 statutes
1058 2735 359 57 annotated.
1520 2733 428 73 Supplement,
2000 2736 167 55 1924.
493 2734 1906 156 Containing

770 2818 84 56 all
880 2815 103 58 the
1012 2816 151 55 laws
1195 2813 67 57 of
1292 2833 38 37 a
1357 2815 375 70 permanent
1760 2814 125 56 and
1912 2813 257 72 general
2196 2817 225 54 nature

495 2898 260 57 enacted
790 2896 85 71 by
907 2894 104 58 the
1055 2891 429 73 Sixty-eighth
1521 2909 295 54 congress
1854 2891 280 57 between
491 2891 1908 143 December
631 2977 89 71 31,

752 2975 166 72 1923,
947 2973 124 56 and
1095 2970 347 58 December
1466 2971 91 70 31,
1586 2970 166 71 1924,
1779 2968 154 58 with
1963 2970 459 71 supplemental

493 3058 178 55 notes
711 3051 367 72 continuing
1112 3051 104 55 the
1257 3047 369 58 annotation
1662 3047 67 56 in
1765 3047 103 56 the
1905 3046 184 72 prior
2122 3048 300 73 volumes,

493 3135 125 56 and
637 3131 333 72 recording
991 3131 320 67 statutory
1330 3126 246 71 repeals
1599 3126 124 56 and
1746 3125 429 57 amendments
494 3124 1890 159 (1916–1924)

767 3212 94 72 [2d
903 3210 109 71 ed.]
1097 3207 117 58 Ed.
1256 3207 84 70 by
1378 3205 246 57 Harold
1663 3204 74 56 N.
1781 3204 324 72 Eldridge,
2149 3205 273 57 assisted

492 3293 84 71 by
600 3291 212 56 Minor
835 3286 346 73 Bronaugh
1203 3286 129 56 and
1354 3283 310 57 members
1696 3282 66 58 of
1790 3283 103 57 the
1926 3282 293 58 editorial
2248 3282 170 58 staff.

495 3369 373 71 Northport,
905 3366 69 56 L.
1014 3365 71 73 I.,
1127 3364 73 57 N.
1241 3363 93 72 Y.,
1374 3362 280 58 Edward
1696 3361 359 71 Thompson
2095 3379 324 55 company,

494 3449 166 56 1925.

585 3561 8 16 xxx,
625 3524 105 45 1002
757 3540 40 37 p.
859 3523 52 43 26
919 3525 46 17 cm
972 3557 8 8 .

411 3583 55 54 ©
493 3585 111 51 Apr.
631 3583 66 50 23,
729 3579 129 54 1925;
887 3582 64 41 2c.
980 3579 87 44 and
1093 3577 78 44 aff.
1200 3578 118 51 June
1342 3574 77 52 20;
1452 3575 42 41 A
1522 3571 191 56 855620;
1744 3572 199 47 Edward
1971 3571 266 54 Thompson
2265 3587 63 28 co.

417 3653 258 74 Fegdal,
717 3649 276 72 Charles,
1035 3651 148 56 1880–

560 3720 1860 74 … Coins curieux de Paris; bois dessinés et gravés par
468 3809 143 58 Émile
646 3808 214 56 Alder.
943 3802 208 72 Paris,
1187 3799 189 61 Stock
1410 3800 181 73 [1924]

485 3878 1059 62 3 p. l ., [9]–172 p., 1 l. incl. plates. 23 cm .
485 3942 320 53 “Exemplaire
835 3955 64 28 n°.
931 3938 151 45 0051.”

411 4002 54 54 ©
498 4005 109 41 Dec.
640 4001 39 51 6,
714 4000 130 50 1924;
935 4033 7 7 1c.
976 3998 109 42 Dec.
1119 3996 78 52 24;
1232 3992 301 54 A—Foreign
1564 3990 162 55 27624;
1764 3991 48 45 C.
1847 3991 184 54 Fegdal,
2067 3990 145 45 Paris.

548 4055 217 41 (25-11207)
