2533 4412
1266 4100 111 55 526

322 435 250 68 Reuter,
607 433 318 59 Albrecht.

397 526 487 57 Ameisensäure
944 527 92 58 als
1095 526 334 58 heilmittel
1507 527 129 56 und
1694 526 105 56 ihr
1856 526 315 72 gebrauch
2228 545 99 38 am

321 604 434 57 krankenbett.
839 604 176 56 Nach
1069 602 359 73 12jähriger
1481 603 251 72 eigener
1787 602 365 76 erfahrung,
2208 622 123 38 von

326 679 2004 73 sanitätsrat dr. med. Albrecht Reuter … München, O.
323 758 260 73 Gmelin,
615 758 168 60 1925.

393 836 452 54 70 p., 1 l. 22 ½cm .
393 893 582 49 “Literaturverzeichnis”:
1035 910 40 37 p.
1108 895 180 47 [69]-70.

320 963 1604 56 © Jan. 19, 1925; 1c. Mar. 19; A —Foreign 27451; O. Gmelin.
399 1019 271 57 (25-10209)

324 1119 179 72 [Rose
542 1118 267 75 bindery
845 1135 324 58 company,
1210 1122 243 57 Boston]

401 1212 1510 76 The Rose bindery … Boston, Mass. [ c 1925]
395 1289 1214 53 [13] p. mounted front., 6 mounted pl. 24 ½ cm .
393 1346 213 43 Lettered
636 1361 57 28 on
722 1360 136 29 cover:
915 1346 130 43 Your
1075 1346 171 52 library
1275 1348 89 42 and
1395 1361 84 28 our
1508 1347 143 44 work.

393 1403 73 44 On
494 1418 132 28 verso
656 1403 50 43 of
734 1410 96 46 t.-p.:
890 1402 266 54 Copyright,
1187 1403 121 44 Rose
1338 1404 188 52 bindery
1554 1418 233 39 company.

320 1458 54 54 ©
402 1460 112 52 Apr.
545 1459 63 54 15,
640 1460 129 53 1925;
797 1461 64 43 2c.
890 1462 87 43 and
1004 1462 80 43 aff.
1111 1461 113 53 Apr.
1257 1459 51 46 17;
1363 1462 45 42 A
1437 1462 189 52 822938;
1659 1463 123 43 Rose
1809 1461 190 54 bindery
2027 1476 81 38 co.,
2140 1464 185 42 Boston.

399 1516 243 56 (25-9116)

322 1617 436 72 Rottauscher,
797 1616 247 74 Alfred,
1086 1620 189 57 188&-

319 1707 1986 151 … Sepp Höltzl aus den Alpen. Leipzig, Wien, C. Stephenson, 1924.
394 1865 82 43 208
504 1881 39 38 p.
607 1865 115 43 illus.
786 1865 49 43 18
843 1866 45 17 cm
897 1899 8 8 .
969 1864 102 47 [Die
1100 1864 194 53 lustigen
1324 1863 180 46 bücher.
1566 1864 38 43 3.
1635 1865 86 47 bd.]

319 1919 1896 55 © Oct. 1, 1924; 1c. Feb. 16, 1925; A —Foreign 26798; Carl Stephenson.
398 1977 244 56 (25-9921)

322 2079 211 72 Seher,
573 2078 163 58 Carl.

395 2170 246 58 Wollen
681 2171 130 56 und
851 2171 282 66 werden;
1178 2171 115 57 das
1334 2172 160 57 buch
1537 2170 111 57 der
1693 2171 129 71 ehe,
1865 2190 124 37 von
2032 2171 93 57 dr.
2169 2173 159 56 med.

321 2247 150 60 Carl
501 2249 214 58 Seher.
798 2248 351 73 Hamburg,
1184 2248 66 59 C.
1287 2248 66 58 G.
1386 2245 362 75 Überreich,
1784 2250 167 56 1924.

387 2327 83 43 272
504 2341 41 38 p.
609 2326 131 43 front.
781 2326 170 53 (port.)
995 2327 159 52 plates.
1218 2326 51 43 18
1276 2328 45 17 cm
1329 2361 8 7 .

318 2381 1924 56 © Dec. 4, 1924; 1c. Mar. 11, 1925; A —Foreign 26922; Ch. G. Überreich.
398 2439 270 56 (25-10001)

322 2539 236 75 Sergel,
593 2539 241 73 Albert,
874 2541 190 57 1876-

401 2635 156 58 Saat
586 2637 129 56 und
747 2637 192 55 ernte.
1023 2634 118 59 Die
1172 2636 294 57 deutsche
1497 2634 168 73 lyrik
1693 2654 106 39 um
1830 2636 148 55 1925
2011 2634 65 57 in
322 2636 1980 136 selbstauswahlen

706 2715 111 57 der
843 2713 240 58 dichter
1110 2714 129 57 und
1262 2713 354 59 dichterinn
1622 2732 90 53 en,
1732 2712 114 58 mit
1863 2713 233 58 kurzen
323 2713 1979 153 eigenbiographien

784 2794 128 57 und
961 2794 244 71 angabe'
1247 2793 172 57 ihrer
1466 2792 203 57 werke
1715 2793 172 72 hrsg.
1934 2812 125 38 von
2103 2793 225 58 Albert

325 2871 237 73 Sergel.
642 2871 220 57 Berlin
919 2873 129 71 [etc.]
1085 2870 181 73 Bong
1300 2870 49 57 &
1385 2888 85 40 co,
1514 2871 181 72 [1924]

389 2949 515 52 2 p. l., 502 p. 20 cm .
394 3006 321 45 “Verzeichnis
746 3006 80 43 der
856 3015 187 36 autoren
1071 3007 90 43 und
1189 3004 123 45 ihrer
1340 3005 226 52 lyrischen
1594 3005 179 45 werke”:
1828 3022 40 35 p.
1896 3005 205 47 485-500.

317 3058 1981 113 © Dec. 1, 1924; 1c. Mar. 12, 1925; A—Foreign 27023; Deutsches verlagshaus Bong & co. (25-10050)
321 3219 306 72 Shepard,
662 3218 129 57 The
824 3217 232 71 Frank,
1092 3231 322 59 company.

395 3311 61 55 A
485 3310 221 57 record
735 3309 68 58 of
830 3308 148 72 fifty
1003 3327 189 53 years
1224 3307 68 58 of
1324 3307 405 73 specializing
1758 3308 65 57 in
1853 3328 39 38 a
1920 3308 147 61 field
2098 3310 140 57 that
2270 3308 53 59 is

321 3387 68 58 of
425 3387 140 57 first
603 3386 389 74 importance
1034 3391 63 53 to
1138 3387 103 58 the
1281 3387 197 57 bench
1516 3386 124 57 and
1678 3387 116 56 bar
1837 3385 68 59 of
1944 3386 104 59 the
2089 3387 236 58 United

322 3466 213 58 States;
604 3484 79 38 an
715 3464 236 72 insight
984 3464 133 57 into
1156 3483 80 38 an
1274 3463 474 59 establishment
1786 3463 136 58 that
1956 3465 116 59 has
2109 3484 215 53 grown

321 3543 168 58 from
528 3543 180 57 small
743 3541 374 72 beginnings
1154 3546 64 52 to
1256 3542 104 57 the
1396 3541 141 58 first
1576 3542 158 55 rank
1770 3541 66 57 in
1873 3542 103 59 the
2016 3543 120 59 law
319 3544 1979 149 publishing

574 3619 144 58 field;
777 3620 132 57 also
938 3639 36 38 a
1000 3619 276 59 detailed
1299 3618 437 73 presentation
1763 3618 68 58 of
1855 3619 105 58 the
1988 3638 183 54 scope
2201 3621 122 59 and

319 3719 143 37 uses
495 3698 68 57 of
592 3696 261 59 citation
879 3698 211 74 books,
1119 3697 151 58 with
1296 3695 384 59 illustrative
1712 3697 317 73 examples
2061 3698 69 57 of
2159 3697 164 59 their

319 3797 129 51 use,
477 3777 123 57 and
628 3794 79 39 an
732 3774 279 74 analysis
1041 3774 68 61 of
1134 3774 165 59 their
1326 3773 272 60 relation
1623 3778 64 55 to
1719 3776 85 57 all
1829 3776 181 58 other
2036 3775 285 60 methods

322 3855 67 58 of
412 3855 166 72 legal
602 3854 311 70 research,
940 3856 83 70 by
1047 3853 104 59 the
1179 3852 383 73 publisher’s
1592 3852 295 59 editorial
1917 3853 172 58 staff.
2172 3855 152 56 New

320 3934 191 70 York,
540 3933 73 56 N.
641 3932 93 70 Y.,
763 3932 128 58 The
921 3932 215 57 Frank
1163 3931 290 72 Shepard
1482 3948 308 55 company
1822 3960 13 43 [
1837 3938 19 23 c
1860 3931 164 73 1923]

391 4012 52 43 78
469 4026 40 30 p.
538 4009 74 43 incl.
670 4008 159 48 plates,
893 4008 143 44 front.,
1064 4008 169 48 (port.)
1300 4007 55 47 25½
1390 4010 48 19 cm
1443 4043 10 9 .
