2533 4412
0 0 0 0 300
375 417 420 75 Feichtinger,
829 419 177 58 Paul.

450 509 505 60 Biochemischer
995 509 338 74 leitfaden;
1376 511 325 73 anleitung
1738 530 111 39 zur
1887 510 495 61 biochemischen

373 591 403 73 behandlung
804 592 159 56 nach
995 593 92 57 dr.
1124 590 330 60 Schüssler
1488 591 107 57 für
1629 591 119 58 alle
1779 590 436 73 biochemiker,
374 609 1984 120 verfasst

568 665 1816 83 von dr. med. Paul Feichtinger … 1. aufl. Leipzig,
371 748 96 59 W.
503 747 314 73 Schwabe,
848 749 167 56 1924.

441 825 731 57 xi p., 1 l., 643, [1] p. 23½cm.
444 884 523 55 “Literaturangaben”:
999 900 39 37 p.
1072 882 110 50 [607]

375 947 1859 61 © Jan. 1, 1925; 1c. Feb. 16; A—Foreign 26860; Willmar Schwabe.
455 1009 245 57 (25-8597)

374 1110 284 73 Garrick,
701 1108 227 73 David,
974 1109 361 59 1717-1779.

453 1201 132 57 The
619 1198 178 75 lying
830 1197 187 58 valet.
1095 1197 60 56 A
1191 1213 160 56 peep
1389 1195 233 58 behind
1659 1197 104 57 the
1803 1198 278 73 curtain;
2122 1219 90 54 or,
2251 1200 131 60 The

372 1298 136 38 new
561 1276 341 60 rehearsal.
995 1275 138 58 Bon
1185 1277 141 70 ton;
1380 1293 90 54 or,
1525 1274 174 73 High
1751 1274 113 61 life
1919 1277 195 58 above
2170 1278 210 60 stairs.

376 1357 202 57 Three
618 1355 210 59 farces
867 1355 84 71 by
990 1353 208 57 David
1239 1351 283 62 Garrick.
1603 1352 235 61 Edited
1876 1355 153 57 with
373 1355 1987 140 introductions

562 1436 85 72 by
669 1432 230 61 Louise
922 1432 230 59 Brown
1181 1429 262 63 Osborn.
1512 1431 152 60 New
1688 1431 243 77 Haven,
1956 1433 155 60 Yale
375 1434 1985 153 university

525 1531 216 55 press;
771 1514 149 72 [etc.,
951 1514 129 70 etc.]
1112 1512 167 56 1925.

448 1608 61 53 xi,
541 1606 77 47 135
646 1623 40 38 p.
749 1607 155 50 front.,
935 1620 73 38 pl.,
1038 1604 199 45 facsims.
1301 1602 50 45 17½
1386 1606 47 17 cm
1439 1637 9 9 .

374 1678 56 54 ©
468 1680 120 42 Mar.
624 1677 68 52 20,
732 1675 130 54 1925;
901 1677 64 42 2c.
1003 1676 120 42 Mar.
1158 1672 79 54 25;
1278 1674 79 43 aff.
1396 1675 119 42 Mar.
1554 1674 78 52 21;
1671 1675 44 42 A
1752 1673 188 56 822604;
1981 1676 114 49 Yale
2132 1676 251 57 university

446 1751 139 38 press.
655 1731 245 58 (25-7399)

374 1836 189 73 Gray,
602 1833 240 73 Joseph
875 1829 378 72 Alexander,
1293 1833 190 56 1859-

452 1927 62 56 A
547 1923 210 73 digest
793 1922 69 58 of
898 1922 86 58 all
1016 1923 107 57 the
1158 1921 302 73 reported
1497 1940 177 38 cases
1712 1920 261 63 decided
2009 1925 83 72 by
2126 1923 105 61 the
375 1923 1987 156 Supreme

619 2004 179 58 court
825 2000 68 60 of
921 2019 214 40 errors
1163 1998 125 61 and
1314 1999 104 59 the
1449 1998 308 73 Superior
1784 2004 178 56 court
1992 2002 68 59 of
2087 2002 104 60 the
2223 2006 164 58 state

379 2085 68 58 of
483 2080 406 62 Connecticut
924 2100 70 39 as
1030 2079 139 57 well
1204 2097 69 40 as
1309 2077 69 59 of
1411 2077 103 60 the
1551 2078 238 59 United
1826 2078 214 60 States
2075 2087 213 53 courts
2321 2084 65 56 in

376 2165 105 56 the
504 2159 270 60 District
802 2159 68 57 of
899 2154 425 76 Connecticut,
1350 2156 170 57 from
1545 2157 208 71 Kirby
1777 2159 64 56 to
1869 2158 120 57 vol.
2017 2163 72 55 99
377 2157 1986 143 Connecticut

563 2241 253 71 reports
849 2235 323 71 inclusive,
1202 2233 154 60 with
1387 2234 305 73 complete
1723 2253 174 41 cross
1930 2236 358 61 references
2322 2243 62 55 to

377 2322 105 58 the
508 2315 326 75 Lawyers’
864 2317 252 70 reports
1145 2313 346 58 annotated
1524 2312 96 72 (L.
1650 2314 72 56 R.
1752 2312 108 73 A.)
1898 2316 124 58 and
2048 2315 336 60 American

377 2390 2004 81 law reports (A. L. R.) by Joseph A. Gray … v. 1, 2.
378 2479 152 57 New
558 2475 191 73 York,
782 2473 226 72 Baker,
1040 2469 277 60 Voorhis
1347 2470 49 57 &
1426 2490 106 53 co.,
1567 2472 166 56 1925.

445 2569 27 42 2
502 2583 42 29 v.
602 2564 54 45 25½
693 2567 47 19 cm
746 2599 9 9 .

377 2655 42 29 v.
454 2641 36 50 1,
519 2636 56 54 ©
608 2636 107 45 Feb.
747 2635 68 51 24,
852 2631 131 54 1925;
1017 2632 65 43 2c.
1117 2631 89 43 and
1236 2631 78 43 aff.
1350 2630 120 43 Mar.
1504 2631 50 51 9;
1589 2646 41 28 v.
1662 2631 41 52 2,
1734 2629 56 55 ©
1824 2632 113 52 Apr.
1974 2633 76 52 18;
2082 2633 66 44 2c.
2182 2635 88 43 and
2302 2635 80 45 aff.

447 2697 114 51 Apr.
588 2694 78 51 28;
698 2692 44 44 A
770 2691 178 51 822314,
979 2688 189 52 823938;
1203 2687 166 53 Baker,
1398 2687 201 44 Voorhis
1630 2688 38 44 &
1696 2703 66 30 co.

457 2749 244 58 (25-6710)

377 2851 300 72 Günther,
711 2849 178 57 Hans
920 2847 49 56 F
1259 2843 62 58 K
1637 2844 190 59 1891-

447 2943 230 58 Kleine
706 2938 430 60 rassenkunde
1168 2935 314 73 Europas,
1511 2954 124 38 von
1666 2937 92 56 dr.
1790 2935 181 60 Hans
2003 2937 68 58 F.
2107 2938 79 56 K.
378 2938 1985 143 Günther.

640 3017 120 61 Mit
806 3018 72 56 20
921 3016 226 56 karten
1190 3015 128 57 und
1360 3014 111 56 353
1518 3011 436 76 abbildungen.
2058 3015 328 75 München,

378 3102 60 59 J.
469 3100 71 57 F.
572 3097 342 70 Lehmann,
946 3094 167 59 1925.

448 3168 902 63 213 p. illus. (incl. maps) 22 ½ cm .
451 3231 385 56 Bibliographical
867 3231 264 43 foot-notes.

380 3293 2003 69 © Dec. 19, 1924; 1c. Feb. 21, 1925; A—Foreign 26732; J. F. Lehmanns
448 3365 172 52 verlag.
690 3358 244 59 (25-8431)

379 3466 277 74 Hayner,
699 3455 408 73 Rutherford,
1151 3456 190 59 1877-

462 3562 172 68 Troy
664 3557 126 57 and
818 3549 380 62 Rensselaer
1230 3544 266 75 County,
1526 3546 156 58 New
1708 3545 204 73 York;
1946 3565 36 38 a
2010 3549 266 74 history,
2306 3550 82 71 by

384 3620 2002 84 Rutherford Hayner … New York and Chicago, Lewis
382 3714 330 64 historical
736 3707 366 79 publishing
1126 3720 326 57 company,
1478 3702 136 70 inc.,
1644 3701 166 59 1925.

455 3798 25 44 3
511 3811 42 29 v.
614 3792 175 46 fronts.,
821 3787 158 53 plates,
1008 3790 156 46 ports.,
1197 3779 192 54 facsim.,
1421 3787 103 38 coat
1553 3780 52 45 of
1638 3794 136 32 arms.
1833 3777 55 46 27½c
1940 3783 30 17 m
1975 3815 10 10 .

453 3841 591 58 Vol. III Biographical.
458 3903 356 57 Bibliography:
842 3916 42 29 v.
915 3901 36 49 1,
978 3914 42 36 p.
1050 3895 187 51 [vii]-ix.

381 3980 54 51 ©
464 3980 109 42 Mar
615 3976 37 47 9,
687 3968 131 55 1925;
848 3969 65 42 2c.
942 3965 88 44 and
1058 3963 79 44 aff.
1168 3962 121 44 Mar.
1316 3960 80 53 26;
1428 3961 44 42 A
1504 3958 188 54 823524;
1726 3959 148 47 Lewis
1903 3961 235 46 historical
2168 3964 101 53 pub.
2299 3979 82 41 co.,

452 4038 85 43 inc.
604 4026 245 60 (25-7308)
