2533 4412
1321 4092 113 59 392

379 431 220 57 Texas.
672 431 305 73 Supreme
1014 436 192 53 court.

457 509 1921 74 The Texas reports. Cases adjudged … from June,
378 588 148 56 1922
568 590 63 54 to
677 587 168 71 May,
890 589 166 55 1923.
1140 588 325 70 Reported
1505 588 82 70 by
1628 587 75 56 A.
1750 587 72 57 E.
1865 587 371 58 Wilkinson,
2321 608 55 37 v.

377 667 128 54 112.
578 664 266 75 [Austin,
877 665 164 74 Tex.]
1075 666 129 56 The
1237 665 179 57 State
1447 665 66 56 of
1545 666 222 72 Texas,
1799 666 166 56 1923.

580 776 9 16 xxxv,
619 741 84 44 698
729 756 39 37 p.
825 742 54 43 23½
914 744 48 18 cm
969 777 8 9 .

375 795 55 55 ©
459 798 101 44 Oct.
587 799 68 51 23,
687 799 129 51 1923;
846 799 63 42 2c.
940 799 101 44 Oct.
1069 798 78 51 29;
1176 798 79 43 aff.
1285 798 112 52 Apr.
1425 797 66 53 30,
1524 796 129 54 1925;
1685 799 44 42 A
1755 797 192 54 823971;
1978 798 167 45 Alfred
2174 799 56 44 A.
447 800 1911 107 Wilkinson,

665 855 181 52 Austin,
889 853 116 46 Tex.

377 940 373 73 Thompson,
788 940 243 72 Slason,
1067 943 190 56 1849-

452 1018 59 57 A
559 1019 176 57 short
781 1019 250 70 history
1079 1018 67 57 of
1191 1018 337 57 American
1576 1019 313 71 railways,
1939 1017 295 75 covering
2277 1023 106 55 ten

375 1097 284 71 decades,
699 1097 84 71 by
824 1096 226 58 Slason
1092 1096 378 71 Thompson.
1571 1096 177 59 With
1788 1097 114 56 400
1940 1096 441 58 illustrations.

378 1173 291 74 Chicago,
697 1174 255 57 Bureau
981 1175 68 56 of
1079 1173 264 72 railway
1369 1194 167 38 news
1567 1175 48 56 &
1645 1173 326 75 statistics,
2002 1175 166 57 1925.

446 1252 22 44 5
498 1268 38 37 p.
583 1287 21 16 l.,
633 1250 81 46 473
742 1267 39 38 p.
812 1252 99 45 incl.
940 1252 152 51 front.,
1122 1250 116 46 illus.
1297 1252 53 43 22
1358 1254 47 18 cm
1411 1287 10 9 .

447 1308 353 54 Bibliography:
833 1323 39 38 p.
908 1307 238 48 [445]-449.

375 1365 55 54 ©
459 1367 112 52 Apr.
601 1369 39 49 6,
673 1364 131 55 1925;
835 1367 65 43 2c.
932 1367 87 43 and
1050 1368 78 42 aff.
1161 1367 111 51 Apr.
1309 1367 44 41 11;
1417 1367 44 42 A
1493 1364 189 55 823670;
1720 1365 44 47 S.
1795 1365 281 53 Thompson,
2109 1364 214 53 Chicago.

456 1422 243 56 (25-8423)

376 1494 283 74 Tingley,
691 1497 154 56 Mrs.
880 1493 347 58 Katherine
1258 1494 60 56 A
1639 1493 367 75 (Westcott)
2049 1496 191 57 1852-

454 1576 129 57 The
621 1574 160 59 wine
819 1576 67 57 of
922 1575 132 71 life,
1089 1576 85 71 by
1209 1573 354 60 Katherine
1601 1574 297 73 Tingley;
1936 1574 154 58 with
2125 1574 259 73 preface

374 1656 82 70 by
496 1655 225 56 Talbot
759 1653 257 72 Mundy.
1100 1651 193 59 Point
1328 1654 214 70 Loma,
1583 1651 206 74 Calif.,
1827 1652 327 59 Woman’s
374 1652 1986 138 international

681 1731 432 72 theosophical
1137 1733 221 70 league
1389 1759 12 43 [
1402 1737 18 21 c
1426 1731 165 72 1925]

443 1810 115 54 xxii,
583 1812 94 51 332,
708 1810 80 48 [20]
818 1824 41 38 p.
919 1810 160 52 plates,
1105 1819 140 43 ports.
1308 1810 49 45 19½
1391 1811 49 18 cm
1445 1845 10 9 .

445 1867 70 44 “A
565 1865 295 55 compilation
910 1866 123 43 from
1081 1873 408 46 extemporaneous
1538 1866 152 53 public
1736 1868 235 44 addresses
2024 1870 59 51 by
2132 1867 251 47 Katherine

375 1921 2004 57 Tingley … delivered in America and Europe, principally in 1923 and 1924,
373 1983 91 45 and
494 1984 129 42 from
646 1982 178 53 private
850 1981 292 44 instructions
1171 1990 47 35 to
1246 1980 81 45 her
1354 1980 245 45 students.”

445 2040 301 54 “Quotations
772 2041 125 42 from
920 2039 75 46 the
1015 2038 203 45 author’s
1243 2039 134 50 book,
1402 2037 287 54 ‘Theosophy
1706 2055 8 28 :
1740 2041 74 44 the
1836 2041 108 50 path
1964 2041 52 44 of
2038 2042 74 44 the
2135 2043 176 51 mystic’
2332 2042 22 18 ”
2371 2059 9 28 :

371 2099 53 44 20
450 2115 40 37 p.
517 2107 46 37 at
589 2099 100 45 end.

377 2153 54 54 ©
467 2156 119 41 Mar.
620 2152 66 53 27,
727 2150 131 54 1925;
895 2151 64 43 2c.
997 2151 113 51 Apr.
1148 2149 48 52 7;
1234 2150 79 43 aff.
1350 2149 113 52 Apr.
1500 2149 50 52 6;
1589 2150 44 42 A
1669 2149 190 54 822796;
1899 2151 58 44 K.
1995 2150 210 56 Tingley,
2244 2154 136 46 Point

448 2212 153 49 Loma,
642 2209 134 45 Calif.
847 2206 243 56 (25-8224)

374 2281 216 70 Wade,
626 2277 264 59 Francis
925 2278 236 71 Henry.

453 2353 1930 74 God’s scarlet law, by Dr. Francis Henry Wade … with
375 2440 213 55 eleven
639 2436 120 56 full
807 2453 162 53 page
1018 2431 422 58 illustrations
1491 2432 84 72 by
1622 2432 438 59 Landerholm.
376 2435 1979 150 Providence,

613 2515 73 56 R.
717 2513 71 69 I.,
819 2512 130 57 The
978 2510 247 59 Oxford
1253 2528 181 52 press
1467 2538 13 44 [
1481 2519 19 21 c
1504 2510 164 73 1925]

445 2588 950 59 4 p. l ., 413 p. front., plates. 19 ½ cm .
377 2650 53 54 ©
463 2652 111 51 Apr.
609 2652 36 49 3,
685 2647 103 47 1925;
851 2649 63 42 2c.
948 2648 89 42 and
1068 2647 79 43 aff.
1182 2647 113 51 Apr.
1329 2644 24 45 7;
1415 2645 44 42 A
1492 2645 165 45 823643;
1720 2644 233 46 Christine
1984 2647 107 44 Von
2123 2647 59 45 K.
2217 2649 162 53 Wade,

447 2708 153 47 Evans
638 2705 115 54 City,
790 2706 79 42 Pa.
939 2701 243 57 (25-8378)

375 2774 530 69 Wied-Neuwied,
934 2771 400 60 Maximilian
1360 2770 362 58 Alexander
1748 2771 275 74 Philipp,
2043 2774 147 74 prinz
2239 2790 140 57 von,

453 2856 360 60 1782-1867.

521 2926 1858 77 … Unter den Rothäuten. Leipzig, F. A. Brockhaus,
376 3014 166 56 1924.

449 3088 89 53 159,
585 3090 52 46 [1]
682 3103 40 38 p.
785 3086 127 44 front.
953 3084 167 55 (port.)
1169 3083 118 44 illus.
1314 3082 129 55 (incl.
1486 3082 128 54 map)
1665 3081 157 55 plates.
1888 3084 49 43 19
1942 3086 46 17 cm
1997 3120 7 7 .
2068 3085 180 46 [Reisen
2295 3087 86 42 und

375 3148 242 45 abenteuer
649 3146 66 46 29]

446 3206 64 42 At
537 3204 117 44 head
680 3203 52 45 of
756 3201 98 46 title
871 3217 10 29 :
912 3198 139 46 Prinz
1079 3200 116 42 Max
1224 3213 54 29 zu
1305 3197 148 45 Wied.

446 3263 76 42 An
553 3261 315 52 abridgement
899 3257 51 45 of
983 3256 162 45 “Reise
1178 3256 43 43 in
1253 3255 80 44 das
1368 3255 154 44 innere
1556 3255 155 44 Nord-
1715 3254 255 45 America”.
2031 3256 98 44 The
2164 3257 217 44 scientific

376 3329 101 43 part
508 3318 81 43 has
623 3318 73 43 for
729 3316 74 44 the
836 3323 116 35 most
986 3322 100 44 part
1117 3313 113 43 been
1261 3312 188 44 omitted.
1524 3312 58 52 cf.
1617 3309 265 56 Einleitung
1918 3312 187 53 [signed]
2143 3313 237 45 Hellmuth

376 3375 340 45 Weissenborn.

377 3433 53 53 ©
460 3434 102 43 Oct.
595 3433 65 50 13,
692 3430 130 52 1924;
880 3444 36 28 1c.
946 3428 106 44 Feb.
1086 3427 63 52 16,
1183 3425 129 54 1925;
1343 3424 304 54 A—Foreign
1674 3424 138 45 26907;
1870 3424 50 46 F.
1951 3428 58 43 A.
2041 3428 279 44 Brockhaus.

456 3486 242 57 (25-9458)

375 3558 313 71 Wilhelm,
728 3555 288 61 Walther
1054 3552 379 72 Woldemar,
1474 3554 189 57 1886-

453 3638 115 56 Die
595 3634 263 59 mission
887 3633 106 57 des
1023 3630 463 58 mittelstandes;
1548 3630 72 56 99
1648 3630 219 59 thesen
1894 3631 110 57 für
2031 3632 112 58 das
377 3633 1978 141 schaffende

596 3714 163 70 volk,
792 3731 123 37 von
949 3712 92 56 dr.
1076 3709 296 58 Wilhelm
1404 3708 128 57 und
1565 3707 196 72 Willy
1797 3706 304 61 Schlüter.
2187 3710 175 74 Hrsg.

376 3815 121 38 von
525 3794 224 70 Eugen
778 3788 349 59 Fabricius.
1211 3787 305 65 Dresden,
1549 3785 69 59 O.
1649 3786 231 70 Laube,
1910 3788 165 57 1925.

446 3865 1025 59 xiii p., 1 l., 581, [1] p. incl. front. 23 ½ cm .
447 3929 261 43 “Literatur
741 3940 80 29 zur
853 3921 489 52 Standesforschung”:
1376 3936 39 37 p.
1447 3919 95 44 xiii.

377 3985 53 54 ©
457 3987 98 51 Jan.
586 3986 34 48 1,
651 3981 131 54 1925;
839 3997 36 28 1c.
904 3982 120 42 Mar.
1057 3980 75 52 19;
1162 3977 302 54 A—Foreign
1490 3976 163 53 27221;
1686 3977 55 45 O.
1770 3977 165 45 Laube.

456 4040 243 57 (25-9401)
