2533 4412
1125 4063 111 55 491

182 440 170 70 Moll,
387 438 314 58 Aristides
734 438 378 73 Alcibiades,
1150 441 188 56 1882-

261 531 269 57 Medical
555 530 274 71 Spanish
863 531 110 70 (El
997 530 258 71 español
1277 548 164 52 para
1466 530 56 57 el
1545 530 267 71 medico)
1853 531 111 72 [by]
1992 530 74 56 A.
2097 531 74 56 A.

184 607 1911 74 Moll … Chicago, American medical association, 1925.
250 697 92 53 viii,
375 699 77 42 133
513 733 8 8 p.
586 696 51 45 17
642 700 47 18 cm
695 732 9 9 .

184 766 53 53 ©
265 765 111 55 Apr.
403 768 65 50 24,
502 766 103 44 1925;
659 768 65 42 2c.
752 769 86 42 and
866 768 78 43 aff.
973 769 112 50 Apr.
1114 767 54 43 30;
1221 766 44 43 A
1295 765 165 45 823958;
1515 768 142 42 Amer.
1700 766 190 44 medical
1919 782 116 28 assn.

261 822 242 57 (25-9219)

261 940 569 72 Spanish-English
874 941 263 56 medical
1182 939 354 71 dictionary
1589 939 423 71 (Diccionario
2056 940 96 56 mé
183 1019 135 57 dico

183 1015 1967 138 español-inglés) [by] A. A. Moll … Chicago, American
323 1095 263 57 medical
618 1094 396 71 association,
1049 1096 164 56 1925.

254 1183 616 56 3 p. l., 126, [1] p. 17 cm .
183 1256 53 53 ©
265 1258 111 50 Apr.
402 1256 68 50 24,
503 1254 102 45 1925;
663 1256 64 42 2c.
758 1256 87 43 and
876 1256 79 42 aff.
984 1257 112 51 Apr.
1127 1256 77 51 30;
1238 1257 43 41 A
1312 1255 188 53 823960;
1533 1257 144 41 Amer.
1721 1256 190 43 medical
1943 1270 117 29 assn.

262 1312 242 55 (25-9217)

184 1429 374 73 Monaghan,
595 1429 230 70 James,
863 1428 92 59 ed.

261 1522 418 71 Monaghan’s
710 1520 373 57 cumulative
1115 1521 232 56 annual
1375 1521 209 71 digest
1611 1520 68 57 of
1707 1520 468 72 Pennsylvania

181 1598 1970 151 decisions … for the year 1924 … James Monaghan, editor,
337 1665 1839 82 assisted by M. E. Maurer … Newark, N. J., Soney
183 1756 47 55 &
261 1754 165 73 Sage
456 1774 104 52 co.,
593 1754 164 57 1925.

253 1843 541 54 3 p. l., 511 p. 26½ cm .
184 1915 53 53 ©
271 1912 112 56 May
415 1916 61 49 13,
513 1913 128 53 1925;
675 1914 64 43 2c.
770 1915 86 42 and
887 1914 79 42 aff.
1000 1910 112 55 May
1146 1914 73 50 14;
1255 1914 43 41 A
1332 1911 188 53 855105;
1559 1911 151 55 Soney
1742 1915 37 43 &
1814 1913 120 54 Sage
1964 1930 67 28 co.

183 2031 276 70 Murray,
502 2027 209 59 David
745 2026 321 72 Ambrose,
1107 2029 189 57 1861-

259 2120 119 58 His
411 2124 249 65 return;
694 2138 35 38 a
760 2122 177 67 story
967 2117 67 58 of
1061 2119 104 58 the
1200 2118 227 57 second
1456 2118 262 72 coming,
1748 2120 84 71 by
1862 2121 208 58 David
2100 2124 76 55 A.

183 2195 1995 80 Murray … Chicago, The Stanley publishing company,
183 2277 165 58 1925.

251 2366 751 56 5 p. l., 212 p. front. 19½cm.
185 2439 53 53 ©
275 2441 112 51 Apr.
423 2440 68 50 22,
532 2436 130 53 1925;
702 2438 64 42 2c.
805 2438 112 51 Apr.
955 2437 77 51 30;
1073 2437 79 43 aff.
1191 2438 112 51 Apr.
1343 2437 78 52 29;
1462 2438 43 41 A
1544 2436 189 55 829154;
1774 2440 56 41 D.
1869 2441 57 41 A.
1967 2441 204 52 Murray,

257 2496 138 47 Santa
431 2496 196 49 Monica,
665 2493 133 45 Calif.
868 2491 243 56 (25-9149)

185 2594 298 59 National
531 2592 377 59 association
959 2593 67 57 of
1076 2591 282 60 railroad
1405 2594 127 57 and
1580 2593 263 59 utilities
261 2596 1889 135 commissioners.

329 2762 1844 77 … Proceedings of the thirty-sixth annual convention,
184 2843 146 57 held
362 2846 67 53 at
460 2840 297 71 Phoenix,
794 2840 292 72 Arizona,
1124 2840 354 56 November
1512 2842 70 53 11
1620 2843 64 55 to
1721 2842 87 72 14,
1849 2845 164 72 1924,
2053 2847 126 55 and

185 2919 419 72 Proceedings
639 2917 67 58 of
738 2918 299 56 National
1068 2918 194 72 grade
1297 2918 286 72 crossing
1615 2919 382 74 conference,
2032 2922 145 58 held

187 3000 66 54 at
281 2995 287 73 Chicago,
596 2995 262 70 Illinois,
885 2994 186 72 April
1099 2996 74 55 30
1197 2996 125 56 and
1347 2995 152 72 May
1523 2997 50 70 1,
1602 2997 164 55 1924.
1835 2998 153 57 New
2003 2999 174 58 York

187 3075 142 71 city,
369 3073 298 57 National
706 3071 379 58 association
1126 3072 67 55 of
1233 3072 281 58 railroad
1553 3075 123 56 and
1712 3074 264 59 utilities
184 3097 1967 112 commissioners
589 3151 181 74 [1925]

253 3242 59 52 vi,
340 3241 79 44 675
451 3256 38 38 p.
546 3242 52 42 23½
634 3244 46 17 cm
687 3275 8 9 .

187 3313 53 53 ©
268 3314 112 51 May
405 3314 39 50 4,
475 3310 129 54 1925;
632 3312 65 42 2c.
728 3312 112 51 May
869 3312 48 50 8;
949 3311 79 43 aff.
1058 3311 112 51 May
1198 3311 50 51 9;
1279 3311 43 41 A
1353 3309 188 53 855002;
1576 3312 216 44 National
1823 3316 272 44 association
2125 3318 51 43 of

257 3369 198 44 railroad
493 3369 87 42 and
617 3367 184 44 utilities
841 3366 377 44 commissioners.

186 3468 256 69 Norton,
486 3467 267 57 Thomas
794 3465 230 72 James,
1068 3468 189 56 1863-

265 3561 130 56 The
444 3559 165 57 child
654 3558 180 57 labor
883 3558 411 71 amendment,
1348 3577 79 37 an
1478 3560 422 59 examination
1953 3564 67 57 of
2071 3565 103 58 the

188 3638 213 57 claims
447 3636 68 57 of
554 3636 84 56 its
685 3638 368 68 supporters
1095 3633 66 57 in
1203 3634 102 57 the
1349 3634 161 72 light
1551 3637 69 56 of
1662 3638 104 58 the
1809 3639 183 59 facts.
2077 3642 98 71 By

188 3704 1962 161 Thomas J. Norton … and Frank Johnston, jr. … [Chicago]
388 3792 129 56 The
550 3789 267 73 Chicago
849 3789 171 71 daily
1047 3808 185 53 news,
1265 3796 18 23 c
1286 3791 164 56 1925.

261 3882 48 42 13
336 3894 40 38 p.
434 3879 51 43 19½
519 3881 46 17 cm
571 3914 8 7 .
649 3877 101 53 (On
776 3892 155 29 cover:
963 3876 100 43 The
1091 3876 201 53 Chicago
1317 3876 121 54 daily
1463 3893 122 30 news
1615 3880 207 54 reprints,
1851 3898 70 29 no.
1955 3884 74 53 19)

190 3952 53 53 ©
271 3954 99 51 Jan.
397 3951 67 50 29,
497 3948 129 52 1925;
657 3949 63 42 2c.
749 3949 85 42 and
864 3948 78 43 aff.
972 3949 111 50 Apr.
1113 3948 77 50 22;
1223 3948 43 41 A
1296 3948 188 53 829030;
1520 3949 203 55 Chicago
1750 3954 121 53 daily
1899 3970 121 29 news
2051 3972 65 29 co.

268 4006 241 57 (25-9103)
