<alto xmlns="http://www.loc.gov/standards/alto/ns-v3#" xmlns:xlink="http://www.w3.org/1999/xlink" xmlns:xsi="http://www.w3.org/2001/XMLSchema-instance" xsi:schemaLocation="http://www.loc.gov/standards/alto/ns-v3# http://www.loc.gov/alto/v3/alto-3-0.xsd"><Description>
<MeasurementUnit>pixel</MeasurementUnit>
<sourceImageInformation>
<fileName>1925_v22_Part001.pdf</fileName>
</sourceImageInformation>
<OCRProcessing ID="IdOcr">
<ocrProcessingStep>
<processingDateTime>2019-04-03</processingDateTime>
<processingSoftware>
<softwareCreator>ABBYY</softwareCreator>
<softwareName>ABBYY Recognition Server</softwareName>
<softwareVersion>4.0</softwareVersion>
</processingSoftware>
</ocrProcessingStep>
</OCRProcessing>
</Description>
<Styles>
<ParagraphStyle ID="StyleId-FFFFFFFF-FFFF-FFFF-FFFF-FFFFFFFFFFFF-" ALIGN="Left" LEFT="0." RIGHT="0." FIRSTLINE="0."/>
<ParagraphStyle ID="StyleId-2E5B4E57-07AD-4719-97CB-14521F7F4F8A-" ALIGN="Left" LEFT="0." RIGHT="0." FIRSTLINE="0." LINESPACE="8.899999619"/>
<ParagraphStyle ID="StyleId-62A6F688-D6E3-4EFC-837B-4A4C4EB582B7-" ALIGN="Center" LEFT="0." RIGHT="0." FIRSTLINE="0." LINESPACE="12.19999981"/>
<ParagraphStyle ID="StyleId-21B71EBC-BDB5-4E16-A8F2-58189A39665B-" ALIGN="Block" LEFT="0." RIGHT="0." FIRSTLINE="-13." LINESPACE="11.35000038"/>
<ParagraphStyle ID="StyleId-1E1A68C4-DD4F-417A-A13D-7FEC29ECB499-" ALIGN="Block" LEFT="0." RIGHT="0." FIRSTLINE="-15." LINESPACE="13.30000019"/>
<ParagraphStyle ID="StyleId-6B39EC51-644D-4E90-AF07-84EF2B1E466A-" ALIGN="Block" LEFT="0." RIGHT="0." FIRSTLINE="-15." LINESPACE="8.340000153"/>
<ParagraphStyle ID="StyleId-2C1BA15F-E223-41D6-853D-AAFBDAC17E68-" ALIGN="Center" LEFT="0." RIGHT="0." FIRSTLINE="0." LINESPACE="13."/>
<ParagraphStyle ID="StyleId-A3B2CDF3-43F0-422C-90A0-E074BFEC3BC0-" ALIGN="Block" LEFT="0." RIGHT="0." FIRSTLINE="0." LINESPACE="8.899999619"/>
<ParagraphStyle ID="StyleId-28AB2493-EA15-49C1-A6AC-ED5BC404F0B9-" ALIGN="Center" LEFT="0." RIGHT="0." FIRSTLINE="0." LINESPACE="12.19999981"/>
<ParagraphStyle ID="StyleId-4417A6D4-97E2-4EFC-962D-7FBC0D5273E4-" ALIGN="Left" LEFT="0." RIGHT="0." FIRSTLINE="15." LINESPACE="8.340000153"/>
<ParagraphStyle ID="StyleId-D4EF9C5E-3110-4A39-B7BC-3D84E0F04894-" ALIGN="Center" LEFT="0." RIGHT="0." FIRSTLINE="0." LINESPACE="13.30000019"/>
<ParagraphStyle ID="StyleId-D1243F31-1201-4D92-8F69-43ADB01E9AD1-" ALIGN="Left" LEFT="0." RIGHT="0." FIRSTLINE="-13." LINESPACE="13.30000019"/>
<ParagraphStyle ID="StyleId-C65417C6-23F2-4D8F-BA55-ECE73D98CAB9-" ALIGN="Left" LEFT="0." RIGHT="0." FIRSTLINE="0." LINESPACE="8.899999619"/>
<ParagraphStyle ID="StyleId-835763C1-08DD-41BE-8BAD-8E41EA88DAE3-" ALIGN="Center" LEFT="0." RIGHT="0." FIRSTLINE="0." LINESPACE="11.10000038"/>
<ParagraphStyle ID="StyleId-78FD6B81-8F83-422D-8DF4-4274EAFD19C6-" ALIGN="Block" LEFT="0." RIGHT="0." FIRSTLINE="-17." LINESPACE="12.19999981"/>
<ParagraphStyle ID="StyleId-F506BC7F-570D-458B-9F05-A143E1F5FD17-" ALIGN="Block" LEFT="0." RIGHT="0." FIRSTLINE="-17." LINESPACE="11.35000038"/>
<ParagraphStyle ID="StyleId-CBE02C6B-22D0-48C6-A874-7E90A22F4375-" ALIGN="Center" LEFT="0." RIGHT="0." FIRSTLINE="0." LINESPACE="4.400000095"/>
<ParagraphStyle ID="StyleId-14CC0121-63AF-4AB4-9656-E02F46C61AF2-" ALIGN="Left" LEFT="0." RIGHT="0." FIRSTLINE="0." LINESPACE="8.899999619"/>
<ParagraphStyle ID="StyleId-DD64CECB-1B22-4BFF-84F0-DFDE2B0000F8-" ALIGN="Left" LEFT="0." RIGHT="0." FIRSTLINE="0." LINESPACE="12.19999981"/>
<ParagraphStyle ID="StyleId-8AEF4AA8-141A-4E5D-9C3E-C0F9F43C742F-" ALIGN="Left" LEFT="0." RIGHT="0." FIRSTLINE="0." LINESPACE="8.300000191"/>
<ParagraphStyle ID="StyleId-8C396D2A-39C0-48AB-BABA-2679D8AB257E-" ALIGN="Left" LEFT="0." RIGHT="0." FIRSTLINE="0." LINESPACE="11.10000038"/>
<ParagraphStyle ID="StyleId-3B7FE50F-10D4-487F-BDCD-FD26EB60FD4A-" ALIGN="Block" LEFT="0." RIGHT="0." FIRSTLINE="13." LINESPACE="8.340000153"/>
<ParagraphStyle ID="StyleId-8CC5CC8E-615B-4C42-BB46-DB28FA355C27-" ALIGN="Left" LEFT="0." RIGHT="0." FIRSTLINE="0." LINESPACE="12.19999981"/>
<ParagraphStyle ID="StyleId-BC67E79D-8D99-4188-8B35-A59DBB7E2BB0-" ALIGN="Block" LEFT="0." RIGHT="0." FIRSTLINE="11." LINESPACE="9.399999619"/>
</Styles>
<Layout>
<Page ID="Page1474" PHYSICAL_IMG_NR="1474" HEIGHT="4412" WIDTH="2533">
<TopMargin HEIGHT="324" WIDTH="2533" VPOS="0" HPOS="0">
</TopMargin>
<LeftMargin HEIGHT="3804" WIDTH="284" VPOS="324" HPOS="0">
</LeftMargin>
<RightMargin HEIGHT="3804" WIDTH="205" VPOS="324" HPOS="2328">
</RightMargin>
<BottomMargin HEIGHT="284" WIDTH="2533" VPOS="4128" HPOS="0">
</BottomMargin>
<PrintSpace HEIGHT="3804" WIDTH="2044" VPOS="324" HPOS="284">
<TextBlock ID="Page1474_Block1" HEIGHT="140" WIDTH="368" VPOS="3988" HPOS="1184" LANG="en-US" STYLEREFS="StyleId-F1B676EE-7D1E-4973-A01B-C41AA54A2653-">
<TextLine HEIGHT="56" WIDTH="152" VPOS="4025" HPOS="1229">
<String CONTENT="1474" HEIGHT="56" WIDTH="152" VPOS="4025" HPOS="1229"/>
</TextLine>
</TextBlock>
<TextBlock ID="Page1474_Block2" HEIGHT="3697" WIDTH="2044" VPOS="324" HPOS="284" LANG="en-US" CS="1" STYLEREFS="StyleId-AE28A3EC-DDAE-48AE-8B08-629C77715548-">
<Shape>
<Polygon POINTS="284,324 2328,324 2328,3968 910,3968 910,4021 284,4021 284,324"/>
</Shape>
<TextLine HEIGHT="51" WIDTH="515" VPOS="428" HPOS="377" STYLEREFS="StyleId-4844C422-4E50-4551-9E76-CD0597D519E2-" CS="1">
<String CONTENT="1" HEIGHT="42" WIDTH="19" VPOS="431" HPOS="377"/>
<SP/>
<String CS="1" CONTENT="p."/>
<SP/>
<String CS="1" CONTENT="l.,"/>
<SP HEIGHT="49" WIDTH="26" VPOS="430" HPOS="534"/>
<String CONTENT="76" HEIGHT="44" WIDTH="54" VPOS="430" HPOS="561"/>
<SP HEIGHT="49" WIDTH="22" VPOS="430" HPOS="616"/>
<String CONTENT="p." HEIGHT="37" WIDTH="41" VPOS="442" HPOS="639"/>
<SP HEIGHT="44" WIDTH="57" VPOS="428" HPOS="681"/>
<String CS="1" CONTENT="22&#189;" HEIGHT="43" WIDTH="57" VPOS="428" HPOS="739"/>
<String STYLE="superscript" CONTENT="cm" HEIGHT="17" WIDTH="47" VPOS="432" HPOS="828"/>
<String CONTENT="." HEIGHT="10" WIDTH="10" VPOS="464" HPOS="882"/>
</TextLine>
<TextLine HEIGHT="56" WIDTH="1530" VPOS="481" HPOS="305" STYLEREFS="StyleId-615EDEE9-BE1A-4CA1-B7B2-54C31D8B0D05-" CS="1">
<String CONTENT="&#169;" HEIGHT="54" WIDTH="53" VPOS="481" HPOS="305"/>
<SP HEIGHT="54" WIDTH="29" VPOS="481" HPOS="359"/>
<String CONTENT="Oct." HEIGHT="44" WIDTH="101" VPOS="483" HPOS="389"/>
<SP HEIGHT="42" WIDTH="31" VPOS="484" HPOS="491"/>
<String CONTENT="26," HEIGHT="50" WIDTH="64" VPOS="484" HPOS="523"/>
<SP HEIGHT="50" WIDTH="38" VPOS="484" HPOS="588"/>
<String CONTENT="1925;" HEIGHT="54" WIDTH="130" VPOS="482" HPOS="627"/>
<SP HEIGHT="53" WIDTH="32" VPOS="483" HPOS="758"/>
<String CONTENT="2c." HEIGHT="43" WIDTH="64" VPOS="483" HPOS="791"/>
<SP HEIGHT="27" WIDTH="31" VPOS="499" HPOS="856"/>
<String CONTENT="and" HEIGHT="43" WIDTH="88" VPOS="484" HPOS="888"/>
<SP HEIGHT="43" WIDTH="30" VPOS="484" HPOS="977"/>
<String CONTENT="aff." HEIGHT="42" WIDTH="79" VPOS="485" HPOS="1008"/>
<SP HEIGHT="42" WIDTH="35" VPOS="484" HPOS="1088"/>
<String CONTENT="Nov." HEIGHT="43" WIDTH="119" VPOS="484" HPOS="1124"/>
<SP HEIGHT="43" WIDTH="30" VPOS="484" HPOS="1244"/>
<String CONTENT="2;" HEIGHT="52" WIDTH="51" VPOS="484" HPOS="1275"/>
<SP HEIGHT="52" WIDTH="35" VPOS="484" HPOS="1327"/>
<!-- cceid 3741E21A-6DD5-1014-B757-AF09C522E301 --><String CONTENT="A" HEIGHT="42" WIDTH="44" VPOS="484" HPOS="1363"/>
<SP HEIGHT="43" WIDTH="31" VPOS="484" HPOS="1408"/>
<String CONTENT="873480;" HEIGHT="54" WIDTH="191" VPOS="483" HPOS="1440"/>
<SP HEIGHT="54" WIDTH="34" VPOS="483" HPOS="1632"/>
<String CONTENT="Ernest" HEIGHT="49" WIDTH="168" VPOS="483" HPOS="1667"/>
</TextLine>
<TextLine HEIGHT="109" WIDTH="1916" VPOS="486" HPOS="376" STYLEREFS="StyleId-615EDEE9-BE1A-4CA1-B7B2-54C31D8B0D05-" CS="1">
<String CONTENT="A." HEIGHT="42" WIDTH="58" VPOS="488" HPOS="1866"/>
<SP HEIGHT="42" WIDTH="32" VPOS="488" HPOS="1925"/>
<String CONTENT="Francis," HEIGHT="54" WIDTH="203" VPOS="486" HPOS="1958"/>
<SP HEIGHT="51" WIDTH="32" VPOS="489" HPOS="2162"/>
<String CONTENT="Williston," HEIGHT="104" WIDTH="1916" VPOS="486" HPOS="376"/>
<SP HEIGHT="50" WIDTH="37" VPOS="540" HPOS="524"/>
<String CONTENT="N." HEIGHT="43" WIDTH="59" VPOS="540" HPOS="562"/>
<SP HEIGHT="43" WIDTH="35" VPOS="540" HPOS="622"/>
<String CONTENT="D." HEIGHT="42" WIDTH="56" VPOS="540" HPOS="658"/>
<SP HEIGHT="54" WIDTH="70" VPOS="540" HPOS="715"/>
<String CONTENT="(25-25026)" HEIGHT="56" WIDTH="271" VPOS="539" HPOS="786"/>
</TextLine>
<TextLine HEIGHT="78" WIDTH="868" VPOS="639" HPOS="307" STYLEREFS="StyleId-4844C422-4E50-4551-9E76-CD0597D519E2-">
<String CONTENT="[McNeile," HEIGHT="74" WIDTH="316" VPOS="639" HPOS="307"/>
<SP HEIGHT="72" WIDTH="39" VPOS="640" HPOS="624"/>
<String CONTENT="Herman" HEIGHT="58" WIDTH="279" VPOS="640" HPOS="664"/>
<SP HEIGHT="57" WIDTH="39" VPOS="641" HPOS="944"/>
<String CONTENT="Cyril]" HEIGHT="77" WIDTH="191" VPOS="640" HPOS="984"/>
</TextLine>
<TextLine HEIGHT="77" WIDTH="1590" VPOS="731" HPOS="384" CS="1">
<String CONTENT="The" HEIGHT="57" WIDTH="129" VPOS="732" HPOS="384"/>
<SP HEIGHT="58" WIDTH="27" VPOS="731" HPOS="514"/>
<String CONTENT="final" HEIGHT="58" WIDTH="150" VPOS="731" HPOS="542"/>
<SP HEIGHT="56" WIDTH="31" VPOS="733" HPOS="693"/>
<String CONTENT="count," HEIGHT="69" WIDTH="203" VPOS="736" HPOS="725"/>
<SP HEIGHT="71" WIDTH="30" VPOS="734" HPOS="929"/>
<String CS="1" CONTENT="by"/>
<SP HEIGHT="57" WIDTH="30" VPOS="733" HPOS="1044"/>
<String CONTENT="Sapper" HEIGHT="71" WIDTH="249" VPOS="733" HPOS="1075"/>
<SP HEIGHT="55" WIDTH="32" VPOS="752" HPOS="1325"/>
<String CONTENT="[pseud.]" HEIGHT="72" WIDTH="250" VPOS="735" HPOS="1358"/>
<SP HEIGHT="43" WIDTH="88" VPOS="764" HPOS="1609"/>
<String CONTENT="[chap." HEIGHT="72" WIDTH="192" VPOS="735" HPOS="1698"/>
<SP HEIGHT="55" WIDTH="32" VPOS="737" HPOS="1891"/>
<String CONTENT="9]" HEIGHT="71" WIDTH="50" VPOS="737" HPOS="1924"/>
</TextLine>
<TextLine HEIGHT="52" WIDTH="987" VPOS="811" HPOS="378" STYLEREFS="StyleId-AEB7262F-25DF-41EC-8E25-B62609D559CD-">
<String CONTENT="(In" HEIGHT="51" WIDTH="81" VPOS="811" HPOS="378"/>
<SP HEIGHT="43" WIDTH="32" VPOS="811" HPOS="460"/>
<String CONTENT="Sovereign" HEIGHT="51" WIDTH="252" VPOS="811" HPOS="493"/>
<SP HEIGHT="29" WIDTH="31" VPOS="823" HPOS="746"/>
<String CONTENT="magazine," HEIGHT="52" WIDTH="259" VPOS="811" HPOS="778"/>
<SP HEIGHT="51" WIDTH="32" VPOS="812" HPOS="1038"/>
<String CONTENT="Nov.," HEIGHT="50" WIDTH="131" VPOS="812" HPOS="1071"/>
<SP HEIGHT="45" WIDTH="33" VPOS="817" HPOS="1203"/>
<String CONTENT="1925)" HEIGHT="51" WIDTH="128" VPOS="812" HPOS="1237"/>
</TextLine>
<TextLine HEIGHT="112" WIDTH="1989" VPOS="865" HPOS="304" STYLEREFS="StyleId-615EDEE9-BE1A-4CA1-B7B2-54C31D8B0D05-" CS="1">
<String CONTENT="&#169;" HEIGHT="55" WIDTH="53" VPOS="865" HPOS="304"/>
<SP/>
<String CS="1" CONTENT="1c."/>
<SP HEIGHT="44" WIDTH="32" VPOS="867" HPOS="454"/>
<String CONTENT="Dec." HEIGHT="44" WIDTH="109" VPOS="867" HPOS="487"/>
<SP HEIGHT="44" WIDTH="32" VPOS="867" HPOS="597"/>
<String CONTENT="8," HEIGHT="53" WIDTH="39" VPOS="867" HPOS="630"/>
<SP HEIGHT="52" WIDTH="33" VPOS="868" HPOS="670"/>
<String CONTENT="1925;" HEIGHT="54" WIDTH="130" VPOS="866" HPOS="704"/>
<SP HEIGHT="52" WIDTH="33" VPOS="868" HPOS="835"/>
<!-- cceid 3741FF64-6DD5-1014-B757-AF09C522E301 --><String CONTENT="A" HEIGHT="43" WIDTH="44" VPOS="868" HPOS="869"/>
<SP HEIGHT="43" WIDTH="31" VPOS="868" HPOS="914"/>
<String CONTENT="ad" HEIGHT="43" WIDTH="57" VPOS="868" HPOS="946"/>
<SP HEIGHT="43" WIDTH="31" VPOS="868" HPOS="1004"/>
<String CONTENT="int." HEIGHT="44" WIDTH="75" VPOS="868" HPOS="1036"/>
<SP HEIGHT="45" WIDTH="34" VPOS="867" HPOS="1112"/>
<String CONTENT="7556;" HEIGHT="54" WIDTH="133" VPOS="866" HPOS="1147"/>
<SP HEIGHT="38" WIDTH="35" VPOS="883" HPOS="1281"/>
<String CONTENT="pubd." HEIGHT="53" WIDTH="132" VPOS="868" HPOS="1317"/>
<SP HEIGHT="45" WIDTH="34" VPOS="867" HPOS="1450"/>
<String CONTENT="Oct." HEIGHT="45" WIDTH="102" VPOS="867" HPOS="1485"/>
<SP HEIGHT="42" WIDTH="33" VPOS="869" HPOS="1588"/>
<String CONTENT="12;" HEIGHT="53" WIDTH="74" VPOS="867" HPOS="1622"/>
<SP HEIGHT="51" WIDTH="35" VPOS="869" HPOS="1697"/>
<String CONTENT="H." HEIGHT="44" WIDTH="61" VPOS="869" HPOS="1733"/>
<SP HEIGHT="46" WIDTH="37" VPOS="867" HPOS="1795"/>
<String CONTENT="C." HEIGHT="46" WIDTH="48" VPOS="867" HPOS="1833"/>
<SP HEIGHT="43" WIDTH="37" VPOS="870" HPOS="1882"/>
<String CONTENT="McNeile," HEIGHT="52" WIDTH="232" VPOS="869" HPOS="1920"/>
<SP HEIGHT="51" WIDTH="33" VPOS="870" HPOS="2153"/>
<String CONTENT="Duncroft," HEIGHT="106" WIDTH="1919" VPOS="870" HPOS="374"/>
<SP HEIGHT="51" WIDTH="36" VPOS="925" HPOS="514"/>
<String CONTENT="Ascot," HEIGHT="51" WIDTH="158" VPOS="925" HPOS="551"/>
<SP HEIGHT="52" WIDTH="36" VPOS="924" HPOS="710"/>
<String CONTENT="England." HEIGHT="53" WIDTH="224" VPOS="924" HPOS="747"/>
</TextLine>
<TextLine HEIGHT="75" WIDTH="981" VPOS="1024" HPOS="303" STYLEREFS="StyleId-4844C422-4E50-4551-9E76-CD0597D519E2-">
<String CONTENT="Mahaffey," HEIGHT="75" WIDTH="344" VPOS="1024" HPOS="303"/>
<SP HEIGHT="72" WIDTH="40" VPOS="1025" HPOS="648"/>
<String CONTENT="Charles" HEIGHT="59" WIDTH="260" VPOS="1024" HPOS="689"/>
<SP HEIGHT="57" WIDTH="38" VPOS="1026" HPOS="950"/>
<String CONTENT="Edward." HEIGHT="59" WIDTH="295" VPOS="1026" HPOS="989"/>
</TextLine>
<TextLine HEIGHT="76" WIDTH="1938" VPOS="1116" HPOS="379">
<String CONTENT="Practical" HEIGHT="61" WIDTH="317" VPOS="1116" HPOS="379"/>
<SP HEIGHT="59" WIDTH="49" VPOS="1117" HPOS="697"/>
<String CONTENT="visual" HEIGHT="58" WIDTH="208" VPOS="1118" HPOS="747"/>
<SP HEIGHT="59" WIDTH="52" VPOS="1118" HPOS="956"/>
<String CONTENT="education;" HEIGHT="74" WIDTH="361" VPOS="1117" HPOS="1009"/>
<SP HEIGHT="53" WIDTH="53" VPOS="1138" HPOS="1371"/>
<String CONTENT="a" HEIGHT="38" WIDTH="39" VPOS="1138" HPOS="1425"/>
<SP HEIGHT="40" WIDTH="52" VPOS="1138" HPOS="1465"/>
<String CONTENT="survey" HEIGHT="53" WIDTH="233" VPOS="1139" HPOS="1518"/>
<SP HEIGHT="52" WIDTH="51" VPOS="1140" HPOS="1752"/>
<String CONTENT="of" HEIGHT="58" WIDTH="68" VPOS="1119" HPOS="1804"/>
<SP HEIGHT="59" WIDTH="51" VPOS="1119" HPOS="1873"/>
<String CONTENT="the" HEIGHT="57" WIDTH="104" VPOS="1121" HPOS="1925"/>
<SP HEIGHT="38" WIDTH="52" VPOS="1139" HPOS="2030"/>
<String CONTENT="use" HEIGHT="38" WIDTH="110" VPOS="1139" HPOS="2083"/>
<SP HEIGHT="38" WIDTH="55" VPOS="1139" HPOS="2194"/>
<String CONTENT="of" HEIGHT="56" WIDTH="67" VPOS="1121" HPOS="2250"/>
</TextLine>
<TextLine HEIGHT="76" WIDTH="2013" VPOS="1196" HPOS="303">
<String CONTENT="stereographs," HEIGHT="73" WIDTH="468" VPOS="1198" HPOS="303"/>
<SP HEIGHT="51" WIDTH="50" VPOS="1218" HPOS="772"/>
<String CONTENT="slides" HEIGHT="59" WIDTH="191" VPOS="1197" HPOS="823"/>
<SP HEIGHT="38" WIDTH="48" VPOS="1219" HPOS="1015"/>
<String CONTENT="and" HEIGHT="57" WIDTH="124" VPOS="1200" HPOS="1064"/>
<SP HEIGHT="56" WIDTH="44" VPOS="1200" HPOS="1189"/>
<String CONTENT="motion" HEIGHT="60" WIDTH="240" VPOS="1196" HPOS="1234"/>
<SP HEIGHT="54" WIDTH="45" VPOS="1218" HPOS="1475"/>
<String CONTENT="pictures" HEIGHT="73" WIDTH="279" VPOS="1199" HPOS="1521"/>
<SP HEIGHT="56" WIDTH="47" VPOS="1201" HPOS="1801"/>
<String CONTENT="in" HEIGHT="56" WIDTH="68" VPOS="1201" HPOS="1849"/>
<SP HEIGHT="38" WIDTH="49" VPOS="1218" HPOS="1918"/>
<String CONTENT="education," HEIGHT="72" WIDTH="348" VPOS="1198" HPOS="1968"/>
</TextLine>
<TextLine HEIGHT="76" WIDTH="1946" VPOS="1275" HPOS="301" CS="1">
<String CONTENT="with" HEIGHT="59" WIDTH="151" VPOS="1276" HPOS="301"/>
<SP HEIGHT="56" WIDTH="24" VPOS="1277" HPOS="453"/>
<String CONTENT="some" HEIGHT="41" WIDTH="167" VPOS="1295" HPOS="478"/>
<SP HEIGHT="38" WIDTH="25" VPOS="1297" HPOS="646"/>
<String CONTENT="suggestions" HEIGHT="74" WIDTH="400" VPOS="1275" HPOS="672"/>
<SP HEIGHT="40" WIDTH="25" VPOS="1295" HPOS="1073"/>
<String CONTENT="on" HEIGHT="40" WIDTH="78" VPOS="1295" HPOS="1099"/>
<SP HEIGHT="54" WIDTH="22" VPOS="1295" HPOS="1178"/>
<String CONTENT="procedure," HEIGHT="72" WIDTH="366" VPOS="1277" HPOS="1201"/>
<SP HEIGHT="68" WIDTH="21" VPOS="1279" HPOS="1568"/>
<String CONTENT="by" HEIGHT="71" WIDTH="84" VPOS="1279" HPOS="1590"/>
<SP HEIGHT="73" WIDTH="21" VPOS="1277" HPOS="1675"/>
<String CONTENT="C." HEIGHT="59" WIDTH="66" VPOS="1277" HPOS="1697"/>
<SP HEIGHT="58" WIDTH="25" VPOS="1277" HPOS="1764"/>
<String CONTENT="E." HEIGHT="56" WIDTH="73" VPOS="1277" HPOS="1790"/>
<SP HEIGHT="58" WIDTH="27" VPOS="1277" HPOS="1864"/>
<String CONTENT="Mahaffey" HEIGHT="75" WIDTH="328" VPOS="1276" HPOS="1892"/>
<SP HEIGHT="53" WIDTH="26" VPOS="1298" HPOS="2221"/>
<String CS="1" CONTENT="&#8230;"/>
</TextLine>
<TextLine HEIGHT="153" WIDTH="1992" VPOS="1354" HPOS="300" CS="1">
<String CONTENT="^Bowling" HEIGHT="73" WIDTH="303" VPOS="1354" HPOS="305"/>
<SP HEIGHT="72" WIDTH="26" VPOS="1355" HPOS="609"/>
<String CONTENT="Green," HEIGHT="72" WIDTH="224" VPOS="1355" HPOS="636"/>
<SP HEIGHT="73" WIDTH="31" VPOS="1354" HPOS="861"/>
<String CS="1" CONTENT="O.," HEIGHT="25" WIDTH="31" VPOS="1402" HPOS="951"/>
<SP HEIGHT="71" WIDTH="30" VPOS="1356" HPOS="983"/>
<String CONTENT="Printed" HEIGHT="57" WIDTH="268" VPOS="1356" HPOS="1014"/>
<SP HEIGHT="57" WIDTH="25" VPOS="1356" HPOS="1283"/>
<String CONTENT="by" HEIGHT="72" WIDTH="85" VPOS="1356" HPOS="1309"/>
<SP HEIGHT="68" WIDTH="26" VPOS="1360" HPOS="1395"/>
<String CONTENT="the" HEIGHT="57" WIDTH="103" VPOS="1357" HPOS="1422"/>
<SP HEIGHT="59" WIDTH="27" VPOS="1355" HPOS="1526"/>
<String CONTENT="Wood" HEIGHT="59" WIDTH="205" VPOS="1355" HPOS="1554"/>
<SP HEIGHT="59" WIDTH="31" VPOS="1356" HPOS="1760"/>
<String CONTENT="County" HEIGHT="72" WIDTH="248" VPOS="1356" HPOS="1792"/>
<SP HEIGHT="72" WIDTH="29" VPOS="1356" HPOS="2041"/>
<String CONTENT="Republican," HEIGHT="151" WIDTH="1992" VPOS="1356" HPOS="300"/>
<SP HEIGHT="67" WIDTH="24" VPOS="1440" HPOS="481"/>
<String STYLE="superscript" CONTENT="c" HEIGHT="23" WIDTH="19" VPOS="1440" HPOS="506"/>
<String CONTENT="1925]" HEIGHT="73" WIDTH="166" VPOS="1433" HPOS="531"/>
</TextLine>
<TextLine HEIGHT="51" WIDTH="336" VPOS="1513" HPOS="371" STYLEREFS="StyleId-615EDEE9-BE1A-4CA1-B7B2-54C31D8B0D05-" CS="1">
<String CONTENT="78" HEIGHT="45" WIDTH="54" VPOS="1513" HPOS="371"/>
<SP HEIGHT="49" WIDTH="27" VPOS="1515" HPOS="426"/>
<String CONTENT="p." HEIGHT="38" WIDTH="41" VPOS="1526" HPOS="454"/>
<SP HEIGHT="47" WIDTH="63" VPOS="1514" HPOS="496"/>
<String CS="1" CONTENT="18&#189;"/>
<String STYLE="superscript" CONTENT="cm" HEIGHT="18" WIDTH="47" VPOS="1514" HPOS="645"/>
<String CONTENT="." HEIGHT="8" WIDTH="8" VPOS="1548" HPOS="699"/>
</TextLine>
<TextLine HEIGHT="56" WIDTH="1853" VPOS="1565" HPOS="302" STYLEREFS="StyleId-615EDEE9-BE1A-4CA1-B7B2-54C31D8B0D05-" CS="1">
<String CONTENT="&#169;" HEIGHT="54" WIDTH="53" VPOS="1565" HPOS="302"/>
<SP HEIGHT="54" WIDTH="33" VPOS="1565" HPOS="356"/>
<String CONTENT="Nov." HEIGHT="42" WIDTH="119" VPOS="1568" HPOS="390"/>
<SP HEIGHT="41" WIDTH="38" VPOS="1569" HPOS="510"/>
<String CONTENT="16," HEIGHT="51" WIDTH="62" VPOS="1568" HPOS="549"/>
<SP HEIGHT="50" WIDTH="37" VPOS="1569" HPOS="612"/>
<String CONTENT="1925;" HEIGHT="55" WIDTH="131" VPOS="1565" HPOS="650"/>
<SP HEIGHT="52" WIDTH="32" VPOS="1568" HPOS="782"/>
<String CONTENT="2c." HEIGHT="43" WIDTH="66" VPOS="1568" HPOS="815"/>
<SP HEIGHT="29" WIDTH="32" VPOS="1582" HPOS="882"/>
<String CONTENT="and" HEIGHT="43" WIDTH="87" VPOS="1569" HPOS="915"/>
<SP HEIGHT="43" WIDTH="29" VPOS="1569" HPOS="1003"/>
<String CONTENT="aff." HEIGHT="44" WIDTH="79" VPOS="1567" HPOS="1033"/>
<SP HEIGHT="43" WIDTH="34" VPOS="1568" HPOS="1113"/>
<String CONTENT="Nov." HEIGHT="44" WIDTH="119" VPOS="1568" HPOS="1148"/>
<SP HEIGHT="44" WIDTH="34" VPOS="1568" HPOS="1268"/>
<String CONTENT="24;" HEIGHT="52" WIDTH="78" VPOS="1568" HPOS="1303"/>
<SP HEIGHT="51" WIDTH="36" VPOS="1569" HPOS="1382"/>
<!-- cceid 37421C78-6DD5-1014-B757-AF09C522E301 --><String CONTENT="A" HEIGHT="41" WIDTH="43" VPOS="1569" HPOS="1419"/>
<SP HEIGHT="43" WIDTH="32" VPOS="1568" HPOS="1463"/>
<String CONTENT="874691;" HEIGHT="53" WIDTH="191" VPOS="1567" HPOS="1496"/>
<SP HEIGHT="52" WIDTH="39" VPOS="1568" HPOS="1688"/>
<String CONTENT="C." HEIGHT="45" WIDTH="47" VPOS="1568" HPOS="1728"/>
<SP HEIGHT="47" WIDTH="36" VPOS="1568" HPOS="1776"/>
<String CONTENT="E." HEIGHT="47" WIDTH="51" VPOS="1568" HPOS="1813"/>
<SP HEIGHT="42" WIDTH="35" VPOS="1570" HPOS="1865"/>
<String CONTENT="Mahaffey," HEIGHT="52" WIDTH="254" VPOS="1569" HPOS="1901"/>
</TextLine>
<TextLine HEIGHT="108" WIDTH="1921" VPOS="1570" HPOS="372" STYLEREFS="StyleId-615EDEE9-BE1A-4CA1-B7B2-54C31D8B0D05-" CS="1">
<String CONTENT="Randolph," HEIGHT="107" WIDTH="1921" VPOS="1570" HPOS="372"/>
<SP HEIGHT="52" WIDTH="37" VPOS="1625" HPOS="524"/>
<String CONTENT="O." HEIGHT="44" WIDTH="55" VPOS="1625" HPOS="562"/>
<SP HEIGHT="53" WIDTH="69" VPOS="1625" HPOS="618"/>
<String CONTENT="(25-24596)" HEIGHT="54" WIDTH="273" VPOS="1624" HPOS="688"/>
</TextLine>
<TextLine HEIGHT="74" WIDTH="1324" VPOS="1724" HPOS="301">
<String CONTENT="Mathews," HEIGHT="73" WIDTH="327" VPOS="1724" HPOS="301"/>
<SP HEIGHT="72" WIDTH="37" VPOS="1725" HPOS="629"/>
<String CONTENT="Ferdinand" HEIGHT="59" WIDTH="368" VPOS="1724" HPOS="667"/>
<SP HEIGHT="59" WIDTH="34" VPOS="1725" HPOS="1036"/>
<String CONTENT="Schuyler," HEIGHT="73" WIDTH="322" VPOS="1725" HPOS="1071"/>
<SP HEIGHT="69" WIDTH="40" VPOS="1728" HPOS="1394"/>
<String CONTENT="1854-" HEIGHT="57" WIDTH="190" VPOS="1728" HPOS="1435"/>
</TextLine>
<TextLine HEIGHT="74" WIDTH="1933" VPOS="1814" HPOS="378">
<String CONTENT="Familiar" HEIGHT="57" WIDTH="309" VPOS="1815" HPOS="378"/>
<SP HEIGHT="57" WIDTH="44" VPOS="1814" HPOS="688"/>
<String CONTENT="flowers" HEIGHT="59" WIDTH="242" VPOS="1814" HPOS="733"/>
<SP HEIGHT="39" WIDTH="50" VPOS="1834" HPOS="976"/>
<String CONTENT="of" HEIGHT="58" WIDTH="67" VPOS="1815" HPOS="1027"/>
<SP HEIGHT="58" WIDTH="44" VPOS="1814" HPOS="1095"/>
<String CONTENT="field" HEIGHT="59" WIDTH="146" VPOS="1814" HPOS="1140"/>
<SP HEIGHT="56" WIDTH="45" VPOS="1817" HPOS="1287"/>
<String CONTENT="and" HEIGHT="58" WIDTH="125" VPOS="1815" HPOS="1333"/>
<SP HEIGHT="73" WIDTH="45" VPOS="1815" HPOS="1459"/>
<String CONTENT="garden," HEIGHT="73" WIDTH="259" VPOS="1815" HPOS="1505"/>
<SP HEIGHT="72" WIDTH="47" VPOS="1816" HPOS="1765"/>
<String CONTENT="described" HEIGHT="60" WIDTH="329" VPOS="1815" HPOS="1813"/>
<SP HEIGHT="58" WIDTH="46" VPOS="1817" HPOS="2143"/>
<String CONTENT="and" HEIGHT="58" WIDTH="121" VPOS="1817" HPOS="2190"/>
</TextLine>
<TextLine HEIGHT="75" WIDTH="2013" VPOS="1893" HPOS="300" CS="1">
<String CONTENT="illustrated" HEIGHT="58" WIDTH="362" VPOS="1893" HPOS="300"/>
<SP HEIGHT="57" WIDTH="40" VPOS="1894" HPOS="663"/>
<String CONTENT="by" HEIGHT="72" WIDTH="85" VPOS="1894" HPOS="704"/>
<SP HEIGHT="72" WIDTH="38" VPOS="1894" HPOS="790"/>
<String CONTENT="F." HEIGHT="57" WIDTH="72" VPOS="1894" HPOS="829"/>
<SP HEIGHT="59" WIDTH="45" VPOS="1893" HPOS="902"/>
<String CONTENT="Schuyler" HEIGHT="73" WIDTH="306" VPOS="1893" HPOS="948"/>
<SP HEIGHT="57" WIDTH="42" VPOS="1893" HPOS="1255"/>
<String CONTENT="Mathews" HEIGHT="59" WIDTH="309" VPOS="1893" HPOS="1298"/>
<SP HEIGHT="39" WIDTH="46" VPOS="1913" HPOS="1608"/>
<String CS="1" CONTENT="&#8230;"/>
<SP HEIGHT="57" WIDTH="84" VPOS="1895" HPOS="1719"/>
<String CONTENT="Rev." HEIGHT="57" WIDTH="152" VPOS="1895" HPOS="1804"/>
<SP HEIGHT="39" WIDTH="47" VPOS="1913" HPOS="1957"/>
<String CONTENT="ed.," HEIGHT="73" WIDTH="112" VPOS="1895" HPOS="2005"/>
<SP HEIGHT="53" WIDTH="41" VPOS="1915" HPOS="2118"/>
<String CONTENT="with" HEIGHT="59" WIDTH="153" VPOS="1894" HPOS="2160"/>
</TextLine>
<TextLine HEIGHT="154" WIDTH="1991" VPOS="1971" HPOS="297" CS="1">
<String CONTENT="orthochromatic" HEIGHT="60" WIDTH="534" VPOS="1971" HPOS="297"/>
<SP HEIGHT="55" WIDTH="17" VPOS="1990" HPOS="832"/>
<String CONTENT="photographs" HEIGHT="74" WIDTH="438" VPOS="1972" HPOS="850"/>
<SP HEIGHT="57" WIDTH="23" VPOS="1972" HPOS="1289"/>
<String CONTENT="from" HEIGHT="58" WIDTH="169" VPOS="1972" HPOS="1313"/>
<SP HEIGHT="38" WIDTH="19" VPOS="1991" HPOS="1483"/>
<String CONTENT="nature" HEIGHT="55" WIDTH="228" VPOS="1975" HPOS="1503"/>
<SP HEIGHT="59" WIDTH="19" VPOS="1972" HPOS="1732"/>
<String CONTENT="by" HEIGHT="74" WIDTH="84" VPOS="1972" HPOS="1752"/>
<SP HEIGHT="74" WIDTH="15" VPOS="1972" HPOS="1837"/>
<String LANG="la" CONTENT="L." HEIGHT="57" WIDTH="68" VPOS="1972" HPOS="1853"/>
<SP HEIGHT="59" WIDTH="17" VPOS="1972" HPOS="1922"/>
<String CONTENT="W." HEIGHT="59" WIDTH="98" VPOS="1972" HPOS="1940"/>
<SP HEIGHT="57" WIDTH="16" VPOS="1973" HPOS="2039"/>
<String CONTENT="Brownell," HEIGHT="152" WIDTH="1987" VPOS="1973" HPOS="301"/>
<SP HEIGHT="52" WIDTH="33" VPOS="2073" HPOS="397"/>
<String CONTENT="and" HEIGHT="58" WIDTH="124" VPOS="2052" HPOS="431"/>
</TextLine>
<TextLine HEIGHT="75" WIDTH="1725" VPOS="2051" HPOS="587">
<String CONTENT="over" HEIGHT="39" WIDTH="150" VPOS="2071" HPOS="587"/>
<SP HEIGHT="55" WIDTH="27" VPOS="2055" HPOS="738"/>
<String CONTENT="two" HEIGHT="55" WIDTH="122" VPOS="2055" HPOS="766"/>
<SP HEIGHT="57" WIDTH="27" VPOS="2052" HPOS="889"/>
<String CONTENT="hundred" HEIGHT="58" WIDTH="291" VPOS="2052" HPOS="917"/>
<SP HEIGHT="58" WIDTH="29" VPOS="2052" HPOS="1209"/>
<String CONTENT="drawings" HEIGHT="73" WIDTH="319" VPOS="2051" HPOS="1239"/>
<SP HEIGHT="57" WIDTH="29" VPOS="2053" HPOS="1559"/>
<String CONTENT="by" HEIGHT="71" WIDTH="84" VPOS="2053" HPOS="1589"/>
<SP HEIGHT="71" WIDTH="28" VPOS="2053" HPOS="1674"/>
<String CONTENT="the" HEIGHT="58" WIDTH="105" VPOS="2052" HPOS="1703"/>
<SP HEIGHT="38" WIDTH="31" VPOS="2072" HPOS="1809"/>
<String CONTENT="author," HEIGHT="74" WIDTH="246" VPOS="2052" HPOS="1841"/>
<SP HEIGHT="54" WIDTH="32" VPOS="2072" HPOS="2088"/>
<String CONTENT="and" HEIGHT="56" WIDTH="123" VPOS="2054" HPOS="2121"/>
<SP HEIGHT="56" WIDTH="30" VPOS="2054" HPOS="2245"/>
<String CONTENT="a" HEIGHT="37" WIDTH="36" VPOS="2073" HPOS="2276"/>
</TextLine>
<TextLine HEIGHT="75" WIDTH="2007" VPOS="2129" HPOS="301">
<String CONTENT="systematical" HEIGHT="73" WIDTH="432" VPOS="2131" HPOS="301"/>
<SP HEIGHT="57" WIDTH="37" VPOS="2130" HPOS="734"/>
<String CONTENT="index" HEIGHT="58" WIDTH="192" VPOS="2130" HPOS="772"/>
<SP HEIGHT="37" WIDTH="37" VPOS="2150" HPOS="965"/>
<String CONTENT="and" HEIGHT="56" WIDTH="123" VPOS="2132" HPOS="1003"/>
<SP HEIGHT="59" WIDTH="37" VPOS="2129" HPOS="1127"/>
<String CONTENT="floral" HEIGHT="58" WIDTH="183" VPOS="2129" HPOS="1165"/>
<SP HEIGHT="55" WIDTH="39" VPOS="2132" HPOS="1349"/>
<String CONTENT="calendar." HEIGHT="57" WIDTH="312" VPOS="2131" HPOS="1389"/>
<SP HEIGHT="57" WIDTH="79" VPOS="2130" HPOS="1702"/>
<String CONTENT="New" HEIGHT="58" WIDTH="151" VPOS="2130" HPOS="1782"/>
<SP HEIGHT="57" WIDTH="36" VPOS="2131" HPOS="1934"/>
<String CONTENT="York" HEIGHT="57" WIDTH="176" VPOS="2131" HPOS="1971"/>
<SP HEIGHT="57" WIDTH="38" VPOS="2131" HPOS="2148"/>
<String CONTENT="and" HEIGHT="57" WIDTH="121" VPOS="2132" HPOS="2187"/>
</TextLine>
<TextLine HEIGHT="75" WIDTH="1436" VPOS="2208" HPOS="295">
<String CONTENT="London," HEIGHT="74" WIDTH="281" VPOS="2209" HPOS="295"/>
<SP HEIGHT="75" WIDTH="26" VPOS="2208" HPOS="577"/>
<String CONTENT="D." HEIGHT="58" WIDTH="75" VPOS="2208" HPOS="604"/>
<SP HEIGHT="58" WIDTH="26" VPOS="2208" HPOS="680"/>
<String CONTENT="Appleton" HEIGHT="72" WIDTH="321" VPOS="2208" HPOS="707"/>
<SP HEIGHT="37" WIDTH="28" VPOS="2229" HPOS="1029"/>
<String CONTENT="and" HEIGHT="58" WIDTH="124" VPOS="2209" HPOS="1058"/>
<SP HEIGHT="58" WIDTH="27" VPOS="2209" HPOS="1183"/>
<String CONTENT="company," HEIGHT="55" WIDTH="324" VPOS="2227" HPOS="1211"/>
<SP HEIGHT="71" WIDTH="29" VPOS="2210" HPOS="1536"/>
<String CONTENT="1925." HEIGHT="57" WIDTH="165" VPOS="2209" HPOS="1566"/>
</TextLine>
<TextLine HEIGHT="55" WIDTH="973" VPOS="2287" HPOS="432" STYLEREFS="StyleId-615EDEE9-BE1A-4CA1-B7B2-54C31D8B0D05-" CS="1">
<String CS="1" CONTENT="xv," HEIGHT="16" WIDTH="9" VPOS="2324" HPOS="432"/>
<SP HEIGHT="50" WIDTH="29" VPOS="2290" HPOS="442"/>
<String CONTENT="310" HEIGHT="46" WIDTH="81" VPOS="2290" HPOS="472"/>
<SP HEIGHT="50" WIDTH="30" VPOS="2292" HPOS="554"/>
<String CONTENT="p." HEIGHT="38" WIDTH="39" VPOS="2304" HPOS="585"/>
<SP HEIGHT="44" WIDTH="61" VPOS="2288" HPOS="625"/>
<String CONTENT="front.," HEIGHT="51" WIDTH="154" VPOS="2288" HPOS="687"/>
<SP HEIGHT="49" WIDTH="30" VPOS="2290" HPOS="842"/>
<String CONTENT="illus.," HEIGHT="53" WIDTH="130" VPOS="2287" HPOS="873"/>
<SP HEIGHT="38" WIDTH="30" VPOS="2304" HPOS="1004"/>
<String CONTENT="plates." HEIGHT="54" WIDTH="159" VPOS="2288" HPOS="1035"/>
<SP HEIGHT="41" WIDTH="62" VPOS="2291" HPOS="1195"/>
<String CS="1" CONTENT="19&#189;" HEIGHT="44" WIDTH="48" VPOS="2288" HPOS="1258"/>
<String STYLE="superscript" CONTENT="cm" HEIGHT="17" WIDTH="47" VPOS="2290" HPOS="1342"/>
<String CONTENT="." HEIGHT="9" WIDTH="9" VPOS="2323" HPOS="1396"/>
</TextLine>
<TextLine HEIGHT="57" WIDTH="1954" VPOS="2342" HPOS="300" STYLEREFS="StyleId-615EDEE9-BE1A-4CA1-B7B2-54C31D8B0D05-">
<String CONTENT="&#169;" HEIGHT="55" WIDTH="53" VPOS="2344" HPOS="300"/>
<SP HEIGHT="55" WIDTH="32" VPOS="2344" HPOS="354"/>
<String CONTENT="Nov." HEIGHT="43" WIDTH="118" VPOS="2347" HPOS="387"/>
<SP HEIGHT="43" WIDTH="32" VPOS="2346" HPOS="506"/>
<String CONTENT="20," HEIGHT="50" WIDTH="66" VPOS="2346" HPOS="539"/>
<SP HEIGHT="49" WIDTH="35" VPOS="2347" HPOS="606"/>
<String CONTENT="1925;" HEIGHT="54" WIDTH="130" VPOS="2343" HPOS="642"/>
<SP HEIGHT="51" WIDTH="31" VPOS="2346" HPOS="773"/>
<String CONTENT="2c." HEIGHT="43" WIDTH="66" VPOS="2346" HPOS="805"/>
<SP HEIGHT="28" WIDTH="32" VPOS="2361" HPOS="872"/>
<String CONTENT="and" HEIGHT="43" WIDTH="88" VPOS="2345" HPOS="905"/>
<SP HEIGHT="43" WIDTH="30" VPOS="2345" HPOS="994"/>
<String CONTENT="aff." HEIGHT="43" WIDTH="79" VPOS="2345" HPOS="1025"/>
<SP HEIGHT="43" WIDTH="33" VPOS="2345" HPOS="1105"/>
<String CONTENT="Nov." HEIGHT="43" WIDTH="120" VPOS="2345" HPOS="1139"/>
<SP HEIGHT="44" WIDTH="33" VPOS="2344" HPOS="1260"/>
<String CONTENT="25;" HEIGHT="51" WIDTH="78" VPOS="2344" HPOS="1294"/>
<SP HEIGHT="50" WIDTH="34" VPOS="2345" HPOS="1373"/>
<!-- cceid 374236E3-6DD5-1014-B757-AF09C522E301 --><String CONTENT="A" HEIGHT="42" WIDTH="44" VPOS="2345" HPOS="1408"/>
<SP HEIGHT="43" WIDTH="30" VPOS="2344" HPOS="1453"/>
<String CONTENT="875231;" HEIGHT="54" WIDTH="190" VPOS="2342" HPOS="1484"/>
<SP HEIGHT="50" WIDTH="35" VPOS="2346" HPOS="1675"/>
<String CONTENT="D." HEIGHT="42" WIDTH="56" VPOS="2346" HPOS="1711"/>
<SP HEIGHT="43" WIDTH="35" VPOS="2345" HPOS="1768"/>
<String CONTENT="Appleton" HEIGHT="53" WIDTH="228" VPOS="2345" HPOS="1804"/>
<SP HEIGHT="29" WIDTH="33" VPOS="2360" HPOS="2033"/>
<String CONTENT="and" HEIGHT="43" WIDTH="88" VPOS="2346" HPOS="2067"/>
<SP HEIGHT="43" WIDTH="32" VPOS="2346" HPOS="2156"/>
<String CONTENT="co." HEIGHT="28" WIDTH="65" VPOS="2361" HPOS="2189"/>
</TextLine>
<TextLine HEIGHT="55" WIDTH="272" VPOS="2403" HPOS="379" STYLEREFS="StyleId-615EDEE9-BE1A-4CA1-B7B2-54C31D8B0D05-">
<String CONTENT="(25-25000)" HEIGHT="55" WIDTH="272" VPOS="2403" HPOS="379"/>
</TextLine>
<TextLine HEIGHT="74" WIDTH="641" VPOS="2503" HPOS="300" STYLEREFS="StyleId-4844C422-4E50-4551-9E76-CD0597D519E2-">
<String CONTENT="Merrick," HEIGHT="73" WIDTH="293" VPOS="2504" HPOS="300"/>
<SP HEIGHT="73" WIDTH="39" VPOS="2504" HPOS="594"/>
<String CONTENT="Leonard." HEIGHT="62" WIDTH="307" VPOS="2503" HPOS="634"/>
</TextLine>
<TextLine HEIGHT="72" WIDTH="651" VPOS="2595" HPOS="377">
<String CONTENT="A" HEIGHT="58" WIDTH="58" VPOS="2596" HPOS="377"/>
<SP HEIGHT="60" WIDTH="32" VPOS="2595" HPOS="436"/>
<String CONTENT="Christmas" HEIGHT="60" WIDTH="353" VPOS="2595" HPOS="469"/>
<SP HEIGHT="59" WIDTH="30" VPOS="2595" HPOS="823"/>
<String CONTENT="idyll." HEIGHT="72" WIDTH="174" VPOS="2595" HPOS="854"/>
</TextLine>
<TextLine HEIGHT="53" WIDTH="903" VPOS="2673" HPOS="375" STYLEREFS="StyleId-AEB7262F-25DF-41EC-8E25-B62609D559CD-">
<String CONTENT="(In" HEIGHT="49" WIDTH="78" VPOS="2677" HPOS="375"/>
<SP HEIGHT="41" WIDTH="35" VPOS="2676" HPOS="454"/>
<String CONTENT="Nash&#8217;s" HEIGHT="42" WIDTH="171" VPOS="2676" HPOS="490"/>
<SP HEIGHT="29" WIDTH="33" VPOS="2687" HPOS="662"/>
<String CONTENT="magazine," HEIGHT="52" WIDTH="259" VPOS="2674" HPOS="696"/>
<SP HEIGHT="51" WIDTH="35" VPOS="2675" HPOS="956"/>
<String CONTENT="Dec.," HEIGHT="50" WIDTH="117" VPOS="2675" HPOS="992"/>
<SP HEIGHT="46" WIDTH="38" VPOS="2679" HPOS="1110"/>
<String CONTENT="1925)" HEIGHT="51" WIDTH="129" VPOS="2673" HPOS="1149"/>
</TextLine>
<TextLine HEIGHT="58" WIDTH="1953" VPOS="2726" HPOS="301" STYLEREFS="StyleId-615EDEE9-BE1A-4CA1-B7B2-54C31D8B0D05-" CS="1">
<String CONTENT="&#169;" HEIGHT="54" WIDTH="53" VPOS="2730" HPOS="301"/>
<SP/>
<String CS="1" CONTENT="1c."/>
<SP HEIGHT="44" WIDTH="30" VPOS="2732" HPOS="450"/>
<String CONTENT="Nov." HEIGHT="43" WIDTH="119" VPOS="2732" HPOS="481"/>
<SP HEIGHT="42" WIDTH="28" VPOS="2731" HPOS="601"/>
<String CONTENT="27," HEIGHT="53" WIDTH="68" VPOS="2730" HPOS="630"/>
<SP HEIGHT="50" WIDTH="33" VPOS="2733" HPOS="699"/>
<String CONTENT="1925;" HEIGHT="53" WIDTH="130" VPOS="2730" HPOS="733"/>
<SP HEIGHT="52" WIDTH="30" VPOS="2731" HPOS="864"/>
<!-- cceid 374250B8-6DD5-1014-B757-AF09C522E301 --><String CONTENT="A" HEIGHT="42" WIDTH="44" VPOS="2731" HPOS="895"/>
<SP HEIGHT="43" WIDTH="29" VPOS="2731" HPOS="940"/>
<String CONTENT="ad" HEIGHT="43" WIDTH="56" VPOS="2731" HPOS="970"/>
<SP HEIGHT="44" WIDTH="30" VPOS="2730" HPOS="1027"/>
<String CONTENT="int." HEIGHT="43" WIDTH="76" VPOS="2730" HPOS="1058"/>
<SP HEIGHT="44" WIDTH="33" VPOS="2729" HPOS="1135"/>
<String CONTENT="7572;" HEIGHT="52" WIDTH="133" VPOS="2729" HPOS="1169"/>
<SP HEIGHT="38" WIDTH="33" VPOS="2743" HPOS="1303"/>
<String CONTENT="pubd." HEIGHT="52" WIDTH="132" VPOS="2729" HPOS="1337"/>
<SP HEIGHT="43" WIDTH="34" VPOS="2728" HPOS="1470"/>
<String CONTENT="Nov." HEIGHT="43" WIDTH="118" VPOS="2728" HPOS="1505"/>
<SP HEIGHT="41" WIDTH="36" VPOS="2729" HPOS="1624"/>
<String CONTENT="18;" HEIGHT="51" WIDTH="73" VPOS="2728" HPOS="1661"/>
<SP HEIGHT="51" WIDTH="35" VPOS="2728" HPOS="1735"/>
<String CONTENT="L." HEIGHT="43" WIDTH="49" VPOS="2728" HPOS="1771"/>
<SP HEIGHT="42" WIDTH="33" VPOS="2729" HPOS="1821"/>
<String CONTENT="Merrick," HEIGHT="54" WIDTH="219" VPOS="2726" HPOS="1855"/>
<SP HEIGHT="51" WIDTH="33" VPOS="2729" HPOS="2075"/>
<String CONTENT="Paris." HEIGHT="43" WIDTH="145" VPOS="2728" HPOS="2109"/>
</TextLine>
<TextLine HEIGHT="74" WIDTH="1182" VPOS="2813" HPOS="301">
<String CONTENT="Millikan," HEIGHT="72" WIDTH="311" VPOS="2815" HPOS="301"/>
<SP HEIGHT="72" WIDTH="37" VPOS="2815" HPOS="613"/>
<String CONTENT="Robert" HEIGHT="61" WIDTH="238" VPOS="2813" HPOS="651"/>
<SP HEIGHT="57" WIDTH="32" VPOS="2814" HPOS="890"/>
<String CONTENT="Andrews," HEIGHT="70" WIDTH="327" VPOS="2814" HPOS="923"/>
<SP HEIGHT="67" WIDTH="40" VPOS="2817" HPOS="1251"/>
<String CONTENT="1868-" HEIGHT="57" WIDTH="191" VPOS="2815" HPOS="1292"/>
</TextLine>
<TextLine HEIGHT="74" WIDTH="1935" VPOS="2905" HPOS="376">
<String CONTENT="Exercises" HEIGHT="58" WIDTH="333" VPOS="2910" HPOS="376"/>
<SP HEIGHT="58" WIDTH="31" VPOS="2910" HPOS="710"/>
<String CONTENT="in" HEIGHT="56" WIDTH="67" VPOS="2910" HPOS="742"/>
<SP HEIGHT="56" WIDTH="29" VPOS="2910" HPOS="810"/>
<String CONTENT="laboratory" HEIGHT="70" WIDTH="371" VPOS="2909" HPOS="840"/>
<SP HEIGHT="53" WIDTH="27" VPOS="2926" HPOS="1212"/>
<String CONTENT="physics" HEIGHT="74" WIDTH="255" VPOS="2905" HPOS="1240"/>
<SP HEIGHT="57" WIDTH="33" VPOS="2908" HPOS="1496"/>
<String CONTENT="for" HEIGHT="57" WIDTH="105" VPOS="2908" HPOS="1530"/>
<SP HEIGHT="39" WIDTH="33" VPOS="2925" HPOS="1636"/>
<String CONTENT="secondary" HEIGHT="70" WIDTH="347" VPOS="2909" HPOS="1670"/>
<SP HEIGHT="52" WIDTH="31" VPOS="2927" HPOS="2018"/>
<String CONTENT="schools," HEIGHT="73" WIDTH="261" VPOS="2906" HPOS="2050"/>
</TextLine>
<TextLine HEIGHT="78" WIDTH="1946" VPOS="2983" HPOS="297" CS="1">
<String CONTENT="by" HEIGHT="70" WIDTH="85" VPOS="2991" HPOS="297"/>
<SP HEIGHT="71" WIDTH="35" VPOS="2990" HPOS="383"/>
<String CONTENT="Robert" HEIGHT="57" WIDTH="237" VPOS="2989" HPOS="419"/>
<SP HEIGHT="57" WIDTH="37" VPOS="2988" HPOS="657"/>
<String CONTENT="Andrews" HEIGHT="57" WIDTH="310" VPOS="2988" HPOS="695"/>
<SP HEIGHT="58" WIDTH="38" VPOS="2987" HPOS="1006"/>
<String CONTENT="Millikan" HEIGHT="61" WIDTH="289" VPOS="2983" HPOS="1045"/>
<SP HEIGHT="39" WIDTH="42" VPOS="3004" HPOS="1335"/>
<String CS="1" CONTENT="&#8230;"/>
<SP HEIGHT="58" WIDTH="44" VPOS="2985" HPOS="1441"/>
<String CONTENT="Henry" HEIGHT="72" WIDTH="223" VPOS="2985" HPOS="1486"/>
<SP HEIGHT="73" WIDTH="37" VPOS="2984" HPOS="1710"/>
<String CONTENT="Gordon" HEIGHT="59" WIDTH="257" VPOS="2984" HPOS="1748"/>
<SP HEIGHT="59" WIDTH="37" VPOS="2985" HPOS="2006"/>
<String CONTENT="Gale" HEIGHT="59" WIDTH="153" VPOS="2985" HPOS="2044"/>
<SP HEIGHT="37" WIDTH="45" VPOS="3006" HPOS="2198"/>
<String CS="1" CONTENT="&#8230;"/>
</TextLine>
<TextLine HEIGHT="74" WIDTH="2007" VPOS="3062" HPOS="300" CS="1">
<String CONTENT="and" HEIGHT="56" WIDTH="124" VPOS="3070" HPOS="300"/>
<SP HEIGHT="59" WIDTH="45" VPOS="3067" HPOS="425"/>
<String CONTENT="Ira" HEIGHT="58" WIDTH="110" VPOS="3067" HPOS="471"/>
<SP HEIGHT="59" WIDTH="52" VPOS="3066" HPOS="582"/>
<String CONTENT="Cleveland" HEIGHT="61" WIDTH="341" VPOS="3064" HPOS="635"/>
<SP HEIGHT="57" WIDTH="45" VPOS="3064" HPOS="977"/>
<String CONTENT="Davis" HEIGHT="61" WIDTH="199" VPOS="3062" HPOS="1023"/>
<SP HEIGHT="37" WIDTH="53" VPOS="3086" HPOS="1223"/>
<String CS="1" CONTENT="&#8230;"/>
<SP HEIGHT="57" WIDTH="83" VPOS="3062" HPOS="1340"/>
<String CONTENT="Boston," HEIGHT="71" WIDTH="260" VPOS="3062" HPOS="1424"/>
<SP HEIGHT="70" WIDTH="49" VPOS="3063" HPOS="1685"/>
<String CONTENT="New" HEIGHT="58" WIDTH="152" VPOS="3063" HPOS="1735"/>
<SP HEIGHT="59" WIDTH="46" VPOS="3062" HPOS="1888"/>
<String CONTENT="York" HEIGHT="57" WIDTH="174" VPOS="3062" HPOS="1935"/>
<SP HEIGHT="74" WIDTH="50" VPOS="3062" HPOS="2110"/>
<String CONTENT="[etc.]" HEIGHT="68" WIDTH="146" VPOS="3068" HPOS="2161"/>
</TextLine>
<TextLine HEIGHT="74" WIDTH="889" VPOS="3142" HPOS="300" CS="1">
<String CONTENT="Ginn" HEIGHT="60" WIDTH="165" VPOS="3145" HPOS="300"/>
<SP HEIGHT="38" WIDTH="28" VPOS="3166" HPOS="466"/>
<String CONTENT="and" HEIGHT="58" WIDTH="125" VPOS="3146" HPOS="495"/>
<SP HEIGHT="58" WIDTH="26" VPOS="3146" HPOS="621"/>
<String CONTENT="company" HEIGHT="54" WIDTH="307" VPOS="3162" HPOS="648"/>
<SP HEIGHT="52" WIDTH="29" VPOS="3163" HPOS="956"/>
<String CS="1" CONTENT="["/>
<String STYLE="superscript" CONTENT="c" HEIGHT="21" WIDTH="17" VPOS="3151" HPOS="1002"/>
<String CONTENT="1925]" HEIGHT="73" WIDTH="165" VPOS="3142" HPOS="1024"/>
</TextLine>
<TextLine HEIGHT="54" WIDTH="1167" VPOS="3220" HPOS="369" STYLEREFS="StyleId-615EDEE9-BE1A-4CA1-B7B2-54C31D8B0D05-" CS="1">
<String CONTENT="vi," HEIGHT="51" WIDTH="58" VPOS="3222" HPOS="369"/>
<SP HEIGHT="47" WIDTH="30" VPOS="3226" HPOS="428"/>
<String CONTENT="133" HEIGHT="45" WIDTH="77" VPOS="3223" HPOS="459"/>
<SP HEIGHT="51" WIDTH="25" VPOS="3223" HPOS="537"/>
<String CONTENT="p." HEIGHT="35" WIDTH="41" VPOS="3239" HPOS="563"/>
<SP HEIGHT="45" WIDTH="60" VPOS="3222" HPOS="605"/>
<String CONTENT="illus." HEIGHT="45" WIDTH="118" VPOS="3221" HPOS="666"/>
<SP HEIGHT="53" WIDTH="27" VPOS="3221" HPOS="785"/>
<String CS="1" CONTENT="(incl." HEIGHT="53" WIDTH="99" VPOS="3221" HPOS="813"/>
<SP HEIGHT="43" WIDTH="29" VPOS="3223" HPOS="944"/>
<String CONTENT="forms)" HEIGHT="50" WIDTH="177" VPOS="3222" HPOS="974"/>
<SP HEIGHT="50" WIDTH="33" VPOS="3222" HPOS="1152"/>
<String CONTENT="diagrs." HEIGHT="52" WIDTH="168" VPOS="3220" HPOS="1186"/>
<SP HEIGHT="42" WIDTH="58" VPOS="3220" HPOS="1355"/>
<String CONTENT="27" HEIGHT="44" WIDTH="54" VPOS="3220" HPOS="1414"/>
<String STYLE="superscript" CONTENT="cm" HEIGHT="18" WIDTH="46" VPOS="3222" HPOS="1476"/>
<String CONTENT="." HEIGHT="7" WIDTH="7" VPOS="3257" HPOS="1529"/>
</TextLine>
<TextLine HEIGHT="56" WIDTH="2008" VPOS="3274" HPOS="301" STYLEREFS="StyleId-615EDEE9-BE1A-4CA1-B7B2-54C31D8B0D05-">
<String CONTENT="&#169;" HEIGHT="54" WIDTH="53" VPOS="3276" HPOS="301"/>
<SP HEIGHT="54" WIDTH="38" VPOS="3276" HPOS="355"/>
<String CONTENT="Oct." HEIGHT="44" WIDTH="102" VPOS="3278" HPOS="394"/>
<SP HEIGHT="44" WIDTH="38" VPOS="3278" HPOS="497"/>
<String CONTENT="8," HEIGHT="49" WIDTH="38" VPOS="3278" HPOS="536"/>
<SP HEIGHT="49" WIDTH="42" VPOS="3278" HPOS="575"/>
<String CONTENT="1925;" HEIGHT="52" WIDTH="130" VPOS="3276" HPOS="618"/>
<SP HEIGHT="51" WIDTH="38" VPOS="3277" HPOS="749"/>
<String CONTENT="2c." HEIGHT="42" WIDTH="65" VPOS="3277" HPOS="788"/>
<SP HEIGHT="43" WIDTH="38" VPOS="3276" HPOS="854"/>
<String CONTENT="Nov." HEIGHT="43" WIDTH="120" VPOS="3276" HPOS="893"/>
<SP HEIGHT="43" WIDTH="38" VPOS="3276" HPOS="1014"/>
<String CONTENT="30;" HEIGHT="51" WIDTH="77" VPOS="3276" HPOS="1053"/>
<SP HEIGHT="36" WIDTH="40" VPOS="3291" HPOS="1131"/>
<String CONTENT="aff." HEIGHT="43" WIDTH="78" VPOS="3276" HPOS="1172"/>
<SP HEIGHT="43" WIDTH="40" VPOS="3276" HPOS="1251"/>
<String CONTENT="Nov." HEIGHT="42" WIDTH="119" VPOS="3276" HPOS="1292"/>
<SP HEIGHT="43" WIDTH="38" VPOS="3275" HPOS="1412"/>
<String CONTENT="27;" HEIGHT="53" WIDTH="79" VPOS="3274" HPOS="1451"/>
<SP HEIGHT="52" WIDTH="39" VPOS="3275" HPOS="1531"/>
<!-- cceid 374268FA-6DD5-1014-B757-AF09C522E301 --><String CONTENT="A" HEIGHT="41" WIDTH="43" VPOS="3275" HPOS="1571"/>
<SP HEIGHT="45" WIDTH="38" VPOS="3275" HPOS="1615"/>
<String CONTENT="872644;" HEIGHT="51" WIDTH="190" VPOS="3274" HPOS="1654"/>
<SP HEIGHT="49" WIDTH="43" VPOS="3276" HPOS="1845"/>
<String CONTENT="R." HEIGHT="41" WIDTH="53" VPOS="3276" HPOS="1889"/>
<SP HEIGHT="42" WIDTH="38" VPOS="3275" HPOS="1943"/>
<String CONTENT="A." HEIGHT="42" WIDTH="56" VPOS="3275" HPOS="1982"/>
<SP HEIGHT="41" WIDTH="41" VPOS="3276" HPOS="2039"/>
<String CONTENT="Millikan," HEIGHT="54" WIDTH="228" VPOS="3274" HPOS="2081"/>
</TextLine>
<TextLine HEIGHT="113" WIDTH="1915" VPOS="3330" HPOS="372" STYLEREFS="StyleId-615EDEE9-BE1A-4CA1-B7B2-54C31D8B0D05-" CS="1">
<String CONTENT="Pasadena," HEIGHT="50" WIDTH="250" VPOS="3336" HPOS="373"/>
<SP HEIGHT="51" WIDTH="29" VPOS="3335" HPOS="624"/>
<String CONTENT="Henry" HEIGHT="50" WIDTH="164" VPOS="3335" HPOS="654"/>
<SP HEIGHT="52" WIDTH="29" VPOS="3333" HPOS="819"/>
<String CONTENT="Gordon" HEIGHT="44" WIDTH="185" VPOS="3333" HPOS="849"/>
<SP HEIGHT="44" WIDTH="28" VPOS="3333" HPOS="1035"/>
<String CONTENT="Gale," HEIGHT="50" WIDTH="125" VPOS="3333" HPOS="1064"/>
<SP HEIGHT="52" WIDTH="29" VPOS="3331" HPOS="1190"/>
<String CONTENT="Chicago," HEIGHT="54" WIDTH="216" VPOS="3331" HPOS="1220"/>
<SP HEIGHT="35" WIDTH="29" VPOS="3348" HPOS="1437"/>
<String CONTENT="and" HEIGHT="43" WIDTH="87" VPOS="3332" HPOS="1467"/>
<SP HEIGHT="43" WIDTH="29" VPOS="3332" HPOS="1555"/>
<String CONTENT="Ira" HEIGHT="42" WIDTH="74" VPOS="3332" HPOS="1585"/>
<SP HEIGHT="45" WIDTH="32" VPOS="3330" HPOS="1660"/>
<String CONTENT="Cleveland" HEIGHT="45" WIDTH="245" VPOS="3330" HPOS="1693"/>
<SP HEIGHT="43" WIDTH="30" VPOS="3332" HPOS="1939"/>
<String CONTENT="Davis," HEIGHT="51" WIDTH="157" VPOS="3333" HPOS="1970"/>
<SP HEIGHT="52" WIDTH="30" VPOS="3332" HPOS="2128"/>
<String CONTENT="Madison," HEIGHT="112" WIDTH="1915" VPOS="3331" HPOS="372"/>
<SP HEIGHT="52" WIDTH="40" VPOS="3391" HPOS="469"/>
<String CONTENT="Wis." HEIGHT="44" WIDTH="116" VPOS="3391" HPOS="510"/>
<SP HEIGHT="51" WIDTH="68" VPOS="3392" HPOS="627"/>
<String CONTENT="(25-25203)" HEIGHT="60" WIDTH="272" VPOS="3383" HPOS="696"/>
</TextLine>
<TextLine HEIGHT="70" WIDTH="540" VPOS="3476" HPOS="298" STYLEREFS="StyleId-4844C422-4E50-4551-9E76-CD0597D519E2-">
<String CONTENT="Moore," HEIGHT="70" WIDTH="233" VPOS="3476" HPOS="298"/>
<SP HEIGHT="70" WIDTH="33" VPOS="3476" HPOS="532"/>
<String CONTENT="John" HEIGHT="58" WIDTH="172" VPOS="3476" HPOS="566"/>
<SP HEIGHT="57" WIDTH="28" VPOS="3476" HPOS="739"/>
<String CONTENT="B." HEIGHT="57" WIDTH="70" VPOS="3476" HPOS="768"/>
</TextLine>
<TextLine HEIGHT="75" WIDTH="1926" VPOS="3562" HPOS="378">
<String CONTENT="The" HEIGHT="58" WIDTH="129" VPOS="3566" HPOS="378"/>
<SP HEIGHT="38" WIDTH="30" VPOS="3586" HPOS="508"/>
<String CONTENT="comic" HEIGHT="62" WIDTH="194" VPOS="3562" HPOS="539"/>
<SP HEIGHT="40" WIDTH="27" VPOS="3584" HPOS="734"/>
<String CONTENT="and" HEIGHT="56" WIDTH="123" VPOS="3568" HPOS="762"/>
<SP HEIGHT="56" WIDTH="28" VPOS="3568" HPOS="886"/>
<String CONTENT="the" HEIGHT="58" WIDTH="104" VPOS="3566" HPOS="915"/>
<SP HEIGHT="38" WIDTH="30" VPOS="3586" HPOS="1020"/>
<String CONTENT="realistic" HEIGHT="58" WIDTH="279" VPOS="3564" HPOS="1051"/>
<SP HEIGHT="59" WIDTH="27" VPOS="3563" HPOS="1331"/>
<String CONTENT="in" HEIGHT="59" WIDTH="66" VPOS="3563" HPOS="1359"/>
<SP HEIGHT="58" WIDTH="27" VPOS="3564" HPOS="1426"/>
<String CONTENT="English" HEIGHT="73" WIDTH="270" VPOS="3563" HPOS="1454"/>
<SP HEIGHT="58" WIDTH="28" VPOS="3565" HPOS="1725"/>
<String CONTENT="drama," HEIGHT="69" WIDTH="239" VPOS="3567" HPOS="1754"/>
<SP HEIGHT="69" WIDTH="29" VPOS="3567" HPOS="1994"/>
<String CONTENT="by" HEIGHT="70" WIDTH="82" VPOS="3567" HPOS="2024"/>
<SP HEIGHT="72" WIDTH="30" VPOS="3565" HPOS="2107"/>
<String CONTENT="John" HEIGHT="58" WIDTH="166" VPOS="3565" HPOS="2138"/>
</TextLine>
<TextLine HEIGHT="76" WIDTH="2008" VPOS="3639" HPOS="298" CS="1">
<String CONTENT="B." HEIGHT="56" WIDTH="71" VPOS="3647" HPOS="298"/>
<SP HEIGHT="58" WIDTH="25" VPOS="3645" HPOS="370"/>
<String CONTENT="Moore." HEIGHT="57" WIDTH="234" VPOS="3645" HPOS="396"/>
<SP HEIGHT="59" WIDTH="87" VPOS="3643" HPOS="631"/>
<String CONTENT="Chicago," HEIGHT="72" WIDTH="291" VPOS="3643" HPOS="719"/>
<SP HEIGHT="72" WIDTH="22" VPOS="3643" HPOS="1011"/>
<String CONTENT="Ill.," HEIGHT="72" WIDTH="116" VPOS="3642" HPOS="1034"/>
<SP HEIGHT="71" WIDTH="27" VPOS="3643" HPOS="1151"/>
<String CONTENT="The" HEIGHT="58" WIDTH="130" VPOS="3643" HPOS="1179"/>
<SP HEIGHT="60" WIDTH="21" VPOS="3641" HPOS="1310"/>
<String CS="1" CONTENT="University" HEIGHT="60" WIDTH="330" VPOS="3640" HPOS="1332"/>
<SP HEIGHT="40" WIDTH="23" VPOS="3662" HPOS="1707"/>
<String CONTENT="of" HEIGHT="59" WIDTH="69" VPOS="3643" HPOS="1731"/>
<SP HEIGHT="59" WIDTH="24" VPOS="3642" HPOS="1801"/>
<String CONTENT="Chicago" HEIGHT="76" WIDTH="272" VPOS="3639" HPOS="1826"/>
<SP HEIGHT="52" WIDTH="23" VPOS="3662" HPOS="2099"/>
<String CONTENT="press" HEIGHT="52" WIDTH="183" VPOS="3662" HPOS="2123"/>
</TextLine>
<TextLine HEIGHT="73" WIDTH="203" VPOS="3723" HPOS="301">
<String CONTENT="[" HEIGHT="41" WIDTH="13" VPOS="3755" HPOS="301"/>
<String STYLE="superscript" CONTENT="c" HEIGHT="21" WIDTH="17" VPOS="3731" HPOS="317"/>
<String CONTENT="1925]" HEIGHT="71" WIDTH="164" VPOS="3723" HPOS="340"/>
</TextLine>
<TextLine HEIGHT="52" WIDTH="456" VPOS="3800" HPOS="367" STYLEREFS="StyleId-615EDEE9-BE1A-4CA1-B7B2-54C31D8B0D05-">
<String CONTENT="viii," HEIGHT="51" WIDTH="94" VPOS="3801" HPOS="367"/>
<SP HEIGHT="52" WIDTH="25" VPOS="3800" HPOS="462"/>
<String CONTENT="231" HEIGHT="46" WIDTH="80" VPOS="3800" HPOS="488"/>
<SP HEIGHT="48" WIDTH="27" VPOS="3803" HPOS="569"/>
<String CONTENT="p." HEIGHT="37" WIDTH="42" VPOS="3814" HPOS="597"/>
<SP HEIGHT="43" WIDTH="63" VPOS="3803" HPOS="640"/>
<String CONTENT="19" HEIGHT="45" WIDTH="51" VPOS="3801" HPOS="704"/>
<String STYLE="superscript" CONTENT="cm" HEIGHT="19" WIDTH="48" VPOS="3802" HPOS="759"/>
<String CONTENT="." HEIGHT="10" WIDTH="10" VPOS="3834" HPOS="813"/>
</TextLine>
<TextLine HEIGHT="53" WIDTH="662" VPOS="3855" HPOS="371" STYLEREFS="StyleId-615EDEE9-BE1A-4CA1-B7B2-54C31D8B0D05-">
<String CONTENT="Bibliography:" HEIGHT="52" WIDTH="358" VPOS="3856" HPOS="371"/>
<SP HEIGHT="38" WIDTH="27" VPOS="3869" HPOS="730"/>
<String CONTENT="p." HEIGHT="38" WIDTH="41" VPOS="3869" HPOS="758"/>
<SP HEIGHT="48" WIDTH="24" VPOS="3855" HPOS="800"/>
<String CONTENT="216-223." HEIGHT="46" WIDTH="208" VPOS="3855" HPOS="825"/>
</TextLine>
<TextLine HEIGHT="114" WIDTH="1983" VPOS="3906" HPOS="301" STYLEREFS="StyleId-615EDEE9-BE1A-4CA1-B7B2-54C31D8B0D05-" CS="1">
<String CONTENT="&#169;" HEIGHT="55" WIDTH="53" VPOS="3910" HPOS="301"/>
<SP HEIGHT="55" WIDTH="27" VPOS="3910" HPOS="355"/>
<String CONTENT="Dec." HEIGHT="43" WIDTH="108" VPOS="3913" HPOS="383"/>
<SP HEIGHT="42" WIDTH="30" VPOS="3913" HPOS="492"/>
<String CONTENT="1," HEIGHT="50" WIDTH="35" VPOS="3913" HPOS="523"/>
<SP HEIGHT="51" WIDTH="30" VPOS="3912" HPOS="559"/>
<String CONTENT="1925;" HEIGHT="53" WIDTH="129" VPOS="3909" HPOS="590"/>
<SP HEIGHT="51" WIDTH="27" VPOS="3911" HPOS="720"/>
<String CONTENT="2c." HEIGHT="43" WIDTH="65" VPOS="3911" HPOS="748"/>
<SP HEIGHT="29" WIDTH="29" VPOS="3925" HPOS="814"/>
<String CONTENT="and" HEIGHT="44" WIDTH="87" VPOS="3910" HPOS="844"/>
<SP HEIGHT="43" WIDTH="26" VPOS="3910" HPOS="932"/>
<String CONTENT="aff." HEIGHT="42" WIDTH="77" VPOS="3911" HPOS="959"/>
<SP HEIGHT="43" WIDTH="29" VPOS="3910" HPOS="1037"/>
<String CONTENT="Dec." HEIGHT="43" WIDTH="108" VPOS="3910" HPOS="1067"/>
<SP HEIGHT="45" WIDTH="30" VPOS="3908" HPOS="1176"/>
<String CONTENT="5;" HEIGHT="53" WIDTH="47" VPOS="3908" HPOS="1207"/>
<SP HEIGHT="52" WIDTH="30" VPOS="3909" HPOS="1255"/>
<!-- cceid 374282F4-6DD5-1014-B757-AF09C522E301 --><String CONTENT="A" HEIGHT="42" WIDTH="44" VPOS="3909" HPOS="1286"/>
<SP HEIGHT="44" WIDTH="27" VPOS="3908" HPOS="1331"/>
<String CONTENT="875355;" HEIGHT="55" WIDTH="190" VPOS="3906" HPOS="1359"/>
<SP HEIGHT="53" WIDTH="31" VPOS="3908" HPOS="1550"/>
<String CONTENT="University" HEIGHT="53" WIDTH="266" VPOS="3908" HPOS="1582"/>
<SP HEIGHT="37" WIDTH="26" VPOS="3924" HPOS="1849"/>
<String CONTENT="of" HEIGHT="45" WIDTH="51" VPOS="3907" HPOS="1876"/>
<SP HEIGHT="46" WIDTH="26" VPOS="3907" HPOS="1928"/>
<String CONTENT="Chicago," HEIGHT="53" WIDTH="212" VPOS="3908" HPOS="1955"/>
<SP HEIGHT="52" WIDTH="32" VPOS="3908" HPOS="2168"/>
<String CONTENT="Chicago." HEIGHT="112" WIDTH="1912" VPOS="3908" HPOS="372"/>
<SP HEIGHT="51" WIDTH="69" VPOS="3969" HPOS="498"/>
<String CONTENT="(25-25024)" HEIGHT="55" WIDTH="270" VPOS="3965" HPOS="568"/>
</TextLine>
</TextBlock>
</PrintSpace>
</Page>
</Layout>
</alto>