2533 4412
1022 4062 150 57 1225

119 420 200 69 Alien,
358 419 201 57 Leslie
598 419 216 73 Henri,
856 423 189 57 1887-
1203 422 90 58 ed.

194 498 218 73 Bryan
455 502 125 57 and
619 500 267 57 Darrow
927 505 64 54 at
1033 500 284 72 Dayton;
1358 502 103 57 the
1506 505 221 56 record
1770 504 123 56 and
117 504 1976 133 documents

346 580 68 57 of
440 579 102 56 the
571 576 577 62 “Bible-evolution
1173 575 225 74 trial”,
1426 578 208 60 edited
1662 583 124 56 and
1812 580 305 71 compiled

117 657 84 71 by
224 654 203 60 Leslie
457 655 77 57 H.
565 655 200 58 Allen.
849 655 155 57 New
1026 654 193 72 York,
1246 656 74 57 A.
1350 657 121 58 Lee
1500 656 49 58 &
1575 674 307 55 company
1911 687 13 43 [
1925 662 18 22 c
1948 656 166 72 1925]

189 730 88 53 viii,
304 734 83 44 218
412 747 40 35 p.
514 731 150 51 front.,
692 737 140 45 ports.
892 732 54 45 20½
980 736 48 18 cm
1035 771 8 8 .

188 790 238 43 “Account
463 791 53 43 of
555 790 76 44 the
667 804 102 29 case
807 790 54 44 of
894 788 76 46 the
1007 796 117 39 state
1159 788 52 46 of
1245 788 256 47 Tennessee
1536 788 180 53 against
1751 789 123 53 John
1909 790 205 45 Thomas

119 844 536 51 Scopes.”—Foreword.

117 898 53 53 ©
199 901 119 51 Aug.
349 899 65 50 25,
451 897 129 53 1925;
613 900 64 42 2c.
711 898 118 53 Aug.
860 899 78 51 28;
973 899 77 43 aff.
1084 898 119 53 Aug.
1233 897 81 53 27;
1347 900 43 41 A
1423 897 190 55 861592;
1647 900 179 44 Arthur
1857 901 90 44 Lee
1981 902 38 43 &
2050 917 64 28 co.

194 954 270 56 (25-21030)

114 1040 335 58 American
483 1040 266 73 railway
783 1039 408 73 engineering
1225 1038 396 59 association.

192 1119 1856 72 Proceedings of the twenty-sixth annual convention …
115 1199 143 57 held
296 1201 66 54 at
399 1199 103 55 the
544 1197 312 73 Congress
893 1198 188 67 hotel,
1126 1196 290 73 Chicago,
1457 1197 264 73 Illinois,
1762 1198 221 58 March
2023 1201 91 71 10,

116 1279 69 53 11
216 1277 123 56 and
367 1277 285 71 12,1925.
719 1296 56 36 v.
808 1277 88 55 26.
969 1275 290 72 Chicago,
1288 1275 338 57 American
1655 1276 264 71 railway

112 1277 1977 149 engineering
407 1353 398 73 association,
843 1354 165 56 1925.

185 1430 106 45 1456
318 1446 39 38 p.
416 1430 130 52 illus;,
573 1438 153 45 ports.,
755 1430 157 52 tables,
942 1430 167 53 diagrs.
1137 1429 127 54 (part
1293 1429 137 55 fold.)
1495 1430 52 44 23½
1584 1433 46 16 cm
1637 1466 7 8 .

113 1488 53 53 ©
200 1490 120 51 Aug.
359 1487 61 52 15,
460 1487 129 52 1925;
624 1489 66 42 2c.
729 1489 101 43 Oct.
870 1488 73 52 12;
982 1487 79 44 aff.
1099 1488 109 43 Dec.
1245 1486 49 53 7;
1334 1488 43 41 A
1414 1486 188 53 872754;
1641 1486 246 45 American
1924 1488 184 54 railway

181 1545 292 55 engineering
506 1559 118 28 assn.

114 1632 132 57 The
274 1630 153 58 Arts
461 1631 67 57 of
559 1630 307 73 cheating,
901 1630 335 73 swindling
1267 1632 122 56 and
1418 1632 276 72 murder,
1726 1632 84 72 by
1838 1632 275 58 Bulwer-

185 1707 252 72 Lytton,
464 1707 278 72 Douglas
770 1706 260 59 Jerrold
1054 1708 123 56 and
1205 1707 271 57 Thomas
1502 1707 92 57 De
1624 1706 307 74 Quincey;
1955 1708 152 59 with

185 1806 79 37 an
306 1783 427 60 introduction
774 1785 84 71 by
899 1785 185 58 Jesse
1125 1784 124 58 Lee
1290 1784 272 59 Bennett
1604 1787 123 56 and
1772 1785 334 60 silhouette

182 1862 308 74 portraits
518 1863 84 72 by
628 1863 324 57 Theodore
978 1862 247 58 Bolton.
1309 1862 153 59 New
1485 1862 192 74 York,
1705 1863 131 59 The
1862 1864 245 59 Arnold

183 1960 323 53 company,
538 1942 166 56 1925.

175 2019 1007 57 2 p. l., 7-153 p. illus. (ports.) 19½ cm .
445 2075 664 46 CONTENTS.—Introduction.—Maxims
1151 2092 58 29 on
1249 2076 74 45 the
1361 2077 189 53 popular
1588 2086 72 35 art
1697 2078 52 44 of
1786 2077 222 55 cheating,
2048 2079 58 53 by

107 2136 51 47 E.
187 2133 549 54 Bulwer-Lytton.—The
762 2133 246 45 handbook
1032 2133 51 44 of
1112 2132 252 54 swindling,
1393 2135 58 50 by
1478 2135 57 42 D.
1564 2134 332 52 Jerrold.—On
1925 2136 180 44 murder

107 2193 263 45 considered
398 2207 48 29 as
476 2206 82 29 one
585 2191 52 44 of
663 2190 75 45 the
767 2190 87 45 fine
883 2198 108 42 arts,
1020 2189 101 44 first
1150 2205 152 38 paper,
1334 2189 120 54 1827,
1481 2191 59 53 by
1567 2189 55 45 T.
1652 2192 71 42 De
1753 2189 352 56 Quincey.—On

108 2250 182 43 murder
327 2247 262 46 considered
627 2263 48 28 as
712 2262 86 30 one
835 2247 51 44 of
922 2247 75 44 the
1033 2247 87 44 fine
1157 2253 108 44 arts,
1303 2248 165 43 second
1505 2262 150 38 paper,
1695 2248 118 48 1839,
1849 2249 57 53 by
1942 2247 54 45 T.
2035 2250 70 44 De

153 2304 171 55 Q uincey.
107 2361 53 53 ©
188 2363 100 43 Oct.
320 2360 60 47 15.
410 2359 129 53 1925;
567 2361 63 42 2c.
659 2361 87 42 and
772 2360 78 43 aff.
879 2360 101 43 Oct.
1012 2358 74 53 17;
1116 2360 42 42 A
1186 2354 190 56 869570;
1407 2360 128 52 Jesse
1565 2361 87 42 Lee
1682 2362 205 51 Bennett,
1915 2363 192 53 Arnold,

179 2419 95 43 Md.
339 2416 66 54 [©
437 2417 316 50 introduction,
786 2416 196 52 pictures
1013 2416 87 44 and
1130 2415 311 53 biographical
1470 2423 166 37 matter
1668 2418 141 43 under
1839 2419 210 54 pictures]

184 2472 270 57 (25-21051)

105 2558 247 71 Atkins,
391 2556 342 59 Frederick
763 2555 318 75 Anthony,
1119 2558 191 57 1864-

184 2636 1924 76 Standing up to life, by Frederick A. Atkins … New
105 2719 188 69 York,
338 2716 270 73 Chicago
654 2719 146 70 [etc.]
844 2715 291 73 Fleming
1171 2715 79 57 H.
1294 2716 90 57 Re
1388 2713 124 59 veil
1551 2734 307 54 company
1900 2747 13 43 [
1916 2725 18 22 c
1938 2718 164 72 1925]

176 2795 356 51 155 p. 19½ cm .
104 2849 53 53 ©
186 2851 119 51 Aug.
339 2848 60 50 15,
433 2846 131 54 1925;
594 2848 63 43 2c.
689 2848 87 43 and
805 2847 78 43 aff.
915 2848 101 43 Oct.
1051 2848 74 50 14;
1160 2847 42 42 A
1234 2846 189 53 869432;
1456 2846 210 54 Fleming
1696 2848 62 43 H.
1791 2849 159 43 Revell
1983 2865 64 29 co.

183 2903 269 58 (25-21025)

105 2992 328 69 Barbusse,
477 2987 216 72 Henri,
736 2990 190 57 1874-

183 3068 253 73 Chains,
459 3069 84 71 by
564 3066 202 58 Henri
789 3066 320 57 Barbusse
1130 3089 12 47 ;
1170 3066 353 57 translated
1548 3066 167 57 from
1736 3068 103 58 the
1860 3070 242 58 French

104 3141 1976 80 by Stephen Haden Guest … New York, International
101 3227 377 72 publishers,
514 3225 166 57 1925.

170 3302 306 48 2 v. 19 ½ cm .
102 3360 53 53 ©
185 3361 100 43 Oct.
318 3358 65 53 15,
415 3356 129 52 1925;
576 3357 64 43 2c.
673 3357 109 42 each
811 3357 87 42 and
926 3355 79 44 aff.
1038 3356 101 43 Oct.
1173 3352 77 54 17;
1283 3355 43 41 A
1357 3352 191 54 869557;
1581 3355 233 46 Internati,
1846 3359 253 52 publishers

171 3432 78 36 co.,
284 3417 82 41 inc.
436 3412 271 56 (25-20710)

103 3499 337 68 Beckwith,
481 3498 257 58 Martha
771 3496 285 71 Warren,
1098 3497 187 57 1871-

99 3572 1975 145 Jamaica proverbs, collected by Martha Warren Beckwith.
336 3653 493 73 Poughkeepsie,
860 3653 73 55 N.
965 3652 94 69 Y.,
1089 3650 245 58 Yassar
1365 3651 247 73 college,
1647 3655 166 57 1925.

172 3735 79 48 137
295 3749 42 37 p.
395 3735 54 44 23
456 3736 47 18 cm
510 3769 8 9 .
587 3732 102 52 (On
735 3743 159 31 cover:
947 3727 312 47 Publications
1307 3730 53 43 of
1406 3729 75 47 the
1526 3729 237 47 Folk-lore
1811 3733 273 47 foundation.

96 3809 74 29 no.
198 3792 52 51 6)

171 3849 66 44 At
262 3849 115 44 head
404 3846 52 45 of
483 3843 282 46 cover-title:
795 3842 177 45 Vassar
1000 3840 175 50 college
1202 3839 260 46 field-work
1488 3841 44 46 in
1562 3842 233 47 folk-lore.

168 3898 361 47 “References”:
559 3913 42 36 p.
634 3898 181 51 [10]—11.

101 3957 53 51 ©
185 3958 101 43 Oct.
317 3957 36 49 8,
389 3953 130 51 1925;
551 3953 63 43 2c.
648 3952 86 43 and
765 3951 78 43 aff.
877 3950 101 43 Oct.
1015 3947 74 53 15;
1122 3949 43 41 A
1197 3948 190 52 869494;
1422 3950 65 42 M.
1519 3951 75 44 W.
1630 3952 248 54 Beckwith,
168 3957 1907 108 Poughkeepsie,
393 4011 60 43 N.
488 4010 56 43 Y.
614 4005 269 56 (25-21044)
