2533 4412
1306 4046 110 56 486

419 472 56 43 44
502 486 40 36 p.
607 472 52 43 19½
692 471 46 18 cm
745 505 8 8 .
823 467 291 54 (Half-title:
1151 467 366 53 Contemporary
1545 474 141 45 poets,
1719 467 75 51 18)

349 522 53 55 ©
430 525 113 51 Apr.
575 523 36 51 5,
645 523 129 53 1925;
806 525 64 43 2c.
900 525 86 43 and
1016 525 78 42 aff.
1127 523 112 52 Apr.
1269 523 79 52 29;
1380 523 44 42 A
1454 522 190 52 829132;
1677 522 238 43 Dorrance
1945 522 37 43 &
2013 535 79 39 co.,
2126 521 83 43 inc.

428 580 243 55 (25-9088)

348 666 190 72 Flint,
576 665 250 72 Austin,
867 667 359 58 1812-1886.

424 740 1863 75 A manual of physical diagnosis, by Austin Flint …
348 818 2005 76 9th ed., rev. by Henry C. Thacher … Philadelphia and
348 902 152 57 New
522 901 191 70 York,
739 901 130 56 Lea
897 899 49 59 &
970 898 288 72 Febiger,
1286 897 168 60 1925.

417 978 59 52 vi,
508 978 199 48 [17]-320
732 992 41 38 p.
834 975 119 46 illus.
1012 977 56 44 20½
1102 980 47 17 cm
1157 1010 8 8 .

348 1034 55 54 ©
432 1036 112 52 Apr.
574 1036 68 51 28,
675 1034 131 53 1925;
837 1036 65 42 2c.
931 1035 113 52 Apr.
1072 1034 80 52 29;
1183 1035 79 42 aff.
1292 1033 114 53 Apr.
1437 1033 77 52 30;
1548 1033 44 43 A
1623 1031 189 55 823952;
1845 1033 91 43 Lea
1967 1034 37 43 &
2034 1032 207 54 Febiger.

428 1091 244 56 (25-9065)

351 1177 189 71 Flint,
583 1177 169 57 Leon
791 1175 249 73 Nelson,
1083 1178 189 56 1875-

430 1256 129 57 The
599 1254 357 59 conscience
998 1254 68 57 of
1104 1253 103 59 the
1246 1272 405 54 newspaper;
1693 1277 37 38 a
1770 1272 140 39 case
1952 1255 159 58 book
2149 1254 65 57 in
2253 1255 103 57 the

349 1333 342 73 principles
733 1334 126 57 and
895 1332 316 73 problems
1253 1331 68 58 of
1358 1330 395 73 journalism,
1790 1332 84 70 by
1912 1332 173 57 Leon
2123 1333 235 57 Nelson

349 1410 2008 75 Flint … New York, London, D. Appleton and company,
349 1491 167 58 1925.

455 1603 9 17 x,
489 1569 83 44 470
596 1583 42 38 p.
697 1568 51 42 21
758 1570 47 17 cm
812 1602 8 9 .

352 1624 52 54 ©
435 1626 113 51 Apr.
577 1626 69 50 24,
680 1624 131 53 1925;
842 1626 64 42 2c.
938 1626 87 42 and
1058 1625 78 43 aff.
1169 1625 113 52 Apr.
1313 1623 79 54 27;
1425 1625 44 42 A
1500 1624 190 53 829085;
1725 1625 57 43 D.
1816 1625 229 52 Appleton
2079 1626 37 43 &
2147 1641 65 28 co-.

430 1679 244 58 (25-9045)

351 1767 253 72 Forbin,
642 1766 236 73 Victor,
919 1770 191 56 1864-

430 1848 119 58 Les
577 1847 265 58 fiancées
874 1849 81 57 du
987 1846 193 75 soleil,
1209 1866 118 53 par
1354 1846 75 60 V.
1462 1845 257 75 Forbin,
1749 1848 210 59 edited
1984 1849 153 57 with
352 1848 1978 151 introduction,
653 1930 199 67 notes,

884 1926 307 60 exercises
1223 1929 122 56 and
1371 1926 385 74 vocabulary
1783 1928 83 72 by
1891 1927 337 73 Benjamin
2258 1928 95 57 W.

354 2005 1894 75 Mitchell … New York, H. Holt and company [ c 1925]
421 2087 93 49 xiv,
546 2086 82 45 296
657 2103 39 33 p.
759 2086 139 44 front.
962 2085 50 45 17½
1048 2088 15 17 cm
1104 2123 4 5 .

353 2138 53 54 ©
438 2140 112 51 Apr.
582 2140 65 47 20,
684 2138 131 53 1925;
847 2140 64 42 2c.
945 2141 87 42 and
1064 2140 79 42 aff.
1178 2139 112 52 Apr.
1322 2138 79 53 25;
1435 2139 44 42 A
1511 2139 191 52 823892;
1738 2140 163 52 Henry
1934 2141 116 43 Holt
2084 2141 87 43 and
2204 2156 65 29 co.

432 2195 244 56 (25-9090)

351 2284 323 70 Freeman,
709 2279 328 60 Abraham
1074 2280 207 73 Clark,
1321 2284 359 56 1843-1911.

428 2361 61 57 A
518 2359 263 59 treatise
818 2359 69 58 of
917 2358 104 58 the
1053 2359 122 57 law
1209 2359 68 57 of
1308 2357 395 74 judgments;
1739 2359 323 75 including
2096 2363 81 57 all
2212 2363 144 58 final

352 2436 520 61 determinations
904 2436 68 58 of
1002 2438 103 57 the
1136 2436 203 72 rights
1375 2437 68 58 of
1471 2436 243 74 parties
1743 2439 67 56 in
1840 2440 242 58 actions
2116 2461 70 37 or
352 2461 1982 127 proceedings

675 2518 65 55 at
770 2515 120 57 law
922 2534 70 38 or
1020 2514 66 57 in
1118 2515 230 73 equity,
1379 2516 83 71 by
1489 2517 76 56 A.
1601 2516 63 59 C.
1698 2519 328 56 Freeman.
2109 2519 108 58 5th
2248 2520 72 58 ed.,

355 2614 127 40 rev.
527 2596 124 57 and
691 2595 250 74 greatly
982 2595 135 73 enl.,
1161 2595 83 73 by
1285 2594 290 67 Edward.
1604 2596 96 59 W.
1749 2597 228 58 Tuttle.
2061 2598 76 57 In
2180 2599 176 58 three

352 2676 298 56 volumes.
747 2673 129 59 San
930 2673 357 72 Francisco,
1341 2673 638 75 Bancroft-Whitney
2033 2696 322 55 company,

356 2754 166 55 1925.

425 2830 24 43 3
478 2845 41 27 v.
576 2828 52 44 25
637 2832 47 17 cm
691 2864 8 8 .

355 2902 39 27 v.
423 2888 34 50 1,
478 2884 56 53 ©
558 2885 113 52 Apr.
697 2884 38 53 7,
763 2883 129 53 1925;
917 2886 65 42 2c.
1006 2885 112 52 Apr.
1147 2882 74 54 15;
1250 2886 78 42 aff.
1353 2885 112 52 Apr.
1495 2886 74 52 14;
1596 2901 41 28 v.
1661 2886 40 51 2,
1726 2885 53 53 ©
1804 2887 112 52 Apr.
1947 2887 74 52 15;
2047 2889 65 43 2c.
2138 2890 112 42 Apr.
2276 2891 78 51 23;

427 2943 78 42 aff.
534 2942 112 52 Apr.
674 2943 79 51 21;
781 2958 42 27 v.
851 2942 38 52 3,
914 2939 56 54 ©
1000 2942 112 52 May
1136 2943 53 50 2;
1217 2943 67 42 2c.
1313 2942 113 51 May
1459 2943 74 51 11;
1564 2943 79 43 aff.
1675 2944 112 52 May
1816 2945 50 52 9;
1897 2945 44 42 A
1972 2945 177 53 823749,
2178 2945 177 55 823874,

426 2998 191 53 855012;
649 2997 465 53 Bancroft-Whitney
1142 3014 65 28 co.
1278 2996 243 56 (25-8381)

357 3084 475 73 Frothingham,
870 3084 161 58 Paul
1064 3084 256 71 Revere,
1359 3088 190 55 1864-

434 3163 279 57 Edward
736 3162 283 69 Everett,
1045 3165 215 55 orator
1288 3163 122 58 and
1438 3165 364 70 statesman,
1829 3165 81 71 by
1934 3166 161 58 Paul
2121 3168 240 59 Revere

355 3240 1983 151 Frothingham … Boston and New York, Houghton Mifflin company, 1925.
459 3395 1362 55 x p., 2 l., 495 p. front., plates, ports., facsims. 23 cm .
360 3453 52 54 ©
441 3456 111 51 May
581 3455 35 43 1.
648 3453 130 53 1925;
805 3455 64 42 2c.
897 3454 87 43 and
1011 3454 80 43 aff.
1120 3454 113 52 May
1259 3454 51 51 4;
1339 3453 44 43 A
1412 3451 189 54 829247;
1633 3454 50 42 P.
1714 3455 53 42 R.
1797 3453 344 57 Frothingham,
2173 3458 184 45 Boston.

438 3510 243 55 (25-9214)

358 3583 259 69 Gerard,
657 3582 184 70 John,
881 3583 214 72 pseud.

435 3662 252 56 Letters
722 3663 64 54 to
825 3659 244 58 friends
1111 3659 111 72 [by]
1262 3658 167 58 John
1471 3658 258 59 Gerard.
1814 3662 152 59 New
2002 3663 191 70 York,
2234 3667 126 57 The

361 3737 296 75 Quarterly
727 3737 162 57 book
921 3737 399 73 department
1352 3766 13 43 [
1368 3744 18 23 c
1390 3737 164 73 1925]

428 3815 549 53 4 p. l., 212 p. 18½ cm .
431 3871 281 46 “Published
746 3870 149 44 under
924 3871 78 43 the
1031 3871 209 51 auspices
1272 3872 53 43 of
1356 3871 78 43 the
1463 3869 342 55 Theosophical
1840 3873 214 53 society.”

363 3929 52 54 ©
447 3931 111 51 Apr.
589 3930 68 50 24,
691 3927 105 45 1925;
856 3928 65 43 2c.
954 3929 87 43 and
1072 3930 79 43 aff.
1185 3929 112 52 Apr.
1329 3927 79 53 25;
1443 3929 44 42 A
1521 3930 189 52 823899;
1750 3930 245 55 Quarterly
2029 3933 119 44 book

429 3934 1908 98 department.
635 3983 242 57 (25-9150)
