2533 4412
1060 4097 111 55 659

126 444 338 73 Hamilton,
507 445 294 57 Clarence
841 446 214 71 Grant,
1098 447 188 58 1865-

180 535 197 58 Piano
404 534 214 71 music,
641 535 85 58 its
751 554 358 55 composers
1135 538 123 58 and
1285 535 523 74 characteristics,
1832 540 83 69 by
125 532 1966 141 Clarence

315 608 1801 78 G. Hamilton … Boston, Oliver Ditson company;
122 689 150 57 New
299 688 190 72 York,
521 689 64 59 C.
615 689 80 57 H.
726 688 228 60 Ditson
982 689 49 59 &
1057 710 119 51 co.;
1211 692 151 71 [etc.,
1391 694 131 67 etc.,
1553 697 19 23 c
1576 689 148 59 1925]

189 763 1457 58 3 p. l ., 235 p. front., illus. (incl. ports., music), 20½ cm .
190 821 188 46 “Books
409 823 77 42 for
513 822 184 43 further
721 821 219 55 reading”
964 830 47 36 at
1037 824 89 42 end
1152 823 54 42 of
1233 822 110 45 each
1370 823 204 54 chapter.
1634 822 374 55 “Compositions
2040 825 78 42 for

119 878 165 55 study”
310 887 46 38 at
381 879 87 45 end
494 880 53 41 of
574 880 109 43 each
710 879 189 55 chapter
926 886 163 46 except
1116 879 76 45 the
1217 880 114 44 first.

120 934 53 53 ©
200 937 110 52 May
333 937 67 51 21,
429 935 102 44 1925;
583 937 65 42 2c.
674 938 86 42 and
786 937 78 44 aff.
891 939 117 51 June
1032 936 48 53 5;
1108 939 43 41 A
1177 936 190 53 829554;
1397 938 159 43 Oliver
1583 938 165 45 Ditson
1775 954 65 29 co.

197 990 270 57 (25-11851)

121 1077 246 74 Haugh,
412 1077 210 58 Laura
661 1079 244 58 Esther.

265 1172 1847 77 … The Bible story in religious education, by Laura
120 1248 1924 78 Esther Haugh … with an introduction by D. W. Kurtz …
120 1328 205 72 Elgin,
354 1328 113 72 Ill.,
500 1328 127 57 The
656 1327 191 74 Elgin
873 1347 181 52 press
1087 1359 12 43 [
1100 1337 18 20 c
1124 1329 164 73 1925]

187 1405 80 45 xiv
296 1418 54 41 p.,
384 1410 17 40 1
453 1441 21 17 l.,
511 1406 79 44 116
615 1420 72 38 p.
715 1407 123 45 20½cm.
906 1407 125 52 (The
1061 1405 139 55 Elgin
1231 1421 129 40 press
1393 1407 215 54 religious
1639 1408 285 48 educational
1955 1412 147 51 texts)

189 1462 325 53 Bibliography
570 1477 28 37 p
643 1463 201 45 111-116.

118 1515 53 54 ©
205 1519 110 50 May
343 1518 69 51 21,
445 1516 130 53 1925;
607 1519 65 41 2c.
703 1519 87 42 and
821 1514 79 47 aff.
931 1518 115 52 June
1076 1519 51 51 2;
1160 1520 43 41 A
1234 1517 189 54 829806;
1459 1520 49 43 L.
1542 1518 51 48 E.
1628 1519 185 55 Haugh,
1847 1522 65 42 La
1944 1522 168 52 Verne,

191 1572 134 45 Calif.
394 1573 270 55 (25-11534)

123 1658 232 73 Henry,
391 1657 278 59 Richard
704 1658 62 58 C.

198 1751 128 59 The
357 1753 176 56 truth
564 1753 190 56 about
783 1751 238 60 Muscle
1056 1753 224 59 Shoals
1314 1755 113 72 [by]
1464 1754 276 58 Richard
1772 1755 65 60 C.
1872 1756 236 72 Henry.

123 1828 288 75 Chicago,
437 1829 94 58 Ill.
563 1860 13 42 [
579 1836 16 21 c
601 1830 164 71 1925]

188 1909 55 43 34
270 1921 40 37 p.
371 1907 116 44 illus.
547 1909 53 43 23
607 1910 47 18 cm
659 1943 9 9 .

190 1964 202 47 “Second
421 1963 181 49 edition,
631 1963 216 47 revised.”

190 2021 146 51 Pages
368 2018 133 46 17-20
523 2034 79 31 are
621 2020 179 52 printed
827 2035 59 30 on
911 2029 93 36 two
1031 2019 157 48 folded
1213 2022 162 45 leaves.

118 2072 53 53 ©
195 2075 115 51 June
339 2074 61 49 10,
431 2073 130 53 1925;
589 2074 63 43 2c.
679 2074 85 43 and
790 2074 80 45 aff.
896 2075 117 52 June
1041 2076 73 51 12;
1144 2076 43 41 A
1214 2074 191 55 829667;
1435 2077 53 43 R.
1520 2075 48 46 C.
1597 2078 174 54 Henry.

196 2128 270 57 (25-11535)

122 2214 198 73 Hiatt,
361 2216 153 57 Earl
547 2216 84 57 M.

196 2294 245 60 Hiatt’s
469 2299 219 68 expert
711 2296 241 58 lumber
974 2295 225 74 pricer,
1225 2295 175 76 gives
1424 2299 241 60 instant
1690 2301 171 72 piece
1885 2301 224 73 prices.

121 2376 77 55 3d
230 2374 90 57 ed.
362 2371 187 74 (rev.)
641 2373 306 73 Malcolm,
979 2375 171 72 Neb.,
1183 2376 71 58 E.
1289 2376 82 56 M.
1404 2376 185 58 Hiatt
1621 2405 14 45 [
1635 2383 19 22 c
1659 2377 165 75 1925]

191 2453 109 48 [144]
332 2465 41 38 p.
433 2454 25 41 27½
521 2455 15 16 cm
574 2488 8 8 .

191 2508 123 45 First
349 2507 236 53 published
620 2510 142 42 under
795 2507 123 47 title:
956 2509 99 45 The
1094 2508 206 54 Simplex
1334 2518 187 45 actuary
1559 2512 76 44 for
1671 2512 292 46 lumbermen.

194 2565 150 44 Blank
367 2579 137 38 pages
529 2565 76 43 for
630 2563 402 47 “Memorandum”
1067 2566 52 51 (2
1141 2576 46 35 at
1213 2564 112 55 end)

119 2617 54 54 ©
205 2620 119 42 Mar.
356 2620 67 51 30,
457 2616 128 55 1925;
619 2620 64 42 2c.
715 2621 114 51 June
865 2617 74 55 15;
974 2621 77 42 aff.
1085 2621 115 51 June
1229 2621 81 52 29;
1344 2623 43 41 A
1421 2621 191 53 855721;
1647 2622 53 49 E.
1734 2625 66 43 M.
1834 2625 147 44 Hiatt.
2056 2624 57 54 [©

186 2684 92 35 two
308 2689 135 40 pages
473 2675 52 44 of
555 2690 100 29 new
682 2682 180 48 matter]
933 2675 271 56 (25-11928)

123 2759 358 74 Holmgren,
519 2759 256 59 Charles
807 2762 170 57 John
1003 2761 344 75 Augustus,
1383 2766 189 56 1859-

197 2839 128 55 The
357 2838 141 57 first
531 2839 524 71 commandment;
1092 2858 87 53 or,
1215 2839 397 60 Prohibition
1647 2845 124 57 and
1803 2844 103 58 the
1940 2847 174 57 word

121 2916 68 57 of
239 2916 166 71 God;
457 2935 36 37 a
546 2915 350 73 Scriptural
951 2916 278 72 analysis
1282 2917 68 57 of
1397 2918 386 73 prohibition
1834 2925 122 55 and
2007 2923 105 58 the

118 2993 349 74 privileged
497 2995 123 56 and
648 2992 340 74 appointed
1015 3014 109 38 use
1156 2996 123 57 and
1307 2998 319 69 purposed
1653 2998 175 72 place
1860 3001 68 56 of
1955 3001 158 58 wine

117 3069 1926 81 in the economy of mankind, by Rev. C. J. A. Holmgren …
120 3149 148 58 Rev.
302 3149 91 58 ed.
479 3147 301 73 Concord,
809 3149 74 57 N.
916 3149 101 73 H.,
1048 3149 235 59 Forum
1316 3149 68 59 of
1414 3151 354 62 conscience
1800 3156 126 56 and
1953 3154 159 75 love,

119 3228 164 55 1925.

190 3305 52 43 32
276 3319 39 38 p.
374 3305 53 43 23½
462 3306 47 18 cm
515 3339 9 9 .

192 3359 247 46 Published
469 3361 45 43 in
547 3361 105 43 1924
679 3361 143 44 under
851 3361 123 44 title:
1007 3361 93 44 Ubi
1129 3361 74 53 jus
1236 3362 222 43 incertum
1487 3362 62 45 ibi
1578 3364 74 52 jus
1684 3364 197 54 nullum;
1914 3380 67 39 or,
2014 3366 98 46 The

121 3418 100 43 first
251 3418 86 43 and
366 3416 256 54 eighteenth
655 3418 322 44 amendments.

120 3472 53 53 ©
198 3474 104 52 July
329 3474 39 51 2,
397 3472 104 45 1925;
551 3474 64 42 2c.
641 3475 86 42 and
752 3474 78 44 aff.
857 3474 106 52 July
989 3474 50 52 6;
1068 3475 43 41 A
1137 3472 191 55 855778;
1360 3473 49 45 C.
1436 3474 39 52 J.
1503 3477 57 42 A.
1589 3477 270 54 Holmgren,
1887 3477 221 54 Concord,

191 3530 58 43 N.
282 3530 61 43 H.
408 3528 66 54 [©
505 3529 266 52 rephrasing
800 3531 87 44 and
919 3530 310 53 remodelling]
1299 3530 271 55 (25-12254)

125 3612 235 73 Houck,
400 3613 338 57 Frederick
771 3613 244 72 Alfons,
1057 3617 189 55 1866-

198 3691 128 57 The
367 3691 455 73 angels—good
862 3694 122 55 and
1023 3692 138 73 bad,
1203 3692 81 72 by
1322 3692 102 57 the
1465 3694 150 57 Rev.
1657 3695 339 59 Frederick
2034 3698 74 57 A.

120 3767 1992 76 Houck … St. Louis, Mo., and London, B. Herder book
121 3866 106 51 co.,
261 3847 164 58 1925.

191 3923 78 51 xii,
307 3924 73 43 141
418 3938 38 37 p.
520 3924 48 43 19½
603 3926 46 17 cm
655 3958 8 8 .

122 3977 54 54 ©
205 3982 114 51 June
349 3981 67 51 30,
447 3979 128 52 1925;
607 3981 64 43 2c.
700 3980 105 54 July
835 3982 48 49 3;
916 3982 78 42 aff.
1026 3982 105 51 July
1161 3981 48 51 2;
1244 3981 43 43 A
1318 3980 188 53 855751;
1543 3984 50 42 B.
1625 3984 184 45 Herder
1836 3985 122 44 book
1985 4001 66 30 co.

199 4035 271 56 (25-12265)
