2533 4412
1058 4031 149 55 1319

142 374 347 73 Steinberg,
525 374 268 58 Samuel.

212 464 271 58 Lessons
516 464 65 56 in
614 464 336 57 American
983 463 247 72 history
1264 465 123 56 and
1422 463 385 73 citizenship,
1839 466 84 72 by
135 465 1966 134 Samuel

261 541 1849 74 Steinberg … New York, Oxford book company [ c 1925]
209 635 75 44 138
312 649 39 38 p.
414 634 151 50 front.,
594 633 117 44 illus.
772 634 149 43 20½cm.

206 707 133 51 Maps
367 722 57 27 on
449 706 341 52 lining-papers.

138 775 52 53 ©
223 777 118 42 Nov.
373 778 39 50 6,
447 775 127 52 1925;
608 777 65 41 2c.
707 777 83 41 and
825 777 77 41 aff.
938 776 118 42 Nov.
1089 777 49 50 9;
1174 776 44 41 A
1250 776 189 51 869929;
1477 775 186 45 Oxford
1695 777 121 43 book
1850 794 78 35 co.,
1965 779 80 42 inc.

216 831 269 56 (25-22878)

140 935 269 70 Stetson,
449 934 244 57 Harlan
732 934 179 69 True,
951 937 146 56 1885–

211 1024 60 55 A
296 1025 254 55 manual
575 1024 68 57 of
669 1024 367 71 laboratory
1065 1026 366 69 astronomy
1456 1024 106 57 for
1588 1044 111 39 use
1725 1024 64 58 in
137 1024 1972 148 introductory

137 1101 1970 136 courses, by Harlan True Stetson … with the collaboration
135 1178 1997 126 of John Charles Duncan … 3d ed. Boston, East-of
210 1267 164 36 center.
434 1258 143 45 Table
603 1259 52 43 of
676 1258 152 52 Julian
855 1259 136 52 days:
1020 1258 27 44 6
1069 1273 40 38 p.
1136 1268 47 37 at
1207 1260 98 43 end.

137 1334 109 38 ern
276 1314 236 58 science
541 1314 229 72 supply
799 1334 105 57 co.,
934 1315 166 56 1925.

207 1392 1439 55 1 p. l., viii, 139, [6] p. illus. (incl. map) diagrs. 21½ cm .
206 1451 268 54 Appendix:
503 1451 98 43 List
624 1450 50 45 of
698 1459 117 36 stars
841 1467 57 28 on
923 1450 75 45 the
1024 1449 178 55 ecliptic
1225 1465 115 37 map.
1402 1450 356 53 Augmentation
1782 1451 51 46 of
1857 1451 75 45 the
1957 1451 171 47 moon’s

136 1509 340 44 semidiameter.
539 1507 229 47 Elements
794 1508 50 44 of
870 1508 72 44 the
969 1508 73 44 six
1064 1507 128 45 inner
1217 1509 188 53 planets,
1429 1510 202 52 January
1655 1508 38 51 0,
1723 1507 117 46 1925.
1903 1509 224 52 Equation

137 1578 52 53 ©
218 1579 101 44 Oct.
350 1579 62 50 19,
445 1577 128 53 1925;
604 1579 63 42 2c.
697 1579 118 43 Nov.
844 1579 49 50 3;
924 1579 78 42 aff.
1033 1579 117 42 Nov.
1179 1580 49 50 2;
1260 1578 42 42 A
1331 1578 188 52 869876;
1552 1577 192 47 Eastern
1774 1580 171 43 science
1977 1580 157 53 supply

207 1652 64 27 co.
337 1634 273 55 (25-22293)

139 1737 242 70 Storck,
415 1737 185 58 John.

216 1828 1918 72 Man and civilization … by John Storck. pts. 1, 2. New
136 1907 188 71 York,
357 1908 165 55 1925.

203 1984 27 42 2
257 1999 40 28 V.
355 1982 151 44 25½cm.

137 2039 52 53 ©
224 2040 119 52 Sept.
373 2039 66 46 25,
475 2038 129 48 1925;
636 2040 64 42 2c.
734 2039 109 43 each
876 2039 101 44 Oct.
1010 2038 48 52 7;
1094 2039 77 43 aff.
1207 2039 101 44 Oct.
1344 2038 47 53 5;
1428 2040 42 41 A
1504 2039 188 44 869314:
1727 2041 39 51 J.
1804 2039 178 53 Storck,
2017 2042 117 43 New

207 2098 141 42 York.
418 2094 269 55 (25-22513)

140 2194 398 73 Sutherland,
575 2196 181 57 Joan.

217 2288 127 56 The
376 2287 173 71 price
586 2287 67 56 of
689 2287 241 57 silence.
1011 2285 389 59 Conclusion.

211 2365 79 50 (In
319 2366 185 40 London
535 2366 144 40 Home
709 2368 147 48 notes,
887 2366 128 50 Sept.
1045 2369 66 46 26,
1144 2364 127 51 1925)

137 2418 1996 56 © 1c. Nov. 19, 1925; A ad int. 7434; pubd. Sept. 21; J. Sutherland, London.
140 2532 266 73 Tarbell,
447 2533 118 57 Ida
604 2533 304 70 Minerva,
950 2536 147 56 1857–

214 2625 128 58 The
378 2625 112 57 life
525 2626 68 56 of
626 2625 222 57 Elbert
882 2625 78 61 H.
998 2624 202 73 Gary;
1237 2625 103 57 the
1380 2628 178 68 story
1594 2625 68 57 of
1697 2625 172 73 steel,
1905 2628 83 69 by
2021 2627 114 57 Ida

134 2702 1978 152 M. Tarbell … New York, London, D. Appleton and company, 1925.
204 2857 1188 54 xii p., 1 l., 361 p. front., plates, ports. 23 cm .
137 2915 52 53 ©
221 2917 117 42 Nov.
369 2916 38 51 2,
441 2914 128 53 1925;
602 2916 63 42 2c.
699 2916 84 42 and
814 2916 78 42 aff.
926 2916 118 41 Nov.
1077 2915 48 50 6;
1159 2916 44 40 A
1233 2914 190 50 869916;
1460 2916 55 40 D.
1549 2915 226 51 Appleton
1807 2918 87 42 and
1926 2931 65 29 co.

215 2971 270 55 (25-22357)

140 3074 252 71 Torrey,
432 3072 256 59 Reuben
722 3072 258 71 Archer,
1022 3074 190 57 1856-

218 3164 259 74 Getting
511 3165 104 57 the
652 3165 144 73 gold
834 3167 111 55 out
981 3163 66 59 of
1083 3164 104 57 the
1223 3165 174 56 word
1436 3163 65 58 of
1540 3163 165 73 God;
1746 3183 87 54 or,
1873 3165 160 57 How
2069 3168 63 55 to

140 3243 188 70 study
363 3241 105 58 the
505 3241 197 70 Bible,
740 3241 84 70 by
861 3241 71 56 R.
977 3240 73 57 A.
1092 3241 258 70 Torrey.
1434 3239 151 58 New
1624 3240 190 74 York,
1857 3240 271 75 Chicago

138 3322 146 71 [etc.]
313 3319 287 72 Fleming
626 3318 78 57 H.
732 3319 217 57 Revell
975 3336 308 53 company
1311 3347 12 43 [
1327 3325 18 23 c
1349 3318 163 72 1925]

203 3399 54 43 64
285 3413 39 38 p.
388 3399 48 43 19
444 3400 46 18 cm
497 3431 8 8 .

138 3453 52 53 ©
225 3456 111 50 May
367 3455 38 48 9,
441 3452 128 51 1925;
604 3454 63 42 2c.
701 3454 85 42 and
819 3454 78 42 aff.
934 3453 100 43 Oct.
1073 3453 72 50 14;
1181 3453 43 41 A
1256 3450 189 54 869445;
1483 3452 207 54 Fleming
1724 3455 60 41 H.
1821 3454 156 43 Revell
2012 3470 64 27 co.

217 3509 270 56 (25-22770)

139 3610 139 57 Van
309 3610 187 68 Loon,
534 3609 286 57 Hendrik
854 3608 268 70 Willem,
1159 3610 189 57 1882-

218 3697 1918 74 Tolerance, by Hendrik Willem Van Loon … New York,
138 3777 160 58 Boni
329 3778 48 57 &
408 3777 344 73 Liveright,
787 3778 165 57 1925.

211 3855 695 53 viii p., 1 l., 11-399 p. 23cm.
140 3913 52 53 ©
220 3915 100 43 Oct.
353 3915 59 47 10,
444 3913 130 53 1925;
602 3915 64 43 2c.
695 3915 100 43 Oct.
827 3913 73 51 14;
929 3915 77 41 aff.
1037 3914 100 43 Oct.
1163 3914 77 51 22;
1271 3914 42 41 A
1341 3912 188 53 872031;
1562 3914 115 43 Boni
1706 3914 37 43 &
1771 3912 247 52 Liveright,
2050 3913 81 42 inc.

218 3969 269 55 (25-22590)
