2533 4412
1297 4088 111 55 136

344 433 221 71 Hume,
606 433 261 72 Fergus,
909 434 191 56 1859-

418 523 131 57 The
579 522 142 58 blue
753 522 296 57 talisman;
1117 541 36 37 a
1186 520 306 58 detective
1526 522 194 69 story,
1753 519 86 71 by
1867 519 246 72 Fergus
2145 516 205 58 Hume

411 597 1276 76 … New York, E. J. Clode, inc. [ c 1925]
417 695 81 44 320
528 710 41 37 p.
632 695 50 44 19½
717 696 48 17 cm
772 729 8 8 .

345 764 54 54 ©
428 763 108 46 Feb.
568 765 64 52 18,
665 762 130 55 1925;
826 764 65 43 2c.
921 763 87 43 and
1038 764 79 42 aff.
1149 761 106 44 Feb.
1285 762 78 51 21;
1396 761 43 42 A
1469 761 190 51 823143;
1693 759 200 48 Edward
1925 761 39 52 J.
1997 758 157 53 Clode,
2185 757 82 44 inc.

425 820 244 57 (25-4855)

345 923 216 59 Idaho.
644 924 305 72 Supreme
990 925 192 54 court.

423 1009 1928 79 Reports of cases argued and determined … By I. W.
346 1096 171 56 Hart
566 1094 326 71 (ex-officio
933 1090 321 74 reporter)
1341 1109 58 38 v.
1443 1092 89 55 39.
1619 1089 128 58 San
1790 1088 358 74 Francisco,
347 1089 1983 154 Bancroft-Whitney

875 1187 325 55 company,
1236 1170 166 56 1925.

416 1263 179 51 xxxvii,
624 1260 83 46 876
737 1275 39 38 p.
836 1260 56 42 22½
926 1262 47 17 cm
980 1294 8 8 .

346 1333 55 53 ©
433 1333 106 44 Feb.
571 1334 37 50 9,
644 1330 130 53 1925;
806 1332 64 42 2c.
905 1329 108 44 Feb.
1050 1328 74 54 16;
1157 1329 79 43 aff.
1269 1327 108 45 Feb.
1412 1328 75 52 17;
1522 1329 43 42 A
1599 1328 190 53 823104;
1826 1329 35 43 I.
1894 1330 75 43 W.
2003 1330 138 52 Hart,
2174 1329 76 43 for
2280 1328 75 44 the

417 1390 168 45 benefit
608 1389 50 44 of
682 1388 74 44 the
779 1394 116 37 state
920 1387 49 43 of
996 1386 156 52 Idaho,
1180 1386 148 51 Boise,
1357 1386 64 43 Id.

347 1489 262 60 Illinois.
693 1490 306 72 Supreme
1039 1493 192 52 court.

425 1584 275 71 Reports
727 1582 69 56 of
821 1599 174 38 cases
1023 1583 68 53 at
1113 1580 123 56 law
1261 1580 123 56 and
1409 1579 65 55 in
1502 1579 309 72 chancery
1838 1580 241 72 argued
2106 1580 125 57 and

347 1582 2008 149 determined … v. 313, containing cases in which opinions
347 1759 166 39 were
543 1738 147 57 filed
720 1738 69 55 in
821 1738 166 56 June
1023 1738 132 55 and
1183 1735 286 72 October,
1507 1737 166 71 1924,
1711 1738 124 56 and
1871 1756 173 38 cases
2081 1737 276 58 wherein

349 1817 370 71 rehearings
750 1834 162 38 were
942 1814 225 57 denied
1199 1817 69 54 at
1295 1815 104 56 the
1432 1814 271 58 October
1730 1818 179 69 term,
1942 1816 165 56 1924.
347 1815 1986 138 Samuel

486 1895 278 71 Pashley
798 1893 211 72 Irwin,
1049 1895 290 68 reporter
1379 1892 69 57 of
1486 1892 328 58 decisions.
1893 1892 463 77 Bloomington,

347 1974 116 74 Ill.,
498 1975 167 55 1925.

420 2065 59 52 ix,
512 2063 197 55 [11]-688
737 2077 40 38 p.
833 2062 53 42 22½
923 2064 44 17 cm
976 2096 9 9 .

350 2134 54 54 ©
436 2135 100 52 Jan.
571 2134 67 52 22,
677 2131 131 54 1925;
843 2133 65 42 2c.
945 2133 87 42 and
1066 2132 79 42 aff.
1182 2132 99 52 Jan.
1315 2131 80 52 28;
1434 2131 43 42 A
1512 2131 190 53 822165;
1747 2131 181 48 Samuel
1968 2134 196 54 Pashley
2201 2135 155 53 Irwin,

422 2192 338 51 Bloomington,
800 2189 68 43 Ill.

347 2287 464 60 International
842 2285 201 76 police
1077 2285 384 60 conference.

426 2379 432 60 Publications
899 2379 68 58 of
1004 2379 466 57 International
1506 2379 201 72 police
1745 2382 385 59 conference.
2210 2385 152 58 New

351 2461 173 57 York
552 2458 143 74 city,
727 2457 210 58 Police
964 2457 457 72 headquarters
1456 2487 14 44 [
1472 2467 18 21 c
1493 2459 151 55 1924]

420 2537 96 55 258,
551 2539 53 46 [2]
639 2551 39 38 p.
739 2537 24 41 21½cm.

424 2594 355 45 “International
823 2592 142 55 police
1009 2592 266 46 conference
1321 2593 121 52 code,
1486 2593 192 54 adapted
1722 2593 78 46 for
1843 2595 520 48 inter-communication

352 2655 206 43 between
583 2651 143 54 police
753 2652 304 51 departments
1084 2652 87 42 and
1197 2651 59 53 by
1282 2651 142 52 police
1449 2651 304 52 departments
1782 2652 110 45 with
1918 2655 222 43 members
2168 2655 192 52 thereof,

353 2709 221 54 compiled
617 2710 59 51 by
717 2707 328 44 International
1087 2708 145 52 police
1272 2707 269 45 conference
1582 2708 112 44 with
1736 2709 246 46 assistance
2025 2711 52 45 of
2116 2711 248 45 American

353 2769 109 43 code
492 2780 234 39 company,
758 2764 113 45 inc.”

353 2836 54 54 ©
435 2838 98 52 Jan.
566 2839 34 48 1,
633 2836 130 51 1925;
794 2837 63 42 2c.
888 2837 87 42 and
1005 2836 78 43 aff.
1112 2836 99 52 Jan.
1239 2836 79 51 21;
1351 2836 47 42 A
1424 2834 162 45 815771;
1648 2837 328 44 International
2003 2839 147 52 police
423 2839 1915 106 conference,
574 2894 118 43 New

722 2894 145 42 York.
938 2891 244 55 (25-4981)

352 2992 210 72 Irwin,
600 2990 286 61 William
924 2992 233 72 Henry,
1200 2994 190 57 1873-

429 3083 211 58 Youth
689 3083 168 57 rides
903 3086 186 68 west;
1137 3103 36 37 a
1221 3085 180 70 story
1445 3085 69 55 of
1557 3084 103 58 the
1709 3087 330 74 seventies,
2084 3088 84 75 by
2210 3089 152 59 Will

349 3161 211 59 Irwin.
630 3161 153 58 New
807 3160 190 74 York,
1025 3161 75 57 A.
1130 3161 74 57 A.
1235 3161 241 75 Knopf,
1507 3163 165 57 1925.

422 3241 559 53 4 p. l., 284 p. 19½ cm .
355 3297 54 54 ©
436 3299 107 43 Feb.
571 3297 37 50 6,
639 3297 130 52 1925;
797 3298 65 42 2c.
890 3298 107 42 Feb.
1025 3297 78 53 20;
1134 3298 79 42 aff.
1241 3297 108 43 Feb.
1384 3298 73 52 14;
1488 3298 43 42 A
1560 3299 188 52 822130;
1780 3301 73 43 W.
1885 3302 154 52 Irwin,
2070 3303 118 43 New
2215 3304 143 44 York.

435 3352 243 57 (25-4856)

355 3453 248 73 Jacobs,
642 3454 255 72 Joseph,
936 3456 360 56 1854-1916.

434 3544 1931 81 Jesus as others saw Him; a retrospect, A. D. 54 … by
354 3623 1982 149 Joseph Jacobs; preface by Israel Abrahams … introductory essay
355 3701 1983 151 by Harry A. Wolfson … New York, Bernard G. Richards co., inc., 1925.
435 3858 705 54 15 p. l., [11] -230 p. 19½ cm .
434 3914 246 46 Published
712 3914 104 44 1903
847 3914 143 43 under
1017 3915 124 43 title:
1171 3916 67 42 As
1266 3916 155 44 others
1451 3931 92 29 saw
1575 3916 125 43 Him.

359 3970 54 54 ©
441 3972 107 44 Feb.
579 3972 62 50 14,
674 3970 130 51 1925;
833 3971 63 42 2c.
926 3970 108 43 Feb.
1067 3971 73 51 16;
1172 3972 78 42 aff.
1281 3971 107 44 Feb.
1419 3973 75 50 19;
1525 3972 43 42 A
1598 3972 189 52 822135;
1821 3974 203 44 Bernard
2055 3976 51 44 G.
2138 3976 222 45 Richards

430 4044 81 36 co.,
547 4027 83 44 inc.
700 4025 244 55 (25-4996)
