2533 4412
1374 4074 73 56 82

485 537 79 36 xv,
590 520 80 46 561
699 538 53 37 p.,
782 524 19 42 1
849 559 10 10 l.
919 522 154 52 front.,
1107 523 81 44 122
1211 538 72 37 pl.,
1311 537 140 38 maps.
1511 526 50 41 21½
1601 527 47 17 cm
1656 559 8 8 .
1732 524 177 53 (Green
1935 525 112 45 fund
2073 526 136 51 book,
2237 542 72 30 no.
2340 525 76 54 17)

490 593 215 46 Lettered
731 609 57 30 on
812 610 162 30 cover:
1001 594 179 45 Fourth
1204 595 171 46 edition
1398 596 190 46 revised.

764 678 89 41 CONTENTS.—pt.
926 674 35 34 I.
995 667 103 46 The
1133 667 132 46 Bible
1297 667 141 54 lands,
1475 668 120 45 their
1628 666 301 55 exploration,
1966 670 90 45 and
2089 670 80 45 the
2203 668 223 48 resultant

417 723 115 55 light
567 739 60 29 on
660 723 77 47 the
770 724 133 45 Bible
933 723 90 46 and
1056 723 323 54 history.—pt.
1412 733 56 34 II.
1501 725 325 46 Translations
1862 726 51 46 of
1944 726 180 47 ancient
2159 729 264 44 documents

415 782 151 44 which
589 782 195 45 confirm
805 798 55 29 or
880 780 256 47 illuminate
1159 783 79 43 the
1261 782 143 46 Bible.

413 850 54 54 ©
502 850 107 47 Feb.
644 849 38 56 5,
722 849 132 54 1925;
887 851 67 44 2c.
990 851 88 44 and
1114 850 79 45 aff.
1230 850 108 46 Feb.
1375 852 49 53 9;
1462 852 44 43 A
1545 850 190 55 814954;
1773 853 247 44 American
2059 852 363 55 Sunday-school

482 909 150 44 union.
702 907 245 56 (25-3990)

413 1010 225 72 Beach,
679 1010 317 58 Chandler
1029 1010 252 72 Belden,
1320 1013 190 57 1839-
1666 1013 93 58 ed.

490 1103 130 57 The
641 1122 139 37 new
803 1104 315 56 student’s
1142 1103 321 57 reference
1486 1104 175 56 work
1681 1102 107 59 for
1809 1104 304 74 teachers,
2137 1106 286 56 students

417 1182 2007 74 and families, edited by Chandler B. Beach … associate
417 1261 2005 76 editor, Frank Morton McMurry … Cleveland, Toronto,
416 1339 131 59 The
579 1339 61 60 S.
672 1340 68 63 L.
769 1339 280 59 Weedon
1079 1359 308 54 company
1417 1370 13 44 [
1431 1347 19 21 c
1455 1340 165 73 1925]

484 1434 28 46 8
532 1450 42 29 v.
635 1433 132 54 illus.,
790 1435 142 53 plates
965 1433 128 54 (part
1114 1433 101 54 col.,
1241 1436 19 44 1
1286 1433 189 54 double)
1506 1442 157 45 ports.,
1679 1448 140 40 maps,
1841 1434 141 46 tables
2013 1434 48 54 (1
2086 1436 136 54 fold.)
2270 1438 56 45 24½
2360 1438 47 19 cm
2416 1474 8 9 .

484 1508 129 46 Vols.
644 1505 78 47 1-7
749 1508 146 53 paged
920 1507 335 54 continuously.

489 1577 1935 56 The how and why library … by Mrs. Eleanor Atkinson (v. 7-8) has
412 1637 166 54 special
606 1645 98 46 t.-p.
731 1638 91 45 and
847 1636 280 54 pagination.

410 1705 54 54 ©
491 1708 100 52 Jan.
619 1707 38 50 6,
688 1704 132 55 1925;
848 1708 65 42 2c.
943 1705 110 45 each
1079 1706 100 53 Jan.
1208 1705 79 52 20;
1318 1705 80 43 aff.
1426 1705 100 52 Jan.
1555 1705 78 52 22;
1664 1705 44 43 A
1737 1704 192 54 814877;
1964 1704 45 48 S.
2041 1706 49 43 L.
2119 1707 207 44 Weedon
2353 1722 65 29 co.

485 1761 66 57 [©
583 1778 102 29 new
718 1763 314 52 illustrations,
1064 1762 247 44 additional
1345 1768 179 45 matter,
1561 1761 197 45 revision
1791 1763 87 43 and
1912 1762 251 56 rewriting]

490 1819 245 56 (25-3248)

411 1919 197 59 Bible.
691 1920 368 61 Selections.
1140 1920 288 73 English.

486 2012 182 60 Bible
696 2011 297 75 readings
1022 2011 106 59 for
1158 2010 243 60 schools
1433 2012 125 58 and
1585 2010 284 75 colleges,
1902 2011 211 59 edited
2137 2011 85 73 by
2250 2011 172 60 John

411 2091 2007 73 M. Thomas … and A. Howry Espenshade … New York,
410 2171 131 58 The
572 2170 364 59 Macmillan
967 2189 324 54 company,
1327 2171 167 56 1925.

486 2264 97 52 xix,
611 2265 83 44 288
720 2279 41 39 p.
821 2263 54 45 20
882 2265 47 18 cm
937 2299 8 9 .

410 2333 54 55 ©
490 2335 107 44 Feb.
622 2335 40 51 3,
690 2332 131 54 1925;
848 2335 65 42 2c.
939 2334 87 43 and
1051 2333 79 44 aff.
1157 2331 108 46 Feb.
1293 2334 48 51 4;
1370 2333 44 42 A
1441 2332 190 52 814904;
1662 2332 266 44 Macmillan
1954 2347 65 30 co.

490 2390 245 56 (25-3759)

411 2490 297 73 Bigelow,
748 2490 186 72 John,
975 2491 360 58 1817-1911.

493 2587 129 58 The
649 2588 287 71 mystery
960 2585 69 60 of
1054 2585 188 72 sleep,
1268 2585 86 73 by
1376 2584 172 59 John
1571 2583 295 74 Bigelow.
1950 2582 333 60 Memorial
2309 2583 112 70 ed.,

414 2666 153 59 with
608 2665 431 58 introduction
1080 2666 86 70 by
1208 2663 271 59 Horatio
1525 2662 97 63 W.
1668 2663 289 72 Dresser,
2004 2665 124 56 and
2175 2682 81 38 an
412 2662 1985 140 historical
670 2746 146 54 note

854 2742 321 58 delivered
1207 2741 218 57 before
1463 2741 103 56 the
1606 2738 281 73 Century
1922 2739 383 57 association
2338 2741 86 71 by

415 2824 224 73 Henry
685 2822 144 58 Van
875 2822 196 72 Dyke.
1155 2821 155 57 New
1356 2820 191 72 York,
1600 2821 131 58 The
1781 2819 409 58 New-church
2237 2839 184 54 press

429 2904 191 72 [ c 1924]
484 2990 1495 60 5 p. l. , vii-xli, [1], 200, [1] p. front., plates, ports. 20cm.
410 3065 54 54 ©
498 3067 112 42 Dec.
649 3066 64 51 12,
751 3063 130 52 1924;
915 3063 66 42 2c.
1019 3063 110 41 Dec.
1164 3061 79 51 31;
1280 3060 80 43 aff.
1396 3058 107 45 Feb.
1540 3060 39 51 4,
1618 3057 130 53 1925;
1786 3058 43 43 A
1866 3058 189 53 814924;
2096 3059 118 45 New
2249 3058 169 46 church

479 3123 143 44 board
647 3121 51 45 of
721 3119 292 54 publication,
1040 3118 118 44 New
1184 3117 143 44 York.
1393 3114 67 55 [©
1486 3116 197 53 preface]
1755 3113 244 56 (25-3983)

411 3216 2008 75 Botanical abstracts (Indexes) … Baltimore, Williams &
485 3316 271 58 Wilkins
791 3330 323 55 company,
1150 3312 165 56 1924.

482 3401 515 58 1 p. l., 418 p. 25 cm .
410 3463 54 54 ©
491 3465 110 42 Dec.
633 3461 64 54 15,
726 3462 130 51 1924;
886 3461 65 42 2c.
979 3460 86 43 and
1093 3458 79 44 aff.
1202 3458 99 52 Jan.
1331 3456 67 53 27,
1431 3455 130 47 1925;
1594 3456 44 42 A
1667 3453 190 53 815757;
1889 3454 230 45 Williams
2150 3456 37 44 &
2216 3455 199 45 Wilkins

481 3535 66 29 co.

411 3617 302 73 Breslich,
750 3618 194 56 Ernst
979 3612 312 74 Rudolph,
1330 3615 191 56 1874-

490 3701 1860 73 Junior mathematics, bk. 1. By Ernst B. Breslich …
412 3793 151 56 New
594 3788 191 72 York,
821 3787 128 56 The
984 3784 363 57 Macmillan
1382 3801 322 52 company,
1742 3782 165 55 1925.

481 3867 91 51 xvi,
600 3865 83 44 279
712 3879 39 37 p.
783 3863 100 43 incl.
915 3862 152 50 front.,
1098 3860 130 51 illus.,
1261 3860 167 52 diagrs.
1493 3860 51 43 19½
1580 3861 45 17 cm
1632 3894 8 7 .

411 3923 54 54 ©
498 3925 100 51 Jan.
631 3920 68 52 27,
736 3918 130 52 1925;
900 3919 64 42 2c.
1000 3918 100 51 Jan.
1133 3917 77 49 28;
1248 3916 78 43 aff.
1361 3916 99 52 Jan.
1494 3916 80 51 29;
1610 3915 44 42 A
1689 3912 190 53 815811;
1918 3914 267 44 Macmillan
2219 3929 65 29 co.
2349 3913 67 54 [©

482 3994 138 39 pages
650 3977 80 44 149
754 3984 45 36 to
826 3975 98 53 279]
995 3971 245 56 (25-3970)
