2533 4412
1391 4138 73 54 54

421 567 478 71 reproductions
939 567 67 56 of
1043 567 205 70 plates
1285 567 168 56 from
1492 566 376 58 Sullivant’s
1978 585 148 39 Icones
2165 566 123 57 and
2323 565 105 58 the

419 646 345 72 Bryologia
793 664 289 52 europea.
1151 645 153 56 New
1330 645 176 57 York
1532 645 144 72 city,
1707 645 130 56 The
1866 645 227 56 author
2124 674 12 43 [
2138 654 19 20 c
2161 645 165 72 1924]

499 741 75 35 xv,
605 728 68 46 [4],
701 725 137 43 4-339
867 740 39 37 p.
936 724 100 44 incl.
1067 725 152 51 front.,
1245 723 117 44 illus.
1422 725 51 41 21½
1512 726 46 17 cm
1566 759 8 8 .

418 780 53 53 ©
506 780 109 44 Dec.
649 781 68 50 29,
754 781 130 50 1924;
918 780 65 43 2c.
1019 781 88 42 and
1140 780 78 42 aff.
1254 781 99 51 Jan.
1392 781 62 50 14,
1494 779 130 52 1925;
1661 781 43 42 A
1740 778 190 52 814656;
1967 780 56 43 A.
2059 780 39 52 J.
2136 779 159 44 Grout.
2364 777 66 54 ©

488 837 161 53 photos
675 838 88 43 and
787 852 100 29 new
909 844 170 37 matter
1104 839 44 42 in
1173 844 112 45 text]
1355 836 245 56 (25-2547)

421 926 261 70 Hémon,
721 925 208 71 Louis,
970 927 359 56 1880-1913.

501 1003 1932 75 Blind man’s buff, by Louis Hémon … translated by
421 1084 246 57 Arthur
698 1083 364 58 Richmond.
1147 1083 152 57 New
1327 1083 190 72 York,
1552 1084 128 56 The
1714 1082 360 58 Macmillan
2106 1100 323 54 company,

423 1164 165 57 1925.

491 1241 600 51 4 p. l., 3-244 p. 19½c m .
416 1293 55 54 ©
498 1296 100 51 Jan.
623 1294 68 49 27,
724 1293 105 44 1925;
883 1294 63 42 2c.
977 1295 99 51 Jan.
1102 1293 80 52 28;
1210 1293 78 43 aff.
1318 1294 99 51 Jan.
1446 1293 78 50 29;
1555 1293 42 42 A
1626 1291 191 54 815808;
1849 1292 266 44 Macmillan
2144 1309 66 28 co.

498 1350 244 54 (25-2968)

422 1439 264 72 Holden,
729 1438 171 59 John
937 1437 209 61 Allan.

505 1521 131 57 The
678 1519 369 58 bookman’s
1093 1519 322 73 glossary;
1462 1538 36 37 a
1542 1518 438 72 compendium
2021 1521 68 56 of
426 1519 1983 138 information
589 1598 275 72 relating

892 1602 63 53 to
989 1598 102 57 the
1120 1597 379 72 production
1529 1598 124 57 and
1684 1596 409 59 distribution
2124 1599 66 57 of
2221 1597 213 72 books,

425 1677 83 73 by
534 1677 171 59 John
731 1677 75 56 A.
838 1676 267 57 Holden.
1189 1676 152 57 New
1369 1675 190 72 York,
1590 1675 74 57 R.
1695 1676 73 56 R.
1800 1675 267 57 Bowker
2095 1694 337 54 company;

427 1759 148 70 [etc.,
605 1758 129 69 etc.]
767 1754 165 57 1925.

501 1831 79 46 127
608 1849 39 37 p.
705 1834 52 42 21½
797 1835 46 17 cm
850 1868 9 8 .
922 1832 115 46 [The
1063 1830 266 46 bookman’s
1359 1831 186 51 library]

417 1884 1744 57 © Jan. 21, 1925; 2c. and aff. Jan. 23; A 815731; R. R. Bowker co.
498 1944 244 55 (25-2984)

422 2031 273 71 Holmes,
739 2030 243 72 George
1021 2029 296 59 Sanford.

499 2111 215 57 Lenox
764 2110 212 69 china;
1029 2110 103 56 the
1187 2113 178 67 story
1417 2109 66 57 of
1534 2109 250 57 Walter
1836 2108 178 58 Scott
2065 2110 232 70 Lenox,
2351 2110 82 70 by

421 2186 1985 151 George Sanford Holmes. [Philadelphia] Printed for private circulation only [ c 1924]
490 2342 1329 54 72 p., 2 l. incl. front. (port.) illus., plates. 23½ cm .
422 2399 53 53 ©
505 2401 107 52 July
642 2402 36 50 1,
709 2400 131 50 1924;
872 2400 65 42 2c.
969 2400 110 41 Dec.
1109 2400 78 51 20;
1219 2399 78 43 aff.
1331 2400 109 42 Dec.
1475 2398 73 52 18;
1584 2399 42 42 A
1658 2398 190 52 814794;
1883 2400 171 50 Lenox,
2085 2399 96 50 inc.,
2214 2398 216 51 Trenton,

491 2457 59 43 N.
577 2458 41 52 J.
682 2455 245 54 (25-2886)

424 2541 295 71 Howard,
763 2539 217 59 Claud.

505 2617 392 74 Coleridge’s
947 2616 322 69 idealism;
1322 2637 36 37 a
1410 2619 190 71 study
1651 2617 66 58 of
1766 2617 84 58 its
1903 2617 416 73 relationship
2371 2622 62 54 to

422 2697 178 56 Kant
627 2697 124 57 and
775 2700 64 54 to
866 2697 103 57 the
998 2695 376 74 Cambridge
1403 2696 350 58 Platonists
1785 2697 111 72 [by]
1930 2696 197 58 Claud
2155 2698 278 57 Howard

494 2774 1105 75 … Boston, R. G. Badger [ c 1924]
493 2853 626 53 4 p. l., 11-108 p. 21½cm.
496 2909 353 54 Bibliography:
885 2924 40 38 p.
953 2910 203 44 103-108.

421 2966 53 53 ©
511 2967 119 43 Nov.
671 2967 64 51 12,
774 2967 106 42 1924;
942 2967 64 44 2c.
1044 2967 99 51 Jan.
1185 2967 64 52 12,
1288 2966 130 54 1925;
1457 2967 79 44 aff.
1574 2969 99 51 Jan.
1714 2967 74 52 10;
1828 2968 42 42 A
1908 2966 191 54 815554;
2140 2968 201 43 Richard
2380 2968 51 44 G.

497 3024 195 52 Badger.
762 3023 244 55 (25-2267)

425 3095 282 70 Hudson,
743 3095 257 74 Manley
1035 3096 259 72 Ottmer,
1333 3098 189 57 1886-

508 3176 129 58 The
673 3176 383 59 Permanent
1091 3179 176 56 court
1303 3178 68 58 of
1403 3176 452 60 international
1890 3176 245 73 justice,
2175 3178 122 58 and
2331 3178 103 59 the

428 3255 291 70 question
756 3256 67 56 of
859 3255 337 57 American
1232 3254 473 75 participation,
1741 3255 152 57 with
1931 3277 35 37 a
2004 3256 324 58 collection
2367 3257 67 56 of

427 3331 1983 152 documents, by Manley O. Hudson … Cambridge, Harvard university press, 1925.
497 3489 61 51 ix,
584 3490 84 45 389
692 3505 40 35 p.
790 3490 55 43 23½
879 3491 48 18 cm
934 3524 8 10 .

504 3545 355 53 Bibliography:
894 3562 40 35 p.
969 3545 238 47 [371]-380.

421 3599 54 53 ©
501 3601 100 51 Jan.
628 3601 69 48 21,
727 3598 131 53 1925;
884 3600 66 42 2c.
978 3601 99 50 Jan.
1104 3600 79 51 24;
1213 3599 80 43 aff.
1319 3601 99 51 Jan.
1445 3601 78 51 31;
1553 3601 45 41 A
1625 3598 189 51 815863;
1847 3601 217 43 Harvard
2091 3602 118 42 univ.
2239 3616 139 37 press.

503 3655 244 55 (25-2997)

428 3726 353 73 Hullinger,
822 3727 228 58 Edwin
1083 3727 207 59 Ware.

508 3804 130 58 The
680 3803 332 69 reforging
1053 3805 67 56 of
1161 3805 253 73 Russia.,
1454 3806 84 72 by
1578 3805 222 57 Edwin
1844 3807 191 56 Ware
2080 3807 350 73 Hullinger.

429 3882 153 58 New
615 3882 192 70 York,
845 3882 73 57 E.
958 3883 69 56 P.
1066 3883 241 56 Dutton
1346 3884 48 56 &
1431 3902 307 53 company
1777 3913 11 43 [
1793 3892 18 22 c
1815 3886 164 70 1925]

497 3960 613 52 xii p., 1 l., 402 p. 21 cm .
426 4016 1873 55 © Jan. 9, 1925; 2c. Jan. 16; aff. Jan. 13; A 814685; E. P. Dutton & co.
505 4073 243 54 (25-2259)
