2533 4412
1348 4063 111 56 940

397 403 218 73 Crane,
656 403 142 74 Leo,
838 407 191 57 1881-

393 495 1985 152 Indians of the enchanted desert, by Leo Crane … Boston,
553 575 212 74 Little,
796 574 251 75 Brown,
1081 577 124 57 and
1239 594 324 55 company,
1601 577 165 56 1925.

463 668 44 36 x,
539 653 82 44 364
649 667 39 39 p.
750 652 154 52 front.,
935 653 157 52 plates,
1123 660 156 45 ports.,
1309 652 111 45 fold.
1449 666 118 39 map.
1627 653 53 44 23½
1717 655 47 18 cm
1770 687 9 9 .

396 707 53 55 ©
484 709 122 53 Sept.
643 710 34 51 1,
712 709 132 52 1925;
876 710 66 43 2c.
974 710 88 44 and
1094 710 78 43 aff.
1212 708 120 54 Sept.
1364 710 51 52 2;
1451 711 44 42 A
1529 708 191 54 861663;
1757 710 153 52 Little,
1945 710 181 52 Brown,
2161 710 99 47 and.
465 725 1917 94 company.

665 764 271 57 (25-17104)

397 852 260 74 Culnan,
693 852 227 75 Ralph.

469 944 271 60 Dreams
769 945 138 58 that
934 945 142 73 live,
1102 946 84 72 by
1212 946 210 72 Ralph
1452 945 260 60 Culnan.
1796 945 262 61 Private
2089 947 91 59 ed.
393 946 1990 150 Chicago,
597 1025 167 60 1925.

462 1102 57 43 48
549 1116 41 39 p.
651 1100 116 45 illus.
827 1101 56 44 24½
917 1103 47 18 cm
970 1135 10 9 .

464 1158 181 45 Poems.

466 1214 142 46 “This
648 1215 100 44 first
787 1213 172 46 edition
996 1214 37 44 is
1071 1213 173 46 limited
1282 1222 46 37 to
1367 1222 92 37 two
1497 1214 206 46 hundred
1738 1216 165 52 copies.
1963 1215 101 44 The
2105 1215 302 47 illustrations

393 1286 78 32 are
503 1273 159 44 drawn
693 1271 59 54 by
784 1271 171 44 Austin
990 1270 208 52 Saecker,
1232 1272 87 43 and
1351 1271 75 45 the
1460 1271 96 44 title
1591 1286 113 38 page
1736 1272 37 44 is
1808 1272 60 53 by
1900 1273 181 44 Russell
2116 1274 62 43 H.
2217 1272 190 55 Spoor.”

395 1328 54 55 ©
477 1331 121 52 Aug.
626 1330 67 50 29,
727 1327 131 55 1925;
888 1330 64 42 2c.
981 1329 88 43 and
1097 1329 78 43 aff.
1210 1327 120 55 Sept.
1359 1330 50 51 4;
1441 1330 44 42 A
1516 1328 189 54 861672;
1739 1331 52 42 R.
1827 1329 189 55 Culnan,
2048 1330 215 55 Chicago.

474 1385 273 56 (25-17259)

392 1473 292 74 Dawson,
725 1472 365 75 Coningsby
1126 1470 300 75 William,
1467 1475 190 57 1883-

394 1564 1991 139 Old youth; a novel, by Coningsby Dawson … illustrations
598 1644 84 73 by
719 1642 263 61 Charles
1019 1643 74 57 D.
1133 1643 298 58 Mitchell.
1510 1644 154 58 New
1699 1644 192 74 York,
1935 1644 471 74 Cosmopolitan

391 1723 163 58 book
587 1721 424 75 corporation,
1048 1723 167 56 1925.

463 1798 970 55 6 p. l., 365 p. front., plates. 19½ cm .
396 1855 53 55 ©
486 1856 122 54 Sept.
642 1858 38 50 4,
720 1854 130 54 1925;
885 1856 66 43 2c.
989 1855 122 53 Sept.
1147 1856 49 52 8;
1235 1856 80 43 aff.
1354 1855 123 53 Sept.
1514 1854 49 54 5;
1601 1857 44 42 A
1680 1855 190 55 864476;
1911 1856 343 55 Cosmopolitan
2288 1859 120 44 book

465 1913 303 54 corporation.
838 1911 273 56 (25-17119)

393 2001 352 71 Descartes,
783 1999 188 74 René,
1012 2001 360 59 1596-1650.

473 2082 130 57 The
639 2084 327 70 geometry
1001 2080 68 57 of
1100 2080 138 57 René
1307 2080 361 75 Descartes,
1705 2081 355 59 translated
2094 2081 170 58 from
2301 2083 105 58 the

396 2159 247 58 French
671 2159 123 57 and
821 2158 190 57 Latin
1037 2159 85 71 by
1146 2157 210 59 David
1384 2157 259 74 Eugene
1675 2159 207 58 Smith
1911 2160 126 58 and
2065 2159 242 59 Marcia
2336 2160 67 58 L.

393 2238 300 71 Latham;
726 2236 153 58 with
911 2256 39 38 a
976 2236 313 58 facsimile
1323 2236 69 58 of
1421 2236 105 59 the
1557 2236 146 59 first
1734 2237 256 72 edition,
2025 2239 166 57 1637.

394 2236 1988 153 Chicago,
596 2316 280 72 London,
909 2315 130 57 The
1070 2313 177 73 Open
1277 2317 181 55 court
1485 2313 368 76 publishing
1880 2334 325 56 company,
2238 2318 165 56 1925.

463 2391 1081 55 xiii, 246 p. front. (port.) diagrs. 24 cm .
464 2449 99 45 The
592 2458 99 35 text
729 2449 70 52 (in
828 2448 250 54 facsimile)
1116 2449 87 43 and
1232 2448 271 44 translation
1532 2463 57 29 on
1620 2448 204 53 opposite
1854 2463 154 40 pages.

394 2504 56 55 ©
482 2505 123 53 Sept.
633 2506 39 49 2,
707 2504 131 54 1925;
867 2506 67 43 2c.
966 2506 87 43 and
1084 2506 78 42 aff.
1198 2504 121 53 Sept.
1351 2505 50 52 4;
1435 2506 44 42 A
1512 2505 190 53 861689;
1739 2506 131 52 Open
1901 2514 130 37 court
2063 2508 101 51 pub.
2198 2523 66 29 co.

475 2561 273 56 (25-17282)

394 2649 172 72 Dow,
601 2649 206 59 Grove
843 2648 270 60 Samuel.

471 2725 1930 73 Social problems of today, by Grove Samuel Dow … in
391 2803 2008 73 collaboration with Edgar B. Wesley … New York,
392 2883 273 58 Thomas
689 2882 74 57 Y.
795 2881 267 60 Crowell
1086 2900 309 54 company
1422 2911 12 43 [
1437 2890 19 21 c
1460 2883 165 72 1925]

465 2959 1081 56 1 p. l., v-xvi, 337 p. front., plates. 19 cm .
463 3019 236 52 “Reading
723 3017 283 45 references”
1028 3026 46 35 at
1096 3018 84 43 end
1203 3017 51 44 of
1277 3025 118 36 most
1419 3017 51 45 of
1494 3016 73 45 the
1592 3016 222 51 chapters.

393 3073 56 54 ©
481 3075 118 53 Aug.
631 3075 67 51 26,
737 3072 104 45 1925
858 3089 9 36 ;
901 3074 64 43 2c.
999 3074 86 43 and
1118 3074 79 43 aff.
1235 3072 121 53 Sept.
1394 3074 46 51 1;
1476 3074 44 42 A
1553 3073 191 53 864393;
1778 3073 203 45 Thomas
2015 3075 56 43 Y.
2107 3073 198 46 Crowell
2337 3090 67 29 co.

483 3128 53 55 [©
565 3131 288 53 suggestions
881 3138 47 36 to
957 3129 219 52 teachers,
1205 3130 133 52 study
1365 3129 230 53 questions
1624 3131 88 43 and
1741 3130 236 54 revisions]

475 3185 272 58 (25-17125)

394 3275 295 74 Downey,
727 3273 287 59 Fairfax.

469 3351 302 58 Father’s
821 3350 141 58 first
1012 3353 121 56 two
1184 3370 208 53 years,
1443 3351 84 72 by
1578 3350 273 58 Fairfax
1900 3351 296 75 Downey,
2248 3351 153 58 with

393 3429 319 73 drawings
760 3429 85 72 by
894 3428 329 73 Margaret
1273 3428 329 57 Freeman.
1692 3428 153 58 New
1891 3428 191 72 York,
2134 3428 264 74 Minton,

389 3507 197 58 Balch
610 3507 48 57 &
683 3526 326 52 company,
1034 3507 167 57 1925.

463 3587 79 43 124
565 3601 40 38 p.
667 3585 117 45 illus.
848 3587 51 44 19½
931 3587 48 19 cm
986 3620 9 9 .

396 3640 54 55 ©
475 3644 120 51 Aug.
621 3642 68 51 21,
719 3640 129 54 1925;
876 3642 67 44 2c.
970 3642 120 52 Aug.
1117 3640 79 54 27;
1222 3641 82 44 aff.
1333 3641 119 53 Aug.
1479 3641 78 52 29;
1588 3642 44 42 A
1660 3640 189 53 864365;
1879 3641 197 53 Minton,
2105 3640 142 45 Balch
2275 3642 37 44 &
2336 3656 67 29 co.

476 3698 271 56 (25-17141)

394 3786 205 70 Dunn,
641 3783 212 74 Emily
891 3783 250 75 Myrtle,
1187 3786 191 57 1886-

476 3863 207 60 Silver
726 3862 219 71 lining,
992 3863 123 57 and
1163 3862 182 58 other
1387 3879 234 56 poems,
1665 3862 84 71 by
1794 3860 73 58 E.
1917 3861 235 72 Myrtle
2198 3861 204 57 Dunn.

394 3942 153 58 New
576 3940 191 73 York,
800 3940 172 58 Priv.
1007 3940 212 73 print.,
1255 3940 166 56 1925.
