2533 4412
1283 4081 111 58 562

344 416 276 73 Balliett,
667 417 207 58 Sarah
914 418 250 57 Joanna
1216 417 295 74 (Dennis)
1563 420 189 56 “Mrs.
1798 419 67 57 L.
1909 418 74 58 D.
2028 416 316 71 Balliett,”

421 498 189 55 1847-

419 586 162 57 How
617 590 64 53 to
721 586 203 57 attain
965 606 244 38 success
1249 587 275 70 through
1561 585 104 59 the
1707 588 288 71 strength
2036 587 68 58 of
345 588 1978 133 vibration
531 663 69 58 of

647 665 327 69 numbers;
1028 687 35 36 a
1119 668 236 66 system
1408 664 68 57 of
1525 666 293 56 numbers
1873 684 68 38 as
1993 667 225 70 taught
2269 670 79 68 by

344 741 2003 75 Pythagoras, by Mrs. L. Dow Balliett … Atlantic City,
342 820 74 57 N.
442 820 81 72 J.,
549 820 281 71 Author;
863 823 149 71 [etc.,
1041 824 131 69 etc.,
1202 828 19 22 c
1223 819 167 75 1925]

409 898 95 52 viii,
530 899 109 45 9-83
669 914 40 38 p.
769 900 54 42 22½
858 901 47 17 cm
911 934 10 9 .

413 955 178 45 “Ninth
619 955 218 45 edition.”

341 1011 53 54 ©
422 1014 113 51 Apr.
565 1013 65 51 30,
663 1011 130 54 1925;
823 1013 65 42 2c.
920 1013 111 52 May
1063 1012 73 51 16;
1169 1013 78 43 aff.
1279 1014 112 51 May
1419 1014 52 42 22;
1531 1014 44 42 A
1603 1012 190 55 829355;
1827 1015 116 43 Mrs.
1975 1015 48 43 L.
2056 1015 56 43 D.
2145 1014 197 53 Balliett,

411 1070 206 43 Atlantic
652 1069 116 53 City.
833 1067 67 55 [©
933 1085 99 28 new
1066 1077 178 47 matter]
1322 1069 271 55 (25-10226)

342 1156 152 70 Bell,
535 1155 188 58 Pearl
761 1154 207 58 Doles.

414 1233 1930 73 The love link, by Pearl Doles Bell … New York, W. J.
340 1311 176 59 Watt
551 1311 48 58 &
707 1358 9 9 co.
757 1341 13 43 [
771 1321 19 20 c
795 1312 163 72 1925]

412 1390 82 43 304
530 1404 39 38 p.
633 1391 49 43 19½
717 1391 46 17 cm
771 1424 8 8 .

337 1445 56 55 ©
422 1448 111 53 May
561 1448 66 52 24,
660 1445 130 55 1925;
819 1447 67 44 2c.
914 1447 88 44 and
1030 1447 79 44 aff.
1139 1447 112 53 May
1278 1445 78 55 27;
1388 1447 44 43 A
1461 1445 191 55 855386;
1683 1448 75 44 W.
1787 1448 41 52 J.
1857 1448 131 45 Watt
2017 1448 38 44 &
2084 1463 65 30 co.

418 1503 271 55 (25-10146)

338 1590 185 71 Bliss,
568 1589 242 59 Gilbert
849 1588 208 73 Ames,
1102 1592 191 56 1876-

341 1668 1980 152 Calculus of variations, by Gilbert Ames Bliss … Chicago,
538 1747 116 72 Ill.,
682 1747 152 56 Pub.
863 1747 106 57 for
993 1747 103 57 the
1125 1746 475 57 Mathematical
1625 1746 384 57 association
2032 1746 71 57 of
337 1746 1982 137 America
465 1827 83 70 by

579 1826 104 56 the
719 1824 176 73 Open
929 1828 177 53 court
1139 1824 363 73 publishing
1536 1844 308 52 company
1879 1854 12 43 [
1894 1832 18 22 c
1915 1826 164 73 1925]

337 1900 1984 113 xiii, 189 p. diagrs. 19 ½ cm . (Half-title: The Cams mathematical monographs)
410 2017 70 43 “A
513 2016 75 44 list
619 2015 52 45 of
704 2014 281 45 references”:
1048 2029 39 39 p.
1126 2014 202 47 180-181.

339 2072 53 54 ©
431 2073 105 44 Feb.
575 2076 38 49 6,
655 2071 130 52 1925;
824 2073 65 43 2c.
927 2073 88 43 and
1052 2073 79 42 aff.
1171 2073 113 51 May
1325 2072 73 52 18;
1439 2072 44 42 A
1522 2069 190 55 855213;
1754 2071 344 45 Màthematical
2137 2087 117 29 assn,
2291 2072 53 44 of

409 2131 229 43 America.
708 2128 272 55 (25-10087)

341 2216 227 70 Burke,
605 2216 295 57 Edmund
933 2216 59 59 J.

415 2293 299 57 Lectures
744 2294 63 55 in
837 2293 271 72 biology,
1139 2293 254 71 botany,
1423 2292 83 71 by
1536 2291 72 58 E.
1641 2292 59 57 J.
1732 2292 228 72 Burke,
2026 2338 11 11 S.
2109 2339 11 11 J.
2192 2292 153 57 New

335 2371 190 73 York,
556 2371 321 58 Fordham
903 2370 354 72 university
1285 2389 180 52 press
1500 2399 12 44 [
1515 2377 17 21 c
1538 2370 163 72 1924]

415 2449 788 55 2 p. l , 3-113 p. illus. 21 ½cm .
416 2507 217 45 Contains
667 2506 366 53 bibliographies.

338 2563 54 53 ©
418 2565 119 42 Nov.
567 2565 36 50 1,
632 2564 128 50 1924;
788 2564 64 42 2c.
880 2564 111 51 May
1015 2563 39 51 2,
1084 2560 129 53 1925;
1241 2562 79 43 aff.
1349 2563 111 50 May
1490 2560 73 53 15;
1592 2561 42 43 A
1662 2559 190 54 855163;
1880 2560 53 48 E.
1960 2563 40 51 J.
2030 2561 166 52 Burke,
2226 2562 116 43 New

408 2623 144 42 York.
621 2619 272 56 (25-10088)

341 2704 423 60 Connecticut.
837 2706 304 71 Supreme
1178 2709 175 52 court
1390 2703 67 71 of
1492 2722 221 38 errors.

419 2782 1923 74 Cases argued and determined … June, 1924-January,
341 2865 165 56 1925.
630 2910 9 9 v.
681 2864 126 54 101.
887 2861 100 73 By
1023 2861 170 58 John
1231 2860 82 56 M.
1358 2858 270 72 Comley.
1711 2860 149 56 New
1898 2859 191 72 York,
2128 2859 213 59 Banks

336 2942 120 56 law
489 2939 367 73 publishing
891 2958 107 54 co.,
1037 2940 166 55 1925.

406 3019 61 48 xi,
500 3016 80 46 825
614 3033 39 37 p.
712 3018 54 43 24
773 3020 46 18 cm
827 3053 8 7 .

338 3073 53 54 ©
420 3076 117 51 June
569 3072 36 54 5,
639 3072 104 45 1925;
800 3073 66 43 2c.
896 3073 87 43 and
1009 3073 81 42 aff.
1122 3072 115 52 June
1268 3071 25 44 9;
1350 3071 44 42 A
1425 3069 164 46 855505;
1650 3069 187 45 Francis
1870 3071 56 42 A.
1961 3070 200 53 Pallotti,
408 3086 1910 98 secretary
548 3131 50 44 of

636 3129 75 45 the
751 3137 116 36 state
906 3129 52 43 of
998 3127 154 53 Conn.,
1193 3127 244 43 Hartford.

342 3217 372 72 Craighead,
755 3213 231 70 Erwin,
1031 3216 189 56 1852-

418 3297 192 55 From
635 3294 293 57 Mobile’s
953 3296 176 68 past;
1160 3291 281 59 sketches
1470 3290 68 57 of
1562 3292 378 56 memorable
1968 3292 221 70 people
2219 3293 122 57 and

342 3368 1996 77 events, by Erwin Craighead … Mobile, Ala., The Powers
337 3452 288 72 printing
659 3468 324 53 company,
1016 3449 167 55 1925.

408 3526 95 55 255,
554 3530 38 50 [3]
630 3542 39 37 p.
733 3527 123 43 front.
898 3525 169 52 (port.)
1110 3524 116 43 illus.
1292 3523 53 43 18½
1377 3525 47 18 cm
1431 3558 8 8 .

338 3585 53 53 ©
417 3587 111 51 May
555 3584 61 47 16,
646 3582 103 44 1925;
803 3584 65 42 2c.
894 3582 113 52 May
1031 3582 79 51 21;
1136 3581 79 43 aff.
1244 3580 111 51 May
1379 3579 78 51 20;
1485 3578 44 42 A
1554 3576 191 54 855309;
1774 3578 53 47 E.
1855 3577 268 55 Craighead,
2152 3579 184 53 Mobile,

408 3642 105 44 Ala.
582 3638 271 56 (25-10024)

342 3728 224 72 Cronk,
599 3729 152 56 Mrs.
785 3722 353 60 Katharine
1180 3719 323 73 (Scherer)
1547 3722 190 56 1877-

416 3809 209 55 Brave
697 3804 435 66 adventurers,
1199 3801 84 69 by
1348 3796 357 62 Katharine
1777 3798 266 60 Scherer
2115 3799 224 59 Cronk.

338 3887 179 57 West
569 3880 316 71 Medford,
939 3881 213 67 Mass.,
1208 3877 128 59 The
1392 3876 257 60 Central
1701 3876 352 62 committee
2106 3897 79 39 on
2237 3878 103 61 the

337 3963 220 61 united
584 3960 189 73 study
799 3958 67 60 of
894 3956 251 74 foreign
1171 3955 296 60 missions
1498 3984 13 45 [
1514 3963 18 23 c
1536 3955 165 74 1925]
