2533 4412
1041 4036 145 55 1153

189 484 1024 55 V p., 1 l., 196 p. front., plates. 19 ½ cm .
121 554 53 54 ©
206 557 101 43 Oct.
342 557 33 50 1,
411 554 103 45 1925;
573 556 66 42 2c.
671 557 86 42 and
787 556 78 42 aff.
900 555 101 43 Oct.
1037 554 49 43 12;
1145 554 44 42 A
1220 553 165 44 869349;
1446 553 151 44 David
1631 554 187 53 McKay
1850 570 66 28 co.

200 610 270 56 (25-19905)

124 710 299 71 Hueston,
458 709 200 72 Ethel,
695 712 188 56 1889-

198 800 278 72 Swedey,
506 802 83 70 by
622 800 188 58 Ethel
841 800 304 57 Hueston.
1229 799 452 73 Indianapolis,
1720 800 129 57 The
120 800 1999 136 Bobbs-Merrill
397 898 305 52 company
737 908 13 43 [
752 888 18 20 c
774 879 164 72 1925]

190 956 561 54 3 p. l., 300 p. 19 ½ cm .
121 1011 1993 112 © Sept. 9, 1925; 1c . Sept. 14; 1c. Oct. 9; aff. Sept. 16; A 869291; Bobbs-Merrill co. (25-19829)
121 1169 269 70 Ireland,
425 1168 391 59 Williamina
848 1169 305 68 Bertram,
1192 1171 188 57 1886-

198 1264 129 57 The
358 1263 162 57 little
553 1262 162 58 child
745 1262 65 56 in
843 1282 114 38 our
990 1265 181 68 great
1202 1262 195 70 cities,
1432 1283 36 37 a
1498 1265 326 55 narrative
1856 1280 248 41 account

121 1342 68 56 of
223 1338 335 74 organized
591 1340 173 57 work
797 1340 104 57 for
937 1340 103 57 the
1074 1339 215 58 health
1324 1340 67 57 of
1426 1340 103 57 the
1563 1340 353 71 pre-school
1950 1340 162 58 child

119 1419 65 56 in
210 1417 407 71 twenty-four
644 1415 174 68 cities
847 1418 69 59 of
940 1418 104 58 the
1069 1416 237 61 United
1332 1417 232 72 States,
1587 1419 84 70 by
1693 1417 96 59 W.
1818 1418 292 60 Bertram

120 1495 1924 72 Ireland … introduction by George Truman Palmer …
120 1574 152 58 New
300 1574 190 70 York,
520 1573 338 59 American
891 1572 162 59 child
1085 1574 211 57 health
1331 1573 397 72 association,
1762 1575 165 58 1925.

186 1650 164 51 xxxiii,
377 1651 78 44 201
483 1665 40 35 p.
551 1651 103 44 incl.
684 1651 155 49 front.,
867 1651 133 48 illus.,
1030 1651 159 45 forms.
1249 1652 122 43 21cm.

120 1702 53 54 ©
209 1704 120 53 Sept.
364 1704 63 52 15,
463 1704 129 51 1925;
625 1705 65 42 2c.
724 1706 88 42 and
843 1705 79 42 aff.
960 1703 120 53 Sept.
1118 1704 73 51 18;
1228 1705 44 42 A
1306 1703 188 53 864667;
1531 1705 247 44 American
1810 1704 120 45 child
1963 1705 152 44 health

189 1776 117 29 assn.
375 1760 270 55 (25-19650)

122 1860 208 71 Jones,
371 1860 235 59 Robert
643 1860 311 71 Edmond,,
988 1863 189 56 1887-

195 1951 333 73 Drawings
569 1952 105 57 for
711 1951 105 58 the
856 1951 264 72 theatre,
1161 1952 84 70 by
1283 1951 238 58 Robert
1560 1951 291 58 Edmond
1889 1952 227 72 Jones;

119 2030 104 58 the
258 2028 425 60 introduction
719 2029 84 72 by
836 2028 247 58 Arthur
1119 2028 306 73 Hopkins.
1508 2029 152 58 New
1693 2029 191 74 York,
118 2030 1976 136 Theatre
250 2112 153 68 arts,
435 2107 139 72 inc.,
611 2109 166 55 1925.

192 2182 859 57 16 p., 3 l. 1 illus., 35 pl. 28½ cm .
190 2240 1927 55 “Of this limited and autographed edition … six hundred copies have been
119 2299 216 53 printed.”
395 2298 113 44 This
540 2312 113 38 copy
682 2305 81 37 not
793 2296 323 54 autographed.

121 2355 53 54 ©
203 2357 120 53 Sept.
349 2357 67 51 23,
444 2354 104 45 1925;
602 2356 65 43 2c.
694 2356 86 42 and
806 2355 79 43 aff.
917 2355 101 44 Oct.
1050 2356 46 51 1;
1126 2355 44 42 A
1196 2355 189 52 869108;
1416 2355 200 45 Theatre
1643 2363 108 47 arts,
1781 2359 82 42 inc.

199 2412 270 56 (25-19534)

121 2512 265 73 Kinney,
426 2512 197 58 Maud
656 2510 323 59 Kino-Ole.

192 2601 1819 76 Between fate and Akuas, by Maud Kino-Ole Kinney …
115 2681 458 71 Philadelphia,
603 2681 321 57 Dorrance
959 2681 123 57 and
1113 2699 322 54 company,
1469 2682 166 56 1925.

185 2761 82 44 216
293 2777 40 38 p.
397 2762 48 43 19½
481 2763 47 17 cm
534 2795 9 9 .

119 2816 53 54 ©
204 2818 101 44 Oct.
338 2818 35 50 1,
406 2815 129 54 1925;
565 2816 66 43 2c.
662 2816 101 44 Oct.
795 2815 49 52 6;
875 2816 78 42 aff.
986 2815 101 44 Oct.
1119 2816 50 51 3;
1202 2816 44 42 A
1275 2815 188 53 869212;
1497 2816 237 44 Dorrance
1765 2817 37 44 &
1832 2833 81 35 co.,
1945 2818 82 44 inc.

198 2872 270 57 (25-19625)

121 2972 238 72 Krapp,
399 2971 239 71 George
677 2968 228 73 Philip,
945 2972 190 57 1872-

197 3063 130 57 The
369 3060 268 74 English
679 3061 309 72 language
1030 3061 66 56 in
1137 3059 313 72 America,
1491 3062 82 70 by
1617 3061 243 74 George
1905 3063 211 72 Philip

119 3137 1995 75 Krapp … New York, The Century co., for the Modern
117 3221 309 71 language
457 3217 378 59 association
865 3217 68 57 of
962 3216 313 71 America,
1306 3217 165 57 1925.

188 3298 28 42 2
242 3312 42 28 V.
343 3296 53 44 23
404 3298 47 18 cm
457 3331 9 9 .
580 3293 126 56 $7.50

191 3352 352 54 Bibliography:
573 3367 41 28 v.
645 3353 37 52 2,
712 3365 41 39 p.
784 3349 207 45 273-284.

121 3409 53 54 ©
204 3410 121 53 Sept.
355 3410 65 51 30,
451 3408 104 44 1925;
610 3409 64 42 2c.
702 3408 108 46 each
840 3408 101 44 Oct.
970 3407 28 42 2;
1051 3407 79 43 aff.
1159 3407 101 43 Oct.
1291 3408 24 42 3;
1372 3407 44 42 A
1444 3407 165 45 869129;
1667 3410 196 43 Modern
1891 3409 222 55 language

191 3481 117 30 assn,
341 3466 50 44 of
419 3465 230 50 America,
682 3464 126 52 Bryn
839 3464 162 50 Mawr,
1037 3464 79 41 Pa.
1185 3461 271 55 (25–19533)

121 3567 349 67 Lawrence,
502 3563 282 60 William
814 3563 217 72 Beaty,
1067 3565 188 56 1882-

201 3654 1909 74 Cost accounting, by W. B. Lawrence … New York,
122 3734 482 71 Prentice-Hall,
636 3733 138 70 inc.,
807 3734 165 56 1925.

190 3810 1201 54 xiv p., 1 l., 528 p. incl. diagrs., forms. 23½cm.
192 3871 216 44 Contains
440 3867 343 46 “References”.

122 3922 53 54 ©
207 3924 120 52 Sept.
362 3924 33 48 1,
432 3921 103 45 1925;
592 3922 64 42 2c.
690 3923 87 42 and
805 3921 79 42 aff.
917 3919 101 45 Oct.
1050 3920 28 42 2;
1137 3920 42 42 A
1209 3920 164 43 864913;
1437 3920 358 52 Prentice-Hall,
1830 3922 82 43 inc.

200 3977 269 57 (25-19653)
