2533 4412
1167 4058 32 55 7

204 409 264 72 Harker,
511 407 213 60 Oliver
760 407 237 72 Albert,
1039 410 190 56 1846-

283 499 192 59 Cases
511 519 78 37 on
622 517 278 39 common
934 498 119 57 law
1085 498 349 72 pleadings,
1468 499 84 70 by
1586 496 213 60 Oliver
1833 496 76 57 A.
1948 497 251 58 Harker

271 575 1410 74 … Chicago, B. J. Smith & company, 1924.
271 668 62 52 xi,
362 667 82 46 459
471 684 40 37 p.
571 668 52 43 23½
659 669 46 18 cm
713 703 9 8 .

201 736 53 54 ©
284 739 107 42 Dec.
424 739 36 50 1,
489 737 130 51 1924;
650 737 64 42 2c.
746 738 108 42 Dec.
884 736 77 52 26;
993 737 79 42 aff.
1103 737 109 42 Dec.
1247 735 75 52 17;
1355 736 43 42 A
1429 734 191 53 814560;
1655 736 219 43 Burdette
1905 736 39 52 J.
1980 734 148 46 Smith
2161 736 36 43 &

269 810 64 28 co.
403 792 215 55 (25-795)

202 894 159 72 Hay,
398 894 230 70 James,
663 895 191 57 1881-

277 983 130 57 The
428 983 287 71 Bellamy
736 1002 158 53 case,
917 984 83 70 by
1021 983 217 57 James
1260 981 165 73 Hay,
1448 981 79 73 jr.
1611 982 151 57 New
1783 982 190 71 York,
1997 983 201 72 Dodd,

201 1061 185 58 Mead
414 1061 125 58 and
566 1079 321 53 company,
919 1061 164 55 1925.

269 1148 887 56 vii p., 1 l., 259 p. 19½cm $2.00
199 1220 53 54 ©
279 1223 98 51 Jan.
407 1222 37 50 3,
477 1219 128 53 1925;
634 1221 65 42 2c.
728 1221 86 42 and
843 1220 79 43 aff.
951 1221 99 51 Jan.
1079 1220 50 52 6;
1160 1220 43 42 A
1233 1218 189 53 815468;
1454 1220 149 52 Dodd,
1632 1220 139 43 Mead
1800 1220 41 44 &
1864 1234 80 37 co.,
1973 1220 83 43 inc.

277 1277 214 55 (25-756)

200 1377 192 73 Hays,
433 1377 240 72 Joseph
709 1375 249 72 Weller,
1000 1377 188 57 1868-

276 1468 160 57 How
479 1472 62 53 to
586 1467 173 57 build
801 1485 84 53 up
929 1467 261 57 furnace
1234 1466 324 72 efficiency,
1602 1466 66 57 in
1709 1466 120 58 five
1875 1472 209 68 stages
2130 1468 68 58 of

199 1544 1998 74 amplification, broadcast by Jos. W. Hays … Michigan
201 1623 162 72 City,
389 1624 157 71 Ind.,
575 1624 59 57 J.
663 1622 96 58 W.
790 1622 177 72 Hays
997 1623 125 56 and
1149 1621 361 72 associates,
1537 1631 19 21 c
1559 1623 166 56 1924.

265 1728 45 38 x,
342 1712 81 44 534
451 1728 39 37 p.
551 1710 130 55 illus.,
711 1710 168 54 diagrs.
942 1711 51 44 19
999 1713 47 17 cm
1052 1745 9 9 .

271 1782 102 45 17th
402 1785 80 49 ed.,
513 1797 90 29 rev.
634 1782 88 43 and
752 1781 83 44 enl.
899 1781 129 44 120th
1059 1781 238 44 thousand.

195 1852 56 53 ©
275 1853 118 43 Nov.
414 1853 68 52 29,
508 1853 130 51 1924;
662 1852 63 43 2c.
751 1853 109 42 Dec.
885 1852 23 42 31;
988 1852 78 42 aff.
1093 1852 107 42 Dec.
1224 1852 80 51 29;
1331 1852 43 42 A
1400 1850 190 53 815455;
1616 1854 41 51 J.
1682 1853 75 43 W.
1784 1853 148 52 Hays,
1960 1852 234 54 Michigan

268 1910 115 52 City,
418 1910 97 43 Ind.
579 1907 66 55 [©
678 1923 100 28 new
810 1915 163 36 matter
1007 1908 87 42 and
1128 1908 314 52 illustrations]
1514 1907 242 55 (25-1121)

199 2010 336 74 Hayward,
572 2008 242 61 Walter
850 2009 281 71 Sumner,
1169 2011 189 56 1894-

197 2102 1997 151 Chain stores, their management and operation, by Walter S. Hayward … and Percival White … with chapters
196 2259 82 70 by
318 2258 169 57 John
531 2257 59 57 S.
637 2257 208 72 Fleek,
948 2304 10 10 M.
1046 2303 10 10 B.
1142 2303 33 24 A.,
1217 2258 124 56 and
1384 2257 79 57 H.
1509 2258 381 72 MacIntyre.
1977 2261 77 56 2d
2101 2261 91 57 ed.

197 2335 151 57 New
374 2335 174 56 York
578 2338 147 71 [etc.]
758 2333 455 60 McGraw-Hill
1238 2335 160 57 book
1427 2355 323 56 company,
1779 2336 139 75 inc.,
1950 2339 164 55 1925.

265 2441 43 36 x,
342 2425 81 43 449
455 2439 39 37 p.
556 2424 130 51 illus.,
718 2424 167 51 diagrs.
945 2423 49 42 21
1005 2425 47 18 cm
1059 2458 8 8 .
1182 2422 126 54 $4.00

267 2494 351 53 Bibliography:
653 2508 39 37 p.
724 2493 206 44 428-437.

197 2563 53 54 ©
277 2567 99 52 Jan.
402 2564 37 51 8,
470 2563 130 53 1925;
626 2565 65 42 2c.
719 2565 99 51 Jan.
849 2565 74 50 13;
953 2563 79 44 aff.
1061 2565 98 51 Jan.
1192 2564 73 51 16;
1296 2564 45 43 A
1366 2563 190 54 815638;
1589 2566 349 45 McGraw-Hill
1967 2569 120 42 book
2111 2583 82 39 co.,

266 2623 81 43 inc.
412 2620 66 55 [©
508 2622 223 43 additions
763 2622 86 42 and
882 2621 233 53 revisions]
1186 2620 243 55 (25-1790)

197 2721 151 70 Hill,
387 2719 282 60 William
707 2718 168 61 Earl.

277 2812 130 57 The
438 2809 171 59 voice
648 2809 68 58 of
747 2811 104 56 the
889 2829 188 39 seven
1111 2809 324 73 thunders,
1471 2812 124 57 and
1630 2813 179 58 other
1843 2834 234 58 poems,
2115 2819 82 71 by

196 2889 282 59 William
525 2889 157 57 Earl
728 2888 151 57 Hill.
980 2888 260 72 Boston,
1293 2889 129 60 The
1474 2890 171 58 Four
1701 2910 138 40 seas
1891 2913 263 54 company

199 2997 14 44 [
215 2976 19 23 c
237 2968 165 73 1924]

268 3048 24 43 3
321 3063 41 37 p.
409 3080 23 16 l.,
461 3046 111 45 9-66
600 3060 41 38 p.
703 3046 50 44 19
760 3048 47 17 cm
813 3080 9 8 .
885 3043 119 49 [The
1029 3051 357 47 contemporary
1416 3044 156 49 series]

197 3116 53 54 ©
276 3119 119 51 Aug.
427 3116 63 53 15,
521 3118 104 43 1924;
678 3117 65 42 2c.
775 3116 120 52 Sept.
923 3120 50 48 8;
1004 3117 78 42 aff.
1110 3117 100 51 Jan.
1240 3117 38 51 7,
1310 3116 129 53 1925;
1471 3118 43 42 A
1545 3118 189 53 814467;
1766 3119 123 44 Four
1918 3136 96 29 seas
2043 3136 65 30 co.

274 3174 215 55 (25-599)

197 3275 248 71 Hirsch,
483 3275 182 58 Isaac
703 3274 168 71 Seth,
913 3276 189 56 1889-

276 3367 128 58 The
443 3365 342 73 principles
830 3366 127 57 and
990 3364 275 73 practice
1310 3365 68 57 of
1415 3365 328 74 Roentgen
1784 3369 289 75 therapy,
2114 3373 83 72 by

197 3443 1996 80 I. Seth Hirsch … With dosage formulae and dosage
198 3520 1971 139 table, by Guido Holzknecht … With three hundred illustrations
526 3601 124 57 and
699 3598 362 72 fifty-seven
1111 3599 219 57 tables.
1413 3601 151 59 New
1616 3603 192 72 York,
1860 3605 337 60 American

197 3698 183 52 x-ray
410 3677 362 74 publishing
803 3696 322 55 company,
1161 3677 167 59 1925.

267 3757 115 44 xviii
410 3772 54 38 p.,
491 3757 26 42 2
563 3791 23 17 l.,
613 3755 81 46 359
721 3770 41 38 p.
790 3754 105 45 incl.
925 3754 133 54 illus.,
1087 3754 157 54 tables,
1276 3754 183 55 diagrs.,
1493 3757 164 54 forms,
1690 3759 113 45 fold.
1832 3761 91 45 tab.
1983 3764 54 45 27½
2073 3766 45 19 cm
2125 3801 8 8 .

268 3815 71 43 “A
366 3814 173 52 dosage
567 3820 170 45 system
765 3813 90 44 and
884 3813 172 52 dosage
1084 3812 121 44 table
1236 3813 85 52 [by]
1355 3812 152 47 Guido
1538 3816 322 45 Holzknecht”
1878 3834 10 29 :
1917 3836 40 37 p.
1987 3823 206 44 321-341.

269 3871 364 44 “References”:
667 3885 40 38 p.
739 3868 205 46 345-349.

197 3941 53 54 ©
277 3944 98 51 Jan.
403 3942 38 51 2,
473 3941 128 52 1925;
631 3942 64 42 2c.
724 3942 99 51 Jan.
855 3941 48 50 8;
935 3940 78 43 aff.
1043 3940 98 52 Jan.
1173 3941 48 51 7;
1253 3941 43 42 A
1325 3941 189 53 814591;
1547 3943 245 46 American
1821 3963 137 37 x-ray
1991 3950 100 50 pub.
2121 3967 53 29 co

274 3997 243 53 (25-1859)
