2533 4412
0 0 0 0 1146
402 400 379 72 Babenroth,
819 400 256 76 Adolph
1114 402 276 73 Charles,
1431 406 191 57 1883-

474 494 1864 76 Modern business English, by A. Charles Babenroth …
400 572 152 59 New
576 572 191 73 York,
796 572 490 75 Prentice-Hall,
1313 575 138 72 inc.,
1481 576 167 60 1925.

534 667 765 50 xv p., 1 l., 466 p. illus. 23½ cm .
472 736 357 51 Bibliography:
855 751 41 36 p.
925 738 95 45 461.

400 803 53 54 ©
482 806 101 43 Oct.
614 806 34 50 1,
679 803 103 45 1925;
837 806 65 43 2c.
930 807 88 43 and
1044 807 79 42 aff.
1154 807 102 43 Oct.
1282 806 30 42 2;
1363 807 44 42 A
1435 806 167 47 864914;
1659 808 364 53 Prentice-Hall,
2052 810 83 45 inc.

478 860 272 57 (25-19566)

400 961 239 75 Bailey,
675 963 272 74 Temple.

475 1054 129 57 The
634 1054 173 73 holly
834 1056 219 72 hedge,
1086 1058 126 56 and
1239 1056 183 58 other
1452 1055 354 61 Christmas
1838 1059 247 73 stories,
2115 1061 84 71 by
396 1063 1986 142 Temple
550 1133 254 73 Bailey;
857 1134 412 73 frontispiece
1320 1136 84 72 by
1455 1136 128 60 Nat
1636 1135 211 60 Little.
1951 1138 461 74 Philadelphia,

399 1213 130 57 The
563 1213 178 57 Penn
770 1213 367 73 publishing
1167 1232 325 54 company,
1525 1216 166 55 1925.

471 1303 75 45 151
584 1320 39 38 p.
685 1304 82 45 col.
804 1305 153 50 front.,
994 1305 116 44 illus.
1170 1306 53 42 22
1231 1307 47 18 cm
1285 1340 8 8 .

731 1376 169 46 CONTENTS.—The
934 1378 159 42 candle
1127 1377 45 43 in
1203 1377 76 43 the
1314 1376 319 45 forest.—The
1667 1379 200 51 tranquil
1900 1379 374 47 beasts.—Three
2309 1382 104 44 who

398 1435 114 45 stole
540 1443 46 36 at
616 1434 254 45 Christmas
901 1433 284 46 time.—The
1212 1434 81 45 red
1323 1432 331 47 candle.—The
1684 1435 123 54 holly
1835 1437 158 53 hedge.

398 1491 53 54 ©
479 1494 102 43 Oct.
608 1494 38 51 3,
676 1491 130 53 1925;
833 1493 66 43 2c.
923 1493 88 43 and
1037 1493 80 43 aff.
1145 1494 103 44 Oct.
1279 1493 74 52 10;
1383 1493 44 42 A
1455 1492 188 53 869321;
1677 1495 126 42 Penn
1829 1496 102 51 pub.
1957 1510 67 30 co.

477 1548 273 56 (25-19904)

399 1649 225 71 Baker,
660 1649 165 59 Olaf.

474 1742 1937 76 Peter in process, by Olaf Baker … New York, Dodd,
396 1822 190 57 Mead
623 1822 125 57 and
784 1839 326 54 company,
1147 1822 165 55 1925.

466 1898 574 55 4 p. l ., 300 p. 19½c m .
397 1956 53 54 ©
483 1958 101 43 Oct.
614 1959 38 49 3,
687 1956 131 53 1925;
849 1958 64 42 2c.
946 1957 101 43 Oct.
1076 1959 51 50 8;
1160 1957 78 43 aff.
1271 1958 103 43 Oct.
1404 1956 50 52 6;
1488 1956 44 43 A
1564 1956 190 53 869299;
1789 1958 151 52 Dodd,
1973 1958 139 44 Mead
2143 1959 38 44 &
2212 1974 79 36 co.,
2323 1959 83 45 inc.

477 2013 272 57 (25-19830)

399 2115 352 73 Ballenger,
790 2114 285 60 William
1111 2114 278 69 Lincoln,
1429 2117 361 57 1861-1915.

395 2206 2015 153 Diseases of the nose, throat and ear, medical and surgical, by William Lincoln Ballenger … rev. by Howard
394 2363 2015 153 Charles Ballenger … 5th ed., illustrated with 551 engravings and 32 plates. Philadelphia and New York, Lea
393 2521 49 59 &
478 2520 291 74 Febiger,
807 2521 165 56 1925.

465 2596 1293 56 ix, 17-1080 p. illus., XXXII pl. (part col.) 24 cm .
395 2657 53 54 ©
478 2658 121 52 Sept.
625 2659 39 51 4,
695 2656 130 53 1925;
854 2657 64 43 2c.
948 2655 120 53 Sept.
1101 2653 74 55 14;
1205 2656 79 43 aff.
1314 2657 102 43 Oct.
1444 2657 50 51 3;
1523 2656 44 42 A
1596 2654 191 53 869137;
1818 2656 93 43 Lea
1938 2656 37 44 &
2004 2654 206 54 Febiger.

473 2713 274 57 (25-19553)

396 2815 225 72 Beard,
661 2814 260 58 Charles
955 2813 250 72 Austin,
1245 2816 190 56 1874-

472 2903 130 59 Our
641 2902 103 59 old
841 2903 140 56 world
1016 2901 424 72 background.
1519 2901 150 56 Rev.
1712 2900 92 57 ed.
1882 2899 101 72 By
2022 2898 260 60 Charles
2322 2899 75 56 A.

391 2983 212 56 Beard
636 2982 124 56 and
791 2980 282 59 William
1109 2979 64 59 C.
1207 2979 260 73 Bagley.
1543 2978 152 57 New
1728 2978 191 71 York,
1956 2978 129 56 The
391 2977 1986 142 Macmillan
524 3078 325 53 company,
879 3059 166 57 1925.

461 3156 74 34 XV,
564 3139 79 45 523
671 3155 40 38 p.
740 3139 101 43 incl.
870 3139 153 50 front.,
1054 3138 117 43 illus.
1231 3151 141 38 maps.
1438 3137 48 43 19
1494 3138 46 17 cm
1548 3171 8 7 .

464 3194 139 48 “This
640 3196 181 45 volume
858 3195 244 54 completes
1140 3211 25 28 a
1203 3194 139 44 series
1378 3193 51 45 of
1463 3192 142 46 books
1645 3192 74 45 for
1756 3191 74 45 the
1868 3192 140 53 grade
2047 3191 192 44 schools.
2301 3190 97 46 The

391 3255 269 52 companion
691 3254 153 44 works
874 3268 77 29 are
980 3254 44 42 A
1054 3253 100 43 first
1183 3251 123 45 book
1335 3251 44 43 in
1409 3250 246 44 American
1687 3249 177 53 history
1894 3250 87 42 and
2013 3248 98 45 The
2140 3247 177 54 history
2347 3249 52 44 of

390 3313 74 44 the
491 3311 246 45 American
764 3309 386 54 people.”—Pref.

463 3368 331 53 “Suggestions
821 3367 75 44 for
919 3365 215 53 reading”
1161 3374 46 35 at
1232 3365 84 43 end
1340 3364 52 45 of
1415 3371 120 36 most
1560 3363 52 43 of
1634 3363 75 43 the
1736 3362 221 52 chapters.

392 3424 55 54 ©
485 3427 102 43 Oct.
624 3424 38 52 6,
701 3422 131 53 1925;
871 3424 65 42 2c.
974 3423 88 43 and
1097 3423 80 42 aff.
1217 3422 103 43 Oct.
1359 3420 24 44 7;
1446 3421 44 42 A
1529 3419 191 52 864998;
1764 3418 266 44 Macmillan
2069 3434 64 29 co.
2199 3445 9 27 r
2212 3416 53 54 ©
2303 3434 99 29 new

462 3483 87 43 and
581 3481 174 44 revised
787 3479 222 53 material]
1082 3476 272 56 (25-19636)

393 3581 377 71 Blackburn,
803 3583 154 56 Mrs.
994 3578 286 60 Juditha.

392 3665 2010 154 The home dress maker’s and milliner’s guide, by Juditha Blackburn … Los Angeles, Calif., The author
469 3831 126 68 [c1925]

464 3901 1230 60 1 p. l., 7-373, [1] p. illus., port., diagrs. 28 cm .
391 3964 53 54 ©
484 3965 120 53 Sept.
645 3963 65 54 15,
749 3962 129 49 1925;
918 3964 65 42 2c.
1023 3964 102 43 Oct.
1161 3964 51 50 6;
1254 3962 79 42 aff.
1374 3961 102 43 Oct.
1517 3957 47 53 5;
1605 3959 44 42 A
1687 3956 189 52 864967;
1917 3958 39 51 J.
1996 3956 272 47 Blackburn,
2308 3956 89 42 Los

459 4022 215 53 Angeles.
745 4018 272 56 (25-19772)
