<alto xmlns="http://www.loc.gov/standards/alto/ns-v3#" xmlns:xlink="http://www.w3.org/1999/xlink" xmlns:xsi="http://www.w3.org/2001/XMLSchema-instance" xsi:schemaLocation="http://www.loc.gov/standards/alto/ns-v3# http://www.loc.gov/alto/v3/alto-3-0.xsd"><Description>
<MeasurementUnit>pixel</MeasurementUnit>
<sourceImageInformation>
<fileName>1925_v22_Part001.pdf</fileName>
</sourceImageInformation>
<OCRProcessing ID="IdOcr">
<ocrProcessingStep>
<processingDateTime>2019-04-03</processingDateTime>
<processingSoftware>
<softwareCreator>ABBYY</softwareCreator>
<softwareName>ABBYY Recognition Server</softwareName>
<softwareVersion>4.0</softwareVersion>
</processingSoftware>
</ocrProcessingStep>
</OCRProcessing>
</Description>
<Styles>
<ParagraphStyle ID="StyleId-FFFFFFFF-FFFF-FFFF-FFFF-FFFFFFFFFFFF-" ALIGN="Left" LEFT="0." RIGHT="0." FIRSTLINE="0."/>
<ParagraphStyle ID="StyleId-2E5B4E57-07AD-4719-97CB-14521F7F4F8A-" ALIGN="Left" LEFT="0." RIGHT="0." FIRSTLINE="0." LINESPACE="8.899999619"/>
<ParagraphStyle ID="StyleId-62A6F688-D6E3-4EFC-837B-4A4C4EB582B7-" ALIGN="Center" LEFT="0." RIGHT="0." FIRSTLINE="0." LINESPACE="12.19999981"/>
<ParagraphStyle ID="StyleId-21B71EBC-BDB5-4E16-A8F2-58189A39665B-" ALIGN="Block" LEFT="0." RIGHT="0." FIRSTLINE="-13." LINESPACE="11.35000038"/>
<ParagraphStyle ID="StyleId-1E1A68C4-DD4F-417A-A13D-7FEC29ECB499-" ALIGN="Block" LEFT="0." RIGHT="0." FIRSTLINE="-15." LINESPACE="13.30000019"/>
<ParagraphStyle ID="StyleId-6B39EC51-644D-4E90-AF07-84EF2B1E466A-" ALIGN="Block" LEFT="0." RIGHT="0." FIRSTLINE="-15." LINESPACE="8.340000153"/>
<ParagraphStyle ID="StyleId-2C1BA15F-E223-41D6-853D-AAFBDAC17E68-" ALIGN="Center" LEFT="0." RIGHT="0." FIRSTLINE="0." LINESPACE="13."/>
<ParagraphStyle ID="StyleId-A3B2CDF3-43F0-422C-90A0-E074BFEC3BC0-" ALIGN="Block" LEFT="0." RIGHT="0." FIRSTLINE="0." LINESPACE="8.899999619"/>
<ParagraphStyle ID="StyleId-28AB2493-EA15-49C1-A6AC-ED5BC404F0B9-" ALIGN="Center" LEFT="0." RIGHT="0." FIRSTLINE="0." LINESPACE="12.19999981"/>
<ParagraphStyle ID="StyleId-4417A6D4-97E2-4EFC-962D-7FBC0D5273E4-" ALIGN="Left" LEFT="0." RIGHT="0." FIRSTLINE="15." LINESPACE="8.340000153"/>
<ParagraphStyle ID="StyleId-D4EF9C5E-3110-4A39-B7BC-3D84E0F04894-" ALIGN="Center" LEFT="0." RIGHT="0." FIRSTLINE="0." LINESPACE="13.30000019"/>
<ParagraphStyle ID="StyleId-D1243F31-1201-4D92-8F69-43ADB01E9AD1-" ALIGN="Left" LEFT="0." RIGHT="0." FIRSTLINE="-13." LINESPACE="13.30000019"/>
<ParagraphStyle ID="StyleId-C65417C6-23F2-4D8F-BA55-ECE73D98CAB9-" ALIGN="Left" LEFT="0." RIGHT="0." FIRSTLINE="0." LINESPACE="8.899999619"/>
<ParagraphStyle ID="StyleId-835763C1-08DD-41BE-8BAD-8E41EA88DAE3-" ALIGN="Center" LEFT="0." RIGHT="0." FIRSTLINE="0." LINESPACE="11.10000038"/>
<ParagraphStyle ID="StyleId-78FD6B81-8F83-422D-8DF4-4274EAFD19C6-" ALIGN="Block" LEFT="0." RIGHT="0." FIRSTLINE="-17." LINESPACE="12.19999981"/>
<ParagraphStyle ID="StyleId-F506BC7F-570D-458B-9F05-A143E1F5FD17-" ALIGN="Block" LEFT="0." RIGHT="0." FIRSTLINE="-17." LINESPACE="11.35000038"/>
<ParagraphStyle ID="StyleId-CBE02C6B-22D0-48C6-A874-7E90A22F4375-" ALIGN="Center" LEFT="0." RIGHT="0." FIRSTLINE="0." LINESPACE="4.400000095"/>
<ParagraphStyle ID="StyleId-14CC0121-63AF-4AB4-9656-E02F46C61AF2-" ALIGN="Left" LEFT="0." RIGHT="0." FIRSTLINE="0." LINESPACE="8.899999619"/>
<ParagraphStyle ID="StyleId-DD64CECB-1B22-4BFF-84F0-DFDE2B0000F8-" ALIGN="Left" LEFT="0." RIGHT="0." FIRSTLINE="0." LINESPACE="12.19999981"/>
<ParagraphStyle ID="StyleId-8AEF4AA8-141A-4E5D-9C3E-C0F9F43C742F-" ALIGN="Left" LEFT="0." RIGHT="0." FIRSTLINE="0." LINESPACE="8.300000191"/>
<ParagraphStyle ID="StyleId-8C396D2A-39C0-48AB-BABA-2679D8AB257E-" ALIGN="Left" LEFT="0." RIGHT="0." FIRSTLINE="0." LINESPACE="11.10000038"/>
<ParagraphStyle ID="StyleId-3B7FE50F-10D4-487F-BDCD-FD26EB60FD4A-" ALIGN="Block" LEFT="0." RIGHT="0." FIRSTLINE="13." LINESPACE="8.340000153"/>
<ParagraphStyle ID="StyleId-8CC5CC8E-615B-4C42-BB46-DB28FA355C27-" ALIGN="Left" LEFT="0." RIGHT="0." FIRSTLINE="0." LINESPACE="12.19999981"/>
<ParagraphStyle ID="StyleId-BC67E79D-8D99-4188-8B35-A59DBB7E2BB0-" ALIGN="Block" LEFT="0." RIGHT="0." FIRSTLINE="11." LINESPACE="9.399999619"/>
</Styles>
<Layout>
<Page ID="Page235" PHYSICAL_IMG_NR="235" HEIGHT="4412" WIDTH="2533">
<TopMargin HEIGHT="422" WIDTH="2533" VPOS="0" HPOS="0">
</TopMargin>
<LeftMargin HEIGHT="3621" WIDTH="148" VPOS="422" HPOS="0">
</LeftMargin>
<RightMargin HEIGHT="3621" WIDTH="357" VPOS="422" HPOS="2176">
</RightMargin>
<BottomMargin HEIGHT="369" WIDTH="2533" VPOS="4043" HPOS="0">
<TextBlock ID="Page235_Block1" HEIGHT="132" WIDTH="232" VPOS="4043" HPOS="1044" LANG="en-US" STYLEREFS="StyleId-B60C9CDA-CDCB-442B-B77F-893532F6FDD1-">
<TextLine HEIGHT="55" WIDTH="108" VPOS="4055" HPOS="1105">
<String CONTENT="235" HEIGHT="55" WIDTH="108" VPOS="4055" HPOS="1105"/>
</TextLine>
</TextBlock>
</BottomMargin>
<PrintSpace HEIGHT="3621" WIDTH="2028" VPOS="422" HPOS="148">
<TextBlock ID="Page235_Block2" HEIGHT="3621" WIDTH="2028" VPOS="422" HPOS="148" LANG="en-US" CS="1" STYLEREFS="StyleId-5984EBE2-D775-4A04-84E0-0A7953A79C38-">
<TextLine HEIGHT="74" WIDTH="777" VPOS="442" HPOS="162" STYLEREFS="StyleId-34A0F853-3108-4A79-9250-F1577E6378D8-">
<String LANG="la" CONTENT="Menge," HEIGHT="71" WIDTH="240" VPOS="445" HPOS="162"/>
<SP HEIGHT="68" WIDTH="40" VPOS="445" HPOS="403"/>
<String LANG="en-US" CONTENT="Edward" HEIGHT="59" WIDTH="277" VPOS="444" HPOS="444"/>
<SP HEIGHT="60" WIDTH="32" VPOS="443" HPOS="722"/>
<String LANG="en-US" CONTENT="John." HEIGHT="59" WIDTH="184" VPOS="442" HPOS="755"/>
</TextLine>
<TextLine HEIGHT="73" WIDTH="1914" VPOS="534" HPOS="242" STYLEREFS="StyleId-A8F57D6E-4ECD-41B1-9C7A-4FE92715050C-">
<String CONTENT="General" HEIGHT="59" WIDTH="268" VPOS="536" HPOS="242"/>
<SP HEIGHT="55" WIDTH="23" VPOS="537" HPOS="511"/>
<String CONTENT="and" HEIGHT="56" WIDTH="124" VPOS="537" HPOS="535"/>
<SP HEIGHT="70" WIDTH="19" VPOS="537" HPOS="660"/>
<String CONTENT="professional" HEIGHT="72" WIDTH="428" VPOS="535" HPOS="680"/>
<SP HEIGHT="56" WIDTH="20" VPOS="535" HPOS="1109"/>
<String CONTENT="biology" HEIGHT="71" WIDTH="251" VPOS="535" HPOS="1130"/>
<SP HEIGHT="51" WIDTH="22" VPOS="554" HPOS="1382"/>
<String CONTENT="with" HEIGHT="57" WIDTH="151" VPOS="534" HPOS="1405"/>
<SP HEIGHT="56" WIDTH="26" VPOS="535" HPOS="1557"/>
<String CONTENT="special" HEIGHT="71" WIDTH="233" VPOS="534" HPOS="1584"/>
<SP HEIGHT="55" WIDTH="17" VPOS="535" HPOS="1818"/>
<String CONTENT="reference" HEIGHT="57" WIDTH="320" VPOS="534" HPOS="1836"/>
</TextLine>
<TextLine HEIGHT="150" WIDTH="1967" VPOS="612" HPOS="164" STYLEREFS="StyleId-A8F57D6E-4ECD-41B1-9C7A-4FE92715050C-" CS="1">
<String CONTENT="to" HEIGHT="53" WIDTH="68" VPOS="617" HPOS="164"/>
<SP HEIGHT="37" WIDTH="26" VPOS="633" HPOS="233"/>
<String CONTENT="man" HEIGHT="37" WIDTH="145" VPOS="633" HPOS="260"/>
<SP HEIGHT="54" WIDTH="32" VPOS="633" HPOS="406"/>
<String CONTENT="[by]" HEIGHT="73" WIDTH="111" VPOS="614" HPOS="439"/>
<SP HEIGHT="74" WIDTH="35" VPOS="613" HPOS="551"/>
<String CONTENT="Edward" HEIGHT="58" WIDTH="277" VPOS="613" HPOS="587"/>
<SP HEIGHT="57" WIDTH="30" VPOS="613" HPOS="865"/>
<String CONTENT="J." HEIGHT="57" WIDTH="58" VPOS="613" HPOS="896"/>
<SP HEIGHT="57" WIDTH="35" VPOS="612" HPOS="955"/>
<String CONTENT="Menge" HEIGHT="72" WIDTH="222" VPOS="612" HPOS="991"/>
<SP HEIGHT="37" WIDTH="39" VPOS="632" HPOS="1214"/>
<String CONTENT="..." HEIGHT="9" WIDTH="61" VPOS="660" HPOS="1254"/>
<SP HEIGHT="11" WIDTH="61" VPOS="660" HPOS="1316"/>
<String CONTENT=".2d" HEIGHT="57" WIDTH="93" VPOS="614" HPOS="1378"/>
<SP HEIGHT="55" WIDTH="31" VPOS="614" HPOS="1472"/>
<String CONTENT="ed." HEIGHT="56" WIDTH="91" VPOS="613" HPOS="1504"/>
<SP HEIGHT="11" WIDTH="39" VPOS="659" HPOS="1596"/>
<String CONTENT="..." HEIGHT="10" WIDTH="62" VPOS="660" HPOS="1636"/>
<SP HEIGHT="38" WIDTH="74" VPOS="632" HPOS="1699"/>
<String CONTENT="v." HEIGHT="36" WIDTH="56" VPOS="632" HPOS="1774"/>
<SP HEIGHT="53" WIDTH="37" VPOS="615" HPOS="1831"/>
<String CONTENT="2." HEIGHT="53" WIDTH="49" VPOS="615" HPOS="1869"/>
<SP HEIGHT="56" WIDTH="33" VPOS="612" HPOS="1919"/>
<String CONTENT="Introductory" HEIGHT="150" WIDTH="1966" VPOS="612" HPOS="165"/>
</TextLine>
<TextLine HEIGHT="150" WIDTH="1970" VPOS="689" HPOS="163" STYLEREFS="StyleId-A8F57D6E-4ECD-41B1-9C7A-4FE92715050C-" CS="1">
<String CONTENT="embryology" HEIGHT="72" WIDTH="402" VPOS="691" HPOS="456"/>
<SP HEIGHT="71" WIDTH="36" VPOS="691" HPOS="859"/>
<String CONTENT="(chick," HEIGHT="72" WIDTH="217" VPOS="690" HPOS="896"/>
<SP HEIGHT="73" WIDTH="28" VPOS="689" HPOS="1114"/>
<String CONTENT="frog," HEIGHT="73" WIDTH="166" VPOS="689" HPOS="1143"/>
<SP HEIGHT="51" WIDTH="28" VPOS="710" HPOS="1310"/>
<String CONTENT="and" HEIGHT="55" WIDTH="124" VPOS="692" HPOS="1339"/>
<SP HEIGHT="55" WIDTH="22" VPOS="692" HPOS="1464"/>
<String CONTENT="mammal)" HEIGHT="71" WIDTH="324" VPOS="690" HPOS="1487"/>
<SP HEIGHT="71" WIDTH="37" VPOS="690" HPOS="1812"/>
<String CONTENT="and" HEIGHT="56" WIDTH="123" VPOS="691" HPOS="1850"/>
<SP HEIGHT="56" WIDTH="26" VPOS="691" HPOS="1974"/>
<String CONTENT="comparative" HEIGHT="131" WIDTH="1970" VPOS="708" HPOS="163"/>
</TextLine>
<TextLine HEIGHT="154" WIDTH="1971" VPOS="766" HPOS="163" STYLEREFS="StyleId-A8F57D6E-4ECD-41B1-9C7A-4FE92715050C-" CS="1">
<String CONTENT="anatomy." HEIGHT="68" WIDTH="312" VPOS="771" HPOS="483"/>
<SP HEIGHT="55" WIDTH="69" VPOS="769" HPOS="796"/>
<String CONTENT="Milwaukee," HEIGHT="71" WIDTH="384" VPOS="768" HPOS="866"/>
<SP HEIGHT="71" WIDTH="27" VPOS="768" HPOS="1251"/>
<String CONTENT="Wis.," HEIGHT="72" WIDTH="175" VPOS="767" HPOS="1279"/>
<SP HEIGHT="70" WIDTH="32" VPOS="769" HPOS="1455"/>
<String CONTENT="The" HEIGHT="56" WIDTH="127" VPOS="768" HPOS="1488"/>
<SP HEIGHT="56" WIDTH="31" VPOS="768" HPOS="1616"/>
<String CONTENT="Bruce" HEIGHT="56" WIDTH="204" VPOS="768" HPOS="1648"/>
<SP HEIGHT="53" WIDTH="28" VPOS="786" HPOS="1853"/>
<String CONTENT="publishing" HEIGHT="152" WIDTH="1971" VPOS="766" HPOS="163"/>
<SP HEIGHT="53" WIDTH="25" VPOS="865" HPOS="273"/>
<String CONTENT="company" HEIGHT="53" WIDTH="306" VPOS="864" HPOS="299"/>
<SP HEIGHT="56" WIDTH="29" VPOS="864" HPOS="606"/>
<String CONTENT="[" HEIGHT="43" WIDTH="13" VPOS="877" HPOS="636"/>
<String STYLE="superscript" CONTENT="c" HEIGHT="23" WIDTH="21" VPOS="852" HPOS="649"/>
<String CONTENT="1925]" HEIGHT="73" WIDTH="163" VPOS="847" HPOS="674"/>
</TextLine>
<TextLine HEIGHT="53" WIDTH="750" VPOS="922" HPOS="230" CS="1">
<String CONTENT="498" HEIGHT="43" WIDTH="84" VPOS="923" HPOS="230"/>
<SP HEIGHT="51" WIDTH="28" VPOS="923" HPOS="315"/>
<String CONTENT="p." HEIGHT="37" WIDTH="38" VPOS="937" HPOS="344"/>
<SP HEIGHT="42" WIDTH="59" VPOS="923" HPOS="383"/>
<String CONTENT="illus.," HEIGHT="51" WIDTH="129" VPOS="922" HPOS="443"/>
<SP HEIGHT="50" WIDTH="30" VPOS="923" HPOS="573"/>
<String CONTENT="diagrs." HEIGHT="52" WIDTH="165" VPOS="923" HPOS="604"/>
<SP HEIGHT="43" WIDTH="58" VPOS="923" HPOS="770"/>
<String CS="1" CONTENT="23&#189;" HEIGHT="44" WIDTH="53" VPOS="923" HPOS="829"/>
<String STYLE="superscript" CONTENT="cm" HEIGHT="18" WIDTH="46" VPOS="925" HPOS="919"/>
<String CONTENT="." HEIGHT="8" WIDTH="8" VPOS="958" HPOS="972"/>
</TextLine>
<TextLine HEIGHT="55" WIDTH="1980" VPOS="976" HPOS="163" CS="1">
<String CONTENT="&#169;" HEIGHT="53" WIDTH="54" VPOS="976" HPOS="163"/>
<SP HEIGHT="55" WIDTH="28" VPOS="976" HPOS="218"/>
<String CONTENT="Jan." HEIGHT="52" WIDTH="98" VPOS="979" HPOS="247"/>
<SP HEIGHT="43" WIDTH="28" VPOS="979" HPOS="346"/>
<String CONTENT="28," HEIGHT="49" WIDTH="65" VPOS="979" HPOS="375"/>
<SP HEIGHT="47" WIDTH="34" VPOS="981" HPOS="441"/>
<String CONTENT="1925;" HEIGHT="53" WIDTH="128" VPOS="977" HPOS="476"/>
<SP HEIGHT="51" WIDTH="31" VPOS="979" HPOS="605"/>
<String CONTENT="2c." HEIGHT="43" WIDTH="64" VPOS="979" HPOS="637"/>
<SP HEIGHT="28" WIDTH="31" VPOS="994" HPOS="702"/>
<String CONTENT="and" HEIGHT="41" WIDTH="88" VPOS="981" HPOS="734"/>
<SP HEIGHT="41" WIDTH="26" VPOS="981" HPOS="823"/>
<String CONTENT="aff." HEIGHT="43" WIDTH="79" VPOS="980" HPOS="850"/>
<SP HEIGHT="42" WIDTH="31" VPOS="980" HPOS="930"/>
<String CONTENT="Mar." HEIGHT="42" WIDTH="118" VPOS="980" HPOS="962"/>
<SP HEIGHT="44" WIDTH="30" VPOS="978" HPOS="1081"/>
<String CONTENT="6;" HEIGHT="51" WIDTH="49" VPOS="978" HPOS="1112"/>
<SP HEIGHT="50" WIDTH="33" VPOS="979" HPOS="1162"/>
<!-- cceid 2D3F9F7B-6DD5-1014-B757-AF09C522E301 --><String CONTENT="A" HEIGHT="41" WIDTH="42" VPOS="979" HPOS="1196"/>
<SP HEIGHT="43" WIDTH="29" VPOS="978" HPOS="1239"/>
<String CONTENT="822274;" HEIGHT="54" WIDTH="188" VPOS="977" HPOS="1269"/>
<SP HEIGHT="54" WIDTH="34" VPOS="977" HPOS="1458"/>
<String LANG="la" CONTENT="E." HEIGHT="47" WIDTH="52" VPOS="977" HPOS="1493"/>
<SP HEIGHT="52" WIDTH="31" VPOS="978" HPOS="1546"/>
<String CONTENT="J." HEIGHT="52" WIDTH="40" VPOS="978" HPOS="1578"/>
<SP HEIGHT="43" WIDTH="32" VPOS="979" HPOS="1619"/>
<String CONTENT="Menge," HEIGHT="52" WIDTH="181" VPOS="979" HPOS="1652"/>
<SP HEIGHT="46" WIDTH="32" VPOS="980" HPOS="1834"/>
<String CS="1" CONTENT="Milwaukee." HEIGHT="44" WIDTH="276" VPOS="978" HPOS="1867"/>
</TextLine>
<TextLine HEIGHT="57" WIDTH="748" VPOS="1033" HPOS="250" CS="1">
<String CS="1" CONTENT="[&#169;" HEIGHT="54" WIDTH="53" VPOS="1033" HPOS="250"/>
<SP HEIGHT="54" WIDTH="32" VPOS="1033" HPOS="304"/>
<String CONTENT="revision" HEIGHT="44" WIDTH="195" VPOS="1035" HPOS="337"/>
<SP HEIGHT="28" WIDTH="32" VPOS="1049" HPOS="533"/>
<String CONTENT="and" HEIGHT="42" WIDTH="87" VPOS="1036" HPOS="566"/>
<SP HEIGHT="42" WIDTH="32" VPOS="1036" HPOS="654"/>
<String CONTENT="illustrations]" HEIGHT="55" WIDTH="311" VPOS="1035" HPOS="687"/>
</TextLine>
<TextLine HEIGHT="74" WIDTH="983" VPOS="1133" HPOS="164" STYLEREFS="StyleId-11827051-40DB-4E53-A670-0153B0874092-">
<String CONTENT="Minnesota." HEIGHT="57" WIDTH="371" VPOS="1133" HPOS="164"/>
<SP HEIGHT="58" WIDTH="80" VPOS="1135" HPOS="536"/>
<String CONTENT="Supreme" HEIGHT="72" WIDTH="302" VPOS="1135" HPOS="617"/>
<SP HEIGHT="39" WIDTH="34" VPOS="1153" HPOS="920"/>
<String CONTENT="court." HEIGHT="53" WIDTH="192" VPOS="1139" HPOS="955"/>
</TextLine>
<TextLine HEIGHT="137" WIDTH="1971" VPOS="1224" HPOS="163" STYLEREFS="StyleId-A8F57D6E-4ECD-41B1-9C7A-4FE92715050C-" CS="1">
<String CONTENT="Minnesota" HEIGHT="56" WIDTH="358" VPOS="1226" HPOS="243"/>
<SP HEIGHT="36" WIDTH="34" VPOS="1245" HPOS="602"/>
<String CONTENT="reports," HEIGHT="67" WIDTH="268" VPOS="1229" HPOS="637"/>
<SP HEIGHT="37" WIDTH="74" VPOS="1244" HPOS="906"/>
<String CONTENT="v." HEIGHT="37" WIDTH="56" VPOS="1244" HPOS="981"/>
<SP HEIGHT="53" WIDTH="41" VPOS="1228" HPOS="1038"/>
<String CONTENT="154." HEIGHT="55" WIDTH="124" VPOS="1227" HPOS="1080"/>
<SP HEIGHT="59" WIDTH="81" VPOS="1224" HPOS="1205"/>
<String CONTENT="Cases" HEIGHT="59" WIDTH="190" VPOS="1224" HPOS="1287"/>
<SP HEIGHT="37" WIDTH="40" VPOS="1245" HPOS="1478"/>
<String CONTENT="argued" HEIGHT="70" WIDTH="238" VPOS="1227" HPOS="1519"/>
<SP HEIGHT="56" WIDTH="38" VPOS="1227" HPOS="1758"/>
<String CONTENT="and" HEIGHT="57" WIDTH="124" VPOS="1227" HPOS="1797"/>
<SP HEIGHT="57" WIDTH="35" VPOS="1227" HPOS="1922"/>
<String CONTENT="determined" HEIGHT="133" WIDTH="1971" VPOS="1227" HPOS="163"/>
<SP HEIGHT="57" WIDTH="32" VPOS="1304" HPOS="373"/>
<String CONTENT="..." HEIGHT="10" WIDTH="61" VPOS="1351" HPOS="406"/>
</TextLine>
<TextLine HEIGHT="73" WIDTH="1621" VPOS="1303" HPOS="539" STYLEREFS="StyleId-A8F57D6E-4ECD-41B1-9C7A-4FE92715050C-">
<String CONTENT="December" HEIGHT="56" WIDTH="343" VPOS="1303" HPOS="539"/>
<SP HEIGHT="52" WIDTH="26" VPOS="1306" HPOS="883"/>
<String CONTENT="15," HEIGHT="69" WIDTH="89" VPOS="1305" HPOS="910"/>
<SP HEIGHT="68" WIDTH="30" VPOS="1306" HPOS="1000"/>
<String CONTENT="1922-February" HEIGHT="70" WIDTH="520" VPOS="1304" HPOS="1031"/>
<SP HEIGHT="69" WIDTH="29" VPOS="1305" HPOS="1552"/>
<String CONTENT="16," HEIGHT="70" WIDTH="89" VPOS="1305" HPOS="1582"/>
<SP HEIGHT="69" WIDTH="30" VPOS="1306" HPOS="1672"/>
<String CONTENT="1923." HEIGHT="55" WIDTH="164" VPOS="1305" HPOS="1703"/>
<SP HEIGHT="61" WIDTH="69" VPOS="1304" HPOS="1868"/>
<String CONTENT="Henry" HEIGHT="72" WIDTH="222" VPOS="1304" HPOS="1938"/>
</TextLine>
<TextLine HEIGHT="89" WIDTH="1998" VPOS="1364" HPOS="162" STYLEREFS="StyleId-A8F57D6E-4ECD-41B1-9C7A-4FE92715050C-">
<String CONTENT="Burleigh" HEIGHT="72" WIDTH="303" VPOS="1381" HPOS="162"/>
<SP HEIGHT="57" WIDTH="41" VPOS="1380" HPOS="466"/>
<String CONTENT="Wenzell," HEIGHT="73" WIDTH="302" VPOS="1364" HPOS="508"/>
<SP HEIGHT="72" WIDTH="39" VPOS="1364" HPOS="811"/>
<String CONTENT="reporter." HEIGHT="67" WIDTH="304" VPOS="1383" HPOS="851"/>
<SP HEIGHT="58" WIDTH="90" VPOS="1380" HPOS="1156"/>
<String CONTENT="Saint" HEIGHT="58" WIDTH="181" VPOS="1380" HPOS="1247"/>
<SP HEIGHT="57" WIDTH="45" VPOS="1381" HPOS="1429"/>
<String CONTENT="Paul," HEIGHT="71" WIDTH="177" VPOS="1381" HPOS="1475"/>
<SP HEIGHT="71" WIDTH="46" VPOS="1381" HPOS="1653"/>
<String CONTENT="Lavallee" HEIGHT="58" WIDTH="294" VPOS="1381" HPOS="1700"/>
<SP HEIGHT="56" WIDTH="45" VPOS="1383" HPOS="1995"/>
<String CONTENT="law" HEIGHT="56" WIDTH="119" VPOS="1383" HPOS="2041"/>
</TextLine>
<TextLine HEIGHT="71" WIDTH="496" VPOS="1459" HPOS="163" STYLEREFS="StyleId-A8F57D6E-4ECD-41B1-9C7A-4FE92715050C-">
<String CONTENT="book" HEIGHT="57" WIDTH="158" VPOS="1459" HPOS="163"/>
<SP HEIGHT="57" WIDTH="29" VPOS="1459" HPOS="322"/>
<String CONTENT="co.," HEIGHT="52" WIDTH="107" VPOS="1478" HPOS="352"/>
<SP HEIGHT="69" WIDTH="33" VPOS="1461" HPOS="460"/>
<String CONTENT="1923." HEIGHT="56" WIDTH="165" VPOS="1459" HPOS="494"/>
</TextLine>
<TextLine HEIGHT="53" WIDTH="487" VPOS="1534" HPOS="231">
<String CONTENT="xxvi," HEIGHT="51" WIDTH="127" VPOS="1536" HPOS="231"/>
<SP HEIGHT="53" WIDTH="29" VPOS="1534" HPOS="359"/>
<String CONTENT="592" HEIGHT="45" WIDTH="79" VPOS="1534" HPOS="389"/>
<SP HEIGHT="51" WIDTH="28" VPOS="1536" HPOS="469"/>
<String CONTENT="p." HEIGHT="37" WIDTH="39" VPOS="1550" HPOS="498"/>
<SP HEIGHT="43" WIDTH="56" VPOS="1535" HPOS="538"/>
<String CONTENT="23" HEIGHT="43" WIDTH="53" VPOS="1535" HPOS="595"/>
<String STYLE="superscript" CONTENT="cm" HEIGHT="18" WIDTH="46" VPOS="1537" HPOS="657"/>
<String CONTENT="." HEIGHT="8" WIDTH="8" VPOS="1570" HPOS="710"/>
</TextLine>
<TextLine HEIGHT="56" WIDTH="1995" VPOS="1589" HPOS="164" CS="1">
<String CONTENT="&#169;" HEIGHT="54" WIDTH="53" VPOS="1590" HPOS="164"/>
<SP HEIGHT="54" WIDTH="27" VPOS="1590" HPOS="218"/>
<String CONTENT="Feb." HEIGHT="44" WIDTH="106" VPOS="1591" HPOS="246"/>
<SP HEIGHT="41" WIDTH="33" VPOS="1594" HPOS="353"/>
<String CONTENT="15," HEIGHT="54" WIDTH="61" VPOS="1589" HPOS="387"/>
<SP HEIGHT="50" WIDTH="33" VPOS="1593" HPOS="449"/>
<String CONTENT="1924;" HEIGHT="51" WIDTH="128" VPOS="1591" HPOS="483"/>
<SP HEIGHT="51" WIDTH="30" VPOS="1591" HPOS="612"/>
<String CONTENT="2c." HEIGHT="43" WIDTH="63" VPOS="1591" HPOS="643"/>
<SP HEIGHT="27" WIDTH="28" VPOS="1606" HPOS="707"/>
<String CONTENT="and" HEIGHT="42" WIDTH="86" VPOS="1592" HPOS="736"/>
<SP HEIGHT="42" WIDTH="26" VPOS="1592" HPOS="823"/>
<String CONTENT="aff." HEIGHT="42" WIDTH="79" VPOS="1591" HPOS="850"/>
<SP HEIGHT="51" WIDTH="29" VPOS="1591" HPOS="930"/>
<String CONTENT="Jan." HEIGHT="51" WIDTH="99" VPOS="1591" HPOS="960"/>
<SP/>
<String CONTENT="26," HEIGHT="52" WIDTH="66" VPOS="1590" HPOS="1088"/>
<SP HEIGHT="49" WIDTH="32" VPOS="1593" HPOS="1155"/>
<String CONTENT="1925;" HEIGHT="52" WIDTH="129" VPOS="1590" HPOS="1188"/>
<SP HEIGHT="51" WIDTH="31" VPOS="1591" HPOS="1318"/>
<!-- cceid 2D402DAF-6DD5-1014-B757-AF09C522E301 --><String CONTENT="A" HEIGHT="42" WIDTH="46" VPOS="1591" HPOS="1350"/>
<SP HEIGHT="43" WIDTH="25" VPOS="1591" HPOS="1397"/>
<String CONTENT="814775;" HEIGHT="53" WIDTH="189" VPOS="1591" HPOS="1423"/>
<SP HEIGHT="50" WIDTH="34" VPOS="1594" HPOS="1613"/>
<String CONTENT="Mike" HEIGHT="44" WIDTH="126" VPOS="1592" HPOS="1648"/>
<SP HEIGHT="42" WIDTH="29" VPOS="1594" HPOS="1775"/>
<String CONTENT="Holm," HEIGHT="53" WIDTH="155" VPOS="1592" HPOS="1805"/>
<SP HEIGHT="35" WIDTH="30" VPOS="1610" HPOS="1961"/>
<String CONTENT="sec." HEIGHT="30" WIDTH="86" VPOS="1608" HPOS="1992"/>
<SP HEIGHT="28" WIDTH="29" VPOS="1610" HPOS="2079"/>
<String CONTENT="of" HEIGHT="44" WIDTH="50" VPOS="1594" HPOS="2109"/>
</TextLine>
<TextLine HEIGHT="56" WIDTH="1923" VPOS="1646" HPOS="235" CS="1">
<String CONTENT="the" HEIGHT="43" WIDTH="74" VPOS="1648" HPOS="235"/>
<SP HEIGHT="27" WIDTH="27" VPOS="1664" HPOS="310"/>
<String CONTENT="state" HEIGHT="35" WIDTH="114" VPOS="1656" HPOS="338"/>
<SP HEIGHT="28" WIDTH="25" VPOS="1663" HPOS="453"/>
<String CONTENT="of" HEIGHT="43" WIDTH="51" VPOS="1648" HPOS="479"/>
<SP HEIGHT="41" WIDTH="27" VPOS="1648" HPOS="531"/>
<String CONTENT="Minn.," HEIGHT="53" WIDTH="158" VPOS="1646" HPOS="559"/>
<SP HEIGHT="51" WIDTH="26" VPOS="1648" HPOS="718"/>
<String CONTENT="in" HEIGHT="41" WIDTH="43" VPOS="1648" HPOS="745"/>
<SP HEIGHT="35" WIDTH="25" VPOS="1654" HPOS="789"/>
<String CONTENT="trust" HEIGHT="35" WIDTH="119" VPOS="1654" HPOS="815"/>
<SP HEIGHT="42" WIDTH="25" VPOS="1647" HPOS="935"/>
<String CONTENT="for" HEIGHT="43" WIDTH="73" VPOS="1647" HPOS="961"/>
<SP HEIGHT="35" WIDTH="27" VPOS="1655" HPOS="1035"/>
<String CONTENT="the" HEIGHT="43" WIDTH="74" VPOS="1648" HPOS="1063"/>
<SP HEIGHT="42" WIDTH="25" VPOS="1649" HPOS="1138"/>
<String CONTENT="benefit" HEIGHT="43" WIDTH="168" VPOS="1648" HPOS="1164"/>
<SP HEIGHT="36" WIDTH="25" VPOS="1655" HPOS="1333"/>
<String CONTENT="of" HEIGHT="43" WIDTH="50" VPOS="1648" HPOS="1359"/>
<SP HEIGHT="43" WIDTH="26" VPOS="1648" HPOS="1410"/>
<String CONTENT="the" HEIGHT="43" WIDTH="78" VPOS="1648" HPOS="1437"/>
<SP HEIGHT="39" WIDTH="23" VPOS="1662" HPOS="1516"/>
<String CONTENT="people" HEIGHT="51" WIDTH="156" VPOS="1650" HPOS="1540"/>
<SP HEIGHT="28" WIDTH="27" VPOS="1664" HPOS="1697"/>
<String CONTENT="of" HEIGHT="43" WIDTH="53" VPOS="1649" HPOS="1725"/>
<SP HEIGHT="44" WIDTH="27" VPOS="1649" HPOS="1779"/>
<String CONTENT="said" HEIGHT="43" WIDTH="95" VPOS="1650" HPOS="1807"/>
<SP HEIGHT="43" WIDTH="28" VPOS="1651" HPOS="1903"/>
<String CONTENT="state," HEIGHT="44" WIDTH="127" VPOS="1658" HPOS="1932"/>
<SP HEIGHT="53" WIDTH="31" VPOS="1649" HPOS="2060"/>
<String CONTENT="St." HEIGHT="47" WIDTH="66" VPOS="1649" HPOS="2092"/>
</TextLine>
<TextLine HEIGHT="43" WIDTH="127" VPOS="1704" HPOS="237">
<String CONTENT="Paul." HEIGHT="43" WIDTH="127" VPOS="1704" HPOS="237"/>
</TextLine>
<TextLine HEIGHT="73" WIDTH="960" VPOS="1802" HPOS="164" STYLEREFS="StyleId-34A0F853-3108-4A79-9250-F1577E6378D8-">
<String CONTENT="Minnigerode," HEIGHT="73" WIDTH="451" VPOS="1802" HPOS="164"/>
<SP HEIGHT="69" WIDTH="38" VPOS="1804" HPOS="616"/>
<String CONTENT="Meade," HEIGHT="70" WIDTH="240" VPOS="1802" HPOS="655"/>
<SP HEIGHT="65" WIDTH="39" VPOS="1807" HPOS="896"/>
<String CONTENT="1887-" HEIGHT="61" WIDTH="188" VPOS="1805" HPOS="936"/>
</TextLine>
<TextLine HEIGHT="77" WIDTH="1919" VPOS="1891" HPOS="238" STYLEREFS="StyleId-A8F57D6E-4ECD-41B1-9C7A-4FE92715050C-">
<String CONTENT="Lives" HEIGHT="57" WIDTH="186" VPOS="1893" HPOS="238"/>
<SP HEIGHT="37" WIDTH="35" VPOS="1913" HPOS="425"/>
<String CONTENT="and" HEIGHT="56" WIDTH="122" VPOS="1893" HPOS="461"/>
<SP HEIGHT="56" WIDTH="32" VPOS="1893" HPOS="584"/>
<String CONTENT="times;" HEIGHT="71" WIDTH="216" VPOS="1891" HPOS="617"/>
<SP HEIGHT="69" WIDTH="33" VPOS="1893" HPOS="834"/>
<String CONTENT="four" HEIGHT="56" WIDTH="149" VPOS="1893" HPOS="868"/>
<SP HEIGHT="55" WIDTH="29" VPOS="1892" HPOS="1018"/>
<String CONTENT="informal" HEIGHT="59" WIDTH="303" VPOS="1891" HPOS="1048"/>
<SP HEIGHT="56" WIDTH="28" VPOS="1893" HPOS="1352"/>
<String CONTENT="American" HEIGHT="58" WIDTH="336" VPOS="1893" HPOS="1381"/>
<SP HEIGHT="57" WIDTH="33" VPOS="1896" HPOS="1718"/>
<String CONTENT="biographies" HEIGHT="73" WIDTH="405" VPOS="1895" HPOS="1752"/>
</TextLine>
<TextLine HEIGHT="76" WIDTH="1987" VPOS="1970" HPOS="169" STYLEREFS="StyleId-A8F57D6E-4ECD-41B1-9C7A-4FE92715050C-">
<String CONTENT="..." HEIGHT="9" WIDTH="61" VPOS="2018" HPOS="169"/>
<SP HEIGHT="57" WIDTH="30" VPOS="1971" HPOS="231"/>
<String CONTENT="by" HEIGHT="73" WIDTH="83" VPOS="1971" HPOS="262"/>
<SP HEIGHT="73" WIDTH="23" VPOS="1971" HPOS="346"/>
<String CONTENT="Meade" HEIGHT="56" WIDTH="221" VPOS="1971" HPOS="370"/>
<SP HEIGHT="56" WIDTH="30" VPOS="1971" HPOS="592"/>
<String CONTENT="Minnigerode" HEIGHT="73" WIDTH="434" VPOS="1970" HPOS="623"/>
<SP HEIGHT="38" WIDTH="32" VPOS="1989" HPOS="1058"/>
<String CONTENT="..." HEIGHT="10" WIDTH="60" VPOS="2017" HPOS="1091"/>
<SP HEIGHT="56" WIDTH="71" VPOS="1971" HPOS="1152"/>
<String CONTENT="New" HEIGHT="57" WIDTH="152" VPOS="1971" HPOS="1224"/>
<SP HEIGHT="56" WIDTH="26" VPOS="1972" HPOS="1377"/>
<String CONTENT="York" HEIGHT="56" WIDTH="173" VPOS="1972" HPOS="1404"/>
<SP HEIGHT="57" WIDTH="24" VPOS="1972" HPOS="1578"/>
<String CONTENT="&amp;" HEIGHT="57" WIDTH="48" VPOS="1972" HPOS="1603"/>
<SP HEIGHT="57" WIDTH="25" VPOS="1972" HPOS="1652"/>
<String CONTENT="London," HEIGHT="74" WIDTH="278" VPOS="1972" HPOS="1678"/>
<SP HEIGHT="72" WIDTH="29" VPOS="1974" HPOS="1957"/>
<String CONTENT="G." HEIGHT="59" WIDTH="68" VPOS="1974" HPOS="1987"/>
<SP HEIGHT="56" WIDTH="29" VPOS="1975" HPOS="2056"/>
<String CONTENT="P." HEIGHT="57" WIDTH="70" VPOS="1975" HPOS="2086"/>
</TextLine>
<TextLine HEIGHT="70" WIDTH="716" VPOS="2050" HPOS="162" STYLEREFS="StyleId-A8F57D6E-4ECD-41B1-9C7A-4FE92715050C-">
<String CONTENT="Putnam&#8217;s" HEIGHT="57" WIDTH="331" VPOS="2050" HPOS="162"/>
<SP HEIGHT="37" WIDTH="27" VPOS="2069" HPOS="494"/>
<String CONTENT="sons," HEIGHT="52" WIDTH="162" VPOS="2068" HPOS="522"/>
<SP HEIGHT="69" WIDTH="28" VPOS="2051" HPOS="685"/>
<String CONTENT="1925." HEIGHT="55" WIDTH="164" VPOS="2050" HPOS="714"/>
</TextLine>
<TextLine HEIGHT="54" WIDTH="1045" VPOS="2127" HPOS="238" CS="1">
<String CONTENT="viii," HEIGHT="51" WIDTH="90" VPOS="2130" HPOS="238"/>
<SP HEIGHT="50" WIDTH="27" VPOS="2131" HPOS="329"/>
<String CONTENT="215" HEIGHT="44" WIDTH="78" VPOS="2128" HPOS="357"/>
<SP HEIGHT="52" WIDTH="28" VPOS="2128" HPOS="436"/>
<String CONTENT="p." HEIGHT="37" WIDTH="39" VPOS="2143" HPOS="465"/>
<SP HEIGHT="43" WIDTH="60" VPOS="2127" HPOS="505"/>
<String CONTENT="front.," HEIGHT="51" WIDTH="149" VPOS="2127" HPOS="566"/>
<SP HEIGHT="37" WIDTH="30" VPOS="2143" HPOS="716"/>
<String CONTENT="plates," HEIGHT="52" WIDTH="155" VPOS="2128" HPOS="747"/>
<SP HEIGHT="37" WIDTH="30" VPOS="2143" HPOS="903"/>
<String CONTENT="ports." HEIGHT="46" WIDTH="139" VPOS="2134" HPOS="934"/>
<SP HEIGHT="43" WIDTH="58" VPOS="2128" HPOS="1074"/>
<String CS="1" CONTENT="23&#189;" HEIGHT="43" WIDTH="51" VPOS="2128" HPOS="1133"/>
<String STYLE="superscript" CONTENT="cm" HEIGHT="16" WIDTH="46" VPOS="2131" HPOS="1221"/>
<String CONTENT="." HEIGHT="7" WIDTH="8" VPOS="2164" HPOS="1275"/>
</TextLine>
<TextLine HEIGHT="51" WIDTH="626" VPOS="2185" HPOS="240">
<String CONTENT="Illustrated" HEIGHT="44" WIDTH="260" VPOS="2185" HPOS="240"/>
<SP HEIGHT="43" WIDTH="25" VPOS="2185" HPOS="501"/>
<String CONTENT="lining-papers." HEIGHT="51" WIDTH="339" VPOS="2185" HPOS="527"/>
</TextLine>
<TextLine HEIGHT="57" WIDTH="1584" VPOS="2239" HPOS="581" CS="1">
<String CS="1" CONTENT="CONTENTS.&#8212;Stephen" HEIGHT="54" WIDTH="197" VPOS="2239" HPOS="581"/>
<SP HEIGHT="51" WIDTH="25" VPOS="2241" HPOS="779"/>
<String CONTENT="Jumel," HEIGHT="52" WIDTH="161" VPOS="2240" HPOS="805"/>
<SP HEIGHT="36" WIDTH="25" VPOS="2255" HPOS="967"/>
<String CONTENT="merchant.&#8212;William" HEIGHT="45" WIDTH="514" VPOS="2240" HPOS="993"/>
<SP HEIGHT="47" WIDTH="25" VPOS="2242" HPOS="1508"/>
<String CONTENT="Eaton," HEIGHT="54" WIDTH="161" VPOS="2242" HPOS="1534"/>
<SP HEIGHT="52" WIDTH="28" VPOS="2244" HPOS="1696"/>
<String CONTENT="hero.&#8212;Theodosia" HEIGHT="46" WIDTH="440" VPOS="2244" HPOS="1725"/>
</TextLine>
<TextLine HEIGHT="55" WIDTH="1236" VPOS="2295" HPOS="171" CS="1">
<String CONTENT="Burr," HEIGHT="50" WIDTH="130" VPOS="2299" HPOS="171"/>
<SP HEIGHT="37" WIDTH="27" VPOS="2313" HPOS="302"/>
<String CONTENT="prodigy.&#8212;Edmond" HEIGHT="55" WIDTH="472" VPOS="2295" HPOS="330"/>
<SP HEIGHT="43" WIDTH="30" VPOS="2297" HPOS="803"/>
<String CONTENT="Charles" HEIGHT="44" WIDTH="186" VPOS="2296" HPOS="834"/>
<SP HEIGHT="45" WIDTH="29" VPOS="2296" HPOS="1021"/>
<String CS="1" CONTENT="Gen&#234;t;" HEIGHT="52" WIDTH="160" VPOS="2296" HPOS="1051"/>
<SP HEIGHT="38" WIDTH="21" VPOS="2310" HPOS="1212"/>
<String CONTENT="citizen." HEIGHT="43" WIDTH="173" VPOS="2298" HPOS="1234"/>
</TextLine>
<TextLine HEIGHT="58" WIDTH="1993" VPOS="2352" HPOS="166" CS="1">
<String CONTENT="&#169;" HEIGHT="54" WIDTH="53" VPOS="2352" HPOS="166"/>
<SP HEIGHT="54" WIDTH="27" VPOS="2352" HPOS="220"/>
<String CONTENT="Feb." HEIGHT="44" WIDTH="106" VPOS="2354" HPOS="248"/>
<SP HEIGHT="43" WIDTH="24" VPOS="2354" HPOS="355"/>
<String CONTENT="27," HEIGHT="51" WIDTH="67" VPOS="2354" HPOS="380"/>
<SP HEIGHT="49" WIDTH="31" VPOS="2356" HPOS="448"/>
<String CONTENT="1925;" HEIGHT="53" WIDTH="129" VPOS="2352" HPOS="480"/>
<SP HEIGHT="51" WIDTH="26" VPOS="2354" HPOS="610"/>
<String CONTENT="2c." HEIGHT="42" WIDTH="66" VPOS="2354" HPOS="637"/>
<SP HEIGHT="28" WIDTH="28" VPOS="2368" HPOS="704"/>
<String CONTENT="and" HEIGHT="42" WIDTH="86" VPOS="2354" HPOS="733"/>
<SP HEIGHT="42" WIDTH="26" VPOS="2354" HPOS="820"/>
<String CONTENT="aff." HEIGHT="42" WIDTH="79" VPOS="2353" HPOS="847"/>
<SP HEIGHT="41" WIDTH="29" VPOS="2354" HPOS="927"/>
<String CONTENT="Mar." HEIGHT="42" WIDTH="119" VPOS="2354" HPOS="957"/>
<SP HEIGHT="43" WIDTH="27" VPOS="2352" HPOS="1077"/>
<String CONTENT="6;" HEIGHT="51" WIDTH="49" VPOS="2352" HPOS="1105"/>
<SP HEIGHT="49" WIDTH="29" VPOS="2354" HPOS="1155"/>
<!-- cceid 2D40BFD7-6DD5-1014-B757-AF09C522E301 --><String CONTENT="A" HEIGHT="41" WIDTH="44" VPOS="2354" HPOS="1185"/>
<SP HEIGHT="43" WIDTH="28" VPOS="2353" HPOS="1230"/>
<String CONTENT="822259;" HEIGHT="53" WIDTH="189" VPOS="2353" HPOS="1259"/>
<SP HEIGHT="51" WIDTH="32" VPOS="2355" HPOS="1449"/>
<String CONTENT="M." HEIGHT="42" WIDTH="65" VPOS="2355" HPOS="1482"/>
<SP HEIGHT="41" WIDTH="30" VPOS="2356" HPOS="1548"/>
<String CONTENT="Minnigerode," HEIGHT="55" WIDTH="330" VPOS="2355" HPOS="1579"/>
<SP HEIGHT="55" WIDTH="30" VPOS="2355" HPOS="1910"/>
<String CS="1" CONTENT="&#8453;"/>
<SP HEIGHT="48" WIDTH="31" VPOS="2355" HPOS="1992"/>
<String CONTENT="G." HEIGHT="45" WIDTH="51" VPOS="2358" HPOS="2024"/>
<SP HEIGHT="42" WIDTH="31" VPOS="2360" HPOS="2076"/>
<String CONTENT="P." HEIGHT="43" WIDTH="51" VPOS="2360" HPOS="2108"/>
</TextLine>
<TextLine HEIGHT="56" WIDTH="1027" VPOS="2407" HPOS="238">
<String CONTENT="Putnam&#8217;s" HEIGHT="44" WIDTH="231" VPOS="2410" HPOS="238"/>
<SP HEIGHT="27" WIDTH="34" VPOS="2425" HPOS="470"/>
<String CONTENT="sons," HEIGHT="35" WIDTH="117" VPOS="2425" HPOS="505"/>
<SP HEIGHT="51" WIDTH="35" VPOS="2409" HPOS="623"/>
<String CONTENT="New" HEIGHT="43" WIDTH="117" VPOS="2409" HPOS="659"/>
<SP HEIGHT="42" WIDTH="32" VPOS="2410" HPOS="777"/>
<String CONTENT="York." HEIGHT="42" WIDTH="142" VPOS="2410" HPOS="810"/>
<SP HEIGHT="53" WIDTH="68" VPOS="2409" HPOS="953"/>
<String CONTENT="(25-6392)" HEIGHT="56" WIDTH="243" VPOS="2407" HPOS="1022"/>
</TextLine>
<TextLine HEIGHT="73" WIDTH="634" VPOS="2506" HPOS="163" STYLEREFS="StyleId-34A0F853-3108-4A79-9250-F1577E6378D8-">
<String CONTENT="Mulholland," HEIGHT="73" WIDTH="409" VPOS="2506" HPOS="163"/>
<SP HEIGHT="72" WIDTH="38" VPOS="2507" HPOS="573"/>
<String CONTENT="John." HEIGHT="59" WIDTH="185" VPOS="2506" HPOS="612"/>
</TextLine>
<TextLine HEIGHT="81" WIDTH="1918" VPOS="2596" HPOS="241" STYLEREFS="StyleId-A8F57D6E-4ECD-41B1-9C7A-4FE92715050C-">
<String CONTENT="Magic" HEIGHT="73" WIDTH="211" VPOS="2598" HPOS="241"/>
<SP HEIGHT="57" WIDTH="42" VPOS="2598" HPOS="453"/>
<String CONTENT="in" HEIGHT="56" WIDTH="64" VPOS="2598" HPOS="496"/>
<SP HEIGHT="55" WIDTH="48" VPOS="2600" HPOS="561"/>
<String CONTENT="the" HEIGHT="58" WIDTH="102" VPOS="2597" HPOS="610"/>
<SP HEIGHT="39" WIDTH="44" VPOS="2616" HPOS="713"/>
<String CONTENT="making;" HEIGHT="73" WIDTH="285" VPOS="2597" HPOS="758"/>
<SP HEIGHT="53" WIDTH="48" VPOS="2616" HPOS="1044"/>
<String CONTENT="a" HEIGHT="38" WIDTH="37" VPOS="2616" HPOS="1093"/>
<SP HEIGHT="58" WIDTH="42" VPOS="2596" HPOS="1131"/>
<String CONTENT="first" HEIGHT="59" WIDTH="140" VPOS="2596" HPOS="1174"/>
<SP HEIGHT="58" WIDTH="44" VPOS="2598" HPOS="1315"/>
<String CONTENT="book" HEIGHT="58" WIDTH="159" VPOS="2598" HPOS="1360"/>
<SP HEIGHT="58" WIDTH="46" VPOS="2599" HPOS="1520"/>
<String CONTENT="of" HEIGHT="57" WIDTH="66" VPOS="2600" HPOS="1567"/>
<SP HEIGHT="59" WIDTH="48" VPOS="2600" HPOS="1634"/>
<String CONTENT="conjuring," HEIGHT="75" WIDTH="348" VPOS="2602" HPOS="1683"/>
<SP HEIGHT="72" WIDTH="46" VPOS="2605" HPOS="2032"/>
<String CONTENT="by" HEIGHT="72" WIDTH="80" VPOS="2605" HPOS="2079"/>
</TextLine>
<TextLine HEIGHT="65" WIDTH="1997" VPOS="2676" HPOS="164" STYLEREFS="StyleId-A8F57D6E-4ECD-41B1-9C7A-4FE92715050C-">
<String CONTENT="John" HEIGHT="58" WIDTH="169" VPOS="2678" HPOS="164"/>
<SP HEIGHT="55" WIDTH="36" VPOS="2678" HPOS="334"/>
<String CONTENT="Mulholland" HEIGHT="57" WIDTH="389" VPOS="2676" HPOS="371"/>
<SP HEIGHT="56" WIDTH="40" VPOS="2677" HPOS="761"/>
<String CONTENT="..." HEIGHT="9" WIDTH="62" VPOS="2723" HPOS="802"/>
<SP HEIGHT="36" WIDTH="40" VPOS="2697" HPOS="865"/>
<String CONTENT="and" HEIGHT="56" WIDTH="125" VPOS="2677" HPOS="906"/>
<SP HEIGHT="57" WIDTH="32" VPOS="2676" HPOS="1032"/>
<String CONTENT="Milton" HEIGHT="57" WIDTH="226" VPOS="2676" HPOS="1065"/>
<SP HEIGHT="55" WIDTH="34" VPOS="2677" HPOS="1292"/>
<String CONTENT="M." HEIGHT="56" WIDTH="82" VPOS="2677" HPOS="1327"/>
<SP HEIGHT="58" WIDTH="40" VPOS="2677" HPOS="1410"/>
<String CONTENT="Smith" HEIGHT="58" WIDTH="206" VPOS="2677" HPOS="1451"/>
<SP HEIGHT="58" WIDTH="39" VPOS="2679" HPOS="1658"/>
<String CONTENT="..." HEIGHT="10" WIDTH="61" VPOS="2727" HPOS="1698"/>
<SP HEIGHT="56" WIDTH="40" VPOS="2681" HPOS="1760"/>
<String CONTENT="illustrated" HEIGHT="60" WIDTH="360" VPOS="2681" HPOS="1801"/>
</TextLine>
<TextLine HEIGHT="81" WIDTH="1993" VPOS="2752" HPOS="165" STYLEREFS="StyleId-A8F57D6E-4ECD-41B1-9C7A-4FE92715050C-">
<String CONTENT="with" HEIGHT="57" WIDTH="149" VPOS="2756" HPOS="165"/>
<SP HEIGHT="56" WIDTH="45" VPOS="2756" HPOS="315"/>
<String CONTENT="diagrams" HEIGHT="71" WIDTH="319" VPOS="2755" HPOS="361"/>
<SP HEIGHT="37" WIDTH="49" VPOS="2774" HPOS="681"/>
<String CONTENT="and" HEIGHT="56" WIDTH="123" VPOS="2755" HPOS="731"/>
<SP HEIGHT="56" WIDTH="46" VPOS="2755" HPOS="855"/>
<String CONTENT="drawings." HEIGHT="74" WIDTH="333" VPOS="2752" HPOS="902"/>
<SP HEIGHT="57" WIDTH="88" VPOS="2754" HPOS="1236"/>
<String CONTENT="New" HEIGHT="59" WIDTH="152" VPOS="2754" HPOS="1325"/>
<SP HEIGHT="57" WIDTH="44" VPOS="2756" HPOS="1478"/>
<String CONTENT="York," HEIGHT="72" WIDTH="191" VPOS="2756" HPOS="1523"/>
<SP HEIGHT="69" WIDTH="46" VPOS="2759" HPOS="1715"/>
<String CONTENT="London," HEIGHT="74" WIDTH="277" VPOS="2759" HPOS="1762"/>
<SP HEIGHT="73" WIDTH="53" VPOS="2760" HPOS="2040"/>
<String CONTENT="C." HEIGHT="59" WIDTH="64" VPOS="2760" HPOS="2094"/>
</TextLine>
<TextLine HEIGHT="71" WIDTH="738" VPOS="2833" HPOS="167" STYLEREFS="StyleId-A8F57D6E-4ECD-41B1-9C7A-4FE92715050C-">
<String CONTENT="Scribner&#8217;s" HEIGHT="58" WIDTH="353" VPOS="2834" HPOS="167"/>
<SP HEIGHT="38" WIDTH="29" VPOS="2851" HPOS="521"/>
<String CONTENT="sons," HEIGHT="53" WIDTH="163" VPOS="2851" HPOS="551"/>
<SP HEIGHT="70" WIDTH="24" VPOS="2834" HPOS="715"/>
<String CONTENT="1925." HEIGHT="55" WIDTH="165" VPOS="2833" HPOS="740"/>
</TextLine>
<TextLine HEIGHT="56" WIDTH="1186" VPOS="2909" HPOS="247" CS="1">
<String CONTENT="ix" HEIGHT="43" WIDTH="45" VPOS="2912" HPOS="247"/>
<SP HEIGHT="37" WIDTH="24" VPOS="2928" HPOS="293"/>
<String LANG="la" CONTENT="p.," HEIGHT="37" WIDTH="53" VPOS="2928" HPOS="318"/>
<SP HEIGHT="48" WIDTH="28" VPOS="2914" HPOS="372"/>
<String CONTENT="1" HEIGHT="40" WIDTH="18" VPOS="2914" HPOS="401"/>
<SP/>
<String CS="1" CONTENT="l.,"/>
<SP/>
<String CONTENT="134" HEIGHT="43" WIDTH="77" VPOS="2911" HPOS="519"/>
<SP HEIGHT="52" WIDTH="22" VPOS="2911" HPOS="597"/>
<String CONTENT="p." HEIGHT="38" WIDTH="39" VPOS="2925" HPOS="620"/>
<SP HEIGHT="42" WIDTH="60" VPOS="2910" HPOS="660"/>
<String CONTENT="front.," HEIGHT="50" WIDTH="150" VPOS="2910" HPOS="721"/>
<SP HEIGHT="49" WIDTH="26" VPOS="2911" HPOS="872"/>
<String CONTENT="illus.," HEIGHT="53" WIDTH="130" VPOS="2909" HPOS="899"/>
<SP HEIGHT="51" WIDTH="25" VPOS="2911" HPOS="1030"/>
<String CONTENT="diagrs." HEIGHT="52" WIDTH="167" VPOS="2910" HPOS="1056"/>
<SP HEIGHT="40" WIDTH="62" VPOS="2913" HPOS="1224"/>
<String CS="1" CONTENT="18&#189;cm." HEIGHT="43" WIDTH="146" VPOS="2911" HPOS="1287"/>
</TextLine>
<TextLine HEIGHT="56" WIDTH="1993" VPOS="2965" HPOS="168">
<String CONTENT="&#169;" HEIGHT="54" WIDTH="53" VPOS="2967" HPOS="168"/>
<SP HEIGHT="54" WIDTH="22" VPOS="2967" HPOS="222"/>
<String CONTENT="Feb." HEIGHT="45" WIDTH="108" VPOS="2967" HPOS="245"/>
<SP HEIGHT="42" WIDTH="21" VPOS="2969" HPOS="354"/>
<String CONTENT="27," HEIGHT="51" WIDTH="65" VPOS="2967" HPOS="376"/>
<SP HEIGHT="49" WIDTH="27" VPOS="2969" HPOS="442"/>
<String CONTENT="1925;" HEIGHT="53" WIDTH="129" VPOS="2966" HPOS="470"/>
<SP HEIGHT="51" WIDTH="23" VPOS="2968" HPOS="600"/>
<String CONTENT="2c." HEIGHT="42" WIDTH="64" VPOS="2968" HPOS="624"/>
<SP HEIGHT="43" WIDTH="24" VPOS="2967" HPOS="689"/>
<String CONTENT="Mar." HEIGHT="42" WIDTH="119" VPOS="2967" HPOS="714"/>
<SP HEIGHT="44" WIDTH="24" VPOS="2965" HPOS="834"/>
<String CONTENT="7;" HEIGHT="53" WIDTH="49" VPOS="2965" HPOS="859"/>
<SP HEIGHT="37" WIDTH="25" VPOS="2981" HPOS="909"/>
<String CONTENT="aff." HEIGHT="42" WIDTH="78" VPOS="2967" HPOS="935"/>
<SP HEIGHT="43" WIDTH="24" VPOS="2966" HPOS="1014"/>
<String CONTENT="Mar." HEIGHT="43" WIDTH="119" VPOS="2966" HPOS="1039"/>
<SP HEIGHT="42" WIDTH="22" VPOS="2967" HPOS="1159"/>
<String CONTENT="2;" HEIGHT="51" WIDTH="50" VPOS="2967" HPOS="1182"/>
<SP HEIGHT="51" WIDTH="26" VPOS="2967" HPOS="1233"/>
<!-- cceid 2D414D19-6DD5-1014-B757-AF09C522E301 --><String CONTENT="A" HEIGHT="42" WIDTH="43" VPOS="2967" HPOS="1260"/>
<SP HEIGHT="42" WIDTH="23" VPOS="2967" HPOS="1304"/>
<String CONTENT="823335;" HEIGHT="53" WIDTH="189" VPOS="2966" HPOS="1328"/>
<SP HEIGHT="52" WIDTH="29" VPOS="2967" HPOS="1518"/>
<String CONTENT="Charles" HEIGHT="46" WIDTH="187" VPOS="2967" HPOS="1548"/>
<SP HEIGHT="47" WIDTH="28" VPOS="2969" HPOS="1736"/>
<String CONTENT="Scribner&#8217;s" HEIGHT="47" WIDTH="251" VPOS="2969" HPOS="1765"/>
<SP HEIGHT="28" WIDTH="25" VPOS="2988" HPOS="2017"/>
<String CONTENT="sons." HEIGHT="30" WIDTH="118" VPOS="2987" HPOS="2043"/>
</TextLine>
<TextLine HEIGHT="56" WIDTH="241" VPOS="3023" HPOS="247">
<String CONTENT="(25-6215)" HEIGHT="56" WIDTH="241" VPOS="3023" HPOS="247"/>
</TextLine>
<TextLine HEIGHT="75" WIDTH="1096" VPOS="3121" HPOS="169" STYLEREFS="StyleId-A8F57D6E-4ECD-41B1-9C7A-4FE92715050C-">
<String CONTENT="Myers," HEIGHT="71" WIDTH="227" VPOS="3125" HPOS="169"/>
<SP HEIGHT="71" WIDTH="36" VPOS="3124" HPOS="397"/>
<String CONTENT="Garry" HEIGHT="71" WIDTH="208" VPOS="3124" HPOS="434"/>
<SP HEIGHT="73" WIDTH="37" VPOS="3122" HPOS="643"/>
<String CONTENT="Cleveland," HEIGHT="73" WIDTH="353" VPOS="3121" HPOS="681"/>
<SP HEIGHT="69" WIDTH="40" VPOS="3125" HPOS="1035"/>
<String CONTENT="1884-" HEIGHT="56" WIDTH="189" VPOS="3125" HPOS="1076"/>
</TextLine>
<TextLine HEIGHT="79" WIDTH="1934" VPOS="3213" HPOS="225" STYLEREFS="StyleId-A8F57D6E-4ECD-41B1-9C7A-4FE92715050C-">
<String CONTENT="The" HEIGHT="57" WIDTH="130" VPOS="3216" HPOS="225"/>
<SP HEIGHT="58" WIDTH="22" VPOS="3215" HPOS="356"/>
<String CONTENT="learner" HEIGHT="57" WIDTH="249" VPOS="3215" HPOS="379"/>
<SP HEIGHT="37" WIDTH="26" VPOS="3233" HPOS="629"/>
<String CONTENT="and" HEIGHT="56" WIDTH="122" VPOS="3214" HPOS="656"/>
<SP HEIGHT="57" WIDTH="22" VPOS="3213" HPOS="779"/>
<String CONTENT="his" HEIGHT="57" WIDTH="97" VPOS="3213" HPOS="802"/>
<SP HEIGHT="37" WIDTH="25" VPOS="3233" HPOS="900"/>
<String CONTENT="attitude," HEIGHT="71" WIDTH="288" VPOS="3213" HPOS="926"/>
<SP HEIGHT="70" WIDTH="22" VPOS="3214" HPOS="1215"/>
<String CONTENT="by" HEIGHT="71" WIDTH="83" VPOS="3214" HPOS="1238"/>
<SP HEIGHT="72" WIDTH="24" VPOS="3213" HPOS="1322"/>
<String CONTENT="Garry" HEIGHT="74" WIDTH="209" VPOS="3213" HPOS="1347"/>
<SP HEIGHT="72" WIDTH="25" VPOS="3215" HPOS="1557"/>
<String CONTENT="Cleveland" HEIGHT="63" WIDTH="336" VPOS="3215" HPOS="1583"/>
<SP HEIGHT="57" WIDTH="25" VPOS="3221" HPOS="1920"/>
<String CONTENT="Myers" HEIGHT="71" WIDTH="213" VPOS="3221" HPOS="1946"/>
</TextLine>
<TextLine HEIGHT="80" WIDTH="1925" VPOS="3290" HPOS="175" STYLEREFS="StyleId-A8F57D6E-4ECD-41B1-9C7A-4FE92715050C-" CS="1">
<String CONTENT="..." HEIGHT="11" WIDTH="61" VPOS="3339" HPOS="175"/>
<SP HEIGHT="59" WIDTH="87" VPOS="3292" HPOS="237"/>
<String CONTENT="Chicago," HEIGHT="73" WIDTH="288" VPOS="3291" HPOS="325"/>
<SP HEIGHT="70" WIDTH="27" VPOS="3291" HPOS="614"/>
<String CONTENT="New" HEIGHT="57" WIDTH="152" VPOS="3291" HPOS="642"/>
<SP HEIGHT="55" WIDTH="22" VPOS="3292" HPOS="795"/>
<String CONTENT="York" HEIGHT="57" WIDTH="172" VPOS="3291" HPOS="818"/>
<SP HEIGHT="72" WIDTH="29" VPOS="3291" HPOS="991"/>
<String CS="1" CONTENT="[etc.]" HEIGHT="69" WIDTH="128" VPOS="3294" HPOS="1038"/>
<SP HEIGHT="73" WIDTH="27" VPOS="3290" HPOS="1167"/>
<String LANG="la" CONTENT="B." HEIGHT="57" WIDTH="71" VPOS="3290" HPOS="1195"/>
<SP HEIGHT="55" WIDTH="27" VPOS="3292" HPOS="1267"/>
<String CONTENT="H." HEIGHT="56" WIDTH="79" VPOS="3292" HPOS="1295"/>
<SP HEIGHT="58" WIDTH="31" VPOS="3292" HPOS="1375"/>
<String CONTENT="Sanborn" HEIGHT="59" WIDTH="287" VPOS="3292" HPOS="1407"/>
<SP HEIGHT="57" WIDTH="26" VPOS="3295" HPOS="1695"/>
<String CONTENT="&amp;" HEIGHT="57" WIDTH="48" VPOS="3295" HPOS="1722"/>
<SP HEIGHT="58" WIDTH="26" VPOS="3295" HPOS="1771"/>
<String CONTENT="co.," HEIGHT="54" WIDTH="105" VPOS="3316" HPOS="1798"/>
<SP HEIGHT="69" WIDTH="30" VPOS="3301" HPOS="1904"/>
<String CONTENT="1925." HEIGHT="55" WIDTH="165" VPOS="3300" HPOS="1935"/>
</TextLine>
<TextLine HEIGHT="53" WIDTH="574" VPOS="3369" HPOS="248" STYLEREFS="StyleId-A8F57D6E-4ECD-41B1-9C7A-4FE92715050C-" CS="1">
<String CS="1" CONTENT="xiii," HEIGHT="50" WIDTH="94" VPOS="3372" HPOS="248"/>
<SP HEIGHT="34" WIDTH="26" VPOS="3388" HPOS="343"/>
<String CS="1" CONTENT="[1]," HEIGHT="34" WIDTH="68" VPOS="3388" HPOS="370"/>
<SP HEIGHT="50" WIDTH="25" VPOS="3372" HPOS="439"/>
<String CONTENT="418" HEIGHT="44" WIDTH="80" VPOS="3370" HPOS="465"/>
<SP HEIGHT="52" WIDTH="25" VPOS="3370" HPOS="546"/>
<String CONTENT="p." HEIGHT="37" WIDTH="40" VPOS="3385" HPOS="572"/>
<SP HEIGHT="47" WIDTH="61" VPOS="3369" HPOS="613"/>
<String CS="1" CONTENT="18&#189;"/>
<String STYLE="superscript" CONTENT="cm" HEIGHT="17" WIDTH="46" VPOS="3372" HPOS="760"/>
<String CONTENT="." HEIGHT="7" WIDTH="8" VPOS="3405" HPOS="814"/>
</TextLine>
<TextLine HEIGHT="55" WIDTH="649" VPOS="3424" HPOS="246">
<String CONTENT="Bibliography:" HEIGHT="53" WIDTH="350" VPOS="3426" HPOS="246"/>
<SP HEIGHT="38" WIDTH="25" VPOS="3441" HPOS="597"/>
<String CONTENT="p." HEIGHT="38" WIDTH="40" VPOS="3441" HPOS="623"/>
<SP HEIGHT="43" WIDTH="26" VPOS="3426" HPOS="664"/>
<String CONTENT="408-410." HEIGHT="45" WIDTH="204" VPOS="3424" HPOS="691"/>
</TextLine>
<TextLine HEIGHT="55" WIDTH="1936" VPOS="3482" HPOS="169">
<String CONTENT="&#169;" HEIGHT="54" WIDTH="55" VPOS="3483" HPOS="169"/>
<SP HEIGHT="54" WIDTH="27" VPOS="3483" HPOS="225"/>
<String CONTENT="Mar." HEIGHT="42" WIDTH="119" VPOS="3485" HPOS="253"/>
<SP HEIGHT="43" WIDTH="29" VPOS="3483" HPOS="373"/>
<String CONTENT="6," HEIGHT="51" WIDTH="38" VPOS="3483" HPOS="403"/>
<SP HEIGHT="49" WIDTH="30" VPOS="3485" HPOS="442"/>
<String CONTENT="1925;" HEIGHT="52" WIDTH="130" VPOS="3482" HPOS="473"/>
<SP HEIGHT="51" WIDTH="26" VPOS="3483" HPOS="604"/>
<String CONTENT="2c." HEIGHT="42" WIDTH="66" VPOS="3483" HPOS="631"/>
<SP HEIGHT="28" WIDTH="28" VPOS="3497" HPOS="698"/>
<String CONTENT="and" HEIGHT="42" WIDTH="86" VPOS="3483" HPOS="727"/>
<SP HEIGHT="42" WIDTH="27" VPOS="3483" HPOS="814"/>
<String CONTENT="aff." HEIGHT="43" WIDTH="79" VPOS="3482" HPOS="842"/>
<SP HEIGHT="43" WIDTH="29" VPOS="3482" HPOS="922"/>
<String CONTENT="Mar." HEIGHT="42" WIDTH="120" VPOS="3482" HPOS="952"/>
<SP HEIGHT="42" WIDTH="27" VPOS="3483" HPOS="1073"/>
<String CONTENT="9;" HEIGHT="50" WIDTH="49" VPOS="3483" HPOS="1101"/>
<SP HEIGHT="50" WIDTH="32" VPOS="3483" HPOS="1151"/>
<!-- cceid 2D41DBE5-6DD5-1014-B757-AF09C522E301 --><String CONTENT="A" HEIGHT="41" WIDTH="43" VPOS="3483" HPOS="1184"/>
<SP HEIGHT="42" WIDTH="26" VPOS="3482" HPOS="1228"/>
<String CONTENT="822312;" HEIGHT="52" WIDTH="188" VPOS="3482" HPOS="1255"/>
<SP HEIGHT="50" WIDTH="34" VPOS="3484" HPOS="1444"/>
<String CONTENT="Benj." HEIGHT="52" WIDTH="130" VPOS="3484" HPOS="1479"/>
<SP HEIGHT="42" WIDTH="30" VPOS="3486" HPOS="1610"/>
<String CONTENT="H." HEIGHT="43" WIDTH="62" VPOS="3486" HPOS="1641"/>
<SP HEIGHT="47" WIDTH="32" VPOS="3485" HPOS="1704"/>
<String CONTENT="Sanborn" HEIGHT="47" WIDTH="208" VPOS="3485" HPOS="1737"/>
<SP HEIGHT="43" WIDTH="28" VPOS="3490" HPOS="1946"/>
<String CONTENT="&amp;" HEIGHT="43" WIDTH="36" VPOS="3490" HPOS="1975"/>
<SP HEIGHT="43" WIDTH="26" VPOS="3490" HPOS="2012"/>
<String CONTENT="co." HEIGHT="29" WIDTH="66" VPOS="3504" HPOS="2039"/>
</TextLine>
<TextLine HEIGHT="56" WIDTH="242" VPOS="3539" HPOS="249">
<String CONTENT="(25-6411)" HEIGHT="56" WIDTH="242" VPOS="3539" HPOS="249"/>
</TextLine>
<TextLine HEIGHT="72" WIDTH="833" VPOS="3639" HPOS="170" STYLEREFS="StyleId-34A0F853-3108-4A79-9250-F1577E6378D8-">
<String CONTENT="Myers," HEIGHT="71" WIDTH="228" VPOS="3640" HPOS="170"/>
<SP HEIGHT="71" WIDTH="40" VPOS="3639" HPOS="399"/>
<String CONTENT="Gustavus," HEIGHT="69" WIDTH="331" VPOS="3639" HPOS="440"/>
<SP HEIGHT="67" WIDTH="38" VPOS="3641" HPOS="772"/>
<String CONTENT="1872-" HEIGHT="57" WIDTH="192" VPOS="3639" HPOS="811"/>
</TextLine>
<TextLine HEIGHT="81" WIDTH="1912" VPOS="3727" HPOS="247" STYLEREFS="StyleId-A8F57D6E-4ECD-41B1-9C7A-4FE92715050C-">
<String CONTENT="The" HEIGHT="58" WIDTH="130" VPOS="3729" HPOS="247"/>
<SP HEIGHT="58" WIDTH="26" VPOS="3729" HPOS="378"/>
<String CONTENT="history" HEIGHT="74" WIDTH="246" VPOS="3728" HPOS="405"/>
<SP HEIGHT="55" WIDTH="29" VPOS="3747" HPOS="652"/>
<String CONTENT="of" HEIGHT="57" WIDTH="67" VPOS="3728" HPOS="682"/>
<SP HEIGHT="56" WIDTH="28" VPOS="3728" HPOS="750"/>
<String CONTENT="American" HEIGHT="58" WIDTH="335" VPOS="3727" HPOS="779"/>
<SP HEIGHT="57" WIDTH="27" VPOS="3728" HPOS="1115"/>
<String CONTENT="idealism," HEIGHT="77" WIDTH="305" VPOS="3728" HPOS="1143"/>
<SP HEIGHT="75" WIDTH="30" VPOS="3730" HPOS="1449"/>
<String CONTENT="by" HEIGHT="72" WIDTH="83" VPOS="3730" HPOS="1480"/>
<SP HEIGHT="71" WIDTH="29" VPOS="3731" HPOS="1564"/>
<String CONTENT="Gustavus" HEIGHT="61" WIDTH="318" VPOS="3731" HPOS="1594"/>
<SP HEIGHT="56" WIDTH="32" VPOS="3736" HPOS="1913"/>
<String CONTENT="Myers" HEIGHT="72" WIDTH="213" VPOS="3736" HPOS="1946"/>
</TextLine>
<TextLine HEIGHT="72" WIDTH="1408" VPOS="3806" HPOS="176" STYLEREFS="StyleId-A8F57D6E-4ECD-41B1-9C7A-4FE92715050C-">
<String CONTENT="..." HEIGHT="10" WIDTH="61" VPOS="3855" HPOS="176"/>
<SP HEIGHT="57" WIDTH="83" VPOS="3808" HPOS="238"/>
<String CONTENT="New" HEIGHT="57" WIDTH="152" VPOS="3808" HPOS="322"/>
<SP HEIGHT="58" WIDTH="21" VPOS="3807" HPOS="475"/>
<String CONTENT="York," HEIGHT="71" WIDTH="191" VPOS="3806" HPOS="497"/>
<SP HEIGHT="71" WIDTH="21" VPOS="3806" HPOS="689"/>
<String CONTENT="Boni" HEIGHT="56" WIDTH="161" VPOS="3806" HPOS="711"/>
<SP HEIGHT="56" WIDTH="25" VPOS="3806" HPOS="873"/>
<String CONTENT="and" HEIGHT="56" WIDTH="123" VPOS="3807" HPOS="899"/>
<SP HEIGHT="57" WIDTH="23" VPOS="3806" HPOS="1023"/>
<String CONTENT="Liveright," HEIGHT="72" WIDTH="346" VPOS="3806" HPOS="1047"/>
<SP HEIGHT="69" WIDTH="25" VPOS="3809" HPOS="1394"/>
<String CONTENT="1925." HEIGHT="57" WIDTH="164" VPOS="3809" HPOS="1420"/>
</TextLine>
<TextLine HEIGHT="54" WIDTH="710" VPOS="3885" HPOS="246" CS="1">
<String CONTENT="viii" HEIGHT="44" WIDTH="79" VPOS="3887" HPOS="246"/>
<SP HEIGHT="52" WIDTH="22" VPOS="3887" HPOS="326"/>
<String CONTENT="p.," HEIGHT="38" WIDTH="53" VPOS="3901" HPOS="349"/>
<SP HEIGHT="49" WIDTH="25" VPOS="3887" HPOS="403"/>
<String CONTENT="2" HEIGHT="42" WIDTH="26" VPOS="3887" HPOS="429"/>
<SP/>
<String CS="1" CONTENT="l.,"/>
<SP/>
<String CONTENT="13-349" HEIGHT="43" WIDTH="162" VPOS="3885" HPOS="550"/>
<SP HEIGHT="51" WIDTH="21" VPOS="3886" HPOS="713"/>
<String CONTENT="p." HEIGHT="37" WIDTH="40" VPOS="3900" HPOS="735"/>
<SP HEIGHT="42" WIDTH="57" VPOS="3887" HPOS="776"/>
<String CONTENT="22" HEIGHT="43" WIDTH="53" VPOS="3886" HPOS="834"/>
<String STYLE="superscript" CS="1" CONTENT="cm" HEIGHT="17" WIDTH="14" VPOS="3887" HPOS="894"/>
<String CONTENT="." HEIGHT="9" WIDTH="9" VPOS="3919" HPOS="947"/>
</TextLine>
<TextLine HEIGHT="59" WIDTH="1976" VPOS="3939" HPOS="173">
<String CONTENT="&#169;" HEIGHT="54" WIDTH="53" VPOS="3941" HPOS="173"/>
<SP HEIGHT="54" WIDTH="25" VPOS="3941" HPOS="227"/>
<String CONTENT="Feb." HEIGHT="44" WIDTH="106" VPOS="3942" HPOS="253"/>
<SP HEIGHT="43" WIDTH="22" VPOS="3942" HPOS="360"/>
<String CONTENT="20," HEIGHT="50" WIDTH="65" VPOS="3940" HPOS="383"/>
<SP HEIGHT="47" WIDTH="30" VPOS="3943" HPOS="449"/>
<String CONTENT="1925;" HEIGHT="51" WIDTH="129" VPOS="3940" HPOS="480"/>
<SP HEIGHT="49" WIDTH="25" VPOS="3942" HPOS="610"/>
<String CONTENT="2c." HEIGHT="41" WIDTH="63" VPOS="3942" HPOS="636"/>
<SP HEIGHT="42" WIDTH="28" VPOS="3940" HPOS="700"/>
<String CONTENT="Feb." HEIGHT="43" WIDTH="104" VPOS="3940" HPOS="729"/>
<SP HEIGHT="43" WIDTH="24" VPOS="3939" HPOS="834"/>
<String CONTENT="25;" HEIGHT="47" WIDTH="78" VPOS="3939" HPOS="859"/>
<SP HEIGHT="31" WIDTH="28" VPOS="3955" HPOS="938"/>
<String CONTENT="aff." HEIGHT="43" WIDTH="77" VPOS="3940" HPOS="967"/>
<SP HEIGHT="43" WIDTH="28" VPOS="3940" HPOS="1045"/>
<String CONTENT="Mar." HEIGHT="42" WIDTH="120" VPOS="3940" HPOS="1074"/>
<SP HEIGHT="42" WIDTH="25" VPOS="3941" HPOS="1195"/>
<String CONTENT="3;" HEIGHT="50" WIDTH="49" VPOS="3941" HPOS="1221"/>
<SP HEIGHT="50" WIDTH="30" VPOS="3941" HPOS="1271"/>
<!-- cceid 2D42678A-6DD5-1014-B757-AF09C522E301 --><String CONTENT="A" HEIGHT="41" WIDTH="40" VPOS="3941" HPOS="1302"/>
<SP HEIGHT="42" WIDTH="29" VPOS="3941" HPOS="1343"/>
<String CONTENT="822250;" HEIGHT="53" WIDTH="186" VPOS="3941" HPOS="1373"/>
<SP HEIGHT="50" WIDTH="31" VPOS="3944" HPOS="1560"/>
<String CONTENT="Boni" HEIGHT="45" WIDTH="115" VPOS="3944" HPOS="1592"/>
<SP HEIGHT="43" WIDTH="25" VPOS="3946" HPOS="1708"/>
<String CONTENT="&amp;" HEIGHT="43" WIDTH="38" VPOS="3946" HPOS="1734"/>
<SP HEIGHT="43" WIDTH="27" VPOS="3946" HPOS="1773"/>
<String CONTENT="Liveright," HEIGHT="52" WIDTH="247" VPOS="3946" HPOS="1801"/>
<SP HEIGHT="49" WIDTH="30" VPOS="3949" HPOS="2049"/>
<String CONTENT="inc" HEIGHT="43" WIDTH="69" VPOS="3949" HPOS="2080"/>
</TextLine>
<TextLine HEIGHT="45" WIDTH="242" VPOS="3997" HPOS="253">
<String CONTENT="(25-6396)" HEIGHT="45" WIDTH="242" VPOS="3997" HPOS="253"/>
</TextLine>
</TextBlock>
</PrintSpace>
</Page>
</Layout>
</alto>