2533 4412
1034 4037 108 57 783

89 470 137 59 ized
261 470 267 73 English
561 471 85 72 by
681 470 311 59 Gertrude
1029 470 82 57 M.
1148 470 245 58 Barnes
1431 472 123 56 and
1593 469 285 60 Günther
1912 469 167 58 Keil.

91 548 151 58 New
271 548 172 58 York
474 550 123 56 and
624 548 437 73 Washington,
1093 548 287 58 Nervous
1414 550 123 56 and
1566 549 236 57 mental
1835 548 245 57 disease

91 626 361 72 publishing
475 644 323 54 company,
822 627 165 57 1925.

168 701 1917 57 2 p . l., 48 p. 23½ cm . (Nervous and mental disease monograph series,
97 777 71 28 no.
191 761 80 54 42)

165 816 544 54 CONTENTS.—Literary
740 815 583 55 preface.—Observations
1363 815 588 55 (Hollós).—Theoretical
97 830 1968 90 consideration

379 874 265 53 (Ferenczi)

91 928 54 54 ©
173 931 106 52 July
312 932 63 50 11,
408 929 128 53 1925;
568 931 64 42 2c.
663 930 87 44 and
779 931 79 43 aff.
889 931 107 52 July
1023 931 80 52 21;
1135 931 44 42 A
1211 930 188 52 861132;
1434 930 211 45 Nervous
1677 930 87 44 and
1794 929 167 45 mental
160 930 1900 100 disease

293 988 100 51 pub.
426 1002 65 28 co.
560 984 271 57 (25-15538)

89 1069 261 70 Horsch,
387 1069 184 58 John.

169 1147 128 57 The
331 1146 231 58 failure
600 1148 68 57 of
700 1146 400 74 modernism,
1137 1167 36 38 a
1209 1149 180 71 reply
1422 1150 64 56 to
1521 1146 221 73 Harry
1776 1147 312 60 Emerson

91 1224 1972 136 Fosdick, by John Horsch … Chicago, The Bible institute
253 1303 359 72 colportage
643 1303 380 57 association
1055 1332 13 44 [
1068 1312 19 21 c
1092 1303 164 73 1925]

159 1379 53 45 64
245 1394 39 38 p.
349 1380 49 44 19½c
449 1381 29 17 m
485 1414 9 9 .

89 1434 54 55 ©
173 1437 112 52 May
308 1435 67 53 26,
407 1433 130 56 1925;
568 1436 64 44 2c.
663 1437 113 53 May
803 1436 78 54 27;
914 1437 78 44 aff.
1020 1437 108 53 July
1159 1438 46 52 1;
1238 1436 44 44 A
1311 1436 189 54 860249;
1533 1438 40 53 J.
1606 1436 199 54 Horsch,
1838 1435 244 55 Scottdale,

161 1494 78 42 Pa.
309 1491 270 56 (25-14248)

87 1577 451 74 Indianapolis.
622 1578 173 57 First
828 1577 447 74 Presbyterian
1308 1577 247 59 church.

234 1654 1846 76 … Centennial memorial, First Presbyterian church,
88 1733 452 73 Indianapolis,
574 1733 169 71 Ind.;
777 1752 36 38 a
847 1735 221 56 record
1102 1733 68 57 of
1202 1733 104 57 the
1340 1734 417 72 anniversary
1791 1734 288 72 services,

90 1811 165 58 June
285 1811 178 58 tenth
489 1814 64 54 to
586 1811 421 72 seventeenth,
1039 1812 168 70 1923,
1238 1811 385 73 celebrating
1649 1812 104 57 the
1786 1831 114 39 one
89 1812 1967 135 hundredth

349 1888 416 73 anniversary
793 1889 68 57 of
892 1888 103 58 the
1028 1888 311 73 founding
1369 1890 68 56 of
1468 1889 104 58 the
1604 1888 177 59 First
89 1891 1969 134 Presbyterian

333 1966 246 74 church,
616 1966 287 74 together
938 1966 152 57 with
1123 1966 329 58 historical
1486 1967 310 74 material,
1839 1969 242 57 session

89 2047 270 70 records,
394 2064 299 52 sermons,
725 2046 332 57 addresses
1091 2046 123 56 and
1246 2048 531 69 correspondence
1809 2046 273 74 relating

90 2126 63 55 to
179 2126 84 56 its
289 2122 113 59 life
428 2123 123 58 and
573 2122 175 58 work
773 2123 231 72 during
1029 2122 103 58 the
1159 2126 277 69 century.
1509 2123 387 75 [Greenfield,
1923 2125 156 71 Ind.,

87 2202 160 58 Wm.
280 2200 280 58 Mitchell
587 2200 288 73 printing
903 2219 106 53 co.,
1039 2210 19 21 c
1063 2201 164 72 1925]

162 2279 79 45 445
276 2294 38 38 p.
377 2279 151 50 front.,
559 2280 141 51 plates
727 2279 126 53 (part
886 2278 136 53 fold.)
1063 2285 153 47 ports.,
1252 2278 197 44 facsims.
1510 2279 52 44 23½
1599 2282 45 17 cm
1652 2315 8 8 .

164 2338 65 43 At
256 2337 116 43 head
401 2336 52 45 of
479 2335 123 45 title:
638 2335 257 45 1823-1923.

89 2390 53 55 ©
167 2393 115 52 June
313 2391 60 53 17,
404 2390 128 53 1925;
560 2391 64 43 2c.
651 2391 86 43 and
765 2391 79 43 aff.
871 2391 106 53 July
1001 2389 79 54 27;
1110 2391 44 42 A
1179 2391 191 53 861214;
1398 2390 126 46 First
1551 2393 322 52 Presbyterian
1901 2393 183 54 church,

160 2448 316 52 Indianapolis.
547 2445 270 56 (25-14535)

91 2519 208 69 Jones,
336 2516 226 59 Edwin
594 2517 69 56 E.

166 2596 337 58 American
537 2595 287 58 business
864 2595 400 74 accounting;
1305 2615 38 38 a
1380 2595 526 76 comprehensive,
91 2615 1972 118 concise

242 2676 123 56 and
391 2674 305 71 practical
722 2692 217 38 course
970 2674 65 57 of
1061 2673 379 58 instruction
1466 2674 67 56 in
1562 2674 372 73 accounting
1962 2676 123 58 and

90 2753 303 71 business,
435 2753 123 56 and
597 2771 79 37 an
716 2751 336 72 extensive,
1094 2751 483 72 cross-indexed,
1619 2754 123 56 and
1780 2753 304 71 practical

90 2828 1971 138 reference library, by Edwin E. Jones … Ernest W. Ludlow … James
591 2905 1496 73 M. Hayden … Samuel B. Winchell … and
92 3005 38 37 a
168 3004 181 52 corps
392 2983 67 58 of
500 2986 423 69 accountants,
967 2986 324 69 attorneys
1337 2985 125 56 and
1500 2984 255 73 leading
1793 2985 289 58 business

90 3081 157 38 men.
323 3060 270 75 [Section
622 3064 50 53 1.
708 3061 179 57 First
917 3064 170 68 steps
1118 3061 66 56 in
1217 3060 386 73 accounting,
1674 3081 58 37 v.
1767 3063 51 71 2]
90 3061 1972 150 Rockford,

288 3140 115 72 Ill.,
437 3138 335 58 American
803 3138 288 58 business
1124 3139 238 57 bureau
1400 3171 12 43 [
1414 3146 19 22 c
1437 3139 164 74 1925]

224 3253 7 15 xv,
265 3216 82 44 446
374 3232 38 37 p.
474 3216 114 44 illus.
617 3215 196 55 (forms)
878 3216 57 43 20
939 3219 46 17 cm
992 3251 8 8 .

90 3270 53 55 ©
174 3275 115 51 June
319 3273 66 52 20,
421 3271 103 45 1925
541 3287 9 38 ;
583 3273 63 43 2c.
681 3272 106 53 July
822 3272 75 52 11;
932 3272 78 43 aff.
1044 3271 106 53 July
1186 3271 73 52 10;
1295 3272 44 42 A
1372 3269 188 54 855830;
1597 3272 247 44 American
1877 3269 205 47 business

160 3330 179 44 bureau.

87 3399 201 73 Kelly,
327 3398 301 58 Bernard.

166 3477 249 71 Kelly’s
456 3475 245 59 federal
738 3474 385 73 prohibition
1162 3475 224 73 digest,
1426 3474 317 74 digesting
1781 3477 83 55 all
1903 3493 174 40 cases

92 3555 242 72 arising
357 3555 200 56 under
582 3554 103 58 the
712 3554 244 57 federal
981 3552 386 72 prohibition
1395 3555 115 54 act.
1579 3552 154 58 Also
1757 3553 323 72 including

95 3632 147 58 such
274 3631 290 58 citations
597 3650 68 38 as
694 3650 148 52 may
868 3631 75 57 be
972 3631 210 58 useful
1210 3630 65 56 in
1303 3629 105 58 the
1439 3629 149 58 trial
1618 3630 70 58 of
1716 3649 173 42 cases
89 3630 1963 154 arising

233 3707 1777 73 under the act. With forms. By Bernard Kelly …
95 3789 77 59 2d
198 3790 89 57 ed.
358 3787 288 73 Chicago,
673 3788 117 71 Ill.,
815 3787 72 56 B.
913 3787 61 58 J.
1003 3786 205 59 Smith
1230 3786 48 57 &
1303 3804 322 55 company,
1652 3787 165 57 1925.

167 3867 82 44 416
286 3882 40 38 p.
386 3867 53 42 24
446 3868 46 18 cm
499 3900 9 9 .

93 3923 52 53 ©
175 3925 112 51 May
319 3925 33 48 1,
385 3920 104 45 1925
505 3936 10 38 ;
545 3921 65 43 2c.
640 3921 106 53 July
774 3922 50 52 2;
855 3921 78 43 aff.
964 3921 106 53 July
1102 3922 46 50 1;
1180 3921 44 42 A
1253 3919 188 54 861317;
1477 3921 51 43 B.
1559 3921 151 53 Kelly,
1742 3920 180 53 Peoria,
1952 3920 71 45 Ill.

171 3978 244 42 (25-15236)
