2533 4412
0 0 0 0 1527
171 402 1967 103 “This book is … an outgrowth largely of a smaller publication, ‘Suggestions
319 470 49 35 to
396 461 191 44 medical
617 462 213 48 authors’,
860 460 110 44 used
998 476 48 29 as
1077 477 25 28 a
1132 459 214 46 standard
1376 460 77 43 for
1483 474 134 37 many
1643 474 134 37 years
1807 462 58 49 by
1895 461 74 43 the
171 460 1969 101 American

297 515 189 47 medical
514 517 272 45 association
812 515 359 52 press.”—Pref.

171 568 53 53 ©
258 571 109 42 Dec.
402 571 37 50 8,
478 569 128 52 1925;
641 571 64 42 2c.
739 571 86 42 and
861 571 78 42 aff.
976 571 108 41 Dec.
1125 570 71 51 12;
1235 570 42 41 A
1313 568 189 53 872836;
1540 570 242 44 American
1820 570 189 44 medical
2046 585 116 29 assn.

249 625 268 54 (25-25956)

172 693 221 73 Smith,
437 695 195 58 Edith
669 694 250 58 Lillian.

243 770 1849 73 Everyday science projects, by Edith Lillian Smith …
166 848 258 74 Boston,
451 850 151 58 New
627 850 172 58 York
828 853 146 73 [etc.]
1005 849 341 73 Houghton
1374 849 213 58 Mifflin
1618 868 307 56 company
1955 881 13 44 [
1970 858 19 23 c
1993 851 164 73 1925]

237 928 1011 54 vi p., 1 l., 341 p. illus., diagrs. 19 ½ cm .
239 985 182 44 “Books
447 985 97 44 that
567 985 93 44 will
685 984 104 54 help
815 985 115 53 you”
957 996 45 34 at
1028 987 83 42 end
1137 986 52 44 of
1213 985 109 44 each
1346 984 196 52 chapter.

169 1038 55 54 ©
256 1041 109 43 Dec.
398 1043 35 49 1,
467 1039 128 53 1925;
625 1041 64 43 2c.
722 1042 107 42 Dec.
860 1041 48 51 7;
941 1042 78 42 aff.
1050 1042 107 42 Dec.
1190 1039 48 52 5;
1271 1041 42 42 A
1345 1040 189 53 875387;
1567 1041 52 46 E.
1656 1041 44 46 S.
1730 1043 227 52 Webster,
241 1042 1903 107 Brookline,

379 1098 141 43 Mass.
588 1095 270 56 (25-28196)

172 1165 221 73 Smith,
424 1169 153 56 Mrs.
613 1167 205 58 Sarah
850 1167 358 73 Hathaway
1248 1165 264 74 (Bixby)
1555 1169 189 57 1871-

247 1248 214 56 Adobe
492 1249 155 68 days;
709 1246 186 72 being
922 1248 103 58 the
1054 1247 276 57 truthful
1358 1247 324 58 narrative
1714 1249 67 57 of
1811 1249 102 57 the
1947 1252 215 54 events

169 1321 62 60 in
261 1324 103 58 the
392 1324 111 59 life
534 1325 66 56 of
629 1345 35 37 a
696 1322 350 61 California
1075 1324 123 71 girl
1226 1342 77 40 on
1333 1344 35 37 a
1399 1325 188 70 sheep
1618 1325 192 57 ranch
1839 1327 123 56 and
1989 1325 65 56 in
2083 1326 79 55 El

169 1401 222 71 pueblo
431 1403 78 57 de
546 1403 273 56 Nuestra
863 1402 239 59 Señora
1139 1403 73 57 de
1252 1402 124 59 Los
1414 1402 274 72 Angeles
1726 1400 179 61 while
1944 1402 52 57 it
2033 1422 128 39 was

167 1483 105 66 yet
309 1500 35 37 a
383 1479 179 58 small
599 1479 122 57 and
756 1479 246 58 humble
1043 1484 193 65 town;
1274 1480 288 70 together
1597 1478 151 59 with
1787 1498 79 41 an
1905 1484 258 55 account

169 1557 67 56 of
262 1557 140 56 how
429 1556 175 59 three
631 1576 210 52 young
867 1576 139 38 men
1035 1559 168 55 from
1232 1556 210 58 Maine
1470 1557 64 55 in
1563 1556 287 72 eighteen
1876 1559 287 57 hundred

169 1636 121 54 and
323 1632 349 71 fifty-three
709 1636 191 56 drove
940 1634 187 71 sheep
1164 1636 123 56 and
1323 1635 187 57 cattle
1548 1653 211 39 across
1796 1636 103 57 the
1933 1634 227 72 plains,

166 1711 356 57 mountains
556 1708 122 60 and
711 1712 243 57 deserts
987 1712 169 56 from
1186 1710 243 59 Illinois
1462 1714 63 54 to
1560 1712 103 58 the
1695 1710 232 60 Pacific
1958 1718 202 65 coast;

168 1789 124 56 and
315 1788 104 58 the
446 1790 255 69 strange
727 1788 319 71 prophecy
1070 1789 67 56 of
1160 1786 292 58 Admiral
1477 1787 313 58 Thatcher
1817 1791 190 56 about
2035 1789 126 58 San

168 1865 205 57 Pedro
397 1865 251 63 harbor,
673 1866 83 69 by
781 1865 203 59 Sarah
1012 1863 456 60 Bixby-Smith.
1537 1865 204 59 Cedar
1765 1864 262 73 Bapids,
2088 1886 73 51 Ia.,

168 1942 129 58 The
327 1943 201 56 Torch
554 1960 200 52 press,
782 1942 165 59 1925.

233 2018 85 46 208
345 2034 41 35 p.
449 2020 50 45 19
506 2021 46 18 cm
559 2056 8 7 .

168 2071 53 54 ©
258 2074 108 42 Dec.
404 2071 36 53 5,
480 2072 130 53 1925;
649 2074 64 42 2c.
750 2074 86 42 and
874 2074 78 43 aff.
992 2074 107 42 Dec.
1138 2074 49 51 9;
1228 2074 43 42 A
1308 2073 190 53 872789;
1543 2074 44 46 S.
1630 2073 338 54 Bixby-Smith,
239 2074 1904 107 Claremont,

417 2129 133 44 Calif.
620 2128 271 54 (25-25969)

171 2198 273 72 Stecker,
479 2199 269 71 August,
787 2200 90 57 ed.

239 2276 116 57 Die
410 2274 627 60 rotationsmaschine
1091 2277 128 57 und
1271 2276 136 57 ihre
1461 2276 265 71 technik,
1783 2277 381 71 stereotypic

163 2355 127 56 und
323 2353 511 76 kraftmaschine,
871 2354 350 57 bearbeitet
1254 2357 188 54 unter
1473 2354 405 73 mitwirkung
159 2356 1982 147 hervorragender

489 2432 311 57 fachleute
822 2451 121 38 von
966 2432 251 72 August
1243 2432 272 58 Stecker.
1602 2432 564 76 [Wilhelmshaven,

164 2510 212 57 Druck
398 2529 123 38 von
547 2510 75 56 A.
653 2510 258 58 Stecker
933 2510 47 56 &
1007 2529 106 52 co.,
1142 2529 49 53 g.
1225 2529 79 37 m.
1332 2511 55 56 b.
1414 2511 78 71 h.,
1521 2518 19 22 c
1544 2512 164 71 1925]

238 2587 1926 55 3 p. l., xvi p., 2 l., [3]-416 p. incl. illus., plates, plans. double plates. 22 ½ crn .
167 2644 1994 55 © Oct. 5, 1925; 1c. Dec. 1; A— Foreign 29292; A. Stecker, Wilhelmshaven,
240 2702 241 52 Germany.
549 2702 242 53 (26-1382)

168 2772 278 72 Strayer,
486 2772 238 73 George
761 2773 302 71 Drayton,
1104 2773 190 57 1876-

243 2850 323 57 Problems
601 2850 66 55 in
702 2850 392 57 educational
1129 2847 531 71 administration,
1693 2850 83 71 by
1813 2848 242 74 George
2090 2850 73 57 D.

169 2927 284 72 Strayer,
489 2927 74 57 N.
601 2927 68 56 L.
708 2927 394 72 Engelhardt
1140 2926 123 57 and
1299 2927 60 57 J.
1400 2926 72 57 R.
1510 2925 388 73 McGaughy,
1940 2926 225 60 Carter

167 3003 1999 73 Alexander, Paul R. Mort … Prank W. Hart, Fletcher
166 3081 2000 73 Harper Swift … with the cooperation of many graduate
169 3162 284 58 students
481 3162 122 58 and
633 3159 549 73 superintendents
1212 3161 68 57 of
1309 3159 258 58 schools.
1643 3158 351 59 New-York
2020 3161 144 73 city,

168 3240 309 58 Teachers
512 3240 249 71 college,
802 3237 323 59 Columbia
1160 3236 371 72 university,
1569 3237 165 57 1925.

235 3317 112 51 xvii,
380 3315 81 45 755
495 3331 38 37 p.
568 3316 101 43 incl.
701 3316 115 43 illus.
843 3315 166 53 (maps,
1041 3314 154 53 plans)
1236 3314 157 50 forms,
1427 3314 156 52 tables,
1616 3314 167 53 diagrs.
1987 3349 7 8 23½cm.

239 3374 217 44 Contains
488 3370 365 55 bibliographies.

168 3429 53 54 ©
262 3432 117 42 Nov.
416 3431 69 51 28,
526 3428 128 52 1925;
695 3430 64 41 2c.
800 3430 107 41 Dec.
948 3429 48 46 3;
1039 3428 77 42 aff.
1157 3428 110 42 Dec.
1306 3428 50 51 9;
1397 3428 42 42 A
1480 3427 164 45 872777;
1709 3427 228 46 Teachers
1977 3430 185 52 college,

241 3487 235 47 Columbia
512 3485 259 50 university.
841 3483 270 53 (25-25749)

170 3544 145 71 Tex,
351 3541 230 59 Mamie
621 3539 350 71 Catherine,
1009 3541 190 57 1883-

246 3623 349 67 Grammar,
622 3623 84 68 by
731 3618 229 60 Mamie
991 3618 64 59 C.
1088 3621 146 68 Tex,
1264 3620 104 56 for
1397 3619 491 73 seventh[-eighth]
1975 3640 154 52 year;

168 3706 62 54 to
275 3698 358 60 harmonize
677 3697 153 57 with
872 3698 103 57 the
1019 3695 244 58 Illinois
1311 3700 162 55 state
1519 3715 217 40 course
1784 3698 67 56 of
1898 3699 265 70 study—

170 3772 1988 76 seventh general revision … Taylorville, Ill., Mamie C.
171 3857 129 55 Tex
332 3886 12 40 [
347 3863 16 21 c
368 3855 165 69 1925]

236 3932 306 48 2 v. 19½ cm .
