2533 4412
1274 4075 111 56 500

316 412 84 57 Le
434 410 212 74 Blanc,
681 410 299 74 Maurice,
1016 414 189 56 1864-

394 503 300 58 Memoirs
722 502 66 58 of
816 502 243 59 Arsene
1087 502 223 72 Lupin,
1338 503 82 71 by
1445 501 281 59 Maurice
1754 503 85 58 Le
1869 501 225 71 Blanc;
315 502 1984 151 frontispiece

582 582 82 71 by
701 580 242 73 George
979 580 95 57 W.
1114 579 189 73 Gage.
1408 580 151 56 New
1594 579 190 72 York,
1824 580 130 56 The
1991 579 332 73 Macaulay

316 677 306 54 company
657 688 12 43 [
673 668 17 20 c
694 658 165 73 1925]

387 736 79 45 315
504 751 39 38 p.
605 736 138 44 front.
807 737 50 42 19
864 738 46 18 cm
918 771 7 8 .

318 792 54 54 ©
405 794 119 43 Mar.
556 794 67 52 20,
658 792 131 53 1925;
821 794 66 43 2c.
921 794 119 42 Mar.
1073 792 81 52 27;
1187 793 79 43 aff.
1301 793 111 51 May
1445 790 50 54 7;
1530 792 44 42 A
1607 791 192 52 829316;
1835 791 243 53 Macaulay
2111 806 65 29 co.

398 849 243 57 (25-9294)

317 934 180 74 Leitl,
532 936 372 56 Emmeram.

394 1015 389 57 Lateinbuch
811 1014 108 56 für
948 1013 392 58 erwachsene;
1400 1014 562 71 hervorgegangen
1982 1031 111 39 aus
320 1015 1978 134 unterrichtskursen

781 1091 112 56 für
915 1110 261 38 männer
1206 1092 128 56 und
1362 1091 230 56 frauen
1622 1091 154 56 aller
1809 1091 238 72 stände,
2076 1109 124 38 von
2228 1090 91 57 dr.

319 1170 361 57 Emmeram
717 1169 181 57 Leitl.
979 1171 50 54 2.
1071 1172 42 54 t,
1193 1168 329 75 München,
1562 1168 188 58 Josef
1786 1168 198 58 Kösel
2021 1168 50 57 &
319 1168 1981 137 Friedrich
482 1249 242 70 Pustet,
755 1247 164 73 k.-g.,
952 1248 166 55 1924.

388 1324 485 53 viii, 182 p. 20 ½ cm .
322 1379 53 54 ©
413 1382 109 42 Dec.
561 1381 65 52 31,
669 1381 130 51 1924;
869 1396 35 27 1c.
945 1381 118 43 Mar.
1107 1380 61 50 19,
1213 1378 131 54 1925;
1385 1378 305 54 A—Foreign
1726 1379 162 53 27412;
1929 1381 40 52 J.
2010 1380 146 44 Kösel
2196 1381 37 43 &
2271 1379 50 44 F.

392 1438 172 45 Pustet.

317 1522 237 74 Lesley,
594 1523 236 58 Robert
866 1522 344 71 Whitman,
1252 1526 190 55 1853-

400 1604 270 72 History
700 1605 68 58 of
797 1606 105 57 the
932 1605 310 57 Portland
1272 1608 239 54 cement
1538 1604 298 72 industry
1864 1605 65 56 in
1957 1603 105 59 the
2092 1601 234 60 United

325 1683 231 73 States,
580 1684 152 57 with
759 1682 378 73 appendices
1164 1683 293 73 covering
1480 1700 304 56 progress
1812 1683 67 59 of
1904 1684 105 57 the
2032 1681 293 73 industry

322 1761 82 72 by
428 1780 188 53 years
646 1762 124 57 and
798 1781 80 37 an
907 1761 237 59 outline
1173 1762 67 59 of
1265 1762 106 58 the
1398 1759 436 74 organization
1862 1762 123 58 and
2013 1759 313 60 activities

324 1842 68 56 of
415 1841 103 58 the
545 1841 309 57 Portland
882 1844 238 54 cement
1149 1839 398 72 association,
1575 1838 255 60 written
1854 1841 84 72 by
1965 1841 237 57 Robert
2228 1839 94 59 W.

322 1917 2004 75 Lesley … in coöperation with his fellow members of the
325 1997 1997 74 Committee on history, John B. Lober … and George S.
323 2076 2002 75 Bartlett … Chicago, New York [etc.] International trade
325 2175 198 54 press,
552 2156 115 63 inc.
700 2187 12 42 [
714 2163 18 21 c
738 2156 165 72 1924]

397 2235 831 52 7 p. l., 330 p. illus., pl. 23½ cm .
324 2288 53 54 ©
412 2291 108 43 Dec.
553 2290 68 51 20,
657 2291 130 50 1924;
852 2305 35 28 1c.
922 2290 113 52 Apr.
1069 2288 68 54 25,
1174 2287 130 53 1925;
1370 2305 35 27 1c.
1442 2290 113 52 May
1629 2305 8 35 1;
1675 2291 78 42 aff.
1791 2290 111 52 Apr.
1936 2291 79 51 24;
2053 2290 43 43 A
2133 2289 189 54 829175;

394 2347 331 43 International
759 2346 127 43 trade
919 2361 137 37 press,
1093 2346 82 43 inc.
1246 2344 244 56 (25-9329)

321 2431 354 73 Lobingier,
717 2432 170 57 John
924 2430 220 58 Leslie.

397 2510 290 70 Projects
717 2510 65 56 in
811 2509 603 72 world-friendship,
1443 2510 83 70 by
1554 2510 170 58 John
1753 2509 207 59 Leslie
1990 2510 338 74 Lobingier

388 2586 1759 75 … Chicago, The University of Chicago press [1925]
457 2701 10 17 xv,
504 2665 77 45 177
615 2681 39 38 p.
716 2666 152 49 front.,
906 2665 115 44 illus.
1087 2666 48 44 18
1144 2668 47 18 cm
1197 2701 8 8 .
1274 2665 292 55 (Half-title:
1603 2666 100 45 The
1737 2666 271 54 University
2041 2667 51 45 of
2128 2666 200 54 Chicago

322 2722 2006 54 publications in religious education … Principles and methods of religious
322 2779 261 53 education)

393 2836 237 53 “Reading
660 2836 316 53 suggestions”
993 2852 8 27 :
1034 2851 39 38 p.
1108 2834 201 46 168-171.

324 2892 54 54 ©
410 2894 112 52 Apr.
555 2895 67 51 20,
659 2893 103 44 1925;
824 2895 63 42 2c.
923 2894 87 43 and
1043 2894 77 42 aff.
1156 2894 113 51 Apr.
1303 2894 54 41 27;
1420 2893 44 42 A
1497 2893 163 44 829089;
1724 2894 266 52 University
2023 2893 52 44 of
2112 2892 213 54 Chicago,

397 2950 212 53 Chicago.
680 2950 243 54 (25-9231)

323 3036 374 73 McKinney,
733 3036 361 57 Alexander
1127 3036 246 71 Harris,
1410 3039 189 56 1858-

399 3114 293 73 Average
718 3115 154 70 boys
902 3115 124 56 and
1054 3113 154 72 girls;
1270 3135 35 37 a
1334 3114 253 56 manual
1612 3114 104 56 for
1745 3118 280 67 parents,
2054 3117 273 69 pastors,

326 3191 324 60 Christian
673 3192 275 59 workers
978 3193 122 58 and
1125 3193 83 57 all
1232 3192 212 58 others
1468 3192 136 58 who
1632 3212 108 38 are
1764 3192 346 58 interested
2134 3190 65 58 in
2224 3192 104 57 the

324 3271 299 73 religious
662 3270 330 58 education
1028 3271 68 57 of
1132 3270 278 58 children
1447 3271 123 56 and
1603 3271 213 71 youth,
1852 3271 84 71 by
1973 3270 72 55 A.
2084 3270 78 56 H.
322 3270 1982 151 McKinney

678 3347 1653 73 … New York, Chicago [etc.] Fleming H. Revell
324 3446 307 52 company
662 3458 13 43 [
679 3437 16 20 c
699 3428 164 71 1925]

399 3505 77 43 110
506 3520 51 38 p.,
591 3487 19 61 i
662 3539 8 8 l.
732 3504 138 44 front.
934 3505 51 44 19
990 3506 46 18 cm
1044 3540 8 8 .

327 3559 53 55 ©
410 3562 112 49 Apr.
554 3562 37 48 4,
629 3560 103 44 1925;
792 3562 63 43 2c.
887 3563 87 42 and
1004 3562 78 43 aff.
1116 3562 112 51 May
1259 3561 27 42 2;
1345 3561 44 41 A
1421 3559 165 44 829187;
1645 3558 212 53 Fleming
1890 3560 61 42 H.
1986 3557 157 45 Revell
2175 3574 64 27 co.

406 3616 242 56 (25-9229)

328 3701 254 71 Martin,
623 3702 219 73 Henry
877 3701 202 58 Marie
1118 3701 396 73 Radegonde.

404 3780 1589 73 Le style Louis XIV … Paris, R. Ducher [1925]
399 3857 51 44 63
487 3859 52 52 [1]
576 3871 38 38 p.
677 3857 114 44 illus.
856 3858 54 42 22
916 3861 46 17 cm
970 3894 6 7 .
1047 3858 90 53 (La
1172 3858 274 54 grammaire
1480 3857 75 43 des
1590 3857 150 43 styles.
1805 3855 250 45 Collection
2092 3856 53 43 de
2181 3854 143 52 précis

329 3928 76 28 sur
432 3912 219 45 l’histoire
680 3915 52 42 de
760 3914 101 44 l’art
888 3914 177 52 publiée
1091 3930 104 28 sous
1224 3915 41 42 la
1292 3914 223 44 direction
1545 3914 53 43 de
1627 3914 62 42 H.
1720 3912 200 53 Martin)

329 3968 53 54 ©
411 3969 105 45 Feb.
543 3971 68 47 28,
644 3969 130 53 1925;
863 4006 7 7 1c.
902 3971 112 52 Apr.
1049 3972 44 51 1;
1126 3971 102 42 A—
1230 3970 198 53 Foreign
1457 3968 162 53 27279;
1654 3971 53 42 R.
1741 3969 195 44 Ducher.
