2533 4412
1098 4141 70 56 63

128 465 285 67 Stewart,
454 461 215 58 Frank
705 461 58 56 H
1080 461 189 56 1873-

202 540 270 70 History
503 539 67 56 of
601 539 105 56 the
736 537 141 57 first
909 536 236 58 United
1178 535 212 58 States
1422 534 177 70 mint,
1631 534 83 60 its
1747 536 220 70 people
2002 534 122 57 and

126 618 82 57 its
252 616 379 73 operations,
673 617 82 69 by
796 615 215 56 Frank
1049 614 79 56 H.
1176 613 288 58 Stewart.
1570 611 312 73 [Camden,
1925 612 73 57 N.
2043 612 78 73 J.]

128 695 168 57 Priv.
335 695 210 70 print.,
585 694 165 56 1924.

198 774 26 42 4
250 787 54 38 p.,
337 775 17 39 1
405 806 23 18 l.,
459 770 168 47 [5]-209
653 784 40 38 p.
754 769 82 44 col.
867 770 124 43 front.
1030 766 168 55 (port.)
1237 766 113 44 illus.
1411 767 52 43 23
1471 769 46 16 cm
1525 801 8 8 .

126 827 53 54 ©
207 829 98 52 Jan.
335 827 63 50 22,
431 825 129 52 1925;
593 827 63 42 2c.
684 826 88 42 and
800 826 77 42 aff.
908 826 98 52 Jan.
1035 823 78 54 27;
1146 824 44 42 A
1219 820 190 55 815763;
1442 821 154 44 Frank
1626 823 59 42 H.
1720 821 196 47 Stewart
1945 821 180 45 electric

197 899 80 37 co.,
306 883 325 53 Philadelphia.
696 881 243 56 (25-2783)

129 956 206 70 Stone,
376 955 169 58 John
585 953 274 71 Charles,
900 955 189 56 1867-

205 1034 128 56 The
363 1033 190 57 Stone
581 1031 371 57 arithmetic.
1022 1029 311 71 Primary,
1361 1028 457 72 intermediate,
1848 1030 81 69 by
1957 1029 169 57 John

130 1106 1995 74 C. Stone … Chicago, New York [etc.] B. H. Sanborn &
129 1207 105 52 co.,
270 1189 164 55 1925.

195 1264 27 41 2
250 1278 41 28 v.
352 1262 132 50 illus.,
513 1263 167 51 diagrs.
745 1262 145 42 19½cm.

125 1317 56 54 ©
207 1319 100 51 Jan.
336 1319 38 51 2,
407 1317 129 52 1925;
567 1319 63 42 2c.
660 1318 108 43 each
796 1319 87 42 and
912 1318 101 42 affs.
1042 1317 99 53 Jan.
1173 1315 47 53 5;
1253 1317 43 42 A
1326 1314 178 53 814556,
1534 1313 191 54 814557;
1760 1316 128 51 Benj.
1920 1317 60 42 H.
199 1314 1905 105 Sanborn
335 1377 37 42 &
395 1391 65 28 co.
530 1374 242 54 (25-1802)

129 1445 378 71 Strickland,
552 1445 203 57 Earle.

130 1520 1975 139 Representative short, stories analyzed by Earle Strickland …
469 1600 391 71 Hollywood,
902 1598 206 72 Calif.,
1150 1598 250 57 Palmer
1438 1597 291 61 institute
1770 1598 69 58 of
132 1600 1973 151 authorship,
319 1677 167 58 1924.

203 1752 1696 57 1 p. l ., [v]-xiii, 469 p. 19½ cm . (Half-title: Modern authorship)
129 1811 53 53 ©
213 1813 108 43 Dec.
351 1811 67 52 20,
453 1811 129 52 1924;
615 1812 63 42 2c.
710 1811 87 43 and
827 1811 78 42 aff.
936 1812 98 51 Jan.
1071 1809 62 53 15,
1168 1809 129 53 1925;
1331 1811 43 42 A
1406 1809 190 53 815609;
1632 1810 182 44 Palmer
1846 1811 203 44 institute
2078 1812 52 43 of

203 1868 277 52 authorship.
550 1867 243 54 (25-2883)

131 1940 236 71 Stuart,
409 1938 335 73 Benjamin
781 1939 69 56 F.

211 2016 268 73 History
531 2016 68 58 of
650 2016 102 58 the
805 2015 279 59 Wabash
1135 2016 124 57 and
1308 2015 236 73 valley;
1599 2016 125 59 this
1777 2018 246 58 volume
2075 2018 54 58 is

133 2096 273 71 adapted
435 2099 63 55 to
529 2095 104 57 the
662 2114 109 38 use
804 2095 68 56 of
901 2093 311 72 libraries,
1245 2095 306 66 students,
1583 2096 349 70 educators,
132 2096 1972 135 business

323 2192 159 53 men,
533 2173 316 60 investors,
898 2173 124 56 and
1068 2170 284 74 tourists,
1401 2173 83 71 by
1529 2173 179 73 Benj.
1763 2173 70 56 F.
1889 2173 238 58 Stuart.

137 2252 433 72 [Logansport,
630 2251 154 70 Ind.]
846 2250 191 56 From
1098 2250 105 57 the
1259 2268 181 53 press
1501 2250 68 56 of
1627 2250 104 58 the
1791 2251 339 72 Longwell-

134 2328 360 72 Cummings
529 2346 107 51 co.,
672 2328 165 56 1924.

202 2404 82 44 272
318 2421 38 37 p.
418 2406 152 47 front.,
606 2404 114 44 illus.
779 2404 54 44 20
840 2406 47 18 cm
893 2439 9 8 .

129 2461 55 53 ©
210 2464 98 51 Jan.
338 2460 62 50 17,
430 2461 129 52 1925;
588 2462 63 42 2c.
678 2461 86 43 and
789 2461 78 42 aff.
893 2462 99 51 Jan.
1018 2461 78 51 29;
1125 2461 43 42 A
1195 2459 189 53 815779;
1417 2461 49 42 B.
1496 2459 48 44 F.
1577 2460 169 52 Stuart,
1776 2460 179 52 Delphi,
1984 2462 94 42 Ind.

211 2516 243 56 (25-2777)

212 2590 240 74 Things
482 2590 31 57 I
547 2590 324 58 shouldn’t
900 2589 125 73 tell,
1057 2589 84 73 by
1172 2589 103 58 the
1310 2590 227 56 author
1571 2589 67 58 of
1672 2588 457 61 “Uncensored

134 2666 514 72 recollections”;
675 2666 152 57 with
854 2669 33 55 8
913 2666 439 57 illustrations.
1437 2667 440 70 Philadelphia
1903 2668 47 56 &
135 2669 1973 147 London,

312 2746 60 57 J.
411 2745 70 56 B.
519 2744 367 71 Lippincott
923 2763 322 53 company,
1286 2746 166 56 1925.

201 2822 80 44 285
308 2837 38 38 p.
408 2821 150 49 front.,
586 2822 156 53 plates,
769 2830 138 44 ports.
966 2823 57 42 22½c
1073 2826 29 17 m
1109 2858 9 8 .

133 2878 53 53 ©
211 2881 99 50 Jan.
343 2878 63 51 15,
438 2878 104 44 1925
559 2894 8 31 :
597 2880 64 42 2c.
689 2880 88 42 and
804 2879 77 44 aff.
910 2880 98 51 Jan.
1042 2878 73 53 16;
1145 2879 43 42 A
1217 2879 189 50 814686;
1437 2880 40 51 J.
1509 2880 49 41 B.
1590 2880 257 51 Lippincott
1875 2896 64 27 co.

213 2935 241 54 (25-2258)

135 3007 372 72 Thompson,
549 3006 280 57 Maurice
868 3007 76 56 de
984 3006 158 73 Kay,
1187 3009 189 56 1877-

212 3085 392 56 Theoretical
644 3085 123 56 and
804 3084 255 71 applied
1098 3084 592 73 electrochemistry,
1730 3086 82 70 by
1852 3086 279 57 Maurice

134 3161 1972 135 de Kay Thompson … Rev. ed. New York, The Macmillan
385 3259 321 52 company,
748 3241 165 56 1925.

205 3317 111 42 xviii
348 3331 51 38 p.,
431 3317 28 41 2
509 3351 22 17 l.,
563 3315 131 45 3-551
732 3331 38 37 p.
833 3316 128 48 illus.,
996 3317 166 52 diagrs.
1221 3317 56 42 22½
1311 3319 46 17 cm
1364 3351 7 8 .

207 3372 122 44 First
358 3373 166 43 edition
552 3373 79 42 has
662 3373 120 43 title:
816 3372 193 53 Applied
1038 3373 429 52 electrochemistry.

208 3429 324 51 Bibliography
564 3437 46 34 at
640 3430 85 42 end
754 3430 53 42 of
838 3445 122 27 some
994 3429 50 43 of
1073 3430 73 42 the
1179 3430 221 51 chapters.

133 3483 56 53 ©
212 3485 98 51 Jan.
337 3482 65 54 27,
432 3483 128 51 1925;
588 3485 62 42 2c.
677 3486 98 48 Jan.
799 3485 56 41 28;
905 3485 78 42 aff.
1038 3500 69 28 Jan.
1133 3486 77 50 29;
1239 3486 43 41 A
1309 3484 188 52 815819;
1529 3486 265 43 Macmillan
1821 3503 65 27 co.
1944 3486 65 54 [©
2036 3503 96 27 new

206 3541 88 42 and
321 3542 175 42 revised
522 3540 220 52 material]
809 3540 243 54 (25-2889)

137 3611 272 71 Villiers,
442 3611 220 58 Victor
691 3612 94 58 de.

214 3688 327 56 Financial
574 3688 462 70 independence
1073 3692 66 53 at
1174 3688 163 75 fifty,
1374 3689 82 69 by
1489 3689 220 58 Victor
1744 3691 74 57 de
1853 3691 276 57 Villiers.

140 3767 76 56 3d
249 3767 90 56 ed.
381 3765 144 70 (enl.
559 3766 123 58 and
711 3765 157 68 rev.)
946 3767 152 58 New
1125 3767 188 72 York,
1348 3767 129 57 The
1512 3768 326 73 Magazine
1870 3768 69 58 of
1966 3768 163 59 Wall

141 3847 211 68 street,
383 3845 164 56 1924.

216 3922 80 43 223
326 3937 39 38 p.
426 3923 165 45 diagrs.
655 3924 49 42 19½
738 3926 46 17 cm
791 3958 8 8 .

140 3975 53 53 ©
225 3977 107 42 Dec.
369 3976 60 51 15,
466 3978 129 49 1924;
630 3978 64 43 2c.
727 3978 86 43 and
845 3978 77 43 aff.
956 3979 99 51 Jan.
1085 3979 68 50 23,
1189 3977 130 53 1925;
1352 3979 43 42 A
1428 3978 189 54 814761;
1654 3981 243 52 Magazine
1927 3982 51 43 of
2009 3981 125 45 Wall

211 4040 148 36 street.
431 4033 55 52 [©
515 4034 171 52 editing
714 4035 86 42 and
830 4034 209 53 revision]
1107 4034 242 54 (25-2301)
