2533 4412
1039 4057 149 56 1309

137 423 231 72 Durell,
408 422 269 58 Thomas
715 423 293 58 Jackson.

210 513 129 57 The
375 513 218 58 Durell
628 515 123 56 and
787 513 188 59 Gillet
1009 514 152 58 New
1196 515 174 56 York
1406 517 161 56 state
1605 518 407 72 arithmetics,
2050 520 81 70 by

134 590 1998 73 Thomas J. Durell … Harry O. Gillet … and Fletcher
130 667 1976 152 Durell … New York, Chicago, Charles E. Merrill company [ c 1925]
199 838 27 44 2
287 871 8 9 v.
356 835 131 57 illus.,
517 835 166 55 diagrs.
747 837 52 45 19
803 838 47 18 cm
857 874 9 8 .

202 907 246 45 Published
478 907 98 45 also
607 907 44 44 in
679 906 129 46 three
837 907 201 46 volumes
1068 908 112 44 with
1211 906 138 55 slight
1377 909 249 46 variations
1657 910 52 44 of
1738 918 111 38 text.

130 977 54 54 ©
213 980 115 52 June
355 980 42 50 2,
432 977 103 45 1925;
592 979 66 43 2c.
689 978 109 44 each
829 980 88 42 and
949 980 102 43 affs.
1086 981 102 43 Oct.
1219 980 54 42 27;
1333 981 44 41 A
1408 981 179 52 872130,
1621 981 160 45 872131;
1848 982 188 45 Charles
2072 981 53 47 E.

202 1035 180 43 Merrill
410 1051 64 28 co.
544 1032 271 57 (25-21833)

132 1133 376 73 Ergebnisse
540 1135 113 57 der
684 1135 263 56 exakten
977 1136 730 57 naturwissenschaften.
1779 1137 176 74 Hrsg.
2003 1157 124 38 von

209 1213 112 57 der
354 1212 471 72 schriftleitung
857 1213 114 56 der
1004 1213 856 58 “Naturwissenschaften”.
1936 1217 50 54 4.
2026 1216 98 57 bd.

208 1289 122 57 Mit
365 1291 71 55 62
474 1289 417 72 abbildungen
929 1291 128 56 und
1096 1293 32 52 1
1167 1290 176 57 tafel.
1419 1290 236 74 Berlin,
1695 1292 60 57 J.
1799 1292 325 73 Springer,

206 1368 165 55 1925.

196 1455 1070 54 2 p. l., 242 p. illus., col. fold, chart. 23½cm.
199 1527 215 44 Contains
448 1527 365 53 bibliographies.

127 1596 1746 56 © Sept. 11, 1925; 1c. Dec. 1; A— Foreign 29258; Julius Springer.
128 1699 209 69 Ernst,
382 1697 258 70 pharles
683 1696 356 59 Frederick.

206 1789 127 58 The
362 1790 136 57 soul
521 1790 68 56 of
613 1809 38 37 a
672 1789 224 72 flower,
923 1790 122 57 and
1071 1790 182 56 other
1273 1808 235 54 poems,
1534 1791 85 71 by
1645 1789 259 59 Charles
128 1790 1974 135 Frederick

347 1866 214 58 Ernst.
649 1867 257 71 Boston,
961 1868 213 71 Mass.,
1230 1868 129 56 The
1417 1867 330 59 Stratford
1801 1887 323 54 company,

127 1945 165 57 1925.

196 2033 490 55 4 p. l. , 79 p. 19 cm .
125 2103 54 54 ©
204 2106 102 44 Oct.
332 2104 37 53 5,
397 2104 104 45 1925;
553 2105 64 43 2c.
645 2106 102 43 Oct.
772 2106 25 42 8;
850 2105 77 43 aff.
956 2105 101 43 Oct.
1088 2105 50 42 12;
1190 2106 44 41 A
1261 2105 165 43 869348;
1483 2104 234 46 Stratford
1743 2120 65 29 co.

204 2159 269 57 (25-22405)

127 2263 237 70 Foster,
402 2261 215 73 Harry
648 2261 89 56 La
773 2261 312 71 Tourette,
1121 2263 190 56 1895-

203 2354 59 56 A
287 2353 269 71 tropical
582 2355 208 68 tramp
818 2352 152 56 with
996 2352 103 56 the
1130 2351 283 72 tourists,
1443 2353 83 71 by
1551 2351 220 72 Harry
1796 2351 69 57 L.
1895 2352 231 57 Foster

125 2428 1973 137 … with illustrations from photographs taken by the author.
357 2507 152 57 New
539 2507 189 71 York,
761 2507 201 72 Dodd,
995 2507 189 56 Mead
1216 2507 123 57 and
1373 2525 321 53 company,
1731 2507 167 55 1925.

191 2595 1000 56 xi p., 1 l., 335 p. front., plates. 21 cm .
193 2671 76 41 An
295 2677 189 36 account
510 2668 52 44 of
587 2668 76 44 the
688 2668 199 43 author’s
916 2668 148 43 cruise
1091 2669 174 43 around
1297 2666 145 47 South
1469 2667 227 44 America.

123 2737 54 54 ©
204 2740 100 43 Oct.
330 2740 66 49 31,
425 2737 131 54 1925;
581 2739 65 42 2c.
675 2738 118 44 Nov.
820 2739 50 51 9;
898 2739 78 42 aff.
1003 2738 120 43 Nov.
1151 2737 49 53 5;
1228 2739 44 41 A
1299 2737 190 51 869940;
1519 2737 151 52 Dodd,
1699 2738 138 42 Mead
1863 2737 38 43 &
1926 2751 82 37 co.,
2036 2736 82 44 inc.

201 2794 270 55 (25-22875)

124 2895 473 73 Frothingham,
637 2894 190 58 Louis
862 2894 257 71 Adams,
1161 2896 190 56 1871-

198 2989 60 56 A
289 2988 169 58 brief
486 2987 250 73 history
770 2989 67 58 of
869 2989 104 57 the
1007 2986 409 60 constitution
1451 2988 123 57 and
1608 2990 410 66 government
2053 2985 67 57 of

123 3066 516 70 Massachusetts,
679 3063 152 60 with
869 3086 36 38 a
945 3066 261 71 chapter
1243 3082 79 40 on
1359 3062 353 73 legislative
1753 3064 363 70 procedure,

121 3140 1998 75 by Louis Adams Frothingham … Boston, New York
125 3217 1330 76 [etc.] Houghton Mifflin company [ c 1925]
190 3297 622 52 4 p. l., [3]-154 p. 21 cm .
192 3354 123 44 First
342 3352 238 52 published
612 3355 116 44 1916.

195 3409 126 46 “The
352 3409 265 51 outgrowth
648 3410 52 44 of
728 3425 30 29 a
786 3409 137 45 series
956 3409 53 44 of
1040 3407 194 46 lectures
1269 3408 133 50 given
1433 3413 46 38 at
1512 3407 220 45 Harvard
1765 3407 351 52 university.”—

123 3466 123 45 Pref.

121 3516 54 54 ©
208 3519 119 43 Nov.
359 3518 39 51 4,
434 3516 128 52 1925;
597 3517 63 42 2c.
696 3517 118 42 Nov.
848 3516 50 51 9;
934 3515 78 44 aff.
1049 3516 119 44 Nov.
1203 3514 48 53 7;
1289 3516 44 42 A
1365 3516 189 52 872362;
1592 3517 49 43 L.
1678 3517 57 43 A.
1770 3515 346 55 Frothingham,

192 3574 153 44 North
382 3573 183 52 Easton,
607 3574 140 42 Mass.
818 3571 269 54 (25-22509)

124 3673 295 74 Furlong,
455 3674 166 71 May.

199 3767 246 58 Jordan
469 3766 174 71 fairy
665 3766 178 70 tales,
869 3765 251 58 written
1145 3765 83 72 by
1254 3766 151 71 May
1430 3766 300 72 Furlong,
1757 3765 360 59 illustrated

121 3844 83 71 by
231 3845 326 72 Margaret
589 3843 309 59 Caldwell.
973 3842 289 74 Chicago,
1292 3844 246 58 Jordan
1566 3843 364 72 publishing
120 3862 1972 130 company
322 3952 12 43 [
335 3929 21 23 c
359 3922 165 74 1925]

195 3998 81 55 [59]
307 4013 40 38 p.
404 3998 85 44 col.
520 3998 115 44 illus.
692 3999 54 43 23½cm.
