2533 4412
1066 4054 150 56 1313

143 409 261 58 Lincoln
435 407 350 58 centennial
819 405 394 71 association,
1249 406 405 74 Springfield,
1687 407 98 57 Ill.

220 499 257 57 Lincoln
505 498 67 56 in
602 496 399 73 Springfield,
1033 517 39 36 a
1098 495 185 73 guide
1312 500 64 53 to
1408 496 103 57 the
1539 496 214 72 places
1780 497 64 56 in
142 496 1972 138 Springfield

310 576 200 56 which
535 594 161 38 were
725 573 354 58 associated
1102 573 152 57 with
1280 574 103 56 the
1409 573 114 58 life
1553 575 65 57 of
1645 574 323 58 Abraham
144 574 1968 138 Lincoln.

381 652 342 57 Published
765 652 83 71 by
890 652 104 56 the
1039 650 258 57 Lincoln
1343 651 352 58 centennial
1738 652 399 72 association,

146 731 280 58 sketches
472 730 82 59 by
601 728 295 73 Virginia
944 727 224 59 Stuart
1212 727 249 58 Brown.
1551 728 420 74 [Springfield,
2020 729 116 73 Ill.,

144 810 162 74 1925]

216 898 80 55 [30]
330 913 38 37 p.
430 897 114 43 illus.
573 897 125 53 (incl.
731 904 129 44 port.,
893 896 199 54 facsim.)
1133 896 109 44 fold.
1273 909 118 39 map.
1454 896 51 44 19
1512 899 46 18 cm
1564 931 9 9 .

142 967 52 53 ©
227 968 118 52 Sept.
378 969 63 49 18,
474 966 129 52 1925;
633 967 65 43 2c.
726 967 86 42 and
841 967 78 42 aff.
952 966 120 53 Sept.
1100 967 80 51 21;
1211 966 44 42 A
1285 965 189 53 868383;
1507 966 190 44 Lincoln
1725 969 250 42 centennial
2005 983 131 37 assn.,

215 1023 287 53 Springfield,
540 1024 68 42 Ill.
678 1021 270 55 (25-22457)

222 1125 128 56 The
384 1121 162 58 little
581 1122 221 70 rebels,
838 1142 36 36 a
909 1123 223 56 drama
1163 1122 280 58 founded
1477 1141 78 39 on
1591 1123 184 73 facts,
1813 1124 324 72 reprinted

143 1201 166 57 from
346 1201 103 56 the
485 1200 291 58 Juvenile
813 1199 382 72 miscellany,
1231 1200 169 57 issue
1440 1200 67 56 of
1546 1199 385 75 September,
1971 1203 165 57 1826.

144 1278 397 58 Illustration
581 1296 77 38 on
697 1295 161 55 page
898 1276 120 58 five
1057 1277 169 56 from
1265 1277 104 57 the
1411 1277 291 58 Juvenile
1743 1278 395 74 miscellany;

143 1356 324 72 title-page
499 1355 390 56 illustration
924 1356 124 56 and
1079 1354 289 72 tailpiece
1403 1354 170 58 from
1603 1355 160 58 book
1799 1357 67 56 of
1899 1357 103 58 the
144 1376 1971 130 period;

363 1433 316 73 engraved
724 1451 81 38 on
846 1433 208 71 wood;
1102 1431 152 58 with
1298 1432 429 59 introduction
1772 1434 83 73 by
1902 1435 236 59 Robert

146 1511 252 58 Seaver.
469 1511 259 70 Boston,
763 1508 68 60 G.
867 1510 60 58 S.
962 1509 327 73 Howland,
1325 1511 165 56 1925.

211 1586 877 54 3 p. l., 5-10 p., 1 l. illus. 22½c m .
214 1643 139 44 “This
383 1644 169 43 edition
579 1643 172 44 limited
778 1651 45 35 to
852 1642 129 44 three
1007 1643 204 43 hundred
1239 1642 104 53 fifty
1371 1643 190 51 copies.”
1618 1642 114 46 This
1762 1658 114 39 copy
1903 1654 79 35 not
142 1659 1975 86 numbèred.

142 1755 53 53 ©
219 1757 119 52 Aug.
366 1754 36 55 5,
433 1754 130 53 1925;
592 1756 65 43 2c.
688 1755 119 52 Sept.
839 1756 74 50 14;
941 1755 79 42 aff.
1049 1755 118 42 Nov.
1195 1755 50 50 2;
1274 1755 44 42 A
1345 1753 189 54 872266;
1566 1754 168 45 Gerald
1764 1756 204 53 Shepard
212 1759 1906 97 Howland.

392 1810 66 55 [©
488 1811 245 53 foreword]
805 1809 269 56 (25-22406)

145 1910 1995 75 Long Beach high school debates … published by the
221 1988 1922 77 Board of debate control … v. 1. 1915-1925. [Long
221 2068 225 72 Beach,
491 2067 203 75 Calif.]
739 2066 264 58 Printed
1045 2067 84 71 by
1169 2068 104 56 the
1317 2067 159 71 Poly
1517 2067 152 73 high
1715 2068 208 58 school
1965 2070 176 71 print

222 2147 154 71 shop
413 2175 14 44 [
428 2153 19 22 c
450 2146 165 74 1925]

214 2222 91 52 189,
340 2223 52 53 [1]
428 2236 40 37 p.
501 2221 101 43 incl.
637 2220 139 44 front.
835 2220 53 44 23½
923 2222 47 18 cm
977 2254 9 9 .

213 2278 186 46 Editor:
439 2276 118 51 1925,
591 2277 207 44 William
830 2275 200 45 Fennell.

143 2334 52 53 ©
227 2336 121 52 Sept.
378 2334 65 51 30,
477 2332 104 45 1925;
637 2334 67 42 2c.
737 2333 101 44 Oct.
870 2332 49 52 6;
952 2333 79 43 aff.
1065 2332 103 44 Oct.
1203 2333 74 52 19;
1311 2333 46 43 A
1387 2332 189 53 869639;
1613 2334 190 45 Student
1834 2335 119 53 body
1984 2335 51 45 of
2065 2337 75 43 the

213 2392 130 52 Long
371 2390 150 43 Beach
551 2388 282 54 polytechnic
859 2388 110 53 high
1000 2388 167 51 school,
1197 2388 130 53 Long
1357 2389 161 52 Beach,
1550 2389 135 45 Calif.

221 2446 269 56 (25-22358)

143 2546 326 74 McClung,
503 2548 155 56 Mrs.
693 2543 198 59 Nellie
926 2543 234 58 Letitia
1204 2544 324 73 (Mooney)
1573 2547 190 58 1873-

220 2635 1918 79 Painted fires, by Nellie L. McClung … New York,
143 2718 201 72 Dodd,
375 2716 187 57 Mead
592 2715 49 56 &
669 2732 323 56 company,
1026 2715 165 56 1925.

211 2792 554 54 2 p. l., 316 p. 19½c m .
144 2849 52 53 ©
237 2850 101 44 Oct.
378 2850 67 50 31,
488 2847 130 52 1925;
657 2848 66 43 2c.
763 2847 118 44 Nov.
921 2847 50 51 9;
1014 2847 80 42 aff.
1136 2847 118 43 Nov.
1296 2845 49 52 5;
1387 2847 44 42 A
1469 2845 190 53 869946;
1702 2847 59 43 N.
1804 2849 50 42 L.
1894 2848 245 54 McClung,

212 2905 218 52 Toronto,
470 2904 196 45 Canada.
735 2902 270 56 (25-22638)

143 3005 323 69 Marshall,
501 3003 365 71 Archibald,
905 3004 190 59 1866-

145 3093 1971 141 Joan and Nancy, by Archibald Marshall … illustrations
341 3175 83 71 by
451 3172 236 58 Eunice
719 3172 79 57 H.
834 3171 411 72 Stephenson.
1317 3170 151 58 New
1497 3169 190 76 York,
1719 3171 201 75 Dodd,
1954 3173 187 60 Mead

146 3255 123 56 and
297 3269 323 54 company,
652 3251 166 56 1925.

217 3325 1008 57 5 p. l., 207 p. incl. front., illus. 21½cm.
218 3386 126 44 “The
376 3384 238 52 following
645 3382 206 52 episodes
887 3381 44 44 in
963 3381 77 44 the
1071 3395 154 37 young
1258 3380 111 44 lives
1403 3380 51 45 of
1486 3382 117 51 Joan
1638 3383 87 43 and
1759 3383 163 53 Nancy
1959 3382 180 46 Clinton

147 3458 77 29 are
261 3443 135 43 taken
435 3441 123 43 from
596 3439 125 43 three
760 3438 52 44 of
848 3437 77 44 the
963 3437 155 44 novels
1160 3437 148 43 which
1350 3437 98 43 deal
1489 3437 110 44 with
1639 3437 119 45 their
1797 3438 185 54 family:
2027 3439 112 44 ‘The

147 3499 185 52 squire’s
366 3495 247 55 daughter’,
650 3494 111 44 ‘The
797 3494 141 44 eldest
972 3493 107 52 son’,
1113 3494 87 42 and
1236 3492 113 44 ‘The
1380 3492 178 44 honour
1589 3494 52 44 of
1672 3494 77 47 the
1785 3494 232 49 Clintons’,
2054 3497 85 43 and

148 3556 121 44 from
295 3555 75 43 the
398 3553 105 44 four
530 3552 164 44 stories
723 3552 44 42 in
793 3550 112 44 ‘The
933 3549 183 45 Clinton
1141 3548 189 44 twins’.”

144 3611 53 53 ©
229 3612 101 44 Oct.
361 3611 66 49 31,
459 3608 130 51 1925;
621 3609 63 41 2c.
716 3607 118 42 Nov.
865 3606 49 51 9;
947 3605 78 43 aff.
1058 3605 118 43 Nov.
1210 3604 48 52 5;
1292 3605 43 41 A
1365 3604 189 52 869944;
1590 3606 147 51 Dodd,
1772 3607 138 44 Mead
1941 3608 86 42 and
2059 3623 81 35 co.,

215 3668 83 43 inc.
367 3664 269 56 (25-22636)

147 3766 325 71 Martinez,
508 3764 330 74 Raymond
874 3763 253 73 Joseph,
1167 3764 147 58 1889–

222 3860 77 55 In
338 3858 104 56 the
482 3855 219 72 parish
743 3854 67 58 of
851 3853 91 59 St.
984 3853 188 71 John,
1211 3853 83 72 by
1333 3853 330 71 Raymond
1701 3854 62 59 J.
1805 3854 327 59 Martinez.

148 3936 386 69 Thibodaux,
560 3934 151 56 New
739 3931 283 72 Orleans,
1050 3930 129 72 La.,
1210 3929 68 60 G.
1309 3930 74 58 A.
1412 3930 239 57 Martin
1679 3931 49 58 &
1756 3951 104 53 co.,
1891 3932 164 56 1925.
