2533 4412
1195 4116 112 55 212

335 536 67 58 in
441 538 105 58 the
590 540 229 71 speech
861 540 125 57 and
1027 539 335 59 literature
1409 539 69 59 of
1520 539 105 60 the
1668 539 607 74 English-speaking

336 616 290 73 peoples;
678 618 171 71 1,200
895 617 298 74 pictorial
1239 618 458 73 illustrations;
1751 618 306 73 abridged
2107 619 168 58 from

335 695 105 59 the
475 696 183 57 Funk
692 696 48 59 &
770 696 331 73 Wagnalls
1138 698 154 57 New
1325 697 308 59 standard
1670 696 360 73 dictionary
2065 696 70 59 of
2168 699 105 57 the

336 772 1937 76 English language by James C. Fernald … A new ed.,
336 853 1868 75 augmented and carefully rev. by Frank H. Vizetelly …
338 933 154 58 New
536 933 174 57 York
755 933 124 58 and
923 933 284 72 London,
1252 934 184 57 Funk
1481 934 48 59 &
1571 933 330 72 Wagnalls
1948 952 327 54 company,

334 1011 168 59 1925.

326 1087 94 52 viii,
450 1089 86 45 894
563 1104 43 38 p.
667 1089 120 45 illus.
846 1090 56 44 22½
936 1092 48 18 cm
989 1124 10 10 .

331 1146 254 45 Published
615 1147 98 44 also
744 1147 150 44 under
922 1146 126 46 title:
1079 1145 103 47 The
1210 1147 114 55 high
1356 1147 160 45 school
1551 1147 237 47 Standard
1817 1147 264 55 dictionary
2111 1148 55 44 of
2195 1147 80 45 the

259 1202 197 55 English
486 1204 244 54 language.

258 1259 53 55 ©
339 1263 100 52 Jan.
470 1264 67 51 31,
571 1262 131 53 1925;
730 1263 66 44 2c.
827 1264 87 43 and
942 1264 80 44 aff.
1055 1263 120 45 Mar.
1206 1261 50 55 5;
1288 1264 44 43 A
1361 1262 193 54 823273;
1586 1263 135 45 Funk
1748 1264 38 44 &
1814 1263 241 54 Wagnalls
2088 1278 66 30 co.

337 1319 244 54 (25-5643)

255 1418 289 75 Dougall,
586 1418 159 76 Lily,
788 1421 361 59 1858-1923.

335 1513 199 59 God’s
566 1532 143 53 way
735 1513 154 57 with
919 1532 177 53 man;
1133 1532 80 39 an
1247 1513 398 72 exploration
1679 1513 67 58 of
1777 1513 106 58 the
1916 1514 256 59 method
2204 1514 70 59 of

257 1592 104 58 the
393 1591 209 59 divine
635 1591 284 73 working
950 1592 340 73 suggested
1318 1593 85 71 by
1433 1592 106 58 the
1569 1592 167 58 facts
1768 1592 69 58 of
1865 1591 251 74 history
2148 1593 126 59 and

257 1669 1989 153 science, by Lily Dougall … with introduction and biographical
608 1752 148 56 note
778 1750 84 72 by
887 1747 217 60 Canon
1126 1748 72 57 B.
1225 1748 80 57 H.
1337 1748 300 59 Streeter.
1692 1748 281 73 London,
2002 1748 272 60 Student

259 1827 325 60 Christian
617 1831 374 68 movement,
1029 1828 168 56 1924.

331 1907 91 53 123,
499 1924 10 30 [1]
544 1921 40 38 p.
646 1905 125 45 front.
812 1904 168 55 (port.)
1050 1905 54 45 19½c
1154 1907 30 18 m
1191 1940 9 9 .

592 1963 351 44 CONTENTS.—Providence
989 1963 89 44 and
1120 1961 364 46 miracle.—God
1529 1978 49 29 as
1622 1961 652 54 educator.—Forgiveness—

257 2022 167 44 human
451 2022 89 44 and
567 2019 321 47 divine.—The
917 2020 201 55 worship
1145 2020 53 46 of
1224 2018 412 56 wrath.—Beyond
1663 2018 370 56 justice.—Cyril
2064 2019 209 46 William

259 2080 193 46 Emmet.

257 2133 2010 57 © 1c. Feb. 11, 1925; A ad int. 6652; pubd. Dec. 17, 1924; Macmillan co.,
330 2195 117 43 New
479 2194 142 44 York.
692 2191 245 56 (25-4637)

256 2288 101 57 Du
388 2286 234 59 Plessis
651 2287 79 57 de
761 2284 349 73 Grenédan,
1145 2283 307 72 Joachim,
1489 2290 217 69 comte,
1739 2287 190 57 1870-

404 2373 1862 75 … La vie héroïque de Jean Du Plessis, commandant du
259 2456 440 70 “Dixmude”,
729 2454 361 71 1892-1923,
1120 2472 153 38 avec
1298 2453 165 57 deux
1488 2453 311 72 portraits
1826 2454 152 58 hors
2007 2457 169 57 texte
2208 2459 61 55 et

257 2537 163 56 deux
451 2536 223 55 cartes.
749 2532 207 72 Paris,
990 2530 459 58 Plon-Nourrit
1481 2534 63 54 et
1574 2551 32 37 ci
1624 2538 18 21 e
1678 2563 14 43 [
1692 2538 20 24 c
1715 2533 166 74 1924]

327 2614 1687 59 3 p. l., 350 p., 1 l. front. (port.) pl., 2 maps on 1 fold. 1. 20 cm .
326 2677 65 43 At
421 2676 116 44 head
566 2675 51 44 of
647 2674 123 44 title:
805 2672 162 45 Comte
995 2673 40 52 J.
1069 2672 75 43 Du
1177 2671 185 45 Plessis.

256 2727 2008 59 © Dec. 24, 1924; 1c. Feb. 5, 1925; A— Foreign 26579; Plon-Nourrit & co.
336 2788 243 56 (25-6428)

255 2876 253 72 Eckhel,
546 2875 187 57 Anna
770 2871 252 60 Hilaria
1058 2887 140 53 von,
1241 2872 191 59 1873-

384 2967 148 72 Rings
575 2984 106 38 um
724 2964 100 58 ein
870 2962 537 75 Streichquartett,
1451 2981 123 39 von
1617 2962 187 58 Anna
1847 2963 253 60 Hilaria
2143 2986 120 39 von

255 3045 249 60 Eckhel.
597 3042 474 58 Buchschmuck
1119 3058 123 40 von
1295 3040 332 58 Elisabeth
1678 3042 226 58 Fuchs.
1996 3042 270 61 Breslau

252 3126 128 57 und
405 3122 279 73 Leipzig,
711 3118 572 75 Bergstadtverlag
1314 3148 13 44 [
1327 3126 20 21 c
1352 3120 165 72 1924]

333 3206 89 50 169,
451 3207 54 45 [1]
532 3219 40 38 p.
637 3203 52 44 19
693 3203 47 18 cm
747 3238 8 7 .

257 3254 1868 62 © Oct. 15, 1924; 1c. Jan. 3, 1925; A —Foreign 26441; Bergstadtverlag.
335 3316 243 58 (25-6254)

255 3405 284 71 Eilsberg,
581 3400 260 60 Charles
877 3399 241 71 Albert,
1159 3401 191 57 1871-

336 3499 270 56 Tumors
634 3492 68 58 of
725 3491 103 58 the
859 3490 206 73 spinal
1091 3490 150 58 cord
1267 3488 48 59 &
1341 3489 104 57 the
1473 3493 348 70 symptoms
1848 3492 70 58 of
1941 3492 326 62 irritation

258 3577 48 59 &
338 3570 431 76 compression
803 3568 68 58 of
902 3569 106 57 the
1044 3567 207 73 spinal
1286 3567 152 58 cord
1473 3568 48 57 &
1552 3587 194 41 nerve
1780 3572 208 70 roots;
263 3573 1980 153 pathology,

481 3647 594 76 symptomatology,
1150 3644 327 71 diagnosis
1551 3646 125 57 and
1749 3650 361 72 treatment,
2186 3653 83 70 by

260 3723 2007 78 Charles A. Eisberg … with three hundred and fifty-four
257 3807 442 63 illustrations.
782 3805 154 56 New
963 3804 194 68 York,
1191 3803 68 57 P.
1290 3802 73 57 B.
1395 3801 272 73 Hoeber,
1700 3802 137 73 inc.,
1873 3807 167 58 1925.

324 3888 95 49 viii,
450 3888 78 44 421
561 3901 42 38 p.
664 3883 120 44 illus.
843 3880 57 47 27
905 3884 47 18 cm
958 3916 8 8 .

328 3941 359 57 Bibliography:
718 3957 42 38 p.
789 3938 207 47 397-408.

257 4004 53 55 ©
336 4004 108 45 Feb.
474 4003 64 51 19,
567 3998 130 55 1925;
722 4000 67 43 2c.
816 3998 121 43 Mar.
963 3998 50 51 3;
1043 3996 79 44 aff.
1152 3997 119 43 Mar.
1294 3996 52 53 2;
1377 3996 44 43 A
1449 3996 161 45 823281;
1670 3997 115 46 Paul
1813 3999 50 44 B.
1893 4000 198 52 Hoeber,
2122 4001 81 45 inc.
