2533 4412
1037 4054 113 58 415

98 415 325 72 Weidlein,
462 417 275 57 Edward
772 416 154 73 Ray,
967 418 188 56 1887-

173 511 59 55 A
275 510 195 57 series
513 510 67 57 of
623 529 187 38 seven
849 508 178 59 radio
1071 509 163 57 talks
1279 526 78 39 on
1400 506 252 59 Science
1693 506 67 56 in
1800 504 294 72 industry

108 587 177 71 (with,
343 587 186 57 select
585 584 521 75 bibliographies)
1173 584 318 59 delivered
1544 585 83 70 by
1685 582 278 59 Edward
2018 583 74 56 R.

96 660 1928 75 Weidlein … Stephen L. Goodale … James B. Garner …
99 744 139 71 [and
269 742 227 72 others]
583 741 407 73 [Pittsburgh,
1019 750 18 20 c
1041 741 164 71 1925]

168 834 55 46 40
251 850 41 38 p.
351 835 53 45 23
412 836 47 18 cm
464 870 9 10 .
542 834 293 54 (University
864 834 52 46 of
947 832 282 53 Pittsburgh.
1290 830 145 45 Radio
1468 829 288 56 publication,
1789 846 74 30 no.
1894 830 49 54 9)

170 907 280 45 “Broadcast
472 906 122 45 from
617 906 76 44 the
715 904 267 54 University
1007 906 49 44 of
1083 904 269 53 Pittsburgh
1378 903 149 46 studio
1554 904 50 44 of
1627 903 204 54 KDKA,
96 902 1974 106 Westinghouse

273 964 182 44 electric
491 963 38 44 &
566 962 368 53 manufacturing
972 975 233 39 company,
1248 960 278 54 Pittsburgh,
1567 958 378 56 Pennsylvania.”

165 1021 179 46 “Select
369 1019 345 53 bibliography”
742 1028 45 36 at
814 1021 86 44 end
926 1020 53 44 of
1003 1019 111 45 each
1141 1017 109 46 talk.

98 1087 53 53 ©
181 1089 118 42 Mar.
327 1090 39 50 6,
397 1086 105 45 1925;
559 1088 64 42 2c.
653 1087 87 42 and
769 1087 77 43 aff.
879 1087 119 42 Mar.
1031 1086 74 52 12;
1136 1086 43 42 A
1210 1084 188 53 825286;
1430 1086 267 53 University
1726 1087 52 43 of
1808 1086 283 54 Pittsburgh,

170 1144 280 53 Pittsburgh.
519 1142 243 55 (25-8279)

97 1243 210 70 Wells,
352 1242 272 58 Herbert
664 1243 256 72 George,
965 1243 189 58 1866-

171 1335 59 55 A
266 1334 176 56 short
476 1333 247 71 history
758 1333 67 56 of
859 1332 314 71 mankind,
1211 1333 82 70 by
1328 1332 79 57 H.
1446 1332 69 59 G.
1554 1333 226 71 Wells;
1819 1334 275 72 adapted

94 1409 1976 230 and edited for school use from the author ’s “Short history of the world”, by E. H. Carter … Oxford, B. Blackwell, 1925.
165 1645 92 54 viii,
290 1645 90 51 183,
411 1646 51 45 [1]
494 1660 40 37 p.
595 1644 151 51 front.,
775 1643 116 44 illus.
918 1643 126 53 (incl.
1073 1643 152 53 maps)
1297 1645 51 43 19
1353 1646 15 17 cm
1406 1680 9 9 .

99 1700 1991 55 © 1c. Apr. 29, 1925; A ad int. 6874; pubd. Apr. 1; H. G. Wells, Easton
171 1759 151 52 Glebe,
353 1760 240 50 Dunmow,
625 1757 159 52 Essex,
817 1756 223 54 England.
1109 1756 244 55 (25-9574)

98 1857 262 73 [Willey,
400 1855 281 59 William
716 1855 306 74 Lithgow]
1051 1859 201 56 1857-

175 1949 128 57 The
330 1949 185 57 order
540 1948 66 57 of
628 1948 283 71 military
931 1946 204 74 merit,
1160 1947 104 58 the
1288 1947 200 73 badge
1514 1948 66 57 of
1601 1946 285 74 military
1907 1949 187 57 merit

97 2027 67 57 of
196 2026 104 58 the
336 2025 384 59 continental
753 2045 195 53 army.
1031 2025 254 71 Exeter,
1323 2024 252 73 Society
1609 2026 67 58 of
1710 2025 105 60 the
95 2025 1976 137 Cincinnati
254 2105 66 56 in
346 2105 103 58 the
477 2106 162 55 state
667 2105 68 56 of

759 2104 153 57 New
936 2103 403 71 Hampshire,
1367 2103 165 62 1925.

166 2180 1165 55 xii, 33 p., 1 l. col. front., double facsim. 23½cm.
169 2238 138 44 “Five
333 2239 202 43 hundred
562 2237 148 53 copies
737 2238 53 44 of
815 2237 112 44 ‘The
953 2238 133 44 order
1114 2236 52 46 of
1194 2237 202 52 military
1420 2236 146 45 merit’
1592 2251 121 29 were
1744 2238 176 52 printed
1948 2247 45 34 at
2022 2238 74 44 the

99 2296 216 43 Harvard
343 2295 250 52 university
621 2309 126 37 press
778 2295 45 42 in
855 2293 285 53 Cambridge,
1172 2294 373 52 Massachusetts,
1576 2293 250 53 February,
1858 2292 118 54 1925,
2009 2295 87 43 and

99 2352 73 44 the
197 2360 103 45 type
326 2367 94 28 was
448 2351 281 44 distributed.
789 2347 113 47 This
930 2365 112 38 copy
1069 2351 36 42 is
1131 2349 190 45 number
1351 2348 122 46 303.”

169 2408 193 44 Preface
391 2408 180 52 signed:
602 2408 76 43 W.
709 2407 50 42 L.
790 2406 183 53 Willey.

167 2464 100 45 The
293 2472 125 44 story
445 2464 53 43 of
523 2465 76 42 the
625 2463 155 53 purple
805 2464 142 48 heart,
974 2463 60 52 by
1061 2462 119 53 John
1210 2462 48 45 C.
1287 2461 307 53 Fitzpatrick:
1625 2478 39 37 p.
1738 2463 137 43 [13]–33.

99 2519 53 54 ©
181 2522 118 43 Mar.
325 2522 39 51 2,
398 2519 128 54 1925;
555 2522 65 42 2c.
651 2522 119 42 Mar.
800 2521 50 50 9;
880 2521 79 42 aff.
989 2520 122 42 Mar.
1140 2519 49 52 6;
1221 2519 43 42 A
1294 2518 188 52 822451;
1517 2518 180 54 Society
1727 2519 51 44 of
1805 2518 77 45 the
167 2517 1901 105 Cincinnati
289 2578 44 43 in
359 2578 76 44 the
461 2585 115 37 state

603 2577 51 45 of
681 2577 118 44 New
828 2576 292 53 Hampshire,
1150 2575 186 52 Exeter,
1367 2575 60 45 N.
1457 2576 61 44 H.
1589 2573 242 57 (25-8025)

97 2677 329 72 Williams,
466 2678 218 73 Henry
721 2677 261 72 Horace,
1023 2679 189 56 1858-

173 2766 1848 73 The evolution of logic, by Henry Horace Williams …
98 2846 236 71 Chapel
357 2846 151 72 Hill,
535 2846 74 56 N.
640 2845 85 72 C.,
754 2845 129 57 The
911 2844 226 58 author
1165 2874 13 43 [
1180 2852 20 22 c
1202 2845 164 72 1925]

175 2924 641 55 3 p. l., ix-xiv, 181 p. 20½cm.
100 2980 54 54 ©
185 2982 112 51 Apr.
335 2983 36 50 1,
407 2979 129 54 1925;
570 2981 65 43 2c.
670 2982 87 43 and
791 2981 78 42 aff.
903 2981 111 51 Apr.
1051 2980 49 51 9;
1137 2980 43 42 A
1215 2979 189 52 823662;
1443 2979 62 43 H.
1540 2980 62 42 H.
1639 2979 245 53 Williams,
1920 2979 169 53 Chapel

170 3038 112 51 Hill,
313 3038 58 43 N.
401 3037 49 44 C.
518 3035 242 56 (25-8284)

99 3137 412 72 Windthorst,
550 3137 376 73 Margarete,
966 3139 188 55 1884-

174 3229 128 57 Der
333 3227 280 71 basilisk,
645 3246 220 38 roman
896 3245 125 39 von
1050 3227 362 71 Margarete
1443 3225 418 60 Windthorst.
97 3230 1973 145 Berlin,
233 3306 68 59 G.
332 3306 209 70 Grote,
568 3305 166 57 1924.

100 3379 1972 113 3 p. l., 299 p. 19 cm . (Half-title: Grote’sche Sammlung von werken zeitgenössischer Schriftsteller, bd. 160)
101 3493 1967 113 © Nov. 25. 1924; 1c. Mar. 19, 1925; A—Foreign 27229; G. Grote’sche v erlagsbuchhandlung. (25-9431)
99 3651 270 73 Wright,
406 3651 218 72 Henry
655 3649 259 59 Wardel
950 3650 259 72 Snarey.

179 3742 1907 73 The conquest of cancer, by H. W. S. Wright … with
103 3819 1984 71 an introduction by F . G. Crookshank … London, K.
100 3901 175 68 Paul,
313 3900 259 66 Trench,
610 3900 286 57 Trubner
927 3898 48 57 &
1006 3917 108 51 co.,
1146 3899 142 69 ltd.;
1322 3899 150 58 New
1503 3900 190 72 York,
1729 3902 71 59 E.
1835 3902 69 58 P.
99 3903 1966 134 Dutton
231 3979 46 57 &
304 3998 106 51 co.,
438 3978 166 57 1925.
