2533 4412
1037 4042 110 55 161

123 418 336 59 American
502 421 393 72 bankruptcy
940 424 267 68 reports.
1308 421 152 57 New
1507 421 213 72 series,
1769 422 166 59 cited
1981 424 134 52 Am.

198 497 72 57 B.
307 498 70 56 B.
428 498 102 71 (N.
572 498 92 71 S.)
711 498 329 73 reporting
1075 500 102 56 the
1215 499 395 72 bankruptcy
1644 499 309 59 decisions
1995 503 125 56 and

202 575 288 71 opinions
531 576 69 56 in
642 576 104 57 the
790 576 238 58 United
1072 576 212 58 States
1332 577 67 56 of
1444 577 104 57 the
1595 578 245 56 federal
1886 581 229 70 courts,

202 656 162 55 state
398 656 209 54 courts
639 655 124 56 and
795 654 277 58 referees
1103 654 66 56 in
1199 654 410 72 bankruptcy.
1682 654 116 59 Ed.
1833 656 85 71 by
1948 656 171 58 Fred

200 730 71 56 E.
362 731 280 57 Rosbrook.
713 750 56 37 v.
802 733 52 54 4.
923 731 267 72 Albany,
1223 731 73 56 N.
1329 730 94 73 Y.,
1456 731 303 58 Matthew
1789 732 249 59 Bender
2070 734 48 56 &

199 826 320 55 company,
555 808 463 72 incorporated,
1057 810 165 56 1925.

259 920 10 18 xx,
302 886 100 43 1311
435 900 41 37 p.
536 886 52 42 23½
624 889 46 17 cm
677 921 8 7 .

120 940 54 54 ©
201 943 118 42 Mar.
345 943 39 51 3,
413 940 129 54 1925;
570 942 64 43 2c.
663 942 120 44 Mar.
811 941 48 53 6;
890 942 78 43 aff.
997 942 118 43 Mar.
1144 941 48 53 5;
1221 942 44 42 A
1294 942 188 52 823303;
1514 942 224 45 Matthew
1765 943 182 45 Bender
1970 945 37 44 &
2033 961 79 37 co.,

190 998 83 44 inc.

117 1082 1996 76 American law reports annotated … v. 34. Rochester,
196 1162 72 56 N.
303 1161 92 72 Y.,
432 1161 127 56 The
593 1161 300 71 Lawyers
925 1160 422 72 co-operative
1380 1160 361 74 publishing
1777 1180 334 54 company;

195 1239 370 72 Northport,
602 1238 67 57 L.
710 1239 69 71 I.,
818 1238 73 56 N.
931 1238 93 72 Y.,
1064 1238 278 57 Edward
1380 1239 359 70 Thompson
1777 1258 334 54 company;

197 1316 129 58 San
391 1316 355 72 Francisco,
815 1315 204 73 Calif.,
1088 1315 636 73 Bancroft-Whitney
1789 1336 322 54 company,

195 1396 165 55 1925.

188 1472 59 52 ix,
283 1471 106 44 1600
418 1488 40 37 p.
516 1468 53 47 25½c
623 1474 28 17 m
659 1507 8 7 .

188 1527 424 47 Editors-in-chief:
645 1528 192 43 Burdett
862 1527 57 42 A.
950 1526 115 44 Rich
1092 1527 86 45 and
1208 1527 65 42 M.
1305 1527 126 51 Blair
1458 1527 187 45 Wailes.

117 1583 53 54 ©
198 1584 107 44 Feb.
334 1583 66 53 20,
431 1583 129 52 1925;
589 1584 64 42 2c.
682 1584 89 42 and
796 1584 79 43 aff.
906 1584 118 42 Mar.
1047 1584 55 50 3;
1134 1583 44 42 A
1206 1582 189 53 822251;
1427 1584 214 52 Lawyers
1671 1585 310 51 co-operative
2009 1586 101 52 pub.

187 1656 79 36 co.,
291 1639 464 53 Bancroft-Whitney
779 1655 79 34 co.,
884 1638 198 47 Edward
1107 1638 265 53 Thompson
1397 1654 64 29 co.

113 1726 338 58 American
481 1725 237 74 society
749 1725 67 57 of
847 1724 385 58 mechanical
1263 1724 343 73 engineers.

188 1816 457 73 Bibliography
669 1835 79 37 on
773 1815 245 63 riveted
1037 1814 219 72 joints.
1321 1814 152 58 New
1495 1815 191 73 York,
1714 1818 129 57 The
114 1817 1973 136 American
258 1895 236 71 society
522 1893 68 58 of
615 1893 381 58 mechanical
1027 1893 326 72 engineers
1387 1923 12 43 [
1402 1901 19 22 c
1424 1894 164 72 1924]

190 1976 49 42 12
271 1990 40 38 p.
370 1974 54 43 26½
458 1977 46 17 cm
511 2009 9 8 .

190 2031 108 45 “Dr.
333 2032 57 44 A.
424 2031 61 44 H.
523 2029 144 54 Stang
699 2030 51 45 of
780 2028 75 46 the
889 2029 179 43 Bureau
1102 2028 49 45 of
1185 2028 251 52 standards,
1469 2029 130 45 aided
1633 2029 56 54 by
1721 2030 76 45 the
1831 2029 282 57 Committee,

116 2084 906 58 has prepared this … bibliography.”
114 2143 53 54 ©
193 2145 117 52 June
339 2143 64 53 15,
432 2143 130 52 1924;
589 2143 66 43 2c.
683 2143 88 42 and
797 2142 79 42 aff.
904 2142 99 51 Jan.
1033 2140 65 52 30,
1131 2139 130 54 1925;
1292 2141 44 42 A
1365 2139 189 54 822059;
1585 2142 244 44 American
1860 2143 170 54 society
2058 2147 51 43 of

183 2201 276 43 mechanical
490 2199 245 53 engineers.
805 2195 243 56 (25-5083)

112 2285 342 72 Bachelier,
492 2283 222 74 Irving
747 2281 304 72 Addison,
1092 2283 189 57 1859-

188 2365 239 57 Father
456 2363 353 69 Abraham;
845 2382 34 36 a
912 2361 126 57 tale
1071 2361 68 57 of
1170 2361 104 57 the
1306 2361 129 58 last
1462 2380 187 53 years
1684 2363 68 57 of
1784 2363 323 61 Abraham

110 2438 1996 140 Lincoln, by Irving Bachelier … Indianapolis, The Bobbs-Merrill
390 2537 306 53 company
732 2549 14 44 [
746 2526 21 22 c
770 2517 166 75 1925]

180 2595 562 54 5 p. l., 419 p. 19½ cm .
112 2654 53 54 ©
192 2654 105 45 Feb.
325 2654 65 51 26,
422 2652 128 52 1925;
580 2654 63 43 2c.
672 2653 86 43 and
785 2652 79 43 aff.
895 2651 118 43 Mar.
1040 2651 50 52 2;
1120 2650 43 43 A
1192 2650 189 52 823239;
1412 2651 36 43 I.
1478 2651 251 54 Bachelier,
1755 2654 183 45 Winter
1967 2657 138 51 Park,

181 2711 96 44 Fla.
346 2709 243 55 (25-5539)

109 2799 226 68 Bacon,
375 2793 304 73 Leonard,
722 2795 191 57 1887-

188 2875 111 56 Ph.
329 2874 128 69 D.S,
487 2871 160 57 male
677 2870 123 57 and
829 2868 227 58 female
1086 2869 254 56 created
1365 2868 99 58 He
1493 2869 186 72 them,
1707 2872 83 70 by
1816 2872 291 60 Leonard

109 2953 230 56 Bacon.
421 2951 153 56 New
596 2948 176 57 York
797 2948 124 57 and
942 2947 279 71 London,
1248 2946 257 72 Harper
1531 2947 48 57 &
1601 2948 311 73 brothers,
1939 2952 165 58 1925.

180 3026 574 53 5 p. l., 3-76 p. 19½c m .
182 3086 181 43 Poems.

179 3141 153 45 “First
358 3140 214 46 edition.”

512 3196 175 54 CONTENTS.—Sophia
711 3191 386 48 Trenton.—The
1126 3194 196 45 Dunbar
1348 3196 208 52 tragedy.

109 3258 53 54 ©
190 3258 106 43 Feb.
326 3259 38 50 3,
395 3255 103 45 1925;
553 3256 64 42 2c.
646 3254 107 43 Feb.
779 3254 52 51 4;
861 3253 79 43 aff.
969 3251 106 45 Feb.
1108 3252 74 52 12;
1214 3253 44 41 A
1287 3252 187 53 822026;
1507 3253 186 53 Harper
1721 3256 37 44 &
1786 3257 119 44 bros.

187 3313 242 55 (25-5566)

108 3399 231 70 Bailor,
379 3395 225 59 Edwin
635 3392 299 73 Maurice,
974 3394 189 56 1890-

188 3476 268 59 Content
499 3474 123 57 and
665 3473 168 55 form
874 3471 65 55 in
981 3472 159 54 tests
1186 3469 68 57 of
1297 3467 412 76 intelligence,
1754 3473 84 72 by
1879 3475 225 59 Edwin

106 3545 1971 154 Maurice Bailor … New York city, Teachers college, Columbia university, 1924.
211 3745 10 18 x,
253 3707 54 45 74
336 3722 39 39 p.
408 3705 100 45 incl.
539 3705 155 49 tables,
727 3704 142 52 diagr.
929 3702 52 43 23½
1017 3704 46 17 cm
1071 3737 8 7 .
1148 3699 254 55 (Teachers
1436 3701 182 54 college,
1655 3703 236 46 Columbia
111 3706 1970 115 university.

274 3763 341 48 Contributions
644 3771 45 35 to
716 3761 247 49 education,
991 3774 71 29 no.
1093 3758 102 53 162)

177 3821 244 45 Published
450 3821 93 42 also
573 3834 48 28 as
650 3817 138 45 thesis
826 3817 105 53 (PH.
991 3815 35 53 D.)
1066 3813 234 46 Columbia
1331 3815 263 54 university,
1626 3816 118 46 1925.

180 3877 349 54 Bibliography:
559 3890 40 38 p.
628 3873 149 45 73-74.

106 3935 53 54 ©
189 3937 97 52 Jan.
317 3934 38 52 6,
388 3932 129 52 1925;
548 3932 64 42 2c.
642 3931 99 51 Jan.
776 3930 74 51 19;
882 3929 78 43 aff.
991 3928 99 51 Jan.
1120 3927 79 52 23;
1231 3927 44 42 A
1306 3926 189 53 814740;
1527 3928 229 47 Teachers
1788 3931 187 48 college,

174 3932 1900 104 Columbia
380 3990 117 43 univ.
567 3984 242 57 (25-5478)
