2533 4412
1274 4035 151 57 1432

358 351 306 73 Webster,
705 353 199 72 Noah,
947 356 359 57 1758-1843.

500 442 1864 77 … Laird & Lee’s Webster’s new standard dictionary of
353 520 103 58 the
497 520 271 73 English
806 521 330 73 language,
1175 523 106 56 for
1318 522 105 58 the
1460 522 199 73 home,
1699 523 105 57 the
1845 524 211 57 school
2094 526 124 56 and
2256 525 105 58 the

353 599 197 72 office;
589 599 284 58 contains
908 600 323 58 hundreds
1269 600 68 58 of
1371 620 135 38 new
1540 602 227 69 words,
1806 601 377 74 definitions,
351 620 1985 131 pronunciation,

806 697 361 53 synonyms,
1233 679 375 72 etymology,
1675 679 167 58 rules
1908 680 104 57 for
2077 679 287 75 dividing

351 756 2011 75 words into syllables … compiled and edited by E. T. Roe,
433 834 1860 75 LL. B ., with the assistance of prominent specialists …
352 914 1941 74 Rev. and enl. ed., 840 illustrations—19 full-page plates …
353 992 291 74 Chicago,
673 993 197 58 Laird
895 992 48 58 &
967 992 143 73 Lee,
1137 992 117 59 inc.
1286 1022 14 44 [
1301 1001 18 21 c
1323 994 166 72 1925]

423 1084 1542 56 2 p. l., iii-xii, [9]-789 p. front. (map) illus., plates. 19 ½cm .
419 1158 66 44 At
511 1156 115 45 head
653 1157 51 44 of
729 1157 98 44 title:
884 1158 207 43 Premier
1119 1156 181 45 edition.

354 1225 53 55 ©
444 1228 119 43 Nov.
603 1228 32 50 1,
676 1226 130 54 1925;
841 1228 66 43 2c.
943 1228 88 43 and
1066 1228 78 42 aff.
1182 1227 120 44 Nov.
1337 1227 79 52 21;
1455 1227 44 43 A
1535 1226 189 54 872524;
1764 1227 138 45 Laird
1938 1229 38 44 &
2012 1228 101 52 Lee,
2150 1228 84 44 inc.
2298 1251 10 31 [©

424 1284 225 44 additions
684 1285 88 42 and
807 1284 236 52 revisions]
1115 1283 272 55 (25-24708)

354 1383 377 75 Weygandt,
775 1381 346 71 Cornelius,
1164 1386 191 57 1871-

431 1476 61 57 A
524 1478 265 70 century
822 1476 68 57 of
923 1476 103 57 the
1063 1475 271 73 English
1366 1475 201 73 novel,
1606 1476 186 72 being
1827 1494 40 38 a
1901 1474 466 59 consideration

356 1555 69 56 of
459 1553 104 59 the
600 1554 176 71 place
813 1553 66 57 in
916 1553 270 73 English
1221 1553 333 58 literature
1596 1553 67 57 of
1699 1553 105 58 the
1841 1553 150 74 long
2029 1556 208 69 story;
355 1557 1986 148 together

612 1632 153 57 with
804 1651 80 38 an
923 1631 289 58 estimate
1253 1631 68 57 of
1355 1631 84 58 its
1478 1630 250 59 writers
1766 1631 171 58 from
1975 1632 104 57 the
2117 1632 249 72 heyday

353 1707 1989 154 of Scott to the death of Conrad. By Cornelius Weygandt …
722 1788 153 57 New
902 1787 175 57 York
1105 1786 144 73 city,
1282 1787 130 58 The
1446 1785 283 73 Century
1757 1805 108 54 co.,
1897 1788 169 56 1925.

421 1873 817 56 6 p. l., 3-504 p. 21 cm . $2.50
350 1946 53 54 ©
449 1948 119 43 Nov.
617 1947 62 51 19,
728 1944 130 54 1925;
903 1947 66 42 2c.
1015 1947 120 43 Nov.
1177 1946 79 52 21;
1303 1946 79 43 aff.
1429 1947 119 43 Nov.
1592 1945 78 54 24;
1718 1946 44 43 A
1807 1943 191 55 872576;
2047 1943 202 56 Century
2295 1960 65 30 co.

430 2003 272 57 (25-24029)

352 2104 334 73 Williams,
721 2103 292 74 Michael,
1051 2106 191 58 1878-

428 2195 1865 75 The little flower of Carmel, by Michael Williams …
349 2279 153 57 New
526 2277 193 71 York,
745 2278 71 56 P.
842 2278 62 59 J.
929 2277 270 72 Kenedy
1222 2277 49 57 &
1297 2296 146 40 sons
1474 2307 13 42 [
1488 2283 17 21 c
1511 2277 165 71 1925]

418 2368 734 52 4 p. l., 103 p. front. 17½ cm.
349 2435 53 55 ©
433 2438 119 43 Nov.
581 2438 70 51 23,
685 2435 129 55 1925;
844 2438 67 43 2c.
942 2438 87 43 and
1059 2437 80 43 aff.
1173 2438 120 43 Nov.
1323 2436 79 53 27;
1436 2437 43 43 A
1509 2435 191 54 872606;
1736 2438 51 41 P.
1819 2438 41 51 J.
1892 2437 192 53 Kenedy
2115 2439 38 43 &
2185 2453 117 29 sons.

428 2493 271 55 (25-24296)

350 2594 219 71 Wood,
611 2593 270 59 Thomas
920 2592 296 73 Denison,
1257 2595 190 58 1865-

428 2686 233 58 Source
720 2686 162 57 book
940 2686 66 57 in
1067 2686 214 58 health
1340 2686 126 56 and
1524 2685 287 72 physical
1872 2685 348 73 education,
2282 2687 84 71 by

348 2762 2016 62 Thomas D. Wood … and Clifford L. Brownell … New
347 2843 191 73 York,
570 2843 129 58 The
732 2842 363 58 Macmillan
1126 2860 325 54 company,
1482 2842 167 57 1925.

416 2934 62 51 xi,
511 2933 82 47 590
624 2950 40 38 p.
723 2934 57 45 20½
813 2937 48 17 cm
867 2969 9 9 .

420 3005 355 54 Bibliography:
806 3019 41 39 p.
879 3003 208 46 561-570.

348 3061 52 53 ©
429 3063 119 43 Nov.
575 3064 39 52 4,
642 3061 132 55 1925;
802 3063 65 43 2c.
895 3063 88 43 and
1009 3063 79 43 aff.
1118 3063 121 42 Nov.
1268 3061 49 53 5;
1347 3062 44 43 A
1419 3060 190 54 872308;
1640 3061 266 45 Macmillan
1934 3077 67 29 co.

426 3118 272 55 (25-24122)

350 3218 272 75 Wright,
661 3219 398 59 Richardson
1092 3218 210 71 Little,
1343 3221 190 57 1887-
1692 3219 91 58 ed.

423 3312 217 57 House
682 3316 58 55 &
779 3312 301 72 garden’s
1124 3312 227 56 second
1389 3311 162 57 book
1588 3312 68 56 of
1696 3311 247 73 houses,
1983 3310 199 58 which
347 3329 1990 120 contains

543 3409 152 38 over
719 3389 118 58 five
864 3389 290 58 hundred
1181 3389 424 57 illustrations
1638 3390 68 56 of
1732 3389 103 58 the
1869 3389 328 72 exteriors,
347 3390 1988 136 decoration

647 3470 124 57 and
817 3466 418 74 landscaping
1281 3468 69 56 of
1396 3468 150 56 four
1593 3467 169 58 ideal
1811 3467 255 59 smaller
2111 3467 248 72 houses,

346 3545 380 73 forty-eight
745 3565 197 54 pages
970 3546 284 72 showing
1273 3546 142 57 how
1438 3565 37 38 a
1495 3545 195 58 house
1714 3546 56 57 is
1794 3545 162 58 built
1981 3547 124 56 and
2128 3565 35 37 a
348 3549 1986 133 portfolio

549 3625 68 57 of
660 3644 150 38 over
856 3624 170 73 sixty
1072 3624 184 58 small
1298 3626 125 56 and
1465 3624 175 72 large
1684 3624 229 58 houses
1959 3623 154 58 with
2154 3624 203 70 plans,

346 3721 276 39 summer
645 3721 211 53 camps
882 3705 125 56 and
1032 3721 289 55 garages,
1347 3701 210 60 edited
1578 3703 84 72 by
1684 3702 396 58 Richardson
2103 3702 254 72 Wright

414 3779 1863 78 … New York, The Condé Nast publications, inc., 1925.
420 3857 1291 56 1 p. l., [5]-191 p. front., illus. (incl. plans) 33 cm .
348 3917 52 53 ©
428 3918 112 53 May
570 3916 63 53 15,
663 3916 130 52 1925;
821 3918 63 42 2c.
914 3917 119 43 Nov.
1066 3918 74 51 18;
1169 3918 79 43 aff.
1276 3917 119 43 Nov.
1427 3916 73 53 17;
1531 3917 45 43 A
1605 3916 188 53 872494;
1825 3915 156 47 Condé
2009 3917 120 43 Nast
418 3914 1915 115 publications,
583 3976 82 44 inc.
735 3973 272 56 (25-24055)
