2533 4412
1271 4098 110 54 242

407 501 843 53 4 p. l., 3-329 p. 19½ cm . $2.00
338 557 53 53 ©
418 558 105 44 Feb.
555 559 63 50 14,
649 558 130 53 1925;
807 560 64 42 2c.
898 561 88 42 and
1011 560 79 43 aff.
1119 561 120 41 Mar.
1266 560 77 51 20;
1375 561 42 41 A
1444 560 190 51 822494;
1666 560 197 44 Duffield
1890 562 37 42 &
1954 576 65 28 co.

418 614 243 55 (25-6857)

338 699 224 72 Bayer,
600 700 220 73 Henry
853 701 69 58 G.

417 778 128 56 The
572 778 319 72 Belgians,
918 777 141 59 first
1086 778 253 58 settlers
1364 778 66 57 in
1454 779 154 56 New
1631 779 174 57 York
1830 780 122 57 and
1978 780 64 57 in
2069 780 103 58 the
338 780 1989 138 middle

471 859 217 69 states,
722 856 150 58 with
905 877 36 37 a
973 856 229 59 review
1235 856 68 59 of
1334 856 105 59 the
1473 860 217 56 events
1725 857 198 58 which
1955 858 100 58 led
2089 861 61 56 to
2186 857 167 60 their

336 934 2016 74 immigration, by Henry G. Bayer … A claim based on
336 1013 208 58 Dutch
581 1016 123 55 and
738 1013 248 57 British
1020 1013 218 58 official
1275 1017 269 68 reports,
1583 1013 125 58 and
1743 1033 79 38 on
1860 1016 371 56 statements
2268 1015 84 72 by

337 1091 452 58 authoritative
831 1091 207 57 Dutch
1077 1091 125 57 and
1239 1091 338 58 American
1614 1090 349 59 historians
2005 1091 125 58 and
337 1110 1992 131 geographers.

707 1169 151 57 New
883 1169 192 71 York,
1106 1170 131 57 The
1265 1169 436 58 Devin-Adair
1730 1188 324 54 company,
2084 1170 166 57 1925.

407 1246 1441 54 xviii p., 1 l., 373 p. plates, ports., maps, facsim. 21 cm .
335 1303 55 54 ©
420 1306 118 42 Mar.
573 1306 62 50 14,
668 1304 128 52 1925;
826 1306 65 42 2c.
922 1306 87 42 and
1037 1305 79 43 aff.
1147 1306 120 41 Mar.
1301 1304 74 52 17;
1409 1306 42 41 A
1481 1304 189 52 823422;
1705 1303 320 44 Devin-Adair
2055 1319 68 29 co.

417 1361 243 54 (25-6831)

335 1447 263 73 Bergey,
639 1445 212 60 David
890 1444 374 74 Hendricks,
1306 1448 191 57 1860-
1655 1466 194 55 comp.

414 1525 363 73 Genealogy
816 1525 68 57 of
922 1525 104 58 the
1068 1525 251 73 Bergey
1355 1525 257 72 family;
1655 1544 36 37 a
1731 1526 223 57 record
1995 1525 69 58 of
2102 1526 105 57 the
339 1526 1984 136 descendants
700 1605 68 56 of

792 1605 171 57 John
988 1603 220 59 Ulrich
1232 1603 252 73 Bergey
1510 1605 124 56 and
1659 1603 100 58 his
1782 1603 148 61 wife
1959 1606 205 70 Mary,
335 1615 1990 138 compiled
540 1683 83 71 by
658 1681 209 59 David
902 1682 354 57 Hendricks

1294 1680 1054 74 Bergey … New York, F. H.
334 1760 580 72 Hitchcock [ c 1925]
406 1839 90 48 xiv,
532 1838 118 50 1150,
687 1839 52 49 [2]
774 1853 40 37 p.
877 1838 151 48 front.,
1062 1845 139 46 ports.
1261 1838 53 44 23½
1350 1840 47 17 cm
1405 1872 7 8 .

336 1895 53 53 ©
425 1897 119 42 Mar.
585 1895 60 53 17,
684 1895 131 51 1925;
851 1897 64 42 2c.
950 1897 88 42 and
1072 1896 78 43 aff.
1188 1897 119 41 Mar.
1343 1895 78 51 20;
1458 1896 42 41 A
1536 1894 191 52 822496;
1766 1895 56 43 D.
1860 1895 61 42 H.
1960 1894 192 53 Bergey,
404 1894 1917 111 Philadelphia.
666 1952 243 54 (25-6829)

332 2040 242 71 Betten,
614 2038 265 59 Francis
919 2035 196 76 Sales,
1156 2042 190 56 1863-

412 2119 129 56 The
575 2120 240 55 Roman
850 2118 187 56 index
1069 2117 66 57 of
1166 2116 340 58 forbidden
1534 2117 192 57 books
1761 2117 221 71 briefly
2013 2118 333 71 explained

331 2194 2015 75 by Francis S. Betten … Chicago, Ill., Loyola university
331 2295 201 52 press,
567 2277 167 55 1925.

401 2352 572 55 2 p. l., 3-54 p. 19½ cm .
334 2411 53 53 ©
415 2412 105 43 Feb.
547 2411 64 50 27,
643 2410 130 51 1925;
802 2411 63 42 2c.
894 2411 87 42 and
1007 2411 79 42 aff.
1117 2411 117 42 Mar.
1264 2408 49 52 5;
1343 2411 42 41 A
1414 2409 189 50 823284;
1636 2410 170 52 Loyola
1834 2410 133 50 univ.,
1999 2409 213 54 Chicago·.
2288 2410 53 53 [©

405 2469 281 50 alterations,
714 2467 223 43 additions
964 2468 87 42 and
1076 2465 293 54 corrections]
1437 2465 244 55 (25-6175)

333 2553 349 74 Bogardus,
719 2553 237 73 Emory
991 2551 295 74 Stephen,
1325 2554 191 56 1882-

412 2630 260 74 Making
703 2630 190 58 social
925 2629 237 59 science
1193 2629 257 58 studies.
1536 2631 78 57 3d
1643 2651 127 37 rev.
1802 2631 92 59 ed.
1978 2632 100 71 By
2105 2634 240 72 Emory

337 2707 1710 77 S. Bogardus … Los Angeles, J. R. Miller, 1925.
407 2789 80 43 106
516 2803 40 37 p.
618 2786 170 54 diagrs.
853 2788 50 42 19½
938 2788 47 17 cm
992 2820 8 8 .

408 2845 252 44 Published
691 2845 107 44 1918
825 2845 147 42 under
997 2842 99 44 title:
1153 2844 44 42 A
1223 2842 139 54 guide
1394 2843 77 43 for
1497 2842 192 55 writing
1715 2844 143 44 social
1886 2844 177 46 science
2095 2845 220 55 “papers”;

334 2902 242 54 published
603 2903 102 44 1921
731 2902 145 43 under
900 2900 99 45 title:
1051 2899 100 45 The
1175 2899 243 54 technique
1443 2901 54 42 of
1520 2900 254 54 preparing
1793 2902 145 43 social
1963 2902 177 45 science
2164 2919 179 38 papers.

334 2960 53 53 ©
414 2960 105 44 Feb.
547 2961 38 50 3,
613 2959 130 52 1925;
770 2960 64 42 2c.
860 2960 87 42 and
972 2960 78 41 aff.
1079 2960 119 42 Mar.
1225 2959 49 51 2;
1303 2960 42 41 A
1373 2960 163 42 823243;
1591 2961 128 51 Jesse
1746 2961 100 52 Ray
1875 2960 170 45 Miller.

413 3016 243 55 (25-6715)

336 3103 304 70 Bottome,
675 3100 260 74 Phyllis.

415 3181 128 57 The
571 3181 226 71 depths
828 3180 66 57 of
921 3180 384 73 prosperity,
1333 3181 82 72 by
1442 3181 241 71 Phyllis
1712 3181 291 60 Bottome
2033 3185 124 56 and
336 3185 1981 131 Dorothy

516 3259 377 71 Thompson.
977 3258 261 57 London
1269 3261 146 71 [etc.]
1445 3259 97 57 W.
1576 3258 233 59 Collins
1842 3280 144 38 sons
2017 3262 47 56 &
2093 3282 106 52 co.,
2228 3264 111 57 ltd.

338 3339 181 72 [1924]

403 3411 630 55 3 p. l., 307, [1] p. 19 cm .
335 3467 2003 59 © 1c. Mar. 13, 1925; A ad int. 6749; pubd. Jan. 15; George H. Doran co.,
405 3527 117 42 New
547 3526 142 42 York.

335 3610 415 73 [Bronshteĭn,
783 3610 131 57 Lev
943 3609 411 77 Davidovich]
1390 3613 190 56 1880-

411 3688 361 60 Literature
822 3689 122 56 and
994 3688 372 71 revolution,
1413 3689 83 71 by
1543 3689 171 59 Leon
1763 3692 275 72 Trotsky
2086 3696 251 72 [pseud.]

333 3767 354 58 translated
729 3766 171 58 from
943 3766 103 58 the
1093 3766 277 58 Russian
1413 3767 83 72 by
1541 3768 163 59 Rose
1754 3769 332 74 Strunsky.
2189 3772 153 60 New

332 3846 191 70 York,
555 3844 464 58 International
1048 3845 376 74 publishers,
1458 3845 164 60 1925.

403 3921 94 53 255,
533 3925 51 44 [1]
619 3937 39 38 p.
693 3922 99 43 incl.
824 3922 140 44 front.,
992 3922 166 52 (port.)
1230 3924 50 43 19½
1313 3924 48 18 cm
1369 3963 8 7 .

334 3979 53 53 ©
419 3982 117 41 Mar.
571 3980 62 47 10,
666 3978 104 44 1925;
826 3980 64 42 2c.
922 3981 87 42 and
1038 3980 77 43 aff.
1150 3981 119 42 Mar.
1303 3980 49 43 16;
1410 3980 44 42 A
1485 3979 162 45 822403;
1708 3982 233 44 Internatl.
1973 3983 251 53 publishers
2257 4000 78 36 co.,

406 4039 81 42 inc.
557 4035 242 55 (25-6452)
