2533 4412
1046 4068 148 54 1043

123 477 1988 74 men, compiled by Hon. Charles H. Morris … Kansas
125 556 161 72 City,
314 557 142 72 Mo.,
483 556 283 60 Bankers
793 559 120 55 law
936 554 362 74 publishing
1324 575 106 54 co.,
1457 564 17 22 c
1478 559 165 56 1925.

193 634 267 51 cover-title,
491 633 76 45 100
594 650 39 37 p.
693 636 54 42 22
753 637 46 17 cm
807 670 7 8 .

196 692 274 43 “Presented
494 693 57 50 by
575 691 122 44 First
719 691 200 44 national
943 692 131 51 bank,
1102 690 178 52 Sebree,
1305 691 115 52 Ky.”

127 747 53 53 ©
208 747 106 44 Feb.
348 746 64 53 15,
445 746 127 53 1925;
603 748 65 43 2c.
698 748 88 43 and
813 749 78 42 aff.
925 747 120 54 Sept.
1080 746 74 53 17;
1186 747 46 42 A
1261 748 187 52 861880;
1484 748 201 44 Bankers
1719 750 86 43 law
1835 750 100 53 pub.
1968 766 65 28 co.

205 803 269 55 (25-18090)

125 891 277 72 Moxcey,
445 891 185 71 Mary
670 890 193 71 Eliza,
908 893 147 56 1875–

201 968 128 55 The
379 967 386 72 psychology
814 968 68 57 of
928 968 231 57 middle
1208 967 414 74 adolescence,
1671 969 83 71 by
1803 969 187 73 Mary
2039 969 72 57 E.

123 1045 291 71 Moxcey;
458 1064 35 37 a
536 1045 294 56 textbook
870 1045 65 55 in
978 1045 253 57 teacher
1271 1044 299 73 training,
1614 1047 395 73 conforming
2048 1050 65 55 to

121 1123 103 57 the
259 1123 304 56 standard
595 1122 278 57 outlined
904 1123 123 56 and
1057 1123 323 70 approved
1407 1123 84 71 by
1519 1123 104 58 the
1654 1123 461 59 International

123 1201 239 57 council
401 1201 68 56 of
510 1200 296 72 religious
851 1200 345 71 education,
1238 1200 173 57 third
1449 1219 156 53 year
1647 1201 467 71 specialization

124 1278 211 58 series.
401 1278 155 57 New
578 1277 190 73 York,
798 1277 265 58 Printed
1089 1278 105 56 for
1219 1278 103 56 the
1352 1277 277 59 Teacher
1654 1277 283 75 training
122 1281 1968 147 publishing

379 1355 379 58 association
781 1356 83 71 by
887 1356 103 56 the
1019 1354 243 59 Caxton
1283 1373 184 53 press
1496 1385 13 43 [
1509 1364 19 21 c
1532 1357 165 72 1925]

196 1433 305 56 192 p. I7 cm .
193 1492 325 45 “References”
547 1500 44 35 at
618 1494 84 41 end
726 1491 51 44 of
800 1492 108 43 each
933 1491 195 52 chapter.

125 1548 53 54 ©
208 1550 118 51 Aug.
362 1550 62 49 14,
458 1546 129 53 1925;
619 1548 63 43 2c.
715 1548 87 43 and
831 1547 79 43 aff.
945 1546 119 53 Sept.
1101 1546 73 52 17;
1209 1548 43 41 A
1283 1546 188 53 861864;
1508 1549 65 42 M.
1607 1547 51 47 E.
1691 1549 214 52 Moxcey,
194 1549 1902 99 Cincinnati.

370 1603 269 55 (25-18091)

125 1690 243 70 Müller,
410 1690 193 70 Hans,
644 1691 188 57 1882-

200 1771 129 56 Der
357 1771 201 56 brand
586 1787 123 38 von
743 1766 360 72 Trukitzan,
1140 1767 335 72 erzählung
1504 1787 122 38 von
1657 1768 182 58 Hans
1869 1769 246 73 Müller,

121 1849 115 58 mit
272 1848 199 59 einem
504 1847 322 57 nachwort
860 1864 122 38 von
1019 1846 208 56 Franz
1264 1846 230 57 Horch.
1577 1846 275 73 Leipzig,
1890 1848 69 58 P.
123 1849 1968 135 Reclam

307 1923 363 74 jun. [ c 1925]
194 2000 1858 55 76, [1] p. 15 ½ cm . (On cover : Reclams universal bibliothek. nr. 6535)
125 2044 1797 66 © Apr. 6, 1925; 1c. Aug. 20; A —Foreign 28395; Phil. Reclam jun.
203 2113 270 55 (25-18729)

125 2200 282 71 Oakleaf,
443 2200 238 71 Joseph
711 2196 351 73 Benjamin,
1099 2199 190 56 1858-
1446 2216 192 55 comp.

200 2281 257 57 Lincoln
498 2278 472 73 bibliography;
1016 2297 36 38 a
1094 2277 109 57 list
1248 2280 67 55 of
1356 2277 194 58 books
1594 2278 124 58 and
1759 2279 357 71 pamphlets

125 2358 272 72 relating
434 2362 63 53 to
535 2357 322 58 Abraham
896 2355 277 71 Lincoln,
1212 2355 307 71 compiled
1556 2357 84 70 by
1677 2356 243 72 Joseph
123 2357 1969 152 Benjamin

359 2431 1756 76 Oakleaf … Cedar Rapids, Ia., The Torch press,
125 2515 164 56 1925.

194 2586 1137 57 5 p. l., 7-424 p. front., plates, ports. 25 cm .
196 2649 138 44 “This
364 2647 317 51 bibliography
709 2645 194 45 consists
931 2646 51 43 of
1009 2660 86 30 one
1119 2645 209 44 hundred
1353 2646 89 43 and
1468 2654 93 35 two
1590 2644 151 52 copies
1770 2646 50 44 of
1849 2646 148 44 which
2025 2656 92 35 two

122 2722 77 29 are
243 2707 74 43 for
358 2704 241 51 copyright
642 2716 230 38 purposes,
916 2701 89 45 this
1050 2700 35 45 is
1131 2715 116 37 copy
1288 2717 71 28 no.
1408 2700 102 52 101;
1555 2700 97 46 also
1697 2701 73 45 six
1812 2704 305 44 unnumbered

124 2762 189 52 copies.”
373 2760 113 44 This
518 2774 114 37 copy
661 2758 310 51 autographed
998 2760 60 48 by
1084 2757 258 66 compiler.

196 2820 123 43 Does
351 2826 80 35 not
464 2815 181 46 contain
676 2816 75 44 the
781 2814 121 45 titles
937 2813 137 45 noted
1106 2814 44 43 in
1183 2814 75 45 the
1289 2814 189 44 Lincoln
1509 2813 319 54 bibliography
1860 2817 59 50 by
1952 2816 164 46 Daniel

124 2875 120 50 Fish,
271 2874 234 51 published
530 2871 43 45 in
603 2872 116 47 1906.
780 2870 58 52 cf.
862 2885 41 37 p.
928 2872 26 44 9

126 2928 53 53 ©
215 2929 119 51 Sept.
369 2927 60 51 16,
465 2925 129 52 1925;
627 2926 65 43 2c.
724 2925 88 43 and
842 2925 79 42 aff.
957 2923 120 53 Sept.
1110 2924 78 51 21;
1224 2924 43 41 A
1300 2922 189 54 864690;
1523 2924 40 52 J.
1598 2925 50 42 B.
1684 2925 209 53 Oakleaf,
1930 2926 189 54 Moline,

196 2985 70 43 Ill.
335 2982 270 57 (25-18371)

127 3068 392 71 O’Flaherty,
553 3065 196 58 Liam.

203 3148 128 56 The
360 3146 326 70 informer,
717 3144 84 72 by
830 3143 180 58 Liam
1044 3141 403 72 O’Flaherty.
1531 3141 153 57 New
1712 3142 190 72 York,
1934 3145 74 59 A.
2044 3145 73 58 A.

125 3224 238 73 Knopf,
397 3224 165 57 1925.

194 3305 81 43 312
299 3317 55 39 p.,
387 3304 18 41 1
455 3336 8 8 l.
523 3300 54 44 20
583 3302 46 18 cm
636 3335 9 9 .

127 3360 53 53 ©
219 3360 119 52 Sept.
379 3359 63 51 18,
483 3356 129 52 1925;
649 3357 65 43 2c.
756 3355 119 52 Sept.
912 3355 78 51 24;
1030 3355 78 42 aff.
1149 3353 121 53 Sept.
1308 3352 78 54 25;
1426 3356 43 41 A
1508 3353 188 55 864751;
1738 3356 49 43 L.
1828 3355 287 55 O’Flaherty,

248 3408 977 61 ℅ Jonathan Cape, London. (25-18355)
128 3490 185 68 Page,
353 3485 281 59 William
672 3482 286 69 Herbert,
1002 3484 189 56 1868-
1348 3482 90 56 ed.

206 3566 127 56 The
370 3563 155 58 Ohio
562 3562 279 56 uniform
877 3563 164 67 acts;
1076 3558 353 72 negotiable
1465 3558 433 73 instruments,
1938 3560 181 72 sales,

126 3643 362 56 warehouse
518 3639 287 71 receipts,
835 3638 186 57 taken
1051 3637 165 55 from
1248 3636 103 56 the
1381 3635 273 58 Revised
1683 3639 282 68 compact
128 3636 1966 141 edition

292 3719 66 57 of
385 3718 102 56 the
520 3716 270 58 General
817 3717 146 55 code
995 3713 67 57 of
1094 3712 175 72 Ohio,
1304 3712 209 57 edited
1540 3713 83 72 by
1651 3713 159 56 Wm.
1843 3712 278 57 Herbert

129 3790 1991 79 Page … Printed for the John Marshall school of law of
132 3874 350 66 Cleveland,
531 3871 175 71 Ohio,
755 3870 355 57 1925-1926.
1202 3866 371 71 Cincinnati,
1623 3868 88 71 O.,
1764 3866 353 73 Cleveland,

132 3952 86 71 O.,
251 3952 128 54 The
408 3950 97 56 W.
536 3949 80 55 H.
648 3948 331 56 Anderson
1013 3963 306 52 company
1353 3973 12 43 [
1366 3951 20 22 c
1391 3945 162 72 1925]
