2533 4412
1109 4056 109 56 233

160 427 148 72 Lay,
350 425 204 73 Tracy
589 421 512 75 Hollingsworth.

241 516 127 57 The
414 514 251 72 foreign
714 514 235 57 service
999 512 67 56 of
1113 511 103 57 the
1261 511 236 57 United
1545 510 230 76 States,
1821 511 84 71 by
1950 511 206 71 Tracy

159 592 497 73 Hollingsworth
692 592 134 71 Lay
868 637 61 10 ...
969 589 316 57 foreword
1321 589 82 77 by
1440 588 162 57 Hon.
1644 587 258 59 Charles
1941 588 213 57 Evans

160 671 278 72 Hughes.
507 669 151 57 New
683 668 190 73 York,
903 666 487 72 Prentice-Hall,
1418 666 136 73 inc.,
1583 666 166 56 1925.

237 750 77 43 xvi
338 764 55 38 p.,
418 751 18 42 1
484 783 23 17 l.,
531 748 84 43 438
636 763 40 37 p.
735 748 54 42 24½
823 748 46 17 cm
877 782 8 8 .

239 804 324 53 Bibliography
588 811 46 35 at
659 805 84 41 end
767 803 51 44 of
842 810 118 35 most
983 801 52 45 of
1058 802 73 43 the
1156 801 220 52 chapters.

163 859 53 55 ©
249 862 118 43 Mar.
400 860 38 50 2,
473 858 129 54 1925;
635 860 66 43 2c.
734 860 87 43 and
852 859 79 43 aff.
966 859 118 42 Mar.
1122 858 73 51 13;
1234 859 40 41 A
1308 855 189 53 822378;
1536 855 361 54 Prentice-Hall,
1931 856 82 44 inc.

241 916 242 56 (25-6167)

163 1002 220 72 Leach,
426 1002 261 71 Fayette
729 998 247 74 Phelps.

241 1094 332 55 Lawrence
601 1092 206 55 Leach
837 1091 66 57 of
934 1090 225 73 Salem,
1190 1090 518 71 Massachusetts,
1740 1090 122 56 and
1895 1108 166 38 some
2094 1089 66 57 of

164 1171 98 57 his
286 1171 430 69 descendants,
744 1169 82 70 by
851 1169 68 56 F.
949 1169 231 69 Phelps
1207 1167 205 57 Leach
1442 1216 61 10 ...
1572 1187 56 36 v.
1659 1169 48 54 2.
1776 1166 160 58 East
163 1166 1971 155 Highgate,

359 1247 123 71 Vt.,
517 1247 71 56 F.
622 1247 68 55 P.
726 1246 223 69 Leach,
984 1246 164 56 1925.

236 1320 715 56 1 p. l., 108 p. ports. 25 cm .
162 1379 55 54 ©
247 1381 118 42 Mar.
398 1381 34 50 1,
465 1378 130 52 1925;
625 1380 66 41 2c.
721 1376 107 46 Feb.
856 1377 79 53 26;
968 1378 79 43 aff.
1078 1378 120 42 Mar.
1231 1377 73 52 18;
1338 1378 43 41 A
1410 1376 191 53 823457;
1633 1376 51 44 F.
1717 1378 50 43 P.
1799 1377 162 48 Leach.

163 1493 288 71 Lefferts,
489 1491 258 71 Walter,
786 1491 189 60 1875-

242 1583 129 59 Our
404 1602 135 38 own
572 1582 237 58 United
845 1581 346 72 States, by
1221 1580 244 58 Walter
1497 1581 275 58 Lefferts
1812 1630 63 11 ...
163 1582 1972 152 Philadelphia,
466 1659 270 73 Chicago
772 1662 145 70 [etc.]

951 1660 58 57 J.
1041 1659 71 56 B.
1144 1659 365 71 Lippincott
1540 1677 306 54 company
1879 1689 13 43 [
1892 1667 19 21 c
1915 1661 165 71 1925]

239 1742 60 48 ix,
328 1741 81 43 344
439 1754 39 37 p.
539 1738 116 44 illus.
682 1738 127 53 (incl.
839 1737 151 53 maps)
1063 1739 47 42 19
1117 1739 47 17 cm
1171 1772 8 9 .

244 1798 134 51 Maps
402 1811 59 28 on
486 1796 342 51 lining-papers.

164 1850 56 54 ©
249 1853 99 51 Jan.
377 1851 64 51 30,
476 1849 129 53 1925;
636 1851 64 42 2c.
730 1852 88 41 and
846 1850 78 42 aff.
946 1849 129 44 Mar.
1111 1848 73 52 16;
1216 1850 43 41 A
1290 1849 188 52 822396;
1512 1850 39 52 J.
1584 1850 50 43 B.
1667 1849 257 54 Lippincott
1954 1865 66 29 co.

245 1906 242 56 (25-6395)

164 1991 218 74 Lewis,
424 1990 289 73 Sinclair,
756 1993 189 57 1885-

241 2083 437 72 Arrowsmith,
723 2084 84 70 by
852 2081 272 59 Sinclair
1166 2082 201 57 Lewis
1419 2129 62 9 ...
1571 2082 151 58 New
1764 2083 191 73 York,
2001 2084 163 57 Harcourt

165 2161 1133 73 , Brace and company [ c 1925]
241 2241 541 53 2 p. l., 448 p. 19½ cm .
244 2296 125 46 “The
407 2298 101 43 first
547 2298 167 43 edition
753 2296 50 44 of
841 2296 308 43 Arrowsmith
1189 2295 190 45 consists
1422 2296 50 45 of
1510 2296 79 45 500
1630 2296 149 53 copies
1821 2313 57 28 on
1918 2297 252 45 handmade

173 2370 149 39 paper,
361 2355 244 42 numbered
646 2355 86 42 and
772 2354 156 51 signed
969 2354 56 51 by
1066 2352 73 44 the
1179 2352 175 44 author.
1418 2352 177 46 Second
1636 2354 201 52 printing
1875 2354 130 51 <first
2044 2357 126 41 trade

172 2412 196 50 edition>
393 2412 214 50 January,
639 2409 144 45 1925.”

169 2466 54 53 ©
251 2468 117 42 Mar.
394 2466 38 52 5,
460 2465 128 52 1925;
616 2467 64 42 2c.
706 2467 85 42 and
816 2466 78 42 aff.
922 2466 120 42 Mar.
1073 2466 72 52 12;
1172 2466 44 42 A
1243 2464 188 53 823385;
1461 2466 247 51 Harcourt,
1738 2466 144 43 Brace
1909 2468 38 43 &
1972 2482 80 37 co.,
2080 2468 82 43 inc.

248 2522 241 56 (25-6078)

169 2607 302 72 Liscomb,
510 2608 215 73 Harry
758 2608 70 57 F.

249 2701 128 58 The
405 2698 223 59 Prince
657 2698 67 58 of
746 2698 421 72 Washington
1198 2718 257 53 square;
1486 2718 81 39 an
1590 2700 578 72 up-to-the-minute

174 2781 193 67 story,
404 2778 83 70 by
522 2777 223 71 Harry
783 2778 68 55 F.
893 2776 305 57 Liscomb.
1282 2777 151 58 New
1475 2777 191 71 York,
1708 2778 342 59 Frederick
2091 2782 75 54 A.

173 2855 222 59 Stokes
428 2872 322 55 company,
783 2854 167 59 1925.

243 2912 610 73 ix p., 1 l., 180 p. 19 cm .
172 2988 54 54 ©
253 2989 105 45 Feb.
385 2990 65 50 26,
482 2988 104 45 1925;
640 2990 65 42 2c.
733 2990 86 43 and
846 2990 78 42 aff.
953 2988 108 45 Feb.
1087 2989 79 52 28;
1198 2990 43 41 A
1268 2988 188 52 822205;
1487 2988 248 45 Frederick
1763 2992 57 41 A.
1852 2989 163 47 Stokes
2044 3006 65 29 co.

251 3045 242 55 (25-6703)

172 3129 249 74 Loring,
462 3128 242 61 Emilie.

248 3222 59 55 A
334 3221 238 57 certain
601 3222 350 70 crossroad,
976 3222 85 70 by
1084 3220 228 57 Emilie
1338 3221 238 73 Loring
1606 3269 62 10 ...
1699 3222 362 59 illustrated
2085 3225 84 71 by

171 3300 74 56 R.
283 3300 217 56 Fallen
539 3297 310 59 Coleman.
928 3297 457 72 Philadelphia,
1424 3299 130 57 The
1591 3301 177 56 Penn
1806 3301 362 73 publishing

173 3395 320 53 company,
522 3378 165 56 1925.

249 3456 82 44 319
354 3471 39 38 p.
455 3455 137 44 front.
656 3457 144 42 19½cm.

176 3510 53 54 ©
254 3513 119 42 Mar.
404 3511 61 51 10,
494 3510 127 53 1925;
647 3512 65 43 2c.
737 3514 87 41 and
848 3512 78 43 aff.
955 3512 118 43 Mar.
1102 3512 74 46 13;
1206 3512 43 41 A
1275 3510 187 53 822374;
1493 3513 126 43 Penn
1644 3513 101 52 pub.
1772 3528 65 29 co.
254 3566 241 56 (25-6387)

175 3652 216 72 Lotka,
431 3652 229 57 Alfred
699 3652 230 71 James,
973 3654 189 57 1880-

252 3728 320 59 Elements
616 3728 67 58 of
722 3729 285 72 physical
1047 3723 268 78 biology,
1357 3729 84 72 by
1478 3730 231 59 Alfred
1748 3731 60 59 J.
1851 3731 201 58 Lotka
2100 3778 61 11 ...

173 3806 362 72 Baltimore,
564 3807 311 57 Williams
903 3807 48 56 &
978 3806 268 58 Wilkins
1278 3825 321 55 company,
1631 3810 165 56 1925.

248 3902 111 34 xxx,
389 3885 80 44 460
495 3900 40 37 p.
596 3884 131 52 illus.,
756 3885 141 44 tables
924 3886 125 52 (part
1078 3884 134 53 fold.)
1249 3886 165 51 diagrs.
1475 3887 51 42 23½
1563 3888 46 18 cm
1616 3922 8 7 .

177 3939 55 54 ©
262 3941 104 44 Feb.
394 3940 68 52 27,
493 3941 129 52 1925;
652 3942 64 43 2c.
746 3943 85 42 and
862 3942 78 43 aff.
971 3941 118 43 Mar.
1119 3942 48 50 3;
1202 3941 45 42 A
1273 3940 187 54 822229;
1491 3941 229 46 Williams
1752 3944 38 43 &
1817 3942 198 46 Wilkins
2045 3959 65 29 co.

256 3995 241 56 (25-6649)
