2533 4412
1057 4094 111 55 721

107 435 262 72 Adkins,
406 436 232 57 Homer
670 436 257 71 Burton,
965 437 189 57 1892-

175 527 101 56 An
302 526 426 57 introduction
756 530 64 54 to
850 526 102 57 the
981 524 274 73 practice
1287 526 67 57 of
1383 525 258 73 organic
1668 523 340 75 chemistry
2034 525 67 57 in

106 602 1995 74 the laboratory, by Homer Adkins … and S. M. McElvain
174 679 1926 75 … 1st ed. New York [etc.] McGraw-Hill book company,
103 760 135 71 inc.,
270 761 165 55 1925.

173 835 61 53 ix,
287 836 81 46 288
420 851 39 39 p.
535 836 115 45 illus.
723 837 52 43 21
784 838 46 18 cm
837 870 9 10 .
929 835 290 56 (Half-title:
1275 835 328 45 International
1653 834 220 46 chemical
1926 834 165 55 series)

104 892 121 55 $2.25

176 951 149 43 Blank
347 966 135 37 pages
510 951 73 44 for
608 950 314 53 “Laboratory
944 949 157 46 notes”
1127 950 225 44 scattered
1374 950 199 53 through
1596 949 132 45 book.

177 1006 125 44 “The
330 1007 233 44 literature
590 1006 51 45 of
665 1007 188 52 organic
878 1004 298 55 chemistry”:
1206 1021 40 38 p.
1278 1003 202 46 153-157.

107 1063 52 54 ©
182 1066 115 51 June
321 1064 66 52 26,
414 1063 128 53 1925;
568 1066 64 42 2c.
657 1065 117 51 June
798 1064 76 53 30;
903 1064 78 43 aff.
1007 1063 107 54 July
1141 1066 46 50 1;
1217 1064 43 42 A
1283 1060 188 55 829959;
1501 1061 347 46 McGraw-Hill
1874 1062 121 44 book
2016 1076 80 38 co.,

175 1121 83 45 inc.
328 1119 269 56 (25-12373)

107 1206 334 69 Bachman,
484 1204 256 59 Delbert
780 1204 279 59 Strader.

184 1282 128 57 The
342 1283 234 57 science
605 1281 66 57 of
697 1280 110 60 life
838 1281 123 61 and
988 1282 82 56 its
1099 1280 401 73 application,
1526 1281 83 72 by
1633 1281 261 58 Delbert
106 1281 1964 136 Strader

258 1357 1839 75 Bachman … Boston, The Christopher publishing
103 1437 193 59 house
334 1468 13 43 [
348 1445 19 23 c
371 1438 164 75 1925]

184 1518 74 43 131
291 1532 54 38 p.,
382 1518 19 42 1
455 1552 8 8 l.
523 1531 57 38 pl.
639 1516 55 43 20½
729 1518 46 18 cm
783 1551 8 8 .

105 1572 54 53 ©
184 1575 116 51 June
328 1573 64 52 16,
422 1573 128 53 1925;
578 1574 64 42 2c.
671 1574 86 43 and
785 1572 78 44 aff.
892 1574 114 51 June
1033 1574 78 50 22;
1142 1574 43 42 A
1213 1571 190 54 829789;
1436 1571 295 53 Christopher
1759 1572 98 53 pub.
1886 1572 153 43 house.

181 1629 272 55 (25-11566)

107 1715 255 72 Barber,
398 1715 215 72 Harry
645 1713 63 59 C.

179 1792 340 72 Everyday
552 1792 257 71 algebra
837 1791 104 57 for
973 1791 103 56 the
1107 1790 182 57 ninth
1324 1790 209 58 school
1563 1810 173 53 year,
1764 1791 84 72 by
1878 1792 220 72 Harry

104 1866 1994 79 C. Barber … Boston, New York [etc.] Houghton Mifflin
103 1967 305 53 company
436 1977 12 44 [
450 1956 18 22 c
473 1948 163 74 1925]

179 2026 681 53 1 v. illus., diagrs. 19½ cm .
110 2084 56 54 ©
193 2086 117 52 June
341 2087 62 51 11,
433 2083 129 53 1925;
592 2085 64 42 2c.
684 2085 115 51 June
826 2082 78 53 25;
934 2082 79 44 aff.
1041 2084 114 51 June
1183 2084 77 49 23;
1293 2084 43 42 A
1363 2080 189 56 855669;
1585 2083 61 43 H.
1676 2082 50 46 C.
1756 2084 186 51 Barber,
1970 2085 132 44 West

177 2142 208 50 Newton,
414 2142 142 42 Mass.
626 2139 269 55 (25-11597)

109 2225 252 73 Becker,
399 2226 228 57 Ernest
719 2268 12 12 O.

182 2304 191 58 Hand
404 2304 162 56 book
598 2302 68 58 of
700 2301 274 74 Spanish
1006 2320 338 54 grammar,
1377 2303 83 71 by
1491 2302 236 59 Ernest
1819 2349 11 11 O.
1865 2304 239 58 Becker

175 2378 783 75 … [New Orleans] c 1925.
174 2457 56 45 48
254 2472 42 38 p.
358 2457 52 44 19
416 2458 46 17 cm
468 2491 9 8 .

109 2512 53 54 ©
197 2515 113 51 June
349 2513 63 51 19,
451 2511 129 54 1925;
616 2513 63 43 2c.
716 2514 86 42 and
837 2513 79 43 aff.
951 2513 115 52 June
1099 2512 79 53 29;
1215 2513 45 42 A
1297 2513 189 52 829943;
1527 2513 193 44 Orleans
1757 2514 152 53 parish
1948 2515 154 45 school

179 2571 154 53 board,
367 2571 116 42 New
517 2569 205 44 Orleans.
793 2568 270 56 (25-12389)

110 2653 201 73 Blore,
349 2654 215 58 Eskell
597 2654 67 58 L.

189 2731 241 59 Stories
458 2731 168 57 from
650 2731 105 58 the
782 2731 151 58 New
960 2732 368 57 Testament
1351 2731 104 59 for
1483 2731 104 59 the
1615 2732 162 59 little
1807 2733 181 75 child,
2015 2735 85 72 by

109 2809 214 57 Eskell
361 2809 67 56 L.
468 2808 207 59 Blore.
754 2809 352 73 Anderson,
1180 2809 123 73 Ind.,
1346 2809 234 72 Gospel
1619 2813 279 70 trumpet
107 2831 1967 127 company
310 2916 13 43 [
324 2895 18 21 c
347 2888 163 71 1924]

187 2965 76 44 128
296 2980 40 38 p.
396 2964 81 44 col.
513 2965 152 51 front.,
700 2964 115 44 illus.
873 2964 56 44 20
935 2966 46 18 cm
989 3001 8 8 .

190 3020 71 44 “A
297 3020 266 53 companion
601 3021 120 43 book
759 3029 45 36 to
846 3019 172 48 Stories
1059 3020 121 45 from
1218 3021 74 44 the
1333 3020 89 46 Old
1461 3020 266 46 Testament
1766 3022 73 46 for
1876 3023 76 45 the
1990 3023 115 45 little

115 3076 131 51 child,
277 3078 58 51 by
367 3076 141 44 Paula
540 3076 65 43 M.
636 3075 364 46 Kohn.”—Pref.

108 3130 55 55 ©
188 3135 114 50 June
332 3133 63 50 19,
425 3131 129 53 1925;
582 3134 62 41 2c.
672 3133 86 43 and
783 3132 77 43 aff.
889 3134 114 51 June
1029 3132 77 48 25;
1136 3134 43 42 A
1206 3132 189 54 855663;
1428 3133 164 53 Gospel
1619 3142 196 46 trumpet
1841 3151 64 29 co.

186 3188 269 55 (25-11565)

110 3275 262 73 Boberg,
417 3274 147 58 Carl
604 3275 246 71 Gustaf,
893 3277 152 56 1859–

188 3353 128 56 The
353 3372 174 51 ways
564 3352 67 57 of
666 3353 213 71 youth,
917 3353 83 71 by
1039 3352 147 59 Carl
1223 3353 281 74 Boberg;
1545 3357 353 59 translated
1935 3359 170 57 from

110 3430 102 57 the
260 3430 282 58 Swedish
584 3430 84 71 by
712 3429 159 73 Olga
914 3429 71 57 E.
1032 3430 338 74 Lindborg.
1474 3431 290 76 Chicago,
1809 3435 116 73 Ill.,
1974 3437 132 58 The

112 3506 322 58 Covenant
465 3506 159 58 book
656 3525 262 39 concern
954 3537 13 43 [
970 3514 19 23 c
991 3508 165 74 1924]

182 3582 77 44 127
289 3598 40 38 p.
390 3582 53 45 19½
476 3584 48 19 cm
528 3617 11 10 .

110 3636 53 54 ©
194 3641 109 42 Dec.
336 3638 62 50 15,
433 3639 105 44 1924
553 3655 8 35 ;
592 3641 64 41 2c.
683 3641 100 50 Jan.
817 3639 62 50 16,
913 3639 129 54 1925;
1073 3640 79 43 aff.
1182 3642 102 50 Jan.
1318 3639 73 54 17;
1425 3643 43 42 A
1496 3643 191 54 815648;
1722 3644 233 45 Covenant
1982 3647 121 44 book

181 3710 205 30 concern.
456 3694 240 55 (25-9755)

112 3778 136 74 Boy
281 3783 207 53 scouts
524 3779 67 58 of
625 3779 309 60 America.

113 3857 1971 134 … The official handbook for boys. 31st ed., one hundred
312 3934 313 58 thousand
674 3934 224 71 copies.
982 3936 151 56 New
1177 3937 189 71 York,
1420 3938 128 58 The
1595 3941 140 72 Boy
1783 3947 206 55 scouts
2040 3945 69 57 of

111 4011 292 58 America
440 4040 13 43 [
456 4018 19 23 c
477 4012 147 56 1925]
