2533 4412
0 0 0 0 1254
354 400 222 69 Smith,
617 400 211 58 Laura
867 400 334 70 Rountree,
1242 400 192 58 1876-

348 488 2012 153 The pixie out-doors, by Laura Rountree Smith … illustrations by Clara Powers Wilson. Chicago, A. Flanagan
349 667 324 54 company,
706 647 167 57 1925.

423 724 1137 58 1 p. l ., 128 p. col. front., col. plates. 20 cm .
352 784 53 54 ©
440 783 122 54 Sept.
594 785 38 51 2,
668 783 105 44 1925;
831 783 65 43 2c.
932 783 102 44 Oct.
1065 783 28 41 2;
1150 782 80 43 aff.
1266 780 121 54 Sept.
1420 782 26 43 4;
1506 782 45 42 A
1583 780 167 45 867942;
1810 783 57 43 A.
1901 781 235 54 Flanagan
2169 798 66 28 co.
2300 781 66 54 [©

421 857 101 29 new
553 848 181 46 matter]
806 837 273 58 (25-21054)

354 943 237 73 Snapp,
634 942 238 58 Roscoe
913 941 349 73 Raymond.

429 1036 162 59 Beef
624 1036 208 73 cattle,
864 1033 166 62 their
1061 1034 262 74 feeding
1354 1037 124 58 and
1508 1040 445 68 management
1982 1035 67 58 in
2080 1037 106 58 the
2218 1055 150 39 corn

357 1113 2011 75 belt states, by Roscoe R. Snapp … New York, J. Wiley
351 1194 49 58 &
430 1211 165 53 sons,
626 1191 115 62 inc.;
827 1195 132 69 [etc.,
994 1195 129 70 etc.]
1157 1191 167 58 1925.

355 1267 2012 112 3 p. l ., iii-vi, 449 p. front., illus. (incl. maps) diagrs. 24 cm . (Half-title: The Wiley agricultural, series) $4.00
425 1385 332 46 “References’’
785 1394 46 36 at
857 1386 85 43 end
968 1385 52 45 of
1047 1384 110 46 each
1183 1384 202 50 chapter.

354 1438 53 55 ©
440 1440 102 45 Oct.
572 1441 37 43 9.
647 1438 130 54 1925;
810 1439 64 44 2c.
906 1439 87 44 and
1023 1439 79 44 aff.
1136 1438 102 45 Oct.
1274 1437 74 53 16;
1382 1438 45 43 A
1458 1435 191 55 869534;
1685 1438 52 44 R.
1772 1438 53 44 R.
1862 1436 166 55 Snapp,
2059 1438 206 55 Urbana,
2298 1439 69 45 Ill.

434 1496 272 56 (25-21200)

357 1584 335 71 Spectator
726 1598 325 57 company,
1086 1582 152 58 New
1278 1583 188 56 York.

432 1674 152 58 Fire
622 1674 335 57 insurance
997 1674 171 72 laws,
1209 1676 178 55 taxes
1430 1675 124 56 and
1593 1673 167 71 fees;
1803 1674 362 72 containing
2207 1694 34 38 a
356 1675 1989 151 digest
533 1753 67 57 of
636 1753 104 56 the
779 1754 324 69 statutory
1139 1752 458 71 requirements
1635 1752 65 55 in
1738 1752 103 57 the
1879 1750 239 60 United
2158 1752 212 59 States

357 1832 124 57 and
533 1830 262 59 Canada
842 1830 276 72 relating
1165 1833 64 54 to
1307 1828 91 59 fire
1448 1829 336 58 insurance
1836 1830 358 71 companies
2248 1833 122 56 and

357 1912 243 70 agents,
636 1908 154 58 with
826 1926 194 54 many
1056 1907 362 73 quotations
1459 1907 169 57 from
1668 1909 104 56 the
1815 1910 270 55 statutes;
2161 1909 132 58 also
2336 1929 39 37 a

357 1986 406 73 compilation
819 1986 68 58 of
940 1988 233 70 county
1225 1986 124 58 and
1401 1985 344 73 municipal
1799 1988 179 57 taxes
2034 1987 125 58 and
2213 1987 153 59 fees.

358 2063 2013 77 25th annual ed., rev. to September 1, 1925 … Chicago,
356 2145 154 56 New
538 2143 194 71 York,
766 2143 130 57 The
931 2141 339 73 Spectator
1301 2161 324 53 company,
1661 2144 166 55 1925.

424 2220 590 53 2 p. l ., 7-634 p. 24 cm .
357 2276 52 54 ©
438 2279 110 42 Dec.
578 2277 36 52 7,
645 2276 132 52 1925;
805 2277 65 43 2c.
900 2278 87 43 and
1015 2277 78 43 aff.
1124 2277 109 42 Dec.
1265 2275 75 53 10;
1372 2276 45 42 A
1444 2273 191 55 875466;
1671 2274 239 71 Spectator
1938 2293 65 28 co.

358 2361 350 75 Stacpoole,
751 2362 220 72 Henry
1008 2363 91 56 De
1140 2362 178 57 Vere.

434 2456 220 57 House
683 2455 68 58 of
784 2455 273 58 crimson
1089 2456 305 56 shadows.
1466 2454 177 58 Book
1676 2458 50 68 2,
1760 2456 176 71 chap.
1972 2457 89 71 18,
2097 2459 89 55 19.

430 2535 81 51 (In
545 2535 187 41 London
768 2533 226 52 Graphic)

358 2586 2012 58 © 1c. Aug. 29, 1925; A ad int. 7309; pubd. July 4; H. De Vere Stacpoole,
430 2649 100 43 Bon
563 2646 196 54 Church,
794 2647 90 43 Isle
914 2647 53 43 of
998 2646 176 53 Wight,
1209 2645 224 54 England.

361 2732 213 74 [Stein,
613 2732 170 58 Kurt
816 2733 399 70 M.]

497 2824 57 56 Die
585 2823 288 58 schönste
901 2821 372 74 lengevitch,
1302 2823 83 72 by
1413 2824 81 56 K.
1527 2824 83 56 M.
1647 2823 60 59 S.;
1769 2823 153 59 with
1952 2844 78 40 an
360 2825 1990 136 introduction
513 2903 84 71 by
619 2902 280 57 Richard
921 2902 289 57 Atwater
1241 2900 200 73 (Riq.)
1536 2900 292 75 Chicago,
1852 2903 70 56 P.
1950 2901 230 75 Covici,
2207 2906 165 57 1925.

427 2978 677 56 7 p. l ., 17-81 p., 1 l. 21 cm .
427 3039 160 45 Verse.

359 3095 53 54 ©
448 3097 117 52 June
597 3096 38 52 6,
673 3095 130 52 1925;
839 3096 65 42 2c.
941 3095 106 53 July
1085 3097 45 50 1;
1169 3095 79 43 aff.
1283 3095 108 53 July
1425 3095 78 51 31;
1543 3095 45 42 A
1623 3095 189 53 864086;
1854 3096 164 44 Pascal
2056 3095 169 46 Covici.

439 3152 273 55 (25-21165)

362 3239 290 69 Stewart,
690 3237 284 61 William
1010 3238 275 72 Holmes,
1324 3241 191 57 1868-

502 3329 1863 73 … Skull fractures Roentgenologically considered;
357 3408 423 73 eighty-three
806 3408 330 72 Roentgen
1162 3427 118 52 ray
1308 3407 240 58 studies
1576 3427 79 38 on
1680 3407 355 73 forty-four
2060 3408 121 58 full
2205 3428 163 55 page

357 3487 206 71 plates
611 3487 124 57 and
778 3486 352 72 forty-nine
1173 3489 134 54 text
1351 3485 443 73 illustrations,
1837 3486 85 72 by
1962 3486 281 59 William
2284 3488 81 57 H.

360 3563 1984 152 Stewart … with surgical comments by William H. Luckett … New York, P. B. Hoeber, inc., 1925.
364 3719 1983 114 xxix, 64 p. illus., XLIV pl. 27½ cm . (Added t.-p.: Annals of Roentgenology … ed. by J. T. Case … v. 6)
435 3837 125 46 Each
587 3837 119 53 plate
734 3835 318 53 accompanied
1080 3837 58 52 by
1166 3836 93 44 leaf
1284 3835 109 44 with
1421 3834 271 54 descriptive
1720 3836 274 52 letterpress.

436 3894 132 45 Brief
593 3895 138 43 series
762 3894 96 43 title
887 3901 46 37 at
961 3894 115 43 head
1105 3893 52 44 of
1185 3900 95 45 t.-p.

361 3949 54 54 ©
445 3951 101 44 Oct.
579 3951 63 47 13,
674 3949 130 53 1925;
835 3951 64 42 2c.
931 3949 101 44 Oct.
1066 3948 74 53 17;
1173 3949 79 43 aff.
1285 3949 102 44 Oct.
1420 3948 74 53 16;
1527 3949 43 41 A
1600 3947 191 53 869550;
1825 3949 115 43 Paul
1973 3949 50 43 B.
2056 3950 198 51 Hoeber,
2287 3950 81 44 inc.

442 4005 270 56 (25-21086)
