2533 4412
1263 4040 149 56 1442

412 446 677 56 3 p. l., 245 p., 1 l. 18 ½cm .
343 517 1921 60 © Apr. 15, 1925; 1c. June 12; A— Foreign 27900; Plon-Nourrit & co.
422 575 271 55 (25-25424)

341 689 573 75 Lucas-Dubreton,
958 691 179 59 Jean.

423 781 253 58 Samuel
717 783 243 71 Pepys;
1003 802 40 37 a
1078 783 278 71 portrait
1398 785 65 56 in
1502 785 359 74 miniature,
1903 788 85 72 by
2027 789 59 58 J.
341 790 2015 128 Lucas-Dubreton;

729 860 355 60 translated
1113 862 168 57 from
1310 863 105 58 the
1445 864 246 58 French
1718 866 82 72 by
1827 866 79 58 H.
1935 867 60 59 J.
2031 867 322 76 Stenning.

340 939 280 75 London,
645 939 76 58 A.
749 941 83 56 M.
862 941 277 74 Philpot,
1165 941 112 59 ltd.
1308 944 220 73 [1924?]

415 1033 18 42 1
539 1031 41 52 1.,
615 1031 139 44 7-280
785 1047 40 38 p.
887 1032 125 44 front.
1052 1033 167 54 (port.)
1264 1033 117 45 illus.
1408 1034 228 56 (facsim.)
1709 1037 52 44 19
1766 1040 46 17 cm
1819 1073 8 8 .

341 1102 2011 60 © 1c. Jan. 23, 1925; A ad. int. 6599; pubd. Nov. 26, 1924; G. P. Putnam’s
412 1176 117 37 sons,
563 1162 118 43 New
712 1160 142 44 York.
925 1161 272 55 (24-30634)

341 1274 353 75 Marenghi,
730 1276 286 60 Ernesto.

340 1367 1987 150 … Lezioni di estimo. Milano, Libreria éditrice politecnica, 1925.
408 1524 94 53 xvi,
528 1527 84 45 366
634 1541 55 36 p.,
720 1529 18 42 1
787 1562 8 9 l.
855 1523 54 47 25½
947 1528 47 18 cm
1000 1561 8 9 .

412 1581 201 53 “Saggio
640 1583 320 51 bibliografico
986 1583 116 46 della
1132 1586 266 44 letteratura
1427 1584 185 45 italiana
1639 1586 47 45 in
1709 1595 118 37 tema
1853 1586 44 46 di
1925 1587 191 45 estimo”:
2174 1604 39 36 p.
338 1591 1981 94 331-362.

339 1692 1987 115 © Apr. 1, 1925; 1c. Apr. 25; A—Foreign 27527; Libreria éditrice politecnica di Cesare Tamburini. (25-25537)
340 1850 342 73 Masefield,
720 1851 188 60 John.

416 1942 201 59 Verse
649 1942 203 74 plays,
881 1944 83 72 by
994 1943 172 59 John
1197 1943 344 59 Masefield.
1613 1945 152 59 New
1796 1946 192 75 York,
2022 1949 130 57 The
338 1949 1989 130 Macmillan
587 2041 325 54 company,
947 2023 167 57 1925.

407 2099 691 54 vi p., 2 1, 3-313 p. 20 ½ cm .
752 2155 129 46 CONTENTS.—Good
931 2156 182 53 Friday.
1131 2181 56 6 —
1205 2155 152 55 Philip
1406 2157 76 45 the
1531 2157 363 54 king.—Esther.
1912 2185 57 6 —
1987 2160 229 45 Berenice.
2233 2185 57 7 —
2305 2162 42 43 A

337 2212 147 54 king’s
516 2212 237 54 daughter.

338 2268 54 54 ©
423 2271 109 43 Dec.
567 2272 35 51 1,
634 2270 129 51 1925;
793 2270 65 44 2c.
888 2272 87 42 and
1005 2270 79 44 aff.
1116 2271 108 43 Dec.
1252 2270 51 52 2;
1336 2271 44 42 A
1409 2270 165 45 872662;
1632 2272 39 52 J.
1706 2272 255 53 Masefield,
1993 2272 202 54 Oxford,
408 2273 1919 98 England.

604 2325 53 54 [©
689 2328 319 52 introduction]
1081 2325 272 56 (25-24795)

337 2427 253 74 Massie,
627 2427 202 60 Chris.

411 2520 198 74 Lady,
641 2521 85 72 by
760 2519 185 60 Chris
981 2520 254 58 Massie.
1320 2521 278 73 London,
1633 2521 97 59 W.
1768 2521 415 77 Heinemann,
2219 2524 131 74 ltd.,

333 2600 167 58 1925.

402 2678 593 54 4 p. l., 3-295 p. 19½ cm .
335 2734 1925 56 © 1c. Nov. 27, 1925; A ad int. 7475; pubd. Oct. 1; C. Massie, London.
414 2791 272 57 (25-25990)

337 2892 386 74 Montaigne,
761 2892 230 59 Michel
1029 2894 284 72 Eyquem
1348 2893 93 70 de,
1481 2895 341 57 1533-1592.

412 2984 130 58 The
568 3003 217 54 essays
812 2983 67 59 of
901 2983 388 74 Montaigne,
1313 2984 356 58 translated
1689 2984 85 73 by
1798 2983 244 74 George
2066 2985 73 57 B.
2165 2985 143 58 Ives;

329 3060 2014 76 introductions by Grace Norton … Cambridge, Harvard
331 3141 357 73 university
713 3159 205 56 press,
948 3142 166 56 1925.

403 3224 26 42 4
455 3238 42 28 v.
557 3224 54 42 24½
646 3225 47 17 cm
701 3257 8 9 .

336 3277 53 53 ©
418 3279 118 43 Nov.
568 3279 61 50 14,
661 3275 131 54 1925;
821 3278 65 43 2c.
917 3277 108 44 each
1055 3278 119 43 Nov.
1200 3275 80 54 27;
1311 3277 79 43 aff.
1422 3278 118 42 Nov.
1569 3277 78 52 28;
1681 3277 44 42 A
1753 3276 190 54 875276;
1975 3278 218 44 Harvard
2224 3278 118 44 univ.

405 3350 140 38 press.
615 3332 245 57 (25-24705
871 3335 16 53 )

337 3436 285 71 Morgan,
665 3436 215 57 James
918 3432 338 76 Appleton,
1297 3436 190 57 1845-

332 3523 1987 138 … Mrs. Shakespeare’s second marriage, being an examination
711 3603 68 58 of
811 3623 36 37 a
879 3601 347 74 persistent
1258 3603 227 71 theory:
1547 3601 152 58 with
1733 3621 79 38 an
1846 3605 270 69 attempt
2146 3606 64 54 to
332 3622 1983 119 account
540 3681 106 59 for
665 3683 105 56 the
794 3682 262 57 absence

1080 3680 68 59 of
1171 3700 125 52 any
1318 3682 222 56 record
1564 3680 67 58 of
1654 3699 125 53 any
1796 3681 320 73 marriage
2141 3681 199 57 either

333 3761 67 59 of
426 3760 280 60 William
735 3760 436 72 Shakespeare
1202 3779 71 38 or
1302 3758 68 59 of
1399 3758 155 58 Mrs.
1587 3757 433 74 Shakespeare:
2084 3759 124 59 and
2235 3759 105 59 for

330 3840 105 58 the
472 3859 250 39 sources
759 3839 168 58 from
960 3838 199 58 which
1194 3838 260 57 Messrs.
1491 3837 292 73 Jaggard
1817 3839 124 56 and
1971 3837 234 59 Blount
333 3840 1982 136 obtained
589 3917 327 72 authority
954 3918 104 56 for
1097 3915 324 73 including
1457 3915 68 57 in
1563 3916 104 57 the
1705 3914 143 59 first
1886 3915 155 59 folio
2081 3917 68 56 of
2189 3918 149 56 1623
