2533 4412
1316 4121 113 55 484

374 454 177 70 Coca,
592 454 245 58 Arthur
876 457 383 72 Fernandez,
1302 459 190 57 1875-

447 531 357 59 Essentials
860 533 68 58 of
979 534 428 72 immunology
1459 533 105 59 for
1617 536 264 57 medical
1935 537 307 72 students,
2295 539 83 72 by

367 610 2010 74 Arthur F. Coca … Baltimore, The Williams & Wilkins
370 708 324 54 company,
726 691 166 56 1925.

451 768 732 54 194 p. illus., diagrs. 20 ½ cm
372 823 54 55 ©
452 825 113 53 Apr.
593 825 67 53 22,
690 825 129 53 1925;
847 826 64 42 2c.
939 827 88 42 and
1053 826 78 43 aff.
1161 825 112 53 Apr.
1299 826 79 53 29;
1407 826 43 42 A

1478 826 190 53 829143;
1698 826 231 45 Williams
1960 828 38 43 &
2024 828 201 44 Wilkins
2255 844 65 28 co.

450 882 244 55 (25-9127)

373 970 289 72 Gonwell,
699 969 249 59 Russell
983 970 297 72 Herman,
1320 973 190 56 1843-

447 1046 1933 75 Fields of glory, by Russell H. Conwell … New York,
372 1125 270 74 Chicago
674 1129 147 69 [etc.]
853 1125 289 74 Fleming
1167 1124 80 58 H.
1277 1126 219 57 Revell
1521 1144 265 53 company
1859 1156 12 43 [
1875 1136 17 21 c
1896 1128 165 72 1925]

443 1204 78 44 158
555 1219 40 38 p.
658 1204 52 45 19½
743 1206 48 18 cm
797 1239 9 8 .

369 1259 56 55 ©
456 1260 107 45 Feb.
597 1261 61 49 14,
694 1260 130 53 1925;
855 1261 65 44 2c.
952 1261 87 43 and
1067 1261 80 43 aff.
1178 1261 113 52 May
1319 1260 51 52 2;
1401 1261 43 42 A
1475 1261 191 51 829183;
1700 1260 212 54 Fleming

1942 1262 62 43 H.
2036 1261 158 45 Revell
2225 1277 66 29 co.
450 1316 244 56 (25-9227)

372 1403 257 71 Corbus,
667 1403 189 59 Budd
891 1402 244 73 Clarke,
1177 1405 189 58 1876-

445 1482 376 72 Diathermy
846 1482 67 56 in
939 1482 104 57 the
1072 1484 343 56 treatment
1445 1480 69 59 of
1543 1480 508 74 genito-urinary
2080 1481 300 74 diseases,

368 1559 1944 74 with especial reference to cancer, by Budd C. Corbus …
370 1636 2009 73 and Vincent J. O’Cenor … with thirty-five illustrations.
372 1716 90 59 St.
509 1717 177 71 Paul,
732 1715 442 74 Minneapolis,
1197 1741 7 5 -
1223 1716 129 58 The
1396 1716 205 58 Bruce
1646 1715 366 73 publishing
2055 1735 325 55 company,

369 1794 167 60 1925.

441 1873 81 44 192
544 1888 41 37 p.
614 1872 104 44 incl.
746 1872 158 52 front.,
933 1871 135 53 illus.,
1097 1872 159 54 plates.
1316 1872 55 44 23
1377 1873 48 19 cm
1430 1906 10 9 .

441 1929 359 53 Bibliography:
831 1944 41 38 p.
905 1929 204 46 190-192.

371 1984 54 55 ©
453 1987 110 43 Dec.
591 1986 68 53 24,
691 1988 129 51 1924;
848 1986 65 43 2c.
942 1987 99 52 Jan.
1070 1987 37 51 9,
1141 1985 131 54 1925;
1302 1986 79 44 aff.
1410 1987 99 53 Jan.
1537 1986 78 53 26;
1646 1987 43 42 A
1719 1986 192 54 814808;
1944 1988 150 42 Bruce
2122 1989 101 52 pub.
2252 2003 67 29 co.

449 2043 243 55 (25-9063)

374 2131 246 71 Cowan,
658 2131 288 57 Leonard
982 2129 352 59 Lawrence.

451 2209 415 73 Supplement
892 2212 61 54 to
985 2209 260 56 Manual
1274 2209 69 57 of
1371 2209 327 58 securities
1727 2210 153 57 laws
1911 2209 69 58 of
2005 2210 105 57 the
2140 2210 238 59 United

371 2285 1980 138 States … by Leonard L. Cowan … Chicago, Ill., Corporation maintenance &
1159 2365 237 58 service
1430 2385 107 53 co.,
1572 2366 166 56 1925.

440 2443 200 43 Various
671 2441 206 54 pagings.
936 2441 57 44 26
998 2445 47 18 cm
1051 2477 9 8 .

367 2497 58 55 ©
450 2500 113 52 Apr.
592 2500 36 50 6,
661 2499 129 52 1925;
819 2500 64 42 2c.
910 2500 91 43 and
1027 2499 78 43 aff.
1137 2500 113 52 May
1276 2500 49 51 9;
1357 2499 43 42 A
1431 2497 190 54 855006;
1652 2502 50 47 E·
1734 2499 48 43 L.
1815 2499 184 53 Cowan,
2030 2498 214 56 Chicago.
2309 2499 66 55 [©

441 2557 177 43 revised
649 2564 165 35 matter
843 2556 88 43 and
962 2555 248 44 additional
1241 2570 100 29 new
1374 2562 178 46 matter]

371 2643 284 71 Crossen,
698 2642 216 73 Harry
954 2642 333 73 Sturgeon,
1328 2644 191 56 1869-

448 2719 1862 74 Operative gynecology, by Harry Sturgeon Crossen …
369 2798 80 58 3d
484 2799 111 71 ed.,
633 2798 171 72 eight
839 2798 290 58 hundred
1164 2800 125 57 and
1323 2796 433 73 eighty-seven
1794 2797 272 73 original
368 2799 1986 135 illustrations.

639 2876 91 59 St.
761 2876 213 72 Louis,
1008 2876 128 59 The
1170 2875 64 59 C.
1265 2876 75 57 V.
1373 2877 226 70 Mosby
1630 2893 325 55 company,
1988 2876 167 58 1925.

438 2954 165 54 xxxvi,
631 2953 168 46 33-677
825 2969 41 38 p.
928 2952 118 45 illus.
1105 2952 55 47 25
1167 2956 47 17 cm
1220 2989 10 8 .

372 3010 54 54 ©
457 3012 112 52 Apr.
608 3011 64 52 15,
709 3010 130 53 1925;
873 3011 67 44 2c.
975 3012 114 51 Apr.
1123 3011 78 52 28;
1237 3011 79 43 aff.
1352 3011 114 53 Apr.
1500 3010 79 53 27;
1616 3012 43 42 A
1695 3011 190 52 829100;
1924 3010 49 45 C.
2008 3012 58 43 V.
2104 3012 167 53 Mosby
2307 3028 64 28 co.

444 3066 68 56 [©
538 3084 101 28 new
667 3068 299 44 illustrations
996 3068 87 43 and
1111 3083 100 28 new
1240 3074 102 37 text
1370 3075 180 45 matter]
1621 3067 243 54 (25-9061)

371 3141 341 70 Crummer,
756 3140 219 73 Leroy,
1018 3142 191 56 1872-

448 3218 264 58 Clinical
740 3217 285 58 features
1057 3217 67 57 of
1150 3218 185 57 heart
1366 3217 277 71 disease;
1676 3236 80 37 an
1786 3216 492 74 interpretation
2310 3219 69 57 of

370 3296 104 58 the
514 3295 352 58 mechanics
910 3296 67 57 of
1018 3293 326 73 diagnosis
1387 3294 105 58 for
1536 3294 469 73 practitioners,
2047 3297 86 71 by
2169 3297 208 71 Leroy

373 3372 2003 61 Crummer … introduction by Emanuel Libman … New
368 3452 191 70 York,
587 3451 68 56 P.
680 3451 72 56 B.
777 3451 272 69 Hoeber,
1075 3450 135 71 inc.,
1238 3451 167 58 1925.

439 3527 648 53 xix p., 1 l., 353 p. 21 cm .
373 3584 54 54 ©
451 3586 113 52 Apr.
593 3584 63 52 17,
687 3584 131 52 1925;
844 3585 64 43 2c.
937 3585 112 52 Apr.
1077 3585 77 52 30;
1185 3586 77 42 aff.
1291 3585 112 52 Apr.
1430 3586 80 51 29;
1541 3586 43 42 A

1611 3577 192 61 829160;
1835 3586 115 44 Paul
1979 3587 50 43 B.
2059 3587 200 52 Hoeber,
2288 3587 82 44 inc.

450 3641 243 55 (25-9064)

373 3711 380 74 Cummings,
790 3712 280 58 Edward
1105 3712 224 74 Estlin,
1369 3715 191 56 1874-

439 3791 151 56 XLI
617 3809 233 53 poems,
879 3793 85 70 by
988 3790 74 57 E.
1092 3791 73 57 E.
1202 3790 380 72 Cummings.
1666 3792 154 57 New
1845 3793 190 72 York,
2070 3792 128 57 The
2230 3793 146 57 Dial

370 3888 200 53 press,
602 3869 167 58 1925.

441 3945 567 53 3 p. l., 9-54 p. 21½c m .
373 4002 54 54 ©
459 4004 111 51 Apr.
607 4004 62 45 11.
706 4002 128 52 1925;
869 4003 64 43 2c.
968 4004 88 43 and
1087 4005 80 43 aff.
1202 4005 110 51 Apr.
1347 4003 78 53 25;
1460 4004 44 42 A
1539 4002 188 54 823905;
1764 4004 52 47 E.
1852 4003 52 48 E.
1941 4003 278 53 Cummings,
2254 4004 117 43 New

444 4061 142 43 York.
656 4059 242 54 (25-9042)
