2533 4412
1289 4136 71 55 536

427 555 82 43 384
535 569 41 38 p.
632 554 131 53 illus.,
791 554 141 53 plates
960 556 128 52 (part
1117 556 186 53 double)
1330 556 168 53 diagrs.
1560 557 49 44 19
1617 560 46 18 cm
1670 592 10 9 .
1745 557 126 55 (The
1901 560 215 51 practical
2145 559 219 47 medicine

356 608 709 58 series … v. 7, series 1924)
356 666 2010 59 © Apr. 27, 1925; 1c. and aff. May 29; 1c. June 10; A 829622; Year book
427 724 267 53 publishers.

358 826 340 60 Schwarts,
737 827 216 59 Jacob.
994 829 190 57 1875-

355 921 1940 126 ... ליטער אַ טור און ש פּ ר אַ ך פון דער אידישער ג אַ ם
1841 1065 524 86 פון י. שוו אַ רץ.
357 1172 169 73 [New
558 1171 188 75 York]
782 1171 240 58 Jewish
1054 1171 473 73 neighborhood
1558 1171 366 74 publishing
1956 1191 86 44 co.
2082 1202 13 44 [
2098 1181 19 22 c
2120 1175 164 74 1925]

423 1249 367 53 222 p. 20 ½ cm .
424 1308 65 43 At
516 1307 114 43 head
657 1307 52 43 of
735 1306 122 44 title:
887 1306 259 43 Literature
1174 1307 87 43 and
1292 1306 224 53 language
1542 1306 51 44 of
1621 1307 77 45 the
1724 1307 172 52 Jewish
1921 1308 355 52 neighborhood,
2306 1311 57 51 by

352 1365 42 52 J.
433 1362 251 47 Schwartz.

422 1420 125 45 Title
572 1419 364 47 transliterated:
966 1420 232 44 Literatur
1225 1436 59 28 un
1312 1420 162 53 sprach
1501 1419 80 45 fun
1610 1422 78 43 der
1714 1419 204 55 yidisher
1944 1435 95 40 gas.

352 1477 53 54 ©
433 1479 112 52 May
571 1479 37 52 6,
639 1478 103 44 1925;
797 1479 64 43 2c.
890 1480 87 42 and
1005 1479 78 43 aff.
1112 1480 113 51 May
1256 1480 48 42 13;
1360 1479 44 42 A
1432 1477 167 46 855080;
1653 1480 39 52 J.
1726 1478 248 54 Schwartz,
2005 1480 247 53 Brooklyn.

430 1534 245 56 (25-9713)

355 1635 223 74 Smith,
615 1635 259 59 Charles
909 1636 276 72 Forster,
1221 1639 191 56 1852-

434 1729 262 60 Charles
725 1729 277 59 Kendall
1029 1730 261 71 Adams,
1321 1751 37 38 a
1385 1729 357 58 life-sketch
1769 1733 38 56 by
1882 1730 262 59 Charles
350 1732 1987 135 Forster

491 1808 221 59 Smith.
797 1808 310 73 Madison,
1149 1808 373 73 University
1560 1811 68 57 of
1662 1808 378 71 Wisconsin,
2081 1812 165 55 1924.

426 1888 79 46 150
530 1904 42 38 p.
635 1889 155 50 front.,
821 1889 156 52 plates,
1006 1896 142 45 ports.
1208 1889 53 44 23½
1298 1890 47 18 cm
1351 1925 9 8 .

424 1947 358 51 Bibliography:
814 1960 40 37 p.
889 1945 202 46 149-150.

349 2000 53 55 ©
429 2002 113 53 Apr.
567 2002 66 52 24,
664 2000 103 46 1925;
819 2002 67 44 2c.
911 2002 113 53 Apr.
1048 2002 54 43 29;
1157 2000 80 46 aff.
1265 2001 114 54 May
1405 1999 24 46 7;
1483 2001 44 44 A
1553 1999 167 47 829337;
1773 2001 270 54 University
2069 2001 52 46 of
420 2004 1916 99 Wisconsin.

571 2058 244 55 (25-9962)

351 2158 224 72 Smith,
613 2158 285 60 William
934 2159 234 71 Henry,
1210 2161 190 56 1839-

431 2252 271 73 History
728 2254 67 57 of
819 2254 104 57 the
952 2253 245 58 cabinet
1222 2255 69 57 of
1315 2254 103 58 the
1444 2251 239 60 United
1712 2253 213 58 States
1954 2256 68 57 of
2047 2254 311 70 America,

354 2334 169 56 from
565 2330 335 59 President
943 2331 424 73 Washington
1410 2336 64 55 to
1518 2331 341 58 President
1904 2330 327 75 Coolidge;
2280 2351 81 38 an

353 2414 263 55 account
653 2410 68 58 of
757 2411 104 57 the
901 2409 207 74 origin
1143 2411 68 57 of
1245 2411 104 58 the
1388 2411 263 70 cabinet,
1690 2432 36 38 a
1763 2413 207 56 roster
2008 2413 68 57 of
2111 2412 106 57 the
354 2432 1980 115 various

554 2490 308 57 members
889 2487 153 59 with
1067 2489 105 58 the
1200 2493 164 54 term
1390 2489 68 58 of
1486 2488 256 72 service,
1773 2492 126 56 and
1924 2488 435 74 biographical

356 2568 282 60 sketches
676 2568 68 57 of
783 2568 151 58 each
965 2568 294 72 member,
1298 2567 283 73 showing
1615 2567 210 73 public
1862 2565 197 62 offices
2095 2568 147 60 held
2276 2569 81 70 by

356 2645 2001 74 each … by William Henry Smith … Baltimore, Md.,
354 2727 129 57 The
511 2724 355 60 Industrial
891 2723 288 75 printing
1205 2742 323 55 company,
1558 2725 166 57 1925.

422 2803 81 47 537
531 2820 41 37 p.
634 2805 157 50 front.,
819 2803 132 52 illus.,
978 2810 143 44 ports.
1181 2803 56 46 26
1241 2806 48 18 cm
1294 2841 10 9 .

346 2858 53 54 ©
427 2861 111 51 May
565 2859 65 52 10,
661 2857 130 54 1925;
818 2859 64 43 2c.
910 2859 88 43 and
1024 2859 81 43 aff.
1134 2859 112 52 May
1276 2860 74 50 13;
1380 2859 44 42 A
1451 2856 192 54 855097;
1673 2857 248 45 Industrial
1949 2857 200 55 printing
2179 2875 64 28 co.

425 2914 244 55 (25-9781)

348 3001 255 74 Spaeth,
643 3001 295 58 Edmund
970 3000 353 73 Benjamin,
1362 3003 191 57 1890-

423 3094 228 57 Newer
679 3094 286 57 methods
1003 3093 67 57 of
1106 3093 384 71 ophthalmic
1521 3092 232 73 plastic
1789 3112 283 53 surgery,
2110 3094 85 71 by
344 3093 1987 137 Edmund

568 3169 1782 75 B. Spaeth … with 168 illustrations. Philadelphia,
345 3250 71 58 P.
447 3250 392 58 Blakiston’s
876 3269 112 38 son
1018 3250 49 56 &
1095 3269 86 38 co.
1219 3279 12 44 [
1233 3257 19 22 c
1256 3250 164 74 1925]

413 3325 867 54 xxiii p., 1 l., 258 p. illus. 24 cm .
416 3383 328 53 Bibliography:
803 3398 41 38 p.
876 3383 206 44 242-249.

343 3438 54 54 ©
423 3440 112 52 May
565 3440 61 49 14,
657 3439 131 53 1925;
814 3441 66 42 2c.
908 3441 87 42 and
1023 3441 78 42 aff.
1130 3440 112 52 May
1272 3437 74 55 15;
1377 3436 44 45 A
1447 3437 190 54 855138;
1670 3439 52 43 P.
1753 3438 273 45 Blakiston’s
2056 3455 81 28 son
2166 3441 38 43 &
2229 3455 67 29 co.

422 3494 244 56 (25-9766)

346 3580 309 73 Strecker,
698 3581 277 57 Edward
1008 3580 224 72 Adam,
1275 3583 189 56 1886-

421 3671 317 58 Practieal
779 3673 245 56 clinical
1059 3672 375 72 psychiatry
1472 3672 107 56 for
1621 3674 286 56 students
1953 3673 125 56 and
343 3672 1979 151 practitioners,

654 3733 1690 89 by Edward Â. Strecker … and Franklin G.
344 3828 1999 75 Ebaugh … Philadelphia, P. Blakiston’s son & co. [ c 1925]
411 3905 94 52 xvi,
536 3904 80 45 375
648 3920 38 37 p.
749 3905 129 50 illus.,
911 3905 167 52 diagrs.
1138 3906 51 42 21½
1228 3908 46 18 cm
1282 3941 8 7 .
1403 3904 128 55 $4.00

415 3961 331 44 “References”
774 3969 46 35 at
847 3963 85 42 end
956 3962 51 43 of
1035 3970 119 35 most
1181 3963 52 43 of
1260 3962 78 43 the
1364 3962 220 50 chapters.

341 4016 53 54 ©
421 4019 112 52 May
562 4018 63 47 14,
655 4017 129 53 1925;
811 4018 64 44 2c.
903 4020 86 42 and
1015 4020 78 43 aff.
1125 4020 112 51 May
1269 4017 74 54 15;
1371 4020 45 42 A
1444 4017 190 53 855139;
1666 4019 50 42 P.
1747 4018 273 44 Blakiston’s
2051 4034 80 29 son
2161 4018 38 45 &
2224 4033 64 29 co.

421 4073 243 56 (25-9765)
