2533 4412
0 0 0 0 1270
356 381 386 74 Thackeray,
779 380 284 61 William
1095 380 400 73 Makepeace,
1535 382 361 58 1811-1863.

421 472 423 59 Roundabout
866 490 254 56 papers,
1144 472 83 72 by
1247 471 281 59 William
1552 470 377 74 Makepeace
1956 472 365 74 Thackeray;

352 550 1935 75 edited from the author’s texts by John Edwin Wells …
351 631 152 58 New
532 629 192 73 York,
758 628 341 73 Harcourt,
1130 627 202 59 Brace
1367 630 125 56 and
1525 646 309 55 company
1869 657 14 45 [
1883 637 19 22 c
1905 630 150 56 1925]

424 711 113 51 xliii,
563 710 82 44 499
668 723 41 39 p.
770 707 117 45 illus.
915 706 128 56 (incl.
1071 707 228 53 facsims.)
1397 706 23 44 17½
1456 709 48 17 cm
1509 742 8 8 .

355 766 53 54 ©
435 768 102 44 Oct.
561 766 68 53 26,
658 763 130 55 1925;
813 767 67 41 2c.
905 766 88 43 and
1019 765 79 43 aff.
1126 765 103 44 Oct.
1256 764 77 52 30;
1362 764 45 42 A
1433 763 190 52 869820;
1653 764 249 52 Harcourt,
1931 765 145 43 Brace
2103 765 38 44 &
2167 780 82 37 co.,
2278 765 82 44 inc.

429 822 66 57 [©
527 823 77 44 the
634 822 198 54 preface,
865 821 306 44 introduction
1204 821 88 43 and
1323 828 145 47 notes]
1540 819 271 57 (25-21668)

358 926 265 73 Thayer,
662 926 215 58 James
914 924 294 75 Bradley,
1246 925 360 59 1831-1902.

430 1016 61 58 A
519 1016 299 59 selection
848 1015 68 59 of
944 1035 175 39 cases
1151 1035 80 38 on
1260 1015 290 59 evidence
1581 1018 67 55 at
1674 1015 106 58 the
1811 1033 281 40 common
2119 1016 137 72 law,
2284 1017 83 72 by

353 1091 2014 75 James Bradley Thayer … Rev. ed. by John MacArthur
355 1170 2008 77 Maguire … Cambridge, Harvard university press [ c 1925]
423 1267 75 38 XV,
537 1251 105 45 1033
679 1265 40 39 p.
779 1248 52 47 25½
868 1251 48 19 cm
921 1285 9 9 .

427 1309 152 45 Books
611 1324 59 29 on
701 1308 237 44 evidence:
970 1321 42 39 p.
1040 1322 43 30 v.

356 1365 53 54 ©
440 1365 122 53 Sept.
590 1366 39 50 8,
663 1364 131 53 1925;
823 1365 65 43 2c.
919 1365 102 44 Oct.
1049 1364 79 53 26;
1159 1364 78 43 aff.
1271 1361 121 55 Sept.
1421 1363 78 53 30;
1530 1364 45 42 A
1603 1361 190 55 869759;
1827 1365 219 44 Harvard
2073 1363 122 45 univ.
2223 1379 139 38 press.

435 1422 272 57 (25-21829)

358 1523 216 74 Traill,
611 1525 202 57 Peter.

433 1615 419 73 Phrenology.

430 1695 82 51 (In
544 1694 200 43 Outlook
772 1694 259 52 magazine,
1064 1694 119 51 Aug.
1217 1699 37 46 1,
1288 1691 128 53 1925)

357 1747 2009 55 © 1c. Sept. 26, 1925; A ad int'. 7307; pubd. July 30; Guy Morton, London.
360 1833 298 75 Tugwell,
698 1834 288 59 Rexford
1022 1834 155 73 Guy,
1219 1836 191 57 1891-

431 1925 341 59 American
806 1926 312 58 economic
1148 1926 113 58 life
1295 1927 127 57 and
1453 1925 105 58 the
1590 1943 218 40 means
1843 1925 68 58 of
1941 1926 85 59 its
354 1925 1991 152 improvement,
577 2005 85 73 by
693 2004 288 59 Rexford
1015 2004 141 73 Guy
1190 2004 298 74 Tugwell,
1524 2003 274 60 Thomas
1835 2003 247 75 Munro,
2119 2005 141 73 Roy
2294 2005 72 58 E.

358 2084 284 73 Stryker.
729 2086 96 70 [2d
856 2086 110 71 ed.]
1051 2084 154 58 New
1232 2083 193 71 York,
1455 2082 342 72 Harcourt,
1827 2083 203 58 Brace
2059 2087 125 57 and
353 2102 1993 133 company
560 2163 203 74 [c1925]

425 2241 93 50 xiv,
548 2241 81 45 633
657 2255 40 39 p.
727 2240 105 44 incl.
863 2239 156 54 front.,
1048 2239 129 52 illus.,
1207 2238 171 55 diagrs.
1438 2239 56 44 22
1498 2240 48 19 cm
1552 2273 10 10 .

429 2298 127 45 “The
593 2298 103 46 first
733 2297 170 45 edition
941 2297 54 43 of
1030 2296 90 45 this
1159 2297 123 45 book
1317 2312 96 29 was
1455 2295 224 55 privately
1716 2297 178 53 printed
1934 2298 88 43 and
2060 2297 109 44 used
2211 2295 45 46 in
2295 2297 76 45 the

358 2356 159 54 spring
548 2356 52 45 of
634 2354 104 46 1925
772 2371 49 28 as
855 2370 26 28 a
913 2361 99 37 text
1044 2354 76 44 for
1152 2359 105 47 part
1289 2353 53 43 of
1374 2353 76 44 the
1485 2368 162 30 course
1680 2352 144 46 called
1859 2354 90 44 ‘An
1984 2354 305 45 introduction
2325 2362 46 38 to

357 2422 350 44 contemporary
735 2411 290 45 civilization’
1057 2410 45 43 in
1136 2409 241 46 Columbia
1408 2409 402 54 college.”—Pref.

358 2470 53 54 ©
438 2472 102 44 Oct.
571 2469 62 52 15,
662 2467 131 55 1925;
818 2471 67 42 2c.
911 2469 88 43 and
1022 2468 81 44 aff.
1132 2468 102 44 Oct.
1262 2467 53 44 30;
1369 2469 45 42 A
1440 2467 192 54 869824;
1661 2469 54 43 R.
1746 2468 51 45 G.
1824 2467 225 54 Tugwell,
2078 2469 117 44 New
2222 2469 143 45 York.

437 2526 273 56 (25-21688)

362 2620 259 72 Turner,
663 2620 241 73 George
944 2616 222 75 Kibbe,
1208 2621 192 58 1869-

434 2711 286 73 Hagar’s
747 2710 205 58 hoard
982 2709 112 74 [by]
1127 2708 246 74 George
1403 2709 208 59 Kibbe
1641 2709 265 73 Turner,
1935 2709 426 62 introduction

355 2790 83 72 by
465 2788 245 72 Joseph
735 2786 508 75 Hergesheimer.
1311 2787 154 58 New
1489 2787 194 70 York,
1711 2786 76 59 A.
1817 2787 75 58 A.
1920 2788 230 73 Knopf
2177 2790 182 73 [1925]

431 2869 80 44 viii
537 2882 54 39 p.,
616 2871 25 41 2
685 2903 24 18 l.,
733 2868 136 45 9-311
896 2882 41 39 p.
1001 2866 49 46 18
1058 2869 47 18 cm
1110 2901 9 9 .
1183 2866 183 47 [Borzoi
1392 2866 163 55 pocket
1578 2866 160 49 books]

429 2926 203 45 “Pocket
658 2925 124 46 book
807 2922 212 48 edition.”

360 2981 53 54 ©
450 2982 102 44 Oct.
592 2982 64 48 16,
695 2979 130 54 1925;
861 2981 66 43 2c.
963 2980 88 44 and
1086 2980 79 44 aff.
1205 2980 102 44 Oct.
1341 2980 80 52 24;
1461 2981 45 42 A
1543 2978 163 46 872235;
1774 2979 166 46 Alfred
1976 2982 57 43 A.
2072 2981 173 54 Knopf,
2283 2981 83 46 inc.

440 3037 272 56 (25-21918)

364 3122 189 76 [Vale,
586 3122 186 74 Ruby
801 3122 178 75 Ross]

359 3213 1984 233 … A digest of the decisions of the courts of the commonwealth of Pennsylvania from 1917 to 1923. [A supplement] continuing Vale’s digest 1754-1917, 13 vols. …
362 3450 83 71 by
472 3450 103 56 the
603 3448 387 72 publishers’
1020 3448 294 58 editorial
1345 3447 170 58 staff,
1582 3467 57 37 v.
1671 3449 90 71 14,
1788 3451 89 68 pt.
1908 3450 50 55 3.
1991 3448 376 73 Negligence

362 3530 63 54 to
462 3527 187 55 Year.
728 3526 460 72 Philadelphia,
1230 3525 244 73 George
1514 3527 67 55 T.
1621 3525 174 58 Bisel
1834 3545 323 53 company,
2199 3528 164 55 1925.

431 3605 57 48 iv,
517 3601 250 46 3295-5489
796 3617 39 38 p.
895 3603 56 43 26½
983 3605 47 18 cm
1037 3639 8 7 .

362 3659 53 53 ©
447 3661 120 42 Nov.
595 3660 69 51 23,
699 3657 131 54 1925;
861 3659 66 43 2c.
960 3660 109 43 Dec.
1100 3658 49 53 8;
1183 3658 80 44 aff.
1295 3659 109 43 Dec.
1439 3658 74 53 14;
1549 3659 43 42 A
1623 3656 188 54 875497;
1851 3658 177 53 George
2058 3658 54 44 T.
2147 3659 122 44 Bisel
2300 3675 65 28 co.

365 3745 142 58 Van
545 3743 200 72 Hook,
781 3741 252 76 Weller,
1073 3745 192 60 1862-

441 3839 130 58 The
608 3838 270 58 cultural
917 3842 236 67 system
1194 3838 113 72 [by]
1343 3837 238 59 Weller
1615 3836 143 59 Van
1793 3837 198 57 Hook.
2074 3836 271 73 Chicago

365 3917 131 59 The
525 3915 244 72 Rajput
799 3935 182 53 press
1016 3945 13 43 [
1029 3922 20 23 c
1053 3916 165 71 1925]

432 3996 26 44 3
481 4009 42 36 p.
567 4028 22 17 l.,
614 3995 79 45 231
721 4008 41 37 p.
820 3993 59 46 20
882 3996 49 19 cm
937 4030 9 9 .
