<alto xmlns="http://www.loc.gov/standards/alto/ns-v3#" xmlns:xlink="http://www.w3.org/1999/xlink" xmlns:xsi="http://www.w3.org/2001/XMLSchema-instance" xsi:schemaLocation="http://www.loc.gov/standards/alto/ns-v3# http://www.loc.gov/alto/v3/alto-3-0.xsd"><Description>
<MeasurementUnit>pixel</MeasurementUnit>
<sourceImageInformation>
<fileName>1925_v22_Part001.pdf</fileName>
</sourceImageInformation>
<OCRProcessing ID="IdOcr">
<ocrProcessingStep>
<processingDateTime>2019-04-03</processingDateTime>
<processingSoftware>
<softwareCreator>ABBYY</softwareCreator>
<softwareName>ABBYY Recognition Server</softwareName>
<softwareVersion>4.0</softwareVersion>
</processingSoftware>
</ocrProcessingStep>
</OCRProcessing>
</Description>
<Styles>
<ParagraphStyle ID="StyleId-FFFFFFFF-FFFF-FFFF-FFFF-FFFFFFFFFFFF-" ALIGN="Left" LEFT="0." RIGHT="0." FIRSTLINE="0."/>
<ParagraphStyle ID="StyleId-2E5B4E57-07AD-4719-97CB-14521F7F4F8A-" ALIGN="Left" LEFT="0." RIGHT="0." FIRSTLINE="0." LINESPACE="8.899999619"/>
<ParagraphStyle ID="StyleId-62A6F688-D6E3-4EFC-837B-4A4C4EB582B7-" ALIGN="Center" LEFT="0." RIGHT="0." FIRSTLINE="0." LINESPACE="12.19999981"/>
<ParagraphStyle ID="StyleId-21B71EBC-BDB5-4E16-A8F2-58189A39665B-" ALIGN="Block" LEFT="0." RIGHT="0." FIRSTLINE="-13." LINESPACE="11.35000038"/>
<ParagraphStyle ID="StyleId-1E1A68C4-DD4F-417A-A13D-7FEC29ECB499-" ALIGN="Block" LEFT="0." RIGHT="0." FIRSTLINE="-15." LINESPACE="13.30000019"/>
<ParagraphStyle ID="StyleId-6B39EC51-644D-4E90-AF07-84EF2B1E466A-" ALIGN="Block" LEFT="0." RIGHT="0." FIRSTLINE="-15." LINESPACE="8.340000153"/>
<ParagraphStyle ID="StyleId-2C1BA15F-E223-41D6-853D-AAFBDAC17E68-" ALIGN="Center" LEFT="0." RIGHT="0." FIRSTLINE="0." LINESPACE="13."/>
<ParagraphStyle ID="StyleId-A3B2CDF3-43F0-422C-90A0-E074BFEC3BC0-" ALIGN="Block" LEFT="0." RIGHT="0." FIRSTLINE="0." LINESPACE="8.899999619"/>
<ParagraphStyle ID="StyleId-28AB2493-EA15-49C1-A6AC-ED5BC404F0B9-" ALIGN="Center" LEFT="0." RIGHT="0." FIRSTLINE="0." LINESPACE="12.19999981"/>
<ParagraphStyle ID="StyleId-4417A6D4-97E2-4EFC-962D-7FBC0D5273E4-" ALIGN="Left" LEFT="0." RIGHT="0." FIRSTLINE="15." LINESPACE="8.340000153"/>
<ParagraphStyle ID="StyleId-D4EF9C5E-3110-4A39-B7BC-3D84E0F04894-" ALIGN="Center" LEFT="0." RIGHT="0." FIRSTLINE="0." LINESPACE="13.30000019"/>
<ParagraphStyle ID="StyleId-D1243F31-1201-4D92-8F69-43ADB01E9AD1-" ALIGN="Left" LEFT="0." RIGHT="0." FIRSTLINE="-13." LINESPACE="13.30000019"/>
<ParagraphStyle ID="StyleId-C65417C6-23F2-4D8F-BA55-ECE73D98CAB9-" ALIGN="Left" LEFT="0." RIGHT="0." FIRSTLINE="0." LINESPACE="8.899999619"/>
<ParagraphStyle ID="StyleId-835763C1-08DD-41BE-8BAD-8E41EA88DAE3-" ALIGN="Center" LEFT="0." RIGHT="0." FIRSTLINE="0." LINESPACE="11.10000038"/>
<ParagraphStyle ID="StyleId-78FD6B81-8F83-422D-8DF4-4274EAFD19C6-" ALIGN="Block" LEFT="0." RIGHT="0." FIRSTLINE="-17." LINESPACE="12.19999981"/>
<ParagraphStyle ID="StyleId-F506BC7F-570D-458B-9F05-A143E1F5FD17-" ALIGN="Block" LEFT="0." RIGHT="0." FIRSTLINE="-17." LINESPACE="11.35000038"/>
<ParagraphStyle ID="StyleId-CBE02C6B-22D0-48C6-A874-7E90A22F4375-" ALIGN="Center" LEFT="0." RIGHT="0." FIRSTLINE="0." LINESPACE="4.400000095"/>
<ParagraphStyle ID="StyleId-14CC0121-63AF-4AB4-9656-E02F46C61AF2-" ALIGN="Left" LEFT="0." RIGHT="0." FIRSTLINE="0." LINESPACE="8.899999619"/>
<ParagraphStyle ID="StyleId-DD64CECB-1B22-4BFF-84F0-DFDE2B0000F8-" ALIGN="Left" LEFT="0." RIGHT="0." FIRSTLINE="0." LINESPACE="12.19999981"/>
<ParagraphStyle ID="StyleId-8AEF4AA8-141A-4E5D-9C3E-C0F9F43C742F-" ALIGN="Left" LEFT="0." RIGHT="0." FIRSTLINE="0." LINESPACE="8.300000191"/>
<ParagraphStyle ID="StyleId-8C396D2A-39C0-48AB-BABA-2679D8AB257E-" ALIGN="Left" LEFT="0." RIGHT="0." FIRSTLINE="0." LINESPACE="11.10000038"/>
<ParagraphStyle ID="StyleId-3B7FE50F-10D4-487F-BDCD-FD26EB60FD4A-" ALIGN="Block" LEFT="0." RIGHT="0." FIRSTLINE="13." LINESPACE="8.340000153"/>
<ParagraphStyle ID="StyleId-8CC5CC8E-615B-4C42-BB46-DB28FA355C27-" ALIGN="Left" LEFT="0." RIGHT="0." FIRSTLINE="0." LINESPACE="12.19999981"/>
<ParagraphStyle ID="StyleId-BC67E79D-8D99-4188-8B35-A59DBB7E2BB0-" ALIGN="Block" LEFT="0." RIGHT="0." FIRSTLINE="11." LINESPACE="9.399999619"/>
</Styles>
<Layout>
<Page ID="Page980" PHYSICAL_IMG_NR="980" HEIGHT="4412" WIDTH="2533">
<TopMargin HEIGHT="382" WIDTH="2533" VPOS="0" HPOS="0">
</TopMargin>
<LeftMargin HEIGHT="3756" WIDTH="332" VPOS="382" HPOS="0">
</LeftMargin>
<RightMargin HEIGHT="3756" WIDTH="131" VPOS="382" HPOS="2402">
</RightMargin>
<BottomMargin HEIGHT="274" WIDTH="2533" VPOS="4138" HPOS="0">
</BottomMargin>
<PrintSpace HEIGHT="3756" WIDTH="2070" VPOS="382" HPOS="332">
<TextBlock ID="Page980_Block1" HEIGHT="76" WIDTH="134" VPOS="4062" HPOS="1286" LANG="en-US" STYLEREFS="StyleId-4CCCA3C4-FB78-48E3-A280-CA1FBD5A8593-">
<TextLine HEIGHT="56" WIDTH="114" VPOS="4072" HPOS="1296">
<String CONTENT="980" HEIGHT="56" WIDTH="114" VPOS="4072" HPOS="1296"/>
</TextLine>
</TextBlock>
<TextBlock ID="Page980_Block2" HEIGHT="3686" WIDTH="2070" VPOS="382" HPOS="332" LANG="en-US" CS="1" STYLEREFS="StyleId-FCB20055-A37C-48DB-880D-C2FB6B90F654-">
<TextLine HEIGHT="75" WIDTH="984" VPOS="392" HPOS="347" STYLEREFS="StyleId-CB0274A5-3BE0-4F6D-8371-BE4E70A8A9BD-" LANG="de">
<String LANG="la" CONTENT="Morse" HEIGHT="57" WIDTH="208" VPOS="395" HPOS="347"/>
<SP HEIGHT="58" WIDTH="32" VPOS="393" HPOS="556"/>
<String CONTENT="international" HEIGHT="59" WIDTH="455" VPOS="392" HPOS="589"/>
<SP HEIGHT="57" WIDTH="29" VPOS="394" HPOS="1045"/>
<String CONTENT="agency." HEIGHT="59" WIDTH="256" VPOS="408" HPOS="1075"/>
</TextLine>
<TextLine HEIGHT="74" WIDTH="1930" VPOS="485" HPOS="427">
<String CONTENT="The" HEIGHT="57" WIDTH="129" VPOS="487" HPOS="427"/>
<SP HEIGHT="58" WIDTH="26" VPOS="486" HPOS="557"/>
<String CONTENT="Australian" HEIGHT="58" WIDTH="376" VPOS="485" HPOS="584"/>
<SP HEIGHT="36" WIDTH="25" VPOS="506" HPOS="961"/>
<String CONTENT="market," HEIGHT="73" WIDTH="263" VPOS="486" HPOS="987"/>
<SP HEIGHT="74" WIDTH="27" VPOS="485" HPOS="1251"/>
<String CONTENT="five" HEIGHT="59" WIDTH="120" VPOS="485" HPOS="1279"/>
<SP HEIGHT="54" WIDTH="27" VPOS="490" HPOS="1400"/>
<String CONTENT="trading" HEIGHT="72" WIDTH="257" VPOS="487" HPOS="1428"/>
<SP HEIGHT="53" WIDTH="26" VPOS="506" HPOS="1686"/>
<String CONTENT="zones" HEIGHT="38" WIDTH="183" VPOS="506" HPOS="1713"/>
<SP HEIGHT="55" WIDTH="29" VPOS="490" HPOS="1897"/>
<String CONTENT="that" HEIGHT="58" WIDTH="142" VPOS="487" HPOS="1927"/>
<SP HEIGHT="69" WIDTH="22" VPOS="490" HPOS="2070"/>
<String CONTENT="provide" HEIGHT="69" WIDTH="264" VPOS="490" HPOS="2093"/>
</TextLine>
<TextLine HEIGHT="74" WIDTH="2008" VPOS="564" HPOS="347">
<String CONTENT="a" HEIGHT="37" WIDTH="39" VPOS="585" HPOS="347"/>
<SP HEIGHT="52" WIDTH="33" VPOS="584" HPOS="387"/>
<String CONTENT="profitable," HEIGHT="73" WIDTH="354" VPOS="564" HPOS="421"/>
<SP HEIGHT="53" WIDTH="42" VPOS="584" HPOS="776"/>
<String CONTENT="growing" HEIGHT="73" WIDTH="285" VPOS="564" HPOS="819"/>
<SP HEIGHT="53" WIDTH="36" VPOS="584" HPOS="1105"/>
<String CONTENT="market" HEIGHT="58" WIDTH="250" VPOS="564" HPOS="1142"/>
<SP HEIGHT="58" WIDTH="37" VPOS="564" HPOS="1393"/>
<String CONTENT="for" HEIGHT="58" WIDTH="104" VPOS="564" HPOS="1431"/>
<SP HEIGHT="56" WIDTH="40" VPOS="564" HPOS="1536"/>
<String CONTENT="American" HEIGHT="58" WIDTH="341" VPOS="564" HPOS="1577"/>
<SP HEIGHT="54" WIDTH="38" VPOS="584" HPOS="1919"/>
<String CONTENT="goods;" HEIGHT="71" WIDTH="227" VPOS="567" HPOS="1958"/>
<SP HEIGHT="68" WIDTH="42" VPOS="569" HPOS="2186"/>
<String CONTENT="this" HEIGHT="59" WIDTH="126" VPOS="566" HPOS="2229"/>
</TextLine>
<TextLine HEIGHT="136" WIDTH="1989" VPOS="642" HPOS="347" CS="1">
<String CONTENT="treatise" HEIGHT="57" WIDTH="261" VPOS="643" HPOS="347"/>
<SP HEIGHT="37" WIDTH="33" VPOS="662" HPOS="609"/>
<String CONTENT="on" HEIGHT="37" WIDTH="78" VPOS="662" HPOS="643"/>
<SP HEIGHT="54" WIDTH="30" VPOS="645" HPOS="722"/>
<String CONTENT="the" HEIGHT="56" WIDTH="105" VPOS="643" HPOS="753"/>
<SP HEIGHT="57" WIDTH="29" VPOS="642" HPOS="859"/>
<String CONTENT="Australian" HEIGHT="57" WIDTH="377" VPOS="642" HPOS="889"/>
<SP HEIGHT="37" WIDTH="28" VPOS="661" HPOS="1267"/>
<String CONTENT="market" HEIGHT="58" WIDTH="250" VPOS="642" HPOS="1296"/>
<SP HEIGHT="58" WIDTH="25" VPOS="642" HPOS="1547"/>
<String CONTENT="is" HEIGHT="58" WIDTH="55" VPOS="642" HPOS="1573"/>
<SP HEIGHT="52" WIDTH="30" VPOS="663" HPOS="1629"/>
<String CONTENT="passed" HEIGHT="70" WIDTH="235" VPOS="645" HPOS="1660"/>
<SP HEIGHT="56" WIDTH="30" VPOS="645" HPOS="1896"/>
<String CONTENT="on" HEIGHT="39" WIDTH="81" VPOS="662" HPOS="1927"/>
<SP HEIGHT="55" WIDTH="31" VPOS="646" HPOS="2009"/>
<String CONTENT="to" HEIGHT="56" WIDTH="63" VPOS="646" HPOS="2041"/>
<SP HEIGHT="59" WIDTH="32" VPOS="643" HPOS="2105"/>
<String CONTENT="American" HEIGHT="135" WIDTH="1989" VPOS="643" HPOS="347"/>
</TextLine>
<TextLine HEIGHT="137" WIDTH="1989" VPOS="719" HPOS="347" CS="1">
<String CONTENT="manufacturers" HEIGHT="58" WIDTH="511" VPOS="719" HPOS="521"/>
<SP HEIGHT="37" WIDTH="37" VPOS="740" HPOS="1033"/>
<String CONTENT="with" HEIGHT="57" WIDTH="153" VPOS="720" HPOS="1071"/>
<SP HEIGHT="57" WIDTH="34" VPOS="720" HPOS="1225"/>
<String CONTENT="the" HEIGHT="57" WIDTH="104" VPOS="720" HPOS="1260"/>
<SP HEIGHT="39" WIDTH="38" VPOS="738" HPOS="1365"/>
<String CONTENT="expectation" HEIGHT="71" WIDTH="398" VPOS="721" HPOS="1404"/>
<SP HEIGHT="54" WIDTH="35" VPOS="724" HPOS="1803"/>
<String CONTENT="that" HEIGHT="57" WIDTH="142" VPOS="722" HPOS="1839"/>
<SP HEIGHT="55" WIDTH="34" VPOS="725" HPOS="1982"/>
<String CONTENT="the" HEIGHT="58" WIDTH="105" VPOS="722" HPOS="2017"/>
<SP HEIGHT="58" WIDTH="35" VPOS="722" HPOS="2123"/>
<String CONTENT="information" HEIGHT="134" WIDTH="1989" VPOS="722" HPOS="347"/>
</TextLine>
<TextLine HEIGHT="137" WIDTH="1985" VPOS="798" HPOS="348" CS="1">
<String CONTENT="and" HEIGHT="56" WIDTH="125" VPOS="799" HPOS="612"/>
<SP HEIGHT="56" WIDTH="24" VPOS="799" HPOS="738"/>
<String CONTENT="data" HEIGHT="56" WIDTH="154" VPOS="799" HPOS="763"/>
<SP HEIGHT="52" WIDTH="21" VPOS="817" HPOS="918"/>
<String CONTENT="presented" HEIGHT="69" WIDTH="341" VPOS="800" HPOS="940"/>
<SP HEIGHT="56" WIDTH="24" VPOS="800" HPOS="1282"/>
<String CONTENT="will" HEIGHT="57" WIDTH="128" VPOS="798" HPOS="1307"/>
<SP HEIGHT="55" WIDTH="24" VPOS="799" HPOS="1436"/>
<String CONTENT="reveal" HEIGHT="57" WIDTH="212" VPOS="799" HPOS="1461"/>
<SP HEIGHT="57" WIDTH="24" VPOS="799" HPOS="1674"/>
<String CONTENT="the" HEIGHT="58" WIDTH="104" VPOS="799" HPOS="1699"/>
<SP HEIGHT="58" WIDTH="24" VPOS="799" HPOS="1804"/>
<String CONTENT="increasing" HEIGHT="75" WIDTH="363" VPOS="799" HPOS="1829"/>
<SP HEIGHT="55" WIDTH="21" VPOS="819" HPOS="2193"/>
<String CONTENT="possibilities" HEIGHT="116" WIDTH="1985" VPOS="819" HPOS="348"/>
</TextLine>
<TextLine HEIGHT="76" WIDTH="1683" VPOS="877" HPOS="676">
<String CONTENT="of" HEIGHT="57" WIDTH="70" VPOS="877" HPOS="676"/>
<SP HEIGHT="57" WIDTH="31" VPOS="877" HPOS="747"/>
<String CONTENT="this" HEIGHT="57" WIDTH="126" VPOS="877" HPOS="779"/>
<SP HEIGHT="53" WIDTH="36" VPOS="897" HPOS="906"/>
<String CONTENT="great" HEIGHT="70" WIDTH="181" VPOS="880" HPOS="943"/>
<SP HEIGHT="54" WIDTH="36" VPOS="880" HPOS="1125"/>
<String CONTENT="country" HEIGHT="69" WIDTH="267" VPOS="880" HPOS="1162"/>
<SP HEIGHT="72" WIDTH="34" VPOS="877" HPOS="1430"/>
<String CONTENT="for" HEIGHT="57" WIDTH="103" VPOS="877" HPOS="1465"/>
<SP HEIGHT="54" WIDTH="34" VPOS="881" HPOS="1569"/>
<String CONTENT="the" HEIGHT="57" WIDTH="106" VPOS="878" HPOS="1604"/>
<SP HEIGHT="38" WIDTH="32" VPOS="897" HPOS="1711"/>
<String CONTENT="merchandising" HEIGHT="75" WIDTH="513" VPOS="878" HPOS="1744"/>
<SP HEIGHT="54" WIDTH="32" VPOS="899" HPOS="2258"/>
<String CONTENT="of" HEIGHT="58" WIDTH="68" VPOS="879" HPOS="2291"/>
</TextLine>
<TextLine HEIGHT="75" WIDTH="2010" VPOS="954" HPOS="347">
<String CONTENT="American" HEIGHT="57" WIDTH="337" VPOS="955" HPOS="347"/>
<SP HEIGHT="53" WIDTH="24" VPOS="974" HPOS="685"/>
<String CONTENT="products." HEIGHT="71" WIDTH="320" VPOS="956" HPOS="710"/>
<SP HEIGHT="57" WIDTH="66" VPOS="954" HPOS="1031"/>
<String CONTENT="All" HEIGHT="57" WIDTH="107" VPOS="954" HPOS="1098"/>
<SP HEIGHT="56" WIDTH="22" VPOS="954" HPOS="1206"/>
<String CONTENT="figures" HEIGHT="74" WIDTH="235" VPOS="954" HPOS="1229"/>
<SP HEIGHT="57" WIDTH="26" VPOS="956" HPOS="1465"/>
<String CONTENT="have" HEIGHT="57" WIDTH="160" VPOS="956" HPOS="1492"/>
<SP HEIGHT="56" WIDTH="26" VPOS="957" HPOS="1653"/>
<String CONTENT="been" HEIGHT="56" WIDTH="157" VPOS="957" HPOS="1680"/>
<SP HEIGHT="38" WIDTH="25" VPOS="976" HPOS="1838"/>
<String CONTENT="compiled" HEIGHT="73" WIDTH="309" VPOS="956" HPOS="1864"/>
<SP HEIGHT="58" WIDTH="15" VPOS="957" HPOS="2174"/>
<String CONTENT="from" HEIGHT="57" WIDTH="167" VPOS="957" HPOS="2190"/>
</TextLine>
<TextLine HEIGHT="74" WIDTH="2012" VPOS="1033" HPOS="345">
<String CONTENT="official" HEIGHT="58" WIDTH="221" VPOS="1033" HPOS="345"/>
<SP HEIGHT="57" WIDTH="51" VPOS="1033" HPOS="567"/>
<String CONTENT="sources." HEIGHT="38" WIDTH="272" VPOS="1052" HPOS="619"/>
<SP HEIGHT="56" WIDTH="107" VPOS="1033" HPOS="892"/>
<String CONTENT="New" HEIGHT="57" WIDTH="151" VPOS="1033" HPOS="1000"/>
<SP HEIGHT="56" WIDTH="50" VPOS="1033" HPOS="1152"/>
<String CONTENT="York" HEIGHT="57" WIDTH="176" VPOS="1033" HPOS="1203"/>
<SP HEIGHT="74" WIDTH="52" VPOS="1033" HPOS="1380"/>
<String CONTENT="[etc.]" HEIGHT="71" WIDTH="148" VPOS="1036" HPOS="1433"/>
<SP HEIGHT="72" WIDTH="55" VPOS="1034" HPOS="1582"/>
<String CONTENT="Morse" HEIGHT="58" WIDTH="212" VPOS="1034" HPOS="1638"/>
<SP HEIGHT="56" WIDTH="52" VPOS="1035" HPOS="1851"/>
<String CONTENT="international" HEIGHT="58" WIDTH="453" VPOS="1035" HPOS="1904"/>
</TextLine>
<TextLine HEIGHT="73" WIDTH="478" VPOS="1113" HPOS="345">
<String CONTENT="agency" HEIGHT="53" WIDTH="239" VPOS="1131" HPOS="345"/>
<SP HEIGHT="54" WIDTH="32" VPOS="1131" HPOS="585"/>
<String CONTENT="[" HEIGHT="43" WIDTH="14" VPOS="1142" HPOS="618"/>
<String STYLE="superscript" CONTENT="c" HEIGHT="22" WIDTH="20" VPOS="1119" HPOS="632"/>
<String CONTENT="1925]" HEIGHT="73" WIDTH="167" VPOS="1113" HPOS="656"/>
</TextLine>
<TextLine HEIGHT="56" WIDTH="853" VPOS="1187" HPOS="411" STYLEREFS="StyleId-59203B22-2D54-4A3C-93F9-B09E9510E36F-" CS="1">
<String CONTENT="23," HEIGHT="52" WIDTH="68" VPOS="1189" HPOS="411"/>
<SP HEIGHT="29" WIDTH="42" VPOS="1214" HPOS="480"/>
<String CONTENT="[1]" HEIGHT="53" WIDTH="52" VPOS="1190" HPOS="523"/>
<SP HEIGHT="41" WIDTH="39" VPOS="1202" HPOS="576"/>
<String CONTENT="p." HEIGHT="39" WIDTH="42" VPOS="1202" HPOS="616"/>
<SP HEIGHT="44" WIDTH="60" VPOS="1188" HPOS="659"/>
<String CONTENT="illus." HEIGHT="45" WIDTH="116" VPOS="1187" HPOS="720"/>
<SP HEIGHT="53" WIDTH="26" VPOS="1189" HPOS="837"/>
<String CONTENT="(maps)" HEIGHT="55" WIDTH="179" VPOS="1187" HPOS="864"/>
<SP HEIGHT="55" WIDTH="63" VPOS="1187" HPOS="1044"/>
<String CS="1" CONTENT="21&#189;" HEIGHT="43" WIDTH="53" VPOS="1188" HPOS="1108"/>
<String STYLE="superscript" CONTENT="cm" HEIGHT="18" WIDTH="49" VPOS="1191" HPOS="1199"/>
<String CONTENT="." HEIGHT="10" WIDTH="11" VPOS="1223" HPOS="1253"/>
</TextLine>
<TextLine HEIGHT="55" WIDTH="2013" VPOS="1257" HPOS="346" STYLEREFS="StyleId-59203B22-2D54-4A3C-93F9-B09E9510E36F-" CS="1">
<String CONTENT="&#169;" HEIGHT="54" WIDTH="54" VPOS="1257" HPOS="346"/>
<SP HEIGHT="54" WIDTH="36" VPOS="1257" HPOS="401"/>
<String CONTENT="Aug." HEIGHT="52" WIDTH="121" VPOS="1260" HPOS="438"/>
<SP HEIGHT="42" WIDTH="45" VPOS="1260" HPOS="560"/>
<String CONTENT="10," HEIGHT="51" WIDTH="60" VPOS="1259" HPOS="606"/>
<SP HEIGHT="50" WIDTH="43" VPOS="1260" HPOS="667"/>
<String CS="1" CONTENT="1925;" HEIGHT="45" WIDTH="103" VPOS="1257" HPOS="711"/>
<SP HEIGHT="51" WIDTH="37" VPOS="1259" HPOS="842"/>
<String CONTENT="2c." HEIGHT="42" WIDTH="66" VPOS="1259" HPOS="880"/>
<SP HEIGHT="28" WIDTH="39" VPOS="1273" HPOS="947"/>
<String CONTENT="and" HEIGHT="42" WIDTH="88" VPOS="1259" HPOS="987"/>
<SP HEIGHT="42" WIDTH="37" VPOS="1259" HPOS="1076"/>
<String CONTENT="aff." HEIGHT="42" WIDTH="79" VPOS="1259" HPOS="1114"/>
<SP HEIGHT="42" WIDTH="38" VPOS="1259" HPOS="1194"/>
<String CONTENT="Aug." HEIGHT="52" WIDTH="121" VPOS="1259" HPOS="1233"/>
<SP HEIGHT="42" WIDTH="43" VPOS="1260" HPOS="1355"/>
<String CS="1" CONTENT="13;" HEIGHT="43" WIDTH="48" VPOS="1259" HPOS="1399"/>
<SP HEIGHT="52" WIDTH="42" VPOS="1259" HPOS="1474"/>
<!-- cceid 34DF6F92-6DD5-1014-B757-AF09C522E301 --><String CONTENT="A" HEIGHT="42" WIDTH="44" VPOS="1259" HPOS="1517"/>
<SP HEIGHT="43" WIDTH="38" VPOS="1259" HPOS="1562"/>
<String CS="1" CONTENT="865061;" HEIGHT="45" WIDTH="163" VPOS="1257" HPOS="1601"/>
<SP HEIGHT="50" WIDTH="44" VPOS="1261" HPOS="1792"/>
<String CONTENT="Morse" HEIGHT="43" WIDTH="159" VPOS="1261" HPOS="1837"/>
<SP HEIGHT="45" WIDTH="39" VPOS="1259" HPOS="1997"/>
<String CONTENT="international" HEIGHT="45" WIDTH="322" VPOS="1259" HPOS="2037"/>
</TextLine>
<TextLine HEIGHT="56" WIDTH="528" VPOS="1313" HPOS="416" STYLEREFS="StyleId-59203B22-2D54-4A3C-93F9-B09E9510E36F-">
<String CONTENT="agency." HEIGHT="39" WIDTH="185" VPOS="1329" HPOS="416"/>
<SP HEIGHT="54" WIDTH="69" VPOS="1315" HPOS="602"/>
<String CONTENT="(25-16667)" HEIGHT="56" WIDTH="272" VPOS="1313" HPOS="672"/>
</TextLine>
<TextLine HEIGHT="62" WIDTH="1096" VPOS="1412" HPOS="345" STYLEREFS="StyleId-CB0274A5-3BE0-4F6D-8371-BE4E70A8A9BD-">
<String CONTENT="New" HEIGHT="58" WIDTH="153" VPOS="1416" HPOS="345"/>
<SP HEIGHT="60" WIDTH="30" VPOS="1414" HPOS="499"/>
<String CONTENT="York" HEIGHT="60" WIDTH="175" VPOS="1414" HPOS="530"/>
<SP HEIGHT="58" WIDTH="31" VPOS="1415" HPOS="706"/>
<String CONTENT="custom" HEIGHT="54" WIDTH="242" VPOS="1419" HPOS="738"/>
<SP HEIGHT="42" WIDTH="30" VPOS="1430" HPOS="981"/>
<String CONTENT="cutters" HEIGHT="54" WIDTH="237" VPOS="1418" HPOS="1012"/>
<SP HEIGHT="42" WIDTH="32" VPOS="1430" HPOS="1250"/>
<String CONTENT="club." HEIGHT="61" WIDTH="158" VPOS="1412" HPOS="1283"/>
</TextLine>
<TextLine HEIGHT="76" WIDTH="1937" VPOS="1505" HPOS="421">
<String CONTENT="New" HEIGHT="57" WIDTH="153" VPOS="1507" HPOS="421"/>
<SP HEIGHT="56" WIDTH="37" VPOS="1507" HPOS="575"/>
<String CONTENT="York" HEIGHT="58" WIDTH="174" VPOS="1506" HPOS="613"/>
<SP HEIGHT="57" WIDTH="39" VPOS="1506" HPOS="788"/>
<String CONTENT="custom" HEIGHT="54" WIDTH="242" VPOS="1509" HPOS="828"/>
<SP HEIGHT="38" WIDTH="41" VPOS="1525" HPOS="1071"/>
<String CONTENT="cutters" HEIGHT="55" WIDTH="236" VPOS="1508" HPOS="1113"/>
<SP HEIGHT="37" WIDTH="44" VPOS="1526" HPOS="1350"/>
<String CONTENT="club," HEIGHT="72" WIDTH="155" VPOS="1505" HPOS="1395"/>
<SP HEIGHT="69" WIDTH="42" VPOS="1508" HPOS="1551"/>
<String CONTENT="demonstrations" HEIGHT="59" WIDTH="535" VPOS="1507" HPOS="1594"/>
<SP HEIGHT="53" WIDTH="43" VPOS="1528" HPOS="2130"/>
<String CONTENT="given" HEIGHT="73" WIDTH="184" VPOS="1508" HPOS="2174"/>
</TextLine>
<TextLine HEIGHT="75" WIDTH="2015" VPOS="1584" HPOS="345">
<String CONTENT="at" HEIGHT="55" WIDTH="65" VPOS="1589" HPOS="345"/>
<SP HEIGHT="55" WIDTH="36" VPOS="1589" HPOS="411"/>
<String CONTENT="their" HEIGHT="57" WIDTH="166" VPOS="1586" HPOS="448"/>
<SP HEIGHT="38" WIDTH="42" VPOS="1605" HPOS="615"/>
<String CONTENT="sixth" HEIGHT="59" WIDTH="168" VPOS="1584" HPOS="658"/>
<SP HEIGHT="56" WIDTH="38" VPOS="1585" HPOS="827"/>
<String CONTENT="annual" HEIGHT="56" WIDTH="233" VPOS="1585" HPOS="866"/>
<SP HEIGHT="56" WIDTH="36" VPOS="1584" HPOS="1100"/>
<String CONTENT="fashion" HEIGHT="58" WIDTH="256" VPOS="1584" HPOS="1137"/>
<SP HEIGHT="37" WIDTH="40" VPOS="1604" HPOS="1394"/>
<String CONTENT="show" HEIGHT="58" WIDTH="171" VPOS="1584" HPOS="1435"/>
<SP HEIGHT="38" WIDTH="37" VPOS="1604" HPOS="1607"/>
<String CONTENT="and" HEIGHT="56" WIDTH="124" VPOS="1587" HPOS="1645"/>
<SP HEIGHT="58" WIDTH="35" VPOS="1585" HPOS="1770"/>
<String CONTENT="banquet," HEIGHT="74" WIDTH="292" VPOS="1585" HPOS="1806"/>
<SP HEIGHT="73" WIDTH="40" VPOS="1586" HPOS="2099"/>
<String CONTENT="March" HEIGHT="59" WIDTH="220" VPOS="1586" HPOS="2140"/>
</TextLine>
<TextLine HEIGHT="76" WIDTH="2009" VPOS="1661" HPOS="345">
<String CONTENT="second" HEIGHT="56" WIDTH="227" VPOS="1666" HPOS="345"/>
<SP HEIGHT="56" WIDTH="53" VPOS="1666" HPOS="573"/>
<String CONTENT="and" HEIGHT="57" WIDTH="124" VPOS="1664" HPOS="627"/>
<SP HEIGHT="56" WIDTH="49" VPOS="1664" HPOS="752"/>
<String CONTENT="third," HEIGHT="72" WIDTH="193" VPOS="1662" HPOS="802"/>
<SP HEIGHT="72" WIDTH="50" VPOS="1662" HPOS="996"/>
<String CONTENT="Hotel" HEIGHT="58" WIDTH="191" VPOS="1662" HPOS="1047"/>
<SP HEIGHT="59" WIDTH="55" VPOS="1661" HPOS="1239"/>
<String CONTENT="Commodore," HEIGHT="75" WIDTH="429" VPOS="1661" HPOS="1295"/>
<SP HEIGHT="73" WIDTH="52" VPOS="1663" HPOS="1725"/>
<String CONTENT="New" HEIGHT="58" WIDTH="154" VPOS="1663" HPOS="1778"/>
<SP HEIGHT="57" WIDTH="48" VPOS="1663" HPOS="1933"/>
<String CONTENT="York" HEIGHT="58" WIDTH="176" VPOS="1663" HPOS="1982"/>
<SP HEIGHT="58" WIDTH="52" VPOS="1664" HPOS="2159"/>
<String CONTENT="city." HEIGHT="72" WIDTH="142" VPOS="1665" HPOS="2212"/>
</TextLine>
<TextLine HEIGHT="74" WIDTH="598" VPOS="1742" HPOS="346">
<String CONTENT="[New" HEIGHT="73" WIDTH="167" VPOS="1742" HPOS="346"/>
<SP HEIGHT="57" WIDTH="31" VPOS="1742" HPOS="514"/>
<String CONTENT="York]" HEIGHT="74" WIDTH="191" VPOS="1742" HPOS="546"/>
<SP HEIGHT="73" WIDTH="36" VPOS="1743" HPOS="738"/>
<String CONTENT="1925." HEIGHT="57" WIDTH="169" VPOS="1742" HPOS="775"/>
</TextLine>
<TextLine HEIGHT="55" WIDTH="644" VPOS="1818" HPOS="414" STYLEREFS="StyleId-59203B22-2D54-4A3C-93F9-B09E9510E36F-">
<String CONTENT="35" HEIGHT="46" WIDTH="51" VPOS="1819" HPOS="414"/>
<SP HEIGHT="54" WIDTH="33" VPOS="1819" HPOS="466"/>
<String CONTENT="p." HEIGHT="37" WIDTH="39" VPOS="1836" HPOS="500"/>
<SP HEIGHT="46" WIDTH="31" VPOS="1820" HPOS="540"/>
<String CONTENT="incl." HEIGHT="44" WIDTH="100" VPOS="1819" HPOS="572"/>
<SP HEIGHT="43" WIDTH="31" VPOS="1820" HPOS="673"/>
<String CONTENT="diagrs." HEIGHT="53" WIDTH="169" VPOS="1819" HPOS="705"/>
<SP HEIGHT="43" WIDTH="57" VPOS="1819" HPOS="875"/>
<String CONTENT="26" HEIGHT="45" WIDTH="56" VPOS="1818" HPOS="933"/>
<String STYLE="superscript" CONTENT="cm" HEIGHT="18" WIDTH="47" VPOS="1821" HPOS="995"/>
<String CONTENT="." HEIGHT="9" WIDTH="9" VPOS="1853" HPOS="1049"/>
</TextLine>
<TextLine HEIGHT="55" WIDTH="2014" VPOS="1875" HPOS="344" STYLEREFS="StyleId-59203B22-2D54-4A3C-93F9-B09E9510E36F-">
<String CONTENT="&#169;" HEIGHT="54" WIDTH="54" VPOS="1876" HPOS="344"/>
<SP HEIGHT="54" WIDTH="29" VPOS="1876" HPOS="399"/>
<String CONTENT="June" HEIGHT="51" WIDTH="116" VPOS="1879" HPOS="429"/>
<SP HEIGHT="42" WIDTH="32" VPOS="1879" HPOS="546"/>
<String CONTENT="11," HEIGHT="50" WIDTH="63" VPOS="1879" HPOS="579"/>
<SP HEIGHT="51" WIDTH="33" VPOS="1878" HPOS="643"/>
<String CONTENT="1925;" HEIGHT="53" WIDTH="131" VPOS="1876" HPOS="677"/>
<SP HEIGHT="52" WIDTH="31" VPOS="1877" HPOS="809"/>
<String CONTENT="2c." HEIGHT="43" WIDTH="65" VPOS="1877" HPOS="841"/>
<SP HEIGHT="52" WIDTH="32" VPOS="1877" HPOS="907"/>
<String CONTENT="June" HEIGHT="52" WIDTH="118" VPOS="1877" HPOS="940"/>
<SP HEIGHT="43" WIDTH="26" VPOS="1877" HPOS="1059"/>
<String CONTENT="23;" HEIGHT="51" WIDTH="79" VPOS="1877" HPOS="1086"/>
<SP HEIGHT="37" WIDTH="33" VPOS="1891" HPOS="1166"/>
<String CONTENT="aff." HEIGHT="42" WIDTH="78" VPOS="1877" HPOS="1200"/>
<SP HEIGHT="52" WIDTH="32" VPOS="1877" HPOS="1279"/>
<String CONTENT="July" HEIGHT="53" WIDTH="106" VPOS="1876" HPOS="1312"/>
<SP HEIGHT="52" WIDTH="34" VPOS="1877" HPOS="1419"/>
<String CONTENT="11;" HEIGHT="51" WIDTH="75" VPOS="1877" HPOS="1454"/>
<SP HEIGHT="51" WIDTH="34" VPOS="1877" HPOS="1530"/>
<!-- cceid 34DFB3B8-6DD5-1014-B757-AF09C522E301 --><String CONTENT="A" HEIGHT="42" WIDTH="44" VPOS="1877" HPOS="1565"/>
<SP HEIGHT="43" WIDTH="29" VPOS="1877" HPOS="1610"/>
<String CONTENT="855907;" HEIGHT="55" WIDTH="192" VPOS="1875" HPOS="1640"/>
<SP HEIGHT="53" WIDTH="35" VPOS="1877" HPOS="1833"/>
<String CONTENT="New" HEIGHT="44" WIDTH="118" VPOS="1877" HPOS="1869"/>
<SP HEIGHT="43" WIDTH="30" VPOS="1878" HPOS="1988"/>
<String CONTENT="York" HEIGHT="43" WIDTH="131" VPOS="1878" HPOS="2019"/>
<SP HEIGHT="42" WIDTH="30" VPOS="1879" HPOS="2151"/>
<String CONTENT="custom" HEIGHT="36" WIDTH="176" VPOS="1886" HPOS="2182"/>
</TextLine>
<TextLine HEIGHT="57" WIDTH="990" VPOS="1930" HPOS="415" STYLEREFS="StyleId-59203B22-2D54-4A3C-93F9-B09E9510E36F-">
<String CONTENT="cutters" HEIGHT="36" WIDTH="169" VPOS="1942" HPOS="415"/>
<SP HEIGHT="28" WIDTH="32" VPOS="1949" HPOS="585"/>
<String CONTENT="club," HEIGHT="52" WIDTH="116" VPOS="1933" HPOS="618"/>
<SP HEIGHT="51" WIDTH="33" VPOS="1934" HPOS="735"/>
<String CONTENT="New" HEIGHT="43" WIDTH="118" VPOS="1934" HPOS="769"/>
<SP HEIGHT="44" WIDTH="30" VPOS="1933" HPOS="888"/>
<String CONTENT="York." HEIGHT="44" WIDTH="143" VPOS="1933" HPOS="919"/>
<SP HEIGHT="54" WIDTH="69" VPOS="1933" HPOS="1063"/>
<String CONTENT="(25-16675)" HEIGHT="57" WIDTH="272" VPOS="1930" HPOS="1133"/>
</TextLine>
<TextLine HEIGHT="76" WIDTH="942" VPOS="2034" HPOS="347" STYLEREFS="StyleId-993958D4-8109-469A-ACA3-2B8D552A59DB-" CS="1">
<String CONTENT="Ohio." HEIGHT="60" WIDTH="174" VPOS="2034" HPOS="347"/>
<SP HEIGHT="55" WIDTH="79" VPOS="2038" HPOS="522"/>
<String CS="1" CONTENT="Laws," HEIGHT="72" WIDTH="203" VPOS="2038" HPOS="602"/>
<SP HEIGHT="56" WIDTH="38" VPOS="2054" HPOS="806"/>
<String CONTENT="statutes," HEIGHT="69" WIDTH="289" VPOS="2040" HPOS="845"/>
<SP HEIGHT="55" WIDTH="43" VPOS="2054" HPOS="1135"/>
<String CONTENT="etc." HEIGHT="52" WIDTH="110" VPOS="2040" HPOS="1179"/>
</TextLine>
<TextLine HEIGHT="77" WIDTH="1934" VPOS="2126" HPOS="423">
<String CONTENT="Baldwin&#8217;s" HEIGHT="58" WIDTH="351" VPOS="2128" HPOS="423"/>
<SP HEIGHT="58" WIDTH="55" VPOS="2127" HPOS="775"/>
<String CONTENT="Ohio" HEIGHT="58" WIDTH="158" VPOS="2127" HPOS="831"/>
<SP HEIGHT="37" WIDTH="55" VPOS="2146" HPOS="990"/>
<String CONTENT="code" HEIGHT="56" WIDTH="149" VPOS="2128" HPOS="1046"/>
<SP HEIGHT="38" WIDTH="55" VPOS="2146" HPOS="1196"/>
<String CONTENT="service," HEIGHT="73" WIDTH="256" VPOS="2126" HPOS="1252"/>
<SP HEIGHT="71" WIDTH="56" VPOS="2128" HPOS="1509"/>
<String CONTENT="1925." HEIGHT="56" WIDTH="167" VPOS="2128" HPOS="1566"/>
<SP HEIGHT="58" WIDTH="95" VPOS="2127" HPOS="1734"/>
<String CONTENT="Supplementing" HEIGHT="76" WIDTH="527" VPOS="2127" HPOS="1830"/>
</TextLine>
<TextLine HEIGHT="75" WIDTH="2012" VPOS="2204" HPOS="347" CS="1">
<String CONTENT="Throckmorton&#8217;s" HEIGHT="57" WIDTH="559" VPOS="2207" HPOS="347"/>
<SP HEIGHT="59" WIDTH="35" VPOS="2204" HPOS="907"/>
<String CONTENT="Ohio" HEIGHT="58" WIDTH="157" VPOS="2204" HPOS="943"/>
<SP HEIGHT="53" WIDTH="30" VPOS="2224" HPOS="1101"/>
<String CONTENT="general" HEIGHT="71" WIDTH="259" VPOS="2206" HPOS="1132"/>
<SP HEIGHT="55" WIDTH="30" VPOS="2206" HPOS="1392"/>
<String CONTENT="code" HEIGHT="56" WIDTH="148" VPOS="2206" HPOS="1423"/>
<SP HEIGHT="37" WIDTH="30" VPOS="2225" HPOS="1572"/>
<String CONTENT="annotated" HEIGHT="56" WIDTH="344" VPOS="2207" HPOS="1603"/>
<SP HEIGHT="58" WIDTH="36" VPOS="2207" HPOS="1948"/>
<String CS="1" CONTENT="&#8230;"/>
<SP HEIGHT="59" WIDTH="75" VPOS="2206" HPOS="2049"/>
<String CONTENT="Ed." HEIGHT="58" WIDTH="116" VPOS="2206" HPOS="2125"/>
<SP HEIGHT="56" WIDTH="32" VPOS="2208" HPOS="2242"/>
<String CONTENT="by" HEIGHT="71" WIDTH="84" VPOS="2208" HPOS="2275"/>
</TextLine>
<TextLine HEIGHT="74" WIDTH="2014" VPOS="2282" HPOS="343" CS="1">
<String CONTENT="William" HEIGHT="57" WIDTH="281" VPOS="2286" HPOS="343"/>
<SP HEIGHT="56" WIDTH="31" VPOS="2284" HPOS="625"/>
<String CONTENT="Edward" HEIGHT="57" WIDTH="280" VPOS="2284" HPOS="657"/>
<SP HEIGHT="58" WIDTH="29" VPOS="2282" HPOS="938"/>
<String CONTENT="Baldwin" HEIGHT="57" WIDTH="289" VPOS="2282" HPOS="968"/>
<SP HEIGHT="39" WIDTH="36" VPOS="2302" HPOS="1258"/>
<String CS="1" CONTENT="&#8230;"/>
<SP HEIGHT="60" WIDTH="75" VPOS="2282" HPOS="1359"/>
<String CONTENT="Annotations" HEIGHT="59" WIDTH="427" VPOS="2282" HPOS="1435"/>
<SP HEIGHT="57" WIDTH="33" VPOS="2284" HPOS="1863"/>
<String CONTENT="by" HEIGHT="72" WIDTH="84" VPOS="2284" HPOS="1897"/>
<SP HEIGHT="73" WIDTH="28" VPOS="2283" HPOS="1982"/>
<String CONTENT="Archibald" HEIGHT="59" WIDTH="346" VPOS="2283" HPOS="2011"/>
</TextLine>
<TextLine HEIGHT="153" WIDTH="1985" VPOS="2360" HPOS="345" CS="1">
<String CONTENT="H." HEIGHT="57" WIDTH="80" VPOS="2363" HPOS="346"/>
<SP HEIGHT="56" WIDTH="45" VPOS="2364" HPOS="427"/>
<String CONTENT="Throckmorton" HEIGHT="57" WIDTH="499" VPOS="2362" HPOS="473"/>
<SP HEIGHT="39" WIDTH="47" VPOS="2380" HPOS="973"/>
<String CS="1" CONTENT="&#8230;"/>
<SP HEIGHT="39" WIDTH="50" VPOS="2380" HPOS="1083"/>
<String CONTENT="and" HEIGHT="56" WIDTH="125" VPOS="2362" HPOS="1134"/>
<SP HEIGHT="56" WIDTH="41" VPOS="2362" HPOS="1260"/>
<String CONTENT="the" HEIGHT="57" WIDTH="105" VPOS="2360" HPOS="1302"/>
<SP HEIGHT="52" WIDTH="42" VPOS="2380" HPOS="1408"/>
<String CONTENT="publisher&#8217;s" HEIGHT="72" WIDTH="386" VPOS="2360" HPOS="1451"/>
<SP HEIGHT="39" WIDTH="47" VPOS="2380" HPOS="1838"/>
<String CONTENT="staff." HEIGHT="58" WIDTH="172" VPOS="2361" HPOS="1886"/>
<SP HEIGHT="59" WIDTH="86" VPOS="2361" HPOS="2059"/>
<String CONTENT="Cleveland," HEIGHT="152" WIDTH="1985" VPOS="2361" HPOS="345"/>
</TextLine>
<TextLine HEIGHT="75" WIDTH="1548" VPOS="2438" HPOS="545">
<String CONTENT="The" HEIGHT="57" WIDTH="130" VPOS="2440" HPOS="545"/>
<SP HEIGHT="57" WIDTH="27" VPOS="2440" HPOS="676"/>
<String CONTENT="Baldwin" HEIGHT="57" WIDTH="289" VPOS="2439" HPOS="704"/>
<SP HEIGHT="54" WIDTH="29" VPOS="2440" HPOS="994"/>
<String CONTENT="law" HEIGHT="54" WIDTH="122" VPOS="2440" HPOS="1024"/>
<SP HEIGHT="52" WIDTH="24" VPOS="2457" HPOS="1147"/>
<String CONTENT="publishing" HEIGHT="72" WIDTH="367" VPOS="2438" HPOS="1172"/>
<SP HEIGHT="53" WIDTH="28" VPOS="2457" HPOS="1540"/>
<String CONTENT="company" HEIGHT="54" WIDTH="309" VPOS="2457" HPOS="1569"/>
<SP HEIGHT="54" WIDTH="31" VPOS="2459" HPOS="1879"/>
<String CONTENT="[1925]" HEIGHT="72" WIDTH="182" VPOS="2441" HPOS="1911"/>
</TextLine>
<TextLine HEIGHT="55" WIDTH="362" VPOS="2515" HPOS="413" STYLEREFS="StyleId-59203B22-2D54-4A3C-93F9-B09E9510E36F-" CS="1">
<String CONTENT="811" HEIGHT="43" WIDTH="78" VPOS="2518" HPOS="413"/>
<SP HEIGHT="51" WIDTH="31" VPOS="2519" HPOS="492"/>
<String CONTENT="p." HEIGHT="38" WIDTH="40" VPOS="2532" HPOS="524"/>
<SP HEIGHT="44" WIDTH="57" VPOS="2517" HPOS="565"/>
<String CS="1" CONTENT="25&#189;" HEIGHT="45" WIDTH="53" VPOS="2515" HPOS="623"/>
<String STYLE="superscript" CONTENT="cm" HEIGHT="18" WIDTH="48" VPOS="2519" HPOS="711"/>
<String CONTENT="." HEIGHT="9" WIDTH="9" VPOS="2551" HPOS="766"/>
</TextLine>
<TextLine HEIGHT="59" WIDTH="2011" VPOS="2569" HPOS="343" STYLEREFS="StyleId-59203B22-2D54-4A3C-93F9-B09E9510E36F-" CS="1">
<String CONTENT="&#169;" HEIGHT="55" WIDTH="54" VPOS="2573" HPOS="343"/>
<SP HEIGHT="55" WIDTH="21" VPOS="2573" HPOS="398"/>
<String CONTENT="Aug." HEIGHT="53" WIDTH="121" VPOS="2575" HPOS="420"/>
<SP HEIGHT="43" WIDTH="23" VPOS="2574" HPOS="542"/>
<String CONTENT="25," HEIGHT="53" WIDTH="65" VPOS="2572" HPOS="566"/>
<SP HEIGHT="51" WIDTH="29" VPOS="2574" HPOS="632"/>
<String CONTENT="1925;" HEIGHT="54" WIDTH="131" VPOS="2571" HPOS="662"/>
<SP HEIGHT="53" WIDTH="23" VPOS="2572" HPOS="794"/>
<String CONTENT="2c." HEIGHT="43" WIDTH="64" VPOS="2572" HPOS="818"/>
<SP HEIGHT="46" WIDTH="28" VPOS="2571" HPOS="883"/>
<String CONTENT="Sept." HEIGHT="54" WIDTH="120" VPOS="2571" HPOS="912"/>
<SP HEIGHT="42" WIDTH="24" VPOS="2572" HPOS="1033"/>
<String CONTENT="23;" HEIGHT="52" WIDTH="79" VPOS="2572" HPOS="1058"/>
<SP/>
<String CONTENT="aff." HEIGHT="43" WIDTH="78" VPOS="2571" HPOS="1164"/>
<SP HEIGHT="47" WIDTH="30" VPOS="2569" HPOS="1243"/>
<String CONTENT="Sept." HEIGHT="55" WIDTH="120" VPOS="2569" HPOS="1274"/>
<SP HEIGHT="43" WIDTH="25" VPOS="2571" HPOS="1395"/>
<String CONTENT="22;" HEIGHT="53" WIDTH="79" VPOS="2571" HPOS="1421"/>
<SP HEIGHT="52" WIDTH="25" VPOS="2572" HPOS="1501"/>
<!-- cceid 34DFFA2E-6DD5-1014-B757-AF09C522E301 --><String CONTENT="A" HEIGHT="42" WIDTH="44" VPOS="2572" HPOS="1527"/>
<SP HEIGHT="44" WIDTH="22" VPOS="2571" HPOS="1572"/>
<String CONTENT="861937;" HEIGHT="55" WIDTH="191" VPOS="2569" HPOS="1595"/>
<SP HEIGHT="51" WIDTH="27" VPOS="2573" HPOS="1787"/>
<String CONTENT="William" HEIGHT="46" WIDTH="209" VPOS="2570" HPOS="1815"/>
<SP HEIGHT="49" WIDTH="26" VPOS="2571" HPOS="2025"/>
<String CONTENT="E." HEIGHT="49" WIDTH="51" VPOS="2571" HPOS="2052"/>
<SP HEIGHT="43" WIDTH="29" VPOS="2573" HPOS="2104"/>
<String CONTENT="Baldwin," HEIGHT="53" WIDTH="220" VPOS="2572" HPOS="2134"/>
</TextLine>
<TextLine HEIGHT="55" WIDTH="1385" VPOS="2628" HPOS="415" STYLEREFS="StyleId-59203B22-2D54-4A3C-93F9-B09E9510E36F-">
<String CONTENT="New" HEIGHT="43" WIDTH="119" VPOS="2633" HPOS="415"/>
<SP HEIGHT="45" WIDTH="25" VPOS="2631" HPOS="535"/>
<String CONTENT="York." HEIGHT="44" WIDTH="142" VPOS="2631" HPOS="561"/>
<SP HEIGHT="29" WIDTH="65" VPOS="2654" HPOS="704"/>
<String CONTENT="[&#169;" HEIGHT="55" WIDTH="66" VPOS="2628" HPOS="770"/>
<SP HEIGHT="54" WIDTH="25" VPOS="2628" HPOS="837"/>
<String CONTENT="new" HEIGHT="29" WIDTH="101" VPOS="2644" HPOS="863"/>
<SP HEIGHT="29" WIDTH="23" VPOS="2644" HPOS="965"/>
<String CONTENT="material," HEIGHT="52" WIDTH="224" VPOS="2628" HPOS="989"/>
<SP HEIGHT="52" WIDTH="27" VPOS="2628" HPOS="1214"/>
<String CONTENT="laws" HEIGHT="44" WIDTH="111" VPOS="2628" HPOS="1242"/>
<SP HEIGHT="28" WIDTH="24" VPOS="2643" HPOS="1354"/>
<String CONTENT="and" HEIGHT="43" WIDTH="91" VPOS="2630" HPOS="1379"/>
<SP HEIGHT="43" WIDTH="26" VPOS="2630" HPOS="1471"/>
<String CONTENT="annotations]" HEIGHT="53" WIDTH="302" VPOS="2629" HPOS="1498"/>
</TextLine>
<TextLine HEIGHT="78" WIDTH="2009" VPOS="2728" HPOS="347" CS="1">
<String CONTENT="Organic" HEIGHT="75" WIDTH="274" VPOS="2731" HPOS="347"/>
<SP HEIGHT="43" WIDTH="30" VPOS="2747" HPOS="622"/>
<String CS="1" CONTENT="syntheses;" HEIGHT="73" WIDTH="329" VPOS="2731" HPOS="653"/>
<SP HEIGHT="52" WIDTH="33" VPOS="2749" HPOS="1015"/>
<String CONTENT="an" HEIGHT="37" WIDTH="81" VPOS="2749" HPOS="1049"/>
<SP HEIGHT="37" WIDTH="28" VPOS="2749" HPOS="1131"/>
<String CONTENT="annual" HEIGHT="57" WIDTH="233" VPOS="2729" HPOS="1160"/>
<SP HEIGHT="71" WIDTH="27" VPOS="2729" HPOS="1394"/>
<String CONTENT="publication" HEIGHT="72" WIDTH="390" VPOS="2728" HPOS="1422"/>
<SP HEIGHT="38" WIDTH="27" VPOS="2749" HPOS="1813"/>
<String CONTENT="of" HEIGHT="58" WIDTH="69" VPOS="2729" HPOS="1841"/>
<SP HEIGHT="58" WIDTH="32" VPOS="2729" HPOS="1911"/>
<String CONTENT="satisfactory" HEIGHT="74" WIDTH="412" VPOS="2730" HPOS="1944"/>
</TextLine>
<TextLine HEIGHT="73" WIDTH="1865" VPOS="2806" HPOS="421" CS="1">
<String CONTENT="methods" HEIGHT="56" WIDTH="287" VPOS="2812" HPOS="421"/>
<SP HEIGHT="58" WIDTH="39" VPOS="2809" HPOS="709"/>
<String CONTENT="for" HEIGHT="57" WIDTH="107" VPOS="2809" HPOS="749"/>
<SP HEIGHT="54" WIDTH="37" VPOS="2811" HPOS="857"/>
<String CONTENT="the" HEIGHT="56" WIDTH="105" VPOS="2809" HPOS="895"/>
<SP HEIGHT="52" WIDTH="38" VPOS="2827" HPOS="1001"/>
<String CONTENT="preparation" HEIGHT="72" WIDTH="419" VPOS="2807" HPOS="1040"/>
<SP HEIGHT="37" WIDTH="39" VPOS="2826" HPOS="1460"/>
<String CONTENT="of" HEIGHT="57" WIDTH="68" VPOS="2806" HPOS="1500"/>
<SP HEIGHT="58" WIDTH="41" VPOS="2806" HPOS="1569"/>
<String CONTENT="organic" HEIGHT="72" WIDTH="260" VPOS="2807" HPOS="1611"/>
<SP HEIGHT="38" WIDTH="37" VPOS="2827" HPOS="1872"/>
<String CONTENT="chemicals" HEIGHT="59" WIDTH="328" VPOS="2808" HPOS="1910"/>
<SP HEIGHT="37" WIDTH="47" VPOS="2830" HPOS="2239"/>
<String CS="1" CONTENT="&#8230;"/>
</TextLine>
<TextLine HEIGHT="76" WIDTH="1931" VPOS="2884" HPOS="421" CS="1">
<String CONTENT="V." HEIGHT="38" WIDTH="56" VPOS="2908" HPOS="421"/>
<SP HEIGHT="55" WIDTH="48" VPOS="2891" HPOS="478"/>
<String CONTENT="5." HEIGHT="55" WIDTH="49" VPOS="2891" HPOS="527"/>
<SP HEIGHT="57" WIDTH="87" VPOS="2888" HPOS="577"/>
<String CONTENT="New" HEIGHT="56" WIDTH="151" VPOS="2888" HPOS="665"/>
<SP HEIGHT="57" WIDTH="41" VPOS="2886" HPOS="817"/>
<String CONTENT="York," HEIGHT="73" WIDTH="193" VPOS="2885" HPOS="859"/>
<SP HEIGHT="73" WIDTH="45" VPOS="2885" HPOS="1053"/>
<String CONTENT="John" HEIGHT="58" WIDTH="173" VPOS="2885" HPOS="1099"/>
<SP HEIGHT="57" WIDTH="39" VPOS="2884" HPOS="1273"/>
<String CONTENT="Wiley" HEIGHT="71" WIDTH="210" VPOS="2884" HPOS="1313"/>
<SP HEIGHT="71" WIDTH="43" VPOS="2884" HPOS="1524"/>
<String CONTENT="&amp;" HEIGHT="56" WIDTH="47" VPOS="2884" HPOS="1568"/>
<SP HEIGHT="58" WIDTH="45" VPOS="2884" HPOS="1616"/>
<String CONTENT="sons," HEIGHT="51" WIDTH="165" VPOS="2905" HPOS="1662"/>
<SP HEIGHT="71" WIDTH="44" VPOS="2885" HPOS="1828"/>
<String CS="1" CONTENT="inc.;" HEIGHT="58" WIDTH="118" VPOS="2885" HPOS="1873"/>
<SP HEIGHT="71" WIDTH="47" VPOS="2886" HPOS="2024"/>
<String CONTENT="London," HEIGHT="74" WIDTH="280" VPOS="2886" HPOS="2072"/>
</TextLine>
<TextLine HEIGHT="74" WIDTH="1100" VPOS="2963" HPOS="425">
<String CONTENT="Chapman" HEIGHT="71" WIDTH="326" VPOS="2966" HPOS="425"/>
<SP HEIGHT="56" WIDTH="29" VPOS="2965" HPOS="752"/>
<String CONTENT="&amp;" HEIGHT="56" WIDTH="48" VPOS="2965" HPOS="782"/>
<SP HEIGHT="58" WIDTH="29" VPOS="2963" HPOS="831"/>
<String CONTENT="Hall," HEIGHT="71" WIDTH="169" VPOS="2963" HPOS="861"/>
<SP HEIGHT="71" WIDTH="30" VPOS="2963" HPOS="1031"/>
<String CONTENT="limited," HEIGHT="72" WIDTH="261" VPOS="2963" HPOS="1062"/>
<SP HEIGHT="70" WIDTH="34" VPOS="2965" HPOS="1324"/>
<String CONTENT="1925." HEIGHT="55" WIDTH="166" VPOS="2964" HPOS="1359"/>
</TextLine>
<TextLine HEIGHT="55" WIDTH="700" VPOS="3041" HPOS="411" STYLEREFS="StyleId-59203B22-2D54-4A3C-93F9-B09E9510E36F-" CS="1">
<String CONTENT="vii," HEIGHT="50" WIDTH="76" VPOS="3045" HPOS="411"/>
<SP HEIGHT="50" WIDTH="33" VPOS="3045" HPOS="488"/>
<String CONTENT="110" HEIGHT="42" WIDTH="79" VPOS="3044" HPOS="522"/>
<SP HEIGHT="52" WIDTH="27" VPOS="3044" HPOS="602"/>
<String CONTENT="p." HEIGHT="37" WIDTH="39" VPOS="3059" HPOS="630"/>
<SP HEIGHT="43" WIDTH="59" VPOS="3043" HPOS="670"/>
<String CONTENT="diagrs." HEIGHT="52" WIDTH="168" VPOS="3042" HPOS="730"/>
<SP HEIGHT="43" WIDTH="59" VPOS="3041" HPOS="899"/>
<String CS="1" CONTENT="23&#189;" HEIGHT="43" WIDTH="53" VPOS="3041" HPOS="959"/>
<String STYLE="superscript" CONTENT="cm" HEIGHT="17" WIDTH="48" VPOS="3043" HPOS="1048"/>
<String CONTENT="." HEIGHT="9" WIDTH="9" VPOS="3074" HPOS="1102"/>
</TextLine>
<TextLine HEIGHT="59" WIDTH="2010" VPOS="3094" HPOS="344" STYLEREFS="StyleId-59203B22-2D54-4A3C-93F9-B09E9510E36F-" CS="1">
<String CONTENT="&#169;" HEIGHT="53" WIDTH="53" VPOS="3100" HPOS="344"/>
<SP HEIGHT="53" WIDTH="33" VPOS="3100" HPOS="398"/>
<String CONTENT="Sept." HEIGHT="52" WIDTH="119" VPOS="3101" HPOS="432"/>
<SP HEIGHT="43" WIDTH="29" VPOS="3100" HPOS="552"/>
<String CONTENT="22," HEIGHT="51" WIDTH="67" VPOS="3100" HPOS="582"/>
<SP HEIGHT="51" WIDTH="31" VPOS="3100" HPOS="650"/>
<String CS="1" CONTENT="1925;" HEIGHT="45" WIDTH="104" VPOS="3097" HPOS="682"/>
<SP HEIGHT="52" WIDTH="32" VPOS="3098" HPOS="814"/>
<String CONTENT="2c." HEIGHT="42" WIDTH="63" VPOS="3098" HPOS="847"/>
<SP HEIGHT="28" WIDTH="31" VPOS="3112" HPOS="911"/>
<String CONTENT="and" HEIGHT="43" WIDTH="87" VPOS="3097" HPOS="943"/>
<SP HEIGHT="43" WIDTH="28" VPOS="3097" HPOS="1031"/>
<String CONTENT="aff." HEIGHT="44" WIDTH="79" VPOS="3096" HPOS="1060"/>
<SP HEIGHT="46" WIDTH="35" VPOS="3095" HPOS="1140"/>
<String CONTENT="Sept." HEIGHT="53" WIDTH="122" VPOS="3095" HPOS="1176"/>
<SP HEIGHT="43" WIDTH="30" VPOS="3095" HPOS="1299"/>
<String CS="1" CONTENT="30;" HEIGHT="44" WIDTH="55" VPOS="3094" HPOS="1330"/>
<SP HEIGHT="52" WIDTH="31" VPOS="3095" HPOS="1409"/>
<!-- cceid 34E0409B-6DD5-1014-B757-AF09C522E301 --><String CONTENT="A" HEIGHT="42" WIDTH="44" VPOS="3095" HPOS="1441"/>
<SP HEIGHT="43" WIDTH="31" VPOS="3095" HPOS="1486"/>
<String CS="1" CONTENT="864827;" HEIGHT="44" WIDTH="165" VPOS="3094" HPOS="1518"/>
<SP HEIGHT="50" WIDTH="33" VPOS="3097" HPOS="1709"/>
<String CONTENT="Roger" HEIGHT="51" WIDTH="157" VPOS="3097" HPOS="1743"/>
<SP HEIGHT="42" WIDTH="26" VPOS="3096" HPOS="1901"/>
<String CONTENT="Adams," HEIGHT="52" WIDTH="188" VPOS="3096" HPOS="1928"/>
<SP HEIGHT="50" WIDTH="31" VPOS="3098" HPOS="2117"/>
<String LANG="la" CONTENT="Urbana," HEIGHT="52" WIDTH="205" VPOS="3097" HPOS="2149"/>
</TextLine>
<TextLine HEIGHT="46" WIDTH="1855" VPOS="3156" HPOS="415" STYLEREFS="StyleId-E9741E8B-F938-41F8-8F0C-270E5AE4E554-" CS="1">
<String CONTENT="Ill." HEIGHT="46" WIDTH="71" VPOS="3156" HPOS="415"/>
<SP/>
<String CONTENT="6243" HEIGHT="38" WIDTH="107" VPOS="3159" HPOS="2163"/>
</TextLine>
<TextLine HEIGHT="75" WIDTH="568" VPOS="3254" HPOS="345" STYLEREFS="StyleId-CB0274A5-3BE0-4F6D-8371-BE4E70A8A9BD-">
<String CONTENT="Pauchet," HEIGHT="72" WIDTH="295" VPOS="3257" HPOS="345"/>
<SP HEIGHT="73" WIDTH="34" VPOS="3256" HPOS="641"/>
<String CONTENT="Victor." HEIGHT="60" WIDTH="237" VPOS="3254" HPOS="676"/>
</TextLine>
<TextLine HEIGHT="78" WIDTH="1930" VPOS="3342" HPOS="423" CS="1">
<String LANG="en-US" CONTENT="La" HEIGHT="55" WIDTH="93" VPOS="3351" HPOS="423"/>
<SP HEIGHT="53" WIDTH="35" VPOS="3367" HPOS="517"/>
<String LANG="en-US" CONTENT="pratique" HEIGHT="73" WIDTH="294" VPOS="3347" HPOS="553"/>
<SP HEIGHT="38" WIDTH="39" VPOS="3365" HPOS="848"/>
<String LANG="fr" CONTENT="chirurgicale" HEIGHT="73" WIDTH="415" VPOS="3343" HPOS="888"/>
<SP HEIGHT="58" WIDTH="35" VPOS="3342" HPOS="1304"/>
<String LANG="fr" CONTENT="illustr&#233;e," HEIGHT="58" WIDTH="301" VPOS="3342" HPOS="1340"/>
<SP HEIGHT="56" WIDTH="80" VPOS="3343" HPOS="1642"/>
<String LANG="en-US" CONTENT="fasc." HEIGHT="57" WIDTH="157" VPOS="3343" HPOS="1723"/>
<SP HEIGHT="35" WIDTH="38" VPOS="3365" HPOS="1881"/>
<String LANG="en-US" CONTENT="vm." HEIGHT="39" WIDTH="126" VPOS="3364" HPOS="1920"/>
<SP HEIGHT="11" WIDTH="46" VPOS="3392" HPOS="2047"/>
<String LANG="fr" CS="1" CONTENT="&#8230;"/>
<SP/>
<String LANG="fr" CONTENT="234" HEIGHT="56" WIDTH="111" VPOS="3348" HPOS="2242"/>
</TextLine>
<TextLine HEIGHT="80" WIDTH="2006" VPOS="3420" HPOS="344" LANG="fr">
<String CONTENT="figures" HEIGHT="72" WIDTH="233" VPOS="3428" HPOS="344"/>
<SP HEIGHT="57" WIDTH="39" VPOS="3427" HPOS="578"/>
<String CONTENT="dessin&#233;es" HEIGHT="59" WIDTH="317" VPOS="3424" HPOS="618"/>
<SP HEIGHT="56" WIDTH="38" VPOS="3424" HPOS="936"/>
<String CONTENT="d&#8217;apr&#232;s" HEIGHT="73" WIDTH="257" VPOS="3420" HPOS="975"/>
<SP HEIGHT="37" WIDTH="37" VPOS="3441" HPOS="1233"/>
<String CONTENT="nature" HEIGHT="54" WIDTH="226" VPOS="3423" HPOS="1271"/>
<SP HEIGHT="53" WIDTH="35" VPOS="3439" HPOS="1498"/>
<String CONTENT="par" HEIGHT="52" WIDTH="121" VPOS="3440" HPOS="1534"/>
<SP HEIGHT="59" WIDTH="41" VPOS="3420" HPOS="1656"/>
<String CONTENT="S." HEIGHT="59" WIDTH="59" VPOS="3420" HPOS="1698"/>
<SP HEIGHT="56" WIDTH="40" VPOS="3421" HPOS="1758"/>
<String CONTENT="Dupret." HEIGHT="72" WIDTH="264" VPOS="3421" HPOS="1799"/>
<SP HEIGHT="56" WIDTH="80" VPOS="3423" HPOS="2064"/>
<String CONTENT="Paris," HEIGHT="75" WIDTH="205" VPOS="3423" HPOS="2145"/>
</TextLine>
<TextLine HEIGHT="72" WIDTH="646" VPOS="3502" HPOS="345" LANG="fr">
<String CONTENT="Octave" HEIGHT="55" WIDTH="236" VPOS="3507" HPOS="345"/>
<SP HEIGHT="58" WIDTH="25" VPOS="3503" HPOS="582"/>
<String CONTENT="Doin," HEIGHT="72" WIDTH="185" VPOS="3502" HPOS="608"/>
<SP HEIGHT="71" WIDTH="30" VPOS="3503" HPOS="794"/>
<String CONTENT="1925." HEIGHT="56" WIDTH="166" VPOS="3502" HPOS="825"/>
</TextLine>
<TextLine HEIGHT="57" WIDTH="810" VPOS="3576" HPOS="411" STYLEREFS="StyleId-59203B22-2D54-4A3C-93F9-B09E9510E36F-" LANG="fr">
<String CONTENT="2" HEIGHT="42" WIDTH="26" VPOS="3583" HPOS="411"/>
<SP HEIGHT="50" WIDTH="29" VPOS="3583" HPOS="438"/>
<String CONTENT="p." HEIGHT="36" WIDTH="38" VPOS="3597" HPOS="468"/>
<SP HEIGHT="43" WIDTH="29" VPOS="3581" HPOS="507"/>
<String CONTENT="1.," HEIGHT="51" WIDTH="43" VPOS="3581" HPOS="537"/>
<SP HEIGHT="52" WIDTH="25" VPOS="3580" HPOS="581"/>
<String CONTENT="228," HEIGHT="50" WIDTH="96" VPOS="3580" HPOS="607"/>
<SP HEIGHT="28" WIDTH="32" VPOS="3603" HPOS="704"/>
<String CONTENT="[1]" HEIGHT="52" WIDTH="52" VPOS="3580" HPOS="737"/>
<SP HEIGHT="40" WIDTH="32" VPOS="3592" HPOS="790"/>
<String CONTENT="p." HEIGHT="39" WIDTH="38" VPOS="3592" HPOS="823"/>
<SP HEIGHT="44" WIDTH="61" VPOS="3577" HPOS="862"/>
<String CONTENT="illus." HEIGHT="43" WIDTH="116" VPOS="3577" HPOS="924"/>
<SP HEIGHT="43" WIDTH="56" VPOS="3576" HPOS="1041"/>
<String CONTENT="28" HEIGHT="44" WIDTH="55" VPOS="3576" HPOS="1098"/>
<String STYLE="superscript" CONTENT="cm" HEIGHT="18" WIDTH="48" VPOS="3578" HPOS="1159"/>
<String CONTENT="." HEIGHT="8" WIDTH="8" VPOS="3611" HPOS="1213"/>
</TextLine>
<TextLine HEIGHT="62" WIDTH="1866" VPOS="3629" HPOS="343" STYLEREFS="StyleId-59203B22-2D54-4A3C-93F9-B09E9510E36F-" LANG="fr" CS="1">
<String CONTENT="&#169;" HEIGHT="53" WIDTH="53" VPOS="3638" HPOS="343"/>
<SP HEIGHT="53" WIDTH="26" VPOS="3638" HPOS="397"/>
<String LANG="en-US" CONTENT="June" HEIGHT="51" WIDTH="117" VPOS="3640" HPOS="424"/>
<SP HEIGHT="42" WIDTH="30" VPOS="3638" HPOS="542"/>
<String CONTENT="12," HEIGHT="52" WIDTH="63" VPOS="3636" HPOS="573"/>
<SP HEIGHT="51" WIDTH="31" VPOS="3637" HPOS="637"/>
<String CONTENT="1925;" HEIGHT="53" WIDTH="131" VPOS="3633" HPOS="669"/>
<SP/>
<String CS="1" CONTENT="1c."/>
<SP HEIGHT="46" WIDTH="34" VPOS="3632" HPOS="894"/>
<String CONTENT="Sept." HEIGHT="52" WIDTH="119" VPOS="3632" HPOS="929"/>
<SP HEIGHT="43" WIDTH="28" VPOS="3634" HPOS="1049"/>
<String CONTENT="8;" HEIGHT="49" WIDTH="50" VPOS="3634" HPOS="1078"/>
<SP HEIGHT="51" WIDTH="31" VPOS="3632" HPOS="1129"/>
<!-- cceid 34E08E0B-6DD5-1014-B757-AF09C522E301 --><String CONTENT="A&#8212;" HEIGHT="42" WIDTH="103" VPOS="3632" HPOS="1161"/>
<String LANG="en-US" CONTENT="Foreign" HEIGHT="53" WIDTH="200" VPOS="3630" HPOS="1266"/>
<SP HEIGHT="42" WIDTH="26" VPOS="3631" HPOS="1467"/>
<String CONTENT="28547;" HEIGHT="53" WIDTH="165" VPOS="3629" HPOS="1494"/>
<SP HEIGHT="52" WIDTH="33" VPOS="3630" HPOS="1660"/>
<String CONTENT="Gaston" HEIGHT="44" WIDTH="170" VPOS="3630" HPOS="1694"/>
<SP HEIGHT="41" WIDTH="30" VPOS="3632" HPOS="1865"/>
<String CONTENT="Doin," HEIGHT="52" WIDTH="133" VPOS="3630" HPOS="1896"/>
<SP HEIGHT="49" WIDTH="32" VPOS="3633" HPOS="2030"/>
<String CONTENT="Paris." HEIGHT="44" WIDTH="146" VPOS="3632" HPOS="2063"/>
</TextLine>
<TextLine HEIGHT="79" WIDTH="1050" VPOS="3745" HPOS="342" STYLEREFS="StyleId-CB0274A5-3BE0-4F6D-8371-BE4E70A8A9BD-" LANG="fr">
<String CONTENT="Paul," HEIGHT="72" WIDTH="176" VPOS="3752" HPOS="342"/>
<SP HEIGHT="74" WIDTH="42" VPOS="3750" HPOS="519"/>
<String CONTENT="Charles" HEIGHT="61" WIDTH="259" VPOS="3747" HPOS="562"/>
<SP HEIGHT="58" WIDTH="39" VPOS="3747" HPOS="822"/>
<String CONTENT="Howard," HEIGHT="72" WIDTH="297" VPOS="3745" HPOS="862"/>
<SP HEIGHT="70" WIDTH="41" VPOS="3747" HPOS="1160"/>
<String CONTENT="1875-" HEIGHT="57" WIDTH="190" VPOS="3747" HPOS="1202"/>
</TextLine>
<TextLine HEIGHT="73" WIDTH="1861" VPOS="3836" HPOS="487" CS="1">
<String LANG="fr" CS="1" CONTENT="&#8230;"/>
<SP HEIGHT="59" WIDTH="40" VPOS="3841" HPOS="487"/>
<String LANG="fr" CONTENT="Construction" HEIGHT="62" WIDTH="445" VPOS="3838" HPOS="528"/>
<SP HEIGHT="52" WIDTH="29" VPOS="3857" HPOS="974"/>
<String LANG="fr" CONTENT="plant," HEIGHT="70" WIDTH="197" VPOS="3839" HPOS="1004"/>
<SP HEIGHT="51" WIDTH="31" VPOS="3856" HPOS="1202"/>
<String LANG="en-US" CONTENT="methods" HEIGHT="58" WIDTH="287" VPOS="3836" HPOS="1234"/>
<SP HEIGHT="37" WIDTH="32" VPOS="3856" HPOS="1522"/>
<String LANG="en-US" CONTENT="and" HEIGHT="56" WIDTH="125" VPOS="3838" HPOS="1555"/>
<SP HEIGHT="56" WIDTH="31" VPOS="3838" HPOS="1681"/>
<String LANG="en-US" CONTENT="costs," HEIGHT="66" WIDTH="186" VPOS="3839" HPOS="1713"/>
<SP HEIGHT="67" WIDTH="31" VPOS="3838" HPOS="1900"/>
<String LANG="en-US" CONTENT="by" HEIGHT="71" WIDTH="84" VPOS="3838" HPOS="1932"/>
<SP HEIGHT="73" WIDTH="32" VPOS="3836" HPOS="2017"/>
<String LANG="fr" CONTENT="Chas." HEIGHT="60" WIDTH="183" VPOS="3836" HPOS="2050"/>
<SP HEIGHT="56" WIDTH="33" VPOS="3840" HPOS="2234"/>
<String LANG="fr" CONTENT="H." HEIGHT="57" WIDTH="80" VPOS="3840" HPOS="2268"/>
</TextLine>
<TextLine HEIGHT="76" WIDTH="2004" VPOS="3914" HPOS="343" CS="1">
<String LANG="fr" CONTENT="Paul" HEIGHT="57" WIDTH="160" VPOS="3922" HPOS="343"/>
<SP HEIGHT="56" WIDTH="41" VPOS="3922" HPOS="504"/>
<String LANG="fr" CS="1" CONTENT="&#8230;"/>
<SP HEIGHT="57" WIDTH="81" VPOS="3919" HPOS="608"/>
<String LANG="fr" CONTENT="Dayton," HEIGHT="69" WIDTH="273" VPOS="3919" HPOS="690"/>
<SP HEIGHT="72" WIDTH="40" VPOS="3916" HPOS="964"/>
<String LANG="fr" CONTENT="O.," HEIGHT="72" WIDTH="90" VPOS="3916" HPOS="1005"/>
<SP HEIGHT="72" WIDTH="40" VPOS="3916" HPOS="1096"/>
<String LANG="en-US" CONTENT="The" HEIGHT="56" WIDTH="130" VPOS="3916" HPOS="1137"/>
<SP HEIGHT="59" WIDTH="40" VPOS="3914" HPOS="1268"/>
<String LANG="fr" CONTENT="Groneweg" HEIGHT="72" WIDTH="349" VPOS="3914" HPOS="1309"/>
<SP HEIGHT="54" WIDTH="36" VPOS="3933" HPOS="1659"/>
<String LANG="en-US" CONTENT="printing" HEIGHT="74" WIDTH="288" VPOS="3914" HPOS="1696"/>
<SP HEIGHT="53" WIDTH="39" VPOS="3935" HPOS="1985"/>
<String LANG="fr" CONTENT="company," HEIGHT="55" WIDTH="322" VPOS="3935" HPOS="2025"/>
</TextLine>
<TextLine HEIGHT="56" WIDTH="166" VPOS="4001" HPOS="344" LANG="fr">
<String CONTENT="1925." HEIGHT="56" WIDTH="166" VPOS="4001" HPOS="344"/>
</TextLine>
</TextBlock>
</PrintSpace>
</Page>
</Layout>
</alto>