2533 4412
0 0 0 0 176
345 447 205 72 Weill,
592 447 197 73 Félix,
830 451 190 56 1871-

423 539 61 57 A
512 540 305 70 practical
844 540 120 72 key
993 543 64 54 to
1089 540 248 57 French
1367 538 516 75 pronunciation;
1914 542 197 58 based
2142 562 79 39 on
2252 544 102 57 the

347 617 248 58 French
619 618 295 57 numbers
940 617 150 58 with
1115 617 418 73 phonograph
1556 619 223 57 record
1803 620 125 57 and
1953 620 406 71 explanation

349 696 69 57 of
443 696 103 58 the
577 697 231 57 sounds
839 696 65 57 in
930 697 151 57 both
1110 696 246 57 French
1386 696 124 57 and
1537 696 286 73 English,
1851 697 86 73 by
1963 698 182 57 Félix
2169 697 190 59 Weill

415 774 1494 75 … Lakewood, N. J., Aural educators [c1925]
418 868 65 52 39,
518 869 52 47 [1]
603 883 40 38 p.
707 866 52 46 18½
793 869 15 19 cm
846 903 10 8 .

347 938 54 54 ©
429 938 106 46 Feb.
567 940 63 51 10,
663 938 129 53 1925;
820 940 67 44 2c.
914 940 89 43 and
1029 940 78 43 aff.
1138 938 106 45 Feb.
1272 939 78 52 26;
1381 940 44 42 A
1455 938 190 53 822187;
1675 939 148 43 Aural
1850 941 254 52 educators,
2132 941 84 44 inc.

426 995 244 55 (25-5351)

343 1095 230 73 White,
613 1098 154 57 Mrs.
809 1097 202 58 Grace
1059 1095 269 75 (Miller)

426 1188 1863 74 The ghost of Glen Gorge, by Grace Miller White …
345 1267 414 71 frontispiece
790 1268 83 72 by
908 1267 275 59 William
1211 1265 246 73 Leipse.
1541 1266 153 58 New
1722 1267 192 72 York,
1947 1268 131 59 The
345 1270 1989 148 Macaulay
482 1364 307 54 company
821 1375 13 43 [
834 1356 20 20 c
858 1346 165 72 1925]

416 1437 94 56 viii,
539 1439 139 45 9-319
705 1452 42 40 p.
809 1437 137 46 front.
1010 1438 53 45 19
1067 1439 48 19 cm
1121 1473 9 9 .

418 1510 126 45 First
570 1512 88 43 and
687 1512 164 43 second
880 1510 236 54 printings,
1147 1509 250 54 February,
1430 1507 119 48 1925.

345 1581 54 54 ©
428 1581 107 45 Feb.
563 1581 66 53 25,
663 1580 131 54 1925;
825 1583 64 42 2c.
919 1581 89 44 and
1036 1581 78 43 aff.
1147 1581 119 43 Mar.
1297 1578 50 54 7;
1378 1581 44 42 A
1453 1580 190 53 823311;
1678 1580 51 45 G.
1762 1582 66 43 M.
1860 1580 170 53 White,
2064 1583 117 43 New
2212 1583 142 45 York.

426 1637 244 56 (25-5618)

343 1739 333 72 Williams,
714 1738 286 60 William
1032 1737 340 58 Bradford.

425 1835 105 57 An
583 1832 467 60 old-fashioned
1103 1833 240 73 garden
1400 1832 162 67 <and
1617 1832 180 60 other
1849 1851 184 40 verse>
2127 1834 83 70 by
2260 1833 96 59 W.

349 1909 2008 77 Bradford Williams … with marginal illustrations by C.
351 1993 170 60 Gene
560 1991 163 61 Carl.
811 1990 388 73 [Allentown,
1236 1990 132 73 Pa.,
1405 1990 132 58 The
1575 1988 137 62 Call
1745 2009 201 56 press,
1984 2000 17 21 c
2005 1993 165 74 1925]

418 2072 57 46 96
500 2087 40 38 p.
601 2071 158 52 front.,
784 2069 120 46 illus.
961 2070 57 44 20½
1051 2072 48 18 cm
1105 2108 9 8 .

346 2126 54 54 ©
428 2127 107 44 Feb.
567 2127 63 51 14,
663 2124 130 53 1925;
822 2126 66 42 2c.
916 2125 88 43 and
1031 2124 79 44 aff.
1143 2125 119 42 Mar.
1293 2121 49 54 5;
1373 2124 44 42 A
1446 2122 192 54 823257;
1669 2125 74 45 W.
1776 2125 51 45 B.
1856 2125 247 55 Williams,
417 2130 1917 106 Haddon-field,
569 2184 58 43 N.
658 2184 40 52 J.
769 2180 244 56 (25-5780)

346 2285 465 72 Witherspoon,
858 2281 290 59 Herbert.

427 2376 284 73 Singing,
749 2394 35 38 a
818 2374 264 58 treatise
1116 2374 104 57 for
1254 2374 287 57 teachers
1577 2376 125 56 and
1738 2377 307 70 students,
2080 2379 84 71 by
345 2378 1989 136 Herbert
513 2454 469 70 Witherspoon.

1054 2451 155 57 New
1235 2450 192 74 York,
1461 2451 70 59 G.
1568 2451 337 76 Schirmer,
1938 2456 117 57 inc.
2095 2458 180 74 [1925]

416 2526 949 59 3 p. l., 126 p. music, diagrs. 25 cm .
345 2588 54 55 ©
428 2590 120 44 Mar.
575 2589 39 53 4,
646 2585 130 55 1925;
803 2587 66 44 2c.
901 2586 121 44 Mar.
1051 2585 50 53 9;
1133 2585 79 44 aff.
1242 2585 120 44 Mar.
1392 2583 49 54 7;
1473 2585 44 43 A
1545 2585 190 54 823344;
1770 2585 51 46 G.
1855 2586 244 56 Schirmer,
2132 2591 82 44 inc.

343 2702 426 71 Woodworth,
811 2698 272 59 Herbert
1121 2698 288 73 Grafton,
1449 2701 190 57 1860-

421 2790 1868 73 Where the twain met, by Herbert G. Woodworth …
344 2875 262 69 Boston,
643 2870 215 73 Small,
893 2869 317 71 Maynard
1240 2868 49 59 &
1320 2887 310 56 company
1662 2898 15 45 [
1678 2877 20 24 c
1701 2870 166 75 1925]

416 2947 552 58 3 p. l ., 334 p. 19½ cm .
346 3009 54 54 ©
425 3009 107 44 Feb.
558 3008 68 52 21,
656 3004 130 54 1925;
813 3006 66 44 2c.
907 3006 88 43 and
1021 3005 78 44 aff.
1128 3005 121 43 Mar.
1274 3005 52 52 2;
1356 3005 44 42 A
1428 3004 190 54 823233;
1651 3004 155 55 Small,
1837 3008 231 53 Maynard
2096 3011 37 44 &
2161 3027 80 37 co.,
2269 3014 70 43 inc

426 3063 244 57 (25-5462)

343 3164 230 72 Woolf,
613 3164 347 71 Montague
999 3161 272 75 Sydney,
1317 3164 191 58 1883-

426 3252 1861 75 Principles of surgery for nurses, by M. S. Woolf …
347 3332 442 73 Philadelphia
813 3332 124 58 and
959 3331 281 73 London,
1265 3331 98 58 W.
1391 3331 71 57 B.
1494 3331 322 60 Saunders
1842 3353 325 57 company,
2188 3340 165 60 1925.

415 3408 1019 58 2 p. l., 11-350 p. front., illus. 22½ cm .
344 3470 56 54 ©
426 3469 108 45 Feb.
558 3469 68 50 24,
658 3465 130 53 1925;
816 3467 65 43 2c.
911 3466 107 44 Feb.
1042 3466 80 52 26;
1151 3467 79 42 aff.
1261 3466 119 43 Mar.
1407 3467 51 52 2;
1487 3467 44 42 A
1559 3467 189 54 823236;
1779 3470 75 44 W.
1886 3471 50 43 B.
1969 3471 229 47 Saunders
2227 3490 52 29 co

425 3523 243 58 (25-6072)

344 3624 315 71 Worstell,
701 3624 189 72 Mary
926 3620 310 74 Virginia,
1281 3642 194 55 comp.

428 3717 442 73 Everybody’s
909 3718 213 70 puzzle
1159 3716 177 74 book,
1376 3716 306 73 compiled
1719 3720 84 73 by
1835 3720 190 77 Mary
2059 3723 295 76 Virginia

348 3794 1985 84 Worstell. New York & London, The Century co. [ c 1925]
414 3873 1237 59 4 p. l., 3-138 p. illus., diagrs. 19½ cm . $1.50
418 3935 223 45 Answers
667 3940 52 37 to
742 3930 180 53 puzzles
949 3930 49 44 in
1025 3929 315 54 Everybody’s
1367 3933 156 51 puzzle
1547 3933 121 44 book
1701 3934 103 52 (xvi
1831 3936 66 53 p.)
1932 3938 91 47 laid
2050 3940 46 45 in

345 3990 55 54 ©
426 3991 108 43 Feb.
559 3989 67 49 27,
655 3986 130 53 1925;
811 3987 67 42 2c.
906 3986 118 43 Mar.
1050 3986 51 51 2;
1129 3985 79 44 aff.
1237 3987 119 43 Mar.
1385 3988 49 50 3;
1464 3988 43 42 A
1528 3988 193 54 822235;
1754 3989 204 56 Century
1984 4009 51 28 co.

427 4044 243 58 (25-5670)
