2533 4412
1067 4041 109 56 767

127 395 148 71 Hill,
312 395 215 59 Helen.

206 486 250 60 Charlie
495 487 123 57 and
653 486 97 61 his
790 490 173 55 coast
998 488 254 71 guards,
1291 487 82 72 by
1408 486 202 59 Helen
1645 486 133 60 Hill
1817 488 124 58 and
126 487 1970 136 Violet

249 564 317 72 Maxwell;
605 564 152 58 with
791 583 189 54 many
1016 564 278 72 pictures
1334 565 124 58 and
1497 584 36 38 a
1570 583 146 54 map
1754 564 83 73 by
1874 565 105 58 the
125 584 1974 116 authors.

401 642 151 57 New
583 641 189 73 York,
811 643 129 57 The
976 642 360 57 Macmillan
1369 660 324 53 company,
1731 643 165 56 1925.

196 717 1925 56 6 p. l., 184 p. incl. illus., plates, col. front. 18 cm . (Half-title: A third
125 777 120 43 book
273 776 50 44 of
354 775 182 45 Charlie
562 774 191 55 stories)

195 832 112 54 Map
338 847 59 30 on
432 831 129 45 front
596 831 315 55 lining-paper.

126 888 52 54 ©
206 891 119 52 Aug.
351 891 39 50 4,
421 888 128 54 1925;
576 890 65 43 2c.
668 891 87 42 and
781 891 78 43 aff.
887 892 119 51 Aug.
1036 889 48 54 5;
1113 892 44 41 A
1184 888 188 54 861295;
1405 888 267 45 Macmillan
1699 905 64 29 co.

203 945 270 56 (25-15053)

126 1046 453 71 Hoechstetter,
624 1044 248 74 Sophie,
918 1049 147 56 1873–

201 1137 131 57 Das
360 1136 151 58 kind
537 1154 124 38 von
688 1135 260 72 Europa
965 1159 12 49 ;
1009 1136 98 58 die
1138 1136 352 73 geschichte
1522 1137 108 56 des
1659 1135 264 72 Kaspar
127 1135 1969 137 Hauser

273 1214 235 58 erzählt
546 1232 125 56 yon
716 1213 232 71 Sophie
993 1213 462 59 Hoechstetter.
1542 1213 354 74 Nürnberg,
1942 1214 61 58 J.
2048 1214 69 56 L.

127 1292 241 73 Schrag
400 1322 14 43 [
416 1299 19 23 c
438 1292 164 73 1924]

196 1367 79 45 170
301 1383 53 38 p.,
386 1370 18 41 1
456 1403 8 8 l.
523 1367 51 45 17
581 1371 16 17 cm
634 1403 9 9 .

124 1422 52 55 ©
204 1425 108 43 Dec.
339 1425 67 50 31,
439 1424 128 52 1924;
626 1439 35 28 1c.
690 1424 113 53 Apr:
831 1425 37 52 7,
901 1422 129 54 1925;
1061 1422 302 55 A—Foreign
1388 1422 164 56 27394;
1582 1424 41 54 J.
1654 1424 49 45 L.
1736 1422 189 57 Schrag.

201 1480 269 56 (25-11225)

124 1580 203 73 Höhn,
367 1579 320 74 Heinrich,
728 1582 190 57 1881-

266 1669 1855 75 … Nürnberger renaissanceplastik; 157 abbildungen mit
121 1748 385 72 einführung
531 1748 130 58 und
691 1748 502 71 erläuterungen.
1275 1748 354 71 Nürnberg,
1663 1748 61 58 J.
1756 1748 69 58 L.
1863 1748 258 73 Schrag,

122 1826 165 58 1924.

195 1900 1166 56 190 p ., 1 l. incl. illus., 140 pl. on 70 l. 25 ½ cm .
191 1958 316 48 “Literatur”:
539 1973 41 38 p.
616 1958 203 45 189-190.

122 2014 53 55 ©
202 2017 110 43 Dec.
346 2016 60 51 10,
439 2016 128 52 1924;
626 2031 35 28 1c.
689 2016 112 52 Apr.
831 2013 38 55 7,
901 2013 129 55 1925;
1061 2016 44 42 A
1107 2014 256 54 —Foreign
1388 2014 165 55 27386;
1584 2016 41 54 J.
1654 2019 39 48 L.
1738 2014 188 57 Schrag.

201 2072 269 56 (25-11122)

122 2174 228 71 Horne,
388 2172 279 59 Richard
700 2172 234 72 Henry,
974 2174 358 57 1803-1884.

125 2261 1972 138 King Penguin ; a legend of the South Sea I sles, by Richard
290 2339 1833 76 Henry Horne … rediscovered and introduced by
122 2420 276 57 Frances
424 2420 327 70 Margaret
776 2419 152 71 Fox,
954 2419 363 57 illustrated
1339 2420 84 71 by
1448 2419 255 58 Jimmie
1728 2420 389 73 Daugherty.

122 2497 151 58 New
303 2497 190 73 York,
528 2497 130 57 The
691 2496 362 57 Macmillan
1085 2514 320 55 company,
1443 2498 165 57 1925.

191 2573 1930 58 xvi p ., 1 l, 95 p. incl. illus., plates, col. front., col. plates. 17 cm . [The
122 2633 114 45 little
257 2632 185 55 library]

122 2689 53 54 ©
209 2692 119 51 Aug.
364 2691 39 51 4,
443 2688 129 54 1925;
607 2690 65 43 2c.
708 2690 88 43 and
830 2689 79 44 aff.
945 2691 119 51 Aug.
1103 2688 49 53 5;
1191 2691 44 41 A
1271 2689 188 53 861288;
1501 2690 267 44 Macmillan
1804 2705 65 30 co.
1940 2689 67 56 [©
2043 2691 76 46 the

192 2747 296 44 illustrations
521 2747 87 42 and
642 2746 315 52 introduction]
1029 2744 271 55 (25-14968)

120 2830 166 71 Hull,
324 2833 152 56 Mrs.
516 2830 195 58 Edith
746 2830 248 57 Maude.

199 2923 1914 74 The sons of the sheik, by E. M. Hull … Boston,
124 3002 1251 73 Small, Maynard and company [ c 1925]
189 3080 601 53 3 p. l., 3-360 p. 19½ cm .
120 3133 55 54 ©
201 3136 111 51 May
340 3133 62 52 15,
431 3133 129 52 1925;
586 3134 64 42 2c.
675 3134 88 43 and
786 3134 80 41 aff.
894 3134 112 51 May
1035 3132 73 53 18;
1136 3134 44 41 A
1205 3131 189 53 855221;
1425 3132 157 53 Small,
1609 3133 226 53 Maynard
1863 3135 37 44 &
1923 3148 81 39 co.,
2031 3134 84 45 inc.

199 3190 270 56 (25-14510)

122 3279 190 68 Hunt,
350 3277 276 59 Edward
658 3277 183 73 Eyre,
879 3278 189 58 1885-
1226 3278 90 57 ed.

267 3365 1850 71 … What the Coal commission found; an authoritative
125 3465 317 52 summary
486 3446 85 71 by
617 3445 104 57 the
771 3444 172 71 staff,
992 3444 209 58 edited
1247 3444 83 71 by
1377 3443 279 59 Edward
1699 3444 170 72 Eyre
1919 3444 196 74 Hunt,

122 3524 69 58 F.
225 3524 69 60 G.
326 3525 231 69 Tryon,
585 3523 241 70 Joseph
853 3522 79 56 H.
960 3520 256 73 Willits,
1245 3521 152 56 with
1426 3541 35 37 a
1491 3521 316 58 foreword
1836 3523 82 70 by
1946 3521 170 60 John

121 3602 178 72 Hays
348 3600 371 58 Hammond.
800 3598 364 71 Baltimore,
1214 3599 130 56 The
1390 3597 312 60 Williams
1752 3598 49 59 &
1845 3599 269 59 Wilkins

123 3698 319 53 company,
473 3678 165 57 1925.

191 3757 83 44 416
300 3771 40 40 p.
370 3755 101 45 incl.
501 3753 154 53 tables,
687 3754 166 54 diagrs.
914 3754 153 51 front.,
1097 3753 158 53 plates.
1314 3753 50 44 21
1374 3754 16 18 cm
1427 3788 9 8 .
1505 3752 289 55 (Half-title:
1829 3753 187 46 Human
123 3768 1970 90 relations

317 3813 149 52 series,
498 3812 65 44 ed.
591 3811 61 53 by
680 3810 62 47 H.
773 3811 50 44 C.
853 3810 218 54 Metcalf)

196 3870 148 46 Series
372 3870 98 43 title
497 3869 43 43 in
567 3875 101 46 part
693 3868 98 44 also
817 3876 45 36 at
888 3868 117 43 head
1031 3866 51 46 of
1109 3874 96 45 t.-p.

123 3925 54 54 ©
205 3927 105 52 July
335 3927 69 50 29,
434 3924 131 53 1925;
596 3925 63 43 2c.
689 3925 89 43 and
804 3925 77 43 aff.
911 3926 120 51 Aug.
1062 3922 48 54 5;
1141 3925 44 41 A
1214 3923 189 53 861300;
1434 3923 230 46 Williams
1696 3925 37 44 &
1761 3924 199 45 Wilkins
1989 3938 66 29 co.

201 3981 270 58 (25-14952)
