2533 4412
1091 4068 111 54 559

152 424 294 73 Rahway,
481 425 72 56 N.
591 425 59 57 J.
735 423 173 72 High
938 423 224 57 school.
1299 422 126 57 Class
1462 423 67 57 of
1564 423 165 57 1925.

228 515 295 70 Rahway,
552 515 150 56 New
731 515 244 71 Jersey,
1006 513 359 70 1665-1925,
1395 513 103 57 the
1527 513 127 71 city
1683 514 67 57 of
1777 515 214 57 homes
2022 519 122 55 and

152 592 375 70 industries;
577 591 305 72 compiled
929 595 80 68 by
1059 590 103 58 the
1215 591 287 58 students
1554 590 68 57 of
1671 591 280 72 Rahway
1999 591 143 73 high

153 670 227 69 school,
418 670 162 56 class
619 669 68 56 of
726 670 167 70 1925,
933 670 198 57 under
1172 668 103 57 the
1317 668 307 59 direction
1664 668 69 57 of
1773 668 157 59 Miss
1970 671 173 56 Elsie

151 747 265 72 Farrell,
448 765 183 39 cover
660 746 221 71 design
907 749 82 68 by
1018 747 236 56 Robert
1282 745 373 71 Arkinstall,
1687 746 327 71 quotation
153 749 1967 148 design

327 825 82 70 by
447 824 265 57 Dolores
756 823 217 60 Conill.
1060 825 270 71 [Asbury
1372 824 186 72 Park,
1600 825 73 56 N.
1716 824 79 73 J.,
1842 824 301 73 Schuyler

149 921 200 53 press,
376 910 18 22 c
398 902 164 72 1925]

223 978 1316 55 118, [2] p. illus. (incl. ports.) fold. maps. 26 ½ cm .
159 1049 52 53 ©
238 1051 111 52 Apr.
383 1052 61 50 14,
478 1049 102 45 1925;
637 1053 63 41 2c.
732 1052 89 42 and
850 1051 79 43 aff.
961 1052 110 50 May
1102 1051 50 51 8;
1183 1052 43 41 A
1255 1050 188 51 829333;
1481 1050 212 46 Students
1723 1051 50 44 of
1803 1052 202 51 Rahway
2035 1051 108 52 high

230 1108 164 51 school,
422 1109 116 42 class
564 1108 51 43 of
643 1106 118 45 1925.
830 1105 241 56 (25-9895)

152 1205 333 73 Robinson,
519 1205 288 59 Webster.

232 1300 491 58 Fundamentals
776 1301 67 56 of
890 1298 286 59 business
1226 1296 450 76 organization,
1725 1301 83 71 by
1852 1299 292 59 Webster

154 1376 1991 74 Robinson … 1st ed. New York [etc.] McGraw-Hill book
155 1476 321 53 company,
505 1456 135 73 inc.,
663 1457 174 55 1925.

222 1536 63 51 ix,
312 1536 86 44 230
426 1552 39 35 p.
524 1535 168 52 diagrs.
751 1537 50 42 21
811 1537 47 17 cm
864 1571 9 8 .
987 1535 57 51 $2
1059 1534 53 45 50

159 1603 53 54 ©
237 1606 111 51 May
374 1607 63 49 14,
464 1602 102 47 1925;
618 1606 64 41 2c.
705 1605 88 42 and
815 1604 79 44 aff.
919 1605 111 52 May
1055 1605 50 43 19;
1155 1605 44 42 A
1223 1602 162 46 855261;
1441 1604 345 44 McGraw-Hill
1814 1608 118 43 book
1957 1624 79 35 co.,
2061 1609 82 43 inc.

240 1661 240 53 (25-9996)

152 1761 256 72 Seavey,
444 1761 255 56 Martha
730 1761 82 67 M,

226 1851 226 57 Judith
487 1851 67 56 of
589 1851 196 70 Tyre;
822 1870 35 37 a
895 1851 218 56 drama
1147 1851 66 54 in
1247 1851 176 57 three
1461 1854 149 68 acts,
1646 1853 82 70 by
1763 1853 255 58 Martha
2054 1856 82 55 M.

155 1929 258 71 Seavey.
478 1929 151 56 New
652 1929 188 72 York,
867 1929 58 57 J.
955 1929 68 55 T.
1049 1928 212 59 White
1287 1929 46 55 &
1358 1948 86 37 co.
1475 1959 13 43 [
1490 1937 18 20 c
1513 1931 162 71 1924]

231 2008 90 53 120,
361 2010 51 45 [1]
453 2023 40 38 p.
557 2008 48 44 18½
641 2010 45 17 cm
694 2044 8 8 .

160 2063 53 54 ©
237 2067 113 51 Apr.
380 2065 61 50 10,
471 2066 128 50 1924;
625 2067 66 41 2c.
717 2066 87 42 and
830 2065 77 43 aff.
935 2066 111 51 May
1071 2065 65 50 26,
1167 2063 102 45 1925;
1325 2066 43 42 A
1393 2063 189 55 855474;
1614 2067 66 41 M.
1708 2067 65 42 M.
1804 2066 184 54 Seavey,
2015 2070 130 43 West

231 2123 233 52 Roxbury,
494 2124 143 44 Mass.

153 2221 337 72 Shepard’s
523 2222 337 70 Maryland
890 2221 323 70 citations;
1247 2241 39 36 a
1316 2221 401 71 compilation
1751 2224 67 56 of
1850 2223 292 60 citations

231 2298 68 58 of
349 2298 337 71 Maryland
736 2317 194 51 cases,
984 2296 236 59 United
1273 2296 212 59 States
1542 2297 427 61 Constitution
2025 2303 123 56 and

229 2378 286 69 statutes,
547 2375 336 71 Maryland
911 2374 428 72 constitution,
1368 2376 202 70 codes,
1597 2376 171 72 laws,
1799 2377 346 60 Baltimore

230 2454 266 73 charter,
553 2453 369 57 ordinances
976 2454 124 56 and
1149 2455 178 54 court
1379 2454 187 69 rules,
1618 2454 323 75 including
225 2458 1897 143 affirmances,

525 2531 314 57 reversals
873 2530 124 57 and
1028 2529 351 58 dismissals
1412 2531 83 71 by
1525 2531 104 58 the
1661 2532 236 59 United
1932 2534 213 58 States

231 2609 305 73 Supreme
586 2612 177 54 court
815 2608 125 58 and
991 2608 446 72 amendments,
1491 2608 374 75 additions,.
1880 2614 266 71 repeals,

228 2692 131 66 etc.,
411 2686 68 57 of
526 2687 104 56 the
683 2687 182 57 codes
918 2686 124 59 and
1091 2687 152 56 laws
1296 2686 348 73 appearing
1693 2688 65 56 in
1810 2691 336 71 Maryland

228 2769 268 69 reports,
546 2765 154 56 vols.
755 2765 185 56 1-137;
1024 2763 281 58 Atlantic
1357 2768 307 69 reporter,
1716 2768 154 56 vols.
1926 2771 188 54 1-112;

229 2843 267 57 Federal
562 2846 308 68 reporter,
935 2843 153 56 vols.
1158 2842 218 71 1-272;
1445 2842 235 59 United
1750 2844 213 59 States
226 2848 1897 145 Supreme
475 2924 177 53 court

687 2922 270 70 reports,
991 2919 154 57 vols.
1185 2920 189 57 1-254;
1438 2921 298 72 Lawyers
1752 2922 14 27 ’
1805 2923 232 58 edition
2079 2925 68 57 of

226 2999 235 57 United
485 2998 232 70 States,
737 2998 155 56 vols.
918 2997 148 57 1-65;
1126 2996 304 73 Supreme
1453 3001 181 56 court
1655 3006 308 67 reporter,
1991 3003 151 56 vols.

228 3078 165 55 1-41.
476 3076 79 56 2d
595 3076 112 69 ed.,
750 3076 165 55 1923.
999 3076 151 56 New
1190 3076 191 71 York,
1426 3077 129 57 The
1598 3077 216 57 Frank
1856 3077 290 76 Shepard

227 3171 305 55 company
563 3182 14 44 [
578 3161 20 22 c
601 3149 165 77 1923]

219 3232 79 45 255
327 3246 40 39 p.
425 3233 54 42 23½
515 3233 46 18 cm
567 3268 8 7 .

222 3287 270 55 “Compiled
518 3288 59 52 by
600 3288 79 43 the
705 3286 272 54 publisher’s
1008 3286 215 44 editorial
1251 3288 150 45 staff.”

222 3346 122 52 Kept
369 3360 59 37 up
455 3351 47 37 to
529 3343 105 44 date
659 3344 58 52 by
744 3341 280 46 cumulative
1051 3343 326 53 supplements.

161 3403 52 53 ©
242 3404 113 52 Apr.
387 3403 60 48 18,
481 3402 127 50 1923;
639 3403 65 41 2c.
734 3402 111 51 May
873 3402 36 49 9,
944 3400 129 54 1925;
1105 3402 79 43 aff.
1214 3403 111 51 May
1357 3404 72 51 11;
1461 3404 44 42 A
1533 3402 189 56 855036;
1757 3404 154 45 Frank
1942 3406 202 54 Shepard

228 3475 65 28 co.
363 3457 242 55 (25-9857)

155 3557 336 74 Shepard’s
524 3557 343 58 Oklahoma
895 3557 292 57 citations;
1252 3577 38 37 a
1318 3559 402 71 compilation
1750 3563 68 56 of
1849 3563 292 59 citations

231 3636 68 57 of
346 3633 343 60 Oklahoma
735 3636 123 56 and
903 3632 228 58 Indian
1181 3633 332 75 Territory
1558 3655 193 54 cases,
1804 3638 343 62 Oklahoma

232 3717 123 55 and
403 3710 236 59 United
689 3710 213 58 States
953 3710 443 59 constitutions
1449 3714 124 56 and
1624 3718 287 73 statutes,
231 3717 1890 131 Oklahoma

456 3791 172 67 laws,
671 3789 302 70 charters,
1018 3788 368 59 ordinances
1434 3795 124 56 and
1601 3797 178 55 court
1824 3797 186 72 rules,
232 3797 1888 141 including

529 3866 400 71 affirmances,
976 3867 314 57 reversals
1339 3871 125 56 and
1513 3870 352 60 dismissals
1913 3874 82 71 by
2041 3874 104 58 the

229 3945 236 60 United
504 3943 211 58 States
757 3942 302 73 Supreme
1098 3945 124 56 and
1258 3944 189 59 lower
1487 3946 243 61 federal
1769 3955 210 54 courts
2021 3954 122 56 and
