2533 4412
0 0 0 0 458
329 406 255 73 Delano,
621 408 153 56 Mrs.
814 405 197 60 Edith
1056 405 349 73 (Barnard)

406 500 1679 74 The way of all earth, by Edith Barnard Delano …
327 580 152 58 New
506 580 191 71 York,
722 576 166 62 Boni
918 582 123 57 and
1068 579 345 74 Liveright,
1445 579 166 58 1925.

396 661 81 44 283
509 675 39 38 p.
611 660 50 45 19½cm.

332 728 53 54 ©
413 730 113 51 Apr.
558 730 64 49 11,
656 725 131 55 1925;
817 728 65 43 2c.
911 728 113 52 Apr.
1053 728 79 52 21;
1164 728 79 42 aff.
1274 727 112 52 Apr.
1420 727 74 52 18;
1527 727 44 42 A
1603 725 188 54 823852;
1825 726 52 48 E.
1911 728 50 43 B.
1993 728 188 51 Delano,
2214 728 117 45 New

401 786 143 43 York.
614 783 243 56 (25-8665)

333 886 259 72 Fantus,
629 885 303 73 Bernard,
970 886 91 58 ed.

479 977 1785 73 … General therapeutics, ed. by Bernard Fantus …
336 1057 290 74 Chicago,
658 1057 130 57 The
817 1057 172 56 Year
1016 1056 161 58 book
1205 1056 358 72 publishers
1600 1057 181 74 [1925]

402 1131 1881 56 380 p. illus., plates, diagrs. 19 cm . (The practical medicine series …
331 1189 554 55 v. 6 … Series 1924)
333 1262 53 54 ©
416 1264 113 52 Apr.
564 1263 62 52 14,
660 1260 130 54 1925;
821 1262 66 42 2c.
918 1261 87 43 and
1037 1261 79 43 aff.
1150 1260 113 53 May
1296 1260 74 53 14;
1405 1261 44 42 A
1479 1257 191 56 855104;
1704 1260 125 44 Year
1860 1260 122 44 book
2011 1261 266 52 publishers.

333 1422 129 58 The
514 1418 266 61 Federal
831 1422 307 71 reporter.
1240 1418 243 61 Second
1535 1418 214 60 series.
1851 1417 192 62 Cases
2098 1421 236 73 argued

411 1499 125 58 and
576 1497 391 60 determined
1004 1497 66 57 in
1110 1497 107 58 the
1262 1495 239 61 Circuit
1543 1498 212 57 courts
1799 1495 69 59 of
1910 1496 261 74 appeals
2215 1498 124 58 and

410 1577 269 58 District
716 1578 212 56 courts
966 1574 68 59 of
1067 1574 104 59 the
1206 1572 239 62 United
1481 1573 214 60 States
1732 1578 125 58 and
1889 1574 106 61 the
2036 1574 197 61 Court
2272 1577 68 57 of

411 1655 261 74 appeals
710 1654 69 59 of
813 1654 104 59 the
953 1652 269 59 District
1260 1653 69 57 of
1367 1651 344 74 Columbia,
1746 1652 152 59 with
1931 1654 407 71 key-number

414 1733 420 59 annotations,
920 1752 57 37 v.
1027 1734 32 54 1
1117 1731 136 73 (2d)
1307 1751 57 38 v.
1413 1734 32 54 2
1501 1731 135 73 (2d)
1731 1732 369 74 November,
2149 1734 190 57 1924-

412 1812 237 73 March,
684 1813 166 56 1925.
926 1810 90 59 St.
1051 1810 177 73 Paul,
1262 1810 184 58 West
1474 1810 367 74 publishing
1873 1830 105 55 co.,
2014 1813 165 56 1925.

401 1892 28 42 2
453 1905 42 29 v.
556 1889 149 44 fronts.
747 1887 178 56 (maps)
992 1887 54 44 26
1052 1890 48 18 cm
1106 1923 8 9 .

333 1977 42 28 v.
408 1964 35 50 1,
473 1959 53 54 ©
557 1959 108 45 Feb.
699 1960 60 52 18,
796 1957 129 53 1925;
958 1959 65 44 2c.
1054 1959 113 51 Apr.
1201 1958 74 53 16;
1307 1959 79 43 aff.
1418 1959 112 52 Apr.
1564 1956 75 55 15;
1671 1974 41 29 v.
1743 1960 39 51 2,
1814 1957 53 54 ©
1897 1961 113 51 Apr.
2045 1961 73 52 14;
2149 1962 67 43 2c.
2248 1963 87 43 and

405 2019 78 44 aff.
513 2019 115 52 June
654 2017 79 53 29;
764 2017 44 43 A
838 2014 179 55 823775,
1045 2016 191 53 829911;
1269 2016 132 45 West
1430 2016 101 54 pub.
1561 2031 66 30 co.
1696 2014 243 57 (25-8388)

334 2118 255 72 Foulke,
627 2118 249 59 Roland
908 2116 287 72 Roberts,
1234 2119 189 58 1874-

331 2207 1980 153 The philosophy of law, by Roland R. Foulke … Philadelphia,
631 2287 130 57 The
788 2286 171 59 John
987 2283 64 61 C.
1078 2286 294 58 Winston
1400 2304 106 55 co.,
1535 2287 166 56 1925.

408 2369 62 50 ix,
499 2366 78 46 102
602 2382 41 38 p.
731 2366 25 45 18½cm.

335 2436 55 54 ©
417 2438 113 51 Apr.
562 2438 36 51 1,
631 2433 130 55 1925;
790 2435 65 43 2c.
885 2435 112 52 Apr.
1030 2433 75 53 17;
1135 2434 80 44 aff.
1244 2434 112 52 Apr.
1390 2434 73 52 16;
1497 2435 44 42 A
1572 2434 189 54 823810;
1794 2437 54 42 R.
1879 2436 54 44 R.
1964 2435 185 55 Foulke,
406 2438 1908 109 Philadelphia.
667 2490 244 57 (25-8692)

334 2592 316 73 Goddard,
685 2590 226 60 Edwin
946 2589 276 73 Charles,
1258 2591 190 58 1865-

416 2685 193 60 Cases
642 2703 80 38 on
747 2681 315 75 principal
1093 2686 125 56 and
1247 2685 207 68 agent,
1486 2683 124 57 and
1638 2688 238 56 master
1909 2687 124 58 and
2065 2694 256 53 servant
2320 2736 19 34 ;

338 2764 270 59 selected
637 2762 170 58 from
837 2760 310 59 decisions
1183 2759 69 59 of
1282 2759 268 74 English
1583 2762 125 58 and
1736 2763 338 61 American
2108 2773 232 67 courts,

334 2837 1981 154 by Edwin C. Goddard … 2d ed. St. Paul, West publishing company, 1925.
406 2998 98 51 xxi,
541 2997 85 45 944
659 3010 41 39 p.
758 2995 57 44 26
820 2997 48 18 cm
874 3029 8 9 .
951 2992 279 56 (American
1269 2995 233 43 casebook
1539 2994 155 56 series,
1733 2997 74 45 W.
1849 2997 53 46 R.
1942 2999 171 54 Vance,
2151 3003 189 52 general

336 3055 179 54 editor)

407 3109 361 56 Bibliography:
798 3123 42 40 p.
868 3106 139 48 v-vii.

339 3181 53 55 ©
422 3183 100 53 Jan.
557 3180 63 54 16,
655 3177 129 56 1925;
817 3179 65 44 2c.
914 3179 113 52 Apr.
1063 3177 74 54 16;
1172 3178 80 45 aff.
1285 3179 113 52 Apr.
1435 3177 73 56 15;
1543 3180 44 43 A
1619 3178 187 56 823786;
1842 3183 135 45 West
2006 3185 101 53 pub.
2141 3202 52 29 co.
2284 3186 53 55 [©

408 3254 99 29 new
543 3245 165 37 matter
743 3237 86 43 and
864 3235 219 53 complete
1119 3235 211 53 revision]
1402 3234 243 57 (25-8385)

338 3338 217 71 Grant,
595 3337 188 73 Mary
819 3334 263 74 Amelia,
1125 3337 148 57 1890-

484 3429 1856 78 … The ancient rhetorical theories of the laughable; the
340 3505 1931 78 Greek rhetoricians and Cicero, by Mary A. Grant …
336 3587 310 70 Madison,
679 3585 167 58 1924.

411 3665 78 44 166
521 3680 40 38 p.
621 3661 52 46 25
683 3664 47 18 cm
736 3698 8 8 .
814 3661 297 54 (University
1144 3662 55 47 of
1231 3660 263 47 Wisconsin
1526 3663 173 47 studies
1730 3666 47 44 in
1808 3667 226 53 language
2067 3671 88 45 and
339 3671 1979 100 literature,
484 3735 72 29 no.
588 3718 79 53 21)
789 3715 126 55 $2.00

408 3778 221 47 Author’s
670 3777 208 46 doctoral
919 3775 304 56 dissertation,
1264 3775 268 57 University
1573 3778 53 45 of
1663 3778 275 58 Wisconsin,
1983 3786 117 50 1919,
2145 3787 76 46 but
2260 3795 81 40 not

338 3837 237 56 published
600 3851 49 30 as
675 3851 27 29 a
728 3835 155 46 thesis.

409 3893 355 55 Bibliography:
795 3909 41 37 p.
913 3890 195 51 [159]-161.

343 3961 53 56 ©
426 3962 106 46 Feb.
566 3962 63 52 14,
662 3959 130 55 1925;
824 3960 65 45 2c.
921 3959 108 46 Feb.
1058 3960 78 53 20;
1169 3961 80 44 aff.
1281 3960 109 46 Feb.
1427 3961 73 54 19;
1535 3961 43 45 A
1609 3963 190 56 823139;
1835 3967 266 57 University
2132 3972 52 44 of
413 3973 1901 100 Wisconsin,
613 4017 225 53 Madison,
869 4017 116 46 Wis.
1055 4016 243 57 (25-8766)
