2533 4412
1307 4092 110 57 772

360 404 304 73 Prescott,
703 404 345 59 Frederick
1083 404 243 73 Clarke,
1365 408 191 58 1871-
1715 409 92 59 ed.

440 496 199 58 Prose
665 498 124 57 and
810 499 230 70 poetry
1064 495 69 59 of
1155 497 105 58 the
1288 497 372 75 revolution,
1688 499 211 59 edited
1919 500 86 74 by
2028 500 342 59 Frederick

364 573 66 60 C.
468 575 292 58 Prescott
797 576 125 57 and
958 575 171 59 John
1165 575 80 58 H.
1284 575 255 59 Nelson.
1618 578 130 58 The
1788 578 475 61 establishment
2302 580 69 58 of

361 653 106 58 the
509 654 237 73 nation,
793 654 361 57 1765-1789.
1238 653 152 60 New
1428 654 193 75 York,
1666 656 273 59 Thomas
1982 656 74 59 Y.
2105 656 264 61 Crowell

361 733 547 74 company [ c 1925]
436 826 131 53 xxiii,
598 825 83 44 266
710 841 41 39 p.
814 824 137 44 front.,
982 826 169 55 (port.)
1190 826 116 44 illus.
1334 825 254 57 (facsims.)
1660 829 50 45 19
1716 830 47 17 cm
1770 864 9 8 .

441 899 266 51 Selections,
734 899 119 44 with,
876 899 475 53 bio-bibliographical
1379 899 171 46 notices
1579 901 52 45 of
1657 902 77 44 the
1762 902 200 45 authors.

360 967 55 54 ©
442 970 108 52 July
576 970 65 50 20,
674 967 129 54 1925;
832 969 64 43 2c.
925 969 87 43 and
1035 970 82 43 aff.
1145 970 108 52 July
1276 970 80 52 24;
1386 970 45 43 A
1459 970 192 54 861183;
1681 970 202 46 Thomas
1912 972 57 44 Y.
1998 971 200 47 Crowell
2221 988 68 31 co.

441 1023 272 58 (25-14486)

363 1128 233 72 Punch,
628 1148 56 36 V.
721 1130 129 71 168,
881 1148 98 37 no.
1013 1130 167 70 4379,
1214 1128 166 58 June
1413 1129 91 73 10,
1539 1130 166 56 1925.

360 1218 1958 57 © 1c. Aug. 5, 1925; A ad int. 7170; pubd. June 10; Herbert Heather, ℅
433 1278 241 52 Bradbury
700 1277 180 53 Agnew
909 1277 38 44 &
975 1292 83 37 co.,
1085 1277 92 52 ltd.,
1207 1277 201 44 London.

359 1377 237 74 Quevli,
643 1376 167 59 Nels.

429 1471 278 72 Enzyme
759 1470 396 73 intelligence
1209 1471 125 57 and
1383 1469 249 59 whence
1687 1470 125 57 and
1862 1469 286 76 whither,
358 1472 1989 149 illustrating

628 1549 139 57 that
795 1566 288 54 enzymes
1113 1549 124 57 and
1263 1547 308 60 ferments
1601 1568 108 39 are
1736 1550 106 57 the
1868 1549 306 73 ultimate,
361 1550 1987 136 indestructible

715 1628 125 58 and
862 1627 293 58 invisible
1182 1628 171 57 units
1381 1628 69 57 of
1472 1626 113 59 life
1613 1628 125 57 and
1763 1647 108 38 are
1899 1628 324 59 conscious
2249 1630 124 57 and

357 1704 2015 77 intelligent … by Nels Quevli … Minneapolis, Minn., The
360 1783 254 60 Colwell
643 1803 202 53 press,
879 1784 138 71 inc.,
1051 1783 167 58 1925.

428 1875 741 56 4 p. l., 578 p. illus. 21½ cm .
358 1946 54 54 ©
438 1948 108 53 July
573 1949 36 49 8,
643 1946 131 54 1925;
802 1948 65 43 2c.
896 1948 88 42 and
1012 1947 79 43 aff.
1119 1947 107 53 July
1257 1946 73 53 16;
1362 1947 44 42 A
1434 1946 192 53 861110;
1657 1947 61 44 N.
1748 1946 181 54 Quevli,
1958 1949 167 43 Mason
2158 1946 118 55 City,
2330 1962 39 30 Ia.

437 2004 272 57 (25-14326)

357 2107 350 69 Roosevelt,
744 2105 340 71 Theodore,
1117 2124 162 53 pres.
1315 2105 73 59 U.
1476 2151 11 11 S.

437 2202 133 56 The
603 2200 206 57 works
851 2199 68 57 of
958 2199 325 57 Theodore
1322 2198 355 58 Roosevelt.
1762 2198 334 58 Memorial
2135 2200 93 57 ed.
2310 2217 57 39 v.

397 2282 51 70 13,
483 2281 90 55 14.
660 2279 169 73 [New
857 2277 191 72 York,
1087 2276 260 59 Charles
1385 2276 358 58 Scribner’s
1779 2296 163 55 sons,
1979 2278 165 75 1924]

426 2371 82 43 2v.
571 2369 161 44 fronts,
761 2368 191 55 (ports.)
1019 2368 56 44 24½
1110 2370 47 18 cm
1163 2402 10 9 .

428 2441 268 52 Half-title;
726 2440 109 44 each
861 2440 181 43 volume
1067 2440 81 42 has
1175 2439 101 43 also
1300 2438 167 53 special
1494 2445 96 46 t.-p.

430 2512 381 45 CONTENTS.—v.
839 2519 64 36 13.
928 2510 101 44 The
1055 2510 166 53 Rough
1247 2510 159 52 riders,
1433 2509 102 45 The
1559 2509 130 44 Fifth
1714 2524 132 39 corps
1872 2517 47 37 at
1948 2510 233 54 Santiago,
2208 2508 160 47 Oliver

359 2570 361 45 Cromwell.—v.
746 2577 64 36 14.
842 2569 210 53 Literary
1075 2582 168 39 essays.

356 2642 54 54 ©
442 2644 108 43 Dec.
581 2643 68 52 20,
684 2643 130 51 1924;
847 2643 64 42 2c.
945 2641 108 44 each
1087 2640 107 45 Feb.
1231 2640 64 52 19,
1331 2637 130 55 1925;
1496 2640 104 44 affs.
1633 2639 107 44 Feb.
1777 2640 75 53 14;
1885 2640 45 43 A
1963 2638 180 55 861012,
2173 2638 192 55 861016;

429 2701 188 44 Charles
654 2699 251 46 Scribner’s
940 2714 117 28 sons.
1126 2696 66 57 [©
1227 2697 307 44 introduction
1567 2697 88 43 and
1687 2712 88 37 any
1809 2697 130 44 other
1972 2712 100 30 new
425 2695 1921 107 copyrightable

543 2756 222 54 material]

356 2858 299 59 Rowfant
688 2858 158 72 club,
884 2857 356 60 Cleveland.

435 2952 133 56 The
589 2969 157 54 year
767 2950 162 57 book
953 2949 108 58 for
1086 2950 166 55 1925.
1340 2946 355 74 Cleveland,
1726 2947 130 56 The
1883 2946 298 58 Rowfant
2209 2946 154 75 club,

356 3032 166 55 1925.

429 3107 78 43 142
539 3122 39 38 p.
617 3107 99 42 incl.
755 3106 140 42 front.,
924 3104 167 54 (port.)
1132 3118 59 38 pl.
1256 3104 50 43 18½
1341 3105 47 17 cm
1394 3137 9 8 .

355 3163 54 55 ©
436 3165 108 53 July
564 3165 33 51 1,
620 3161 129 54 1925;
779 3163 66 43 2c.
863 3162 107 54 July
990 3162 76 52 11;
1097 3161 79 44 aff.
1195 3160 107 54 July
1318 3159 80 54 24;
1429 3159 45 44 A
1501 3158 192 53 861203;
1725 3157 219 46 Rowfant
1972 3159 115 44 club.

357 3266 231 69 Saltus,
631 3265 218 73 Edgar
886 3265 329 71 Evertson,
1257 3262 360 59 1858-1921.

436 3357 130 57 The
604 3356 273 72 uplands
918 3355 68 57 of
1026 3355 234 69 dream,
1299 3353 84 71 by
1421 3351 223 72 Edgar
1685 3350 231 74 Saltus,
1963 3350 208 59 edited
2207 3349 153 59 with

356 3456 81 37 an
489 3434 429 58 introduction
971 3433 49 56 &
1077 3452 36 37 a
1166 3429 446 74 bibliography
1664 3429 84 72 by
1805 3427 262 61 Charles
2122 3429 234 58 Honce.

358 3514 292 73 Chicago,
683 3512 71 57 P.
791 3510 230 72 Covici,
1056 3511 167 56 1925.

430 3594 166 50 xxxiii,
625 3592 81 44 238
734 3607 39 38 p.
804 3591 103 46 incl.
938 3591 137 42 front.,
1102 3587 169 55 (port.)
1337 3587 55 43 24½
1426 3588 47 18 cm
1479 3619 9 9 .

433 3650 171 52 Essays
634 3649 88 44 and
752 3655 199 46 sonnets,
981 3645 228 54 reprinted
1241 3644 120 45 from
1391 3644 76 44 the
1499 3641 342 54 Cosmopolitan
1870 3645 89 43 and
1987 3642 77 46 the
2098 3641 155 48 Smart
2283 3649 80 39 set.

362 3708 59 54 cf.
456 3707 126 44 Pref.

435 3762 141 48 “This
621 3763 170 45 edition
832 3762 36 44 is
909 3759 175 46 limited
1125 3766 49 39 to
1215 3773 134 30 seven
1389 3757 205 46 hundred
1636 3758 87 44 and
1765 3755 106 57 fifty
1910 3757 244 46 numbered
2199 3758 161 54 copies.

361 3824 114 44 This
504 3824 37 43 is
570 3837 71 29 no.
671 3818 123 47 203.”

434 3881 73 43 “A
535 3875 317 55 bibliography
880 3874 51 45 of
957 3874 76 44 the
1062 3873 152 44 works
1243 3872 52 45 of
1324 3871 157 54 Edgar
1519 3870 282 54 (Evertson)
1843 3870 208 48 Saltus”:
2084 3887 40 38 p.
2154 3871 207 46 223-238.

356 3936 54 54 ©
442 3937 112 51 Apr.
586 3933 65 51 27,
689 3930 129 53 1925;
854 3932 64 42 2c.
953 3932 112 50 May
1099 3928 22 45 5
1138 3944 9 37 ;
1182 3929 78 43 aff.
1295 3929 117 52 June
1442 3927 78 52 27;
1556 3928 42 42 A
1632 3925 190 55 855858;
1860 3927 163 45 Pascal
2058 3927 169 46 Covici.
2293 3927 67 55 [©

426 3991 294 55 compilation
751 3990 88 43 and
871 3988 183 52 editing,
1087 3987 112 44 with
1231 4001 57 28 an
1321 3984 319 53 introduction]
1712 3982 272 57 (25-13319)
