2533 4412
1249 4059 150 55 1570

309 376 243 72 Lamer,
592 375 196 72 Hans,
827 378 190 57 1873-

389 452 1932 77 La civilización griega, resnmen gr á fico por el Dr. H.
312 535 259 58 Lamer;
604 530 253 61 versión
892 532 77 60 de
1001 535 63 55 la
1098 534 50 57 3.
1186 532 90 60 ed.
1312 533 287 59 alemana
1632 553 118 54 por
1784 534 55 58 el
1870 533 108 56 Dr.
2012 531 312 76 Domingo

312 609 1227 73 Miral … Barcelona, G. Gili, 1924.
379 678 1937 65 2 p. l., 192 p. illus. 20 cm . (Added t.-p.: Civilizaciones antiguas … t. II)
383 744 1160 53 “Bibliografia de los grabados” : p. [ 187]-189.
312 799 1869 54 © May 30, 1924; 1c. Nov. 2, 1925; A— Foreign 29040; Gustavo Gili.
390 857 245 56 (26-2711)

311 934 220 73 Lewis,
564 934 76 58 A.
675 934 68 57 L.

389 1012 1939 74 Yon, by A. L. Lewis … [Los Angeles, Calif., Gem
311 1092 367 72 publishing
710 1110 106 54 co.,
851 1092 150 56 1925]

379 1167 632 55 2 p. l., [7]-113 p. 20 cm .
312 1223 2015 55 © Aug. 17, 1925; 1c. Aug. 31; 1c. Oct. 21; aff. Oct. 19; A 872059; A. L.
383 1282 163 52 Lewis,
582 1281 294 53 Hollywood,
915 1281 135 44 Calif.

311 1359 186 73 Lord,
536 1359 332 59 Elizabeth
904 1360 232 70 Evans,
1176 1360 192 59 1890-

457 1437 1871 76 … Special disabilities in learning to read and write,
311 1521 84 70 by
438 1518 332 59 Elizabeth
813 1518 75 57 E.
934 1519 189 69 Lord,
1168 1519 294 58 Leonard
1508 1518 412 71 Carmichael,
1962 1517 247 59 Walter
2255 1517 71 57 F.

311 1594 2019 74 Dearborn … Cambridge, Mass., The Graduate school of
313 1674 352 70 education,
691 1674 307 59 Harvard
1022 1670 375 75 university,
1425 1673 167 60 1925.

380 1749 1947 54 2 p. l., 76 p. illus., pl. 26 cm . (Harvard monographs m education.
314 1806 97 47 Ser.
487 1824 9 28 I:
545 1808 182 46 Studies
770 1809 47 43 in
859 1807 289 46 educational
1191 1806 282 53 psychology
1515 1811 90 43 and
1648 1808 289 46 educational
1979 1817 348 41 measurement,

310 1864 87 46 vol.
424 1879 49 36 ii,
499 1881 74 29 no.
603 1866 46 49 1;
677 1863 151 47 whole
853 1881 73 29 no.
953 1864 52 51 6)

384 1920 127 45 “List
538 1922 52 45 of
616 1918 314 48 references”:
956 1935 42 36 p.
1024 1922 54 45 49
1105 1919 93 46 and
1224 1919 65 47 76.

717 1977 321 46 CONTENTS.—Introduction
1074 1979 61 49 by
1170 1978 76 44 W.
1286 1976 71 67 F..
1376 1975 415 46 Dearborn.—The
1828 1977 138 53 study
2002 1979 88 44 and
2126 1977 202 54 training

312 2034 53 46 of
393 2051 26 28 a
450 2034 121 46 child
601 2034 104 46 who
737 2051 93 29 was
865 2035 129 44 word
1022 2032 141 54 blind,
1193 2034 61 52 by
1283 2030 241 49 Elizabeth
1557 2033 53 49 E.
1643 2033 243 48 Lord.—A
1919 2035 136 53 study
2087 2035 51 46 of
2168 2051 24 29 a
2226 2049 103 32 case

312 2092 53 43 of
403 2091 170 46 mirror
613 2090 202 52 writing,
856 2092 61 50 by
957 2091 50 43 L.
1054 2090 462 48 Carmichael.—The
1556 2091 209 54 etiology
1803 2094 53 43 of
1897 2093 259 52 congenital
2199 2095 130 44 word

311 2148 244 49 blindness,
581 2149 61 50 by
665 2149 75 46 W.
768 2148 51 45 F.
848 2147 258 46 Dearborn.

314 2200 53 54 ©
394 2203 108 53 July
528 2203 67 50 21,
630 2201 131 53 1925;
792 2203 65 42 2c.
886 2203 89 43 and
1002 2203 81 43 aff.
1113 2202 120 52 Aug.
1270 2201 74 53 17;
1378 2203 44 42 A
1452 2202 191 53 861433;
1676 2202 182 46 Walter
1889 2203 153 45 Fenno
2076 2205 252 53 Dearborn,

385 2259 287 53 Cambridge,
715 2260 143 43 Mass.
928 2257 272 56 (25-27620)

314 2335 274 73 Lossius,
624 2335 203 75 Kitty,
864 2338 192 57 1892-

459 2414 1871 75 … Frøken Snobb og Hjerterdame, fortelling for unge.
314 2493 169 72 Oslo,
514 2493 79 56 H.
627 2493 379 73 Aschehoug
1038 2491 49 60 &
1117 2512 86 38 co.
1247 2493 124 72 (W.
1408 2493 335 73 Nygaard)
1785 2495 168 56 1925.

383 2571 533 54 4 p. l., 200 p. 20 cm .
313 2628 1929 55 © Nov. 2, 1925; 1c. Nov. 28; A—Foreign 29243; H. Aschehoug & co.
393 2686 244 56 (26-2276)

314 2761 361 58 Louisiana.
749 2763 205 73 Laws,
990 2765 290 71 statutes,
1319 2766 111 53 etc.

393 2843 130 59 The
560 2840 251 60 revised
849 2840 163 60 Civil
1049 2843 148 57 code
1233 2843 69 57 of
1337 2843 104 58 the
1478 2843 165 57 state
1680 2843 67 56 of
1780 2839 364 73 Louisiana,
2177 2841 153 58 with

315 2922 356 57 references
715 2925 65 54 to
822 2920 104 58 the
969 2924 132 54 acts
1147 2921 68 56 of
1254 2920 104 58 the
1398 2917 400 74 Legislature
1840 2939 84 53 up
1967 2924 65 54 to
2074 2919 125 60 and
315 2920 1989 150 including
604 2998 104 58 the
747 2996 243 60 session
1028 2999 68 57 of
1131 2998 167 56 1924.
1380 2996 178 59 With
1595 2998 105 58 the
1735 3001 181 54 notes
1956 2999 68 57 of
2061 3000 104 56 the
2202 3000 127 56 late

315 3075 227 58 Edwin
581 3074 272 58 Thomas
892 3073 293 72 Merrick,
1305 3120 11 11 LL.
1395 3119 34 27 D.,
1465 3075 134 59 also
1638 3073 343 62 annotated
2015 3074 154 59 with
317 3074 1989 139 references
604 3158 65 55 to
702 3153 105 60 the
840 3150 312 63 decisions
1188 3154 67 58 of
1288 3153 105 60 the
1429 3153 307 73 Supreme
1772 3158 177 55 court
1981 3158 64 56 to
2080 3155 104 59 the
2218 3154 110 58 156

315 3228 1989 154 Louisiana reports inclusive. 3d ed., with amended, enlarged and corrected index. By Edwin T. Merrick …
317 3387 152 57 New
500 3387 285 68 Orleans,
818 3387 72 58 F.
923 3386 70 56 F.
1026 3386 267 57 Hansell
1323 3386 48 57 &
1400 3388 154 69 bro.,
1584 3385 111 59 ltd.
1732 3416 13 43 [
1745 3395 19 20 c
1769 3388 149 56 1925]

390 3464 120 50 1304,
535 3464 57 45 29
615 3478 41 36 p.
715 3463 57 45 26½c
823 3467 30 17 m
859 3499 9 10 .

318 3516 53 54 ©
399 3519 119 42 Nov.
544 3518 67 51 30,
641 3516 129 53 1925;
798 3518 66 43 2c.
890 3519 111 42 Dec.
1024 3518 81 51 21;
1134 3517 79 43 aff.
1242 3518 110 42 Dec.
1376 3517 78 52 22;
1485 3517 44 42 A
1554 3516 190 54 875584;
1775 3517 50 45 F.
1853 3518 50 44 F.
1932 3520 195 43 Hansell
2155 3521 37 44 &
2219 3521 110 52 bro.,

389 3575 77 44 ltd.
536 3573 273 56 (25-27952)

318 3652 368 73 McCollum,
724 3652 215 57 Elmer
974 3651 257 58 Verner.

397 3733 197 71 Food,
631 3731 312 58 nutrition
984 3731 125 57 and
1145 3729 235 73 health,
1421 3730 84 72 by
1543 3729 216 59 Elmer
1800 3730 245 60 Verner
320 3732 1986 137 McCollum
482 3811 124 56 and

638 3809 170 61 Nina
841 3809 376 58 Simmonds.
1293 3808 367 73 Baltimore,
1696 3810 165 56 1925.

391 3889 18 42 1
477 3923 9 9 v.

320 3943 53 53 ©
405 3944 119 43 Nov.
554 3943 65 50 20,
656 3941 129 53 1925;
816 3942 66 43 2c.
913 3942 88 43 and
1032 3942 79 44 aff.
1145 3942 108 43 Dec.
1285 3943 50 51 3;
1370 3942 40 42 A
1446 3940 190 54 875343;
1672 3941 52 47 E.
1758 3942 57 44 V.
1849 3941 265 46 McCollum
2148 3946 86 42 and
2269 3946 59 45 N.

394 4000 273 51 Simmonds,
697 3998 262 44 Baltimore.
