2533 4412
1277 4109 113 57 642

334 419 196 60 Bible.
602 423 287 73 English.

406 501 129 57 The
580 501 172 71 Holy
794 500 199 74 Bible,
1038 501 366 73 containing
1445 501 104 58 the
1595 500 119 60 Old
1759 502 125 57 and
1930 502 152 58 New
330 503 1990 147 Testaments,

584 577 369 60 authorized
979 578 272 59 version.
1337 577 186 74 Quiet
1552 580 159 56 hour
1743 578 91 59 ed.
1920 579 153 58 Pub.
2107 579 104 57 for
2241 579 103 59 the

332 655 236 59 United
626 655 238 73 society
920 656 69 58 of
1048 655 325 60 Christian
1432 656 334 71 endeavor,
1825 656 262 72 Boston,
2149 658 195 57 Mass.

333 734 153 56 New
530 734 193 70 York,
773 732 245 63 Oxford
1065 732 356 74 university
1472 753 200 55 press,
1721 732 341 60 American
2110 735 238 58 branch

332 841 14 44 [
349 819 18 23 c
371 811 166 74 1925]

402 890 25 44 7
451 905 40 38 p.
548 924 10 18 l.,
583 890 168 44 3-1088
774 905 40 38 p.
875 905 144 38 maps.
1083 890 52 44 18
1141 892 47 17 cm
1194 925 8 8 .

330 945 55 54 ©
413 948 117 52 June
563 946 64 54 17,
660 946 129 53 1925;
819 948 65 43 2c.
915 948 88 43 and
1032 948 79 43 aff.
1142 949 118 51 June
1292 947 48 43 19;
1399 948 44 42 A
1476 946 189 54 829765;
1702 947 187 45 Oxford
1920 946 250 54 university
2199 961 141 39 press,

402 1004 246 44 American
683 1004 182 44 branch.
944 1002 53 54 [©
1033 1003 98 45 The
1167 1019 208 37 supreme
1412 1005 283 52 importance
1726 1005 51 44 of
1810 1004 76 44 the
1921 1003 122 54 quiet
2077 1004 128 53 hour,
2243 1003 99 46 The

403 1061 131 44 Bible
559 1062 43 42 in
629 1061 76 44 the
731 1062 121 52 quiet
876 1061 128 52 hour,
1034 1059 232 46 Christian
1293 1062 229 43 endeavor
1545 1061 191 53 history]
1809 1060 273 55 (25-11450)

334 1144 831 76 Bible. N. T. English.
410 1224 130 58 The
587 1224 286 73 people’s
920 1243 137 39 new
1101 1227 309 55 covenant
1466 1223 183 72 (New
1696 1224 396 73 Testament)
330 1224 1990 135 scriptural

531 1300 309 75 writings,
877 1302 357 57 translated
1268 1303 170 56 from
1474 1303 102 58 the
1610 1301 484 74 meta-physical
329 1304 1992 148 standpoint

538 1381 82 70 by
650 1380 247 57 Arthur
930 1381 73 56 E.
1042 1379 346 72 Overbury.
1473 1379 205 74 Being
1708 1403 40 38 a
1777 1378 278 60 revision
330 1382 1989 149 unhampered

571 1457 1773 75 by so-called ecclesiastical authority … together
328 1536 154 58 with
512 1559 35 37 a
576 1536 257 73 preface
867 1536 237 72 setting
1133 1536 177 58 forth
1340 1537 104 57 the
1478 1536 371 74 standpoint
1880 1536 69 59 of
1978 1537 104 58 the
2115 1538 230 58 author

331 1613 2014 74 on many fundamental questions … also an explanatory
329 1692 187 58 index
543 1691 219 73 giving
792 1712 35 37 a
857 1691 176 73 large
1064 1698 257 54 amount
1354 1691 67 59 of
1450 1692 289 59 valuable
1770 1691 418 60 information
2221 1694 123 57 and

330 1771 152 58 data
534 1769 246 73 helpful
834 1772 64 55 to
955 1790 36 37 a
1047 1768 511 74 comprehensive
1618 1770 189 73 study
1862 1769 69 58 of
1985 1770 104 58 the
2144 1770 197 59 Bible.

330 1846 353 73 Monrovia,
714 1846 207 73 Calif.,
948 1848 76 56 A.
1056 1848 73 57 E.
1161 1846 332 74 Overbury
1521 1877 13 44 [
1536 1856 19 22 c
1559 1848 166 73 1925]

404 1924 962 54 1 p. l., 53 p., 1 l., 502, 229 p. 20½ cm .
330 1981 53 54 ©
417 1983 113 52 Apr.
569 1983 61 51 12,
669 1981 129 53 1925;
834 1983 64 43 2c.
932 1983 88 43 and
1054 1984 79 41 aff.
1197 1997 85 28 June
1320 1984 45 50 1;
1402 1982 44 42 A
1482 1980 189 54 829595;
1710 1982 178 43 Arthur
1923 1981 124 48 Evill
2082 1982 256 56 Overbury.

408 2039 272 55 (25-10936)

332 2125 191 73 Book,
561 2124 286 60 William
882 2124 358 73 Frederick,
1280 2127 191 57 1872-

409 2208 129 56 The
578 2207 390 72 psychology
1010 2207 66 56 of
1117 2205 159 72 skill,
1316 2206 151 56 with
1510 2204 234 72 special
1785 2205 322 58 reference
2148 2209 63 56 to
2253 2205 84 60 its

331 2283 1938 74 acquisition in typewriting, by William Frederick Book …
330 2363 150 57 New
508 2362 191 72 York,
731 2362 271 72 Chicago
1088 2366 95 68 [etc.]
1220 2362 128 57 The
1380 2361 213 73 Gregg
1619 2360 366 74 publishing
2013 2380 323 54 company,

331 2441 166 56 1925.

398 2517 78 46 viii
508 2533 57 37 p.,
597 2522 17 41 1
667 2554 21 15 l.,
719 2518 81 45 257
830 2533 41 34 p.
932 2519 145 43 tables
1104 2517 47 52 (1
1185 2516 141 53 fold.)
1363 2517 168 51 diagrs.
1559 2518 47 51 (1
1642 2518 139 50 fold.)
1849 2518 55 44 20
1910 2520 46 17 cm
1962 2553 9 9 .

401 2575 207 48 “Second
636 2574 401 47 edition.”—Pref.

330 2629 53 54 ©
407 2632 116 51 June
547 2631 39 51 9,
615 2629 130 53 1925;
771 2631 66 42 2c.
864 2630 87 43 and
975 2630 79 43 aff.
1081 2631 116 51 June
1227 2629 73 51 13;
1330 2629 44 42 A
1401 2626 165 46 855527;
1622 2627 155 54 Gregg
1803 2628 100 53 pub.
1931 2644 64 27 co.

408 2686 273 55 (25-11173)

331 2781 237 71 Bower,
610 2778 284 61 William
934 2779 284 73 Clayton.

409 2858 129 57 The
563 2858 378 57 curriculum
964 2858 67 56 of
1054 2855 300 71 religious
1380 2855 349 72 education,
1751 2857 85 71 by
1856 2856 279 59 William
331 2853 1986 141 Clayton

461 2934 1640 73 Bower … New York, C. Scribner’s sons, 1925.
398 3014 67 43 xii
493 3029 55 38 p.,
583 3016 17 41 1
653 3048 21 12 l.,
704 3014 81 43 283
816 3029 39 37 p.
916 3013 55 44 20
976 3015 48 18 cm
1030 3048 9 9 .

402 3070 328 54 Bibliography
747 3086 7 28 :
789 3086 39 37 p.
857 3068 207 46 261-274.

329 3126 54 53 ©
419 3129 112 52 May
562 3128 66 51 22,
667 3126 130 52 1925;
832 3129 66 42 2c.
933 3128 117 52 June
1083 3127 49 52 6;
1168 3127 78 43 aff.
1284 3127 111 52 May
1427 3127 80 50 28;
1545 3126 44 42 A
1625 3123 190 54 829569;
1856 3124 189 44 Charles
2085 3122 250 48 Scribner’s

400 3201 118 28 sons.
588 3183 273 57 (25-10897)

333 3271 167 57 Cage
527 3272 175 57 birds
732 3273 124 56 and
882 3272 144 57 bird
1050 3272 216 71 world,
1293 3289 57 38 v.
1380 3272 91 68 47,
1499 3290 97 37 no.
1630 3270 167 71 1217,
1826 3269 153 71 May
2006 3270 54 69 9,
2091 3268 165 56 1925.

330 3342 2003 59 © 1c. July 6, 1925; A ad int. 7073; pubd. May 9; F. Carl, ℅ Hughes
401 3406 173 43 Massie
605 3406 38 43 &
673 3421 82 37 co.,
788 3405 117 44 New
938 3405 143 44 York.

333 3489 184 70 Card,
557 3490 168 58 Fred
759 3489 297 73 Wallace,
1095 3492 190 57 1863-

405 3567 429 71 Bush-fruits;
879 3588 36 37 a
957 3568 331 58 handbook
1329 3568 67 56 of
1437 3565 417 72 raspberries,
1896 3562 441 70 blackberries,

330 3645 395 71 dewberries,
754 3647 451 71 gooseberries,
1235 3647 310 68 currants,
1573 3643 404 65 blueberries,
2006 3641 123 57 and
2157 3639 180 58 other

332 3723 422 69 small-fruits,
795 3725 84 71 by
921 3724 170 58 Fred
1133 3725 95 58 W.
1279 3721 184 61 Card.
1548 3722 153 62 New
1743 3722 124 56 and
1906 3717 293 59 modified
2243 3717 90 58 ed.

329 3802 151 57 New
507 3801 190 72 York,
728 3803 130 57 The
888 3802 357 57 Macmillan
1277 3819 326 53 company,
1634 3801 163 57 1925.

400 3872 1937 60 xiii p., 1 l., 411 p. illus., XVI pl. (incl. front.) 19½c m . (Half-title: The
330 3936 143 44 Rural
502 3936 175 44 science
707 3936 153 53 series,
892 3938 48 42 L.
972 3938 61 46 H.
1066 3937 170 54 Bailey,
1268 3935 172 50 editor)

330 3991 53 54 ©
415 3995 115 51 June
561 3994 38 50 9,
634 3992 131 53 1925;
799 3995 65 42 2c.
899 3996 87 42 and
1019 3995 78 43 aff.
1131 3996 119 51 June
1285 3993 73 53 10;
1396 3994 44 42 A
1475 3991 188 53 829607;
1702 3990 266 44 Macmillan
2003 4004 65 28 co.
2146 3984 53 54 [©
2234 4002 98 28 new

400 4049 220 54 material]
691 4049 271 56 (25-11134)
