2533 4412
1297 4083 152 58 1228

368 400 128 58 The
534 399 402 75 Community
966 400 278 59 workers
1281 400 69 58 of
1383 400 104 58 the
1523 402 155 58 New
1711 400 178 60 York
1920 401 182 76 guild
2134 402 105 59 for
2272 402 104 59 the

443 477 241 59 Jewish
713 477 197 72 blind,
948 498 196 55 comp.

441 558 179 58 More
648 577 172 54 aces;
850 579 36 37 a
917 559 325 59 collection
1269 560 68 58 of
1367 560 178 58 short
1576 557 228 62 stories
1831 562 85 69 by
1943 559 244 74 George
2217 561 158 72 Ade,

364 637 188 72 Mary
584 636 219 72 Antin,
837 636 268 59 Konrad
1139 636 346 71 Bercovici,
1521 637 290 72 Dorothy
1849 637 299 73 Canfield,
2183 639 192 59 Willa

366 714 251 73 Gather,
678 712 170 59 Zona
907 714 171 73 Gale,
1138 714 172 60 John
1371 714 419 73 Galsworthy,
1854 716 151 59 Sam
2061 715 314 74 Heilman,

364 793 226 72 Fanny
625 793 225 71 Hurst,
887 793 293 59 Leonard
1218 790 296 74 Merrick,
1550 793 319 58 Kathleen
1906 793 249 72 Norris,
2193 794 70 60 G.
2301 794 72 58 B.

365 871 209 73 Stern,
613 870 341 74 Benjamin
991 872 74 58 R.
1109 871 179 73 Sher,
1328 872 151 59 Rita
1516 869 310 76 Weiman,
1867 871 216 73 Thyra
2125 872 252 60 Samter

361 949 335 71 Winslow;
748 951 307 72 compiled
1100 952 84 72 by
1230 952 103 57 the
1383 949 403 74 Community
1830 951 278 59 workers
2157 953 68 58 of
2272 952 104 59 the

362 1029 155 58 New
542 1029 176 59 York
745 1027 174 75 guild
947 1030 105 59 for
1081 1030 105 58 the
1215 1026 241 62 Jewish
1482 1027 192 61 blind.
1758 1028 154 60 New
1939 1029 175 58 York
2142 1029 48 58 &
364 1029 1987 149 London,

534 1107 69 59 G.
633 1108 69 58 P.
732 1108 336 58 Putnam’s
1099 1126 167 53 sons,
1295 1106 166 58 1925.

432 1184 668 52 2 p. l., iii-v, 379 p. 21 cm .
366 1238 53 54 ©
449 1240 102 44 Oct.
578 1240 39 51 9,
650 1238 130 53 1925;
808 1239 66 43 2c.
903 1240 89 42 and
1019 1239 79 43 aff.
1130 1239 102 44 Oct.
1266 1239 74 51 14;
1373 1238 44 43 A
1445 1238 191 52 869397;
1670 1237 292 54 Community
1991 1240 204 43 workers
2225 1240 51 44 of
2304 1240 75 44 the

437 1296 58 44 N.
526 1297 56 42 Y.
611 1296 126 53 guild
767 1296 75 44 for
869 1295 75 44 the
971 1295 171 53 Jewish
1171 1295 137 52 blind,
1342 1296 119 43 New
1490 1297 144 42 York.
1705 1294 271 56 (25-21209)

368 1380 425 59 Connecticut.
867 1381 306 74 Supreme
1211 1386 175 52 court
1423 1381 67 74 of
1525 1399 224 39 errors.

444 1460 1932 74 Cases argued and determined … February-July, 1925.
411 1587 9 10 v.
455 1541 128 56 102.
651 1540 101 72 By
779 1540 174 58 John
982 1540 83 56 M.
1102 1539 271 72 Comley.
1447 1539 151 57 New
1628 1539 192 74 York,
1854 1538 128 59 The
2013 1539 215 59 Banks
2261 1540 118 57 law

363 1618 368 73 publishing
764 1638 107 53 co.,
907 1619 166 57 1925.

432 1699 64 50 xi,
529 1697 84 45 822
644 1711 40 38 p.
747 1697 54 43 24
809 1699 45 17 cm
862 1732 8 8 .

365 1752 53 54 ©
450 1755 110 42 Dec.
596 1752 38 53 5,
671 1752 130 52 1925;
836 1753 64 44 2c.
933 1754 87 42 and
1052 1753 79 43 aff.
1168 1753 108 42 Dec,
1310 1752 50 52 8;
1397 1752 44 42 A
1475 1750 190 53 875406;
1703 1750 188 45 Francis
1927 1752 57 43 A.
2023 1751 201 53 Pallotti,
2260 1766 117 39 secy,

435 1810 53 45 of
520 1818 117 36 state
669 1811 74 43 for
772 1810 76 43 the
879 1816 116 37 state
1025 1809 51 44 of
1110 1807 311 53 Connecticut,
1454 1808 245 44 Hartford.

369 1895 322 74 Connolly,
735 1896 215 58 James
990 1895 312 73 Brendon,
1346 1896 190 58 1868-

445 1976 172 62 Steel
667 1976 207 72 decks,
925 1978 83 72 by
1057 1976 220 59 James
1325 1975 72 58 B.
1454 1974 323 74 Connolly.
1861 1974 152 57 New
2063 1975 192 73 York,
2310 1974 64 59 C.

368 2057 358 59 Scribner’s
758 2075 165 51 sons,
952 2055 167 61 1925.

435 2134 580 52 5 p. l., 3-265 p. 20 cm .
367 2188 53 54 ©
458 2190 102 44 Oct.
596 2190 39 51 2,
676 2187 130 53 1925;
846 2189 63 43 2c.
949 2188 103 44 Oct.
1093 2189 75 51 14;
1206 2188 80 43 aff.
1325 2187 102 44 Oct.
1469 2186 74 52 12;
1584 2186 44 42 A
1665 2185 190 52 869694;
1898 2185 188 45 Charles
2128 2185 250 47 Scribner’s

437 2262 118 29 sons.
625 2244 272 55 (25-21216)

368 2318 316 70 Crothers,
723 2316 256 60 Samuel
1012 2314 336 72 McChord,
1387 2316 191 58 1857-

365 2390 1990 157 The children of Dickens [by] Samuel McChord Crothers;
611 2474 365 61 illustrated
1013 2473 84 71 by
1133 2470 210 61 Jessie
1382 2469 269 59 Willcox
1692 2469 222 60 Smith.
1998 2470 154 59 New
2190 2470 191 72 York,

367 2553 64 60 C.
470 2553 358 60 Scribner’s
864 2571 165 49 sons,
1063 2550 167 58 1925.

436 2627 1319 59 vi p., 2 l., 3-259 p. col. front., col. plates. 24½ cm .
366 2689 53 55 ©
458 2690 120 53 Sept.
614 2688 67 52 25,
720 2687 130 53 1925;
885 2689 66 43 2c.
990 2688 103 44 Oct.
1132 2687 74 51 14;
1244 2686 79 43 aff.
1362 2685 101 44 Oct.
1497 2686 52 51 2;
1588 2685 44 42 A
1668 2684 190 53 869697;
1899 2683 187 45 Charles
2128 2684 250 47 Scribner’s

438 2763 117 29 sons.
626 2745 272 56 (25-21280)

370 2817 385 72 Cummings,
795 2814 285 61 William
1120 2814 71 59 G.

435 2896 271 58 Passion
737 2896 123 56 and
889 2894 202 71 glory,
1118 2892 84 72 by
1230 2890 282 58 William
1542 2889 382 73 Cummings.
2009 2888 153 60 New
2189 2889 191 70 York,

363 2976 75 57 A.
471 2975 75 56 A.
578 2971 245 72 Knopf,
857 2972 166 56 1925.

436 3048 636 58 3 p l., 3-278 p., 1 l. 19½ cm .
367 3109 53 54 ©
452 3111 102 44 Oct.
584 3111 65 45 23,
684 3107 130 53 1925;
846 3108 64 43 2c.
942 3107 87 43 and
1059 3106 78 43 aff.
1170 3105 102 44 Oct.
1304 3104 77 51 30;
1415 3104 44 42 A
1490 3103 192 52 869811;
1715 3102 168 45 Alfred
1913 3103 57 43 A.
2003 3102 174 53 Knopf,
2210 3103 70 43 inc.

446 3164 272 56 (25-21771)

368 3240 343 70 Edgerton,
748 3233 327 73 Franklin,
1111 3235 191 57 1885-

443 3317 130 58 The
596 3314 352 71 Bhagavad
972 3311 163 74 gita;
1163 3329 88 53 or,
1279 3309 172 68 Song
1476 3308 67 57 of
1566 3307 105 58 the
1695 3308 248 57 blessed
1969 3326 134 54 one,
2127 3307 246 58 India’s

362 3385 1943 75 favorite Bible, interpreted by Franklin Edgerton …
365 3473 272 72 Chicago
676 3474 147 70 [etc.]
860 3469 129 57 The
1026 3467 175 72 Open
1236 3467 180 56 court
1446 3463 367 73 publishing
1846 3481 325 54 company,
2206 3465 165 55 1925.

436 3547 816 59 3 p. l., iii p., 2 l., 106 p. 22½ cm .
366 3609 53 54 ©
448 3611 119 42 Mar.
603 3608 62 50 14,
696 3603 131 54 1925;
858 3604 64 44 2c.
951 3605 117 52 June
1098 3603 75 51 18;
1204 3602 79 43 aff.
1312 3601 116 52 June
1459 3597 75 54 17;
1565 3599 44 42 A
1638 3596 190 54 829752;
1861 3599 129 52 Open
2021 3604 130 38 court
2180 3599 102 52 pub.
2312 3613 66 29 co.

444 3663 271 58 (25-21062)

367 3738 241 69 Foster,
647 3732 301 72 William,
990 3733 191 59 1869-

437 3814 358 58 Laboratory
871 3809 310 59 exercises
1210 3807 67 57 in
1306 3804 258 75 general
1593 3802 360 72 chemistry,
1983 3803 84 69 by
2093 3802 278 58 William

359 3879 2013 80 Foster … and Harley Willis Heath … 1st ed. New York,
361 3973 72 56 D.
461 3971 142 58 Van
632 3968 328 58 Nostrand
987 3982 327 54 company,
1346 3962 167 56 1925.
