2533 4412
1068 4021 149 55 1439

152 350 238 74 Hardy,
432 351 285 73 Thomas,
757 354 190 57 1840-

228 440 252 57 Human
528 442 218 72 shows,
795 442 107 57 far
946 443 384 74 phantasies,
1380 464 205 55 songs,
1634 448 125 57 and
1805 448 214 73 trifles,
2067 450 82 71 by

153 520 270 58 Thomas
469 520 242 72 Hardy.
799 522 152 57 New
994 522 190 71 York,
1236 523 128 58 The
1413 524 360 59 Macmillan
1822 546 322 50 company,

151 598 164 57 1925.

220 686 832 54 3 p. l., v-x p., 1 l., 279 p. 23 cm .
223 756 1922 58 “Of this special edition … 100 copies have been printed, of which this
148 813 38 43 is
214 813 188 43 number
431 812 94 44 95.”

149 882 54 54 ©
229 885 109 42 Dec.
370 885 31 51 1,
433 885 102 42 1925;
589 885 64 42 2c.
678 886 87 42 and
791 885 78 43 aff.
898 886 108 43 Dec.
1031 886 26 41 2;
1111 887 44 42 A
1182 885 166 47 872666;
1403 887 266 43 Macmillan
1696 902 66 30 co.

228 939 270 55 (25-24887)

150 1056 371 73 Hartmann,
560 1056 48 59 O
924 1056 77 59 H.

147 1149 1973 148 Hochdrnckdampf, von O. H. Hartmann … Mit 61 abbildungen
518 1227 129 57 und
684 1227 72 55 10
793 1226 437 60 zahlentafeln.
1316 1231 50 53 1.
1402 1227 97 60 bis
1538 1229 50 56 5.
1626 1230 284 58 tausend.
148 1230 1971 146 Berlin,
281 1304 415 72 VDI-verlag,

726 1325 55 51 g.
810 1324 78 37 m.
917 1306 56 57 b.
1002 1306 79 71 h.,
1111 1306 167 59 1925.

216 1394 1349 54 viii, 183 p. incl. illus., tables, diagrs. 2 pl. 15 cm .
218 1465 151 45 Plates
398 1465 181 50 printed
605 1481 58 29 on
691 1467 108 44 both
828 1466 130 47 sides.

148 1529 1994 61 © July 11, 1925; 1c. Sept. 23; A—Foreign 28646; V. D. I. verlag, g. m. b. h.
226 1587 270 56 (25-25207)

147 1683 497 77 Hergesheimer,
681 1687 255 74 Joseph,
975 1690 190 58 1880-

224 1779 191 56 From
462 1798 79 37 an
586 1779 102 57 old
730 1778 213 73 house,
988 1779 82 72 by
1114 1779 241 72 Joseph
1401 1780 506 74 Hergesheimer.
1996 1783 146 58 New

146 1856 188 73 York,
367 1856 76 57 A.
475 1856 77 57 A.
585 1856 240 73 Knopf,
861 1857 166 57 1925.

215 1933 94 51 211,
342 1935 53 52 [1]
427 1946 40 39 p.
498 1932 101 44 incl.
629 1928 155 58 plates.
841 1930 56 47 27
902 1935 48 19 cm
956 1968 9 9 .

215 1990 123 43 Title
365 1990 215 53 vignette.

219 2045 124 45 “The
379 2045 296 44 illustrations
711 2046 44 42 in
789 2045 87 44 this
913 2046 120 44 book
1066 2045 114 45 have
1215 2046 111 44 been
1361 2047 279 52 reproduced
1675 2047 126 44 from
1834 2048 308 53 photographs

146 2104 131 42 made
306 2103 59 52 by
397 2101 149 53 Philip
579 2102 50 43 B.
661 2101 245 45 Wallace.”

219 2158 125 44 “Ten
369 2159 204 43 hundred
596 2160 87 42 and
707 2156 105 54 fifty
835 2157 148 52 copies
1008 2157 51 44 of
1083 2157 88 44 this
1197 2157 131 51 book,
1354 2158 51 44 of
1430 2157 148 45 which
1603 2173 84 30 one
1713 2159 223 45 thousand
1962 2174 77 30 are
2068 2159 76 45 for

148 2214 104 52 sale,
287 2215 113 43 have
433 2215 110 43 been
577 2214 178 52 printed
791 2214 123 44 from
949 2212 165 45 Caslon
1149 2221 104 44 type
1285 2214 59 52 by
1378 2213 74 44 the
1490 2215 183 51 Pynson
1709 2214 193 54 printers
1938 2215 51 45 of
2025 2216 118 44 New

147 2272 131 43 York
307 2272 141 42 under
478 2270 74 45 the
584 2270 209 52 personal
824 2270 281 52 supervision
1136 2270 51 44 of
1220 2269 157 47 Elmer
1410 2270 157 52 Adler,
1598 2270 110 44 each
1739 2286 114 38 copy
1884 2272 257 52 numbered,

146 2324 1322 56 and signed by thé author … This is number 996.”
146 2396 54 54 ©
228 2398 118 43 Nov.
370 2397 69 51 20,
467 2396 129 53 1925;
624 2397 64 43 2c.
714 2397 119 43 Nov.
858 2397 78 51 27;
965 2396 78 43 aff.
1071 2397 108 43 Dec.
1207 2397 49 51 3;
1287 2396 44 42 A
1358 2394 188 53 875342;
1576 2395 170 44 Alfred
1771 2397 57 47 A.
1856 2395 173 54 Knopf,
2059 2396 82 44 inc.

225 2453 270 55 (25-24885)

149 2554 294 73 Herman,
486 2552 240 59 Flossie
768 2553 69 57 E.

220 2644 339 73 Gleanings
588 2644 168 57 from
783 2643 130 72 life,
942 2642 449 73 inspirational
1417 2660 233 55 poems,
1678 2643 84 72 by
1789 2643 244 58 Flossie
2064 2643 74 58 E.

142 2723 299 57 Herman.
528 2720 372 75 [Columbus,
985 2768 30 27 O.,
1044 2721 128 58 The
1198 2720 306 58 Franklin
1527 2720 286 74 printing
1838 2740 104 54 co.]
1969 2722 166 56 1925.

212 2799 986 56 6 p. l., 15-76 p. mounted illus. 21 cm .
146 2856 54 54 ©
238 2859 119 42 Nov.
399 2858 62 51 12,
504 2856 129 53 1925;
673 2857 63 43 2c.
777 2857 119 43 Nov.
934 2857 50 50 4;
1025 2856 78 43 aff.
1145 2856 119 43 Nov.
1303 2855 79 51 21;
1423 2855 44 42 A
1505 2854 163 45 876345;
1737 2855 50 43 F.
1826 2855 53 47 E.
1920 2856 221 52 Herman,

216 2914 232 53 Magnetic
485 2913 205 53 Springs,
727 2914 55 43 O.
852 2911 270 55 (25-24702)

147 3012 178 71 Hess,
360 3011 215 73 Adolf,
614 3014 189 56 1879-

218 3101 408 72 Analytische
657 3101 338 72 geometrie
1027 3100 106 56 für
1165 3099 399 57 studierende
1595 3099 111 57 der
1733 3098 251 59 technik
2011 3100 128 56 und

142 3175 1996 156 zum selbststudium, von dr. Adolf Hess … Mit 140 text-abbildungen.
647 3257 234 72 Berlin,
916 3257 58 58 J.
1012 3255 324 73 Springer,
1371 3256 165 56 1925.

210 3338 77 53 vii,
321 3336 77 46 172
426 3352 40 39 p.
526 3336 167 53 diagrs.
752 3337 51 42 21
812 3338 47 17 cm
867 3371 8 7 .

148 3388 1721 117 © July 17, 1925; 1c. Oct. 10; A —Foreign 28886; Julius Springer. (25-25002)
149 3547 268 71 Hidden,
458 3545 256 59 Charles
750 3543 258 61 Walter.

223 3638 128 57 The
383 3638 224 72 golden
633 3636 293 72 highway;
988 3655 35 37 a
1051 3634 170 57 hand
1248 3633 162 58 book
1437 3634 69 57 of
1536 3652 264 54 success,
1829 3633 84 72 by
1944 3632 65 60 C.
2039 3632 95 59 W.

145 3711 1680 75 Hidden … Carver, Mass., C. W. Hidden [ c 1925]
215 3793 600 57 3 p. l., 9-194 p. 19½ cm .
217 3852 324 51 “Advertising
566 3849 190 45 matter”:
811 3865 39 37 p.
881 3850 90 43 194.

149 3908 53 53 ©
241 3910 100 43 Oct.
378 3908 66 48 28,
488 3906 129 52 1925;
656 3907 64 43 2c.
759 3905 118 44 Nov.
919 3906 73 51 11;
1034 3905 78 43 aff.
1153 3905 118 43 Nov.
1313 3904 72 52 10;
1427 3904 44 42 A
1508 3903 189 53 872394;
1739 3903 48 45 C.
1827 3905 75 43 W.
1944 3902 194 45 Hidden.

220 3964 183 44 Carver.
436 3965 141 42 Mass.
646 3960 270 48 (25-24853)
