2533 4412
1352 4098 112 57 760

461 518 265 51 Half-title;
755 519 110 44 each
888 519 179 44 volume
1090 519 80 43 has
1198 519 96 44 also
1320 518 166 54 special
1510 527 95 43 t.-p.

462 575 140 45 “This
640 576 179 46 edition,
857 575 178 53 printed
1072 575 121 44 from
1230 584 104 44 type
1370 575 148 43 which
1553 576 81 42 has
1671 576 111 43 been
1819 574 282 46 distributed,
2141 574 37 43 is
2221 572 176 54 strictly

392 634 174 43 limited
595 640 45 37 to
673 648 86 28 one
793 632 224 44 thousand
1050 634 87 42 and
1170 632 105 53 fifty
1308 640 89 36 sets
1431 633 73 43 for
1537 633 228 49 America,
1797 632 49 44 of
1879 631 148 44 which
2060 645 85 29 one
2177 630 224 44 thousand

390 704 76 30 are
495 690 72 44 for
595 690 93 44 sale
714 691 88 42 and
830 690 104 51 fifty
960 705 77 28 are
1065 689 73 43 for
1164 688 348 53 presentation.”
1576 686 113 46 This
1717 690 35 42 is
1781 704 83 28 one
1891 689 50 43 of
1968 688 76 42 the
2071 688 104 52 fifty
2203 695 88 36 sets
2323 687 73 44 for

388 748 319 51 presentation.
771 745 128 44 “The
930 745 169 44 edition
1133 746 74 43 for
1243 745 138 44 Great
1415 745 178 43 Britain
1626 746 87 42 and
1749 745 184 43 Ireland
1966 744 37 43 is
2039 743 173 45 limited
2246 749 45 39 to
2325 742 72 45 six

389 805 204 43 hundred
623 805 87 42 and
739 811 169 44 twenty
938 811 104 35 sets,
1073 803 50 43 of
1151 802 150 44 which
1332 802 72 43 six
1432 802 205 43 hundred
1666 817 77 28 are
1775 802 73 43 for
1879 801 92 44 sale
2001 802 90 43 and
2120 808 170 45 twenty
2320 815 79 29 are

390 860 74 46 for
490 860 347 54 presentation.”

464 919 378 43 CONTENTS,—v.
874 923 37 38 7.
943 917 99 44 The
1072 918 169 43 wheels
1271 917 51 44 of
1350 918 181 46 chance,
1563 918 124 42 Love
1716 918 87 42 and
1834 917 92 42 Mr.
1957 916 373 43 Lewisham.—v.
2359 922 40 37 8.

390 976 171 52 Kipps;
589 975 74 44 the
690 983 126 44 story
841 975 51 44 of
917 991 25 28 a
968 974 158 53 simple
1153 974 111 45 soul.

390 1030 55 54 ©
478 1034 112 50 May
625 1034 33 50 1,
696 1031 130 53 1925;
860 1036 63 41 2c.
956 1031 109 44 each
1095 1034 116 51 June
1241 1032 49 52 8;
1325 1031 102 43 affs.
1462 1032 111 52 May
1607 1030 49 53 7;
1692 1032 43 42 A
1768 1028 178 53 855500,
1980 1028 190 55 855501;
2208 1029 190 44 Charles

462 1089 252 47 Scribner’s
743 1104 119 29 sons,
942 1088 51 53 [©
1022 1089 196 52 preface]

390 1188 348 73 Whitaker,
776 1187 260 59 Charles
1072 1187 246 73 Harris,
1356 1190 90 57 ed.

469 1280 296 56 Bertram
804 1279 365 59 Grosvenor
1204 1279 318 71 Goodhue,
1561 1278 303 57 architect
1904 1278 123 57 and
2059 1281 241 54 master
2338 1277 67 57 of

389 1376 191 53 many
618 1360 167 68 arts;
825 1357 104 57 the
967 1361 137 54 text
1138 1358 83 71 by
1258 1357 276 72 Hartley
1568 1357 171 57 Burr
1778 1356 381 73 Alexander,
2197 1355 208 73 Ralph

391 1436 241 58 Adams
669 1434 206 75 Cram,
911 1435 244 74 George
1189 1435 221 73 Ellery
1441 1436 183 73 Hale,
1657 1436 122 57 Lee
1816 1434 265 74 Lawrie,
2120 1433 64 61 C.
392 1434 1988 138 Howard

537 1515 276 72 Walker,
849 1514 261 59 Charles
1142 1514 235 59 Harris
1406 1514 352 73 Whitaker,
1790 1514 210 58 edited
2029 1515 83 72 by
2143 1512 261 60 Charles

391 1593 234 58 Harris
663 1593 350 59 Whitaker.
1097 1594 154 57 New
1285 1594 176 56 York
1497 1593 145 72 city,
1682 1594 193 56 Press
1915 1592 67 58 of
2020 1593 105 57 the
392 1592 1989 138 American

539 1671 291 59 institute
863 1672 68 56 of
964 1671 358 73 architects,
1354 1671 139 73 inc.,
1527 1674 166 56 1925.

463 1751 1713 55 4 p. l., 11-50 p., CCLXXII pl. on 131 l., 4 l. illus., 5 col. pl. 37 cm .
462 1808 267 44 Illustrated
752 1808 341 53 lining-papers.

392 1865 51 53 ©
469 1867 106 52 July
606 1868 61 50 14,
696 1865 130 50 1925;
853 1867 64 42 2c.
942 1867 107 51 July
1072 1866 78 52 20;
1178 1866 79 44 aff.
1284 1866 107 52 July
1420 1864 74 54 15;
1523 1866 42 42 A
1591 1863 190 54 861158;
1811 1866 138 42 Press
1974 1864 50 44 of
2050 1864 76 43 the
2152 1863 249 44 American

460 1924 205 43 institute
691 1924 52 43 of
774 1923 256 51 architects,
1064 1924 84 42 inc.
1220 1921 271 54 (25-14960)

392 2022 369 74 Winograd,
804 2021 234 59 Morris
1080 2021 271 74 Nathan,
1395 2023 191 58 1906-

391 2113 1930 118 מיינע י אָ רן (לירער) פון מ. ווינ אָ גר אַ ר. גיו־י אָ רק,
1533 2213 872 104 פ אַ רלאג „ פערער", 1925 .
463 2355 65 52 36,
601 2372 11 30 [1]
637 2368 42 40 p.
745 2354 51 45 18c
819 2357 30 17 m
856 2391 8 8 .

464 2409 123 46 Title
611 2410 349 46 transliterated
978 2427 8 27 :
1018 2409 160 45 Meine
1205 2425 131 39 yorn.

390 2468 56 53 ©
470 2472 115 50 June
609 2468 38 53 5,
674 2468 129 54 1925;
830 2470 64 42 2c.
920 2470 87 42 and
1032 2469 78 43 aff.
1136 2471 119 50 June
1277 2469 50 50 8;
1354 2470 43 41 A
1420 2467 191 54 858567;
1639 2470 66 41 M.
1731 2470 60 42 N.
1816 2468 274 53 Winograd,
2115 2469 116 43 New
2256 2468 142 44 York.

471 2524 273 56 (25-11505)

394 2611 398 71 Woodward,
833 2610 189 75 Mary
1059 2609 199 59 Ellen.

473 2705 227 57 Poems
742 2704 126 57 and
911 2722 239 52 essays,
1191 2704 84 71 by
1318 2704 188 72 Mary
1547 2702 184 58 Ellen
1770 2702 401 58 Woodward.
394 2703 1990 150 Lexington,

662 2781 145 72 Ky.,
840 2781 168 58 1925.

464 2858 337 55 50 p. 17½ cm .
401 2914 53 54 ©
482 2919 116 50 June
628 2918 64 50 29,
725 2914 102 46 1925
846 2932 8 37 ;
884 2919 65 40 2c.
977 2917 87 43 and
1091 2916 79 43 aff.
1198 2916 106 52 July
1336 2917 45 51 1;
1413 2917 43 41 A
1485 2914 188 53 829967;
1707 2917 65 41 M.
1803 2915 39 47 E.
1885 2916 294 50 Woodward,
468 2915 1917 110 Lexington,
590 2974 88 52 Ky.
749 2971 273 56 (25-12388)

397 3058 272 74 Wright,
709 3058 259 58 Charles
1001 3058 226 72 Baker,
1264 3061 148 56 1859–

396 3148 1988 151 A teacher’s avocations, by Charles B. Wright … Middlebnry,
708 3229 404 71 Middlebury
1139 3228 232 72 college
1400 3246 200 54 press,
1634 3229 165 56 1925.

465 3306 80 53 xii,
582 3307 91 52 191,
753 3323 9 30 [1]
801 3322 39 37 p.
901 3305 117 45 illus.
1078 3307 54 42 22
1140 3308 47 18 cm
1195 3346 7 8 .

469 3362 175 47 “Seven
679 3363 209 44 hundred
924 3364 88 43 and
1049 3362 107 54 fifty
1194 3362 149 53 copies
1380 3363 50 47 of
1468 3362 89 45 this
1594 3362 123 45 book
1748 3362 116 45 have
1902 3364 112 44 been
2052 3362 177 54 printed
2265 3363 143 44 under

396 3420 222 44 direction
644 3420 51 43 of
720 3420 75 44 the
823 3420 115 43 Yale
963 3419 253 53 university
1241 3434 127 38 press
1397 3421 44 42 in
1466 3420 128 52 June,
1627 3417 145 48 1925.”

469 3477 71 42 “A
568 3476 292 53 Middlebury
886 3476 182 44 volume
1095 3477 73 43 for
1198 3475 292 54 Middlebury
1520 3491 100 28 men
1648 3477 89 43 and
1765 3476 448 45 women.”—Introd.

397 3533 51 53 ©
476 3535 111 42 May
611 3533 65 51 26,
707 3532 104 45 1925
830 3549 7 31 ;
866 3536 64 41 2c.
957 3535 86 42 and
1069 3534 78 43 aff.
1175 3536 115 50 June
1315 3534 77 52 29;
1420 3535 43 41 A
1488 3534 190 50 829944;
1709 3533 47 44 C.
1786 3535 49 42 B.
1862 3533 201 53 Wright,
2092 3532 307 53 Middlebury,

468 3591 65 43 Vt.
616 3589 273 55 (25-12377)

397 3676 272 72 Wright,
714 3676 246 59 Harold
1002 3677 153 71 Bell,
1202 3679 189 55 1872-

477 3766 1924 75 A son of his father, by Harold Bell Wright … New
399 3846 192 71 York,
619 3846 279 74 London,
928 3847 74 55 D.
1034 3846 319 72 Appleton
1386 3847 123 57 and
1539 3865 324 54 company,
1894 3847 167 57 1925.

475 3923 873 55 3 p. l., 355 p. col. front. 19½ cm .
398 3981 51 53 ©
478 3982 106 54 July
612 3983 66 47 24,
712 3980 129 53 1925;
873 3987 63 41 2c.
965 3983 87 42 and
1080 3983 79 42 aff.
1188 3981 107 54 July
1323 3981 78 54 27;
1434 3983 43 42 A
1507 3982 189 55 861199;
1729 3984 56 42 D.
1815 3982 228 54 Appleton
2073 3984 36 43 &
2139 3999 64 29 co.

475 4037 273 45 (25-13865)
