2533 4412
0 0 0 0 1638
454 451 1662 57 4 p. l., 3-68, [1] p., 1 l., 95, [2] p. incl. plates, port., plans. 29 cm .
455 508 128 48 Each
612 523 148 40 group
786 509 54 44 of
867 509 142 53 plates
1038 511 220 52 preceded
1288 511 57 51 by
1372 510 236 52 half-title,
1637 520 79 36 not
1745 510 208 45 included
1982 512 45 42 in
2058 511 73 45 the
2162 511 225 45 collation.

382 564 1954 57 © May 19, 1925; 1c. Nov. 7; A—Foreign 29155; R. Piper & co., verlag.
462 621 244 56 (26-3009)

385 722 266 73 Simons,
690 722 347 59 Katherine
1075 724 290 72 Drayton
1398 724 317 73 Mayrant,
1752 724 80 73 jr.

459 814 1933 76 The patteran … by Kadra Maysi (Katherine Drayton
381 894 303 72 Mayrant
720 893 270 73 Simons,
1028 894 111 74 jr.)
1234 893 344 75 Columbia,
1620 895 63 58 S.
1723 893 87 75 C.,
1850 895 129 58 The
2020 896 179 58 State
377 915 1992 130 company,
600 974 168 57 1925.

447 1050 64 54 ix,
537 1051 81 44 129
637 1065 41 39 p.
736 1050 58 45 20
799 1053 47 18 cm
853 1086 9 9 .

451 1108 179 45 Poems.

382 1164 53 54 ©
463 1167 109 42 Dec.
603 1166 61 51 18,
697 1165 104 44 1925;
855 1166 66 44 2c.
947 1167 88 43 and
1060 1167 78 42 aff.
1167 1166 109 44 Dec.
1303 1167 51 42 21;
1411 1167 45 42 A
1481 1165 168 47 872932;
1705 1166 128 47 State
1859 1182 66 28 co.

459 1222 217 56 (26-327)

384 1321 224 74 Smith,
644 1322 286 60 William
959 1323 76 58 A.

461 1413 1935 75 The junior high school, by William A. Smith … New
380 1493 192 72 York,
603 1494 131 58 The
764 1493 364 58 Macmillan
1159 1512 327 54 company,
1517 1494 168 58 1925.

451 1570 678 55 xiv p., 1 l., 478 p. 19½ cm .
454 1628 235 47 “Selected
718 1628 285 45 references”
1031 1639 45 35 at
1103 1630 85 43 end
1215 1629 51 44 of
1292 1627 111 46 each
1430 1628 201 53 chapter.

381 1685 53 54 ©
463 1687 109 44 Dec.
593 1687 67 50 22,
690 1686 105 45 1925;
847 1687 65 43 2c.
939 1687 87 44 and
1052 1688 80 42 aff.
1159 1687 108 44 Dec.
1291 1687 55 43 23;
1401 1687 45 42 A
1471 1685 165 46 872968;
1693 1686 267 44 Macmillan
1986 1701 66 30 co.

459 1742 216 56 (26-175)

382 1844 292 72 Spencer,
715 1844 278 58 Edward
1029 1843 279 60 Whiton.

377 1934 1989 150 Bankers manual of business law, by Edward W. Spencer … Indianapolis,
1153 2013 1216 71 The Bobbs-Merrill company [ c 1925]
483 2129 9 17 x,
524 2094 108 44 1814
656 2109 41 38 p.
757 2096 25 42 25½
847 2097 47 18 cm
899 2129 9 8 .

449 2151 127 45 “List
603 2151 51 44 of
679 2150 236 52 chapters”
945 2167 58 29 on
1032 2150 341 54 lining-papers.

379 2205 53 54 ©
466 2208 117 43 Nov.
618 2207 67 52 20,
723 2207 129 52 1925;
888 2207 65 43 2c.
991 2207 108 44 Dec.
1137 2207 74 52 19;
1248 2208 80 43 aff.
1363 2209 109 42 Dec.
1512 2207 72 52 18;
1621 2208 43 42 A
1699 2206 190 53 872918;
1929 2205 360 46 Bobbs-Merrill
2325 2222 65 29 co.

458 2264 215 55 (26-266)

380 2363 266 72 Steiner,
686 2363 255 73 Rudolf,
987 2365 359 57 1861-1925.

527 2447 1864 81 … Grundlegendes für eine e rweiterung der heilkunst
378 2533 2011 74 nach geisteswissenschaftlichen erkenntnissen … 1. t.
377 2613 298 58 Dörnach
751 2612 336 73 (Schweiz)
1163 2612 484 72 Philosophisch
1667 2651 19 4 -
1707 2612 685 74 anthroposophischer

376 2693 222 71 verlag
629 2711 101 38 am
763 2690 449 74 Goetheanum,
1247 2693 166 56 1925.

447 2770 76 51 vii,
557 2769 76 44 123
664 2784 38 38 p.
761 2769 57 44 22
822 2772 48 17 cm
876 2805 8 7 .

449 2828 65 43 At
539 2827 115 44 head
682 2827 51 44 of
759 2826 124 47 title:
914 2828 84 46 Dr.
1027 2826 177 45 Rudolf
1232 2824 192 54 Steiner,
1452 2827 66 43 dr.
1549 2826 71 44 Ita
1647 2826 243 52 Wegman.

379 2877 1986 117 © Sept. 24, 1925; 1c. Oct. 6; A —Foreign 28840; Philosophisch-anthroposophischer verlag. (26-3263)
382 3038 185 59 Stout
597 3037 307 71 institute,
938 3038 415 75 Menomonie,
1388 3037 151 61 Wis.

458 3130 129 58 The
623 3128 242 59 bride’s
902 3130 151 58 cook
1084 3130 191 72 book;
1312 3131 105 58 for
1455 3130 85 59 all
1576 3128 271 75 receipts
1887 3132 123 56 and
2048 3130 178 58 other
379 3149 1985 117 material

603 3208 333 71 published
973 3205 66 61 in
1074 3206 128 62 this
1240 3207 160 64 book
1437 3209 116 58 full
1595 3208 199 59 credit
1831 3208 55 59 is
1927 3206 201 74 given,
2172 3212 218 68 except

376 3285 2012 149 where hereafter mentioned, to the Department of household arts of the Stout institute … Menomonie, Wis., The
377 3439 422 58 Homemaker
828 3439 368 74 publishing
1226 3460 308 53 company
1565 3471 12 42 [
1578 3448 20 22 c
1602 3441 148 56 1925]

450 3517 450 51 163 p. pl. 24 cm .
453 3572 192 45 Printed
671 3591 58 28 on
754 3591 85 29 one
865 3574 95 46 side
986 3576 52 44 of
1062 3574 94 47 leaf
1182 3575 122 50 only.

379 3625 53 54 ©
461 3626 119 45 Nov.
613 3627 62 52 10,
709 3627 129 53 1925;
867 3629 65 42 2c.
964 3629 108 42 Dec.
1104 3629 50 51 9;
1186 3630 80 44 aff.
1297 3630 108 43 Dec.
1439 3629 76 52 18;
1547 3629 45 42 A
1623 3628 189 53 872913;
1846 3628 314 44 Homemaker
2190 3629 100 51 pub.
2321 3643 67 29 co.

457 3682 216 56 (26-876)

383 3766 255 61 Studies
668 3768 68 58 in
767 3769 334 74 bleachery
1131 3774 441 70 management;
1640 3770 433 74 compliments
2108 3770 69 58 of
2207 3770 73 57 B.
2315 3769 70 58 F.

454 3845 268 58 Perkins
766 3845 49 58 &
859 3866 130 54 son,
1033 3847 138 73 inc.,
1217 3847 307 74 Holyoke,
1569 3848 193 57 Mass.
1850 3848 273 73 [Boston,
2169 3847 215 71 Mass.,

457 3924 124 58 and
609 3923 374 75 Greenville,
1014 3926 61 58 S.
1108 3924 86 75 C.,
1223 3926 72 57 F.
1322 3927 71 56 P.
1420 3926 274 58 Bennett
1721 3926 49 58 &
1795 3945 108 57 co.,
1929 3925 137 74 inc.,
2091 3934 20 20 c
2115 3926 165 72 1925]
