2533 4412
1375 4107 113 57 734

424 434 177 75 Hale,
643 435 277 59 Edward
958 436 276 71 Everett,
1279 436 189 57 1863-

504 528 131 57 The
657 527 162 57 Hale
847 527 268 70 literary
1141 526 275 56 readers.
1483 525 146 57 Bks.
1661 526 128 72 1-3,
1818 526 82 71 by
1926 525 277 58 Edward
425 526 1975 138 Everett

539 603 1883 73 Hale … illustrated with portraits by Mary E. Schanck.
422 682 708 72 Yonkers-on-Hudson,
1180 682 72 55 N.
1303 681 95 71 Y.,
1451 680 291 74 Chicago,
1789 681 222 59 World
2058 682 161 57 book
421 700 1979 135 company,
644 762 167 56 1925.

491 840 82 44 3v.
635 839 116 43 illus.
780 837 191 55 (ports.)
1041 837 53 45 19½c
1145 839 30 17 m
1181 872 7 9 .

493 896 23 18 “
535 894 114 46 ‘The
685 896 123 43 Hale
842 894 193 55 literary
1069 893 201 46 readers’
1306 909 80 29 are
1420 892 267 55 essentially
1719 911 27 29 a
1780 891 202 47 revision
2018 893 54 44 of
2105 892 78 46 the
2220 893 207 46 author’s

422 952 308 47 ‘Hawthorne
760 951 202 45 readers’
991 950 114 44 with
1134 950 241 45 extensive
1405 949 277 46 additions.”

423 1009 53 54 ©
504 1012 116 51 June
649 1009 36 52 5,
719 1007 129 54 1925;
878 1009 66 43 2c.
975 1008 110 44 each
1114 1009 88 43 and
1230 1009 102 43 affs.
1363 1009 117 51 June
1512 1008 73 51 18;
1617 1009 44 42 A
1692 1006 385 56 855587-855589;
2111 1009 165 44 World
2307 1008 120 44 book

493 1082 64 29 co.
623 1064 67 56 [©
720 1066 173 53 change
922 1066 50 44 of
1003 1065 98 44 title
1130 1065 89 43 and
1248 1080 101 28 new
1377 1064 225 54 material]
1673 1063 272 56 (25-11390)

422 1152 344 71 Hamilton,
801 1152 208 58 Mona.

497 1242 280 74 Allspice
819 1243 112 73 [by]
974 1242 192 58 Mona
1205 1240 345 60 Hamilton.
1629 1241 149 74 [San
1817 1241 358 76 Francisco,
2220 1242 207 74 Calif.,

419 1323 163 58 Alex
611 1322 204 57 Nicoll
843 1321 289 73 printing
1162 1341 106 52 co.,
1298 1330 18 21 c
1321 1320 165 74 1925]

495 1396 578 59 1 p. l., [5]-57 p. 23 cm .
493 1460 178 44 Poems.

424 1515 53 54 ©
504 1516 106 44 Feb.
637 1516 65 51 28,
733 1514 131 53 1925;
891 1515 65 43 2c.
988 1515 111 52 May
1126 1515 49 51 4;
1206 1515 78 42 aff.
1313 1513 106 54 July
1446 1513 49 53 6;
1526 1514 44 42 A
1597 1512 192 55 855798;
1820 1515 64 43 M.
1916 1514 255 53 Hamilton,
2201 1515 226 53 Oakland,

496 1572 133 46 Calif.
700 1571 272 55 (25-13637)

424 1660 302 72 Harman,
764 1659 220 74 Henry
1018 1656 211 74 Elliot,
1268 1659 192 58 1866-

503 1737 133 57 The
665 1736 251 73 history
948 1736 67 58 of
1048 1737 251 57 famous
1335 1754 188 54 songs
1559 1737 123 56 and
1714 1754 236 56 poems,
1983 1737 85 73 by
2100 1737 221 74 Henry
2353 1739 74 58 E.

423 1813 2007 77 Harman, LITT. D. Brief stories of famous songs and
421 1912 237 55 poems,
695 1893 141 58 how
872 1893 150 72 they
1058 1911 164 39 were
1259 1892 255 58 written
1552 1893 124 59 and
1713 1893 159 73 why.
1972 1893 283 75 Atlanta,
2297 1895 131 74 Ga.,

420 1971 355 59 Industrial
804 1989 183 55 press
1020 1970 367 75 publishing
1419 1990 86 38 co.
1542 2001 14 45 [
1558 1979 19 23 c
1580 1972 166 75 1925]

493 2051 595 55 3 p. l., [9]-197 p. 24 cm .
424 2110 53 54 ©
515 2112 112 52 May
663 2109 37 54 5,
740 2108 103 45 1925
862 2125 8 37 ;
907 2110 65 42 2c.
1009 2109 106 53 July
1149 2109 51 52 2;
1239 2109 78 43 aff.
1355 2108 108 53 July
1498 2109 49 51 3;
1588 2109 44 42 A
1669 2108 189 53 829996;
1900 2110 61 43 H.
2002 2109 50 47 E.
2092 2111 223 51 Harman,
2353 2125 74 39 sr.,

494 2169 204 43 Atlanta.
768 2165 272 56 (25-12739)

424 2252 247 73 Harris,
708 2251 196 59 Alton
937 2250 305 72 Webster,
1283 2251 190 58 1872-
1631 2269 194 56 comp.

502 2331 234 61 Official
780 2333 362 58 Worcester
1185 2328 287 75 building
1515 2334 124 56 and
1684 2330 325 74 plumbing
2056 2331 368 61 ordinances

423 2412 274 73 relating
729 2416 64 54 to
827 2409 286 74 building
1143 2408 372 74 inspection,
1547 2408 114 60 fire
1695 2410 372 72 protection,
2100 2411 327 73 plumbing

422 2489 368 74 inspection,
846 2486 398 74 supervision
1296 2487 68 59 of
1410 2486 205 73 wires,
1668 2490 131 69 etc.,
1850 2488 166 56 1925.
2102 2486 323 75 Compiled

421 2564 2003 76 under the supervision of the inspectors … A. W. Harris,
424 2643 1303 77 compiler … Providence, R. I., c 1925.
491 2726 82 46 263
601 2740 41 38 p.
700 2728 29 42 2
756 2724 118 45 illus.
902 2724 46 50 (1
979 2722 145 52 port.)
1194 2720 51 47 17½
1279 2723 49 18 cm
1333 2758 9 9 .

494 2780 221 48 Contains
743 2777 280 53 advertising
1052 2783 182 40 matter.

425 2835 53 55 ©
508 2838 98 53 Jan.
642 2837 36 50 1,
711 2833 129 53 1925;
874 2834 65 42 2c.
969 2832 107 53 July
1109 2833 75 51 13;
1217 2832 78 42 aff.
1328 2831 106 53 July
1468 2831 74 52 11;
1576 2831 44 42 A
1653 2829 189 55 861073;
1876 2832 56 43 A.
1965 2832 74 45 W.
2073 2833 182 52 Harris,
495 2835 1912 110 Warwick,
659 2894 52 42 R.
747 2892 34 42 I.
851 2886 272 59 (25-13217)

501 2981 148 56 1925
692 2977 218 61 official
949 2975 388 59 Providence
1376 2973 286 75 building
1699 2976 48 56 &
1788 2975 226 74 zoning
2054 2978 369 60 ordinances

423 3059 274 73 relating
730 3062 64 54 to
830 3056 286 71 building
1149 3052 370 74 inspection,
1560 3054 278 57 elevator
1876 3057 122 56 and
2033 3054 112 60 fire
423 3061 1978 148 protection,

642 3138 123 57 and
830 3130 367 75 restricting
1257 3131 150 56 kind
1472 3132 123 56 and
1659 3129 124 60 size
1846 3131 69 59 of
1977 3131 317 76 buildings
2358 3134 67 57 in

424 3215 302 62 districts.
812 3213 323 59 Standard
1185 3209 285 73 building
1519 3210 187 71 rules,
1760 3210 216 59 Rhode
2028 3212 217 58 Island
423 3216 1979 151 factory

603 3292 353 73 inspection
989 3291 172 70 laws,
1200 3287 305 72 compiled
1539 3289 203 56 under
1776 3289 104 57 the
1921 3289 397 72 supervision
2358 3293 68 57 of

425 3363 1997 79 the inspectors … A. W. Harris, compiler. Providence,
425 3453 73 58 R.
527 3452 70 70 I.,
624 3456 18 22 c
647 3447 167 59 1925.

493 3529 84 45 432
603 3541 41 38 p.
705 3523 117 47 illus.
848 3523 128 52 (incl.
1005 3522 169 52 ports.)
1211 3519 169 52 diagrs.
1470 3517 26 47 17½
1530 3520 48 19 cm
1583 3556 11 11 .

495 3585 124 45 Title
647 3598 59 30 on
731 3596 42 38 p.
803 3582 38 44 6.

497 3639 221 48 Contains
749 3635 282 51 advertising
1057 3642 178 38 matter.

427 3695 53 54 ©
510 3696 112 50 May
647 3693 67 50 29,
746 3689 130 53 1925;
903 3691 65 41 2c.
998 3688 106 53 July
1136 3688 73 51 13;
1239 3686 78 43 aff.
1347 3685 106 53 July
1485 3685 73 51 11;
1589 3685 44 42 A
1662 3683 188 55 861072;
1883 3687 56 43 A.
1969 3688 73 43 W.
2076 3687 181 54 Harris,
498 3690 1904 114 Warwick,

663 3750 53 42 R.
751 3747 36 45 I.
856 3744 271 58 (25-13216)

427 3837 183 72 Hein,
651 3835 146 58 Otto
835 3831 208 72 Louis,
1085 3832 190 57 1847-

503 3913 335 63 Memories
871 3915 67 55 of
965 3913 149 71 long
1143 3930 148 53 ago;
1323 3907 358 74 prominent
1711 3928 264 53 persons
2009 3916 414 56 encountered

426 3999 124 57 and
583 3992 348 60 noticeable
967 3990 308 58 incidents
1312 3987 286 71 recalled,
1636 3987 218 58 before
1892 3990 120 56 and
2052 3988 230 73 during
2320 3991 102 58 the
