2533 4412
1312 4092 109 55 158

361 436 375 73 Södergren,
780 436 151 59 Carl
968 436 59 60 J.

440 527 130 57 The
656 527 117 57 book
813 527 68 57 of
924 526 213 74 Amos,
1180 530 179 54 notes
1400 527 85 74 by
1527 526 63 59 C.
1634 527 59 58 J.
1741 526 374 74 Södergren.
2197 526 171 58 Rock

359 605 237 74 Island,
624 606 117 72 Ill.,
767 605 378 73 Augustana
1171 604 161 58 book
1358 624 262 39 concern
1649 634 14 44 [
1664 612 19 23 c
1687 606 165 72 1925]

442 698 75 45 101
549 714 41 37 p.
655 699 48 43 19½
739 700 47 17 cm
792 733 9 9 .

364 766 54 54 ©
446 767 108 45 Feb.
581 769 38 52 2,
655 767 130 53 1925;
814 768 66 43 2c.
912 767 105 44 Feb.
1046 768 80 51 24;
1158 768 79 43 aff.
1269 766 108 45 Feb.
1404 767 81 52 21;
1518 767 43 43 A
1591 765 190 54 823156;
1813 768 272 52 Augustana

2114 766 121 45 book
433 781 1916 88 concern.
622 824 245 56 (25-4997)

364 927 264 73 Sowers,
669 927 172 59 John
876 926 238 76 Irving.

444 1016 1862 74 The boy and his vocation, by John Irving Sowers …
365 1096 249 74 Peoria,
643 1097 117 74 Ill.,
791 1097 129 58 The
949 1096 260 58 Manual
1239 1099 135 54 arts
1402 1114 184 54 press
1617 1125 14 43 [
1633 1103 19 23 c
1656 1095 166 74 1925]

437 1189 81 45 198
543 1204 42 38 p.
645 1187 134 54 illus.,
809 1187 147 55 diagr.
1015 1189 57 44 20½
1106 1191 47 17 cm
1160 1226 8 7 .

436 1259 340 45 “References”
806 1268 47 36 at
880 1262 90 42 end
998 1261 54 43 of
1079 1259 111 45 each
1217 1259 203 53 chapter.

367 1330 53 54 ©
452 1331 106 45 Feb.
592 1330 37 54 5,
665 1330 131 53 1925;
827 1332 66 43 2c.
926 1331 109 45 Feb.
1070 1332 73 52 12;
1179 1332 79 43 aff.
1291 1330 107 45 Feb.
1431 1332 52 51 9;
1517 1331 43 43 A
1593 1332 190 52 823012;
1818 1332 40 53 J.
1892 1332 35 43 I.
1966 1330 195 52 Sowers,
2197 1331 174 51 Miami,

434 1388 97 44 Fla.
601 1387 244 56 (25-5473)

365 1488 372 73 Stansbury,
776 1487 258 60 Charles
1069 1488 358 73 Frederick,
1465 1491 358 57 1854-1922.

443 1578 130 59 The
615 1579 137 57 lake
798 1580 68 57 of
909 1580 104 57 the
1058 1579 194 58 Great
1295 1579 263 73 Dismal,
1600 1580 83 71 by
1729 1579 260 59 Charles
2032 1578 343 59 Frederick

365 1657 376 74 Stansbury,
776 1658 154 57 with
961 1678 37 37 a
1032 1658 258 71 preface
1325 1658 85 72 by
1442 1658 141 57 Don
1617 1658 304 73 Marquis.
1998 1658 153 58 New
2183 1657 191 72 York,

361 1737 75 57 A.
467 1737 49 57 &
544 1736 63 59 C.
637 1737 181 72 Boni,
848 1738 167 56 1925.

501 1829 1278 55 xv, 238 p. fold. front. (map) plates, port. 21½ cm .
367 1899 53 55 ©
443 1902 100 51 Jan.
565 1900 67 44 26.
659 1899 129 53 1925;
815 1900 65 44 2c.
905 1899 108 45 Feb.
1042 1901 74 52 12;
1145 1901 78 43 aff.
1249 1899 107 45 Feb.
1385 1901 76 52 16;
1487 1900 43 43 A
1555 1900 191 53 823108;
1773 1900 164 45 Albert
1963 1901 37 44 &
2027 1899 189 45 Charles
2245 1900 129 51 Boni,

437 1958 84 43 inc.
591 1956 245 55 (25-5093)

367 2057 464 73 Steinhaeuser,
869 2057 224 58 Albert
1132 2058 323 58 Theodore
1492 2057 299 74 William,
1831 2060 190 57 1876-

448 2153 131 59 The
620 2151 153 59 Man
812 2154 67 58 of
921 2172 304 52 sorrows;
1269 2173 37 37 a
1344 2153 162 58 book
1545 2153 66 57 of
1652 2154 241 57 Lenten
1932 2153 326 59 devotions
2300 2173 78 38 on

368 2232 106 58 the
506 2231 261 73 passion
803 2232 67 57 of
906 2230 131 59 Our
1072 2232 187 72 Lord,
1295 2233 83 71 by
1409 2231 225 60 Albert
1669 2234 68 55 T.
1772 2231 96 59 W.
1911 2230 464 61 Steinhaeuser.

369 2310 152 59 New
554 2309 190 73 York,
781 2311 130 57 The
947 2309 365 59 Macmillan
1343 2328 325 56 company,
1703 2311 166 56 1925.

438 2390 85 45 318
550 2404 42 37 p.
681 2390 29 45 19½
740 2391 48 17 cm
794 2426 9 9 .

367 2456 54 54 ©
446 2457 107 45 Feb.
579 2458 68 51 24,
677 2456 129 53 1925;
835 2458 64 42 2c.
926 2457 87 43 and
1039 2456 79 44 aff.
1147 2455 107 45 Feb.
1281 2456 79 52 26;
1389 2456 43 43 A
1462 2456 189 53 822188;
1682 2456 267 45 Macmillan
1977 2471 66 30 co.

448 2512 244 56 (25-5211)

367 2614 168 73 Taft,
575 2613 319 60 Linwood.

445 2706 273 72 Joseph;
753 2726 37 37 a
819 2706 151 72 play
997 2706 66 56 in
1090 2705 120 58 five
1242 2708 131 55 acts
1404 2705 196 58 based
1629 2724 169 54 upon
1828 2706 102 58 the
1964 2709 178 71 story
2172 2709 69 56 of
371 2709 1982 148 Joseph
548 2805 70 37 as
642 2784 202 58 found

864 2783 1516 73 in Genesis, by Linwood Taft … New York
367 2863 50 60 &
443 2864 278 71 London,
754 2864 130 57 The
917 2862 281 72 Century
1227 2882 85 38 co.
1347 2894 13 43 [
1361 2872 21 21 c
1384 2863 165 72 1925]

440 2937 797 57 3 p. l., 3-80 p. 19 cm . $0.35
369 2997 53 55 ©
449 2998 107 44 Feb.
580 2996 70 53 27,
679 2997 131 52 1925;
836 2998 65 43 2c.
931 2998 119 42 Mar.
1076 2998 50 51 2;
1156 2998 80 43 aff.
1264 2998 120 42 Mar.
1412 2997 50 52 3;
1491 2997 43 43 A
1563 2997 188 52 822238;
1784 2995 199 55 Century
2011 3013 65 29 co.

449 3054 244 54 (25-5792)

369 3155 197 74 Tapp,
608 3153 241 75 Sidney
888 3152 299 74 Calhoun,
1231 3156 190 58 1870-

448 3245 130 57 The
602 3244 209 58 divine
831 3247 288 69 mystery
1141 3244 68 58 of
1231 3244 104 57 the
1355 3243 150 73 holy
1527 3243 183 74 faith,
1735 3246 83 71 by
1842 3244 236 74 Sidney
2104 3246 64 59 C.
2196 3249 182 71 Tapp

437 3320 1339 76 … Kansas City, Mo., S. C. Tapp [ c 1925]
445 3400 498 52 1 p. l., 33 p. 22 cm .
370 3458 54 54 ©
447 3458 106 44 Feb.
577 3458 65 45 24,
674 3456 104 44 1925;
829 3458 65 42 2c.
922 3457 119 43 Mar.
1067 3457 50 51 2;
1145 3457 78 43 aff.
1251 3455 106 45 Feb.
1383 3455 80 53 27;
1491 3457 44 42 A
1562 3456 164 45 822247;
1782 3455 45 47 S.
1856 3456 48 45 C.
1932 3456 143 54 Tapp.

450 3512 244 56 (25-5631)

370 3612 250 74 Taylor,
658 3613 189 72 Mary
878 3611 304 61 Atwater.

450 3709 210 71 Ropes
703 3707 123 57 and
865 3707 279 70 threads,
1185 3708 38 57 by
1304 3707 191 72 Mary
1531 3707 288 58 Atwater
1859 3709 252 71 Taylor.
370 3710 1983 148 Portland,
567 3786 139 67 Me.,
735 3785 129 58 The
893 3784 255 59 Mosher
1174 3804 202 53 press,
1406 3786 165 57 1925.

440 3865 81 45 viii
547 3880 54 37 p.,
628 3866 25 42 2
713 3898 8 16 l,
750 3863 124 50 3-69,
903 3864 54 48 [1]
987 3878 40 36 p.
1091 3864 50 44 19
1147 3866 16 18 cm
1203 3901 9 9 .

447 3923 178 45 Poems.

372 3976 54 54 ©
453 3977 106 44 Feb.
586 3977 37 46 6,
654 3973 131 53 1925;
814 3974 64 43 2c.
905 3973 87 43 and
1018 3973 79 44 aff.
1126 3972 107 45 Feb.
1259 3974 78 50 24;
1369 3974 42 42 A
1441 3971 189 56 822157;
1662 3974 190 45 Mosher
1879 3990 139 39 press.

451 4030 243 58 (25-5013)
