2533 4412
1021 4030 148 55 1049

109 380 212 73 Abert,
361 382 324 58 Hermann
718 383 253 73 Joseph,
1010 385 149 57 1871–

185 470 234 60 Goethe
466 475 129 55 und
640 473 100 58 die
785 473 221 72 musik,
1053 492 124 38 von
1223 473 328 58 Hermann
1596 475 218 58 Abert.
105 475 1974 146 Stuttgart,

295 550 60 57 J.
386 549 395 73 Engelborns
809 550 229 73 nachf.,
1069 552 166 56 1922.

185 627 90 51 127,
306 631 51 44 [1]
388 644 39 37 p.
492 629 47 43 18
548 630 46 18 cm
601 664 9 8 .
679 628 289 54 (Half-title:
1000 629 328 44 Musikalische
1355 629 317 54 Volksbücher,
1697 630 125 54 hrsg.
1849 645 89 30 von
1963 631 146 46 Adolf

114 683 253 55 Spemann)

181 741 308 47 “Literatur”:
518 756 40 38 p.
589 740 90 45 125.

109 796 1997 57 © Dec. 31, 1922; 1c. Aug. 20, 1925; A —Foreign 28402; J. Engelhorns
177 854 149 44 nachf.
395 853 270 56 (25-19628)

106 940 200 71 Allen,
351 942 237 73 George
633 942 233 72 Henry,
911 945 189 56 1876-

185 1034 127 56 The
348 1032 245 59 French
626 1033 368 57 revolution.
1069 1035 107 56 4th
1208 1034 263 57 volume.
1548 1035 128 56 The
1712 1038 225 54 terror.
2011 1036 100 72 By

108 1109 2000 75 George H. Allen … Philadelphia, Printed and published
104 1189 83 70 by
219 1188 241 72 George
492 1188 289 57 Barrie’s
819 1207 145 38 sons
1003 1190 181 72 [1925]

174 1264 110 52 xvii,
316 1264 80 43 366
429 1278 40 38 p.
533 1264 151 52 front.,
719 1263 131 53 illus.,
884 1264 142 52 plates
1070 1265 126 53 (part
1230 1265 109 53 col.)
1381 1271 153 46 ports.,
1573 1264 199 45 facsims.
1800 1265 127 54 (part
1962 1264 135 56 fold.)

104 1321 96 43 fold.
241 1321 142 43 chart.
441 1319 54 45 25
503 1324 15 17 cm
556 1356 8 8 .

102 1375 55 54 ©
189 1378 101 43 Oct.
319 1376 66 54 27,
421 1375 131 55 1925;
583 1377 64 43 2c.
678 1377 87 43 and
793 1377 82 43 aff.
909 1376 101 45 Oct.
1041 1377 79 51 28;
1153 1377 45 42 A
1228 1376 191 53 869791;
1456 1375 181 54 George
1669 1377 197 44 Barrie’s
1901 1393 118 29 sons.

102 1520 338 57 American
472 1520 384 73 biography;
898 1540 40 36 a,
971 1539 138 38 new
1145 1521 376 72 cyclopedia,
1563 1520 307 73 compiled
1907 1523 203 57 under

180 1599 103 57 the
324 1599 294 57 editorial
658 1597 399 71 supervision
1098 1598 67 56 of
1205 1617 39 37 a
1277 1599 250 57 notable
1571 1598 302 72 advisory
1907 1600 200 57 board

247 1675 1858 76 … v. 22. New York, The American historical society,
177 1754 136 69 inc.,
347 1754 166 56 1925.

170 1828 1468 54 2 p. l., 3-351 p. front., plates (part col.) ports. 27½ cm .
99 1884 55 54 ©
187 1886 101 44 Oct.
323 1887 62 52 12,
419 1884 129 53 1925;
581 1886 64 43 2c.
680 1886 102 44 Oct.
811 1885 80 52 22;
925 1886 79 44 aff.
1040 1885 102 44 Oct.
1174 1886 79 51 21;
1289 1886 45 42 A
1365 1884 190 53 869711;
1590 1886 247 44 American
1869 1883 235 47 historical

171 1943 183 52 society,
399 1943 85 43 inc.

99 2026 338 60 American
465 2027 125 59 law
620 2030 249 70 reports
903 2026 358 60 annotated.

180 2117 1924 75 Cumulative index … vols. 34-38. Combining cases
101 2200 122 56 and
248 2197 419 58 annotations.
735 2195 342 73 Appendix
1103 2196 366 73 containing
1491 2196 126 58 late
1646 2198 461 70 supplemental

100 2275 308 58 decisions
440 2275 108 57 for
576 2275 75 55 A.
686 2274 67 56 L.
789 2274 72 56 R.
897 2273 404 58 annotations
1332 2274 67 55 in
1433 2273 431 58 continuation
1899 2274 67 58 of
1999 2275 104 57 the

100 2353 158 57 Blue
285 2353 161 57 book
473 2352 67 57 of
571 2353 166 55 1925.
805 2352 366 70 Rochester,
1190 2351 86 56 N.
1308 2350 94 75 Y.,
1437 2352 127 56 The
1596 2352 298 70 Lawyers
101 2370 1977 118 cooperative

370 2429 367 73 publishing
766 2447 337 53 company;
1137 2428 372 72 Northport,
1541 2428 68 56 L.
1643 2429 69 71 I.,
1747 2429 73 56 N.
1853 2428 94 73 Y.,
97 2428 1983 137 Edward

317 2508 361 70 Thompson
722 2524 337 53 company;
1109 2505 128 58 San
1281 2506 358 72 Francisco,
1688 2504 205 73 Calif.,
99 2507 1980 149 Bancroft-Whitney

626 2602 324 55 company,
988 2584 167 57 1925.

167 2662 93 51 349,
294 2662 80 43 110
403 2676 39 37 p.
502 2662 54 43 24
563 2665 46 17 cm
616 2696 8 9 .

98 2717 53 53 ©
180 2719 101 44 Oct.
314 2718 63 53 17,
409 2716 129 54 1925;
566 2718 65 42 2c.
664 2717 101 44 Oct.
793 2718 79 51 23;
904 2717 79 43 aff.
1015 2716 101 44 Oct.
1143 2716 79 51 24;
1254 2716 45 42 A
1326 2714 191 55 872087;
1549 2717 214 52 Lawyers
1793 2717 308 53 co-operative

169 2774 101 53 pub.
299 2790 79 36 co.,
409 2773 467 52 Bancroft-Whitney
903 2788 79 37 co.,
1013 2770 202 48 Edward
1243 2771 267 54 Thompson
1539 2788 65 28 co.

97 2860 346 71 Anderson,
483 2858 310 71 Maxwell,
834 2860 148 57 1888–

171 2950 138 57 You
351 2948 137 59 who
529 2948 161 58 have
735 2950 270 70 dreams,
1047 2949 85 71 by
1175 2948 292 57 Maxwell
1508 2947 353 59 Anderson.
1946 2948 153 58 New

94 3028 188 73 York,
312 3028 217 59 Simon
553 3027 48 56 &
631 3025 316 73 Schuster,
977 3027 167 56 1925.

164 3106 66 51 71,
259 3111 52 43 [1]
338 3123 40 37 p.
439 3108 26 41 21½
527 3108 47 17 cm
582 3141 7 8 .

166 3164 95 45 “Of
295 3163 89 45 this
422 3162 170 45 edition
629 3178 82 29 one
747 3162 225 44 thousand
1009 3161 148 54 copies
1192 3162 114 44 have
1343 3164 112 43 been
1492 3162 178 53 printed
1705 3163 59 53 by
1799 3161 75 46 the
1912 3162 184 53 Pynson

95 3221 193 53 printers
334 3222 44 42 in
419 3220 130 52 June,
590 3220 207 43 nineteen
841 3218 205 45 hundred
1090 3218 284 53 twenty-five
1417 3220 88 43 and
1545 3218 78 44 the
1666 3227 103 45 type
1814 3218 281 46 distributed.

94 3278 100 44 The
235 3278 101 43 first
376 3276 285 53 twenty-five
703 3275 148 53 copies
895 3277 114 42 have
1049 3277 112 42 been
1201 3274 157 53 signed
1397 3275 59 54 by
1496 3274 75 46 the
1612 3275 177 52 author,
1830 3274 90 45 this
1962 3275 134 54 being

96 3335 186 44 number
303 3332 123 47 930.”

168 3392 180 42 Poems.

98 3446 53 53 ©
183 3446 120 53 Sept.
334 3443 63 53 15,
428 3443 130 53 1925;
588 3445 64 42 2c.
685 3443 119 53 Sept.
832 3444 79 52 23;
943 3444 79 43 aff.
1055 3443 122 53 Sept.
1209 3444 75 52 18;
1315 3444 45 42 A
1388 3442 188 53 864726;
1613 3443 156 47 Simon
1799 3446 38 43 &
1870 3444 229 52 Schuster,

168 3503 82 43 inc.
321 3499 271 57 (25-18853)

100 3588 255 70 Barnes,
392 3585 216 73 Harry
639 3584 227 71 Elmer,
904 3586 146 57 1889–
1251 3585 89 57 ed.

175 3677 129 59 The
346 3676 251 71 history
641 3677 124 56 and
805 3678 331 68 prospects
1183 3674 69 57 of
1294 3675 105 57 the
1445 3674 192 59 social
1683 3676 292 72 sciences,
2021 3677 84 72 by

97 3755 218 73 Harry
338 3754 215 58 Elmer
578 3753 262 73 Barnes,
864 3753 166 57 Karl
1051 3752 227 59 Worth
1302 3752 297 73 Bigelow,
1624 3753 164 59 Jean
1811 3755 291 58 Brunhes

101 3836 139 70 [and
266 3834 229 73 others]
525 3831 227 66 edited,
777 3831 151 57 with
958 3851 79 36 an
1063 3830 444 71 introduction,
1531 3832 84 71 by
1639 3832 222 73 Harry
1886 3832 218 59 Elmer

97 3907 1456 73 Barnes … New York, A. A. Knopf, 1925.
