2533 4412
1108 3988 108 54 245

173 420 196 70 Egan,
412 418 238 73 Joseph
688 416 226 58 Burke.

253 507 383 71 Citizenship
682 508 67 56 in
791 508 259 69 Boston,
1093 506 152 72 plan
1293 507 124 57 and
1462 509 133 54 text
1646 507 112 72 [by]
1809 506 241 70 Joseph
2096 505 71 57 B.

172 583 1974 138 Egan … revision and photographs [by] Leonard M. Patton …
420 662 431 72 biographical
887 662 280 57 sketches
1205 661 111 72 [by]
1354 659 162 57 Paul
1550 659 241 74 Cloues,
1829 678 183 39 cover
2049 659 123 58 and

173 740 136 57 title
357 758 160 54 page
571 740 98 71 [by]
736 739 197 59 Grace
983 738 288 57 Hackett.
1366 736 458 74 Philadelphia,
1878 735 291 74 Chicago,

175 817 128 58 The
332 818 169 58 John
532 815 63 60 C.
625 817 294 58 Winston
946 834 305 54 company
1281 843 13 45 [
1296 823 21 21 c
1319 816 163 72 1925]

242 895 113 52 xxii,
382 896 79 42 423
491 910 38 37 p.
591 894 151 51 front.,
772 895 116 43 illus.
915 894 125 53 (incl.
1070 893 164 54 ports.)
1272 893 169 53 diagrs.
1502 893 51 44 19
1558 895 47 17 cm
1612 927 10 9 .

246 951 260 44 Illustrated
535 959 97 44 t.-p.

243 1007 351 53 Bibliography:
624 1023 40 37 p.
697 1008 204 43 421-423.

172 1063 54 53 ©
252 1066 98 51 Jan.
374 1063 68 53 27,
473 1064 128 52 1925;
630 1066 63 41 2c.
724 1066 117 42 Mar.
874 1065 73 52 14;
976 1065 79 43 aff.
1084 1065 119 41 Mar.
1236 1064 72 49 13;
1339 1063 42 42 A
1411 1062 190 52 822389;
1630 1061 119 52 John
1780 1060 48 44 C.
1858 1061 213 44 Winston
2100 1075 65 28 co.

252 1120 241 54 (25-7013)

172 1219 222 73 Eyton,
434 1219 169 60 John
638 1218 321 72 Seymour,
999 1220 189 56 1890-

249 1305 1921 75 Jungle born, by John Eyton … illustrated by Mary
175 1386 340 58 Sherwood
551 1385 270 69 Wright.
890 1387 166 56 .New
1095 1386 173 56 York
1308 1384 48 59 &
1393 1385 279 69 London,
1716 1384 129 59 The
1891 1383 279 71 Century

171 1483 87 39 co.
292 1493 13 44 [
308 1473 18 22 c
329 1464 166 73 1925]

242 1542 94 52 xiv,
365 1543 84 43 294
477 1557 40 38 p.
549 1542 102 43 incl.
686 1542 156 45 front.,
872 1541 119 44 illus.
1055 1544 50 42 19½
1140 1543 47 17 cm
1192 1575 9 9 .
1316 1540 126 53 $2.00

173 1599 53 53 ©
257 1601 119 42 Mar.
410 1600 61 50 14,
503 1598 103 45 1925;
664 1600 63 42 2c.
758 1601 86 42 and
872 1600 79 42 aff.
983 1600 119 42 Mar.
1135 1600 50 42 19;
1242 1599 45 42 A
1315 1598 165 44 823450;
1538 1597 200 54 Century
1767 1613 65 28 co.
251 1655 242 55 (25-6699)

173 1754 273 69 Fischer,
486 1753 207 73 Louis,
733 1757 191 56 1864-

248 1847 296 57 Diseases
585 1846 66 57 of
689 1846 266 71 infancy
989 1847 123 56 and
1153 1845 345 73 childhood,
1539 1846 169 57 their
1746 1846 269 73 dietetic,
173 1848 1970 149 hygienic,

429 1925 123 56 and
585 1923 266 57 medical
884 1926 371 67 treatment;
1295 1943 39 38 a
1368 1924 318 57 text-book
1724 1923 303 73 designed
2062 1925 107 57 for

169 2001 448 73 practitioners
699 2002 124 56 and
903 2001 286 57 students
1240 2000 97 58 -in
1375 2000 321 59 medicine.
1795 2001 99 73 By
1973 2002 192 60 Louis

174 2079 1991 73 Fischer … 10th rev. ed.:.. Philadelphia, F. A. Davis
173 2175 320 54 company,
529 2159 164 55 1925.

237 2231 1843 56 2 v. illus. (part col.) LXXX pl. (part col., incl. front.) diagrs. 24 cm .
242 2291 153 52 Paged
430 2289 327 53 continuously.

580 2355 32 35 CONTENTS.—I.
652 2345 154 44 Infant
846 2345 182 53 feeding
1065 2346 88 43 and
1190 2346 187 52 organic
1416 2346 326 45 diseases.—II.
1784 2346 249 45 Infectious
171 2347 1971 108 diseases—cerebral—orthopedic

913 2403 88 43 and
1035 2417 93 38 eye,
1162 2415 89 38 ear,
1287 2402 114 53 skin,
1436 2411 82 36 etc.

173 2458 53 53 ©
252 2460 104 43 Feb.
382 2459 67 52 26,
477 2458 130 54 1925;
633 2460 65 42 2c.
727 2459 108 43 each
862 2460 117 42 Mar.
1011 2461 73 50 13;
1113 2460 78 42 aff.
1221 2460 118 42 Mar.
1371 2460 73 51 14;
1474 2459 45 42 A
1545 2459 190 53 823409;
1765 2459 50 44 F.
1844 2461 56 42 A.
1930 2460 141 44 Davis
2100 2477 64 28 co.

260 2514 53 54 [©
340 2530 100 29 new
465 2523 167 36 matter
658 2515 46 43 in
729 2522 97 36 text
854 2516 87 42 and
968 2530 101 29 new
1096 2515 310 52 illustrations]
1476 2514 242 56 (25-6637)

172 2615 303 74 Forbush,
516 2614 282 60 William
836 2615 229 74 Byron,
1109 2619 190 56 1868-

253 2711 130 57 The
429 2729 137 39 new
614 2711 202 56 round
862 2710 184 71 table,
1097 2710 105 57 the
1253 2708 201 59 Order
1502 2710 71 59 of
1622 2712 105 56 the
1773 2709 281 74 Knights
2103 2712 68 57 of

173 2787 176 74 King
381 2788 245 56 Arthur
664 2790 124 56 and
822 2786 84 59 its
942 2785 295 60 affiliated
1273 2785 285 59 societies;
1629 2806 37 38 a
1698 2788 330 57 handbook
2063 2791 104 56 for

174 2865 1994 76 leaders, by William Byron Forbush … Boston, Mass.,
175 2943 129 58 The
330 2942 277 73 Knights
637 2942 66 57 of
729 2941 176 75 King
930 2943 245 56 Arthur
1207 2973 12 42 [
1220 2949 19 21 c
1243 2941 165 73 1925]

244 3020 1290 54 5 p. l., [9]-27l, [1] p. front., illus., plates. 23½ cm .
247 3077 149 54 Songs
421 3077 111 44 with
558 3077 143 44 music:
755 3093 40 37 p.
819 3077 206 45 261-268.

247 3134 175 46 “Tenth
450 3133 214 46 edition.”

246 3191 180 49 Earlier
452 3190 193 46 editions
670 3190 117 46 have
813 3189 124 46 title:
965 3189 100 46 The
1090 3190 125 54 boys’
1245 3191 144 44 round
1414 3190 144 52 table;
1586 3210 25 27 a
1638 3193 179 45 manual
1848 3195 53 43 of
1928 3195 74 45 the
176 3197 1971 98 international

406 3248 152 45 Order
585 3248 53 45 of
667 3248 75 45 the
770 3247 203 54 Knights
1003 3248 53 44 of
1081 3246 127 54 King
1234 3245 191 53 Arthur,
1454 3250 59 50 by
1541 3248 208 46 William
1777 3252 156 52 Byron
1962 3252 207 45 Forbush

227 3303 765 48 … and Frank Lincoln Masseck.
246 3362 168 45 “What
442 3370 47 37 to
517 3361 136 45 read”:
708 3377 42 37 p.
792 3360 223 47 [269]-271.

175 3418 53 53 ©
253 3419 104 44 Feb.
380 3419 67 48 23,
475 3416 102 45 1925;
630 3418 63 42 2c.
776 3431 62 27 Mar.
867 3416 47 42 18;
967 3416 78 42 aff.
1129 3430 62 28 Mar.
1210 3414 77 50 20;
1316 3415 42 42 A
1377 3415 187 53 822488;
1591 3418 74 44 W.
1686 3419 50 43 B.
1757 3419 221 54 Forbush,
1998 3422 154 44 Media

247 3477 78 42 Pa.
395 3473 241 55 (25-6954)

174 3574 279 72 Francis,
493 3573 255 59 Samuel
781 3572 84 57 M.

252 3659 1911 80 The universal light, by S. M. Francis … Philadelphia,
174 3743 109 56 Pa.
315 3771 12 43 [
329 3749 19 21 c
353 3741 162 71 1925]

250 3820 51 44 58
324 3836 39 37 p.
423 3820 52 43 23
483 3822 46 16 cm
537 3854 8 8 .

176 3871 1987 61 © Feb. 9, 1925; 2c. and aff. Feb. 21; A 823146; S. M. Francis, Philadelphia.
255 3931 242 49 (25-6091)
