2533 4412
1082 4049 109 55 225

162 421 260 72 Adachi,
462 421 380 60 Kinnosuké.

240 514 1917 74 Manchuria; a survey, by Adachi Kinnosuke … New
161 591 187 72 York,
383 592 71 55 R.
492 591 82 56 M.
612 592 294 59 McBride
941 593 47 56 &
1021 611 322 54 company,
1381 593 165 56 1925.

232 667 1914 56 xvii p., 1 l., 401 p. front. (port.) plates (1 double) maps (part fold.)
158 725 56 43 24
219 727 46 17 cm
272 759 9 9 .

229 780 285 52 Appendices
553 781 124 53 (text
704 781 52 44 of
782 782 180 43 treaties
992 782 87 43 and
1108 780 307 55 agreements)
1454 780 227 53 reprinted
1710 780 124 45 from
1860 780 120 55 John
2008 782 58 43 V.
2095 782 59 44 A.

161 836 340 54 MacMurray’s
533 836 207 47 Treaties
772 840 87 43 and
890 846 281 46 agreements
1204 837 110 46 with
1346 839 86 44 and
1462 837 272 56 concerning
1767 837 171 47 China:
1973 853 39 39 p.
158 838 1998 100 289-394.

161 948 53 54 ©
244 949 105 46 Feb.
377 951 68 52 28,
479 950 130 53 1925;
637 951 65 44 2c.
735 953 117 42 Mar.
888 952 74 52 12;
993 953 78 42 aff.
1162 966 62 29 Mar.
1259 953 74 51 11;
1366 952 44 42 A
1442 951 187 52 822352;
1664 951 177 44 Adachi
1873 951 278 52 Kinnosuke,

231 1007 116 44 Kew
376 1006 216 53 Gardens,
621 1009 130 51 Long
780 1009 164 51 Island,
974 1008 58 44 N.
1061 1009 55 43 Y.
1186 1006 242 56 (25-6316)

159 1105 337 58 American
523 1106 238 74 society
788 1107 66 56 of
882 1107 260 74 heating
1171 1108 125 57 and
1324 1105 382 75 ventilating
1734 1105 342 74 engineers.

159 1198 1972 149 Transactions … v. 29; 29th annual meeting, Washington, D. C.,
583 1276 300 72 January,
922 1278 204 70 23-26,
1175 1278 177 67 1923;
1404 1276 414 57 semi-annual
1861 1276 291 73 meeting,

163 1352 288 73 Chicago,
494 1353 115 72 Ill.,
653 1353 154 72 May
844 1355 203 71 21-23,
1093 1356 164 55 1923.
1340 1354 152 56 New
1531 1354 190 72 York,
1765 1354 73 56 N.
1883 1354 94 72 Y.,
2023 1355 128 57 The

161 1431 235 71 society
429 1432 164 73 [1925]

263 1543 9 16 x,
298 1507 81 44 427
407 1523 39 37 p.
504 1508 126 43 front.
670 1508 167 54 (port.)
874 1509 129 52 illus.,
1034 1509 157 51 tables,
1220 1509 166 52 diagrs.
1415 1508 126 53 (part
1570 1508 135 54 fold.)
1773 1508 51 45 23cm.

158 1563 53 53 ©
238 1566 118 42 Mar.
386 1565 63 52 10,
481 1564 129 53 1925;
637 1566 63 42 2c.
730 1566 118 43 Mar.
874 1566 79 51 18;
980 1565 78 43 aff.
1144 1581 62 28 Mar.
1239 1564 73 54 17;
1343 1566 43 42 A
1414 1564 187 53 823455;
1631 1565 246 43 American
1906 1565 170 53 society
2101 1565 52 45 of

225 1621 186 53 heating
446 1622 86 43 and
569 1621 269 53 ventilating
876 1622 247 52 engineers.

154 1720 254 72 Annett,
449 1722 167 57 Fred
649 1720 256 75 Anzley.

235 1810 383 73 Connecting
673 1813 124 56 and
850 1810 237 73 testing
1142 1811 480 57 direct-current
1674 1811 335 72 machines,
2068 1811 83 72 by

157 1888 1992 59 F. A. Annett … and A. C. Roe … 1st ed. New York
157 1968 145 72 [etc.]
331 1966 454 63 McGraw-Hill
807 1966 159 58 book
993 1986 324 53 company,
1344 1968 135 72 inc.,
1508 1967 166 56 1925.

264 2082 9 16 x,
297 2044 81 47 237
405 2061 39 38 p.
505 2047 131 51 illus.,
661 2046 168 53 diagrs.
890 2047 50 43 23½
977 2048 46 17 cm
1031 2082 9 8 .
1155 2043 126 53 $2.50

156 2100 53 54 ©
293 2117 62 29 Mar.
381 2103 40 50 4,
451 2102 130 52 1925;
607 2103 65 43 2c.
699 2103 87 43 and
811 2103 78 43 aff.
920 2103 119 42 Mar.
1067 2102 49 52 7;
1145 2102 43 43 A
1217 2102 187 52 823309;
1438 2101 347 45 McGraw-Hill
1812 2103 120 43 book
1956 2117 81 36 co.,
2066 2102 82 45 inc.

234 2158 241 55 (25-6403)

157 2259 68 56 B.
261 2258 82 56 M.
378 2257 140 57 co.’s
553 2258 374 56 cumulative
962 2259 256 56 current
1248 2257 146 57 code
1430 2257 419 73 annotations,
1884 2257 269 74 keeping

232 2355 84 52 up
346 2339 63 54 to
442 2337 143 56 date
614 2335 171 57 Kerr
800 2338 46 53 ’s
879 2334 356 72 cyclopedic
1264 2333 354 59 California
1647 2336 181 56 codes
1863 2338 123 56 and
2017 2337 130 57 also

232 2411 1897 153 code cases from Idaho and Montana [1924] … Bringing
365 2490 306 58 decisions
697 2491 179 56 down
900 2493 63 54 to
990 2490 71 56 68
1090 2488 128 59 Cal.
1244 2489 144 57 Dec.
1419 2490 127 71 180,
1573 2491 76 54 44
1676 2489 128 59 Cal.
1833 2510 141 52 app.
2003 2492 145 56 Dec.

233 2571 127 71 900,
389 2570 109 56 229
521 2568 143 58 Pac.
695 2569 74 55 24
800 2566 401 74 (California,
1229 2567 196 58 Idaho
1456 2568 124 57 and
1606 2567 306 65 Montana
1936 2570 204 73 cases)

233 2648 325 71 Prepared
586 2647 123 56 and
736 2647 343 55 annotated
1103 2645 84 71 by
1216 2644 213 59 Curtis
1457 2645 265 72 Hillyer.
1794 2646 129 59 San
232 2648 1894 149 Francisco,

443 2723 450 58 Bender-Moss
928 2740 322 55 company,
1285 2724 164 55 1925.

222 2818 40 35 V,
292 2801 81 44 530
400 2815 39 38 p.
495 2798 52 46 25½
584 2803 46 17 cm
637 2835 9 8 .

154 2857 53 54 ©
237 2860 119 41 Mar.
389 2856 62 53 17,
484 2855 130 54 1925;
643 2857 63 42 2c.
739 2856 119 42 Mar.
886 2854 78 53 24;
995 2855 79 43 aff.
1106 2855 118 43 Mar.
1253 2854 79 53 23;
1365 2855 43 42 A
1438 2854 188 53 822570;
1661 2856 332 46 Bender-Moss
2024 2875 65 28 co.

152 2970 235 73 Bailey,
426 2969 260 73 Liberty
723 2967 200 74 Hyde,
965 2970 189 57 1858-

229 3062 259 57 Manual
518 3061 68 56 of
618 3058 378 74 gardening;
1033 3077 38 37 a
1098 3057 308 71 practical
1437 3058 185 72 guide
1657 3062 61 55 to
1755 3060 103 59 the
1891 3064 258 73 making

154 3140 65 57 of
250 3140 178 56 home
461 3138 278 73 grounds
773 3137 123 56 and
928 3136 103 57 the
1066 3135 284 73 growing
1382 3135 67 57 of
1477 3135 261 75 flowers,
1772 3139 212 75 fruits,
2023 3142 122 58 and

150 3217 358 73 vegetables
539 3217 107 56 for
671 3215 179 56 home
881 3233 130 53 use,
1042 3214 85 71 by
1157 3212 67 57 L.
1258 3213 79 56 H.
1371 3213 239 73 Bailey.
1684 3217 145 56 12th
1859 3218 289 76 printing

151 3314 126 38 rev.
348 3295 151 56 New
523 3292 190 74 York,
744 3292 129 56 The
903 3290 362 56 Macmillan
1295 3309 321 53 company,
1649 3295 166 56 1925.

219 3373 77 42 xvi
327 3387 54 36 p.,
416 3372 18 41 1
486 3406 7 7 l.,
541 3367 81 46 539
650 3383 40 38 p.
751 3368 151 51 front.,
934 3367 130 51 illus.,
1094 3367 157 51 plates.
1315 3366 52 43 19½
1400 3369 46 17 cm
1453 3403 9 8 .
1526 3367 111 53 [The
1672 3371 122 43 rural
1827 3373 218 54 manuals,
2078 3374 66 45 ed.

147 3430 59 49 by
237 3429 49 42 L.
318 3429 61 42 H.
414 3426 172 53 Bailey]

151 3485 53 53 ©
289 3499 62 29 Mar.
438 3519 8 15 10,
480 3481 128 52 1925;
640 3482 64 42 2c.
736 3481 86 43 and
850 3480 81 43 aff.
963 3480 119 42 Mar.
1117 3480 75 50 11;
1225 3478 47 42 A
1298 3478 189 54 822324;
1521 3480 267 46 Macmillan
1818 3500 65 28 co.
1947 3484 67 54 [©
2045 3502 99 30 new

220 3541 87 44 and
337 3539 174 44 revised
541 3537 220 52 material]
833 3535 243 55 (25-6322)

149 3637 279 72 Baronti,
466 3638 216 67 Gervé,
719 3635 213 71 pseud.

225 3731 169 70 Eyes
423 3726 67 60 of
514 3724 204 72 India,
744 3726 84 70 by
857 3723 166 59 Gervé
1085 3721 285 57 Baronti.
1454 3724 151 59 New
1631 3726 191 74 York,
1856 3730 127 59 The
149 3733 1971 146 Macaulay

398 3822 306 54 company
736 3832 13 43 [
751 3811 19 22 c
773 3802 166 72 1925]

216 3880 709 58 4 p. l., 11-320, [2] p. 19 cm .
149 3934 1854 63 © Mar. 10, 1925; 2c. Mar. 17; aff. Mar. 18; A 822448; Macaulay co.
227 3996 241 52 (25-6702)
