2533 4412
0 0 0 0 512
319 430 374 72 Hassanein,
736 430 250 59 Ahmed
1024 428 416 71 Mohammed,
1488 431 190 57 1889-

398 524 131 56 The
552 523 127 57 lost
703 541 200 53 oases,
926 523 85 71 by
1032 523 76 56 A.
1137 523 83 57 M.
1246 519 363 59 Hassanein
1632 520 154 71 Bey,
1853 567 11 11 F.
1932 567 11 10 R.
2011 568 11 10 G.
2085 568 34 24 S.,
2140 520 187 74 being

320 622 38 38 a
384 599 325 60 narrative
742 603 261 55 account
1036 600 68 57 of
1133 601 104 57 the
1270 598 226 58 author
1512 599 46 57 ’s
1591 598 430 73 explorations
2055 597 133 60 into
2223 598 104 59 the

318 698 173 40 more
516 682 238 55 remote
779 682 181 69 parts
989 678 69 57 of
1081 678 104 58 the
1210 676 247 73 Libyan
1482 676 231 59 Desert
1740 677 125 58 and
1887 675 99 59 his
322 676 1983 154 rediscovery

464 757 70 58 of
564 760 122 54 two
721 756 126 58 lost
881 774 199 52 oases,
1114 754 153 59 with
1301 774 79 38 an
1414 753 428 60 introduction
1877 755 84 72 by
1995 755 105 58 the
2193 753 134 73 Right

320 831 2006 63 Honorable Sir James Rennell Rodd … illustrated with
322 933 80 37 an
441 913 272 72 original
750 932 166 53 map,
956 912 125 58 and
1117 911 169 58 from
1322 929 192 55 many
1551 911 436 74 photographs
2026 913 183 57 made
2247 914 81 71 by

321 991 103 60 the
473 991 246 58 author.
802 991 154 57 New
1000 990 176 57 York
1224 990 125 58 and
1393 990 283 71 London,
1727 990 131 58 The
1910 989 280 74 Century
2240 1010 86 38 co.

322 1099 13 44 [
338 1077 18 23 c
360 1069 166 74 1925]

391 1161 133 52 xxiii,
551 1162 84 44 363
657 1175 42 39 p.
762 1159 157 53 front.,
947 1160 146 54 plates
1120 1161 47 54 (1
1203 1158 141 56 fold.)
1380 1167 158 47 ports.,
1567 1176 119 38 map.
1746 1162 53 44 23
1808 1163 44 17 cm
1861 1196 8 8 .
1984 1160 126 55 $4.00

321 1231 53 54 ©
400 1234 113 51 Apr.
544 1231 63 54 17,
635 1231 104 45 1925;
792 1233 66 42 2c.
885 1233 88 43 and
999 1232 79 43 aff.
1105 1232 113 52 Apr.
1246 1232 50 42 21;
1354 1233 43 42 A
1427 1231 165 46 823858;
1648 1231 203 55 Century
1878 1248 65 29 co.

401 1288 243 56 (25-9054)

323 1390 199 74 Hiatt,
561 1392 154 56 Mrs.
760 1389 163 58 Cora
961 1388 186 60 Viola
1195 1390 437 75 (Chenoweth)
1682 1393 191 56 1868-

390 1483 272 71 History
699 1482 68 58 of
802 1482 103 58 the
946 1482 379 59 Chenoweth
1359 1481 244 73 family,
1638 1483 343 73 beginning
2016 1484 111 56 449
2207 1530 11 11 A.
2297 1530 33 24 D.,

321 1559 2008 75 by Mrs. Cora Chenoweth Hiatt … Winchester, Ind., The
321 1640 395 59 Winchester
744 1638 367 74 publishing
1141 1656 324 55 company,
1496 1650 18 21 c
1518 1640 166 56 1925.

391 1732 93 51 238,
514 1730 80 48 [10]
623 1747 40 37 p.
690 1730 101 44 incl.
816 1729 118 45 illus.
960 1730 48 54 (1
1036 1729 109 54 col.)
1178 1737 155 46 ports.,
1361 1737 123 37 coats
1509 1729 52 46 of
1585 1745 122 30 arms
1743 1730 47 54 (1
1818 1730 110 54 col.)
1995 1731 53 44 28
2056 1733 46 17 cm
2110 1765 9 9 .

394 1802 148 44 Blank
565 1817 137 38 pages
729 1800 77 44 for
833 1800 409 45 “Memorandum”
1277 1801 80 54 ([8]
1388 1800 238 54 following
1652 1817 39 37 p.
1721 1802 107 52 238)

394 1858 195 45 Limited
623 1857 181 46 edition.

324 1928 53 54 ©
408 1931 119 42 Mar.
556 1930 64 52 30,
654 1927 132 55 1925;
815 1929 66 43 2c.
909 1929 88 43 and
1024 1929 80 43 aff.
1135 1930 112 51 May
1279 1929 46 52 1;
1358 1929 43 42 A
1432 1927 190 54 829179;
1657 1927 48 46 C.
1739 1927 49 46 C.
1821 1929 147 52 Hiatt,
2000 1929 141 53 Lynn,
2174 1930 96 43 Ind.

402 1985 244 57 (25-9213)

324 2086 150 73 Hill,
510 2085 284 61 William
827 2085 324 74 Bancroft,
1191 2089 190 56 1857-

401 2177 331 57 Mountain
772 2177 194 71 peaks
1008 2177 67 56 in
1114 2177 105 57 the
1258 2176 114 59 life
1416 2177 67 57 of
1526 2176 133 60 Our
1698 2177 188 74 Lord,
1927 2179 83 71 by
2050 2178 276 59 William

322 2254 2003 78 Bancroft Hill … New York, Chicago [etc.] Fleming H.
322 2335 218 56 Revell
569 2352 308 53 company
908 2363 12 43 [
923 2340 18 23 c
945 2334 165 72 1925]

400 2411 1138 55 3 p. l ., 5-189 p. front., plates, map. 19½ cm .
326 2482 53 54 ©
409 2484 113 51 Apr.
557 2483 61 50 18,
655 2481 130 54 1925;
816 2483 66 42 2c.
914 2482 88 43 and
1032 2483 79 42 aff.
1145 2482 113 52 May
1287 2482 51 52 2;
1374 2482 43 42 A
1449 2482 191 53 823994;
1676 2481 208 55 Fleming
1918 2484 62 43 H.
2015 2484 158 44 Revell
2205 2500 68 28 co.

405 2539 244 56 (25-9314)

326 2641 294 73 Jackson,
663 2641 271 58 Thomas
974 2640 59 59 J.

402 2730 1928 77 The ratio dollar, by Thos. J. Jackson … [Grand Forks,
326 2809 73 58 N.
429 2809 95 71 D.,
554 2808 410 58 Normandon
992 2808 144 72 pub.
1169 2827 106 52 co.,
1305 2819 18 21 c
1327 2809 147 56 1925]

395 2887 269 53 cover-title,
698 2885 54 45 76
781 2902 40 37 p.
881 2885 131 52 illus.,
1044 2886 145 54 diagr.
1254 2886 50 44 19½
1337 2888 47 17 cm
1391 2921 9 9 .

398 2944 205 44 Portrait
632 2959 58 28 on
719 2958 40 37 p.
793 2944 52 46 [2]
879 2944 51 45 of
961 2958 150 29 cover.

325 3000 52 54 ©
411 3004 120 41 Mar.
562 3001 67 51 21,
668 2999 129 53 1925;
862 3016 35 27 1c.
931 3000 112 52 Apr.
1082 3002 46 50 1;
1194 3015 35 28 1c.
1264 3000 112 51 Apr.
1409 3000 77 53 22;
1523 3001 79 42 aff.
1636 3001 113 52 Apr.
1788 3002 73 52 11;
1898 3002 43 42 A
1975 3001 189 53 829032;
2200 3001 55 45 T.
2289 3003 40 52 J.

397 3059 212 52 Jackson,
642 3057 246 52 Walhalla,
920 3057 60 43 N.
1014 3057 58 43 D.
1141 3056 244 55 (25-9581)

326 3159 232 72 James,
604 3157 281 58 Herman
929 3155 282 74 Gerlach,
1257 3159 190 57 1887-

402 3249 215 58 Brazil
650 3249 169 58 after
853 3269 36 37 a
921 3251 263 68 century
1217 3248 68 58 of
1316 3248 481 72 independence,
1831 3250 84 72 by
1945 3250 284 58 Herman
2262 3251 69 60 G.

326 3323 1863 77 James … New York, The Macmillan company, 1925.
396 3404 66 44 xii
491 3420 53 37 p.,
571 3406 27 42 2
641 3439 21 17 l.,
692 3403 81 45 587
801 3419 40 38 p.
902 3404 152 50 front.,
1083 3404 154 53 plates,
1266 3418 140 39 maps.
1466 3405 53 42 22½
1555 3406 46 18 cm
1608 3439 9 9 .

399 3461 328 53 Bibliography
744 3477 8 28 :
786 3477 39 37 p.
860 3460 205 45 565-569.

330 3518 53 54 ©
409 3521 112 51 May
547 3518 36 52 5,
612 3517 103 46 1925;
769 3520 63 43 2c.
859 3520 87 42 and
971 3520 78 43 aff.
1079 3520 113 52 May
1219 3519 24 43 6;
1297 3519 43 42 A
1368 3517 166 45 829277;
1589 3519 266 44 Macmillan
1882 3535 65 29 co.

409 3574 244 56 (25-9569)

329 3673 335 74 Jefferson,
710 3674 258 58 Charles
1009 3674 291 72 Edward,
1343 3676 190 57 1860-

404 3765 1925 74 Nature sermons, by Charles E. Jefferson … New York,
332 3844 272 73 Chicago
637 3846 146 71 [etc.]
815 3844 290 73 Fleming
1133 3844 79 57 H.
1244 3844 217 58 Bevell
1490 3863 307 54 company
1827 3875 12 43 [
1841 3854 18 21 c
1863 3846 165 72 1925]

410 3921 77 47 175
517 3939 40 37 p.
621 3923 50 44 19½c
722 3925 30 17 m
759 3958 8 8 .

333 3978 53 54 ©
416 3980 113 51 Apr.
559 3979 39 52 4,
633 3978 130 54 1925;
794 3979 66 43 2c.
892 3980 88 43 and
1010 3980 79 43 aff.
1121 3980 113 52 May
1262 3980 52 52 2;
1348 3980 43 42 A
1424 3979 190 53 829190;
1649 3978 209 54 Fleming
1890 3980 62 43 H.
1987 3980 157 43 Revell
2178 3994 65 29 co.

412 4034 243 56 (25-9317)
