2533 4412
1067 4083 111 56 561

122 428 368 73 Ackerman,
537 428 153 58 Saul
732 428 257 56 Benton.

201 521 284 57 Practice
550 522 67 57 of
679 521 372 57 workmen’s
1117 517 466 73 compensation
1645 519 363 67 insurance;
2074 535 37 37 a

125 599 258 56 treatise
412 617 166 52 upon
607 598 103 57 the
739 597 310 72 necessity
1078 597 102 57 for
1210 598 123 56 and
1361 597 433 69 development
1824 597 67 55 of
123 595 1963 138 workmen’s

351 675 467 71 compensation
844 675 349 69 insurance,
1220 675 289 69 together
1533 670 151 59 with
1707 674 181 55 much
123 673 1962 136 information
393 772 68 37 as
495 756 61 54 to

128 748 1956 154 its practice, by Saul B. Ackerman … Chicago, New York, The
870 829 330 72 Spectator
1227 844 320 55 company,
1575 827 165 58 1925.

196 907 72 51 vii,
301 909 76 43 196
403 924 39 34 p.
472 906 101 45 incl.
605 908 159 43 forms.
824 908 56 43 20
885 910 47 17 cm
938 943 9 10 .

121 959 53 53 ©
204 962 110 50 Apr.
344 961 69 50 20,
448 960 128 52 1925;
610 961 63 42 2c.
706 962 110 50 Apr.
850 962 76 50 28;
961 961 78 42 aff.
1073 961 110 51 Apr.
1216 960 78 50 29;
1329 958 43 43 A
1405 957 191 53 829135;
1634 956 237 53 Spectator
1903 974 64 27 co.

200 1015 270 56 (25-10272)

119 1101 336 58 American
481 1100 286 57 institute
798 1101 67 57 of
894 1100 242 73 mining
1152 1101 122 57 and
1292 1098 461 73 metallurgical
1768 1099 342 73 engineers,

195 1179 117 56 inc.

265 1256 1849 72 … Production of petroleum in 1924. Papers presented
123 1338 67 54 at
213 1335 103 57 the
345 1335 382 71 symposium
755 1354 76 37 on
858 1336 350 69 petroleum
1234 1336 123 55 and
1382 1353 129 53 gas,
1542 1337 68 53 at
1633 1334 103 57 the
1763 1334 150 56 New
1939 1334 174 57 York

119 1412 290 74 meeting,
443 1412 541 73 February, 1925.
1057 1413 152 57 New
1235 1412 175 58 York
1439 1412 143 73 city,
1617 1413 128 56 The
1777 1412 336 58 American

119 1490 287 58 institute
436 1491 66 56 of
526 1490 242 73 mining
792 1492 123 55 and
938 1491 460 71 metallurgical
1423 1490 344 72 engineers,
1787 1490 116 57 inc.
1929 1493 180 73 [1925]

189 1566 954 53 247 p. maps, tables, diagrs. 23 ½cm .
121 1622 53 53 ©
207 1624 111 50 Apr.
353 1622 68 53 25,
458 1622 130 53 1925;
620 1624 65 42 2c.
723 1625 110 50 May
868 1624 50 51 6;
954 1624 77 42 aff.
1069 1625 112 50 May
1213 1624 79 51 26;
1329 1624 42 41 A
1408 1623 188 52 829389;
1633 1625 155 41 Amer,
1826 1624 203 43 institute
2064 1623 50 44 of

191 1680 171 61 mining
392 1681 89 42 and
515 1679 328 53 metallurgical
877 1679 249 53 engineers,
1161 1680 81 42 inc.

119 1765 260 70 Arnold,
423 1765 316 71 Matthew,
785 1767 356 56 1822-1888.

200 1843 300 57 Arnold’s
545 1862 185 52 essay
770 1862 78 37 on
888 1843 453 70 Wordsworth,
1383 1843 152 56 with
1577 1843 326 57 selections
1947 1844 169 56 from

122 1922 103 55 the
247 1939 213 52 poems
485 1921 67 56 of
571 1920 453 70 Wordsworth,
1050 1920 208 56 edited
1278 1921 152 56 with
1450 1919 444 73 introduction,
1915 1924 199 69 notes,

123 1997 1993 73 and questions by Benjamin R. Ward … Boston, New
122 2076 172 57 York
325 2080 145 69 [etc.]
504 2076 163 58 Ginn
698 2077 123 57 and
850 2094 305 53 company
1187 2105 12 42 [
1203 2085 17 20 c
1223 2070 164 78 l925]

191 2153 92 50 viii,
319 2155 75 43 192
425 2169 37 37 p.
493 2153 101 44 incl.
627 2154 151 50 front.,
808 2160 114 45 port.
986 2152 49 44 17½
1071 2155 46 17 cm
1123 2188 10 9 .

195 2210 410 53 “Bibliographical
636 2210 130 44 note”:
827 2224 38 38 p.
901 2209 200 44 190-192.

123 2266 53 53 ©
203 2268 110 51 Apr.
342 2268 39 51 9,
411 2266 128 52 1925;
567 2268 65 42 2c.
663 2268 111 51 May
799 2268 79 50 22;
908 2267 78 43 aff.
1018 2268 114 50 May
1155 2267 51 41 21;
1265 2267 42 41 A
1338 2263 190 55 855319;
1561 2265 118 45 Ginn
1704 2266 88 43 and
1821 2281 64 29 co.
1950 2265 66 55 [©
193 2267 1897 107 introduction,
495 2331 140 43 notes,

670 2323 241 53 questions]
983 2321 269 55 (25-10259)

124 2407 235 73 Bailey,
396 2408 218 73 Henry
647 2407 256 71 Turner,
941 2409 189 56 1865-

203 2485 374 71 Symbolism
621 2485 103 56 for
769 2484 238 71 artists,
1053 2483 273 57 creative
1372 2485 123 55 and
1539 2484 445 73 appreciative,
2030 2486 83 71 by

123 2560 1987 75 Henry Turner Bailey … and Ethel Pool … Worcester,
123 2641 210 72 Mass.,
364 2640 127 58 The
521 2640 195 57 Davis
745 2659 200 52 press,
976 2640 164 56 1925.

201 2716 1010 56 239 p. incl. XXXVIII pl. on 18 l. 17½ cm .
202 2776 151 43 “First
380 2776 201 52 printing
611 2773 145 46 1925.”

202 2831 324 52 Bibliography:
582 2847 39 36 p.
649 2831 206 44 228-230.

123 2886 53 53 ©
204 2889 111 50 May
338 2888 38 48 2,
409 2886 101 44 1925;
565 2888 63 41 2c.
656 2887 87 43 and
768 2887 78 42 aff.
875 2887 112 51 May
1013 2884 23 44 5;
1091 2887 42 41 A
1162 2884 164 45 829267;
1382 2886 142 43 Davis
1552 2901 138 38 press,
1718 2889 82 42 inc.

202 2940 269 57 (25-10178)

127 3026 303 70 Baldwin,
465 3026 281 58 William
779 3025 289 68 Edward,
1107 3028 189 56 1883-
1452 3028 90 57 ed.

201 3105 151 57 New
379 3104 171 56 York
578 3103 273 72 banking
880 3103 118 56 law
1029 3105 356 55 annotated.
1469 3105 147 54 1925
1649 3106 90 55 ed.
123 3104 1969 151 Containing

277 3183 84 56 all
407 3182 424 57 amendments
878 3184 63 54 to
988 3181 292 71 January
1325 3181 147 57 1926
1519 3180 153 59 with
1716 3183 399 58 annotations

125 3261 165 56 from
319 3260 306 58 decisions
654 3260 66 56 of
745 3259 104 58 the
877 3262 209 54 courts
1113 3263 63 53 to
1206 3258 221 57 March
1451 3260 167 69 1925,
1648 3260 240 72 rulings
1919 3261 68 57 of
2013 3263 104 57 the

127 3341 291 68 attorney
443 3338 252 68 general
720 3337 122 56 and
868 3356 79 37 an
974 3336 315 71 appendix
1314 3336 359 73 containing
1698 3339 255 71 general
123 3358 1967 114 provisions

388 3414 270 71 relating
683 3417 64 54 to
770 3413 274 72 banking
1067 3415 118 55 law
1210 3415 166 56 from
1400 3414 105 56 the
1532 3413 268 59 General
126 3434 1967 116 corporation
287 3494 118 55 law,

455 3492 185 57 Stock
671 3491 400 71 corporation
1101 3492 135 68 law,
1269 3492 136 55 Tax
1433 3492 134 69 law,
1600 3492 196 58 Penal
1826 3493 135 71 law,
1996 3493 122 57 and

127 3571 166 57 from
322 3571 104 56 the
460 3567 161 59 Civil
650 3568 274 71 practice
957 3571 115 53 act.
1155 3566 233 59 Edited
1418 3568 83 71 by
1529 3568 279 58 William
1842 3570 277 57 Edward

124 3644 1968 153 Baldwin … New York, The Banks law publishing company, 1925.
197 3800 922 55 3 p. l. , 347, [1], 36, 76, 14 p. 23½ cm .
200 3857 270 54 Supersedes
509 3855 97 45 The
640 3857 199 52 banking
873 3857 87 43 law
995 3856 50 44 of
1081 3857 116 43 New
1232 3856 146 53 York,
1414 3857 146 44 edited
1597 3857 257 51 1908-1913,
1889 3857 59 53 by
1984 3859 55 41 A.
2076 3859 42 50 J.

129 3916 201 51 Parker;
362 3914 253 45 1914-1923,
644 3914 59 51 by
731 3913 51 44 G.
808 3914 74 42 W.
912 3914 198 50 Morgan
1137 3912 86 44 and
1252 3913 56 41 A.
1336 3913 40 51 J.
1406 3913 188 43 Parker.

126 3967 1988 57 © May 29. 1925; 2c. and aff. June 2; A 855453; W. E. Baldwin, New York. (25-10840)
