2533 4412
1304 4123 109 55 692

353 439 210 74 Gibbs,
606 439 318 75 Anthony.

431 518 193 58 Little
650 519 191 58 Peter
865 519 300 73 Vacuum,
1194 539 36 37 a
1254 519 183 57 novel:
1493 519 83 72 by
1601 518 302 74 Anthony
1926 518 211 61 Gibbs.
354 519 1981 147 London,
527 596 397 59 Hutchinson
954 596 49 59 &
1032 616 85 38 co.
1153 598 181 72 [1925]

423 672 363 55 287 p. 19 ½ cm .
356 728 2002 57 © 1c. July 24, 1925; A ad int. 7137; pubd. July 10; Dial press, inc., New
426 788 143 43 York.
639 786 271 56 (25-15270)

354 872 314 75 Grierson,
704 871 264 61 Francis
1002 874 74 58 D.

434 951 129 58 The
602 952 222 57 double
864 951 235 72 thumb,
1136 952 84 72 by
1258 949 265 60 Francis
1561 952 75 57 D.
1678 950 321 61 Grierson.
2081 953 277 72 London,

354 1029 265 58 Hodder
652 1031 126 57 and
815 1029 358 73 Stoughton
1204 1029 246 58 limited
1485 1031 182 73 [1925]

424 1108 83 44 319
526 1121 41 39 p.
631 1107 52 44 19
689 1109 47 18 cm
743 1143 9 7 .

356 1163 1947 55 © 1c. July 17, 1925; A ad int. 7121; pubd. May 22; F. D. Grierson, ℅
427 1221 191 54 Hughes
651 1222 173 43 Massie
853 1222 38 43 &
918 1237 80 37 co.,
1027 1222 118 44 New
1173 1222 143 43 York.
1386 1220 272 56 (25-14664)

353 1309 365 69 Heathcote,
763 1308 264 73 Dudley.

432 1387 109 73 My
576 1387 400 73 wanderings
1012 1387 66 56 in
1114 1387 103 57 the
1255 1386 296 74 Balkans,
1587 1388 86 72 by
1708 1387 248 73 Dudley
1989 1387 369 74 Heathcote,

353 1466 151 58 with
533 1468 71 55 32
632 1465 421 58 illustrations
1084 1468 123 56 and
1236 1468 32 54 2
1296 1484 199 54 maps.
1579 1466 280 71 London,
1886 1465 398 60 Hutchinson
2314 1465 49 60 &

355 1563 85 40 co.
478 1545 182 73 [1925]

423 1622 110 53 xvii,
566 1622 194 47 [19]–328
789 1636 40 39 p.
892 1621 151 53 front.,
1076 1621 115 44 illus.
1218 1621 156 54 (map)
1411 1622 154 53 plates,
1597 1628 141 47 ports.
1797 1621 55 45 24
1857 1624 47 18 cm
1910 1657 9 9 .

426 1680 136 52 Maps
593 1694 58 29 on
682 1679 340 53 lining-papers.

355 1734 2002 55 © 1c. July 11, 1925; A ad int. 7096; pubd. May 15; D. Heathcote, ℅ Curtis
428 1794 182 51 Brown,
638 1794 90 49 ltd.,
759 1793 118 44 New
903 1793 143 44 York.
1116 1791 273 56 (25-14320)

357 1878 259 73 Hersey,
651 1878 217 74 Harry
898 1878 69 58 G.

433 1956 130 58 The
594 1956 126 58 last
751 1974 363 53 messenger
1146 1955 220 59 before
1399 1955 98 61 his
1531 1955 156 59 face.
1781 1955 109 72 (2d
1923 1956 125 59 and
2080 1956 115 59 enl.
2232 1956 123 72 ed.)

353 2033 100 73 By
488 2035 79 56 H.
613 2033 67 60 G.
720 2034 267 71 Hersey.
1071 2033 261 72 Boston,
1373 2034 131 58 The
1545 2032 416 75 Christopher
2000 2032 364 76 publishing

351 2113 194 57 house
579 2141 14 45 [
595 2120 19 23 c
617 2111 167 75 1925]

425 2189 80 46 159
532 2206 41 38 p.
632 2189 52 44 21
693 2191 48 18 cm
748 2225 9 9 .

355 2245 55 54 ©
440 2248 118 52 June
591 2246 61 52 16,
688 2245 130 53 1925;
852 2247 64 42 2c.
949 2247 88 43 and
1068 2247 80 43 aff.
1180 2246 118 52 June
1326 2246 78 53 22;
1439 2246 44 43 A
1514 2245 191 54 829783;
1744 2244 296 55 Christopher
2071 2246 101 53 pub.
2205 2247 154 43 house.

435 2302 273 56 (25-11446)

358 2388 362 73 Holmgren,
762 2387 259 60 Charles
1059 2388 170 58 John
1261 2388 348 74 Augustus,
1648 2390 191 57 1859-

434 2468 129 57 The
596 2467 142 57 first
770 2466 530 72 commandment;
1338 2485 89 52 or,
1462 2464 398 61 Prohibition
1896 2468 124 58 and
2052 2467 105 59 the
2191 2469 174 57 word

356 2545 69 57 of
451 2545 152 71 God,
629 2564 36 37 a
690 2542 358 74 Scriptural
1074 2541 281 73 analysis
1383 2542 68 58 of
1474 2542 390 74 prohibition
1887 2544 125 57 and
2039 2544 104 57 the
354 2545 1983 151 privileged

570 2625 125 57 and
731 2621 346 74 appointed
1110 2641 112 38 use
1262 2621 124 57 and
1423 2622 324 72 purposed
1782 2621 177 74 place
1999 2622 68 58 of
2103 2622 158 59 wine
2298 2624 65 57 in

355 2697 1939 75 the economy of mankind, by Rev. C. J. A. Holmgren …
358 2779 303 70 Concord,
690 2779 73 55 N.
792 2778 101 70 H.,
921 2779 237 56 Forum
1184 2776 69 57 of
1279 2776 357 59 conscience
1664 2777 124 57 and
1814 2777 157 75 love,
2001 2778 167 58 1925.

425 2856 316 54 32 p 22½ cm .
358 2909 1980 113 © June 16, 1925; 2c. and aff. June 17; A 829747; C. J. A. Holmgren, Concord, N. H . (25-11328)
356 3051 2000 76 Hutten zum Stolzenberg, Betsey (Riddle) f reifrau von,
433 3135 190 57 1874-

436 3213 237 73 Candy,
708 3214 124 57 and
867 3213 179 58 other
1081 3209 246 72 stories,
1360 3212 84 71 by
1473 3212 104 58 the
1610 3212 319 60 Baroness
1960 3231 122 42 von
2115 3214 243 59 Hutten

425 3288 1316 75 … London, Mills & Boon limited [1925]
428 3365 564 55 254 p. 19 ½ cm . 7/6
358 3417 2000 60 © 1c. July 11, 1925; A ad int. 7094; pubd. May 15; Baroness Bettina von
428 3481 191 50 Hutten,
651 3480 156 42 Rome.
877 3476 269 55 (25-14522)

356 3564 217 72 Jacob,
609 3561 244 59 Naomi.

435 3642 200 60 Jacob
675 3640 264 70 Ussher,
980 3639 83 71 by
1105 3639 226 56 Naomi
1371 3638 216 58 Jacob.
1668 3638 278 75 London,
1991 3642 68 57 T.
2102 3643 252 59 Butter-

357 3721 202 59 worth
581 3718 243 59 limited
850 3718 182 74 [1925]

436 3799 356 54 318 p. 19 ½ cm .
438 3857 24 20 “…
545 3855 211 54 Adapted
785 3853 122 44 from
935 3852 78 45 the
1037 3853 104 53 play
1169 3852 148 45 ‘Birds
1347 3852 53 45 of
1423 3867 26 29 a
1477 3851 189 45 feather’
1693 3854 58 52 by
1777 3853 75 45 the
1880 3854 87 45 late
1998 3856 160 54 Henry
2186 3857 57 47 V.
364 3858 1972 101 Esmond
578 3912 24 20 …”

360 3963 1996 61 © 1c. July 25, 1925; A ad int. 7144; pubd. June 25; N. Jacob, ℅ Kennaday
431 4028 37 43 &
500 4026 282 50 Livingston,
815 4022 116 43 New
962 4021 144 42 York.
1176 4018 271 56 (25-15766)
