2533 4412
1267 4069 112 58 260

327 412 241 71 Damm,
607 411 196 70 Hans,
843 414 91 58 ed.

404 490 266 58 Francis
726 490 209 58 Drake
993 492 92 56 als
1141 492 349 58 freibeuter
1545 492 64 57 in
1668 492 669 72 Spanisch-Amerika;

325 568 210 58 bearb.
573 587 123 38 von
734 569 91 56 dr.
865 569 179 58 Hans
1082 569 242 57 Damm.
1409 570 278 73 Leipzig,
1726 571 70 56 F.
1836 570 74 57 A.
1952 571 384 72 Brockbans,

327 648 165 55 1924.

401 723 90 52 158,
537 726 52 45 [2]
631 739 41 38 p.
735 724 125 45 front.
900 725 167 53 (port.)
1116 724 116 44 illus.
1259 724 127 54 (incl.
1427 726 153 53 maps)
1627 725 155 53 plates.
1846 726 51 44 19c
1920 728 28 17 m
1957 761 8 8 .
2029 725 122 47 [Alte
2193 725 146 45 reisen

327 782 89 42 und
445 781 256 44 abenteuer.
766 781 62 47 10]

730 839 88 44 CONTENTS.—Die
858 838 301 45 historischen
1197 840 89 43 und
1325 839 390 53 geographischen
1753 838 282 55 grundlagen
2074 840 78 43 der
2193 837 146 46 reisen

327 894 189 45 Francis
543 896 194 43 Drakes.
740 922 57 4 —
799 897 179 43 Drakes
1007 896 116 44 reise
1147 896 116 43 nach
1292 895 171 45 Guinea
1490 898 90 42 und
1605 896 287 44 Westindien
1918 895 249 45 1567-1569
2201 895 138 54 (nach

327 953 85 43 den
439 952 391 54 aufzeichnungen
857 967 90 29 von
977 952 120 53 John
1127 952 253 53 Hawkins)
1391 952 246 45 —Francis
1670 953 180 44 Drakes
1883 953 115 44 reise
2029 967 76 28 um
2135 953 70 43 die
2235 960 105 35 welt

336 1009 140 52 (nach
509 1009 389 53 aufzeichnungen
932 1011 76 42 des
1045 1009 201 53 Kaplans
1282 1008 237 54 Fletcher)
1529 1009 147 44 —Die
1710 1010 133 44 letzte
1878 1010 113 44 reise
2025 1024 89 29 von
2149 1008 189 46 Francis

328 1066 156 44 Drake
511 1082 115 28 anno
657 1065 104 45 1595
799 1066 140 52 (nach
967 1066 123 44 einer
1118 1065 291 45 handschrift
1438 1068 75 42 des
1543 1065 201 45 Thomas
1775 1065 279 53 Maynarde)
2098 1066 111 43 -Die
328 1080 1989 96 aussagen

494 1121 1733 54 des piloten Nu ñ o da Silva vor dem inquisitionsgericht in Mexiko.
326 1178 1812 54 © May 27, 1924; 1c. Nov. 10; A —Foreign 26314; F. A. Brockhaus.
406 1236 244 54 (25-7016)

326 1320 1788 71 Díaz del C astillo, Bernal i. e. Bernardo, 1492-1581?
402 1398 345 60 Hernando
779 1397 240 76 Cortes,
1050 1399 98 59 die
1177 1400 353 73 erobernng
1553 1419 123 39 von
1703 1399 280 72 Mexiko;
2012 1399 161 59 nach
2199 1400 140 58 dem

324 1478 243 58 bericht
600 1480 108 56 des
744 1479 156 56 Diaz
934 1479 98 57 del
1069 1477 261 60 Castillo
1364 1479 210 57 bearb.
1610 1498 123 38 von
1767 1480 91 56 dr.
1895 1478 80 57 H.
2012 1477 69 60 G.
2115 1478 221 57 Bonte.

326 1555 277 74 Leipzig,
636 1557 70 56 F.
741 1556 73 57 A.
850 1556 384 72 Brockhaus,
1268 1557 166 56 1924.

400 1634 91 53 158,
525 1636 51 45 [2]
612 1650 39 37 p.
714 1634 115 45 illus.
857 1634 178 53 (maps)
1075 1635 156 52 plates,
1262 1636 24 41 2
1318 1642 115 45 port.
1460 1634 126 53 (incl.
1622 1633 164 53 front.)
1858 1634 50 44 19c
1932 1636 29 16 m
1968 1668 8 8 .
2040 1632 121 48 [Alte
2195 1634 144 43 reisen

325 1693 90 42 und
446 1692 253 43 abenteuer.
760 1692 38 49 9]

398 1748 141 43 “Zum
572 1749 179 43 zwecke
784 1750 80 42 der
895 1748 322 53 vorliegenden
1249 1748 199 53 ausgabe
1480 1754 170 38 musste
1684 1749 78 42 der
1798 1756 97 38 text
1929 1749 76 42 des
2041 1747 175 44 Werkes
2251 1761 87 29 von

326 1806 116 43 Diaz
478 1805 72 44 del
586 1804 189 46 Castillo
810 1806 129 43 stark
972 1806 196 52 gekürzt
1203 1807 205 49 werden;
1448 1822 49 27 so
1533 1811 169 37 musste
1738 1807 78 42 der
1853 1820 141 37 ganze
2030 1804 143 44 vierte
2207 1804 130 50 band,

326 1864 81 42 der
431 1862 71 44 die
526 1862 373 53 durchbringung
922 1864 76 43 des
1025 1862 153 45 landes
1203 1863 114 43 nach
1343 1864 78 42 der
1447 1862 253 53 eroberung
1725 1864 80 42 der
1830 1861 263 53 hauptstadt
2119 1859 217 52 darstellt,

324 1919 143 52 völlig
499 1920 42 42 in
573 1920 187 52 Wegfall
791 1919 354 53 kommen.”—p.
1180 1920 63 43 18.

325 1974 1812 55 © May 27, 1924; 1c. Nov. 10; A —Foreign 26313; F. A. Brockhaus.
404 2033 245 55 (25-7017)
2144 2038 104 37 1618

324 2117 237 70 Drahn,
603 2118 341 57 Hermann.

468 2195 1862 74 … Das werk Stefan Georges; seine religiosität und
325 2274 133 58 sein
486 2274 193 57 ethos.
765 2273 276 74 Leipzig,
1070 2274 70 56 F.
1171 2274 152 57 Hirt
1350 2273 48 57 &
1426 2275 172 71 sohn,
1629 2276 165 55 1925.

437 2388 8 16 x,
476 2354 76 43 160
580 2369 39 37 p.
679 2355 51 41 21c
759 2355 28 17 m
795 2388 8 8 .

324 2407 2009 55 © Nov. 24, 1924; 1c. Jan. 29, 1925; A—Foreign 26619; Ferdinand Hirt &
395 2466 125 44 sohn.
590 2465 246 54 (25-7114)

325 2550 187 72 Dürr,
548 2549 67 57 L.

402 2629 585 72 Fünfundzwanzig
1029 2628 181 73 jahre
1257 2628 772 75 zeppelin-luftschiffbau,
2075 2649 122 39 von
2242 2632 92 57 dr.

325 2707 2013 74 ing. e. h. L. Dürr … mit 186 textabbildungen und einer
325 2785 174 58 tafel.
585 2785 236 66 Berlin,
849 2785 58 56 V
933 2785 54 55 D
1017 2785 296 72 I-verlag,
1344 2805 55 52 g.
1430 2804 75 37 m.
1537 2786 54 56 b.
1623 2784 77 73 h.,
1731 2787 165 55 1924.

397 2862 1098 53 2 p. l., 83 p. illus., fold, pl., diagr. 31 cm .
326 2919 1732 54 © Sept. 9, 1924; 1c. Nov. 22; A —Foreign 26373; V. D. I. verlag.
404 2974 245 57 (25-7257)

326 3059 275 68 Fischer,
642 3058 178 57 Hans
856 3059 81 58 W
1249 3061 190 57 1876-

403 3138 134 57 Das
566 3137 325 73 tanzbuch,
919 3156 120 38 von
1073 3137 179 57 Hans
1283 3138 96 57 W.
1414 3138 291 70 Fischer;
1739 3140 93 57 als
1865 3140 288 73 anhang:·
2180 3142 152 58 Drei

326 3216 361 72 tanzspiele.
764 3215 327 73 München,
1126 3216 76 56 A.
1237 3216 276 73 Langen,
1550 3219 164 55 1924.

398 3294 79 43 162
510 3308 53 38 p.,
602 3319 10 29 [1]
710 3328 8 8 l.
778 3293 51 43 21c
856 3295 31 18 m
892 3328 8 8 .

324 3349 1733 57 © June 10, 1924; 1c. Nov. 22; A —Foreign 26377; Albert Langen.
406 3406 243 55 (25-7090)

326 3491 267 72 Franke,
636 3490 208 73 Georg
884 3490 341 58 Hermann.

404 3569 130 58 Der
569 3572 168 54 staat
771 3569 129 57 und
934 3569 99 57 die
1069 3569 442 72 geschlechter,
1548 3590 121 37 von
1707 3571 209 74 Georg
1948 3574 78 56 H.
2066 3575 266 60 Franke.

328 3648 285 70 Breslau,
645 3647 70 56 F.
752 3645 170 72 Hirt,
958 3647 167 57 1924.

400 3725 359 52 109 p. 22 ½c m .
729 3782 96 43 CONTENTS.—Der
860 3789 118 36 Staat
1011 3782 90 43 und
1137 3780 119 46 seine
1288 3782 180 45 kräfte:
1505 3783 143 44 Mann
1681 3786 89 42 und
1804 3785 127 44 weib.
1994 3786 199 52 Heimat,
2228 3789 107 45 volk

328 3841 89 42 und
443 3839 273 44 welt.—Der
745 3845 117 38 Staat
888 3839 90 42 und
1006 3839 70 43 die
1102 3838 283 52 geschichte:
1420 3838 236 47 Stillstand
1684 3842 90 42 und
1803 3842 319 54 entwicklung.
2183 3845 149 44 Natur

329 3898 88 42 und
441 3895 296 44 recht.—Der
762 3903 118 36 Staat
902 3896 90 42 und
1015 3895 70 43 die
1107 3894 197 53 jugend:
1329 3896 184 43 Wissen
1537 3897 88 43 und
1651 3896 191 45 können.
1907 3897 118 52 Spiel
2050 3902 88 42 und
2162 3900 171 53 kampf.

327 3950 1916 58 © Oct. 21, 1924; 1c. Jan. 29, 1925; A —Foreign 26614; Ferdinand Hirt.
407 4008 244 56 (25-7267)
