<alto xmlns="http://www.loc.gov/standards/alto/ns-v3#" xmlns:xlink="http://www.w3.org/1999/xlink" xmlns:xsi="http://www.w3.org/2001/XMLSchema-instance" xsi:schemaLocation="http://www.loc.gov/standards/alto/ns-v3# http://www.loc.gov/alto/v3/alto-3-0.xsd"><Description>
<MeasurementUnit>pixel</MeasurementUnit>
<sourceImageInformation>
<fileName>1925_v22_Part001.pdf</fileName>
</sourceImageInformation>
<OCRProcessing ID="IdOcr">
<ocrProcessingStep>
<processingDateTime>2019-04-03</processingDateTime>
<processingSoftware>
<softwareCreator>ABBYY</softwareCreator>
<softwareName>ABBYY Recognition Server</softwareName>
<softwareVersion>4.0</softwareVersion>
</processingSoftware>
</ocrProcessingStep>
</OCRProcessing>
</Description>
<Styles>
<ParagraphStyle ID="StyleId-FFFFFFFF-FFFF-FFFF-FFFF-FFFFFFFFFFFF-" ALIGN="Left" LEFT="0." RIGHT="0." FIRSTLINE="0."/>
<ParagraphStyle ID="StyleId-2E5B4E57-07AD-4719-97CB-14521F7F4F8A-" ALIGN="Left" LEFT="0." RIGHT="0." FIRSTLINE="0." LINESPACE="8.899999619"/>
<ParagraphStyle ID="StyleId-62A6F688-D6E3-4EFC-837B-4A4C4EB582B7-" ALIGN="Center" LEFT="0." RIGHT="0." FIRSTLINE="0." LINESPACE="12.19999981"/>
<ParagraphStyle ID="StyleId-21B71EBC-BDB5-4E16-A8F2-58189A39665B-" ALIGN="Block" LEFT="0." RIGHT="0." FIRSTLINE="-13." LINESPACE="11.35000038"/>
<ParagraphStyle ID="StyleId-1E1A68C4-DD4F-417A-A13D-7FEC29ECB499-" ALIGN="Block" LEFT="0." RIGHT="0." FIRSTLINE="-15." LINESPACE="13.30000019"/>
<ParagraphStyle ID="StyleId-6B39EC51-644D-4E90-AF07-84EF2B1E466A-" ALIGN="Block" LEFT="0." RIGHT="0." FIRSTLINE="-15." LINESPACE="8.340000153"/>
<ParagraphStyle ID="StyleId-2C1BA15F-E223-41D6-853D-AAFBDAC17E68-" ALIGN="Center" LEFT="0." RIGHT="0." FIRSTLINE="0." LINESPACE="13."/>
<ParagraphStyle ID="StyleId-A3B2CDF3-43F0-422C-90A0-E074BFEC3BC0-" ALIGN="Block" LEFT="0." RIGHT="0." FIRSTLINE="0." LINESPACE="8.899999619"/>
<ParagraphStyle ID="StyleId-28AB2493-EA15-49C1-A6AC-ED5BC404F0B9-" ALIGN="Center" LEFT="0." RIGHT="0." FIRSTLINE="0." LINESPACE="12.19999981"/>
<ParagraphStyle ID="StyleId-4417A6D4-97E2-4EFC-962D-7FBC0D5273E4-" ALIGN="Left" LEFT="0." RIGHT="0." FIRSTLINE="15." LINESPACE="8.340000153"/>
<ParagraphStyle ID="StyleId-D4EF9C5E-3110-4A39-B7BC-3D84E0F04894-" ALIGN="Center" LEFT="0." RIGHT="0." FIRSTLINE="0." LINESPACE="13.30000019"/>
<ParagraphStyle ID="StyleId-D1243F31-1201-4D92-8F69-43ADB01E9AD1-" ALIGN="Left" LEFT="0." RIGHT="0." FIRSTLINE="-13." LINESPACE="13.30000019"/>
<ParagraphStyle ID="StyleId-C65417C6-23F2-4D8F-BA55-ECE73D98CAB9-" ALIGN="Left" LEFT="0." RIGHT="0." FIRSTLINE="0." LINESPACE="8.899999619"/>
<ParagraphStyle ID="StyleId-835763C1-08DD-41BE-8BAD-8E41EA88DAE3-" ALIGN="Center" LEFT="0." RIGHT="0." FIRSTLINE="0." LINESPACE="11.10000038"/>
<ParagraphStyle ID="StyleId-78FD6B81-8F83-422D-8DF4-4274EAFD19C6-" ALIGN="Block" LEFT="0." RIGHT="0." FIRSTLINE="-17." LINESPACE="12.19999981"/>
<ParagraphStyle ID="StyleId-F506BC7F-570D-458B-9F05-A143E1F5FD17-" ALIGN="Block" LEFT="0." RIGHT="0." FIRSTLINE="-17." LINESPACE="11.35000038"/>
<ParagraphStyle ID="StyleId-CBE02C6B-22D0-48C6-A874-7E90A22F4375-" ALIGN="Center" LEFT="0." RIGHT="0." FIRSTLINE="0." LINESPACE="4.400000095"/>
<ParagraphStyle ID="StyleId-14CC0121-63AF-4AB4-9656-E02F46C61AF2-" ALIGN="Left" LEFT="0." RIGHT="0." FIRSTLINE="0." LINESPACE="8.899999619"/>
<ParagraphStyle ID="StyleId-DD64CECB-1B22-4BFF-84F0-DFDE2B0000F8-" ALIGN="Left" LEFT="0." RIGHT="0." FIRSTLINE="0." LINESPACE="12.19999981"/>
<ParagraphStyle ID="StyleId-8AEF4AA8-141A-4E5D-9C3E-C0F9F43C742F-" ALIGN="Left" LEFT="0." RIGHT="0." FIRSTLINE="0." LINESPACE="8.300000191"/>
<ParagraphStyle ID="StyleId-8C396D2A-39C0-48AB-BABA-2679D8AB257E-" ALIGN="Left" LEFT="0." RIGHT="0." FIRSTLINE="0." LINESPACE="11.10000038"/>
<ParagraphStyle ID="StyleId-3B7FE50F-10D4-487F-BDCD-FD26EB60FD4A-" ALIGN="Block" LEFT="0." RIGHT="0." FIRSTLINE="13." LINESPACE="8.340000153"/>
<ParagraphStyle ID="StyleId-8CC5CC8E-615B-4C42-BB46-DB28FA355C27-" ALIGN="Left" LEFT="0." RIGHT="0." FIRSTLINE="0." LINESPACE="12.19999981"/>
<ParagraphStyle ID="StyleId-BC67E79D-8D99-4188-8B35-A59DBB7E2BB0-" ALIGN="Block" LEFT="0." RIGHT="0." FIRSTLINE="11." LINESPACE="9.399999619"/>
</Styles>
<Layout>
<Page ID="Page383" PHYSICAL_IMG_NR="383" HEIGHT="4412" WIDTH="2533">
<TopMargin HEIGHT="432" WIDTH="2533" VPOS="0" HPOS="0">
</TopMargin>
<LeftMargin HEIGHT="3818" WIDTH="79" VPOS="432" HPOS="0">
</LeftMargin>
<RightMargin HEIGHT="3818" WIDTH="424" VPOS="432" HPOS="2109">
</RightMargin>
<BottomMargin HEIGHT="162" WIDTH="2533" VPOS="4250" HPOS="0">
</BottomMargin>
<PrintSpace HEIGHT="3818" WIDTH="2030" VPOS="432" HPOS="79">
<TextBlock ID="Page383_Block1" HEIGHT="184" WIDTH="274" VPOS="4066" HPOS="983" LANG="en-US" STYLEREFS="StyleId-80583114-01C8-478B-B39F-C47536AC845F-">
<Shape>
<Polygon POINTS="984,4066 1257,4066 1257,4099 1256,4099 1256,4250 984,4250 984,4249 983,4249 983,4094 984,4094 984,4066"/>
</Shape>
<TextLine HEIGHT="53" WIDTH="109" VPOS="4083" HPOS="1038">
<String CONTENT="383" HEIGHT="53" WIDTH="109" VPOS="4083" HPOS="1038"/>
</TextLine>
</TextBlock>
<TextBlock ID="Page383_Block2" HEIGHT="3715" WIDTH="2030" VPOS="432" HPOS="79" LANG="en-US" CS="1" STYLEREFS="StyleId-0D83C318-17FD-443C-8CBA-B54C942F7AA1-">
<Shape>
<Polygon POINTS="85,432 324,432 324,433 954,433 954,434 1584,434 1584,435 2109,435 2109,948 2108,948 2108,1578 2107,1578 2107,2208 2106,2208 2106,2839 2105,2839 2105,3469 2104,3469 2104,4099 2103,4099 2103,4147 1579,4147 1579,4146 1369,4146 1369,4145 319,4145 319,4144 79,4144 79,4094 80,4094 80,3464 81,3464 81,2834 82,2834 82,2204 83,2204 83,1573 84,1573 84,943 85,943 85,432"/>
</Shape>
<TextLine HEIGHT="74" WIDTH="1094" VPOS="442" HPOS="101">
<String CONTENT="Searles," HEIGHT="72" WIDTH="262" VPOS="443" HPOS="101"/>
<SP HEIGHT="71" WIDTH="42" VPOS="444" HPOS="364"/>
<String CONTENT="William" HEIGHT="59" WIDTH="279" VPOS="443" HPOS="407"/>
<SP HEIGHT="56" WIDTH="41" VPOS="444" HPOS="687"/>
<String CONTENT="Henry," HEIGHT="71" WIDTH="232" VPOS="444" HPOS="729"/>
<SP HEIGHT="66" WIDTH="46" VPOS="447" HPOS="962"/>
<String CONTENT="1837-" HEIGHT="57" WIDTH="186" VPOS="445" HPOS="1009"/>
</TextLine>
<TextLine HEIGHT="153" WIDTH="1964" VPOS="531" HPOS="97" CS="1">
<String CONTENT="Field" HEIGHT="58" WIDTH="179" VPOS="534" HPOS="174"/>
<SP HEIGHT="55" WIDTH="29" VPOS="536" HPOS="354"/>
<String CS="1" CONTENT="engineering;" HEIGHT="72" WIDTH="402" VPOS="534" HPOS="384"/>
<SP HEIGHT="52" WIDTH="31" VPOS="553" HPOS="817"/>
<String CONTENT="a" HEIGHT="37" WIDTH="34" VPOS="553" HPOS="849"/>
<SP HEIGHT="56" WIDTH="27" VPOS="534" HPOS="884"/>
<String CONTENT="handbook" HEIGHT="58" WIDTH="328" VPOS="532" HPOS="912"/>
<SP HEIGHT="56" WIDTH="30" VPOS="533" HPOS="1241"/>
<String CONTENT="of" HEIGHT="56" WIDTH="67" VPOS="533" HPOS="1272"/>
<SP HEIGHT="57" WIDTH="28" VPOS="533" HPOS="1340"/>
<String CONTENT="the" HEIGHT="57" WIDTH="104" VPOS="533" HPOS="1369"/>
<SP HEIGHT="53" WIDTH="31" VPOS="536" HPOS="1474"/>
<String CONTENT="theory" HEIGHT="70" WIDTH="222" VPOS="534" HPOS="1506"/>
<SP HEIGHT="52" WIDTH="28" VPOS="552" HPOS="1729"/>
<String CONTENT="and" HEIGHT="55" WIDTH="123" VPOS="535" HPOS="1758"/>
<SP HEIGHT="69" WIDTH="27" VPOS="535" HPOS="1882"/>
<String CONTENT="practice" HEIGHT="122" WIDTH="1964" VPOS="549" HPOS="97"/>
<SP HEIGHT="39" WIDTH="38" VPOS="629" HPOS="215"/>
<String CONTENT="of" HEIGHT="56" WIDTH="67" VPOS="611" HPOS="254"/>
<SP HEIGHT="57" WIDTH="35" VPOS="611" HPOS="322"/>
<String CONTENT="railway" HEIGHT="72" WIDTH="259" VPOS="610" HPOS="358"/>
</TextLine>
<TextLine HEIGHT="75" WIDTH="1430" VPOS="609" HPOS="656">
<String CONTENT="surveying," HEIGHT="73" WIDTH="355" VPOS="610" HPOS="656"/>
<SP HEIGHT="73" WIDTH="38" VPOS="610" HPOS="1012"/>
<String CONTENT="location" HEIGHT="59" WIDTH="271" VPOS="610" HPOS="1051"/>
<SP HEIGHT="39" WIDTH="38" VPOS="630" HPOS="1323"/>
<String CONTENT="and" HEIGHT="57" WIDTH="123" VPOS="610" HPOS="1362"/>
<SP HEIGHT="57" WIDTH="38" VPOS="610" HPOS="1486"/>
<String CONTENT="construction," HEIGHT="71" WIDTH="441" VPOS="610" HPOS="1525"/>
<SP HEIGHT="70" WIDTH="36" VPOS="611" HPOS="1967"/>
<String CONTENT="by" HEIGHT="72" WIDTH="82" VPOS="611" HPOS="2004"/>
</TextLine>
<TextLine HEIGHT="75" WIDTH="1989" VPOS="685" HPOS="96" CS="1">
<String CONTENT="William" HEIGHT="60" WIDTH="277" VPOS="687" HPOS="96"/>
<SP HEIGHT="56" WIDTH="28" VPOS="688" HPOS="374"/>
<String CONTENT="H." HEIGHT="56" WIDTH="78" VPOS="688" HPOS="403"/>
<SP HEIGHT="57" WIDTH="33" VPOS="688" HPOS="482"/>
<String CONTENT="Searles" HEIGHT="57" WIDTH="248" VPOS="688" HPOS="516"/>
<SP HEIGHT="37" WIDTH="35" VPOS="708" HPOS="765"/>
<String CS="1" CONTENT="&#8230;"/>
<SP HEIGHT="54" WIDTH="73" VPOS="690" HPOS="863"/>
<String CONTENT="19th" HEIGHT="59" WIDTH="142" VPOS="686" HPOS="937"/>
<SP HEIGHT="56" WIDTH="29" VPOS="687" HPOS="1080"/>
<String CONTENT="ed.," HEIGHT="69" WIDTH="112" VPOS="689" HPOS="1110"/>
<SP HEIGHT="52" WIDTH="30" VPOS="706" HPOS="1223"/>
<String CS="1" CONTENT="rev." HEIGHT="38" WIDTH="111" VPOS="706" HPOS="1254"/>
<SP/>
<String CONTENT="and" HEIGHT="55" WIDTH="122" VPOS="689" HPOS="1413"/>
<SP HEIGHT="56" WIDTH="28" VPOS="689" HPOS="1536"/>
<String CONTENT="enl.," HEIGHT="72" WIDTH="136" VPOS="688" HPOS="1565"/>
<SP HEIGHT="68" WIDTH="28" VPOS="692" HPOS="1702"/>
<String CONTENT="total" HEIGHT="56" WIDTH="157" VPOS="689" HPOS="1731"/>
<SP HEIGHT="56" WIDTH="27" VPOS="688" HPOS="1889"/>
<String CONTENT="issue" HEIGHT="57" WIDTH="168" VPOS="688" HPOS="1917"/>
</TextLine>
<TextLine HEIGHT="80" WIDTH="1986" VPOS="761" HPOS="99" CS="1">
<String CONTENT="seventy" HEIGHT="70" WIDTH="257" VPOS="768" HPOS="99"/>
<SP HEIGHT="70" WIDTH="22" VPOS="768" HPOS="357"/>
<String CS="1" CONTENT="thousand;" HEIGHT="56" WIDTH="311" VPOS="766" HPOS="380"/>
<SP HEIGHT="68" WIDTH="23" VPOS="768" HPOS="723"/>
<String CONTENT="by" HEIGHT="71" WIDTH="83" VPOS="768" HPOS="747"/>
<SP HEIGHT="73" WIDTH="19" VPOS="766" HPOS="831"/>
<String CONTENT="Howard" HEIGHT="59" WIDTH="278" VPOS="764" HPOS="851"/>
<SP HEIGHT="59" WIDTH="23" VPOS="763" HPOS="1130"/>
<String CONTENT="Chapin" HEIGHT="72" WIDTH="244" VPOS="763" HPOS="1154"/>
<SP HEIGHT="56" WIDTH="20" VPOS="765" HPOS="1399"/>
<String CONTENT="Ives" HEIGHT="57" WIDTH="142" VPOS="765" HPOS="1420"/>
<SP HEIGHT="39" WIDTH="28" VPOS="784" HPOS="1563"/>
<String CS="1" CONTENT="&#8230;"/>
<SP HEIGHT="55" WIDTH="68" VPOS="765" HPOS="1653"/>
<String CONTENT="New," HEIGHT="72" WIDTH="163" VPOS="765" HPOS="1722"/>
<SP HEIGHT="72" WIDTH="8" VPOS="765" HPOS="1886"/>
<String CONTENT="York," HEIGHT="72" WIDTH="190" VPOS="765" HPOS="1895"/>
</TextLine>
<TextLine HEIGHT="77" WIDTH="1247" VPOS="841" HPOS="97" CS="1">
<String CONTENT="J." HEIGHT="58" WIDTH="57" VPOS="844" HPOS="97"/>
<SP HEIGHT="59" WIDTH="28" VPOS="843" HPOS="155"/>
<String CONTENT="Wiley" HEIGHT="74" WIDTH="206" VPOS="843" HPOS="184"/>
<SP HEIGHT="75" WIDTH="21" VPOS="842" HPOS="391"/>
<String CONTENT="&amp;" HEIGHT="58" WIDTH="49" VPOS="842" HPOS="413"/>
<SP HEIGHT="58" WIDTH="21" VPOS="842" HPOS="463"/>
<String CONTENT="sons," HEIGHT="53" WIDTH="163" VPOS="862" HPOS="485"/>
<SP HEIGHT="72" WIDTH="21" VPOS="843" HPOS="649"/>
<String CS="1" CONTENT="inc.;" HEIGHT="57" WIDTH="114" VPOS="843" HPOS="671"/>
<SP HEIGHT="49" WIDTH="26" VPOS="867" HPOS="822"/>
<String CONTENT="[etc.," HEIGHT="71" WIDTH="148" VPOS="846" HPOS="849"/>
<SP HEIGHT="52" WIDTH="25" VPOS="863" HPOS="998"/>
<String CONTENT="etc.]" HEIGHT="69" WIDTH="129" VPOS="846" HPOS="1024"/>
<SP HEIGHT="70" WIDTH="25" VPOS="845" HPOS="1154"/>
<String CONTENT="1925." HEIGHT="56" WIDTH="164" VPOS="843" HPOS="1180"/>
</TextLine>
<TextLine HEIGHT="57" WIDTH="1087" VPOS="919" HPOS="170" STYLEREFS="StyleId-8845E0D8-3BC1-4E00-9238-5D79E7A12D6C-" CS="1">
<String CONTENT="2" HEIGHT="42" WIDTH="26" VPOS="924" HPOS="170"/>
<SP/>
<String CONTENT="V." HEIGHT="28" WIDTH="42" VPOS="938" HPOS="221"/>
<SP HEIGHT="43" WIDTH="28" VPOS="923" HPOS="263"/>
<String CONTENT="in" HEIGHT="44" WIDTH="45" VPOS="923" HPOS="291"/>
<SP HEIGHT="42" WIDTH="29" VPOS="925" HPOS="336"/>
<String CONTENT="1." HEIGHT="42" WIDTH="36" VPOS="925" HPOS="365"/>
<SP HEIGHT="36" WIDTH="59" VPOS="930" HPOS="401"/>
<String CONTENT="tables," HEIGHT="53" WIDTH="157" VPOS="921" HPOS="460"/>
<SP HEIGHT="51" WIDTH="24" VPOS="923" HPOS="617"/>
<String CONTENT="diagrs." HEIGHT="53" WIDTH="167" VPOS="922" HPOS="641"/>
<SP HEIGHT="42" WIDTH="64" VPOS="924" HPOS="808"/>
<String CONTENT="1" HEIGHT="41" WIDTH="18" VPOS="924" HPOS="872"/>
<String LANG="fr" CONTENT="7" HEIGHT="44" WIDTH="27" VPOS="921" HPOS="896"/>
<String CS="1" CONTENT="&#189;"/>
<String STYLE="superscript" LANG="fr" CONTENT="cm" HEIGHT="18" WIDTH="46" VPOS="924" HPOS="956"/>
<String LANG="fr" CONTENT="." HEIGHT="9" WIDTH="8" VPOS="958" HPOS="1009"/>
<SP/>
<String CONTENT="$4.00" HEIGHT="53" WIDTH="124" VPOS="921" HPOS="1133"/>
</TextLine>
<TextLine HEIGHT="48" WIDTH="580" VPOS="991" HPOS="440" STYLEREFS="StyleId-8845E0D8-3BC1-4E00-9238-5D79E7A12D6C-" CS="1">
<String CS="1" CONTENT="CONTENTS.&#8212;I." HEIGHT="34" WIDTH="101" VPOS="1001" HPOS="440"/>
<SP HEIGHT="44" WIDTH="24" VPOS="991" HPOS="542"/>
<String CS="1" CONTENT="Text.&#8212;II." HEIGHT="47" WIDTH="249" VPOS="991" HPOS="567"/>
<SP HEIGHT="46" WIDTH="23" VPOS="992" HPOS="817"/>
<String CONTENT="Tables." HEIGHT="46" WIDTH="179" VPOS="991" HPOS="841"/>
</TextLine>
<TextLine HEIGHT="60" WIDTH="1983" VPOS="1057" HPOS="101" STYLEREFS="StyleId-8845E0D8-3BC1-4E00-9238-5D79E7A12D6C-">
<String CONTENT="&#169;" HEIGHT="53" WIDTH="52" VPOS="1061" HPOS="101"/>
<SP HEIGHT="53" WIDTH="23" VPOS="1061" HPOS="154"/>
<String CONTENT="Apr." HEIGHT="51" WIDTH="109" VPOS="1063" HPOS="178"/>
<SP HEIGHT="43" WIDTH="29" VPOS="1062" HPOS="288"/>
<String CONTENT="1," HEIGHT="50" WIDTH="32" VPOS="1062" HPOS="318"/>
<SP HEIGHT="49" WIDTH="29" VPOS="1063" HPOS="351"/>
<String CONTENT="1925;" HEIGHT="54" WIDTH="129" VPOS="1059" HPOS="381"/>
<SP HEIGHT="51" WIDTH="24" VPOS="1062" HPOS="511"/>
<String CONTENT="2c." HEIGHT="42" WIDTH="63" VPOS="1062" HPOS="536"/>
<SP HEIGHT="27" WIDTH="24" VPOS="1077" HPOS="600"/>
<String CONTENT="and" HEIGHT="42" WIDTH="87" VPOS="1062" HPOS="625"/>
<SP HEIGHT="43" WIDTH="24" VPOS="1062" HPOS="713"/>
<String CONTENT="aff." HEIGHT="44" WIDTH="78" VPOS="1061" HPOS="738"/>
<SP HEIGHT="42" WIDTH="25" VPOS="1062" HPOS="817"/>
<String CONTENT="Apr." HEIGHT="53" WIDTH="112" VPOS="1062" HPOS="843"/>
<SP HEIGHT="44" WIDTH="23" VPOS="1064" HPOS="956"/>
<String CONTENT="8;" HEIGHT="49" WIDTH="50" VPOS="1064" HPOS="980"/>
<SP HEIGHT="50" WIDTH="26" VPOS="1063" HPOS="1031"/>
<!-- cceid 2F2664FE-6DD5-1014-B757-AF09C522E301 --><String CONTENT="A" HEIGHT="41" WIDTH="44" VPOS="1063" HPOS="1058"/>
<SP HEIGHT="42" WIDTH="24" VPOS="1062" HPOS="1103"/>
<String CONTENT="822819;" HEIGHT="50" WIDTH="188" VPOS="1062" HPOS="1128"/>
<SP HEIGHT="50" WIDTH="28" VPOS="1062" HPOS="1317"/>
<String CONTENT="Mary" HEIGHT="51" WIDTH="136" VPOS="1062" HPOS="1346"/>
<SP HEIGHT="52" WIDTH="25" VPOS="1061" HPOS="1483"/>
<String CONTENT="D." HEIGHT="42" WIDTH="57" VPOS="1061" HPOS="1509"/>
<SP HEIGHT="48" WIDTH="29" VPOS="1059" HPOS="1567"/>
<String CONTENT="Searles," HEIGHT="54" WIDTH="192" VPOS="1060" HPOS="1597"/>
<SP HEIGHT="53" WIDTH="24" VPOS="1061" HPOS="1790"/>
<String CONTENT="Elyria," HEIGHT="53" WIDTH="172" VPOS="1061" HPOS="1815"/>
<SP HEIGHT="50" WIDTH="27" VPOS="1063" HPOS="1988"/>
<String CONTENT="O.," HEIGHT="50" WIDTH="68" VPOS="1063" HPOS="2016"/>
</TextLine>
<TextLine HEIGHT="58" WIDTH="1463" VPOS="1114" HPOS="169" STYLEREFS="StyleId-8845E0D8-3BC1-4E00-9238-5D79E7A12D6C-">
<String CONTENT="and" HEIGHT="42" WIDTH="87" VPOS="1119" HPOS="169"/>
<SP HEIGHT="43" WIDTH="28" VPOS="1118" HPOS="257"/>
<String CONTENT="Howard" HEIGHT="45" WIDTH="206" VPOS="1118" HPOS="286"/>
<SP HEIGHT="44" WIDTH="30" VPOS="1117" HPOS="493"/>
<String CONTENT="Chapin" HEIGHT="52" WIDTH="172" VPOS="1117" HPOS="524"/>
<SP HEIGHT="41" WIDTH="30" VPOS="1119" HPOS="697"/>
<String CONTENT="Ives," HEIGHT="51" WIDTH="115" VPOS="1119" HPOS="728"/>
<SP HEIGHT="51" WIDTH="29" VPOS="1119" HPOS="844"/>
<String CONTENT="Van" HEIGHT="43" WIDTH="102" VPOS="1119" HPOS="874"/>
<SP HEIGHT="43" WIDTH="32" VPOS="1119" HPOS="977"/>
<String CONTENT="Nuys," HEIGHT="51" WIDTH="143" VPOS="1119" HPOS="1010"/>
<SP HEIGHT="52" WIDTH="33" VPOS="1117" HPOS="1154"/>
<String CONTENT="Calif." HEIGHT="44" WIDTH="133" VPOS="1117" HPOS="1188"/>
<SP HEIGHT="52" WIDTH="67" VPOS="1119" HPOS="1322"/>
<String CONTENT="(25-8184)" HEIGHT="56" WIDTH="242" VPOS="1116" HPOS="1390"/>
</TextLine>
<TextLine HEIGHT="76" WIDTH="929" VPOS="1214" HPOS="99" STYLEREFS="StyleId-3D4351C6-FACC-4314-A93F-9B4D1A682659-">
<String CONTENT="Sharp," HEIGHT="72" WIDTH="224" VPOS="1217" HPOS="99"/>
<SP HEIGHT="71" WIDTH="39" VPOS="1217" HPOS="324"/>
<String CONTENT="Dallas" HEIGHT="58" WIDTH="217" VPOS="1215" HPOS="364"/>
<SP HEIGHT="56" WIDTH="38" VPOS="1216" HPOS="582"/>
<String CONTENT="Lore," HEIGHT="72" WIDTH="175" VPOS="1216" HPOS="621"/>
<SP HEIGHT="67" WIDTH="41" VPOS="1221" HPOS="797"/>
<String CONTENT="1870-" HEIGHT="57" WIDTH="189" VPOS="1219" HPOS="839"/>
</TextLine>
<TextLine HEIGHT="77" WIDTH="1914" VPOS="1305" HPOS="175">
<String CONTENT="The" HEIGHT="56" WIDTH="129" VPOS="1308" HPOS="175"/>
<SP HEIGHT="39" WIDTH="34" VPOS="1326" HPOS="305"/>
<String CONTENT="spirit" HEIGHT="71" WIDTH="186" VPOS="1306" HPOS="340"/>
<SP HEIGHT="53" WIDTH="32" VPOS="1310" HPOS="527"/>
<String CONTENT="of" HEIGHT="57" WIDTH="66" VPOS="1306" HPOS="560"/>
<SP HEIGHT="57" WIDTH="32" VPOS="1306" HPOS="627"/>
<String CONTENT="the" HEIGHT="56" WIDTH="103" VPOS="1308" HPOS="660"/>
<SP HEIGHT="56" WIDTH="31" VPOS="1308" HPOS="764"/>
<String CONTENT="hive;" HEIGHT="73" WIDTH="174" VPOS="1306" HPOS="796"/>
<SP HEIGHT="53" WIDTH="34" VPOS="1326" HPOS="971"/>
<String CONTENT="contemplations" HEIGHT="72" WIDTH="516" VPOS="1307" HPOS="1006"/>
<SP HEIGHT="38" WIDTH="36" VPOS="1327" HPOS="1523"/>
<String CONTENT="of" HEIGHT="58" WIDTH="67" VPOS="1309" HPOS="1560"/>
<SP HEIGHT="57" WIDTH="33" VPOS="1310" HPOS="1628"/>
<String CONTENT="a" HEIGHT="36" WIDTH="36" VPOS="1330" HPOS="1662"/>
<SP HEIGHT="57" WIDTH="33" VPOS="1309" HPOS="1699"/>
<String CONTENT="beekeeper," HEIGHT="73" WIDTH="356" VPOS="1309" HPOS="1733"/>
</TextLine>
<TextLine HEIGHT="78" WIDTH="1995" VPOS="1382" HPOS="97">
<String CONTENT="by" HEIGHT="71" WIDTH="81" VPOS="1385" HPOS="97"/>
<SP HEIGHT="72" WIDTH="31" VPOS="1384" HPOS="179"/>
<String CONTENT="Dallas" HEIGHT="59" WIDTH="215" VPOS="1383" HPOS="211"/>
<SP HEIGHT="56" WIDTH="35" VPOS="1385" HPOS="427"/>
<String CONTENT="Lore" HEIGHT="56" WIDTH="161" VPOS="1385" HPOS="463"/>
<SP HEIGHT="57" WIDTH="37" VPOS="1384" HPOS="625"/>
<String CONTENT="Sharp." HEIGHT="72" WIDTH="224" VPOS="1384" HPOS="663"/>
<SP HEIGHT="57" WIDTH="82" VPOS="1384" HPOS="888"/>
<String CONTENT="New" HEIGHT="56" WIDTH="150" VPOS="1385" HPOS="971"/>
<SP HEIGHT="57" WIDTH="33" VPOS="1384" HPOS="1122"/>
<String CONTENT="York" HEIGHT="58" WIDTH="173" VPOS="1384" HPOS="1156"/>
<SP HEIGHT="57" WIDTH="32" VPOS="1385" HPOS="1330"/>
<String CONTENT="and" HEIGHT="58" WIDTH="124" VPOS="1385" HPOS="1363"/>
<SP HEIGHT="58" WIDTH="32" VPOS="1385" HPOS="1488"/>
<String CONTENT="London," HEIGHT="74" WIDTH="277" VPOS="1385" HPOS="1521"/>
<SP HEIGHT="73" WIDTH="36" VPOS="1386" HPOS="1799"/>
<String CONTENT="Harper" HEIGHT="74" WIDTH="256" VPOS="1386" HPOS="1836"/>
</TextLine>
<TextLine HEIGHT="74" WIDTH="582" VPOS="1461" HPOS="98">
<String CONTENT="&amp;" HEIGHT="59" WIDTH="46" VPOS="1462" HPOS="98"/>
<SP HEIGHT="59" WIDTH="27" VPOS="1462" HPOS="145"/>
<String CONTENT="brothers," HEIGHT="74" WIDTH="307" VPOS="1461" HPOS="173"/>
<SP HEIGHT="67" WIDTH="34" VPOS="1468" HPOS="481"/>
<String CONTENT="1925." HEIGHT="60" WIDTH="164" VPOS="1462" HPOS="516"/>
</TextLine>
<TextLine HEIGHT="55" WIDTH="523" VPOS="1553" HPOS="167" STYLEREFS="StyleId-8845E0D8-3BC1-4E00-9238-5D79E7A12D6C-" CS="1">
<String CONTENT="5" HEIGHT="45" WIDTH="24" VPOS="1553" HPOS="167"/>
<SP/>
<String CS="1" CONTENT="p."/>
<SP/>
<String CS="1" CONTENT="l.," HEIGHT="18" WIDTH="9" VPOS="1590" HPOS="320"/>
<SP HEIGHT="52" WIDTH="29" VPOS="1556" HPOS="330"/>
<String CONTENT="240" HEIGHT="44" WIDTH="82" VPOS="1554" HPOS="359"/>
<SP HEIGHT="53" WIDTH="27" VPOS="1554" HPOS="441"/>
<String CONTENT="p." HEIGHT="39" WIDTH="41" VPOS="1568" HPOS="468"/>
<SP/>
<String CONTENT="21" HEIGHT="42" WIDTH="51" VPOS="1555" HPOS="567"/>
<String STYLE="superscript" CONTENT="cm" HEIGHT="17" WIDTH="48" VPOS="1556" HPOS="628"/>
<String CONTENT="." HEIGHT="9" WIDTH="10" VPOS="1589" HPOS="679"/>
</TextLine>
<TextLine HEIGHT="59" WIDTH="1845" VPOS="1622" HPOS="100" STYLEREFS="StyleId-8845E0D8-3BC1-4E00-9238-5D79E7A12D6C-">
<String CONTENT="&#169;" HEIGHT="53" WIDTH="53" VPOS="1625" HPOS="100"/>
<SP HEIGHT="53" WIDTH="26" VPOS="1625" HPOS="154"/>
<String CONTENT="Apr." HEIGHT="51" WIDTH="113" VPOS="1626" HPOS="181"/>
<SP HEIGHT="43" WIDTH="26" VPOS="1626" HPOS="295"/>
<String CONTENT="3," HEIGHT="50" WIDTH="38" VPOS="1627" HPOS="322"/>
<SP HEIGHT="50" WIDTH="30" VPOS="1627" HPOS="361"/>
<String CONTENT="1925;" HEIGHT="53" WIDTH="129" VPOS="1623" HPOS="392"/>
<SP HEIGHT="50" WIDTH="30" VPOS="1626" HPOS="522"/>
<String CONTENT="2c." HEIGHT="42" WIDTH="63" VPOS="1626" HPOS="553"/>
<SP HEIGHT="42" WIDTH="27" VPOS="1626" HPOS="617"/>
<String CONTENT="Apr." HEIGHT="50" WIDTH="112" VPOS="1626" HPOS="645"/>
<SP HEIGHT="43" WIDTH="28" VPOS="1624" HPOS="758"/>
<String CONTENT="4;" HEIGHT="53" WIDTH="49" VPOS="1624" HPOS="787"/>
<SP HEIGHT="38" WIDTH="31" VPOS="1639" HPOS="837"/>
<String CONTENT="aff." HEIGHT="42" WIDTH="79" VPOS="1625" HPOS="869"/>
<SP HEIGHT="43" WIDTH="28" VPOS="1625" HPOS="949"/>
<String CONTENT="Apr." HEIGHT="53" WIDTH="110" VPOS="1626" HPOS="978"/>
<SP HEIGHT="44" WIDTH="28" VPOS="1625" HPOS="1089"/>
<String CONTENT="6;" HEIGHT="52" WIDTH="49" VPOS="1625" HPOS="1118"/>
<SP HEIGHT="50" WIDTH="32" VPOS="1627" HPOS="1168"/>
<!-- cceid 2F26E3E8-6DD5-1014-B757-AF09C522E301 --><String CONTENT="A" HEIGHT="41" WIDTH="44" VPOS="1627" HPOS="1201"/>
<SP HEIGHT="42" WIDTH="29" VPOS="1627" HPOS="1246"/>
<String CONTENT="822767;" HEIGHT="53" WIDTH="192" VPOS="1625" HPOS="1276"/>
<SP HEIGHT="51" WIDTH="26" VPOS="1627" HPOS="1469"/>
<String CONTENT="Harper" HEIGHT="53" WIDTH="186" VPOS="1627" HPOS="1496"/>
<SP HEIGHT="28" WIDTH="26" VPOS="1642" HPOS="1683"/>
<String CONTENT="and" HEIGHT="43" WIDTH="88" VPOS="1628" HPOS="1710"/>
<SP HEIGHT="43" WIDTH="26" VPOS="1628" HPOS="1799"/>
<String CONTENT="bros." HEIGHT="43" WIDTH="119" VPOS="1628" HPOS="1826"/>
</TextLine>
<TextLine HEIGHT="65" WIDTH="242" VPOS="1671" HPOS="177" STYLEREFS="StyleId-8845E0D8-3BC1-4E00-9238-5D79E7A12D6C-">
<String CONTENT="(25-8144)" HEIGHT="65" WIDTH="242" VPOS="1671" HPOS="177"/>
</TextLine>
<TextLine HEIGHT="74" WIDTH="990" VPOS="1779" HPOS="100">
<String CONTENT="Smith," HEIGHT="68" WIDTH="218" VPOS="1780" HPOS="100"/>
<SP HEIGHT="68" WIDTH="36" VPOS="1781" HPOS="319"/>
<String CONTENT="David" HEIGHT="58" WIDTH="209" VPOS="1780" HPOS="356"/>
<SP HEIGHT="57" WIDTH="28" VPOS="1781" HPOS="566"/>
<String CONTENT="Eugene," HEIGHT="70" WIDTH="270" VPOS="1782" HPOS="595"/>
<SP HEIGHT="68" WIDTH="34" VPOS="1784" HPOS="866"/>
<String CONTENT="1860-" HEIGHT="58" WIDTH="189" VPOS="1782" HPOS="901"/>
</TextLine>
<TextLine HEIGHT="155" WIDTH="1973" VPOS="1868" HPOS="99" CS="1">
<String CONTENT="The" HEIGHT="57" WIDTH="128" VPOS="1871" HPOS="176"/>
<SP HEIGHT="54" WIDTH="35" VPOS="1889" HPOS="305"/>
<String CONTENT="progress" HEIGHT="53" WIDTH="298" VPOS="1890" HPOS="341"/>
<SP HEIGHT="37" WIDTH="40" VPOS="1891" HPOS="640"/>
<String CONTENT="of" HEIGHT="57" WIDTH="67" VPOS="1871" HPOS="681"/>
<SP HEIGHT="56" WIDTH="36" VPOS="1871" HPOS="749"/>
<String CONTENT="algebra" HEIGHT="73" WIDTH="254" VPOS="1871" HPOS="786"/>
<SP HEIGHT="57" WIDTH="35" VPOS="1870" HPOS="1041"/>
<String CONTENT="in" HEIGHT="57" WIDTH="66" VPOS="1870" HPOS="1077"/>
<SP HEIGHT="53" WIDTH="34" VPOS="1875" HPOS="1144"/>
<String CONTENT="the" HEIGHT="57" WIDTH="103" VPOS="1872" HPOS="1179"/>
<SP HEIGHT="56" WIDTH="37" VPOS="1873" HPOS="1283"/>
<String CONTENT="last" HEIGHT="56" WIDTH="124" VPOS="1873" HPOS="1321"/>
<SP HEIGHT="70" WIDTH="36" VPOS="1874" HPOS="1446"/>
<String CONTENT="quarter" HEIGHT="69" WIDTH="259" VPOS="1876" HPOS="1483"/>
<SP HEIGHT="39" WIDTH="38" VPOS="1892" HPOS="1743"/>
<String CONTENT="of" HEIGHT="57" WIDTH="68" VPOS="1874" HPOS="1782"/>
<SP HEIGHT="59" WIDTH="35" VPOS="1874" HPOS="1851"/>
<String CONTENT="a" HEIGHT="36" WIDTH="37" VPOS="1897" HPOS="1887"/>
<SP HEIGHT="38" WIDTH="36" VPOS="1895" HPOS="1925"/>
<String CONTENT="century," HEIGHT="132" WIDTH="1973" VPOS="1891" HPOS="99"/>
</TextLine>
<TextLine HEIGHT="80" WIDTH="1803" VPOS="1946" HPOS="285" CS="1">
<String CONTENT="by" HEIGHT="71" WIDTH="82" VPOS="1949" HPOS="285"/>
<SP HEIGHT="71" WIDTH="21" VPOS="1949" HPOS="368"/>
<String CONTENT="David" HEIGHT="56" WIDTH="206" VPOS="1949" HPOS="390"/>
<SP HEIGHT="56" WIDTH="22" VPOS="1949" HPOS="597"/>
<String CONTENT="Eugene" HEIGHT="72" WIDTH="256" VPOS="1949" HPOS="620"/>
<SP HEIGHT="59" WIDTH="28" VPOS="1947" HPOS="877"/>
<String CONTENT="Smith" HEIGHT="60" WIDTH="202" VPOS="1947" HPOS="906"/>
<SP HEIGHT="56" WIDTH="29" VPOS="1950" HPOS="1109"/>
<String CS="1" CONTENT="&#8230;"/>
<SP HEIGHT="57" WIDTH="85" VPOS="1950" HPOS="1200"/>
<String CONTENT="Boston," HEIGHT="71" WIDTH="257" VPOS="1950" HPOS="1286"/>
<SP HEIGHT="72" WIDTH="24" VPOS="1949" HPOS="1544"/>
<String CONTENT="New" HEIGHT="59" WIDTH="151" VPOS="1949" HPOS="1569"/>
<SP HEIGHT="56" WIDTH="21" VPOS="1951" HPOS="1721"/>
<String CONTENT="York" HEIGHT="58" WIDTH="172" VPOS="1951" HPOS="1743"/>
<SP HEIGHT="73" WIDTH="25" VPOS="1952" HPOS="1916"/>
<String CONTENT="[etc.]" HEIGHT="69" WIDTH="146" VPOS="1957" HPOS="1942"/>
</TextLine>
<TextLine HEIGHT="75" WIDTH="871" VPOS="2025" HPOS="97" CS="1">
<String CONTENT="Ginn" HEIGHT="60" WIDTH="164" VPOS="2026" HPOS="97"/>
<SP HEIGHT="38" WIDTH="31" VPOS="2046" HPOS="262"/>
<String CONTENT="and" HEIGHT="58" WIDTH="122" VPOS="2027" HPOS="294"/>
<SP HEIGHT="56" WIDTH="30" VPOS="2028" HPOS="417"/>
<String CONTENT="company" HEIGHT="53" WIDTH="303" VPOS="2046" HPOS="448"/>
<SP HEIGHT="52" WIDTH="30" VPOS="2047" HPOS="752"/>
<String CONTENT="[" HEIGHT="43" WIDTH="13" VPOS="2056" HPOS="783"/>
<String STYLE="superscript" CONTENT="c" HEIGHT="20" WIDTH="18" VPOS="2037" HPOS="798"/>
<String CS="1" CONTENT="1925]" HEIGHT="58" WIDTH="147" VPOS="2026" HPOS="821"/>
</TextLine>
<TextLine HEIGHT="56" WIDTH="740" VPOS="2103" HPOS="198" STYLEREFS="StyleId-8845E0D8-3BC1-4E00-9238-5D79E7A12D6C-" CS="1">
<String CS="1" CONTENT="v," HEIGHT="18" WIDTH="10" VPOS="2140" HPOS="198"/>
<SP HEIGHT="54" WIDTH="29" VPOS="2104" HPOS="209"/>
<String CONTENT="86" HEIGHT="44" WIDTH="56" VPOS="2104" HPOS="239"/>
<SP HEIGHT="53" WIDTH="29" VPOS="2104" HPOS="296"/>
<String CONTENT="p." HEIGHT="38" WIDTH="40" VPOS="2119" HPOS="326"/>
<SP HEIGHT="43" WIDTH="59" VPOS="2105" HPOS="367"/>
<String CONTENT="illus.," HEIGHT="52" WIDTH="128" VPOS="2104" HPOS="427"/>
<SP HEIGHT="50" WIDTH="32" VPOS="2106" HPOS="556"/>
<String CONTENT="diagrs." HEIGHT="52" WIDTH="167" VPOS="2105" HPOS="589"/>
<SP HEIGHT="42" WIDTH="57" VPOS="2105" HPOS="757"/>
<String CONTENT="21" HEIGHT="42" WIDTH="50" VPOS="2105" HPOS="815"/>
<String STYLE="superscript" CONTENT="cm" HEIGHT="18" WIDTH="47" VPOS="2106" HPOS="876"/>
<String CONTENT="." HEIGHT="9" WIDTH="10" VPOS="2139" HPOS="928"/>
</TextLine>
<TextLine HEIGHT="57" WIDTH="1678" VPOS="2172" HPOS="168" STYLEREFS="StyleId-8845E0D8-3BC1-4E00-9238-5D79E7A12D6C-" CS="1">
<String CONTENT="&#8220;Publishers&#8217;" HEIGHT="46" WIDTH="306" VPOS="2173" HPOS="168"/>
<SP HEIGHT="43" WIDTH="28" VPOS="2174" HPOS="474"/>
<String CS="1" CONTENT="supplement;" HEIGHT="52" WIDTH="278" VPOS="2174" HPOS="502"/>
<SP HEIGHT="52" WIDTH="27" VPOS="2174" HPOS="805"/>
<String CONTENT="historical" HEIGHT="45" WIDTH="231" VPOS="2174" HPOS="832"/>
<SP HEIGHT="52" WIDTH="28" VPOS="2175" HPOS="1063"/>
<String CONTENT="pages" HEIGHT="38" WIDTH="136" VPOS="2189" HPOS="1091"/>
<SP HEIGHT="41" WIDTH="29" VPOS="2176" HPOS="1227"/>
<String CONTENT="in" HEIGHT="42" WIDTH="44" VPOS="2176" HPOS="1256"/>
<SP HEIGHT="27" WIDTH="26" VPOS="2191" HPOS="1300"/>
<String CONTENT="algebra&#8221;" HEIGHT="53" WIDTH="213" VPOS="2174" HPOS="1326"/>
<SP HEIGHT="45" WIDTH="15" VPOS="2174" HPOS="1539"/>
<String CONTENT=":" HEIGHT="29" WIDTH="11" VPOS="2190" HPOS="1554"/>
<SP HEIGHT="39" WIDTH="29" VPOS="2190" HPOS="1565"/>
<String CONTENT="p." HEIGHT="38" WIDTH="41" VPOS="2191" HPOS="1594"/>
<SP HEIGHT="30" WIDTH="30" VPOS="2193" HPOS="1635"/>
<String CS="1" CONTENT="[69]-86." HEIGHT="44" WIDTH="166" VPOS="2176" HPOS="1680"/>
</TextLine>
<TextLine HEIGHT="65" WIDTH="1988" VPOS="2235" HPOS="99" STYLEREFS="StyleId-8845E0D8-3BC1-4E00-9238-5D79E7A12D6C-" CS="1">
<String CONTENT="&#169;" HEIGHT="53" WIDTH="53" VPOS="2244" HPOS="99"/>
<SP HEIGHT="53" WIDTH="31" VPOS="2244" HPOS="153"/>
<String CONTENT="Mar." HEIGHT="43" WIDTH="117" VPOS="2245" HPOS="185"/>
<SP HEIGHT="45" WIDTH="30" VPOS="2244" HPOS="303"/>
<String CONTENT="25," HEIGHT="54" WIDTH="67" VPOS="2243" HPOS="334"/>
<SP HEIGHT="51" WIDTH="32" VPOS="2246" HPOS="402"/>
<String CONTENT="1925;" HEIGHT="53" WIDTH="130" VPOS="2243" HPOS="435"/>
<SP HEIGHT="51" WIDTH="29" VPOS="2245" HPOS="566"/>
<String CONTENT="2c." HEIGHT="42" WIDTH="64" VPOS="2245" HPOS="596"/>
<SP HEIGHT="42" WIDTH="31" VPOS="2245" HPOS="661"/>
<String CONTENT="Apr." HEIGHT="51" WIDTH="110" VPOS="2245" HPOS="693"/>
<SP HEIGHT="42" WIDTH="29" VPOS="2244" HPOS="804"/>
<String CONTENT="2;" HEIGHT="52" WIDTH="50" VPOS="2244" HPOS="834"/>
<SP HEIGHT="38" WIDTH="31" VPOS="2258" HPOS="885"/>
<String CONTENT="aff." HEIGHT="44" WIDTH="79" VPOS="2244" HPOS="917"/>
<SP HEIGHT="43" WIDTH="34" VPOS="2245" HPOS="997"/>
<String CONTENT="Mar." HEIGHT="42" WIDTH="118" VPOS="2245" HPOS="1032"/>
<SP HEIGHT="43" WIDTH="31" VPOS="2245" HPOS="1151"/>
<String CONTENT="31;" HEIGHT="51" WIDTH="78" VPOS="2245" HPOS="1183"/>
<SP HEIGHT="50" WIDTH="32" VPOS="2246" HPOS="1262"/>
<!-- cceid 2F275F05-6DD5-1014-B757-AF09C522E301 --><String CONTENT="A" HEIGHT="41" WIDTH="44" VPOS="2246" HPOS="1295"/>
<SP HEIGHT="44" WIDTH="28" VPOS="2246" HPOS="1340"/>
<String CS="1" CONTENT="823596;" HEIGHT="46" WIDTH="168" VPOS="2244" HPOS="1369"/>
<SP HEIGHT="52" WIDTH="34" VPOS="2246" HPOS="1560"/>
<String LANG="fr" CONTENT="D." HEIGHT="44" WIDTH="57" VPOS="2247" HPOS="1595"/>
<SP HEIGHT="54" WIDTH="32" VPOS="2238" HPOS="1653"/>
<String LANG="fr" CS="1" CONTENT="E." HEIGHT="8" WIDTH="8" VPOS="2281" HPOS="1730"/>
<SP HEIGHT="47" WIDTH="34" VPOS="2246" HPOS="1739"/>
<String CONTENT="Smith," HEIGHT="54" WIDTH="162" VPOS="2246" HPOS="1774"/>
<SP HEIGHT="52" WIDTH="31" VPOS="2248" HPOS="1937"/>
<String CONTENT="New" HEIGHT="45" WIDTH="118" VPOS="2248" HPOS="1969"/>
</TextLine>
<TextLine HEIGHT="56" WIDTH="452" VPOS="2299" HPOS="169" STYLEREFS="StyleId-8845E0D8-3BC1-4E00-9238-5D79E7A12D6C-">
<String CONTENT="York." HEIGHT="44" WIDTH="141" VPOS="2301" HPOS="169"/>
<SP HEIGHT="53" WIDTH="67" VPOS="2302" HPOS="311"/>
<String CONTENT="(25-8143)" HEIGHT="55" WIDTH="242" VPOS="2300" HPOS="379"/>
</TextLine>
<TextLine HEIGHT="74" WIDTH="1080" VPOS="2399" HPOS="98" STYLEREFS="StyleId-3D4351C6-FACC-4314-A93F-9B4D1A682659-">
<String CONTENT="Swick," HEIGHT="71" WIDTH="222" VPOS="2400" HPOS="98"/>
<SP HEIGHT="71" WIDTH="41" VPOS="2401" HPOS="321"/>
<String CONTENT="Edward" HEIGHT="58" WIDTH="275" VPOS="2400" HPOS="363"/>
<SP HEIGHT="58" WIDTH="33" VPOS="2400" HPOS="639"/>
<String CONTENT="Lynden," HEIGHT="72" WIDTH="275" VPOS="2400" HPOS="673"/>
<SP HEIGHT="68" WIDTH="40" VPOS="2403" HPOS="949"/>
<String CONTENT="1872-" HEIGHT="56" WIDTH="188" VPOS="2403" HPOS="990"/>
</TextLine>
<TextLine HEIGHT="79" WIDTH="1910" VPOS="2489" HPOS="177" CS="1">
<String CONTENT="Subconscious" HEIGHT="61" WIDTH="452" VPOS="2489" HPOS="177"/>
<SP HEIGHT="38" WIDTH="32" VPOS="2510" HPOS="630"/>
<String CS="1" CONTENT="mind;" HEIGHT="58" WIDTH="172" VPOS="2490" HPOS="663"/>
<SP HEIGHT="50" WIDTH="30" VPOS="2510" HPOS="866"/>
<String CONTENT="what" HEIGHT="57" WIDTH="168" VPOS="2491" HPOS="897"/>
<SP HEIGHT="57" WIDTH="28" VPOS="2491" HPOS="1066"/>
<String CONTENT="it" HEIGHT="57" WIDTH="50" VPOS="2491" HPOS="1095"/>
<SP HEIGHT="57" WIDTH="28" VPOS="2491" HPOS="1146"/>
<String CONTENT="is" HEIGHT="57" WIDTH="54" VPOS="2491" HPOS="1175"/>
<SP HEIGHT="37" WIDTH="34" VPOS="2511" HPOS="1230"/>
<String CONTENT="and" HEIGHT="56" WIDTH="123" VPOS="2492" HPOS="1265"/>
<SP HEIGHT="56" WIDTH="25" VPOS="2492" HPOS="1389"/>
<String CONTENT="how" HEIGHT="58" WIDTH="140" VPOS="2492" HPOS="1415"/>
<SP HEIGHT="55" WIDTH="29" VPOS="2496" HPOS="1556"/>
<String CONTENT="to" HEIGHT="54" WIDTH="63" VPOS="2497" HPOS="1586"/>
<SP HEIGHT="37" WIDTH="34" VPOS="2513" HPOS="1650"/>
<String CONTENT="apply" HEIGHT="71" WIDTH="193" VPOS="2496" HPOS="1685"/>
<SP HEIGHT="70" WIDTH="29" VPOS="2496" HPOS="1879"/>
<String CONTENT="it," HEIGHT="65" WIDTH="69" VPOS="2496" HPOS="1909"/>
<SP HEIGHT="63" WIDTH="30" VPOS="2498" HPOS="1979"/>
<String CONTENT="by" HEIGHT="70" WIDTH="77" VPOS="2498" HPOS="2010"/>
</TextLine>
<TextLine HEIGHT="78" WIDTH="1441" VPOS="2566" HPOS="98" CS="1">
<String CONTENT="Dr." HEIGHT="57" WIDTH="106" VPOS="2569" HPOS="98"/>
<SP HEIGHT="58" WIDTH="26" VPOS="2568" HPOS="205"/>
<String CONTENT="E." HEIGHT="58" WIDTH="72" VPOS="2568" HPOS="232"/>
<SP HEIGHT="58" WIDTH="26" VPOS="2570" HPOS="305"/>
<String CONTENT="L." HEIGHT="57" WIDTH="68" VPOS="2571" HPOS="332"/>
<SP HEIGHT="60" WIDTH="29" VPOS="2568" HPOS="401"/>
<String CONTENT="Swick" HEIGHT="60" WIDTH="201" VPOS="2568" HPOS="431"/>
<SP HEIGHT="56" WIDTH="27" VPOS="2569" HPOS="633"/>
<String CS="1" CONTENT="&#8230;"/>
<SP HEIGHT="61" WIDTH="87" VPOS="2568" HPOS="724"/>
<String CONTENT="Seattle," HEIGHT="73" WIDTH="257" VPOS="2567" HPOS="812"/>
<SP HEIGHT="71" WIDTH="22" VPOS="2569" HPOS="1070"/>
<String CONTENT="Wash." HEIGHT="60" WIDTH="213" VPOS="2568" HPOS="1093"/>
<SP HEIGHT="45" WIDTH="28" VPOS="2598" HPOS="1307"/>
<String CONTENT="[" HEIGHT="45" WIDTH="13" VPOS="2598" HPOS="1336"/>
<String STYLE="superscript" CONTENT="c" HEIGHT="23" WIDTH="19" VPOS="2577" HPOS="1351"/>
<String CONTENT="1924]" HEIGHT="75" WIDTH="165" VPOS="2569" HPOS="1374"/>
</TextLine>
<TextLine HEIGHT="55" WIDTH="753" VPOS="2659" HPOS="164" STYLEREFS="StyleId-8845E0D8-3BC1-4E00-9238-5D79E7A12D6C-" CS="1">
<String CONTENT="214" HEIGHT="44" WIDTH="84" VPOS="2662" HPOS="164"/>
<SP HEIGHT="51" WIDTH="23" VPOS="2662" HPOS="249"/>
<String CONTENT="p." HEIGHT="37" WIDTH="41" VPOS="2676" HPOS="273"/>
<SP HEIGHT="45" WIDTH="61" VPOS="2659" HPOS="315"/>
<String CS="1" CONTENT="front." HEIGHT="44" WIDTH="130" VPOS="2660" HPOS="377"/>
<SP HEIGHT="52" WIDTH="38" VPOS="2661" HPOS="520"/>
<String CONTENT="(port.)" HEIGHT="53" WIDTH="169" VPOS="2661" HPOS="559"/>
<SP HEIGHT="52" WIDTH="64" VPOS="2662" HPOS="729"/>
<String CONTENT="20" HEIGHT="44" WIDTH="56" VPOS="2661" HPOS="794"/>
<String STYLE="superscript" CONTENT="cm" HEIGHT="17" WIDTH="47" VPOS="2663" HPOS="856"/>
<String CONTENT="." HEIGHT="8" WIDTH="9" VPOS="2696" HPOS="908"/>
</TextLine>
<TextLine HEIGHT="62" WIDTH="1985" VPOS="2727" HPOS="99" STYLEREFS="StyleId-8845E0D8-3BC1-4E00-9238-5D79E7A12D6C-" CS="1">
<String CONTENT="&#169;" HEIGHT="53" WIDTH="53" VPOS="2730" HPOS="99"/>
<SP HEIGHT="53" WIDTH="33" VPOS="2730" HPOS="153"/>
<String CONTENT="Oct." HEIGHT="44" WIDTH="101" VPOS="2731" HPOS="187"/>
<SP HEIGHT="43" WIDTH="31" VPOS="2731" HPOS="289"/>
<String CONTENT="3," HEIGHT="52" WIDTH="39" VPOS="2732" HPOS="321"/>
<SP HEIGHT="52" WIDTH="33" VPOS="2732" HPOS="361"/>
<String CS="1" CONTENT="1924;" HEIGHT="43" WIDTH="105" VPOS="2731" HPOS="395"/>
<SP HEIGHT="51" WIDTH="33" VPOS="2731" HPOS="524"/>
<String CONTENT="2c." HEIGHT="42" WIDTH="63" VPOS="2731" HPOS="558"/>
<SP HEIGHT="42" WIDTH="36" VPOS="2731" HPOS="622"/>
<String CONTENT="Nov." HEIGHT="43" WIDTH="118" VPOS="2731" HPOS="659"/>
<SP HEIGHT="43" WIDTH="36" VPOS="2731" HPOS="778"/>
<String CONTENT="18;" HEIGHT="52" WIDTH="73" VPOS="2730" HPOS="815"/>
<SP HEIGHT="38" WIDTH="34" VPOS="2744" HPOS="889"/>
<String CONTENT="aff." HEIGHT="44" WIDTH="79" VPOS="2731" HPOS="924"/>
<SP HEIGHT="43" WIDTH="35" VPOS="2732" HPOS="1004"/>
<String CONTENT="Mar." HEIGHT="42" WIDTH="119" VPOS="2732" HPOS="1040"/>
<SP HEIGHT="39" WIDTH="25" VPOS="2735" HPOS="1160"/>
<String CONTENT="5," HEIGHT="54" WIDTH="38" VPOS="2729" HPOS="1195"/>
<SP HEIGHT="50" WIDTH="35" VPOS="2733" HPOS="1234"/>
<String CONTENT="1925;" HEIGHT="54" WIDTH="129" VPOS="2730" HPOS="1270"/>
<SP HEIGHT="51" WIDTH="35" VPOS="2733" HPOS="1400"/>
<!-- cceid 2F27E35A-6DD5-1014-B757-AF09C522E301 --><String CONTENT="A" HEIGHT="42" WIDTH="44" VPOS="2733" HPOS="1436"/>
<SP HEIGHT="43" WIDTH="35" VPOS="2733" HPOS="1481"/>
<String CONTENT="822321;" HEIGHT="54" WIDTH="188" VPOS="2733" HPOS="1517"/>
<SP HEIGHT="53" WIDTH="35" VPOS="2734" HPOS="1706"/>
<String CONTENT="E." HEIGHT="48" WIDTH="53" VPOS="2734" HPOS="1742"/>
<SP HEIGHT="43" WIDTH="34" VPOS="2736" HPOS="1796"/>
<String CONTENT="L." HEIGHT="43" WIDTH="48" VPOS="2736" HPOS="1831"/>
<SP HEIGHT="47" WIDTH="38" VPOS="2736" HPOS="1880"/>
<String CONTENT="Swick," HEIGHT="53" WIDTH="165" VPOS="2736" HPOS="1919"/>
</TextLine>
<TextLine HEIGHT="56" WIDTH="494" VPOS="2785" HPOS="171" STYLEREFS="StyleId-8845E0D8-3BC1-4E00-9238-5D79E7A12D6C-">
<String CONTENT="Seattle." HEIGHT="48" WIDTH="181" VPOS="2787" HPOS="172"/>
<SP HEIGHT="52" WIDTH="69" VPOS="2789" HPOS="353"/>
<String CONTENT="(25-8203)" HEIGHT="55" WIDTH="243" VPOS="2786" HPOS="422"/>
</TextLine>
<TextLine HEIGHT="75" WIDTH="1095" VPOS="2884" HPOS="99" STYLEREFS="StyleId-3D4351C6-FACC-4314-A93F-9B4D1A682659-">
<String CONTENT="Terhune," HEIGHT="70" WIDTH="300" VPOS="2887" HPOS="99"/>
<SP HEIGHT="71" WIDTH="37" VPOS="2886" HPOS="400"/>
<String CONTENT="Albert" HEIGHT="58" WIDTH="222" VPOS="2885" HPOS="438"/>
<SP HEIGHT="55" WIDTH="37" VPOS="2888" HPOS="661"/>
<String CONTENT="Payson," HEIGHT="71" WIDTH="265" VPOS="2888" HPOS="699"/>
<SP HEIGHT="67" WIDTH="40" VPOS="2890" HPOS="965"/>
<String CONTENT="1872-" HEIGHT="57" WIDTH="188" VPOS="2889" HPOS="1006"/>
</TextLine>
<TextLine HEIGHT="82" WIDTH="1914" VPOS="2978" HPOS="172" CS="1">
<String CS="1" CONTENT="Najib," HEIGHT="71" WIDTH="210" VPOS="2978" HPOS="172"/>
<SP HEIGHT="69" WIDTH="29" VPOS="2980" HPOS="383"/>
<String CONTENT="by" HEIGHT="70" WIDTH="80" VPOS="2980" HPOS="413"/>
<SP HEIGHT="71" WIDTH="29" VPOS="2979" HPOS="494"/>
<String CONTENT="Albert" HEIGHT="58" WIDTH="223" VPOS="2979" HPOS="524"/>
<SP HEIGHT="57" WIDTH="29" VPOS="2980" HPOS="748"/>
<String CONTENT="Payson" HEIGHT="72" WIDTH="252" VPOS="2980" HPOS="778"/>
<SP HEIGHT="56" WIDTH="32" VPOS="2981" HPOS="1031"/>
<String CONTENT="Terhune." HEIGHT="57" WIDTH="303" VPOS="2981" HPOS="1064"/>
<SP HEIGHT="56" WIDTH="72" VPOS="2982" HPOS="1368"/>
<String CONTENT="New" HEIGHT="58" WIDTH="150" VPOS="2982" HPOS="1441"/>
<SP HEIGHT="56" WIDTH="28" VPOS="2984" HPOS="1592"/>
<String CONTENT="York," HEIGHT="73" WIDTH="190" VPOS="2984" HPOS="1621"/>
<SP HEIGHT="71" WIDTH="33" VPOS="2986" HPOS="1812"/>
<String CONTENT="George" HEIGHT="74" WIDTH="240" VPOS="2986" HPOS="1846"/>
</TextLine>
<TextLine HEIGHT="70" WIDTH="864" VPOS="3056" HPOS="97" CS="1">
<String CONTENT="H." HEIGHT="56" WIDTH="78" VPOS="3058" HPOS="97"/>
<SP HEIGHT="56" WIDTH="26" VPOS="3058" HPOS="176"/>
<String CONTENT="Doran" HEIGHT="58" WIDTH="215" VPOS="3058" HPOS="203"/>
<SP HEIGHT="37" WIDTH="25" VPOS="3077" HPOS="419"/>
<String CONTENT="company" HEIGHT="50" WIDTH="304" VPOS="3075" HPOS="445"/>
<SP HEIGHT="48" WIDTH="27" VPOS="3077" HPOS="750"/>
<String CS="1" CONTENT="["/>
<String STYLE="superscript" CONTENT="c" HEIGHT="21" WIDTH="18" VPOS="3064" HPOS="791"/>
<String CS="1" CONTENT="1925]" HEIGHT="57" WIDTH="146" VPOS="3057" HPOS="815"/>
</TextLine>
<TextLine HEIGHT="54" WIDTH="358" VPOS="3134" HPOS="169" CS="1">
<String CONTENT="311" HEIGHT="43" WIDTH="77" VPOS="3138" HPOS="169"/>
<SP HEIGHT="49" WIDTH="32" VPOS="3138" HPOS="247"/>
<String CONTENT="p." HEIGHT="36" WIDTH="38" VPOS="3151" HPOS="280"/>
<SP HEIGHT="49" WIDTH="64" VPOS="3134" HPOS="319"/>
<String CS="1" CONTENT="19&#189;"/>
<String STYLE="superscript" CONTENT="cm" HEIGHT="17" WIDTH="47" VPOS="3138" HPOS="466"/>
<String CONTENT="." HEIGHT="9" WIDTH="9" VPOS="3172" HPOS="518"/>
</TextLine>
<TextLine HEIGHT="60" WIDTH="1971" VPOS="3201" HPOS="99" STYLEREFS="StyleId-8845E0D8-3BC1-4E00-9238-5D79E7A12D6C-" CS="1">
<String CONTENT="&#169;" HEIGHT="53" WIDTH="52" VPOS="3205" HPOS="99"/>
<SP HEIGHT="53" WIDTH="25" VPOS="3205" HPOS="152"/>
<String CONTENT="Feb." HEIGHT="44" WIDTH="106" VPOS="3205" HPOS="178"/>
<SP HEIGHT="43" WIDTH="26" VPOS="3205" HPOS="285"/>
<String CONTENT="20," HEIGHT="49" WIDTH="63" VPOS="3205" HPOS="312"/>
<SP HEIGHT="48" WIDTH="29" VPOS="3206" HPOS="376"/>
<String CS="1" CONTENT="1925;" HEIGHT="44" WIDTH="102" VPOS="3203" HPOS="406"/>
<SP HEIGHT="50" WIDTH="24" VPOS="3205" HPOS="536"/>
<String CONTENT="2c." HEIGHT="42" WIDTH="65" VPOS="3205" HPOS="561"/>
<SP HEIGHT="42" WIDTH="26" VPOS="3205" HPOS="627"/>
<String CONTENT="Apr." HEIGHT="50" WIDTH="111" VPOS="3205" HPOS="654"/>
<SP HEIGHT="41" WIDTH="28" VPOS="3205" HPOS="766"/>
<String CS="1" CONTENT="11;" HEIGHT="41" WIDTH="45" VPOS="3205" HPOS="795"/>
<SP HEIGHT="36" WIDTH="29" VPOS="3219" HPOS="870"/>
<String CONTENT="aff." HEIGHT="44" WIDTH="78" VPOS="3204" HPOS="900"/>
<SP HEIGHT="45" WIDTH="28" VPOS="3203" HPOS="979"/>
<String CONTENT="Feb." HEIGHT="45" WIDTH="105" VPOS="3203" HPOS="1008"/>
<SP HEIGHT="41" WIDTH="25" VPOS="3206" HPOS="1114"/>
<String CONTENT="24;" HEIGHT="51" WIDTH="77" VPOS="3205" HPOS="1140"/>
<SP HEIGHT="50" WIDTH="27" VPOS="3206" HPOS="1218"/>
<!-- cceid 2F2863D0-6DD5-1014-B757-AF09C522E301 --><String CONTENT="A" HEIGHT="41" WIDTH="44" VPOS="3206" HPOS="1246"/>
<SP HEIGHT="45" WIDTH="25" VPOS="3206" HPOS="1291"/>
<String CONTENT="823717;" HEIGHT="54" WIDTH="189" VPOS="3205" HPOS="1317"/>
<SP HEIGHT="53" WIDTH="31" VPOS="3206" HPOS="1507"/>
<String CONTENT="George" HEIGHT="55" WIDTH="177" VPOS="3206" HPOS="1539"/>
<SP HEIGHT="41" WIDTH="25" VPOS="3212" HPOS="1717"/>
<String CONTENT="H." HEIGHT="42" WIDTH="61" VPOS="3212" HPOS="1743"/>
<SP HEIGHT="41" WIDTH="28" VPOS="3213" HPOS="1805"/>
<String CONTENT="Doran" HEIGHT="43" WIDTH="158" VPOS="3213" HPOS="1834"/>
<SP HEIGHT="29" WIDTH="25" VPOS="3229" HPOS="1993"/>
<String CONTENT="co" HEIGHT="28" WIDTH="51" VPOS="3230" HPOS="2019"/>
</TextLine>
<TextLine HEIGHT="56" WIDTH="242" VPOS="3260" HPOS="177" STYLEREFS="StyleId-8845E0D8-3BC1-4E00-9238-5D79E7A12D6C-">
<String CONTENT="(25-8266)" HEIGHT="56" WIDTH="242" VPOS="3260" HPOS="177"/>
</TextLine>
<TextLine HEIGHT="74" WIDTH="1205" VPOS="3358" HPOS="98">
<String CONTENT="Van" HEIGHT="56" WIDTH="140" VPOS="3362" HPOS="98"/>
<SP HEIGHT="56" WIDTH="29" VPOS="3361" HPOS="239"/>
<String CONTENT="Loon," HEIGHT="69" WIDTH="186" VPOS="3361" HPOS="269"/>
<SP HEIGHT="69" WIDTH="36" VPOS="3361" HPOS="456"/>
<String CONTENT="Hendrik" HEIGHT="57" WIDTH="286" VPOS="3359" HPOS="493"/>
<SP HEIGHT="58" WIDTH="31" VPOS="3360" HPOS="780"/>
<String CONTENT="Willem," HEIGHT="73" WIDTH="266" VPOS="3359" HPOS="812"/>
<SP HEIGHT="67" WIDTH="35" VPOS="3365" HPOS="1079"/>
<String CONTENT="1882-" HEIGHT="56" WIDTH="188" VPOS="3363" HPOS="1115"/>
</TextLine>
<TextLine HEIGHT="77" WIDTH="1919" VPOS="3450" HPOS="174">
<String CONTENT="The" HEIGHT="56" WIDTH="131" VPOS="3453" HPOS="174"/>
<SP HEIGHT="39" WIDTH="36" VPOS="3471" HPOS="305"/>
<String CONTENT="story" HEIGHT="67" WIDTH="178" VPOS="3455" HPOS="342"/>
<SP HEIGHT="51" WIDTH="33" VPOS="3471" HPOS="520"/>
<String CONTENT="of" HEIGHT="56" WIDTH="68" VPOS="3452" HPOS="554"/>
<SP HEIGHT="57" WIDTH="33" VPOS="3451" HPOS="622"/>
<String CONTENT="Wilbur" HEIGHT="57" WIDTH="249" VPOS="3451" HPOS="655"/>
<SP HEIGHT="52" WIDTH="34" VPOS="3455" HPOS="904"/>
<String CONTENT="the" HEIGHT="57" WIDTH="104" VPOS="3452" HPOS="938"/>
<SP HEIGHT="57" WIDTH="36" VPOS="3452" HPOS="1042"/>
<String CONTENT="hat;" HEIGHT="69" WIDTH="140" VPOS="3452" HPOS="1078"/>
<SP HEIGHT="66" WIDTH="38" VPOS="3455" HPOS="1218"/>
<String CONTENT="being" HEIGHT="73" WIDTH="188" VPOS="3453" HPOS="1256"/>
<SP HEIGHT="53" WIDTH="31" VPOS="3473" HPOS="1444"/>
<String CONTENT="a" HEIGHT="38" WIDTH="36" VPOS="3473" HPOS="1476"/>
<SP HEIGHT="53" WIDTH="36" VPOS="3460" HPOS="1513"/>
<String CONTENT="true" HEIGHT="54" WIDTH="140" VPOS="3460" HPOS="1549"/>
<SP HEIGHT="37" WIDTH="36" VPOS="3478" HPOS="1689"/>
<String CONTENT="account" HEIGHT="55" WIDTH="260" VPOS="3465" HPOS="1726"/>
<SP HEIGHT="56" WIDTH="38" VPOS="3465" HPOS="1986"/>
<String CONTENT="of" HEIGHT="57" WIDTH="69" VPOS="3464" HPOS="2024"/>
</TextLine>
<TextLine HEIGHT="82" WIDTH="1996" VPOS="3527" HPOS="98">
<String CONTENT="the" HEIGHT="55" WIDTH="101" VPOS="3532" HPOS="98"/>
<SP HEIGHT="38" WIDTH="35" VPOS="3549" HPOS="200"/>
<String CONTENT="strange" HEIGHT="68" WIDTH="255" VPOS="3533" HPOS="236"/>
<SP HEIGHT="54" WIDTH="30" VPOS="3532" HPOS="492"/>
<String CONTENT="things" HEIGHT="72" WIDTH="213" VPOS="3529" HPOS="523"/>
<SP HEIGHT="37" WIDTH="31" VPOS="3549" HPOS="737"/>
<String CONTENT="which" HEIGHT="58" WIDTH="198" VPOS="3529" HPOS="769"/>
<SP HEIGHT="55" WIDTH="33" VPOS="3530" HPOS="968"/>
<String CONTENT="sometimes" HEIGHT="58" WIDTH="353" VPOS="3529" HPOS="1002"/>
<SP HEIGHT="56" WIDTH="32" VPOS="3531" HPOS="1356"/>
<String CONTENT="happen" HEIGHT="74" WIDTH="251" VPOS="3531" HPOS="1389"/>
<SP HEIGHT="56" WIDTH="29" VPOS="3536" HPOS="1641"/>
<String CONTENT="in" HEIGHT="56" WIDTH="64" VPOS="3536" HPOS="1671"/>
<SP HEIGHT="38" WIDTH="35" VPOS="3556" HPOS="1736"/>
<String CONTENT="a" HEIGHT="36" WIDTH="36" VPOS="3558" HPOS="1772"/>
<SP HEIGHT="52" WIDTH="32" VPOS="3557" HPOS="1809"/>
<String CONTENT="part" HEIGHT="66" WIDTH="148" VPOS="3543" HPOS="1842"/>
<SP HEIGHT="54" WIDTH="33" VPOS="3543" HPOS="1991"/>
<String CONTENT="of" HEIGHT="56" WIDTH="69" VPOS="3541" HPOS="2025"/>
</TextLine>
<TextLine HEIGHT="70" WIDTH="1994" VPOS="3604" HPOS="98">
<String CONTENT="the" HEIGHT="56" WIDTH="102" VPOS="3609" HPOS="98"/>
<SP HEIGHT="38" WIDTH="31" VPOS="3627" HPOS="201"/>
<String CONTENT="world" HEIGHT="57" WIDTH="195" VPOS="3607" HPOS="233"/>
<SP HEIGHT="55" WIDTH="31" VPOS="3609" HPOS="429"/>
<String CONTENT="which" HEIGHT="56" WIDTH="195" VPOS="3606" HPOS="461"/>
<SP HEIGHT="56" WIDTH="31" VPOS="3607" HPOS="657"/>
<String CONTENT="does" HEIGHT="55" WIDTH="146" VPOS="3608" HPOS="689"/>
<SP HEIGHT="38" WIDTH="34" VPOS="3625" HPOS="836"/>
<String CONTENT="not" HEIGHT="55" WIDTH="109" VPOS="3610" HPOS="871"/>
<SP HEIGHT="54" WIDTH="32" VPOS="3611" HPOS="981"/>
<String CONTENT="exist." HEIGHT="58" WIDTH="176" VPOS="3606" HPOS="1014"/>
<SP HEIGHT="57" WIDTH="81" VPOS="3607" HPOS="1191"/>
<String CONTENT="Written" HEIGHT="59" WIDTH="276" VPOS="3607" HPOS="1273"/>
<SP HEIGHT="42" WIDTH="32" VPOS="3628" HPOS="1550"/>
<String CONTENT="and" HEIGHT="57" WIDTH="121" VPOS="3613" HPOS="1583"/>
<SP HEIGHT="58" WIDTH="34" VPOS="3613" HPOS="1705"/>
<String CONTENT="drawn" HEIGHT="57" WIDTH="216" VPOS="3615" HPOS="1740"/>
<SP HEIGHT="56" WIDTH="32" VPOS="3617" HPOS="1957"/>
<String CONTENT="for" HEIGHT="57" WIDTH="102" VPOS="3617" HPOS="1990"/>
</TextLine>
<TextLine HEIGHT="75" WIDTH="1991" VPOS="3682" HPOS="100">
<String CONTENT="the" HEIGHT="55" WIDTH="101" VPOS="3687" HPOS="100"/>
<SP HEIGHT="57" WIDTH="34" VPOS="3685" HPOS="202"/>
<String CONTENT="fun" HEIGHT="57" WIDTH="114" VPOS="3685" HPOS="237"/>
<SP HEIGHT="37" WIDTH="36" VPOS="3704" HPOS="352"/>
<String CONTENT="of" HEIGHT="57" WIDTH="66" VPOS="3684" HPOS="389"/>
<SP HEIGHT="55" WIDTH="34" VPOS="3684" HPOS="456"/>
<String CONTENT="it" HEIGHT="56" WIDTH="50" VPOS="3684" HPOS="491"/>
<SP HEIGHT="55" WIDTH="34" VPOS="3685" HPOS="542"/>
<String CONTENT="by" HEIGHT="70" WIDTH="83" VPOS="3685" HPOS="577"/>
<SP HEIGHT="71" WIDTH="33" VPOS="3684" HPOS="661"/>
<String CONTENT="Hendrik" HEIGHT="59" WIDTH="285" VPOS="3683" HPOS="695"/>
<SP HEIGHT="57" WIDTH="33" VPOS="3684" HPOS="981"/>
<String CONTENT="Willem" HEIGHT="57" WIDTH="248" VPOS="3684" HPOS="1015"/>
<SP HEIGHT="37" WIDTH="35" VPOS="3703" HPOS="1264"/>
<String CONTENT="van" HEIGHT="39" WIDTH="122" VPOS="3703" HPOS="1300"/>
<SP HEIGHT="55" WIDTH="36" VPOS="3687" HPOS="1423"/>
<String CONTENT="Loon." HEIGHT="59" WIDTH="188" VPOS="3687" HPOS="1460"/>
<SP HEIGHT="55" WIDTH="81" VPOS="3691" HPOS="1649"/>
<String CONTENT="New" HEIGHT="58" WIDTH="153" VPOS="3691" HPOS="1731"/>
<SP HEIGHT="56" WIDTH="34" VPOS="3694" HPOS="1885"/>
<String CONTENT="York" HEIGHT="59" WIDTH="171" VPOS="3693" HPOS="1920"/>
</TextLine>
<TextLine HEIGHT="76" WIDTH="943" VPOS="3759" HPOS="99" CS="1">
<String CONTENT="city," HEIGHT="69" WIDTH="141" VPOS="3764" HPOS="99"/>
<SP HEIGHT="67" WIDTH="29" VPOS="3761" HPOS="241"/>
<String LANG="fr" CONTENT="H." HEIGHT="58" WIDTH="78" VPOS="3761" HPOS="271"/>
<SP HEIGHT="57" WIDTH="31" VPOS="3762" HPOS="350"/>
<String CONTENT="B." HEIGHT="55" WIDTH="68" VPOS="3762" HPOS="382"/>
<SP HEIGHT="56" WIDTH="31" VPOS="3761" HPOS="451"/>
<String CONTENT="Liveright" HEIGHT="74" WIDTH="327" VPOS="3760" HPOS="483"/>
<SP HEIGHT="66" WIDTH="31" VPOS="3764" HPOS="811"/>
<String CS="1" CONTENT="["/>
<String STYLE="superscript" CONTENT="c" HEIGHT="22" WIDTH="18" VPOS="3769" HPOS="859"/>
<String CONTENT="1925]" HEIGHT="74" WIDTH="162" VPOS="3760" HPOS="880"/>
</TextLine>
<TextLine HEIGHT="55" WIDTH="717" VPOS="3837" HPOS="171" STYLEREFS="StyleId-8845E0D8-3BC1-4E00-9238-5D79E7A12D6C-">
<String CONTENT="110," HEIGHT="48" WIDTH="89" VPOS="3840" HPOS="171"/>
<SP HEIGHT="32" WIDTH="32" VPOS="3856" HPOS="261"/>
<String CONTENT="[2]" HEIGHT="47" WIDTH="51" VPOS="3840" HPOS="294"/>
<SP HEIGHT="38" WIDTH="33" VPOS="3854" HPOS="346"/>
<String CONTENT="p." HEIGHT="38" WIDTH="38" VPOS="3854" HPOS="380"/>
<SP HEIGHT="27" WIDTH="58" VPOS="3855" HPOS="419"/>
<String CONTENT="col." HEIGHT="44" WIDTH="82" VPOS="3838" HPOS="478"/>
<SP HEIGHT="42" WIDTH="30" VPOS="3841" HPOS="561"/>
<String CONTENT="illus." HEIGHT="45" WIDTH="114" VPOS="3838" HPOS="592"/>
<SP HEIGHT="41" WIDTH="57" VPOS="3840" HPOS="707"/>
<String CONTENT="26" HEIGHT="43" WIDTH="55" VPOS="3839" HPOS="765"/>
<String STYLE="superscript" CONTENT="cm" HEIGHT="18" WIDTH="47" VPOS="3840" HPOS="826"/>
<String CONTENT="." HEIGHT="10" WIDTH="10" VPOS="3872" HPOS="878"/>
</TextLine>
<TextLine HEIGHT="48" WIDTH="452" VPOS="3893" HPOS="168" STYLEREFS="StyleId-8845E0D8-3BC1-4E00-9238-5D79E7A12D6C-">
<String CONTENT="Title" HEIGHT="44" WIDTH="122" VPOS="3896" HPOS="168"/>
<SP HEIGHT="29" WIDTH="26" VPOS="3911" HPOS="291"/>
<String CONTENT="on" HEIGHT="30" WIDTH="56" VPOS="3911" HPOS="318"/>
<SP HEIGHT="43" WIDTH="29" VPOS="3897" HPOS="375"/>
<String CONTENT="2" HEIGHT="41" WIDTH="24" VPOS="3897" HPOS="405"/>
<SP HEIGHT="44" WIDTH="29" VPOS="3894" HPOS="430"/>
<String CONTENT="leaves." HEIGHT="45" WIDTH="160" VPOS="3894" HPOS="460"/>
</TextLine>
<TextLine HEIGHT="62" WIDTH="1968" VPOS="3963" HPOS="101" STYLEREFS="StyleId-8845E0D8-3BC1-4E00-9238-5D79E7A12D6C-" CS="1">
<String CONTENT="&#169;" HEIGHT="53" WIDTH="53" VPOS="3967" HPOS="101"/>
<SP HEIGHT="53" WIDTH="32" VPOS="3967" HPOS="155"/>
<String CONTENT="Mar." HEIGHT="42" WIDTH="118" VPOS="3968" HPOS="188"/>
<SP HEIGHT="44" WIDTH="30" VPOS="3967" HPOS="307"/>
<String CONTENT="20," HEIGHT="49" WIDTH="64" VPOS="3967" HPOS="338"/>
<SP HEIGHT="48" WIDTH="36" VPOS="3968" HPOS="403"/>
<String CS="1" CONTENT="1925;" HEIGHT="44" WIDTH="102" VPOS="3965" HPOS="440"/>
<SP HEIGHT="49" WIDTH="31" VPOS="3967" HPOS="569"/>
<String CONTENT="2c." HEIGHT="42" WIDTH="65" VPOS="3967" HPOS="601"/>
<SP HEIGHT="28" WIDTH="31" VPOS="3981" HPOS="667"/>
<String CONTENT="and" HEIGHT="42" WIDTH="86" VPOS="3967" HPOS="699"/>
<SP HEIGHT="42" WIDTH="30" VPOS="3967" HPOS="786"/>
<String CONTENT="aff." HEIGHT="43" WIDTH="78" VPOS="3966" HPOS="817"/>
<SP HEIGHT="43" WIDTH="35" VPOS="3966" HPOS="896"/>
<String CONTENT="Mar." HEIGHT="44" WIDTH="117" VPOS="3966" HPOS="932"/>
<SP HEIGHT="42" WIDTH="31" VPOS="3967" HPOS="1050"/>
<String CS="1" CONTENT="27;" HEIGHT="44" WIDTH="53" VPOS="3965" HPOS="1082"/>
<SP HEIGHT="49" WIDTH="34" VPOS="3968" HPOS="1161"/>
<!-- cceid 2F28E2E8-6DD5-1014-B757-AF09C522E301 --><String CONTENT="A" HEIGHT="41" WIDTH="44" VPOS="3968" HPOS="1196"/>
<SP HEIGHT="42" WIDTH="31" VPOS="3968" HPOS="1241"/>
<String CS="1" CONTENT="822630;" HEIGHT="44" WIDTH="163" VPOS="3968" HPOS="1273"/>
<SP HEIGHT="51" WIDTH="37" VPOS="3971" HPOS="1461"/>
<String LANG="fr" CONTENT="Boni" HEIGHT="45" WIDTH="115" VPOS="3971" HPOS="1499"/>
<SP HEIGHT="45" WIDTH="31" VPOS="3973" HPOS="1615"/>
<String CONTENT="&amp;" HEIGHT="44" WIDTH="37" VPOS="3974" HPOS="1647"/>
<SP HEIGHT="44" WIDTH="31" VPOS="3974" HPOS="1685"/>
<String CONTENT="Liveright" HEIGHT="50" WIDTH="236" VPOS="3975" HPOS="1717"/>
<SP HEIGHT="42" WIDTH="46" VPOS="3980" HPOS="1954"/>
<String CS="1" CONTENT="inc." HEIGHT="43" WIDTH="68" VPOS="3980" HPOS="2001"/>
</TextLine>
<TextLine HEIGHT="57" WIDTH="242" VPOS="4022" HPOS="179" STYLEREFS="StyleId-8845E0D8-3BC1-4E00-9238-5D79E7A12D6C-">
<String CONTENT="(25-8237)" HEIGHT="57" WIDTH="242" VPOS="4022" HPOS="179"/>
</TextLine>
</TextBlock>
</PrintSpace>
</Page>
</Layout>
</alto>