2533 4412
0 0 0 0 816
329 513 241 54 master
620 509 340 72 plumbers,
1014 508 415 73 journeymen
1483 511 124 57 and
1662 510 420 74 apprentices,
2138 515 198 55 steam

328 586 225 74 fitters,
592 607 113 54 gas
741 586 206 59 fitters
986 588 123 57 and
1144 588 272 71 helpers,
1458 587 177 59 sheet
1668 588 193 58 metal
1897 589 278 60 workers
2215 592 122 57 and

329 666 2010 74 draughtsmen, master builders and engineers … by Frank
362 745 41 56 D).
441 743 543 73 Graham—chief,
1023 744 273 57 Thomas
1330 744 61 58 J.
1428 743 646 74 Emery—associate,
2150 765 98 38 no.
2286 748 53 71 1,

330 824 50 56 2.
451 822 154 59 New
630 821 192 74 York,
856 823 67 56 T.
954 822 209 59 Audel
1190 821 48 58 &
1267 841 68 39 co
1371 854 13 44 [
1384 831 20 21 c
1409 823 165 75 1925]

396 916 28 43 2
453 930 42 30 V.
557 915 177 52 fronts.,
770 914 130 52 illus.,
936 915 168 52 diagrs.
1173 911 50 46 17
1230 916 47 18 cm
1284 948 8 9 .

330 986 53 55 ©
412 988 120 53 Aug.
566 987 63 51 13,
662 983 131 55 1925;
822 986 66 42 2c.
918 984 111 45 each
1056 985 121 52 Aug.
1212 984 74 53 14;
1318 984 80 44 aff.
1427 984 120 53 Aug.
1582 982 75 55 15;
1690 985 45 42 A
1763 983 177 54 864216,
1972 983 190 55 864217;
2195 984 143 46 Theo,

399 1045 150 43 Audel
576 1044 38 44 &
641 1058 66 29 co.
777 1040 272 54 (25–15980)

326 1144 258 72 Gregor,
631 1142 215 58 Elmer
889 1141 267 72 Russell,
1204 1143 192 58 1878-

406 1232 1859 74 The medicine buffalo, by Elmer Russell Gregor …
325 1314 156 59 New
506 1313 192 74 York,
729 1312 282 77 London,
1043 1312 75 57 D.
1152 1311 323 73 Appleton
1508 1312 125 57 and
1663 1329 325 55 company,
2021 1312 166 56 1925.

403 1409 24 43 3
452 1423 40 39 p.
536 1442 22 18 l.,
580 1406 95 53 263,
703 1407 52 46 [1]
783 1421 39 39 p.
884 1404 83 45 col.
993 1405 140 45 front.
1197 1405 50 44 19½
1283 1407 46 17 cm
1336 1439 10 9 .

323 1478 57 54 ©
409 1480 121 52 Aug.
565 1479 62 51 14,
661 1476 130 54 1925;
821 1478 66 43 2c.
917 1477 87 43 and
1034 1477 79 43 aff.
1145 1477 120 52 Aug.
1299 1474 75 55 17;
1409 1477 45 42 A
1485 1475 190 53 861421;
1710 1476 57 44 D.
1798 1476 233 53 Appleton
2061 1477 38 44 &
2128 1492 66 29 co.

405 1534 273 57 (25–15670)

325 1638 300 72 Gregory,
667 1635 296 73 Jackson,
1004 1637 192 57 1882-

403 1732 130 57 The
558 1728 173 60 maid
758 1729 68 57 of
851 1730 104 58 the
980 1728 360 72 mountain;
1367 1748 40 39 a
1430 1746 291 42 romance
1751 1731 68 57 of
1846 1728 103 60 the
1980 1726 353 61 California

322 1809 387 71 wilderness,
749 1811 84 69 by
873 1808 280 59 Jackson
1197 1807 304 73 Gregory.
1584 1807 154 57 New
1775 1806 192 73 York,
2015 1806 64 59 C.
321 1806 1988 142 Scribner’s
528 1907 164 52 sons,
720 1885 168 59 1925.

392 1983 27 43 4
443 1995 41 38 p.
533 2016 24 16 l.,
585 1981 80 45 331
695 1994 40 37 p.
798 1979 141 46 front.
1002 1980 148 45 19½cm.

325 2048 54 55 ©
413 2051 121 52 Aug.
569 2048 39 53 7,
646 2046 130 54 1925;
813 2048 65 43 2c.
913 2048 121 52 Aug.
1071 2047 49 52 8;
1157 2047 80 43 aff.
1273 2045 120 54 Aug.
1432 2046 76 53 14;
1546 2047 45 42 A
1626 2045 189 54 864214;
1856 2045 187 46 Charles
2083 2044 250 49 Scribner’s

395 2122 118 29 sons.
583 2104 273 56 (25–15848)

325 2204 485 77 Gynecological
861 2206 125 57 and
1038 2204 369 58 obstetrical
1456 2204 447 74 monographs.
1994 2204 342 74 Appendix

411 2282 1922 76 (192.5) … Gynecological and obstetrical monographs.
401 2346 1863 89 New York, London, D . Appleton and company, 1925.
392 2455 66 45 xii
485 2469 55 38 p.,
573 2455 19 42 1
643 2489 23 17 l.,
692 2453 84 43 224
803 2468 54 38 p.,
890 2454 19 42 1
959 2488 8 7 l.
1028 2452 116 44 illus.
1204 2450 53 45 25
1266 2454 46 18 cm
1320 2487 8 8 .

395 2521 1939 54 “The authors of the various monographs have … furnished the material
322 2582 150 46 which
503 2582 157 53 brings
693 2581 75 44 the
800 2580 178 53 subject
1010 2586 169 38 matter
1209 2579 50 45 of
1291 2580 109 44 each
1433 2580 183 44 volume
1646 2580 50 45 of
1730 2579 76 45 the
1840 2580 138 45 series
2011 2581 134 44 down
2177 2586 46 39 to
2258 2579 75 46 the

321 2638 562 55 present.”—Publishers’
919 2645 119 38 note.

319 2709 57 54 ©
405 2711 108 53 July
543 2712 67 51 31,
644 2708 105 46 1925
765 2724 9 39 ;
807 2710 65 43 2c.
904 2710 88 43 and
1022 2709 80 44 aff.
1134 2710 121 52 Aug.
1287 2709 50 53 4;
1372 2710 45 42 A
1447 2707 192 55 864079;
1674 2709 57 44 D.
1763 2709 229 53 Appleton
2025 2710 38 44 &
2094 2724 66 30 co.

321 2824 268 73 Harper,
638 2823 321 59 Theodore
1001 2821 265 60 Acland.

401 2913 268 75 Singing
703 2915 285 57 feathers
1028 2914 113 74 [by]
1184 2915 325 58 Theodore
1546 2915 248 60 Acland
1829 2917 288 73 Harper;
321 2917 1981 135 illustrated
570 2995 84 70 by
692 2992 270 59 Florenz
1001 2991 207 60 Clark.
1288 2993 461 75 Philadelphia,
1790 2995 130 58 The
1959 2996 176 58 Penn
320 2998 1982 147 publishing
579 3090 324 54 company,
931 3072 167 57 1925.

396 3165 83 45 288
502 3179 40 39 p.
603 3163 83 46 col.
717 3163 152 53 front.,
895 3162 133 55 illus.,
1053 3161 83 47 col.
1164 3164 158 54 plates.
1384 3165 55 43 22½
1472 3166 48 17 cm
1526 3200 8 9 .

322 3234 53 54 ©
399 3236 120 52 Aug.
548 3236 36 50 1,
613 3233 130 54 1925;
768 3235 66 42 2c.
860 3234 87 43 and
973 3235 80 42 aff.
1079 3235 121 52 Aug.
1230 3235 74 52 11;
1332 3236 45 42 A
1402 3234 191 55 864177;
1624 3238 128 43 Penn
1777 3240 101 51 pub.
1906 3255 67 29 co.
401 3289 272 57 (25–15672)
2138 3304 109 39 5180

320 3391 265 73 Haskin,
624 3392 163 59 Sara
824 3390 251 60 Estelle.

396 3485 303 73 Building
738 3487 104 57 the
883 3486 348 73 Americas,
1273 3489 102 57 for
1418 3490 246 58 leaders
1708 3491 67 59 of
1814 3491 216 73 junior
2067 3514 257 54 groups,

319 3564 1987 158 by Sara Estelle Haskin … New York, Missionary education movement of the United States and Canada [ c 1925]
389 3733 46 46 iii
464 3749 56 38 p.,
547 3737 28 41 2
618 3767 23 18 l.,
670 3734 139 44 9-128
834 3747 41 38 p.
939 3735 147 44 19½cm.

390 3806 113 50 Map
531 3820 57 29 on
615 3805 125 44 front
767 3805 319 51 lining-paper.

390 3859 236 53 “Reading
655 3859 129 46 list”:
816 3875 43 37 p.
887 3859 153 49 23–25.

320 3928 54 53 ©
411 3929 107 53 July
559 3929 61 52 10,
663 3927 130 53 1925;
833 3929 65 43 2c.
938 3931 88 42 and
1064 3929 79 44 aff.
1183 3930 108 52 July
1332 3930 75 53 16;
1448 3931 45 42 A
1531 3932 190 54 861101;
1766 3935 281 55 Missionary
2087 3939 237 45 education

391 3992 254 38 movement
678 3985 51 43 of
760 3985 74 43 the
866 3986 58 43 U.
960 3984 44 47 S.
1037 3986 88 43 and
1158 3986 196 44 Canada.
1424 3986 272 58 (25–15854)
