2533 4412
1300 4096 113 56 144

369 428 193 71 West,
601 429 309 59 Kenneth.

451 521 129 59 The
623 521 210 73 valley
875 522 69 58 of
986 523 349 74 judgment,
1378 527 82 71 by
1505 527 298 58 Kenneth
1841 527 198 59 West.
2122 529 261 75 Boston,

373 597 128 60 The
540 600 350 72 Roxburgh
923 602 363 74 publishing
1323 624 326 56 company,
1689 604 450 75 incorporated
2177 636 14 44 [
2191 615 21 23 c
2215 608 167 73 1925]

441 692 899 55 v p., 1 l., 284 p. incl. front. 20 cm .
369 764 53 53 ©
454 764 106 45 Feb.
589 766 39 51 2,
662 764 131 55 1925;
824 767 66 43 2c.
921 767 108 44 Feb.
1062 767 76 52 19;
1172 768 79 43 aff.
1284 766 107 45 Feb.
1428 769 74 51 18;
1535 769 45 43 A
1611 770 189 51 822108;
1836 770 255 54 Roxburgh
2122 771 101 53 pub.
2257 787 66 29 co.

449 822 243 55 (25-4602)

367 923 192 73 Wier,
596 924 227 58 Albert
860 926 70 56 E.

446 1017 60 56 A
528 1016 308 73 practical
860 1016 187 72 guide
1073 1020 63 54 to
1165 1016 129 59 The
1319 1017 179 57 Ideal
1523 1018 182 59 home
1731 1017 198 60 music
1956 1018 262 74 library,
370 1041 1990 126 containing

650 1117 36 37 a
719 1094 171 58 brief
923 1094 281 71 analysis
1242 1095 69 57 of
1343 1094 103 59 the
1483 1095 450 73 compositions
1970 1096 66 59 in
2072 1101 151 57 each
369 1101 1990 143 volume,
583 1172 294 72 together

924 1171 156 59 with
1128 1172 383 74 interesting
1561 1174 437 74 biographical
2052 1177 153 59 data
2261 1180 123 57 and

368 1251 265 59 musical
655 1255 327 69 comment,
1009 1251 83 71 by
1113 1251 228 58 Albert
1364 1252 74 57 E.
1462 1251 195 59 Wier.
1741 1254 153 59 New
1917 1273 128 40 rev.
2073 1255 93 58 ed.
2232 1256 152 58 New

368 1331 175 57 York
568 1329 145 73 city,
747 1329 64 59 C.
843 1328 359 60 Scribner’s
1233 1348 146 40 sons
1410 1359 14 44 [
1426 1338 19 22 c
1448 1330 167 75 1924]

438 1420 954 57 3 p. l ., 123 p. illus. (ports.) 21 cm .
439 1496 72 43 “A
540 1496 130 45 short
702 1509 164 30 course
897 1495 46 44 in
970 1494 196 45 musical
1196 1494 250 55 reading”:
1477 1510 42 39 p.
1547 1497 153 44 49-64.

439 1553 231 45 “Musical
696 1553 357 44 memorandum
1083 1566 141 40 pages
1255 1553 79 43 for
1361 1554 219 52 personal
1605 1555 136 43 use”:
1770 1570 41 38 p.
1843 1556 205 43 119-123.

365 1611 56 54 ©
453 1613 118 43 Nov.
603 1613 65 51 28,
705 1612 131 51 1924;
869 1612 63 42 2c.
964 1612 100 51 Jan.
1101 1611 63 52 16,
1197 1610 131 53 1925;
1363 1612 80 43 aff.
1475 1612 102 53 Jan.
1612 1611 24 44 7;
1695 1613 43 42 A
1771 1610 191 55 815625;
1999 1612 190 46 Charles
435 1613 1921 99 Scribner’s
586 1684 117 28 sons.

781 1667 53 53 [©
868 1668 197 44 revision
1094 1669 89 43 and
1213 1669 248 44 additional
1494 1668 222 53 material]
1788 1669 244 54 (25-4612)

364 1767 182 73 Wile,
585 1768 108 57 Ira
734 1766 309 70 Solomon,
1088 1770 191 57 1877-

446 1861 129 57 The
610 1860 319 73 challenge
965 1860 69 58 of
1064 1859 362 71 childhood;
1463 1859 240 59 studies
1735 1859 67 57 in
1830 1860 396 74 personality
2257 1862 124 58 and

365 1938 2014 74 behavior, by Ira S. Wile … New York, T. Seltzer, 1925.
471 2052 10 17 x,
510 2017 78 45 305
622 2032 39 39 p.
721 2018 51 43 21
782 2019 15 19 cm
836 2053 9 8 .

365 2075 53 53 ©
447 2075 109 44 Feb.
589 2077 60 47 11,
683 2074 130 53 1925;
843 2076 65 43 2c.
939 2074 106 45 Feb.
1079 2075 74 52 13;
1183 2075 79 43 aff.
1294 2073 97 46 Feb
1419 2075 92 52 .24;
1543 2076 43 42 A
1615 2074 190 53 822153;
1835 2074 203 44 Thomas
2071 2073 192 53 Seltzer,
2293 2076 82 43 inc.

444 2131 245 55 (25-4982)

363 2230 272 74 Wright,
679 2229 260 60 Charles
979 2230 222 74 Henry
1240 2229 267 74 Conrad,
1551 2232 191 57 1869-

514 2322 1866 75 … A history of French literature, by C. H. C. Wright
436 2401 1941 77 … New York, London [etc.] Oxford university press,
367 2485 166 59 1925.

436 2562 94 54 xiv,
561 2562 82 47 990
670 2577 40 38 p.
769 2563 52 43 21½
859 2563 48 18 cm
914 2598 9 8 .
991 2559 220 55 (Oxford
1242 2557 177 48 French
1450 2558 155 55 series,
1635 2561 60 52 by
1724 2559 251 46 American
2005 2560 230 54 scholars;
366 2577 1990 90 general
490 2622 172 45 editor:
691 2621 56 45 R.
774 2619 198 53 Weeks)

437 2678 360 53 Bibliography:
826 2693 40 36 p.
895 2677 206 46 899-961.

363 2735 53 53 ©
445 2734 108 44 Feb.
579 2735 69 51 28,
678 2731 130 52 1925;
836 2733 65 43 2c.
931 2733 87 42 and
1045 2732 80 42 aff.
1154 2731 121 43 Mar.
1305 2729 49 53 5;
1385 2730 45 43 A
1459 2730 191 53 823294;
1681 2731 187 44 Oxford
1896 2731 120 45 univ.
2044 2747 139 38 press,
2215 2734 156 44 Amer.

433 2790 182 45 branch.
681 2788 67 55 [©
777 2788 108 44 final
915 2788 186 52 chapter
1129 2803 25 28 on
1219 2794 347 45 contemporary
1596 2787 186 44 authors
1812 2789 87 43 and
1929 2788 74 46 the
2037 2790 175 44 revised
430 2791 1921 110 bibliography]
724 2845 244 55 (25-5784)

360 2947 273 74 Wright,
675 2945 264 75 Dudley,
983 2948 191 57 1868-

446 3039 1859 75 The ethics of freemasonry, by Dudley Wright …
365 3121 440 72 Washington,
849 3119 74 63 D.
971 3117 86 72 C.,
1101 3119 131 57 The
1275 3117 284 59 Masonic
1602 3116 237 60 service
1881 3117 381 60 association
2307 3120 66 58 of

364 3201 104 59 the
494 3198 238 60 United
759 3197 214 60 States
1002 3228 13 41 [
1016 3205 18 21 c
1039 3196 166 74 1924]

431 3274 1437 58 3 p. l ., 88 p. 16 cm . (Little masonic library, [no. 16])
434 3336 128 46 “The
597 3334 223 53 majority
873 3335 53 43 [of
966 3334 126 44 these
1133 3346 168 39 essays]
1342 3332 115 45 have
1495 3335 225 49 appeared
1757 3332 52 44 in.
1843 3332 75 46 the
1954 3332 206 47 columns
2199 3336 55 42 of
2292 3335 77 47 the

362 3394 279 45 Freemason
675 3389 300 55 (England)”

360 3449 56 54 ©
445 3452 111 40 Dec.
586 3449 38 51 8,
654 3447 130 50 1924;
815 3447 64 42 2c.
911 3446 108 42 Dec.
1047 3444 80 51 23;
1157 3444 79 42 aff.
1266 3443 99 53 Jan.
1398 3442 63 52 13,
1495 3439 131 55 1925;
1660 3443 43 42 A
1735 3441 189 55 815580;
1957 3445 209 44 Masonic
2196 3446 175 45 service

432 3505 273 45 association
734 3503 50 44 of
812 3502 75 44 the
917 3501 172 45 United
1123 3499 164 48 States.
1358 3497 244 56 (25-4593)

360 3604 273 74 Wright,
674 3601 203 60 Jacob
911 3599 300 72 William,
1253 3602 191 55 1871-

441 3697 130 60 The
602 3693 189 58 whim
823 3692 207 72 horse,
1067 3692 125 57 and
1227 3711 38 37 a
1300 3709 157 53 song
1492 3689 67 57 of
1592 3689 284 57 freedom
1913 3689 261 59 entitled
2211 3691 155 58 Five

361 3765 2002 79 thousand more, by J. W. Wright … Carmel-by-the-sea,
365 3853 204 71 Calif.,
604 3852 131 55 The
762 3851 193 55 Press
984 3849 68 55 in
1079 3849 105 56 the
1216 3847 222 71 forest,
1472 3848 165 55 1925.

428 3926 759 55 2 p. l ., 7-29 p. illus. 18½ cm .
360 3976 2004 62 © Feb. 17, 1925; 2c. and aff. Feb. 24; A 822151; J. W. Wright, Carmel-by-the-sea, Calif. (25-5112)
