2533 4412
1020 4070 111 59 379

77 431 197 71 Dodd,
317 430 225 58 Edwin
573 429 270 73 Marvin,
886 433 188 56 1877-

154 520 257 58 Success
459 521 201 70 trails,
707 521 81 71 by
837 521 71 55 E.
956 520 81 55 M.
1085 519 199 57 Dodd.
1366 518 257 71 Boston,
1673 518 213 73 Mass.,
1936 518 128 56 The

77 598 328 58 Stratford
433 616 321 53 company,
783 599 165 55 1925.

150 676 620 53 2 p. l., vi, 136 p. 19 ½ cm .
79 744 52 53 ©
165 746 118 43 Mar.
314 743 66 53 27,
418 743 103 45 1925;
579 746 65 43 2c.
679 747 119 41 Mar.
832 747 76 50 31;
942 746 78 42 aff.
1054 745 113 51 Apr.
1204 745 45 50 1;
1286 744 46 43 A
1362 743 189 52 822694;
1590 741 234 48 Stratford
1857 757 65 28 co..

157 800 242 55 (25-8178)

79 900 489 74 [Feild-Palmer,
602 903 153 56 Mrs.
794 900 209 76 Edith]
1042 903 190 57 1879-

153 995 109 71 My
289 996 224 56 words.
596 995 258 71 Boston,
887 996 130 57 The
1049 992 412 74 Christopher
1488 991 363 75 publishing
1876 992 193 59 house

91 1073 185 73 [ c 1925]
144 1153 51 42 33
227 1166 41 37 p.
325 1152 51 42 21
387 1153 47 17 cm
439 1185 9 9 .

150 1207 212 44 “Blessed
384 1207 149 45 words
559 1207 49 44 of
630 1207 198 44 comfort
854 1208 126 44 from
1002 1208 75 44 the
1099 1206 165 53 Living
1290 1205 208 53 Saviour,
1521 1207 131 52 Jesus
1679 1205 169 53 Christ,
1870 1206 200 54 through

77 1263 87 45 His
195 1263 176 53 willing
399 1261 216 47 channel”
647 1261 155 49 [Edith
831 1262 351 50 Feild-Palmer]

77 1330 55 54 ©
165 1333 118 42 Mar.
315 1333 36 50 4,
389 1330 128 53 1925;
553 1331 63 43 2c.
650 1331 86 43 and
768 1332 78 42 aff.
881 1332 118 43 Mar.
1038 1331 73 52 18;
1147 1332 44 42 A
1223 1330 189 53 822471;
1451 1330 294 54 Christopher
1779 1333 100 51 pub.
1913 1333 153 44 house.

157 1387 241 55 (25-8223)

76 1487 387 72 Fitzgerrell,
504 1487 213 58 James
757 1487 254 72 Joseph,
1053 1489 188 57 1843-

151 1577 258 57 Lincoln
448 1597 128 37 was
618 1597 38 36 a
694 1576 400 73 spiritualist,
1136 1578 84 71 by
1259 1577 59 58 J.
1360 1578 60 57 J.
1463 1578 390 72 Fitzgerrell.
1938 1580 130 58 The

75 1656 264 72 religion
373 1656 67 56 of
470 1654 322 58 Abraham
825 1654 276 73 Lincoln,
1134 1656 83 70 by
1247 1654 71 58 B.
1353 1655 69 57 F.
1459 1655 249 58 Austin.
1783 1656 122 59 Los
75 1657 1968 152 Angeles,

293 1731 204 74 Calif.,
530 1733 128 56 The
687 1732 233 57 Austin
946 1732 364 73 publishing
1338 1752 323 54 company,
1692 1735 166 57 1924.

150 1811 52 46 79
228 1828 38 37 p.
293 1812 99 44 incl.
418 1819 115 45 port.
597 1812 50 43 19
653 1813 45 17 cm
705 1847 9 8 .

79 1881 52 53 ©
159 1883 109 42 Dec.
299 1879 63 54 15,
394 1881 128 51 1924;
551 1881 65 42 2c.
646 1882 119 41 Mar.
791 1881 40 50 2,
861 1873 130 59 1925;
1021 1880 78 43 aff.
1128 1880 111 53 Apr.
1270 1879 49 54 7;
1350 1881 44 42 A
1422 1881 187 52 823640;
1640 1882 40 52 J.
1709 1882 41 52 J.
1781 1881 284 54 Fitzgerrell,

153 1938 225 52 Sawtelle,
417 1937 134 44 Calif.
620 1935 243 55 (25-8174)

78 2037 275 72 Galston,
389 2035 260 60 Arthur.

153 2125 289 72 Security
485 2125 320 71 syndicate
848 2125 393 71 operations;
1285 2126 451 74 organization,
74 2146 1968 115 management

269 2202 1799 76 and accounting, by Arthur Galston … written under
76 2282 101 57 the
225 2281 284 71 auspices
557 2281 66 56 of
671 2281 105 56 the
823 2281 396 56 Investment
1257 2281 267 58 bankers
1574 2283 379 58 association
2002 2285 66 57 of

74 2357 1970 138 America—Education committee … New York, The Ronald
203 2456 180 52 press
414 2455 302 52 company
746 2465 13 44 [
761 2444 18 21 c
783 2437 164 71 1925]

149 2517 74 51 vii,
249 2515 50 46 95
326 2532 40 37 p.
430 2516 47 43 18½
513 2518 47 16 cm
567 2550 8 8 .
644 2514 510 54 (Ronograph-library,
1181 2530 71 28 no.
1279 2515 78 53 33)

80 2586 52 54 ©
163 2587 119 43 Mar.
312 2586 67 51 28,
412 2583 128 54 1925;
571 2585 64 43 2c.
665 2585 112 52 Apr.
808 2584 50 53 4;
891 2584 79 49 aff.
1000 2584 112 52 Apr.
1141 2584 51 53 2;
1224 2584 44 43 A
1299 2584 188 54 823623;
1522 2586 176 45 Ronald
1730 2601 124 38 press
1888 2602 67 31 co.

158 2642 243 55 (25-8179)

83 2741 1986 73 The Great stories of the Bible, for children … 48 full
156 2840 157 53 page
341 2820 167 57 color
533 2818 436 72 illustrations,
995 2818 74 56 40
1093 2818 120 56 full
1236 2837 160 53 page
1421 2819 176 58 black
1619 2820 418 61 illustrations;

155 2895 1915 77 with foreword by Geo. H. Sandison … New York,
153 2976 221 57 World
405 2974 320 71 syndicate
757 2991 306 52 company
1095 3003 11 42 [
1109 2982 18 21 c
1131 2973 163 73 1924]

153 3049 990 57 [395] p. illus. (part col.) 24 ½ x 20 cm .
81 3122 52 53 ©
163 3123 119 52 Sept.
310 3123 38 51 8,
376 3122 128 50 1924;
531 3121 65 42 2c.
628 3118 119 53 Sept.
779 3119 74 52 17;
882 3120 78 42 aff.
991 3117 121 54 Sept.
1142 3119 73 51 16;
1246 3119 44 42 A
1317 3119 189 53 801891;
1537 3121 164 44 World
1730 3122 229 53 syndicate
1987 3139 78 37 co.,

151 3180 82 44 inc.
302 3177 270 57 (24-21939)

80 3279 176 72 Hale,
295 3278 275 58 Edward
606 3277 273 69 Everett,
920 3275 355 59 1822-1909.

159 3374 126 56 The
316 3390 146 38 man
489 3369 263 58 without
782 3388 35 38 a
849 3371 281 68 country,
1161 3369 82 70 by
1274 3367 277 60 Edward
1582 3369 264 61 Everett
1876 3373 162 59 Hale;

80 3449 358 58 illustrated
487 3447 149 56 with
693 3464 208 39 scenes
956 3445 167 57 from
1177 3446 105 57 the
1334 3444 279 59 William
1667 3447 135 58 Fox
1858 3470 212 39 screen

83 3526 414 76 glorification
541 3525 67 55 of
650 3521 127 59 this
818 3521 319 58 immortal
1179 3520 238 73 classic,
1462 3542 35 38 a
1541 3524 245 59 Roland
1829 3526 73 57 V.
1950 3530 121 56 Lee

81 3605 387 73 production.
551 3601 151 57 New
739 3599 191 70 York,
970 3599 260 59 Grosset
1268 3599 47 57 &
1351 3599 250 74 Dunlap
1645 3632 11 42 [
1660 3611 18 21 c
1682 3604 164 73 1925]

149 3677 1123 58 vii p., 1 l. , 11-138 p. front., plates. 19 ½ cm .
151 3739 124 46 “The
305 3735 215 47 woman’s
553 3733 93 45 side
678 3734 52 44 of
762 3733 76 44 the
869 3747 104 29 man
1002 3730 192 47 without
1225 3748 24 28 a
1280 3733 231 54 country”,
1543 3737 58 52 by
1633 3735 177 48 Walter
1843 3738 51 47 F.
77 3739 1973 104 Eberhardt:

267 3813 40 37 p.
337 3794 149 46 26-60.

84 3866 53 53 ©
169 3868 119 41 Mar.
319 3862 66 52 26,
419 3859 129 53 1925;
578 3860 65 42 2c.
676 3860 118 41 Mar.
827 3858 76 50 30;
939 3856 78 44 aff.
1050 3857 112 51 Apr.
1195 3855 49 52 7;
1278 3857 44 42 A
1353 3858 188 54 823638;
1578 3861 189 46 Grosset
1801 3866 38 44 &
1873 3867 193 53 Dunlap.

158 3920 65 55 [©
254 3917 296 46 illustrations
581 3916 121 42 from
731 3914 76 43 the
836 3914 207 43 William
1072 3912 101 44 Fox
1203 3913 243 52 photoplay
1476 3917 86 43 and
1595 3916 52 46 50
1680 3934 134 39 pages
1846 3923 51 44 of
154 3924 1896 102 introductory

375 3982 165 35 matter
574 3972 58 52 by
665 3971 178 44 Walter
877 3969 50 44 F.
963 3967 270 54 Eberhardt]
1304 3968 242 58 (25-8273)
