2533 4412
1057 4066 108 55 677

108 518 262 74 picture,
401 518 323 73 featuring
752 518 287 72 Dorothy
1066 517 309 59 Mackaill.
1439 518 151 57 New
1618 517 191 71 York,
1843 516 259 59 Grosset

109 598 47 55 &
186 597 250 71 Dunlap
471 625 13 43 [
486 604 19 22 c
509 595 164 73 1925]

178 672 960 54 3 p. l., 529 p. front., plates. 19½ cm .
110 728 53 54 ©
193 731 116 51 June
340 729 62 52 15,
436 728 127 52 1925;
594 730 65 42 2c.
691 731 86 41 and
808 731 78 41 aff.
917 730 115 52 June
1066 729 73 51 18;
1174 729 43 41 A
1249 726 189 54 855581;
1473 728 190 44 Grosset
1695 728 36 43 &
1764 727 194 52 Dunlap.

189 785 269 55 (25-11318)

110 886 373 70 Mersereau,
524 885 183 58 John.

169 976 128 58 The
324 977 335 57 checkered
685 977 140 70 flag,
851 979 82 68 by
958 977 169 56 John
1155 976 380 57 Mersereau.
1599 976 260 72 Boston,
1890 977 213 71 Small,

110 1054 311 69 Maynard
453 1053 47 57 &
529 1071 306 55 company
868 1083 13 43 [
883 1061 19 22 c
906 1053 164 73 1925]

178 1131 25 43 3
230 1145 40 37 p.
299 1130 39 52 1,
368 1131 136 43 3-260
529 1145 41 37 p.
633 1131 50 43 19½cm.

110 1184 53 54 ©
196 1188 111 52 May
337 1188 67 50 23,
441 1186 127 52 1925;
601 1188 65 42 2c.
701 1188 86 42 and
820 1188 77 42 aff.
931 1188 116 51 June
1083 1188 74 52 13;
1193 1189 43 41 A
1269 1186 190 54 855535;
1499 1186 155 54 Small,
1690 1188 227 52 Maynard
1952 1188 36 43 &
2021 1203 79 33 co.,

181 1243 81 43 inc.
331 1241 74 56 (25-11003
583 1244 16 52 )

111 1341 277 73 Metcalf,
426 1343 218 72 Henry
679 1343 281 71 Clayton,
997 1346 190 55 1867-
1344 1346 91 57 ed.

253 1418 1849 76 … Linking science and industry, by H. S. Person, E. K.
109 1497 1972 214 Hail, William Patten … [and others] Edited, with an introduction by Henry C. Metcalf. Baltimore, The Williams & Wilkins
701 1671 321 53 company,
1057 1654 166 56 1925.

177 1729 1927 54 206 p. fold. tab., diagr. 21 cm . (Half-title: Human relations series, ed.
109 1788 58 52 by
199 1787 60 42 H.
295 1786 48 47 C.
377 1786 205 44 Metcalf,
689 1786 17 54 II)

183 1843 148 46 Series
357 1851 105 36 note
489 1843 47 42 in
561 1851 102 45 part
690 1843 95 45 also
814 1850 46 36 at
886 1844 116 44 head
1028 1842 52 51 of
1109 1852 95 44 t.-p.

110 1898 53 54 ©
191 1902 111 51 May
327 1901 64 49 29,
423 1899 128 53 1925;
581 1901 64 42 2c.
669 1902 89 41 and
784 1901 78 42 aff.
890 1902 114 51 June
1032 1903 49 49 4;
1111 1902 43 41 A
1182 1899 190 54 855470;
1402 1901 231 45 Williams
1661 1902 38 44 &
1725 1902 200 44 Wilkins
1953 1917 66 29 co.

188 1955 268 55 (25-11023)

110 2055 225 72 Miller,
377 2056 213 74 Harry
625 2055 216 74 Lloyd.

190 2150 1912 73 The self-directed school, by Harry Lloyd Miller … and
111 2226 1988 76 Richard T. Hargreaves … New York, Chicago [etc.] C.
114 2304 765 73 Scribner’s sons [ c 1925]
179 2381 1017 52 vi p., 2 l., 412 p. illus., diagrs. 19 ½ cm .
111 2434 53 54 ©
196 2437 111 51 May
334 2437 66 50 28,
438 2434 128 54 1925;
597 2436 65 43 2c.
695 2437 116 51 June
841 2437 76 51 20;
953 2438 78 41 aff.
1065 2438 114 51 June
1216 2437 72 51 18;
1325 2438 43 41 A
1401 2436 187 53 829782;
1627 2437 187 44 Charles
1851 2437 250 46 Scribner’s

181 2508 116 28 sons,
367 2490 268 56 (25-11403)

116 2591 238 74 [Morse,
396 2590 282 60 William
717 2591 198 73 Inglis]
978 2595 189 56 1874-

190 2684 343 71 Ricordati,
574 2686 356 71 1874-1924,
969 2686 83 70 by
1087 2686 96 57 W.
1224 2687 48 55 I.
1314 2687 82 56 M.
1475 2686 257 74 Boston,
1772 2687 212 72 Mass.,
2026 2688 73 56 N.

117 2761 256 72 Sawyer
400 2762 48 56 &
479 2781 128 53 son,
636 2762 136 72 inc.,
805 2763 165 56 1925.

180 2837 1107 54 2 p. l., 7-56 p. front., illus., ports. 21 cm .
186 2895 264 51 “Literaria,
478 2896 56 51 by
562 2896 188 43 Vernon
778 2895 219 52 Chipman
1027 2896 182 43 Morse”:
1266 2911 39 37 p.
1353 2895 152 45 [33]-37;
1562 2897 267 52 “Literaria,
1856 2897 59 54 by
1944 2898 158 53 Harry

114 2950 239 44 Havelock
385 2951 183 43 Morse”:
629 2966 39 37 p.
718 2949 166 55 [39]-56.

113 3004 53 53 ©
195 3007 110 52 May
332 3007 65 51 22,
429 3005 129 53 1925;
589 3008 63 42 2c.
681 3008 116 51 June
826 3009 74 50 11;
932 3008 77 43 aff.
1039 3009 115 51 June
1186 3008 73 52 10;
1289 3009 43 41 A
1363 3007 189 54 829639;
1583 3009 75 44 W.
1690 3009 35 44 I.
1757 3010 173 53 Morse,
1960 3011 143 53 Lynn,

184 3063 141 43 Mass.
395 3062 268 55 (25-11340)

116 3161 275 73 Murray,
434 3161 181 70 John,
658 3164 189 59 1848-

193 3255 253 71 Cancer,
495 3257 82 57 its
631 3258 342 56 successful
1019 3256 330 59 medicinal
1397 3262 357 70 treatment,
1802 3261 84 71 by
1934 3262 168 56 John

115 3332 997 74 Murray … Joliet, Ill., 1925.
184 3410 53 51 iv,
285 3412 76 43 123
402 3425 41 36 p.
507 3412 48 43 18½cm.

115 3461 53 54 ©
197 3464 116 51 June
347 3466 35 49 1,
411 3463 132 53 1925;
575 3465 63 42 2c.
670 3465 87 43 and
786 3466 79 42 aff.
897 3466 114 51 June
1047 3466 72 51 12;
1154 3467 43 41 A
1229 3465 186 52 829680;
1451 3467 39 52 J.
1525 3469 206 51 Murray,
1765 3467 149 53 Joliet,
1947 3468 69 44 Ill.

193 3519 268 55 (25-11418)

116 3619 151 57 New
298 3618 174 57 York
541 3621 207 71 (State)
838 3623 200 71 Laws,
1074 3627 284 69 statutes,
1395 3628 109 51 etc.

196 3710 129 57 The
378 3710 424 58 consolidated
852 3712 150 57 laws
1057 3713 66 56 of
1175 3713 152 56 New
1375 3713 189 73 York,
1620 3719 358 70 annotated,
2034 3737 68 37 as

115 3789 306 56 amended
453 3792 62 52 to
550 3789 102 56 the
688 3790 159 56 close
884 3790 66 57 of
983 3791 103 56 the
1121 3792 256 69 regular
1410 3793 239 57 session
1684 3795 70 56 of
1784 3794 104 57 the
117 3794 1960 127 legislature
358 3865 65 56 of
459 3867 164 54 1923.
699 3866 115 57 Ed.
849 3868 83 70 by
964 3868 246 56 Harold
1245 3869 72 56 N.
1357 3868 320 75 Eldridge,
1717 3872 272 57 assisted
2023 3874 81 66 by

119 3942 231 56 Newell
380 3942 228 56 Duvall
639 3945 122 55 and
790 3945 306 56 members
1129 3945 67 56 of
1227 3946 102 56 the
1365 3946 291 58 editorial
1689 3949 169 56 staff.
1931 3950 174 56 Book
