2533 4412
0 0 0 0 304
351 367 412 74 Richardson,
803 368 54 58 R
1171 366 77 59 A.

427 457 373 73 Increasing
823 459 106 57 the
957 459 289 73 strength
1273 458 69 58 of
1368 460 104 57 the
1502 477 146 54 eyes
1676 459 124 58 and
1825 460 105 60 the
1958 481 111 52 eye
2097 462 268 60 muscles

349 537 268 59 without
642 537 101 57 the
767 536 106 59 aid
897 536 69 59 of
987 537 262 72 glasses,
1272 539 84 69 by
1377 537 110 57 Dr.
1514 537 72 59 R.
1611 538 77 57 A.
1715 537 415 60 Richardson.
353 540 1984 134 Kansas

487 614 163 73 City,
680 615 144 71 Mo.,
855 615 130 60 The
1013 614 311 73 Eyesight
1350 615 125 59 and
1501 616 216 58 health
1744 615 384 61 association
2159 647 14 44 [
2175 625 19 24 c
2198 619 165 73 1925]

421 691 692 56 5 p. l., 9-188 p. illus. 20½cm.
423 763 302 46 Cover-title:
761 762 189 57 Strong,
981 763 190 54 healthy
1201 779 107 38 eyes
1337 762 200 48 without
1565 763 191 56 glasses.

351 835 54 57 ©
433 836 107 46 Feb.
567 837 68 53 20,
665 835 105 46 1925;
824 837 67 44 2c.
918 835 88 47 and
1033 836 80 45 aff.
1142 835 107 45 Feb.
1276 836 79 54 24;
1385 836 44 43 A
1458 833 190 58 822174;
1680 837 54 44 R.
1763 838 57 44 A.
1850 836 299 57 Richardson,
2180 838 181 47 Kansas

423 894 118 54 City,
574 895 81 44 Mo.
739 891 245 57 (25-7479)

351 995 258 74 Rogers,
649 995 170 58 John
856 993 303 74 Raphael,
1198 995 193 57 1856-

427 1087 315 72 Linotype
766 1086 382 59 instruction
1171 1085 191 71 book;
1391 1105 35 38 a
1452 1084 277 61 detailed
1755 1085 387 74 description
2170 1089 68 58 of
2263 1089 104 62 the

346 1165 385 60 mechanism
756 1165 124 58 and
901 1163 333 74 operation
1257 1164 69 57 of
1346 1164 105 57 the
1473 1163 282 74 linotype
1776 1165 152 57 with
1951 1164 415 63 instructions

349 1245 105 59 for
473 1244 85 58 its
587 1243 294 72 erection,
905 1243 453 72 maintenance,
1385 1242 125 57 and
1535 1260 161 55 care,
1721 1243 82 72 by
1827 1242 171 60 John
2022 1244 72 61 R.
2122 1245 244 73 Rogers

348 1317 2017 144 … Brooklyn, N. Y., Mergenthaler linotype company, 1925.
420 1475 1566 59 3 p. l., v-xxxi p., 1 l., 242, [8] p. front. (port.) illus. 24 cm .
423 1552 149 45 Blank
597 1565 136 40 pages
763 1551 76 45 for
867 1549 357 46 “Memoranda”
1261 1548 50 55 (8
1338 1557 46 36 at
1411 1548 110 54 end)

345 1622 58 57 ©
434 1625 120 43 Mar.
588 1625 63 51 14,
683 1621 131 53 1925;
842 1623 67 42 2c.
939 1621 121 45 Mar.
1093 1621 74 52 14;
1199 1620 80 44 aff.
1311 1619 120 44 Mar.
1459 1619 79 52 21;
1572 1619 44 43 A
1646 1618 190 54 822547;
1870 1618 348 54 Mergenthaler
419 1619 1920 116 linotype
552 1696 66 29 co.
688 1677 245 58 (25-7457)

351 1782 342 70 Schwarte,
733 1780 168 69 Max,
944 1779 92 59 ed.

426 1867 1934 79 Der grosse krieg, 1914–1918 … hrsg. von M. Schwarte.
351 1955 50 57 3.
451 1954 100 57 bd.
639 1952 134 56 Der
821 1948 297 60 deutsche
1167 1946 347 73 landkrieg.
1607 1947 33 56 3.
1710 1950 44 54 t.
1841 1946 279 75 Leipzig,
2172 1948 59 57 J.
2283 1948 74 58 A.

347 2031 235 72 Barth;
620 2033 150 72 [etc.,
807 2031 129 71 etc.]
972 2027 166 58 1925.

418 2124 77 38 XV,
531 2109 93 50 693,
665 2108 53 53 [1]
754 2121 41 38 p.
858 2118 141 40 maps.
1063 2103 53 45 25
1124 2107 48 18 cm
1178 2139 9 9 .

418 2179 174 45 Folded
621 2192 104 39 map
755 2177 43 43 in
829 2175 161 53 pocket
1020 2174 143 44 inside
1192 2173 51 45 of
1271 2173 118 44 back
1417 2185 148 31 cover.

346 2240 1651 66 © Jan. 5, 1925; 1c. Mar. 19; A—Foreign 27467; J. A. Barth.
350 2353 194 72 Scott,
580 2351 154 56 Mrs.
776 2344 341 62 Catharine
1154 2343 168 74 Amy
1368 2341 331 75 (Dawson)

427 2431 1932 79 The turn of a day, by C. A. Dawson Scott … New
345 2521 192 72 York,
562 2520 79 57 H.
669 2518 157 57 Holt
855 2516 124 58 and
1006 2532 326 54 company,
1360 2513 167 57 1925.

419 2596 465 57 vii, 283 p. 19½ cm .
348 2671 53 57 ©
435 2673 119 43 Mar.
583 2671 68 51 23,
684 2668 130 53 1925;
847 2668 64 43 2c.
944 2666 88 45 and
1061 2665 79 44 aff.
1173 2665 120 42 Mar.
1323 2660 80 55 25;
1436 2664 44 42 A
1511 2660 192 56 822577;
1737 2663 164 53 Henry
1933 2663 116 44 Holt
2081 2664 39 45 &
2149 2679 66 30 co.

427 2728 246 57 (25-7199)

349 2830 225 73 Smith,
612 2825 283 61 Richard
930 2825 243 68 Mason,
1212 2824 193 57 1881-

428 2925 195 56 From
658 2917 261 72 infancy
955 2916 66 57 to
1059 2911 352 72 childhood,
1447 2912 105 58 the
1592 2909 165 59 child
1793 2910 171 59 from
1999 2916 121 55 two
2160 2917 65 55 to
2266 2914 94 59 six

347 2986 2013 90 years, by Richard M. Smith … Boston, The Atlantic
345 3078 288 72 monthly
661 3093 184 55 press
879 3070 205 75 [c1925]

418 3146 804 66 ix p., 2 l., [3]-105, [1] p. 17 cm .
418 3228 254 53 Diagrams
706 3240 59 28 on
803 3220 352 55 lining-papers.

349 3298 54 56 ©
427 3300 120 43 Mar.
575 3298 63 51 18,
665 3294 131 53 1925;
823 3295 65 42 2c.
912 3292 121 44 Mar.
1055 3290 80 51 21;
1162 3289 79 43 aff.
1268 3289 120 42 Mar.
1413 3287 77 53 20;
1518 3287 44 44 A
1586 3286 189 54 822503;
1805 3289 53 43 R.
1885 3289 65 44 M.
1981 3288 159 55 Smith,
2170 3291 185 46 Boston.

428 3354 244 57 (25-7477)

351 3459 206 69 Stern,
592 3450 300 62 William.

427 3550 244 56 Person
714 3543 130 57 und
890 3540 213 71 sache;
1152 3539 236 70 system
1434 3536 112 57 des
1586 3534 348 60 kritischen
346 3539 1985 160 personalismus,

537 3643 125 38 von
689 3619 282 59 William
1006 3616 208 59 Stem.
1288 3615 51 55 3.
1373 3614 99 57 bd.
1545 3612 599 76 Wertphilosophie.
2219 3617 140 74 [Mit

352 3705 201 60 einem
590 3697 398 75 begleitwort
1024 3714 75 37 zu
1133 3694 101 57 bd.
1277 3694 50 70 1,
1368 3692 52 72 2,
1463 3692 50 73 3]
1593 3689 277 75 Leipzig,
1912 3691 60 59 J.
2014 3693 75 57 A.
2134 3694 219 74 Barth,

351 3784 167 59 1924.

486 3849 496 62 xx p., 1 l., 474 p. 24½cm.
349 3913 1614 74 © July 31, 1924; 1c. Dec. 6; A—Foreign 26425; J. A. Barth.
