2533 4412
1035 4085 137 54 1231

112 414 385 72 Humphrey,
536 414 214 57 Grace.

190 491 296 60 Children
520 492 67 56 of
620 490 341 72 necessity;
1000 490 226 59 stories
1262 490 68 58 of
1364 490 337 58 American
1735 491 372 58 inventions,

107 568 1975 137 by Grace Humphrey … illustrated by J. Carroll Mansfield.
351 646 452 71 Indianapolis,
849 646 129 57 The
1022 645 485 65 Bobbs-Merrill
1551 665 307 53 company
1904 676 12 43 [
1919 655 18 21 c
1942 648 164 71 1925]

179 722 999 56 5 p. l., 331 p. incl. front., illus. 19½ cm .
109 781 53 53 ©
199 783 100 43 Oct.
339 783 61 49 12,
438 780 129 52 1925;
603 781 65 42 2c.
702 781 87 42 and
823 781 78 42 aff.
939 780 100 43 Oct.
1079 778 72 53 16;
1191 779 43 42 A
1268 778 189 52 869544;
1498 779 360 44 Bobbs-Merrill
1894 796 66 28 co.

187 836 270 57 (25-20967)

112 910 127 57 The
275 907 460 58 International
768 908 242 71 library
1046 908 67 57 of
1148 907 198 57 music
1379 908 106 57 for
1521 909 178 57 home
1738 910 124 56 and
1900 909 207 58 studio

250 983 1532 75 … New York, The University society [ c 1925]
173 1066 25 42 4
260 1101 7 7 v.
329 1065 176 51 fronts.,
533 1063 131 54 illus.,
691 1063 155 53 plates,
877 1071 141 44 ports.
1077 1064 53 42 28½
1165 1065 47 17 cm
1220 1098 9 9 .

177 1121 126 44 Vols.
338 1123 76 42 1-2
442 1122 87 42 and
555 1122 81 42 3-4
664 1121 146 52 paged
838 1119 329 53 continuously.

177 1179 212 43 Lettered
416 1192 58 29 on
502 1191 162 30 cover:
695 1177 328 46 International
1050 1177 170 52 library
1249 1177 52 43 of
1329 1175 141 45 music
1500 1176 73 44 for
1598 1176 227 44 vocalists.

443 1261 110 17 CONTENTS.—v.
591 1240 92 37 1-2.
719 1232 195 53 History
949 1233 51 44 of
1033 1235 153 41 music.
1253 1233 320 52 Biographical
1610 1234 219 43 sketches.
105 1233 1973 111 Dictionary.

201 1305 99 29 —v.
334 1298 38 36 3.
410 1290 198 53 Singet's
644 1290 146 52 guide.
855 1289 233 53 Religious
1124 1288 256 44 music.—v.
1415 1296 39 36 4.
1491 1289 96 45 The
1621 1305 149 38 opera,
1805 1291 171 53 history
2014 1293 89 42 and

107 1348 146 52 guide.

106 1403 54 54 ©
195 1405 105 52 July
335 1405 65 48 28,
441 1402 129 49 1925;
606 1403 65 42 2c.
708 1402 109 43 each
857 1401 121 54 Sept.
1019 1401 74 50 16;
1133 1403 77 42 aff.
1251 1401 120 54 Sept.
1414 1403 74 50 14;
1528 1403 43 42 A
1607 1402 190 55 864698;
1838 1403 268 56 University

177 1462 182 51 society,
393 1461 82 43 inc.
545 1455 270 59 (25-20948)

110 1529 281 71 Jenkins,
432 1529 228 57 Hester
697 1526 380 72 Donaldson,
1119 1530 189 56 1869-

185 1610 101 56 An
341 1607 394 59 educational
790 1606 412 59 ambassador
1255 1613 62 54 to
1372 1609 103 57 the
1531 1608 170 57 Near
1753 1609 190 73 East;
1999 1612 104 57 the

110 1692 176 67 story
318 1689 68 57 of
420 1687 186 71 Mary
639 1684 170 59 Mills
843 1683 259 59 Patrick
1135 1688 123 56 and
1292 1705 78 40 an
1403 1685 338 58 American
1775 1686 233 74 college
2041 1685 63 57 in

107 1761 1997 76 the Orient, by Hester Donaldson Jenkins … New York,
111 1840 1704 74 Chicago [etc.] Fleming H. Eevell company [ c 1925]
179 1921 81 43 314
290 1934 38 35 p.
392 1918 154 48 front.,
580 1919 154 49 plates,
767 1928 139 39 ports.
968 1918 50 43 21
1028 1920 48 18 cm
1085 1959 3 5 .

107 1972 53 53 ©
193 1975 109 51 May
328 1974 68 44 23.
431 1972 129 52 1925;
591 1973 63 42 2c,
686 1973 86 42 and
801 1973 79 42 aff.
914 1972 102 43 Oct.
1052 1972 75 50 14;
1159 1972 42 41 A
1235 1971 189 52 869438;
1459 1970 208 55 Fleming
1698 1973 62 43 H.
1794 1973 158 44 Revell
1983 1989 65 29 co.

186 2029 269 55 (25-21036)

108 2099 299 70 Johnson,
446 2099 240 72 Joseph
721 2098 261 70 French,
1021 2100 360 56 1853-1925.

250 2174 1850 78 … America, our government, our history and our work,
105 2252 1994 74 by Joseph French Johnson … Jeremiah Whipple Jenks
174 2329 1929 63 … Rufus Daniel Smith … Albert Bushnell Hart … with
105 2408 1998 139 fifty full page drawings by Hanson Booth, and over nineteen hundred halftone and line illustrations … New
105 2566 189 73 York,
326 2565 129 58 The
484 2565 337 57 American
847 2563 339 73 viewpoint
1218 2564 253 73 society,
1498 2564 137 74 inc.,
1667 2566 165 58 1925.

175 2642 1500 56 7 p. l., 9-301 p. incl. front. (4 port.) illus.. diagrs. 26½ cm .
107 2700 53 53 ©
191 2702 120 51 Aug.
342 2702 36 47 3,
415 2699 129 48 1925;
576 2701 66 42 2c.
675 2700 86 43 and
792 2701 79 42 aff.
906 2700 100 43 Oct.
1039 2700 78 51 20;
1152 2699 45 42 A
1229 2700 189 51 869616;
1454 2700 156 43 Amer.
1643 2700 244 53 viewpoint
1921 2699 183 56 society,

179 2758 83 43 inc.
330 2756 270 55 (25-21274)

108 2827 244 70 Kamm,
386 2828 152 56 Mrs.
573 2825 237 57 Minnie
845 2825 328 58 Elizabeth
1214 2826 322 72 (Watson)
1580 2828 189 57 1886-

186 2909 130 57 The
368 2907 354 70 pre-school
775 2925 145 53 age;
978 2925 36 37 a
1065 2906 307 57 mother’s
1429 2904 185 74 guide
1667 2910 65 53 to
1787 2926 36 37 a
1876 2908 224 59 child’s

107 2985 385 71 occupation,
537 2986 83 71 by
664 2982 236 59 Minnie
945 2984 266 58 Watson
1256 2983 249 56 Kamm.
1587 2983 260 71 Boston,
1893 2984 211 72 Little,

105 3062 248 70 Brown,
384 3064 123 56 and
535 3080 322 53 company,
889 3062 165 57 1925.

176 3137 1421 52 viii p., 1 l., 216 p. illus., III pl. (incl. front.) 19½ cm .
180 3196 391 51 Bibliographies:
602 3212 41 32 p.
688 3194 224 47 [207]—211.

108 3249 53 53 ©
192 3251 120 53 Sept.
337 3252 68 49 24,
438 3249 128 52 1925;
597 3251 64 42 2c.
689 3251 87 42 and
805 3250 78 43 aff.
916 3248 122 53 Sept.
1064 3250 79 51 28;
1175 3250 47 42 A
1249 3248 189 52 864793;
1473 3249 148 51 Little,
1655 3250 179 50 Brown,
1867 3252 88 42 and

178 3267 1905 93 company.
376 3305 269 55 (25-21035)

109 3376 286 74 Kellogg,
433 3375 225 58 Louise
697 3377 247 71 Phelps.

185 3455 130 57 The
357 3453 247 59 French
644 3454 231 73 regime
915 3454 65 56 in
1020 3453 358 58 Wisconsin
1419 3455 123 57 and
1582 3455 104 58 the
1727 3455 379 67 Northwest,

105 3529 2003 75 by Louise Phelps Kellogg … Madison, State historical
110 3609 235 69 society
380 3609 67 58 of
480 3609 374 70 Wisconsin,
889 3609 165 60 1925.

177 3704 75 32 xv,
293 3686 83 45 474
413 3702 39 37 p.
513 3687 153 51 plates,
708 3694 152 44 ports.,
903 3700 127 38 maps
1056 3685 50 53 (2
1147 3684 138 53 fold.)
1335 3685 199 44 facsims.
1594 3688 53 41 22½
1682 3689 47 18 cm
1736 3721 9 7 .
1814 3686 290 50 (Half-title:

111 3744 308 46 Publications
445 3744 52 44 of
522 3743 74 44 the
627 3742 128 47 State
780 3741 237 46 historical
1044 3741 168 54 society
1241 3741 53 46 of
1320 3741 274 53 Wisconsin,
1625 3744 66 45 ed.
1719 3743 61 56 by
1804 3745 42 53 J.
1879 3742 222 57 Schafer)

178 3803 210 44 Lettered
416 3816 56 29 on
502 3816 161 28 cover:
691 3799 263 45 Wisconsin
983 3799 236 44 historical
1247 3799 151 50 series,
1427 3816 41 27 v.
1502 3802 35 42 1.

180 3859 206 44 Includes
418 3873 124 28 some
571 3856 51 45 of
653 3856 75 43 the
758 3857 124 51 early
912 3869 125 39 maps
1067 3856 51 43 of
1148 3855 153 45 North
1331 3857 226 52 America,
1590 3858 111 44 with
1734 3857 372 55 bibliographical

109 3923 139 37 notes.

109 3972 53 53 ©
192 3974 100 43 Oct.
326 3971 60 44 15.
421 3969 139 50 1925;.
581 3971 63 42 2c.
677 3970 100 43 Oct.
807 3969 76 45 20;
917 3970 78 41 aff.
1027 3969 101 43 Oct.
1159 3969 77 51 26;
1269 3970 42 41 A
1343 3969 188 53 869773;
1568 3970 125 46 State
1722 3970 234 45 historical
179 3969 1901 112 society
284 4029 50 44 of
367 4026 273 46 Wisconsin.
711 4023 269 56 (25-21780)
