2533 4412
0 0 0 0 107
134 437 385 73 MacMillan,
558 439 350 72 Georgette.

217 534 128 57 The
378 535 241 55 marvel
652 533 150 57 cook
832 533 177 71 book,
1041 533 84 72 by
1157 531 335 73 Georgette
1526 531 385 58 MacMillan.
1984 531 150 57 New

139 610 172 57 York
336 611 143 71 city,
508 610 211 58 Street
743 610 49 56 &
819 609 205 59 Smith
1051 609 402 71 corporation
1483 638 13 44 [
1497 616 18 21 c
1521 607 164 75 1925]

206 688 812 53 2 p. l ., viii, 244 p. illus. 18 cm .
137 755 53 54 ©
214 756 106 44 Feb.
350 756 61 52 10,
440 755 129 53 1925;
595 756 66 43 2c.
688 757 87 42 and
800 756 79 42 aff.
907 755 106 43 Feb.
1043 755 73 51 12;
1145 754 44 43 A
1215 753 187 53 823003;
1435 752 149 47 Street
1610 754 37 44 &
1676 752 148 47 Smith
1851 768 119 39 corp.

215 812 243 55 (25-4181)

134 914 282 71 Manson,
456 912 243 58 Arthur
742 912 231 58 James.

212 1005 304 57 Railroad
569 1003 469 58 electrification
1092 1005 123 56 and
1268 1004 103 56 the
1428 1002 252 58 electric
1729 1003 399 71 locomotive;

134 1083 235 58 outline
407 1082 66 58 of
509 1081 341 73 principles
887 1082 295 57 involved
1217 1081 68 57 in
1322 1081 281 57 railroad
1644 1080 486 59 electrification.

133 1162 59 56 A
234 1160 394 71 comparison
673 1159 66 58 of
784 1162 197 55 steam
1025 1160 125 56 and
1192 1158 251 58 electric
1483 1158 414 59 locomotives.
134 1158 1972 153 History

308 1238 68 57 of
407 1236 471 64 electrification
907 1237 66 56 in
1006 1237 236 58 United
1275 1236 231 58 States.
1579 1236 171 58 Data
1782 1256 78 39 on
133 1237 1976 136 electrification

420 1316 66 56 in
522 1315 310 70 America,
871 1315 255 71 Europe
1165 1316 125 56 and
1325 1314 347 58 Australia.
1754 1315 98 72 By
1888 1315 244 57 Arthur

132 1390 1977 140 J. Manson … New York, N. Y., Cleveland, O. [etc.] Simmons-Boardman
728 1470 366 73 publishing
1127 1489 306 54 company
1467 1502 15 44 [
1481 1478 21 23 c
1505 1472 165 75 1925]

203 1549 90 52 viii,
324 1549 82 43 332
434 1562 39 38 p.
506 1548 100 43 incl.
639 1548 128 52 illus.,
799 1546 157 55 tables,
990 1548 167 52 diagrs.
1217 1562 57 39 pl.
1333 1548 53 44 23
1394 1551 47 18 cm
1447 1583 9 9 .

204 1605 204 47 “Second
440 1604 209 45 edition.”

135 1674 53 53 ©
221 1675 106 44 Feb.
356 1676 39 51 2,
431 1673 129 54 1925;
594 1675 64 43 2c.
693 1674 106 44 Feb.
835 1675 73 52 12;
945 1675 79 43 aff.
1059 1674 105 44 Feb.
1203 1676 74 51 11;
1313 1674 44 43 A
1388 1675 191 53 822011;
1617 1674 513 47 Simmons-Boardman

206 1732 100 52 pub.
330 1748 65 28 co.
457 1731 243 55 (25-4109)

134 1830 268 58 Marcial
437 1829 270 72 Dorado,
749 1828 312 74 Carolina,
1103 1831 190 58 1889-

215 1922 326 73 Segundas
584 1921 299 58 lecciones
929 1923 75 56 de
1049 1922 274 71 español,
1366 1941 117 52 por
1530 1921 296 60 Carolina
1869 1923 265 60 Marcial

135 2000 253 60 Dorado…
581 1999 257 72 Boston,
878 1999 152 58 New
1064 1999 173 59 York
1278 2003 147 71 [etc.]
1467 1999 163 60 Ginn
1669 2002 124 57 and
1829 2019 306 55 company

138 2080 200 72 [c1925]

205 2173 44 37 x,
282 2156 81 44 334
393 2171 40 38 p.
493 2154 84 46 col.
609 2155 150 53 front.,
792 2154 115 45 illus.
971 2156 51 44 19
1027 2157 46 18 cm
1080 2189 10 10 .

137 2226 53 54 ©
215 2229 99 51 Jan.
341 2227 35 51 5,
407 2226 129 53 1925;
563 2228 65 42 2c.
657 2226 108 44 Feb.
792 2227 49 51 9;
871 2226 79 43 aff.
977 2226 105 44 Feb.
1111 2226 50 52 6;
1189 2227 44 42 A
1259 2225 190 54 814970;
1481 2226 49 44 C.
1560 2225 194 45 Marcial
1783 2227 199 53 Dorado,
2013 2227 117 44 New

207 2286 142 43 York.
419 2283 242 55 (25-4001)

134 2383 323 72 Marshall,
497 2383 218 56 Bruce.

213 2472 1920 76 This sorry scheme, by Bruce Marshall … New York,
133 2552 339 71 Harcourt,
505 2551 201 57 Brace
739 2552 124 56 and
895 2568 306 55 company
1234 2580 14 45 [
1250 2558 18 23 c
1271 2552 166 73 1925]

202 2630 542 54 2 p. l., 321 p. 19½ cm .
137 2687 53 54 ©
219 2690 98 51 Jan.
347 2689 67 50 22,
446 2687 130 52 1925;
605 2687 66 44 2c.
702 2688 87 43 and
818 2688 78 43 aff.
928 2686 106 45 Feb.
1070 2687 73 52 14;
1178 2688 42 42 A
1251 2687 190 52 823034;
1476 2688 246 51 Harcourt,
1756 2690 145 41 Brace
1933 2689 87 43 and
2049 2703 84 39 co.,

208 2746 82 43 inc.
359 2744 242 56 (25-4206)

137 2844 225 71 Miller,
401 2845 160 57 Karl
592 2844 261 59 Willett.

279 2933 1854 73 … South America: continent of opportunities; selected
137 3013 249 56 articles
428 3012 167 56 from
639 3011 102 59 the
783 3011 250 58 Detroit
1073 3015 196 54 news’
1314 3011 199 58 South
1551 3012 337 61 American
137 3033 1970 128 correspondence,

536 3089 148 58 here
721 3089 327 72 reprinted
1079 3089 152 57 with
1268 3108 37 38 a
1337 3089 159 58 view
1529 3092 64 55 to
1631 3091 359 73 increasing
136 3111 1971 129 understanding

584 3168 66 57 of
686 3167 103 58 the
829 3167 206 74 social,
1073 3167 281 72 political
1391 3169 124 57 and
1549 3169 392 58 commercial
136 3171 1971 146 relationships

498 3246 1565 72 of American nations, by Karl W. Miller …
135 3324 268 72 Detroit,
440 3323 203 72 Mich.,
679 3324 131 57 The
842 3324 290 72 Evening
1162 3343 167 38 news
1365 3324 397 74 association,
1794 3333 20 22 c
1818 3327 165 56 1925.

218 3401 1203 55 1 p. l ., 120 p. 19½cm. (Detroit news reprints)
139 3458 53 53 ©
219 3461 98 51 Jan.
345 3460 65 48 28,
444 3458 128 52 1925;
601 3461 65 42 2c.
696 3459 87 44 and
812 3460 78 43 aff.
920 3459 108 44 Feb.
1057 3460 50 52 2;
1139 3460 44 42 A
1212 3458 190 53 814871;
1433 3459 207 53 Evening
1668 3475 122 29 news
1820 3475 116 29 assn.

217 3515 243 55 (25-3951)

139 3615 314 58 Missouri.
538 3618 335 58 Governor.

217 3709 129 56 The
384 3728 318 52 messages
743 3710 124 56 and
903 3708 487 71 proclamations
1431 3709 66 56 of
1536 3709 103 57 the
1681 3729 343 54 governors
2065 3711 67 57 of

140 3788 104 56 the
285 3790 162 54 state
489 3787 67 56 of
595 3787 319 72 Missouri,
957 3805 175 52 comp.
1194 3788 124 56 and
1359 3788 90 56 ed.
1491 3788 85 71 by
1615 3786 197 59 Grace
1856 3789 274 59 Gilmore

140 3863 1988 74 Avery, A. B., and Floyd C. Shoemaker, A. M. … v. 4-6.
143 3940 339 73 Columbia,
517 3942 143 71 Mo.,
697 3943 129 55 The
864 3942 177 57 State
1076 3942 325 56 historical
1438 3942 189 57 society
1707 3944 68 56 of
1811 3944 318 74 Missouri,

140 4021 162 54 1924.
