<alto xmlns="http://www.loc.gov/standards/alto/ns-v3#" xmlns:xlink="http://www.w3.org/1999/xlink" xmlns:xsi="http://www.w3.org/2001/XMLSchema-instance" xsi:schemaLocation="http://www.loc.gov/standards/alto/ns-v3# http://www.loc.gov/alto/v3/alto-3-0.xsd"><Description>
<MeasurementUnit>pixel</MeasurementUnit>
<sourceImageInformation>
<fileName>1925_v22_Part001.pdf</fileName>
</sourceImageInformation>
<OCRProcessing ID="IdOcr">
<ocrProcessingStep>
<processingDateTime>2019-04-03</processingDateTime>
<processingSoftware>
<softwareCreator>ABBYY</softwareCreator>
<softwareName>ABBYY Recognition Server</softwareName>
<softwareVersion>4.0</softwareVersion>
</processingSoftware>
</ocrProcessingStep>
</OCRProcessing>
</Description>
<Styles>
<ParagraphStyle ID="StyleId-FFFFFFFF-FFFF-FFFF-FFFF-FFFFFFFFFFFF-" ALIGN="Left" LEFT="0." RIGHT="0." FIRSTLINE="0."/>
<ParagraphStyle ID="StyleId-2E5B4E57-07AD-4719-97CB-14521F7F4F8A-" ALIGN="Left" LEFT="0." RIGHT="0." FIRSTLINE="0." LINESPACE="8.899999619"/>
<ParagraphStyle ID="StyleId-62A6F688-D6E3-4EFC-837B-4A4C4EB582B7-" ALIGN="Center" LEFT="0." RIGHT="0." FIRSTLINE="0." LINESPACE="12.19999981"/>
<ParagraphStyle ID="StyleId-21B71EBC-BDB5-4E16-A8F2-58189A39665B-" ALIGN="Block" LEFT="0." RIGHT="0." FIRSTLINE="-13." LINESPACE="11.35000038"/>
<ParagraphStyle ID="StyleId-1E1A68C4-DD4F-417A-A13D-7FEC29ECB499-" ALIGN="Block" LEFT="0." RIGHT="0." FIRSTLINE="-15." LINESPACE="13.30000019"/>
<ParagraphStyle ID="StyleId-6B39EC51-644D-4E90-AF07-84EF2B1E466A-" ALIGN="Block" LEFT="0." RIGHT="0." FIRSTLINE="-15." LINESPACE="8.340000153"/>
<ParagraphStyle ID="StyleId-2C1BA15F-E223-41D6-853D-AAFBDAC17E68-" ALIGN="Center" LEFT="0." RIGHT="0." FIRSTLINE="0." LINESPACE="13."/>
<ParagraphStyle ID="StyleId-A3B2CDF3-43F0-422C-90A0-E074BFEC3BC0-" ALIGN="Block" LEFT="0." RIGHT="0." FIRSTLINE="0." LINESPACE="8.899999619"/>
<ParagraphStyle ID="StyleId-28AB2493-EA15-49C1-A6AC-ED5BC404F0B9-" ALIGN="Center" LEFT="0." RIGHT="0." FIRSTLINE="0." LINESPACE="12.19999981"/>
<ParagraphStyle ID="StyleId-4417A6D4-97E2-4EFC-962D-7FBC0D5273E4-" ALIGN="Left" LEFT="0." RIGHT="0." FIRSTLINE="15." LINESPACE="8.340000153"/>
<ParagraphStyle ID="StyleId-D4EF9C5E-3110-4A39-B7BC-3D84E0F04894-" ALIGN="Center" LEFT="0." RIGHT="0." FIRSTLINE="0." LINESPACE="13.30000019"/>
<ParagraphStyle ID="StyleId-D1243F31-1201-4D92-8F69-43ADB01E9AD1-" ALIGN="Left" LEFT="0." RIGHT="0." FIRSTLINE="-13." LINESPACE="13.30000019"/>
<ParagraphStyle ID="StyleId-C65417C6-23F2-4D8F-BA55-ECE73D98CAB9-" ALIGN="Left" LEFT="0." RIGHT="0." FIRSTLINE="0." LINESPACE="8.899999619"/>
<ParagraphStyle ID="StyleId-835763C1-08DD-41BE-8BAD-8E41EA88DAE3-" ALIGN="Center" LEFT="0." RIGHT="0." FIRSTLINE="0." LINESPACE="11.10000038"/>
<ParagraphStyle ID="StyleId-78FD6B81-8F83-422D-8DF4-4274EAFD19C6-" ALIGN="Block" LEFT="0." RIGHT="0." FIRSTLINE="-17." LINESPACE="12.19999981"/>
<ParagraphStyle ID="StyleId-F506BC7F-570D-458B-9F05-A143E1F5FD17-" ALIGN="Block" LEFT="0." RIGHT="0." FIRSTLINE="-17." LINESPACE="11.35000038"/>
<ParagraphStyle ID="StyleId-CBE02C6B-22D0-48C6-A874-7E90A22F4375-" ALIGN="Center" LEFT="0." RIGHT="0." FIRSTLINE="0." LINESPACE="4.400000095"/>
<ParagraphStyle ID="StyleId-14CC0121-63AF-4AB4-9656-E02F46C61AF2-" ALIGN="Left" LEFT="0." RIGHT="0." FIRSTLINE="0." LINESPACE="8.899999619"/>
<ParagraphStyle ID="StyleId-DD64CECB-1B22-4BFF-84F0-DFDE2B0000F8-" ALIGN="Left" LEFT="0." RIGHT="0." FIRSTLINE="0." LINESPACE="12.19999981"/>
<ParagraphStyle ID="StyleId-8AEF4AA8-141A-4E5D-9C3E-C0F9F43C742F-" ALIGN="Left" LEFT="0." RIGHT="0." FIRSTLINE="0." LINESPACE="8.300000191"/>
<ParagraphStyle ID="StyleId-8C396D2A-39C0-48AB-BABA-2679D8AB257E-" ALIGN="Left" LEFT="0." RIGHT="0." FIRSTLINE="0." LINESPACE="11.10000038"/>
<ParagraphStyle ID="StyleId-3B7FE50F-10D4-487F-BDCD-FD26EB60FD4A-" ALIGN="Block" LEFT="0." RIGHT="0." FIRSTLINE="13." LINESPACE="8.340000153"/>
<ParagraphStyle ID="StyleId-8CC5CC8E-615B-4C42-BB46-DB28FA355C27-" ALIGN="Left" LEFT="0." RIGHT="0." FIRSTLINE="0." LINESPACE="12.19999981"/>
<ParagraphStyle ID="StyleId-BC67E79D-8D99-4188-8B35-A59DBB7E2BB0-" ALIGN="Block" LEFT="0." RIGHT="0." FIRSTLINE="11." LINESPACE="9.399999619"/>
</Styles>
<Layout>
<Page ID="Page541" PHYSICAL_IMG_NR="541" HEIGHT="4412" WIDTH="2533">
<TopMargin HEIGHT="384" WIDTH="2533" VPOS="0" HPOS="0">
</TopMargin>
<LeftMargin HEIGHT="3764" WIDTH="69" VPOS="384" HPOS="0">
</LeftMargin>
<RightMargin HEIGHT="3764" WIDTH="295" VPOS="384" HPOS="2238">
</RightMargin>
<BottomMargin HEIGHT="264" WIDTH="2533" VPOS="4148" HPOS="0">
</BottomMargin>
<PrintSpace HEIGHT="3764" WIDTH="2169" VPOS="384" HPOS="69">
<TextBlock ID="Page541_Block1" HEIGHT="76" WIDTH="132" VPOS="4072" HPOS="1090" LANG="en-US" STYLEREFS="StyleId-C029C05F-273B-4134-8DC0-EDB5EB6668B1-">
<TextLine HEIGHT="55" WIDTH="110" VPOS="4082" HPOS="1101">
<String CONTENT="541" HEIGHT="55" WIDTH="110" VPOS="4082" HPOS="1101"/>
</TextLine>
</TextBlock>
<TextBlock ID="Page541_Block2" HEIGHT="3697" WIDTH="2169" VPOS="384" HPOS="69" LANG="en-US" CS="1" STYLEREFS="StyleId-6145DC02-C56A-43E0-8AD0-93BC7EA03F4C-">
<TextLine HEIGHT="73" WIDTH="962" VPOS="445" HPOS="139" STYLEREFS="StyleId-3E5CE9EE-F994-4E8D-9C7F-36F80E909803-">
<String CONTENT="Marriott," HEIGHT="71" WIDTH="310" VPOS="447" HPOS="139"/>
<SP HEIGHT="71" WIDTH="40" VPOS="447" HPOS="450"/>
<String CONTENT="Crittenden," HEIGHT="72" WIDTH="381" VPOS="445" HPOS="491"/>
<SP HEIGHT="69" WIDTH="38" VPOS="448" HPOS="873"/>
<String CONTENT="1867-" HEIGHT="58" WIDTH="189" VPOS="446" HPOS="912"/>
</TextLine>
<TextLine HEIGHT="77" WIDTH="1917" VPOS="531" HPOS="217" STYLEREFS="StyleId-3E5CE9EE-F994-4E8D-9C7F-36F80E909803-" CS="1">
<String CONTENT="The" HEIGHT="56" WIDTH="128" VPOS="540" HPOS="217"/>
<SP HEIGHT="57" WIDTH="30" VPOS="539" HPOS="346"/>
<String CONTENT="Isle" HEIGHT="57" WIDTH="125" VPOS="539" HPOS="377"/>
<SP HEIGHT="39" WIDTH="32" VPOS="557" HPOS="503"/>
<String CONTENT="of" HEIGHT="57" WIDTH="68" VPOS="538" HPOS="536"/>
<SP HEIGHT="58" WIDTH="30" VPOS="537" HPOS="605"/>
<String CONTENT="dead" HEIGHT="57" WIDTH="161" VPOS="537" HPOS="636"/>
<SP HEIGHT="57" WIDTH="32" VPOS="537" HPOS="798"/>
<String CS="1" CONTENT="ships;" HEIGHT="73" WIDTH="173" VPOS="535" HPOS="831"/>
<SP HEIGHT="50" WIDTH="33" VPOS="557" HPOS="1036"/>
<String CONTENT="a" HEIGHT="38" WIDTH="35" VPOS="557" HPOS="1070"/>
<SP HEIGHT="56" WIDTH="30" VPOS="539" HPOS="1106"/>
<String CONTENT="tale" HEIGHT="58" WIDTH="125" VPOS="535" HPOS="1137"/>
<SP HEIGHT="39" WIDTH="31" VPOS="554" HPOS="1263"/>
<String CONTENT="of" HEIGHT="58" WIDTH="68" VPOS="533" HPOS="1295"/>
<SP HEIGHT="58" WIDTH="28" VPOS="533" HPOS="1364"/>
<String CONTENT="the" HEIGHT="57" WIDTH="103" VPOS="534" HPOS="1393"/>
<SP HEIGHT="59" WIDTH="35" VPOS="533" HPOS="1497"/>
<String CONTENT="Sargasso" HEIGHT="71" WIDTH="310" VPOS="533" HPOS="1533"/>
<SP HEIGHT="59" WIDTH="35" VPOS="531" HPOS="1844"/>
<String CONTENT="Sea," HEIGHT="71" WIDTH="140" VPOS="531" HPOS="1880"/>
<SP HEIGHT="68" WIDTH="30" VPOS="534" HPOS="2021"/>
<String CONTENT="by" HEIGHT="70" WIDTH="82" VPOS="534" HPOS="2052"/>
</TextLine>
<TextLine HEIGHT="140" WIDTH="1971" VPOS="610" HPOS="138" STYLEREFS="StyleId-3E5CE9EE-F994-4E8D-9C7F-36F80E909803-" CS="1">
<String CONTENT="Crittenden" HEIGHT="59" WIDTH="369" VPOS="615" HPOS="141"/>
<SP HEIGHT="55" WIDTH="25" VPOS="616" HPOS="511"/>
<String CONTENT="Marriott," HEIGHT="71" WIDTH="319" VPOS="614" HPOS="537"/>
<SP HEIGHT="51" WIDTH="24" VPOS="634" HPOS="857"/>
<String CONTENT="with" HEIGHT="57" WIDTH="153" VPOS="614" HPOS="882"/>
<SP HEIGHT="56" WIDTH="23" VPOS="613" HPOS="1036"/>
<String CONTENT="illustrations" HEIGHT="58" WIDTH="421" VPOS="611" HPOS="1060"/>
<SP HEIGHT="56" WIDTH="28" VPOS="613" HPOS="1482"/>
<String CONTENT="by" HEIGHT="69" WIDTH="83" VPOS="613" HPOS="1511"/>
<SP HEIGHT="70" WIDTH="28" VPOS="612" HPOS="1595"/>
<String CONTENT="Frank" HEIGHT="57" WIDTH="216" VPOS="611" HPOS="1624"/>
<SP HEIGHT="55" WIDTH="29" VPOS="611" HPOS="1841"/>
<String CONTENT="McKernan." HEIGHT="140" WIDTH="1971" VPOS="610" HPOS="138"/>
</TextLine>
<TextLine HEIGHT="78" WIDTH="1774" VPOS="687" HPOS="361" STYLEREFS="StyleId-3E5CE9EE-F994-4E8D-9C7F-36F80E909803-" CS="1">
<String LANG="en-US" CONTENT="Philadelphia" HEIGHT="73" WIDTH="439" VPOS="691" HPOS="361"/>
<SP HEIGHT="59" WIDTH="29" VPOS="691" HPOS="801"/>
<String LANG="en-US" CONTENT="&amp;" HEIGHT="58" WIDTH="47" VPOS="691" HPOS="831"/>
<SP HEIGHT="58" WIDTH="26" VPOS="691" HPOS="879"/>
<String LANG="en-US" CONTENT="London," HEIGHT="74" WIDTH="278" VPOS="691" HPOS="906"/>
<SP HEIGHT="75" WIDTH="32" VPOS="690" HPOS="1185"/>
<String LANG="fr" CONTENT="J." HEIGHT="57" WIDTH="60" VPOS="690" HPOS="1218"/>
<SP HEIGHT="57" WIDTH="31" VPOS="690" HPOS="1279"/>
<String CS="1" CONTENT="B." HEIGHT="55" WIDTH="52" VPOS="690" HPOS="1311"/>
<SP HEIGHT="56" WIDTH="18" VPOS="690" HPOS="1393"/>
<String LANG="fr" CONTENT="Lippincott" HEIGHT="74" WIDTH="367" VPOS="687" HPOS="1412"/>
<SP HEIGHT="55" WIDTH="29" VPOS="690" HPOS="1780"/>
<String LANG="en-US" CONTENT="company," HEIGHT="54" WIDTH="325" VPOS="706" HPOS="1810"/>
</TextLine>
<TextLine HEIGHT="58" WIDTH="166" VPOS="771" HPOS="139" STYLEREFS="StyleId-3E5CE9EE-F994-4E8D-9C7F-36F80E909803-">
<String CONTENT="1925." HEIGHT="58" WIDTH="166" VPOS="771" HPOS="139"/>
</TextLine>
<TextLine HEIGHT="55" WIDTH="754" VPOS="860" HPOS="208" CS="1">
<String CONTENT="282" HEIGHT="44" WIDTH="83" VPOS="862" HPOS="208"/>
<SP HEIGHT="53" WIDTH="24" VPOS="862" HPOS="292"/>
<String CONTENT="p." HEIGHT="38" WIDTH="39" VPOS="877" HPOS="317"/>
<SP HEIGHT="28" WIDTH="60" VPOS="876" HPOS="357"/>
<String CONTENT="col." HEIGHT="44" WIDTH="84" VPOS="860" HPOS="418"/>
<SP HEIGHT="44" WIDTH="30" VPOS="860" HPOS="503"/>
<String CONTENT="front.," HEIGHT="53" WIDTH="158" VPOS="860" HPOS="534"/>
<SP HEIGHT="38" WIDTH="27" VPOS="876" HPOS="693"/>
<String CS="1" CONTENT="pl." HEIGHT="38" WIDTH="58" VPOS="876" HPOS="721"/>
<SP HEIGHT="43" WIDTH="57" VPOS="861" HPOS="780"/>
<String CS="1" CONTENT="20cm." HEIGHT="44" WIDTH="124" VPOS="861" HPOS="838"/>
</TextLine>
<TextLine HEIGHT="58" WIDTH="1992" VPOS="927" HPOS="141">
<String LANG="en-US" CONTENT="&#169;" HEIGHT="53" WIDTH="53" VPOS="932" HPOS="141"/>
<SP HEIGHT="53" WIDTH="26" VPOS="932" HPOS="195"/>
<String LANG="en-US" CONTENT="Apr." HEIGHT="52" WIDTH="111" VPOS="933" HPOS="222"/>
<SP HEIGHT="43" WIDTH="26" VPOS="933" HPOS="334"/>
<String LANG="en-US" CONTENT="23," HEIGHT="51" WIDTH="68" VPOS="933" HPOS="361"/>
<SP HEIGHT="50" WIDTH="32" VPOS="934" HPOS="430"/>
<String LANG="en-US" CONTENT="1925;" HEIGHT="54" WIDTH="129" VPOS="930" HPOS="463"/>
<SP HEIGHT="52" WIDTH="29" VPOS="932" HPOS="593"/>
<String LANG="en-US" CONTENT="2c." HEIGHT="43" WIDTH="64" VPOS="932" HPOS="623"/>
<SP HEIGHT="28" WIDTH="29" VPOS="947" HPOS="688"/>
<String LANG="en-US" CONTENT="and" HEIGHT="42" WIDTH="86" VPOS="933" HPOS="718"/>
<SP HEIGHT="42" WIDTH="29" VPOS="933" HPOS="805"/>
<String LANG="en-US" CONTENT="aff." HEIGHT="42" WIDTH="77" VPOS="932" HPOS="835"/>
<SP HEIGHT="42" WIDTH="29" VPOS="932" HPOS="913"/>
<String LANG="en-US" CONTENT="May" HEIGHT="51" WIDTH="113" VPOS="932" HPOS="943"/>
<SP HEIGHT="51" WIDTH="31" VPOS="932" HPOS="1057"/>
<String LANG="en-US" CONTENT="15;" HEIGHT="53" WIDTH="74" VPOS="929" HPOS="1089"/>
<SP HEIGHT="52" WIDTH="30" VPOS="930" HPOS="1164"/>
<!-- cceid 30F4A539-6DD5-1014-B757-AF09C522E301 --><String LANG="en-US" CONTENT="A" HEIGHT="42" WIDTH="44" VPOS="930" HPOS="1195"/>
<SP HEIGHT="43" WIDTH="28" VPOS="930" HPOS="1240"/>
<String LANG="en-US" CONTENT="855142;" HEIGHT="53" WIDTH="190" VPOS="929" HPOS="1269"/>
<SP HEIGHT="52" WIDTH="30" VPOS="930" HPOS="1460"/>
<String LANG="fr" CONTENT="J." HEIGHT="51" WIDTH="40" VPOS="930" HPOS="1491"/>
<SP HEIGHT="41" WIDTH="32" VPOS="931" HPOS="1532"/>
<String LANG="fr" CONTENT="B." HEIGHT="42" WIDTH="50" VPOS="931" HPOS="1565"/>
<SP HEIGHT="43" WIDTH="32" VPOS="930" HPOS="1616"/>
<String LANG="fr" CONTENT="Lippincott" HEIGHT="53" WIDTH="258" VPOS="928" HPOS="1649"/>
<SP HEIGHT="36" WIDTH="28" VPOS="937" HPOS="1908"/>
<String CONTENT="co." HEIGHT="28" WIDTH="65" VPOS="944" HPOS="1937"/>
<SP HEIGHT="29" WIDTH="63" VPOS="952" HPOS="2003"/>
<String LANG="en-US" CONTENT="[&#169;" HEIGHT="54" WIDTH="66" VPOS="927" HPOS="2067"/>
</TextLine>
<TextLine HEIGHT="54" WIDTH="1161" VPOS="986" HPOS="210">
<String CONTENT="new" HEIGHT="29" WIDTH="98" VPOS="1004" HPOS="210"/>
<SP HEIGHT="29" WIDTH="28" VPOS="1004" HPOS="309"/>
<String CONTENT="matter" HEIGHT="35" WIDTH="166" VPOS="996" HPOS="338"/>
<SP HEIGHT="35" WIDTH="26" VPOS="996" HPOS="505"/>
<String CONTENT="throughout" HEIGHT="53" WIDTH="277" VPOS="987" HPOS="532"/>
<SP HEIGHT="36" WIDTH="30" VPOS="995" HPOS="810"/>
<String CONTENT="the" HEIGHT="42" WIDTH="74" VPOS="988" HPOS="841"/>
<SP HEIGHT="35" WIDTH="30" VPOS="995" HPOS="916"/>
<String CONTENT="text]" HEIGHT="44" WIDTH="110" VPOS="995" HPOS="947"/>
<SP HEIGHT="53" WIDTH="70" VPOS="987" HPOS="1058"/>
<String CONTENT="(25-9694)" HEIGHT="54" WIDTH="242" VPOS="986" HPOS="1129"/>
</TextLine>
<TextLine HEIGHT="72" WIDTH="963" VPOS="1088" HPOS="140" STYLEREFS="StyleId-2742B0EF-3F59-40A6-8711-DC274674DB44-">
<String LANG="de" CONTENT="Meiner," HEIGHT="72" WIDTH="255" VPOS="1088" HPOS="140"/>
<SP HEIGHT="71" WIDTH="35" VPOS="1089" HPOS="396"/>
<String LANG="en-US" CONTENT="Felix," HEIGHT="70" WIDTH="195" VPOS="1088" HPOS="432"/>
<SP HEIGHT="67" WIDTH="38" VPOS="1091" HPOS="628"/>
<String LANG="en-US" CONTENT="1883-" HEIGHT="57" WIDTH="188" VPOS="1089" HPOS="667"/>
<SP HEIGHT="37" WIDTH="157" VPOS="1107" HPOS="856"/>
<String LANG="en-US" CONTENT="ed." HEIGHT="57" WIDTH="89" VPOS="1089" HPOS="1014"/>
</TextLine>
<TextLine HEIGHT="153" WIDTH="1968" VPOS="1177" HPOS="142" STYLEREFS="StyleId-3E5CE9EE-F994-4E8D-9C7F-36F80E909803-" CS="1">
<String LANG="en-US" CONTENT="Die" HEIGHT="57" WIDTH="116" VPOS="1179" HPOS="213"/>
<SP HEIGHT="37" WIDTH="36" VPOS="1199" HPOS="330"/>
<String LANG="en-US" CS="1" CONTENT="v"/>
<String LANG="de" CONTENT="olkswirtschaftslehre" HEIGHT="58" WIDTH="699" VPOS="1177" HPOS="411"/>
<SP HEIGHT="56" WIDTH="37" VPOS="1179" HPOS="1111"/>
<String LANG="de" CONTENT="der" HEIGHT="56" WIDTH="110" VPOS="1179" HPOS="1149"/>
<SP HEIGHT="53" WIDTH="36" VPOS="1197" HPOS="1260"/>
<String LANG="en-US" CONTENT="gegenwart" HEIGHT="70" WIDTH="359" VPOS="1180" HPOS="1297"/>
<SP HEIGHT="56" WIDTH="34" VPOS="1178" HPOS="1657"/>
<String LANG="en-US" CONTENT="in" HEIGHT="56" WIDTH="66" VPOS="1178" HPOS="1692"/>
<SP HEIGHT="38" WIDTH="37" VPOS="1197" HPOS="1759"/>
<String LANG="en-US" CONTENT="selbstdarstellungen;" HEIGHT="152" WIDTH="1968" VPOS="1178" HPOS="142"/>
</TextLine>
<TextLine HEIGHT="74" WIDTH="1579" VPOS="1256" HPOS="553" STYLEREFS="StyleId-3E5CE9EE-F994-4E8D-9C7F-36F80E909803-" CS="1">
<String CONTENT="hrsg." HEIGHT="72" WIDTH="179" VPOS="1258" HPOS="553"/>
<SP HEIGHT="37" WIDTH="42" VPOS="1276" HPOS="733"/>
<String CONTENT="von" HEIGHT="38" WIDTH="122" VPOS="1276" HPOS="776"/>
<SP HEIGHT="55" WIDTH="41" VPOS="1259" HPOS="899"/>
<String CONTENT="dr." HEIGHT="55" WIDTH="91" VPOS="1259" HPOS="941"/>
<SP HEIGHT="55" WIDTH="46" VPOS="1258" HPOS="1033"/>
<String CONTENT="Felix" HEIGHT="57" WIDTH="179" VPOS="1257" HPOS="1080"/>
<SP HEIGHT="56" WIDTH="41" VPOS="1257" HPOS="1260"/>
<String LANG="de" CONTENT="Meiner" HEIGHT="57" WIDTH="245" VPOS="1257" HPOS="1302"/>
<SP HEIGHT="38" WIDTH="45" VPOS="1276" HPOS="1548"/>
<String CS="1" CONTENT="&#8230;"/>
<SP HEIGHT="57" WIDTH="84" VPOS="1257" HPOS="1656"/>
<String CONTENT="Leipzig," HEIGHT="74" WIDTH="275" VPOS="1256" HPOS="1741"/>
<SP HEIGHT="72" WIDTH="44" VPOS="1258" HPOS="2017"/>
<String CONTENT="F." HEIGHT="56" WIDTH="70" VPOS="1258" HPOS="2062"/>
</TextLine>
<TextLine HEIGHT="72" WIDTH="456" VPOS="1336" HPOS="141" STYLEREFS="StyleId-3E5CE9EE-F994-4E8D-9C7F-36F80E909803-">
<String LANG="de" CONTENT="Meiner," HEIGHT="72" WIDTH="259" VPOS="1336" HPOS="141"/>
<SP HEIGHT="71" WIDTH="30" VPOS="1337" HPOS="401"/>
<String LANG="en-US" CONTENT="1924." HEIGHT="55" WIDTH="165" VPOS="1337" HPOS="432"/>
</TextLine>
<TextLine HEIGHT="112" WIDTH="1975" VPOS="1411" HPOS="139" STYLEREFS="StyleId-7C8031CB-2E9C-4BDC-A919-281D5583EE91-" CS="1">
<String LANG="en-US" CONTENT="1" HEIGHT="42" WIDTH="17" VPOS="1414" HPOS="214"/>
<SP/>
<String LANG="en-US" CS="1" CONTENT="v." HEIGHT="9" WIDTH="8" VPOS="1447" HPOS="308"/>
<SP HEIGHT="39" WIDTH="58" VPOS="1426" HPOS="317"/>
<String LANG="en-US" CONTENT="ports;" HEIGHT="46" WIDTH="141" VPOS="1419" HPOS="376"/>
<SP HEIGHT="44" WIDTH="54" VPOS="1411" HPOS="518"/>
<String LANG="en-US" CS="1" CONTENT="23&#189;" HEIGHT="44" WIDTH="54" VPOS="1411" HPOS="573"/>
<String STYLE="superscript" LANG="en-US" CONTENT="cm" HEIGHT="17" WIDTH="45" VPOS="1414" HPOS="663"/>
<String LANG="en-US" CONTENT="." HEIGHT="10" WIDTH="8" VPOS="1445" HPOS="715"/>
<SP HEIGHT="31" WIDTH="63" VPOS="1434" HPOS="724"/>
<String LANG="en-US" CONTENT="[Die" HEIGHT="54" WIDTH="104" VPOS="1411" HPOS="788"/>
<SP HEIGHT="31" WIDTH="37" VPOS="1425" HPOS="893"/>
<String LANG="de" CONTENT="Wissenschaft" HEIGHT="45" WIDTH="316" VPOS="1411" HPOS="931"/>
<SP HEIGHT="44" WIDTH="41" VPOS="1412" HPOS="1248"/>
<String LANG="de" CONTENT="der" HEIGHT="44" WIDTH="78" VPOS="1412" HPOS="1290"/>
<SP HEIGHT="38" WIDTH="39" VPOS="1427" HPOS="1369"/>
<String LANG="en-US" CONTENT="gegenwart" HEIGHT="45" WIDTH="264" VPOS="1420" HPOS="1409"/>
<SP HEIGHT="44" WIDTH="41" VPOS="1412" HPOS="1674"/>
<String LANG="en-US" CONTENT="in" HEIGHT="44" WIDTH="45" VPOS="1412" HPOS="1716"/>
<SP HEIGHT="30" WIDTH="41" VPOS="1426" HPOS="1762"/>
<String LANG="en-US" CONTENT="selbstdarstellungen]" HEIGHT="111" WIDTH="1975" VPOS="1412" HPOS="139"/>
</TextLine>
<TextLine HEIGHT="54" WIDTH="939" VPOS="1524" HPOS="222">
<String CONTENT="Bibliography" HEIGHT="53" WIDTH="326" VPOS="1525" HPOS="222"/>
<SP HEIGHT="37" WIDTH="23" VPOS="1541" HPOS="549"/>
<String CONTENT="at" HEIGHT="35" WIDTH="45" VPOS="1533" HPOS="573"/>
<SP HEIGHT="35" WIDTH="25" VPOS="1533" HPOS="619"/>
<String CONTENT="end" HEIGHT="43" WIDTH="84" VPOS="1525" HPOS="645"/>
<SP HEIGHT="44" WIDTH="23" VPOS="1525" HPOS="730"/>
<String CONTENT="of" HEIGHT="44" WIDTH="50" VPOS="1525" HPOS="754"/>
<SP HEIGHT="43" WIDTH="24" VPOS="1525" HPOS="805"/>
<String CONTENT="each" HEIGHT="43" WIDTH="107" VPOS="1525" HPOS="830"/>
<SP HEIGHT="42" WIDTH="25" VPOS="1525" HPOS="938"/>
<String CONTENT="chapter." HEIGHT="53" WIDTH="197" VPOS="1524" HPOS="964"/>
</TextLine>
<TextLine HEIGHT="54" WIDTH="1718" VPOS="1593" HPOS="142" CS="1">
<String CONTENT="&#169;" HEIGHT="54" WIDTH="53" VPOS="1593" HPOS="142"/>
<SP HEIGHT="54" WIDTH="29" VPOS="1593" HPOS="196"/>
<String CONTENT="Oct." HEIGHT="44" WIDTH="100" VPOS="1595" HPOS="226"/>
<SP HEIGHT="43" WIDTH="31" VPOS="1595" HPOS="327"/>
<String CONTENT="13," HEIGHT="51" WIDTH="62" VPOS="1595" HPOS="359"/>
<SP HEIGHT="51" WIDTH="29" VPOS="1595" HPOS="422"/>
<String CONTENT="1924;" HEIGHT="52" WIDTH="129" VPOS="1594" HPOS="452"/>
<SP/>
<String CS="1" CONTENT="1c."/>
<SP/>
<String CONTENT="Jan." HEIGHT="52" WIDTH="99" VPOS="1594" HPOS="703"/>
<SP HEIGHT="43" WIDTH="29" VPOS="1594" HPOS="803"/>
<String CONTENT="3," HEIGHT="51" WIDTH="36" VPOS="1594" HPOS="833"/>
<SP HEIGHT="50" WIDTH="32" VPOS="1595" HPOS="870"/>
<String CONTENT="1925;" HEIGHT="54" WIDTH="129" VPOS="1593" HPOS="903"/>
<SP HEIGHT="53" WIDTH="29" VPOS="1594" HPOS="1033"/>
<!-- cceid 30F51ED8-6DD5-1014-B757-AF09C522E301 --><String CONTENT="A&#8212;Foreign" HEIGHT="54" WIDTH="304" VPOS="1593" HPOS="1063"/>
<SP HEIGHT="42" WIDTH="24" VPOS="1595" HPOS="1368"/>
<String CONTENT="26486;" HEIGHT="54" WIDTH="162" VPOS="1593" HPOS="1393"/>
<SP HEIGHT="53" WIDTH="29" VPOS="1594" HPOS="1556"/>
<String CONTENT="F." HEIGHT="45" WIDTH="51" VPOS="1594" HPOS="1586"/>
<SP HEIGHT="44" WIDTH="28" VPOS="1595" HPOS="1638"/>
<String LANG="de" CONTENT="Meiner." HEIGHT="45" WIDTH="193" VPOS="1595" HPOS="1667"/>
</TextLine>
<TextLine HEIGHT="56" WIDTH="243" VPOS="1649" HPOS="221">
<String CONTENT="(25-7793)" HEIGHT="56" WIDTH="243" VPOS="1649" HPOS="221"/>
</TextLine>
<TextLine HEIGHT="74" WIDTH="1166" VPOS="1747" HPOS="145" STYLEREFS="StyleId-2742B0EF-3F59-40A6-8711-DC274674DB44-">
<String LANG="de" CONTENT="Monakow," HEIGHT="73" WIDTH="344" VPOS="1748" HPOS="145"/>
<SP HEIGHT="72" WIDTH="42" VPOS="1749" HPOS="490"/>
<String LANG="en-US" CONTENT="Constantin" HEIGHT="59" WIDTH="371" VPOS="1747" HPOS="533"/>
<SP HEIGHT="42" WIDTH="33" VPOS="1764" HPOS="905"/>
<String LANG="en-US" CONTENT="von," HEIGHT="56" WIDTH="140" VPOS="1764" HPOS="939"/>
<SP HEIGHT="69" WIDTH="42" VPOS="1751" HPOS="1080"/>
<String LANG="en-US" CONTENT="1853-" HEIGHT="57" WIDTH="188" VPOS="1751" HPOS="1123"/>
</TextLine>
<TextLine HEIGHT="137" WIDTH="1966" VPOS="1841" HPOS="148" STYLEREFS="StyleId-3E5CE9EE-F994-4E8D-9C7F-36F80E909803-" CS="1">
<String CS="1" CONTENT="&#8230;"/>
<SP HEIGHT="57" WIDTH="36" VPOS="1843" HPOS="293"/>
<String CONTENT="The" HEIGHT="56" WIDTH="128" VPOS="1843" HPOS="330"/>
<SP HEIGHT="38" WIDTH="34" VPOS="1861" HPOS="459"/>
<String CONTENT="emotions," HEIGHT="71" WIDTH="321" VPOS="1841" HPOS="494"/>
<SP HEIGHT="53" WIDTH="29" VPOS="1859" HPOS="816"/>
<String CONTENT="morality" HEIGHT="72" WIDTH="299" VPOS="1841" HPOS="846"/>
<SP HEIGHT="53" WIDTH="30" VPOS="1860" HPOS="1146"/>
<String CONTENT="and" HEIGHT="57" WIDTH="125" VPOS="1843" HPOS="1177"/>
<SP HEIGHT="57" WIDTH="28" VPOS="1843" HPOS="1303"/>
<String CONTENT="the" HEIGHT="57" WIDTH="103" VPOS="1843" HPOS="1332"/>
<SP HEIGHT="56" WIDTH="30" VPOS="1844" HPOS="1436"/>
<String CONTENT="brain," HEIGHT="74" WIDTH="201" VPOS="1841" HPOS="1467"/>
<SP HEIGHT="70" WIDTH="32" VPOS="1845" HPOS="1669"/>
<String CONTENT="by" HEIGHT="70" WIDTH="84" VPOS="1845" HPOS="1702"/>
<SP HEIGHT="73" WIDTH="32" VPOS="1842" HPOS="1787"/>
<String CONTENT="C." HEIGHT="61" WIDTH="64" VPOS="1842" HPOS="1820"/>
<SP HEIGHT="38" WIDTH="32" VPOS="1863" HPOS="1885"/>
<String CONTENT="v." HEIGHT="38" WIDTH="57" VPOS="1863" HPOS="1918"/>
<SP HEIGHT="57" WIDTH="34" VPOS="1845" HPOS="1976"/>
<String LANG="de" CONTENT="Monakow" HEIGHT="133" WIDTH="1966" VPOS="1845" HPOS="148"/>
<SP HEIGHT="37" WIDTH="36" VPOS="1940" HPOS="368"/>
<String CS="1" CONTENT="&#8230;"/>
</TextLine>
<TextLine HEIGHT="74" WIDTH="1565" VPOS="1918" HPOS="508" STYLEREFS="StyleId-3E5CE9EE-F994-4E8D-9C7F-36F80E909803-" CS="1">
<String CONTENT="authorized" HEIGHT="58" WIDTH="366" VPOS="1920" HPOS="508"/>
<SP HEIGHT="56" WIDTH="32" VPOS="1921" HPOS="875"/>
<String CONTENT="translation" HEIGHT="59" WIDTH="384" VPOS="1918" HPOS="908"/>
<SP HEIGHT="56" WIDTH="28" VPOS="1922" HPOS="1293"/>
<String CONTENT="by" HEIGHT="70" WIDTH="85" VPOS="1922" HPOS="1322"/>
<SP HEIGHT="72" WIDTH="31" VPOS="1920" HPOS="1408"/>
<String CONTENT="Gertrude" HEIGHT="60" WIDTH="311" VPOS="1920" HPOS="1440"/>
<SP HEIGHT="57" WIDTH="34" VPOS="1922" HPOS="1752"/>
<String CONTENT="Barnes" HEIGHT="58" WIDTH="243" VPOS="1922" HPOS="1787"/>
<SP HEIGHT="39" WIDTH="42" VPOS="1943" HPOS="2031"/>
<String CS="1" CONTENT="&#8230;"/>
</TextLine>
<TextLine HEIGHT="78" WIDTH="1992" VPOS="1997" HPOS="149" STYLEREFS="StyleId-3E5CE9EE-F994-4E8D-9C7F-36F80E909803-" CS="1">
<String CONTENT="and" HEIGHT="58" WIDTH="125" VPOS="2000" HPOS="149"/>
<SP HEIGHT="59" WIDTH="35" VPOS="1999" HPOS="275"/>
<String CONTENT="Smith" HEIGHT="59" WIDTH="205" VPOS="1999" HPOS="311"/>
<SP HEIGHT="58" WIDTH="34" VPOS="1998" HPOS="517"/>
<String CONTENT="Ely" HEIGHT="73" WIDTH="124" VPOS="1998" HPOS="552"/>
<SP HEIGHT="73" WIDTH="33" VPOS="1998" HPOS="677"/>
<String LANG="fr" CONTENT="Jelliffe" HEIGHT="60" WIDTH="239" VPOS="1997" HPOS="711"/>
<SP HEIGHT="38" WIDTH="43" VPOS="2018" HPOS="951"/>
<String CS="1" CONTENT="&#8230;"/>
<SP HEIGHT="59" WIDTH="86" VPOS="1998" HPOS="1058"/>
<String CONTENT="Washington" HEIGHT="75" WIDTH="419" VPOS="1998" HPOS="1145"/>
<SP HEIGHT="40" WIDTH="35" VPOS="2019" HPOS="1565"/>
<String CONTENT="and" HEIGHT="58" WIDTH="126" VPOS="2001" HPOS="1601"/>
<SP HEIGHT="58" WIDTH="34" VPOS="2001" HPOS="1728"/>
<String CONTENT="New" HEIGHT="59" WIDTH="153" VPOS="2001" HPOS="1763"/>
<SP HEIGHT="57" WIDTH="33" VPOS="2003" HPOS="1917"/>
<String CONTENT="York," HEIGHT="72" WIDTH="190" VPOS="2003" HPOS="1951"/>
</TextLine>
<TextLine HEIGHT="78" WIDTH="1916" VPOS="2075" HPOS="148" STYLEREFS="StyleId-3E5CE9EE-F994-4E8D-9C7F-36F80E909803-">
<String CONTENT="Nervous" HEIGHT="57" WIDTH="285" VPOS="2079" HPOS="148"/>
<SP HEIGHT="38" WIDTH="30" VPOS="2098" HPOS="434"/>
<String CONTENT="and" HEIGHT="56" WIDTH="123" VPOS="2080" HPOS="465"/>
<SP HEIGHT="56" WIDTH="25" VPOS="2080" HPOS="589"/>
<String CONTENT="mental" HEIGHT="57" WIDTH="234" VPOS="2078" HPOS="615"/>
<SP HEIGHT="57" WIDTH="28" VPOS="2078" HPOS="850"/>
<String CONTENT="disease" HEIGHT="59" WIDTH="244" VPOS="2077" HPOS="879"/>
<SP HEIGHT="53" WIDTH="26" VPOS="2096" HPOS="1124"/>
<String CONTENT="publishing" HEIGHT="77" WIDTH="366" VPOS="2075" HPOS="1151"/>
<SP HEIGHT="53" WIDTH="25" VPOS="2099" HPOS="1518"/>
<String CONTENT="company," HEIGHT="54" WIDTH="323" VPOS="2099" HPOS="1544"/>
<SP HEIGHT="70" WIDTH="28" VPOS="2083" HPOS="1868"/>
<String CONTENT="1925." HEIGHT="56" WIDTH="167" VPOS="2083" HPOS="1897"/>
</TextLine>
<TextLine HEIGHT="60" WIDTH="1919" VPOS="2154" HPOS="221" CS="1">
<String CONTENT="3" HEIGHT="43" WIDTH="23" VPOS="2159" HPOS="221"/>
<SP HEIGHT="50" WIDTH="37" VPOS="2159" HPOS="245"/>
<String CONTENT="p." HEIGHT="35" WIDTH="38" VPOS="2174" HPOS="283"/>
<SP HEIGHT="44" WIDTH="39" VPOS="2159" HPOS="322"/>
<String CS="1" CONTENT="l.," HEIGHT="17" WIDTH="19" VPOS="2191" HPOS="381"/>
<SP HEIGHT="50" WIDTH="37" VPOS="2158" HPOS="401"/>
<String CONTENT="95" HEIGHT="48" WIDTH="51" VPOS="2154" HPOS="439"/>
<SP HEIGHT="54" WIDTH="36" VPOS="2154" HPOS="491"/>
<String CONTENT="p." HEIGHT="38" WIDTH="40" VPOS="2170" HPOS="528"/>
<SP HEIGHT="43" WIDTH="57" VPOS="2157" HPOS="569"/>
<String CS="1" CONTENT="23&#189;" HEIGHT="43" WIDTH="52" VPOS="2157" HPOS="627"/>
<String STYLE="superscript" CONTENT="cm" HEIGHT="17" WIDTH="46" VPOS="2158" HPOS="715"/>
<String CONTENT="." HEIGHT="8" WIDTH="8" VPOS="2192" HPOS="769"/>
<SP HEIGHT="47" WIDTH="67" VPOS="2156" HPOS="778"/>
<String CONTENT="(Nervous" HEIGHT="47" WIDTH="237" VPOS="2156" HPOS="846"/>
<SP HEIGHT="29" WIDTH="35" VPOS="2171" HPOS="1084"/>
<String CONTENT="and" HEIGHT="46" WIDTH="91" VPOS="2154" HPOS="1120"/>
<SP HEIGHT="46" WIDTH="36" VPOS="2154" HPOS="1212"/>
<String CONTENT="mental" HEIGHT="43" WIDTH="167" VPOS="2159" HPOS="1249"/>
<SP HEIGHT="46" WIDTH="34" VPOS="2156" HPOS="1417"/>
<String CONTENT="disease" HEIGHT="47" WIDTH="177" VPOS="2156" HPOS="1452"/>
<SP HEIGHT="30" WIDTH="36" VPOS="2173" HPOS="1630"/>
<String CONTENT="monograph" HEIGHT="50" WIDTH="284" VPOS="2163" HPOS="1667"/>
<SP HEIGHT="42" WIDTH="13" VPOS="2163" HPOS="1952"/>
<String CONTENT="series," HEIGHT="53" WIDTH="150" VPOS="2161" HPOS="1990"/>
</TextLine>
<TextLine HEIGHT="49" WIDTH="175" VPOS="2215" HPOS="147">
<String CONTENT="no." HEIGHT="29" WIDTH="70" VPOS="2231" HPOS="147"/>
<SP HEIGHT="43" WIDTH="25" VPOS="2217" HPOS="218"/>
<String CONTENT="39)" HEIGHT="49" WIDTH="78" VPOS="2215" HPOS="244"/>
</TextLine>
<TextLine HEIGHT="111" WIDTH="1975" VPOS="2279" HPOS="143" CS="1">
<String CONTENT="&#169;" HEIGHT="53" WIDTH="56" VPOS="2280" HPOS="143"/>
<SP HEIGHT="53" WIDTH="27" VPOS="2280" HPOS="200"/>
<String CONTENT="Apr." HEIGHT="52" WIDTH="110" VPOS="2282" HPOS="228"/>
<SP HEIGHT="42" WIDTH="31" VPOS="2282" HPOS="339"/>
<String CONTENT="18," HEIGHT="51" WIDTH="63" VPOS="2281" HPOS="371"/>
<SP HEIGHT="49" WIDTH="31" VPOS="2283" HPOS="435"/>
<String CONTENT="1925;" HEIGHT="54" WIDTH="128" VPOS="2279" HPOS="467"/>
<SP HEIGHT="52" WIDTH="29" VPOS="2281" HPOS="596"/>
<String CONTENT="2c." HEIGHT="42" WIDTH="64" VPOS="2281" HPOS="626"/>
<SP HEIGHT="27" WIDTH="29" VPOS="2296" HPOS="691"/>
<String CONTENT="and" HEIGHT="43" WIDTH="86" VPOS="2281" HPOS="721"/>
<SP HEIGHT="43" WIDTH="27" VPOS="2281" HPOS="808"/>
<String CONTENT="aff." HEIGHT="43" WIDTH="78" VPOS="2281" HPOS="836"/>
<SP HEIGHT="43" WIDTH="28" VPOS="2281" HPOS="915"/>
<String CONTENT="Apr." HEIGHT="52" WIDTH="112" VPOS="2281" HPOS="944"/>
<SP HEIGHT="43" WIDTH="27" VPOS="2281" HPOS="1057"/>
<String CONTENT="20;" HEIGHT="52" WIDTH="79" VPOS="2281" HPOS="1085"/>
<SP HEIGHT="52" WIDTH="30" VPOS="2281" HPOS="1165"/>
<!-- cceid 30F5898D-6DD5-1014-B757-AF09C522E301 --><String CONTENT="A" HEIGHT="43" WIDTH="46" VPOS="2281" HPOS="1196"/>
<SP HEIGHT="43" WIDTH="28" VPOS="2281" HPOS="1243"/>
<String CONTENT="822999;" HEIGHT="53" WIDTH="188" VPOS="2282" HPOS="1272"/>
<SP HEIGHT="51" WIDTH="33" VPOS="2284" HPOS="1461"/>
<String CONTENT="Nervous" HEIGHT="44" WIDTH="212" VPOS="2284" HPOS="1495"/>
<SP HEIGHT="28" WIDTH="28" VPOS="2300" HPOS="1708"/>
<String CONTENT="and" HEIGHT="43" WIDTH="87" VPOS="2286" HPOS="1737"/>
<SP HEIGHT="44" WIDTH="28" VPOS="2286" HPOS="1825"/>
<String CONTENT="mental" HEIGHT="43" WIDTH="167" VPOS="2287" HPOS="1854"/>
<SP HEIGHT="44" WIDTH="28" VPOS="2287" HPOS="2022"/>
<String CONTENT="disease" HEIGHT="93" WIDTH="1901" VPOS="2288" HPOS="217"/>
<SP HEIGHT="38" WIDTH="23" VPOS="2352" HPOS="319"/>
<String CONTENT="pub." HEIGHT="52" WIDTH="101" VPOS="2338" HPOS="343"/>
<SP HEIGHT="27" WIDTH="29" VPOS="2353" HPOS="445"/>
<String CONTENT="co." HEIGHT="28" WIDTH="64" VPOS="2353" HPOS="475"/>
<SP HEIGHT="53" WIDTH="68" VPOS="2337" HPOS="540"/>
<String CONTENT="(25-9770)" HEIGHT="55" WIDTH="242" VPOS="2335" HPOS="609"/>
</TextLine>
<TextLine HEIGHT="74" WIDTH="1207" VPOS="2434" HPOS="148" STYLEREFS="StyleId-2742B0EF-3F59-40A6-8711-DC274674DB44-">
<String CONTENT="National" HEIGHT="58" WIDTH="299" VPOS="2436" HPOS="148"/>
<SP HEIGHT="57" WIDTH="33" VPOS="2436" HPOS="448"/>
<String CONTENT="electric" HEIGHT="59" WIDTH="247" VPOS="2434" HPOS="482"/>
<SP HEIGHT="57" WIDTH="32" VPOS="2436" HPOS="730"/>
<String CONTENT="light" HEIGHT="73" WIDTH="163" VPOS="2435" HPOS="763"/>
<SP HEIGHT="52" WIDTH="33" VPOS="2441" HPOS="927"/>
<String CONTENT="association." HEIGHT="60" WIDTH="394" VPOS="2435" HPOS="961"/>
</TextLine>
<TextLine HEIGHT="78" WIDTH="1921" VPOS="2528" HPOS="225" STYLEREFS="StyleId-3E5CE9EE-F994-4E8D-9C7F-36F80E909803-">
<String CONTENT="Political" HEIGHT="57" WIDTH="291" VPOS="2529" HPOS="225"/>
<SP HEIGHT="55" WIDTH="42" VPOS="2529" HPOS="517"/>
<String CONTENT="ownership" HEIGHT="71" WIDTH="351" VPOS="2528" HPOS="560"/>
<SP HEIGHT="53" WIDTH="44" VPOS="2546" HPOS="912"/>
<String CONTENT="and" HEIGHT="56" WIDTH="125" VPOS="2529" HPOS="957"/>
<SP HEIGHT="56" WIDTH="37" VPOS="2529" HPOS="1083"/>
<String CONTENT="the" HEIGHT="57" WIDTH="103" VPOS="2528" HPOS="1121"/>
<SP HEIGHT="38" WIDTH="45" VPOS="2548" HPOS="1225"/>
<String CONTENT="electric" HEIGHT="57" WIDTH="251" VPOS="2530" HPOS="1271"/>
<SP HEIGHT="56" WIDTH="37" VPOS="2531" HPOS="1523"/>
<String CONTENT="light" HEIGHT="72" WIDTH="163" VPOS="2531" HPOS="1561"/>
<SP HEIGHT="55" WIDTH="40" VPOS="2534" HPOS="1725"/>
<String CONTENT="and" HEIGHT="56" WIDTH="125" VPOS="2534" HPOS="1766"/>
<SP HEIGHT="72" WIDTH="38" VPOS="2534" HPOS="1892"/>
<String CONTENT="power" HEIGHT="52" WIDTH="215" VPOS="2554" HPOS="1931"/>
</TextLine>
<TextLine HEIGHT="152" WIDTH="1973" VPOS="2605" HPOS="146" STYLEREFS="StyleId-3E5CE9EE-F994-4E8D-9C7F-36F80E909803-" CS="1">
<String CONTENT="industry," HEIGHT="71" WIDTH="312" VPOS="2608" HPOS="146"/>
<SP HEIGHT="54" WIDTH="32" VPOS="2625" HPOS="459"/>
<String CONTENT="published" HEIGHT="73" WIDTH="332" VPOS="2605" HPOS="492"/>
<SP HEIGHT="58" WIDTH="29" VPOS="2606" HPOS="825"/>
<String CONTENT="for" HEIGHT="57" WIDTH="103" VPOS="2606" HPOS="855"/>
<SP HEIGHT="54" WIDTH="32" VPOS="2609" HPOS="959"/>
<String CONTENT="the" HEIGHT="57" WIDTH="103" VPOS="2606" HPOS="992"/>
<SP HEIGHT="57" WIDTH="32" VPOS="2606" HPOS="1096"/>
<String CONTENT="information" HEIGHT="60" WIDTH="416" VPOS="2605" HPOS="1129"/>
<SP HEIGHT="38" WIDTH="30" VPOS="2628" HPOS="1546"/>
<String CONTENT="of" HEIGHT="58" WIDTH="67" VPOS="2608" HPOS="1577"/>
<SP HEIGHT="57" WIDTH="30" VPOS="2608" HPOS="1645"/>
<String CONTENT="member" HEIGHT="61" WIDTH="279" VPOS="2611" HPOS="1676"/>
<SP HEIGHT="39" WIDTH="30" VPOS="2632" HPOS="1956"/>
<String CONTENT="companies." HEIGHT="124" WIDTH="1971" VPOS="2633" HPOS="148"/>
</TextLine>
<TextLine HEIGHT="81" WIDTH="1669" VPOS="2683" HPOS="472" STYLEREFS="StyleId-3E5CE9EE-F994-4E8D-9C7F-36F80E909803-">
<String CONTENT="[New" HEIGHT="73" WIDTH="168" VPOS="2684" HPOS="472"/>
<SP HEIGHT="57" WIDTH="37" VPOS="2684" HPOS="641"/>
<String CONTENT="York]" HEIGHT="73" WIDTH="188" VPOS="2684" HPOS="679"/>
<SP HEIGHT="74" WIDTH="43" VPOS="2683" HPOS="868"/>
<String CONTENT="National" HEIGHT="57" WIDTH="298" VPOS="2683" HPOS="912"/>
<SP HEIGHT="56" WIDTH="40" VPOS="2685" HPOS="1211"/>
<String CONTENT="electric" HEIGHT="57" WIDTH="249" VPOS="2685" HPOS="1252"/>
<SP HEIGHT="56" WIDTH="39" VPOS="2686" HPOS="1502"/>
<String CONTENT="light" HEIGHT="73" WIDTH="163" VPOS="2686" HPOS="1542"/>
<SP HEIGHT="55" WIDTH="38" VPOS="2690" HPOS="1706"/>
<String CONTENT="association," HEIGHT="74" WIDTH="396" VPOS="2690" HPOS="1745"/>
</TextLine>
<TextLine HEIGHT="55" WIDTH="187" VPOS="2764" HPOS="148" STYLEREFS="StyleId-3E5CE9EE-F994-4E8D-9C7F-36F80E909803-">
<String STYLE="superscript" CONTENT="c" HEIGHT="21" WIDTH="18" VPOS="2772" HPOS="148"/>
<String CONTENT="1925." HEIGHT="55" WIDTH="164" VPOS="2764" HPOS="171"/>
</TextLine>
<TextLine HEIGHT="54" WIDTH="758" VPOS="2837" HPOS="219" CS="1">
<String CONTENT="262" HEIGHT="42" WIDTH="84" VPOS="2840" HPOS="219"/>
<SP HEIGHT="51" WIDTH="28" VPOS="2840" HPOS="304"/>
<String CONTENT="p." HEIGHT="38" WIDTH="39" VPOS="2853" HPOS="333"/>
<SP HEIGHT="44" WIDTH="60" VPOS="2838" HPOS="373"/>
<String CONTENT="illus.," HEIGHT="53" WIDTH="131" VPOS="2838" HPOS="434"/>
<SP HEIGHT="54" WIDTH="30" VPOS="2837" HPOS="566"/>
<String CONTENT="diagrs." HEIGHT="53" WIDTH="167" VPOS="2837" HPOS="597"/>
<SP HEIGHT="44" WIDTH="60" VPOS="2837" HPOS="765"/>
<String CS="1" CONTENT="20&#189;" HEIGHT="44" WIDTH="54" VPOS="2837" HPOS="826"/>
<String STYLE="superscript" CONTENT="cm" HEIGHT="18" WIDTH="47" VPOS="2840" HPOS="915"/>
<String CONTENT="." HEIGHT="9" WIDTH="10" VPOS="2872" HPOS="967"/>
</TextLine>
<TextLine HEIGHT="56" WIDTH="1992" VPOS="2907" HPOS="152" CS="1">
<String CONTENT="&#169;" HEIGHT="54" WIDTH="53" VPOS="2907" HPOS="152"/>
<SP HEIGHT="54" WIDTH="34" VPOS="2907" HPOS="206"/>
<String CONTENT="Apr." HEIGHT="51" WIDTH="113" VPOS="2910" HPOS="241"/>
<SP HEIGHT="43" WIDTH="35" VPOS="2909" HPOS="355"/>
<String CONTENT="7," HEIGHT="50" WIDTH="36" VPOS="2909" HPOS="391"/>
<SP HEIGHT="49" WIDTH="40" VPOS="2910" HPOS="428"/>
<String CS="1" CONTENT="1925;" HEIGHT="44" WIDTH="102" VPOS="2907" HPOS="469"/>
<SP HEIGHT="51" WIDTH="35" VPOS="2908" HPOS="599"/>
<String CONTENT="2c." HEIGHT="42" WIDTH="64" VPOS="2908" HPOS="635"/>
<SP HEIGHT="42" WIDTH="36" VPOS="2908" HPOS="700"/>
<String CONTENT="Apr." HEIGHT="51" WIDTH="113" VPOS="2908" HPOS="737"/>
<SP HEIGHT="41" WIDTH="40" VPOS="2910" HPOS="851"/>
<String CS="1" CONTENT="14;" HEIGHT="43" WIDTH="49" VPOS="2908" HPOS="892"/>
<SP HEIGHT="37" WIDTH="38" VPOS="2923" HPOS="967"/>
<String CONTENT="aff." HEIGHT="43" WIDTH="79" VPOS="2908" HPOS="1006"/>
<SP HEIGHT="43" WIDTH="36" VPOS="2908" HPOS="1086"/>
<String CONTENT="Apr." HEIGHT="52" WIDTH="113" VPOS="2908" HPOS="1123"/>
<SP HEIGHT="43" WIDTH="34" VPOS="2908" HPOS="1237"/>
<String CS="1" CONTENT="27;" HEIGHT="44" WIDTH="55" VPOS="2908" HPOS="1272"/>
<SP HEIGHT="52" WIDTH="39" VPOS="2909" HPOS="1352"/>
<!-- cceid 30F5F9A9-6DD5-1014-B757-AF09C522E301 --><String CONTENT="A" HEIGHT="42" WIDTH="44" VPOS="2909" HPOS="1392"/>
<SP HEIGHT="43" WIDTH="37" VPOS="2909" HPOS="1437"/>
<String CS="1" CONTENT="829127;" HEIGHT="45" WIDTH="163" VPOS="2909" HPOS="1475"/>
<SP HEIGHT="51" WIDTH="40" VPOS="2912" HPOS="1663"/>
<String CONTENT="National" HEIGHT="46" WIDTH="218" VPOS="2912" HPOS="1704"/>
<SP HEIGHT="43" WIDTH="38" VPOS="2915" HPOS="1923"/>
<String CONTENT="electric" HEIGHT="44" WIDTH="182" VPOS="2916" HPOS="1962"/>
</TextLine>
<TextLine HEIGHT="55" WIDTH="568" VPOS="2963" HPOS="222">
<String CONTENT="light" HEIGHT="53" WIDTH="113" VPOS="2965" HPOS="222"/>
<SP HEIGHT="36" WIDTH="26" VPOS="2973" HPOS="336"/>
<String CONTENT="assn." HEIGHT="28" WIDTH="116" VPOS="2980" HPOS="363"/>
<SP HEIGHT="53" WIDTH="68" VPOS="2965" HPOS="480"/>
<String CONTENT="(25-9465)" HEIGHT="55" WIDTH="241" VPOS="2963" HPOS="549"/>
</TextLine>
<TextLine HEIGHT="77" WIDTH="1280" VPOS="3061" HPOS="154" STYLEREFS="StyleId-2742B0EF-3F59-40A6-8711-DC274674DB44-">
<String LANG="de" CONTENT="Oppenheim," HEIGHT="75" WIDTH="400" VPOS="3063" HPOS="154"/>
<SP HEIGHT="70" WIDTH="41" VPOS="3064" HPOS="555"/>
<String LANG="en-US" CONTENT="Edward" HEIGHT="57" WIDTH="276" VPOS="3063" HPOS="597"/>
<SP HEIGHT="57" WIDTH="39" VPOS="3063" HPOS="874"/>
<String LANG="en-US" CONTENT="Phillips," HEIGHT="74" WIDTH="285" VPOS="3061" HPOS="914"/>
<SP HEIGHT="66" WIDTH="44" VPOS="3067" HPOS="1200"/>
<String LANG="en-US" CONTENT="1866-" HEIGHT="55" WIDTH="189" VPOS="3066" HPOS="1245"/>
</TextLine>
<TextLine HEIGHT="153" WIDTH="1966" VPOS="3156" HPOS="159" STYLEREFS="StyleId-3E5CE9EE-F994-4E8D-9C7F-36F80E909803-" CS="1">
<String CONTENT="Stolen" HEIGHT="60" WIDTH="215" VPOS="3158" HPOS="239"/>
<SP HEIGHT="57" WIDTH="30" VPOS="3157" HPOS="455"/>
<String CONTENT="idols," HEIGHT="72" WIDTH="181" VPOS="3157" HPOS="486"/>
<SP HEIGHT="71" WIDTH="33" VPOS="3158" HPOS="668"/>
<String CONTENT="by" HEIGHT="71" WIDTH="84" VPOS="3158" HPOS="702"/>
<SP HEIGHT="73" WIDTH="32" VPOS="3156" HPOS="787"/>
<String CONTENT="E." HEIGHT="57" WIDTH="73" VPOS="3156" HPOS="820"/>
<SP HEIGHT="57" WIDTH="37" VPOS="3156" HPOS="894"/>
<String CONTENT="Phillips" HEIGHT="72" WIDTH="268" VPOS="3156" HPOS="932"/>
<SP HEIGHT="60" WIDTH="38" VPOS="3156" HPOS="1201"/>
<String LANG="de" CONTENT="Oppenheim." HEIGHT="73" WIDTH="402" VPOS="3156" HPOS="1240"/>
<SP HEIGHT="58" WIDTH="80" VPOS="3160" HPOS="1643"/>
<String CONTENT="Boston," HEIGHT="76" WIDTH="257" VPOS="3160" HPOS="1724"/>
<SP HEIGHT="69" WIDTH="38" VPOS="3167" HPOS="1982"/>
<String CONTENT="Little," HEIGHT="142" WIDTH="1966" VPOS="3167" HPOS="159"/>
<SP HEIGHT="71" WIDTH="25" VPOS="3238" HPOS="263"/>
<String CONTENT="Brown," HEIGHT="69" WIDTH="249" VPOS="3238" HPOS="289"/>
</TextLine>
<TextLine HEIGHT="71" WIDTH="671" VPOS="3236" HPOS="569" STYLEREFS="StyleId-3E5CE9EE-F994-4E8D-9C7F-36F80E909803-">
<String CONTENT="and" HEIGHT="56" WIDTH="124" VPOS="3238" HPOS="569"/>
<SP HEIGHT="55" WIDTH="27" VPOS="3238" HPOS="694"/>
<String CONTENT="company," HEIGHT="53" WIDTH="322" VPOS="3254" HPOS="722"/>
<SP HEIGHT="70" WIDTH="29" VPOS="3237" HPOS="1045"/>
<String CONTENT="1925." HEIGHT="58" WIDTH="165" VPOS="3236" HPOS="1075"/>
</TextLine>
<TextLine HEIGHT="55" WIDTH="865" VPOS="3313" HPOS="233" CS="1">
<String CONTENT="3" HEIGHT="44" WIDTH="25" VPOS="3318" HPOS="233"/>
<SP HEIGHT="50" WIDTH="25" VPOS="3318" HPOS="259"/>
<String LANG="fr" CONTENT="p." HEIGHT="36" WIDTH="39" VPOS="3332" HPOS="285"/>
<SP/>
<String LANG="fr" CS="1" CONTENT="l.,"/>
<SP/>
<String CONTENT="[3]-293" HEIGHT="46" WIDTH="168" VPOS="3316" HPOS="421"/>
<SP HEIGHT="49" WIDTH="21" VPOS="3316" HPOS="590"/>
<String CONTENT="p." HEIGHT="36" WIDTH="39" VPOS="3329" HPOS="612"/>
<SP HEIGHT="48" WIDTH="61" VPOS="3314" HPOS="652"/>
<String CS="1" CONTENT="19&#189;"/>
<String STYLE="superscript" CONTENT="cm" HEIGHT="18" WIDTH="48" VPOS="3315" HPOS="796"/>
<String CONTENT="." HEIGHT="9" WIDTH="9" VPOS="3349" HPOS="850"/>
<SP HEIGHT="52" WIDTH="111" VPOS="3313" HPOS="860"/>
<String CONTENT="$2.00" HEIGHT="52" WIDTH="126" VPOS="3313" HPOS="972"/>
</TextLine>
<TextLine HEIGHT="59" WIDTH="1978" VPOS="3381" HPOS="155">
<String CONTENT="&#169;" HEIGHT="53" WIDTH="53" VPOS="3385" HPOS="155"/>
<SP HEIGHT="53" WIDTH="25" VPOS="3385" HPOS="209"/>
<String CONTENT="May" HEIGHT="50" WIDTH="112" VPOS="3387" HPOS="235"/>
<SP HEIGHT="52" WIDTH="22" VPOS="3385" HPOS="348"/>
<String CONTENT="8," HEIGHT="51" WIDTH="38" VPOS="3385" HPOS="371"/>
<SP HEIGHT="52" WIDTH="27" VPOS="3384" HPOS="410"/>
<String CONTENT="1925;" HEIGHT="53" WIDTH="129" VPOS="3381" HPOS="438"/>
<SP HEIGHT="51" WIDTH="26" VPOS="3383" HPOS="568"/>
<String CONTENT="2c." HEIGHT="42" WIDTH="64" VPOS="3383" HPOS="595"/>
<SP HEIGHT="28" WIDTH="26" VPOS="3397" HPOS="660"/>
<String CONTENT="and" HEIGHT="42" WIDTH="86" VPOS="3383" HPOS="687"/>
<SP HEIGHT="42" WIDTH="25" VPOS="3383" HPOS="774"/>
<String CONTENT="aff." HEIGHT="43" WIDTH="79" VPOS="3383" HPOS="800"/>
<SP HEIGHT="44" WIDTH="26" VPOS="3382" HPOS="880"/>
<String CONTENT="May" HEIGHT="52" WIDTH="112" VPOS="3382" HPOS="907"/>
<SP HEIGHT="51" WIDTH="28" VPOS="3383" HPOS="1020"/>
<String CONTENT="13;" HEIGHT="51" WIDTH="73" VPOS="3383" HPOS="1049"/>
<SP HEIGHT="52" WIDTH="28" VPOS="3382" HPOS="1123"/>
<!-- cceid 30F6659E-6DD5-1014-B757-AF09C522E301 --><String CONTENT="A" HEIGHT="42" WIDTH="44" VPOS="3382" HPOS="1152"/>
<SP HEIGHT="43" WIDTH="25" VPOS="3382" HPOS="1197"/>
<String CONTENT="855090;" HEIGHT="54" WIDTH="189" VPOS="3381" HPOS="1223"/>
<SP HEIGHT="54" WIDTH="29" VPOS="3381" HPOS="1413"/>
<String CONTENT="E." HEIGHT="49" WIDTH="52" VPOS="3381" HPOS="1443"/>
<SP HEIGHT="41" WIDTH="30" VPOS="3386" HPOS="1496"/>
<String CONTENT="P." HEIGHT="42" WIDTH="50" VPOS="3386" HPOS="1527"/>
<SP HEIGHT="44" WIDTH="28" VPOS="3386" HPOS="1578"/>
<String LANG="de" CONTENT="Oppenheim," HEIGHT="54" WIDTH="295" VPOS="3386" HPOS="1607"/>
<SP HEIGHT="48" WIDTH="25" VPOS="3392" HPOS="1903"/>
<String CONTENT="Woking" HEIGHT="47" WIDTH="204" VPOS="3392" HPOS="1929"/>
</TextLine>
<TextLine HEIGHT="57" WIDTH="531" VPOS="3437" HPOS="227">
<String CONTENT="England." HEIGHT="53" WIDTH="221" VPOS="3441" HPOS="227"/>
<SP HEIGHT="52" WIDTH="68" VPOS="3440" HPOS="449"/>
<String CONTENT="(25-9634)" HEIGHT="55" WIDTH="240" VPOS="3437" HPOS="518"/>
</TextLine>
<TextLine HEIGHT="78" WIDTH="813" VPOS="3536" HPOS="159" STYLEREFS="StyleId-2742B0EF-3F59-40A6-8711-DC274674DB44-">
<String CONTENT="Riggs," HEIGHT="73" WIDTH="215" VPOS="3541" HPOS="159"/>
<SP HEIGHT="72" WIDTH="39" VPOS="3539" HPOS="375"/>
<String CONTENT="Arthur" HEIGHT="58" WIDTH="242" VPOS="3537" HPOS="415"/>
<SP HEIGHT="59" WIDTH="37" VPOS="3537" HPOS="658"/>
<String CONTENT="Stanley." HEIGHT="74" WIDTH="276" VPOS="3536" HPOS="696"/>
</TextLine>
<TextLine HEIGHT="79" WIDTH="1916" VPOS="3628" HPOS="233" STYLEREFS="StyleId-3E5CE9EE-F994-4E8D-9C7F-36F80E909803-">
<String CONTENT="Vistas" HEIGHT="58" WIDTH="219" VPOS="3632" HPOS="233"/>
<SP HEIGHT="58" WIDTH="39" VPOS="3630" HPOS="453"/>
<String CONTENT="in" HEIGHT="56" WIDTH="66" VPOS="3630" HPOS="493"/>
<SP HEIGHT="58" WIDTH="41" VPOS="3629" HPOS="560"/>
<String CONTENT="Sicily," HEIGHT="73" WIDTH="209" VPOS="3628" HPOS="602"/>
<SP HEIGHT="72" WIDTH="39" VPOS="3629" HPOS="812"/>
<String CONTENT="by" HEIGHT="70" WIDTH="84" VPOS="3629" HPOS="852"/>
<SP HEIGHT="71" WIDTH="34" VPOS="3628" HPOS="937"/>
<String CONTENT="Arthur" HEIGHT="57" WIDTH="244" VPOS="3628" HPOS="972"/>
<SP HEIGHT="58" WIDTH="42" VPOS="3628" HPOS="1217"/>
<String CONTENT="Stanley" HEIGHT="73" WIDTH="262" VPOS="3628" HPOS="1260"/>
<SP HEIGHT="69" WIDTH="36" VPOS="3632" HPOS="1523"/>
<String CONTENT="Riggs," HEIGHT="76" WIDTH="217" VPOS="3631" HPOS="1560"/>
<SP HEIGHT="51" WIDTH="40" VPOS="3656" HPOS="1778"/>
<String CONTENT="f." HEIGHT="38" WIDTH="51" VPOS="3656" HPOS="1819"/>
<SP HEIGHT="38" WIDTH="41" VPOS="3656" HPOS="1871"/>
<String CONTENT="r." HEIGHT="41" WIDTH="52" VPOS="3656" HPOS="1913"/>
<SP HEIGHT="39" WIDTH="42" VPOS="3658" HPOS="1966"/>
<String CONTENT="g." HEIGHT="39" WIDTH="50" VPOS="3658" HPOS="2009"/>
<SP HEIGHT="39" WIDTH="42" VPOS="3659" HPOS="2060"/>
<String CONTENT="s." HEIGHT="39" WIDTH="46" VPOS="3659" HPOS="2103"/>
</TextLine>
<TextLine HEIGHT="74" WIDTH="1517" VPOS="3704" HPOS="159" STYLEREFS="StyleId-3E5CE9EE-F994-4E8D-9C7F-36F80E909803-">
<String CONTENT="New" HEIGHT="57" WIDTH="151" VPOS="3711" HPOS="159"/>
<SP HEIGHT="57" WIDTH="23" VPOS="3710" HPOS="311"/>
<String CONTENT="York," HEIGHT="70" WIDTH="190" VPOS="3708" HPOS="335"/>
<SP HEIGHT="70" WIDTH="25" VPOS="3708" HPOS="526"/>
<String LANG="fr" CONTENT="R." HEIGHT="55" WIDTH="72" VPOS="3708" HPOS="552"/>
<SP HEIGHT="56" WIDTH="26" VPOS="3707" HPOS="625"/>
<String CONTENT="M." HEIGHT="55" WIDTH="83" VPOS="3707" HPOS="652"/>
<SP HEIGHT="56" WIDTH="28" VPOS="3706" HPOS="736"/>
<String CONTENT="McBride" HEIGHT="59" WIDTH="295" VPOS="3704" HPOS="765"/>
<SP HEIGHT="58" WIDTH="26" VPOS="3704" HPOS="1061"/>
<String CONTENT="&amp;" HEIGHT="58" WIDTH="48" VPOS="3704" HPOS="1088"/>
<SP HEIGHT="58" WIDTH="24" VPOS="3704" HPOS="1137"/>
<String CONTENT="company," HEIGHT="54" WIDTH="321" VPOS="3724" HPOS="1162"/>
<SP HEIGHT="67" WIDTH="27" VPOS="3710" HPOS="1484"/>
<String CONTENT="1925." HEIGHT="56" WIDTH="164" VPOS="3710" HPOS="1512"/>
</TextLine>
<TextLine HEIGHT="59" WIDTH="1540" VPOS="3782" HPOS="232" CS="1">
<String CONTENT="5" HEIGHT="44" WIDTH="21" VPOS="3789" HPOS="232"/>
<SP HEIGHT="52" WIDTH="25" VPOS="3789" HPOS="254"/>
<String LANG="fr" CONTENT="p." HEIGHT="38" WIDTH="41" VPOS="3803" HPOS="280"/>
<SP/>
<String LANG="fr" CS="1" CONTENT="l.,"/>
<SP/>
<String CONTENT="xiv" HEIGHT="42" WIDTH="81" VPOS="3787" HPOS="415"/>
<SP HEIGHT="38" WIDTH="22" VPOS="3800" HPOS="497"/>
<String LANG="fr" CONTENT="p.," HEIGHT="38" WIDTH="54" VPOS="3800" HPOS="520"/>
<SP HEIGHT="50" WIDTH="29" VPOS="3787" HPOS="575"/>
<String CONTENT="1" HEIGHT="41" WIDTH="17" VPOS="3787" HPOS="605"/>
<SP/>
<String CS="1" CONTENT="l.,"/>
<SP/>
<String CONTENT="270" HEIGHT="45" WIDTH="80" VPOS="3782" HPOS="720"/>
<SP HEIGHT="53" WIDTH="25" VPOS="3784" HPOS="801"/>
<String CONTENT="p." HEIGHT="39" WIDTH="38" VPOS="3798" HPOS="827"/>
<SP HEIGHT="44" WIDTH="59" VPOS="3784" HPOS="866"/>
<String CONTENT="front.," HEIGHT="52" WIDTH="151" VPOS="3784" HPOS="926"/>
<SP HEIGHT="51" WIDTH="25" VPOS="3785" HPOS="1078"/>
<String CONTENT="illus." HEIGHT="44" WIDTH="117" VPOS="3783" HPOS="1104"/>
<SP HEIGHT="53" WIDTH="26" VPOS="3784" HPOS="1222"/>
<String CONTENT="(map)" HEIGHT="53" WIDTH="153" VPOS="3784" HPOS="1249"/>
<SP HEIGHT="54" WIDTH="33" VPOS="3784" HPOS="1403"/>
<String CONTENT="plates." HEIGHT="53" WIDTH="153" VPOS="3785" HPOS="1437"/>
<SP HEIGHT="41" WIDTH="58" VPOS="3790" HPOS="1591"/>
<String CONTENT="20" HEIGHT="43" WIDTH="53" VPOS="3789" HPOS="1650"/>
<String STYLE="superscript" CONTENT="cm" HEIGHT="17" WIDTH="45" VPOS="3792" HPOS="1711"/>
<String CONTENT="." HEIGHT="8" WIDTH="8" VPOS="3825" HPOS="1764"/>
</TextLine>
<TextLine HEIGHT="48" WIDTH="457" VPOS="3841" HPOS="232">
<String CONTENT="&#8220;Revised" HEIGHT="45" WIDTH="221" VPOS="3844" HPOS="232"/>
<SP HEIGHT="43" WIDTH="28" VPOS="3844" HPOS="454"/>
<String CONTENT="edition.&#8221;" HEIGHT="46" WIDTH="206" VPOS="3841" HPOS="483"/>
</TextLine>
<TextLine HEIGHT="57" WIDTH="1148" VPOS="3896" HPOS="232">
<String CONTENT="Partly" HEIGHT="52" WIDTH="162" VPOS="3901" HPOS="232"/>
<SP HEIGHT="37" WIDTH="26" VPOS="3916" HPOS="395"/>
<String CONTENT="reprinted" HEIGHT="53" WIDTH="229" VPOS="3898" HPOS="422"/>
<SP HEIGHT="44" WIDTH="29" VPOS="3897" HPOS="652"/>
<String CONTENT="from" HEIGHT="43" WIDTH="119" VPOS="3897" HPOS="682"/>
<SP HEIGHT="36" WIDTH="28" VPOS="3904" HPOS="802"/>
<String CONTENT="the" HEIGHT="44" WIDTH="74" VPOS="3896" HPOS="831"/>
<SP HEIGHT="44" WIDTH="28" VPOS="3896" HPOS="906"/>
<String CONTENT="Travel" HEIGHT="44" WIDTH="168" VPOS="3896" HPOS="935"/>
<SP HEIGHT="42" WIDTH="28" VPOS="3897" HPOS="1104"/>
<String CONTENT="magazine." HEIGHT="52" WIDTH="247" VPOS="3896" HPOS="1133"/>
</TextLine>
<TextLine HEIGHT="62" WIDTH="1984" VPOS="3964" HPOS="164">
<String CONTENT="&#169;" HEIGHT="53" WIDTH="51" VPOS="3973" HPOS="164"/>
<SP HEIGHT="53" WIDTH="25" VPOS="3973" HPOS="216"/>
<String CONTENT="May" HEIGHT="50" WIDTH="112" VPOS="3974" HPOS="242"/>
<SP HEIGHT="52" WIDTH="23" VPOS="3972" HPOS="355"/>
<String CONTENT="2," HEIGHT="50" WIDTH="39" VPOS="3972" HPOS="379"/>
<SP HEIGHT="51" WIDTH="30" VPOS="3971" HPOS="419"/>
<String CONTENT="1925;" HEIGHT="53" WIDTH="128" VPOS="3968" HPOS="450"/>
<SP HEIGHT="52" WIDTH="29" VPOS="3969" HPOS="579"/>
<String CONTENT="2c." HEIGHT="41" WIDTH="63" VPOS="3969" HPOS="609"/>
<SP HEIGHT="28" WIDTH="27" VPOS="3982" HPOS="673"/>
<String CONTENT="and" HEIGHT="42" WIDTH="86" VPOS="3968" HPOS="701"/>
<SP HEIGHT="42" WIDTH="26" VPOS="3968" HPOS="788"/>
<String CONTENT="aff." HEIGHT="42" WIDTH="79" VPOS="3968" HPOS="815"/>
<SP HEIGHT="42" WIDTH="28" VPOS="3968" HPOS="895"/>
<String CONTENT="May" HEIGHT="51" WIDTH="112" VPOS="3968" HPOS="924"/>
<SP HEIGHT="51" WIDTH="29" VPOS="3968" HPOS="1037"/>
<String CONTENT="15;" HEIGHT="53" WIDTH="74" VPOS="3965" HPOS="1067"/>
<SP HEIGHT="51" WIDTH="28" VPOS="3967" HPOS="1142"/>
<!-- cceid 30F6D915-6DD5-1014-B757-AF09C522E301 --><String CONTENT="A" HEIGHT="42" WIDTH="44" VPOS="3967" HPOS="1171"/>
<SP HEIGHT="43" WIDTH="27" VPOS="3967" HPOS="1216"/>
<String CONTENT="855135;" HEIGHT="55" WIDTH="188" VPOS="3964" HPOS="1244"/>
<SP HEIGHT="50" WIDTH="31" VPOS="3969" HPOS="1433"/>
<String CONTENT="Robert" HEIGHT="45" WIDTH="171" VPOS="3969" HPOS="1465"/>
<SP HEIGHT="42" WIDTH="28" VPOS="3972" HPOS="1637"/>
<String CONTENT="M." HEIGHT="44" WIDTH="65" VPOS="3972" HPOS="1666"/>
<SP HEIGHT="42" WIDTH="32" VPOS="3974" HPOS="1732"/>
<String CONTENT="McBride" HEIGHT="45" WIDTH="220" VPOS="3974" HPOS="1765"/>
<SP HEIGHT="43" WIDTH="29" VPOS="3977" HPOS="1986"/>
<String CONTENT="&amp;" HEIGHT="43" WIDTH="38" VPOS="3977" HPOS="2016"/>
<SP HEIGHT="43" WIDTH="27" VPOS="3977" HPOS="2055"/>
<String CONTENT="co." HEIGHT="29" WIDTH="65" VPOS="3992" HPOS="2083"/>
</TextLine>
<TextLine HEIGHT="58" WIDTH="617" VPOS="4022" HPOS="235">
<String CONTENT="[&#169;" HEIGHT="53" WIDTH="66" VPOS="4027" HPOS="235"/>
<SP HEIGHT="53" WIDTH="27" VPOS="4027" HPOS="302"/>
<String CONTENT="changes]" HEIGHT="51" WIDTH="212" VPOS="4027" HPOS="330"/>
<SP HEIGHT="53" WIDTH="68" VPOS="4024" HPOS="543"/>
<String CONTENT="(25-9724)" HEIGHT="55" WIDTH="240" VPOS="4022" HPOS="612"/>
</TextLine>
</TextBlock>
</PrintSpace>
</Page>
</Layout>
</alto>