2533 4412
1360 4164 73 57 70

385 513 258 73 George,
681 512 253 57 Marian
968 512 68 56 M
1295 563 7 10 .
1351 513 190 56 1865-

459 603 194 57 Little
692 602 302 72 journeys
1031 604 64 54 to
1131 600 253 57 Hawaii
1420 602 124 56 and
1582 601 103 56 the
1721 600 363 73 Philippine
2121 601 271 75 Islands,

383 683 83 71 by
503 682 253 56 Marian
793 681 83 56 M.
918 680 260 71 George.
1259 677 291 75 Chicago,
1587 679 76 56 A.
1701 680 330 72 Flanagan
2069 698 323 55 company,

385 761 166 57 1925.

460 854 67 52 86,
557 854 66 52 80,
657 854 51 46 [4]
741 867 40 38 p.
843 850 116 45 illus.
987 851 129 54 (incl.
1146 850 152 56 maps)
1369 852 49 44 19½
1454 853 47 17 cm
1507 886 10 9 .
1586 851 238 54 (Lettered
1851 866 58 31 on
1937 865 160 31 cover:
2130 850 193 55 Library
2351 851 50 46 of

391 912 169 53 travel)

463 983 177 42 Music:
670 996 39 38 p.
743 981 108 46 [2-3]
882 991 46 34 at
955 981 97 42 end.

470 1053 255 52 Composed
760 1051 51 44 of
846 1051 73 43 the
955 1050 201 44 author’s
1195 1052 44 42 A
1274 1051 114 44 little
1423 1051 192 53 journey
1651 1060 46 35 to
1735 1049 197 54 Hawaii,
1969 1053 86 43 and
2088 1052 81 43 her
2204 1053 44 42 A
2287 1051 114 44 little

390 1110 196 52 journey
616 1118 44 35 to
692 1109 74 44 the
796 1107 293 54 Philippines.

386 1177 53 53 ©
467 1179 110 43 Dec.
602 1179 67 51 22,
700 1178 130 51 1924;
859 1178 64 42 2c.
951 1178 99 51 Jan.
1079 1178 67 51 29,
1178 1176 129 53 1925;
1338 1177 80 43 aff.
1446 1178 99 51 Jan.
1575 1177 77 52 24;
1685 1178 44 42 A
1758 1176 190 55 815789;
1980 1179 56 43 A.
2067 1177 235 54 Flanagan
2330 1193 66 29 co.

474 1233 53 54 [©
552 1250 100 28 new
676 1242 167 35 matter
871 1235 58 51 by
959 1233 48 44 C.
1036 1235 47 43 Z.
1113 1235 244 52 Hartman]
1429 1232 244 56 (25-3646)

462 1334 193 56 Little
689 1332 303 73 journeys
1030 1336 64 53 to
1129 1333 296 73 Holland,
1460 1332 290 73 Belgium
1787 1335 123 56 and
1944 1334 338 73 Denmark,
2315 1335 80 71 by

387 1412 253 58 Marian
671 1412 83 57 M.
786 1411 244 73 George
1061 1412 124 57 and
1213 1411 84 57 M.
1327 1411 118 58 Ida
1473 1411 197 58 Dean.
1743 1410 290 76 Chicago,
2064 1412 75 59 A.
385 1413 1988 151 Flanagan
538 1509 324 54 company,
893 1491 167 57 1925.

463 1571 54 44 88
546 1587 53 37 p.,
628 1574 26 40 2
702 1605 23 18 l.,
757 1570 168 46 [3]-100
955 1585 53 37 p.,
1045 1572 16 41 1
1113 1605 7 7 l.
1183 1568 117 45 illus.
1365 1569 49 44 19½
1449 1571 47 17 cm
1503 1605 8 8 .
1581 1570 238 52 (Lettered
1850 1586 56 29 on
1937 1585 156 29 cover:
2129 1570 194 53 Library
2353 1570 51 45 of

393 1629 171 53 travel)

469 1685 218 45 Contains
715 1685 156 43 music.

467 1742 255 53 Composed
757 1743 53 43 of
846 1742 74 43 the
956 1741 205 44 authors’
1197 1742 70 43 “A
1304 1741 115 45 little
1456 1741 193 54 journey
1686 1752 45 35 to
1769 1742 249 53 Holland’’,
2055 1744 89 43 and
2181 1742 70 44 “A
2291 1742 113 46 little

392 1800 193 53 journey
611 1808 45 36 to
684 1800 210 51 Belgium
917 1801 87 42 and
1031 1798 279 53 Denmark”,
1337 1801 55 51 by
1419 1800 184 43 Marian
1630 1801 65 42 M.
1726 1800 191 52 George.

387 1854 53 54 ©
469 1857 110 42 Dec.
610 1857 64 51 18,
706 1857 130 51 1924;
866 1856 64 43 2c.
959 1856 99 51 Jan.
1085 1855 69 52 29,
1186 1854 130 54 1925;
1346 1856 80 43 aff.
1454 1858 99 51 Jan.
1580 1857 80 52 24;
1691 1858 44 42 A
1761 1857 191 52 815787;
1983 1858 57 43 A.
2070 1857 234 53 Flanagan
2333 1873 66 27 co.

473 1911 56 54 [©
554 1929 100 28 new
680 1920 165 36 matter
872 1913 58 52 by
959 1912 47 44 C.
1035 1913 48 42 Z.
1113 1914 244 52 Hartman]
1429 1912 245 56 (25-3647)

388 2012 280 74 Gowing,
709 2012 344 58 Frederick
1089 2012 235 75 Henry,
1366 2015 190 57 1860-

465 2107 304 72 Building
802 2107 183 72 plans
1023 2107 105 58 for
1165 2107 268 59 colonial
1470 2107 344 74 dwellings,
1853 2109 382 73 bungalows,
395 2112 1978 147 cottages,

638 2188 124 56 and
809 2186 181 56 other
1032 2185 275 57 medium
1353 2189 133 55 cost
1529 2187 234 71 homes,
1807 2188 84 71 by
1934 2186 343 58 Frederick
2323 2187 77 56 H.

394 2263 1715 74 Gowing … Boston, Mass., F. H. Gowing, c 1925.
462 2344 84 42 224
571 2358 39 37 p.
671 2341 118 45 illus.
817 2341 128 53 (incl.
974 2341 154 53 plans)
1196 2341 54 44 27
1258 2344 15 17 cm
1310 2377 10 9 .

462 2399 218 45 Contains
710 2397 285 54 advertising
1023 2407 181 36 matter.

464 2459 212 44 Lettered
703 2471 59 31 on
791 2471 162 31 cover:
985 2456 133 44 Book
1145 2456 53 46 G.

389 2511 53 54 ©
467 2514 99 51 Jan.
591 2514 65 47 24,
686 2511 130 53 1925;
844 2513 64 41 2c.
935 2512 87 42 and
1048 2512 79 42 aff.
1153 2511 100 52 Jan.
1281 2509 77 52 30;
1387 2510 44 42 A
1458 2508 191 55 815843;
1681 2510 50 44 F.
1761 2512 61 43 H.
1853 2511 205 54 Gowing.
469 2568 243 57 (25-3320)

389 2669 324 72 Grimball,
757 2668 331 58 Elizabeth
1127 2668 70 57 B.

470 2761 373 72 Costuming
896 2780 38 37 a
987 2759 180 74 play;
1224 2759 443 60 inter-theatre
1726 2764 133 55 arts
1915 2762 350 73 handbook,
2320 2766 83 71 by

394 2840 329 57 Elizabeth
750 2838 71 58 B.
858 2838 309 60 Grimball
1198 2840 123 56 and
1351 2839 180 56 Rhea
1559 2838 229 73 Wells;
1822 2839 254 73 designs
2111 2842 84 70 by
2227 2842 174 58 Rhea

391 2918 211 58 Wells.
676 2917 151 57 New
856 2916 174 57 York
1058 2916 47 56 &
1133 2916 279 73 London,
1446 2916 130 58 The
1610 2915 280 74 Century
1921 2936 85 39 co.
2041 2949 13 43 [
2058 2925 17 23 c
2080 2920 165 73 1925]

461 2992 1180 56 5 p. l ., 3-133 p. illus. 16×22½ cm . $3.00
392 3049 53 54 ©
470 3053 100 51 Jan.
595 3053 39 50 2,
663 3050 129 50 1925;
820 3051 64 43 2c.
912 3051 100 51 Jan.
1040 3050 49 52 6;
1118 3051 79 42 aff.
1224 3051 100 51 Jan.
1352 3049 49 53 7;
1431 3051 42 41 A
1501 3049 190 54 814573;
1724 3051 201 53 Century
1952 3067 64 28 co.
471 3107 245 55 (25-3105)

392 3208 256 71 Grimm,
687 3207 209 58 Jakob
931 3205 268 74 Ludwig
1233 3205 176 72 Karl,
1450 3209 360 56 1785-1863.

472 3299 302 59 Grimm’s
808 3298 175 71 fairy
1014 3297 178 70 tales,
1225 3297 84 72 by
1339 3297 105 57 the
1473 3297 292 58 brothers
1800 3298 270 72 Grimm;
2103 3300 151 58 with
2289 3322 114 39 one

395 3378 284 56 hundred
711 3375 424 58 illustrations
1168 3376 84 71 by
1284 3374 278 59 Frances
1599 3375 357 74 Brundage.
2040 3376 236 72 Akron,
2314 3381 88 69 O.,

396 3455 131 57 The
558 3453 298 60 Saalfield
885 3453 366 71 publishing
1281 3471 308 53 company
1696 3454 126 71 [c1924]

468 3532 108 47 [310]
607 3546 41 38 p.
709 3531 83 43 col.
824 3531 150 52 front.,
1008 3530 114 43 illus.
1183 3530 51 43 23
1243 3531 46 17 cm
1297 3565 9 8 .
1375 3529 242 53 (Lettered
1642 3547 55 28 on
1727 3546 157 30 cover:
1919 3531 278 53 Companion
2230 3535 138 43 series)

395 3588 52 53 ©
511 3604 85 28 June
635 3587 62 52 17,
736 3588 129 50 1924;
903 3589 63 41 2c.
1002 3589 87 42 and
1125 3588 78 42 aff.
1241 3587 108 43 Dec.
1390 3588 73 51 19;
1503 3589 42 41 A
1581 3587 190 53 815855;
1815 3588 214 46 Saalfield
2065 3591 102 51 pub.
2205 3606 65 28 co.
2349 3590 53 54 [©

466 3645 312 52 illustrations]
851 3642 243 55 (25-3032)

397 3745 341 70 Hamilton,
781 3743 240 59 Cosmo.

472 3835 327 70 Paradise,
831 3835 84 70 by
947 3833 223 59 Cosmo
1202 3834 344 57 Hamilton.
1619 3835 257 70 Boston,
1913 3836 207 72 Little,
2154 3839 245 70 Brown,

395 3916 122 56 and
547 3931 325 52 company,
901 3913 165 55 1925.

470 3990 536 56 4 p. l ., [3]-295 p. 19½cm
397 4049 52 54 ©
479 4050 106 43 Feb.
613 4050 38 46 4,
683 4046 131 53 1925;
845 4048 63 43 2c.
939 4048 87 41 and
1056 4048 78 41 aff.
1167 4046 107 44 Feb.
1305 4049 50 50 9;
1388 4049 42 41 A
1461 4047 191 52 814951;
1687 4047 49 44 C.
1769 4049 252 51 Hamilton,
2054 4051 118 44 New
2202 4053 141 42 York.

476 4104 243 56 (25-3543)
