2533 4412
1296 4091 114 57 466

432 501 193 53 English
648 509 97 45 t.-p.
771 503 157 42 reads:
953 502 162 44 Duties
1139 503 50 47 of
1212 502 75 45 the
1311 503 150 44 Heart
1484 504 61 51 by
1568 502 185 53 Bachya
1777 503 85 44 ben
1888 503 169 52 Joseph
2079 502 77 45 ibn
2182 504 190 44 Pakuda

360 562 252 44 translated
646 561 126 45 from
800 561 76 46 the
905 562 175 46 Arabic
1110 561 100 46 into
1237 563 201 44 Hebrew
1467 565 60 50 by
1556 561 181 54 Jehuda

1766 563 75 44 ibn
1871 561 196 44 Tibbon.
361 563 1988 101 Introduction
484 620 89 44 and
599 618 186 46 treatise
811 635 57 29 on
895 619 77 46 the
996 619 230 46 existence

1252 622 90 42 and
1367 619 129 53 unity
1524 621 52 43 of
1609 620 100 44 God
1735 619 111 45 with
1873 619 196 54 English
2098 620 274 46 translation

359 675 2011 55 by Rev. Moses Hyamson … New York, Bloch publishing company, 1925.
429 734 202 44 Hebrew
656 741 100 38 text
783 734 87 44 and
896 733 194 53 English
1112 733 273 46 translation
1409 751 57 27 on
1493 732 207 54 opposite
1726 749 151 37 pages.

361 800 54 54 ©
441 803 120 42 Mar.
586 803 40 51 2,
655 800 129 53 1925;
811 802 65 42 2c.
904 802 119 42 Mar.
1052 801 78 53 31;
1160 802 79 42 aff.
1265 802 113 52 Apr.
1407 802 50 51 4;
1485 801 44 42 A
1557 800 190 54 822779;
1777 803 158 43 Moses
1965 803 252 52 Hyamson.
2248 804 118 44 New

432 859 143 44 York.
645 856 242 57 (25-8526)

358 958 223 73 Baker,
624 957 243 59 Rannie
909 958 51 57 B
1278 978 195 55 comp.

435 1052 76 56 In
534 1052 104 57 the
662 1051 163 73 light
848 1051 68 57 of
938 1052 208 71 myth;
1175 1051 330 58 selections
1530 1051 170 57 from
1723 1052 104 57 the
1852 1052 259 58 world’s
2135 1053 230 74 myths,

357 1129 1987 136 compiled and interpreted by Rannie B. Baker … art selection
515 1208 84 72 by
621 1207 173 58 Ruth
822 1206 65 60 C.
917 1207 313 73 Stebbins,
1257 1207 422 58 illustrations
1707 1208 83 72 by
1814 1208 364 59 Alexander
2203 1209 161 73 Key.

359 1284 291 74 Chicago,
682 1285 154 58 New
864 1285 191 74 York,
1087 1287 171 70 Row,
1291 1286 311 58 Peterson
1632 1287 48 56 &
1713 1305 308 54 company
2055 1317 13 43 [
2068 1294 20 23 c
2092 1289 148 56 1925]

425 1365 94 51 xiv,
549 1364 83 43 334
661 1378 40 38 p.
733 1363 100 43 incl.
866 1362 151 52 front.,
1050 1362 117 45 illus.
1230 1363 53 44 19
1289 1366 46 18 cm
1341 1397 9 9 .

359 1432 54 55 ©
440 1435 113 52 Apr.
582 1435 38 52 4,
652 1432 131 55 1925;
813 1434 65 44 2c.
908 1435 113 53 Apr.
1055 1434 74 53 18;
1160 1434 80 44 aff.
1270 1434 113 53 Apr.
1412 1434 79 52 20;
1525 1434 44 43 A
1598 1434 188 53 822994;
1820 1435 130 53 Row,
1981 1436 223 44 Peterson
2231 1436 37 45 &
2296 1451 68 30 co.

434 1490 244 56 (25-8796)

357 1591 350 72 Balthaser,
752 1590 265 58 Francis
1058 1589 345 73 Wilhauer,
1449 1592 189 58 1866-

434 1684 130 57 The
610 1686 178 70 story
830 1684 68 57 of
939 1683 200 58 Berks
1185 1682 267 73 County,
1494 1683 487 74 Pennsylvania,
2028 1684 83 73 by
2152 1684 71 59 P.
2270 1685 94 59 W.

354 1761 1970 75 Balthaser … [Reading, Pa., Reading eagle press, 1925]
431 1843 128 51 xviii,
589 1842 80 46 373
699 1858 40 36 p.
800 1843 118 45 illus.
947 1843 127 50 (incl.
1102 1843 154 51 maps)
1323 1844 53 43 20½
1412 1845 47 18 cm
1465 1879 10 9 .

429 1898 104 44 1913
569 1897 169 44 edition
772 1896 59 54 by
862 1898 58 42 A.
955 1896 53 46 E.
1042 1897 221 52 Wagner,
1295 1896 51 45 F.
1380 1897 76 44 W.
1492 1896 239 44 Balthaser
1764 1900 87 41 and
1886 1898 57 43 D.
1979 1898 59 43 K.
2074 1898 147 43 Hoch.

355 1965 54 54 ©
445 1968 119 43 Mar.
600 1969 66 50 31,
705 1966 130 54 1925;
871 1968 66 42 2c.
972 1968 113 52 Apr.
1120 1969 51 50 2;
1211 1968 78 43 aff.
1327 1968 114 52 Apr.
1479 1968 74 52 14;
1594 1968 44 42 A
1675 1966 188 54 823796;
1904 1966 50 45 F.
1991 1969 74 44 W.
2106 1968 251 54 Balthaser,

425 2024 222 54 Reading,
682 2025 79 44 Pa.
831 2022 244 58 (25-8861)

355 2125 220 74 [Beith,
618 2127 171 58 John
827 2126 161 75 Hay]
1033 2128 191 59 1876-

435 2218 164 61 Paid
641 2220 66 57 in
752 2217 137 77 full,
935 2221 85 72 by
1063 2218 119 60 Ian
1226 2219 150 73 Hay
1423 2217 249 77 [pseud.]
1756 2221 239 57 Boston
2042 2223 125 57 and
2213 2220 151 58 New

354 2299 191 71 York,
576 2299 344 74 Houghton
950 2298 218 59 Mifflin
1200 2317 323 57 company,
1557 2300 164 57 1925.

423 2379 59 52 vi,
509 2379 83 45 287
619 2393 39 39 p.
723 2379 51 45 19
779 2381 48 18 cm
833 2418 8 8 .

353 2447 54 55 ©
436 2450 113 51 Apr.
586 2447 62 52 17,
683 2447 130 54 1925;
846 2449 65 43 2c.
942 2448 87 43 and
1060 2448 79 44 aff.
1169 2448 114 52 Apr.
1314 2447 78 52 20;
1426 2448 44 42 A
1501 2447 188 53 822990;
1725 2449 35 42 I.
1794 2449 62 42 H.
1890 2449 148 52 Beith,
2070 2449 202 44 London.

432 2504 243 56 (25-8667)

352 2606 330 74 Berkman,
724 2605 376 62 Alexander.

432 2700 130 58 The
604 2700 323 58 bolshevik
968 2699 178 72 myth
1197 2699 215 72 (diary
1455 2698 371 73 1920-1922)
1878 2700 83 71 by
2001 2699 361 59 Alexander

352 2778 332 59 Berkman.
769 2778 151 57 New
952 2778 191 66 York,
1175 2777 163 58 Boni
1371 2777 124 58 and
1525 2776 348 74 Liveright,
1908 2777 164 57 1925.

425 2856 736 53 ix p., 1 l., 13-319 p. 22½ cm .
351 2912 54 54 ©
435 2915 119 43 Mar.
582 2915 69 50 21,
683 2912 129 53 1925;
842 2914 67 43 2c.
938 2914 87 43 and
1053 2914 79 43 aff.
1163 2914 120 43 Mar.
1313 2911 78 54 27;
1423 2913 44 42 A
1495 2912 190 53 823828;
1721 2912 113 44 Boni
1868 2912 37 44 &
1933 2911 248 54 Liveright,
2215 2912 83 44 inc.

431 2970 243 56 (25-8806)

352 3071 302 74 Berliner,
689 3071 263 74 Arnold,
991 3074 191 57 1862-

433 3166 328 59 Lehrbuch
803 3168 113 58 der
954 3164 229 75 physik
1223 3166 66 57 in
1331 3166 412 57 elementarer
1786 3163 409 73 darstellung,
2236 3182 123 39 von

355 3245 244 59 Arnold
623 3245 307 60 Berliner.
1016 3247 49 57 3.
1095 3244 137 57 aufl.
1317 3243 120 58 Mit
1464 3245 112 56 734
1602 3243 435 73 abbildungen.
2120 3243 235 72 Berlin,

354 3325 59 58 J.
450 3324 326 73 Springer,
807 3324 167 57 1924.

463 3438 8 14 x,
500 3402 92 52 645,
665 3423 11 29 [1]
708 3420 39 34 p.
808 3402 133 51 illus.,
968 3404 170 50 diagrs.
1196 3401 53 45 25½
1285 3404 16 18 cm
1338 3437 9 9 .

423 3459 545 45 “Namenverzeichnis”:
1001 3475 40 36 p.
1075 3458 239 48 [631]-636.

351 3512 1802 55 © Dec. 19, 1924; 1c. Apr. 7, 1925; A—Foreign 27352; J. Springer.
430 3570 244 55 (25-9793)

351 3674 286 69 Berman,
673 3671 207 70 Louis,
919 3674 191 57 1893-

428 3760 1925 77 The personal equation, by Louis Berman … New York
346 3842 49 57 &
419 3842 279 70 London,
729 3841 129 56 The
891 3838 281 74 Century
1197 3858 86 39 co.
1318 3869 12 40 [
1332 3847 18 21 c
1354 3840 164 73 1925]

424 3921 124 50 xviii,
577 3919 80 45 303
684 3934 40 37 p.
786 3919 150 46 front.,
1029 3954 8 17 pl.,
1064 3926 138 44 ports.
1267 3918 49 44 19½
1352 3920 47 17 cm
1406 3954 8 5 .
1529 3915 125 50 $2.50

348 3975 57 54 ©
431 3977 113 52 Apr.
572 3975 61 47 17,
665 3974 131 55 1925;
823 3977 64 42 2c.
916 3976 111 52 Apr.
1056 3976 77 51 21;
1163 3976 78 42 aff.
1269 3975 112 51 Apr.
1408 3975 77 51 22;
1516 3974 44 42 A

1587 3973 187 53 829023;
1808 3973 200 55 Century
2036 3991 65 28 co.

429 4031 243 57 (25-8858)
