2533 4412
0 0 0 0 877
105 422 301 73 Duclaux,
435 424 184 57 Mme.
646 422 214 74 Agnes
889 423 188 73 Mary
1105 422 273 57 Frances
1416 420 377 77 (Robinson)
1833 424 191 58 1857-

247 512 1846 74 … Victor Hugo, par Mary Duclaux. Paris, Plon-Nour-
103 591 86 58 rit
219 594 61 56 et
308 610 30 39 c
343 592 34 30 ie
409 592 181 73 [1925]

174 681 1919 56 4 p. l ., 5-133 p., 1 l. ports. 20 cm . (Nobles vies— grandes œuvres. [n °2])
102 749 1855 57 © Mar. 20, 1925; 1c. May 2; A—Foreign 27568; Plon-Nourrit & co.
181 807 271 56 (25-13087)

99 908 195 72 Duke,
337 908 283 60 William
658 908 308 69 Waddell,
1012 911 190 57 1883-

97 998 1977 310 Allergy, asthma, hay fever, urticaria and allied manifestations of reaction, by William W. Duke … with seventy-five illustrations. St. Louis, The C. V. Mosby company, 1925.
171 1328 81 45 339
280 1342 41 39 p.
380 1326 132 52 illus.,
540 1326 168 53 diagrs.
768 1326 52 44 23½
856 1327 47 18 cm
909 1360 9 9 .

174 1398 351 54 Bibliography:
552 1412 41 39 p.
619 1398 195 46 303-329

101 1469 55 54 ©
184 1471 120 52 Aug.
338 1469 62 53 10,
433 1468 130 54 1925;
592 1469 65 44 2c.
685 1470 121 52 Aug.
834 1469 79 52 24;
944 1469 79 43 aff.
1052 1470 120 52 Aug.
1202 1469 78 52 22;
1312 1470 44 42 A
1384 1468 161 46 864321
1565 1483 9 39 ;
1608 1467 50 46 C.
1688 1469 58 43 V.
1779 1468 168 53 Mosby
1977 1483 65 30 co.

180 1525 271 56 (25-16797)

101 1634 128 71 Eça
262 1634 76 58 de
374 1632 279 74 Queiroz,
689 1632 149 59 José
870 1631 226 72 Maria,
1135 1634 358 57 1843-1900.

180 1723 129 58 The
332 1723 168 73 relic,
520 1724 84 71 by
625 1722 131 58 Eca
778 1723 76 57 de
880 1721 266 74 Queiroz
1163 1745 13 49 ;
1200 1724 354 57 translated
1575 1723 169 58 from
1767 1724 104 58 the
101 1724 1972 135 Spanish
223 1802 85 72 by
331 1801 260 72 Aubrey
616 1801 70 57 F.
717 1800 71 59 G.
814 1800 155 58 Bell.
1053 1800 153 58 New
1230 1800 191 74 York,
1449 1801 76 57 A.
1552 1801 76 57 A.
1656 1801 243 74 Knopf,
1928 1803 167 56 1925.

177 1893 712 54 3 p. l ., 3-289 p., 1 l. 19 ½ cm .
102 1963 54 54 ©
187 1964 107 53 July
323 1965 69 50 31,
426 1962 129 53 1925;
588 1963 65 43 2c.
686 1964 120 52 Aug.
843 1962 74 53 10;
953 1963 79 43 aff.
1065 1963 120 53 Aug.
1222 1963 75 52 14;
1333 1964 44 42 A
1409 1963 190 53 864233;
1634 1963 168 45 Alfred
1834 1964 57 43 A.
1927 1962 172 54 Knopf,

172 2021 83 44 inc.
324 2018 270 58 (25-16206)

103 2119 227 74 Edson,
375 2120 257 58 Charles
673 2120 218 73 Leroy.

248 2211 1844 73 … Lips of almond bloom; a romance of Yankee love,
99 2290 67 57 in
220 2290 200 57 which
476 2309 79 38 an
608 2289 341 62 American
1001 2289 286 72 vampire
1343 2289 279 58 matches
1678 2289 113 58 her
1850 2290 245 59 charms

102 2367 251 74 against
385 2367 104 58 the
525 2366 241 59 similar
798 2367 194 57 tricks
1026 2367 68 57 of
1126 2387 36 38 a
1195 2366 247 59 French
1471 2369 251 71 beauty.
1792 2367 100 73 By
1926 2367 66 60 C.
2025 2367 68 59 L.

102 2446 234 58 Edson.
421 2444 393 74 Charleston,
858 2444 61 59 S.
966 2443 85 73 C.,
1097 2444 316 59 Southern
1453 2445 287 73 printing
1780 2447 124 57 and
101 2447 1970 150 publishing
359 2542 108 55 co.,
494 2524 167 56 1924.

175 2603 53 45 38
256 2619 40 38 p.
360 2604 49 44 19½
443 2604 46 18 cm
497 2638 8 8 .
574 2601 181 55 (Edson
784 2601 161 55 pocket
973 2600 197 55 library)

103 2658 54 54 ©
184 2660 108 44 Dec.
323 2657 63 54 15,
416 2659 129 52 1924;
571 2659 66 42 2c.
665 2659 87 43 and
775 2659 81 43 aff.
884 2659 119 52 Aug.
1029 2658 66 51 20,
1126 2657 131 54 1925;
1287 2659 44 42 A
1359 2657 188 54 865296;
1579 2658 49 45 C.
1658 2659 49 43 L.
1739 2657 167 55 Edson,
1936 2660 165 44 Mount

176 2717 225 51 Pleasant,
439 2714 44 48 S.
521 2714 49 45 C.
639 2713 271 55 (25-16390)

249 2812 1849 75 … Prairie fire ; an epic poem in flashes of rhyme, which
103 2892 121 59 like
265 2912 211 38 scenes
515 2892 67 57 in
620 2911 36 38 a
692 2891 223 73 movie,
955 2891 139 73 give
1135 2910 36 38 a
1211 2892 302 70 complete
1549 2890 265 59 historic
1850 2892 248 72 picture

105 2970 69 58 of
211 2971 105 57 the
355 2970 369 57 Americans
764 2968 137 59 who
942 2968 338 72 pioneered
1320 2969 103 57 the
1465 2969 292 73 prairies,
1795 2970 85 72 by
1920 2968 65 61 C.
2025 2969 70 59 L.

105 3048 234 59 Edson.
425 3046 391 75 Charleston,
864 3046 61 59 S.
975 3045 86 75 C.,
1110 3046 316 59 Southern
1468 3050 195 70 prt’g.
1710 3047 48 57 &
1797 3049 147 70 pub.
1988 3067 110 53 co.,

105 3129 166 56 1924.

178 3208 50 43 31
259 3221 40 39 p.
362 3206 49 44 19½
447 3206 47 19 cm
500 3239 8 8 .
578 3203 181 54 (Edson
787 3204 161 54 pocket
973 3201 198 55 library)

106 3261 54 54 ©
186 3263 108 43 Dec.
324 3260 60 53 15,
415 3261 130 51 1924;
572 3261 65 43 2c.
663 3260 87 44 and
776 3260 79 43 aff.
883 3261 120 51 Aug.
1029 3259 68 53 20,
1128 3258 130 54 1925;
1288 3260 44 42 A
1359 3258 190 54 865297;
1580 3259 48 45 C.
1659 3261 49 42 L.
1738 3260 168 54 Edson,
1937 3262 164 45 Mount

177 3319 227 51 Pleasant,
439 3315 44 48 S.
518 3315 49 46 C.
636 3315 272 55 (25-16391)

105 3415 354 75 Euripides.

183 3507 130 58 The
338 3507 259 57 adorers
623 3505 67 58 of
711 3505 313 71 Dionysos
1059 3504 334 74 (Bakchai)
1423 3507 354 58 translated
1799 3507 169 57 from
1990 3508 104 57 the

107 3584 202 60 Greek
332 3584 68 58 of
426 3582 358 77 Euripides,
810 3583 152 58 with
987 3602 79 38 an
1092 3583 271 72 original
1383 3582 491 72 interpretation
1900 3584 69 58 of
1991 3585 104 58 the

105 3662 176 74 myth
308 3661 68 59 of
399 3661 302 72 Kadmos,
728 3661 83 71 by
836 3661 217 58 James
1082 3660 268 72 Morgan
1378 3660 220 73 Pryse,
1625 3661 362 59 illustrated
2013 3663 83 71 by

107 3741 61 59 J.
213 3740 326 73 Augustus
584 3738 255 72 Knapp.
921 3737 122 59 Los
1090 3737 292 74 Angeles,
1425 3738 60 59 J.
1532 3739 84 59 M.
1661 3739 234 73 Pryse;
1945 3743 150 71 [etc.,

109 3823 128 72 etc.]
266 3819 167 56 1925.

183 3897 80 45 164
286 3912 39 39 p.
387 3895 151 51 front.,
563 3894 155 54 plates.
777 3894 54 45 20½
866 3898 48 19 cm
919 3929 10 10 .

110 3952 53 53 ©
191 3954 120 52 Aug.
346 3950 61 53 15,
443 3949 129 55 1925;
603 3951 65 43 2c.
699 3951 120 53 Aug.
849 3950 79 53 24;
962 3950 79 44 aff.
1073 3949 119 54 Aug.
1222 3950 79 52 22;
1335 3952 44 42 A
1410 3950 189 55 864302;
1634 3952 119 53 John
1785 3953 66 43 M.
1886 3953 158 52 Pryse.

188 4006 271 56 (25-16517)
