2533 4412
1073 4132 109 55 593

204 516 543 53 3 p. l., 796 p. 23 ½ cm .
127 572 53 53 ©
212 573 111 52 May
351 571 65 53 25,
451 571 129 53 1925;
610 573 65 43 2c.
707 574 87 42 and
822 574 79 42 aff.
933 573 111 51 May
1071 571 79 52 27;
1186 571 46 42 A
1261 568 188 55 855375;
1485 571 152 43 Banks
1669 571 87 44 law
1787 570 102 53 pub.
1920 585 65 30 co.
2050 570 66 54 [©

196 643 99 30 new
327 636 177 45 matter]
576 627 269 55 (25-10349)

130 697 330 72 Johannet,
498 698 185 56 René.

272 773 1843 73 … Anatole France, est-il un grand écrivain? Paris,
127 850 449 59 Plon-Nourrit
607 854 60 55 et
695 870 30 39 c
728 849 33 33 ie
792 853 180 72 [1925]

203 929 607 53 3 p. l., 64 p., 1 l. 17 cm .
127 985 1848 54 © Feb. 26, 1925; 1c. Apr. 11; A—Foreign 27295; Plon-Nourrit & co.
205 1042 270 55 (25-10517)

127 1112 430 73 Kirkpatrick,
601 1113 145 57 Otto
789 1113 69 55 B.

205 1190 129 58 The
380 1189 234 58 station
659 1193 247 68 agent’s
949 1190 140 58 blue
1132 1190 188 71 book;
1367 1209 36 38 a
1448 1191 305 70 practical
1796 1190 321 58 reference

125 1267 159 57 book
333 1266 105 57 for
490 1266 177 57 those
723 1267 269 71 actively
1047 1268 280 71 engaged
1377 1268 66 55 in
1499 1268 235 60 station
1787 1269 332 57 work—an

128 1345 316 71 everyday
485 1344 184 72 guide
711 1344 103 57 for
855 1345 103 55 the
1003 1345 235 56 station
1278 1343 400 74 employe—a
129 1347 1965 133 comprehensive
293 1425 131 55 text
460 1422 158 57 book
653 1422 103 57 for
791 1422 104 58 the
933 1423 251 57 student
1220 1422 68 58 of
1322 1423 263 72 railway
1620 1424 235 57 station
1892 1424 225 74 duties,

126 1499 1993 76 by O. B. Kirkpatrick … Chicago, Kirkpatrick publishing
126 1596 305 54 company
463 1607 12 43 [
478 1585 18 23 c
500 1579 164 72 1925]

201 1657 79 52 xii,
311 1658 78 44 523
421 1672 38 37 p.
520 1655 116 44 illus.
652 1656 153 53 .(map,
836 1656 170 52 forms)
1074 1655 52 44 27
1134 1658 46 17 cm
1187 1692 8 8 .

125 1711 54 54 ©
211 1714 114 51 May
350 1714 67 50 21,
451 1711 130 53 1925;
614 1713 63 43 2c.
709 1714 89 42 and
826 1713 78 42 aff.
938 1713 113 51 May
1078 1713 79 52 23;
1191 1713 44 42 A
1267 1711 189 54 856970;
1493 1714 54 43 O.
1583 1715 50 42 B.
1664 1714 315 52 Kirkpatrick,
197 1713 1901 109 Chicago.
390 1767 271 56 (25-10172)

129 1836 622 75 [Kuyumjian, Dikr ān]
204 1917 151 71 May
437 1915 125 57 Fair:
589 1915 185 73 being
800 1935 80 37 an
906 1915 485 59 entertainment
1416 1917 383 73 purporting
1823 1920 63 56 to
1913 1919 211 56 reveal

127 1997 63 55 to
221 1994 343 74 gentlefolk
592 1994 103 58 the
728 1994 132 57 real
891 1997 162 54 state
1087 1994 66 58 of
1183 1993 225 59 affairs
1442 1994 272 74 existing
1741 1995 66 57 in
1836 1996 104 58 the
1969 2014 155 54 very

125 2073 182 57 heart
339 2073 67 56 of
435 2072 259 57 London
726 2072 228 72 during
984 2073 103 56 the
1117 2071 291 58 fifteenth
1439 2075 122 55 and
1594 2072 313 58 sixteenth
1935 2091 186 54 years

128 2151 67 56 of
230 2150 104 57 the
370 2151 179 71 reign
584 2149 68 58 of
685 2149 119 58 His
841 2150 280 71 Majesty
1153 2150 175 72 King
1364 2150 242 73 George
1641 2152 104 57 the
1783 2151 211 58 Fifth:
128 2155 1967 145 together
385 2226 152 58 with

580 2228 264 56 suitable
887 2227 349 58 reflections
1278 2246 78 38 on
1397 2228 104 57 the
1541 2230 125 56 last
1707 2228 227 73 follies,
128 2229 1968 134 misadventures
539 2306 122 56 and
692 2304 381 73 galanteries
1107 2305 67 57 of
1203 2306 177 57 these
1415 2306 324 72 charming
1766 2307 242 71 people,
2041 2308 82 70 by

129 2385 267 55 Michael
441 2383 198 57 Arien
689 2368 252 93 [pseud]
1043 2384 151 56 New
1241 2384 189 72 York,
1483 2384 242 72 George
1773 2384 79 57 H.
1904 2385 217 56 Doran

128 2481 263 52 company
471 2493 13 42 [
485 2471 19 20 c
509 2463 163 72 1925]

197 2538 81 44 369
307 2553 40 38 p.
406 2539 55 42 20
466 2539 47 17 cm
520 2572 8 9 .
642 2537 126 53 $2.50

128 2593 52 54 ©
211 2596 112 52 May
351 2595 66 52 22,
452 2594 103 45 1925;
613 2596 64 43 2c.
709 2595 89 44 and
827 2595 97 52 aff..
936 2596 118 53 June
1086 2596 46 52 1;
1167 2595 44 43 A
1241 2594 190 53 829435;
1469 2594 178 54 George
1679 2595 62 44 H.
1775 2596 161 43 Doran
1965 2610 66 30 co.

206 2651 270 55 (25-10419)

127 2722 298 70 Lardner,
470 2721 169 74 Ring
676 2722 82 59 W
1068 2725 189 55 1885-

207 2800 129 56 The
368 2799 107 72 big
507 2803 194 67 town;
735 2800 139 56 how
906 2800 32 55 I
974 2801 122 56 and
1129 2800 104 56 the
1268 2799 152 57 Mrs.
1458 2819 76 52 go
1568 2803 64 54 to
1666 2800 151 56 New
1849 2799 174 58 York
2057 2804 63 54 to

131 2897 100 38 see
267 2877 112 58 life
419 2877 123 57 and
578 2881 103 69 get
717 2877 193 57 Katie
948 2900 35 36 a
1020 2877 303 72 husband,
1361 2878 82 71 by
1480 2876 167 73 Ring
1682 2878 95 58 W.
1817 2877 302 58 Lardner.

129 2955 151 57 New
304 2954 190 71 York,
523 2955 277 70 London,
832 2954 63 59 C.
927 2954 354 58 Scribner’s
1311 2973 164 52 sons,
1505 2956 164 57 1925.

198 3032 45 43 vi
272 3047 52 37 p.,
353 3033 26 42 2
429 3067 21 16 l.,
480 3032 83 43 244
590 3047 39 37 p.
692 3032 51 44 19½
776 3034 47 18 cm
829 3066 10 10 .

129 3087 53 53 ©
215 3089 112 52 Apr.
364 3089 63 50 10,
462 3088 130 53 1925;
628 3089 65 43 2c.
726 3089 117 52 June
872 3090 51 52 2;
959 3089 79 43 aff.
1073 3089 112 52 Apr.
1218 3089 79 52 23;
1333 3089 44 42 A
1414 3087 188 53 855447;
1641 3087 189 45 Charles
1868 3087 250 47 Scribner’s

200 3160 116 28 sons.
380 3143 66 54 [©
477 3144 75 45 the
582 3145 181 52 preface
794 3146 88 42 and
912 3160 87 37 any
1031 3145 129 44 other
1191 3160 102 29 new
1324 3144 342 53 copyrightable
1696 3143 222 55 material]

209 3200 270 56 (25-10467)

209 3271 326 60 Gullible’s
585 3273 255 70 travels,
893 3276 131 68 etc.,
1073 3274 85 71 by
1204 3272 168 72 Ring
1418 3272 96 57 W.
1568 3272 301 57 Lardner.
1972 3272 151 57 New

129 3349 188 74 York,
345 3349 278 70 London,
655 3349 63 59 C.
752 3350 354 58 Scribner’s
1137 3369 164 52 sons,
1330 3350 164 56 1925.

200 3427 45 42 vi
272 3442 54 37 p.,
353 3428 25 41 2
426 3461 21 16 l.,
477 3426 93 53 255,
602 3428 52 45 [1]
687 3442 39 37 p.
790 3428 50 43 19½
873 3430 47 17 cm
927 3463 8 9 .

201 3482 752 47 CONTENTS.—Carmen.—Three
989 3485 132 52 kings
1157 3485 88 42 and
1277 3499 26 28 a
1339 3482 404 53 pair.—Gullible’s
1781 3481 340 46 travels.—The

128 3547 145 36 water
303 3538 329 45 cure.—Three
664 3541 203 52 without,
902 3541 206 44 doubled.

130 3594 53 53 ©
216 3595 112 52 Apr.
366 3596 64 50 10,
466 3595 128 52 1925;
630 3597 63 43 2c.
727 3598 115 51 June
874 3598 51 51 2;
961 3598 79 43 aff.
1074 3598 112 51 Apr.
1219 3597 79 51 23;
1335 3596 44 43 A
1415 3595 188 52 855445;
1643 3595 187 45 Charles
1868 3594 250 47 Scribner’s

201 3667 116 27 sons.
381 3650 66 53 [©
477 3652 76 42 the
582 3652 182 51 preface
793 3654 86 43 and
910 3668 85 37 any
1024 3653 132 44 other
1185 3651 342 53 copyrightable
1557 3652 221 53 material]

209 3705 270 57 (25-10466)

132 3774 346 71 Lawrence,
521 3777 356 74 Josephine.

210 3851 1839 75 Elizabeth Ann and Doris, by Josephine Lawrence …
132 3928 358 59 illustrated
511 3931 83 71 by
617 3932 167 59 John
808 3933 82 56 M.
916 3934 244 56 Foster.
1225 3933 150 56 New
1397 3932 189 73 York,
1611 3933 73 56 N.
1711 3932 93 71 Y.,
1830 3930 286 68 Newark,

133 4005 73 58 N.
236 4007 80 72 J.,
342 4007 201 58 Barse
571 4008 48 57 &
645 4008 286 72 Hopkins
965 4041 13 42 [
980 4018 19 22 c
1002 4011 163 71 1925]
