2533 4412
1232 4027 149 56 1492

289 352 232 73 O'Neil,
562 353 238 60 Robert
837 352 327 76 Kingsley,
1207 357 190 57 1869-

363 445 510 59 Naturalization
920 447 183 58 made
1154 466 181 52 easy;
1383 448 168 58 what
1600 451 64 56 to
1716 450 78 57 do
1843 450 125 57 and
2012 450 169 59 what
2228 455 65 54 to

285 526 180 57 know;
528 545 39 37 a
592 525 162 57 book
784 524 68 58 of
880 525 381 58 instruction
1292 526 104 57 for
1428 527 197 58 aliens
1654 526 270 74 wishing
1951 531 64 55 to
2043 529 250 58 become

288 604 256 58 citizens
578 604 67 56 of
675 603 105 57 the
812 603 240 58 United
1085 603 233 77 States,
1349 605 84 71 by
1465 605 73 56 R.
1572 605 81 57 K.
1690 605 226 59 O'Neil
1947 608 126 57 and
2104 606 70 60 G.
2209 607 84 58 K.

287 681 2007 76 Estes … 8th ed. San Francisco, Cal., A. Carlisle & co.,
287 762 167 56 1925.

361 853 90 53 155,
480 855 43 44 iv
549 869 40 39 p.
679 850 24 48 15½cm.

289 923 52 54 ©
375 925 119 43 Nov.
530 925 62 50 14,
628 923 130 52 1925;
788 924 66 42 2c.
886 925 87 42 and
1005 924 78 44 aff.
1118 925 109 42 Dec.
1259 924 49 52 8;
1343 925 44 42 A
1418 923 191 54 875422;
1645 926 53 42 R.
1733 926 58 42 K.
1828 925 171 45 O’Neil
2031 928 88 43 and
2152 926 52 45 G.
2239 928 58 42 K.

360 981 148 52 Estes,
542 980 91 46 San
664 981 123 52 Jose,
821 980 135 44 Calif.
1026 979 272 55 (25-25312)

289 1082 137 70 Orr,
468 1083 220 72 Marye
731 1081 312 59 Crockett.

361 1175 227 56 Poems
626 1174 67 56 of
728 1192 285 53 memory
1051 1173 112 73 [by]
1204 1173 222 73 Marye
1466 1171 293 61 Crockett
1799 1173 142 59 Orr.
2042 1174 259 75 Boston,

284 1254 72 56 R.
392 1252 70 60 G.
496 1251 258 74 Badger
786 1281 14 45 [
801 1259 20 24 c
824 1253 167 73 1925]

358 1343 52 47 57
433 1358 40 40 p.
531 1342 58 46 20
593 1347 48 18 cm
647 1377 11 10 .

289 1413 54 56 ©
370 1417 120 52 Aug.
516 1416 69 52 28,
615 1413 130 55 1925;
774 1415 64 44 2c.
868 1415 120 44 Nov.
1016 1414 79 54 21;
1126 1414 79 45 aff.
1236 1414 120 44 Nov.
1388 1415 75 52 19;
1495 1415 44 43 A
1567 1414 191 54 872543;
1791 1415 200 45 Richard
2022 1415 51 46 G.
2108 1417 192 53 Badger.

368 1471 273 57 (25-25404)

291 1573 147 58 Orts
472 1590 43 57 y
549 1573 165 70 Orts,
754 1572 169 61 José.

430 1662 1877 75 … El m é dico de las familias (la enfermedad por el
293 1740 1977 74 s í ntoma y su tratamiento) con una adici ó n referente á
291 1822 93 58 los
439 1820 241 59 medios
739 1822 75 56 de
873 1839 189 38 curar
1118 1838 119 54 por
1294 1818 313 74 gimnasia
1665 1820 298 72 racional,
2024 1840 186 39 sueca
2267 1840 42 54 y

292 1898 2014 75 respiratoria; hidroterapia; ba ñ os de sol; vegetarismo,
291 1976 1991 155 etc. Nueva ed. cor. y aum. … 5. ed. de 10,000 ejemplares.
604 2055 960 74 Barcelona, B. Bauz á [ c 1925]
362 2134 582 54 237, 14, viii p. 21 ½c m .
294 2191 1989 141 — Apéndice … S í ntomas y tratamiento de las enfermedades
521 2268 1749 76 del aparato génito-urinario. Barcelona, B. Bauz á
296 2353 182 73 [1925]

364 2429 273 51 cover-title,
671 2428 54 45 39
754 2441 42 40 p.
859 2427 52 45 19
916 2427 47 18 cm
971 2461 8 8 .

363 2487 244 54 Appendix
640 2487 45 42 in
715 2485 164 53 pocket
910 2483 50 45 of
994 2482 121 44 main
1146 2482 145 44 work.

293 2537 1867 60 © May 27, 1925; 1c. Oct. 21; A— Foreign 28873; Bartolomé Bauz á .
373 2599 273 59 (25-25746)

296 2700 176 71 Paul,
507 2703 155 57 Mrs.
696 2700 271 57 Nanette
1013 2695 267 75 (Baker)
1327 2697 191 58 1866-

374 2791 1860 77 The great woman statesman, by Nanette B. Paul …
295 2874 320 73 prepared
644 2873 106 56 for
783 2889 110 39 use
924 2870 68 57 in
1022 2869 106 58 the
1162 2869 208 58 Susan
1399 2869 71 56 B.
1506 2869 303 73 Anthony
1839 2870 226 60 wheels
2099 2872 68 58 of
2199 2872 104 58 the

298 2954 209 58 Susan
550 2952 72 56 B.
670 2949 303 71 Anthony
1018 2946 398 74 foundation,
1462 2946 440 75 Washington,
1951 2949 75 57 D.
2078 2948 66 60 C.;
2224 2970 79 38 an

298 3032 281 58 abstract
606 3029 68 58 of
702 3027 187 59 “The
915 3026 113 58 life
1057 3026 125 58 and
1205 3025 176 58 work
1407 3026 69 57 of
1505 3026 208 58 Susan
1738 3027 72 57 B.
1839 3027 356 74 Anthony"
2221 3029 85 73 by

295 3107 382 75 permission
730 3106 68 58 of
849 3105 106 58 the
1008 3104 245 72 author,
1308 3103 120 58 Ida
1478 3103 253 59 Husted
1784 3104 274 73 Harper.
2154 3106 152 61 New

294 3180 1387 82 York, Hogan-Paulus corporation [ c 1925]
372 3262 1017 59 3 p. l., 169 p. front., plates. ports. 23½cm.
295 3308 2012 69 © Dec. 1 , 1925; 2c. Dec. 4; aff. Dec. 8; A 875401; N. B. Paul, Washington.
377 3379 273 57 (25-25313)

301 3478 274 71 Pennell,
615 3476 258 74 Joseph,
912 3476 192 58 1860-

380 3570 131 57 The
551 3569 380 57 adventures
973 3565 68 58 of
1079 3584 79 38 an
1195 3563 378 73 illustrator,
1612 3566 234 72 mostly
1882 3566 66 57 in
1988 3567 324 76 following

301 3641 1940 74 his authors in America & Europe, by Joseph Pennell …
301 3726 259 68 Boston,
591 3722 216 73 Mass.,
839 3721 213 73 Little,
1079 3720 235 57 Brown
1342 3720 126 57 and
1497 3738 323 56 company,
1855 3722 166 57 1925.

371 3802 114 50 xxii,
513 3801 84 44 372
623 3814 39 39 p.
693 3799 102 44 incl.
823 3798 132 52 illus.,
985 3797 155 53 plates,
1170 3804 155 45 ports.,
1356 3796 200 44 facsims.
1617 3797 84 44 col.
1732 3797 138 45 front.
1931 3800 51 44 31
1991 3801 47 18 cm
2045 3834 8 8 .

373 3859 152 43 “First
559 3856 272 53 impression
861 3854 53 46 of
944 3855 76 44 the
1051 3855 130 44 trade
1213 3853 211 45 edition.”

304 3914 52 54 ©
390 3916 119 43 Nov.
540 3916 68 50 23,
642 3911 131 54 1925;
805 3912 66 45 2c.
905 3912 88 43 and
1023 3911 78 44 aff.
1136 3911 109 43 Dec.
1277 3911 50 51 4;
1362 3911 44 42 A
1439 3908 162 45 872721;
1669 3911 35 49 J.
1739 3911 202 52 Pennell,
1976 3913 244 52 Brooklyn.

381 3970 273 57 (25-25097)
