2533 4412
1343 4107 111 57 780

399 424 262 74 Cromie,
699 426 285 61 William
1018 428 233 73 James,
1289 432 191 58 1877-

537 518 1803 76 … Gymnastics in education, by William J. Cromie …
396 596 364 60 illustrated
795 598 152 57 with
986 599 110 56 240
1134 599 399 74 engravings.
1617 600 443 74 Philadelphia
2098 603 124 58 and
2259 603 151 58 New

396 674 192 73 York,
620 676 129 57 Lea
777 675 49 59 &
854 675 291 74 Pebiger,
1177 678 168 56 1925.

468 752 62 54 ix,
572 751 162 46 17-220
771 768 40 37 p.
873 753 129 55 illus.,
1040 753 169 55 diagrs.
1269 756 56 43 24
1331 758 47 17 cm
1385 791 7 7 .
1462 755 125 55 (The
1626 756 213 54 Physical
1877 756 237 47 education
2151 758 154 52 series,
2342 759 67 44 ed.

397 810 59 53 by
492 810 54 43 R.
581 809 55 45 T.
673 809 284 56 McKenzie)

470 866 354 55 Bibliography:
860 883 41 39 p.
936 865 97 47 217.

394 922 58 55 ©
482 925 120 53 Aug.
635 926 38 51 3,
709 925 130 53 1925;
872 926 65 44 2c.
970 926 120 53 Aug.
1125 926 49 53 5;
1207 927 80 43 aff.
1319 927 121 54 Aug.
1473 926 50 55 7;
1557 929 45 42 A
1634 928 191 54 861326;
1860 929 91 45 Lea
1984 930 38 44 &
2052 928 211 55 Febiger.

477 980 272 56 (25-15448)

397 1080 204 74 Cross,
640 1081 203 75 Percy
877 1083 260 72 George,
1176 1086 191 57 1877-

473 1175 214 74 Bogus
734 1196 72 38 or
848 1177 199 59 bonus
1093 1177 189 73 lives;
1326 1178 104 59 the
1477 1179 195 58 ethics
1721 1181 68 56 of
1831 1179 421 59 constructive
392 1180 1991 146 citizenship,

395 1254 1988 137 by Percy George Cross … Philadelphia, Dorrance
612 1334 125 56 and
766 1350 325 57 company,
1123 1333 169 61 1925.

467 1411 84 45 206
580 1425 42 39 p.
824 1444 10 13 19½cm.

397 1464 53 54 ©
481 1466 108 52 July
616 1466 66 52 21,
718 1465 131 53 1925;
882 1466 65 44 2c.
979 1467 87 43 and
1096 1466 80 44 aff.
1207 1467 107 53 July
1345 1467 79 53 23;
1457 1467 44 43 A
1533 1465 190 55 861159;
1759 1468 237 44 Dorrance
2028 1469 38 44 &
2095 1483 82 38 co.,
2209 1467 84 45 inc.

477 1522 272 55 (25-14549)

395 1620 231 75 Curtis,
666 1622 189 75 Mary
891 1622 227 61 Isabel.

476 1713 242 61 Stories
769 1714 66 57 in
885 1718 168 55 trees
1108 1715 113 74 [by]
1275 1714 189 73 Mary
1511 1715 50 57 I.
1617 1713 247 73 Curtis;
1916 1715 362 60 illustrated
2327 1718 81 71 by

394 1792 199 60 Jewel
621 1792 338 59 Morrison.
1047 1792 293 74 Chicago,
1370 1793 154 57 New
1551 1793 192 73 York,
1776 1793 210 73 Lyons
2019 1796 123 56 and
393 1793 1992 135 Carnahan

552 1900 14 44 [
566 1880 20 21 c
590 1871 166 73 1925]

465 1950 83 43 224
573 1963 41 39 p.
642 1949 102 44 incl.
772 1949 85 45 col.
889 1948 130 55 illus.,
1048 1950 84 46 col.
1160 1949 158 54 plates.
1382 1949 147 45 19½cm.

394 2004 55 55 ©
479 2006 113 54 May
622 2006 34 52 1,
691 2005 129 54 1925;
879 2021 36 30 1c.
943 2007 117 52 June
1084 2006 80 54 29;
1223 2022 36 29 1c.
1288 2007 108 53 July
1421 2007 80 53 24;
1531 2006 80 45 aff.
1638 2007 119 53 June
1782 2006 79 55 27;
1892 2007 44 44 A
1965 2006 190 56 861209;
2187 2007 152 55 Lyons
2370 2009 38 45 &

467 2063 254 45 Carnahan.
791 2062 273 57 (25-15267)

390 2164 216 73 Davis,
645 2165 256 74 Eugene
937 2165 76 57 N.

469 2257 60 57 A
570 2261 179 69 story
788 2258 69 57 of
894 2257 104 58 the
1038 2257 198 58 brook
1275 2257 125 58 and
1440 2257 184 57 other
1661 2275 203 55 verse,
1904 2257 84 73 by
2027 2256 259 74 Eugene
2327 2257 75 58 N.

393 2332 1075 75 Davis … [Rutland, Vt., c 1925]
474 2411 603 56 1 p. l., [5]-28 p. 22cm.
393 2468 55 54 ©
475 2469 108 53 July
610 2470 38 52 3,
680 2469 130 53 1925;
839 2470 64 43 2c.
932 2470 87 43 and
1048 2470 79 43 aff.
1156 2468 108 54 July
1290 2468 49 53 6;
1369 2469 44 43 A
1442 2468 191 53 855889;
1665 2466 53 49 E.
1748 2469 60 44 N.
1838 2469 159 53 Davis,
2025 2468 214 54 Rutland,
2268 2469 79 46 Vt.

474 2526 273 55 (25-14490)

392 2626 295 73 Dickson,
731 2626 254 60 Samuel
1025 2623 354 75 Benjamin,
1421 2628 150 58 1889–

472 2717 213 61 Coded
715 2717 336 72 limericks,
1083 2718 84 80 by
1200 2717 63 59 S.
1294 2717 73 57 B.
1403 2716 305 73 Dickson;
1741 2716 148 74 fifty
390 2717 1992 154 laugh-provoking

524 2796 333 73 limericks,
885 2796 340 72 presented
1250 2794 66 58 in
1344 2799 202 54 secret
1571 2794 235 74 cipher,
1832 2798 64 56 to
1921 2796 77 61 be
2025 2797 272 59 decoded
2322 2798 84 72 by

391 2874 103 60 the
529 2876 242 72 reader,
803 2875 292 73 together
1123 2874 153 57 with
1306 2874 121 57 full
1455 2873 413 59 instructions
1903 2873 364 73 explaining
2298 2877 106 57 the

391 2954 327 72 technique
757 2953 69 58 of
862 2952 400 72 unravelling
1296 2951 178 59 these
1509 2952 219 57 verbal
1762 2950 370 74 mysteries;
390 2972 1989 132 accompanied

643 3033 85 71 by
751 3032 129 57 The
906 3031 317 72 gold-bug,
1245 3031 85 71 by
1350 3029 222 73 Edgar
1593 3029 189 58 Allan
1808 3030 145 60 Poe.
2037 3029 153 59 New
2212 3028 191 73 York,

393 3110 216 59 Simon
640 3112 124 56 and
799 3109 319 72 Schuster,
1150 3108 167 57 1925.

465 3187 78 47 125
576 3204 40 38 p.
680 3187 267 46 14½×21cm.

393 3244 53 54 ©
477 3248 117 51 June
627 3243 61 54 15,
726 3244 130 53 1925;
919 3260 35 28 1c.
987 3245 118 51 June
1137 3244 76 51 16;
1275 3258 36 29 1c.
1344 3243 108 53 July
1481 3244 51 51 2;
1567 3243 79 44 aff.
1679 3243 116 53 June
1826 3243 78 53 23;
1940 3243 44 43 A
2016 3243 190 50 860262;
2244 3242 157 47 Simon

463 3303 87 44 and
587 3302 232 52 Schuster,
853 3301 83 43 inc.
1006 3299 272 56 (25-13641)

392 3402 210 70 Elson,
637 3400 285 61 William
954 3398 247 73 Harris,
1237 3401 150 57 1856–

470 3495 130 58 The
637 3493 197 59 Elson
869 3491 379 60 foundation
1281 3491 169 72 unit;
1488 3515 37 37 a
1558 3490 536 73 course-of-study
2125 3493 272 71 manual,

389 3574 372 73 presenting
784 3593 50 40 a,
847 3571 274 59 detailed
1144 3571 256 58 method
1424 3572 68 56 of
1514 3570 348 71 procedure
1889 3571 106 56 for
2016 3570 383 72 pre-primer

389 3646 2005 76 work in reading, by William H. Elson … and Lura E.
389 3724 2009 77 Runkel … Chicago, Atlanta [etc.] Scott. Foresman and
389 3827 308 53 company
735 3836 12 43 [
748 3813 20 22 c
772 3806 165 72 1925]

463 3888 90 50 119,
580 3888 56 43 32
659 3899 42 37 p.
762 3883 116 46 illus.
905 3884 131 51 (part
1060 3883 112 47 col.)
1242 3882 119 45 19cm.

461 3944 126 44 “The
615 3942 142 45 Elson
788 3941 182 45 readers
998 3938 162 53 pupils’
1187 3937 123 46 hand
1338 3936 185 46 chart”:
1554 3937 53 44 32
1635 3949 42 35 p.
1703 3944 47 38 at
1778 3937 100 46 end.

391 3996 53 54 ©
475 3998 109 52 July
610 3996 65 43 20.
711 3994 129 52 1925;
873 3995 65 42 2c.
970 3994 87 43 and
1086 3993 79 43 aff.
1196 3992 107 52 July
1331 3989 80 54 27;
1446 3990 44 43 A
1521 3990 190 52 861198;
1749 3989 142 53 Scott,
1924 3988 249 46 Foresman
2204 3991 38 44 &
2273 4006 66 29 co.

471 4052 272 44 (25-14736)
