2533 4412
0 0 0 0 289
165 416 334 57 American
550 415 243 76 mining
844 432 310 55 congress.
1246 418 165 73 27th,
1463 417 428 74 Sacramento,
1945 416 209 75 Calif.,
241 496 165 56 1924.

239 584 419 72 Proceedings
687 585 67 56 of
778 584 103 57 the
911 583 381 59 Conference
1321 602 78 37 on
1421 583 165 57 mine
1611 583 285 57 taxation
1920 583 144 58 held
2087 583 65 58 in

163 661 397 72 conjunction
585 660 149 58 with
761 661 103 57 the
889 660 521 71 twenty-seventh
1436 662 232 55 annual
1691 660 369 58 convention
2085 662 69 57 of

161 738 102 57 the
299 738 335 57 American
667 738 242 73 mining
943 757 312 53 congress,
1294 737 424 73 Sacramento,
1758 736 205 75 Calif.,
162 738 1965 136 September

425 815 382 60 29-October
833 817 243 72 4,1924.
1140 815 437 73 Washington,
1603 816 73 55 D.
1706 814 83 75 C.,
1817 808 336 66 American

158 895 241 72 mining
424 914 312 53 congress,
767 896 164 55 1924.

240 973 79 45 149
342 988 40 38 p.
441 975 52 43 23
502 975 46 17 cm
555 1007 9 9 .

162 1028 53 53 ©
243 1030 119 43 Mar.
389 1029 39 50 2,
462 1027 128 53 1925;
618 1029 64 42 2c.
712 1030 87 42 and
827 1029 77 43 aff.
935 1030 119 42 Mar.
1083 1030 49 50 3;
1163 1029 43 42 A
1235 1027 188 53 822245;
1455 1028 155 44 Amer.
1641 1027 172 53 mining
1841 1042 228 39 congress.

240 1084 241 55 (25-6421)

158 1182 255 73 Amicis,
455 1184 324 57 Edmondo
818 1185 92 70 de,
951 1185 357 58 1846-1908.

158 1271 1994 138 … Cuore di Edmondo de Amicis, edited with direct-method
434 1351 325 71 exercises,
781 1355 199 67 notes,
1007 1353 123 56 and
1151 1351 383 72 vocabulary
1554 1351 84 71 by
1662 1351 142 59 Olin
1827 1351 78 57 H.
1934 1351 218 58 Moore

227 1428 1922 77 … and D. P. Rotunda … Boston, New York [etc.] D. C.
157 1508 211 57 Heath
396 1508 122 57 and
546 1526 305 54 company
878 1509 184 72 [c1925]

234 1584 1925 56 x p., 1 l., 224 p. front. (port.) illus. 17 cm . (Heath’s modern language
167 1644 161 53 series)

160 1699 53 53 ©
244 1701 119 42 Mar.
393 1697 39 54 7,
464 1698 129 54 1925;
624 1700 65 43 2c.
721 1701 119 42 Mar.
875 1701 73 50 12;
980 1700 78 43 aff.
1091 1700 119 42 Mar.
1244 1699 73 52 10;
1350 1700 44 42 A
1425 1699 188 52 823390;
1647 1700 57 42 D.
1738 1698 48 45 C.
1818 1698 157 45 Heath
2005 1700 36 43 &
2072 1714 80 38 co.,

230 1756 82 43 inc.
376 1754 66 55 [©
474 1756 310 52 introductory
813 1763 175 44 matter,
1018 1764 144 43 notes,
1194 1755 224 44 exercises
1450 1757 86 42 and
1564 1756 289 52 vocabulary]

238 1811 243 56 (25-7391)

160 1912 151 69 Bell,
353 1910 247 73 Archie,
645 1914 187 56 1877-

231 2001 188 73 Mary
453 2001 67 58 of
554 2001 327 73 Magdala;
915 2001 113 58 her
1062 2001 305 58 romantic
1403 2005 192 69 story,
1630 2002 84 73 by
1748 2000 231 60 Archie
2014 2002 137 58 Bell

225 2079 1927 74 … with a frontispiece in photogravure from a painting
157 2157 82 72 by
267 2158 95 58 W.
395 2157 89 58 St.
517 2158 59 57 J.
607 2159 272 69 Harper.
947 2157 256 72 Boston,
1234 2158 223 57 Issued
1486 2158 104 57 for
1618 2158 105 57 the
1756 2158 90 58 St.
1877 2158 274 72 Botolph

157 2234 236 70 society
414 2236 83 68 by
519 2235 67 56 L.
616 2234 64 59 C.
707 2236 172 68 Page
905 2235 46 56 &
977 2252 305 52 company
1310 2264 12 40 [
1325 2242 17 21 c
1347 2236 163 68 1925]

232 2314 700 52 4 p. l., 3-310 p. front. 19½cm.
160 2369 53 53 ©
245 2371 118 42 Mar.
395 2372 67 50 21,
497 2369 129 54 1925;
659 2371 63 43 2c.
757 2372 86 42 and
874 2371 79 42 aff.
987 2371 120 42 Mar.
1141 2369 77 53 24;
1254 2370 44 42 A
1331 2369 187 52 823520;
1555 2372 50 43 L.
1641 2368 49 46 C.
1725 2371 124 52 Page
1884 2371 36 43 &
1953 2386 78 31 co.,
2067 2371 82 44 inc.

238 2426 241 55 (25-7276)

158 2525 298 72 Bennion,
492 2525 244 69 Milton,
777 2529 190 56 1870-

237 2616 382 74 Citizenship;
685 2638 79 36 an
793 2617 426 59 introduction
1251 2621 63 54 to
1350 2616 192 60 social
1573 2616 212 74 ethics,
1817 2619 84 71 by
1930 2619 225 58 Milton

158 2695 1928 72 Bennion … with an introduction by David Snedden …
157 2774 150 58 Rev.
350 2774 122 57 and
514 2775 112 56 enl.
671 2774 90 57 ed.
862 2773 705 71 Yonkers-on-Hudson,
1609 2773 74 57 N.
1725 2773 94 72 Y.,
1864 2772 290 74 Chicago,

156 2850 220 59 World
405 2851 159 58 book
596 2870 319 53 company,
950 2852 165 56 1925.

227 2929 709 52 xviii p., 1 l., 219 p. 19½ cm .
230 2985 276 44 “Reference
535 2985 196 44 books”:
764 3001 39 38 p.
833 2983 207 46 214-215.

158 3040 53 53 ©
242 3041 106 45 Feb.
381 3040 35 52 5,
453 3042 128 52 1925;
615 3044 63 42 2c.
709 3044 86 42 and
826 3043 78 42 aff.
939 3043 118 42 Mar.
1090 3041 76 52 26;
1202 3042 44 42 A
1279 3040 188 53 823529;
1503 3041 165 44 World
1701 3042 119 44 book
1851 3057 66 28 co.
1981 3040 66 54 [©
226 3057 1902 85 revision
405 3100 86 42 and
523 3114 98 28 new
654 3106 178 45 matter]
904 3097 241 55 (25-7452)

158 3181 324 73 Brimmer,
525 3182 215 58 Frank
778 3183 273 71 Everett,
1094 3184 189 58 1890-

231 3273 250 72 Camps,
528 3274 103 70 log
677 3273 231 71 cabins,
954 3274 217 71 lodges
1222 3275 123 56 and
1393 3272 386 71 clubhouses,
1827 3275 83 70 by
1957 3275 70 57 F.
2078 3275 71 57 E.

157 3350 1995 73 Brimmer … illustrations from author’s pen sketches and
157 3428 449 72 photographs.
690 3430 151 56 New
865 3429 190 73 York,
1083 3428 280 71 London,
1393 3429 73 57 D.
1494 3428 320 73 Appleton
1843 3429 124 58 and
156 3447 1973 131 company,
373 3506 165 59 1925.

228 3581 1359 55 5 p. l., 139 p. front., illus. (incl. plans) 16x23 cm .
158 3639 53 53 ©
242 3641 119 42 Mar.
388 3641 68 49 20,
489 3639 129 53 1925;
650 3641 63 42 2c.
743 3642 87 42 and
859 3641 78 42 aff.
971 3641 119 43 Mar.
1121 3640 77 51 24;
1232 3640 44 42 A
1307 3639 187 53 823493;
1528 3640 58 44 D.
1616 3639 227 53 Appleton
1875 3640 38 44 &
1941 3655 67 29 co.

236 3695 242 55 (25-7465)

160 3779 279 59 Catholic
473 3779 247 58 church.
792 3780 267 74 Liturgy
1095 3783 125 56 and
1254 3779 207 60 ritual.
1542 3779 240 60 Missal.

235 3872 129 57 The
403 3891 135 38 new
572 3872 220 58 missal
831 3872 107 58 for
977 3891 190 52 every
1206 3872 152 71 day;
1404 3891 38 38 a
1481 3873 300 71 complete
1820 3872 221 59 missal
2081 3873 65 57 in

158 3949 282 73 English,
474 3950 151 55 with
659 3949 443 72 introduction,
1137 3953 197 69 notes,
1371 3951 124 57 and
1529 3970 40 37 a
1599 3950 159 57 book
1794 3951 67 57 of
1893 3969 254 60 prayer,
