2533 4412
1345 4123 111 57 386

399 418 173 71 Buel,
605 422 153 55 Mrs.
796 419 330 60 Elizabeth
1162 420 272 74 Cynthia
1478 421 310 75 (Barney)
1834 424 189 57 1868-

397 498 1984 151 Manual dos Estados Unidos, para inf ormaoç ã [!] de immigrantes
774 597 29 36 e
834 577 445 73 estrangeiros.
1363 578 150 56 Rev.
1546 599 29 36 e
1605 597 203 53 augm.
1895 577 368 74 Compilado
2289 598 119 53 por

399 653 1985 136 Elizabeth C. Barney Buel … [Washington, D. C.] Sociedade
585 732 1744 74 nacional das Filhas da revoluç ã o americana, 1925.
469 808 511 53 96 p. illus. 1 8 ½ cm .
471 866 1243 55 “Translated … from the third English edition.”
400 922 54 54 ©
484 924 106 44 Feb.
619 925 66 51 20,
719 925 128 52 1925;
880 927 64 41 2c.
975 927 87 42 and
1091 927 79 42 aff.
1204 927 119 42 Mar.
1354 926 77 51 30;
1465 925 46 44 A
1539 925 189 53 826746;
1763 926 220 44 National
2015 926 171 52 society
470 925 1913 99 Daughters

593 981 50 43 of
672 981 76 44 the
779 982 248 43 American
1059 982 267 43 revolution.
1404 981 53 53 [©
1489 983 197 44 revision
1719 983 87 43 and
1838 998 101 28 new
1969 990 180 47 matter]

479 1037 244 54 (25-8140)

477 1109 259 57 Manual
764 1109 65 57 of
854 1109 103 57 the
984 1109 239 58 United
1249 1110 233 71 States,
1508 1110 103 57 for
1636 1110 105 59 the
1767 1109 415 58 information
2208 1111 68 57 of
396 1110 1990 150 immigrants

748 1189 126 56 and
909 1187 376 73 foreigners.
1389 1189 150 56 Rev.
1582 1189 125 57 and
1745 1188 114 58 enl.
1965 1186 326 74 Compiled
2327 1189 83 71 by

399 1264 2009 75 Elizabeth C. Barney Buel … [Washington, B. C.] The
399 1342 300 58 National
733 1342 254 73 society,
1023 1343 363 73 Daughters
1423 1344 68 57 of
1525 1344 106 58 the
1664 1344 337 58 American
2038 1343 370 72 revolution,

400 1422 165 57 1924.

472 1499 536 54 102 p. illus. 18½c m .
399 1554 55 54 ©
488 1557 119 43 Nov.
638 1557 67 51 24,
745 1557 129 52 1924;
910 1558 64 42 2c.
1008 1559 87 42 and
1129 1558 79 43 aff.
1244 1559 119 42 Mar.
1397 1558 65 52 30,
1502 1557 130 52 1925;
1669 1558 44 42 A
1748 1556 189 53 826744;
1977 1557 219 43 National
2233 1556 171 52 society

471 1613 262 53 Daughters
765 1614 53 44 of
851 1614 75 44 the
961 1613 247 44 American
1244 1614 265 44 revolution.
1580 1613 244 55 (25-8139)

477 1683 447 58 Taschenbuch
970 1684 156 57 über
1176 1684 98 58 die
1325 1683 412 74 Vereinigten
1791 1684 282 72 Staaten,
2125 1683 108 57 für
397 1683 1989 136 einwanderer

753 1762 131 58 und
912 1762 352 58 ausländer.
1348 1762 522 72 Durchgesehene
1898 1763 130 56 und
2059 1761 350 59 erweiterte

399 1859 173 53 ausg.
656 1840 628 72 Zusammengestellt
1320 1859 123 38 von
1483 1840 330 58 Elizabeth
1854 1839 65 59 C.
1958 1840 258 71 Barney
2251 1839 159 57 Buel

466 1917 1944 74 … [Washington, D. C.] National-gesellschaft der Töchter
399 1998 112 57 der
541 1996 539 59 amerikanischen
1109 1997 371 70 revolution,
1511 1997 165 61 1924.

473 2075 536 53 101 p. illus. 18 ½c m .
470 2130 1244 54 “Translated … from the third English edition.”
400 2187 54 54 ©
482 2190 100 52 Jan.
615 2189 64 52 16,
713 2189 129 52 1925;
876 2191 64 42 2c.
968 2191 89 42 and
1089 2190 79 43 aff.
1202 2190 119 43 Mar.
1354 2189 77 51 30;
1463 2189 44 43 A
1539 2188 189 53 826745;
1763 2188 219 44 National
2013 2187 169 53 society
471 2185 1911 104 Daughters

593 2246 51 44 of
674 2246 76 44 the
782 2247 246 42 American
1061 2246 265 44 revolution.
1402 2244 55 54 [©
1490 2245 195 44 revision
1718 2245 87 44 and
1837 2260 101 29 new
1968 2251 179 48 matter]

479 2302 243 55 (25-8138)

401 2372 294 74 Burgess,
735 2373 324 58 Thornton
1091 2372 244 72 Waldo,
1375 2375 191 57 1874-

397 2449 1987 139 … Billy Mink, by Thornton W. Burgess; with illustrations
586 2532 84 70 by
691 2531 319 57 Harrison
1034 2530 192 73 Cady.
1309 2530 258 72 Boston,
1592 2529 212 71 Little,
1826 2530 249 72 Brown,
2101 2530 125 58 and
398 2547 1982 134 company,
615 2609 165 59 1924.

470 2688 44 44 vi
538 2703 55 37 p.,
621 2690 18 42 1
684 2723 25 16 l.,
735 2688 79 44 196
836 2704 40 36 p.
937 2690 85 44 col.
1047 2688 153 51 front.,
1225 2689 85 43 col.
1335 2689 155 51 plates.
1550 2688 49 42 21
1611 2689 47 18 cm
1665 2721 8 8 .
1741 2686 120 53 (His
1888 2686 195 52 Smiling
2106 2687 104 51 pool
2233 2688 166 44 series)

401 2740 54 54 ©
485 2742 123 53 Sept.
636 2743 68 52 26,
737 2743 106 43 1924;
898 2742 65 44 2c.
992 2744 87 42 and
1108 2744 78 42 aff.
1222 2742 119 53 Sept.
1370 2742 53 44 27;
1480 2742 44 42 A
1553 2742 166 43 808082;
1775 2741 54 44 T.
1859 2742 76 43 W.
1968 2742 212 52 Burgess,
470 2740 1912 109 Springfield,

629 2800 141 42 Mass.
841 2798 271 55 (24-22580)

402 2868 214 72 Cloud,
647 2867 350 60 Archibald
1028 2869 193 58 Jeter.

476 2944 133 60 Our
651 2945 462 73 constitutions,
1156 2945 286 58 national
1485 2947 124 56 and
1654 2948 194 69 state;
1895 2965 79 38 an
2019 2946 383 71 elementary

399 3027 133 54 text
560 3024 64 56 in
654 3029 408 68 government
1092 3026 126 56 and
1246 3024 368 72 citizenship
1644 3024 104 57 for
1773 3044 110 36 use
1915 3024 66 56 in
2008 3024 106 57 the
2144 3025 164 56 state
2338 3022 68 59 of

397 3100 1939 75 Washington, by A. J. Cloud … and Edmond S. Meany …
403 3178 291 76 Chicago,
747 3179 263 59 Atlanta
1067 3184 147 70 [etc.]
1274 3180 193 72 Scott,
1522 3180 347 58 Foresman
1925 3179 124 59 and
2101 3196 304 55 company

402 3286 14 44 [
419 3268 17 21 c
439 3260 165 72 1925]

470 3336 81 44 350
581 3351 39 38 p.
652 3337 100 43 incl.
784 3336 153 53 front.,
966 3337 115 43 illus.
1145 3336 50 44 18½
1231 3339 48 17 cm
1284 3371 9 9 .

473 3393 134 43 Parts
647 3395 18 41 1
702 3394 90 43 and
826 3394 29 42 2
887 3392 247 55 published
1169 3394 106 44 1923
1310 3393 150 43 under
1491 3391 124 45 title:
1655 3391 103 45 Our
1794 3389 332 53 Constitution,
2165 3389 60 45 its
2262 3397 141 45 story,

401 3450 57 44 its
487 3450 223 53 meaning,
739 3451 56 43 its
825 3465 91 36 use,
945 3451 61 52 by
1033 3450 58 42 A.
1118 3451 41 50 J.
1192 3449 159 45 Cloud.

472 3505 171 54 “Topic
670 3506 284 44 references”
981 3514 45 36 at
1053 3508 84 42 end
1164 3506 52 45 of
1241 3507 109 44 each
1378 3505 196 53 chapter.

401 3561 53 53 ©
482 3563 112 52 Apr.
625 3563 38 49 9,
697 3563 104 44 1925;
857 3565 64 42 2c.
952 3565 87 43 and
1067 3564 79 43 aff.
1177 3564 111 51 Apr.
1323 3564 48 42 13;
1430 3563 44 42 A
1504 3560 164 46 822858;
1729 3560 143 52 Scott,
1903 3559 249 45 Foresman
2184 3559 37 44 &
2252 3573 65 28 co.

480 3617 242 57 (25-8424)

402 3687 231 74 Cohan,
676 3689 241 73 George
957 3689 286 72 Michael,
1290 3693 187 57 1878-

479 3766 262 74 Twenty
763 3787 188 52 years
979 3788 78 37 on
1084 3768 357 72 Broadway
1466 3767 124 57 and
1613 3766 105 58 the
1744 3784 187 54 years
1959 3764 51 58 it
2037 3763 147 60 took
2208 3766 64 55 to
2303 3766 103 69 get

401 3845 174 57 there;
635 3845 103 57 the
766 3849 139 54 true
934 3851 178 67 story
1136 3848 69 56 of
1230 3867 34 37 a
1291 3849 323 68 trouper’s
1639 3843 112 59 life
1779 3845 168 56 from
1973 3843 105 56 the
2105 3841 208 58 cradle
2340 3843 65 54 to

401 3915 2004 81 the “closed shop”, by George M. Cohan … New York
401 4002 123 56 and
549 4001 278 72 London,
854 4001 257 72 Harper
1137 4006 58 55 &
1220 4001 290 58 brothers
1541 4030 13 43 [
1557 4009 17 21 c
1578 4001 164 71 1925]
