<alto xmlns="http://www.loc.gov/standards/alto/ns-v3#" xmlns:xlink="http://www.w3.org/1999/xlink" xmlns:xsi="http://www.w3.org/2001/XMLSchema-instance" xsi:schemaLocation="http://www.loc.gov/standards/alto/ns-v3# http://www.loc.gov/alto/v3/alto-3-0.xsd"><Description>
<MeasurementUnit>pixel</MeasurementUnit>
<sourceImageInformation>
<fileName>1925_v22_Part001.pdf</fileName>
</sourceImageInformation>
<OCRProcessing ID="IdOcr">
<ocrProcessingStep>
<processingDateTime>2019-04-03</processingDateTime>
<processingSoftware>
<softwareCreator>ABBYY</softwareCreator>
<softwareName>ABBYY Recognition Server</softwareName>
<softwareVersion>4.0</softwareVersion>
</processingSoftware>
</ocrProcessingStep>
</OCRProcessing>
</Description>
<Styles>
<ParagraphStyle ID="StyleId-FFFFFFFF-FFFF-FFFF-FFFF-FFFFFFFFFFFF-" ALIGN="Left" LEFT="0." RIGHT="0." FIRSTLINE="0."/>
<ParagraphStyle ID="StyleId-2E5B4E57-07AD-4719-97CB-14521F7F4F8A-" ALIGN="Left" LEFT="0." RIGHT="0." FIRSTLINE="0." LINESPACE="8.899999619"/>
<ParagraphStyle ID="StyleId-62A6F688-D6E3-4EFC-837B-4A4C4EB582B7-" ALIGN="Center" LEFT="0." RIGHT="0." FIRSTLINE="0." LINESPACE="12.19999981"/>
<ParagraphStyle ID="StyleId-21B71EBC-BDB5-4E16-A8F2-58189A39665B-" ALIGN="Block" LEFT="0." RIGHT="0." FIRSTLINE="-13." LINESPACE="11.35000038"/>
<ParagraphStyle ID="StyleId-1E1A68C4-DD4F-417A-A13D-7FEC29ECB499-" ALIGN="Block" LEFT="0." RIGHT="0." FIRSTLINE="-15." LINESPACE="13.30000019"/>
<ParagraphStyle ID="StyleId-6B39EC51-644D-4E90-AF07-84EF2B1E466A-" ALIGN="Block" LEFT="0." RIGHT="0." FIRSTLINE="-15." LINESPACE="8.340000153"/>
<ParagraphStyle ID="StyleId-2C1BA15F-E223-41D6-853D-AAFBDAC17E68-" ALIGN="Center" LEFT="0." RIGHT="0." FIRSTLINE="0." LINESPACE="13."/>
<ParagraphStyle ID="StyleId-A3B2CDF3-43F0-422C-90A0-E074BFEC3BC0-" ALIGN="Block" LEFT="0." RIGHT="0." FIRSTLINE="0." LINESPACE="8.899999619"/>
<ParagraphStyle ID="StyleId-28AB2493-EA15-49C1-A6AC-ED5BC404F0B9-" ALIGN="Center" LEFT="0." RIGHT="0." FIRSTLINE="0." LINESPACE="12.19999981"/>
<ParagraphStyle ID="StyleId-4417A6D4-97E2-4EFC-962D-7FBC0D5273E4-" ALIGN="Left" LEFT="0." RIGHT="0." FIRSTLINE="15." LINESPACE="8.340000153"/>
<ParagraphStyle ID="StyleId-D4EF9C5E-3110-4A39-B7BC-3D84E0F04894-" ALIGN="Center" LEFT="0." RIGHT="0." FIRSTLINE="0." LINESPACE="13.30000019"/>
<ParagraphStyle ID="StyleId-D1243F31-1201-4D92-8F69-43ADB01E9AD1-" ALIGN="Left" LEFT="0." RIGHT="0." FIRSTLINE="-13." LINESPACE="13.30000019"/>
<ParagraphStyle ID="StyleId-C65417C6-23F2-4D8F-BA55-ECE73D98CAB9-" ALIGN="Left" LEFT="0." RIGHT="0." FIRSTLINE="0." LINESPACE="8.899999619"/>
<ParagraphStyle ID="StyleId-835763C1-08DD-41BE-8BAD-8E41EA88DAE3-" ALIGN="Center" LEFT="0." RIGHT="0." FIRSTLINE="0." LINESPACE="11.10000038"/>
<ParagraphStyle ID="StyleId-78FD6B81-8F83-422D-8DF4-4274EAFD19C6-" ALIGN="Block" LEFT="0." RIGHT="0." FIRSTLINE="-17." LINESPACE="12.19999981"/>
<ParagraphStyle ID="StyleId-F506BC7F-570D-458B-9F05-A143E1F5FD17-" ALIGN="Block" LEFT="0." RIGHT="0." FIRSTLINE="-17." LINESPACE="11.35000038"/>
<ParagraphStyle ID="StyleId-CBE02C6B-22D0-48C6-A874-7E90A22F4375-" ALIGN="Center" LEFT="0." RIGHT="0." FIRSTLINE="0." LINESPACE="4.400000095"/>
<ParagraphStyle ID="StyleId-14CC0121-63AF-4AB4-9656-E02F46C61AF2-" ALIGN="Left" LEFT="0." RIGHT="0." FIRSTLINE="0." LINESPACE="8.899999619"/>
<ParagraphStyle ID="StyleId-DD64CECB-1B22-4BFF-84F0-DFDE2B0000F8-" ALIGN="Left" LEFT="0." RIGHT="0." FIRSTLINE="0." LINESPACE="12.19999981"/>
<ParagraphStyle ID="StyleId-8AEF4AA8-141A-4E5D-9C3E-C0F9F43C742F-" ALIGN="Left" LEFT="0." RIGHT="0." FIRSTLINE="0." LINESPACE="8.300000191"/>
<ParagraphStyle ID="StyleId-8C396D2A-39C0-48AB-BABA-2679D8AB257E-" ALIGN="Left" LEFT="0." RIGHT="0." FIRSTLINE="0." LINESPACE="11.10000038"/>
<ParagraphStyle ID="StyleId-3B7FE50F-10D4-487F-BDCD-FD26EB60FD4A-" ALIGN="Block" LEFT="0." RIGHT="0." FIRSTLINE="13." LINESPACE="8.340000153"/>
<ParagraphStyle ID="StyleId-8CC5CC8E-615B-4C42-BB46-DB28FA355C27-" ALIGN="Left" LEFT="0." RIGHT="0." FIRSTLINE="0." LINESPACE="12.19999981"/>
<ParagraphStyle ID="StyleId-BC67E79D-8D99-4188-8B35-A59DBB7E2BB0-" ALIGN="Block" LEFT="0." RIGHT="0." FIRSTLINE="11." LINESPACE="9.399999619"/>
</Styles>
<Layout>
<Page ID="Page1610" PHYSICAL_IMG_NR="1610" HEIGHT="4412" WIDTH="2533">
<TopMargin HEIGHT="346" WIDTH="2533" VPOS="0" HPOS="0">
</TopMargin>
<LeftMargin HEIGHT="3756" WIDTH="318" VPOS="346" HPOS="0">
</LeftMargin>
<RightMargin HEIGHT="3756" WIDTH="171" VPOS="346" HPOS="2362">
</RightMargin>
<BottomMargin HEIGHT="310" WIDTH="2533" VPOS="4102" HPOS="0">
</BottomMargin>
<PrintSpace HEIGHT="3756" WIDTH="2044" VPOS="346" HPOS="318">
<TextBlock ID="Page1610_Block1" HEIGHT="76" WIDTH="170" VPOS="4026" HPOS="1248" LANG="en-US" STYLEREFS="StyleId-72967ADE-3DBA-4797-B39D-4B43A0CE3F75-">
<TextLine HEIGHT="56" WIDTH="149" VPOS="4036" HPOS="1258">
<String CONTENT="1610" HEIGHT="56" WIDTH="149" VPOS="4036" HPOS="1258"/>
</TextLine>
</TextBlock>
<TextBlock ID="Page1610_Block2" HEIGHT="3688" WIDTH="2044" VPOS="346" HPOS="318" CS="1" STYLEREFS="StyleId-03523347-918D-4330-AEBC-2FAB748C342D-">
<TextLine HEIGHT="73" WIDTH="870" VPOS="356" HPOS="339" STYLEREFS="StyleId-A19A55E9-5AF2-4851-8E1B-BB5A450E2DA1-" LANG="fr">
<String CONTENT="Bedford," HEIGHT="72" WIDTH="300" VPOS="357" HPOS="339"/>
<SP HEIGHT="72" WIDTH="43" VPOS="357" HPOS="640"/>
<String CONTENT="Herbert," HEIGHT="71" WIDTH="288" VPOS="356" HPOS="684"/>
<SP HEIGHT="67" WIDTH="44" VPOS="360" HPOS="973"/>
<String CONTENT="1867-" HEIGHT="58" WIDTH="191" VPOS="359" HPOS="1018"/>
</TextLine>
<TextLine HEIGHT="138" WIDTH="1988" VPOS="450" HPOS="337" STYLEREFS="StyleId-A355F4F1-B94B-4955-A911-2825A8574C63-" CS="1">
<String LANG="fr" CONTENT="Robert" HEIGHT="58" WIDTH="238" VPOS="450" HPOS="414"/>
<SP HEIGHT="59" WIDTH="35" VPOS="450" HPOS="653"/>
<String LANG="en-US" CONTENT="Schumann," HEIGHT="71" WIDTH="376" VPOS="450" HPOS="689"/>
<SP HEIGHT="68" WIDTH="33" VPOS="453" HPOS="1066"/>
<String LANG="en-US" CONTENT="his" HEIGHT="58" WIDTH="99" VPOS="450" HPOS="1100"/>
<SP HEIGHT="57" WIDTH="33" VPOS="452" HPOS="1200"/>
<String LANG="en-US" CONTENT="life" HEIGHT="60" WIDTH="112" VPOS="450" HPOS="1234"/>
<SP HEIGHT="37" WIDTH="34" VPOS="473" HPOS="1347"/>
<String LANG="fr" CONTENT="and" HEIGHT="57" WIDTH="127" VPOS="454" HPOS="1382"/>
<SP HEIGHT="57" WIDTH="29" VPOS="454" HPOS="1510"/>
<String LANG="en-US" CONTENT="work," HEIGHT="72" WIDTH="191" VPOS="452" HPOS="1540"/>
<SP HEIGHT="70" WIDTH="30" VPOS="454" HPOS="1732"/>
<String LANG="en-US" CONTENT="by" HEIGHT="70" WIDTH="85" VPOS="454" HPOS="1763"/>
<SP HEIGHT="71" WIDTH="30" VPOS="453" HPOS="1849"/>
<String LANG="fr" CONTENT="Herbert" HEIGHT="60" WIDTH="279" VPOS="453" HPOS="1880"/>
<SP HEIGHT="59" WIDTH="29" VPOS="454" HPOS="2160"/>
<String LANG="fr" CONTENT="Bedford." HEIGHT="134" WIDTH="1988" VPOS="454" HPOS="337"/>
</TextLine>
<TextLine HEIGHT="75" WIDTH="1723" VPOS="528" HPOS="586" STYLEREFS="StyleId-A355F4F1-B94B-4955-A911-2825A8574C63-">
<String LANG="fr" CONTENT="New" HEIGHT="57" WIDTH="153" VPOS="528" HPOS="586"/>
<SP HEIGHT="57" WIDTH="24" VPOS="528" HPOS="740"/>
<String LANG="fr" CONTENT="York" HEIGHT="58" WIDTH="176" VPOS="528" HPOS="765"/>
<SP HEIGHT="59" WIDTH="28" VPOS="529" HPOS="942"/>
<String LANG="fr" CONTENT="and" HEIGHT="57" WIDTH="124" VPOS="531" HPOS="971"/>
<SP HEIGHT="59" WIDTH="26" VPOS="529" HPOS="1096"/>
<String LANG="fr" CONTENT="London," HEIGHT="72" WIDTH="283" VPOS="529" HPOS="1123"/>
<SP HEIGHT="71" WIDTH="27" VPOS="530" HPOS="1407"/>
<String LANG="fr" CONTENT="Harper" HEIGHT="72" WIDTH="258" VPOS="530" HPOS="1435"/>
<SP HEIGHT="57" WIDTH="27" VPOS="531" HPOS="1694"/>
<String LANG="fr" CONTENT="&amp;" HEIGHT="57" WIDTH="48" VPOS="531" HPOS="1722"/>
<SP HEIGHT="59" WIDTH="25" VPOS="531" HPOS="1771"/>
<String LANG="en-US" CONTENT="brothers," HEIGHT="71" WIDTH="312" VPOS="532" HPOS="1797"/>
<SP HEIGHT="69" WIDTH="35" VPOS="534" HPOS="2110"/>
<String LANG="fr" CONTENT="1925." HEIGHT="56" WIDTH="163" VPOS="533" HPOS="2146"/>
</TextLine>
<TextLine HEIGHT="56" WIDTH="1905" VPOS="617" HPOS="439" CS="1">
<String LANG="fr" CS="1" CONTENT="x"/>
<SP HEIGHT="35" WIDTH="30" VPOS="634" HPOS="439"/>
<String LANG="fr" CONTENT="p.," HEIGHT="35" WIDTH="54" VPOS="634" HPOS="470"/>
<SP HEIGHT="46" WIDTH="36" VPOS="622" HPOS="525"/>
<String LANG="fr" CONTENT="1" HEIGHT="41" WIDTH="17" VPOS="622" HPOS="562"/>
<SP HEIGHT="44" WIDTH="34" VPOS="619" HPOS="580"/>
<String LANG="fr" CONTENT="1," HEIGHT="50" WIDTH="41" VPOS="619" HPOS="615"/>
<SP HEIGHT="50" WIDTH="32" VPOS="619" HPOS="657"/>
<String LANG="fr" CONTENT="267" HEIGHT="44" WIDTH="83" VPOS="617" HPOS="690"/>
<SP HEIGHT="53" WIDTH="29" VPOS="617" HPOS="774"/>
<String LANG="fr" CONTENT="p." HEIGHT="36" WIDTH="39" VPOS="634" HPOS="804"/>
<SP HEIGHT="44" WIDTH="64" VPOS="619" HPOS="844"/>
<String LANG="fr" CS="1" CONTENT="front." HEIGHT="44" WIDTH="127" VPOS="619" HPOS="909"/>
<SP HEIGHT="51" WIDTH="27" VPOS="619" HPOS="1049"/>
<String LANG="fr" CONTENT="(port.)" HEIGHT="52" WIDTH="169" VPOS="619" HPOS="1077"/>
<SP HEIGHT="51" WIDTH="70" VPOS="620" HPOS="1247"/>
<String LANG="fr" CONTENT="19" HEIGHT="44" WIDTH="49" VPOS="621" HPOS="1318"/>
<String LANG="en-US" CS="1" CONTENT="&#189;cm"/>
<String LANG="fr" CONTENT="." HEIGHT="8" WIDTH="9" VPOS="654" HPOS="1455"/>
<SP HEIGHT="52" WIDTH="68" VPOS="620" HPOS="1465"/>
<String LANG="fr" CONTENT="(" HEIGHT="52" WIDTH="18" VPOS="620" HPOS="1534"/>
<String LANG="en-US" CONTENT="Half-title" HEIGHT="53" WIDTH="244" VPOS="619" HPOS="1558"/>
<String LANG="fr" CONTENT=":" HEIGHT="30" WIDTH="15" VPOS="634" HPOS="1813"/>
<SP HEIGHT="42" WIDTH="36" VPOS="623" HPOS="1829"/>
<String LANG="fr" CONTENT="Masters" HEIGHT="45" WIDTH="200" VPOS="623" HPOS="1866"/>
<SP HEIGHT="30" WIDTH="33" VPOS="638" HPOS="2067"/>
<String LANG="en-US" CONTENT="of" HEIGHT="44" WIDTH="54" VPOS="624" HPOS="2101"/>
<SP HEIGHT="43" WIDTH="34" VPOS="624" HPOS="2156"/>
<String LANG="en-US" CONTENT="music," HEIGHT="51" WIDTH="153" VPOS="622" HPOS="2191"/>
</TextLine>
<TextLine HEIGHT="53" WIDTH="788" VPOS="674" HPOS="337" LANG="en-US">
<String CONTENT="edited" HEIGHT="45" WIDTH="147" VPOS="675" HPOS="337"/>
<SP HEIGHT="43" WIDTH="23" VPOS="676" HPOS="485"/>
<String CONTENT="by" HEIGHT="50" WIDTH="62" VPOS="676" HPOS="509"/>
<SP HEIGHT="52" WIDTH="24" VPOS="674" HPOS="572"/>
<String CONTENT="Sir" HEIGHT="47" WIDTH="77" VPOS="674" HPOS="597"/>
<SP HEIGHT="43" WIDTH="24" VPOS="677" HPOS="675"/>
<String CONTENT="Landon" HEIGHT="44" WIDTH="190" VPOS="677" HPOS="700"/>
<SP HEIGHT="45" WIDTH="26" VPOS="676" HPOS="891"/>
<String CONTENT="Ronald)" HEIGHT="52" WIDTH="207" VPOS="675" HPOS="918"/>
</TextLine>
<TextLine HEIGHT="58" WIDTH="1868" VPOS="741" HPOS="335" LANG="en-US">
<String CONTENT="&#169;" HEIGHT="54" WIDTH="55" VPOS="742" HPOS="335"/>
<SP HEIGHT="54" WIDTH="34" VPOS="742" HPOS="391"/>
<String CONTENT="Dec." HEIGHT="43" WIDTH="109" VPOS="744" HPOS="426"/>
<SP HEIGHT="44" WIDTH="31" VPOS="743" HPOS="536"/>
<String CONTENT="2," HEIGHT="52" WIDTH="38" VPOS="743" HPOS="568"/>
<SP HEIGHT="50" WIDTH="34" VPOS="745" HPOS="607"/>
<String CONTENT="1925;" HEIGHT="55" WIDTH="130" VPOS="741" HPOS="642"/>
<SP HEIGHT="52" WIDTH="34" VPOS="744" HPOS="773"/>
<String CONTENT="2c." HEIGHT="43" WIDTH="64" VPOS="744" HPOS="808"/>
<SP HEIGHT="43" WIDTH="34" VPOS="744" HPOS="873"/>
<String CONTENT="Dec." HEIGHT="43" WIDTH="109" VPOS="744" HPOS="908"/>
<SP HEIGHT="43" WIDTH="35" VPOS="744" HPOS="1018"/>
<String CONTENT="3;" HEIGHT="52" WIDTH="49" VPOS="744" HPOS="1054"/>
<SP HEIGHT="37" WIDTH="33" VPOS="759" HPOS="1104"/>
<String CONTENT="aff." HEIGHT="44" WIDTH="82" VPOS="745" HPOS="1138"/>
<SP HEIGHT="44" WIDTH="33" VPOS="745" HPOS="1221"/>
<String CONTENT="Dec." HEIGHT="43" WIDTH="110" VPOS="745" HPOS="1255"/>
<SP HEIGHT="43" WIDTH="32" VPOS="745" HPOS="1366"/>
<String CONTENT="4;" HEIGHT="51" WIDTH="50" VPOS="745" HPOS="1399"/>
<SP HEIGHT="50" WIDTH="35" VPOS="746" HPOS="1450"/>
<!-- cceid 37812B78-6DD5-1014-B757-AF09C522E301 --><String CONTENT="A" HEIGHT="41" WIDTH="45" VPOS="746" HPOS="1486"/>
<SP HEIGHT="43" WIDTH="32" VPOS="746" HPOS="1532"/>
<String CONTENT="872718;" HEIGHT="54" WIDTH="192" VPOS="744" HPOS="1565"/>
<SP HEIGHT="51" WIDTH="35" VPOS="747" HPOS="1758"/>
<String CONTENT="Harper" HEIGHT="52" WIDTH="185" VPOS="747" HPOS="1794"/>
<SP HEIGHT="43" WIDTH="30" VPOS="749" HPOS="1980"/>
<String CONTENT="&amp;" HEIGHT="43" WIDTH="38" VPOS="749" HPOS="2011"/>
<SP HEIGHT="43" WIDTH="33" VPOS="749" HPOS="2050"/>
<String CONTENT="bros." HEIGHT="43" WIDTH="119" VPOS="749" HPOS="2084"/>
</TextLine>
<TextLine HEIGHT="55" WIDTH="217" VPOS="800" HPOS="414" LANG="en-US">
<String CONTENT="(26-166)" HEIGHT="55" WIDTH="217" VPOS="800" HPOS="414"/>
</TextLine>
<TextLine HEIGHT="75" WIDTH="930" VPOS="915" HPOS="336" STYLEREFS="StyleId-A19A55E9-5AF2-4851-8E1B-BB5A450E2DA1-" LANG="en-US">
<String CONTENT="Beresford," HEIGHT="70" WIDTH="360" VPOS="915" HPOS="336"/>
<SP HEIGHT="69" WIDTH="36" VPOS="916" HPOS="697"/>
<String CONTENT="John" HEIGHT="58" WIDTH="170" VPOS="916" HPOS="734"/>
<SP HEIGHT="56" WIDTH="35" VPOS="917" HPOS="905"/>
<String CONTENT="Baldwyn." HEIGHT="74" WIDTH="325" VPOS="916" HPOS="941"/>
</TextLine>
<TextLine HEIGHT="152" WIDTH="1991" VPOS="1008" HPOS="335" STYLEREFS="StyleId-A355F4F1-B94B-4955-A911-2825A8574C63-" LANG="en-US" CS="1">
<String CONTENT="The" HEIGHT="57" WIDTH="130" VPOS="1008" HPOS="416"/>
<SP HEIGHT="53" WIDTH="40" VPOS="1028" HPOS="547"/>
<String CONTENT="godfather" HEIGHT="72" WIDTH="345" VPOS="1009" HPOS="588"/>
<SP HEIGHT="38" WIDTH="38" VPOS="1028" HPOS="934"/>
<String CONTENT="of" HEIGHT="57" WIDTH="67" VPOS="1009" HPOS="973"/>
<SP HEIGHT="56" WIDTH="38" VPOS="1009" HPOS="1041"/>
<String CONTENT="Downing" HEIGHT="73" WIDTH="313" VPOS="1009" HPOS="1080"/>
<SP HEIGHT="53" WIDTH="39" VPOS="1029" HPOS="1394"/>
<String CONTENT="street," HEIGHT="69" WIDTH="212" VPOS="1013" HPOS="1434"/>
<SP HEIGHT="73" WIDTH="46" VPOS="1009" HPOS="1647"/>
<String CONTENT="Sir" HEIGHT="59" WIDTH="108" VPOS="1009" HPOS="1694"/>
<SP HEIGHT="59" WIDTH="37" VPOS="1011" HPOS="1803"/>
<String CONTENT="George" HEIGHT="73" WIDTH="243" VPOS="1011" HPOS="1841"/>
<SP HEIGHT="57" WIDTH="41" VPOS="1012" HPOS="2085"/>
<String CONTENT="Downing," HEIGHT="148" WIDTH="1991" VPOS="1012" HPOS="335"/>
</TextLine>
<TextLine HEIGHT="74" WIDTH="1856" VPOS="1088" HPOS="496" STYLEREFS="StyleId-A355F4F1-B94B-4955-A911-2825A8574C63-" LANG="en-US">
<String CONTENT="1623-1684," HEIGHT="69" WIDTH="362" VPOS="1088" HPOS="496"/>
<SP HEIGHT="51" WIDTH="31" VPOS="1106" HPOS="859"/>
<String CONTENT="an" HEIGHT="37" WIDTH="79" VPOS="1106" HPOS="891"/>
<SP HEIGHT="37" WIDTH="32" VPOS="1107" HPOS="971"/>
<String CONTENT="essay" HEIGHT="52" WIDTH="186" VPOS="1107" HPOS="1004"/>
<SP HEIGHT="71" WIDTH="27" VPOS="1088" HPOS="1191"/>
<String CONTENT="in" HEIGHT="55" WIDTH="68" VPOS="1088" HPOS="1219"/>
<SP HEIGHT="56" WIDTH="26" VPOS="1088" HPOS="1288"/>
<String CONTENT="biography." HEIGHT="72" WIDTH="372" VPOS="1088" HPOS="1315"/>
<SP HEIGHT="55" WIDTH="72" VPOS="1089" HPOS="1688"/>
<String CONTENT="London," HEIGHT="73" WIDTH="278" VPOS="1089" HPOS="1761"/>
<SP HEIGHT="72" WIDTH="33" VPOS="1090" HPOS="2040"/>
<String CONTENT="Richard" HEIGHT="59" WIDTH="278" VPOS="1089" HPOS="2074"/>
</TextLine>
<TextLine HEIGHT="77" WIDTH="870" VPOS="1163" HPOS="338" STYLEREFS="StyleId-A355F4F1-B94B-4955-A911-2825A8574C63-" LANG="en-US">
<String CONTENT="Cobden-Sanderson" HEIGHT="60" WIDTH="650" VPOS="1163" HPOS="338"/>
<SP HEIGHT="54" WIDTH="35" VPOS="1185" HPOS="989"/>
<String CONTENT="[1925]" HEIGHT="73" WIDTH="183" VPOS="1167" HPOS="1025"/>
</TextLine>
<TextLine HEIGHT="42" WIDTH="93" VPOS="1256" HPOS="407" STYLEREFS="StyleId-B1567042-AFC8-4531-9FF9-DA941F1850F8-" LANG="en-US" CS="1">
<String CONTENT="1" HEIGHT="41" WIDTH="17" VPOS="1256" HPOS="407"/>
<SP HEIGHT="41" WIDTH="33" VPOS="1256" HPOS="425"/>
<String CS="1" CONTENT="v." HEIGHT="9" WIDTH="9" VPOS="1289" HPOS="491"/>
</TextLine>
<TextLine HEIGHT="105" WIDTH="1991" VPOS="1321" HPOS="336" LANG="en-US" CS="1">
<String CONTENT="&#169;" HEIGHT="55" WIDTH="52" VPOS="1321" HPOS="336"/>
<SP/>
<String CS="1" CONTENT="1c."/>
<SP/>
<String CONTENT="July" HEIGHT="54" WIDTH="107" VPOS="1324" HPOS="513"/>
<SP HEIGHT="53" WIDTH="27" VPOS="1325" HPOS="621"/>
<String CONTENT="21," HEIGHT="52" WIDTH="67" VPOS="1325" HPOS="649"/>
<SP HEIGHT="51" WIDTH="33" VPOS="1326" HPOS="717"/>
<String CONTENT="1925;" HEIGHT="53" WIDTH="130" VPOS="1324" HPOS="751"/>
<SP HEIGHT="52" WIDTH="32" VPOS="1325" HPOS="882"/>
<!-- cceid 37813365-6DD5-1014-B757-AF09C522E301 --><String CONTENT="A" HEIGHT="43" WIDTH="44" VPOS="1325" HPOS="915"/>
<SP HEIGHT="44" WIDTH="28" VPOS="1325" HPOS="960"/>
<String CONTENT="ad" HEIGHT="43" WIDTH="56" VPOS="1326" HPOS="989"/>
<SP HEIGHT="43" WIDTH="30" VPOS="1326" HPOS="1046"/>
<String CONTENT="int." HEIGHT="44" WIDTH="77" VPOS="1326" HPOS="1077"/>
<SP HEIGHT="45" WIDTH="29" VPOS="1325" HPOS="1155"/>
<String CONTENT="7124;" HEIGHT="52" WIDTH="132" VPOS="1325" HPOS="1185"/>
<SP HEIGHT="38" WIDTH="32" VPOS="1340" HPOS="1318"/>
<String CONTENT="pubd." HEIGHT="53" WIDTH="133" VPOS="1325" HPOS="1351"/>
<SP HEIGHT="43" WIDTH="34" VPOS="1326" HPOS="1485"/>
<String CONTENT="May" HEIGHT="53" WIDTH="112" VPOS="1326" HPOS="1520"/>
<SP HEIGHT="53" WIDTH="27" VPOS="1326" HPOS="1633"/>
<String CONTENT="26;" HEIGHT="52" WIDTH="78" VPOS="1325" HPOS="1661"/>
<SP HEIGHT="52" WIDTH="32" VPOS="1327" HPOS="1740"/>
<String CONTENT="J." HEIGHT="52" WIDTH="39" VPOS="1327" HPOS="1773"/>
<SP HEIGHT="42" WIDTH="35" VPOS="1326" HPOS="1813"/>
<String CONTENT="B." HEIGHT="42" WIDTH="49" VPOS="1326" HPOS="1849"/>
<SP HEIGHT="41" WIDTH="35" VPOS="1327" HPOS="1899"/>
<String CONTENT="Beresford," HEIGHT="52" WIDTH="261" VPOS="1325" HPOS="1935"/>
<SP HEIGHT="50" WIDTH="33" VPOS="1327" HPOS="2197"/>
<String CONTENT="London." HEIGHT="99" WIDTH="1921" VPOS="1327" HPOS="406"/>
</TextLine>
<TextLine HEIGHT="74" WIDTH="986" VPOS="1482" HPOS="335" STYLEREFS="StyleId-A19A55E9-5AF2-4851-8E1B-BB5A450E2DA1-" LANG="en-US">
<String CONTENT="Besredka," HEIGHT="74" WIDTH="339" VPOS="1482" HPOS="335"/>
<SP HEIGHT="74" WIDTH="33" VPOS="1482" HPOS="675"/>
<String CONTENT="Alexandre," HEIGHT="70" WIDTH="379" VPOS="1482" HPOS="709"/>
<SP HEIGHT="65" WIDTH="39" VPOS="1487" HPOS="1089"/>
<String CONTENT="1870-" HEIGHT="56" WIDTH="192" VPOS="1486" HPOS="1129"/>
</TextLine>
<TextLine HEIGHT="157" WIDTH="1988" VPOS="1572" HPOS="336" STYLEREFS="StyleId-A355F4F1-B94B-4955-A911-2825A8574C63-" CS="1">
<String LANG="en-US" CS="1" CONTENT="&#8230;"/>
<SP HEIGHT="57" WIDTH="42" VPOS="1574" HPOS="484"/>
<String LANG="en-US" CONTENT="Immunisation" HEIGHT="59" WIDTH="487" VPOS="1573" HPOS="527"/>
<SP HEIGHT="56" WIDTH="35" VPOS="1575" HPOS="1015"/>
<String LANG="en-US" CONTENT="locale;" HEIGHT="71" WIDTH="228" VPOS="1575" HPOS="1051"/>
<SP HEIGHT="54" WIDTH="38" VPOS="1592" HPOS="1280"/>
<String LANG="fr" CONTENT="pansements" HEIGHT="70" WIDTH="407" VPOS="1576" HPOS="1319"/>
<SP HEIGHT="39" WIDTH="39" VPOS="1594" HPOS="1727"/>
<String LANG="fr" CONTENT="sp&#233;cifiques." HEIGHT="76" WIDTH="385" VPOS="1572" HPOS="1767"/>
<SP HEIGHT="57" WIDTH="76" VPOS="1575" HPOS="2153"/>
<String LANG="en-US" CONTENT="Paris," HEIGHT="154" WIDTH="1988" VPOS="1575" HPOS="336"/>
</TextLine>
<TextLine HEIGHT="74" WIDTH="654" VPOS="1652" HPOS="480" STYLEREFS="StyleId-A355F4F1-B94B-4955-A911-2825A8574C63-" LANG="en-US">
<String CONTENT="Masson" HEIGHT="59" WIDTH="261" VPOS="1652" HPOS="480"/>
<SP HEIGHT="57" WIDTH="29" VPOS="1653" HPOS="742"/>
<String CONTENT="&amp;" HEIGHT="57" WIDTH="49" VPOS="1653" HPOS="772"/>
<SP HEIGHT="58" WIDTH="28" VPOS="1653" HPOS="822"/>
<String CONTENT="c" HEIGHT="39" WIDTH="31" VPOS="1672" HPOS="851"/>
<String STYLE="superscript" CONTENT="ie" HEIGHT="30" WIDTH="35" VPOS="1653" HPOS="883"/>
<String CONTENT="," HEIGHT="27" WIDTH="14" VPOS="1699" HPOS="921"/>
<SP HEIGHT="70" WIDTH="30" VPOS="1656" HPOS="936"/>
<String CONTENT="1925." HEIGHT="57" WIDTH="167" VPOS="1654" HPOS="967"/>
</TextLine>
<TextLine HEIGHT="54" WIDTH="445" VPOS="1745" HPOS="403" LANG="en-US">
<String CONTENT="251," HEIGHT="53" WIDTH="95" VPOS="1745" HPOS="403"/>
<SP HEIGHT="36" WIDTH="35" VPOS="1762" HPOS="499"/>
<String CONTENT="[1]" HEIGHT="46" WIDTH="53" VPOS="1747" HPOS="535"/>
<SP HEIGHT="39" WIDTH="33" VPOS="1760" HPOS="589"/>
<String CONTENT="p." HEIGHT="39" WIDTH="42" VPOS="1760" HPOS="623"/>
<SP HEIGHT="43" WIDTH="56" VPOS="1747" HPOS="666"/>
<String CONTENT="23" HEIGHT="44" WIDTH="54" VPOS="1746" HPOS="723"/>
<String STYLE="superscript" CONTENT="cm" HEIGHT="18" WIDTH="47" VPOS="1747" HPOS="785"/>
<String CONTENT="." HEIGHT="8" WIDTH="9" VPOS="1782" HPOS="839"/>
</TextLine>
<TextLine HEIGHT="49" WIDTH="832" VPOS="1815" HPOS="409" LANG="en-US" CS="1">
<String CONTENT="At" HEIGHT="47" WIDTH="66" VPOS="1817" HPOS="409"/>
<SP HEIGHT="48" WIDTH="26" VPOS="1816" HPOS="476"/>
<String CONTENT="head" HEIGHT="45" WIDTH="116" VPOS="1816" HPOS="503"/>
<SP HEIGHT="45" WIDTH="27" VPOS="1817" HPOS="620"/>
<String CONTENT="of" HEIGHT="46" WIDTH="52" VPOS="1816" HPOS="648"/>
<SP HEIGHT="44" WIDTH="29" VPOS="1816" HPOS="701"/>
<String CONTENT="title:" HEIGHT="46" WIDTH="123" VPOS="1815" HPOS="731"/>
<SP HEIGHT="44" WIDTH="31" VPOS="1817" HPOS="855"/>
<String CONTENT="A." HEIGHT="44" WIDTH="57" VPOS="1817" HPOS="887"/>
<SP HEIGHT="44" WIDTH="32" VPOS="1817" HPOS="945"/>
<String CONTENT="Besredka" HEIGHT="45" WIDTH="233" VPOS="1817" HPOS="978"/>
<SP HEIGHT="29" WIDTH="29" VPOS="1832" HPOS="1212"/>
<String CS="1" CONTENT="&#8230;"/>
</TextLine>
<TextLine HEIGHT="55" WIDTH="691" VPOS="1872" HPOS="407" LANG="en-US">
<String CONTENT="Bibliographical" HEIGHT="55" WIDTH="386" VPOS="1872" HPOS="407"/>
<SP HEIGHT="43" WIDTH="38" VPOS="1873" HPOS="794"/>
<String CONTENT="foot-notes." HEIGHT="47" WIDTH="265" VPOS="1873" HPOS="833"/>
</TextLine>
<TextLine HEIGHT="56" WIDTH="1698" VPOS="1940" HPOS="334" LANG="en-US" CS="1">
<String CONTENT="&#169;" HEIGHT="55" WIDTH="52" VPOS="1940" HPOS="334"/>
<SP HEIGHT="55" WIDTH="29" VPOS="1940" HPOS="387"/>
<String CONTENT="Sept." HEIGHT="54" WIDTH="120" VPOS="1941" HPOS="417"/>
<SP HEIGHT="43" WIDTH="24" VPOS="1943" HPOS="538"/>
<String CONTENT="27," HEIGHT="52" WIDTH="67" VPOS="1941" HPOS="563"/>
<SP HEIGHT="49" WIDTH="31" VPOS="1944" HPOS="631"/>
<String CONTENT="1925;" HEIGHT="54" WIDTH="130" VPOS="1941" HPOS="663"/>
<SP/>
<String CS="1" CONTENT="1c."/>
<SP/>
<String CONTENT="Dec." HEIGHT="42" WIDTH="107" VPOS="1944" HPOS="915"/>
<SP HEIGHT="41" WIDTH="32" VPOS="1945" HPOS="1023"/>
<String CONTENT="18;" HEIGHT="52" WIDTH="73" VPOS="1943" HPOS="1056"/>
<SP HEIGHT="53" WIDTH="29" VPOS="1942" HPOS="1130"/>
<!-- cceid 37813AE5-6DD5-1014-B757-AF09C522E301 --><String CONTENT="A&#8212;Foreign" HEIGHT="55" WIDTH="304" VPOS="1941" HPOS="1160"/>
<SP HEIGHT="42" WIDTH="23" VPOS="1943" HPOS="1465"/>
<String CONTENT="29549;" HEIGHT="55" WIDTH="163" VPOS="1940" HPOS="1489"/>
<SP HEIGHT="52" WIDTH="31" VPOS="1943" HPOS="1653"/>
<String CONTENT="Masson" HEIGHT="43" WIDTH="189" VPOS="1943" HPOS="1685"/>
<SP HEIGHT="44" WIDTH="27" VPOS="1943" HPOS="1875"/>
<String CONTENT="&amp;" HEIGHT="44" WIDTH="37" VPOS="1943" HPOS="1903"/>
<SP HEIGHT="44" WIDTH="25" VPOS="1943" HPOS="1941"/>
<String CONTENT="co." HEIGHT="28" WIDTH="65" VPOS="1958" HPOS="1967"/>
</TextLine>
<TextLine HEIGHT="56" WIDTH="243" VPOS="1998" HPOS="412" LANG="en-US">
<String CONTENT="(26-3265)" HEIGHT="56" WIDTH="243" VPOS="1998" HPOS="412"/>
</TextLine>
<TextLine HEIGHT="63" WIDTH="823" VPOS="2098" HPOS="334" STYLEREFS="StyleId-A5968335-4722-4898-A0F3-045D045C0D8F-" LANG="en-US">
<String CONTENT="Bible." HEIGHT="59" WIDTH="197" VPOS="2098" HPOS="334"/>
<SP HEIGHT="56" WIDTH="68" VPOS="2102" HPOS="532"/>
<String CONTENT="N." HEIGHT="57" WIDTH="78" VPOS="2102" HPOS="601"/>
<SP HEIGHT="57" WIDTH="34" VPOS="2102" HPOS="680"/>
<String CONTENT="T." HEIGHT="57" WIDTH="68" VPOS="2102" HPOS="715"/>
<SP HEIGHT="60" WIDTH="83" VPOS="2101" HPOS="784"/>
<String CONTENT="German." HEIGHT="60" WIDTH="289" VPOS="2101" HPOS="868"/>
</TextLine>
<TextLine HEIGHT="73" WIDTH="1938" VPOS="2193" HPOS="409" STYLEREFS="StyleId-A355F4F1-B94B-4955-A911-2825A8574C63-">
<String LANG="de" CONTENT="Das" HEIGHT="59" WIDTH="131" VPOS="2194" HPOS="409"/>
<SP HEIGHT="60" WIDTH="43" VPOS="2193" HPOS="541"/>
<String LANG="de" CONTENT="Neue" HEIGHT="60" WIDTH="173" VPOS="2193" HPOS="585"/>
<SP HEIGHT="57" WIDTH="42" VPOS="2196" HPOS="759"/>
<String LANG="en-US" CONTENT="Testament;" HEIGHT="70" WIDTH="396" VPOS="2196" HPOS="802"/>
<SP HEIGHT="72" WIDTH="40" VPOS="2194" HPOS="1199"/>
<String LANG="de" CONTENT="&#252;bersetzt," HEIGHT="71" WIDTH="338" VPOS="2194" HPOS="1240"/>
<SP HEIGHT="50" WIDTH="43" VPOS="2215" HPOS="1579"/>
<String LANG="de" CONTENT="eingeleitet" HEIGHT="73" WIDTH="358" VPOS="2193" HPOS="1623"/>
<SP HEIGHT="53" WIDTH="40" VPOS="2198" HPOS="1982"/>
<String LANG="de" CONTENT="und" HEIGHT="56" WIDTH="128" VPOS="2196" HPOS="2023"/>
<SP HEIGHT="57" WIDTH="39" VPOS="2195" HPOS="2152"/>
<String LANG="de" CONTENT="kurz" HEIGHT="56" WIDTH="155" VPOS="2195" HPOS="2192"/>
</TextLine>
<TextLine HEIGHT="154" WIDTH="1991" VPOS="2271" HPOS="331" STYLEREFS="StyleId-A355F4F1-B94B-4955-A911-2825A8574C63-" LANG="de" CS="1">
<String CONTENT="erkl&#228;rt" HEIGHT="58" WIDTH="236" VPOS="2272" HPOS="334"/>
<SP HEIGHT="57" WIDTH="33" VPOS="2273" HPOS="571"/>
<String CONTENT="von" HEIGHT="38" WIDTH="124" VPOS="2292" HPOS="605"/>
<SP HEIGHT="56" WIDTH="33" VPOS="2273" HPOS="730"/>
<String CONTENT="Emil" HEIGHT="57" WIDTH="170" VPOS="2272" HPOS="764"/>
<SP HEIGHT="58" WIDTH="34" VPOS="2272" HPOS="935"/>
<String CONTENT="Dimmler." HEIGHT="58" WIDTH="324" VPOS="2272" HPOS="970"/>
<SP HEIGHT="57" WIDTH="63" VPOS="2271" HPOS="1295"/>
<String CONTENT="M&#252;nchen]" HEIGHT="74" WIDTH="346" VPOS="2271" HPOS="1359"/>
<SP HEIGHT="74" WIDTH="40" VPOS="2271" HPOS="1706"/>
<String CONTENT="Gladbach," HEIGHT="71" WIDTH="340" VPOS="2271" HPOS="1747"/>
<SP HEIGHT="71" WIDTH="37" VPOS="2271" HPOS="2088"/>
<String CONTENT="Volksvereins-verlag" HEIGHT="154" WIDTH="1991" VPOS="2271" HPOS="331"/>
<SP HEIGHT="53" WIDTH="31" VPOS="2372" HPOS="832"/>
<String CONTENT="[" HEIGHT="42" WIDTH="13" VPOS="2383" HPOS="864"/>
<String STYLE="superscript" CONTENT="c" HEIGHT="21" WIDTH="20" VPOS="2360" HPOS="877"/>
<String CONTENT="1925]" HEIGHT="71" WIDTH="166" VPOS="2353" HPOS="901"/>
</TextLine>
<TextLine HEIGHT="53" WIDTH="605" VPOS="2441" HPOS="401" LANG="de" CS="1">
<String CONTENT="3" HEIGHT="44" WIDTH="25" VPOS="2444" HPOS="401"/>
<SP HEIGHT="50" WIDTH="25" VPOS="2444" HPOS="427"/>
<String CONTENT="p." HEIGHT="37" WIDTH="42" VPOS="2457" HPOS="453"/>
<SP/>
<String CS="1" CONTENT="l.,"/>
<SP/>
<String CONTENT="11-712" HEIGHT="46" WIDTH="164" VPOS="2441" HPOS="592"/>
<SP HEIGHT="52" WIDTH="22" VPOS="2442" HPOS="757"/>
<String CONTENT="p." HEIGHT="38" WIDTH="40" VPOS="2456" HPOS="780"/>
<SP HEIGHT="41" WIDTH="64" VPOS="2444" HPOS="821"/>
<String CONTENT="16" HEIGHT="44" WIDTH="51" VPOS="2442" HPOS="886"/>
<String STYLE="superscript" CONTENT="cm" HEIGHT="18" WIDTH="48" VPOS="2445" HPOS="942"/>
<String CONTENT="." HEIGHT="9" WIDTH="10" VPOS="2477" HPOS="996"/>
</TextLine>
<TextLine HEIGHT="55" WIDTH="1869" VPOS="2507" HPOS="331" LANG="de" CS="1">
<String CONTENT="&#169;" HEIGHT="54" WIDTH="53" VPOS="2508" HPOS="331"/>
<SP HEIGHT="54" WIDTH="33" VPOS="2508" HPOS="385"/>
<String LANG="fr" CONTENT="Sept." HEIGHT="53" WIDTH="120" VPOS="2509" HPOS="419"/>
<SP HEIGHT="45" WIDTH="33" VPOS="2508" HPOS="540"/>
<String CONTENT="5," HEIGHT="53" WIDTH="35" VPOS="2508" HPOS="574"/>
<SP HEIGHT="50" WIDTH="37" VPOS="2511" HPOS="610"/>
<String CS="1" CONTENT="1925;" HEIGHT="44" WIDTH="104" VPOS="2509" HPOS="648"/>
<SP/>
<String CS="1" CONTENT="1c."/>
<SP/>
<String LANG="fr" CONTENT="Dec." HEIGHT="43" WIDTH="107" VPOS="2510" HPOS="913"/>
<SP HEIGHT="41" WIDTH="38" VPOS="2511" HPOS="1021"/>
<String CS="1" CONTENT="1;" HEIGHT="41" WIDTH="17" VPOS="2511" HPOS="1060"/>
<SP HEIGHT="51" WIDTH="34" VPOS="2510" HPOS="1106"/>
<!-- cceid 378142A8-6DD5-1014-B757-AF09C522E301 --><String LANG="fr" CONTENT="A" HEIGHT="42" WIDTH="43" VPOS="2510" HPOS="1141"/>
<String CONTENT="&#8212;Foreign" HEIGHT="53" WIDTH="260" VPOS="2509" HPOS="1187"/>
<SP HEIGHT="42" WIDTH="30" VPOS="2509" HPOS="1448"/>
<String CS="1" CONTENT="29286;" HEIGHT="43" WIDTH="138" VPOS="2509" HPOS="1479"/>
<SP HEIGHT="51" WIDTH="35" VPOS="2509" HPOS="1642"/>
<String CONTENT="Volksvereins-verlag." HEIGHT="55" WIDTH="522" VPOS="2507" HPOS="1678"/>
</TextLine>
<TextLine HEIGHT="55" WIDTH="243" VPOS="2566" HPOS="412" LANG="de">
<String CONTENT="(26-3142)" HEIGHT="55" WIDTH="243" VPOS="2566" HPOS="412"/>
</TextLine>
<TextLine HEIGHT="76" WIDTH="1085" VPOS="2666" HPOS="333" STYLEREFS="StyleId-A355F4F1-B94B-4955-A911-2825A8574C63-" LANG="de">
<String CONTENT="Birkhoff," HEIGHT="74" WIDTH="312" VPOS="2666" HPOS="333"/>
<SP HEIGHT="72" WIDTH="37" VPOS="2668" HPOS="646"/>
<String CONTENT="George" HEIGHT="74" WIDTH="241" VPOS="2668" HPOS="684"/>
<SP HEIGHT="57" WIDTH="34" VPOS="2668" HPOS="926"/>
<String CONTENT="David," HEIGHT="71" WIDTH="227" VPOS="2668" HPOS="961"/>
<SP HEIGHT="68" WIDTH="37" VPOS="2671" HPOS="1189"/>
<String CONTENT="1884-" HEIGHT="57" WIDTH="191" VPOS="2671" HPOS="1227"/>
</TextLine>
<TextLine HEIGHT="74" WIDTH="1936" VPOS="2758" HPOS="412" STYLEREFS="StyleId-A355F4F1-B94B-4955-A911-2825A8574C63-" LANG="en-US">
<String CONTENT="The" HEIGHT="58" WIDTH="130" VPOS="2759" HPOS="412"/>
<SP HEIGHT="38" WIDTH="35" VPOS="2779" HPOS="543"/>
<String CONTENT="origin," HEIGHT="73" WIDTH="226" VPOS="2759" HPOS="579"/>
<SP HEIGHT="51" WIDTH="33" VPOS="2779" HPOS="806"/>
<String CONTENT="nature," HEIGHT="69" WIDTH="247" VPOS="2763" HPOS="840"/>
<SP HEIGHT="51" WIDTH="34" VPOS="2781" HPOS="1088"/>
<String CONTENT="and" HEIGHT="61" WIDTH="126" VPOS="2761" HPOS="1123"/>
<SP HEIGHT="59" WIDTH="31" VPOS="2759" HPOS="1250"/>
<String CONTENT="influence" HEIGHT="59" WIDTH="302" VPOS="2758" HPOS="1282"/>
<SP HEIGHT="39" WIDTH="33" VPOS="2778" HPOS="1585"/>
<String CONTENT="of" HEIGHT="58" WIDTH="70" VPOS="2759" HPOS="1619"/>
<SP HEIGHT="58" WIDTH="32" VPOS="2759" HPOS="1690"/>
<String CONTENT="relativity;" HEIGHT="73" WIDTH="356" VPOS="2758" HPOS="1723"/>
<SP HEIGHT="71" WIDTH="34" VPOS="2759" HPOS="2080"/>
<String CONTENT="Lowell" HEIGHT="59" WIDTH="233" VPOS="2758" HPOS="2115"/>
</TextLine>
<TextLine HEIGHT="73" WIDTH="2017" VPOS="2837" HPOS="329" STYLEREFS="StyleId-A355F4F1-B94B-4955-A911-2825A8574C63-" LANG="en-US">
<String CONTENT="institute" HEIGHT="59" WIDTH="292" VPOS="2837" HPOS="329"/>
<SP HEIGHT="58" WIDTH="61" VPOS="2838" HPOS="622"/>
<String CONTENT="lectures," HEIGHT="72" WIDTH="289" VPOS="2838" HPOS="684"/>
<SP HEIGHT="72" WIDTH="63" VPOS="2838" HPOS="974"/>
<String CONTENT="Lowell" HEIGHT="58" WIDTH="234" VPOS="2838" HPOS="1038"/>
<SP HEIGHT="57" WIDTH="60" VPOS="2838" HPOS="1273"/>
<String CONTENT="institute&#8212;Boston," HEIGHT="73" WIDTH="635" VPOS="2837" HPOS="1334"/>
<SP HEIGHT="53" WIDTH="64" VPOS="2857" HPOS="1970"/>
<String CONTENT="and" HEIGHT="58" WIDTH="124" VPOS="2837" HPOS="2035"/>
<SP HEIGHT="58" WIDTH="61" VPOS="2837" HPOS="2160"/>
<String CONTENT="Los" HEIGHT="58" WIDTH="124" VPOS="2837" HPOS="2222"/>
</TextLine>
<TextLine HEIGHT="75" WIDTH="2017" VPOS="2914" HPOS="331" STYLEREFS="StyleId-A355F4F1-B94B-4955-A911-2825A8574C63-" LANG="en-US">
<String CONTENT="Angeles" HEIGHT="73" WIDTH="275" VPOS="2916" HPOS="331"/>
<SP HEIGHT="57" WIDTH="61" VPOS="2917" HPOS="607"/>
<String CONTENT="lectures," HEIGHT="71" WIDTH="289" VPOS="2917" HPOS="669"/>
<SP HEIGHT="72" WIDTH="60" VPOS="2916" HPOS="959"/>
<String CONTENT="University" HEIGHT="72" WIDTH="378" VPOS="2916" HPOS="1020"/>
<SP HEIGHT="54" WIDTH="59" VPOS="2934" HPOS="1399"/>
<String CONTENT="of" HEIGHT="59" WIDTH="69" VPOS="2915" HPOS="1459"/>
<SP HEIGHT="60" WIDTH="62" VPOS="2914" HPOS="1529"/>
<String CONTENT="California&#8212;Southern" HEIGHT="61" WIDTH="756" VPOS="2914" HPOS="1592"/>
</TextLine>
<TextLine HEIGHT="76" WIDTH="2017" VPOS="2992" HPOS="330" STYLEREFS="StyleId-A355F4F1-B94B-4955-A911-2825A8574C63-" LANG="en-US" CS="1">
<String CONTENT="branch," HEIGHT="71" WIDTH="256" VPOS="2995" HPOS="330"/>
<SP HEIGHT="70" WIDTH="41" VPOS="2996" HPOS="587"/>
<String CONTENT="by" HEIGHT="71" WIDTH="83" VPOS="2996" HPOS="629"/>
<SP HEIGHT="73" WIDTH="41" VPOS="2994" HPOS="713"/>
<String CONTENT="George" HEIGHT="74" WIDTH="243" VPOS="2994" HPOS="755"/>
<SP HEIGHT="57" WIDTH="41" VPOS="2995" HPOS="999"/>
<String CONTENT="David" HEIGHT="58" WIDTH="211" VPOS="2994" HPOS="1041"/>
<SP HEIGHT="58" WIDTH="37" VPOS="2994" HPOS="1253"/>
<String CONTENT="Birkhoff" HEIGHT="58" WIDTH="297" VPOS="2993" HPOS="1291"/>
<SP HEIGHT="58" WIDTH="44" VPOS="2993" HPOS="1589"/>
<String CS="1" CONTENT="&#8230;"/>
<SP HEIGHT="57" WIDTH="85" VPOS="2993" HPOS="1697"/>
<String CONTENT="New" HEIGHT="59" WIDTH="154" VPOS="2993" HPOS="1783"/>
<SP HEIGHT="57" WIDTH="39" VPOS="2993" HPOS="1938"/>
<String CONTENT="York," HEIGHT="73" WIDTH="192" VPOS="2992" HPOS="1978"/>
<SP HEIGHT="71" WIDTH="43" VPOS="2994" HPOS="2171"/>
<String CONTENT="The" HEIGHT="57" WIDTH="132" VPOS="2994" HPOS="2215"/>
</TextLine>
<TextLine HEIGHT="73" WIDTH="920" VPOS="3073" HPOS="330" STYLEREFS="StyleId-A355F4F1-B94B-4955-A911-2825A8574C63-" LANG="en-US">
<String CONTENT="Macmillan" HEIGHT="58" WIDTH="364" VPOS="3073" HPOS="330"/>
<SP HEIGHT="39" WIDTH="27" VPOS="3092" HPOS="695"/>
<String CONTENT="company," HEIGHT="55" WIDTH="325" VPOS="3091" HPOS="723"/>
<SP HEIGHT="70" WIDTH="33" VPOS="3076" HPOS="1049"/>
<String CONTENT="1925." HEIGHT="58" WIDTH="167" VPOS="3073" HPOS="1083"/>
</TextLine>
<TextLine HEIGHT="58" WIDTH="1943" VPOS="3148" HPOS="402" LANG="en-US">
<String CONTENT="ix," HEIGHT="52" WIDTH="59" VPOS="3151" HPOS="402"/>
<SP HEIGHT="49" WIDTH="35" VPOS="3154" HPOS="462"/>
<String CONTENT="185" HEIGHT="46" WIDTH="77" VPOS="3150" HPOS="498"/>
<SP HEIGHT="56" WIDTH="31" VPOS="3150" HPOS="576"/>
<String CONTENT="p." HEIGHT="39" WIDTH="39" VPOS="3167" HPOS="608"/>
<SP HEIGHT="43" WIDTH="60" VPOS="3152" HPOS="648"/>
<String CONTENT="diagrs." HEIGHT="55" WIDTH="169" VPOS="3150" HPOS="709"/>
<SP HEIGHT="41" WIDTH="64" VPOS="3152" HPOS="879"/>
<String CONTENT="192" HEIGHT="46" WIDTH="74" VPOS="3152" HPOS="944"/>
<String STYLE="superscript" CONTENT="cm" HEIGHT="18" WIDTH="47" VPOS="3153" HPOS="1029"/>
<String CONTENT="." HEIGHT="9" WIDTH="9" VPOS="3186" HPOS="1082"/>
<SP HEIGHT="31" WIDTH="62" VPOS="3166" HPOS="1092"/>
<String CONTENT="[A" HEIGHT="46" WIDTH="59" VPOS="3151" HPOS="1155"/>
<SP HEIGHT="44" WIDTH="29" VPOS="3151" HPOS="1215"/>
<String CONTENT="series" HEIGHT="45" WIDTH="139" VPOS="3150" HPOS="1245"/>
<SP HEIGHT="30" WIDTH="30" VPOS="3165" HPOS="1385"/>
<String CONTENT="of" HEIGHT="44" WIDTH="51" VPOS="3151" HPOS="1416"/>
<SP HEIGHT="43" WIDTH="27" VPOS="3151" HPOS="1468"/>
<String CONTENT="mathematical" HEIGHT="45" WIDTH="335" VPOS="3149" HPOS="1496"/>
<SP HEIGHT="45" WIDTH="30" VPOS="3149" HPOS="1832"/>
<String CONTENT="texts," HEIGHT="46" WIDTH="136" VPOS="3156" HPOS="1863"/>
<SP HEIGHT="38" WIDTH="29" VPOS="3164" HPOS="2000"/>
<String CONTENT="ed." HEIGHT="43" WIDTH="67" VPOS="3150" HPOS="2030"/>
<SP HEIGHT="44" WIDTH="29" VPOS="3149" HPOS="2098"/>
<String CONTENT="by" HEIGHT="53" WIDTH="59" VPOS="3149" HPOS="2128"/>
<SP HEIGHT="54" WIDTH="31" VPOS="3148" HPOS="2188"/>
<String LANG="fr" CONTENT="E." HEIGHT="46" WIDTH="51" VPOS="3148" HPOS="2220"/>
<SP HEIGHT="43" WIDTH="18" VPOS="3149" HPOS="2272"/>
<String CONTENT="R." HEIGHT="44" WIDTH="54" VPOS="3149" HPOS="2291"/>
</TextLine>
<TextLine HEIGHT="47" WIDTH="221" VPOS="3209" HPOS="332" LANG="en-US">
<String CONTENT="Hedrick]" HEIGHT="47" WIDTH="221" VPOS="3209" HPOS="332"/>
</TextLine>
<TextLine HEIGHT="55" WIDTH="1680" VPOS="3264" HPOS="331" LANG="en-US" CS="1">
<String CONTENT="&#169;" HEIGHT="54" WIDTH="53" VPOS="3265" HPOS="331"/>
<SP HEIGHT="54" WIDTH="24" VPOS="3265" HPOS="385"/>
<String CONTENT="Dec." HEIGHT="43" WIDTH="109" VPOS="3268" HPOS="410"/>
<SP HEIGHT="43" WIDTH="25" VPOS="3267" HPOS="520"/>
<String CONTENT="22," HEIGHT="51" WIDTH="65" VPOS="3267" HPOS="546"/>
<SP HEIGHT="49" WIDTH="29" VPOS="3269" HPOS="612"/>
<String CONTENT="1925;" HEIGHT="54" WIDTH="130" VPOS="3265" HPOS="642"/>
<SP HEIGHT="52" WIDTH="24" VPOS="3267" HPOS="773"/>
<String CONTENT="2c." HEIGHT="43" WIDTH="66" VPOS="3267" HPOS="798"/>
<SP HEIGHT="28" WIDTH="26" VPOS="3282" HPOS="865"/>
<String CONTENT="and" HEIGHT="43" WIDTH="87" VPOS="3267" HPOS="892"/>
<SP HEIGHT="43" WIDTH="25" VPOS="3267" HPOS="980"/>
<String CONTENT="aff." HEIGHT="42" WIDTH="78" VPOS="3267" HPOS="1006"/>
<SP HEIGHT="42" WIDTH="29" VPOS="3267" HPOS="1085"/>
<String CONTENT="Dec." HEIGHT="42" WIDTH="107" VPOS="3267" HPOS="1115"/>
<SP HEIGHT="43" WIDTH="26" VPOS="3266" HPOS="1223"/>
<String CONTENT="23;" HEIGHT="51" WIDTH="79" VPOS="3266" HPOS="1250"/>
<SP HEIGHT="51" WIDTH="28" VPOS="3266" HPOS="1330"/>
<!-- cceid 37814A75-6DD5-1014-B757-AF09C522E301 --><String CONTENT="A" HEIGHT="42" WIDTH="43" VPOS="3266" HPOS="1359"/>
<SP HEIGHT="43" WIDTH="25" VPOS="3266" HPOS="1403"/>
<String CONTENT="872966;" HEIGHT="52" WIDTH="190" VPOS="3265" HPOS="1429"/>
<SP HEIGHT="51" WIDTH="30" VPOS="3266" HPOS="1620"/>
<String CONTENT="Macmillan" HEIGHT="45" WIDTH="270" VPOS="3264" HPOS="1651"/>
<SP HEIGHT="29" WIDTH="24" VPOS="3280" HPOS="1922"/>
<String CONTENT="co." HEIGHT="29" WIDTH="64" VPOS="3280" HPOS="1947"/>
</TextLine>
<TextLine HEIGHT="56" WIDTH="216" VPOS="3322" HPOS="410" LANG="en-US">
<String CONTENT="(26-177)" HEIGHT="56" WIDTH="216" VPOS="3322" HPOS="410"/>
</TextLine>
<TextLine HEIGHT="74" WIDTH="952" VPOS="3421" HPOS="331" STYLEREFS="StyleId-A19A55E9-5AF2-4851-8E1B-BB5A450E2DA1-" LANG="en-US">
<String CONTENT="Blake," HEIGHT="74" WIDTH="213" VPOS="3421" HPOS="331"/>
<SP HEIGHT="72" WIDTH="37" VPOS="3423" HPOS="545"/>
<String CONTENT="William," HEIGHT="73" WIDTH="300" VPOS="3422" HPOS="583"/>
<SP HEIGHT="68" WIDTH="39" VPOS="3427" HPOS="884"/>
<String CONTENT="1757-1827." HEIGHT="57" WIDTH="359" VPOS="3424" HPOS="924"/>
</TextLine>
<TextLine HEIGHT="140" WIDTH="1990" VPOS="3511" HPOS="328" STYLEREFS="StyleId-A355F4F1-B94B-4955-A911-2825A8574C63-" LANG="en-US" CS="1">
<String CONTENT="Twenty-seven" HEIGHT="71" WIDTH="480" VPOS="3515" HPOS="407"/>
<SP HEIGHT="58" WIDTH="31" VPOS="3515" HPOS="888"/>
<String CONTENT="drawings" HEIGHT="73" WIDTH="319" VPOS="3514" HPOS="920"/>
<SP HEIGHT="58" WIDTH="29" VPOS="3514" HPOS="1240"/>
<String CONTENT="by" HEIGHT="72" WIDTH="84" VPOS="3514" HPOS="1270"/>
<SP HEIGHT="72" WIDTH="27" VPOS="3514" HPOS="1355"/>
<String CONTENT="William" HEIGHT="59" WIDTH="280" VPOS="3512" HPOS="1383"/>
<SP HEIGHT="57" WIDTH="30" VPOS="3513" HPOS="1664"/>
<String CS="1" CONTENT="Blake;" HEIGHT="58" WIDTH="196" VPOS="3512" HPOS="1695"/>
<SP HEIGHT="70" WIDTH="31" VPOS="3513" HPOS="1923"/>
<String CONTENT="being" HEIGHT="74" WIDTH="189" VPOS="3511" HPOS="1955"/>
<SP HEIGHT="74" WIDTH="27" VPOS="3511" HPOS="2145"/>
<String CONTENT="illustrations" HEIGHT="140" WIDTH="1990" VPOS="3511" HPOS="328"/>
</TextLine>
<TextLine HEIGHT="154" WIDTH="1992" VPOS="3589" HPOS="328" STYLEREFS="StyleId-A355F4F1-B94B-4955-A911-2825A8574C63-" LANG="en-US" CS="1">
<String CONTENT="for" HEIGHT="59" WIDTH="106" VPOS="3591" HPOS="647"/>
<SP HEIGHT="57" WIDTH="41" VPOS="3592" HPOS="754"/>
<String CONTENT="Paradise" HEIGHT="58" WIDTH="311" VPOS="3592" HPOS="796"/>
<SP HEIGHT="56" WIDTH="42" VPOS="3594" HPOS="1108"/>
<String CONTENT="lost," HEIGHT="69" WIDTH="142" VPOS="3594" HPOS="1151"/>
<SP HEIGHT="73" WIDTH="47" VPOS="3590" HPOS="1294"/>
<String LANG="fr" CONTENT="Cornus" HEIGHT="60" WIDTH="229" VPOS="3590" HPOS="1342"/>
<SP HEIGHT="38" WIDTH="46" VPOS="3611" HPOS="1572"/>
<String CONTENT="and" HEIGHT="58" WIDTH="126" VPOS="3591" HPOS="1619"/>
<SP HEIGHT="58" WIDTH="39" VPOS="3591" HPOS="1746"/>
<String CONTENT="the" HEIGHT="58" WIDTH="106" VPOS="3591" HPOS="1786"/>
<SP HEIGHT="59" WIDTH="41" VPOS="3590" HPOS="1893"/>
<String CONTENT="Bible." HEIGHT="59" WIDTH="198" VPOS="3589" HPOS="1935"/>
<SP HEIGHT="58" WIDTH="82" VPOS="3589" HPOS="2134"/>
<String CONTENT="McPherson," HEIGHT="152" WIDTH="1992" VPOS="3589" HPOS="328"/>
<SP HEIGHT="70" WIDTH="29" VPOS="3671" HPOS="635"/>
<String CONTENT="Kan.," HEIGHT="72" WIDTH="186" VPOS="3671" HPOS="665"/>
<SP HEIGHT="73" WIDTH="32" VPOS="3670" HPOS="852"/>
<String LANG="fr" CONTENT="C." HEIGHT="59" WIDTH="65" VPOS="3670" HPOS="885"/>
<SP HEIGHT="59" WIDTH="29" VPOS="3671" HPOS="951"/>
<String CONTENT="J." HEIGHT="59" WIDTH="62" VPOS="3671" HPOS="981"/>
<SP HEIGHT="59" WIDTH="33" VPOS="3670" HPOS="1044"/>
<String CONTENT="Smalley" HEIGHT="71" WIDTH="278" VPOS="3670" HPOS="1078"/>
<SP HEIGHT="54" WIDTH="28" VPOS="3688" HPOS="1357"/>
<String CONTENT="[" HEIGHT="44" WIDTH="14" VPOS="3698" HPOS="1386"/>
<String STYLE="superscript" CONTENT="c" HEIGHT="23" WIDTH="19" VPOS="3677" HPOS="1403"/>
<String CONTENT="1925]" HEIGHT="73" WIDTH="165" VPOS="3670" HPOS="1424"/>
</TextLine>
<TextLine HEIGHT="56" WIDTH="695" VPOS="3747" HPOS="400" LANG="en-US" CS="1">
<String CONTENT="5" HEIGHT="47" WIDTH="23" VPOS="3747" HPOS="400"/>
<SP HEIGHT="47" WIDTH="36" VPOS="3747" HPOS="424"/>
<String CS="1" CONTENT="l." HEIGHT="9" WIDTH="9" VPOS="3784" HPOS="479"/>
<SP HEIGHT="46" WIDTH="59" VPOS="3747" HPOS="489"/>
<String CONTENT="front.," HEIGHT="56" WIDTH="155" VPOS="3747" HPOS="549"/>
<SP HEIGHT="53" WIDTH="31" VPOS="3750" HPOS="705"/>
<String CONTENT="26" HEIGHT="45" WIDTH="56" VPOS="3748" HPOS="737"/>
<SP HEIGHT="55" WIDTH="31" VPOS="3748" HPOS="794"/>
<String CS="1" CONTENT="pl." HEIGHT="39" WIDTH="57" VPOS="3764" HPOS="826"/>
<SP HEIGHT="45" WIDTH="58" VPOS="3749" HPOS="884"/>
<String CS="1" CONTENT="33&#189;cm." HEIGHT="46" WIDTH="152" VPOS="3748" HPOS="943"/>
</TextLine>
<TextLine HEIGHT="57" WIDTH="1720" VPOS="3802" HPOS="400" LANG="en-US">
<String CONTENT="Letterpress" HEIGHT="52" WIDTH="286" VPOS="3807" HPOS="400"/>
<SP HEIGHT="44" WIDTH="29" VPOS="3806" HPOS="687"/>
<String CONTENT="descriptive" HEIGHT="53" WIDTH="273" VPOS="3806" HPOS="717"/>
<SP HEIGHT="30" WIDTH="27" VPOS="3821" HPOS="991"/>
<String CONTENT="of" HEIGHT="46" WIDTH="51" VPOS="3805" HPOS="1019"/>
<SP HEIGHT="44" WIDTH="27" VPOS="3805" HPOS="1071"/>
<String CONTENT="each" HEIGHT="44" WIDTH="110" VPOS="3805" HPOS="1099"/>
<SP HEIGHT="54" WIDTH="29" VPOS="3805" HPOS="1210"/>
<String CONTENT="plate" HEIGHT="54" WIDTH="120" VPOS="3805" HPOS="1240"/>
<SP HEIGHT="30" WIDTH="27" VPOS="3820" HPOS="1361"/>
<String CONTENT="on" HEIGHT="30" WIDTH="58" VPOS="3820" HPOS="1389"/>
<SP HEIGHT="29" WIDTH="26" VPOS="3820" HPOS="1448"/>
<String CONTENT="verso" HEIGHT="30" WIDTH="132" VPOS="3819" HPOS="1475"/>
<SP HEIGHT="30" WIDTH="29" VPOS="3820" HPOS="1608"/>
<String CONTENT="of" HEIGHT="46" WIDTH="51" VPOS="3804" HPOS="1638"/>
<SP HEIGHT="53" WIDTH="25" VPOS="3804" HPOS="1690"/>
<String CONTENT="preceding" HEIGHT="54" WIDTH="244" VPOS="3803" HPOS="1716"/>
<SP HEIGHT="40" WIDTH="25" VPOS="3817" HPOS="1961"/>
<String CONTENT="plate." HEIGHT="55" WIDTH="133" VPOS="3802" HPOS="1987"/>
</TextLine>
<TextLine HEIGHT="55" WIDTH="1122" VPOS="3860" HPOS="401" LANG="en-US">
<String CONTENT="&#8220;Of" HEIGHT="45" WIDTH="96" VPOS="3863" HPOS="401"/>
<SP HEIGHT="44" WIDTH="25" VPOS="3863" HPOS="498"/>
<String CONTENT="this" HEIGHT="45" WIDTH="89" VPOS="3862" HPOS="524"/>
<SP HEIGHT="30" WIDTH="26" VPOS="3877" HPOS="614"/>
<String CONTENT="edition" HEIGHT="44" WIDTH="170" VPOS="3863" HPOS="641"/>
<SP HEIGHT="42" WIDTH="30" VPOS="3865" HPOS="812"/>
<String CONTENT="1050" HEIGHT="46" WIDTH="106" VPOS="3861" HPOS="843"/>
<SP HEIGHT="44" WIDTH="26" VPOS="3862" HPOS="950"/>
<String CONTENT="copies" HEIGHT="53" WIDTH="149" VPOS="3862" HPOS="977"/>
<SP HEIGHT="30" WIDTH="27" VPOS="3877" HPOS="1127"/>
<String CONTENT="were" HEIGHT="31" WIDTH="121" VPOS="3876" HPOS="1155"/>
<SP HEIGHT="40" WIDTH="25" VPOS="3875" HPOS="1277"/>
<String CONTENT="printed.&#8221;" HEIGHT="55" WIDTH="220" VPOS="3860" HPOS="1303"/>
</TextLine>
<TextLine HEIGHT="56" WIDTH="1709" VPOS="3917" HPOS="329" LANG="en-US" CS="1">
<String CONTENT="&#169;" HEIGHT="54" WIDTH="53" VPOS="3919" HPOS="329"/>
<SP HEIGHT="54" WIDTH="25" VPOS="3919" HPOS="383"/>
<String CONTENT="Dec." HEIGHT="43" WIDTH="109" VPOS="3922" HPOS="409"/>
<SP HEIGHT="44" WIDTH="26" VPOS="3920" HPOS="519"/>
<String CONTENT="7," HEIGHT="52" WIDTH="38" VPOS="3920" HPOS="546"/>
<SP HEIGHT="50" WIDTH="27" VPOS="3922" HPOS="585"/>
<String CONTENT="1925;" HEIGHT="54" WIDTH="130" VPOS="3918" HPOS="613"/>
<SP HEIGHT="52" WIDTH="26" VPOS="3920" HPOS="744"/>
<String CONTENT="2c." HEIGHT="43" WIDTH="64" VPOS="3920" HPOS="771"/>
<SP HEIGHT="27" WIDTH="27" VPOS="3936" HPOS="836"/>
<String CONTENT="and" HEIGHT="43" WIDTH="87" VPOS="3921" HPOS="864"/>
<SP HEIGHT="43" WIDTH="26" VPOS="3921" HPOS="952"/>
<String CONTENT="aff." HEIGHT="42" WIDTH="77" VPOS="3921" HPOS="979"/>
<SP HEIGHT="42" WIDTH="27" VPOS="3921" HPOS="1057"/>
<String CONTENT="Dec." HEIGHT="42" WIDTH="107" VPOS="3921" HPOS="1085"/>
<SP HEIGHT="43" WIDTH="26" VPOS="3920" HPOS="1193"/>
<String CONTENT="28;" HEIGHT="51" WIDTH="79" VPOS="3920" HPOS="1220"/>
<SP HEIGHT="51" WIDTH="26" VPOS="3920" HPOS="1300"/>
<!-- cceid 3781547B-6DD5-1014-B757-AF09C522E301 --><String CONTENT="A" HEIGHT="42" WIDTH="43" VPOS="3920" HPOS="1327"/>
<SP HEIGHT="43" WIDTH="26" VPOS="3920" HPOS="1371"/>
<String CS="1" CONTENT="879035;" HEIGHT="45" WIDTH="164" VPOS="3918" HPOS="1398"/>
<SP HEIGHT="52" WIDTH="32" VPOS="3918" HPOS="1589"/>
<String CONTENT="Carl" HEIGHT="45" WIDTH="106" VPOS="3918" HPOS="1622"/>
<SP HEIGHT="53" WIDTH="27" VPOS="3919" HPOS="1729"/>
<String CONTENT="J." HEIGHT="52" WIDTH="40" VPOS="3920" HPOS="1757"/>
<SP HEIGHT="46" WIDTH="28" VPOS="3918" HPOS="1798"/>
<String CONTENT="Smalley." HEIGHT="53" WIDTH="211" VPOS="3917" HPOS="1827"/>
</TextLine>
<TextLine HEIGHT="56" WIDTH="216" VPOS="3976" HPOS="408" LANG="en-US">
<String CONTENT="(26-486)" HEIGHT="56" WIDTH="216" VPOS="3976" HPOS="408"/>
</TextLine>
</TextBlock>
</PrintSpace>
</Page>
</Layout>
</alto>