2533 4412
1297 4098 113 54 564

344 422 252 71 Groves,
637 421 257 58 Charles
931 422 237 71 Stuart,
1208 423 188 58 1867-

418 512 223 72 Henry
698 511 198 59 Cabot
950 512 231 73 Lodge,
1239 512 104 57 the
1400 513 365 72 statesman,
1819 513 83 71 by
1961 511 259 60 Charles
2281 512 59 58 S.

342 589 259 60 Groves.
683 590 259 72 Boston,
980 590 213 73 Small,
1229 591 315 71 Maynard
1575 590 47 56 &
1654 608 309 54 company
1996 619 13 44 [
2010 597 20 24 c
2033 590 164 73 1925]

420 684 92 52 viii,
547 684 78 44 152
657 700 40 37 p.
759 685 123 44 front.
924 684 167 53 (port.)
1159 684 50 42 21
1219 685 45 16 cm
1272 718 8 8 .

339 752 56 54 ©
426 755 113 51 Apr.
570 755 67 50 22,
676 752 103 46 1925;
841 755 64 41 2c.
940 755 86 42 and
1060 754 79 42 aff.
1175 753 113 52 May
1318 752 79 52 23;
1434 753 44 42 A
1511 752 190 53 829369;
1742 751 156 54 Small,
1933 754 229 51 Maynard
2195 753 37 44 &
2265 768 80 37 co.,

413 811 83 48 inc.
566 808 272 57 (25-10183)

344 911 281 72 Halleck,
664 911 256 58 Reuben
956 912 169 69 Post,
1165 913 189 56 1859-

342 1001 1980 138 … Our nation’s heritage; what the old world contributed to
620 1078 1726 73 the new, by Reuben Post Halleck … and Juliette
343 1156 2003 75 Frantz … New York, Cincinnati [etc.] American book
343 1256 307 54 company
680 1267 12 43 [
695 1245 19 22 c
717 1238 165 72 1925]

419 1333 57 50 vi,
513 1330 82 44 430
629 1346 40 37 p.
730 1328 83 45 col.
851 1330 150 51 front.,
1039 1328 129 51 illus.,
1205 1343 140 38 maps.
1409 1330 51 43 19
1465 1331 15 17 cm
1518 1363 9 8 .
1597 1328 262 54 (Halleck’s
1898 1330 243 42 American
2178 1329 176 53 history

351 1388 165 52 series)

422 1457 329 46 “References”
778 1466 45 35 at
851 1459 84 42 end
961 1457 50 44 of
1038 1457 108 44 each
1173 1457 197 52 chapter.

339 1528 57 54 ©
427 1530 113 51 May
571 1529 62 50 13,
670 1527 129 52 1925;
831 1528 64 42 2c.
927 1528 89 42 and
1045 1527 79 43 aff.
1158 1528 112 51 May
1305 1525 73 53 15;
1413 1528 43 41 A
1485 1525 191 54 855131;
1710 1528 246 43 American
1987 1528 123 43 book
2141 1543 65 29 co.

423 1585 271 53 (25-10184)

345 1686 194 72 Hays,
578 1684 245 58 Harold
859 1683 253 73 Melvin,
1152 1687 190 56 1880-

425 1780 296 57 Diseases
758 1778 68 57 of
859 1778 104 57 the
1002 1796 125 52 ear,
1161 1796 151 39 nose
1349 1778 122 56 and
1506 1779 232 70 throat,
1773 1780 82 69 by
1892 1777 244 61 Harold
2171 1780 180 69 Hays

415 1856 1808 74 … illustrated with 495 half-tone and line engravings in
2250 1860 102 57 the
346 1938 151 68 text,
534 1936 123 55 and
693 1935 70 55 55
799 1934 122 55 full
951 1951 163 53 page
1148 1932 224 72 plates,
1408 1933 223 71 nearly
1666 1934 82 55 all
1781 1934 66 55 in
349 1935 1979 153 colors. Philadelphia,

691 2015 70 57 F.
790 2014 76 64 A.
900 2014 197 58 Davis
1128 2032 323 55 company,
1483 2015 166 57 1925.

423 2112 90 50 xvi,
551 2111 77 45 961
665 2126 38 37 p.
764 2110 129 50 illus.,
930 2109 50 44 55
1014 2125 58 36 pl.
1100 2108 125 53 (part
1260 2107 96 52 col.,
1392 2107 100 45 incl.
1530 2108 166 53 front.)
1740 2108 169 53 diagrs.
1968 2112 56 42 24
2030 2112 46 17 cm
2083 2145 7 8 .

343 2179 54 54 ©
425 2182 113 51 May
564 2180 64 50 12,
655 2176 103 46 1925;
812 2179 64 41 2c.
902 2178 87 42 and
1014 2177 79 43 aff.
1120 2177 113 51 May
1258 2176 78 52 20;
1364 2175 43 43 A
1433 2174 165 45 855287;
1652 2175 50 45 F.
1728 2177 58 42 A.
1816 2177 140 44 Davis
1985 2193 65 29 co.

424 2235 272 56 (25-10151)

347 2336 319 72 Hodgson,
708 2333 324 58 Harriette
1071 2331 249 74 Ensley.

424 2429 131 56 The
582 2428 258 55 wooden
868 2426 188 55 horse
1088 2423 68 57 of
1186 2425 170 70 Troy
1385 2422 372 58 introduced
1789 2423 133 59 into
1954 2429 220 69 patent
2207 2428 146 56 land

347 2525 149 38 over
533 2504 202 72 night,
772 2502 254 58 written
1068 2501 103 57 for
1211 2501 104 57 the
1355 2501 302 57 Institute
1701 2501 68 58 of
1806 2505 347 70 patentees,
345 2507 1980 149 London,

343 2577 1987 158 England, by Harriette Ensley Hodgson … [Brooklyn, c 1925]
420 2742 80 46 [62]
529 2756 41 37 p.
633 2739 51 44 18
691 2741 45 17 cm
744 2773 8 7 .

345 2797 54 53 ©
424 2798 112 51 Apr.
560 2798 65 50 20,
655 2794 131 53 1925;
812 2795 65 42 2c.
904 2795 85 42 and
1014 2794 78 43 aff.
1122 2795 112 51 May
1258 2794 49 50 2;
1335 2793 44 42 A
1404 2793 189 52 829319;
1623 2795 61 41 H.
1712 2794 53 47 E.
1795 2795 237 52 Hodgson,
2061 2796 117 44 New
2205 2798 143 43 York.

425 2853 272 56 (25-10012)

346 2954 249 71 Jacobs,
635 2951 257 59 Charles
929 2949 287 70 Michael,
1255 2953 188 55 1875-

427 3047 130 56 The
591 3048 176 68 story
799 3044 67 56 of
896 3043 105 57 the
1033 3042 247 71 church,
1314 3060 79 37 an
1427 3041 235 58 outline
1692 3042 69 57 of
1790 3043 83 57 its
1907 3043 249 74 history
2186 3046 168 57 from

347 3125 105 60 the
487 3126 118 56 end
639 3124 67 56 of
736 3124 105 55 the
873 3121 140 57 first
1047 3124 64 53 to
1145 3120 104 57 the
1284 3120 119 56 end
1437 3120 67 56 of
1537 3120 104 57 the
1674 3119 364 60 nineteenth
2073 3126 278 69 century,

346 3197 2007 79 by Charles M. Jacobs … Philadelphia, Pa., The United
347 3282 323 57 Lutheran
700 3278 387 73 publication
1119 3275 194 59 house
1348 3305 13 43 [
1363 3285 20 20 c
1385 3276 165 75 1925]

418 3360 82 43 418
530 3374 38 38 p.
629 3358 54 43 20
690 3360 45 17 cm
744 3393 7 8 .

420 3417 172 43 “Notes
618 3431 58 28 on
703 3415 142 43 books
873 3416 45 41 in
937 3413 174 56 church
1140 3411 229 53 history”:
1400 3426 38 38 p.
1469 3410 205 45 405-406.

347 3472 54 54 ©
433 3475 114 51 May
575 3474 68 50 20,
679 3471 104 44 1925;
842 3473 64 42 2c.
938 3472 86 42 and
1057 3471 77 42 aff.
1169 3471 110 50 May
1311 3470 54 42 23;
1427 3470 42 41 A
1500 3469 166 43 829362;
1727 3470 151 42 Board
1910 3470 50 44 of
1994 3470 274 53 publication
2300 3470 49 43 of

418 3532 75 42 the
524 3529 172 45 United
728 3528 230 43 Lutheran
990 3527 166 43 church
1189 3527 45 42 in
1264 3526 227 50 America,
1528 3525 324 53 Philadelphia.
428 3585 271 56 (25-10131)

350 3687 232 66 Lester,
618 3682 280 59 Pauline.

429 3767 1856 76 Marjorie Dean at Hamilton arms, by Pauline Lester …
351 3854 151 56 New
526 3851 191 69 York,
742 3849 76 56 A.
847 3849 66 55 L.
943 3848 163 57 Burt
1132 3865 306 54 company
1467 3875 13 43 [
1481 3854 21 22 c
1505 3846 165 73 1925]

420 3930 82 43 246
532 3945 40 37 p.
636 3928 142 42 front.
841 3927 147 42 19½cm.
1058 3926 129 46 (Her
1221 3924 230 51 Marjorie
1484 3924 130 41 Dean
1649 3922 356 54 post-graduate
2038 3924 165 53 series)

351 3986 54 53 ©
431 3987 113 51 May
571 3984 63 50 19,
662 3981 129 51 1925;
819 3983 64 42 2c.
910 3983 85 42 and
1023 3984 79 41 aff.
1130 3983 112 52 May
1266 3982 78 51 26;
1373 3982 43 41 A
1443 3981 189 52 829382;
1663 3982 56 42 A.
1749 3982 49 43 L.
1829 3982 112 43 Burt
1970 3997 64 28 co.

430 4038 273 59 (25-10218)
