2533 4412
0 0 0 0 1299
152 419 181 72 Neill,
374 419 282 60 William
692 418 218 71 Lewis,
953 422 189 56 1866-

229 511 128 56 The
390 510 336 72 suggested
757 509 234 57 outline
1025 509 67 57 of
1122 511 150 69 type
1303 508 314 71 problems
1650 509 104 56 for
1785 509 366 72 geography

152 589 304 71 teaching,
487 588 316 71 prepared
829 588 81 70 by
939 585 279 59 William
1245 586 201 57 Lewis
1479 585 194 72 Neill;
1705 587 104 56 for
149 586 1977 153 simplifying

293 666 103 57 the
430 665 304 71 practical
769 664 291 72 teaching
1094 662 67 59 of
1197 663 382 73 geography,
1616 665 125 56 and
1775 684 36 38 a
1847 665 143 72 help
2027 667 124 56 and

151 745 203 72 guide,
386 744 104 56 for
519 743 104 57 the
656 742 270 69 teacher,
959 742 66 56 in
1056 740 347 73 preparing
1434 741 102 57 the
1569 742 209 59 lesson
1811 742 180 71 plan;
2027 743 123 59 and

151 823 103 58 for
293 822 102 58 the
435 820 405 73 assignment,
880 819 433 72 presentation
1352 820 123 57 and
1516 818 386 73 application
1940 819 68 59 of
2046 820 104 59 the

150 902 223 56 lesson.
477 899 262 69 Fourth,
780 897 145 57 fifth
967 898 123 57 and
1134 897 167 57 sixth
1341 898 247 72 grades.
1692 897 457 73 Philadelphia,

151 981 252 68 Penna.,
441 978 129 56 The
603 975 279 59 William
919 975 66 56 L.
1023 974 165 57 Neill
1224 993 322 54 company,
1583 984 17 20 c
1605 977 165 56 1925.

220 1053 654 56 2 p. l. , iii, 126 p. 23½c m .
151 1112 52 53 ©
233 1114 101 43 Oct
363 1113 66 50 28,
462 1109 129 53 1925;
621 1111 63 42 2c.
716 1111 101 43 Oct.
844 1109 77 52 29;
953 1109 78 43 aff.
1062 1110 101 43 Oct.
1194 1109 77 52 30;
1304 1108 43 43 A
1376 1109 188 52 869832;
1596 1109 209 45 William
1832 1111 49 42 L.
1912 1110 124 44 Neill
2067 1127 78 36 co.,

222 1169 82 43 inc.
373 1166 270 56 (25-22121)

154 1268 152 57 New
334 1265 187 58 York.
594 1263 450 74 Metropolitan
1073 1279 281 42 museum
1386 1263 67 58 of
1485 1268 117 54 art.

295 1354 1850 75 … Memorial exhibition of the work of George Bellows,
154 1438 148 60 New
326 1436 187 71 York,
542 1434 267 60 October
836 1435 71 56 12
935 1434 272 73 through
1232 1435 352 59 November
1612 1436 90 69 22,
1731 1436 164 56 1925.
1984 1436 165 73 [New

152 1515 187 70 York,
369 1521 16 21 c
389 1513 164 72 1925]

225 1594 79 43 132
328 1606 55 37 p.,
414 1595 19 42 1
481 1626 8 8 l.
518 1592 102 44 incl.
649 1592 130 43 front.
818 1590 169 50 (port.)
1022 1588 157 51 plates.
1239 1588 52 46 25
1299 1592 16 19 cm
1353 1625 9 9 .

219 1649 65 42 At
309 1649 113 45 head
450 1649 51 43 of
531 1647 249 53 title:.The
807 1645 326 51 Metropolitan
1162 1660 204 31 museum
1394 1648 52 43 of
1472 1655 83 35 art.

237 1705 81 44 “Of
349 1704 90 45 this
474 1703 238 50 catalogue
747 1711 91 38 two
873 1702 228 44 thousand
1136 1701 152 51 copies
1323 1717 120 30 were
1478 1703 176 49 printed
1691 1705 59 49 by
1785 1705 75 44 the
1895 1704 114 46 Yale
152 1704 1973 107 university

347 1756 699 54 press … in October, 1925.”
224 1815 318 45 Introduction
575 1816 155 49 signed
748 1830 9 29 :
791 1813 155 45 Frank
981 1813 376 45 Crowninshield.

153 1868 52 53 ©
235 1870 100 43 Oct.
367 1869 61 51 12,
460 1867 129 52 1925;
616 1869 65 42 2c.
712 1868 101 43 Oct.
839 1867 79 51 26;
949 1867 79 43 aff.
1054 1867 106 43 Oct.
1187 1867 79 51 23;
1297 1867 43 41 A
1368 1865 189 54 869766;
1591 1868 325 52 Metropolitan
1946 1885 202 29 museum

222 1925 50 44 of
304 1933 84 44 art,
424 1926 115 42 New
573 1924 142 44 York.
785 1921 271 56 (25-21809)

154 2023 218 71 Nicoll,
414 2022 357 76 Allardyce.

227 2115 245 57 British
516 2115 251 69 drama;
814 2133 78 37 an
937 2113 326 57 historical
1307 2133 228 54 survey
1578 2115 168 57 from
1790 2117 105 57 the
152 2119 1967 146 beginnings

373 2191 1775 74 to the present time, by Allardyce Nicoll … New
153 2271 187 71 York,
373 2271 268 57 Thomas
670 2270 73 56 Y.
779 2268 263 59 Crowell
1069 2288 308 53 company
1410 2300 11 43 [
1424 2278 18 21 c
1447 2272 164 72 1925]

218 2351 109 50 xvii,
360 2350 160 44 13-498
549 2364 38 38 p.
650 2349 151 51 front.,
833 2347 152 54 plates.
1047 2349 52 42 22c
1125 2351 27 17 m
1160 2383 8 8 .

221 2405 325 54 Bibliography
563 2421 9 27 :
603 2420 40 37 p.
671 2404 205 46 463-480.

154 2462 52 53 ©
238 2464 100 43 Oct.
368 2463 66 50 29,
469 2459 129 54 1925;
629 2462 64 42 2c.
723 2461 87 43 and
839 2461 78 42 aff.
949 2460 119 43 Nov.
1101 2459 48 53 5;
1183 2462 43 41 A
1258 2460 187 53 872272;
1478 2460 202 46 Thomas
1711 2464 55 43 Y.
1801 2464 194 45 Crowell
2028 2482 65 28 co.

233 2518 269 55 (25-22480)

155 2619 341 73 Northrup,
536 2616 188 60 Belle.

231 2713 59 56 A
321 2712 174 57 short
525 2710 384 72 description
939 2714 69 57 of
1036 2711 263 59 historic
1326 2712 272 72 fashion,
1628 2712 150 59 with
1807 2715 189 59 index
2029 2720 122 57 and

157 2789 395 73 suggestions
597 2791 101 56 for
740 2789 187 68 using
967 2790 104 58 the
1115 2790 491 73 accompanying
1646 2794 203 71 thirty
1889 2794 263 60 historic

156 2866 1994 78 costume plates, by Belle Northrup … New York city.
157 2944 310 59 Teachers
499 2944 248 71 college,
781 2942 323 60 Columbia
1133 2942 370 75 university,
1536 2947 164 56 1925.

226 3020 530 51 7 p., xxx pl. 27½ cm .
227 3079 53 42 In
305 3078 224 49 portfolio
551 3077 147 44 which
721 3078 80 43 has
827 3076 97 45 title
941 3092 9 29 :
977 3076 209 46 Historic
1211 3085 203 38 costume
1439 3079 155 51 plates,
1621 3096 25 29 a
1671 3080 243 47 loose-leaf
1939 3084 130 50 folio,
2092 3086 58 49 by

161 3131 1000 51 Belle Northrup … and Anna L. Green.
158 3185 52 54 ©
244 3187 100 44 Oct.
382 3187 62 51 13,
482 3184 128 53 1925;
644 3186 66 44 2c.
745 3186 100 44 Oct.
883 3184 72 54 15;
991 3187 79 43 aff.
1106 3187 101 44 Oct.
1240 3185 79 54 27;
1356 3187 44 43 A
1432 3186 189 56 872115;
1661 3190 49 43 B.
1747 3191 250 53 Northrup,
2035 3194 116 45 New

227 3244 142 43 York.
439 3241 268 55 (25-21806)

161 3341 268 74 [Onions,
467 3342 192 57 Berta
693 3341 191 75 Ruck]

239 3434 187 56 Pearl
463 3432 177 72 thief,
677 3434 83 71 by
795 3433 197 58 Berta
1028 3434 174 57 Ruck
1257 3438 233 72 [pseud.]
1579 3439 392 72 [Instalment
2009 3446 50 70 1,
2102 3446 48 72 2]

234 3511 79 50 (In
341 3512 234 40 Woman’s
606 3511 100 42 Life
734 3512 257 51 magazine,
1023 3513 127 50 Sept.
1183 3518 63 45 12,
1279 3519 62 46 19,
1375 3516 126 51 1925)

159 3564 1994 63 © 1c. each Nov. 6, 1925; A ad int. 7386; pubd. Sept. 7, 14; Mrs. George
232 3621 170 52 Oliver,
434 3621 106 43 Fair
572 3622 124 52 Mile,
729 3622 496 53 Henley-on-Thames,
1260 3624 221 53 England.

161 3720 238 73 Pedler,
437 3721 339 73 Margaret.

240 3813 421 57 Tomorrow’s
695 3816 211 70 tangle.
999 3816 174 71 chap.
1211 3818 203 58 12-17.

234 3890 80 50 (In
343 3891 95 41 Red
469 3892 264 51 magazine)

162 3942 1907 62 © 1c. Nov. 6, 1925; A ad int. 7393; pubd. Sept. 11; M. Pedler, London.
