2533 4412
0 0 0 0 1543
136 377 313 71 Newman,
489 374 343 59 Elizabeth.

213 466 160 57 How
405 469 63 54 to
501 466 179 58 teach
710 467 199 56 music
940 470 62 54 to
1039 466 295 57 children.
1408 467 130 56 The
1572 465 264 58 Harriet
1875 466 68 56 A.
134 466 1973 134 Seymour

358 544 271 57 creative
673 544 148 70 plan
867 544 67 56 of
978 543 367 72 awakening
1389 544 123 56 and
1555 543 254 71 leading
1852 542 278 59 children

134 621 131 56 into
295 620 200 57 music
519 620 150 57 with
698 640 37 37 a
764 621 238 71 graded
1032 623 234 68 system
1299 619 67 58 of
1394 620 242 57 lessons
1668 622 122 56 and
1820 620 308 70 material,

134 697 376 72 illustrated,
552 699 122 56 and
713 718 39 36 a,
791 697 392 71 supplement
1224 697 129 56 The
1395 697 279 57 children
1689 702 45 53 ’s
1777 717 136 38 own
1953 698 175 70 book,

135 775 81 70 by
264 774 326 57 Elizabeth
642 774 313 56 Newman.
1044 774 259 70 Boston,
1353 774 152 57 New
1553 775 174 56 York
1779 777 146 72 [etc.]
1983 773 148 59 Carl

135 851 277 73 Fischer,
448 851 115 58 inc.
606 852 180 74 [1925]

201 927 78 52 xii,
320 928 73 43 141
430 942 38 38 p.
530 927 128 51 illus.,
692 928 156 52 music,
884 927 165 53 diagrs.
1108 927 57 43 20
1171 930 46 18 cm
1224 963 8 7 .

134 981 53 54 ©
217 985 115 52 June
360 985 38 50 2,
435 983 129 53 1925;
597 985 63 43 2c.
693 985 114 51 June
835 984 79 53 20;
946 984 79 43 aff.
1057 985 117 51 June
1207 984 73 52 19;
1315 984 43 42 A
1390 982 191 53 829777;
1618 983 106 45 Carl
1756 983 199 52 Fischer,
1990 984 84 45 inc.

135 1067 174 71 Rees,
345 1068 312 72 Reginald
689 1069 394 71 Francesque
1118 1066 310 72 Watkins,
1465 1070 188 56 1887-

208 1158 130 58 The
368 1160 225 56 second
617 1160 187 69 mate,
831 1160 82 70 by
941 1159 71 56 R.
1040 1159 72 57 F.
1140 1159 97 57 W.
1268 1159 179 58 Rees.
1531 1159 276 70 London,
1838 1162 69 56 P.
1938 1161 185 58 Allan

129 1238 48 56 &
203 1255 85 39 co.
319 1237 183 73 [1925]

202 1315 83 45 309
309 1331 39 37 p.
412 1316 52 44 19
468 1318 47 18 cm
521 1354 9 8 .

134 1369 1994 57 © 1c. Nov. 10, 1925; A ad int. 7401; pubd. Oct. 22; Henry Holt & co.,
204 1429 119 45 New
363 1428 142 45 York.
575 1427 214 55 (26-149)

134 1516 204 71 Shaw,
370 1516 74 58 A.
479 1516 113 72 W.,
627 1532 322 57 company.

209 1605 162 58 How
410 1608 63 55 to
516 1625 119 37 run
675 1625 39 37 a
754 1606 186 57 retail
981 1606 375 58 automobile
1399 1606 288 58 business
1733 1610 64 54 at
1841 1626 35 37 a
1920 1606 207 73 profit.

136 1682 289 74 Chicago,
455 1682 74 57 A.
562 1683 81 58 W.
694 1682 187 59 Shaw
910 1702 85 38 co.
1033 1685 181 72 [1925]

203 1760 17 41 1
254 1773 41 29 V.
365 1759 352 53 (Investigation
748 1774 72 29 no.
850 1759 80 54 28)

130 1813 56 54 ©
215 1816 119 43 Mar.
360 1817 67 51 23,
459 1815 130 53 1925;
618 1817 66 44 2c.
711 1816 88 43 and
825 1815 79 44 aff.
935 1816 114 53 May
1080 1816 46 51 1;
1158 1816 43 42 A
1231 1815 189 52 829169;
1452 1816 57 42 A.
1539 1816 74 44 W.
1648 1814 136 47 Shaw
1814 1832 65 28 co.

134 1901 226 73 Shuey,
396 1902 237 71 Joseph
665 1902 61 58 S.

211 1993 130 57 The
387 1993 120 56 law
557 1992 68 58 of
674 1992 380 58 conditional
1108 1993 162 57 sales
1320 1992 106 58 for
1474 1993 102 58 the
1628 1992 289 59 business
1967 2012 161 39 man.

130 2070 177 58 With
340 2071 416 71 explanatory
788 2071 317 57 additions
1140 2074 63 54 to
1240 2071 103 57 the
1377 2074 150 54 text.
1605 2071 257 73 Seattle,
1895 2072 235 72 Wash.,

133 2148 129 57 The
295 2148 195 72 Legal
524 2148 364 73 publishing
921 2167 105 54 co.,
1065 2149 165 57 1925.

222 2225 71 43 1 v.
129 2279 56 54 ©
210 2282 116 52 June
348 2279 70 54 27,
449 2278 131 55 1925;
608 2282 65 43 2c.
701 2281 87 44 and
815 2281 79 44 aff.
923 2281 107 53 July
1056 2281 79 52 20;
1166 2281 43 42 A
1238 2280 189 52 855928;
1460 2281 139 53 Legal
1629 2280 102 53 pub.
1761 2296 66 28 co.

134 2366 285 73 Skinner,
462 2366 257 59 Charles
755 2368 454 72 Montgomery,
1252 2369 359 57 1852-1907.

207 2461 213 70 Myths
452 2463 124 57 and
602 2461 255 72 legends
890 2464 68 58 of
987 2461 261 61 flowers,
1279 2467 187 63 trees,
1498 2459 214 69 fruits,
1745 2463 124 57 and
1898 2461 230 71 plants,

129 2538 65 57 in
241 2538 83 58 all
373 2557 148 53 ages
572 2542 123 56 and
740 2539 65 56 in
854 2541 82 56 all
985 2537 229 69 climes,
1262 2542 83 68 by
1395 2538 260 59 Charles
1705 2539 82 58 M.
1842 2537 284 58 Skinner.

130 2615 436 72 Philadelphia
676 2617 279 71 London,
988 2619 60 57 J.
1081 2617 71 60 B.
1188 2616 362 73 Lippincott
1585 2635 304 53 company
1925 2646 12 42 [
1939 2625 18 20 c
1963 2616 146 55 1925]

199 2693 1187 53 ix p., 1 l., 9-301, [1] p. front. plates. 21½cm.
201 2748 266 45 Illustrated
496 2758 96 43 t.-p.

202 2805 160 45 “Fifth
391 2806 281 51 impression,
703 2807 111 44 with
844 2806 250 46 additional
1123 2807 346 46 illustrations.”

132 2858 53 54 ©
219 2860 101 44 Oct.
353 2861 67 51 23,
453 2860 129 53 1925;
617 2862 64 43 2c.
716 2862 88 43 and
836 2862 78 43 aff.
949 2862 109 43 Dec.
1090 2862 50 51 9;
1175 2862 43 43 A
1253 2861 189 53 872905;
1477 2862 40 53 J.
1553 2862 50 42 B.
1639 2861 258 53 Lippincott
1932 2877 67 28 co.
2063 2860 66 54 [©

199 2932 101 28 new
345 2916 312 54 illustrations]
728 2916 271 56 (25-27942)

134 3001 240 73 Totten,
409 3002 210 58 Edith.

209 3079 258 73 Oxygen
529 3081 435 71 consumption
1027 3081 232 71 during
1321 3081 336 57 emotional
1721 3080 406 58 stimulation.

132 3156 362 74 Baltimore,
529 3158 128 58 The
685 3158 313 59 Williams
1027 3159 48 57 &
1102 3158 269 59 Wilkins
1404 3177 84 39 co.
1523 3159 182 74 [1925]

205 3235 17 41 1
262 3249 41 28 V.
378 3233 347 55 (Comparative
760 3235 279 53 psychology
1075 3234 303 54 monographs.
1460 3249 41 29 v.
1540 3236 39 51 3,
1616 3235 136 44 serial
1787 3251 71 28 no.
1901 3236 63 51 13,
2001 3235 126 53 June,

134 3288 131 56 1925)

132 3344 54 54 ©
213 3346 117 52 June
358 3347 36 51 6,
427 3347 129 53 1925;
586 3349 64 42 2c.
681 3349 87 43 and
795 3349 79 44 aff.
904 3349 115 51 June
1051 3349 74 51 11;
1157 3348 43 42 A
1229 3344 189 55 855517;
1449 3345 230 46 Williams
1711 3347 37 44 &
1775 3346 199 45 Wilkins
2006 3362 66 28 co.

131 3429 286 74 Villiger,
457 3431 182 72 Emil,
681 3435 190 58 1870-

206 3508 200 57 Brain
442 3510 122 56 and
600 3507 207 73 spinal
841 3510 178 70 cord;
1057 3529 35 37 a
1128 3508 257 58 manual
1415 3507 107 58 for
1555 3508 103 58 the
1698 3509 190 71 study
1922 3508 65 59 of
2025 3507 104 58 the

126 3586 414 72 morphology
576 3588 123 56 and
737 3586 380 59 fibre-tracts
1160 3587 68 56 of
1266 3586 103 57 the
1411 3587 238 57 central
1686 3604 271 40 nervous
129 3604 1975 132 system,

132 3663 1973 137 by Emil Villiger … edited by William H. F. Addison
128 3741 1977 135 … 3d rev. American ed. from the 8th to 10th German
316 3822 111 70 ed.,
469 3820 153 57 with
665 3822 108 56 262
816 3821 441 72 illustrations,
1298 3840 190 53 many
1527 3821 67 56 in
1637 3822 183 56 color.
131 3819 1971 150 Philadelphia
417 3899 48 56 &

500 3899 276 72 London,
815 3900 59 57 J.
914 3899 70 57 B.
1023 3899 368 71 Lippincott
1427 3918 306 53 company
1771 3928 13 44 [
1784 3907 21 22 c
1809 3900 163 71 1925]
