2533 4412
0 0 0 0 118
351 442 290 71 Haddon,
683 442 233 61 Alfred
957 444 168 72 Cort,
1170 446 192 57 1855-

435 538 129 57 The
592 557 178 38 races
801 539 69 57 of
894 557 149 39 man
1071 539 127 58 and
1223 539 165 58 their
1417 538 429 75 distribution,
1874 541 86 73 by
1985 540 76 59 A.
2094 539 65 61 C.
355 540 1985 134 Haddon

578 615 1570 77 … New York, The Macmillan company, 1925.
421 693 96 52 viii,
542 694 83 45 200
651 710 40 37 p.
752 694 156 52 front.,
934 695 160 51 plates,
1120 693 147 54 diagr.
1354 696 26 45 19½
1415 699 47 18 cm
1469 735 10 9 .

426 750 883 54 “Short bibliography” : p. 173-185.
350 804 55 54 ©
431 806 108 44 Feb.
569 806 60 53 10,
661 805 130 54 1925;
818 807 66 42 2c.
909 807 88 43 and
1021 807 79 43 aff.
1128 806 106 44 Feb.
1330 821 11 38 11;
1368 807 45 42 A
1438 805 192 54 814995;
1661 807 269 44 Macmillan
1953 822 65 30 co.

430 861 244 58 (25-4463)

351 964 239 73 Hagar,
622 963 315 59 Marshall
968 962 255 75 Spring,
1261 966 192 57 1866-
1610 965 94 58 ed.

428 1069 226 74 Hagar
695 1070 127 57 and
861 1068 422 60 Alexander’s
1323 1068 399 73 bankruptcy
1762 1070 220 74 forms,
2026 1071 169 58 rules
2239 1072 125 58 and

350 1148 1986 137 general orders in bankruptcy. 3d ed., by Fred E. Rosbrook …
733 1225 189 74 being
982 1224 233 60 Collier
1273 1245 79 38 on
1408 1225 431 73 Bankruptcy,
1901 1226 147 59 13th
2107 1226 254 74 edition,

349 1305 279 57 volumes
669 1306 33 56 3
741 1305 124 57 and
902 1305 36 55 4
976 1305 123 57 and
1138 1305 152 56 1924
1326 1303 413 72 supplement.
1842 1304 268 75 Albany,
2151 1305 75 58 N.
2266 1305 96 73 Y.,

350 1382 83 58 M.
465 1383 251 57 Bender
746 1381 49 59 &
822 1401 325 52 company,
1175 1381 465 76 incorporated,
1673 1383 167 59 1925.

420 1462 92 53 xvi,
542 1461 252 45 2039-4119
819 1475 55 40 p.,
907 1463 18 42 1
975 1495 22 16 l.,
1031 1459 77 46 105
1139 1475 39 39 p.
1238 1460 56 44 26½
1327 1462 47 18 cm
1381 1495 10 9 .

425 1520 105 43 1924
560 1520 164 43 annual
754 1519 280 52 supplement
1058 1518 81 44 has
1171 1516 164 54 special
1363 1525 96 45 t.-p.
1489 1518 88 44 and
1604 1525 208 46 separate
1839 1517 275 54 pagination.

349 1575 54 54 ©
435 1576 106 45 Feb.
578 1577 61 51 12,
675 1575 130 54 1925;
837 1577 64 43 2c.
935 1575 107 45 Feb.
1078 1574 73 55 16;
1185 1576 79 43 aff.
1299 1574 105 45 Feb.
1442 1577 73 50 14;
1551 1576 43 42 A
1625 1576 193 53 823111;
1855 1575 225 45 Matthew
2114 1575 178 44 Bender
2324 1575 37 45 &

420 1648 79 39 co.,
527 1634 81 43 inc.
674 1631 68 56 [©
765 1648 99 29 new
890 1640 168 37 matter
1083 1633 86 43 and
1196 1632 210 53 revision]
1478 1630 243 57 (25-4457)

347 1730 304 73 Hamsun,
693 1731 194 72 Knut,
928 1733 192 57 1859-

429 1824 325 75 Segelfoss
811 1828 186 69 town,
1055 1825 355 58 translated
1467 1825 168 57 from
1692 1825 105 57 the
1854 1822 381 75 Norwegian
2292 1824 67 57 of

351 1903 183 57 Knut
565 1902 293 58 Hamsun
890 1904 86 71 by
1007 1902 61 59 J.
1107 1902 62 59 S.
1209 1902 194 59 Scott.
1479 1902 154 58 New
1664 1901 192 75 York,
1893 1902 75 57 A.
2005 1902 76 60 A.
2118 1900 243 74 Knopf,

350 1983 167 58 1925.

417 2060 360 43 368 p. 19½c m .
421 2116 211 53 Original
660 2116 123 43 title:
817 2113 266 54 “Segelfoss
1109 2113 284 53 by.”—Note
1423 2129 58 28 on
1508 2127 135 31 verso
1672 2113 51 44 of
1751 2120 96 46 t.-p.

348 2171 54 54 ©
431 2172 109 45 Feb.
570 2172 36 51 6,
641 2170 130 54 1925;
803 2172 65 43 2c.
899 2172 88 42 and
1015 2172 79 42 aff.
1125 2170 107 45 Feb.
1261 2171 79 53 20;
1373 2171 44 43 A
1447 2171 191 52 822132;
1670 2171 168 44 Alfred
1868 2171 57 43 A.
1956 2169 173 54 Knopf,
2161 2171 82 43 inc.

428 2227 245 57 (25-4775)

347 2327 241 74 Hardy,
631 2326 180 58 Alice
850 2325 177 59 Dale.

427 2418 1929 74 The Riddle club at Sunrise Beach … by Alice Dale
348 2496 2007 78 Hardy … illustrated by Walter S. Rogers. New York,
351 2579 265 60 Grosset
641 2578 50 58 &
716 2576 253 75 Dunlap
1001 2607 13 45 [
1015 2585 20 21 c
1039 2577 165 74 1925]

418 2654 1819 57 2 p. l., 246 p. front., plates. 19½ cm . (Her The Riddle club books)
348 2713 54 54 ©
430 2713 108 45 Feb.
571 2712 63 53 16,
665 2711 131 54 1925;
826 2713 65 42 2c.
920 2710 108 46 Feb.
1061 2712 75 51 19;
1168 2711 78 43 aff.
1277 2710 106 45 Feb.
1417 2711 75 52 18;
1522 2712 45 42 A
1597 2709 188 54 822107;
1819 2712 190 44 Grosset
2038 2713 38 44 &
2104 2713 195 54 Dunlap,

427 2769 243 56 (25-4772)

347 2869 378 73 H’Doubler,
767 2870 328 71 Margaret
1136 2866 255 59 Newell.

429 2967 131 57 The
593 2966 214 70 dance,
838 2965 86 72 by
953 2963 333 73 Margaret
1314 2962 389 58 H’Doubler.
1786 2962 155 58 New
1969 2963 191 76 York,
351 2963 1983 153 Harcourt,

576 3041 932 74 Brace and company [ c 1925]
416 3123 92 52 xiv,
536 3123 94 52 283,
661 3123 81 47 [12]
773 3135 39 39 p.
874 3120 156 53 front.,
1055 3119 130 53 illus.,
1215 3119 159 53 plates.
1433 3121 54 43 23
1495 3122 47 18 cm
1549 3156 8 8 .

420 3182 115 45 Part
559 3180 53 47 of
637 3177 303 48 illustrations
966 3178 250 45 numbered
1241 3192 49 31 as
1317 3177 158 53 plates.

425 3237 300 49 Cover-title:
750 3236 104 46 The
875 3237 142 44 dance
1040 3233 90 47 and
1153 3235 59 45 its
1240 3234 127 53 place
1390 3235 47 44 in
1462 3233 251 50 education.

423 3295 363 54 “Bibliography
839 3293 76 45 for
967 3291 242 54 reading”:
1266 3307 41 37 p.
1362 3289 221 54 255-262;
1639 3289 359 57 “Bibliography
2053 3294 52 45 of
2157 3294 199 47 music”:

347 3371 42 37 p.
414 3352 209 48 263-274.

348 3408 54 54 ©
431 3410 100 52 Jan.
560 3409 70 50 29,
662 3405 130 52 1925;
823 3407 64 42 2c.
920 3405 88 43 and
1038 3404 78 43 aff.
1147 3401 108 45 Feb.
1292 3402 73 53 14;
1399 3402 44 43 A
1473 3400 190 55 823035;
1697 3403 250 53 Harcourt,
1980 3405 146 45 Brace
2155 3408 88 43 and
2273 3422 80 39 co.,

418 3466 82 44 inc.
571 3463 242 56 (25-4462)

348 3550 211 67 Howe,
593 3550 154 55 Mrs.
782 3543 282 61 Emeline
1097 3541 262 60 Harriet
1401 3541 319 75 (Siggins)
1767 3546 191 57 1844-

426 3641 59 57 A
526 3639 223 59 basket
795 3638 68 57 of
905 3637 376 71 fragments,
1325 3635 84 71 by
1455 3633 283 59 Emeline
1784 3635 267 60 Harriet
2098 3637 256 76 Siggins

347 3719 213 58 Howe.
662 3717 258 56 Kansas
973 3713 163 74 City,
1183 3713 144 73 Mo.,
1377 3711 326 59 Nazarene
1749 3714 366 76 publishing
2159 3717 195 60 house

350 3829 13 44 [c
387 3799 150 57 1924
539 3828 13 43 ]

423 3873 77 47 175
530 3889 42 39 p.
601 3873 104 44 incl.
733 3872 152 52 front.,
916 3878 114 45 port.
1095 3871 52 44 19½
1179 3871 47 18 cm
1233 3904 10 9 .

419 3934 179 43 Poems.

347 3990 54 54 ©
429 3991 102 44 Oct.
555 3989 67 51 28,
653 3987 130 51 1924;
813 3987 64 43 2c.
905 3984 107 45 Feb.
1044 3985 64 46 14,
1138 3981 132 54 1925;
1299 3984 79 43 aff.
1406 3984 99 52 Jan.
1531 3983 80 51 24;
1641 3983 43 42 A
1713 3984 190 53 822063;
1978 4021 7 8 E.
2015 3987 61 42 H.
2109 3985 46 48 S:
2186 3988 164 53 Howe,

417 4048 181 42 Kansas
630 4044 118 53 City,
777 4044 98 43 Mo.
946 4039 242 56 (25-4622)
