2533 4412
1282 4087 111 56 290

331 504 2007 73 by Rev. F. X. Lasance … Revised in conformity with
332 583 1937 72 the Vatican typical edition of the Missale romanum …
335 662 89 57 To
462 661 201 57 which
700 681 107 38 are
847 662 206 58 added
1091 662 429 71 supplements
1561 660 364 74 containing
1959 662 105 57 the
2102 678 239 55 proper

331 757 242 40 masses
600 740 106 57 for
729 740 104 57 the
860 739 239 59 United
1126 739 213 58 States
1367 740 126 57 and
1515 739 258 57 various
1800 758 242 39 masses
2072 739 107 57 for
334 757 1979 118 special

482 818 311 58 devotion.
868 817 330 59 Student’s
1230 818 92 57 ed.
1393 817 152 58 New
1572 817 192 72 York,
1799 816 355 60 Cincinnati
2189 820 149 73 [etc.]

333 895 311 74 Benziger
678 897 311 72 brothers,
1026 898 167 56 1925.

408 954 1603 72 1 p. l., 32°, viii, 9-905, 236, 8†, 24‡, 166* p. front., pl. 15 cm .
405 1032 181 43 “Books
618 1031 51 44 of
699 1031 258 44 reference”
976 1045 8 29 :
1017 1045 40 38 p.
1089 1028 95 47 32°.

334 1087 53 54 ©
419 1090 118 42 Mar.
566 1090 42 50 2,
642 1088 103 44 1925;
801 1090 66 42 2c.
899 1089 88 43 and
1017 1089 78 43 aff.
1128 1089 118 42 Mar.
1280 1089 50 51 9;
1364 1088 43 42 A
1439 1088 189 51 822299;
1667 1087 222 53 Benziger
1920 1089 120 42 bros.
2105 1085 66 55 [©
2204 1101 136 39 pages

409 1144 46 44 1°
486 1153 46 36 to
561 1144 77 45 32°
670 1146 216 43 inclusive
913 1145 185 44 entitled
1129 1146 154 42 “Read
1311 1160 119 28 mass
1459 1144 110 44 with
1600 1144 74 44 the
1702 1144 181 54 priest”]

415 1201 243 55 (25-7096)

337 1302 324 72 Chaloner,
704 1302 171 58 John
909 1302 398 74 Armstrong,
1350 1304 190 56 1862-

409 1389 60 57 A
500 1389 170 58 brief
702 1389 107 58 for
841 1389 104 57 the
983 1389 258 58 defence
1279 1389 66 57 of
1381 1389 104 57 the
1520 1390 412 73 unequivocal
1969 1389 269 74 divinity
2276 1390 67 57 of

333 1468 2009 73 the founder of Christianity as the son of Jehovah … by
332 1545 2008 75 John Armstrong Chaloner … New York, Palmetto
333 1644 201 56 press,
567 1627 167 56 1924.

414 1703 1184 56 1 p. l., iv, 5-242 p. illus. (incl. port.) 23 ½ cm .
412 1762 216 45 Contains
657 1777 135 38 many
819 1777 125 38 press
972 1762 186 45 notices.

692 1821 103 42 CONTENTS.—A
820 1819 120 45 brief
968 1820 74 43 for
1068 1819 75 44 the
1168 1817 359 46 defence.—The
1555 1818 411 54 centre.—Lunacy
1992 1819 86 44 law
2108 1818 243 45 reform.—

343 1877 130 45 Book
503 1878 186 43 reviews
722 1876 52 44 of
803 1876 74 44 the
909 1875 199 45 author’s
1141 1875 408 45 works.—Movies
1583 1876 76 43 for
1688 1875 76 45 the
1795 1874 370 46 farmers.—The
2198 1874 150 46 raison

339 1934 153 45 d’être.
494 1933 269 47 —Sonnets.

336 1989 53 55 ©
418 1992 118 41 Mar.
561 1992 38 50 4,
630 1990 130 53 1925;
787 1991 65 43 2c.
880 1990 88 43 and
993 1990 79 43 aff.
1101 1990 118 43 Mar.
1246 1990 78 52 20;
1354 1990 43 42 A
1425 1988 190 54 823479;
1647 1990 232 43 Palmetto
1904 2004 139 39 press.
416 2048 243 55 (25-7390)

338 2149 207 71 Clark,
584 2149 216 70 Glenn,
839 2152 191 56 1882-

416 2245 129 58 The
573 2245 197 58 soul’s
800 2246 238 58 sincere
1066 2244 227 71 desire,
1318 2246 86 70 by
1427 2244 200 59 Glenn
1654 2243 206 60 Clark.
1925 2243 258 73 Boston,
2213 2244 130 59 The

337 2322 286 60 Atlantic
647 2322 285 72 monthly
959 2341 181 52 press
1171 2351 14 44 [
1187 2330 18 21 c
1209 2322 167 72 1925]

408 2402 513 53 6 p. l., 3-114 p. 20½cm.
338 2456 53 54 ©
426 2459 119 42 Mar.
583 2459 63 50 18,
683 2456 130 52 1925;
846 2457 66 43 2c.
947 2458 119 42 Mar.
1099 2455 81 53 21;
1215 2455 79 44 aff.
1330 2457 119 41 Mar.
1485 2456 77 51 20;
1599 2456 43 42 A
1676 2455 189 53 822506;
1901 2457 205 43 Atlantic
2141 2456 203 54 monthly

407 2529 139 38 press.
617 2511 243 57 (25-7038)

340 2600 215 72 Cloud,
593 2599 288 74 Dorothy
915 2597 534 60 Mallet-Prevost.

416 2691 1866 72 The culture of perennials, by Dorothy M-P. Cloud …
339 2771 151 58 New
515 2771 190 71 York,
734 2770 200 73 Dodd,
965 2770 188 57 Mead
1182 2771 124 56 and
1334 2788 323 52 company,
1687 2771 165 55 1925.

408 2845 1133 57 xiii, 271 p. front., plates. 19 ½ cm . $2.50
411 2906 315 44 Introduction
754 2906 157 52 signed
928 2920 9 28 :
970 2904 212 52 Dorothy
1213 2904 383 45 Mallet-Prevost
1629 2903 157 45 Cloud.

339 2962 53 54 ©
422 2965 119 42 Mar.
575 2963 63 51 14,
671 2962 103 44 1925;
830 2963 63 42 2c.
924 2963 120 41 Mar.
1078 2962 74 52 19;
1185 2962 77 43 aff.
1295 2962 118 42 Mar.
1448 2962 73 51 18;
1552 2962 44 42 A
1627 2960 189 53 823475;
1850 2962 149 53 Dodd,
2030 2962 140 43 Mead
2199 2963 37 43 &
2265 2977 79 37 co.,

410 3020 82 43 inc.
567 3019 242 55 (25-7262)

341 3104 215 70 Collet,
590 3104 169 58 Léon
787 3104 298 69 William,
1121 3107 190 56 1873-

483 3194 1863 74 … Les lacs, leur mode de formation— leurs eaux — leur
337 3274 237 71 destin;
603 3274 295 58 éléments
927 3273 581 73 d’hydro-géologie;
1570 3292 147 38 avec
1746 3275 72 55 63
1843 3273 234 73 figures
2105 3275 156 56 dans
2289 3274 56 57 le

339 3356 169 55 texte
535 3357 60 53 et
623 3354 69 55 28
720 3353 295 70 planches
1042 3353 149 57 hors
1219 3354 187 55 texte.
1491 3351 207 71 Paris,
1727 3352 68 58 G.
1825 3352 182 71 Doin,
2039 3353 165 56 1925.

409 3430 992 53 xi, [1], 320 p. illus., XXVIII pl. 24 cm .
410 3489 66 43 At
501 3487 116 44 head
645 3487 51 44 of
721 3487 98 44 title
835 3502 9 29 :
876 3487 127 44 Léon
1029 3488 75 42 W.
1136 3486 159 45 Collet.

412 3543 396 53 “Bibliographie”
837 3555 46 35 at
913 3545 83 42 end
1029 3544 51 43 of
1108 3543 107 44 each
1245 3543 198 53 chapter.

341 3599 1861 55 © Dec. 29, 1924; 1c. Feb. 25, 1925; A— Foreign 26757; Gaston Doin.
420 3658 242 55 (25-8428)

343 3743 265 73 Corday,
648 3742 247 73 Michel,
936 3746 191 57 1870-

487 3836 1591 74 … Des histoires. Paris, E. Flammarion [ c 1925]
413 3915 454 52 284 p., 1 l. 19 cm .
342 3968 53 54 ©
431 3970 107 43 Feb.
578 3971 63 50 19,
681 3969 129 53 1925;
905 4006 8 7 1c.
951 3971 118 44 Mar.
1105 3970 49 52 6;
1193 3971 102 41 A—
1298 3968 199 54 Foreign
1530 3968 163 53 26772;
1732 3969 166 46 Ernest
1934 3969 320 43 Flammarion.

422 4025 243 55 (25-8336)
