2533 4412
1060 4048 145 56 1203

132 403 215 72 Malot,
387 403 234 57 Hector
657 403 233 72 Henry,
931 404 357 57 1830-1907.

275 492 1852 74 … Sans famille, par Hector Malot, edited with notes,
130 572 476 59 direct-method
635 572 306 57 exercises
973 572 123 57 and
1122 570 399 72 vocabulary,
1549 572 83 71 by
1647 571 48 56 I.
1717 570 78 57 H.
1814 571 70 56 B.
1907 570 219 73 Spiers

197 647 1931 74 … Boston, New York [etc.] D. C. Heath and company
131 757 13 43 [
147 736 18 22 c
168 728 164 74 1925]

198 822 44 34 X,
276 806 77 43 231
391 819 39 37 p.
491 804 139 44 front.,
658 803 166 54 (port.)
867 803 115 43 illus.
1009 802 127 55 (incl.
1170 801 129 54 map)
1370 800 50 46 17
1426 804 46 17 cm
1480 837 8 8 .
1557 802 220 54 (Heath’s
1809 804 188 43 modern
129 803 1978 113 language
308 860 166 55 series)

130 918 53 53 ©
216 919 119 52 Sept.
363 920 64 45 21.
461 917 129 53 1925;
619 919 65 42 2c.
716 917 120 52 Sept.
863 918 79 51 28;
974 917 78 43 aff.
1086 916 121 54 Sept.
1235 915 78 54 25;
1343 918 44 41 A
1417 916 189 54 868626;
1639 918 57 42 D.
1729 916 48 46 C.
1809 918 155 44 Heath
1994 919 36 43 &
2058 933 65 28 co.

209 974 270 56 (25-20429)

131 1061 234 71 Marsh,
405 1060 256 58 Charles
700 1059 308 74 Fielding.

209 1150 1915 73 Shelter, by Charles Fielding Marsh … New York, D.
129 1229 319 72 Appleton
478 1231 123 55 and
633 1247 324 52 company,
987 1229 165 55 1925.

199 1304 641 56 4 p. l., 3-345 p. 19½ cm .
127 1362 57 54 ©
221 1364 101 44 Oct.
361 1364 63 51 16,
461 1361 129 54 1925;
624 1363 67 43 2c.
726 1362 86 43 and
848 1363 79 42 aff.
964 1363 101 43 Oct.
1100 1362 78 52 20;
1216 1363 44 41 A
1294 1361 190 53 869622;
1524 1363 56 42 D.
1616 1363 229 52 Appleton
1880 1363 87 43 and
2003 1378 65 28 co.

209 1419 270 56 (25-20832)

133 1506 350 71 Matthews,
519 1504 243 59 Walter
796 1504 250 73 Robert,
1085 1507 188 56 1881-

205 1595 397 73 Psychology
632 1598 123 55 and
787 1596 102 57 the
923 1596 247 70 church,
1200 1596 82 71 by
1310 1596 95 57 W.
1437 1596 73 57 R.
1545 1596 352 74 Matthews,
1933 1597 66 57 L.
2033 1599 94 58 W.

131 1673 328 73 Grensted,
504 1675 60 57 J.
609 1674 74 57 A.
729 1673 312 71 Hadfield,
1084 1673 79 57 H.
1212 1675 82 56 M.
1341 1673 245 72 Relton,
1631 1674 68 57 L.
1746 1674 71 57 F.
1863 1675 265 59 Browne

130 1754 123 55 and
301 1751 68 59 O.
415 1752 331 56 Hardman
802 1751 263 71 (editor)
1156 1751 150 57 New
1354 1751 191 72 York,
1592 1752 132 58 The
1769 1752 359 58 Macmillan

130 1849 322 52 company,
489 1829 165 57 1925.

198 1907 81 44 203
313 1922 39 38 p.
412 1906 54 44 20
472 1908 46 18 cm
526 1942 8 8 .

461 1962 167 45 CONTENTS.—The
663 1961 336 55 psychological
1036 1961 259 54 standpoint
1330 1962 88 44 and
1457 1964 56 44 its
1549 1962 279 52 limitations,
1864 1963 62 54 by
1961 1964 76 46 W.
2075 1965 54 43 R.

132 2019 421 46 Matthews.—The
585 2033 212 40 progress
831 2020 89 43 and
954 2025 178 47 present
1167 2019 196 53 position
1395 2019 51 45 of
1478 2020 76 44 the
1587 2021 133 53 study
1753 2020 52 46 of
1840 2021 288 54 psychology,

131 2078 59 53 by
217 2078 49 44 L.
296 2079 74 43 W.
402 2076 394 46 Grensted.—The
824 2076 278 53 psychology
1129 2076 52 46 of
1208 2090 164 39 prayer
1400 2078 89 43 and
1520 2076 215 54 religious
1765 2078 280 54 experience,
2072 2080 59 52 by

132 2137 62 42 H.
229 2136 66 46 M.
328 2133 338 45 Relton.—The
697 2132 294 64 psychology,
1006 2133 52 44 of
1091 2133 147 43 moral
1273 2132 323 54 development,
1630 2135 59 52 by
1725 2134 57 45 O.
1817 2136 315 44 Hardman.—

130 2191 101 45 The
259 2191 276 53 psychology
562 2190 51 45 of
641 2189 206 53 spiritual
875 2188 193 53 healing,
1099 2189 60 53 by
1183 2190 41 51 J.
1253 2191 57 41 A.
1342 2189 216 45 Hadfield
1585 2192 89 43 and
1703 2191 50 44 L.
1785 2190 51 44 F.
1865 2192 209 44 Browne.

131 2248 53 53 ©
212 2249 101 44 Oct.
338 2248 37 51 9,
406 2246 129 54 1925;
561 2248 66 43 2c.
653 2247 86 43 and
764 2247 78 43 aff.
872 2246 101 44 Oct.
1003 2247 76 51 10;
1106 2247 44 41 A
1175 2245 191 53 869327;
1397 2246 266 45 Macmillan
1689 2263 65 28 co.

209 2303 270 56 (25-20426)

133 2390 278 72 Michels,
450 2390 250 71 Robert,
739 2390 189 57 1876-

207 2481 125 56 Zur
397 2478 331 74 Soziologie
793 2478 109 57 des
969 2479 446 73 parteiwesens
1481 2480 65 57 in
1612 2483 112 57 der
1788 2483 337 58 modernen

133 2557 413 68 demokratie;
576 2558 550 72 Untersuchungen
1154 2558 155 57 über
1340 2559 99 58 die
1472 2557 494 75 oligarchischen

133 2565 1992 144 tendenzen des gruppenlebens, von Robert Michels … 2.
130 2736 191 39 verm.
353 2714 137 59 aufl.
573 2713 275 72 Leipzig,
876 2714 75 59 A.
982 2713 271 72 Kroner,
1283 2715 166 55 1925.

200 2808 143 35 XXXV,
383 2790 80 48 528
499 2806 42 37 p.
599 2791 56 42 22
660 2792 46 17 cm
712 2825 9 8 .
785 2789 725 53 [Philosophisch-soziologische
1547 2790 343 49 bücherei—bd.
2022 2811 10 30 XXI]

133 2844 1738 56 © July 3, 1925; 1c. Sept. 23; A —Foreign 28700; Alfred Kroner.
212 2902 269 56 (25-22572)

135 2983 314 59 Missouri.
522 2985 303 72 Supreme
863 2987 192 53 court.

211 3061 1917 78 Reports of cases determined … between December 18,
137 3143 166 70 1924,
336 3141 122 55 and
492 3138 330 73 February
854 3141 90 70 17,
980 3140 164 54 1925.
1219 3138 203 72 Perry
1458 3138 61 57 S.
1554 3140 229 73 Rader,
1821 3144 305 70 reporter.

134 3238 56 37 V.
233 3220 126 55 306.
443 3216 339 72 Columbia,
824 3217 142 70 Mo.,
1008 3216 74 56 E.
1123 3216 97 57 W.
1267 3215 308 72 Stephens
1616 3218 366 75 publishing
2020 3240 107 54 co.,

135 3297 166 56 1925.

202 3388 80 36 XX,
311 3372 95 50 833,
437 3386 29 27 V
494 3385 40 38 p.
594 3370 54 43 22½
681 3373 47 18 cm
734 3405 9 8 .

136 3427 53 53 ©
218 3428 100 44 Oct.
345 3428 68 51 20,
444 3425 128 53 1925;
598 3427 66 42 2c.
694 3426 101 44 Oct.
826 3427 74 51 19;
930 3425 79 43 aff.
1037 3425 120 43 Nov.
1189 3425 73 52 19;
1292 3426 44 41 A
1366 3424 188 54 872514;
1588 3426 51 47 E.
1670 3429 74 43 W.
1778 3428 219 54 Stephens
2027 3431 100 51 pub.

205 3499 66 30 co.

137 3571 317 56 Montana.
528 3570 302 71 Supreme
868 3571 191 54 court.

215 3646 1913 73 Reports of cases argued and determined … From
139 3726 166 58 June
357 3726 91 70 14,
500 3725 165 72 1924,
715 3727 64 53 to
832 3722 342 57 December
1225 3724 51 71 1,
1332 3723 163 56 1924.
1606 3723 233 60 Official
1891 3729 234 69 report.

137 3822 56 38 V.
230 3806 88 54 71.
395 3802 128 57 San
558 3801 356 69 Francisco,
949 3799 634 71 Bancroft-Whitney
1617 3822 323 48 company,
1960 3806 166 56 1925.

207 3879 148 52 xxxii,
386 3879 82 44 713
495 3892 41 37 p.
594 3878 54 41 22½
681 3880 46 18 cm
735 3912 8 8 .

137 3934 53 53 ©
224 3936 118 42 Nov.
374 3936 38 49 9,
448 3932 129 53 1925;
610 3934 64 42 2c.
707 3933 86 43 and
826 3932 78 43 aff.
938 3932 118 43 Nov.
1092 3931 75 53 16;
1203 3933 44 41 A
1281 3930 188 54 875099;
1508 3934 463 55 Bancroft-Whitney
2004 3952 66 29 co.
