2533 4412
1284 4103 150 55 1294

353 421 323 71 Freeman,
721 419 275 75 Carolyn
1034 421 71 58 R.

426 512 130 56 The
587 511 274 58 kiddies’
897 510 353 59 Christmas
1283 511 177 73 book,
1492 512 85 71 by
1612 511 275 74 Carolyn
1921 513 72 57 R.
2028 513 330 77 Freeman,

349 589 2010 77 Ann Gladys Lloyd, and others … Syracuse, N. Y., The
347 669 208 58 Willis
585 668 74 58 N.
687 668 255 73 Bugbee
972 686 106 54 co.,
1107 676 19 21 c
1130 669 166 56 1925.

418 750 53 43 92
499 763 40 38 p.
600 746 169 54 diagrs.
834 748 49 43 18½
920 750 46 17 cm
974 782 8 9 .

428 804 149 53 Songs
607 804 112 44 with
749 805 142 42 music
909 820 8 27 :
949 820 38 37 p.
1018 802 152 45 34-35.

350 860 53 54 ©
439 861 121 53 Sept.
597 859 60 53 15,
696 859 129 54 1925;
861 861 64 43 2c.
961 861 103 44 Oct.
1100 860 74 53 10;
1210 860 80 44 aff.
1325 861 102 44 Oct.
1464 861 75 53 19;
1574 861 44 43 A
1654 859 190 55 870965;
1879 860 154 47 Willis
2068 862 60 44 N.
2164 863 197 53 Bugbee,

423 919 239 52 Syracuse,
700 919 59 42 N.
796 919 56 42 Y.
922 917 273 54 (25-22478)

353 1018 477 74 Frothingham,
874 1017 328 59 Elisabeth
1241 1017 230 61 White.

424 1112 253 57 Broken
710 1110 261 59 silences;
1036 1131 234 53 poems,
1303 1115 83 69 by
1419 1112 331 58 Elisabeth
1779 1112 212 61 White
348 1114 1990 136 Frothingham.

595 1191 153 57 New
774 1190 175 59 York
975 1194 123 56 and
1126 1189 280 73 London,
1436 1191 70 59 G.
1535 1191 69 60 P.
1633 1192 336 59 Putnam’s
2000 1210 163 53 sons,
2193 1192 166 57 1925.

420 1270 60 49 vi,
506 1268 51 46 51
588 1284 42 36 p.
693 1270 50 45 19
750 1271 47 18 cm
803 1304 8 9 .

421 1324 225 46 “Limited
674 1333 47 37 to
748 1326 85 44 250
862 1324 196 51 copies.”

351 1378 53 53 ©
445 1380 102 43 Oct.
586 1380 65 50 23,
696 1377 130 54 1925;
866 1379 65 43 2c.
971 1379 86 43 and
1099 1379 78 42 aff.
1221 1379 102 43 Oct.
1363 1380 79 51 31;
1484 1379 44 42 A
1570 1377 189 54 872228;
1803 1378 52 48 E.
1897 1380 76 44 W.
2016 1378 348 54 Frothingham,

420 1435 292 54 Tarrytown,
751 1436 59 43 N.
848 1436 57 43 Y.
974 1433 272 57 (25-22021)

352 1536 291 71 Gerould,
682 1538 151 57 Mrs.
873 1535 353 58 Katharine
1274 1535 385 74 (Fullerton)
1709 1539 189 57 1879-

353 1629 1984 139 The aristocratic West, by Katharine Fullerton Gerould …
734 1708 154 57 New
931 1706 176 59 York
1154 1711 123 56 and
1324 1709 279 72 London,
1651 1708 259 73 Harper
1955 1710 48 57 &
2048 1710 313 71 brothers,

352 1788 164 57 1925.

420 1863 950 53 5 p. l. , 220 p. front., plates. 22½ cm .
682 1922 170 46 CONTENTS.—The
883 1920 289 45 aristocratic
1205 1921 309 46 West.—Salt
1548 1922 149 44 Lake:
1731 1924 75 43 the
1837 1921 91 51 city
1959 1922 51 46 of
2042 1922 75 44 the
2150 1921 209 47 saints.—

350 1979 104 44 Our
500 1980 335 43 northwestern
884 1978 332 45 states.—New
1266 1977 187 45 Mexico
1500 1979 88 44 and
1635 1978 75 46 the
1757 1979 247 45 backwash
2051 1978 50 46 of
2151 1980 210 50 Spain.—

355 2032 294 47 Reno.—San
681 2034 249 47 Francisco
961 2031 229 48 revisited.

350 2088 53 54 ©
437 2091 101 43 Oct.
572 2089 67 52 30,
674 2088 130 53 1925;
839 2090 64 42 2c.
940 2090 103 43 Oct.
1075 2089 78 52 30;
1188 2089 80 42 aff.
1303 2088 120 44 Nov.
1455 2088 50 52 2;
1541 2089 44 42 A
1620 2087 190 54 869855;
1847 2090 186 52 Harper
2066 2091 86 43 and
2185 2090 121 44 bros.

430 2145 272 56 (25-22030)

351 2247 229 73 Gregg,
618 2245 211 60 Willis
866 2245 156 74 Ray,
1062 2248 190 57 1880-

426 2337 1868 75 Aeronautical meteorology, by Willis Ray Gregg …
351 2416 151 58 New
527 2415 190 71 York,
746 2415 131 58 The
902 2415 249 58 Ronald
1176 2433 183 53 press
1388 2433 307 55 company
1722 2445 12 44 [
1737 2423 17 21 c
1760 2417 165 72 1925]

422 2493 1936 55 xii, 144 p. incl. illus., maps. tables, diagrs. XI pl. on 6 l. 22 cm . (Ronald
350 2553 263 45 aeronautic
640 2551 185 54 library,
853 2551 48 45 C.
928 2554 54 42 de
1010 2552 49 43 F.
1089 2550 240 50 Chandler,
1356 2553 171 50 editor)

423 2610 313 54 Appendices:
794 2646 9 8 I.
836 2608 306 46 Distribution
1177 2608 50 46 of
1259 2609 200 45 weather
1494 2609 221 45 forecasts
1752 2611 56 53 by
1843 2609 126 45 radio.
2084 2646 8 7 II.
352 2610 1986 111 Meteorological

549 2669 196 43 services
776 2667 51 45 of
856 2668 75 43 the
961 2667 145 44 world.
1245 2702 9 8 III.
1288 2666 328 54 Bibliography.
1741 2703 8 7 IV.
1783 2667 280 45 Conversion
2098 2668 142 44 tables
2273 2672 87 41 and

354 2726 183 44 factors.

351 2781 53 53 ©
437 2783 102 43 Oct.
569 2782 67 45 26,
671 2779 131 54 1925;
834 2782 64 42 2c.
933 2782 102 43 Oct.
1066 2781 77 52 31;
1177 2781 78 43 aff.
1291 2782 102 43 Oct.
1426 2781 77 52 30;
1538 2781 44 42 A
1613 2779 191 54 872256;
1840 2782 178 44 Ronald
2050 2797 125 38 press
2210 2798 65 28 co.

431 2837 272 57 (25-22291)

354 2925 331 73 Guaranty
715 2927 166 54 trust
915 2939 311 58 company
1257 2923 67 58 of
1357 2924 154 58 New
1542 2922 191 59 York.

429 3018 151 56 New
616 3016 174 57 York
826 3020 164 54 state
1025 3015 285 59 transfer
1346 3017 123 56 and
1507 3019 201 53 estate
1746 3018 110 55 tax
1890 3016 182 71 laws;
2113 3017 251 58 articles

353 3097 91 70 10,
488 3095 173 57 10-A
704 3096 124 56 and
872 3094 166 57 10-B
1085 3094 68 57 of
1196 3094 104 57 the
1344 3098 110 53 tax
1493 3093 137 73 law,
1677 3115 69 38 as
1791 3095 320 57 amended.
2199 3095 167 73 [New

350 3172 2012 76 York, etc.] Guaranty trust company of New York [ c 1925]
426 3251 591 55 1 p. l. , 5-108 p. 18 cm .
351 3309 54 54 ©
438 3311 120 52 Aug.
595 3311 33 50 1,
667 3308 130 53 1925;
832 3310 65 42 2c.
932 3309 101 43 Oct.
1067 3309 51 51 9;
1152 3308 81 43 aff.
1267 3307 101 45 Oct.
1403 3308 49 51 3;
1489 3308 44 42 A
1567 3305 188 55 870473;
1794 3307 234 54 Guaranty
2061 3315 117 37 trust
2213 3324 66 28 co.
2313 3308 49 44 of

424 3368 119 43 New
577 3367 142 42 York.
790 3364 272 56 (25-21081)

355 3452 362 71 Haughton,
749 3454 153 55 Mrs.
937 3450 115 57 Ida
1088 3449 190 58 Clara
1318 3448 346 74 (Cochran)
1708 3452 189 56 1860-

435 3545 365 59 Chronicles
836 3544 68 57 of
939 3544 104 57 the
1083 3542 350 70 Cochrans;
1471 3542 189 72 being
1696 3562 34 37 a
1770 3541 195 59 series
2005 3542 67 57 of
354 3542 1983 139 historical

487 3626 216 54 events
742 3623 123 56 and
899 3620 362 57 narratives
1298 3620 65 56 in
1399 3620 200 56 which
1637 3620 105 56 the
1779 3620 310 56 members
2129 3620 68 56 of
2234 3620 126 57 this

353 3701 228 71 family
616 3701 160 55 have
815 3699 232 72 played
1087 3717 38 37 a
1163 3697 358 72 prominent
1563 3701 165 68 part.
1809 3697 263 57 Volume
2117 3698 243 57 second.

358 3778 194 72 Comp.
614 3778 124 57 and
775 3776 256 58 written
1068 3776 83 72 by
1188 3776 116 57 Ida
1348 3773 288 60 Cochran
1672 3774 362 74 Haughton.
353 3774 1983 154 Columbus,

518 3856 89 72 O.,
637 3856 129 56 The
796 3855 70 56 F.
896 3855 60 57 J.
987 3853 175 58 Heer
1188 3852 289 73 printing
1504 3872 105 53 co.,
1642 3854 165 56 1925.

427 3933 79 44 186
532 3949 39 37 p.
600 3932 100 43 incl.
728 3930 141 53 plates.
940 3930 213 52 facsims.,
1184 3930 84 43 col.
1296 3937 102 36 coat
1424 3929 53 44 of
1502 3944 136 28 arms.
1697 3930 53 42 23
1759 3931 46 17 cm
1812 3965 8 7 .

354 3989 53 53 ©
438 3991 110 42 Dec.
582 3990 63 50 11,
680 3986 129 53 1925;
843 3989 66 41 2c.
940 3987 88 43 and
1058 3987 80 43 aff.
1171 3987 108 43 Dec.
1315 3985 74 54 15;
1423 3987 44 42 A
1498 3984 166 46 875507;
1725 3986 35 42 I.
1795 3984 48 45 C.
1877 3985 265 54 Haughton,
424 3984 1913 114 Columbus,
555 4047 55 43 O.
