2533 4412
1132 4067 111 57 495

235 516 1252 60 xi p., 2 l., 17-298 p. front., pl. 19 ½ cm . $2.00
240 596 101 42 “An
374 594 220 44 ‘old-time
625 591 293 53 religionist’;
955 607 58 28 an
1042 588 308 54 appreciation
1382 588 53 45 of
1467 588 75 43 the
1575 588 237 43 Reverend
1844 586 120 51 John
2000 587 153 42 Roach

172 645 1380 57 Straton, D . D., by William G. Shepherd” : p. 291-298.
168 718 54 54 ©
247 722 112 49 Apr.
383 720 67 50 24,
480 717 128 52 1925;
637 719 64 42 2c.
727 718 112 51 Apr.
865 717 77 52 29;
971 717 77 42 aff.
1076 716 111 52 Apr.
1211 714 79 52 28;
1318 714 43 42 A
1388 712 165 46 829107;
1610 712 177 53 George
1814 713 61 43 H.
1906 714 157 42 Doran
2090 728 65 28 co.

246 775 241 55 (25-9083)

170 877 243 70 Tozzer,
448 874 230 57 Alfred
709 874 303 70 Marston,
1049 875 188 57 1877-

247 967 204 58 Social
485 965 237 73 origins
756 966 124 56 and
912 964 191 57 social
1135 961 418 72 continuities,
1585 964 84 70 by
1699 961 231 58 Alfred
168 962 1969 140 Marston

303 1038 1857 76 Tozzer … New York, The Macmillan company, 1925.
238 1119 482 54 xix, 286 p. 19½ cm .
241 1178 69 43 “A
351 1192 163 29 course
556 1177 53 42 of
649 1176 198 43 lectures
888 1173 234 47 delivered
1163 1173 165 45 before
1368 1172 79 46 the
1489 1172 175 48 Lowell
1707 1170 220 53 institute,
1976 1174 189 51 Boston,

170 1234 381 51 Massachusetts,
579 1230 251 54 February,
863 1232 145 44 1924.”

241 1289 355 54 Bibliography:
624 1304 40 38 p.
692 1288 207 44 270-279.

501 1343 207 46 CONTENTS.—Basic
735 1342 213 46 methods
977 1344 90 44 and
1095 1340 375 47 theories.—The
1499 1351 165 35 nature
1694 1342 53 44 of
1775 1342 77 44 the
1882 1358 166 37 savage
2077 1343 88 43 and

171 1403 54 44 of
251 1403 70 44 his
350 1399 344 58 society.—The
723 1400 140 44 crises
891 1400 46 43 in
965 1400 77 43 the
1071 1399 85 45 life
1183 1400 53 43 of
1266 1400 77 43 the
1371 1398 571 54 individual.—Marriage
1972 1399 90 45 and
2091 1400 76 44 the

174 1457 588 57 family.—Organization,
813 1455 306 46 associations
1171 1459 92 42 and
1313 1455 572 49 classes.—Government,
1939 1458 88 42 law
2077 1458 87 43 and

172 1514 493 54 ethics.—Appendix:
707 1513 256 44 Freshman
1003 1514 179 43 themes
1224 1530 59 27 on
1327 1512 325 55 superstitions
1694 1515 92 42 and
1827 1514 134 43 other
2001 1514 166 44 beliefs

173 1573 90 44 and
290 1572 236 54 practices.

173 1628 54 54 ©
251 1631 113 50 Apr.
387 1630 67 49 21,
486 1627 103 45 1925;
644 1629 62 43 2c.
735 1630 87 42 and
848 1629 78 42 aff.
954 1630 113 50 Apr.
1094 1628 77 51 22;
1201 1628 43 42 A
1271 1627 160 44 829011;
1492 1627 269 45 Macmillan
1785 1643 65 29 co.

253 1685 241 55 (25-9030)

175 1785 307 69 Watkins,
521 1785 269 57 Thomas
824 1785 58 58 J.

178 1876 1965 151 … Gynecology, ed. by Thomas J. Watkins … Obstetrics,
349 1953 1819 73 ed. by Joseph B. D e Lee … with the collaboration of
177 2030 1989 74 J. P. Greenhill … Chicago, The Year book publishers
181 2112 180 72 [1925]

250 2185 1869 54 534 p. illus., XLI pl., diagrs. 19 cm . (The practical medicine series …
176 2242 563 54 V. 5 … Series, 1924)
178 2298 54 54 ©
258 2301 117 42 Mar.
407 2298 63 53 17,
499 2298 128 52 1925;
655 2300 64 42 2c.
747 2300 111 51 May
883 2300 49 50 4;
961 2299 79 43 aff.
1071 2300 109 51 May
1206 2299 79 52 20;
1315 2298 44 43 A
1387 2298 187 53 855338;
1605 2300 124 43 Year
1755 2301 120 43 book
1901 2301 267 52 publishers.

177 2411 210 70 Wells,
427 2411 287 74 Carolyn.

180 2502 1970 154 Face cards, by Carolyn Wells … New York & London,
351 2581 68 60 G.
452 2582 68 56 P.
553 2582 331 57 Putnam’s
918 2600 163 52 sons,
1113 2581 164 59 1925.

252 2660 56 49 iv,
343 2660 81 44 334
456 2674 41 38 p.
560 2661 50 43 19½
644 2661 48 18 cm
697 2696 9 9 .

183 2715 54 54 ©
276 2719 111 50 Apr.
425 2717 66 51 24,
536 2715 102 44 1925;
705 2717 65 42 2c.
810 2718 111 50 Apr.
961 2717 78 51 29;
1080 2717 78 43 aff.
1199 2718 112 51 Apr.
1351 2716 77 52 30;
1471 2717 44 42 A
1553 2717 189 51 823948;
1788 2716 199 55 Carolyn
2026 2720 146 43 Wells

254 2771 1552 57 Houghton, ℅ G. P. Putnam’s sons, New York. (25-9023)
182 2871 334 72 Westlake,
551 2874 152 56 Mrs.
736 2872 145 57 Inez
917 2873 68 56 B.

258 2964 334 57 American
644 2964 227 57 Indian
923 2964 271 72 designs,
1249 2964 296 57 collected
1595 2964 124 58 and
1771 2966 271 72 adapted
2097 2968 81 72 by

183 3042 146 57 Inez
362 3042 70 56 B.
468 3042 316 57 Westlake;
854 3042 326 71 thirty-six
1214 3042 204 71 plates
1456 3040 68 58 of
1557 3042 198 57 which
1793 3043 241 59 sixteen
2071 3064 106 38 are

183 3119 65 57 in
277 3120 183 71 color,
491 3119 360 72 containing
879 3120 109 55 200
1017 3119 253 72 designs
1299 3119 167 57 from
1495 3119 378 71 prehistoric
1902 3121 182 59 times
2113 3126 63 54 to

183 3200 275 67 modern,
494 3197 151 57 with
682 3197 413 72 explanatory
1130 3197 202 57 index.
1415 3196 150 59 New
1601 3197 171 58 York
1809 3198 143 73 city,
1990 3198 78 62 H.
2111 3198 64 61 C.

185 3276 573 71 Perleberg [ c 1925]
258 3353 41 46 [6]
343 3368 38 38 p.
442 3352 53 44 36
521 3368 55 36 pl.
604 3351 78 53 (16
711 3352 109 52 col.)
889 3352 49 44 35½
975 3355 46 17 cm
1029 3388 7 7 .

257 3410 53 42 In
344 3408 230 53 portfolio.

188 3464 54 54 ©
270 3467 98 52 Jan.
398 3466 65 51 20,
496 3465 128 53 1925;
656 3467 64 42 2c.
751 3468 87 42 and
868 3467 78 42 aff.
977 3467 111 52 Apr.
1119 3467 78 50 28;
1232 3467 43 42 A
1307 3466 161 43 823931;
1530 3467 132 43 Hans
1697 3466 187 45 Charles
1917 3467 258 53 Perleberg.

267 3521 241 54 (25-9212)

189 3622 226 71 White,
455 3621 281 59 William
775 3622 212 70 Braid,
1029 3625 187 56 1878-

265 3714 196 56 Piano
493 3713 260 73 playing
781 3713 413 57 mechanisms;
1258 3713 185 74 being
1473 3734 37 37 a
1539 3715 261 57 treatise
1832 3734 80 39 on
1942 3717 103 56 the
192 3718 1964 146 design
382 3811 79 37 and

552 3791 421 57 construction
1026 3793 68 56 of
1142 3791 105 57 the
1296 3793 356 69 pneumatic
1703 3794 205 57 action
1960 3794 67 57 of
2076 3794 104 57 the

190 3870 434 70 player-piano
667 3869 121 56 and
828 3870 68 56 of
935 3869 102 56 the
1079 3868 418 73 reproducing
1535 3870 207 71 piano,
1782 3872 84 69 by
1913 3872 265 56 William

190 3945 1990 74 Braid White … with fifty-two original illustrations and
