2533 4412
0 0 0 0 1496
310 331 376 73 Thompson,
729 328 202 60 Helen
967 330 218 73 Ward,
1228 334 191 56 1908-

440 468 12 26 O,
489 422 271 72 journey
795 420 220 74 again!
1116 422 145 57 And
1298 423 182 58 other
1513 441 217 52 poems
1764 423 83 72 by
1881 424 203 57 Helen
2118 425 202 57 Ward

307 501 378 71 Thompson,
723 500 367 58 illustrated
1124 501 85 71 by
1245 501 227 58 Jennie
1511 501 121 57 Lee
1674 502 259 56 Terrell.
2040 502 276 73 Atlanta,

306 578 129 73 Ga.,
468 578 313 58 Hubbard
812 578 47 56 &
890 577 300 59 Hancock
1222 598 86 38 co.
1346 609 13 43 [
1361 587 19 23 c
1384 581 166 72 1925]

377 655 1137 54 5 p. l., 8-35 numb. 1. col. illus., port. 21 cm .
379 714 187 44 Printed
588 729 59 29 on
669 729 86 29 one
778 715 94 43 side
894 714 52 44 of
967 714 93 44 leaf
1080 714 121 53 only,
1225 716 75 41 the
1323 714 178 52 printed
1525 729 137 38 pages
1687 715 154 53 facing
1864 715 108 44 each
1995 716 141 44 other.

307 771 53 54 ©
388 773 119 43 Nov.
534 772 67 52 21,
632 770 131 54 1925;
790 772 65 43 2c.
883 773 87 42 and
997 773 78 42 aff.
1106 773 109 42 Dec.
1245 772 49 52 3;
1324 771 44 43 A
1395 771 190 54 875332;
1615 774 61 42 H.
1705 774 73 43 W.
1807 772 280 54 Thompson,
2114 774 202 44 Atlanta.

385 827 272 57 (25-25294)

307 913 195 74 Vilas,
537 913 195 59 Faith
761 914 144 58 Van
934 913 471 75 Valkenburgh.

379 992 282 58 Wonder
695 992 302 72 thoughts
1036 991 69 58 of
1140 991 349 73 childhood,
1526 993 84 71 by
1646 993 190 57 Faith
1873 994 143 57 Van
302 992 1994 151 Valkenburgh

571 1070 200 58 Vilas.
872 1070 152 57 New
1089 1070 192 73 York,
1349 1070 498 73 Hogan-Paulus
1916 1072 404 71 corporation

304 1180 13 43 [
320 1158 18 23 c
342 1151 165 72 1925]

375 1226 1946 55 71, [1] p. illus., col. pl. 25 cm . (Half-title: The children’s library. Book
301 1285 111 53 one)

306 1342 53 54 ©
395 1344 109 43 Dec.
540 1343 38 51 8,
615 1341 104 44 1925;
781 1342 63 43 2c.
880 1342 88 43 and
1002 1342 78 43 aff.
1117 1342 109 44 Dec.
1264 1341 50 43 10;
1378 1341 44 43 A
1459 1340 163 46 875435;
1689 1342 165 44 Louise
1890 1342 52 48 E.
1979 1344 182 52 Hogan,
2201 1343 117 45 New

376 1400 143 44 York.
589 1397 273 56 (25-25295)

305 1484 306 74 Walpole,
647 1485 209 71 Hugh.

384 1564 220 59 Under
635 1564 104 57 the
775 1562 243 58 colossi.

379 1642 81 51 (In
495 1642 171 41 Nash’s
702 1641 259 52 magazine,
999 1642 118 50 Dec.,
1156 1640 128 51 1925)

305 1694 2014 56 © 1c. Nov. 27, 1925; A ad int. 7571; pubd. Nov. 18; H. Walpole, Keswick,
378 1754 321 51 Cumberland,
733 1751 223 55 England.

305 1839 274 73 Walton,
615 1837 224 60 Julian
868 1838 76 58 N.

383 1917 279 58 Metallic
693 1915 289 73 packing,
1013 1916 83 57 its
1128 1915 454 71 development,
1611 1934 145 39 uses
1791 1917 124 56 and
1942 1920 243 54 correct

304 1936 1992 134 application
659 1999 63 55 to
773 1995 263 58 modern
1087 1993 377 74 equipment,
1516 1993 83 73 by
1647 1993 220 59 Julian
1919 1993 74 58 N.
2046 1994 272 59 Walton.

308 2058 2009 90 Chicago, New York [etc.] Crane packing company [c 1925]
374 2149 986 58 X, 124 p. illus., 2 fold. charts. 19 cm .
376 2209 129 46 Fifth
538 2210 182 45 edition.

302 2268 56 54 ©
394 2270 101 43 Oct.
534 2267 63 54 15,
634 2265 131 54 1925;
797 2267 66 42 2c.
897 2266 120 43 Nov.
1056 2264 74 53 16;
1166 2264 79 44 aff.
1281 2266 109 42 Dec.
1426 2264 50 52 9;
1516 2265 42 42 A
1593 2262 192 55 875458;
1826 2264 147 45 Crane
2008 2265 194 54 packing
2238 2281 81 36 co.,

376 2325 214 53 Chicago.
660 2321 272 56 (25-25522)

305 2408 395 71 Whitehead,
739 2407 335 57 Lawrence
1113 2404 329 58 Edwards.

380 2486 302 58 Memoirs
722 2485 67 57 of
827 2485 104 57 the
970 2484 200 56 world
1204 2501 151 53 war,
1393 2482 84 72 by
1515 2482 67 56 L.
1625 2482 73 56 E.
1738 2483 395 72 Whitehead,
2175 2485 143 57 55th

301 2559 2015 78 infantry, 7th division; thirteen episodes … [St. Louis,
304 2646 129 57 The
470 2645 277 58 Stewart
781 2642 177 58 Scott
991 2640 291 72 printing
1314 2659 106 53 co.,
1456 2647 18 23 c
1478 2641 165 72 1925]

373 2718 825 58 5 p. l., 15-61 p. illus., port. 19½cm.
305 2780 52 54 ©
396 2781 118 44 Nov.
553 2778 39 53 6,
632 2776 130 53 1925;
798 2777 65 43 2c.
902 2777 87 43 and
1027 2776 78 44 aff.
1146 2776 119 43 Nov.
1309 2776 74 51 11;
1425 2775 44 43 A
1509 2774 190 54 869970;
1740 2777 50 47 L.
1829 2775 52 48 E.
1920 2776 288 52 Whitehead,
2251 2778 63 46 St.

377 2838 149 43 Louis.
598 2833 272 56 (25-25032)

305 2921 254 71 Wister,
597 2919 276 57 Frances
907 2915 200 59 Anne.

382 2998 409 72 Twenty-five
820 3016 189 53 years
1042 2998 69 58 of
1141 2998 105 57 the
1277 2993 443 75 Philadelphia
1752 2996 343 72 orchestra,
2128 2998 189 56 1900-

305 3080 167 71 1925,
532 3079 84 70 by
674 3077 279 56 Frances
1012 3075 182 57 Anne
1251 3072 259 60 Wister.
1616 3072 474 75 [Philadelphia]
304 3076 1986 142 Published

552 3158 201 57 under
797 3156 105 57 the
951 3151 288 75 auspices
1289 3153 69 58 of
1403 3152 104 60 the
1554 3152 326 59 Women’s
1929 3152 384 60 committees

304 3230 1291 74 for the Philadelphia orchestra [ c 1925]
374 3308 894 56 7 p. l., 3-253 p. plates, ports. 24½cm.
305 3367 52 54 ©
389 3368 119 43 Nov.
543 3367 60 48 19,
639 3365 130 51 1925;
799 3365 66 43 2c.
897 3365 88 42 and
1016 3364 79 43 aff.
1129 3363 121 43 Nov.
1280 3363 79 51 23;
1394 3362 44 43 A
1469 3360 190 54 875194;
1695 3362 50 44 F.
1776 3363 55 42 A.
1864 3363 186 48 Wister,
373 3363 1921 114 Philadelphia.
561 3421 272 56 (25-25113)

304 3508 228 72 Wolfe,
577 3506 256 61 Samuel
870 3503 269 73 Marion,
1183 3506 190 57 1881-

382 3591 59 56 A
477 3590 172 57 hand
687 3588 162 57 book
887 3606 78 38 on
1004 3586 105 58 the
1148 3585 122 57 law
1309 3584 69 58 of
1413 3586 103 56 the
1560 3587 156 56 road
1765 3585 178 72 (with
1983 3587 318 71 addenda)

302 3662 2006 75 written and compiled by Sam. M. Wolfe … Columbia,
306 3749 62 59 S.
399 3746 85 74 C.,
512 3747 131 58 The
672 3744 177 59 State
879 3761 325 53 company,
1232 3741 167 58 1925.

375 3828 55 44 70
453 3843 40 38 p.
522 3825 102 46 incl.
649 3825 157 47 tables,
834 3823 158 45 forms.
1056 3820 51 45 17
1114 3823 47 19 cm
1168 3861 7 6 .

305 3884 53 54 ©
384 3886 120 41 Nov.
529 3883 67 44 22,
625 3879 129 53 1925;
782 3880 64 42 2c.
872 3879 118 43 Nov.
1017 3877 78 53 25;
1123 3878 78 43 aff.
1228 3878 120 42 Nov.
1376 3876 53 44 27;
1483 3878 43 42 A
1554 3875 161 46 872581;
1778 3877 127 46 State
1932 3894 65 28 co.

383 3939 272 56 (25-25308)
