2533 4412
1285 4061 150 55 1108

364 387 245 70 Müller,
650 388 168 58 Kurt
854 388 185 58 Emil.

438 478 129 59 Der
634 478 1081 79 quecksilberdampfgleichrichter,
1780 500 122 39 von
1965 481 175 59 Kurt
2202 482 169 58 Emil

365 559 2007 75 Muller … 1. bd. Theoretische grundlagen. Berlin, J.
367 636 327 74 Springer,
732 637 167 57 1925.

434 716 62 49 ix,
533 715 68 53 [1],
635 713 98 53 217,
771 714 53 55 [1]
862 727 40 38 p.
963 713 168 54 diagrs.
1191 714 54 44 23½
1281 717 48 18 cm
1334 749 9 9 .

433 770 571 45 “Literaturverzeichnis”
1022 786 9 28 :
1061 787 40 27 v.
1136 773 34 48 1,
1198 786 39 38 p.
1285 768 224 49 [211]—215.

362 825 1638 58 © Apr. 17, 1925; 1c. July 17; A—Foreign 28247; J. Springer.
442 883 273 56 (25-21376)

365 985 317 73 Muldoon,
716 986 194 73 Hugh
940 984 344 73 Cornelius,
1317 988 190 57 1884-

441 1076 275 57 Lessons
743 1075 66 56 in
835 1075 539 72 pharmaceutical
1401 1075 190 57 Latin
1622 1077 124 57 and
1761 1076 427 72 prescription
362 1077 1989 150 writing

506 1152 1866 77 and interpretation, by Hugh C. Muldoon … 2d ed.,
365 1251 149 54 rev.,
550 1232 162 58 total
745 1231 190 71 issue,
975 1231 221 58 twelve
1234 1231 332 59 thousand.
1646 1232 153 57 New
1835 1232 192 73 York,
2067 1233 59 58 J.
2167 1232 207 75 Wiley

363 1310 47 57 &
440 1329 167 53 sons,
635 1310 152 70 inc.;
822 1312 150 72 [etc,,
1006 1313 131 72 etc.]
1170 1311 166 56 1925.

431 1388 63 52 xi,
526 1387 78 44 187
634 1401 39 38 p.
731 1388 51 42 21
793 1390 47 17 cm
847 1423 8 8 .
970 1385 127 55 $1.50

359 1442 56 56 ©
449 1444 121 55 Sept.
607 1444 64 54 17,
707 1443 131 54 1925;
871 1444 65 44 2c.
969 1444 88 44 and
1089 1445 79 43 aff.
1205 1442 123 55 Sept.
1361 1444 78 54 30;
1473 1445 44 43 A
1550 1443 190 55 864825;
1776 1445 63 45 H.
1875 1443 49 47 C.
1958 1445 239 54 Muldoon,
432 1443 1919 112 Pittsburgh.

659 1500 66 56 [©
755 1502 212 53 revision]
1039 1499 273 57 (25—19075)

361 1590 230 73 Myers,
633 1588 281 74 Leopold
952 1586 345 74 Hamilton,
1339 1590 191 58 1882-

441 1678 1934 74 The Clio, by L. H. Myers … London and New York,
362 1758 69 60 G.
466 1759 70 57 P.
570 1759 336 56 Putnam’s
942 1775 163 56 sons,
1139 1757 111 58 ltd.
1288 1758 183 73 [1925]

434 1835 97 54 257,
599 1850 79 40 [1]p.
741 1836 51 45 19½
827 1838 48 18 cm

362 1891 2009 57 © 1c. Oct. 17, 1925; A ad int. 7365; pubd. Oct. 14; G. P. Putnam’s sons, ltd.
440 1950 272 57 (25-22987)

362 2038 314 72 Nicolson,
717 2035 306 76 Marjorie
1064 2037 79 58 H.

439 2127 1866 74 The art of description, by Marjorie H. Nicolson …
360 2210 153 58 New
538 2208 192 73 York,
760 2208 70 58 P.
863 2207 61 59 S.
957 2206 218 59 Crofts
1205 2205 50 60 &
1282 2225 108 53 co.,
1418 2207 167 56 1925.

429 2288 98 54 xxi,
561 2289 83 43 438
676 2302 40 38 p.
781 2287 49 44 19
837 2287 47 19 cm
891 2321 9 8 .

361 2344 53 54 ©
448 2345 121 53 Sept.
603 2345 62 51 19,
700 2342 131 54 1925;
863 2343 65 43 2c.
959 2343 87 43 and
1077 2343 78 43 aff.
1190 2341 121 53 Sept.
1342 2342 78 52 22;
1454 2342 44 42 A
1529 2341 190 53 861921;
1753 2340 51 46 F.
1839 2340 44 48 S.
1918 2340 157 46 Crofts
2107 2343 39 44 &
2174 2358 81 37 co.,
2287 2342 84 45 inc.

439 2400 273 58 (25-18494)

363 2488 362 58 Northwest
757 2484 343 74 Territory,
1200 2531 10 10 U.
1297 2531 10 11 S.
1391 2485 204 74 Laws,
1626 2489 289 70 statutes,
1949 2489 110 54 etc.

359 2577 1984 145 … The laws of the Northwest Territory, 1788-1800, edited with
752 2656 1549 74 introduction by Theodore Calvin Pease …
363 2739 402 75 Springfield,
809 2738 116 70 Ill.,
971 2738 130 57 The
1147 2738 301 57 Trustees
1493 2737 69 57 of
1603 2736 104 59 the
1750 2734 246 61 Illinois
2040 2739 163 55 state
359 2735 1985 143 historical

612 2816 482 72 library [ c 1925]
430 2890 1938 58 5 p. l., [v]-xxxvi p., 1 l., 591 p. 23 cm . (Collections of the Illinois state
358 2953 238 47 historical
625 2952 186 50 library,
838 2954 92 44 vol.
1065 2987 7 7 XVII.
1135 2950 111 44 Law
1273 2948 152 50 series,
1454 2965 88 29 vol.
1597 2948 18 50 I)

428 3012 46 43 A
502 3007 323 54 reproduction
851 3008 47 43 in
926 3007 189 45 modern
1141 3016 104 40 type
1275 3006 52 44 of
1354 3006 75 43 the
1457 3002 197 53 original
1681 3011 100 39 text
1807 3003 89 46 and
1926 3003 259 53 title-pages
2215 3005 53 45 of
2294 3007 74 44 the

358 3069 100 44 first
485 3067 193 45 editions
706 3066 54 45 of
785 3065 76 45 the
885 3062 126 46 laws.

431 3122 358 52 Bibliography:
818 3135 43 36 P.
893 3116 238 52 [553]—556.

360 3177 53 55 ©
437 3180 106 52 July
568 3176 63 55 15,
660 3173 130 55 1925;
817 3175 65 43 2c.
908 3173 107 54 July
1036 3170 79 56 25;
1142 3171 79 44 aff.
1250 3169 120 55 Sept.
1399 3170 76 53 19;
1502 3169 44 43 A
1572 3169 190 54 861911;
1792 3170 175 45 Illinois
1994 3178 115 38 state
2133 3171 235 46 historical

429 3237 185 51 library.
684 3231 272 57 (25-18686)

427 3314 1942 75 … The Pacific reporter, v. 235. Permanent ed. … with
433 3391 1931 81 key-number annotations … May 25-June 22, 1925.
439 3479 90 58 St.
562 3476 180 72 Paul,
772 3475 183 57 West
983 3470 369 73 publishing
1381 3488 107 53 co.,
1522 3470 166 56 1925.

427 3556 93 52 xiv,
552 3551 105 47 1185
688 3567 39 38 p.
784 3551 55 43 26
845 3553 46 18 cm
899 3586 8 7 .
977 3547 247 55 (National
1255 3554 206 44 reporter
1489 3544 359 53 system—State
1878 3546 165 54 series)

358 3612 53 54 ©
435 3614 120 51 Aug.
576 3611 69 51 20,
671 3607 104 46 1925
793 3623 9 37 ;
826 3608 65 43 2c.
917 3606 102 44 Oct.
1041 3605 79 52 29;
1146 3604 79 43 aff.
1252 3604 101 44 Oct.
1374 3603 80 52 28;
1481 3601 44 44 A
1548 3601 190 53 872178;
1765 3603 133 44 West
1923 3604 100 51 pub.
2047 3618 65 28 co.

360 3695 277 74 Palfrey,
672 3691 264 60 Francis
968 3687 321 72 Winslow,
1325 3690 192 57 1877-

437 3791 130 58 The
607 3790 102 55 art
749 3786 66 57 of
851 3783 268 59 medical
1154 3784 362 69 treatment,
1554 3778 152 58 with
1746 3778 322 59 reference
2109 3780 151 58 both
2299 3784 64 55 to

359 3856 1936 84 the patient and to his friends, by Francis W. Palfrey …
357 3942 446 74 Philadelphia
828 3942 125 57 and
978 3939 280 71 London,
1283 3937 99 58 W.
1411 3936 72 57 B.
1508 3935 322 59 Saunders
1851 3953 323 54 company,
2194 3937 166 56 1925.
