2533 4412
1318 4102 112 56 166

371 449 252 72 Ferber,
666 449 198 72 Edna,
908 452 191 57 1887-

514 540 1867 72 … Old man Minick; a short story, by Edna Ferber.
375 619 265 72 Minick;
672 639 39 38 a
735 620 151 73 play
911 619 197 59 based
1136 638 80 38 on
1244 619 103 58 the
1381 618 176 58 short
1590 622 196 66 story,
1814 618 84 71 by
1928 618 185 58 Edna
2144 618 240 58 Ferber

375 699 123 56 and
527 698 241 73 George
795 697 61 59 S.
880 697 361 71 Kaufman;
1267 697 133 57 also
1426 719 36 38 a
1484 695 170 60 brief
1678 696 125 57 and
1825 695 171 74 quite
2024 694 360 75 gratuitous

375 775 405 74 explanation
805 778 84 70 by
913 776 103 57 the
1048 775 278 58 authors.
1415 773 253 59 Garden
1698 773 163 75 City,
1891 775 75 58 N.
1994 775 94 74 Y.,
374 774 1986 154 Doubleday,
545 854 171 74 Page
747 856 49 57 &
822 872 326 56 company,
1177 853 168 59 1924.

443 947 100 53 xxi,
569 947 80 45 271
678 961 41 39 p.
783 946 157 53 front.,
971 946 161 53 plates.
1190 944 58 45 20
1253 947 46 17 cm
1306 980 9 8 .

445 1017 154 46 “First
626 1016 217 46 edition.”

374 1090 53 53 ©
453 1092 107 42 Dec.
590 1091 62 51 19,
680 1090 130 52 1924;
834 1091 65 42 2c.
925 1091 88 42 and
1037 1090 79 43 aff.
1142 1088 106 44 Feb.
1274 1089 39 52 4,
1342 1087 129 54 1925;
1500 1089 43 42 A
1569 1089 189 52 822113;
1788 1090 283 53 Doubleday,
2101 1091 127 52 Page
2251 1091 37 44 &
2314 1106 65 29 co.

454 1146 244 56 (25-5565)

374 1247 332 74 Fitzhugh,
748 1249 202 72 Percy
988 1247 217 72 Keese,
1246 1250 191 56 1876-

451 1341 140 70 Boy
633 1339 302 71 Blakeley
979 1359 80 37 on
1101 1339 104 57 the
1251 1339 292 57 Mohawk
1585 1339 168 75 trail,
1799 1341 84 72 by
1926 1341 206 73 Percy
2173 1342 207 58 Keese

374 1417 2010 75 Fitzhugh … illustrated by H. S. Barbour. Published
373 1499 152 56 with
563 1499 107 56 the
707 1498 311 71 approval
1055 1497 68 56 of
1161 1497 104 57 the
1302 1497 140 72 Boy
1482 1502 208 54 scouts
1732 1498 67 57 of
1838 1499 312 58 America.
2230 1500 153 57 New

372 1576 191 73 York,
601 1576 266 59 Grosset
898 1576 49 55 &
981 1575 253 72 Dunlap
1274 1608 13 42 [
1288 1583 20 22 c
1311 1577 166 74 1925]

442 1668 59 52 vi,
536 1667 83 43 203
656 1682 38 37 p.
757 1666 152 52 front.,
946 1667 157 51 plates.
1173 1666 52 44 19½
1258 1668 47 18 cm
1311 1700 10 10 .

375 1736 53 54 ©
461 1739 118 42 Mar.
609 1738 40 51 2,
681 1735 131 54 1925;
842 1738 65 42 2c.
939 1738 88 42 and
1057 1737 78 42 aff.
1167 1738 119 41 Mar.
1319 1735 48 54 5;
1401 1736 43 43 A
1477 1737 188 53 823288;
1702 1737 189 45 Grosset
1922 1740 38 43 &
1991 1741 193 52 Dunlap.

454 1793 244 56 (25-5546)

373 1895 229 73 Flisch,
639 1894 177 60 Julia
847 1895 77 58 A.

454 1987 120 61 Old
597 1985 390 75 Hurricane;
1017 2007 36 38 a
1076 1987 202 73 novel,
1304 1990 83 70 by
1413 1988 177 59 Julia
1613 1989 76 58 A.
1718 1988 229 61 Flisch.
2013 1992 153 58 New
2193 1993 192 74 York,

377 2068 271 58 Thomas
677 2068 73 56 Y.
785 2066 267 59 Crowell
1083 2084 307 55 company
1423 2096 14 44 [
1439 2075 18 23 c
1461 2068 166 73 1925]

445 2158 527 54 3 p. l., 356 p. 19 cm .
375 2231 53 53 ©
461 2232 106 43 Feb.
599 2232 67 51 21,
703 2230 130 52 1925;
867 2231 64 43 2c.
964 2231 87 43 and
1083 2231 79 43 aff.
1198 2230 108 44 Feb.
1338 2230 78 53 27;
1454 2230 43 43 A
1529 2232 189 52 823206;
1755 2232 202 46 Thomas
1992 2236 55 43 Y.
2086 2234 195 46 Crowell
2315 2251 65 31 co.

456 2287 244 56 (25-5389)

375 2390 323 70 Freeman,
740 2387 280 60 Richard
1056 2387 250 74 Austin,
1348 2391 189 56 1862-

373 2480 1982 140 The mystery of Angelina Frood, by R. Austin Freeman … New
887 2559 191 73 York,
1115 2559 203 74 Dodd,
1357 2559 189 60 Mead
1581 2563 124 57 and
1741 2582 322 56 company,
2103 2568 166 58 1925.

445 2636 878 54 4 p. l., 3-312 p. 19½ cm . $2.00
374 2694 56 53 ©
454 2695 107 43 Feb.
584 2695 68 52 21,
681 2693 128 54 1925;
836 2695 63 42 2c.
926 2695 121 42 Mar.
1072 2694 49 51 3;
1147 2695 78 42 aff.
1253 2695 119 43 Mar.
1397 2695 50 52 2;
1475 2695 43 42 A
1543 2694 190 55 823251;
1762 2698 52 42 R.
1841 2699 56 43 A.

1924 2698 233 55 Freeman,
448 2702 1912 101 Gravesend,
580 2750 222 54 England.
873 2749 244 56 (25-5540)

374 2850 272 73 Gabriel,
691 2850 220 73 Henry
949 2850 239 73 Albert,
1234 2853 190 57 1860-

452 2942 103 56 An
588 2941 171 73 eight
793 2942 185 71 days’
1013 2945 240 53 retreat
1287 2941 105 58 for
1427 2943 318 75 religious,
1780 2950 85 68 by
1896 2947 223 74 Henry
2151 2950 75 58 A.
377 2951 1982 142 Gabriel,
598 3040 45 38 s.
728 3066 11 12 J.
844 3021 80 57 3d
965 3021 112 72 ed.,
1122 3020 327 59 rewritten
1490 3023 126 57 and
1657 3024 114 57 enl.
1870 3024 89 59 St.
2006 3027 212 75 Louis,
2261 3031 122 58 Mo.

378 3101 126 58 and
527 3100 282 70 London,
835 3099 71 56 B.
937 3098 252 58 Herder
1213 3097 159 59 book
1399 3118 106 54 co.,
1535 3101 165 58 1925.

450 3175 612 55 6 p. l., 3-451 p. 20½ cm .
452 3236 71 43 “A
569 3235 215 53 practical
831 3235 262 52 adaptation
1138 3235 52 44 of
1233 3234 74 45 the
1352 3237 259 43 wonderful
1659 3238 115 44 little
1821 3241 185 45 treatise
2051 3244 52 42 of
2148 3259 85 29 our
2279 3246 108 48 holy

380 3291 422 47 founder.”—Pref.

451 3350 181 43 “Books
661 3348 342 44 recommended
1031 3348 76 45 for
1133 3356 170 37 retreat
1332 3349 240 53 reading”:
1602 3366 38 37 p.
1668 3349 94 46 451.

380 3407 53 53 ©
463 3406 107 44 Feb.
598 3405 67 48 25.
700 3404 129 53 1925;
862 3406 64 42 2c.
958 3405 106 44 Feb.
1096 3407 77 51 28;
1206 3407 79 42 aff.
1318 3405 105 45 Feb.
1455 3405 78 55 27;
1567 3409 43 41 A
1643 3409 188 53 823221;
1868 3411 49 43 B.
1951 3413 186 44 Herder
2166 3416 120 43 book
2317 3433 51 28 co

459 3462 243 56 (25-5492)

377 3564 262 71 Griffith,
678 3563 154 73 Roy.

455 3654 254 59 Wheels
750 3653 123 57 and
912 3653 189 72 holly,
1140 3655 84 71 by
1262 3656 141 71 Boy
1443 3656 274 74 Griffith;
1757 3658 364 63 illustrated
2161 3667 82 71 by
2283 3667 103 58 the

381 3734 245 58 author.
713 3730 396 74 Cambridge,
1142 3733 213 73 Mass.,
1390 3733 170 60 Priv.
1594 3735 211 74 print.,
1843 3739 166 59 1924.

450 3809 828 55 28 p ., 1 l. front., illus. 20½ cm .
453 3867 142 46 “Five
624 3865 215 45 hundred
870 3866 154 54 copies
1055 3867 184 53 printed
1272 3870 58 52 by
1360 3869 77 44 the
1471 3871 433 53 Perry-Estabrook
1937 3890 141 38 press,
2113 3877 100 54 inc.,
382 3879 1981 100 Cambridge,

595 3923 382 52 Massachusetts,
1018 3925 79 43 for
1133 3925 298 45 distribution
1468 3935 47 36 to
1553 3928 122 44 their
1709 3930 195 53 friends,
1943 3932 259 47 Christmas
2240 3938 147 44 1924.”

382 3982 53 53 ©
465 3985 107 41 Dec.
600 3983 69 50 22,
700 3982 129 51 1924;
860 3983 63 41 2c.
953 3983 99 51 Jan.
1086 3981 60 54 15,
1180 3982 130 54 1925;
1343 3985 78 43 aff.
1451 3986 99 51 Jan.
1580 3988 49 50 9;
1662 3988 43 41 A
1735 3987 189 54 814675;
1960 3992 52 43 R.
2046 3991 192 54 Griffith,
453 3996 1908 88 Boston.
612 4037 244 57 (25-5392)
