2533 4412
1094 4087 110 56 629

136 427 222 71 Sharp,
399 425 331 57 Lawrence
767 421 375 72 Alexander,
1184 423 189 56 1889-

204 508 1857 73 Problems in curriculum construction, by L. A. Sharp …
132 594 293 69 Boulder,
456 591 148 71 Col.,
631 590 372 72 University
1032 588 322 59 extension
1382 586 289 71 division,
1697 598 20 20 c
1721 588 166 55 1925.

204 671 52 44 98
308 706 8 8 l.
374 667 57 46 27½c
481 671 30 17 m
517 704 9 8 .

206 726 232 46 “Selected
465 725 253 44 references
743 739 58 29 on
826 723 274 44 curriculum
1124 721 332 45 construction”:
1513 720 147 44 leaves
1686 720 121 43 4-13.

133 782 56 53 ©
229 785 111 50 May
380 781 63 53 15,
484 780 131 53 1925;
651 782 67 43 2c.
756 782 87 43 and
881 782 78 42 aff.
999 781 112 51 May
1152 779 75 51 19;
1269 778 43 42 A
1352 777 189 52 855273;
1583 776 268 53 University
1891 775 235 45 extension

204 839 204 52 division,
439 838 268 52 University
734 837 52 45 of
819 836 239 46 Colorado.
1126 832 271 58 (25-10589)

136 953 222 72 Slater,
401 953 170 57 John
609 951 324 72 Rothwell,
977 953 190 57 1872-

211 1041 1915 75 Freshman rhetoric, by John Rothwell Slater … Rev.
133 1124 257 70 Boston,
422 1122 152 57 New
601 1120 173 57 York
807 1123 145 70 [etc.]
987 1121 74 57 D.
1098 1119 64 60 C.
1194 1120 211 58 Heath
1434 1119 48 57 &
1510 1137 86 40 co.
1631 1119 181 72 [1925]

203 1199 94 51 xiv,
324 1200 94 50 393,
449 1202 77 42 122
555 1212 42 37 p.
660 1199 51 44 19
716 1200 47 18 cm
769 1235 9 9 .

206 1254 305 47 “Selections”:
567 1257 80 42 122
666 1266 44 39 p.
736 1263 47 37 at
807 1256 99 44 end.

135 1307 53 55 ©
222 1310 112 52 May
364 1309 64 51 28,
466 1307 104 45 1925;
629 1308 66 43 2c.
729 1309 87 42 and
847 1308 79 43 aff.
959 1308 116 52 June
1108 1308 18 42 1;
1189 1307 45 43 A
1266 1305 166 45 829452;
1491 1307 57 42 D.
1583 1305 49 45 C.
1667 1305 154 44 Heath
1854 1307 38 43 &
1923 1321 64 28 co.

213 1363 271 57 (25-10501)

138 1481 360 70 Stevenson,
541 1477 234 59 Robert
814 1476 206 73 Louis,
1064 1479 359 57 1850-1894.

212 1569 404 72 Kidnapped,
673 1570 83 71 by
810 1569 237 57 Robert
1101 1568 191 58 Louis
1352 1568 377 71 Stevenson;
1791 1569 208 58 edited
2055 1570 81 71 by

138 1645 1994 75 Myrtle L. Kaufmann … illustrated by Frank Godwin.
139 1724 456 73 Philadelphia,
641 1723 271 74 Chicago
957 1727 147 71 [etc.]
1149 1724 130 57 The
1322 1723 170 59 John
1535 1722 65 60 C.
1644 1723 294 59 Winston
136 1743 1977 133 company
338 1833 13 43 [
354 1811 20 22 c
375 1804 164 72 1925]

207 1880 78 52 xii,
315 1880 82 45 348
425 1895 39 38 p.
524 1879 83 45 col.
638 1880 150 50 front.,
818 1879 130 54 illus.,
976 1879 83 44 col:
1087 1878 156 53 plates.
1303 1879 49 42 21
1362 1880 48 17 cm
1417 1912 10 9 .
1494 1879 240 53 (Lettered
1761 1894 57 30 on
1848 1894 158 30 cover:
2037 1878 100 45 The

138 1937 217 45 Winston
386 1936 247 54 clear-type
663 1936 186 53 popular
880 1934 208 53 classics)

138 1993 54 55 ©
222 1995 111 53 May
363 1992 37 55 5,
433 1992 103 46 1925;
592 1994 65 44 2c.
687 1994 86 44 and
802 1994 79 43 aff.
914 1994 111 52 May
1052 1994 55 44 29;
1164 1992 44 43 A
1238 1990 165 47 855424;
1461 1991 119 54 John
1613 1990 48 47 C.
1692 1992 217 45 Winston
1938 2007 65 28 co.
2081 1991 53 54 [©

209 2051 316 51 introduction,
560 2050 223 58 glossary,
819 2049 288 54 suggestions
1144 2057 43 36 to
1226 2048 204 44 teachers
1467 2049 86 43 and
1589 2049 242 53 questions,
1866 2051 60 51 by
1960 2051 173 52 Myrtle

208 2108 50 43 L.
288 2107 279 52 Kaufmann,
594 2108 88 42 and
709 2107 76 45 the
816 2106 312 52 illustrations,
1156 2106 59 52 by
1246 2104 155 44 Frank
1431 2105 205 54 Godwin]

216 2162 270 56 (25-10694)

285 2263 1849 73 … Treasure Island, by Robert Louis Stevenson; edited
139 2335 1997 157 by Gilbert Sykes Blakely … illustrated by Frank Godwin. Philadelphia, Chicago [etc.] The John C. Winston
142 2516 305 54 company
476 2528 12 41 [
489 2505 18 20 c
513 2496 164 72 1925]

208 2589 111 38 xxv,
352 2577 69 50 [1],
454 2573 79 47 315
566 2587 43 40 p.
670 2572 155 54 front.,
859 2573 116 47 illus.
1003 2573 128 54 (incl.
1162 2572 129 55 map)
1329 2573 158 52 plates.
1551 2572 51 44 16
1607 2575 47 17 cm
1660 2608 8 8 .
1738 2573 242 53 (Winston
139 2589 1974 95 companion
330 2632 210 50 classics)

142 2685 53 53 ©
221 2687 112 51 Apr.
358 2687 68 50 20,
459 2684 102 45 1925;
616 2686 64 42 2c.
708 2687 88 41 and
823 2686 78 42 aff.
932 2686 112 51 May
1070 2685 79 51 29;
1180 2685 43 42 A
1251 2683 191 53 855426;
1471 2685 123 52 John
1620 2683 48 45 C.
1698 2685 215 43 Winston
1941 2701 64 27 co.
2083 2684 54 54 [©

212 2743 311 51 introductory
554 2741 206 44 material
788 2742 87 42 and
903 2740 208 53 glossary;
1169 2740 312 53 illustrations]
1552 2738 271 57 (25-10772)

145 2850 222 71 Street,
406 2847 218 59 Julian
659 2848 302 71 Leonard,
1001 2850 189 57 1879-

219 2937 118 56 Mr.
391 2937 288 57 Bisbee’s
731 2938 302 70 princess,
1085 2939 123 56 and
1260 2938 181 57 other
1490 2936 246 73 stories,
1787 2940 83 70 by
1922 2940 219 57 Julian

147 3015 225 58 Street.
450 3013 251 60 Garden
730 3014 160 74 City,
916 3015 74 58 N.
1015 3015 94 71 Y.,
1135 3015 385 72 Doubleday,
1546 3016 171 72 Page
1744 3015 49 59 &
1817 3035 323 54 company,

145 3094 164 56 1925.

215 3168 525 55 5 p. l., 203 p. 20 cm .
486 3228 150 42 CONTENTS.—Mr.
670 3228 200 44 Bisbee’s
902 3227 318 54 princess.—A
1251 3227 216 53 speaking
1498 3227 263 44 likeness.—
1767 3226 233 55 Syringas.

147 3282 54 54 ©
227 3285 114 51 May
366 3285 65 48 22,
466 3283 128 52 1925;
623 3285 65 42 2c.
717 3285 88 43 and
833 3285 78 43 aff.
939 3286 114 51 June
1085 3286 13 41 1;
1163 3285 43 42 A
1235 3283 190 53 829597;
1454 3285 40 51 J.
1527 3284 163 52 Street,
1720 3285 256 52 Princeton,
2007 3285 60 43 N.
2098 3287 40 51 J.

225 3339 269 55 (25-10883)

150 3438 510 74 Thornborough,
699 3439 227 57 Laura.

225 3529 275 58 Interior
540 3530 364 73 decorating
943 3534 105 56 for
1087 3532 384 71 everybody;
1511 3533 141 56 how
1689 3534 164 58 Jane
1894 3534 244 58 Norton

148 3608 333 58 furnished
522 3629 37 37 a
602 3626 191 54 room,
837 3629 81 37 an
960 3613 357 67 apartment
1362 3610 123 57 and
1527 3611 150 57 then
1718 3632 36 37 a
1796 3612 193 56 house
2031 3612 105 56 for

149 3685 238 58 herself
428 3687 124 56 and
592 3685 185 57 John.
863 3686 190 58 Their
1092 3687 317 70 problems
1450 3685 65 55 in
1555 3687 179 56 home
1776 3687 363 71 furnishing

151 3764 124 57 and
325 3763 139 57 how
516 3762 148 71 they
717 3763 212 58 solved
981 3764 185 70 them,
1220 3765 83 69 by
1354 3764 212 56 Laura
1622 3764 515 72 Thornborougk.

151 3840 151 57 New
330 3839 187 71 York,
547 3840 75 56 N.
652 3840 92 69 Y.,
774 3839 286 69 Newark,
1090 3840 74 56 N.
1197 3841 81 70 J.,
1306 3840 200 61 Barse
1536 3842 48 56 &
1613 3841 287 72 Hopkins
1934 3871 12 42 [
1947 3850 20 21 c
1971 3842 147 55 1925]

220 3916 91 50 viii,
341 3916 139 45 9-242
504 3928 41 38 p.
607 3915 155 51 front.,
791 3916 158 51 plates.
1006 3918 56 43 20
1068 3919 46 18 cm
1121 3952 10 8 .

152 3968 53 53 ©
236 3971 112 51 May
375 3970 66 50 30,
474 3969 129 53 1925;
634 3971 64 42 2c.
730 3971 86 42 and
844 3971 78 42 aff.
953 3972 116 51 June
1097 3970 51 52 2;
1181 3970 43 42 A
1254 3968 190 53 855455;
1480 3971 140 44 Barse
1652 3973 36 43 &
1718 3971 225 53 Hopkins.

231 4024 269 55 (25-10787)
