2533 4412
1061 4068 108 56 735

119 499 144 59 civil
325 519 147 52 war,
539 501 293 72 1855-65;
898 500 181 59 while
1146 500 316 59 stationed
1527 519 79 39 on
1670 501 104 57 the
1837 504 270 55 western

119 577 289 69 frontier,
455 577 66 58 in
567 579 103 57 the
718 578 176 72 early
942 577 308 60 seventies
1299 580 125 57 and
1470 576 294 74 eighties;
1812 578 180 58 while
2041 582 66 55 at

117 654 178 59 West
336 654 204 70 Point,
582 674 70 40 as
693 658 306 56 assistant
1036 657 352 56 instructor
1423 656 67 58 of
1530 655 239 72 tactics,
1811 656 294 71 1874-79;

119 729 176 56 when
335 727 283 74 military
659 730 211 56 attaché
945 734 64 53 to
1050 730 103 57 the
1194 730 76 58 U.
1318 729 60 59 S.
1422 727 278 75 legation
1740 732 69 55 at
1846 729 263 74 Vienna,

117 809 282 71 Austria,
447 810 294 73 1889-94;
789 812 179 57 when
1013 811 436 57 commandant
1496 812 67 58 of
1610 811 232 72 cadets,
1891 818 66 51 at
2003 817 105 53 the

117 887 75 59 U.
234 889 61 58 S.
337 887 289 74 Military
663 890 314 70 academy,
1016 893 66 55 at
1119 889 180 59 West
1336 887 208 71 Point,
1585 888 359 66 1897-1901,
1984 890 125 58 and

118 967 378 58 afterwards
521 964 66 59 in
612 967 104 57 the
743 965 360 74 Philippine
1129 967 270 72 Islands,
1429 969 131 69 etc.,
1585 968 85 70 by
1695 985 80 41 an
1801 968 103 57 old
1929 985 180 54 army

119 1041 1985 75 officer, Lieut.-Colonel O. L. Hein … with 21 illustrations.
116 1121 151 57 New
297 1121 172 57 York
495 1121 48 56 &
570 1121 277 72 London,
882 1121 68 60 G.
982 1121 68 59 P.
1083 1122 333 58 Putnam’s
1448 1138 163 55 sons,
1644 1121 166 58 1925.

187 1212 46 35 X,
259 1195 82 43 310
366 1210 39 37 p.
466 1195 150 51 front.,
644 1209 70 38 pl.,
740 1202 139 46 ports.
937 1196 58 42 22
999 1199 47 17 cm
1052 1231 8 9 .

119 1250 53 54 ©
203 1254 113 51 June
351 1252 63 51 19,
451 1250 106 45 1925
570 1267 9 37 ;
612 1252 64 43 2c.
708 1254 87 42 and
827 1253 78 42 aff.
938 1252 105 52 July
1078 1253 46 51 1;
1160 1252 43 42 A
1237 1249 189 56 829957;
1462 1252 51 45 G.
1550 1253 49 43 P.
1635 1252 233 44 Putnam’s
1904 1268 116 28 sons.

196 1306 269 57 (25-12753)

115 1392 198 74 Heyn,
354 1390 181 75 Emil,
575 1394 357 57 1867-1922.

191 1473 295 72 Physical
506 1473 520 73 metallography,
1049 1474 83 71 by
1153 1474 177 58 Prof.
1356 1473 110 57 Dr.
1489 1474 135 72 Ing.
1649 1474 152 57 Ehr.
1825 1474 73 58 E.
1923 1474 186 73 Heyn

183 1549 1925 75 … translated from the German and somewhat augmented
116 1627 1991 74 by Marcus A. Grossmann … New York, J. Wiley &
117 1722 162 56 sons,
308 1705 148 72 inc.;
489 1707 148 71 [etc.,
667 1709 128 69 etc.]
825 1705 166 57 1925.

181 1799 115 35 XXX,
327 1785 82 43 440
438 1796 40 38 p.
539 1781 131 52 illus.,
703 1781 166 53 diagrs.
928 1783 53 44 23½
1017 1783 48 18 cm
1070 1816 8 9 .
1193 1780 124 54 $6.00

185 1839 417 52 “Bibliographical
629 1838 192 46 index”:
849 1852 42 37 p.
916 1837 228 48 xiii-xxx.

118 1891 53 54 ©
203 1893 105 53 July
344 1893 65 51 17,
445 1891 128 52 1925;
608 1893 64 42 2c.
706 1893 87 42 and
826 1893 78 42 aff.
940 1892 106 52 July
1079 1893 78 51 21;
1193 1892 43 42 A
1269 1891 190 53 861139;
1498 1893 186 43 Marcus
1719 1893 56 43 A.
1815 1891 292 55 Grossmann,

187 1951 328 51 Youngstown,
545 1949 55 44 O.
669 1947 271 55 (25-13988)

118 2019 344 72 Holleman,
501 2017 246 60 Arnold
785 2016 320 74 Frederik,
1148 2020 189 57 1859-

191 2096 1849 73 A text-book of organic chemistry, by A. F. Holleman …
117 2177 207 57 edited
346 2176 83 71 by
451 2174 75 58 A.
554 2174 326 59 Jamieson
901 2174 275 70 Walker,
1205 2174 273 58 assisted
1501 2175 83 72 by
1611 2174 188 63 Owen
1824 2175 73 58 E.
1927 2179 181 70 Mott,

109 2253 150 58 with
280 2254 104 57 the
406 2251 427 73 co-operation
856 2252 66 57 of
941 2253 106 56 the
1069 2252 242 57 author.
1395 2253 107 57 6th
1523 2251 269 74 English
1816 2253 110 73 ed.,
115 2272 1972 131 completely

381 2330 339 71 rewritten,
755 2330 158 57 total
946 2329 187 73 issue,
1168 2324 344 76 thirty-one
1546 2330 330 59 thousand.
1959 2331 153 59 New

114 2409 189 71 York,
330 2410 60 57 J.
416 2408 208 71 Wiley
647 2406 49 59 &
721 2426 161 54 sons,
910 2406 149 72 inc.;
1107 2409 132 68 [etc.,
1268 2410 128 70 etc.]
1425 2408 165 57 1925.

183 2503 80 34 XX,
293 2485 77 45 581
402 2501 40 38 p.
503 2485 128 53 illus.,
663 2485 167 53 diagrs.
889 2484 53 44 23½
978 2486 47 18 cm
1031 2518 10 9 .
1155 2481 124 55 $3.50

118 2541 53 54 ©
207 2543 105 53 July
352 2543 62 51 16,
455 2541 128 53 1925;
621 2543 65 42 2c.
724 2543 87 42 and
847 2542 78 42 aff.
964 2541 107 52 July
1112 2542 72 50 18;
1225 2541 43 42 A
1306 2541 189 53 861128;
1536 2542 56 43 A.
1633 2542 231 52 Jamieson
1900 2543 205 52 Walker,

188 2600 286 52 Harpenden,
512 2599 157 52 Herts,
704 2597 222 54 England.
996 2596 269 56 (25-13648)

115 2670 425 73 Hungerford,
581 2668 290 72 Edward,
912 2671 191 56 1875-

115 2747 1966 155 The story of the Waldorf-Astoria [by] Edward Hungerford … New
729 2826 173 57 York
927 2827 124 57 and
1076 2826 275 72 London,
1383 2825 69 61 G.
1479 2824 69 59 P.
1578 2826 333 61 Putnam’s
1941 2847 164 54 sons,

153 2906 126 57 1925.

187 2983 56 51 vi,
272 2983 81 45 283
380 2996 41 39 p.
483 2982 151 49 front.,
661 2979 156 54 plates,
847 2988 154 44 ports.,
1034 2979 199 45 facsims.
1295 2981 54 43 22½
1381 2981 47 18 cm
1435 3014 10 9 .

118 3033 1988 57 © July 17, 1925; 2c. and aff. July 21; A 861133; E. Hungerford, ℅ G. P.
190 3093 230 44 Putnam’s
452 3107 118 36 sons,
602 3091 116 43 New
749 3091 143 43 York.
961 3089 271 54 (25-13987)

119 3165 297 70 Johnson,
453 3162 306 58 Franklin
790 3160 316 72 Winslow,
1145 3164 188 57 1870-

195 3243 127 55 The
355 3239 510 59 administration
895 3240 123 56 and
1048 3239 396 71 supervision
1474 3239 67 56 of
1569 3240 102 56 the
1700 3240 150 73 high
1883 3242 224 74 school,

117 3317 1989 77 by Franklin W. Johnson … Boston, New York [etc.]
119 3396 163 60 Ginn
312 3397 124 56 and
468 3414 304 53 company
805 3425 13 42 [
819 3403 18 22 c
841 3396 164 71 1925]

185 3473 76 52 vii,
282 3473 82 44 402
385 3488 39 38 p:
484 3471 117 44 illus.
628 3472 195 54 (forms)
852 3471 167 54 diagrs.
1077 3472 55 43 20c
1156 3474 29 17 m
1191 3507 8 8 .

189 3529 329 45 “References”
543 3536 47 36 at
611 3530 87 42 end
719 3529 50 44 of
791 3529 108 44 each
922 3528 197 52 chapter.

120 3587 53 54 ©
199 3590 114 51 June
345 3588 59 50 12,
438 3585 128 53 1925;
597 3588 62 41 2c.
689 3587 105 52 July
825 3587 74 51 13;
931 3586 79 43 aff.
1039 3586 105 52 July
1172 3586 51 52 9;
1254 3586 43 42 A
1326 3583 190 55 855862;
1548 3584 50 45 F.
1628 3587 74 43 W.
1731 3587 218 53 Johnson,
188 3590 1896 106 Yonkers,
337 3645 58 42 N.
427 3645 55 41 Y.
552 3641 269 55 (25-12965)

121 3714 296 71 Johnson,
456 3714 169 57 John
658 3712 242 70 Weeks,
940 3714 187 57 1858-

194 3796 346 58 Johnson’s
576 3813 135 38 new
744 3794 214 71 handy
991 3793 254 57 manual
1283 3809 78 40 on
1398 3793 274 72 heating,
1710 3793 394 74 ventilating,

120 3869 1982 74 and mechanical refrigeration. 13th ed. … [by] John W.
120 3949 299 57 Johnson.
500 3947 326 73 Wheaton,
854 3947 96 60 Ill.
983 3977 13 43 [
996 3953 18 22 c
1020 3946 164 72 1925]
