2533 4412
1367 4118 75 56 88

396 468 153 71 Jett,
590 467 173 58 Dora
801 467 222 57 Chinn.

474 544 77 57 In
598 544 333 59 tidewater
977 544 314 72 Virginia,
1341 545 83 71 by
1473 543 176 59 Dora
1701 542 204 60 Chinn
1954 545 156 58 Jett.
397 544 1987 148 [Richmond,

633 623 265 57 Printed
925 624 82 69 by
1032 621 272 60 Whittet
1331 620 49 59 &
1410 622 422 71 Shepperson,
1860 632 18 21 c
1881 623 165 72 1924]

466 698 800 56 2 p. l., [7]-156 p. illus. 20 cm .
396 755 53 54 ©
483 758 111 43 Dec.
633 757 61 52 15,
733 758 129 52 1924;
898 759 63 41 2c.
995 758 87 42 and
1115 758 79 42 aff.
1229 759 99 51 Jan.
1369 757 63 52 10,
1468 755 130 54 1925;
1637 757 43 42 A
1714 755 190 53 815540;
1942 759 56 42 D.
2036 756 49 45 C.
2119 759 109 51 Jett,
466 755 1919 112 Fredericksburg,
773 815 86 43 Va.
929 812 244 56 (25-3227)

397 914 303 72 Johnson,
738 913 311 59 Franklin
1081 913 322 71 Winslow,
1442 917 191 56 1870-

480 996 131 59 The
647 996 315 72 problems
1002 996 68 56 of
1104 995 306 72 boyhood,
1448 1016 37 37 a
1521 1014 221 39 course
1777 993 65 59 in
1882 995 192 58 ethics
2112 995 105 57 for
2255 995 152 71 boys

400 1074 67 57 of
496 1073 394 74 high-school
921 1093 133 53 age,
1086 1074 84 72 by
1203 1072 308 59 Franklin
1540 1071 304 59 Winslow
1876 1074 305 58 Johnson.
2255 1074 149 56 Rev.

403 1154 90 57 ed.
582 1152 292 73 Chicago,
901 1152 118 69 Ill.,
1045 1152 131 58 The
1199 1151 376 73 University
1600 1153 67 57 of
1695 1151 271 73 Chicago
1992 1171 181 52 press
2204 1182 13 43 [
2219 1160 18 20 c
2242 1152 164 73 1924]

399 1228 1989 113 xxvii, 133 p. 19½cm. (Half-title: The University of Chicago publications in religious education … Constructive studies)
397 1342 53 53 ©
487 1344 100 52 Jan.
683 1378 9 17 24,
732 1341 131 54 1925;
902 1343 64 42 2c.
1003 1343 88 42 and
1129 1343 78 42 aff.
1247 1341 107 45 Feb.
1392 1342 49 51 6;
1483 1342 43 42 A
1567 1341 189 51 814922;
1797 1341 268 53 University
2100 1341 53 44 of
2193 1341 212 54 Chicago,

469 1400 214 53 Chicago.
748 1397 66 56 [©
839 1398 195 45 revision
1059 1400 88 42 and
1170 1414 98 28 new
1291 1406 183 45 matter]
1545 1397 243 55 (25-3982)

397 1502 206 70 Kahn,
638 1501 258 59 Reuben
928 1501 186 57 Leon.

478 1581 226 58 Serum
739 1580 323 73 diagnosis
1102 1580 67 58 of
1208 1579 265 73 syphilis
1510 1580 83 72 by
1626 1579 483 74 precipitation;
397 1599 1987 134 governing

538 1658 365 73 principles,
940 1659 349 71 procedure
1327 1659 127 57 and
1490 1658 245 58 clinical
1772 1657 388 73 application
2199 1658 69 58 of
2303 1658 105 59 the

397 1736 2011 74 Kahn precipitation test, by R. L. Kahn … Baltimore,
395 1816 314 58 Williams
743 1816 46 56 &
818 1815 271 58 Wilkins
1123 1833 324 53 company,
1481 1816 166 56 1925.

467 1893 79 51 xii,
574 1891 82 45 237
685 1907 39 38 p.
783 1907 27 30 v
838 1907 72 38 pl.,
941 1893 144 43 tables
1125 1893 48 53 (1
1207 1892 137 54 fold.)
1409 1892 53 44 23½
1498 1893 48 19 cm
1551 1927 9 10 .

469 1949 354 53 Bibliography:
860 1964 38 38 p.
934 1948 207 45 219-225.

397 2004 53 55 ©
475 2006 106 45 Feb.
607 2006 36 50 6,
673 2005 131 55 1925;
828 2007 64 44 2c.
918 2008 87 43 and
1029 2007 78 43 aff.
1135 2006 107 44 Feb.
1271 2008 74 51 11;
1374 2006 43 43 A
1441 2006 191 53 814991;
1660 2005 230 46 Williams
1917 2007 37 44 &
1978 2006 200 45 Wilkins
2205 2021 65 30 co.

476 2063 244 55 (25-3961)

397 2150 241 72 Kiefer,
675 2152 152 56 Mrs.
865 2150 243 59 Jennie.

479 2232 296 70 Fugitive
811 2250 234 52 poems,
1081 2233 83 69 by
1196 2231 227 60 Jennie
1458 2230 247 59 Kiefer.
1790 2233 122 56 Los
1948 2232 292 70 Angeles,
2280 2232 128 57 The

401 2311 246 72 author,
678 2311 168 57 1923.

468 2389 55 45 47
551 2404 40 37 p.
650 2389 60 45 20c
730 2391 30 18 m
767 2426 9 9 .

473 2446 141 45 “This
641 2444 170 47 edition
838 2446 38 45 is
902 2445 175 46 limited
1103 2454 46 37 to
1177 2444 108 47 fiftv
1310 2444 192 53 copies.”

398 2500 53 54 ©
482 2502 110 43 Dec.
628 2500 63 52 15,
726 2502 130 50 1923;
889 2501 63 42 2c.
985 2501 98 51 Jan.
1119 2499 63 53 17,
1216 2499 130 53 1925;
1380 2502 79 42 aff.
1493 2499 105 45 Feb.
1633 2499 48 53 7;
1717 2501 43 42 A
1792 2498 190 53 814973;
2016 2502 39 51 J.
2089 2500 176 44 Kiefer.

478 2557 245 56 (25-3785)

398 2643 230 72 Kraus,
665 2643 216 72 Adolf,
924 2645 190 57 1850-

475 2720 503 59 Reminiscences
1014 2722 123 56 and
1171 2723 372 68 comments;
1579 2721 105 56 the
1716 2721 384 73 immigrant,
2137 2723 104 57 the
399 2721 1983 155 citizen,

560 2798 1846 76 a public office, the Jew, by Adolf Kraus … Chicago,
397 2877 96 58 Ill.
527 2878 283 73 [Printed
833 2877 83 72 by
944 2878 177 71 Toby
1145 2877 308 57 Rubovits
1481 2877 136 73 inc.]
1648 2878 165 57 1925.

475 2955 1181 56 3 p. l., xi-xii, 244 p. front., pl., ports. 23 cm .
399 3011 53 54 ©
480 3014 100 51 Jan.
611 3013 66 51 30,
709 3011 129 54 1925;
869 3013 65 43 2c.
965 3014 88 42 and
1082 3014 78 42 aff.
1193 3011 105 45 Feb.
1329 3014 49 51 4;
1412 3014 43 41 A
1484 3013 190 52 814898;
1707 3014 57 43 A.
1795 3013 166 51 Kraus,
1997 3012 213 54 Chicago.

479 3068 245 56 (25-3553)

400 3155 282 73 Lawson,
723 3156 218 59 James
974 3155 320 73 Gilchrist,
1335 3158 189 57 1874-

474 3232 180 59 Bible
688 3233 329 73 quotation
1051 3233 279 71 puzzles;
1366 3232 296 73 fifty-two
1697 3234 252 73 leading
1979 3235 179 60 Bible
2192 3255 214 39 verses

401 3313 317 71 arranged
757 3331 67 38 as
864 3311 346 64 numerical
1248 3311 300 73 enigmas,
1585 3313 84 71 by
1703 3313 61 58 J.
1804 3311 302 60 Gilchrist
2141 3314 267 58 Lawson

469 3389 1662 75 … Chicago, Ill., W. P. Blessing company [ c 1925]
476 3469 109 46 [109]
619 3483 40 38 p.
720 3469 168 52 diagrs.
952 3467 166 46 19x15½cm.

398 3523 56 59 ©
484 3526 98 51 Jan.
611 3526 68 50 20,
712 3524 105 44 1925;
875 3526 64 42 2c.
968 3527 99 51 Jan.
1096 3525 79 52 24;
1207 3526 79 41 aff.
1317 3526 100 51 Jan.
1446 3526 78 52 22;
1557 3527 43 41 A
1632 3527 189 51 814884;
1855 3527 74 43 W.
1963 3527 50 42 P.
2046 3527 211 53 Blessing
2285 3542 65 29 co.

481 3580 244 56 (25-3211)

402 3667 143 70 Lea,
587 3665 242 58 Fannie
868 3665 282 74 Heaslip,
1190 3669 192 56 1884-

478 3744 178 60 With
699 3744 126 59 this
873 3745 160 73 ring,
1077 3746 84 72 by
1205 3745 226 72 Fanny
1475 3745 265 74 Heaslip
1787 3747 143 57 Lea.
2020 3747 150 59 New
2217 3748 189 75 York,

401 3823 202 70 Dodd,
637 3823 188 58 Mead
859 3824 124 57 and
1017 3843 323 53 company,
1376 3826 165 56 1925.

470 3915 43 37 V,
542 3898 84 46 237
653 3914 42 39 p.
758 3899 52 45 19½
843 3902 48 19 cm
897 3934 9 9 .

404 3955 1981 112 © Feb. 7, 1925; 2c. and aff. Feb. 11; A 814990; F. H. Lea, ℅ Paul R. Reynolds, New York. (25-3845)
