2533 4412
1060 4067 108 54 165

134 436 307 74 [Dunphy,
480 436 244 59 Harold
758 437 224 76 Morse]
1023 458 193 53 comp.

211 529 1848 75 A. B. C.’s of automobile law of Oregon, illustrated …
136 608 148 55 1924
313 608 92 57 ed.
490 607 339 74 [Portland,
863 607 124 74 Or.,
1018 608 164 72 1924]

202 686 269 51 cover-title,
502 686 55 45 80
581 701 41 36 p.
680 685 133 52 illus.,
841 702 128 36 maps
1004 688 48 50 (1
1084 686 137 52 fold.)
1287 689 54 42 23
1347 689 47 18 cm
1400 723 10 10 .

208 742 265 52 “Compiled
497 744 87 42 and
608 742 256 46 illustrated
888 745 59 49 by
970 744 63 45 H.
1059 743 66 45 M.
1153 743 238 52 Dunphy.”

130 795 55 54 ©
221 797 119 52 Aug.
377 795 65 53 25,
485 797 129 52 1924;
651 798 65 42 2c.
755 798 88 42 and
878 798 78 42 aff.
996 798 99 52 Jan.
1134 795 38 54 5,
1215 795 130 54 1925;
1387 798 44 42 A
1470 795 188 54 814550;
1701 798 62 43 H.
1806 798 66 43 M:
1912 797 212 56 Dunphy,

203 853 233 54 Berkeley,
478 852 134 46 Calif.
681 852 242 56 (25-5418)

129 953 417 58 Educational
574 954 243 56 finance
847 953 257 73 inquiry
1133 953 413 58 commission.

209 1050 128 56 The
367 1047 316 74 financing
712 1050 68 56 of
811 1049 329 58 education
1169 1047 65 57 in
1265 1049 200 71 Iowa;
1500 1069 36 37 a
1569 1052 217 68 report
1819 1046 308 62 reviewed

132 1127 124 57 and
293 1128 339 70 presented
669 1126 83 72 by
793 1128 111 56 the
936 1126 420 58 Educational
1394 1125 238 61 finance
1673 1125 255 75 inquiry
130 1146 1971 130 commission,
445 1205 201 56 under

683 1205 103 57 the
827 1203 285 73 auspices
1152 1204 68 57 of
1255 1204 104 58 the
1396 1204 340 58 American
1771 1205 239 58 council
2046 1226 79 39 on

133 1283 343 71 education,
506 1277 436 77 Washington,
971 1282 73 59 D.
1078 1281 64 59 C.
1227 1281 151 59 This
1409 1286 217 68 report
1652 1302 129 38 was
1809 1287 318 70 prepared

130 1361 104 58 for
275 1362 103 56 the
424 1360 399 58 commission
862 1362 84 70 by
986 1357 279 60 William
1307 1360 70 56 F.
1425 1360 268 75 Russell,
1740 1362 269 60 Thomas
2058 1362 64 60 C.

131 1436 184 77 Holy,
362 1438 266 74 Raleigh
669 1437 95 59 W.
814 1437 192 60 Stone
1051 1439 125 58 and
1219 1439 210 58 others
1478 1439 67 59 of
1589 1439 104 60 the
1738 1440 169 61 Iowa
1954 1441 168 60 staff.

129 1517 152 58 New
305 1517 191 70 York,
527 1517 128 57 The
685 1515 362 59 Macmillan
1073 1534 322 55 company,
1427 1517 164 58 1925.

199 1595 115 53 xxii,
347 1593 84 48 279
465 1612 39 35 p.
543 1594 103 45 incl.
682 1594 117 45 illus.
829 1594 200 52 (forms)
1073 1594 159 52 tables,
1268 1594 169 52 diagrs.
1494 1596 56 44 24
1556 1597 47 18 cm
1608 1631 10 9 .
1681 1597 83 45 [Its
1802 1597 322 54 Publications,

129 1653 112 45 vol. VIII]
128 1706 53 54 ©
207 1707 106 44 Feb.
335 1708 68 49 24,
434 1704 128 54 1925;
589 1706 66 42 2c.
681 1706 88 42 and
794 1704 79 44 aff.
901 1703 107 45 Feb.
1035 1703 79 53 25;
1143 1703 43 43 A
1213 1704 190 53 823168;
1432 1705 268 45 Macmillan
1727 1722 65 29 co.

206 1762 243 56 (25-5159)

127 1862 190 72 Elías,
352 1860 284 71 Alfredo,
676 1861 91 58 ed.

203 1953 304 56 Lecturas
549 1949 302 73 hispanas
893 1949 354 73 modernas,
1290 1968 116 38 con
1442 1954 187 54 notas
1670 1950 372 73 biográficas
2086 1975 40 52 y

127 2027 419 74 vocabulario,
582 2048 117 53 por
733 2026 268 59 Alfredo
1041 2026 209 59 Elías·…
1422 2026 299 72 (Lectura
1756 2033 252 58 natural
2050 2034 76 57 de

129 2110 242 57 Heath:
414 2107 160 58 libro
620 2104 247 71 cuarto)
951 2106 220 57 Nueva
1215 2106 192 71 York,
1452 2106 242 59 Boston
1740 2111 148 72 [etc.]
1999 2157 10 10 D.
2060 2111 64 59 C.

125 2187 212 58 Heath
362 2187 48 57 &
434 2203 330 54 compañía
793 2212 13 44 [
808 2191 19 23 c
831 2182 165 74 1925]

194 2261 661 57 416 p. illus. 19 × 15½ cm .
127 2321 53 54 ©
206 2324 98 52 Jan.
331 2321 38 53 5,
396 2320 130 52 1925;
553 2321 64 42 2c.
644 2318 106 45 Feb.
775 2319 78 52 28;
882 2319 78 42 aff.
987 2317 106 44 Feb.
1118 2316 80 54 27;
1227 2319 44 42 A
1297 2317 190 55 823241;
1517 2321 56 42 D.
1603 2319 48 45 C.
1681 2321 154 43 Heath
1862 2322 37 44 &
1925 2337 65 29 co.
2068 2321 53 55 [©

196 2387 125 36 notes
348 2378 87 43 and
459 2376 275 51 vocabulary
761 2373 246 53 rewritten]
1079 2373 243 56 (25-5576)

126 2480 317 69 Erasmus,
478 2474 383 72 Desiderius,
898 2476 55 58 d.
992 2476 166 57 1536.

124 2566 1971 154 … In praise of folly,, edited with an essay of appreciation by Horace
705 2646 287 72 Bridges.
1073 2645 155 56 Also
1270 2646 103 56 the
1418 2646 278 72 pictures
1740 2647 67 57 of
1848 2648 272 58 Holbein

127 2728 217 57 etched
365 2727 68 55 in
455 2726 102 56 the
584 2724 286 57 author’s
896 2723 167 72 time,
1090 2726 62 53 to
1178 2722 199 57 which
1402 2742 108 38 are
1536 2724 204 58 added
1763 2725 119 58 Mr.
127 2726 1967 137 Angarola’s
367 2802 362 72 conception

773 2801 67 57 of
881 2801 103 56 the
1026 2799 226 72 period
1293 2800 49 56 &
1384 2800 317 74 drawings
1745 2803 84 71 by
1867 2823 142 53 way
2052 2806 68 57 of

126 2885 481 74 contemporary
635 2881 306 55 comment
968 2879 85 70 by
1080 2876 167 60 Gene
1279 2877 280 75 Markey,
1591 2898 109 54 esq
1701 2887 39 21 re
1744 2925 12 11 .
1829 2880 289 78 Chicago,

124 2961 68 56 P.
229 2958 229 73 Covici,
493 2958 165 57 1925.

209 3037 76 51 lvii,
313 3035 83 44 208
425 3049 41 38 p.
501 3034 99 43 incl.
634 3033 153 52 plates,
850 3032 152 52 front.,
1036 3046 57 38 pl.
1151 3032 57 44 24
1213 3034 47 18 cm
1267 3066 9 9 .

194 3092 291 43 Translation
513 3092 58 51 by
600 3090 156 44 White
785 3089 213 51 Kennett,
1027 3088 162 52 bishop
1213 3088 55 44 of
1297 3089 356 54 Peterborough.

196 3148 137 44 “This
365 3148 166 44 edition
561 3147 36 43 is
627 3146 173 44 limited
828 3153 48 36 to
904 3144 153 47 eleven
1085 3144 203 44 hundred
1315 3146 247 44 numbered
1591 3147 153 53 copies
1772 3148 51 44 of
1853 3148 149 45 which
2030 3149 89 45 this

124 3209 35 42 is
189 3222 70 28 no.
294 3205 145 45 1073.”

193 3264 64 43 At
284 3263 116 43 head
427 3262 51 44 of
505 3262 122 43 title:
659 3260 230 47 Erasmvs.

127 3318 53 54 ©
214 3321 108 42 Dec.
359 3321 35 49 1,
430 3318 128 51 1924;
591 3318 65 42 2c.
690 3317 98 52 Jan.
822 3316 65 52 24,
925 3313 130 54 1925;
1093 3315 77 43 aff.
1207 3315 119 42 Mar.
1360 3315 50 51 2;
1445 3316 44 42 A
1524 3316 187 53 822246;
1750 3319 162 42 Pascal
1949 3318 169 45 Covici.

200 3374 65 54 [©
307 3375 316 49 introduction,
665 3380 125 36 notes
832 3373 88 42 and
961 3371 297 43 illustrations
1301 3372 57 51 by
1400 3371 183 45 Horace
1627 3373 194 53 Bridges
1864 3377 88 42 and
1996 3375 124 45 Gene

197 3432 208 51 Markey]
477 3428 241 56 (25-5744)

127 3516 199 72 Faris,
366 3515 170 59 John
572 3514 329 71 Thomson,
940 3516 189 56 1871-

207 3611 156 56 Real
415 3606 226 59 stories
694 3608 67 56 of
810 3607 104 57 the
966 3604 367 74 geography
1379 3605 267 72 makers,
1698 3609 83 70 by
1830 3608 171 59 John
2053 3610 66 55 T.

130 3682 1991 79 Faris … Boston, New York [etc.] Ginn and company
132 3796 12 42 [
146 3774 18 21 c
169 3765 163 72 1925]

200 3844 90 52 viii,
317 3845 80 43 332
425 3859 39 36 p.
492 3843 100 44 incl.
624 3843 154 50 front.,
805 3842 102 43 illus
985 3842 146 43 19½cm.

199 3902 157 43 Books
382 3900 104 43 “for
513 3899 178 44 further
716 3897 214 52 reading”
956 3906 44 35 at
1025 3898 86 43 end
1135 3897 51 43 of
1210 3897 109 44 each
1345 3898 198 51 chapter.

129 3955 52 53 ©
210 3956 105 43 Feb.
342 3956 37 49 9,
412 3953 128 52 1925;
568 3954 64 42 2c.
659 3954 86 41 and
772 3952 78 44 aff.
879 3952 105 43 Feb.
1011 3951 78 51 26;
1120 3951 42 41 A
1190 3949 188 54 822200;
1408 3952 39 52 J.
1475 3952 54 43 T.
1559 3952 143 53 Faris,
1733 3953 326 52 Philadelphia.

207 4009 241 58 (25-5669)
