<alto xmlns="http://www.loc.gov/standards/alto/ns-v3#" xmlns:xlink="http://www.w3.org/1999/xlink" xmlns:xsi="http://www.w3.org/2001/XMLSchema-instance" xsi:schemaLocation="http://www.loc.gov/standards/alto/ns-v3# http://www.loc.gov/alto/v3/alto-3-0.xsd"><Description>
<MeasurementUnit>pixel</MeasurementUnit>
<sourceImageInformation>
<fileName>1925_v22_Part001.pdf</fileName>
</sourceImageInformation>
<OCRProcessing ID="IdOcr">
<ocrProcessingStep>
<processingDateTime>2019-04-03</processingDateTime>
<processingSoftware>
<softwareCreator>ABBYY</softwareCreator>
<softwareName>ABBYY Recognition Server</softwareName>
<softwareVersion>4.0</softwareVersion>
</processingSoftware>
</ocrProcessingStep>
</OCRProcessing>
</Description>
<Styles>
<ParagraphStyle ID="StyleId-FFFFFFFF-FFFF-FFFF-FFFF-FFFFFFFFFFFF-" ALIGN="Left" LEFT="0." RIGHT="0." FIRSTLINE="0."/>
<ParagraphStyle ID="StyleId-2E5B4E57-07AD-4719-97CB-14521F7F4F8A-" ALIGN="Left" LEFT="0." RIGHT="0." FIRSTLINE="0." LINESPACE="8.899999619"/>
<ParagraphStyle ID="StyleId-62A6F688-D6E3-4EFC-837B-4A4C4EB582B7-" ALIGN="Center" LEFT="0." RIGHT="0." FIRSTLINE="0." LINESPACE="12.19999981"/>
<ParagraphStyle ID="StyleId-21B71EBC-BDB5-4E16-A8F2-58189A39665B-" ALIGN="Block" LEFT="0." RIGHT="0." FIRSTLINE="-13." LINESPACE="11.35000038"/>
<ParagraphStyle ID="StyleId-1E1A68C4-DD4F-417A-A13D-7FEC29ECB499-" ALIGN="Block" LEFT="0." RIGHT="0." FIRSTLINE="-15." LINESPACE="13.30000019"/>
<ParagraphStyle ID="StyleId-6B39EC51-644D-4E90-AF07-84EF2B1E466A-" ALIGN="Block" LEFT="0." RIGHT="0." FIRSTLINE="-15." LINESPACE="8.340000153"/>
<ParagraphStyle ID="StyleId-2C1BA15F-E223-41D6-853D-AAFBDAC17E68-" ALIGN="Center" LEFT="0." RIGHT="0." FIRSTLINE="0." LINESPACE="13."/>
<ParagraphStyle ID="StyleId-A3B2CDF3-43F0-422C-90A0-E074BFEC3BC0-" ALIGN="Block" LEFT="0." RIGHT="0." FIRSTLINE="0." LINESPACE="8.899999619"/>
<ParagraphStyle ID="StyleId-28AB2493-EA15-49C1-A6AC-ED5BC404F0B9-" ALIGN="Center" LEFT="0." RIGHT="0." FIRSTLINE="0." LINESPACE="12.19999981"/>
<ParagraphStyle ID="StyleId-4417A6D4-97E2-4EFC-962D-7FBC0D5273E4-" ALIGN="Left" LEFT="0." RIGHT="0." FIRSTLINE="15." LINESPACE="8.340000153"/>
<ParagraphStyle ID="StyleId-D4EF9C5E-3110-4A39-B7BC-3D84E0F04894-" ALIGN="Center" LEFT="0." RIGHT="0." FIRSTLINE="0." LINESPACE="13.30000019"/>
<ParagraphStyle ID="StyleId-D1243F31-1201-4D92-8F69-43ADB01E9AD1-" ALIGN="Left" LEFT="0." RIGHT="0." FIRSTLINE="-13." LINESPACE="13.30000019"/>
<ParagraphStyle ID="StyleId-C65417C6-23F2-4D8F-BA55-ECE73D98CAB9-" ALIGN="Left" LEFT="0." RIGHT="0." FIRSTLINE="0." LINESPACE="8.899999619"/>
<ParagraphStyle ID="StyleId-835763C1-08DD-41BE-8BAD-8E41EA88DAE3-" ALIGN="Center" LEFT="0." RIGHT="0." FIRSTLINE="0." LINESPACE="11.10000038"/>
<ParagraphStyle ID="StyleId-78FD6B81-8F83-422D-8DF4-4274EAFD19C6-" ALIGN="Block" LEFT="0." RIGHT="0." FIRSTLINE="-17." LINESPACE="12.19999981"/>
<ParagraphStyle ID="StyleId-F506BC7F-570D-458B-9F05-A143E1F5FD17-" ALIGN="Block" LEFT="0." RIGHT="0." FIRSTLINE="-17." LINESPACE="11.35000038"/>
<ParagraphStyle ID="StyleId-CBE02C6B-22D0-48C6-A874-7E90A22F4375-" ALIGN="Center" LEFT="0." RIGHT="0." FIRSTLINE="0." LINESPACE="4.400000095"/>
<ParagraphStyle ID="StyleId-14CC0121-63AF-4AB4-9656-E02F46C61AF2-" ALIGN="Left" LEFT="0." RIGHT="0." FIRSTLINE="0." LINESPACE="8.899999619"/>
<ParagraphStyle ID="StyleId-DD64CECB-1B22-4BFF-84F0-DFDE2B0000F8-" ALIGN="Left" LEFT="0." RIGHT="0." FIRSTLINE="0." LINESPACE="12.19999981"/>
<ParagraphStyle ID="StyleId-8AEF4AA8-141A-4E5D-9C3E-C0F9F43C742F-" ALIGN="Left" LEFT="0." RIGHT="0." FIRSTLINE="0." LINESPACE="8.300000191"/>
<ParagraphStyle ID="StyleId-8C396D2A-39C0-48AB-BABA-2679D8AB257E-" ALIGN="Left" LEFT="0." RIGHT="0." FIRSTLINE="0." LINESPACE="11.10000038"/>
<ParagraphStyle ID="StyleId-3B7FE50F-10D4-487F-BDCD-FD26EB60FD4A-" ALIGN="Block" LEFT="0." RIGHT="0." FIRSTLINE="13." LINESPACE="8.340000153"/>
<ParagraphStyle ID="StyleId-8CC5CC8E-615B-4C42-BB46-DB28FA355C27-" ALIGN="Left" LEFT="0." RIGHT="0." FIRSTLINE="0." LINESPACE="12.19999981"/>
<ParagraphStyle ID="StyleId-BC67E79D-8D99-4188-8B35-A59DBB7E2BB0-" ALIGN="Block" LEFT="0." RIGHT="0." FIRSTLINE="11." LINESPACE="9.399999619"/>
</Styles>
<Layout>
<Page ID="Page796" PHYSICAL_IMG_NR="796" HEIGHT="4412" WIDTH="2533">
<TopMargin HEIGHT="420" WIDTH="2533" VPOS="0" HPOS="0">
</TopMargin>
<LeftMargin HEIGHT="3762" WIDTH="270" VPOS="420" HPOS="0">
</LeftMargin>
<RightMargin HEIGHT="3762" WIDTH="121" VPOS="420" HPOS="2412">
</RightMargin>
<BottomMargin HEIGHT="230" WIDTH="2533" VPOS="4182" HPOS="0">
</BottomMargin>
<PrintSpace HEIGHT="3762" WIDTH="2142" VPOS="420" HPOS="270">
<TextBlock ID="Page796_Block1" HEIGHT="78" WIDTH="134" VPOS="4104" HPOS="1332" LANG="en-US" STYLEREFS="StyleId-CC4CC7CB-167A-44D1-8506-C4EF9E05D3B4-">
<TextLine HEIGHT="59" WIDTH="114" VPOS="4113" HPOS="1342">
<String CONTENT="796" HEIGHT="59" WIDTH="114" VPOS="4113" HPOS="1342"/>
</TextLine>
</TextBlock>
<TextBlock ID="Page796_Block2" HEIGHT="1726" WIDTH="2036" VPOS="420" HPOS="374" CS="1" STYLEREFS="StyleId-1DE64FC4-EAA5-4F69-9824-B67651B9D7BB-">
<TextLine HEIGHT="75" WIDTH="1999" VPOS="522" HPOS="389" STYLEREFS="StyleId-2A918589-24EC-4487-9FE0-00072716AAC3-" LANG="en-US">
<String CONTENT="speech," HEIGHT="74" WIDTH="242" VPOS="522" HPOS="389"/>
<SP HEIGHT="54" WIDTH="24" VPOS="542" HPOS="632"/>
<String CONTENT="with" HEIGHT="58" WIDTH="153" VPOS="523" HPOS="657"/>
<SP HEIGHT="58" WIDTH="19" VPOS="523" HPOS="811"/>
<String CONTENT="a" HEIGHT="38" WIDTH="41" VPOS="543" HPOS="831"/>
<SP HEIGHT="38" WIDTH="25" VPOS="543" HPOS="873"/>
<String CONTENT="series" HEIGHT="58" WIDTH="196" VPOS="523" HPOS="899"/>
<SP HEIGHT="39" WIDTH="25" VPOS="542" HPOS="1096"/>
<String CONTENT="of" HEIGHT="57" WIDTH="69" VPOS="524" HPOS="1122"/>
<SP HEIGHT="56" WIDTH="24" VPOS="524" HPOS="1192"/>
<String CONTENT="special" HEIGHT="72" WIDTH="236" VPOS="523" HPOS="1217"/>
<SP HEIGHT="58" WIDTH="23" VPOS="523" HPOS="1454"/>
<String CONTENT="articles" HEIGHT="59" WIDTH="252" VPOS="523" HPOS="1478"/>
<SP HEIGHT="59" WIDTH="24" VPOS="523" HPOS="1731"/>
<String CONTENT="here" HEIGHT="60" WIDTH="150" VPOS="523" HPOS="1756"/>
<SP HEIGHT="40" WIDTH="24" VPOS="543" HPOS="1907"/>
<String CONTENT="compiled" HEIGHT="72" WIDTH="308" VPOS="525" HPOS="1932"/>
<SP HEIGHT="57" WIDTH="24" VPOS="526" HPOS="2241"/>
<String CONTENT="and" HEIGHT="59" WIDTH="122" VPOS="526" HPOS="2266"/>
</TextLine>
<TextLine HEIGHT="75" WIDTH="2002" VPOS="601" HPOS="387" STYLEREFS="StyleId-2A918589-24EC-4487-9FE0-00072716AAC3-" LANG="en-US" CS="1">
<String CONTENT="edited" HEIGHT="59" WIDTH="212" VPOS="601" HPOS="387"/>
<SP HEIGHT="59" WIDTH="19" VPOS="601" HPOS="600"/>
<String CONTENT="by" HEIGHT="73" WIDTH="85" VPOS="601" HPOS="620"/>
<SP HEIGHT="73" WIDTH="21" VPOS="601" HPOS="706"/>
<String CONTENT="A." HEIGHT="58" WIDTH="77" VPOS="601" HPOS="728"/>
<SP HEIGHT="58" WIDTH="23" VPOS="601" HPOS="806"/>
<String CONTENT="M." HEIGHT="58" WIDTH="85" VPOS="601" HPOS="830"/>
<SP HEIGHT="58" WIDTH="25" VPOS="601" HPOS="916"/>
<String CONTENT="Drummond" HEIGHT="58" WIDTH="395" VPOS="601" HPOS="942"/>
<SP HEIGHT="60" WIDTH="29" VPOS="602" HPOS="1338"/>
<String CS="1" CONTENT="&#8230;"/>
<SP HEIGHT="60" WIDTH="66" VPOS="601" HPOS="1433"/>
<String CONTENT="New" HEIGHT="58" WIDTH="153" VPOS="601" HPOS="1500"/>
<SP HEIGHT="57" WIDTH="22" VPOS="602" HPOS="1654"/>
<String CONTENT="York" HEIGHT="58" WIDTH="175" VPOS="602" HPOS="1677"/>
<SP HEIGHT="58" WIDTH="22" VPOS="602" HPOS="1853"/>
<String CONTENT="&amp;" HEIGHT="58" WIDTH="49" VPOS="602" HPOS="1876"/>
<SP HEIGHT="59" WIDTH="22" VPOS="601" HPOS="1926"/>
<String CONTENT="London," HEIGHT="75" WIDTH="281" VPOS="601" HPOS="1949"/>
<SP HEIGHT="72" WIDTH="27" VPOS="604" HPOS="2231"/>
<String CONTENT="The" HEIGHT="59" WIDTH="130" VPOS="603" HPOS="2259"/>
</TextLine>
<TextLine HEIGHT="75" WIDTH="612" VPOS="679" HPOS="389" STYLEREFS="StyleId-2A918589-24EC-4487-9FE0-00072716AAC3-" LANG="en-US">
<String CONTENT="Century" HEIGHT="74" WIDTH="283" VPOS="679" HPOS="389"/>
<SP HEIGHT="53" WIDTH="21" VPOS="700" HPOS="673"/>
<String CONTENT="co.," HEIGHT="54" WIDTH="107" VPOS="700" HPOS="695"/>
<SP HEIGHT="72" WIDTH="28" VPOS="682" HPOS="803"/>
<String CONTENT="1925." HEIGHT="58" WIDTH="169" VPOS="680" HPOS="832"/>
</TextLine>
<TextLine HEIGHT="57" WIDTH="691" VPOS="770" HPOS="461" STYLEREFS="StyleId-2A918589-24EC-4487-9FE0-00072716AAC3-" LANG="en-US" CS="1">
<String CONTENT="ix," HEIGHT="51" WIDTH="62" VPOS="774" HPOS="461"/>
<SP HEIGHT="50" WIDTH="26" VPOS="775" HPOS="524"/>
<String CONTENT="291" HEIGHT="45" WIDTH="79" VPOS="773" HPOS="551"/>
<SP HEIGHT="51" WIDTH="27" VPOS="776" HPOS="631"/>
<String CONTENT="p." HEIGHT="39" WIDTH="41" VPOS="788" HPOS="659"/>
<SP HEIGHT="42" WIDTH="58" VPOS="776" HPOS="701"/>
<String CS="1" CONTENT="20&#189;" HEIGHT="46" WIDTH="55" VPOS="772" HPOS="760"/>
<String STYLE="superscript" CONTENT="cm" HEIGHT="18" WIDTH="48" VPOS="775" HPOS="849"/>
<String CONTENT="." HEIGHT="8" WIDTH="8" VPOS="808" HPOS="904"/>
<SP/>
<String CONTENT="$1.25" HEIGHT="55" WIDTH="124" VPOS="770" HPOS="1028"/>
</TextLine>
<TextLine HEIGHT="56" WIDTH="612" VPOS="843" HPOS="464" LANG="en-US">
<String CONTENT="Contains" HEIGHT="48" WIDTH="219" VPOS="843" HPOS="464"/>
<SP HEIGHT="45" WIDTH="22" VPOS="845" HPOS="684"/>
<String CONTENT="bibliographies." HEIGHT="56" WIDTH="369" VPOS="843" HPOS="707"/>
</TextLine>
<TextLine HEIGHT="57" WIDTH="2007" VPOS="914" HPOS="387" LANG="en-US">
<String CONTENT="&#169;" HEIGHT="55" WIDTH="53" VPOS="915" HPOS="387"/>
<SP HEIGHT="56" WIDTH="24" VPOS="915" HPOS="441"/>
<String CONTENT="July" HEIGHT="54" WIDTH="108" VPOS="917" HPOS="466"/>
<SP HEIGHT="53" WIDTH="22" VPOS="917" HPOS="575"/>
<String CONTENT="29," HEIGHT="52" WIDTH="69" VPOS="917" HPOS="598"/>
<SP HEIGHT="52" WIDTH="27" VPOS="917" HPOS="668"/>
<String CONTENT="1925;" HEIGHT="54" WIDTH="131" VPOS="914" HPOS="696"/>
<SP HEIGHT="52" WIDTH="27" VPOS="916" HPOS="828"/>
<String CONTENT="2c." HEIGHT="44" WIDTH="66" VPOS="916" HPOS="856"/>
<SP HEIGHT="30" WIDTH="22" VPOS="930" HPOS="923"/>
<String CONTENT="and" HEIGHT="44" WIDTH="92" VPOS="916" HPOS="946"/>
<SP HEIGHT="44" WIDTH="24" VPOS="916" HPOS="1039"/>
<String CONTENT="aff." HEIGHT="43" WIDTH="79" VPOS="916" HPOS="1064"/>
<SP HEIGHT="43" WIDTH="24" VPOS="916" HPOS="1144"/>
<String CONTENT="Aug." HEIGHT="53" WIDTH="121" VPOS="916" HPOS="1169"/>
<SP HEIGHT="42" WIDTH="30" VPOS="917" HPOS="1291"/>
<String CONTENT="11;" HEIGHT="51" WIDTH="74" VPOS="917" HPOS="1322"/>
<SP HEIGHT="52" WIDTH="28" VPOS="916" HPOS="1397"/>
<!-- cceid 336B7AEF-6DD5-1014-B757-AF09C522E301 --><String CONTENT="A" HEIGHT="43" WIDTH="45" VPOS="916" HPOS="1426"/>
<SP HEIGHT="44" WIDTH="25" VPOS="916" HPOS="1472"/>
<String CONTENT="864154;" HEIGHT="55" WIDTH="191" VPOS="915" HPOS="1498"/>
<SP HEIGHT="53" WIDTH="30" VPOS="917" HPOS="1690"/>
<String CONTENT="National" HEIGHT="45" WIDTH="218" VPOS="917" HPOS="1721"/>
<SP HEIGHT="45" WIDTH="26" VPOS="917" HPOS="1940"/>
<String CONTENT="assn," HEIGHT="29" WIDTH="118" VPOS="933" HPOS="1967"/>
<SP HEIGHT="29" WIDTH="26" VPOS="934" HPOS="2086"/>
<String CONTENT="of" HEIGHT="46" WIDTH="51" VPOS="917" HPOS="2113"/>
<SP HEIGHT="46" WIDTH="25" VPOS="917" HPOS="2165"/>
<String CONTENT="teachers" HEIGHT="46" WIDTH="203" VPOS="918" HPOS="2191"/>
</TextLine>
<TextLine HEIGHT="56" WIDTH="988" VPOS="972" HPOS="457" LANG="en-US">
<String CONTENT="of" HEIGHT="45" WIDTH="52" VPOS="973" HPOS="457"/>
<SP HEIGHT="45" WIDTH="29" VPOS="973" HPOS="510"/>
<String CONTENT="speech," HEIGHT="54" WIDTH="174" VPOS="973" HPOS="540"/>
<SP HEIGHT="52" WIDTH="33" VPOS="974" HPOS="715"/>
<String CONTENT="Ithaca," HEIGHT="54" WIDTH="170" VPOS="972" HPOS="749"/>
<SP HEIGHT="54" WIDTH="32" VPOS="972" HPOS="920"/>
<String CONTENT="N." HEIGHT="45" WIDTH="60" VPOS="972" HPOS="953"/>
<SP HEIGHT="44" WIDTH="31" VPOS="973" HPOS="1014"/>
<String CONTENT="Y." HEIGHT="44" WIDTH="57" VPOS="973" HPOS="1046"/>
<SP HEIGHT="54" WIDTH="67" VPOS="973" HPOS="1104"/>
<String CONTENT="(25-15530)" HEIGHT="56" WIDTH="273" VPOS="972" HPOS="1172"/>
</TextLine>
<TextLine HEIGHT="77" WIDTH="724" VPOS="1071" HPOS="387" STYLEREFS="StyleId-39A79419-A9A4-4400-BFB2-926DD1823D6D-" LANG="en-US" CS="1">
<String CONTENT="[Eriksen," HEIGHT="75" WIDTH="303" VPOS="1073" HPOS="387"/>
<SP HEIGHT="72" WIDTH="42" VPOS="1073" HPOS="691"/>
<String CONTENT="Emil]" HEIGHT="76" WIDTH="182" VPOS="1071" HPOS="734"/>
<SP HEIGHT="71" WIDTH="44" VPOS="1076" HPOS="917"/>
<String CS="1" CONTENT="1860&#8211;" HEIGHT="57" WIDTH="149" VPOS="1075" HPOS="962"/>
</TextLine>
<TextLine HEIGHT="79" WIDTH="1864" VPOS="1164" HPOS="530" STYLEREFS="StyleId-2A918589-24EC-4487-9FE0-00072716AAC3-" LANG="en-US" CS="1">
<String CS="1" CONTENT="&#8230;"/>
<SP HEIGHT="60" WIDTH="40" VPOS="1165" HPOS="530"/>
<String CONTENT="Sangbogen" HEIGHT="73" WIDTH="378" VPOS="1165" HPOS="571"/>
<SP HEIGHT="58" WIDTH="30" VPOS="1164" HPOS="950"/>
<String CONTENT="Herrens" HEIGHT="59" WIDTH="289" VPOS="1164" HPOS="981"/>
<SP HEIGHT="54" WIDTH="29" VPOS="1185" HPOS="1271"/>
<String CS="1" CONTENT="gl&#230;de" HEIGHT="73" WIDTH="191" VPOS="1166" HPOS="1301"/>
<SP HEIGHT="73" WIDTH="43" VPOS="1165" HPOS="1493"/>
<String CONTENT="(1901-1908)" HEIGHT="74" WIDTH="402" VPOS="1165" HPOS="1537"/>
<SP HEIGHT="72" WIDTH="46" VPOS="1167" HPOS="1940"/>
<String CS="1" CONTENT="&#8230;"/>
<SP HEIGHT="60" WIDTH="77" VPOS="1167" HPOS="2051"/>
<String CONTENT="Horten," HEIGHT="76" WIDTH="265" VPOS="1167" HPOS="2129"/>
</TextLine>
<TextLine HEIGHT="76" WIDTH="815" VPOS="1243" HPOS="386" STYLEREFS="StyleId-2A918589-24EC-4487-9FE0-00072716AAC3-" LANG="en-US">
<String CONTENT="Bogforlaget" HEIGHT="74" WIDTH="418" VPOS="1243" HPOS="386"/>
<SP HEIGHT="59" WIDTH="33" VPOS="1243" HPOS="805"/>
<String CONTENT="Ego" HEIGHT="74" WIDTH="138" VPOS="1243" HPOS="839"/>
<SP HEIGHT="55" WIDTH="40" VPOS="1263" HPOS="978"/>
<String CONTENT="[1924]" HEIGHT="75" WIDTH="182" VPOS="1244" HPOS="1019"/>
</TextLine>
<TextLine HEIGHT="57" WIDTH="1574" VPOS="1334" HPOS="459" LANG="en-US" CS="1">
<String CONTENT="199," HEIGHT="53" WIDTH="92" VPOS="1335" HPOS="459"/>
<SP HEIGHT="30" WIDTH="28" VPOS="1360" HPOS="552"/>
<String CONTENT="[6]" HEIGHT="56" WIDTH="53" VPOS="1335" HPOS="581"/>
<SP HEIGHT="42" WIDTH="29" VPOS="1349" HPOS="635"/>
<String CS="1" CONTENT="p"/>
<String LANG="el" CONTENT=".," HEIGHT="19" WIDTH="25" VPOS="1369" HPOS="696"/>
<SP HEIGHT="51" WIDTH="28" VPOS="1337" HPOS="722"/>
<String CONTENT="1" HEIGHT="42" WIDTH="18" VPOS="1337" HPOS="751"/>
<SP HEIGHT="45" WIDTH="29" VPOS="1334" HPOS="770"/>
<String CS="1" CONTENT="l." HEIGHT="8" WIDTH="9" VPOS="1370" HPOS="820"/>
<SP HEIGHT="42" WIDTH="56" VPOS="1336" HPOS="830"/>
<String CS="1" CONTENT="20cm." HEIGHT="44" WIDTH="125" VPOS="1335" HPOS="887"/>
<SP HEIGHT="55" WIDTH="67" VPOS="1335" HPOS="1013"/>
<String CONTENT="(Aemilian&#8217;s" HEIGHT="56" WIDTH="292" VPOS="1334" HPOS="1081"/>
<SP HEIGHT="28" WIDTH="28" VPOS="1351" HPOS="1374"/>
<String LANG="de" CS="1" CONTENT="sange" HEIGHT="39" WIDTH="139" VPOS="1350" HPOS="1403"/>
<SP HEIGHT="30" WIDTH="25" VPOS="1350" HPOS="1543"/>
<String CONTENT="og" HEIGHT="38" WIDTH="61" VPOS="1351" HPOS="1569"/>
<SP HEIGHT="38" WIDTH="25" VPOS="1351" HPOS="1631"/>
<String CONTENT="salmer," HEIGHT="55" WIDTH="179" VPOS="1335" HPOS="1657"/>
<SP HEIGHT="52" WIDTH="32" VPOS="1338" HPOS="1837"/>
<String CONTENT="1." HEIGHT="42" WIDTH="34" VPOS="1338" HPOS="1870"/>
<SP HEIGHT="44" WIDTH="29" VPOS="1337" HPOS="1905"/>
<String CONTENT="del)" HEIGHT="53" WIDTH="98" VPOS="1337" HPOS="1935"/>
</TextLine>
<TextLine HEIGHT="60" WIDTH="2008" VPOS="1404" HPOS="387" LANG="en-US" CS="1">
<String CONTENT="&#169;" HEIGHT="56" WIDTH="54" VPOS="1404" HPOS="387"/>
<SP HEIGHT="56" WIDTH="26" VPOS="1404" HPOS="442"/>
<String CONTENT="Nov." HEIGHT="45" WIDTH="119" VPOS="1405" HPOS="469"/>
<SP HEIGHT="43" WIDTH="28" VPOS="1407" HPOS="589"/>
<String CONTENT="15," HEIGHT="54" WIDTH="64" VPOS="1405" HPOS="618"/>
<SP HEIGHT="52" WIDTH="27" VPOS="1407" HPOS="683"/>
<String CONTENT="1924;" HEIGHT="53" WIDTH="131" VPOS="1406" HPOS="711"/>
<SP HEIGHT="52" WIDTH="30" VPOS="1407" HPOS="843"/>
<String CS="1" CONTENT="1c."/>
<SP HEIGHT="43" WIDTH="26" VPOS="1406" HPOS="935"/>
<String CONTENT="May" HEIGHT="54" WIDTH="114" VPOS="1406" HPOS="962"/>
<SP HEIGHT="53" WIDTH="22" VPOS="1407" HPOS="1077"/>
<String CONTENT="25," HEIGHT="54" WIDTH="66" VPOS="1404" HPOS="1100"/>
<SP HEIGHT="50" WIDTH="31" VPOS="1408" HPOS="1167"/>
<String CONTENT="1925;" HEIGHT="55" WIDTH="131" VPOS="1405" HPOS="1199"/>
<SP HEIGHT="55" WIDTH="27" VPOS="1405" HPOS="1331"/>
<!-- cceid 336BD930-6DD5-1014-B757-AF09C522E301 --><String CONTENT="A&#8212;Foreign" HEIGHT="55" WIDTH="303" VPOS="1405" HPOS="1359"/>
<SP HEIGHT="42" WIDTH="24" VPOS="1408" HPOS="1663"/>
<String CONTENT="27712;" HEIGHT="55" WIDTH="163" VPOS="1406" HPOS="1688"/>
<SP HEIGHT="55" WIDTH="29" VPOS="1406" HPOS="1852"/>
<String CONTENT="E." HEIGHT="49" WIDTH="52" VPOS="1406" HPOS="1882"/>
<SP HEIGHT="50" WIDTH="27" VPOS="1406" HPOS="1935"/>
<String CONTENT="Eriksen," HEIGHT="55" WIDTH="208" VPOS="1406" HPOS="1963"/>
<SP HEIGHT="52" WIDTH="29" VPOS="1409" HPOS="2172"/>
<String CONTENT="Horten," HEIGHT="55" WIDTH="193" VPOS="1409" HPOS="2202"/>
</TextLine>
<TextLine HEIGHT="55" WIDTH="562" VPOS="1463" HPOS="460" LANG="en-US">
<String CONTENT="Norway." HEIGHT="53" WIDTH="219" VPOS="1464" HPOS="460"/>
<SP HEIGHT="54" WIDTH="69" VPOS="1464" HPOS="680"/>
<String CONTENT="(25-16664)" HEIGHT="55" WIDTH="272" VPOS="1463" HPOS="750"/>
</TextLine>
<TextLine HEIGHT="74" WIDTH="1194" VPOS="1562" HPOS="387" STYLEREFS="StyleId-2A918589-24EC-4487-9FE0-00072716AAC3-" LANG="en-US" CS="1">
<String CONTENT="Faldix," HEIGHT="74" WIDTH="247" VPOS="1562" HPOS="387"/>
<SP HEIGHT="73" WIDTH="36" VPOS="1563" HPOS="635"/>
<String CS="1" CONTENT="Arno" HEIGHT="58" WIDTH="178" VPOS="1563" HPOS="672"/>
<SP HEIGHT="59" WIDTH="36" VPOS="1564" HPOS="851"/>
<String CONTENT="Guido" HEIGHT="60" WIDTH="204" VPOS="1563" HPOS="888"/>
<SP HEIGHT="59" WIDTH="38" VPOS="1564" HPOS="1093"/>
<String CONTENT="Gustav," HEIGHT="71" WIDTH="258" VPOS="1564" HPOS="1132"/>
<SP HEIGHT="68" WIDTH="40" VPOS="1567" HPOS="1391"/>
<String CS="1" CONTENT="1882&#8211;" HEIGHT="57" WIDTH="149" VPOS="1565" HPOS="1432"/>
</TextLine>
<TextLine HEIGHT="151" WIDTH="1990" VPOS="1654" HPOS="386" STYLEREFS="StyleId-2A918589-24EC-4487-9FE0-00072716AAC3-" CS="1">
<String LANG="en-US" CONTENT="Henry" HEIGHT="73" WIDTH="225" VPOS="1655" HPOS="462"/>
<SP HEIGHT="73" WIDTH="30" VPOS="1655" HPOS="688"/>
<String LANG="de" CONTENT="Ford" HEIGHT="59" WIDTH="174" VPOS="1655" HPOS="719"/>
<SP HEIGHT="57" WIDTH="32" VPOS="1657" HPOS="894"/>
<String LANG="de" CONTENT="als" HEIGHT="57" WIDTH="94" VPOS="1657" HPOS="927"/>
<SP HEIGHT="39" WIDTH="31" VPOS="1675" HPOS="1022"/>
<String LANG="de" CONTENT="Wirtschaftspolitiker." HEIGHT="73" WIDTH="712" VPOS="1654" HPOS="1054"/>
<SP HEIGHT="58" WIDTH="73" VPOS="1655" HPOS="1767"/>
<String LANG="de" CS="1" CONTENT="V"/>
<String LANG="en-US" CONTENT="on" HEIGHT="39" WIDTH="80" VPOS="1675" HPOS="1905"/>
<SP HEIGHT="58" WIDTH="31" VPOS="1656" HPOS="1986"/>
<String LANG="en-US" CONTENT="dr." HEIGHT="58" WIDTH="93" VPOS="1656" HPOS="2018"/>
<SP HEIGHT="61" WIDTH="35" VPOS="1656" HPOS="2112"/>
<String LANG="en-US" CONTENT="G." HEIGHT="61" WIDTH="70" VPOS="1656" HPOS="2148"/>
<SP HEIGHT="57" WIDTH="36" VPOS="1658" HPOS="2219"/>
<String LANG="en-US" CONTENT="Faldix" HEIGHT="136" WIDTH="1990" VPOS="1657" HPOS="386"/>
<SP HEIGHT="38" WIDTH="32" VPOS="1754" HPOS="496"/>
<String LANG="en-US" CS="1" CONTENT="&#8230;"/>
<SP HEIGHT="57" WIDTH="86" VPOS="1734" HPOS="592"/>
<String LANG="de" CONTENT="M&#252;nchen," HEIGHT="72" WIDTH="330" VPOS="1733" HPOS="679"/>
</TextLine>
<TextLine HEIGHT="75" WIDTH="909" VPOS="1732" HPOS="1042" STYLEREFS="StyleId-2A918589-24EC-4487-9FE0-00072716AAC3-" LANG="en-US">
<String CONTENT="F." HEIGHT="58" WIDTH="70" VPOS="1733" HPOS="1042"/>
<SP HEIGHT="58" WIDTH="33" VPOS="1733" HPOS="1113"/>
<String CONTENT="A." HEIGHT="58" WIDTH="76" VPOS="1733" HPOS="1147"/>
<SP HEIGHT="57" WIDTH="32" VPOS="1734" HPOS="1224"/>
<String CONTENT="Pfeiffer" HEIGHT="60" WIDTH="273" VPOS="1732" HPOS="1257"/>
<SP HEIGHT="58" WIDTH="29" VPOS="1734" HPOS="1531"/>
<String CONTENT="&amp;" HEIGHT="58" WIDTH="51" VPOS="1734" HPOS="1561"/>
<SP HEIGHT="58" WIDTH="29" VPOS="1734" HPOS="1613"/>
<String CONTENT="co.," HEIGHT="54" WIDTH="106" VPOS="1753" HPOS="1643"/>
<SP HEIGHT="72" WIDTH="33" VPOS="1735" HPOS="1750"/>
<String CONTENT="1925." HEIGHT="58" WIDTH="167" VPOS="1734" HPOS="1784"/>
</TextLine>
<TextLine HEIGHT="54" WIDTH="424" VPOS="1825" HPOS="456" LANG="en-US">
<String CONTENT="90," HEIGHT="53" WIDTH="66" VPOS="1825" HPOS="456"/>
<SP HEIGHT="36" WIDTH="37" VPOS="1842" HPOS="523"/>
<String CONTENT="[2]" HEIGHT="52" WIDTH="53" VPOS="1826" HPOS="561"/>
<SP HEIGHT="39" WIDTH="39" VPOS="1840" HPOS="615"/>
<String CONTENT="p." HEIGHT="39" WIDTH="40" VPOS="1840" HPOS="655"/>
<SP HEIGHT="44" WIDTH="57" VPOS="1826" HPOS="696"/>
<String CONTENT="23" HEIGHT="45" WIDTH="55" VPOS="1825" HPOS="754"/>
<String STYLE="superscript" CONTENT="cm" HEIGHT="18" WIDTH="48" VPOS="1827" HPOS="815"/>
<String CONTENT="." HEIGHT="10" WIDTH="11" VPOS="1860" HPOS="869"/>
</TextLine>
<TextLine HEIGHT="55" WIDTH="1489" VPOS="1895" HPOS="459" LANG="de" CS="1">
<String CONTENT="&#8220;Anhang:" HEIGHT="54" WIDTH="254" VPOS="1896" HPOS="459"/>
<SP HEIGHT="44" WIDTH="30" VPOS="1897" HPOS="714"/>
<String CONTENT="Walther" HEIGHT="46" WIDTH="219" VPOS="1895" HPOS="745"/>
<SP HEIGHT="43" WIDTH="27" VPOS="1897" HPOS="965"/>
<String CONTENT="Rathenau" HEIGHT="45" WIDTH="238" VPOS="1896" HPOS="993"/>
<SP HEIGHT="29" WIDTH="30" VPOS="1912" HPOS="1232"/>
<String CONTENT="als" HEIGHT="46" WIDTH="65" VPOS="1895" HPOS="1263"/>
<SP HEIGHT="29" WIDTH="31" VPOS="1912" HPOS="1329"/>
<String CS="1" CONTENT="volkswirt&#8221;:" HEIGHT="46" WIDTH="264" VPOS="1895" HPOS="1393"/>
<SP HEIGHT="39" WIDTH="31" VPOS="1911" HPOS="1658"/>
<String CONTENT="p." HEIGHT="39" WIDTH="40" VPOS="1911" HPOS="1690"/>
<SP HEIGHT="32" WIDTH="35" VPOS="1912" HPOS="1731"/>
<String CS="1" CONTENT="[86]" HEIGHT="45" WIDTH="53" VPOS="1896" HPOS="1782"/>
<String LANG="en-US" CS="1" CONTENT="&#8211;"/>
<String CONTENT="90." HEIGHT="46" WIDTH="66" VPOS="1896" HPOS="1882"/>
</TextLine>
<TextLine HEIGHT="55" WIDTH="1259" VPOS="1952" HPOS="459" LANG="de" CS="1">
<String CONTENT="&#8220;Ford-literatur" HEIGHT="47" WIDTH="387" VPOS="1952" HPOS="459"/>
<SP HEIGHT="43" WIDTH="30" VPOS="1955" HPOS="847"/>
<String CONTENT="in" HEIGHT="43" WIDTH="44" VPOS="1955" HPOS="878"/>
<SP HEIGHT="44" WIDTH="26" VPOS="1954" HPOS="923"/>
<String CONTENT="deutscher" HEIGHT="45" WIDTH="243" VPOS="1953" HPOS="950"/>
<SP HEIGHT="29" WIDTH="25" VPOS="1968" HPOS="1194"/>
<String CS="1" CONTENT="sprache&#8221;:" HEIGHT="53" WIDTH="246" VPOS="1953" HPOS="1220"/>
<SP HEIGHT="38" WIDTH="29" VPOS="1969" HPOS="1467"/>
<String CONTENT="p." HEIGHT="38" WIDTH="40" VPOS="1969" HPOS="1497"/>
<SP HEIGHT="45" WIDTH="28" VPOS="1953" HPOS="1538"/>
<String CONTENT="82-85." HEIGHT="46" WIDTH="151" VPOS="1953" HPOS="1567"/>
</TextLine>
<TextLine HEIGHT="57" WIDTH="1897" VPOS="2022" HPOS="389" LANG="de" CS="1">
<String CONTENT="&#169;" HEIGHT="56" WIDTH="53" VPOS="2023" HPOS="389"/>
<SP HEIGHT="56" WIDTH="28" VPOS="2023" HPOS="443"/>
<String CONTENT="Feb." HEIGHT="46" WIDTH="108" VPOS="2024" HPOS="472"/>
<SP HEIGHT="44" WIDTH="28" VPOS="2025" HPOS="581"/>
<String CONTENT="28," HEIGHT="47" WIDTH="67" VPOS="2025" HPOS="610"/>
<SP HEIGHT="46" WIDTH="30" VPOS="2026" HPOS="678"/>
<String CONTENT="1925;" HEIGHT="54" WIDTH="132" VPOS="2024" HPOS="709"/>
<SP HEIGHT="52" WIDTH="34" VPOS="2026" HPOS="842"/>
<String CS="1" CONTENT="1c."/>
<SP HEIGHT="44" WIDTH="30" VPOS="2025" HPOS="938"/>
<String CONTENT="May" HEIGHT="53" WIDTH="113" VPOS="2025" HPOS="969"/>
<SP HEIGHT="53" WIDTH="25" VPOS="2025" HPOS="1083"/>
<String CONTENT="25;" HEIGHT="55" WIDTH="79" VPOS="2023" HPOS="1109"/>
<SP HEIGHT="54" WIDTH="30" VPOS="2024" HPOS="1189"/>
<!-- cceid 336C3D80-6DD5-1014-B757-AF09C522E301 --><String CONTENT="A&#8212;Foreign" HEIGHT="55" WIDTH="305" VPOS="2023" HPOS="1220"/>
<SP HEIGHT="43" WIDTH="26" VPOS="2025" HPOS="1526"/>
<String CONTENT="27783;" HEIGHT="56" WIDTH="163" VPOS="2022" HPOS="1553"/>
<SP HEIGHT="54" WIDTH="32" VPOS="2024" HPOS="1717"/>
<String CONTENT="F." HEIGHT="45" WIDTH="51" VPOS="2024" HPOS="1750"/>
<SP HEIGHT="44" WIDTH="30" VPOS="2025" HPOS="1802"/>
<String CONTENT="A." HEIGHT="44" WIDTH="57" VPOS="2025" HPOS="1833"/>
<SP HEIGHT="43" WIDTH="31" VPOS="2026" HPOS="1891"/>
<String CONTENT="Pfeiffer" HEIGHT="47" WIDTH="199" VPOS="2024" HPOS="1923"/>
<SP HEIGHT="45" WIDTH="29" VPOS="2026" HPOS="2123"/>
<String CONTENT="&amp;" HEIGHT="45" WIDTH="38" VPOS="2026" HPOS="2153"/>
<SP HEIGHT="45" WIDTH="27" VPOS="2026" HPOS="2192"/>
<String CONTENT="co." HEIGHT="30" WIDTH="66" VPOS="2042" HPOS="2220"/>
</TextLine>
<TextLine HEIGHT="56" WIDTH="272" VPOS="2081" HPOS="468" LANG="de">
<String CONTENT="(25-16686)" HEIGHT="56" WIDTH="272" VPOS="2081" HPOS="468"/>
</TextLine>
</TextBlock>
<TextBlock ID="Page796_Block3" HEIGHT="1200" WIDTH="2034" VPOS="2170" HPOS="378" LANG="en-US" CS="1" STYLEREFS="StyleId-1DE64FC4-EAA5-4F69-9824-B67651B9D7BB-">
<TextLine HEIGHT="75" WIDTH="2008" VPOS="2180" HPOS="391" STYLEREFS="StyleId-2A918589-24EC-4487-9FE0-00072716AAC3-">
<String LANG="de" CONTENT="The" HEIGHT="58" WIDTH="130" VPOS="2183" HPOS="391"/>
<SP HEIGHT="60" WIDTH="27" VPOS="2181" HPOS="522"/>
<String LANG="de" CONTENT="Federal" HEIGHT="59" WIDTH="269" VPOS="2180" HPOS="550"/>
<SP HEIGHT="58" WIDTH="25" VPOS="2180" HPOS="820"/>
<String LANG="en-US" CONTENT="reporter." HEIGHT="70" WIDTH="307" VPOS="2184" HPOS="846"/>
<SP HEIGHT="60" WIDTH="71" VPOS="2180" HPOS="1154"/>
<String LANG="en-US" CONTENT="Second" HEIGHT="60" WIDTH="243" VPOS="2180" HPOS="1226"/>
<SP HEIGHT="57" WIDTH="27" VPOS="2182" HPOS="1470"/>
<String LANG="en-US" CONTENT="series." HEIGHT="58" WIDTH="214" VPOS="2181" HPOS="1498"/>
<SP HEIGHT="60" WIDTH="70" VPOS="2180" HPOS="1713"/>
<String LANG="en-US" CONTENT="Cases" HEIGHT="60" WIDTH="192" VPOS="2180" HPOS="1784"/>
<SP HEIGHT="37" WIDTH="29" VPOS="2202" HPOS="1977"/>
<String LANG="en-US" CONTENT="argued" HEIGHT="71" WIDTH="240" VPOS="2184" HPOS="2007"/>
<SP HEIGHT="57" WIDTH="27" VPOS="2184" HPOS="2248"/>
<String LANG="en-US" CONTENT="and" HEIGHT="58" WIDTH="123" VPOS="2184" HPOS="2276"/>
</TextLine>
<TextLine HEIGHT="73" WIDTH="1933" VPOS="2259" HPOS="468" STYLEREFS="StyleId-2A918589-24EC-4487-9FE0-00072716AAC3-">
<String CONTENT="determined" HEIGHT="59" WIDTH="391" VPOS="2260" HPOS="468"/>
<SP HEIGHT="60" WIDTH="19" VPOS="2259" HPOS="860"/>
<String CONTENT="in" HEIGHT="57" WIDTH="67" VPOS="2259" HPOS="880"/>
<SP HEIGHT="55" WIDTH="22" VPOS="2263" HPOS="948"/>
<String CONTENT="the" HEIGHT="58" WIDTH="104" VPOS="2260" HPOS="971"/>
<SP HEIGHT="60" WIDTH="25" VPOS="2259" HPOS="1076"/>
<String CONTENT="Circuit" HEIGHT="60" WIDTH="240" VPOS="2259" HPOS="1102"/>
<SP HEIGHT="54" WIDTH="23" VPOS="2264" HPOS="1343"/>
<String CONTENT="courts" HEIGHT="55" WIDTH="212" VPOS="2263" HPOS="1367"/>
<SP HEIGHT="39" WIDTH="24" VPOS="2279" HPOS="1580"/>
<String CONTENT="of" HEIGHT="57" WIDTH="69" VPOS="2260" HPOS="1605"/>
<SP HEIGHT="57" WIDTH="20" VPOS="2260" HPOS="1675"/>
<String CONTENT="appeals" HEIGHT="72" WIDTH="261" VPOS="2260" HPOS="1696"/>
<SP HEIGHT="38" WIDTH="25" VPOS="2280" HPOS="1958"/>
<String CONTENT="and" HEIGHT="58" WIDTH="125" VPOS="2261" HPOS="1984"/>
<SP HEIGHT="58" WIDTH="19" VPOS="2261" HPOS="2110"/>
<String CONTENT="District" HEIGHT="59" WIDTH="271" VPOS="2261" HPOS="2130"/>
</TextLine>
<TextLine HEIGHT="75" WIDTH="1928" VPOS="2336" HPOS="469" STYLEREFS="StyleId-2A918589-24EC-4487-9FE0-00072716AAC3-">
<String CONTENT="courts" HEIGHT="55" WIDTH="211" VPOS="2342" HPOS="469"/>
<SP HEIGHT="39" WIDTH="36" VPOS="2358" HPOS="681"/>
<String CONTENT="of" HEIGHT="57" WIDTH="71" VPOS="2339" HPOS="718"/>
<SP HEIGHT="57" WIDTH="30" VPOS="2339" HPOS="790"/>
<String CONTENT="the" HEIGHT="57" WIDTH="105" VPOS="2339" HPOS="821"/>
<SP HEIGHT="59" WIDTH="32" VPOS="2338" HPOS="927"/>
<String CONTENT="United" HEIGHT="59" WIDTH="240" VPOS="2338" HPOS="960"/>
<SP HEIGHT="58" WIDTH="36" VPOS="2338" HPOS="1201"/>
<String CONTENT="States" HEIGHT="58" WIDTH="212" VPOS="2338" HPOS="1238"/>
<SP HEIGHT="38" WIDTH="38" VPOS="2358" HPOS="1451"/>
<String CONTENT="and" HEIGHT="57" WIDTH="125" VPOS="2339" HPOS="1490"/>
<SP HEIGHT="57" WIDTH="34" VPOS="2339" HPOS="1616"/>
<String CONTENT="the" HEIGHT="58" WIDTH="107" VPOS="2338" HPOS="1651"/>
<SP HEIGHT="60" WIDTH="36" VPOS="2336" HPOS="1759"/>
<String CONTENT="Court" HEIGHT="60" WIDTH="199" VPOS="2336" HPOS="1796"/>
<SP HEIGHT="55" WIDTH="33" VPOS="2341" HPOS="1996"/>
<String CONTENT="of" HEIGHT="57" WIDTH="70" VPOS="2339" HPOS="2030"/>
<SP HEIGHT="57" WIDTH="36" VPOS="2339" HPOS="2101"/>
<String CONTENT="appeals" HEIGHT="72" WIDTH="259" VPOS="2339" HPOS="2138"/>
</TextLine>
<TextLine HEIGHT="138" WIDTH="1906" VPOS="2415" HPOS="467" STYLEREFS="StyleId-2A918589-24EC-4487-9FE0-00072716AAC3-" CS="1">
<String CONTENT="of" HEIGHT="57" WIDTH="70" VPOS="2418" HPOS="468"/>
<SP HEIGHT="57" WIDTH="30" VPOS="2418" HPOS="539"/>
<String CONTENT="the" HEIGHT="57" WIDTH="105" VPOS="2418" HPOS="570"/>
<SP HEIGHT="58" WIDTH="34" VPOS="2417" HPOS="676"/>
<String CONTENT="District" HEIGHT="58" WIDTH="274" VPOS="2417" HPOS="711"/>
<SP HEIGHT="54" WIDTH="34" VPOS="2420" HPOS="986"/>
<String CONTENT="of" HEIGHT="56" WIDTH="69" VPOS="2417" HPOS="1021"/>
<SP HEIGHT="60" WIDTH="35" VPOS="2415" HPOS="1091"/>
<String CONTENT="Columbia," HEIGHT="75" WIDTH="342" VPOS="2415" HPOS="1127"/>
<SP HEIGHT="54" WIDTH="35" VPOS="2436" HPOS="1470"/>
<String CONTENT="with" HEIGHT="57" WIDTH="155" VPOS="2416" HPOS="1506"/>
<SP HEIGHT="57" WIDTH="30" VPOS="2415" HPOS="1662"/>
<String CONTENT="key-number" HEIGHT="73" WIDTH="412" VPOS="2415" HPOS="1693"/>
<SP HEIGHT="38" WIDTH="35" VPOS="2436" HPOS="2106"/>
<String CONTENT="annotations" HEIGHT="132" WIDTH="1906" VPOS="2421" HPOS="467"/>
<SP HEIGHT="37" WIDTH="33" VPOS="2516" HPOS="636"/>
<String CS="1" CONTENT="&#8230;"/>
<SP HEIGHT="39" WIDTH="71" VPOS="2513" HPOS="733"/>
<String CS="1" CONTENT="v."/>
<SP/>
<String CONTENT="3" HEIGHT="55" WIDTH="33" VPOS="2496" HPOS="895"/>
</TextLine>
<TextLine HEIGHT="75" WIDTH="1431" VPOS="2493" HPOS="967" STYLEREFS="StyleId-2A918589-24EC-4487-9FE0-00072716AAC3-" CS="1">
<String CONTENT="(2d)" HEIGHT="73" WIDTH="137" VPOS="2493" HPOS="967"/>
<SP HEIGHT="72" WIDTH="38" VPOS="2494" HPOS="1105"/>
<String CS="1" CONTENT="March&#8211;April," HEIGHT="74" WIDTH="468" VPOS="2494" HPOS="1144"/>
<SP HEIGHT="71" WIDTH="31" VPOS="2497" HPOS="1613"/>
<String CONTENT="1925." HEIGHT="55" WIDTH="166" VPOS="2496" HPOS="1645"/>
<SP HEIGHT="58" WIDTH="72" VPOS="2494" HPOS="1812"/>
<String CONTENT="St." HEIGHT="58" WIDTH="90" VPOS="2494" HPOS="1885"/>
<SP HEIGHT="56" WIDTH="32" VPOS="2495" HPOS="1976"/>
<String CONTENT="Paul," HEIGHT="72" WIDTH="177" VPOS="2495" HPOS="2009"/>
<SP HEIGHT="72" WIDTH="30" VPOS="2495" HPOS="2187"/>
<String CONTENT="West" HEIGHT="59" WIDTH="180" VPOS="2495" HPOS="2218"/>
</TextLine>
<TextLine HEIGHT="74" WIDTH="708" VPOS="2573" HPOS="466" STYLEREFS="StyleId-2A918589-24EC-4487-9FE0-00072716AAC3-">
<String CONTENT="publishing" HEIGHT="74" WIDTH="365" VPOS="2573" HPOS="466"/>
<SP HEIGHT="54" WIDTH="32" VPOS="2593" HPOS="832"/>
<String CONTENT="co.," HEIGHT="54" WIDTH="104" VPOS="2593" HPOS="865"/>
<SP HEIGHT="72" WIDTH="36" VPOS="2575" HPOS="970"/>
<String CONTENT="1925." HEIGHT="57" WIDTH="167" VPOS="2574" HPOS="1007"/>
</TextLine>
<TextLine HEIGHT="56" WIDTH="1037" VPOS="2663" HPOS="458">
<String CONTENT="xxvii," HEIGHT="53" WIDTH="146" VPOS="2666" HPOS="458"/>
<SP HEIGHT="52" WIDTH="34" VPOS="2667" HPOS="605"/>
<String CONTENT="1071" HEIGHT="45" WIDTH="102" VPOS="2664" HPOS="640"/>
<SP HEIGHT="51" WIDTH="32" VPOS="2667" HPOS="743"/>
<String CONTENT="p." HEIGHT="38" WIDTH="41" VPOS="2680" HPOS="776"/>
<SP HEIGHT="43" WIDTH="30" VPOS="2666" HPOS="818"/>
<String CONTENT="incl." HEIGHT="45" WIDTH="101" VPOS="2664" HPOS="849"/>
<SP HEIGHT="45" WIDTH="33" VPOS="2664" HPOS="951"/>
<String CONTENT="front.," HEIGHT="45" WIDTH="138" VPOS="2664" HPOS="985"/>
<SP HEIGHT="55" WIDTH="26" VPOS="2664" HPOS="1124"/>
<String CONTENT="(map)" HEIGHT="56" WIDTH="153" VPOS="2663" HPOS="1151"/>
<SP HEIGHT="54" WIDTH="65" VPOS="2663" HPOS="1305"/>
<String CONTENT="26" HEIGHT="44" WIDTH="56" VPOS="2663" HPOS="1371"/>
<String STYLE="superscript" CONTENT="cm" HEIGHT="19" WIDTH="48" VPOS="2665" HPOS="1433"/>
<String CONTENT="." HEIGHT="8" WIDTH="9" VPOS="2699" HPOS="1486"/>
</TextLine>
<TextLine HEIGHT="58" WIDTH="1758" VPOS="2733" HPOS="389">
<String CONTENT="&#169;" HEIGHT="54" WIDTH="54" VPOS="2736" HPOS="389"/>
<SP HEIGHT="55" WIDTH="24" VPOS="2736" HPOS="444"/>
<String CONTENT="June" HEIGHT="53" WIDTH="117" VPOS="2738" HPOS="469"/>
<SP HEIGHT="44" WIDTH="19" VPOS="2738" HPOS="587"/>
<String CONTENT="25," HEIGHT="53" WIDTH="69" VPOS="2736" HPOS="607"/>
<SP HEIGHT="51" WIDTH="26" VPOS="2738" HPOS="677"/>
<String CONTENT="1925;" HEIGHT="54" WIDTH="131" VPOS="2735" HPOS="704"/>
<SP HEIGHT="52" WIDTH="24" VPOS="2737" HPOS="836"/>
<String CONTENT="2c." HEIGHT="42" WIDTH="64" VPOS="2737" HPOS="861"/>
<SP HEIGHT="43" WIDTH="23" VPOS="2736" HPOS="926"/>
<String CONTENT="Aug." HEIGHT="53" WIDTH="121" VPOS="2736" HPOS="950"/>
<SP HEIGHT="43" WIDTH="24" VPOS="2737" HPOS="1072"/>
<String CONTENT="3;" HEIGHT="51" WIDTH="49" VPOS="2737" HPOS="1097"/>
<SP HEIGHT="38" WIDTH="27" VPOS="2750" HPOS="1147"/>
<String CONTENT="aff." HEIGHT="44" WIDTH="79" VPOS="2735" HPOS="1175"/>
<SP HEIGHT="43" WIDTH="24" VPOS="2735" HPOS="1255"/>
<String CONTENT="Aug." HEIGHT="53" WIDTH="121" VPOS="2735" HPOS="1280"/>
<SP HEIGHT="42" WIDTH="29" VPOS="2736" HPOS="1402"/>
<String CONTENT="1;" HEIGHT="51" WIDTH="46" VPOS="2736" HPOS="1432"/>
<SP HEIGHT="52" WIDTH="26" VPOS="2735" HPOS="1479"/>
<!-- cceid 336CA2CB-6DD5-1014-B757-AF09C522E301 --><String CONTENT="A" HEIGHT="43" WIDTH="45" VPOS="2735" HPOS="1506"/>
<SP HEIGHT="44" WIDTH="23" VPOS="2734" HPOS="1552"/>
<String CONTENT="861273;" HEIGHT="52" WIDTH="192" VPOS="2733" HPOS="1576"/>
<SP HEIGHT="50" WIDTH="25" VPOS="2735" HPOS="1769"/>
<String CONTENT="West" HEIGHT="45" WIDTH="133" VPOS="2735" HPOS="1795"/>
<SP HEIGHT="47" WIDTH="23" VPOS="2741" HPOS="1929"/>
<String CONTENT="pub." HEIGHT="53" WIDTH="102" VPOS="2735" HPOS="1953"/>
<SP HEIGHT="28" WIDTH="24" VPOS="2751" HPOS="2056"/>
<String CONTENT="co." HEIGHT="29" WIDTH="66" VPOS="2751" HPOS="2081"/>
</TextLine>
<TextLine HEIGHT="73" WIDTH="823" VPOS="2834" HPOS="389" STYLEREFS="StyleId-39A79419-A9A4-4400-BFB2-926DD1823D6D-">
<String CONTENT="Gillet," HEIGHT="71" WIDTH="206" VPOS="2836" HPOS="389"/>
<SP HEIGHT="70" WIDTH="40" VPOS="2837" HPOS="596"/>
<String CONTENT="Marie" HEIGHT="58" WIDTH="203" VPOS="2836" HPOS="637"/>
<SP HEIGHT="59" WIDTH="39" VPOS="2836" HPOS="841"/>
<String CONTENT="Stanislas." HEIGHT="61" WIDTH="331" VPOS="2834" HPOS="881"/>
</TextLine>
<TextLine HEIGHT="84" WIDTH="1859" VPOS="2923" HPOS="535" STYLEREFS="StyleId-2A918589-24EC-4487-9FE0-00072716AAC3-" CS="1">
<String CS="1" CONTENT="&#8230;"/>
<SP HEIGHT="58" WIDTH="47" VPOS="2937" HPOS="535"/>
<String CONTENT="La" HEIGHT="58" WIDTH="95" VPOS="2937" HPOS="583"/>
<SP HEIGHT="40" WIDTH="36" VPOS="2955" HPOS="679"/>
<String CONTENT="morale" HEIGHT="58" WIDTH="239" VPOS="2936" HPOS="716"/>
<SP HEIGHT="39" WIDTH="46" VPOS="2955" HPOS="956"/>
<String CONTENT="et" HEIGHT="56" WIDTH="63" VPOS="2938" HPOS="1003"/>
<SP HEIGHT="59" WIDTH="38" VPOS="2935" HPOS="1067"/>
<String CONTENT="les" HEIGHT="58" WIDTH="91" VPOS="2935" HPOS="1106"/>
<SP HEIGHT="39" WIDTH="41" VPOS="2954" HPOS="1198"/>
<String CONTENT="morales." HEIGHT="59" WIDTH="292" VPOS="2934" HPOS="1240"/>
<SP HEIGHT="58" WIDTH="84" VPOS="2934" HPOS="1533"/>
<String CONTENT="Paris," HEIGHT="73" WIDTH="207" VPOS="2934" HPOS="1618"/>
<SP HEIGHT="84" WIDTH="45" VPOS="2923" HPOS="1826"/>
<String CS="1" CONTENT="&#201;ditions" HEIGHT="60" WIDTH="234" VPOS="2935" HPOS="1932"/>
<SP HEIGHT="58" WIDTH="47" VPOS="2938" HPOS="2167"/>
<String LANG="de" CONTENT="de" HEIGHT="58" WIDTH="75" VPOS="2938" HPOS="2215"/>
<SP HEIGHT="57" WIDTH="44" VPOS="2938" HPOS="2291"/>
<String CONTENT="la" HEIGHT="57" WIDTH="58" VPOS="2938" HPOS="2336"/>
</TextLine>
<TextLine HEIGHT="74" WIDTH="829" VPOS="3012" HPOS="389" STYLEREFS="StyleId-2A918589-24EC-4487-9FE0-00072716AAC3-">
<String CONTENT="Revue" HEIGHT="58" WIDTH="213" VPOS="3014" HPOS="389"/>
<SP HEIGHT="59" WIDTH="23" VPOS="3013" HPOS="603"/>
<String LANG="de" CONTENT="des" HEIGHT="59" WIDTH="110" VPOS="3013" HPOS="627"/>
<SP HEIGHT="74" WIDTH="25" VPOS="3012" HPOS="738"/>
<String CONTENT="jeunes" HEIGHT="74" WIDTH="221" VPOS="3012" HPOS="764"/>
<SP HEIGHT="54" WIDTH="28" VPOS="3032" HPOS="986"/>
<String CONTENT="[" HEIGHT="44" WIDTH="13" VPOS="3042" HPOS="1015"/>
<String STYLE="superscript" CONTENT="c" HEIGHT="22" WIDTH="19" VPOS="3020" HPOS="1029"/>
<String CONTENT="1925]" HEIGHT="72" WIDTH="166" VPOS="3013" HPOS="1052"/>
</TextLine>
<TextLine HEIGHT="55" WIDTH="360" VPOS="3105" HPOS="465" CS="1">
<String CONTENT="302" HEIGHT="46" WIDTH="83" VPOS="3105" HPOS="465"/>
<SP HEIGHT="51" WIDTH="21" VPOS="3109" HPOS="549"/>
<String CONTENT="p." HEIGHT="41" WIDTH="42" VPOS="3119" HPOS="571"/>
<SP HEIGHT="43" WIDTH="60" VPOS="3107" HPOS="614"/>
<String CS="1" CONTENT="19&#189;" HEIGHT="46" WIDTH="52" VPOS="3105" HPOS="675"/>
<String STYLE="superscript" CONTENT="cm" HEIGHT="19" WIDTH="48" VPOS="3106" HPOS="761"/>
<String CONTENT="." HEIGHT="10" WIDTH="10" VPOS="3139" HPOS="815"/>
</TextLine>
<TextLine HEIGHT="51" WIDTH="771" VPOS="3173" HPOS="466">
<String CONTENT="At" HEIGHT="45" WIDTH="66" VPOS="3177" HPOS="466"/>
<SP HEIGHT="45" WIDTH="20" VPOS="3176" HPOS="533"/>
<String CONTENT="head" HEIGHT="46" WIDTH="118" VPOS="3176" HPOS="554"/>
<SP HEIGHT="45" WIDTH="20" VPOS="3177" HPOS="673"/>
<String CONTENT="of" HEIGHT="47" WIDTH="53" VPOS="3175" HPOS="694"/>
<SP HEIGHT="45" WIDTH="19" VPOS="3175" HPOS="748"/>
<String CONTENT="title:" HEIGHT="47" WIDTH="125" VPOS="3174" HPOS="768"/>
<SP HEIGHT="43" WIDTH="23" VPOS="3177" HPOS="894"/>
<String CONTENT="M.-S." HEIGHT="50" WIDTH="142" VPOS="3174" HPOS="918"/>
<SP HEIGHT="51" WIDTH="25" VPOS="3173" HPOS="1061"/>
<String CONTENT="Gillet." HEIGHT="47" WIDTH="150" VPOS="3173" HPOS="1087"/>
</TextLine>
<TextLine HEIGHT="57" WIDTH="1864" VPOS="3244" HPOS="390" CS="1">
<String CONTENT="&#169;" HEIGHT="54" WIDTH="54" VPOS="3247" HPOS="390"/>
<SP HEIGHT="54" WIDTH="30" VPOS="3247" HPOS="445"/>
<String CONTENT="Feb." HEIGHT="45" WIDTH="109" VPOS="3247" HPOS="476"/>
<SP HEIGHT="43" WIDTH="34" VPOS="3249" HPOS="586"/>
<String CONTENT="18," HEIGHT="50" WIDTH="64" VPOS="3249" HPOS="621"/>
<SP HEIGHT="51" WIDTH="34" VPOS="3248" HPOS="686"/>
<String CONTENT="1925;" HEIGHT="54" WIDTH="130" VPOS="3246" HPOS="721"/>
<SP HEIGHT="52" WIDTH="36" VPOS="3248" HPOS="852"/>
<String CS="1" CONTENT="1c."/>
<SP HEIGHT="42" WIDTH="33" VPOS="3248" HPOS="951"/>
<String CONTENT="Mar." HEIGHT="42" WIDTH="119" VPOS="3248" HPOS="985"/>
<SP HEIGHT="43" WIDTH="35" VPOS="3247" HPOS="1105"/>
<String CONTENT="17;" HEIGHT="54" WIDTH="74" VPOS="3245" HPOS="1141"/>
<SP HEIGHT="53" WIDTH="33" VPOS="3246" HPOS="1216"/>
<!-- cceid 336CFACC-6DD5-1014-B757-AF09C522E301 --><String CONTENT="A&#8212;Foreign" HEIGHT="55" WIDTH="305" VPOS="3244" HPOS="1250"/>
<SP HEIGHT="42" WIDTH="28" VPOS="3246" HPOS="1556"/>
<String CONTENT="27070;" HEIGHT="55" WIDTH="163" VPOS="3244" HPOS="1585"/>
<SP HEIGHT="53" WIDTH="35" VPOS="3246" HPOS="1749"/>
<String CONTENT="Revue" HEIGHT="45" WIDTH="157" VPOS="3246" HPOS="1785"/>
<SP HEIGHT="45" WIDTH="31" VPOS="3247" HPOS="1943"/>
<String LANG="de" CONTENT="des" HEIGHT="45" WIDTH="75" VPOS="3247" HPOS="1975"/>
<SP HEIGHT="54" WIDTH="31" VPOS="3247" HPOS="2051"/>
<String CONTENT="jeunes." HEIGHT="54" WIDTH="171" VPOS="3247" HPOS="2083"/>
</TextLine>
<TextLine HEIGHT="57" WIDTH="271" VPOS="3303" HPOS="470">
<String CONTENT="(25-16507)" HEIGHT="57" WIDTH="271" VPOS="3303" HPOS="470"/>
</TextLine>
</TextBlock>
<TextBlock ID="Page796_Block4" HEIGHT="498" WIDTH="2028" VPOS="3392" HPOS="378" LANG="en-US" CS="1" STYLEREFS="StyleId-2A918589-24EC-4487-9FE0-00072716AAC3-">
<TextLine HEIGHT="74" WIDTH="1002" VPOS="3402" HPOS="388" CS="1">
<String CONTENT="Gilmore," HEIGHT="73" WIDTH="290" VPOS="3403" HPOS="388"/>
<SP HEIGHT="71" WIDTH="43" VPOS="3405" HPOS="679"/>
<String CONTENT="Pascal" HEIGHT="60" WIDTH="227" VPOS="3402" HPOS="723"/>
<SP HEIGHT="58" WIDTH="38" VPOS="3402" HPOS="951"/>
<String CONTENT="Pearl," HEIGHT="74" WIDTH="204" VPOS="3402" HPOS="990"/>
<SP HEIGHT="71" WIDTH="41" VPOS="3405" HPOS="1195"/>
<String CS="1" CONTENT="1845&#8211;" HEIGHT="57" WIDTH="153" VPOS="3404" HPOS="1237"/>
</TextLine>
<TextLine HEIGHT="74" WIDTH="1929" VPOS="3496" HPOS="467">
<String CONTENT="Gilmore" HEIGHT="61" WIDTH="277" VPOS="3497" HPOS="467"/>
<SP HEIGHT="38" WIDTH="34" VPOS="3519" HPOS="745"/>
<String CONTENT="ancestry;" HEIGHT="65" WIDTH="325" VPOS="3504" HPOS="780"/>
<SP HEIGHT="51" WIDTH="36" VPOS="3518" HPOS="1106"/>
<String CONTENT="or," HEIGHT="53" WIDTH="86" VPOS="3517" HPOS="1143"/>
<SP HEIGHT="73" WIDTH="40" VPOS="3497" HPOS="1230"/>
<String CONTENT="The" HEIGHT="58" WIDTH="131" VPOS="3497" HPOS="1271"/>
<SP HEIGHT="57" WIDTH="32" VPOS="3499" HPOS="1403"/>
<String CONTENT="direct" HEIGHT="60" WIDTH="200" VPOS="3496" HPOS="1436"/>
<SP HEIGHT="56" WIDTH="33" VPOS="3498" HPOS="1637"/>
<String CONTENT="line" HEIGHT="58" WIDTH="126" VPOS="3496" HPOS="1671"/>
<SP HEIGHT="40" WIDTH="36" VPOS="3516" HPOS="1798"/>
<String CONTENT="of" HEIGHT="57" WIDTH="70" VPOS="3499" HPOS="1835"/>
<SP HEIGHT="57" WIDTH="33" VPOS="3499" HPOS="1906"/>
<String CONTENT="descent" HEIGHT="57" WIDTH="252" VPOS="3499" HPOS="1940"/>
<SP HEIGHT="56" WIDTH="34" VPOS="3500" HPOS="2193"/>
<String CONTENT="from" HEIGHT="56" WIDTH="168" VPOS="3500" HPOS="2228"/>
</TextLine>
<TextLine HEIGHT="76" WIDTH="2005" VPOS="3573" HPOS="388">
<String CONTENT="John" HEIGHT="60" WIDTH="172" VPOS="3577" HPOS="388"/>
<SP HEIGHT="60" WIDTH="34" VPOS="3575" HPOS="561"/>
<String CONTENT="Gilmore," HEIGHT="74" WIDTH="294" VPOS="3575" HPOS="596"/>
<SP HEIGHT="68" WIDTH="35" VPOS="3581" HPOS="891"/>
<String CONTENT="the" HEIGHT="58" WIDTH="105" VPOS="3577" HPOS="927"/>
<SP HEIGHT="61" WIDTH="35" VPOS="3574" HPOS="1033"/>
<String CONTENT="Massachusetts" HEIGHT="59" WIDTH="501" VPOS="3574" HPOS="1069"/>
<SP HEIGHT="60" WIDTH="32" VPOS="3573" HPOS="1571"/>
<String CONTENT="immigrant" HEIGHT="75" WIDTH="366" VPOS="3573" HPOS="1604"/>
<SP HEIGHT="54" WIDTH="36" VPOS="3580" HPOS="1971"/>
<String CONTENT="ancestor" HEIGHT="54" WIDTH="287" VPOS="3581" HPOS="2008"/>
<SP HEIGHT="54" WIDTH="34" VPOS="3583" HPOS="2296"/>
<String CONTENT="to" HEIGHT="54" WIDTH="62" VPOS="3583" HPOS="2331"/>
</TextLine>
<TextLine HEIGHT="74" WIDTH="2005" VPOS="3652" HPOS="389">
<String CONTENT="Pascal" HEIGHT="57" WIDTH="229" VPOS="3656" HPOS="389"/>
<SP HEIGHT="59" WIDTH="41" VPOS="3653" HPOS="619"/>
<String CONTENT="Pearl" HEIGHT="59" WIDTH="190" VPOS="3653" HPOS="661"/>
<SP HEIGHT="59" WIDTH="44" VPOS="3654" HPOS="852"/>
<String CONTENT="Gilmore" HEIGHT="59" WIDTH="277" VPOS="3654" HPOS="897"/>
<SP HEIGHT="39" WIDTH="45" VPOS="3674" HPOS="1175"/>
<String CONTENT="and" HEIGHT="58" WIDTH="126" VPOS="3655" HPOS="1221"/>
<SP HEIGHT="58" WIDTH="39" VPOS="3654" HPOS="1348"/>
<String CONTENT="his" HEIGHT="59" WIDTH="101" VPOS="3652" HPOS="1388"/>
<SP HEIGHT="52" WIDTH="44" VPOS="3673" HPOS="1490"/>
<String CONTENT="grandchildren" HEIGHT="72" WIDTH="489" VPOS="3653" HPOS="1535"/>
<SP HEIGHT="40" WIDTH="46" VPOS="3673" HPOS="2025"/>
<String CONTENT="etc.;" HEIGHT="68" WIDTH="141" VPOS="3658" HPOS="2072"/>
<SP HEIGHT="52" WIDTH="47" VPOS="3674" HPOS="2214"/>
<String CONTENT="also" HEIGHT="58" WIDTH="132" VPOS="3656" HPOS="2262"/>
</TextLine>
<TextLine HEIGHT="75" WIDTH="2006" VPOS="3730" HPOS="390">
<String CONTENT="the" HEIGHT="58" WIDTH="104" VPOS="3736" HPOS="390"/>
<SP HEIGHT="38" WIDTH="25" VPOS="3755" HPOS="495"/>
<String CONTENT="same" HEIGHT="40" WIDTH="169" VPOS="3753" HPOS="521"/>
<SP HEIGHT="59" WIDTH="22" VPOS="3733" HPOS="691"/>
<String CONTENT="in" HEIGHT="58" WIDTH="67" VPOS="3733" HPOS="714"/>
<SP HEIGHT="55" WIDTH="23" VPOS="3735" HPOS="782"/>
<String CONTENT="the" HEIGHT="58" WIDTH="105" VPOS="3733" HPOS="806"/>
<SP HEIGHT="40" WIDTH="25" VPOS="3751" HPOS="912"/>
<String CONTENT="corresponding" HEIGHT="75" WIDTH="498" VPOS="3730" HPOS="938"/>
<SP HEIGHT="71" WIDTH="23" VPOS="3732" HPOS="1437"/>
<String CONTENT="lines" HEIGHT="58" WIDTH="158" VPOS="3731" HPOS="1461"/>
<SP HEIGHT="40" WIDTH="28" VPOS="3749" HPOS="1620"/>
<String CONTENT="of" HEIGHT="57" WIDTH="68" VPOS="3732" HPOS="1649"/>
<SP HEIGHT="58" WIDTH="22" VPOS="3731" HPOS="1718"/>
<String CONTENT="Pearl," HEIGHT="71" WIDTH="206" VPOS="3731" HPOS="1741"/>
<SP HEIGHT="71" WIDTH="30" VPOS="3731" HPOS="1948"/>
<String CONTENT="Coombs" HEIGHT="60" WIDTH="265" VPOS="3731" HPOS="1979"/>
<SP HEIGHT="40" WIDTH="26" VPOS="3753" HPOS="2245"/>
<String CONTENT="and" HEIGHT="58" WIDTH="124" VPOS="3735" HPOS="2272"/>
</TextLine>
<TextLine HEIGHT="80" WIDTH="1999" VPOS="3807" HPOS="393" CS="1">
<String CONTENT="Spofford." HEIGHT="76" WIDTH="320" VPOS="3811" HPOS="393"/>
<SP HEIGHT="40" WIDTH="71" VPOS="3842" HPOS="714"/>
<String CONTENT="[Bucksport," HEIGHT="72" WIDTH="390" VPOS="3811" HPOS="786"/>
<SP HEIGHT="74" WIDTH="29" VPOS="3809" HPOS="1177"/>
<String CONTENT="Me.," HEIGHT="70" WIDTH="140" VPOS="3809" HPOS="1207"/>
<SP HEIGHT="70" WIDTH="25" VPOS="3809" HPOS="1348"/>
<String CONTENT="Bucksport" HEIGHT="74" WIDTH="357" VPOS="3807" HPOS="1374"/>
<SP HEIGHT="69" WIDTH="25" VPOS="3812" HPOS="1732"/>
<String CONTENT="printing" HEIGHT="75" WIDTH="288" VPOS="3807" HPOS="1758"/>
<SP HEIGHT="53" WIDTH="24" VPOS="3829" HPOS="2047"/>
<String CONTENT="co.," HEIGHT="52" WIDTH="107" VPOS="3830" HPOS="2072"/>
<SP HEIGHT="71" WIDTH="23" VPOS="3811" HPOS="2180"/>
<String CS="1" CONTENT="c1925]" HEIGHT="73" WIDTH="126" VPOS="3811" HPOS="2266"/>
</TextLine>
</TextBlock>
<TextBlock ID="Page796_Block5" HEIGHT="232" WIDTH="2016" VPOS="3888" HPOS="376" LANG="en-US" CS="1" STYLEREFS="StyleId-1DE64FC4-EAA5-4F69-9824-B67651B9D7BB-">
<Shape>
<Polygon POINTS="376,3888 2392,3888 2392,4110 1340,4110 1340,4120 376,4120 376,3888"/>
</Shape>
<TextLine HEIGHT="53" WIDTH="352" VPOS="3890" HPOS="476" CS="1">
<String CS="1" CONTENT="[25]" HEIGHT="49" WIDTH="67" VPOS="3891" HPOS="476"/>
<SP HEIGHT="37" WIDTH="30" VPOS="3906" HPOS="544"/>
<String CONTENT="p." HEIGHT="37" WIDTH="41" VPOS="3906" HPOS="575"/>
<SP HEIGHT="43" WIDTH="59" VPOS="3891" HPOS="617"/>
<String CS="1" CONTENT="20&#189;" HEIGHT="45" WIDTH="55" VPOS="3890" HPOS="677"/>
<String STYLE="superscript" CONTENT="cm" HEIGHT="19" WIDTH="48" VPOS="3891" HPOS="764"/>
<String CONTENT="." HEIGHT="8" WIDTH="9" VPOS="3925" HPOS="819"/>
</TextLine>
<TextLine HEIGHT="54" WIDTH="930" VPOS="3944" HPOS="463">
<String CONTENT="Preface" HEIGHT="44" WIDTH="195" VPOS="3949" HPOS="463"/>
<SP HEIGHT="28" WIDTH="23" VPOS="3964" HPOS="659"/>
<String CONTENT="signed:" HEIGHT="53" WIDTH="188" VPOS="3945" HPOS="683"/>
<SP HEIGHT="44" WIDTH="29" VPOS="3946" HPOS="872"/>
<String CONTENT="Pascal" HEIGHT="45" WIDTH="161" VPOS="3946" HPOS="902"/>
<SP HEIGHT="44" WIDTH="27" VPOS="3947" HPOS="1064"/>
<String CONTENT="P." HEIGHT="42" WIDTH="51" VPOS="3947" HPOS="1092"/>
<SP HEIGHT="46" WIDTH="28" VPOS="3944" HPOS="1144"/>
<String CONTENT="Gilmore." HEIGHT="46" WIDTH="220" VPOS="3944" HPOS="1173"/>
</TextLine>
<TextLine HEIGHT="118" WIDTH="1981" VPOS="3995" HPOS="392" CS="1">
<String CONTENT="&#169;" HEIGHT="54" WIDTH="54" VPOS="4001" HPOS="392"/>
<SP HEIGHT="55" WIDTH="24" VPOS="4001" HPOS="447"/>
<String CONTENT="July" HEIGHT="54" WIDTH="106" VPOS="4002" HPOS="472"/>
<SP HEIGHT="52" WIDTH="26" VPOS="4003" HPOS="579"/>
<String CONTENT="17," HEIGHT="51" WIDTH="62" VPOS="4000" HPOS="606"/>
<SP HEIGHT="49" WIDTH="28" VPOS="4002" HPOS="669"/>
<String CONTENT="1925;" HEIGHT="52" WIDTH="131" VPOS="3999" HPOS="698"/>
<SP HEIGHT="50" WIDTH="22" VPOS="4001" HPOS="830"/>
<String CONTENT="2c." HEIGHT="43" WIDTH="66" VPOS="4001" HPOS="853"/>
<SP HEIGHT="52" WIDTH="26" VPOS="4000" HPOS="920"/>
<String CONTENT="July" HEIGHT="52" WIDTH="106" VPOS="4000" HPOS="947"/>
<SP HEIGHT="51" WIDTH="22" VPOS="4000" HPOS="1054"/>
<String CONTENT="21;" HEIGHT="52" WIDTH="79" VPOS="4000" HPOS="1077"/>
<SP HEIGHT="37" WIDTH="26" VPOS="4015" HPOS="1157"/>
<String CONTENT="aff." HEIGHT="43" WIDTH="79" VPOS="4000" HPOS="1184"/>
<SP HEIGHT="52" WIDTH="24" VPOS="4000" HPOS="1264"/>
<String CONTENT="July" HEIGHT="54" WIDTH="108" VPOS="3998" HPOS="1289"/>
<SP HEIGHT="53" WIDTH="22" VPOS="3998" HPOS="1398"/>
<String CONTENT="20;" HEIGHT="53" WIDTH="79" VPOS="3997" HPOS="1421"/>
<SP HEIGHT="53" WIDTH="28" VPOS="3997" HPOS="1501"/>
<!-- cceid 336D5D90-6DD5-1014-B757-AF09C522E301 --><String CONTENT="A" HEIGHT="43" WIDTH="41" VPOS="3997" HPOS="1530"/>
<SP HEIGHT="43" WIDTH="27" VPOS="3997" HPOS="1572"/>
<String CONTENT="855950;" HEIGHT="55" WIDTH="189" VPOS="3995" HPOS="1600"/>
<SP HEIGHT="52" WIDTH="29" VPOS="3998" HPOS="1790"/>
<String CONTENT="P." HEIGHT="43" WIDTH="50" VPOS="3998" HPOS="1820"/>
<SP HEIGHT="43" WIDTH="27" VPOS="3998" HPOS="1871"/>
<String CONTENT="P." HEIGHT="43" WIDTH="51" VPOS="3998" HPOS="1899"/>
<SP HEIGHT="45" WIDTH="28" VPOS="3997" HPOS="1951"/>
<String CONTENT="Gilmore," HEIGHT="54" WIDTH="215" VPOS="3997" HPOS="1980"/>
<SP HEIGHT="52" WIDTH="26" VPOS="3999" HPOS="2196"/>
<String CONTENT="Bucksport," HEIGHT="114" WIDTH="1911" VPOS="3999" HPOS="462"/>
</TextLine>
<TextLine HEIGHT="57" WIDTH="435" VPOS="4056" HPOS="611">
<String CONTENT="Me." HEIGHT="42" WIDTH="93" VPOS="4060" HPOS="611"/>
<SP HEIGHT="55" WIDTH="67" VPOS="4058" HPOS="705"/>
<String CONTENT="(25-15466)" HEIGHT="57" WIDTH="273" VPOS="4056" HPOS="773"/>
</TextLine>
</TextBlock>
</PrintSpace>
</Page>
</Layout>
</alto>