2533 4412
1312 4093 114 57 384

380 417 293 73 Venable,
711 417 244 59 Clarke.

458 508 285 72 Fleetfin,
783 527 80 38 an
897 508 156 72 idyll
1090 509 68 57 of
1193 532 36 37 a
1265 509 161 59 little
1465 510 189 72 river,
1690 512 84 70 by
1812 510 225 59 Clarke
2074 512 277 58 Venable;

380 584 149 59 with
554 608 36 37 a
615 586 338 72 prefatory
976 591 144 54 note
1145 590 83 70 by
1254 588 224 71 Henry
1502 606 125 39 van
1653 589 195 71 Dyke.
1934 588 290 75 Chicago,
2256 591 129 57 The

379 664 207 72 Reilly
611 666 47 56 &
682 665 123 58 Lee
834 685 88 38 co.
954 695 13 44 [
969 673 19 22 c
992 666 166 73 1925]

447 742 677 54 6 p. l., 66 p. illus. 21 cm .
380 798 53 53 ©
463 800 119 42 Mar.
617 800 63 51 19,
712 798 130 55 1925;
873 801 65 42 2c.
969 800 113 52 Apr.
1117 801 44 50 1;
1193 801 79 42 aff.
1307 801 119 43 Mar.
1456 801 77 52 30;
1565 802 43 42 A
1639 800 191 54 822716;
1863 801 149 53 Reilly
2044 802 37 44 &
2111 802 91 43 Lee
2230 817 66 28 co.

459 854 244 57 (25-8194)

376 942 244 73 Waldo,
662 943 282 58 Howard
980 943 297 74 Lansing,
1319 947 191 56 1852-

455 1037 136 58 God
634 1037 53 59 is
734 1037 258 74 writing
1034 1059 35 37 a
1114 1037 160 58 book
1321 1039 111 73 [by]
1482 1037 282 59 Howard
1807 1039 68 56 L.
1919 1038 246 72 Waldo,
2271 1083 11 11 M.
2370 1082 12 12 D.

378 1116 458 72 Philadelphia,
869 1116 323 58 Dorrance
1224 1117 48 56 &
1303 1135 308 54 company
1646 1146 13 43 [
1660 1123 18 22 c
1683 1116 166 72 1925]

445 1193 1044 54 7 p. l., 13-193 p. front., plates. 19½ cm .
452 1251 388 53 Bibliographical
873 1251 272 45 foot-notes.

377 1306 53 53 ©
461 1308 119 42 Mar.
611 1305 37 53 5,
681 1305 130 54 1925;
840 1307 65 43 2c.
935 1307 113 51 Apr.
1082 1307 46 50 1;
1161 1306 78 43 aff.
1269 1306 112 51 Apr.
1414 1304 49 53 7;
1497 1306 43 42 A
1570 1305 191 54 823636;
1794 1307 237 43 Dorrance
2061 1307 37 44 &
2127 1322 80 38 co.,
2238 1308 83 44 inc.

457 1362 243 57 (25-8228)

377 1450 295 72 Wallace,
710 1449 50 58 L
1073 1449 87 58 M.

457 1541 1921 76 The lure of the West, by L. M. Wallace … Chicago,
376 1622 60 58 J.
470 1622 79 56 H.
586 1620 202 58 Meier
861 1621 164 73 [c1924]

443 1696 668 55 288 p. front., pl. 19½ cm .
376 1752 1858 56 © Oct. 20, 1924; 2c. and aff. Nov. 17; A 807845; Joseph H . Meier.
456 1812 271 55 (24-28964)

373 1898 235 71 Weese,
644 1897 134 57 Asa
815 1895 206 70 Orrin,
1058 1898 192 57 1885-

450 1989 255 58 Animal
738 1988 257 73 ecology
1028 1987 67 59 of
1127 2006 80 38 an
1239 1985 243 60 Illinois
1521 1986 352 73 elm-maple
1907 1987 221 76 forest,
2164 1989 149 60 with
2351 1992 29 57 7

373 2070 203 71 plates
609 2069 125 56 and
763 2068 71 56 15
865 2067 221 70 tables,
1116 2066 82 72 by
1227 2066 133 57 Asa
1393 2064 192 59 Orrin
1613 2065 240 59 Weese.
1939 2066 295 74 [Urbana,
2265 2069 116 71 Ill.,

393 2149 164 74 c1925]

443 2226 53 44 93
539 2240 39 38 p.
625 2225 100 43 incl.
770 2223 156 44 tables.
1001 2220 26 46 7
1069 2222 144 53 diagr.
1288 2219 55 45 27½
1377 2223 48 18 cm
1431 2255 9 9 .
1523 2220 191 54 (Added
1758 2227 119 48 t.-p.:
1929 2219 172 47 Illinois
2146 2219 238 57 biological

374 2281 318 54 monographs,
718 2281 88 44 vol.
895 2315 9 17 IX,
930 2295 73 28 no.
1030 2279 52 54 4)

442 2339 100 44 The
569 2338 229 53 diagrams
827 2352 76 29 are
929 2336 247 45 numbered
1202 2352 49 28 as
1279 2336 156 53 plates.

444 2395 370 46 “Contributions
839 2393 122 46 from
984 2394 77 44 the
1083 2392 262 54 Zoological
1370 2392 264 54 laboratory
1655 2392 52 45 of
1729 2392 75 45 the
1827 2392 268 55 University
2118 2394 51 45 of
2193 2393 189 53 Illinois,

370 2470 70 28 no.
473 2451 122 46 250.”

443 2508 354 55 Bibliography:
827 2524 40 38 p.
896 2505 151 47 66-70.

372 2568 53 54 ©
456 2568 108 44 Feb.
597 2567 39 53 7,
669 2565 130 54 1925;
832 2567 64 43 2c.
929 2566 87 43 and
1046 2566 78 42 aff.
1158 2566 120 42 Mar.
1311 2565 49 51 9;
1396 2565 43 42 A
1471 2561 190 55 823358;
1696 2564 136 44 Univ.
1865 2564 53 44 of
1948 2564 191 53 Illinois,
2171 2564 201 52 Urbana,

445 2627 70 43 Ill.
585 2623 244 57 (25-8145)

372 2708 228 72 White,
641 2708 278 58 Edward
954 2705 326 59 Franklin.

517 2796 1860 76 … Louisiana digest annotated, in which are digested
371 2882 203 56 under
600 2879 104 58 the
734 2877 343 58 Louisiana
1106 2876 406 72 key-number
1546 2878 252 69 system,
1834 2875 85 56 all
1948 2894 173 38 cases
2151 2875 70 57 in
371 2876 1980 139 volumes

594 2957 109 56 141
750 2960 62 54 to
862 2956 109 56 153
1019 2953 343 58 Louisiana
1410 2956 250 68 reports
1710 2954 124 56 and
1878 2954 104 56 the
2030 2952 342 59 Louisiana

373 3036 310 58 decisions
716 3034 68 56 in
812 3033 284 57 volumes
1127 3034 74 56 74
1231 3035 63 53 to
1330 3033 72 55 97
1438 3030 316 58 Southern
1787 3033 294 69 reporter
2112 3033 124 56 and
2269 3032 103 57 the

373 3113 308 58 decisions
721 3112 66 57 of
821 3112 104 57 the
966 3109 195 59 Court
1200 3108 66 58 of
1303 3109 228 71 appeal
1569 3108 165 58 since
1773 3110 166 71 1917,
1977 3110 85 72 by
2096 3109 278 58 Edward

372 3186 1998 75 F. White. V. 8 … [Supplement] Indianapolis, The
371 3268 488 59 Bobbs-Merrill
891 3285 309 52 company
1235 3296 12 42 [
1250 3273 18 22 c
1272 3266 164 73 1924]

441 3348 56 49 iv,
531 3345 106 44 1040
662 3360 41 38 p,
763 3344 56 43 26½
852 3347 47 18 cm
906 3379 7 7 .

371 3403 53 53 ©
453 3404 118 42 Mar.
597 3402 69 52 26,
696 3401 131 51 1924;
857 3401 65 42 2c.
951 3400 113 51 Apr.
1092 3396 66 54 25,
1191 3396 129 54 1925;
1353 3397 78 43 aff.
1461 3398 112 51 Apr.
1601 3397 79 51 24;
1712 3398 43 42 A
1785 3395 164 46 829073;
2009 3398 360 45 Bobbs-Merrill

441 3475 65 29 co.

367 3543 331 71 Williams,
736 3542 214 58 James
987 3538 248 72 Mickel,
1273 3540 189 58 1876-

449 3638 128 58 Our
614 3636 175 57 rural
819 3633 318 73 heritage;
1173 3633 104 57 the
1316 3631 191 58 social
1540 3629 386 75 psychology
1960 3632 67 58 of
2061 3633 175 57 rural
370 3633 1975 156 development,

791 3707 1577 78 by James Mickel Williams … New York,
374 3797 69 56 A.
475 3795 72 62 A
579 3792 244 72 Knopf,
855 3791 167 57 1925.

441 3873 108 52 xvii,
581 3872 83 45 246
693 3887 40 37 p.
792 3868 53 47 25
853 3872 48 18 cm
906 3906 10 6 .

442 3929 202 46 “Notes”
671 3928 112 45 with
811 3924 288 53 bibliography
1147 3940 9 27 :
1187 3941 39 35 p.
1255 3920 207 48 237-244.

370 3988 53 53 ©
448 3987 94 45 Feb
579 3986 68 47 20,
677 3982 129 53 1925;
835 3983 63 42 2c.
928 3982 119 42 Mar.
1076 3980 77 51 31;
1182 3979 79 43 aff.
1289 3979 112 51 Apr.
1433 3978 47 51 1;
1510 3977 43 42 A
1579 3976 189 54 822722;
1798 3978 167 44 Alfred
1994 3980 71 43 A.·
2080 3980 173 53 Knopf,
2281 3981 83 45 inc.

449 4040 243 60 (25-7905)
