<alto xmlns="http://www.loc.gov/standards/alto/ns-v3#" xmlns:xlink="http://www.w3.org/1999/xlink" xmlns:xsi="http://www.w3.org/2001/XMLSchema-instance" xsi:schemaLocation="http://www.loc.gov/standards/alto/ns-v3# http://www.loc.gov/alto/v3/alto-3-0.xsd"><Description>
<MeasurementUnit>pixel</MeasurementUnit>
<sourceImageInformation>
<fileName>1925_v22_Part001.pdf</fileName>
</sourceImageInformation>
<OCRProcessing ID="IdOcr">
<ocrProcessingStep>
<processingDateTime>2019-04-03</processingDateTime>
<processingSoftware>
<softwareCreator>ABBYY</softwareCreator>
<softwareName>ABBYY Recognition Server</softwareName>
<softwareVersion>4.0</softwareVersion>
</processingSoftware>
</ocrProcessingStep>
</OCRProcessing>
</Description>
<Styles>
<ParagraphStyle ID="StyleId-FFFFFFFF-FFFF-FFFF-FFFF-FFFFFFFFFFFF-" ALIGN="Left" LEFT="0." RIGHT="0." FIRSTLINE="0."/>
<ParagraphStyle ID="StyleId-2E5B4E57-07AD-4719-97CB-14521F7F4F8A-" ALIGN="Left" LEFT="0." RIGHT="0." FIRSTLINE="0." LINESPACE="8.899999619"/>
<ParagraphStyle ID="StyleId-62A6F688-D6E3-4EFC-837B-4A4C4EB582B7-" ALIGN="Center" LEFT="0." RIGHT="0." FIRSTLINE="0." LINESPACE="12.19999981"/>
<ParagraphStyle ID="StyleId-21B71EBC-BDB5-4E16-A8F2-58189A39665B-" ALIGN="Block" LEFT="0." RIGHT="0." FIRSTLINE="-13." LINESPACE="11.35000038"/>
<ParagraphStyle ID="StyleId-1E1A68C4-DD4F-417A-A13D-7FEC29ECB499-" ALIGN="Block" LEFT="0." RIGHT="0." FIRSTLINE="-15." LINESPACE="13.30000019"/>
<ParagraphStyle ID="StyleId-6B39EC51-644D-4E90-AF07-84EF2B1E466A-" ALIGN="Block" LEFT="0." RIGHT="0." FIRSTLINE="-15." LINESPACE="8.340000153"/>
<ParagraphStyle ID="StyleId-2C1BA15F-E223-41D6-853D-AAFBDAC17E68-" ALIGN="Center" LEFT="0." RIGHT="0." FIRSTLINE="0." LINESPACE="13."/>
<ParagraphStyle ID="StyleId-A3B2CDF3-43F0-422C-90A0-E074BFEC3BC0-" ALIGN="Block" LEFT="0." RIGHT="0." FIRSTLINE="0." LINESPACE="8.899999619"/>
<ParagraphStyle ID="StyleId-28AB2493-EA15-49C1-A6AC-ED5BC404F0B9-" ALIGN="Center" LEFT="0." RIGHT="0." FIRSTLINE="0." LINESPACE="12.19999981"/>
<ParagraphStyle ID="StyleId-4417A6D4-97E2-4EFC-962D-7FBC0D5273E4-" ALIGN="Left" LEFT="0." RIGHT="0." FIRSTLINE="15." LINESPACE="8.340000153"/>
<ParagraphStyle ID="StyleId-D4EF9C5E-3110-4A39-B7BC-3D84E0F04894-" ALIGN="Center" LEFT="0." RIGHT="0." FIRSTLINE="0." LINESPACE="13.30000019"/>
<ParagraphStyle ID="StyleId-D1243F31-1201-4D92-8F69-43ADB01E9AD1-" ALIGN="Left" LEFT="0." RIGHT="0." FIRSTLINE="-13." LINESPACE="13.30000019"/>
<ParagraphStyle ID="StyleId-C65417C6-23F2-4D8F-BA55-ECE73D98CAB9-" ALIGN="Left" LEFT="0." RIGHT="0." FIRSTLINE="0." LINESPACE="8.899999619"/>
<ParagraphStyle ID="StyleId-835763C1-08DD-41BE-8BAD-8E41EA88DAE3-" ALIGN="Center" LEFT="0." RIGHT="0." FIRSTLINE="0." LINESPACE="11.10000038"/>
<ParagraphStyle ID="StyleId-78FD6B81-8F83-422D-8DF4-4274EAFD19C6-" ALIGN="Block" LEFT="0." RIGHT="0." FIRSTLINE="-17." LINESPACE="12.19999981"/>
<ParagraphStyle ID="StyleId-F506BC7F-570D-458B-9F05-A143E1F5FD17-" ALIGN="Block" LEFT="0." RIGHT="0." FIRSTLINE="-17." LINESPACE="11.35000038"/>
<ParagraphStyle ID="StyleId-CBE02C6B-22D0-48C6-A874-7E90A22F4375-" ALIGN="Center" LEFT="0." RIGHT="0." FIRSTLINE="0." LINESPACE="4.400000095"/>
<ParagraphStyle ID="StyleId-14CC0121-63AF-4AB4-9656-E02F46C61AF2-" ALIGN="Left" LEFT="0." RIGHT="0." FIRSTLINE="0." LINESPACE="8.899999619"/>
<ParagraphStyle ID="StyleId-DD64CECB-1B22-4BFF-84F0-DFDE2B0000F8-" ALIGN="Left" LEFT="0." RIGHT="0." FIRSTLINE="0." LINESPACE="12.19999981"/>
<ParagraphStyle ID="StyleId-8AEF4AA8-141A-4E5D-9C3E-C0F9F43C742F-" ALIGN="Left" LEFT="0." RIGHT="0." FIRSTLINE="0." LINESPACE="8.300000191"/>
<ParagraphStyle ID="StyleId-8C396D2A-39C0-48AB-BABA-2679D8AB257E-" ALIGN="Left" LEFT="0." RIGHT="0." FIRSTLINE="0." LINESPACE="11.10000038"/>
<ParagraphStyle ID="StyleId-3B7FE50F-10D4-487F-BDCD-FD26EB60FD4A-" ALIGN="Block" LEFT="0." RIGHT="0." FIRSTLINE="13." LINESPACE="8.340000153"/>
<ParagraphStyle ID="StyleId-8CC5CC8E-615B-4C42-BB46-DB28FA355C27-" ALIGN="Left" LEFT="0." RIGHT="0." FIRSTLINE="0." LINESPACE="12.19999981"/>
<ParagraphStyle ID="StyleId-BC67E79D-8D99-4188-8B35-A59DBB7E2BB0-" ALIGN="Block" LEFT="0." RIGHT="0." FIRSTLINE="11." LINESPACE="9.399999619"/>
</Styles>
<Layout>
<Page ID="Page1138" PHYSICAL_IMG_NR="1138" HEIGHT="4412" WIDTH="2533">
<TopMargin HEIGHT="392" WIDTH="2533" VPOS="0" HPOS="0">
</TopMargin>
<LeftMargin HEIGHT="3670" WIDTH="328" VPOS="392" HPOS="0">
</LeftMargin>
<RightMargin HEIGHT="3670" WIDTH="163" VPOS="392" HPOS="2370">
</RightMargin>
<BottomMargin HEIGHT="350" WIDTH="2533" VPOS="4062" HPOS="0">
</BottomMargin>
<PrintSpace HEIGHT="3670" WIDTH="2042" VPOS="392" HPOS="328">
<TextBlock ID="Page1138_Block1" HEIGHT="3670" WIDTH="2042" VPOS="392" HPOS="328" LANG="en-US" CS="1" STYLEREFS="StyleId-97205433-906B-40CE-BE2F-53DA07611DF4-">
<TextLine HEIGHT="0" WIDTH="0" VPOS="0" HPOS="0" STYLEREFS="StyleId-AE6AB257-E77C-4643-9BBE-B7106E2250AC-" CS="1">
<String CS="1" CONTENT="1138"/>
</TextLine>
<TextLine HEIGHT="76" WIDTH="1040" VPOS="403" HPOS="345" STYLEREFS="StyleId-AE6AB257-E77C-4643-9BBE-B7106E2250AC-" CS="1">
<String LANG="la" CONTENT="Lincoln," HEIGHT="74" WIDTH="278" VPOS="403" HPOS="345"/>
<SP HEIGHT="72" WIDTH="36" VPOS="405" HPOS="624"/>
<String LANG="de" CONTENT="Joseph" HEIGHT="73" WIDTH="241" VPOS="405" HPOS="661"/>
<SP HEIGHT="58" WIDTH="35" VPOS="405" HPOS="903"/>
<String LANG="en-US" CONTENT="Crosby," HEIGHT="74" WIDTH="257" VPOS="405" HPOS="939"/>
<SP HEIGHT="69" WIDTH="38" VPOS="409" HPOS="1197"/>
<String LANG="en-US" CS="1" CONTENT="1870&#8211;" HEIGHT="57" WIDTH="149" VPOS="409" HPOS="1236"/>
</TextLine>
<TextLine HEIGHT="76" WIDTH="1934" VPOS="495" HPOS="424" STYLEREFS="StyleId-6A6D24FA-A85E-46E7-B910-B6FE6168C8C6-" CS="1">
<String CONTENT="Queer" HEIGHT="73" WIDTH="208" VPOS="495" HPOS="424"/>
<SP HEIGHT="58" WIDTH="37" VPOS="496" HPOS="633"/>
<String CONTENT="Judson," HEIGHT="72" WIDTH="268" VPOS="496" HPOS="671"/>
<SP HEIGHT="72" WIDTH="42" VPOS="496" HPOS="940"/>
<String CONTENT="by" HEIGHT="72" WIDTH="84" VPOS="496" HPOS="983"/>
<SP HEIGHT="71" WIDTH="37" VPOS="497" HPOS="1068"/>
<String CONTENT="Joseph" HEIGHT="71" WIDTH="244" VPOS="497" HPOS="1106"/>
<SP HEIGHT="61" WIDTH="42" VPOS="495" HPOS="1351"/>
<String CONTENT="C." HEIGHT="61" WIDTH="65" VPOS="495" HPOS="1394"/>
<SP HEIGHT="56" WIDTH="42" VPOS="497" HPOS="1460"/>
<String CONTENT="Lincoln" HEIGHT="58" WIDTH="261" VPOS="496" HPOS="1503"/>
<SP HEIGHT="38" WIDTH="46" VPOS="517" HPOS="1765"/>
<String CS="1" CONTENT="&#8230;"/>
<SP HEIGHT="57" WIDTH="99" VPOS="498" HPOS="1875"/>
<String CONTENT="New" HEIGHT="58" WIDTH="154" VPOS="498" HPOS="1975"/>
<SP HEIGHT="57" WIDTH="35" VPOS="499" HPOS="2130"/>
<String CONTENT="York," HEIGHT="72" WIDTH="192" VPOS="499" HPOS="2166"/>
</TextLine>
<TextLine HEIGHT="72" WIDTH="1435" VPOS="576" HPOS="342" STYLEREFS="StyleId-6A6D24FA-A85E-46E7-B910-B6FE6168C8C6-">
<String CONTENT="London," HEIGHT="70" WIDTH="280" VPOS="576" HPOS="342"/>
<SP HEIGHT="70" WIDTH="25" VPOS="576" HPOS="623"/>
<String CONTENT="D." HEIGHT="59" WIDTH="74" VPOS="576" HPOS="649"/>
<SP HEIGHT="58" WIDTH="28" VPOS="577" HPOS="724"/>
<String CONTENT="Appleton" HEIGHT="72" WIDTH="321" VPOS="576" HPOS="753"/>
<SP HEIGHT="38" WIDTH="27" VPOS="598" HPOS="1075"/>
<String CONTENT="and" HEIGHT="58" WIDTH="126" VPOS="579" HPOS="1103"/>
<SP HEIGHT="58" WIDTH="25" VPOS="579" HPOS="1230"/>
<String CONTENT="company," HEIGHT="52" WIDTH="323" VPOS="596" HPOS="1256"/>
<SP HEIGHT="67" WIDTH="29" VPOS="581" HPOS="1580"/>
<String CONTENT="1925." HEIGHT="57" WIDTH="167" VPOS="579" HPOS="1610"/>
</TextLine>
<TextLine HEIGHT="49" WIDTH="558" VPOS="669" HPOS="413" CS="1">
<String LANG="en-US" CONTENT="3" HEIGHT="43" WIDTH="24" VPOS="670" HPOS="413"/>
<SP HEIGHT="48" WIDTH="27" VPOS="670" HPOS="438"/>
<String LANG="la" CONTENT="p." HEIGHT="35" WIDTH="41" VPOS="683" HPOS="466"/>
<SP HEIGHT="45" WIDTH="28" VPOS="669" HPOS="508"/>
<String LANG="la" CS="1" CONTENT="l."/>
<String LANG="en-US" CONTENT="," HEIGHT="12" WIDTH="8" VPOS="704" HPOS="568"/>
<SP HEIGHT="46" WIDTH="31" VPOS="670" HPOS="577"/>
<String LANG="en-US" CONTENT="362" HEIGHT="44" WIDTH="84" VPOS="669" HPOS="609"/>
<SP HEIGHT="46" WIDTH="23" VPOS="671" HPOS="694"/>
<String LANG="en-US" CONTENT="p." HEIGHT="36" WIDTH="41" VPOS="681" HPOS="718"/>
<SP HEIGHT="42" WIDTH="63" VPOS="670" HPOS="760"/>
<String LANG="en-US" CS="1" CONTENT="19&#189;cm." HEIGHT="44" WIDTH="147" VPOS="669" HPOS="824"/>
</TextLine>
<TextLine HEIGHT="57" WIDTH="1812" VPOS="734" HPOS="344">
<String CONTENT="&#169;" HEIGHT="54" WIDTH="53" VPOS="735" HPOS="344"/>
<SP HEIGHT="54" WIDTH="29" VPOS="735" HPOS="398"/>
<String CONTENT="Sept." HEIGHT="52" WIDTH="121" VPOS="736" HPOS="428"/>
<SP HEIGHT="43" WIDTH="26" VPOS="737" HPOS="550"/>
<String CONTENT="25," HEIGHT="53" WIDTH="69" VPOS="735" HPOS="577"/>
<SP HEIGHT="51" WIDTH="30" VPOS="737" HPOS="647"/>
<String CONTENT="1925;" HEIGHT="55" WIDTH="132" VPOS="734" HPOS="678"/>
<SP HEIGHT="52" WIDTH="26" VPOS="737" HPOS="811"/>
<String CONTENT="2c." HEIGHT="43" WIDTH="65" VPOS="737" HPOS="838"/>
<SP HEIGHT="28" WIDTH="28" VPOS="752" HPOS="904"/>
<String CONTENT="and" HEIGHT="44" WIDTH="89" VPOS="737" HPOS="933"/>
<SP HEIGHT="44" WIDTH="27" VPOS="737" HPOS="1023"/>
<String CONTENT="aff." HEIGHT="43" WIDTH="79" VPOS="737" HPOS="1051"/>
<SP HEIGHT="44" WIDTH="31" VPOS="737" HPOS="1131"/>
<String CONTENT="Oct." HEIGHT="44" WIDTH="101" VPOS="737" HPOS="1163"/>
<SP HEIGHT="45" WIDTH="30" VPOS="736" HPOS="1265"/>
<String CONTENT="6;" HEIGHT="54" WIDTH="49" VPOS="736" HPOS="1296"/>
<SP HEIGHT="53" WIDTH="31" VPOS="737" HPOS="1346"/>
<!-- cceid 35E29A26-6DD5-1014-B757-AF09C522E301 --><String CONTENT="A" HEIGHT="43" WIDTH="44" VPOS="737" HPOS="1378"/>
<SP HEIGHT="44" WIDTH="28" VPOS="737" HPOS="1423"/>
<String CONTENT="869152;" HEIGHT="55" WIDTH="192" VPOS="736" HPOS="1452"/>
<SP HEIGHT="52" WIDTH="31" VPOS="739" HPOS="1645"/>
<String CONTENT="D." HEIGHT="43" WIDTH="57" VPOS="739" HPOS="1677"/>
<SP HEIGHT="43" WIDTH="29" VPOS="739" HPOS="1735"/>
<String CONTENT="Appleton" HEIGHT="53" WIDTH="233" VPOS="738" HPOS="1765"/>
<SP HEIGHT="43" WIDTH="25" VPOS="740" HPOS="1999"/>
<String CONTENT="&amp;" HEIGHT="43" WIDTH="37" VPOS="740" HPOS="2025"/>
<SP HEIGHT="43" WIDTH="28" VPOS="740" HPOS="2063"/>
<String CONTENT="co." HEIGHT="28" WIDTH="64" VPOS="755" HPOS="2092"/>
</TextLine>
<TextLine HEIGHT="57" WIDTH="274" VPOS="791" HPOS="422">
<String CONTENT="(25-19433)" HEIGHT="57" WIDTH="274" VPOS="791" HPOS="422"/>
</TextLine>
<TextLine HEIGHT="76" WIDTH="994" VPOS="907" HPOS="343" STYLEREFS="StyleId-AE6AB257-E77C-4643-9BBE-B7106E2250AC-">
<String CONTENT="McClure," HEIGHT="74" WIDTH="312" VPOS="907" HPOS="343"/>
<SP HEIGHT="72" WIDTH="40" VPOS="909" HPOS="656"/>
<String CONTENT="Marjorie" HEIGHT="73" WIDTH="307" VPOS="908" HPOS="697"/>
<SP HEIGHT="57" WIDTH="37" VPOS="909" HPOS="1005"/>
<String CONTENT="Barkley." HEIGHT="75" WIDTH="294" VPOS="908" HPOS="1043"/>
</TextLine>
<TextLine HEIGHT="76" WIDTH="1932" VPOS="1000" HPOS="420" STYLEREFS="StyleId-6A6D24FA-A85E-46E7-B910-B6FE6168C8C6-">
<String CONTENT="A" HEIGHT="58" WIDTH="60" VPOS="1000" HPOS="420"/>
<SP HEIGHT="58" WIDTH="43" VPOS="1000" HPOS="481"/>
<String CONTENT="bush" HEIGHT="57" WIDTH="161" VPOS="1001" HPOS="525"/>
<SP HEIGHT="58" WIDTH="44" VPOS="1001" HPOS="687"/>
<String CONTENT="that" HEIGHT="58" WIDTH="143" VPOS="1001" HPOS="732"/>
<SP HEIGHT="58" WIDTH="40" VPOS="1001" HPOS="876"/>
<String CONTENT="burned," HEIGHT="74" WIDTH="261" VPOS="1001" HPOS="917"/>
<SP HEIGHT="73" WIDTH="47" VPOS="1002" HPOS="1179"/>
<String CONTENT="by" HEIGHT="71" WIDTH="84" VPOS="1002" HPOS="1227"/>
<SP HEIGHT="72" WIDTH="44" VPOS="1001" HPOS="1312"/>
<String CONTENT="Marjorie" HEIGHT="74" WIDTH="310" VPOS="1001" HPOS="1357"/>
<SP HEIGHT="56" WIDTH="46" VPOS="1003" HPOS="1668"/>
<String CONTENT="Barkley" HEIGHT="73" WIDTH="278" VPOS="1003" HPOS="1715"/>
<SP HEIGHT="72" WIDTH="46" VPOS="1004" HPOS="1994"/>
<String CONTENT="McClure." HEIGHT="60" WIDTH="311" VPOS="1003" HPOS="2041"/>
</TextLine>
<TextLine HEIGHT="75" WIDTH="1527" VPOS="1079" HPOS="344" STYLEREFS="StyleId-6A6D24FA-A85E-46E7-B910-B6FE6168C8C6-">
<String CONTENT="New" HEIGHT="57" WIDTH="154" VPOS="1079" HPOS="344"/>
<SP HEIGHT="57" WIDTH="23" VPOS="1079" HPOS="499"/>
<String CONTENT="York," HEIGHT="73" WIDTH="193" VPOS="1079" HPOS="523"/>
<SP HEIGHT="73" WIDTH="29" VPOS="1079" HPOS="717"/>
<String CONTENT="Minton," HEIGHT="71" WIDTH="266" VPOS="1079" HPOS="747"/>
<SP HEIGHT="71" WIDTH="26" VPOS="1079" HPOS="1014"/>
<String CONTENT="Balch" HEIGHT="58" WIDTH="198" VPOS="1079" HPOS="1041"/>
<SP HEIGHT="57" WIDTH="28" VPOS="1080" HPOS="1240"/>
<String CONTENT="&amp;" HEIGHT="57" WIDTH="48" VPOS="1080" HPOS="1269"/>
<SP HEIGHT="58" WIDTH="27" VPOS="1080" HPOS="1318"/>
<String CONTENT="company," HEIGHT="55" WIDTH="325" VPOS="1099" HPOS="1346"/>
<SP HEIGHT="71" WIDTH="31" VPOS="1083" HPOS="1672"/>
<String CONTENT="1925." HEIGHT="57" WIDTH="167" VPOS="1082" HPOS="1704"/>
</TextLine>
<TextLine HEIGHT="54" WIDTH="605" VPOS="1168" HPOS="413" CS="1">
<String CONTENT="6" HEIGHT="44" WIDTH="26" VPOS="1169" HPOS="413"/>
<SP/>
<String LANG="la" CONTENT="p." HEIGHT="39" WIDTH="40" VPOS="1183" HPOS="464"/>
<SP HEIGHT="43" WIDTH="28" VPOS="1169" HPOS="505"/>
<String LANG="la" CS="1" CONTENT="l"/>
<String CONTENT=".," HEIGHT="18" WIDTH="24" VPOS="1204" HPOS="553"/>
<SP HEIGHT="52" WIDTH="24" VPOS="1170" HPOS="578"/>
<String CONTENT="3-361" HEIGHT="45" WIDTH="134" VPOS="1168" HPOS="603"/>
<SP HEIGHT="53" WIDTH="29" VPOS="1169" HPOS="738"/>
<String CONTENT="p." HEIGHT="39" WIDTH="40" VPOS="1183" HPOS="768"/>
<SP HEIGHT="43" WIDTH="60" VPOS="1170" HPOS="809"/>
<String CS="1" CONTENT="19&#189;cm." HEIGHT="44" WIDTH="148" VPOS="1169" HPOS="870"/>
</TextLine>
<TextLine HEIGHT="56" WIDTH="1870" VPOS="1238" HPOS="343" CS="1">
<String CONTENT="&#169;" HEIGHT="54" WIDTH="53" VPOS="1238" HPOS="343"/>
<SP HEIGHT="54" WIDTH="31" VPOS="1238" HPOS="397"/>
<String CONTENT="Sept." HEIGHT="53" WIDTH="121" VPOS="1239" HPOS="429"/>
<SP HEIGHT="44" WIDTH="26" VPOS="1240" HPOS="551"/>
<String CONTENT="26," HEIGHT="50" WIDTH="66" VPOS="1240" HPOS="578"/>
<SP HEIGHT="49" WIDTH="31" VPOS="1241" HPOS="645"/>
<String CS="1" CONTENT="1925;" HEIGHT="45" WIDTH="106" VPOS="1239" HPOS="677"/>
<SP HEIGHT="53" WIDTH="28" VPOS="1240" HPOS="811"/>
<String CONTENT="2c." HEIGHT="44" WIDTH="63" VPOS="1240" HPOS="840"/>
<SP HEIGHT="28" WIDTH="30" VPOS="1256" HPOS="904"/>
<String CONTENT="and" HEIGHT="43" WIDTH="87" VPOS="1241" HPOS="935"/>
<SP HEIGHT="43" WIDTH="28" VPOS="1241" HPOS="1023"/>
<String CONTENT="aff." HEIGHT="44" WIDTH="79" VPOS="1241" HPOS="1052"/>
<SP HEIGHT="44" WIDTH="30" VPOS="1241" HPOS="1132"/>
<String CONTENT="Oct." HEIGHT="44" WIDTH="102" VPOS="1241" HPOS="1163"/>
<SP HEIGHT="43" WIDTH="29" VPOS="1242" HPOS="1266"/>
<String CS="1" CONTENT="3;" HEIGHT="43" WIDTH="24" VPOS="1242" HPOS="1296"/>
<SP HEIGHT="52" WIDTH="32" VPOS="1241" HPOS="1347"/>
<!-- cceid 35E2D915-6DD5-1014-B757-AF09C522E301 --><String CONTENT="A" HEIGHT="43" WIDTH="44" VPOS="1241" HPOS="1380"/>
<SP HEIGHT="43" WIDTH="27" VPOS="1241" HPOS="1425"/>
<String CS="1" CONTENT="869133;" HEIGHT="44" WIDTH="166" VPOS="1241" HPOS="1453"/>
<SP HEIGHT="52" WIDTH="32" VPOS="1242" HPOS="1645"/>
<String CONTENT="Minton," HEIGHT="53" WIDTH="196" VPOS="1241" HPOS="1678"/>
<SP HEIGHT="51" WIDTH="32" VPOS="1243" HPOS="1875"/>
<String CONTENT="Balch" HEIGHT="45" WIDTH="142" VPOS="1241" HPOS="1908"/>
<SP HEIGHT="43" WIDTH="29" VPOS="1244" HPOS="2051"/>
<String CONTENT="&amp;" HEIGHT="43" WIDTH="37" VPOS="1244" HPOS="2081"/>
<SP HEIGHT="43" WIDTH="28" VPOS="1244" HPOS="2119"/>
<String CONTENT="co." HEIGHT="28" WIDTH="65" VPOS="1259" HPOS="2148"/>
</TextLine>
<TextLine HEIGHT="56" WIDTH="274" VPOS="1296" HPOS="422">
<String CONTENT="(25-19169)" HEIGHT="56" WIDTH="274" VPOS="1296" HPOS="422"/>
</TextLine>
<TextLine HEIGHT="75" WIDTH="678" VPOS="1410" HPOS="344" STYLEREFS="StyleId-AE6AB257-E77C-4643-9BBE-B7106E2250AC-">
<String CONTENT="Malo," HEIGHT="74" WIDTH="189" VPOS="1410" HPOS="344"/>
<SP HEIGHT="73" WIDTH="38" VPOS="1411" HPOS="534"/>
<String CONTENT="Henri," HEIGHT="75" WIDTH="217" VPOS="1410" HPOS="573"/>
<SP HEIGHT="69" WIDTH="39" VPOS="1416" HPOS="791"/>
<String CONTENT="1868-" HEIGHT="58" WIDTH="191" VPOS="1414" HPOS="831"/>
</TextLine>
<TextLine HEIGHT="76" WIDTH="1937" VPOS="1503" HPOS="421" STYLEREFS="StyleId-6A6D24FA-A85E-46E7-B910-B6FE6168C8C6-" CS="1">
<String CONTENT="The" HEIGHT="58" WIDTH="130" VPOS="1503" HPOS="421"/>
<SP HEIGHT="38" WIDTH="45" VPOS="1523" HPOS="552"/>
<String CONTENT="romantic" HEIGHT="58" WIDTH="310" VPOS="1504" HPOS="598"/>
<SP HEIGHT="53" WIDTH="41" VPOS="1523" HPOS="909"/>
<String CONTENT="passion" HEIGHT="72" WIDTH="264" VPOS="1504" HPOS="951"/>
<SP HEIGHT="39" WIDTH="40" VPOS="1524" HPOS="1216"/>
<String CONTENT="of" HEIGHT="58" WIDTH="68" VPOS="1505" HPOS="1257"/>
<SP HEIGHT="57" WIDTH="43" VPOS="1505" HPOS="1326"/>
<String CS="1" CONTENT="Don" HEIGHT="38" WIDTH="80" VPOS="1524" HPOS="1433"/>
<SP HEIGHT="57" WIDTH="42" VPOS="1505" HPOS="1514"/>
<String CONTENT="Luis" HEIGHT="58" WIDTH="152" VPOS="1505" HPOS="1557"/>
<SP HEIGHT="52" WIDTH="46" VPOS="1526" HPOS="1710"/>
<String CONTENT="[by]" HEIGHT="72" WIDTH="113" VPOS="1506" HPOS="1757"/>
<SP HEIGHT="73" WIDTH="48" VPOS="1505" HPOS="1871"/>
<String CONTENT="Henri" HEIGHT="58" WIDTH="203" VPOS="1505" HPOS="1920"/>
<SP HEIGHT="56" WIDTH="44" VPOS="1507" HPOS="2124"/>
<String CONTENT="Malo," HEIGHT="72" WIDTH="189" VPOS="1507" HPOS="2169"/>
</TextLine>
<TextLine HEIGHT="77" WIDTH="2018" VPOS="1582" HPOS="341" STYLEREFS="StyleId-6A6D24FA-A85E-46E7-B910-B6FE6168C8C6-">
<String CONTENT="translated" HEIGHT="58" WIDTH="358" VPOS="1582" HPOS="341"/>
<SP HEIGHT="57" WIDTH="31" VPOS="1583" HPOS="700"/>
<String CONTENT="by" HEIGHT="72" WIDTH="84" VPOS="1583" HPOS="732"/>
<SP HEIGHT="73" WIDTH="34" VPOS="1582" HPOS="817"/>
<String CONTENT="Ellen" HEIGHT="59" WIDTH="186" VPOS="1582" HPOS="852"/>
<SP HEIGHT="57" WIDTH="34" VPOS="1583" HPOS="1039"/>
<String CONTENT="Preston." HEIGHT="58" WIDTH="289" VPOS="1583" HPOS="1074"/>
<SP HEIGHT="57" WIDTH="82" VPOS="1583" HPOS="1364"/>
<String CONTENT="New" HEIGHT="58" WIDTH="153" VPOS="1583" HPOS="1447"/>
<SP HEIGHT="58" WIDTH="34" VPOS="1583" HPOS="1601"/>
<String CONTENT="York," HEIGHT="73" WIDTH="192" VPOS="1583" HPOS="1636"/>
<SP HEIGHT="72" WIDTH="35" VPOS="1584" HPOS="1829"/>
<String CONTENT="L." HEIGHT="58" WIDTH="69" VPOS="1584" HPOS="1865"/>
<SP HEIGHT="58" WIDTH="38" VPOS="1584" HPOS="1935"/>
<String CONTENT="MacVeagh," HEIGHT="75" WIDTH="385" VPOS="1584" HPOS="1974"/>
</TextLine>
<TextLine HEIGHT="73" WIDTH="735" VPOS="1660" HPOS="343" STYLEREFS="StyleId-6A6D24FA-A85E-46E7-B910-B6FE6168C8C6-">
<String CONTENT="The" HEIGHT="58" WIDTH="130" VPOS="1661" HPOS="343"/>
<SP HEIGHT="58" WIDTH="26" VPOS="1661" HPOS="474"/>
<String CONTENT="Dial" HEIGHT="59" WIDTH="148" VPOS="1660" HPOS="501"/>
<SP HEIGHT="71" WIDTH="27" VPOS="1662" HPOS="650"/>
<String CONTENT="press," HEIGHT="53" WIDTH="202" VPOS="1680" HPOS="678"/>
<SP HEIGHT="69" WIDTH="29" VPOS="1664" HPOS="881"/>
<String CONTENT="1925." HEIGHT="57" WIDTH="167" VPOS="1662" HPOS="911"/>
</TextLine>
<TextLine HEIGHT="54" WIDTH="370" VPOS="1752" HPOS="412" CS="1">
<String CONTENT="340" HEIGHT="44" WIDTH="82" VPOS="1752" HPOS="412"/>
<SP HEIGHT="54" WIDTH="33" VPOS="1752" HPOS="495"/>
<String CONTENT="p." HEIGHT="40" WIDTH="41" VPOS="1766" HPOS="529"/>
<SP HEIGHT="44" WIDTH="63" VPOS="1753" HPOS="571"/>
<String CS="1" CONTENT="19&#189;cm." HEIGHT="45" WIDTH="147" VPOS="1752" HPOS="635"/>
</TextLine>
<TextLine HEIGHT="113" WIDTH="1699" VPOS="1823" HPOS="340" CS="1">
<String CONTENT="&#169;" HEIGHT="54" WIDTH="56" VPOS="1823" HPOS="340"/>
<SP HEIGHT="54" WIDTH="27" VPOS="1823" HPOS="397"/>
<String CONTENT="Sept." HEIGHT="53" WIDTH="122" VPOS="1823" HPOS="425"/>
<SP HEIGHT="43" WIDTH="26" VPOS="1825" HPOS="548"/>
<String CONTENT="30," HEIGHT="52" WIDTH="67" VPOS="1824" HPOS="575"/>
<SP HEIGHT="51" WIDTH="27" VPOS="1825" HPOS="643"/>
<String CONTENT="1925;" HEIGHT="54" WIDTH="131" VPOS="1823" HPOS="671"/>
<SP HEIGHT="53" WIDTH="27" VPOS="1824" HPOS="803"/>
<String CONTENT="2c." HEIGHT="44" WIDTH="65" VPOS="1824" HPOS="831"/>
<SP HEIGHT="28" WIDTH="25" VPOS="1839" HPOS="897"/>
<String CONTENT="and" HEIGHT="43" WIDTH="87" VPOS="1825" HPOS="923"/>
<SP HEIGHT="43" WIDTH="25" VPOS="1825" HPOS="1011"/>
<String CONTENT="aff." HEIGHT="44" WIDTH="80" VPOS="1824" HPOS="1037"/>
<SP HEIGHT="45" WIDTH="28" VPOS="1824" HPOS="1118"/>
<String CONTENT="Oct." HEIGHT="45" WIDTH="102" VPOS="1824" HPOS="1147"/>
<SP HEIGHT="44" WIDTH="27" VPOS="1824" HPOS="1250"/>
<String CONTENT="6;" HEIGHT="53" WIDTH="49" VPOS="1824" HPOS="1278"/>
<SP HEIGHT="53" WIDTH="28" VPOS="1824" HPOS="1328"/>
<!-- cceid 35E31ABB-6DD5-1014-B757-AF09C522E301 --><String CONTENT="A" HEIGHT="44" WIDTH="45" VPOS="1824" HPOS="1357"/>
<SP HEIGHT="44" WIDTH="26" VPOS="1824" HPOS="1403"/>
<String CONTENT="869180;" HEIGHT="53" WIDTH="189" VPOS="1824" HPOS="1430"/>
<SP HEIGHT="52" WIDTH="30" VPOS="1825" HPOS="1620"/>
<String CONTENT="Dial" HEIGHT="44" WIDTH="107" VPOS="1824" HPOS="1651"/>
<SP HEIGHT="54" WIDTH="25" VPOS="1824" HPOS="1759"/>
<String CONTENT="press," HEIGHT="39" WIDTH="143" VPOS="1839" HPOS="1785"/>
<SP HEIGHT="53" WIDTH="27" VPOS="1825" HPOS="1929"/>
<String CONTENT="inc." HEIGHT="44" WIDTH="82" VPOS="1825" HPOS="1957"/>
<SP/>
<String CONTENT="(25-19526)" HEIGHT="56" WIDTH="274" VPOS="1880" HPOS="421"/>
</TextLine>
<TextLine HEIGHT="73" WIDTH="419" VPOS="1995" HPOS="341" STYLEREFS="StyleId-AE6AB257-E77C-4643-9BBE-B7106E2250AC-">
<String CONTENT="Mann," HEIGHT="73" WIDTH="215" VPOS="1995" HPOS="341"/>
<SP HEIGHT="73" WIDTH="36" VPOS="1995" HPOS="557"/>
<String CONTENT="Otto." HEIGHT="60" WIDTH="166" VPOS="1995" HPOS="594"/>
</TextLine>
<TextLine HEIGHT="73" WIDTH="1940" VPOS="2088" HPOS="418" STYLEREFS="StyleId-6A6D24FA-A85E-46E7-B910-B6FE6168C8C6-">
<String LANG="de" CONTENT="Der" HEIGHT="58" WIDTH="133" VPOS="2088" HPOS="418"/>
<SP HEIGHT="38" WIDTH="34" VPOS="2106" HPOS="552"/>
<String LANG="de" CONTENT="moderne" HEIGHT="58" WIDTH="298" VPOS="2088" HPOS="587"/>
<SP HEIGHT="57" WIDTH="42" VPOS="2089" HPOS="886"/>
<String LANG="en-US" CONTENT="dandy;" HEIGHT="72" WIDTH="242" VPOS="2088" HPOS="929"/>
<SP HEIGHT="52" WIDTH="43" VPOS="2108" HPOS="1172"/>
<String LANG="de" CONTENT="ein" HEIGHT="57" WIDTH="100" VPOS="2088" HPOS="1216"/>
<SP HEIGHT="56" WIDTH="38" VPOS="2088" HPOS="1317"/>
<String LANG="en-US" CONTENT="kulturproblem" HEIGHT="72" WIDTH="503" VPOS="2088" HPOS="1356"/>
<SP HEIGHT="57" WIDTH="39" VPOS="2089" HPOS="1860"/>
<String LANG="de" CONTENT="des" HEIGHT="58" WIDTH="108" VPOS="2089" HPOS="1900"/>
<SP HEIGHT="57" WIDTH="43" VPOS="2090" HPOS="2009"/>
<String LANG="en-US" CONTENT="19." HEIGHT="56" WIDTH="90" VPOS="2089" HPOS="2053"/>
<SP HEIGHT="73" WIDTH="42" VPOS="2088" HPOS="2144"/>
<String LANG="de" CONTENT="jahrhunderts" HEIGHT="73" WIDTH="171" VPOS="2088" HPOS="2187"/>
</TextLine>
<TextLine HEIGHT="75" WIDTH="2016" VPOS="2165" HPOS="340" STYLEREFS="StyleId-6A6D24FA-A85E-46E7-B910-B6FE6168C8C6-" CS="1">
<String CONTENT="," HEIGHT="72" WIDTH="326" VPOS="2167" HPOS="340"/>
<SP HEIGHT="53" WIDTH="35" VPOS="2186" HPOS="667"/>
<String CONTENT="von" HEIGHT="38" WIDTH="122" VPOS="2186" HPOS="703"/>
<SP HEIGHT="59" WIDTH="37" VPOS="2166" HPOS="826"/>
<String CONTENT="Otto" HEIGHT="59" WIDTH="148" VPOS="2166" HPOS="864"/>
<SP HEIGHT="57" WIDTH="36" VPOS="2167" HPOS="1013"/>
<String CONTENT="Mann" HEIGHT="57" WIDTH="195" VPOS="2167" HPOS="1050"/>
<SP HEIGHT="40" WIDTH="42" VPOS="2185" HPOS="1246"/>
<String CS="1" CONTENT="&#8230;"/>
<SP HEIGHT="58" WIDTH="86" VPOS="2167" HPOS="1352"/>
<String CONTENT="Berlin," HEIGHT="71" WIDTH="238" VPOS="2167" HPOS="1439"/>
<SP HEIGHT="71" WIDTH="37" VPOS="2167" HPOS="1678"/>
<String CONTENT="J." HEIGHT="58" WIDTH="60" VPOS="2167" HPOS="1716"/>
<SP HEIGHT="60" WIDTH="43" VPOS="2165" HPOS="1777"/>
<String CONTENT="Springer," HEIGHT="75" WIDTH="328" VPOS="2165" HPOS="1821"/>
<SP HEIGHT="69" WIDTH="39" VPOS="2169" HPOS="2150"/>
<String CONTENT="1925." HEIGHT="56" WIDTH="166" VPOS="2167" HPOS="2190"/>
</TextLine>
<TextLine HEIGHT="113" WIDTH="2016" VPOS="2256" HPOS="341" CS="1">
<String CONTENT="3" HEIGHT="43" WIDTH="24" VPOS="2260" HPOS="412"/>
<SP HEIGHT="51" WIDTH="37" VPOS="2260" HPOS="437"/>
<String CONTENT="p." HEIGHT="38" WIDTH="39" VPOS="2273" HPOS="475"/>
<SP HEIGHT="43" WIDTH="36" VPOS="2259" HPOS="515"/>
<String CS="1" CONTENT="l.," HEIGHT="18" WIDTH="23" VPOS="2292" HPOS="570"/>
<SP HEIGHT="50" WIDTH="36" VPOS="2260" HPOS="594"/>
<String CONTENT="128" HEIGHT="43" WIDTH="79" VPOS="2259" HPOS="631"/>
<SP HEIGHT="52" WIDTH="34" VPOS="2259" HPOS="711"/>
<String CONTENT="p." HEIGHT="38" WIDTH="39" VPOS="2273" HPOS="746"/>
<SP HEIGHT="43" WIDTH="58" VPOS="2259" HPOS="786"/>
<String CS="1" CONTENT="25&#189;cm." HEIGHT="45" WIDTH="152" VPOS="2257" HPOS="845"/>
<SP/>
<String CONTENT="(Added" HEIGHT="55" WIDTH="193" VPOS="2257" HPOS="1067"/>
<SP HEIGHT="44" WIDTH="36" VPOS="2259" HPOS="1261"/>
<String CONTENT="t.-p.:" HEIGHT="47" WIDTH="120" VPOS="2264" HPOS="1298"/>
<SP HEIGHT="44" WIDTH="42" VPOS="2258" HPOS="1419"/>
<String LANG="de" CONTENT="Philosophische" HEIGHT="55" WIDTH="376" VPOS="2256" HPOS="1462"/>
<SP HEIGHT="45" WIDTH="35" VPOS="2257" HPOS="1839"/>
<String CONTENT="forschungen," HEIGHT="54" WIDTH="322" VPOS="2257" HPOS="1875"/>
<SP HEIGHT="54" WIDTH="33" VPOS="2257" HPOS="2198"/>
<String CONTENT="hrsg." HEIGHT="54" WIDTH="125" VPOS="2257" HPOS="2232"/>
<SP/>
<String CONTENT="von" HEIGHT="30" WIDTH="89" VPOS="2332" HPOS="341"/>
<SP HEIGHT="44" WIDTH="31" VPOS="2317" HPOS="431"/>
<String CONTENT="Karl" HEIGHT="44" WIDTH="117" VPOS="2316" HPOS="463"/>
<SP HEIGHT="53" WIDTH="29" VPOS="2316" HPOS="581"/>
<String CONTENT="Jaspers" HEIGHT="52" WIDTH="187" VPOS="2317" HPOS="611"/>
<SP HEIGHT="28" WIDTH="34" VPOS="2331" HPOS="799"/>
<String CS="1" CONTENT="&#8230;"/>
<SP/>
<String CONTENT="1." HEIGHT="44" WIDTH="35" VPOS="2315" HPOS="949"/>
<SP HEIGHT="46" WIDTH="31" VPOS="2313" HPOS="985"/>
<String CONTENT="hft.)" HEIGHT="55" WIDTH="114" VPOS="2313" HPOS="1017"/>
</TextLine>
<TextLine HEIGHT="55" WIDTH="958" VPOS="2385" HPOS="414" CS="1">
<String LANG="de" CONTENT="&#8220;Literaturverzeichnis&#8221;" HEIGHT="47" WIDTH="576" VPOS="2385" HPOS="414"/>
<SP HEIGHT="45" WIDTH="16" VPOS="2385" HPOS="991"/>
<String LANG="en-US" CONTENT=":" HEIGHT="29" WIDTH="8" VPOS="2401" HPOS="1008"/>
<SP HEIGHT="39" WIDTH="36" VPOS="2401" HPOS="1017"/>
<String LANG="en-US" CONTENT="p." HEIGHT="39" WIDTH="41" VPOS="2401" HPOS="1054"/>
<SP HEIGHT="31" WIDTH="37" VPOS="2402" HPOS="1096"/>
<String LANG="en-US" CS="1" CONTENT="[121]&#8211;123." HEIGHT="47" WIDTH="238" VPOS="2386" HPOS="1134"/>
</TextLine>
<TextLine HEIGHT="56" WIDTH="1548" VPOS="2441" HPOS="414" CS="1">
<String LANG="de" CONTENT="&#8220;Anmerkungen" HEIGHT="52" WIDTH="388" VPOS="2445" HPOS="414"/>
<SP HEIGHT="28" WIDTH="30" VPOS="2459" HPOS="803"/>
<String LANG="de" CONTENT="zur" HEIGHT="29" WIDTH="80" VPOS="2458" HPOS="834"/>
<SP HEIGHT="29" WIDTH="30" VPOS="2458" HPOS="915"/>
<String LANG="de" CONTENT="unterliegenden" HEIGHT="54" WIDTH="371" VPOS="2442" HPOS="946"/>
<SP HEIGHT="45" WIDTH="31" VPOS="2441" HPOS="1318"/>
<String LANG="en-US" CONTENT="literatur&#8221;" HEIGHT="46" WIDTH="237" VPOS="2441" HPOS="1350"/>
<SP HEIGHT="44" WIDTH="15" VPOS="2443" HPOS="1588"/>
<String LANG="en-US" CONTENT=":" HEIGHT="29" WIDTH="9" VPOS="2458" HPOS="1604"/>
<SP HEIGHT="39" WIDTH="31" VPOS="2458" HPOS="1614"/>
<String LANG="la" CONTENT="p." HEIGHT="39" WIDTH="40" VPOS="2458" HPOS="1646"/>
<SP HEIGHT="31" WIDTH="35" VPOS="2460" HPOS="1687"/>
<String LANG="en-US" CS="1" CONTENT="[124]&#8211;128." HEIGHT="48" WIDTH="239" VPOS="2443" HPOS="1723"/>
</TextLine>
<TextLine HEIGHT="56" WIDTH="1812" VPOS="2513" HPOS="342" CS="1">
<String LANG="en-US" CONTENT="&#169;" HEIGHT="54" WIDTH="53" VPOS="2514" HPOS="342"/>
<SP HEIGHT="54" WIDTH="31" VPOS="2514" HPOS="396"/>
<String LANG="en-US" CONTENT="May" HEIGHT="52" WIDTH="112" VPOS="2517" HPOS="428"/>
<SP HEIGHT="52" WIDTH="34" VPOS="2517" HPOS="541"/>
<String LANG="en-US" CONTENT="19," HEIGHT="51" WIDTH="64" VPOS="2516" HPOS="576"/>
<SP HEIGHT="50" WIDTH="32" VPOS="2517" HPOS="641"/>
<String LANG="en-US" CONTENT="1925;" HEIGHT="54" WIDTH="131" VPOS="2514" HPOS="674"/>
<SP/>
<String LANG="en-US" CS="1" CONTENT="1c."/>
<SP/>
<String LANG="fr" CONTENT="Sept." HEIGHT="54" WIDTH="121" VPOS="2514" HPOS="938"/>
<SP HEIGHT="43" WIDTH="28" VPOS="2514" HPOS="1060"/>
<String LANG="fr" CONTENT="23;" HEIGHT="53" WIDTH="80" VPOS="2514" HPOS="1089"/>
<SP HEIGHT="54" WIDTH="31" VPOS="2513" HPOS="1170"/>
<!-- cceid 35E35679-6DD5-1014-B757-AF09C522E301 --><String LANG="fr" CONTENT="A&#8212;" HEIGHT="43" WIDTH="103" VPOS="2513" HPOS="1202"/>
<String LANG="en-US" CONTENT="Foreign" HEIGHT="54" WIDTH="201" VPOS="2513" HPOS="1307"/>
<SP HEIGHT="42" WIDTH="29" VPOS="2515" HPOS="1509"/>
<String LANG="fr" CONTENT="28612;" HEIGHT="53" WIDTH="162" VPOS="2514" HPOS="1539"/>
<SP HEIGHT="52" WIDTH="34" VPOS="2516" HPOS="1702"/>
<String LANG="fr" CONTENT="Julius" HEIGHT="55" WIDTH="148" VPOS="2513" HPOS="1737"/>
<SP HEIGHT="47" WIDTH="34" VPOS="2514" HPOS="1886"/>
<String LANG="fr" CONTENT="Springer." HEIGHT="54" WIDTH="233" VPOS="2514" HPOS="1921"/>
</TextLine>
<TextLine HEIGHT="58" WIDTH="273" VPOS="2571" HPOS="422" LANG="fr">
<String CONTENT="(25-21584)" HEIGHT="58" WIDTH="273" VPOS="2571" HPOS="422"/>
</TextLine>
<TextLine HEIGHT="74" WIDTH="1033" VPOS="2672" HPOS="343" STYLEREFS="StyleId-AE6AB257-E77C-4643-9BBE-B7106E2250AC-" LANG="fr">
<String CONTENT="Marvel," HEIGHT="71" WIDTH="262" VPOS="2673" HPOS="343"/>
<SP HEIGHT="70" WIDTH="42" VPOS="2674" HPOS="606"/>
<String CONTENT="Josiah," HEIGHT="74" WIDTH="242" VPOS="2672" HPOS="649"/>
<SP HEIGHT="68" WIDTH="42" VPOS="2678" HPOS="892"/>
<String CONTENT="1866-" HEIGHT="57" WIDTH="190" VPOS="2675" HPOS="935"/>
<SP HEIGHT="38" WIDTH="158" VPOS="2692" HPOS="1126"/>
<String CONTENT="ed." HEIGHT="59" WIDTH="91" VPOS="2674" HPOS="1285"/>
</TextLine>
<TextLine HEIGHT="74" WIDTH="1931" VPOS="2765" HPOS="423" STYLEREFS="StyleId-6A6D24FA-A85E-46E7-B910-B6FE6168C8C6-">
<String LANG="fr" CONTENT="The" HEIGHT="58" WIDTH="132" VPOS="2766" HPOS="423"/>
<SP HEIGHT="53" WIDTH="31" VPOS="2786" HPOS="556"/>
<String LANG="fr" CONTENT="general" HEIGHT="73" WIDTH="260" VPOS="2766" HPOS="588"/>
<SP HEIGHT="57" WIDTH="27" VPOS="2766" HPOS="849"/>
<String LANG="fr" CONTENT="corporation" HEIGHT="72" WIDTH="408" VPOS="2765" HPOS="877"/>
<SP HEIGHT="57" WIDTH="28" VPOS="2765" HPOS="1286"/>
<String LANG="en-US" CONTENT="law" HEIGHT="57" WIDTH="119" VPOS="2765" HPOS="1315"/>
<SP HEIGHT="39" WIDTH="34" VPOS="2785" HPOS="1435"/>
<String LANG="en-US" CONTENT="of" HEIGHT="58" WIDTH="67" VPOS="2766" HPOS="1470"/>
<SP HEIGHT="57" WIDTH="30" VPOS="2766" HPOS="1538"/>
<String LANG="en-US" CONTENT="the" HEIGHT="58" WIDTH="104" VPOS="2766" HPOS="1569"/>
<SP HEIGHT="39" WIDTH="35" VPOS="2785" HPOS="1674"/>
<String LANG="en-US" CONTENT="state" HEIGHT="55" WIDTH="163" VPOS="2769" HPOS="1710"/>
<SP HEIGHT="40" WIDTH="32" VPOS="2783" HPOS="1874"/>
<String LANG="en-US" CONTENT="of" HEIGHT="58" WIDTH="68" VPOS="2765" HPOS="1907"/>
<SP HEIGHT="58" WIDTH="30" VPOS="2765" HPOS="1976"/>
<String LANG="en-US" CONTENT="Delaware," HEIGHT="72" WIDTH="347" VPOS="2765" HPOS="2007"/>
</TextLine>
<TextLine HEIGHT="74" WIDTH="2009" VPOS="2843" HPOS="345" STYLEREFS="StyleId-6A6D24FA-A85E-46E7-B910-B6FE6168C8C6-" CS="1">
<String CONTENT="annotated," HEIGHT="71" WIDTH="361" VPOS="2845" HPOS="345"/>
<SP HEIGHT="53" WIDTH="28" VPOS="2863" HPOS="707"/>
<String CONTENT="with" HEIGHT="58" WIDTH="155" VPOS="2843" HPOS="736"/>
<SP HEIGHT="58" WIDTH="27" VPOS="2843" HPOS="892"/>
<String CONTENT="all" HEIGHT="57" WIDTH="85" VPOS="2844" HPOS="920"/>
<SP HEIGHT="57" WIDTH="26" VPOS="2844" HPOS="1006"/>
<String CONTENT="decisions" HEIGHT="58" WIDTH="312" VPOS="2843" HPOS="1033"/>
<SP HEIGHT="38" WIDTH="31" VPOS="2863" HPOS="1346"/>
<String CONTENT="construing" HEIGHT="74" WIDTH="371" VPOS="2843" HPOS="1378"/>
<SP HEIGHT="70" WIDTH="26" VPOS="2847" HPOS="1750"/>
<String CONTENT="the" HEIGHT="58" WIDTH="104" VPOS="2844" HPOS="1777"/>
<SP HEIGHT="57" WIDTH="28" VPOS="2844" HPOS="1882"/>
<String CS="1" CONTENT="law;" HEIGHT="57" WIDTH="120" VPOS="2844" HPOS="1911"/>
<SP HEIGHT="52" WIDTH="33" VPOS="2863" HPOS="2061"/>
<String CONTENT="and" HEIGHT="57" WIDTH="124" VPOS="2844" HPOS="2095"/>
<SP HEIGHT="57" WIDTH="29" VPOS="2844" HPOS="2220"/>
<String CONTENT="the" HEIGHT="57" WIDTH="104" VPOS="2844" HPOS="2250"/>
</TextLine>
<TextLine HEIGHT="153" WIDTH="2006" VPOS="2921" HPOS="346" STYLEREFS="StyleId-6A6D24FA-A85E-46E7-B910-B6FE6168C8C6-" CS="1">
<String CONTENT="statutes" HEIGHT="56" WIDTH="271" VPOS="2925" HPOS="346"/>
<SP HEIGHT="39" WIDTH="33" VPOS="2941" HPOS="618"/>
<String CONTENT="of" HEIGHT="58" WIDTH="68" VPOS="2922" HPOS="652"/>
<SP HEIGHT="58" WIDTH="30" VPOS="2922" HPOS="721"/>
<String CONTENT="the" HEIGHT="58" WIDTH="105" VPOS="2922" HPOS="752"/>
<SP HEIGHT="38" WIDTH="33" VPOS="2942" HPOS="858"/>
<String CONTENT="state" HEIGHT="55" WIDTH="164" VPOS="2924" HPOS="892"/>
<SP HEIGHT="38" WIDTH="32" VPOS="2941" HPOS="1057"/>
<String CONTENT="of" HEIGHT="58" WIDTH="69" VPOS="2921" HPOS="1090"/>
<SP HEIGHT="57" WIDTH="28" VPOS="2921" HPOS="1160"/>
<String CONTENT="Delaware" HEIGHT="58" WIDTH="332" VPOS="2921" HPOS="1189"/>
<SP HEIGHT="54" WIDTH="29" VPOS="2940" HPOS="1522"/>
<String CONTENT="pertaining" HEIGHT="73" WIDTH="369" VPOS="2921" HPOS="1552"/>
<SP HEIGHT="69" WIDTH="29" VPOS="2925" HPOS="1922"/>
<String CONTENT="to" HEIGHT="54" WIDTH="65" VPOS="2925" HPOS="1952"/>
<SP HEIGHT="39" WIDTH="33" VPOS="2940" HPOS="2018"/>
<String CONTENT="receiverships," HEIGHT="153" WIDTH="1987" VPOS="2921" HPOS="346"/>
<SP HEIGHT="54" WIDTH="31" VPOS="3020" HPOS="542"/>
<String CONTENT="with" HEIGHT="58" WIDTH="154" VPOS="3000" HPOS="574"/>
<SP HEIGHT="57" WIDTH="31" VPOS="3001" HPOS="729"/>
<String CONTENT="digest" HEIGHT="73" WIDTH="211" VPOS="3000" HPOS="761"/>
<SP HEIGHT="55" WIDTH="29" VPOS="3003" HPOS="973"/>
<String CONTENT="of" HEIGHT="58" WIDTH="68" VPOS="3000" HPOS="1003"/>
<SP HEIGHT="58" WIDTH="31" VPOS="3000" HPOS="1072"/>
<String CONTENT="decisions," HEIGHT="73" WIDTH="331" VPOS="3000" HPOS="1104"/>
<SP HEIGHT="74" WIDTH="31" VPOS="2999" HPOS="1436"/>
<String CONTENT="by" HEIGHT="73" WIDTH="85" VPOS="2999" HPOS="1468"/>
<SP HEIGHT="72" WIDTH="31" VPOS="3000" HPOS="1554"/>
<String CONTENT="Josiah" HEIGHT="58" WIDTH="228" VPOS="3000" HPOS="1586"/>
<SP HEIGHT="57" WIDTH="32" VPOS="2999" HPOS="1815"/>
<String CONTENT="Marvel" HEIGHT="58" WIDTH="248" VPOS="2999" HPOS="1848"/>
<SP HEIGHT="60" WIDTH="37" VPOS="2999" HPOS="2097"/>
<String CS="1" CONTENT="&#8230;"/>
<SP HEIGHT="58" WIDTH="77" VPOS="3001" HPOS="2199"/>
<String CONTENT="2d" HEIGHT="57" WIDTH="75" VPOS="3000" HPOS="2277"/>
</TextLine>
<TextLine HEIGHT="75" WIDTH="2004" VPOS="3076" HPOS="347" STYLEREFS="StyleId-6A6D24FA-A85E-46E7-B910-B6FE6168C8C6-">
<String CONTENT="ed." HEIGHT="57" WIDTH="92" VPOS="3080" HPOS="347"/>
<SP HEIGHT="59" WIDTH="107" VPOS="3078" HPOS="440"/>
<String CONTENT="Wilmington," HEIGHT="73" WIDTH="435" VPOS="3078" HPOS="548"/>
<SP HEIGHT="73" WIDTH="54" VPOS="3078" HPOS="984"/>
<String CONTENT="Del.," HEIGHT="72" WIDTH="155" VPOS="3078" HPOS="1039"/>
<SP HEIGHT="74" WIDTH="57" VPOS="3076" HPOS="1195"/>
<String CONTENT="Corporation" HEIGHT="73" WIDTH="423" VPOS="3076" HPOS="1253"/>
<SP HEIGHT="38" WIDTH="55" VPOS="3097" HPOS="1677"/>
<String CONTENT="service" HEIGHT="58" WIDTH="238" VPOS="3077" HPOS="1733"/>
<SP HEIGHT="39" WIDTH="53" VPOS="3096" HPOS="1972"/>
<String CONTENT="company," HEIGHT="55" WIDTH="325" VPOS="3096" HPOS="2026"/>
</TextLine>
<TextLine HEIGHT="57" WIDTH="168" VPOS="3158" HPOS="344" STYLEREFS="StyleId-6A6D24FA-A85E-46E7-B910-B6FE6168C8C6-">
<String CONTENT="1925." HEIGHT="57" WIDTH="168" VPOS="3158" HPOS="344"/>
</TextLine>
<TextLine HEIGHT="54" WIDTH="335" VPOS="3248" HPOS="411">
<String CONTENT="268" HEIGHT="44" WIDTH="83" VPOS="3248" HPOS="411"/>
<SP HEIGHT="53" WIDTH="28" VPOS="3249" HPOS="495"/>
<String CONTENT="p." HEIGHT="39" WIDTH="39" VPOS="3263" HPOS="524"/>
<SP HEIGHT="43" WIDTH="56" VPOS="3249" HPOS="564"/>
<String CONTENT="23" HEIGHT="44" WIDTH="55" VPOS="3249" HPOS="621"/>
<String STYLE="superscript" CONTENT="cm" HEIGHT="19" WIDTH="48" VPOS="3251" HPOS="683"/>
<String CONTENT="." HEIGHT="10" WIDTH="10" VPOS="3284" HPOS="736"/>
</TextLine>
<TextLine HEIGHT="57" WIDTH="864" VPOS="3316" HPOS="414" CS="1">
<String CONTENT="Advertising" HEIGHT="53" WIDTH="301" VPOS="3319" HPOS="414"/>
<SP HEIGHT="37" WIDTH="26" VPOS="3335" HPOS="716"/>
<String CONTENT="matter:" HEIGHT="38" WIDTH="192" VPOS="3326" HPOS="743"/>
<SP HEIGHT="39" WIDTH="29" VPOS="3333" HPOS="936"/>
<String CONTENT="p." HEIGHT="39" WIDTH="41" VPOS="3333" HPOS="966"/>
<SP HEIGHT="30" WIDTH="34" VPOS="3343" HPOS="1008"/>
<String CS="1" CONTENT="[255]&#8211;268." HEIGHT="57" WIDTH="235" VPOS="3316" HPOS="1043"/>
</TextLine>
<TextLine HEIGHT="116" WIDTH="1986" VPOS="3384" HPOS="345" CS="1">
<String CONTENT="&#169;" HEIGHT="54" WIDTH="53" VPOS="3387" HPOS="345"/>
<SP HEIGHT="54" WIDTH="38" VPOS="3387" HPOS="399"/>
<String CONTENT="Sept." HEIGHT="54" WIDTH="121" VPOS="3388" HPOS="438"/>
<SP HEIGHT="42" WIDTH="39" VPOS="3391" HPOS="560"/>
<String CONTENT="15," HEIGHT="53" WIDTH="62" VPOS="3388" HPOS="600"/>
<SP HEIGHT="50" WIDTH="40" VPOS="3391" HPOS="663"/>
<String CONTENT="1925;" HEIGHT="54" WIDTH="131" VPOS="3388" HPOS="704"/>
<SP HEIGHT="52" WIDTH="34" VPOS="3390" HPOS="836"/>
<String CONTENT="2c." HEIGHT="43" WIDTH="65" VPOS="3390" HPOS="871"/>
<SP HEIGHT="44" WIDTH="39" VPOS="3389" HPOS="937"/>
<String CONTENT="Oct." HEIGHT="44" WIDTH="101" VPOS="3389" HPOS="977"/>
<SP HEIGHT="42" WIDTH="39" VPOS="3390" HPOS="1079"/>
<String CS="1" CONTENT="1;" HEIGHT="42" WIDTH="18" VPOS="3390" HPOS="1119"/>
<SP HEIGHT="38" WIDTH="39" VPOS="3404" HPOS="1167"/>
<String CONTENT="aff." HEIGHT="43" WIDTH="81" VPOS="3390" HPOS="1207"/>
<SP HEIGHT="47" WIDTH="40" VPOS="3389" HPOS="1289"/>
<String CONTENT="Sept." HEIGHT="53" WIDTH="121" VPOS="3389" HPOS="1330"/>
<SP HEIGHT="42" WIDTH="37" VPOS="3390" HPOS="1452"/>
<String CONTENT="30;" HEIGHT="52" WIDTH="77" VPOS="3389" HPOS="1490"/>
<SP HEIGHT="52" WIDTH="39" VPOS="3389" HPOS="1568"/>
<!-- cceid 35E390CF-6DD5-1014-B757-AF09C522E301 --><String CONTENT="A" HEIGHT="42" WIDTH="44" VPOS="3389" HPOS="1608"/>
<SP HEIGHT="43" WIDTH="36" VPOS="3389" HPOS="1653"/>
<String CONTENT="864858;" HEIGHT="54" WIDTH="190" VPOS="3387" HPOS="1690"/>
<SP HEIGHT="52" WIDTH="39" VPOS="3389" HPOS="1881"/>
<String CONTENT="J." HEIGHT="52" WIDTH="40" VPOS="3389" HPOS="1921"/>
<SP HEIGHT="43" WIDTH="39" VPOS="3388" HPOS="1962"/>
<String CONTENT="Marvel," HEIGHT="56" WIDTH="195" VPOS="3384" HPOS="2002"/>
<SP HEIGHT="53" WIDTH="35" VPOS="3387" HPOS="2198"/>
<String CONTENT="Wilmington," HEIGHT="114" WIDTH="1917" VPOS="3385" HPOS="414"/>
<SP HEIGHT="52" WIDTH="33" VPOS="3446" HPOS="633"/>
<String CONTENT="Del." HEIGHT="44" WIDTH="101" VPOS="3446" HPOS="667"/>
<SP HEIGHT="54" WIDTH="68" VPOS="3446" HPOS="769"/>
<String CONTENT="(25-19180)" HEIGHT="56" WIDTH="273" VPOS="3444" HPOS="838"/>
</TextLine>
<TextLine HEIGHT="73" WIDTH="834" VPOS="3547" HPOS="344" STYLEREFS="StyleId-AE6AB257-E77C-4643-9BBE-B7106E2250AC-">
<String CONTENT="Mason," HEIGHT="72" WIDTH="240" VPOS="3547" HPOS="344"/>
<SP HEIGHT="71" WIDTH="32" VPOS="3548" HPOS="585"/>
<String CONTENT="Daniel" HEIGHT="58" WIDTH="229" VPOS="3547" HPOS="618"/>
<SP HEIGHT="58" WIDTH="27" VPOS="3548" HPOS="848"/>
<String CONTENT="Gregory." HEIGHT="72" WIDTH="302" VPOS="3548" HPOS="876"/>
</TextLine>
<TextLine HEIGHT="78" WIDTH="1863" VPOS="3633" HPOS="490" STYLEREFS="StyleId-6A6D24FA-A85E-46E7-B910-B6FE6168C8C6-" CS="1">
<String CS="1" CONTENT="&#8230;"/>
<SP HEIGHT="58" WIDTH="43" VPOS="3639" HPOS="490"/>
<String CONTENT="Ears" HEIGHT="57" WIDTH="170" VPOS="3639" HPOS="534"/>
<SP HEIGHT="54" WIDTH="33" VPOS="3642" HPOS="705"/>
<String CONTENT="to" HEIGHT="54" WIDTH="64" VPOS="3642" HPOS="739"/>
<SP HEIGHT="57" WIDTH="35" VPOS="3639" HPOS="804"/>
<String CONTENT="hear;" HEIGHT="70" WIDTH="185" VPOS="3639" HPOS="840"/>
<SP HEIGHT="51" WIDTH="39" VPOS="3658" HPOS="1026"/>
<String CONTENT="a" HEIGHT="38" WIDTH="39" VPOS="3658" HPOS="1066"/>
<SP HEIGHT="53" WIDTH="34" VPOS="3658" HPOS="1106"/>
<String CONTENT="guide" HEIGHT="73" WIDTH="185" VPOS="3638" HPOS="1141"/>
<SP HEIGHT="57" WIDTH="36" VPOS="3638" HPOS="1327"/>
<String CONTENT="for" HEIGHT="57" WIDTH="107" VPOS="3638" HPOS="1364"/>
<SP HEIGHT="37" WIDTH="32" VPOS="3657" HPOS="1472"/>
<String CONTENT="music" HEIGHT="56" WIDTH="201" VPOS="3638" HPOS="1505"/>
<SP HEIGHT="56" WIDTH="32" VPOS="3638" HPOS="1707"/>
<String CONTENT="lovers," HEIGHT="71" WIDTH="227" VPOS="3638" HPOS="1740"/>
<SP HEIGHT="73" WIDTH="37" VPOS="3636" HPOS="1968"/>
<String CONTENT="by" HEIGHT="72" WIDTH="84" VPOS="3636" HPOS="2006"/>
<SP HEIGHT="73" WIDTH="33" VPOS="3635" HPOS="2091"/>
<String CONTENT="Daniel" HEIGHT="59" WIDTH="228" VPOS="3633" HPOS="2125"/>
</TextLine>
<TextLine HEIGHT="78" WIDTH="2005" VPOS="3712" HPOS="346" STYLEREFS="StyleId-6A6D24FA-A85E-46E7-B910-B6FE6168C8C6-" CS="1">
<String CONTENT="Gregory" HEIGHT="74" WIDTH="288" VPOS="3716" HPOS="346"/>
<SP HEIGHT="73" WIDTH="28" VPOS="3716" HPOS="635"/>
<String CONTENT="Mason." HEIGHT="58" WIDTH="243" VPOS="3716" HPOS="664"/>
<SP HEIGHT="60" WIDTH="73" VPOS="3715" HPOS="908"/>
<String CS="1" CONTENT="Chicago," HEIGHT="75" WIDTH="291" VPOS="3715" HPOS="982"/>
<SP HEIGHT="74" WIDTH="32" VPOS="3715" HPOS="1274"/>
<String CONTENT="American" HEIGHT="58" WIDTH="340" VPOS="3715" HPOS="1307"/>
<SP HEIGHT="56" WIDTH="27" VPOS="3715" HPOS="1648"/>
<String CONTENT="library" HEIGHT="72" WIDTH="244" VPOS="3715" HPOS="1676"/>
<SP HEIGHT="54" WIDTH="31" VPOS="3733" HPOS="1921"/>
<String CONTENT="association," HEIGHT="73" WIDTH="398" VPOS="3712" HPOS="1953"/>
</TextLine>
<TextLine HEIGHT="56" WIDTH="166" VPOS="3796" HPOS="344" STYLEREFS="StyleId-6A6D24FA-A85E-46E7-B910-B6FE6168C8C6-">
<String CONTENT="1925." HEIGHT="56" WIDTH="166" VPOS="3796" HPOS="344"/>
</TextLine>
<TextLine HEIGHT="57" WIDTH="1152" VPOS="3883" HPOS="415">
<String CONTENT="35," HEIGHT="54" WIDTH="66" VPOS="3884" HPOS="415"/>
<SP HEIGHT="30" WIDTH="33" VPOS="3910" HPOS="482"/>
<String CONTENT="[1]" HEIGHT="53" WIDTH="52" VPOS="3887" HPOS="516"/>
<SP HEIGHT="39" WIDTH="30" VPOS="3900" HPOS="569"/>
<String CONTENT="p." HEIGHT="38" WIDTH="39" VPOS="3900" HPOS="600"/>
<SP HEIGHT="43" WIDTH="62" VPOS="3886" HPOS="640"/>
<String CONTENT="18" HEIGHT="43" WIDTH="51" VPOS="3886" HPOS="703"/>
<String STYLE="superscript" CONTENT="cm" HEIGHT="18" WIDTH="46" VPOS="3888" HPOS="759"/>
<String CONTENT="." HEIGHT="8" WIDTH="7" VPOS="3921" HPOS="813"/>
<SP HEIGHT="54" WIDTH="68" VPOS="3886" HPOS="821"/>
<String CONTENT="(Reading" HEIGHT="54" WIDTH="233" VPOS="3886" HPOS="890"/>
<SP HEIGHT="38" WIDTH="26" VPOS="3900" HPOS="1124"/>
<String CONTENT="with" HEIGHT="45" WIDTH="111" VPOS="3884" HPOS="1151"/>
<SP HEIGHT="43" WIDTH="28" VPOS="3885" HPOS="1263"/>
<String CONTENT="a" HEIGHT="29" WIDTH="27" VPOS="3899" HPOS="1292"/>
<SP HEIGHT="38" WIDTH="26" VPOS="3899" HPOS="1320"/>
<String CONTENT="purpose)" HEIGHT="55" WIDTH="220" VPOS="3883" HPOS="1347"/>
</TextLine>
<TextLine HEIGHT="57" WIDTH="1921" VPOS="3951" HPOS="345">
<String CONTENT="&#169;" HEIGHT="55" WIDTH="53" VPOS="3953" HPOS="345"/>
<SP HEIGHT="55" WIDTH="29" VPOS="3953" HPOS="399"/>
<String CONTENT="Oct." HEIGHT="44" WIDTH="101" VPOS="3956" HPOS="429"/>
<SP HEIGHT="43" WIDTH="28" VPOS="3956" HPOS="531"/>
<String CONTENT="31," HEIGHT="51" WIDTH="66" VPOS="3956" HPOS="560"/>
<SP HEIGHT="51" WIDTH="32" VPOS="3956" HPOS="627"/>
<String CONTENT="1925;" HEIGHT="53" WIDTH="129" VPOS="3954" HPOS="660"/>
<SP HEIGHT="51" WIDTH="30" VPOS="3956" HPOS="790"/>
<String CONTENT="2c." HEIGHT="43" WIDTH="65" VPOS="3956" HPOS="821"/>
<SP HEIGHT="28" WIDTH="28" VPOS="3971" HPOS="887"/>
<String CONTENT="and" HEIGHT="43" WIDTH="87" VPOS="3956" HPOS="916"/>
<SP HEIGHT="43" WIDTH="26" VPOS="3956" HPOS="1004"/>
<String CONTENT="aff." HEIGHT="43" WIDTH="79" VPOS="3956" HPOS="1031"/>
<SP HEIGHT="44" WIDTH="29" VPOS="3955" HPOS="1111"/>
<String CONTENT="Nov." HEIGHT="44" WIDTH="119" VPOS="3955" HPOS="1141"/>
<SP HEIGHT="43" WIDTH="28" VPOS="3955" HPOS="1261"/>
<String CONTENT="4;" HEIGHT="53" WIDTH="51" VPOS="3955" HPOS="1290"/>
<SP HEIGHT="53" WIDTH="29" VPOS="3955" HPOS="1342"/>
<!-- cceid 35E3CC52-6DD5-1014-B757-AF09C522E301 --><String CONTENT="A" HEIGHT="43" WIDTH="44" VPOS="3955" HPOS="1372"/>
<SP HEIGHT="43" WIDTH="27" VPOS="3955" HPOS="1417"/>
<String CONTENT="869890;" HEIGHT="53" WIDTH="192" VPOS="3954" HPOS="1445"/>
<SP HEIGHT="53" WIDTH="31" VPOS="3954" HPOS="1638"/>
<String CONTENT="American" HEIGHT="44" WIDTH="247" VPOS="3953" HPOS="1670"/>
<SP HEIGHT="43" WIDTH="28" VPOS="3952" HPOS="1918"/>
<String CONTENT="library" HEIGHT="52" WIDTH="171" VPOS="3951" HPOS="1947"/>
<SP HEIGHT="38" WIDTH="29" VPOS="3965" HPOS="2119"/>
<String CONTENT="assn." HEIGHT="29" WIDTH="117" VPOS="3964" HPOS="2149"/>
</TextLine>
</TextBlock>
</PrintSpace>
</Page>
</Layout>
</alto>