2533 4412
1051 4089 109 56 835

103 440 1968 152 Paris. Biblioth è que nationale. D é partement des imprimes.
104 608 1993 151 … Catalogue g é n é ral des livres imprim é s de la Biblioth è que nationale. Auteurs, t. LXXXIII. Koropatnicki-
101 764 425 57 Kurtzworth.
601 763 204 73 Paris,
841 763 396 72 Imprimerie
1269 762 336 73 nationale,
1644 764 164 56 1925.

170 855 29 43 2
225 868 39 39 p.
313 889 23 17 l.,
369 853 106 45 1292
502 853 151 45 numb.
683 853 82 44 col.
824 851 54 46 25
886 856 47 18 cm
939 888 9 9 .

173 925 65 43 At
266 925 116 44 head
411 924 51 44 of
491 925 122 43 title:
649 924 241 43 Ministère
919 924 55 43 de
1004 923 299 44 l’instruction
1333 923 213 53 publique
1576 933 42 35 et
1650 925 76 43 des
1759 924 280 45 beaux-arts.

101 993 1994 57 © May 11, 1925; 1c. June 10; A—Foreign 27879; Bibliotheque nationale de
173 1051 187 52 France,
392 1052 145 43 Paris.

101 1149 242 71 Parvis,
388 1149 255 73 Gladys.

182 1240 128 56 The
361 1239 213 59 Street
621 1239 66 58 of
732 1239 103 57 the
885 1258 186 39 seven
1115 1239 161 58 little
1326 1239 253 71 sisters;
1629 1259 39 38 a
1711 1241 124 57 tale
1884 1241 68 58 of
1998 1242 99 58 old

106 1315 186 60 Cairo
327 1319 123 56 and
482 1317 103 57 the
621 1320 183 70 great
835 1318 229 73 desert,
1099 1319 83 71 by
1215 1317 235 72 Gladys
1484 1318 247 57 Parvis.
1809 1317 288 76 Chicago,

101 1397 71 58 R.
218 1397 69 55 F.
335 1395 307 74 Seymour
686 1424 13 45 [
702 1403 18 23 c
723 1396 165 74 1925]

179 1488 78 44 104
286 1503 39 37 p.
389 1487 116 43 illus.
565 1487 53 44 23½
654 1489 48 18 cm
707 1522 9 8 .

102 1558 53 54 ©
183 1561 112 51 Apr.
323 1561 39 51 8,
395 1557 127 54 1925;
554 1560 64 42 2c.
647 1560 117 51 June
797 1559 73 52 18;
901 1559 78 43 aff.
1009 1559 120 52 Aug.
1162 1559 74 52 14;
1267 1560 43 42 A
1342 1559 188 54 864242;
1563 1561 149 53 Ralph
1742 1560 211 45 Fletcher
170 1562 1906 105 Seyiffour.
385 1614 271 56 (25–15987)

100 1715 350 72 Patterson,
496 1713 272 60 Willard
811 1713 77 59 H.

102 1803 1992 156 The question of prayer, by the Rev. Willard H. Patterson … Pittsburgh, Pa., The United Presbyterian
103 1963 197 57 board
330 1959 67 60 of
425 1958 384 74 publication
838 1962 123 56 and
988 1959 178 58 Bible
1198 1960 210 58 school
1433 1962 189 73 work,
1654 1964 166 57 1925.

182 2054 50 45 16
258 2071 40 37 p.
357 2053 51 44 21½
446 2056 47 17 cm
499 2088 9 8 .
577 2052 267 54 (Pamphlet
871 2052 151 52 series,
1046 2066 74 29 no.
1147 2053 51 53 4)

103 2124 53 54 ©
185 2125 107 53 July
324 2126 36 51 1,
394 2122 130 54 1925;
554 2124 66 42 2c.
652 2125 117 51 June
803 2119 73 55 15;
911 2123 78 43 aff.
1022 2123 107 53 July
1158 2125 78 51 31;
1270 2125 43 42 A
1347 2124 189 54 862735;
1571 2126 170 45 United
1775 2129 322 52 Presbyterian

173 2182 140 44 board
345 2181 50 43 of
427 2179 275 53 publication
734 2180 86 43 and
855 2179 129 43 Bible
1018 2179 154 44 school
1205 2181 141 44 work.
1416 2181 272 57 (25–15535)

105 2279 480 74 Pennsylvania.
665 2279 243 59 Courts.

103 2371 1994 231 The district and county reports, containing cases decided in all the judicial districts of the state of Pennsylvania. V, 5 … Philadelphia, Howard W. Page, 1924-25.
171 2620 126 53 xviii,
329 2616 84 47 856
443 2632 39 39 p.
540 2617 54 44 23
602 2620 47 18 cm
655 2652 10 10 .

105 2690 53 54 ©
185 2691 119 53 Aug.
333 2691 38 52 3,
401 2687 130 55 1925;
557 2689 65 42 2c.
652 2688 86 44 and
765 2688 79 42 aff.
872 2688 120 52 Aug.
1025 2686 74 53 17;
1130 2687 43 42 A
1201 2686 190 55 861452;
1421 2689 208 45 Howard
1657 2691 74 44 W.
1763 2692 139 54 Page.

106 2804 337 70 Pérochon,
482 2802 244 70 Ernest,
766 2803 189 56 1885-

103 2894 1972 150 … Huit gouttes d’opium, contes pour dormir à la veillée. Paris, Plon-Nourrit et c ie [1925]
176 3050 687 53 4 p. l ., 3–256 p., 2 l. 19 cm .
106 3100 1795 59 © Apr. 6, 1925; 1c. May 2; A—Foreign 27551; Plon-Nourrit & co.
185 3160 269 58 (25–10801)

106 3264 128 57 The
287 3258 511 74 Pharmacopoeia
848 3259 66 57 of
963 3260 103 57 the
1117 3259 236 60 United
1404 3260 213 61 States
1669 3265 67 56 of
1786 3267 311 59 America.

185 3339 143 57 10th
364 3337 320 59 decennial
719 3335 274 58 revision
1037 3336 104 73 (U.
1182 3335 60 59 S.
1278 3337 69 56 P.
1384 3337 67 72 x)
1533 3339 99 72 By
1667 3342 324 74 authority
2028 3346 68 57 of

184 3418 103 58 the
327 3416 237 58 United
609 3413 211 59 States
863 3414 529 71 pharmacopoeial
1433 3417 370 60 convention
1843 3421 145 60 held
2030 3428 65 54 at

183 3494 438 72 Washington,
644 3492 74 56 D.
748 3491 85 72 C.,
859 3492 152 71 May
1034 3493 283 71 11,1920,
1343 3497 315 68 prepared
1681 3497 84 72 by
1787 3498 104 58 the
183 3499 1887 132 Committee
432 3571 66 57 of
529 3569 274 60 revision
834 3570 123 56 and
987 3569 331 71 published
1345 3571 84 71 by
1456 3572 103 57 the
1587 3572 216 61 Board
1835 3577 67 57 of
184 3582 1885 128 trustees.
401 3649 233 59 Official
658 3648 167 56 from
851 3648 292 71 January
1168 3648 246 69 1,1926.
1481 3649 456 81 Philadelphia,
1962 3657 130 72 Pa.,

184 3730 61 59 J.
271 3730 72 56 B.
371 3726 362 73 Lippincott
762 3743 305 54 company
1095 3726 181 73 [1925]

181 3810 82 52 lxi,
292 3808 82 44 626
404 3824 40 37 p.
476 3805 103 44 incl.
613 3805 130 51 illus.,
775 3805 154 44 tables.
989 3805 53 43 23½
1078 3807 47 17 cm
1131 3839 9 9 .

184 3865 178 47 Official
388 3863 91 45 seal
514 3863 84 53 (U.
627 3861 45 47 S.
700 3860 77 54 P.)
813 3862 211 43 mounted
1051 3876 58 29 on
1135 3876 131 29 verso
1294 3861 52 45 of
1371 3869 97 48 t.-p.

110 3921 53 54 ©
194 3923 119 52 Aug.
345 3921 37 49 3,
419 3917 128 53 1925;
580 3918 64 43 2c.
677 3919 88 42 and
794 3918 79 43 aff.
905 3918 121 51 Aug.
1062 3915 47 54 5;
1145 3918 45 41 A
1221 3917 189 53 861297;
1449 3920 150 45 Board
1632 3924 51 42 of
1714 3932 190 38 trustees
1939 3928 51 43 of
2023 3929 74 44 the

178 3978 170 45 United
385 3976 148 45 States
567 3973 377 53 pharmacopoeial
979 3973 278 52 convention,
1294 3974 327 55 Philadelphia.
188 4032 269 56 (25–15246)
