2533 4412
1071 4026 145 59 1365

203 460 81 46 xiv
310 475 54 36 p.,
396 465 18 41 1
478 495 8 16 l.,
517 458 79 48 197
619 475 40 36 p.
688 462 103 43 incl.
819 460 156 46 tables,
1036 461 167 50 diagrs.
1234 458 47 52 (1
1314 458 138 51 fold.)
1524 459 50 44 19
1579 460 46 17 cm
1633 495 8 8 .
1710 458 19 51 (
1736 456 242 51 Half-title
1987 472 14 30 :
2031 456 99 46 The

137 518 213 43 Institute
379 519 54 43 of
461 517 268 45 economics.
791 515 352 51 Investigations
1173 516 45 44 in
1248 506 198 57 finance)

137 569 53 53 ©
223 571 117 43 Nov.
377 570 61 51 10,
475 569 129 51 1925;
638 571 64 43 2c.
735 571 87 42 and
854 571 78 43 aff.
967 570 117 43 Nov.
1122 570 74 50 11;
1231 570 43 41 A
1307 568 190 44 869995:
1537 569 210 44 Institute
1782 568 50 45 of
1867 569 266 50 economics,

206 626 317 53 Washington.
593 625 271 54 (25-23791)

137 713 184 69 Pope,
365 711 171 58 John
574 710 263 73 Russell,
883 713 188 56 1874-

216 789 127 57 The
378 789 414 57 architecture
827 789 67 56 of
929 790 169 56 John
1131 789 248 56 Russell
1412 789 190 71 Pope,
1636 789 152 57 with
138 789 1971 150 introductory

314 869 135 55 text
479 867 84 72 by
595 866 202 72 Royal
834 865 335 60 Cortissoz.
1245 869 86 69 pt.
1370 867 127 56 2-4.
1573 866 150 58 New
1757 866 190 73 York,
137 866 1973 134 William
315 944 302 73 Helbum,

647 944 116 56 inc.
799 975 14 43 [
813 953 20 22 c
837 946 164 73 1925]

205 1022 24 42 3
258 1037 41 27 V.
358 1020 158 53 plates,
546 1022 141 51 plans.
748 1020 56 44 46
809 1023 46 18 cm
862 1057 9 7 .

206 1078 52 42 In
289 1076 230 53 portfolio.

138 1131 53 54 ©
223 1133 108 44 Dec.
359 1133 69 52 23,
462 1131 129 53 1925;
623 1134 66 41 2c.
721 1133 109 43 each
862 1134 110 42 Dec.
1002 1133 79 52 23;
1115 1133 79 43 aff.
1228 1134 108 42 Dec.
1368 1132 78 52 24;
1481 1133 43 42 A
1556 1131 189 53 875607;
1782 1133 207 44 William
208 1133 1903 108 Helburn,
374 1189 82 43 inc.

139 1272 159 72 Rail,
338 1271 229 59 Harris
603 1271 325 74 Franklin,
967 1276 189 57 1870-

196 1351 128 56 The
352 1350 295 72 meaning
672 1351 69 57 of
767 1349 255 73 God by
1047 1349 234 59 Harris
1311 1349 306 58 Franklin
1643 1350 229 58 Rail...
136 1350 1979 147 Nashville,

334 1429 210 70 Tenu.,
580 1427 364 73 Cokesbury
973 1446 201 54 press,
1210 1428 167 58 1925.

207 1505 1342 55 X, 149 p. 19 ½cm . (The Quillian lectures for 1924)
139 1562 52 54 ©
220 1564 100 44 Oct.
351 1562 62 52 17,
444 1561 129 53 1925;
602 1564 63 42 2c.
693 1564 86 42 and
807 1563 77 43 aff.
913 1563 121 43 Nov.
1064 1564 74 50 14-;
1170 1564 43 42 A
1241 1562 163 45 872433;
1461 1564 168 43 Lamar
1653 1564 87 43 and
1771 1564 183 52 Barton,
208 1563 1907 101 Nashville.
395 1618 271 55 (25-23424)

141 1701 138 74 Riu,
420 1708 186 53 Agustín.

214 1779 1918 78 Radio recepci ó n, por Agustin Riu ... 3. ed. Barcelona,
138 1858 271 73 Madrid,
456 1858 306 59 Sociedad
804 1859 255 72 general
1101 1858 300 71 espanola
1441 1859 76 57 de
1556 1858 277 73 libreria,
1876 1860 257 73 diarios,

139 1937 269 60 revistas
435 1956 43 52 y
504 1936 479 72 publicaciones,
1014 1955 46 38 s.
1090 1956 73 52 a.,
1192 1937 165 56 1925.

208 2016 83 46 210
313 2031 53 41 p.,
392 2019 26 42 2
461 2051 8 8 l.
532 2016 150 51 front.,
709 2015 116 45 illus.
889 2016 50 44 19
945 2017 46 17 cm
999 2051 8 8 .

141 2071 1977 112 © Mar. 20, 1925; 1c. Mar. 23; A—Foreign 27613; A. Riu Molins, Barcelona. (25-23735)
142 2213 284 72 Roberts,
468 2212 295 58 Clarence
801 2213 270 72 Vernon,
1112 2215 189 57 1862-

220 2292 200 71 Early
449 2291 270 63 Friends
753 2291 276 57 families
1065 2291 68 58 of
1163 2310 205 53 upper
1397 2292 224 72 Bucks,
1655 2292 151 58 with
1844 2312 166 40 some
144 2313 1976 114 account

371 2369 69 57 of
481 2369 168 57 their
689 2369 446 70 descendants;
1177 2369 328 57 historical
1550 2371 124 56 and
1718 2371 422 73 genealogical

143 2446 413 58 information
615 2447 191 56 about
857 2446 103 57 the
1018 2447 177 71 early
1249 2446 252 59 settlers
1560 2446 67 57 in
1678 2466 206 53 upper
1935 2447 206 60 Bucks

147 2523 262 73 County,
437 2523 485 72 Pennsylvania,
949 2525 84 68 by
1059 2522 297 59 Clarence
1382 2524 74 56 V.
1486 2524 274 58 Roberts
1783 2571 61 10 ...
1870 2524 273 60 assisted

144 2602 82 71 by
261 2601 271 58 Warren
574 2601 60 59 S.
675 2600 124 73 Ely
841 2647 86 11 ....
984 2600 458 73 Philadelphia.
1484 2602 130 72 Pa.,
1656 2602 129 58 The
1826 2602 315 73 compiler,

146 2681 163 56 1925.

250 2792 8 14 x,
291 2755 81 44 680
403 2770 39 38 p.
505 2755 152 51 front.,
692 2755 131 53 illus.,
853 2755 156 53 plates,
1045 2763 153 44 ports.,
1232 2768 128 40 maps
1402 2756 47 53 (1
1487 2755 136 53 fold.)
1666 2755 198 45 facsims.
1909 2757 47 53 (1
1996 2756 137 53 fold.)

142 2810 53 46 25
202 2815 47 18 cm
255 2848 9 8 .

216 2868 219 45 “Errata”
473 2868 87 43 and
597 2868 291 43 “Additional
925 2867 280 44 addendum”
1252 2868 47 52 (1
1338 2866 92 45 leaf
1466 2866 195 45 inserted
1698 2867 201 44 between
1935 2881 138 40 pages
2113 2867 28 44 ii

143 2925 88 44 and
260 2924 72 54 iii)

145 2979 53 54 ©
234 2981 101 44 Oct.
370 2981 67 51 24,
474 2978 129 51 1925;
639 2980 65 43 2c.
740 2980 87 44 and
862 2980 78 43 aff.
978 2980 119 43 Nov.
1136 2981 75 49 13;
1248 2980 43 42 A
1329 2977 188 54 875012;
1558 2978 48 45 C.
1644 2980 57 42 V.
1740 2979 210 53 Roberts,
215 2979 1906 110 Philadelphia.
475 3034 270 56 (25-23320)

147 3120 348 69 Rohrbach,
533 3120 242 73 Quincy
805 3119 195 59 Alvin
1032 3121 81 58 W
1424 3122 190 56 1894-

222 3200 424 59 Non-athletic
680 3203 252 57 student
968 3198 311 62 activities
1314 3203 65 55 in
1413 3202 104 57 the
1553 3201 345 71 secondary
1935 3201 204 56 school

156 3279 65 67 (a
253 3280 189 69 study
471 3280 68 56 of
569 3278 155 59 aims
759 3281 124 56 and
915 3277 343 72 outcomes)
1304 3327 61 9 ...
1419 3279 97 70 [by]
1553 3276 239 73 Quincy
1822 3263 190 71 Àlvin
2041 3277 98 58 W.

146 3356 347 59 Rohrbach.
576 3354 457 74 Philadelphia,
1074 3356 165 59 1925.

213 3434 95 49 233,
344 3432 52 48 [2]
430 3447 42 36 p.
530 3432 55 44 23
589 3433 48 19 cm
644 3467 10 10 .

215 3486 164 48 Thesis
425 3489 106 51 (ph.
560 3487 402 52 d.)—University
988 3490 51 44 of
1069 3485 348 53 Pennsylvania,
1450 3485 116 49 1925.

148 3540 53 54 ©
233 3542 102 44 Oct.
366 3543 65 46 29,
467 3541 129 52 1925;
626 3543 65 42 2c.
723 3544 87 42 and
840 3544 77 42 aff.
953 3543 100 44 Oct.
1087 3544 76 50 31;
1197 3542 43 42 A
1272 3541 187 53 872220;
1493 3543 280 44 Westbrook
1803 3542 101 52 pub.
1937 3557 64 29 co.

226 3597 271 55 (25-23787)

153 3667 488 72 Schmeckebier,
681 3668 315 57 Laurence
1039 3667 355 71 Frederick,
1438 3671 188 56 1877-

230 3796 62 9 ...
338 3749 128 57 The
508 3748 420 59 Government
966 3746 286 76 printing
1291 3746 193 74 office;
1525 3746 83 63 its
1648 3748 264 73 history,
150 3746 1970 137 activities

345 3828 122 56 and
519 3826 450 71 organization,
1022 3829 83 69 by
1155 3828 319 57 Laurence
1528 3829 70 56 F.
1656 3825 484 61 Schmeckebier.

148 3903 362 70 Baltimore,
545 3904 146 70 Md.,
727 3905 127 57 The
890 3905 200 58 Johns
1125 3904 288 70 Hopkins
1446 3923 202 51 press,
1683 3905 166 57 1925.
