2533 4412
1303 4097 149 55 1198

381 423 307 69 Denslow,
727 423 141 74 Ray
903 424 290 73 Vaughn.

459 519 378 58 Territorial
865 538 331 53 masonry;
1226 521 105 58 the
1362 523 179 70 story
1569 522 68 59 of
1663 522 443 73 freemasonry
2134 526 123 57 and
2284 526 105 58 the

380 595 345 58 Louisiana
771 597 330 71 purchase,
1151 598 361 71 1804-1821,
1559 600 83 71 by
1690 600 142 72 Ray
1875 599 273 74 Vaughn
378 602 1986 131 Denslow.

596 672 440 75 Washington,
1063 675 73 58 D.
1167 673 86 73 C.,
1280 677 130 57 The
1435 676 285 60 Masonic
1745 678 238 59 service
2009 677 380 62 association

381 752 69 57 of
475 752 105 57 the
609 749 239 62 United
877 752 233 71 States,
1140 753 167 57 1925.

448 841 79 46 viii
553 857 54 37 p.,
632 847 25 42 2
714 879 9 15 l.,
748 844 80 46 291
853 858 41 37 p.
955 843 55 46 20
1016 847 47 18 om
1069 882 9 9 .

380 910 53 54 ©
470 912 102 44 Oct.
612 913 35 51 1,
685 911 130 54 1925;
851 913 65 43 2c.
952 913 88 43 and
1073 913 80 43 aff.
1191 913 102 44 Oct.
1333 915 45 51 1;
1417 914 44 42 A
1498 913 189 53 869097;
1728 915 211 44 Masonic
1976 916 171 44 service
2185 931 105 29 assn.
2338 917 52 45 of

449 969 75 44 the
558 969 173 44 United
770 968 164 50 States.
1003 969 274 55 (25-20394)

380 1067 358 74 Döderlein,
771 1069 226 59 Albert
1029 1069 349 75 Siegmund
1410 1071 259 71 Gustav,
1706 1073 190 58 1860-

524 1160 1867 75 … Operative gynäkologie. 5. aufl. bearb. von dr. med.
379 1240 2012 61 et dr. art. obs. h. c. Albert Döderlein … Mit 443 teils
378 1318 296 73 farbigen
719 1318 422 73 abbildungen
1185 1319 129 58 und
1357 1320 70 56 16
1472 1318 297 75 farbigen
1812 1320 220 58 tafeln.
2115 1319 278 76 Leipzig,

377 1395 69 61 G.
486 1396 274 73 Thieme,
799 1397 167 58 1924.

447 1489 97 52 xix,
578 1492 71 51 [1],
682 1487 120 56 1067,
835 1492 52 45 [1]
921 1504 39 39 p.
1023 1489 115 44 illus.
1166 1490 128 54 (part
1325 1488 110 55 col.)
1478 1489 51 44 16
1558 1489 84 45 col.
1672 1504 73 40 pl.,
1775 1489 168 55 diagrs.
2003 1488 54 46 27½
2092 1492 47 18 cm
2146 1525 9 9 .

447 1562 66 45 At
541 1561 114 46 head
687 1561 51 45 of
767 1562 126 44 title:
927 1559 476 56 Döderlein-Krönig.

450 1618 386 54 Bibliographical
868 1619 265 44 foot-notes.

378 1689 53 54 ©
458 1692 101 52 Jan.
589 1691 65 50 31,
689 1690 129 52 1924;
854 1691 61 42 lc.
948 1688 121 54 Sept.
1099 1689 66 52 23,
1201 1688 129 53 1925;
1363 1688 305 54 A—Foreign
1695 1688 161 54 28622;
1890 1689 155 54 Georg
2074 1688 203 45 Thieme.

458 1746 272 57 (25-22502)

379 1848 281 73 Duggar,
703 1847 172 59 John
912 1845 360 74 Frederick,
1314 1848 192 58 1868-

456 1937 1867 75 Southern forage crops, by John Frederick Duggar …
376 2019 154 59 New
556 2018 191 73 York,
780 2018 130 58 The
939 2018 364 58 Macmillan
1331 2035 325 55 company,
1685 2017 167 58 1925.

449 2112 60 51 ix,
545 2112 81 44 283
660 2126 40 38 p.
761 2110 118 45 illus.
940 2109 53 45 20½
1029 2112 47 18 cm
1083 2145 8 8 .
1161 2108 293 56 (Half-title:
1493 2108 101 45 The
1627 2108 126 45 rural
1790 2109 222 45 textbook
2045 2109 151 51 series,
2233 2110 66 44 ed.
2334 2108 59 55 by

377 2170 50 47 L.
460 2171 62 43 H.
556 2168 183 55 Bailey)

448 2239 332 47 “References”
808 2247 46 37 at
883 2240 86 43 end
997 2239 51 44 of
1078 2238 110 44 each
1218 2237 200 53 chapter.

377 2312 53 54 ©
464 2313 102 44 Oct.
602 2313 63 52 13,
699 2310 131 53 1925;
861 2311 67 43 2c.
962 2310 101 44 Oct.
1100 2308 74 51 15;
1210 2309 79 43 aff.
1324 2309 102 44 Oct.
1462 2309 74 52 14;
1573 2308 43 42 A
1648 2308 192 53 869395;
1878 2307 267 45 Macmillan
2178 2324 65 29 co.

456 2368 272 57 (25-20648)

379 2467 375 65 Eisenstein,
790 2467 216 60 Judah
1037 2464 227 68 David,
1301 2467 190 58 1855-

2139 2587 184 66 אוצר
1823 2589 252 62 מאמרי
1551 2585 206 100 תנ״ך.
1169 2587 264 74 מערכה
725 2563 374 98 למאמרים,
375 2593 286 64 פתגמים

2151 2703 240 64 ובטוים
1873 2701 244 66 בכתבי
1601 2705 244 98 הקדש.
1365 2673 170 96 כולל
1239 2675 96 94 יל
1003 2707 202 62 שמות
615 2707 354 70 הנרדפים,
377 2711 208 64 שמות

2175 2817 216 62 אפיים
1861 2815 226 64 ושמות
1577 2817 210 98 קרובי
1379 2817 134 92 ענין
1171 2785 142 96 וכלי
791 2819 326 64 השרשים
377 2821 338 64 הנמצאים

2151 2931 242 64 בתורה
1849 2931 250 62 נביאים
1505 2929 292 66 וכתובים
1223 2931 238 72 עברית
877 2933 298 64 וארמית.
541 2935 258 98 הערכין
373 2905 124 96 לפי

2111 3045 280 72 הענינים
1807 3045 212 62 בסדר
1513 3015 206 94 אלפא
1235 3047 190 62 ביתא
1025 3021 120 92 וכל
811 3051 136 96 ענין
609 3019 124 96 לפי
375 3051 158 64 סדר

2063 3159 324 100 הפסוקים
1775 3159 244 64 בספרי
1519 3155 204 104 תנ״ך.
1347 3159 94 74 עם
1065 3161 236 72 הערות
751 3163 272 66 והארות
379 3133 316 134 לפסוקים

2191 3271 198 102 קשים
1823 3271 300 64 וסתומים
1483 3271 248 64 ומפתח
1261 3243 154 96 גדול
1055 3243 140 96 לכל
669 3277 320 64 השרשים
377 3279 226 64 בשפה

375 3355 2014 138 העבריה, על ידי יהודה דוד אייזנשטיין … נוי אָ רק,
2115 3495 272 66 תרפ״ה.

443 3569 584 58 4 p. l., 495 p. 28½ cm .
445 3645 164 44 Added
643 3652 124 44 t.-p.:
806 3642 125 45 Ozar
965 3655 232 30 maamare
1231 3638 183 45 tanakh.
1474 3638 44 43 A
1557 3638 310 43 concordance
1903 3635 53 46 of
1992 3637 166 50 words,
2197 3636 188 53 phrases

373 3704 90 44 and
487 3703 161 44 idioms
674 3701 45 43 in
745 3699 75 45 the
844 3698 129 53 Holy
997 3697 130 44 Bible
1151 3696 279 53 comprising
1455 3694 60 44 all
1541 3707 259 41 synonyms,
1825 3693 268 53 homonyms
2119 3694 89 43 and
2232 3694 153 43 words

374 3760 50 47 of
466 3759 176 47 similar
681 3756 237 46 character
960 3754 47 45 in
1048 3754 76 45 the
1168 3752 92 47 Old
1301 3751 279 53 Testament,
1624 3750 201 46 Hebrew
1870 3752 90 44 and
2003 3749 229 46 Chaldaic.
376 3750 1986 122 Arranged
577 3818 61 51 by
668 3814 201 53 subjects
904 3814 45 43 in
982 3809 256 56 alphabetic
1268 3810 135 44 order
1435 3808 112 44 with
1579 3808 177 44 critical
1789 3807 89 45 and
1911 3808 300 53 explanatory
2242 3816 142 36 notes.

376 3877 144 43 Index
554 3873 50 44 of
640 3872 76 44 the
753 3879 124 37 roots
914 3869 50 45 of
999 3869 60 43 all
1096 3868 151 44 words
1286 3866 144 44 found
1466 3865 45 43 in
1547 3866 77 44 the
1661 3864 144 55 Bible,
1842 3866 60 52 by
1938 3866 41 52 J.
2018 3865 57 42 D.
2113 3864 269 47 Eisenstein.

374 3934 120 43 New
521 3929 145 53 York,
695 3930 42 52 J.
768 3929 57 42 D.
857 3924 268 51 Eisenstein,
1162 3921 118 47 1925.

375 3989 53 51 ©
453 3989 106 51 July
585 3987 66 51 20,
684 3984 131 52 1925;
843 3985 66 42 2c.
939 3983 89 43 and
1054 3982 80 43 aff.
1163 3980 105 54 July
1296 3980 77 52 29;
1405 3980 44 42 A
1478 3978 189 52 861240;
1698 3978 147 52 Julius
1875 3979 56 43 D.
1961 3977 270 52 Eisenstein,
2261 3978 119 44 New

444 4046 143 44 York.
657 4040 273 58 (25-19854)
