2533 4412
0 0 0 0 1308
424 468 965 54 6 p. l., 5-118 p. front., (port.) 21 cm .
355 525 53 53 ©
440 527 102 44 Oct.
574 527 67 51 30,
675 524 130 54 1925;
836 527 66 42 2c.
936 526 119 44 Nov.
1085 527 51 51 2;
1171 527 80 43 aff.
1284 526 120 44 Nov.
1437 525 48 53 5;
1520 527 44 41 A
1594 524 166 47 872293;
1819 526 203 44 Thomas
2058 526 189 52 Seltzer,
2280 527 83 44 inc.

433 581 273 56 (25-22586)

358 667 319 74 Costigan,
715 668 242 74 George
995 668 267 72 Purcell,
1301 670 191 58 1870-

433 759 205 59 Select
663 779 174 39 cases
865 779 79 39 on
967 761 105 57 the
1097 761 120 57 law
1244 759 69 59 of
1337 763 201 56 trusts
1569 760 269 58 selected
1861 762 169 57 from
2056 761 312 58 decisions

355 837 69 59 of
453 838 268 75 English
754 840 124 57 and
910 839 339 58 American
1280 841 232 69 courts,
1543 840 85 71 by
1660 837 245 75 George
1938 839 69 59 P.
2046 838 322 76 Costigan,

353 917 1750 73 jr. … St. Paul, West publishing company, 1925.
423 996 115 52 xxii,
578 993 107 46 1017
718 1010 40 38 p.
817 994 55 44 26
879 998 46 17 cm
1011 995 273 54 (American
1318 995 226 44 casebook
1575 995 166 53 series;
1776 996 78 44 W.
1891 996 55 43 R.
1981 995 171 52 Vance,
2185 996 186 54 general

354 1053 174 53 editor)

357 1109 53 54 ©
441 1112 121 52 Aug.
593 1110 67 52 26,
694 1108 131 55 1925;
856 1111 66 42 2c.
955 1110 103 44 Oct.
1087 1110 80 52 29;
1201 1110 79 43 aff.
1313 1110 103 43 Oct.
1447 1109 79 53 28;
1559 1109 44 43 A
1635 1108 191 55 872288;
1861 1111 133 44 West
2026 1112 101 52 pub.
2159 1127 66 28 co.

436 1165 272 57 (25-22351)

359 1252 230 71 Coxon,
625 1251 234 58 Muriel
901 1250 225 74 (Hine)
1170 1251 190 58 “Mrs.
1400 1249 240 75 Sidney
1674 1251 271 59 Coxon.”

438 1342 130 60 The
608 1345 316 57 reluctant
958 1343 329 73 impostor,
1326 1344 85 71 by
1449 1343 232 58 Muriel
1719 1343 186 59 Hine.
1986 1346 154 57 New
2177 1346 191 74 York,

356 1423 202 74 Dodd,
595 1423 189 58 Mead
819 1424 124 57 and
977 1441 324 54 company,
1339 1422 166 58 1925.

428 1500 618 54 4 p. l., 3-301 p. 19½ cm .
357 1556 53 54 ©
444 1559 101 44 Oct.
580 1559 64 50 31,
681 1556 130 54 1925;
843 1557 66 43 2c.
943 1557 120 44 Nov.
1095 1557 50 51 9;
1181 1557 79 43 aff.
1295 1556 119 44 Nov.
1450 1555 47 53 5;
1533 1558 44 41 A
1610 1555 191 54 869945;
1840 1558 115 43 Mrs.
1992 1557 168 54 Sidney
2194 1558 173 55 Coxon,

429 1615 201 44 London.
701 1612 272 56 (25-22637)

361 1702 286 71 Cozzens,
685 1702 215 57 James
939 1698 221 61 Gould.

433 1778 272 58 Michael
743 1778 305 71 Scarlett;
1086 1798 36 37 a
1155 1777 268 72 history,
1459 1778 85 72 by
1575 1778 219 58 James
1834 1778 204 60 Gould
2076 1778 287 62 Cozzens.

355 1858 153 57 New
534 1856 191 73 York,
755 1856 74 57 A.
861 1857 48 57 &
939 1855 64 60 C.
1033 1855 180 73 Boni,
1244 1856 167 57 1925.

425 1938 82 44 318
533 1953 41 38 p.
639 1937 50 44 19½cm.

358 1992 53 55 ©
445 1994 122 44 Nov.
598 1994 39 52 2,
673 1991 131 54 1925;
839 1993 64 44 2c.
936 1993 88 44 and
1056 1993 79 42 aff.
1170 1992 121 43 Nov.
1329 1994 74 52 11;
1439 1992 44 43 A
1517 1990 190 55 875002;
1744 1992 165 46 Albert
1942 1994 38 45 &
2015 1992 189 47 Charles
2240 1997 130 52 Boni,

430 2054 82 42 inc.
583 2049 272 57 (25-22754)

362 2137 205 71 Cross,
608 2136 154 58 Tom
797 2135 204 58 Peete.

434 2216 61 56 A
522 2215 109 59 list
665 2215 68 57 of
761 2215 193 58 books
989 2216 124 56 and
1145 2213 271 72 articles,
1450 2213 222 73 chiefly
1698 2213 542 77 bibliographical,

361 2218 1988 150 designed
624 2297 64 54 to
736 2312 179 39 serve
961 2311 68 39 as
1078 2312 80 38 an
1200 2291 430 58 introduction
1673 2295 63 55 to
1782 2293 104 58 the
1930 2293 444 74 bibliography

359 2375 124 56 and
511 2372 288 58 methods
835 2370 68 59 of
933 2370 270 74 English
1234 2369 269 71 literary
1534 2369 250 72 history
1825 2370 179 70 (with
2037 2392 81 37 an
2144 2372 221 73 index)

359 2451 309 72 compiled
689 2451 85 71 by
800 2450 155 57 Tom
982 2450 191 56 Peete
1205 2447 208 62 Cross.
1500 2449 78 57 3d
1607 2449 92 57 ed.
1787 2448 291 74 Chicago,
2105 2451 118 71 Ill.,
2244 2452 129 57 The

357 2529 378 72 University
764 2529 69 57 of
865 2526 272 74 Chicago
1167 2546 182 53 press
1383 2557 13 45 [
1397 2535 20 21 c
1420 2526 151 57 1925]

426 2608 94 53 viii,
554 2605 55 47 56
642 2623 39 38 p.
745 2607 53 45 19
802 2608 48 19 cm
856 2642 9 8 .

430 2666 301 45 Interleaved.

360 2723 54 55 ©
443 2725 103 44 Oct.
574 2724 63 49 19,
668 2721 131 53 1925;
827 2723 68 42 2c.
923 2721 103 44 Oct.
1053 2721 80 52 23;
1162 2721 79 42 aff.
1271 2719 103 46 Oct.
1400 2720 80 52 22;
1510 2719 44 43 A
1582 2718 191 55 873150;
1804 2720 55 45 T.
1889 2722 52 43 P.
1973 2720 152 55 Cross,
2157 2721 213 56 Chicago.

439 2778 273 58 (25-22347)

361 2866 246 73 Divine,
651 2863 278 72 Charles,
972 2865 191 58 1889-

438 2945 132 56 The
599 2943 157 58 road
783 2946 64 54 to
875 2942 168 57 town;
1104 2960 36 37 a
1166 2940 162 58 book
1356 2938 69 58 of
1451 2958 236 53 poems,
1714 2941 85 72 by
1829 2939 260 61 Charles
2120 2942 245 60 Divine.

358 3024 155 57 New
536 3020 193 71 York,
758 3022 68 55 T.
860 3019 259 71 Seltzer,
1149 3019 167 56 1925.

428 3098 587 57 vii p., 1 l., 85 p. 21 cm .
361 3158 53 55 ©
446 3159 103 45 Oct.
579 3158 67 51 30,
681 3154 130 55 1925;
843 3156 65 42 2c.
940 3155 120 43 Nov.
1092 3154 49 52 2;
1177 3154 79 43 aff.
1289 3153 120 43 Nov.
1443 3151 48 55 5;
1526 3154 44 41 A
1601 3152 190 54 872292;
1826 3153 202 45 Thomas
2064 3154 187 54 Seltzer,
2288 3157 83 45 inc.

441 3215 273 56 (25-22481)

361 3304 172 66 Dow,
571 3302 241 71 George
849 3297 283 71 Francis,
1171 3300 191 56 1868-

437 3379 226 58 Whale
688 3377 175 71 ships
892 3376 124 58 and
1039 3375 292 71 whaling,
1359 3396 40 38 a
1418 3374 296 71 pictorial
1736 3374 251 72 history
2013 3376 69 57 of
2102 3377 273 74 whaling

364 3457 232 72 during
624 3456 177 58 three
832 3453 332 68 centuries,
1192 3452 152 58 with
1375 3471 81 38 an
1484 3455 261 55 account
1775 3452 69 57 of
1874 3453 103 57 the
2005 3454 198 58 whale
365 3455 1982 153 fishery
516 3536 67 57 in
626 3533 266 60 colonial
933 3533 154 57 New
1128 3531 313 71 England,
1481 3531 85 71 by
1608 3530 243 73 George
1893 3531 266 59 Francis
2202 3533 172 71 Dow,

362 3608 2011 74 introduction by Frank Wood … Salem, Mass., Marine
364 3692 294 60 research
692 3688 252 73 society,
980 3690 166 56 1925.

435 3770 64 55 xi,
529 3770 80 45 446
638 3785 40 38 p.
707 3767 104 46 incl.
839 3766 119 46 illus.
985 3765 229 56 (facsim.)
1240 3764 156 55 plates,
1455 3764 138 45 front.
1652 3765 55 45 26
1712 3767 47 19 cm
1765 3802 8 8 .
1837 3766 197 54 [Marine
2066 3770 208 42 research
365 3784 1988 97 society,

523 3827 166 50 Salem,
711 3827 143 43 Mass.
907 3824 287 45 Publication
1216 3838 72 29 no.
1315 3823 65 53 10]

434 3882 265 49 Facsimiles
723 3899 58 28 on
803 3881 343 54 lining-papers.

366 3943 53 54 ©
458 3945 103 44 Oct.
603 3941 64 53 17,
707 3939 130 52 1925;
877 3941 65 42 2c.
984 3940 102 44 Oct.
1123 3938 79 52 20;
1244 3939 79 43 aff.
1363 3938 103 44 Oct.
1509 3938 73 47 19;
1625 3939 44 41 A
1708 3937 188 53 869612;
1941 3939 181 43 Marine
2164 3941 207 43 research

437 4001 184 52 society.
692 3996 271 58 (25-22996)
