2533 4412
1044 4074 144 54 1293

134 412 240 71 Detzer,
409 411 161 58 Karl
601 412 95 59 W.

130 488 1973 150 True tales of the D. C. I., by Karl W. Detzer … Indianapolis,
535 568 129 57 The
698 567 486 59 Bobbs-Merrill
1217 586 308 53 company
1559 597 13 43 [
1575 576 18 21 c
1597 569 164 72 1925]

199 645 363 53 343 p. 19 ½ cm .
132 700 52 54 ©
214 703 100 43 Oct.
346 702 62 51 16,
438 700 130 53 1925;
594 702 65 42 2c.
691 702 100 43 Oct.
819 702 77 51 24;
925 702 79 43 aff.
1033 702 101 43 Oct.
1166 702 73 51 19;
1270 702 44 42 A
1341 699 190 55 869755;
1563 703 58 43 K.
1650 704 75 43 W.
1755 703 181 51 Detzer,
1965 704 164 43 Mount

200 759 200 51 Vernon,
455 774 36 27 Ia.
561 756 270 55 (25-21822)

131 841 90 58 De
255 841 189 72 Wolf,
481 841 280 60 Richard
795 842 256 74 Crosby.

195 919 1865 74 An outline of copyright law by Richard C. De Wolf …
125 997 2001 75 introduction by Thorvald Solberg … Boston, Mass.,
126 1077 60 57 J.
216 1075 95 58 W.
342 1077 163 57 Luce
537 1075 47 59 &
612 1095 308 52 company
949 1105 12 43 [
964 1085 18 21 c
987 1076 146 57 1925]

196 1153 114 45 xxiv
340 1169 54 37 p.,
429 1156 16 41 1
499 1188 20 16 l.,
549 1153 81 44 330
658 1168 40 38 p.
757 1154 50 42 21
819 1156 46 17 cm
872 1188 9 8 .

127 1209 53 53 ©
209 1211 100 43 Oct.
337 1212 38 50 8,
405 1209 131 54 1925;
565 1211 64 42 2c.
661 1210 118 44 Nov.
808 1208 50 54 7;
887 1210 79 44 aff.
995 1211 119 43 Nov.
1145 1212 49 51 6;
1225 1211 44 42 A
1297 1209 190 54 869920;
1520 1212 53 42 R.
1605 1209 49 45 C.
1684 1212 70 42 De
1783 1211 147 52 Wolf,
198 1211 1906 109 Washington.
436 1265 269 56 (25-22346)

129 1337 232 72 Durell,
406 1338 270 56 Thomas
717 1337 294 58 Jackson.

204 1416 129 58 The
367 1415 220 58 Durell
622 1417 123 57 and
781 1415 190 60 Gillet
1007 1416 152 57 New
1193 1415 171 58 York
1402 1418 164 56 state
1604 1415 409 73 arithmetics,
2049 1417 79 71 by

128 1493 2002 72 Thomas J. Durell … Harry O. Gillet … and Fletcher
124 1570 1979 153 Durell … New York, Chicago, Charles E. Merrill company [ c 1925]
194 1729 23 42 3
283 1763 8 8 v.
352 1728 128 53 illus.,
516 1726 170 54 diagrs.
750 1727 48 44 19
806 1729 46 17 cm
860 1767 7 6 .

198 1785 243 44 Published
471 1785 96 43 also
597 1786 46 41 in
671 1791 93 37 two
795 1783 201 44 volumes
1029 1782 110 45 with
1172 1784 139 52 slight
1341 1783 250 45 variations
1625 1783 53 45 of
1708 1791 110 37 text.

456 1850 101 35 CONTENTS.—I.
595 1840 294 53 Elementary
926 1840 247 45 book.—II.
1214 1840 322 47 Intermediate
1573 1841 269 44 book.—III.
1881 1842 245 43 Advanced

124 1899 131 44 book.

125 1954 52 54 ©
207 1957 119 52 Aug.
356 1955 67 52 20,
457 1952 103 46 1925;
619 1955 64 42 2c.
715 1954 108 43 each
853 1955 86 42 and
970 1953 103 44 affs.
1107 1955 102 43 Oct.
1239 1953 78 52 27;
1353 1955 44 41 A
1429 1952 361 47 872127-872129;
1850 1954 187 45 Charles
2071 1953 53 48 E.

196 2012 180 45 Merrill
414 2027 64 29 co.
548 2009 271 57 (25-21834)

127 2084 397 70 Ehlermann,
567 2082 163 71 Carl,
773 2084 189 56 1883-

199 2160 455 59 Cornerstones
700 2160 69 56 of
815 2159 249 57 auction
1107 2159 241 70 bridge,
1392 2160 83 71 by
1522 2158 149 60 Carl
1714 2160 404 58 Ehlermann.

121 2238 252 59 Garden
404 2237 161 69 City,
597 2238 73 56 N.
701 2237 93 69 Y.,
825 2237 385 69 Doubleday,
1241 2237 172 69 Page
1442 2237 47 56 &
1519 2256 322 50 company,
1875 2239 148 56 1925.

193 2319 60 42 vii
278 2333 54 38 p.,
363 2321 16 41 1
428 2357 23 12 l.,
477 2318 76 43 291
585 2331 39 38 p.
684 2317 167 52 diagrs.
915 2317 49 43 19
972 2318 46 17 cm
1024 2350 9 8 .

194 2374 151 46 “First
373 2372 211 48 edition.”

123 2429 52 54 ©
212 2430 120 52 Sept.
365 2428 67 53 25,
468 2427 128 54 1925;
629 2429 65 43 2c.
727 2429 87 43 and
845 2429 78 42 aff.
959 2429 100 43 Oct.
1093 2427 79 53 29;
1207 2428 44 42 A
1284 2428 189 52 872168;
1509 2427 281 54 Doubleday,
1827 2430 125 52 Page
1986 2431 37 43 &
2057 2446 64 28 co.

201 2486 269 55 (25-22921)

123 2556 321 73 Eldridge,
483 2554 179 72 Seba,
701 2557 189 57 1885-

202 2636 129 56 The
362 2634 433 72 organization
825 2634 67 56 of
920 2633 111 57 life;
1095 2653 36 37 a
1162 2633 394 57 revaluation
1586 2633 67 57 of
1683 2633 291 60 evidence
126 2635 1973 135 relative

321 2715 63 55 to
413 2712 103 57 the
545 2712 288 71 primary
858 2711 242 57 factors
1127 2711 66 56 in
1222 2710 104 58 the
1358 2710 265 72 activity
1652 2711 122 58 and
1807 2712 314 58 evolution

125 2791 67 56 of
241 2790 199 71 living
491 2789 372 72 organisms,
914 2788 323 73 including
1286 2807 34 38 a
1373 2788 297 57 factorial
1722 2790 278 71 analysis
2055 2791 68 57 of

121 2864 1931 74 human behavior and experience, by Seba Eldridge …
123 2942 1998 76 with an introduction by H. S. Jennings … New York,
124 3023 270 57 Thomas
427 3022 72 57 Y.
538 3021 263 59 Crowell
835 3040 322 53 company,
1194 3021 166 57 1925.

257 3134 9 17 xv,
299 3098 85 44 470
416 3113 39 38 p.
515 3099 53 43 23½
603 3101 46 18 cm
657 3134 8 8 .

121 3154 53 54 ©
208 3156 101 44 Oct.
342 3156 67 50 28,
446 3154 104 44 1925;
611 3155 65 43 2c.
708 3156 87 42 and
828 3155 78 42 aff.
943 3155 101 43 Oct.
1078 3155 48 42 31;
1191 3153 44 42 A
1270 3150 164 45 872224;
1495 3151 200 45 Thomas
1731 3153 55 43 Y.
1823 3152 196 46 Crowell
2052 3170 66 27 co.

199 3211 270 56 (25-22139)

123 3281 230 71 Erwin,
393 3282 212 57 James
645 3280 430 73 Shrewsbury,
1116 3281 189 57 1857-

196 3360 148 56 Law
374 3360 124 57 and
525 3359 273 70 practice
826 3358 64 57 in
921 3359 103 57 the
1053 3356 268 58 District
1352 3359 210 54 courts
1593 3358 68 57 of
1691 3356 153 58 New
1872 3358 248 72 Jersey,

120 3437 362 72 containing
511 3437 154 55 “An
698 3439 97 54 act
826 3434 373 73 concerning
1228 3432 268 59 District
1527 3437 286 66 courts”,
1844 3435 272 58 revision

121 3516 66 56 of
227 3516 166 70 1898,
431 3515 149 55 with
621 3515 83 55 all
744 3514 426 71 supplements
1212 3513 122 58 and
1376 3512 428 57 amendments
1845 3515 63 55 to
1953 3514 166 68 1925,

121 3593 123 57 and
284 3596 177 54 notes
505 3593 68 56 of
615 3592 307 57 decisions
965 3588 366 72 construing
1371 3589 104 57 the
1521 3608 187 54 same,
1753 3591 122 56 and
1918 3590 201 59 forms

120 3670 274 71 adapted
435 3673 64 54 to
540 3668 266 58 District
849 3672 178 54 court
1068 3666 296 72 practice,
1404 3668 85 70 by
1529 3667 218 58 James
1793 3667 61 58 S.
1901 3667 214 57 Erwin

187 3742 1930 77 … 3d ed., by Richard B. Eckman … Newark, N. J.,
121 3827 208 71 Soney
354 3826 49 58 &
437 3826 161 71 Sage
631 3845 107 50 co.,
771 3824 165 61 1925.

189 3903 535 51 4 p. l. , 332 p. 23 cm .
120 3958 52 54 ©
203 3961 100 43 Oct.
331 3961 66 45 26,
432 3958 103 45 1925;
591 3960 64 43 2c.
685 3960 86 42 and
800 3959 79 42 aff.
910 3958 103 43 Oct.
1044 3956 53 45 30;
1153 3958 44 42 A
1227 3955 164 46 869817;
1453 3954 148 55 Soney
1632 3957 37 44 &
1702 3955 119 54 Sage
1851 3971 65 29 co.

199 4015 269 55 (25-21830)
