2533 4412
1078 4083 113 58 773

123 436 213 73 Small,
368 435 234 59 Austin
635 436 58 58 J.

200 528 290 68 Mystery
525 527 68 57 of
631 527 103 57 the
773 527 178 57 black
989 526 289 70 triangle,
1318 527 82 69 by
1442 525 304 58 Seamark
1803 528 216 68 [pseud.]

195 608 82 51 (In
299 607 185 41 London
508 605 191 52 People)

121 658 1997 57 © 1c. July 14, 1925; A ad int. 7104; pubd. May 17; A. J. Small, ℅ Andrew
192 720 61 42 H.
282 719 193 50 Dakers,
502 718 200 43 London.

120 802 222 74 Smith,
381 805 153 56 Mrs.
571 801 177 59 Alice
796 803 342 74 (Prescott)

196 883 1920 73 Kindred, by Alice Prescott Smith … Boston and New
121 961 189 71 York,
341 961 341 73 Houghton
711 959 216 59 Mifflin
955 978 322 55 company,
1310 960 164 57 1925.

189 1038 91 49 viii,
309 1040 83 44 344
414 1053 41 37 p.
520 1040 50 44 19½c
620 1041 29 19 m
656 1076 10 9 .

122 1092 53 53 ©
204 1093 107 52 July
339 1094 66 49 24,
441 1092 129 51 1925;
600 1093 67 42 2c.
699 1093 86 42 and
816 1092 79 43 aff.
927 1092 106 53 July
1062 1090 79 54 27;
1176 1092 44 42 A
1251 1091 188 53 861216;
1475 1091 57 44 A.
1566 1092 51 42 P.
1654 1091 161 53 Smith,
1851 1089 92 48 San
191 1090 1908 104 Francisco.

394 1148 270 55 (25-14514)

121 1234 221 73 Smith,
385 1234 234 59 Robert
661 1235 234 73 Henry.

201 1312 344 58 Text-book
592 1313 68 57 of
709 1313 321 57 advanced
1075 1312 281 58 machine
1408 1312 188 73 work,
1646 1313 317 70 prepared
2011 1312 107 58 for

125 1391 286 57 students
437 1389 65 58 in
530 1389 320 74 technical,
879 1391 255 57 manual
1162 1390 299 74 training,
1491 1391 124 57 and
1641 1391 181 57 trade
1854 1390 261 74 schools,

125 1470 124 58 and
280 1469 104 58 for
413 1469 102 58 the
548 1469 364 72 apprentice
943 1470 124 56 and
1095 1469 104 57 the
1229 1469 336 57 machinist
1595 1470 66 59 in
1690 1470 104 57 the
1829 1469 174 72 shop,
2034 1470 84 71 by

124 1546 1994 73 Robert H. Smith … 886 illustrations. 8th ed., rev. and
124 1626 115 58 enl.
304 1626 258 72 Boston,
591 1625 351 58 Industrial
971 1626 329 58 education
1328 1625 162 57 book
1517 1643 307 54 company
1854 1655 13 44 [
1869 1633 19 23 c
1891 1626 165 72 1925]

201 1705 109 47 [802]
347 1720 40 38 p.
448 1704 130 53 illus.,
612 1702 169 54 diagrs.
838 1705 52 42 21
900 1706 46 17 cm
954 1739 9 8 .

207 1762 53 44 In
291 1760 49 46 15
371 1761 211 52 sections,
610 1761 109 44 each
748 1760 170 45 section
948 1759 252 54 separately
1228 1760 157 53 paged,
1413 1761 111 43 with
1554 1761 75 43 the
1658 1760 170 45 section
1858 1762 191 43 number
2078 1762 44 43 in

129 1820 143 51 heavy
301 1818 99 44 face
427 1826 103 44 type
559 1817 202 53 prefixed
793 1825 46 36 to
867 1817 74 43 the
970 1831 112 39 page
1110 1817 225 43 numbers.

125 1872 53 55 ©
207 1875 106 51 July
338 1874 68 52 28,
439 1872 130 53 1925;
598 1874 65 42 2c.
693 1874 85 42 and
808 1874 79 42 aff.
918 1871 106 54 July
1054 1873 78 52 30;
1165 1873 44 42 A
1238 1872 189 53 864043;
1462 1874 53 43 R.
1547 1874 61 42 H.
1644 1872 161 50 Smith,
1840 1873 281 53 Somerville,

197 1931 140 43 Mass.
402 1928 66 55 [©
495 1930 275 43 corrections
797 1929 45 43 in
868 1929 193 44 sections
1088 1930 37 52 3,
1153 1929 38 52 6,
1219 1929 38 53 7,
1284 1930 88 44 and
1401 1930 64 52 12]
1536 1929 272 55 (25-14313)

125 2015 187 73 Snell,
348 2015 139 74 Roy
519 2015 262 72 Judson,
817 2018 190 57 1878-

269 2093 1856 76 … The crimson thread, by Roy J. Snell. Chicago, The
125 2172 207 72 Reilly
358 2172 48 56 &
431 2171 123 58 Lee
583 2191 86 38 co.
703 2201 13 43 [
719 2179 19 22 c
740 2172 164 73 1925]

194 2249 81 44 303
307 2264 41 38 p.
409 2247 137 46 front.
605 2248 55 44 20
667 2251 46 18 cm
721 2284 8 8 .
798 2248 289 53 (Adventure
1122 2248 162 45 stories
1319 2250 75 43 for
1426 2249 140 54 girls)

122 2304 56 54 ©
202 2307 106 52 July
337 2307 34 51 1,
401 2305 129 53 1925;
559 2307 64 42 2c.
648 2308 87 42 and
757 2307 82 42 aff.
866 2306 120 53 Aug.
1013 2306 49 53 6;
1090 2306 43 43 A
1160 2307 190 51 864118;
1380 2307 151 53 Reilly
1559 2308 37 44 &
1623 2308 87 44 Lee
1736 2323 65 29 co.

204 2361 271 56 (25-14947)

271 2448 1857 74 … The firebug, by Roy J. Snell. Chicago, The Reilly
125 2526 48 58 &
201 2527 121 57 Lee
353 2546 87 37 co.
474 2555 14 44 [
491 2533 19 23 c
511 2528 165 71 1925]

195 2603 82 46 284
307 2619 40 39 p.
408 2603 137 46 front.
604 2603 54 45 20
665 2605 47 20 cm
718 2638 8 10 .
796 2604 119 54 (His
944 2604 213 54 Mystery
1187 2603 162 47 stories
1380 2604 76 45 for
1483 2603 139 55 boys)

127 2660 53 53 ©
207 2662 106 52 July
344 2663 32 48 1,
410 2661 103 44 1925
531 2677 9 36 ;
570 2662 64 43 2c.
663 2663 87 42 and
779 2663 79 42 aff.
888 2662 120 52 Aug.
1038 2662 49 52 6;
1120 2663 44 42 A
1193 2660 188 54 864115;
1416 2662 148 53 Reilly
1595 2663 37 44 &
1660 2664 89 46 Lee
1780 2678 66 29 co.

205 2718 271 54 (25-14948)

125 2805 329 70 Sorenson,
500 2805 214 58 Grace.

205 2882 1847 76 Humorous plays for children, by Grace Sorenson …
131 2959 1422 76 Chicago, T. S. Denison & company [ c 1925]
207 3038 362 54 190 p. 18½ cm .
128 3094 53 53 ©
208 3095 105 53 July
340 3096 36 50 3,
408 3094 130 53 1925;
563 3095 67 43 2c.
657 3096 87 42 and
771 3095 79 43 aff.
878 3094 75 54 July
1011 3095 51 52 9;
1092 3095 44 42 A
1163 3095 190 53 861030;
1383 3095 54 44 T.
1470 3094 44 47 S.
1545 3096 203 44 Denison
1775 3097 37 44 &
1840 3112 66 29 co.

206 3150 271 58 (25-14487)

128 3239 327 75 Spalding,
491 3240 218 72 Henry
743 3237 374 73 Stanislaus,
1156 3241 188 56 1865-
1503 3241 90 57 ed.

208 3318 206 59 Social
467 3318 313 70 problems
838 3317 125 57 and
1018 3317 305 71 agencies,
1382 3317 210 58 edited
1645 3319 83 71 by
1784 3318 223 73 Henry
2064 3321 62 58 S.

130 3394 1973 152 Spalding … New York, Cincinnati [etc.] Benziger brothers,
283 3474 166 56 1925.

199 3548 1057 55 xvi p., 1 l., 423 p. illus., diagrs. 20½ cm .
202 3606 331 45 “References”
560 3614 46 37 at
634 3607 84 44 end
743 3607 51 44 of
819 3616 117 34 most
964 3606 51 45 of
1041 3606 74 45 the
1142 3607 220 51 chapters.

131 3663 53 53 ©
211 3664 106 52 July
348 3663 62 49 15,
443 3662 129 53 1925;
602 3664 64 42 2c.
697 3663 106 52 July
829 3664 79 51 22;
941 3664 79 43 aff.
1050 3663 106 53 July
1184 3663 78 52 23;
1295 3664 44 42 A
1370 3663 188 53 861165;
1593 3665 225 53 Benziger
1847 3666 223 44 brothers.

209 3719 271 56 (25-14316)

132 3806 369 74 Spaulding,
538 3806 212 58 Oliver
782 3807 257 73 Lyman,
1075 3809 190 56 1875-

208 3883 299 58 Warfare
527 3907 12 47 ;
567 3903 37 37 a
628 3884 188 71 study
841 3885 68 56 of
931 3884 284 70 military
1235 3884 286 58 methods
1545 3886 168 57 from
1734 3886 105 58 the
1868 3885 256 59 earliest

136 3960 1988 74 times, by Oliver Lyman Spaulding, jr. … Hoffman Nick-
