2533 4412
0 0 0 0 1279
123 401 326 72 Goodrich,
491 402 220 57 Garter
747 401 256 72 Lyman.

197 492 129 57 The
358 492 261 58 miner’s
654 491 300 72 freedom,
990 511 35 38 a
1059 492 187 71 study
1279 490 68 58 of
1380 492 103 58 the
1515 491 281 74 working
1826 491 112 60 life
1971 492 65 57 in
2070 513 32 36 a

120 568 1965 150 changing industry, by Carter Goodrich … Boston, Marshall Jones company, 1925.
188 738 63 54 xi,
287 739 77 44 189
397 753 39 37 p.
497 738 150 51 front.,
680 738 157 53 plates.
900 740 49 43 19½
984 741 46 17 cm
1036 773 8 8 .
1114 736 288 55 (Half-title:
1441 735 98 47 The
1571 738 220 44 Amherst
1824 738 155 50 books,
121 752 1966 89 second
236 796 161 52 series)

121 863 52 54 ©
203 866 99 43 Oct.
337 863 61 53 15,
430 862 128 55 1925;
589 864 62 43 2c.
684 865 100 43 Oct.
813 864 77 52 23;
922 864 79 45 aff.
1032 865 100 43 Oct.
1160 864 77 51 21;
1269 864 43 42 A
1342 861 189 55 869713;
1565 863 224 44 Marshall
1819 864 137 53 Jones
1988 879 66 29 co.

200 921 269 55 (25-21511)

124 1019 281 72 Hallock,
442 1020 242 58 Gerard
716 1018 335 73 Benjamin
1084 1019 191 72 Fleet,
1313 1021 188 56 1856-
1659 1022 88 56 ed.

199 1108 376 71 Cyclopedia
624 1108 67 58 of
740 1128 247 38 sermon
1036 1108 267 58 outlines
1352 1109 105 56 for
1505 1109 233 70 special
1785 1110 156 70 days
1992 1112 119 56 and

121 1187 348 70 occasions;
509 1206 35 37 a
582 1186 508 71 comprehensive
1127 1186 322 58 collection
1489 1185 67 59 of
1594 1186 358 73 suggestive
121 1207 1968 115 material
334 1264 102 57 for
469 1264 103 60 the
604 1264 409 72 outstanding
1043 1265 154 70 days
1233 1264 123 57 and
1389 1282 255 39 seasons
1678 1265 66 57 of
1778 1265 102 57 the
1916 1265 198 57 entire

121 1341 1992 152 church year, also for fraternities, etc., compiled and edited by Rev. G. B. F. Hallock … New York, George H.
120 1499 215 57 Doran
365 1517 305 52 company
699 1526 13 43 [
715 1506 17 21 c
736 1499 148 55 1925]

189 1605 63 28 XV
280 1604 53 39 p.,
367 1591 18 42 1
438 1624 21 17 l.,
496 1587 158 47 19-325
686 1603 40 38 p.
785 1590 54 41 22
845 1590 47 18 cm
898 1623 9 9 .

122 1659 45 53 ©
203 1661 100 44 Oct.
330 1661 64 49 23,
426 1659 130 47 1925;
585 1660 64 43 2c.
680 1661 101 42 Oct.
807 1659 79 52 27;
918 1659 78 43 aff.
1026 1661 102 42 Oct.
1156 1659 77 52 28;
1265 1660 43 41 A
1337 1659 164 45 869787;
1560 1659 181 53 George
1768 1660 61 43 H.
1859 1660 157 44 Doran
2045 1676 66 29 co.

201 1716 269 55 (25-21597)

196 1819 275 58 Doran’s
508 1816 348 62 minister’s
897 1818 282 71 manual;
1219 1837 37 38 a
1296 1820 189 71 study
1521 1821 123 57 and
1681 1819 206 73 pulpit
1926 1820 185 72 guide

123 1896 1921 72 for the calendar year, edited by Rev. G. B. F. Hallock …
123 1974 148 59 New
298 1972 189 75 York,
518 1973 241 74 George
789 1973 76 59 H.
898 1973 216 60 Doran
1144 1991 322 56 company,
1498 1974 165 58 1926.

189 2066 130 50 xxxi,
347 2065 81 45 550
453 2082 41 35 p.
553 2068 53 41 22½
640 2068 16 18 cm
694 2101 9 9 .

193 2138 246 44 Published
469 2136 118 46 1925.

120 2203 52 54 ©
202 2207 100 42 Oct.
328 2206 66 51 23,
428 2204 102 44 1925;
585 2205 64 43 2c.
680 2204 101 44 Oct.
807 2203 56 44 27;
918 2204 78 43 aff.
1026 2205 102 42 Oct.
1156 2204 52 43 28;
1265 2205 43 41 A
1339 2203 162 45 869785;
1562 2204 180 54 George
1769 2207 62 43 H.
1861 2208 157 42 Doran
2047 2223 63 28 co.

201 2259 269 56 (25-21658)

124 2361 339 72 Hamilton,
508 2360 282 74 Clayton,
834 2364 189 57 1881-

194 2451 1915 74 Wanderings, by Clayton Hamilton … the pictures from
121 2531 314 71 drawings
480 2531 84 71 by
605 2530 235 57 Ernest
887 2530 64 58 C.
995 2530 309 58 Peixotto.
1390 2531 252 58 Garden
1689 2530 162 76 City,
1895 2533 75 57 N.
2016 2533 94 73 Y.,

119 2608 383 74 Doubleday,
533 2609 171 72 Page
734 2608 121 58 and
888 2628 320 53 company,
1241 2609 164 58 1925.

192 2703 79 43 xvi
296 2718 53 38 p.,
378 2705 18 42 1
445 2736 22 18 l.,
499 2702 78 44 162
602 2717 40 38 p.
703 2701 152 54 front.,
880 2701 155 54 plates.
1095 2701 55 45 26
1155 2704 46 17 cm
1208 2737 9 9 .

122 2773 52 53 ©
207 2776 100 42 Oct.
340 2774 37 50 9,
413 2771 102 45 1925;
572 2773 65 42 2c.
671 2773 86 42 and
788 2773 79 42 aff.
901 2774 101 42 Oct.
1034 2773 53 43 29;
1147 2773 44 42 A
1224 2771 163 45 872170;
1449 2774 281 53 Doubleday,
1765 2777 124 51 Page
1922 2778 37 43 &
1991 2792 65 30 co.

203 2829 269 55 (25-21901)

127 2931 422 71 Hauptmann,
587 2929 269 58 Gerhart
891 2930 252 57 Johann
1178 2928 250 73 Robert,
1466 2932 189 58 1862-

266 3022 1848 74 … The island of the great mother; or, The miracle of
154 3100 1959 77 Î le des dames; a story from the Utopian archipelago,
124 3180 347 58 translated
501 3180 83 70 by
611 3177 190 60 Willa
835 3180 123 58 and
987 3177 223 59 Edwin
1243 3178 185 58 Muir.
1512 3180 150 58 New
1691 3181 191 69 York,
1911 3183 71 58 B.
2015 3182 96 58 W.

124 3258 292 58 Huebsch
444 3259 122 56 and
593 3257 103 57 the
722 3255 234 74 Viking
981 3276 200 53 press,
1210 3258 164 58 1925.

191 3346 547 53 3 p. l ., 328 p. 19½ cm .
196 3417 65 43 At
284 3418 115 44 head
423 3418 53 44 of
501 3416 99 44 title
617 3432 9 29 :
655 3415 196 45 Gerhart
876 3416 310 50 Hauptmann.

124 3469 52 53 ©
209 3472 100 42 Oct.
339 3471 38 50 2,
412 3469 128 52 1925;
574 3471 63 41 2c.
671 3471 100 42 Oct.
802 3471 78 50 21;
916 3471 77 42 aff.
1027 3471 101 42 Oct.
1160 3471 77 51 20;
1271 3471 45 41 A
1347 3471 188 52 869646;
1574 3473 50 42 B.
1656 3474 75 43 W.
1767 3475 230 51 Huebsch,
2031 3477 81 42 inc.

204 3520 269 60 (25-21492)

128 3627 336 72 [Hawkins,
498 3627 108 58 Sir
635 3626 300 73 Anthony
968 3626 194 74 Hope]
1201 3629 188 56 1863-

201 3717 1912 78 Little Tiger, by Anthony Hope [pseud.] … New York.
127 3800 240 71 George
397 3798 77 56 H.
507 3798 215 56 Doran
751 3816 305 54 company
1087 3827 12 43 [
1101 3805 19 21 c
1124 3799 163 72 1925]

194 3876 675 51 vi p., 1 l., 9-304 p. 19½ cm .
125 3928 55 54 ©
208 3931 101 42 Oct.
336 3930 65 45 23,
434 3927 128 53 1925;
590 3929 64 42 2c.
685 3930 100 42 Oct.
814 3927 77 54 27;
922 3929 77 42 aff.
1031 3930 101 42 Oct.
1159 3930 79 52 28;
1268 3931 43 41 A
1341 3930 187 53 869780;
1563 3932 178 53 George
1770 3935 61 43 H.
1863 3935 153 43 Doran
2048 3951 65 29 co.

206 3983 269 57 (25-21417)
