2533 4412
1323 4067 113 56 994

427 486 868 54 4 p. l., 312 p. col. front. 19½ cm .
358 541 53 54 ©
439 545 121 51 Aug.
588 541 66 54 27,
686 541 129 55 1925;
846 546 64 42 2c.
941 542 121 54 Sept.
1095 544 74 50 14;
1201 543 79 43 aff.
1315 541 120 54 Sept.
1465 544 48 51 9;
1544 543 44 42 A
1615 542 192 53 861814;
1839 540 247 46 Frederick
2113 543 57 42 A.
2202 541 162 47 Stokes

426 616 51 28 co

359 700 246 73 Müller,
640 700 340 59 Johannes.

433 789 341 58 Hilfsbuch
802 791 109 55 für
941 789 100 59 die
1073 789 525 73 schitfsführung,
1626 807 124 40 von
1779 790 324 58 Johannes
2137 791 229 57 Müller

424 867 1941 74 … und Joseph Krauss … 2., wesentlich erweiterte und
356 948 170 57 verb.
554 947 139 57 aufl.
720 946 114 58 mit
862 948 111 55 229
1000 947 422 73 abbildungen
1446 947 88 56 im
1558 949 132 56 text
1717 948 130 57 und
1874 947 173 58 einer
2072 946 290 75 farbigen

356 1027 174 57 tafel.
613 1025 237 73 Berlin,
877 1026 61 58 J.
971 1025 328 74 Springer,
1329 1026 166 57 1925.

432 1102 1526 57 1 p. l., [v]-xxiv, 576 p. front., illus., col. pl., diagrs. 24 cm .
358 1160 1622 55 © Apr. 17, 1925; 1c. July 17; A —Foreign 28245; J. Springer.
438 1218 273 55 (25-18100)

360 1318 295 73 Murphy,
695 1318 241 73 George
973 1315 77 60 A.

436 1410 369 73 Handicaps
836 1409 66 58 in
930 1408 215 75 music,
1178 1410 83 73 by
1291 1408 246 76 George
1566 1409 75 58 A.
1675 1409 280 74 Murphy;
2017 1430 35 39 a
360 1409 1991 139 compilation
520 1490 68 57 of

614 1490 97 58 six
736 1489 253 60 articles
1016 1488 255 58 written
1296 1489 106 57 for
1427 1490 125 57 and
1576 1489 334 72 published
1935 1490 67 57 in
2025 1490 106 57 the
2159 1489 217 60 Grand

360 1566 2014 76 Rapids press, April 20-25,1925 … Grand Rapids, Mich.,
361 1647 69 59 G.
464 1647 76 58 A.
574 1646 282 73 Murphy
889 1675 13 44 [
903 1656 19 20 c
926 1647 166 72 1925]

430 1724 346 55 20 p. 19½ cm .
361 1781 53 54 ©
441 1785 121 51 Aug.
593 1785 62 49 11,
686 1781 131 54 1925;
844 1786 64 43 2c.
937 1783 90 43 and
1054 1782 78 44 aff.
1161 1783 121 51 Aug.
1315 1783 74 52 14;
1418 1783 44 42 A
1488 1782 193 53 861412;
1713 1781 51 45 G.
1793 1783 57 42 A.
1879 1781 214 54 Murphy.

444 1839 272 55 (25-16963)

364 1938 302 59 National
695 1937 253 73 foreign
977 1937 180 58 trade
1188 1936 390 59 convention.
1651 1940 166 70 12th,
1847 1939 260 73 Seattle,
2140 1940 164 56 1925.

505 2027 1865 74 … Official report of the twelfth National foreign trade
360 2109 391 72 convention,
781 2108 147 57 held
959 2111 64 53 at
1059 2107 257 73 Seattle,
1347 2108 235 72 Wash.,
1617 2108 166 57 June
1817 2108 90 72 24,
1941 2109 90 70 25,
2064 2109 90 71 26,
2188 2109 180 70 1925;

360 2208 38 37 a
421 2187 312 58 verbatim
760 2190 219 67 report
1006 2187 68 56 of
1101 2186 104 57 the
1231 2185 437 75 proceedings,
1697 2186 103 56 the
1831 2185 406 73 discussions,
2264 2187 106 56 the

362 2266 293 72 speeches
692 2269 64 54 at
790 2266 103 56 the
929 2283 201 54 group
1168 2264 294 72 sessions,
1497 2265 125 56 and
1653 2265 104 56 the
1793 2265 335 57 addresses
2163 2264 70 58 of
2264 2264 106 58 the

361 2346 257 72 general
668 2343 295 73 sessions,
1011 2343 292 73 together
1348 2342 153 57 with
1548 2363 35 36 a
1629 2342 108 57 list
1785 2342 68 57 of
1897 2343 105 57 the
2050 2344 318 72 delegates

359 2425 276 71 present,
687 2424 103 56 the
841 2421 470 73 organizations
1363 2422 125 56 and
1535 2421 356 71 companies
1941 2423 429 70 represented,

361 2503 126 56 and
518 2502 106 56 the
657 2501 337 72 personnel
1029 2501 66 56 of
1129 2500 105 57 the
1269 2497 389 60 convention.
1733 2499 153 57 New
1918 2499 192 72 York,
2146 2500 226 58 Issued

358 2581 85 73 by
468 2581 104 57 the
603 2583 341 69 secretary,
972 2578 300 58 National
1299 2577 252 74 foreign
1576 2579 182 57 trade
1787 2578 372 59 convention
359 2579 1988 154 headquarters
687 2690 12 43 [
701 2667 19 22 c
724 2660 165 71 1925j

533 2774 9 18 xxv,
567 2738 78 45 511
674 2753 40 38 p.
775 2739 54 43 24
836 2740 47 17 cm
891 2772 7 9 .

441 2798 67 42 At
535 2796 115 44 head
678 2796 53 44 of
756 2795 99 46 title:
912 2793 222 45 “Greater
1161 2793 255 53 prosperity
1444 2793 201 51 through
1674 2799 182 46 greater
1888 2793 179 52 foreign
2098 2792 166 44 trade.”

369 2853 52 54 ©
454 2853 121 53 Sept.
610 2854 63 50 11,
707 2850 130 55 1925;
869 2854 64 44 2c.
967 2850 121 53 Sept.
1119 2851 78 52 24;
1231 2850 79 43 aff.
1345 2849 121 53 Sept.
1496 2851 78 50 22;
1607 2851 44 42 A
1683 2850 189 52 869106;
1908 2850 55 44 O.
1995 2850 57 43 K.
2084 2849 157 54 Davis,
2274 2865 101 38 sec.,

434 2910 219 44 National
679 2908 182 53 foreign
888 2908 127 44 trade
1041 2907 188 51 council,
1260 2907 116 43 New
1403 2906 142 44 York.

364 3008 302 59 National
698 3008 201 74 plans,
934 3006 138 74 inc.,
1108 3006 271 61 Detroit.

439 3099 61 57 A
533 3099 162 58 book
731 3098 69 58 of
835 3098 234 72 homes,
1109 3097 338 72 especially
1485 3097 303 73 designed
1823 3101 63 54 to
1924 3101 165 55 meet
2126 3099 108 57 the
361 3100 1986 136 demand
582 3178 105 57 for

716 3176 214 58 homes
966 3175 271 74 ranging
1267 3176 66 57 in
1362 3174 171 73 price
1566 3176 169 57 from
1767 3174 209 74 $2,000
2008 3178 63 56 to
2106 3175 262 75 $20,000.

362 3256 270 73 Detroit,
660 3255 205 73 Mich.,
892 3255 302 57 National
1215 3256 204 70 plans,
1444 3252 139 73 inc.,
1607 3262 18 21 c
1630 3255 166 56 1925.

435 3335 64 52 51,
529 3337 51 44 [1]
610 3350 39 38 p.
712 3334 116 44 illus.
859 3333 127 54 (incl.
1013 3332 154 55 plans)
1236 3334 50 42 31
1297 3336 47 17 cm
1350 3368 8 8 .

432 3391 302 52 Advertising
759 3397 191 37 matter:
976 3405 41 37 p.
1043 3387 152 46 46-51.

366 3447 53 54 ©
447 3450 120 51 Aug.
595 3450 67 49 21,
691 3446 129 52 1925;
849 3449 65 42 2c.
942 3448 89 42 and
1058 3447 78 43 aff.
1164 3447 120 51 Aug.
1311 3447 78 52 24;
1419 3446 44 42 A
1490 3443 190 56 861522;
1711 3446 219 44 National
1957 3447 140 52 plans,
2125 3448 81 42 inc.

445 3502 274 57 (25-17130)

367 3591 340 70 Newsome,
747 3589 214 74 Agnes
1000 3589 204 71 Mary.

446 3680 168 72 Cape
656 3679 163 73 Cod;
856 3699 216 38 verses
1109 3680 84 71 by
1227 3680 214 72 Agnes
1480 3679 188 72 Mary
1705 3680 342 73 Newsome,
2089 3681 281 59 sketches

368 3759 81 73 by
476 3758 65 60 C.
572 3758 68 59 G.
671 3758 369 72 Gilpatrick.
1106 3758 259 70 Boston,
1393 3758 547 72 Hersey-Webber
1968 3779 87 39 co.
2089 3789 13 44 [
2103 3770 19 22 c
2127 3761 164 73 1925]

446 3837 1110 54 [28] p. mounted front., illus. 12½ × 16½ cm .
447 3896 148 43 Blank
621 3910 136 38 pages
787 3894 73 44 for
888 3895 172 43 “Notes
1088 3895 89 43 and
1206 3894 314 44 recollections
1550 3895 52 43 of
1629 3894 121 53 Cape
1780 3895 123 44 Cod”
1942 3895 52 53 (4
2020 3904 46 35 at
2094 3897 108 53 end)

368 3951 53 54 ©
448 3954 119 51 Aug.
595 3953 35 49 6,
660 3951 131 51 1925;
820 3954 64 41 2c.
911 3953 87 42 and
1024 3952 78 43 aff.
1132 3952 119 52 Aug.
1283 3952 73 50 14;
1386 3952 44 42 A
1458 3952 189 51 861414;
1680 3953 409 51 Hersey-Webber
2114 3969 64 28 co.

448 4008 272 55 (25-16007)
