<alto xmlns="http://www.loc.gov/standards/alto/ns-v3#" xmlns:xlink="http://www.w3.org/1999/xlink" xmlns:xsi="http://www.w3.org/2001/XMLSchema-instance" xsi:schemaLocation="http://www.loc.gov/standards/alto/ns-v3# http://www.loc.gov/alto/v3/alto-3-0.xsd"><Description>
<MeasurementUnit>pixel</MeasurementUnit>
<sourceImageInformation>
<fileName>1925_v22_Part001.pdf</fileName>
</sourceImageInformation>
<OCRProcessing ID="IdOcr">
<ocrProcessingStep>
<processingDateTime>2019-04-03</processingDateTime>
<processingSoftware>
<softwareCreator>ABBYY</softwareCreator>
<softwareName>ABBYY Recognition Server</softwareName>
<softwareVersion>4.0</softwareVersion>
</processingSoftware>
</ocrProcessingStep>
</OCRProcessing>
</Description>
<Styles>
<ParagraphStyle ID="StyleId-FFFFFFFF-FFFF-FFFF-FFFF-FFFFFFFFFFFF-" ALIGN="Left" LEFT="0." RIGHT="0." FIRSTLINE="0."/>
<ParagraphStyle ID="StyleId-2E5B4E57-07AD-4719-97CB-14521F7F4F8A-" ALIGN="Left" LEFT="0." RIGHT="0." FIRSTLINE="0." LINESPACE="8.899999619"/>
<ParagraphStyle ID="StyleId-62A6F688-D6E3-4EFC-837B-4A4C4EB582B7-" ALIGN="Center" LEFT="0." RIGHT="0." FIRSTLINE="0." LINESPACE="12.19999981"/>
<ParagraphStyle ID="StyleId-21B71EBC-BDB5-4E16-A8F2-58189A39665B-" ALIGN="Block" LEFT="0." RIGHT="0." FIRSTLINE="-13." LINESPACE="11.35000038"/>
<ParagraphStyle ID="StyleId-1E1A68C4-DD4F-417A-A13D-7FEC29ECB499-" ALIGN="Block" LEFT="0." RIGHT="0." FIRSTLINE="-15." LINESPACE="13.30000019"/>
<ParagraphStyle ID="StyleId-6B39EC51-644D-4E90-AF07-84EF2B1E466A-" ALIGN="Block" LEFT="0." RIGHT="0." FIRSTLINE="-15." LINESPACE="8.340000153"/>
<ParagraphStyle ID="StyleId-2C1BA15F-E223-41D6-853D-AAFBDAC17E68-" ALIGN="Center" LEFT="0." RIGHT="0." FIRSTLINE="0." LINESPACE="13."/>
<ParagraphStyle ID="StyleId-A3B2CDF3-43F0-422C-90A0-E074BFEC3BC0-" ALIGN="Block" LEFT="0." RIGHT="0." FIRSTLINE="0." LINESPACE="8.899999619"/>
<ParagraphStyle ID="StyleId-28AB2493-EA15-49C1-A6AC-ED5BC404F0B9-" ALIGN="Center" LEFT="0." RIGHT="0." FIRSTLINE="0." LINESPACE="12.19999981"/>
<ParagraphStyle ID="StyleId-4417A6D4-97E2-4EFC-962D-7FBC0D5273E4-" ALIGN="Left" LEFT="0." RIGHT="0." FIRSTLINE="15." LINESPACE="8.340000153"/>
<ParagraphStyle ID="StyleId-D4EF9C5E-3110-4A39-B7BC-3D84E0F04894-" ALIGN="Center" LEFT="0." RIGHT="0." FIRSTLINE="0." LINESPACE="13.30000019"/>
<ParagraphStyle ID="StyleId-D1243F31-1201-4D92-8F69-43ADB01E9AD1-" ALIGN="Left" LEFT="0." RIGHT="0." FIRSTLINE="-13." LINESPACE="13.30000019"/>
<ParagraphStyle ID="StyleId-C65417C6-23F2-4D8F-BA55-ECE73D98CAB9-" ALIGN="Left" LEFT="0." RIGHT="0." FIRSTLINE="0." LINESPACE="8.899999619"/>
<ParagraphStyle ID="StyleId-835763C1-08DD-41BE-8BAD-8E41EA88DAE3-" ALIGN="Center" LEFT="0." RIGHT="0." FIRSTLINE="0." LINESPACE="11.10000038"/>
<ParagraphStyle ID="StyleId-78FD6B81-8F83-422D-8DF4-4274EAFD19C6-" ALIGN="Block" LEFT="0." RIGHT="0." FIRSTLINE="-17." LINESPACE="12.19999981"/>
<ParagraphStyle ID="StyleId-F506BC7F-570D-458B-9F05-A143E1F5FD17-" ALIGN="Block" LEFT="0." RIGHT="0." FIRSTLINE="-17." LINESPACE="11.35000038"/>
<ParagraphStyle ID="StyleId-CBE02C6B-22D0-48C6-A874-7E90A22F4375-" ALIGN="Center" LEFT="0." RIGHT="0." FIRSTLINE="0." LINESPACE="4.400000095"/>
<ParagraphStyle ID="StyleId-14CC0121-63AF-4AB4-9656-E02F46C61AF2-" ALIGN="Left" LEFT="0." RIGHT="0." FIRSTLINE="0." LINESPACE="8.899999619"/>
<ParagraphStyle ID="StyleId-DD64CECB-1B22-4BFF-84F0-DFDE2B0000F8-" ALIGN="Left" LEFT="0." RIGHT="0." FIRSTLINE="0." LINESPACE="12.19999981"/>
<ParagraphStyle ID="StyleId-8AEF4AA8-141A-4E5D-9C3E-C0F9F43C742F-" ALIGN="Left" LEFT="0." RIGHT="0." FIRSTLINE="0." LINESPACE="8.300000191"/>
<ParagraphStyle ID="StyleId-8C396D2A-39C0-48AB-BABA-2679D8AB257E-" ALIGN="Left" LEFT="0." RIGHT="0." FIRSTLINE="0." LINESPACE="11.10000038"/>
<ParagraphStyle ID="StyleId-3B7FE50F-10D4-487F-BDCD-FD26EB60FD4A-" ALIGN="Block" LEFT="0." RIGHT="0." FIRSTLINE="13." LINESPACE="8.340000153"/>
<ParagraphStyle ID="StyleId-8CC5CC8E-615B-4C42-BB46-DB28FA355C27-" ALIGN="Left" LEFT="0." RIGHT="0." FIRSTLINE="0." LINESPACE="12.19999981"/>
<ParagraphStyle ID="StyleId-BC67E79D-8D99-4188-8B35-A59DBB7E2BB0-" ALIGN="Block" LEFT="0." RIGHT="0." FIRSTLINE="11." LINESPACE="9.399999619"/>
</Styles>
<Layout>
<Page ID="Page1337" PHYSICAL_IMG_NR="1337" HEIGHT="4412" WIDTH="2533">
<TopMargin HEIGHT="362" WIDTH="2533" VPOS="0" HPOS="0">
</TopMargin>
<LeftMargin HEIGHT="3738" WIDTH="84" VPOS="362" HPOS="0">
</LeftMargin>
<RightMargin HEIGHT="3738" WIDTH="317" VPOS="362" HPOS="2216">
</RightMargin>
<BottomMargin HEIGHT="312" WIDTH="2533" VPOS="4100" HPOS="0">
</BottomMargin>
<PrintSpace HEIGHT="3738" WIDTH="2132" VPOS="362" HPOS="84">
<TextBlock ID="Page1337_Block1" HEIGHT="76" WIDTH="164" VPOS="4024" HPOS="1046" LANG="en-US" STYLEREFS="StyleId-93145B9C-E6A5-4F9A-891F-0A322E6ACDCC-">
<TextLine HEIGHT="56" WIDTH="145" VPOS="4034" HPOS="1055">
<String CONTENT="1337" HEIGHT="56" WIDTH="145" VPOS="4034" HPOS="1055"/>
</TextLine>
</TextBlock>
<TextBlock ID="Page1337_Block2" HEIGHT="3682" WIDTH="2132" VPOS="362" HPOS="84" LANG="en-US" CS="1" STYLEREFS="StyleId-34A72579-DAC5-4F01-9594-DFB401410BA3-">
<Shape>
<Polygon POINTS="84,362 2216,362 2216,3762 2048,3762 2048,4032 1052,4032 1052,4034 130,4034 130,4044 84,4044 84,362"/>
</Shape>
<TextLine HEIGHT="75" WIDTH="920" VPOS="394" HPOS="143" STYLEREFS="StyleId-E159C1CC-342E-4F21-87B5-E4598830863F-" LANG="la">
<String CONTENT="Alexander," HEIGHT="74" WIDTH="373" VPOS="394" HPOS="143"/>
<SP HEIGHT="71" WIDTH="42" VPOS="397" HPOS="517"/>
<String CONTENT="Charles," HEIGHT="73" WIDTH="274" VPOS="396" HPOS="560"/>
<SP HEIGHT="67" WIDTH="39" VPOS="402" HPOS="835"/>
<String CONTENT="1897-" HEIGHT="59" WIDTH="188" VPOS="398" HPOS="875"/>
</TextLine>
<TextLine HEIGHT="73" WIDTH="1919" VPOS="501" HPOS="217" STYLEREFS="StyleId-CF52A17E-9AE2-4BA8-95B3-EB0803FAA201-" CS="1">
<String LANG="la" CONTENT="The" HEIGHT="57" WIDTH="128" VPOS="501" HPOS="217"/>
<SP HEIGHT="38" WIDTH="34" VPOS="520" HPOS="346"/>
<String LANG="en-US" CONTENT="splendid" HEIGHT="70" WIDTH="288" VPOS="502" HPOS="381"/>
<SP HEIGHT="55" WIDTH="32" VPOS="504" HPOS="670"/>
<String LANG="en-US" CONTENT="summits," HEIGHT="70" WIDTH="305" VPOS="503" HPOS="703"/>
<SP HEIGHT="69" WIDTH="30" VPOS="504" HPOS="1009"/>
<String LANG="en-US" CONTENT="by" HEIGHT="70" WIDTH="83" VPOS="504" HPOS="1040"/>
<SP HEIGHT="71" WIDTH="31" VPOS="503" HPOS="1124"/>
<String LANG="la" CONTENT="Charles" HEIGHT="59" WIDTH="258" VPOS="503" HPOS="1156"/>
<SP HEIGHT="56" WIDTH="31" VPOS="505" HPOS="1415"/>
<String LANG="la" CONTENT="Alexander" HEIGHT="58" WIDTH="359" VPOS="505" HPOS="1447"/>
<SP HEIGHT="38" WIDTH="35" VPOS="525" HPOS="1807"/>
<String LANG="la" CS="1" CONTENT="&#8230;"/>
<SP HEIGHT="56" WIDTH="75" VPOS="506" HPOS="1907"/>
<String LANG="la" CONTENT="New" HEIGHT="58" WIDTH="153" VPOS="506" HPOS="1983"/>
</TextLine>
<TextLine HEIGHT="75" WIDTH="1332" VPOS="578" HPOS="138" STYLEREFS="StyleId-CF52A17E-9AE2-4BA8-95B3-EB0803FAA201-">
<String CONTENT="York," HEIGHT="74" WIDTH="188" VPOS="578" HPOS="138"/>
<SP HEIGHT="73" WIDTH="26" VPOS="579" HPOS="327"/>
<String CONTENT="Dodd," HEIGHT="71" WIDTH="201" VPOS="579" HPOS="354"/>
<SP HEIGHT="70" WIDTH="27" VPOS="580" HPOS="556"/>
<String CONTENT="Mead" HEIGHT="57" WIDTH="186" VPOS="580" HPOS="584"/>
<SP HEIGHT="56" WIDTH="27" VPOS="581" HPOS="771"/>
<String CONTENT="and" HEIGHT="58" WIDTH="121" VPOS="580" HPOS="799"/>
<SP HEIGHT="58" WIDTH="28" VPOS="580" HPOS="921"/>
<String CONTENT="company," HEIGHT="54" WIDTH="322" VPOS="599" HPOS="950"/>
<SP HEIGHT="69" WIDTH="31" VPOS="584" HPOS="1273"/>
<String LANG="la" CONTENT="1925." HEIGHT="57" WIDTH="165" VPOS="582" HPOS="1305"/>
</TextLine>
<TextLine HEIGHT="54" WIDTH="544" VPOS="673" HPOS="212" LANG="la" CS="1">
<String CONTENT="5" HEIGHT="46" WIDTH="24" VPOS="673" HPOS="212"/>
<SP HEIGHT="53" WIDTH="25" VPOS="673" HPOS="237"/>
<String CONTENT="p." HEIGHT="37" WIDTH="41" VPOS="689" HPOS="263"/>
<SP/>
<String CS="1" CONTENT="l.,"/>
<SP HEIGHT="48" WIDTH="25" VPOS="676" HPOS="374"/>
<String CONTENT="289" HEIGHT="44" WIDTH="82" VPOS="674" HPOS="400"/>
<SP HEIGHT="53" WIDTH="24" VPOS="674" HPOS="483"/>
<String CONTENT="p." HEIGHT="38" WIDTH="39" VPOS="689" HPOS="508"/>
<SP HEIGHT="41" WIDTH="62" VPOS="676" HPOS="548"/>
<String CONTENT="19" HEIGHT="42" WIDTH="49" VPOS="676" HPOS="611"/>
<String LANG="en-US" CS="1" CONTENT="&#189;"/>
<String STYLE="superscript" LANG="en-US" CS="1" CONTENT="c"/>
<String STYLE="superscript" CONTENT="m" HEIGHT="17" WIDTH="28" VPOS="676" HPOS="713"/>
<String CONTENT="." HEIGHT="7" WIDTH="8" VPOS="709" HPOS="748"/>
</TextLine>
<TextLine HEIGHT="57" WIDTH="1997" VPOS="742" HPOS="140" LANG="la">
<String CONTENT="&#169;" HEIGHT="54" WIDTH="53" VPOS="742" HPOS="140"/>
<SP HEIGHT="54" WIDTH="31" VPOS="742" HPOS="194"/>
<String CONTENT="Nov." HEIGHT="44" WIDTH="118" VPOS="744" HPOS="226"/>
<SP HEIGHT="40" WIDTH="36" VPOS="747" HPOS="345"/>
<String CONTENT="14," HEIGHT="48" WIDTH="60" VPOS="744" HPOS="382"/>
<SP HEIGHT="45" WIDTH="37" VPOS="747" HPOS="443"/>
<String CONTENT="1925;" HEIGHT="52" WIDTH="127" VPOS="743" HPOS="481"/>
<SP HEIGHT="50" WIDTH="33" VPOS="745" HPOS="609"/>
<String CONTENT="2c." HEIGHT="43" WIDTH="64" VPOS="745" HPOS="643"/>
<SP HEIGHT="27" WIDTH="31" VPOS="760" HPOS="708"/>
<String CONTENT="and" HEIGHT="43" WIDTH="87" VPOS="745" HPOS="740"/>
<SP HEIGHT="43" WIDTH="30" VPOS="745" HPOS="828"/>
<String CONTENT="aff." HEIGHT="43" WIDTH="79" VPOS="745" HPOS="859"/>
<SP HEIGHT="43" WIDTH="34" VPOS="745" HPOS="939"/>
<String CONTENT="Nov." HEIGHT="43" WIDTH="118" VPOS="745" HPOS="974"/>
<SP HEIGHT="40" WIDTH="36" VPOS="747" HPOS="1093"/>
<String CONTENT="18;" HEIGHT="52" WIDTH="74" VPOS="745" HPOS="1130"/>
<SP HEIGHT="51" WIDTH="33" VPOS="746" HPOS="1205"/>
<!-- cceid 36D199F9-6DD5-1014-B757-AF09C522E301 --><String CONTENT="A" HEIGHT="41" WIDTH="43" VPOS="746" HPOS="1239"/>
<SP HEIGHT="43" WIDTH="32" VPOS="745" HPOS="1283"/>
<String CONTENT="875123;" HEIGHT="54" WIDTH="191" VPOS="743" HPOS="1316"/>
<SP HEIGHT="53" WIDTH="37" VPOS="744" HPOS="1508"/>
<String CONTENT="C." HEIGHT="45" WIDTH="49" VPOS="744" HPOS="1546"/>
<SP HEIGHT="41" WIDTH="32" VPOS="748" HPOS="1596"/>
<String CONTENT="Alexander," HEIGHT="50" WIDTH="276" VPOS="747" HPOS="1629"/>
<SP HEIGHT="48" WIDTH="34" VPOS="749" HPOS="1906"/>
<String LANG="en-US" CONTENT="Albany," HEIGHT="51" WIDTH="196" VPOS="748" HPOS="1941"/>
</TextLine>
<TextLine HEIGHT="56" WIDTH="417" VPOS="799" HPOS="212">
<String LANG="en-US" CONTENT="Or." HEIGHT="45" WIDTH="79" VPOS="801" HPOS="212"/>
<SP HEIGHT="53" WIDTH="68" VPOS="802" HPOS="292"/>
<String LANG="la" CONTENT="(25-23366)" HEIGHT="56" WIDTH="268" VPOS="799" HPOS="361"/>
</TextLine>
<TextLine HEIGHT="73" WIDTH="1808" VPOS="917" HPOS="138" STYLEREFS="StyleId-CF52A17E-9AE2-4BA8-95B3-EB0803FAA201-">
<String CONTENT="Americana." HEIGHT="58" WIDTH="390" VPOS="917" HPOS="138"/>
<SP HEIGHT="54" WIDTH="78" VPOS="919" HPOS="529"/>
<String LANG="la" CONTENT="1925." HEIGHT="56" WIDTH="164" VPOS="919" HPOS="608"/>
<SP HEIGHT="55" WIDTH="83" VPOS="919" HPOS="773"/>
<String CONTENT="New" HEIGHT="56" WIDTH="151" VPOS="919" HPOS="857"/>
<SP HEIGHT="55" WIDTH="32" VPOS="919" HPOS="1009"/>
<String CONTENT="York," HEIGHT="70" WIDTH="190" VPOS="919" HPOS="1042"/>
<SP HEIGHT="71" WIDTH="35" VPOS="918" HPOS="1233"/>
<String CONTENT="A." HEIGHT="55" WIDTH="75" VPOS="918" HPOS="1269"/>
<SP HEIGHT="55" WIDTH="37" VPOS="918" HPOS="1345"/>
<String CONTENT="A." HEIGHT="55" WIDTH="74" VPOS="918" HPOS="1383"/>
<SP HEIGHT="55" WIDTH="40" VPOS="919" HPOS="1458"/>
<String CONTENT="Knopf," HEIGHT="71" WIDTH="241" VPOS="919" HPOS="1499"/>
<SP HEIGHT="69" WIDTH="39" VPOS="921" HPOS="1741"/>
<String CONTENT="1925." HEIGHT="56" WIDTH="165" VPOS="920" HPOS="1781"/>
</TextLine>
<TextLine HEIGHT="53" WIDTH="599" VPOS="1021" HPOS="205" CS="1">
<String CONTENT="X" HEIGHT="26" WIDTH="33" VPOS="1038" HPOS="205"/>
<SP HEIGHT="38" WIDTH="24" VPOS="1036" HPOS="239"/>
<String LANG="la" CONTENT="p.," HEIGHT="38" WIDTH="55" VPOS="1036" HPOS="264"/>
<SP HEIGHT="49" WIDTH="31" VPOS="1024" HPOS="320"/>
<String CONTENT="1" HEIGHT="40" WIDTH="18" VPOS="1024" HPOS="352"/>
<SP/>
<String CS="1" CONTENT="l.,"/>
<SP HEIGHT="53" WIDTH="28" VPOS="1021" HPOS="444"/>
<String CONTENT="311" HEIGHT="43" WIDTH="78" VPOS="1021" HPOS="473"/>
<SP HEIGHT="51" WIDTH="29" VPOS="1023" HPOS="552"/>
<String CONTENT="p." HEIGHT="38" WIDTH="40" VPOS="1036" HPOS="582"/>
<SP HEIGHT="43" WIDTH="57" VPOS="1021" HPOS="623"/>
<String CONTENT="21" HEIGHT="43" WIDTH="52" VPOS="1021" HPOS="681"/>
<String STYLE="superscript" CS="1" CONTENT="cm" HEIGHT="17" WIDTH="15" VPOS="1024" HPOS="743"/>
<String CONTENT="." HEIGHT="8" WIDTH="8" VPOS="1056" HPOS="796"/>
</TextLine>
<TextLine HEIGHT="51" WIDTH="1459" VPOS="1095" HPOS="206">
<String CONTENT="A" HEIGHT="42" WIDTH="44" VPOS="1098" HPOS="206"/>
<SP HEIGHT="43" WIDTH="25" VPOS="1098" HPOS="251"/>
<String CONTENT="collection" HEIGHT="46" WIDTH="242" VPOS="1095" HPOS="277"/>
<SP HEIGHT="29" WIDTH="26" VPOS="1110" HPOS="520"/>
<String CONTENT="of" HEIGHT="42" WIDTH="53" VPOS="1096" HPOS="547"/>
<SP HEIGHT="42" WIDTH="23" VPOS="1096" HPOS="601"/>
<String CONTENT="contributions" HEIGHT="45" WIDTH="334" VPOS="1095" HPOS="625"/>
<SP HEIGHT="37" WIDTH="29" VPOS="1103" HPOS="960"/>
<String CONTENT="to" HEIGHT="37" WIDTH="43" VPOS="1103" HPOS="990"/>
<SP HEIGHT="36" WIDTH="28" VPOS="1104" HPOS="1034"/>
<String CONTENT="the" HEIGHT="44" WIDTH="74" VPOS="1096" HPOS="1063"/>
<SP HEIGHT="44" WIDTH="27" VPOS="1096" HPOS="1138"/>
<String CONTENT="American" HEIGHT="43" WIDTH="245" VPOS="1096" HPOS="1166"/>
<SP HEIGHT="27" WIDTH="28" VPOS="1111" HPOS="1412"/>
<String CONTENT="mercury." HEIGHT="38" WIDTH="224" VPOS="1108" HPOS="1441"/>
</TextLine>
<TextLine HEIGHT="54" WIDTH="788" VPOS="1147" HPOS="139" CS="1">
<String CS="1" CONTENT="Editor:" HEIGHT="46" WIDTH="160" VPOS="1149" HPOS="139"/>
<SP/>
<String CONTENT="1925," HEIGHT="54" WIDTH="119" VPOS="1147" HPOS="362"/>
<SP HEIGHT="51" WIDTH="29" VPOS="1150" HPOS="482"/>
<String LANG="la" CONTENT="H." HEIGHT="41" WIDTH="61" VPOS="1150" HPOS="512"/>
<SP HEIGHT="47" WIDTH="31" VPOS="1151" HPOS="574"/>
<String LANG="la" CS="1" CONTENT="L"/>
<String CONTENT="." HEIGHT="7" WIDTH="7" VPOS="1185" HPOS="649"/>
<SP HEIGHT="43" WIDTH="33" VPOS="1149" HPOS="657"/>
<String CONTENT="Mencken." HEIGHT="42" WIDTH="236" VPOS="1149" HPOS="691"/>
</TextLine>
<TextLine HEIGHT="55" WIDTH="1996" VPOS="1218" HPOS="138" CS="1">
<String CONTENT="&#169;" HEIGHT="54" WIDTH="53" VPOS="1219" HPOS="138"/>
<SP HEIGHT="54" WIDTH="25" VPOS="1219" HPOS="192"/>
<String CONTENT="Oct." HEIGHT="44" WIDTH="101" VPOS="1221" HPOS="218"/>
<SP HEIGHT="43" WIDTH="25" VPOS="1221" HPOS="320"/>
<String CONTENT="30," HEIGHT="50" WIDTH="65" VPOS="1220" HPOS="346"/>
<SP HEIGHT="49" WIDTH="28" VPOS="1221" HPOS="412"/>
<String CONTENT="1925;" HEIGHT="53" WIDTH="129" VPOS="1218" HPOS="441"/>
<SP HEIGHT="51" WIDTH="26" VPOS="1220" HPOS="571"/>
<String CONTENT="2c." HEIGHT="43" WIDTH="64" VPOS="1220" HPOS="598"/>
<SP HEIGHT="43" WIDTH="27" VPOS="1220" HPOS="663"/>
<String CONTENT="Nov." HEIGHT="43" WIDTH="118" VPOS="1220" HPOS="691"/>
<SP HEIGHT="43" WIDTH="25" VPOS="1220" HPOS="810"/>
<String CONTENT="9;" HEIGHT="50" WIDTH="50" VPOS="1220" HPOS="836"/>
<SP/>
<String CONTENT="aff." HEIGHT="42" WIDTH="78" VPOS="1220" HPOS="916"/>
<SP HEIGHT="43" WIDTH="28" VPOS="1219" HPOS="995"/>
<String CONTENT="Nov." HEIGHT="43" WIDTH="118" VPOS="1219" HPOS="1024"/>
<SP HEIGHT="42" WIDTH="31" VPOS="1220" HPOS="1143"/>
<String CONTENT="11;" HEIGHT="51" WIDTH="74" VPOS="1220" HPOS="1175"/>
<SP HEIGHT="51" WIDTH="27" VPOS="1220" HPOS="1250"/>
<!-- cceid 36D1C03E-6DD5-1014-B757-AF09C522E301 --><String CONTENT="A" HEIGHT="41" WIDTH="43" VPOS="1220" HPOS="1278"/>
<SP HEIGHT="43" WIDTH="28" VPOS="1219" HPOS="1322"/>
<String CONTENT="869972;" HEIGHT="47" WIDTH="188" VPOS="1218" HPOS="1351"/>
<SP HEIGHT="44" WIDTH="28" VPOS="1221" HPOS="1540"/>
<String CONTENT="Alfred" HEIGHT="44" WIDTH="167" VPOS="1219" HPOS="1569"/>
<SP HEIGHT="42" WIDTH="25" VPOS="1221" HPOS="1737"/>
<String CONTENT="A." HEIGHT="41" WIDTH="56" VPOS="1221" HPOS="1763"/>
<SP HEIGHT="42" WIDTH="28" VPOS="1220" HPOS="1820"/>
<String CONTENT="Knopf," HEIGHT="52" WIDTH="171" VPOS="1220" HPOS="1849"/>
<SP HEIGHT="48" WIDTH="30" VPOS="1221" HPOS="2021"/>
<String CS="1" CONTENT="inc." HEIGHT="43" WIDTH="82" VPOS="1221" HPOS="2052"/>
</TextLine>
<TextLine HEIGHT="56" WIDTH="269" VPOS="1275" HPOS="215">
<String CONTENT="(25-23066)" HEIGHT="56" WIDTH="269" VPOS="1275" HPOS="215"/>
</TextLine>
<TextLine HEIGHT="71" WIDTH="1118" VPOS="1390" HPOS="136" STYLEREFS="StyleId-E159C1CC-342E-4F21-87B5-E4598830863F-">
<String CONTENT="Anders," HEIGHT="71" WIDTH="264" VPOS="1390" HPOS="136"/>
<SP HEIGHT="70" WIDTH="38" VPOS="1391" HPOS="401"/>
<String CONTENT="James" HEIGHT="58" WIDTH="214" VPOS="1391" HPOS="440"/>
<SP HEIGHT="57" WIDTH="37" VPOS="1391" HPOS="655"/>
<String CONTENT="Meschter," HEIGHT="70" WIDTH="329" VPOS="1391" HPOS="693"/>
<SP HEIGHT="66" WIDTH="40" VPOS="1395" HPOS="1023"/>
<String CONTENT="1854-" HEIGHT="56" WIDTH="190" VPOS="1393" HPOS="1064"/>
</TextLine>
<TextLine HEIGHT="72" WIDTH="1921" VPOS="1481" HPOS="214" STYLEREFS="StyleId-CF52A17E-9AE2-4BA8-95B3-EB0803FAA201-">
<String CONTENT="A" HEIGHT="57" WIDTH="57" VPOS="1482" HPOS="214"/>
<SP HEIGHT="58" WIDTH="27" VPOS="1482" HPOS="272"/>
<String CONTENT="text-book" HEIGHT="58" WIDTH="318" VPOS="1482" HPOS="300"/>
<SP HEIGHT="57" WIDTH="28" VPOS="1482" HPOS="619"/>
<String CONTENT="of" HEIGHT="56" WIDTH="68" VPOS="1483" HPOS="648"/>
<SP HEIGHT="56" WIDTH="24" VPOS="1483" HPOS="717"/>
<String CONTENT="medical" HEIGHT="59" WIDTH="265" VPOS="1481" HPOS="742"/>
<SP HEIGHT="58" WIDTH="28" VPOS="1481" HPOS="1008"/>
<String CONTENT="diagnosis," HEIGHT="70" WIDTH="341" VPOS="1482" HPOS="1037"/>
<SP HEIGHT="68" WIDTH="28" VPOS="1482" HPOS="1379"/>
<String CONTENT="by" HEIGHT="71" WIDTH="84" VPOS="1482" HPOS="1408"/>
<SP HEIGHT="71" WIDTH="26" VPOS="1482" HPOS="1493"/>
<String CONTENT="James" HEIGHT="58" WIDTH="217" VPOS="1482" HPOS="1520"/>
<SP HEIGHT="56" WIDTH="31" VPOS="1483" HPOS="1738"/>
<String CONTENT="M." HEIGHT="56" WIDTH="83" VPOS="1483" HPOS="1770"/>
<SP HEIGHT="55" WIDTH="30" VPOS="1484" HPOS="1854"/>
<String CONTENT="Anders" HEIGHT="57" WIDTH="250" VPOS="1484" HPOS="1885"/>
</TextLine>
<TextLine HEIGHT="74" WIDTH="1932" VPOS="1559" HPOS="205" STYLEREFS="StyleId-CF52A17E-9AE2-4BA8-95B3-EB0803FAA201-" CS="1">
<String CS="1" CONTENT="&#8230;"/>
<SP HEIGHT="38" WIDTH="29" VPOS="1580" HPOS="205"/>
<String CONTENT="and" HEIGHT="57" WIDTH="123" VPOS="1561" HPOS="235"/>
<SP HEIGHT="57" WIDTH="21" VPOS="1561" HPOS="359"/>
<String CONTENT="L." HEIGHT="56" WIDTH="68" VPOS="1561" HPOS="381"/>
<SP HEIGHT="57" WIDTH="25" VPOS="1560" HPOS="450"/>
<String CONTENT="Napoleon" HEIGHT="71" WIDTH="325" VPOS="1560" HPOS="476"/>
<SP HEIGHT="57" WIDTH="24" VPOS="1560" HPOS="802"/>
<String CONTENT="Boston" HEIGHT="57" WIDTH="241" VPOS="1560" HPOS="827"/>
<SP HEIGHT="38" WIDTH="30" VPOS="1579" HPOS="1069"/>
<String CS="1" CONTENT=".&#8230;" HEIGHT="10" WIDTH="11" VPOS="1607" HPOS="1100"/>
<SP HEIGHT="56" WIDTH="70" VPOS="1561" HPOS="1163"/>
<String CONTENT="3d" HEIGHT="57" WIDTH="78" VPOS="1560" HPOS="1234"/>
<SP/>
<String CONTENT="ed.," HEIGHT="71" WIDTH="111" VPOS="1560" HPOS="1339"/>
<SP HEIGHT="53" WIDTH="30" VPOS="1578" HPOS="1451"/>
<String CONTENT="entirely" HEIGHT="71" WIDTH="268" VPOS="1559" HPOS="1482"/>
<SP HEIGHT="51" WIDTH="23" VPOS="1579" HPOS="1751"/>
<String CONTENT="reset," HEIGHT="69" WIDTH="185" VPOS="1564" HPOS="1775"/>
<SP HEIGHT="53" WIDTH="25" VPOS="1580" HPOS="1961"/>
<String CONTENT="with" HEIGHT="57" WIDTH="150" VPOS="1561" HPOS="1987"/>
</TextLine>
<TextLine HEIGHT="74" WIDTH="1997" VPOS="1637" HPOS="139" STYLEREFS="StyleId-CF52A17E-9AE2-4BA8-95B3-EB0803FAA201-">
<String CONTENT="555" HEIGHT="55" WIDTH="108" VPOS="1641" HPOS="139"/>
<SP HEIGHT="57" WIDTH="26" VPOS="1639" HPOS="248"/>
<String CONTENT="illustrations," HEIGHT="70" WIDTH="439" VPOS="1638" HPOS="275"/>
<SP HEIGHT="69" WIDTH="28" VPOS="1639" HPOS="715"/>
<String CONTENT="21" HEIGHT="56" WIDTH="69" VPOS="1639" HPOS="744"/>
<SP HEIGHT="56" WIDTH="26" VPOS="1639" HPOS="814"/>
<String CONTENT="in" HEIGHT="56" WIDTH="66" VPOS="1639" HPOS="841"/>
<SP HEIGHT="39" WIDTH="25" VPOS="1657" HPOS="908"/>
<String CONTENT="colors." HEIGHT="58" WIDTH="219" VPOS="1638" HPOS="934"/>
<SP HEIGHT="56" WIDTH="82" VPOS="1638" HPOS="1154"/>
<String CONTENT="Philadelphia" HEIGHT="72" WIDTH="441" VPOS="1637" HPOS="1237"/>
<SP HEIGHT="38" WIDTH="28" VPOS="1657" HPOS="1679"/>
<String CONTENT="and" HEIGHT="56" WIDTH="122" VPOS="1639" HPOS="1708"/>
<SP HEIGHT="57" WIDTH="26" VPOS="1638" HPOS="1831"/>
<String CONTENT="London," HEIGHT="73" WIDTH="278" VPOS="1638" HPOS="1858"/>
</TextLine>
<TextLine HEIGHT="73" WIDTH="1093" VPOS="1716" HPOS="132" STYLEREFS="StyleId-CF52A17E-9AE2-4BA8-95B3-EB0803FAA201-" CS="1">
<String LANG="la" CONTENT="W." HEIGHT="57" WIDTH="96" VPOS="1717" HPOS="132"/>
<SP HEIGHT="57" WIDTH="23" VPOS="1716" HPOS="229"/>
<String CONTENT="B." HEIGHT="57" WIDTH="72" VPOS="1716" HPOS="253"/>
<SP HEIGHT="59" WIDTH="30" VPOS="1717" HPOS="326"/>
<String CONTENT="Saunders" HEIGHT="59" WIDTH="318" VPOS="1717" HPOS="357"/>
<SP HEIGHT="39" WIDTH="28" VPOS="1736" HPOS="676"/>
<String CONTENT="company" HEIGHT="53" WIDTH="306" VPOS="1734" HPOS="705"/>
<SP HEIGHT="53" WIDTH="27" VPOS="1736" HPOS="1012"/>
<String CONTENT="[" HEIGHT="43" WIDTH="13" VPOS="1746" HPOS="1040"/>
<String STYLE="superscript" CONTENT="c" HEIGHT="23" WIDTH="19" VPOS="1724" HPOS="1056"/>
<String CS="1" CONTENT="1925]" HEIGHT="55" WIDTH="147" VPOS="1718" HPOS="1078"/>
</TextLine>
<TextLine HEIGHT="56" WIDTH="1276" VPOS="1806" HPOS="207" CS="1">
<String CONTENT="iv," HEIGHT="51" WIDTH="57" VPOS="1810" HPOS="207"/>
<SP HEIGHT="50" WIDTH="24" VPOS="1811" HPOS="265"/>
<String CONTENT="1422" HEIGHT="43" WIDTH="106" VPOS="1810" HPOS="290"/>
<SP HEIGHT="52" WIDTH="20" VPOS="1810" HPOS="397"/>
<String CONTENT="p." HEIGHT="38" WIDTH="39" VPOS="1824" HPOS="418"/>
<SP HEIGHT="43" WIDTH="59" VPOS="1810" HPOS="458"/>
<String CONTENT="illus.," HEIGHT="53" WIDTH="130" VPOS="1807" HPOS="518"/>
<SP HEIGHT="38" WIDTH="22" VPOS="1822" HPOS="649"/>
<String CONTENT="xx" HEIGHT="30" WIDTH="70" VPOS="1822" HPOS="672"/>
<SP HEIGHT="37" WIDTH="22" VPOS="1823" HPOS="743"/>
<String CS="1" CONTENT="pl." HEIGHT="37" WIDTH="56" VPOS="1823" HPOS="766"/>
<SP HEIGHT="53" WIDTH="26" VPOS="1808" HPOS="823"/>
<String CONTENT="(part" HEIGHT="53" WIDTH="126" VPOS="1808" HPOS="850"/>
<SP HEIGHT="35" WIDTH="20" VPOS="1817" HPOS="977"/>
<String CONTENT="col.)" HEIGHT="54" WIDTH="109" VPOS="1806" HPOS="998"/>
<SP HEIGHT="53" WIDTH="24" VPOS="1807" HPOS="1108"/>
<String CONTENT="diagrs." HEIGHT="54" WIDTH="168" VPOS="1806" HPOS="1133"/>
<SP HEIGHT="43" WIDTH="58" VPOS="1809" HPOS="1302"/>
<String CONTENT="25" HEIGHT="44" WIDTH="51" VPOS="1807" HPOS="1361"/>
<String STYLE="superscript" CONTENT="cm" HEIGHT="18" WIDTH="46" VPOS="1810" HPOS="1422"/>
<String CONTENT="." HEIGHT="7" WIDTH="8" VPOS="1843" HPOS="1475"/>
</TextLine>
<TextLine HEIGHT="56" WIDTH="1998" VPOS="1878" HPOS="135" CS="1">
<String CONTENT="&#169;" HEIGHT="54" WIDTH="53" VPOS="1880" HPOS="135"/>
<SP HEIGHT="54" WIDTH="31" VPOS="1880" HPOS="189"/>
<String CONTENT="Oct." HEIGHT="44" WIDTH="101" VPOS="1882" HPOS="221"/>
<SP HEIGHT="43" WIDTH="30" VPOS="1881" HPOS="323"/>
<String CONTENT="27," HEIGHT="53" WIDTH="67" VPOS="1879" HPOS="354"/>
<SP HEIGHT="49" WIDTH="34" VPOS="1883" HPOS="422"/>
<String CONTENT="1925;" HEIGHT="54" WIDTH="129" VPOS="1878" HPOS="457"/>
<SP HEIGHT="52" WIDTH="31" VPOS="1880" HPOS="587"/>
<String CONTENT="2c." HEIGHT="42" WIDTH="65" VPOS="1880" HPOS="619"/>
<SP HEIGHT="43" WIDTH="32" VPOS="1879" HPOS="685"/>
<String CONTENT="Nov." HEIGHT="43" WIDTH="118" VPOS="1879" HPOS="718"/>
<SP HEIGHT="44" WIDTH="33" VPOS="1878" HPOS="837"/>
<String CONTENT="5;" HEIGHT="53" WIDTH="48" VPOS="1878" HPOS="871"/>
<SP/>
<String CONTENT="aff.." HEIGHT="43" WIDTH="93" VPOS="1879" HPOS="954"/>
<SP HEIGHT="42" WIDTH="20" VPOS="1879" HPOS="1048"/>
<String CONTENT="Nov." HEIGHT="43" WIDTH="117" VPOS="1879" HPOS="1069"/>
<SP HEIGHT="42" WIDTH="32" VPOS="1879" HPOS="1187"/>
<String CONTENT="9;" HEIGHT="49" WIDTH="49" VPOS="1879" HPOS="1220"/>
<SP HEIGHT="50" WIDTH="37" VPOS="1878" HPOS="1270"/>
<!-- cceid 36D1E56B-6DD5-1014-B757-AF09C522E301 --><String CONTENT="A" HEIGHT="43" WIDTH="42" VPOS="1878" HPOS="1308"/>
<SP HEIGHT="44" WIDTH="30" VPOS="1878" HPOS="1351"/>
<String CONTENT="869926;" HEIGHT="53" WIDTH="190" VPOS="1878" HPOS="1382"/>
<SP HEIGHT="51" WIDTH="33" VPOS="1880" HPOS="1573"/>
<String LANG="la" CONTENT="W." HEIGHT="43" WIDTH="74" VPOS="1880" HPOS="1607"/>
<SP HEIGHT="42" WIDTH="36" VPOS="1880" HPOS="1682"/>
<String CONTENT="B." HEIGHT="43" WIDTH="51" VPOS="1880" HPOS="1719"/>
<SP HEIGHT="47" WIDTH="36" VPOS="1878" HPOS="1771"/>
<String CONTENT="Saunders" HEIGHT="47" WIDTH="226" VPOS="1878" HPOS="1808"/>
<SP HEIGHT="29" WIDTH="31" VPOS="1895" HPOS="2035"/>
<String CONTENT="co." HEIGHT="28" WIDTH="66" VPOS="1896" HPOS="2067"/>
</TextLine>
<TextLine HEIGHT="56" WIDTH="270" VPOS="1936" HPOS="213">
<String CONTENT="(25-23131)" HEIGHT="56" WIDTH="270" VPOS="1936" HPOS="213"/>
</TextLine>
<TextLine HEIGHT="75" WIDTH="1258" VPOS="2051" HPOS="138" STYLEREFS="StyleId-CF52A17E-9AE2-4BA8-95B3-EB0803FAA201-">
<String CONTENT="Applegarth," HEIGHT="74" WIDTH="411" VPOS="2052" HPOS="138"/>
<SP HEIGHT="70" WIDTH="34" VPOS="2053" HPOS="550"/>
<String CONTENT="Margaret" HEIGHT="71" WIDTH="324" VPOS="2053" HPOS="585"/>
<SP HEIGHT="56" WIDTH="33" VPOS="2051" HPOS="910"/>
<String CONTENT="Tyson," HEIGHT="71" WIDTH="226" VPOS="2051" HPOS="944"/>
<SP HEIGHT="69" WIDTH="35" VPOS="2053" HPOS="1171"/>
<String CONTENT="1886-" HEIGHT="57" WIDTH="189" VPOS="2052" HPOS="1207"/>
</TextLine>
<TextLine HEIGHT="76" WIDTH="1920" VPOS="2141" HPOS="211" STYLEREFS="StyleId-CF52A17E-9AE2-4BA8-95B3-EB0803FAA201-">
<String CONTENT="Merry-go-round" HEIGHT="72" WIDTH="554" VPOS="2145" HPOS="211"/>
<SP HEIGHT="70" WIDTH="16" VPOS="2145" HPOS="766"/>
<String CONTENT=";" HEIGHT="47" WIDTH="12" VPOS="2168" HPOS="783"/>
<SP HEIGHT="51" WIDTH="66" VPOS="2164" HPOS="796"/>
<String CONTENT="a" HEIGHT="37" WIDTH="36" VPOS="2164" HPOS="863"/>
<SP HEIGHT="53" WIDTH="64" VPOS="2162" HPOS="900"/>
<String CONTENT="pilgrim&#8217;s" HEIGHT="74" WIDTH="318" VPOS="2141" HPOS="965"/>
<SP HEIGHT="53" WIDTH="64" VPOS="2161" HPOS="1284"/>
<String CONTENT="progress" HEIGHT="53" WIDTH="300" VPOS="2162" HPOS="1349"/>
<SP HEIGHT="38" WIDTH="68" VPOS="2163" HPOS="1650"/>
<String CONTENT="around" HEIGHT="56" WIDTH="242" VPOS="2146" HPOS="1719"/>
<SP HEIGHT="57" WIDTH="65" VPOS="2145" HPOS="1962"/>
<String CONTENT="the" HEIGHT="58" WIDTH="103" VPOS="2145" HPOS="2028"/>
</TextLine>
<TextLine HEIGHT="78" WIDTH="1997" VPOS="2218" HPOS="133" STYLEREFS="StyleId-CF52A17E-9AE2-4BA8-95B3-EB0803FAA201-" CS="1">
<String CONTENT="world," HEIGHT="71" WIDTH="214" VPOS="2225" HPOS="133"/>
<SP HEIGHT="71" WIDTH="37" VPOS="2225" HPOS="348"/>
<String CONTENT="by" HEIGHT="71" WIDTH="84" VPOS="2225" HPOS="386"/>
<SP HEIGHT="73" WIDTH="37" VPOS="2223" HPOS="471"/>
<String CONTENT="Margaret" HEIGHT="71" WIDTH="328" VPOS="2223" HPOS="509"/>
<SP HEIGHT="60" WIDTH="40" VPOS="2220" HPOS="838"/>
<String CONTENT="T." HEIGHT="56" WIDTH="68" VPOS="2220" HPOS="879"/>
<SP HEIGHT="55" WIDTH="39" VPOS="2222" HPOS="948"/>
<String CONTENT="Applegarth" HEIGHT="73" WIDTH="400" VPOS="2219" HPOS="988"/>
<SP HEIGHT="56" WIDTH="45" VPOS="2222" HPOS="1389"/>
<String CS="1" CONTENT="&#8230;"/>
<SP HEIGHT="39" WIDTH="44" VPOS="2239" HPOS="1497"/>
<String CONTENT="with" HEIGHT="58" WIDTH="152" VPOS="2218" HPOS="1542"/>
<SP HEIGHT="58" WIDTH="39" VPOS="2219" HPOS="1695"/>
<String CONTENT="decorations" HEIGHT="62" WIDTH="395" VPOS="2219" HPOS="1735"/>
</TextLine>
<TextLine HEIGHT="77" WIDTH="1998" VPOS="2298" HPOS="133" STYLEREFS="StyleId-CF52A17E-9AE2-4BA8-95B3-EB0803FAA201-">
<String CONTENT="by" HEIGHT="71" WIDTH="82" VPOS="2304" HPOS="133"/>
<SP HEIGHT="67" WIDTH="38" VPOS="2308" HPOS="216"/>
<String CONTENT="the" HEIGHT="60" WIDTH="104" VPOS="2302" HPOS="255"/>
<SP HEIGHT="40" WIDTH="42" VPOS="2321" HPOS="360"/>
<String CONTENT="author." HEIGHT="58" WIDTH="241" VPOS="2301" HPOS="403"/>
<SP HEIGHT="55" WIDTH="83" VPOS="2301" HPOS="645"/>
<String CONTENT="Philadelphia," HEIGHT="71" WIDTH="460" VPOS="2298" HPOS="729"/>
<SP HEIGHT="71" WIDTH="37" VPOS="2298" HPOS="1190"/>
<String CONTENT="Boston" HEIGHT="57" WIDTH="241" VPOS="2298" HPOS="1228"/>
<SP HEIGHT="53" WIDTH="44" VPOS="2317" HPOS="1470"/>
<String CONTENT="[etc.]" HEIGHT="68" WIDTH="147" VPOS="2302" HPOS="1515"/>
<SP HEIGHT="69" WIDTH="45" VPOS="2301" HPOS="1663"/>
<String CONTENT="The" HEIGHT="57" WIDTH="130" VPOS="2300" HPOS="1709"/>
<SP HEIGHT="58" WIDTH="41" VPOS="2300" HPOS="1840"/>
<String CONTENT="Judson" HEIGHT="58" WIDTH="249" VPOS="2300" HPOS="1882"/>
</TextLine>
<TextLine HEIGHT="73" WIDTH="392" VPOS="2379" HPOS="133" STYLEREFS="StyleId-CF52A17E-9AE2-4BA8-95B3-EB0803FAA201-" CS="1">
<String CONTENT="press" HEIGHT="53" WIDTH="178" VPOS="2399" HPOS="133"/>
<SP HEIGHT="50" WIDTH="30" VPOS="2401" HPOS="312"/>
<String CS="1" CONTENT="[1925]" HEIGHT="71" WIDTH="166" VPOS="2379" HPOS="359"/>
</TextLine>
<TextLine HEIGHT="56" WIDTH="779" VPOS="2465" HPOS="206" CS="1">
<String CONTENT="11" HEIGHT="44" WIDTH="47" VPOS="2472" HPOS="206"/>
<SP HEIGHT="45" WIDTH="26" VPOS="2476" HPOS="254"/>
<String LANG="la" CONTENT="p." HEIGHT="36" WIDTH="41" VPOS="2485" HPOS="281"/>
<SP/>
<String LANG="la" CS="1" CONTENT="l.,"/>
<SP HEIGHT="51" WIDTH="27" VPOS="2469" HPOS="391"/>
<String CONTENT="5-295" HEIGHT="46" WIDTH="134" VPOS="2468" HPOS="419"/>
<SP HEIGHT="51" WIDTH="27" VPOS="2468" HPOS="554"/>
<String CONTENT="p." HEIGHT="36" WIDTH="40" VPOS="2483" HPOS="582"/>
<SP HEIGHT="43" WIDTH="59" VPOS="2467" HPOS="623"/>
<String CONTENT="illus." HEIGHT="45" WIDTH="118" VPOS="2467" HPOS="683"/>
<SP HEIGHT="45" WIDTH="57" VPOS="2466" HPOS="802"/>
<String CONTENT="20" HEIGHT="46" WIDTH="57" VPOS="2465" HPOS="860"/>
<String STYLE="superscript" CONTENT="cm" HEIGHT="19" WIDTH="48" VPOS="2469" HPOS="921"/>
<String CONTENT="." HEIGHT="10" WIDTH="11" VPOS="2503" HPOS="974"/>
</TextLine>
<TextLine HEIGHT="58" WIDTH="1853" VPOS="2533" HPOS="134">
<String CONTENT="&#169;" HEIGHT="53" WIDTH="53" VPOS="2538" HPOS="134"/>
<SP HEIGHT="53" WIDTH="32" VPOS="2538" HPOS="188"/>
<String CONTENT="Sept." HEIGHT="51" WIDTH="120" VPOS="2539" HPOS="221"/>
<SP HEIGHT="41" WIDTH="29" VPOS="2539" HPOS="342"/>
<String CONTENT="21," HEIGHT="50" WIDTH="68" VPOS="2539" HPOS="372"/>
<SP HEIGHT="50" WIDTH="33" VPOS="2539" HPOS="441"/>
<String CONTENT="1925;" HEIGHT="53" WIDTH="129" VPOS="2535" HPOS="475"/>
<SP HEIGHT="52" WIDTH="32" VPOS="2536" HPOS="605"/>
<String CONTENT="2c." HEIGHT="42" WIDTH="64" VPOS="2536" HPOS="638"/>
<SP HEIGHT="44" WIDTH="34" VPOS="2535" HPOS="703"/>
<String CONTENT="Oct." HEIGHT="44" WIDTH="101" VPOS="2535" HPOS="738"/>
<SP HEIGHT="41" WIDTH="35" VPOS="2537" HPOS="840"/>
<String CONTENT="1;" HEIGHT="50" WIDTH="46" VPOS="2537" HPOS="876"/>
<SP HEIGHT="38" WIDTH="32" VPOS="2549" HPOS="923"/>
<String CONTENT="aff." HEIGHT="43" WIDTH="79" VPOS="2535" HPOS="956"/>
<SP HEIGHT="47" WIDTH="35" VPOS="2533" HPOS="1036"/>
<String CONTENT="Sept." HEIGHT="54" WIDTH="122" VPOS="2533" HPOS="1072"/>
<SP HEIGHT="43" WIDTH="30" VPOS="2534" HPOS="1195"/>
<String CONTENT="26;" HEIGHT="52" WIDTH="78" VPOS="2534" HPOS="1226"/>
<SP HEIGHT="51" WIDTH="34" VPOS="2535" HPOS="1305"/>
<!-- cceid 36D20D10-6DD5-1014-B757-AF09C522E301 --><String CONTENT="A" HEIGHT="42" WIDTH="43" VPOS="2535" HPOS="1340"/>
<SP HEIGHT="44" WIDTH="32" VPOS="2535" HPOS="1384"/>
<String CONTENT="864879;" HEIGHT="54" WIDTH="189" VPOS="2533" HPOS="1417"/>
<SP HEIGHT="51" WIDTH="34" VPOS="2537" HPOS="1607"/>
<String CONTENT="Judson" HEIGHT="52" WIDTH="173" VPOS="2536" HPOS="1642"/>
<SP HEIGHT="38" WIDTH="31" VPOS="2551" HPOS="1816"/>
<String CONTENT="press." HEIGHT="38" WIDTH="139" VPOS="2551" HPOS="1848"/>
</TextLine>
<TextLine HEIGHT="57" WIDTH="270" VPOS="2593" HPOS="212">
<String CONTENT="(25-23080)" HEIGHT="57" WIDTH="270" VPOS="2593" HPOS="212"/>
</TextLine>
<TextLine HEIGHT="77" WIDTH="1019" VPOS="2706" HPOS="133" STYLEREFS="StyleId-E159C1CC-342E-4F21-87B5-E4598830863F-">
<String CONTENT="Ashley," HEIGHT="72" WIDTH="253" VPOS="2711" HPOS="133"/>
<SP HEIGHT="71" WIDTH="39" VPOS="2710" HPOS="387"/>
<String CONTENT="Roscoe" HEIGHT="57" WIDTH="235" VPOS="2710" HPOS="427"/>
<SP HEIGHT="56" WIDTH="38" VPOS="2708" HPOS="663"/>
<String CONTENT="Lewis," HEIGHT="72" WIDTH="218" VPOS="2706" HPOS="702"/>
<SP HEIGHT="69" WIDTH="40" VPOS="2709" HPOS="921"/>
<String CONTENT="1872-" HEIGHT="57" WIDTH="190" VPOS="2709" HPOS="962"/>
</TextLine>
<TextLine HEIGHT="72" WIDTH="1919" VPOS="2797" HPOS="210" STYLEREFS="StyleId-CF52A17E-9AE2-4BA8-95B3-EB0803FAA201-">
<String CONTENT="The" HEIGHT="58" WIDTH="128" VPOS="2801" HPOS="210"/>
<SP HEIGHT="39" WIDTH="22" VPOS="2820" HPOS="339"/>
<String CONTENT="new" HEIGHT="38" WIDTH="135" VPOS="2819" HPOS="362"/>
<SP HEIGHT="37" WIDTH="22" VPOS="2819" HPOS="498"/>
<String CONTENT="civics;" HEIGHT="70" WIDTH="219" VPOS="2799" HPOS="521"/>
<SP HEIGHT="51" WIDTH="26" VPOS="2818" HPOS="741"/>
<String CONTENT="a" HEIGHT="37" WIDTH="36" VPOS="2818" HPOS="768"/>
<SP HEIGHT="55" WIDTH="21" VPOS="2800" HPOS="805"/>
<String CONTENT="textbook" HEIGHT="58" WIDTH="298" VPOS="2797" HPOS="827"/>
<SP HEIGHT="56" WIDTH="20" VPOS="2797" HPOS="1126"/>
<String CONTENT="for" HEIGHT="57" WIDTH="103" VPOS="2797" HPOS="1147"/>
<SP HEIGHT="38" WIDTH="25" VPOS="2816" HPOS="1251"/>
<String CONTENT="secondary" HEIGHT="70" WIDTH="349" VPOS="2798" HPOS="1277"/>
<SP HEIGHT="51" WIDTH="24" VPOS="2817" HPOS="1627"/>
<String CONTENT="schools." HEIGHT="58" WIDTH="259" VPOS="2799" HPOS="1652"/>
<SP HEIGHT="57" WIDTH="64" VPOS="2800" HPOS="1912"/>
<String CONTENT="New" HEIGHT="58" WIDTH="152" VPOS="2800" HPOS="1977"/>
</TextLine>
<TextLine HEIGHT="75" WIDTH="1992" VPOS="2875" HPOS="134" STYLEREFS="StyleId-CF52A17E-9AE2-4BA8-95B3-EB0803FAA201-" CS="1">
<String CONTENT="and" HEIGHT="57" WIDTH="121" VPOS="2880" HPOS="134"/>
<SP HEIGHT="57" WIDTH="43" VPOS="2880" HPOS="256"/>
<String CONTENT="rev." HEIGHT="39" WIDTH="126" VPOS="2897" HPOS="300"/>
<SP HEIGHT="37" WIDTH="43" VPOS="2898" HPOS="427"/>
<String CONTENT="ed." HEIGHT="57" WIDTH="91" VPOS="2878" HPOS="471"/>
<SP HEIGHT="58" WIDTH="81" VPOS="2876" HPOS="563"/>
<String CONTENT="By" HEIGHT="72" WIDTH="98" VPOS="2876" HPOS="645"/>
<SP HEIGHT="71" WIDTH="38" VPOS="2877" HPOS="744"/>
<String CONTENT="Roscoe" HEIGHT="56" WIDTH="238" VPOS="2877" HPOS="783"/>
<SP HEIGHT="58" WIDTH="40" VPOS="2875" HPOS="1022"/>
<String CONTENT="Lewis" HEIGHT="58" WIDTH="202" VPOS="2875" HPOS="1063"/>
<SP HEIGHT="57" WIDTH="42" VPOS="2875" HPOS="1266"/>
<String CONTENT="Ashley" HEIGHT="72" WIDTH="240" VPOS="2875" HPOS="1309"/>
<SP HEIGHT="53" WIDTH="44" VPOS="2894" HPOS="1550"/>
<String CS="1" CONTENT="&#8230;"/>
<SP HEIGHT="56" WIDTH="84" VPOS="2876" HPOS="1659"/>
<String CONTENT="New" HEIGHT="59" WIDTH="151" VPOS="2876" HPOS="1744"/>
<SP HEIGHT="56" WIDTH="39" VPOS="2877" HPOS="1896"/>
<String CONTENT="York," HEIGHT="73" WIDTH="190" VPOS="2877" HPOS="1936"/>
</TextLine>
<TextLine HEIGHT="71" WIDTH="1067" VPOS="2954" HPOS="132" STYLEREFS="StyleId-CF52A17E-9AE2-4BA8-95B3-EB0803FAA201-">
<String CONTENT="The" HEIGHT="57" WIDTH="129" VPOS="2958" HPOS="132"/>
<SP HEIGHT="58" WIDTH="27" VPOS="2957" HPOS="262"/>
<String CONTENT="Macmillan" HEIGHT="58" WIDTH="360" VPOS="2956" HPOS="290"/>
<SP HEIGHT="38" WIDTH="28" VPOS="2974" HPOS="651"/>
<String CONTENT="company," HEIGHT="53" WIDTH="322" VPOS="2972" HPOS="680"/>
<SP HEIGHT="70" WIDTH="30" VPOS="2955" HPOS="1003"/>
<String CONTENT="1925." HEIGHT="56" WIDTH="165" VPOS="2954" HPOS="1034"/>
</TextLine>
<TextLine HEIGHT="57" WIDTH="1210" VPOS="3044" HPOS="202" CS="1">
<String CONTENT="xix," HEIGHT="51" WIDTH="96" VPOS="3050" HPOS="202"/>
<SP HEIGHT="53" WIDTH="28" VPOS="3048" HPOS="299"/>
<String CONTENT="530" HEIGHT="45" WIDTH="82" VPOS="3048" HPOS="328"/>
<SP HEIGHT="52" WIDTH="24" VPOS="3049" HPOS="411"/>
<String CONTENT="p." HEIGHT="37" WIDTH="39" VPOS="3064" HPOS="436"/>
<SP HEIGHT="43" WIDTH="59" VPOS="3048" HPOS="476"/>
<String CONTENT="illus.," HEIGHT="52" WIDTH="130" VPOS="3047" HPOS="536"/>
<SP HEIGHT="38" WIDTH="26" VPOS="3061" HPOS="667"/>
<String CONTENT="map," HEIGHT="38" WIDTH="115" VPOS="3061" HPOS="694"/>
<SP HEIGHT="50" WIDTH="27" VPOS="3047" HPOS="810"/>
<String CONTENT="double" HEIGHT="47" WIDTH="161" VPOS="3044" HPOS="838"/>
<SP HEIGHT="44" WIDTH="28" VPOS="3045" HPOS="1000"/>
<String CONTENT="facsim." HEIGHT="44" WIDTH="174" VPOS="3044" HPOS="1029"/>
<SP HEIGHT="42" WIDTH="62" VPOS="3046" HPOS="1204"/>
<String CS="1" CONTENT="19&#189;" HEIGHT="43" WIDTH="49" VPOS="3046" HPOS="1267"/>
<String STYLE="superscript" CONTENT="cm" HEIGHT="18" WIDTH="46" VPOS="3047" HPOS="1351"/>
<String CONTENT="." HEIGHT="7" WIDTH="8" VPOS="3081" HPOS="1404"/>
</TextLine>
<TextLine HEIGHT="55" WIDTH="617" VPOS="3115" HPOS="205">
<String CONTENT="Contains" HEIGHT="46" WIDTH="220" VPOS="3120" HPOS="205"/>
<SP HEIGHT="43" WIDTH="27" VPOS="3119" HPOS="426"/>
<String CONTENT="bibliographies." HEIGHT="55" WIDTH="368" VPOS="3115" HPOS="454"/>
</TextLine>
<TextLine HEIGHT="62" WIDTH="1674" VPOS="3182" HPOS="131" CS="1">
<String CONTENT="&#169;" HEIGHT="55" WIDTH="53" VPOS="3189" HPOS="131"/>
<SP HEIGHT="55" WIDTH="25" VPOS="3189" HPOS="185"/>
<String CONTENT="Nov." HEIGHT="44" WIDTH="118" VPOS="3190" HPOS="211"/>
<SP HEIGHT="42" WIDTH="28" VPOS="3191" HPOS="330"/>
<String CONTENT="17," HEIGHT="54" WIDTH="63" VPOS="3187" HPOS="359"/>
<SP HEIGHT="51" WIDTH="25" VPOS="3190" HPOS="423"/>
<String CONTENT="1925;" HEIGHT="54" WIDTH="130" VPOS="3186" HPOS="449"/>
<SP HEIGHT="52" WIDTH="23" VPOS="3188" HPOS="580"/>
<String CONTENT="2c." HEIGHT="43" WIDTH="65" VPOS="3188" HPOS="604"/>
<SP HEIGHT="28" WIDTH="24" VPOS="3202" HPOS="670"/>
<String CONTENT="and" HEIGHT="43" WIDTH="87" VPOS="3187" HPOS="695"/>
<SP HEIGHT="43" WIDTH="23" VPOS="3187" HPOS="783"/>
<String CONTENT="aff." HEIGHT="44" WIDTH="78" VPOS="3186" HPOS="807"/>
<SP HEIGHT="42" WIDTH="27" VPOS="3186" HPOS="886"/>
<String CONTENT="Nov." HEIGHT="44" WIDTH="119" VPOS="3186" HPOS="914"/>
<SP HEIGHT="43" WIDTH="28" VPOS="3186" HPOS="1034"/>
<String CONTENT="18;" HEIGHT="54" WIDTH="75" VPOS="3184" HPOS="1063"/>
<SP HEIGHT="52" WIDTH="27" VPOS="3186" HPOS="1139"/>
<!-- cceid 36D232FC-6DD5-1014-B757-AF09C522E301 --><String CONTENT="A" HEIGHT="42" WIDTH="43" VPOS="3186" HPOS="1167"/>
<SP HEIGHT="45" WIDTH="23" VPOS="3186" HPOS="1211"/>
<String CONTENT="875124;" HEIGHT="56" WIDTH="191" VPOS="3182" HPOS="1235"/>
<SP HEIGHT="53" WIDTH="29" VPOS="3185" HPOS="1427"/>
<String CONTENT="Macmillan" HEIGHT="46" WIDTH="267" VPOS="3185" HPOS="1457"/>
<SP HEIGHT="30" WIDTH="22" VPOS="3202" HPOS="1725"/>
<String CS="1" CONTENT="co." HEIGHT="29" WIDTH="57" VPOS="3203" HPOS="1748"/>
</TextLine>
<TextLine HEIGHT="57" WIDTH="270" VPOS="3245" HPOS="211">
<String CONTENT="(25-23379)" HEIGHT="57" WIDTH="270" VPOS="3245" HPOS="211"/>
</TextLine>
<TextLine HEIGHT="73" WIDTH="669" VPOS="3358" HPOS="133" STYLEREFS="StyleId-E159C1CC-342E-4F21-87B5-E4598830863F-">
<String CONTENT="Atherton," HEIGHT="69" WIDTH="325" VPOS="3362" HPOS="133"/>
<SP HEIGHT="72" WIDTH="35" VPOS="3359" HPOS="459"/>
<String CONTENT="Loren" HEIGHT="57" WIDTH="203" VPOS="3359" HPOS="495"/>
<SP HEIGHT="59" WIDTH="32" VPOS="3358" HPOS="699"/>
<String CONTENT="G." HEIGHT="59" WIDTH="70" VPOS="3358" HPOS="732"/>
</TextLine>
<TextLine HEIGHT="72" WIDTH="1924" VPOS="3449" HPOS="208" STYLEREFS="StyleId-CF52A17E-9AE2-4BA8-95B3-EB0803FAA201-" CS="1">
<String CONTENT="Dakota" HEIGHT="56" WIDTH="249" VPOS="3454" HPOS="208"/>
<SP HEIGHT="56" WIDTH="37" VPOS="3452" HPOS="458"/>
<String CONTENT="birds" HEIGHT="56" WIDTH="174" VPOS="3452" HPOS="496"/>
<SP HEIGHT="37" WIDTH="48" VPOS="3471" HPOS="671"/>
<String CS="1" CONTENT="&#8230;"/>
<SP/>
<String CONTENT="1." HEIGHT="52" WIDTH="50" VPOS="3453" HPOS="867"/>
<SP HEIGHT="58" WIDTH="46" VPOS="3449" HPOS="918"/>
<String CONTENT="Song" HEIGHT="72" WIDTH="173" VPOS="3449" HPOS="965"/>
<SP HEIGHT="53" WIDTH="38" VPOS="3468" HPOS="1139"/>
<String CONTENT="and" HEIGHT="55" WIDTH="125" VPOS="3450" HPOS="1178"/>
<SP HEIGHT="56" WIDTH="38" VPOS="3449" HPOS="1304"/>
<String CONTENT="insectivorous" HEIGHT="58" WIDTH="457" VPOS="3449" HPOS="1343"/>
<SP HEIGHT="56" WIDTH="41" VPOS="3452" HPOS="1801"/>
<String CONTENT="birds" HEIGHT="57" WIDTH="176" VPOS="3452" HPOS="1843"/>
<SP HEIGHT="38" WIDTH="44" VPOS="3471" HPOS="2020"/>
<String CONTENT="of" HEIGHT="57" WIDTH="67" VPOS="3452" HPOS="2065"/>
</TextLine>
<TextLine HEIGHT="141" WIDTH="1973" VPOS="3526" HPOS="134" STYLEREFS="StyleId-CF52A17E-9AE2-4BA8-95B3-EB0803FAA201-" CS="1">
<String CONTENT="South" HEIGHT="58" WIDTH="197" VPOS="3532" HPOS="136"/>
<SP HEIGHT="56" WIDTH="26" VPOS="3531" HPOS="334"/>
<String CONTENT="Dakota." HEIGHT="56" WIDTH="263" VPOS="3530" HPOS="361"/>
<SP HEIGHT="56" WIDTH="69" VPOS="3528" HPOS="625"/>
<String CONTENT="By" HEIGHT="71" WIDTH="99" VPOS="3528" HPOS="695"/>
<SP HEIGHT="71" WIDTH="24" VPOS="3528" HPOS="795"/>
<String CONTENT="Loren" HEIGHT="55" WIDTH="208" VPOS="3528" HPOS="820"/>
<SP HEIGHT="58" WIDTH="28" VPOS="3526" HPOS="1029"/>
<String CONTENT="G." HEIGHT="58" WIDTH="70" VPOS="3526" HPOS="1058"/>
<SP HEIGHT="56" WIDTH="29" VPOS="3526" HPOS="1129"/>
<String CONTENT="Atherton" HEIGHT="58" WIDTH="315" VPOS="3526" HPOS="1159"/>
<SP HEIGHT="37" WIDTH="28" VPOS="3546" HPOS="1475"/>
<String CONTENT="and" HEIGHT="57" WIDTH="123" VPOS="3528" HPOS="1504"/>
<SP HEIGHT="57" WIDTH="29" VPOS="3528" HPOS="1628"/>
<String CONTENT="Nora" HEIGHT="57" WIDTH="172" VPOS="3528" HPOS="1658"/>
<SP HEIGHT="56" WIDTH="29" VPOS="3529" HPOS="1831"/>
<String CONTENT="M." HEIGHT="56" WIDTH="84" VPOS="3529" HPOS="1861"/>
<SP HEIGHT="56" WIDTH="30" VPOS="3529" HPOS="1946"/>
<String CONTENT="Atherton." HEIGHT="139" WIDTH="1973" VPOS="3528" HPOS="134"/>
</TextLine>
<TextLine HEIGHT="72" WIDTH="1718" VPOS="3604" HPOS="413" STYLEREFS="StyleId-CF52A17E-9AE2-4BA8-95B3-EB0803FAA201-">
<String CONTENT="With" HEIGHT="58" WIDTH="177" VPOS="3606" HPOS="413"/>
<SP HEIGHT="56" WIDTH="43" VPOS="3606" HPOS="591"/>
<String CONTENT="full" HEIGHT="55" WIDTH="119" VPOS="3606" HPOS="635"/>
<SP HEIGHT="70" WIDTH="41" VPOS="3606" HPOS="755"/>
<String CONTENT="page" HEIGHT="53" WIDTH="161" VPOS="3623" HPOS="797"/>
<SP HEIGHT="51" WIDTH="44" VPOS="3623" HPOS="959"/>
<String CONTENT="plates" HEIGHT="70" WIDTH="205" VPOS="3604" HPOS="1004"/>
<SP HEIGHT="56" WIDTH="43" VPOS="3604" HPOS="1210"/>
<String CONTENT="in" HEIGHT="55" WIDTH="65" VPOS="3604" HPOS="1254"/>
<SP HEIGHT="37" WIDTH="47" VPOS="3623" HPOS="1320"/>
<String CONTENT="colors" HEIGHT="56" WIDTH="199" VPOS="3605" HPOS="1368"/>
<SP HEIGHT="38" WIDTH="47" VPOS="3623" HPOS="1568"/>
<String CONTENT="and" HEIGHT="57" WIDTH="123" VPOS="3606" HPOS="1616"/>
<SP HEIGHT="57" WIDTH="42" VPOS="3606" HPOS="1740"/>
<String CONTENT="black" HEIGHT="56" WIDTH="179" VPOS="3606" HPOS="1783"/>
<SP HEIGHT="57" WIDTH="44" VPOS="3606" HPOS="1963"/>
<String CONTENT="and" HEIGHT="57" WIDTH="123" VPOS="3606" HPOS="2008"/>
</TextLine>
<TextLine HEIGHT="73" WIDTH="1997" VPOS="3679" HPOS="133" STYLEREFS="StyleId-CF52A17E-9AE2-4BA8-95B3-EB0803FAA201-">
<String CONTENT="white" HEIGHT="58" WIDTH="184" VPOS="3684" HPOS="133"/>
<SP HEIGHT="59" WIDTH="36" VPOS="3683" HPOS="318"/>
<String CONTENT="from" HEIGHT="56" WIDTH="168" VPOS="3683" HPOS="355"/>
<SP HEIGHT="54" WIDTH="31" VPOS="3685" HPOS="524"/>
<String CONTENT="the" HEIGHT="57" WIDTH="104" VPOS="3682" HPOS="556"/>
<SP HEIGHT="39" WIDTH="33" VPOS="3700" HPOS="661"/>
<String CONTENT="original" HEIGHT="72" WIDTH="272" VPOS="3680" HPOS="695"/>
<SP HEIGHT="70" WIDTH="32" VPOS="3681" HPOS="968"/>
<String CONTENT="paintings" HEIGHT="73" WIDTH="323" VPOS="3679" HPOS="1001"/>
<SP HEIGHT="38" WIDTH="37" VPOS="3699" HPOS="1325"/>
<String CONTENT="of" HEIGHT="56" WIDTH="67" VPOS="3681" HPOS="1363"/>
<SP HEIGHT="56" WIDTH="34" VPOS="3681" HPOS="1431"/>
<String CONTENT="Nora" HEIGHT="57" WIDTH="175" VPOS="3681" HPOS="1466"/>
<SP HEIGHT="57" WIDTH="34" VPOS="3681" HPOS="1642"/>
<String CONTENT="M." HEIGHT="57" WIDTH="83" VPOS="3681" HPOS="1677"/>
<SP HEIGHT="55" WIDTH="36" VPOS="3683" HPOS="1761"/>
<String CONTENT="Atherton." HEIGHT="58" WIDTH="332" VPOS="3682" HPOS="1798"/>
</TextLine>
<TextLine HEIGHT="77" WIDTH="1731" VPOS="3758" HPOS="133" STYLEREFS="StyleId-CF52A17E-9AE2-4BA8-95B3-EB0803FAA201-">
<String CONTENT="Pierre," HEIGHT="71" WIDTH="237" VPOS="3764" HPOS="133"/>
<SP HEIGHT="74" WIDTH="35" VPOS="3761" HPOS="371"/>
<String CONTENT="S." HEIGHT="58" WIDTH="61" VPOS="3761" HPOS="407"/>
<SP HEIGHT="57" WIDTH="33" VPOS="3761" HPOS="469"/>
<String CONTENT="Dak.," HEIGHT="72" WIDTH="174" VPOS="3761" HPOS="503"/>
<SP HEIGHT="72" WIDTH="32" VPOS="3761" HPOS="678"/>
<String CONTENT="J." HEIGHT="57" WIDTH="59" VPOS="3761" HPOS="711"/>
<SP HEIGHT="55" WIDTH="37" VPOS="3760" HPOS="771"/>
<String CONTENT="Fred" HEIGHT="57" WIDTH="169" VPOS="3760" HPOS="809"/>
<SP HEIGHT="59" WIDTH="31" VPOS="3758" HPOS="979"/>
<String CONTENT="Olander" HEIGHT="58" WIDTH="278" VPOS="3758" HPOS="1011"/>
<SP HEIGHT="41" WIDTH="28" VPOS="3776" HPOS="1290"/>
<String CONTENT="company" HEIGHT="55" WIDTH="307" VPOS="3777" HPOS="1319"/>
<SP HEIGHT="54" WIDTH="34" VPOS="3779" HPOS="1627"/>
<String CONTENT="[" HEIGHT="43" WIDTH="13" VPOS="3790" HPOS="1662"/>
<String STYLE="superscript" CONTENT="c" HEIGHT="23" WIDTH="20" VPOS="3767" HPOS="1676"/>
<String CONTENT="1925]" HEIGHT="73" WIDTH="165" VPOS="3761" HPOS="1699"/>
</TextLine>
<TextLine HEIGHT="53" WIDTH="1092" VPOS="3849" HPOS="204" CS="1">
<String CONTENT="1" HEIGHT="40" WIDTH="18" VPOS="3858" HPOS="204"/>
<SP HEIGHT="40" WIDTH="30" VPOS="3858" HPOS="223"/>
<String CONTENT="v." HEIGHT="27" WIDTH="41" VPOS="3871" HPOS="254"/>
<SP HEIGHT="28" WIDTH="59" VPOS="3869" HPOS="296"/>
<String CONTENT="col." HEIGHT="43" WIDTH="82" VPOS="3854" HPOS="356"/>
<SP HEIGHT="44" WIDTH="33" VPOS="3852" HPOS="439"/>
<String CONTENT="front.," HEIGHT="49" WIDTH="149" VPOS="3852" HPOS="473"/>
<SP HEIGHT="49" WIDTH="31" VPOS="3852" HPOS="623"/>
<String CONTENT="illus.," HEIGHT="52" WIDTH="129" VPOS="3850" HPOS="655"/>
<SP HEIGHT="36" WIDTH="31" VPOS="3866" HPOS="785"/>
<String CONTENT="col." HEIGHT="43" WIDTH="81" VPOS="3850" HPOS="817"/>
<SP HEIGHT="38" WIDTH="31" VPOS="3864" HPOS="899"/>
<String CONTENT="plates." HEIGHT="52" WIDTH="155" VPOS="3850" HPOS="931"/>
<SP HEIGHT="41" WIDTH="56" VPOS="3849" HPOS="1087"/>
<String CS="1" CONTENT="21&#189;" HEIGHT="42" WIDTH="53" VPOS="3849" HPOS="1144"/>
<String STYLE="superscript" CS="1" CONTENT="cm" HEIGHT="18" WIDTH="15" VPOS="3851" HPOS="1235"/>
<String CONTENT="." HEIGHT="8" WIDTH="8" VPOS="3884" HPOS="1288"/>
</TextLine>
<TextLine HEIGHT="58" WIDTH="1907" VPOS="3919" HPOS="133">
<String CONTENT="&#169;" HEIGHT="53" WIDTH="53" VPOS="3924" HPOS="133"/>
<SP HEIGHT="53" WIDTH="32" VPOS="3924" HPOS="187"/>
<String CONTENT="Oct." HEIGHT="44" WIDTH="102" VPOS="3925" HPOS="220"/>
<SP HEIGHT="42" WIDTH="31" VPOS="3925" HPOS="323"/>
<String CONTENT="30," HEIGHT="50" WIDTH="65" VPOS="3923" HPOS="355"/>
<SP HEIGHT="48" WIDTH="37" VPOS="3925" HPOS="421"/>
<String CONTENT="1925;" HEIGHT="53" WIDTH="129" VPOS="3920" HPOS="459"/>
<SP HEIGHT="51" WIDTH="34" VPOS="3922" HPOS="589"/>
<String CONTENT="2c." HEIGHT="41" WIDTH="64" VPOS="3922" HPOS="624"/>
<SP HEIGHT="28" WIDTH="33" VPOS="3935" HPOS="689"/>
<String CONTENT="and" HEIGHT="42" WIDTH="86" VPOS="3921" HPOS="723"/>
<SP HEIGHT="42" WIDTH="32" VPOS="3921" HPOS="810"/>
<String CONTENT="aff." HEIGHT="42" WIDTH="80" VPOS="3920" HPOS="843"/>
<SP HEIGHT="43" WIDTH="33" VPOS="3919" HPOS="924"/>
<String CONTENT="Nov." HEIGHT="43" WIDTH="118" VPOS="3919" HPOS="958"/>
<SP HEIGHT="42" WIDTH="34" VPOS="3920" HPOS="1077"/>
<String CONTENT="9;" HEIGHT="50" WIDTH="50" VPOS="3920" HPOS="1112"/>
<SP HEIGHT="50" WIDTH="36" VPOS="3920" HPOS="1163"/>
<!-- cceid 36D25915-6DD5-1014-B757-AF09C522E301 --><String CONTENT="A" HEIGHT="41" WIDTH="43" VPOS="3920" HPOS="1200"/>
<SP HEIGHT="42" WIDTH="32" VPOS="3920" HPOS="1244"/>
<String CONTENT="869930;" HEIGHT="52" WIDTH="190" VPOS="3920" HPOS="1277"/>
<SP HEIGHT="52" WIDTH="35" VPOS="3920" HPOS="1468"/>
<String CONTENT="J." HEIGHT="52" WIDTH="40" VPOS="3920" HPOS="1504"/>
<SP HEIGHT="44" WIDTH="34" VPOS="3919" HPOS="1545"/>
<String CONTENT="Fred" HEIGHT="47" WIDTH="120" VPOS="3919" HPOS="1580"/>
<SP HEIGHT="44" WIDTH="34" VPOS="3921" HPOS="1701"/>
<String CONTENT="Olander" HEIGHT="44" WIDTH="203" VPOS="3921" HPOS="1736"/>
<SP HEIGHT="28" WIDTH="34" VPOS="3936" HPOS="1940"/>
<String CONTENT="co." HEIGHT="28" WIDTH="65" VPOS="3937" HPOS="1975"/>
</TextLine>
<TextLine HEIGHT="56" WIDTH="269" VPOS="3978" HPOS="211">
<String CONTENT="(25-23209)" HEIGHT="56" WIDTH="269" VPOS="3978" HPOS="211"/>
</TextLine>
</TextBlock>
</PrintSpace>
</Page>
</Layout>
</alto>