2533 4412
0 0 0 0 853
97 409 270 73 Scholes,
411 410 201 72 Percy
647 409 245 71 Alfred,
936 410 189 58 1877-

174 502 131 58 The
344 500 432 73 appreciation
816 501 68 57 of
919 498 201 58 mnsic
1154 500 82 70 by
1273 518 216 38 means
1530 499 67 56 of
1637 498 106 57 the
1783 497 307 72 ‘pianola’

97 582 124 56 and
258 581 335 69 ‘duo-art’;
631 597 39 38 a
703 598 221 38 course
962 578 68 58 of
1063 577 267 57 lectures
1369 576 319 58 delivered
1723 579 69 55 at
1826 574 266 59 Aeolian

93 657 146 73 ball,
278 657 277 72 London,
594 657 83 71 by
715 656 204 72 Percy
955 655 75 57 A.
1073 655 274 70 Scholes,
1385 654 153 57 with
1578 674 39 37 a
1653 654 318 57 foreword
2009 655 84 70 by

99 735 106 58 Sir
242 734 361 58 Alexander
641 732 356 59 Mackenzie
1039 734 125 56 and
1204 751 38 38 a
1280 732 262 71 chapter
1581 750 79 38 on
1700 731 138 56 how
1880 733 63 55 to
1988 734 103 69 get

96 813 104 57 the
226 813 141 57 best
391 812 168 56 from
586 811 105 57 the
747 810 300 73 ‘pianola’,
1076 811 83 72 by
1187 809 310 74 Reginald
1527 808 335 73 Reynolds.
97 808 1967 154 London,
263 890 153 58 New
436 889 176 57 York
658 892 129 72 [etc.]
815 888 80 58 H.
926 889 282 71 Milford,
1239 887 244 58 Oxford
1509 887 356 72 university
1889 906 202 54 press,

96 969 163 57 1925.

163 1045 77 53 vii,
289 1047 52 51 [1],
374 1042 78 46 155
482 1058 40 39 p.
584 1043 153 52 front.,
769 1042 116 45 illus.
912 1042 126 53 (incl.
1070 1043 169 54 music)
1275 1048 140 46 ports.
1478 1042 52 44 19½
1563 1045 47 18 cm
1617 1077 8 8 .

96 1098 1996 56 © 1c. July 31, 1925; A ad int. 7155; pubd. July 7; Oxford university press.
176 1155 272 57 (25–16417)

101 1255 296 73 Sedding,
437 1254 232 73 Erwin,
711 1255 190 58 1900-
1058 1255 92 58 ed.

100 1346 1970 153 Die zinnen; hrsg. von Erwin Sedding … 1. bd. Kötzschenbroda-Dresden, Gong-verlagsanstalt [ c 1924]
171 1506 18 41 1
220 1518 40 38 p.
308 1538 24 18 l.,
363 1502 137 45 5–190
528 1517 40 38 p.
632 1502 49 44 18½
717 1505 47 18 cm
770 1537 9 9 .

170 1559 140 47 Short
340 1559 175 44 stories.

98 1612 1855 57 © Dec. 18, 1924; 1c. Mar. 19, 1925; A—Foreign 27492; Gong-verlag.
177 1663 272 64 (25–11351)

102 1772 199 73 Segel,
335 1770 341 73 Binjamin.

174 1861 116 60 Die
317 1861 361 60 Protokolle
706 1862 111 58 der
842 1871 233 48 weisen
1098 1879 122 38 von
1248 1860 152 58 Zion
1427 1860 266 58 kritisch
1716 1861 351 60 beleuchtet
2085 1887 13 48 ;

102 1940 135 58 eine
286 1938 368 73 erledigung
699 1958 126 37 von
872 1938 71 57 B.
999 1938 215 71 Segel;
1263 1936 116 60 mit
1432 1939 175 57 sechs
1663 1938 434 72 abbildungen.

96 2015 236 74 Berlin,
363 2014 180 60 Philo
572 2015 236 73 verlag,
839 2014 167 59 1924.

167 2091 1171 56 xxvi, 233, [1] p. illus., pl., facsims. 23 ½ cm .
170 2148 702 56 Bibliography: p. xxi – xxiv.
100 2204 1855 57 © Oct. 31, 1924; 1c. Mar. 19, 1925; A —Foreign 27219; Philo verlag.
178 2261 273 58 (25 – 11375)
102 2363 268 72 Sinnott,
405 2362 293 58 Edmund
730 2361 207 71 Ware,
973 2365 190 56 1888-

100 2453 1997 151 Principles of genetics ; an elementary text, with problems by Edmund W. Sinnott … and L. C. Dunn … 1st
102 2611 92 58 ed.
279 2610 153 57 New
471 2609 175 58 York
693 2611 147 73 [etc.]
889 2608 454 60 McGraw-Hill
1387 2610 160 58 book
1592 2630 321 55 company,
1959 2612 137 75 inc.,

99 2690 164 56 1925.

170 2764 126 53 xviii,
339 2765 77 43 431
462 2777 39 39 p.
544 2763 101 43 incl.
689 2763 153 51 front.,
885 2762 129 53 illus.,
1057 2763 168 53 diagrs.
1296 2764 53 44 23½
1386 2766 46 18 cm
1437 2799 9 9 .
1541 2764 264 53 (Half-title:
1853 2765 246 47 McGraw-

101 2821 102 44 Hill
235 2819 296 54 publications
565 2820 44 41 in
640 2820 78 43 the
748 2818 296 53 agricultural
1077 2820 88 43 and
1196 2820 226 43 botanical
1457 2821 195 44 sciences
1747 2822 19 54 …)
1888 2822 127 55 $3.50

172 2876 352 53 Bibliography:
558 2889 41 39 p.
630 2875 206 44 419–423.

101 2932 54 54 ©
185 2934 119 52 Aug.
336 2933 37 51 7,
407 2930 130 54 1925;
567 2932 65 43 2c.
663 2932 120 52 Aug.
819 2933 75 50 11;
926 2932 79 43 aff.
1036 2932 120 52 Aug.
1191 2932 74 51 13;
1300 2932 44 42 A
1377 2927 189 57 864182;
1602 2933 346 46 McGraw-Hill
1979 2937 121 44 book

171 3005 79 36 co.,
285 2989 83 43 inc.
438 2985 272 57 (25–16119)

104 3086 166 74 Sipe,
311 3086 258 58 Chester
605 3084 178 59 Hale.

179 3177 223 57 Mount
437 3175 256 58 Vernon
731 3177 124 57 and
888 3175 106 58 the
1029 3175 421 74 Washington
1485 3176 255 75 family;
1780 3198 36 39 a
1853 3181 242 59 concise

102 3254 330 59 handbook
470 3274 78 39 on
586 3253 105 58 the
733 3255 309 71 ancestry,
1081 3254 198 71 youth
1318 3256 123 56 and
1480 3255 224 75 family
1743 3257 68 57 of
1850 3258 244 75 George

104 3331 1921 73 Washington, and history of his home. 3d and enl. ed. …
105 3404 1921 81 Prepared for the busy reader … by Chester Hale Sipe …
108 3488 253 74 [Butler,
386 3487 130 71 Pa.,
542 3486 246 72 Ziegler
807 3486 287 73 printing
1116 3506 107 52 co.,
1245 3486 136 75 inc.,
1404 3495 20 21 c
1429 3489 163 72 1925]

181 3569 23 42 3
228 3581 40 39 p.
311 3601 22 17 l.,
359 3566 130 43 11–91
514 3579 40 38 p.
615 3564 154 51 front.,
793 3564 117 44 illus.
938 3563 126 54 (incl.
1089 3565 166 52 ports.)
1322 3564 54 44 20
1383 3568 45 17 cm
1436 3601 8 7 .

105 3621 54 54 ©
189 3622 120 53 Aug.
341 3619 39 54 7,
415 3618 129 54 1925;
578 3620 64 42 2c.
675 3620 87 43 and
793 3620 79 43 aff.
905 3620 120 52 Aug.
1062 3620 74 52 10;
1173 3620 44 42 A
1249 3618 189 55 861337;
1477 3620 48 45 C.
1559 3624 62 42 H.
1658 3622 118 55 Sipe,
1811 3625 170 52 Butler,
2018 3628 79 42 Pa.

179 3676 66 55 [©
276 3677 209 51 revision]
555 3674 271 56 (25–15953)

106 3760 238 73 Sirrell,
387 3760 332 59 Lawrence
758 3760 77 58 N.

183 3851 1917 78 As He said, by Lawrence N. Sirrell … Philadelphia,
107 3931 319 57 Dorrance
459 3931 124 56 and
612 3948 322 53 company,
967 3929 165 56 1925.
