2533 4412
1100 4075 110 54 543

148 422 251 73 Virkus,
435 421 340 58 Frederick
803 422 94 71 A.,
935 423 90 57 ed.

227 515 130 56 The
412 513 303 73 abridged
769 512 433 72 compendium
1254 512 68 57 of
1373 512 341 58 American
1765 512 376 73 genealogy:

146 592 143 57 first
316 592 274 56 families
624 591 66 57 of
720 591 296 57 America;
1079 610 38 37 a
1147 590 427 73 genealogical
1605 589 439 72 encyclopedia
2078 591 66 57 of

148 670 105 56 the
287 669 235 58 United
558 668 230 73 States,
827 669 208 57 edited
1067 668 84 72 by
1186 668 342 57 Frederick
1561 668 76 56 A.
1674 668 236 57 Virkus
1945 670 202 56 under

149 743 1993 75 direction of Albert Nelson Marquis … Chicago, A. N.
148 823 284 73 Marquis
464 823 47 57 &
542 840 321 57 company,
898 824 165 57 1925.

221 902 17 41 1
304 936 8 8 v.
371 902 56 42 26
432 904 46 17 cm
484 935 10 9 .

220 956 250 44 “Patriotic
497 957 87 42 and
611 956 260 52 hereditary
897 955 260 45 societies”:
1187 970 40 28 v.
1261 957 36 50 1,
1323 970 41 38 p.
1393 953 235 46 999-1007.

149 1010 52 54 ©
231 1013 99 51 Jan.
365 1012 63 52 15,
464 1012 128 51 1925;
624 1014 65 42 2c.
720 1013 87 43 and
837 1013 79 43 aff.
947 1013 100 52 Jan.
1083 1011 74 54 17;
1191 1013 46 43 A
1267 1011 189 53 815622;
1490 1012 165 44 Albert
1687 1012 60 44 N.
1781 1013 223 53 Marquis,
219 1012 1904 109 Chicago.
413 1067 242 55 (25-1777)

151 1150 232 70 Welch,
423 1150 286 72 Herbert,
751 1153 118 71 bp.,
908 1153 189 56 1862-

294 1228 1854 74 … “That, one face”; studies of America, Christ and
150 1306 1997 75 the Far East, by Herbert Welch … Nashville, Tenn.,
153 1381 361 75 Cokesbury
543 1402 180 53 press
759 1412 13 44 [
776 1392 18 20 c
796 1384 163 73 1925]

219 1460 1245 56 vii, 113 p. 19 ½ cm . (Fondren lectures for 1924)
551 1518 113 44 CONTENTS.—Asia
691 1520 89 42 and
809 1518 216 44 America:
1080 1518 76 44 the
1183 1518 315 53 past.—“East
1527 1520 36 42 is
1596 1519 123 44 east”;
1774 1535 67 38 or,
1870 1520 144 43 What
2041 1522 107 42 does

151 1574 74 45 the
261 1575 164 44 Orient
461 1574 352 45 lack?—“West
847 1574 38 44 is
922 1575 163 52 west”;
1124 1590 64 36 or,
1225 1576 146 44 What
1404 1576 83 43 has
1523 1577 216 43 America
1775 1584 46 37 to
1856 1577 293 53 give?—Can

153 1631 100 44 “the
279 1631 165 47 twain”
473 1631 204 48 “meet?”,
702 1631 76 45 the
805 1630 402 54 present.—“That
1232 1647 85 29 one
1346 1632 148 44 face.”·

149 1686 54 54 ©
233 1689 118 43 Mar.
385 1688 61 49 17,
481 1688 129 52 1925;
641 1690 64 42 2c.
736 1690 87 42 and
852 1687 78 45 aff.
961 1689 114 52 May
1107 1688 75 53 15;
1215 1691 43 41 A
1290 1687 189 54 855170;
1513 1690 165 43 Lamar
1708 1690 37 44 &
1778 1691 186 52 Barton,
218 1690 1908 98 Nashville.
406 1744 242 55 (25-9947)

232 1829 129 70 Wells,
458 1830 237 57 Carveth.

232 1906 1845 77 Six years in the Malay jungle, by Carveth Wells …
150 1983 1971 136 with a, preface by Dr. Frederic Augustus Lucas … illustrations
450 2062 169 57 from
647 2063 452 72 photographs.
1171 2062 253 59 Garden
1457 2062 162 75 City,
1651 2064 74 57 N.
1757 2064 94 73 Y.,
151 2065 1971 148 Doubleday,
319 2141 172 71 Page
518 2140 48 57 &
592 2159 322 54 company,
944 2142 166 56 1925.

227 2218 1213 55 xiii p., 1 l., 261 p. front., plates, ports. 23½ cm .
229 2275 150 45 “First
408 2275 209 44 edition.”

229 2332 255 53 Appendix,
513 2332 220 52 compiled
765 2332 122 44 from
912 2331 165 45 official
1105 2346 194 38 sources,
1329 2348 59 29 on
1416 2332 74 45 the
1520 2331 158 55 Malay
1708 2332 246 46 Peninsula
1981 2335 86 43 and
2096 2334 55 44 its

159 2403 230 29 resources:
448 2404 39 37 p.
531 2388 224 47 [223]-255.

233 2444 355 53 “Bibliography
617 2444 52 45 of
695 2445 187 43 modern
910 2444 142 44 books
1084 2443 194 54 relating
1308 2453 46 36 to
1386 2443 239 54 Malaya”:
1657 2461 40 37 p.
1726 2445 206 47 256-261.

151 2499 53 54 ©
234 2501 111 51 Apr.
375 2502 66 50 24,
475 2500 130 53 1925;
636 2501 64 42 2c.
731 2502 87 43 and
848 2501 79 43 aff.
960 2501 111 52 May
1099 2501 52 52 4;
1184 2501 44 42 A
1260 2501 189 53 829218;
1483 2501 281 54 Doubleday,
1799 2503 124 52 Page
1957 2503 37 44 &
2024 2519 66 28 co·.

230 2555 268 56 (25-26441)

153 2641 211 70 Wells,
403 2641 269 60 Gabriel.

231 2721 416 72 Arbitration,
671 2722 84 70 by
776 2720 256 59 Gabriel
1051 2720 215 58 Wells.
1331 2720 252 58 Garden
1610 2720 161 75 City,
1797 2722 74 57 N.
1897 2722 93 73 Y.,
2018 2724 129 58 The

156 2796 238 60 Country
473 2798 114 58 fife
621 2817 201 53 press,
861 2799 166 56 1925.

227 2874 48 44 15
307 2890 41 37 p.
407 2875 53 43 24
467 2878 15 17 cm
520 2910 9 9 .

154 2929 52 54 ©
235 2931 112 51 Apr.
381 2929 61 51 17,
474 2930 129 52 1925;
634 2932 65 41 2c.
728 2932 87 42 and
844 2931 78 42 aff.
954 2931 114 52 May
1093 2930 52 53 4;
1176 2931 44 42 A
1249 2929 164 45 829217;
1472 2930 52 45 G.
1553 2930 162 54 Wells,
1747 2932 117 44 New
1893 2933 143 44 York.

232 2986 242 55 (25-9467)

154 3071 227 71 White,
419 3071 195 58 Grace
655 3069 320 58 Hoffman.

230 3148 224 73 Wings
495 3150 62 55 to
599 3148 171 71 dare,
807 3148 85 71 by
930 3146 198 60 Grace
1169 3146 305 58 Hoffman
1512 3146 228 61 White.
1820 3150 325 73 Portland,

155 3228 139 72 Me.,
326 3227 129 56 The
484 3224 257 59 Mosher
767 3244 200 56 press,
996 3226 165 56 1925.

232 3306 61 51 ix,
323 3307 70 50 [1],
416 3304 67 53 45,
511 3307 51 44 [1]
590 3319 40 38 p.
693 3305 49 43 18
751 3307 46 17 cm
803 3339 8 8 .

237 3363 178 44 Poems.

156 3417 52 54 ©
242 3420 112 50 Apr.
386 3418 65 49 22,
490 3413 103 46 1925;
655 3416 64 43 2c.
754 3416 112 52 May
903 3417 17 41 1;
985 3416 78 43 aff.
1099 3416 112 52 May
1247 3414 22 44 5;
1331 3415 44 42 A
1410 3415 159 44 829261;
1637 3416 52 45 G.
1726 3418 62 43 H.
1824 3417 171 55 White,
2030 3420 118 45 New

226 3474 142 44 York.
461 3471 218 54 (25-9352)

157 3558 227 71 White,
427 3556 279 60 William
745 3555 268 61 Wisner.

232 3638 225 55 Poems
495 3635 123 56 and
653 3634 300 70 sketches,
988 3635 83 70 by
1105 3634 158 57 Wm.
1302 3633 254 58 Wisner
1589 3634 228 60 White.
155 3636 1971 138 [Cleveland,
354 3724 19 21 c
376 3714 163 71 1925]

230 3793 79 46 [48]
349 3807 39 37 p.
450 3790 151 51 front.,
637 3789 153 52 plates.
849 3790 54 43 20½
938 3791 15 17 cm
991 3824 9 9 .

229 3848 217 44 Author’s
474 3861 130 29 name
632 3845 46 44 in
707 3846 277 52 manuscript
1012 3861 58 28 on
1099 3852 95 46 t.-p.

230 3906 114 42 “No.
377 3903 123 44 531.”

157 3962 55 52 ©
241 3963 111 45 Apr.
382 3961 65 44 30.
480 3958 105 45 1925;
640 3961 64 42 2c.
733 3960 87 42 and
849 3959 79 43 aff.
957 3959 115 52 May
1098 3958 25 42 4;
1181 3957 43 43 A
1255 3957 163 44 829248;
1475 3959 74 43 W.
1580 3960 75 44 W.
1688 3960 168 53 White,
1891 3960 255 46 Cleveland.

237 4015 242 47 (25-9905)
