2533 4412
1266 4094 114 56 480

329 407 1064 77 Stef á nsson, Vilhj á lmur, 1879-
407 504 130 57 The
571 503 349 59 adventure
958 504 69 57 of
1057 503 304 72 Wrangel
1393 504 238 72 Island,
1667 504 254 59 written
1954 506 84 71 by
325 505 1986 132 Vilhjalmur

511 580 398 74 Stefansson,
954 581 152 58 with
1148 582 105 58 the
1298 581 457 59 collaboration
1799 583 69 58 of
1911 584 169 58 John
2122 584 214 59 Irvine

327 659 263 72 Knight,
607 679 172 53 upon
804 659 105 58 the
933 660 187 72 diary
1145 660 69 58 of
1235 660 208 58 whose
1472 679 130 56 son,
1622 661 192 57 Errol
1838 662 208 59 Lome
2073 662 265 73 Knight,

326 737 104 58 the
462 737 328 59 narrative
824 738 54 58 is
912 737 240 73 mainly
1183 739 211 58 based.
1478 740 154 57 New
1664 740 192 71 York,
1894 742 130 57 The
323 742 1991 132 Macmillan
458 834 325 56 company,
817 816 167 60 1925.

396 894 1941 57 xxviii p., 1 l., 424 p. front., plates, ports., maps (1 fold.) facsims. 23 cm .
328 950 53 54 ©
406 953 113 51 Apr.
544 954 66 50 21,
641 952 130 53 1925;
799 953 64 43 2c.
890 954 89 42 and
1003 953 79 44 aff.
1108 953 113 52 Apr.
1246 954 79 52 22;
1354 954 44 42 A
1424 953 191 53 829017;
1644 955 58 43 V.
1732 952 284 55 Stefansson,
2094 970 68 28 New
2189 955 144 44 York.

407 1008 244 56 (25-8914)

329 1110 481 74 Stickelberger,
852 1110 322 72 Emanuel,
1217 1114 191 55 1884-

325 1204 1986 133 … Ferrantes gast; neue mären und geschichten. Zürich
486 1281 129 57 und
641 1280 277 73 Leipzig,
948 1279 327 59 Grethlein
1301 1280 47 57 &
1374 1299 86 39 co.
1493 1310 13 43 [
1507 1289 18 20 c
1530 1282 150 56 1924]

401 1358 94 54 358,
529 1362 52 45 [1]
614 1375 40 38 p.
716 1360 115 43 illus.
893 1359 53 44 20
953 1361 47 17 cm
1007 1395 8 7 .

742 1416 244 45 CONTENTS.—Ferrantes
1039 1417 275 53 gast.—Der
1368 1416 246 45 ehehandel
1668 1417 79 45 der
1799 1418 211 53 Margret
333 1417 2006 103 Zeigerin.—Hans

490 1473 845 54 Waldmann.—Tulpenglück.—Der
1363 1475 293 42 liebestraum
1682 1474 77 43 des
1789 1474 278 53 Polyphilos.

326 1528 1951 55 © Dec. 31, 1924; 1c. Mar. 19, 1925; A —Foreign 27478; Grethlein & co.
405 1586 273 56 (25-10081)

325 1688 289 73 Thomas,
651 1686 326 59 Franklin.

471 1776 1864 74 … The environmental basis of society; a study in the
326 1854 1943 74 history of sociological theory, by Franklin Thomas …
324 1937 154 57 New
507 1936 176 57 York
715 1935 125 57 and
870 1935 284 70 London,
1189 1933 131 60 The
1357 1933 281 74 Century
1673 1954 108 52 co.,
1820 1934 166 59 1925.

393 2010 1936 58 vii, 336 p. front. (port.) 23 cm . (The Century social science series)
322 2070 126 55 $3.00

395 2127 359 54 Bibliography:
781 2142 41 39 p.
848 2127 207 45 317-329.

325 2183 53 54 ©
404 2187 112 51 Apr.
542 2185 66 52 20,
641 2184 130 53 1925;
797 2185 66 43 2c.
889 2185 114 52 Apr.
1027 2185 79 52 24;
1136 2185 79 42 aff.
1242 2184 113 52 Apr.
1380 2185 79 52 22;
1489 2185 44 42 A
1559 2185 191 52 823884;
1783 2183 200 55 Century
2009 2201 65 28 co.

403 2241 244 56 (25-8829)

323 2328 212 59 Union
567 2328 231 58 Pacific
831 2327 284 59 railroad
1147 2343 325 59 company.

400 2418 310 60 Colorado
747 2419 330 58 mountain
1114 2419 452 73 playgrounds,
1606 2419 217 58 issued
1858 2420 84 74 by
1980 2420 105 58 the
2123 2419 210 60 Union

319 2497 233 59 Pacific
582 2500 252 69 system.
923 2497 310 74 [Chicago,
1264 2497 267 58 Printed
1556 2498 85 72 by
1667 2498 191 58 Poole
1887 2499 188 70 bros.,
2103 2506 18 21 c
2125 2500 165 72 1925]

396 2578 56 45 48
477 2593 42 39 p.
579 2576 117 46 illus.
724 2576 128 54 (incl.
880 2576 153 55 maps)
1100 2574 52 47 25½
1189 2579 47 17 cm
1243 2611 8 9 .

323 2633 55 55 ©
410 2636 120 43 Mar.
563 2635 64 52 19,
660 2633 131 53 1925;
821 2636 65 42 2c.
917 2636 87 42 and
1033 2635 79 43 aff.
1145 2635 119 42 Mar.
1293 2631 80 54 25;
1406 2635 44 42 A
1482 2631 189 54 822594;
1704 2635 75 43 W.
1812 2635 63 43 H.
1907 2635 208 52 Murray,
2147 2636 184 51 general

395 2706 246 39 passenger
681 2699 147 45 agent,
871 2692 155 44 Union
1070 2691 170 43 Pacific
1283 2698 182 45 system,
1509 2690 193 52 Omaha,
1745 2690 115 44 Neb.
1926 2689 66 55 [©
2034 2692 186 52 general
393 2707 1917 95 revision]
627 2746 244 57 (25-8685)

322 2835 237 59 United
589 2835 367 73 typothetae
993 2834 68 58 of
1092 2833 312 58 America.

323 2924 1987 153 … Standard cost-finding system; principles and general information regarding
1313 3004 105 57 the
1448 3023 113 38 use
1596 3004 69 57 of
1695 3003 105 59 the
1835 3004 309 59 standard
322 3011 1987 145 cost-finding
598 3087 255 67 system,
887 3083 292 71 together
1213 3081 154 59 with
1403 3102 39 38 a
1473 3080 110 59 list
1622 3082 69 57 of
1728 3081 364 74 operations
2129 3083 63 57 in
2204 3085 129 58 .the

322 3162 257 59 various
618 3162 436 73 departments
1097 3160 68 58 of
1202 3159 105 60 the
1345 3158 288 75 printing
1670 3159 310 75 business,
2021 3161 312 61 classified

324 3246 63 53 to
434 3241 171 58 show
643 3242 104 57 the
791 3238 372 74 productive
1210 3241 125 57 and
1374 3239 526 72 nomproductive
1945 3239 205 67 items,
322 3261 1985 132 prepared

556 3315 1776 77 by U. T. A. cost commission … Chicago, United
321 3398 369 73 typothetae
723 3397 69 58 of
823 3395 315 72 America,
1171 3395 167 57 1925.

390 3476 56 45 38
472 3490 42 39 p.
573 3474 55 45 27
634 3477 46 18 cm
687 3509 10 9 .

324 3532 53 54 ©
415 3533 99 52 Jan.
556 3529 63 54 15,
658 3529 133 53 1925;
831 3531 65 42 2c.
936 3530 87 43 and
1062 3530 78 43 aff.
1180 3530 99 52 Jan.
1318 3529 79 52 26;
1440 3530 44 42 A
1524 3529 190 53 814772;
1758 3531 173 44 United
1971 3532 264 52 typothetae
2273 3533 53 44 of

393 3591 228 42 America.
693 3585 244 56 (25-8519)

321 3676 285 67 Warner,
646 3672 284 59 William
967 3671 235 73 Henry.

400 3761 1932 76 Sacrilegious hands, by William Henry Warner … New
319 3846 192 70 York,
545 3843 378 69 Greenberg,
952 3842 135 73 inc.,
1121 3841 167 59 1925.

390 3920 646 56 2 p. l. , 305, [1] p. 19½ cm .
323 3980 53 54 ©
411 3983 119 41 Mar.
568 3978 61 51 15,
670 3976 130 51 1925;
833 3978 66 42 2c.
937 3978 118 42 Mar.
1097 3978 73 50 19;
1208 3977 79 42 aff.
1324 3977 119 43 Mar.
1478 3976 79 53 27;
1596 3978 44 42 A
1675 3978 189 51 829122;
1905 3978 261 54 Greenberg,
393 3982 1909 107 publisher,
579 4036 82 43 inc.
732 4032 243 56 (25-8908)
