2533 4412
0 0 0 0 80
371 586 154 58 New
552 587 193 72 York,
783 589 129 57 The
946 590 137 57 Red
1115 589 160 58 book
1305 590 347 74 magazine,
1684 593 418 72 Department
2139 598 68 57 of
372 599 1988 124 education
615 695 14 44 [
629 676 20 20 c
653 667 196 73 1925]

440 741 84 46 257
556 758 40 39 p.
656 744 54 43 20
717 746 48 18 cm
771 782 10 9 .

369 798 53 54 ©
460 801 100 52 Jan.
603 802 62 50 16,
704 800 130 54 1925;
872 802 65 43 2c.
974 803 87 42 and
1098 802 79 44 aff.
1214 803 100 52 Jan.
1356 803 75 52 19;
1471 804 43 42 A
1554 804 190 52 814700;
1787 805 321 48 Consolidated
2147 809 234 52 magazine

439 874 138 38 corp.,
609 857 214 55 Chicago.
893 856 245 57 (25-3483)

370 943 346 74 Wagnalls,
757 944 228 72 Mabel,
1024 947 193 56 1871-

447 1021 211 72 Opera
683 1023 124 56 and
832 1021 84 58 its
945 1025 202 68 stars;
1176 1041 35 38 a
1240 1023 387 71 description
1654 1025 69 56 of
1749 1025 103 58 the
1881 1026 199 58 music
2106 1027 124 58 and
370 1035 1984 122 stories
536 1101 69 57 of
646 1100 104 58 the
793 1099 312 73 enduring
1144 1119 247 55 operas,
1433 1102 123 57 and
1597 1121 37 39 a
1675 1103 196 58 series
1914 1104 67 57 of
2020 1105 358 58 interviews

368 1178 1943 78 with the world’s famous sopranos, by Mabel Wagnalls …
369 1257 150 59 New
545 1256 175 57 York
749 1258 123 56 and
900 1256 281 74 London,
1210 1257 185 58 Funk
1421 1258 48 57 &
1495 1258 328 74 Wagnalls
1856 1279 324 58 company,
2211 1263 166 55 1924.

443 1338 91 50 xiv,
563 1336 82 45 410
674 1352 39 38 p.
777 1336 153 51 front.,
960 1343 139 47 ports.
1160 1339 51 43 21
1221 1339 47 18 cm
1275 1373 8 9 .

447 1395 246 52 Amplified
722 1395 121 42 from
868 1394 82 44 her
978 1393 129 46 Stars
1135 1395 53 44 of
1212 1394 74 45 the
1313 1409 153 39 opera.

367 1448 53 55 ©
449 1451 120 43 Nov.
597 1450 67 52 20,
695 1450 108 44 1924;
853 1451 64 43 2c.
946 1451 88 44 and
1061 1451 79 44 aff.
1167 1451 101 54 Jan.
1295 1452 37 50 2,
1364 1450 132 55 1925;
1526 1453 43 43 A
1597 1451 191 55 815449;
1818 1452 134 46 Funk
1977 1455 38 44 &
2042 1455 241 53 Wagnalls
2312 1471 66 29 co.

445 1506 245 56 (25-3003)

366 1579 296 73 Wagner,
703 1577 173 58 Belle
917 1577 341 62 Fairbank.

367 1659 1990 138 … The Bible as a chart of life, by Belle Fairbank Wagner.
583 1737 457 73 Indianapolis,
1072 1738 159 73 Ind.,
1261 1738 174 60 Belle
1468 1738 70 58 F.
1570 1739 282 74 Wagner
1887 1769 12 44 [
1900 1747 20 22 c
1923 1740 167 73 1924]

440 1816 609 53 2 p. l., 9-199 p. 16½ cm .
365 1870 53 54 ©
448 1872 110 42 Dec.
588 1871 68 52 20,
688 1870 131 51 1924;
850 1870 65 43 2c.
945 1870 110 43 Dec.
1088 1870 74 51 19;
1194 1870 79 43 aff.
1303 1871 100 52 Jan.
1431 1870 66 52 28,
1532 1869 129 54 1925;
1695 1872 43 42 A
1770 1869 189 56 815802;
1995 1873 49 42 B.
2076 1872 51 44 F.
2158 1874 219 53 Wagner,

436 1926 321 54 Indianapolis.
827 1925 245 56 (25-3987)

364 1998 266 74 Weems,
668 1998 212 75 Roger
913 1998 228 59 Burch.

511 2076 1868 77 … Un verano en España; a Spanish reader, by Roger
363 2155 2014 75 Burch Weems … Boston, New York [etc.] D. C. Heath
364 2235 695 74 and company [ c 1925]
434 2313 91 51 viii,
554 2313 83 43 249
663 2327 40 38 p.
766 2311 153 53 front.,
950 2310 114 45 illus.
1129 2312 51 44 19
1186 2313 47 18 cm
1239 2346 9 8 .
1318 2310 219 54 (Heath’s
1567 2312 187 43 modern
1784 2312 222 53 language
2036 2312 166 53 series)

363 2369 53 53 ©
443 2371 100 52 Jan.
571 2370 68 51 24,
670 2368 130 53 1925;
831 2369 64 43 2c.
925 2369 99 52 Jan.
1054 2370 78 50 31;
1163 2369 79 43 aff.
1271 2369 99 52 Jan.
1398 2369 80 52 28;
1510 2369 43 42 A
1580 2367 190 54 814856;
1799 2368 60 45 D.
1894 2369 47 45 C.
1973 2370 157 43 Heath
2160 2372 38 43 &
2226 2387 65 28 co,

443 2425 244 55 (25-3025)

363 2496 364 74 Wimberly,
771 2495 259 60 Charles
1071 2495 326 71 Franklin,
1438 2498 191 56 1866-

364 2572 1988 141 The mastery of manhood, by C. F. Wimberly … Introduction
754 2654 85 71 by
872 2653 78 57 H.
991 2653 64 58 C.
1094 2652 339 73 Morrison,
1510 2700 10 10 D.
1600 2700 10 10 D.
1686 2653 152 57 New
1870 2652 193 72 York,
2102 2654 272 74 Chicago

383 2731 1372 76 [etc.] Fleming H. Revell company [ c 1924]
436 2811 80 43 144
545 2826 40 38 p.
649 2811 51 43 19½
734 2812 47 17 cm
787 2844 10 9 .

362 2866 53 54 ©
441 2868 119 43 Nov.
587 2870 37 48 8,
655 2867 106 43 1924;
813 2867 65 43 2c.
904 2867 88 43 and
1015 2867 78 43 aff.
1120 2867 99 52 Jan.
1251 2866 62 52 10,
1343 2864 129 54 1925;
1502 2867 43 42 A
1572 2865 190 54 815525;
1793 2866 207 53 Fleming
2028 2867 61 43 H.
2119 2867 159 43 Revell
2305 2883 65 28 co.

440 2923 244 56 (25-3079)

361 2993 284 71 Wirries,
685 2993 187 73 Mary
906 2992 226 60 Mabel,

439 3070 1865 72 Mary Rose, sophomore, by Mary Mabel Wirries …
363 3150 150 58 New
537 3150 191 71 York,
759 3148 357 60 Cincinnati
1146 3152 148 72 [etc.]
1324 3148 310 73 Benziger
1660 3148 309 72 brothers,
2003 3148 164 58 1925.

433 3227 81 45 176
545 3243 39 38 p.
646 3228 139 44 front.
850 3229 53 43 19
906 3230 46 17 cm
959 3263 9 7 .

360 3284 53 53 ©
438 3286 99 52 Jan.
563 3286 67 49 28,
658 3283 130 54 1925;
814 3285 67 43 2c.
907 3283 107 45 Feb.
1040 3285 51 51 2;
1118 3285 79 42 aff.
1224 3282 106 45 Feb.
1358 3285 49 51 3;
1436 3283 43 43 A
1505 3281 189 53 815898;
1726 3283 225 53 Benziger
1974 3284 120 43 bros.
439 3340 244 56 (25-3089)

362 3414 130 56 The
526 3411 223 59 World
779 3412 189 70 book;
1006 3411 340 70 organized
1375 3412 364 71 knowledge
1771 3412 63 55 in
1875 3414 176 68 story
2087 3412 122 56 and
438 3410 1908 152 picture,

623 3489 1727 74 editor-in-chief, M. V. O’Shea … editor for Canada
440 3567 1903 154 George H. Locke … assisted by one hundred fifty distinguished
839 3648 336 69 scientists,
1215 3647 352 68 educators,
1603 3646 221 59 artists
1861 3648 120 56 and
2016 3646 248 60 leaders
2302 3647 67 57 of

439 3724 1926 76 thought in the United States and Canada … Chicago,
439 3805 277 57 Toronto
747 3808 147 67 [etc.]
919 3803 96 56 W.
1045 3803 70 58 F.
1148 3800 267 72 Quarrie
1441 3803 47 57 &
1515 3821 321 53 company,
1867 3803 165 56 1925.

434 3883 51 44 10
508 3900 41 27 v.
610 3882 116 45 illus.,
769 3883 141 51 plates
945 3882 126 51 (part
1097 3881 113 50 col.)
1245 3889 153 43 ports.,
1427 3896 140 36 maps,
1597 3879 168 50 diagrs.
1827 3880 52 44 24½
1914 3883 46 17 cm
1969 3917 7 7 .

432 3941 154 50 Paged
619 3939 328 51 continuously.

358 3993 53 54 ©
437 3996 99 51 Jan.
567 3992 63 53 15,
659 3992 130 51 1925;
818 3994 65 42 2c.
911 3992 109 44 each
1045 3993 100 50 Jan.
1171 3991 77 50 22;
1279 3991 78 42 aff.
1385 3989 107 45 Feb.
1524 3990 73 50 16;
1628 3990 43 42 A
1698 3988 190 51 814735;
1918 3991 75 43 W.
2022 3990 50 45 F.
2104 3991 195 53 Quarrie
2328 3994 36 43 &

428 4067 64 28 co.
557 4049 67 55 [©
652 4050 123 52 2,400
801 4049 196 52 changes
1025 4048 86 43 and
1138 4047 223 44 additions
1391 4048 44 41 in
1462 4053 111 46 text]
1646 4044 242 56 (25-2134)
