2533 4412
1353 4163 111 63 762

471 538 151 43 Blank
645 540 148 44 leaves
821 548 47 35 at
894 541 83 42 end
1004 540 51 44 of
1084 540 109 43 each
1221 539 186 44 section.

474 595 175 46 Second
676 596 193 51 edition;
900 596 102 44 first
1028 595 170 46 edition
1225 597 82 43 has
1336 596 122 45 title:
1489 597 270 53 Dictionary
1788 598 50 44 of
1865 596 226 46 botanical
2118 597 295 53 equivalents,

401 652 413 54 French-English,
847 651 431 55 German-English.

400 707 54 54 ©
481 710 117 52 June
627 710 62 51 12,
720 708 129 54 1925;
879 710 65 43 2c.
972 711 86 42 and
1085 711 79 42 aff.
1193 711 117 52 June
1335 710 78 52 20;
1445 711 43 42 A
1518 708 189 54 855608;
1737 711 232 44 Williams
1997 712 87 42 and
2112 710 202 45 Wilkins
2343 726 66 29 co.

480 765 273 55 (25-11598)

399 835 226 75 Atkey,
659 837 310 58 Bertram.

479 917 130 57 The
645 916 297 73 pyramid
977 917 70 57 of
1079 917 161 74 lead,
1277 917 82 72 by
1393 917 299 58 Bertram
1726 917 226 72 Atkey.
2030 917 153 57 New
2217 917 192 69 York,

398 993 74 58 D.
505 995 323 71 Appleton
860 996 125 57 and
1016 1014 324 54 company,
1377 997 165 56 1925.

468 1071 571 53 3 p. l., 300 p. 19½ cm .
401 1125 54 54 ©
484 1128 107 52 July
620 1129 66 50 31,
719 1126 130 54 1925;
880 1129 65 42 2c.
976 1130 87 42 and
1093 1129 79 43 aff.
1203 1129 120 52 Aug.
1354 1128 51 53 4;
1438 1129 43 42 A
1514 1127 189 53 864078;
1739 1129 50 43 B.
1821 1129 168 53 Atkey,
2020 1126 234 53 Norwich,
473 1129 1917 106 Norfolk,

609 1184 224 53 England.
897 1183 272 56 (25-14716)

400 1255 280 71 Beamer,
713 1254 237 59 Robert
979 1255 85 57 Le
1094 1255 154 74 Roy.

477 1334 358 60 Essentials
878 1336 68 57 of
983 1336 292 57 cosmetic
1313 1336 290 73 therapy,
1640 1339 85 69 by
1760 1337 239 57 Robert
2042 1337 63 56 L.
2142 1337 269 59 Beamer

468 1413 1737 75 … [Portland, Or., A. E. Kern and company, c 1925]
470 1492 832 53 6 p. l., 113, [3] p. illus. 19½c m .
401 1546 54 54 ©
483 1547 108 53 July
615 1547 69 52 22,
716 1546 104 45 1925
838 1562 8 36 ;
876 1548 65 42 2c.
972 1548 107 52 July
1105 1547 80 53 29;
1218 1548 79 43 aff.
1327 1548 108 52 July
1462 1547 79 52 28;
1574 1548 43 42 A
1646 1546 192 54 864037;
1870 1548 54 43 R.
1955 1548 50 43 L.
2039 1548 206 53 Beamer,
472 1549 1919 107 Portland,

616 1604 81 44 Or.
758 1603 273 55 (25-14655)

404 1674 512 74 [Bodart-Wiart,
953 1674 331 77 Gabrielle]

547 1754 1864 75 … Le mystère de 1’hôtel d’Ersane. [Par Guy Wirta,
400 1835 238 72 pseud.]
722 1832 207 73 Paris,
969 1833 249 58 Maison
1258 1834 74 57 de
1369 1834 67 56 la
1466 1833 202 57 bonne
1704 1852 220 53 presse
1969 1834 181 74 [1924]

468 1911 81 43 221
584 1927 40 37 p.
688 1910 53 44 19
746 1914 15 17 cm

401 1966 54 54 ©
486 1969 100 52 Jan.
619 1968 65 44 24,
722 1966 130 53 1925;
916 1983 34 27 1c.
985 1969 113 51 May
1135 1969 73 50 11;
1246 1966 303 54 A—Foreign
1581 1965 162 54 27656;
1783 1966 228 46 Gabrielle
2047 1966 366 54 Bodart-Wiart,

476 2024 151 46 Calais
654 2024 262 55 (P.-de-C.)
943 2023 188 46 France.
1201 2023 273 56 (25-11224)

399 2096 317 72 Bowman,
757 2095 210 58 Leona
1007 2096 317 57 Florence.

479 2175 327 57 Problems
866 2173 66 57 in
992 2174 179 57 home
1235 2172 343 60 economics
1641 2172 323 74 teaching;
2027 2174 387 73 sixty-seven

399 2253 319 72 problems
753 2252 303 74 designed
1086 2256 63 55 to
1189 2251 397 73 supplement
1619 2251 106 59 the
1758 2251 329 60 textbooks
2122 2251 66 59 in
403 2252 1986 138 methods

555 2332 156 57 used
747 2330 66 58 in
850 2331 285 73 training
1171 2331 181 57 home
1393 2330 344 58 economics
1776 2330 306 58 teachers.
2164 2330 101 73 By
400 2331 1988 137 Leona

556 2407 1858 75 Florence Bowman … Chicago, Ill., The University
401 2487 70 58 of
504 2487 271 73 Chicago
805 2506 183 53 press
1024 2517 13 43 [
1040 2496 18 22 c
1061 2488 165 72 1925]

471 2566 94 54 viii,
602 2565 80 44 146
713 2581 40 39 p.
813 2566 51 42 21½
902 2567 47 17 cm
956 2601 8 8 .
1034 2564 291 56 (Half-title:
1363 2564 102 45 The
1498 2563 271 56 University
1801 2565 51 44 of
1889 2564 199 55 Chicago
2125 2564 155 44 Home
400 2579 1992 89 economics

603 2623 154 50 series,
789 2624 254 44 Katharine
1074 2623 150 52 Blunt,
1257 2622 173 54 editor)

474 2681 127 45 Most
628 2682 50 44 of
705 2681 74 44 the
807 2681 149 44 leaves
984 2680 179 53 printed
1190 2696 58 29 on
1275 2695 157 29 versos
1460 2680 119 53 only.

474 2737 345 48 “References”,
849 2753 40 37 p.
920 2738 205 48 142-144,
1151 2739 88 43 and
1265 2745 47 37 at
1338 2739 85 43 end
1450 2736 53 44 of
1529 2736 109 45 each
1666 2737 216 53 problem.

401 2793 55 54 ©
481 2796 107 52 July
616 2793 62 49 15,
709 2793 130 53 1925;
867 2796 64 42 2c.
958 2797 86 42 and
1071 2796 79 42 aff.
1177 2795 108 53 July
1308 2793 78 53 27;
1415 2796 43 42 A
1486 2793 189 53 861217;
1704 2793 138 46 Univ.
1869 2794 52 45 of
1952 2793 215 55 Chicago,
2196 2793 213 55 Chicago.

482 2850 273 55 (25-14941)

399 2922 196 71 Boyd,
631 2921 190 58 Mark
856 2920 358 74 Frederick,
1252 2924 149 57 1889–

479 2999 1924 74 Preventive medicine, by Mark F. Boyd … 2d ed., rev.
400 3076 445 73 Philadelphia
902 3079 122 56 and
1080 3078 280 65 London,
1413 3077 98 58 W.
1567 3077 71 57 B.
1702 3076 321 60 Saunders
2081 3096 323 54 company,

403 3157 167 58 1925.

478 3235 1011 55 2 p. l., 9-429 p. illus., diagrs. 24½ cm .
481 3293 246 44 Published
758 3292 107 46 1920
889 3295 141 42 under
1057 3292 123 45 title:
1212 3291 226 45 Practical
1465 3292 263 53 preventive
1752 3292 231 44 medicine.

484 3348 333 46 “References”
847 3359 47 35 at
921 3352 87 42 end
1032 3351 53 43 of
1113 3358 118 36 most
1260 3350 51 44 of
1338 3350 76 43 the
1442 3349 222 53 chapters.

402 3403 54 54 ©
484 3406 108 52 July
617 3406 68 48 22,
719 3404 105 45 1925
841 3421 9 37 ;
881 3406 64 43 2c.
977 3406 106 51 July
1111 3405 80 51 27;
1226 3406 79 43 aff.
1336 3406 107 52 July
1472 3405 78 52 28;
1586 3405 43 43 A
1659 3405 190 52 864016;
1883 3407 75 43 W.
1994 3406 51 43 B.
2081 3405 229 47 Saunders
2342 3422 66 28 co.

490 3460 54 54 [©
570 3477 99 29 new
696 3470 179 45 matter]
942 3461 272 55 (25-14304)

405 3531 401 74 Callaghan’s
840 3534 246 57 Illinois
1123 3534 225 72 digest,
1384 3533 302 71 complete
1723 3533 167 57 from
1927 3533 234 59 Breese
2198 3538 62 54 to
2300 3535 112 57 300

480 3611 245 58 Illinois
769 3613 124 57 and
932 3613 168 56 from
1143 3616 32 52 1
1218 3616 63 53 to
1327 3613 108 54 221
1477 3611 246 59 Illinois
1766 3612 335 73 appellate,
2145 3613 131 57 also
480 3612 1903 150 including

766 3690 243 57 Illinois
1048 3690 212 72 points
1295 3690 200 57 found
1529 3690 65 55 in
1630 3689 238 58 United
1906 3690 213 57 States
2157 3694 251 68 reports

482 3769 125 58 and
641 3768 66 57 in
746 3768 273 59 Federal
1057 3770 251 71 reports
1347 3771 65 55 to
1453 3769 164 71 date,
1656 3768 83 73 by
1778 3767 244 74 George
2062 3768 70 57 F.
480 3768 1904 137 Longsdorf.

803 3846 1603 77 v. 10, [Master and servant to Municipal corp.]
482 3925 290 70 Chicago,
812 3924 345 63 Callaghan
1195 3927 124 57 and
1355 3943 324 55 company,
1718 3926 167 56 1925.

475 3985 701 71 1 p. l., 9217-10326 p. 26 cm .
398 4057 56 55 ©
478 4060 108 53 July
609 4058 65 53 25,
703 4058 131 54 1925;
862 4061 64 42 2c.
952 4061 87 42 and
1063 4060 79 43 aff.
1167 4059 107 54 July
1297 4059 80 54 29;
1404 4060 43 42 A
1472 4058 192 54 861235;
1695 4057 253 58 Callaghan
1972 4059 39 49 &
2035 4074 51 33 co.
