2533 4412
1095 4082 108 55 603

134 429 183 71 Cobb,
361 428 176 58 Irvin
581 427 427 72 Shrewsbury,
1054 427 190 56 1876-

210 521 224 59 “Here
471 540 200 38 comes
711 521 104 56 the
852 519 330 68 bride—”,
1221 518 125 58 and
1383 536 66 39 so
1489 514 194 71 forth,
1720 516 82 69 by
1839 512 178 58 Irvin
2058 512 60 59 S.

136 599 184 59 Cobb.
403 599 151 56 New
580 598 189 71 York,
800 597 243 71 George
1069 595 80 56 H.
1181 595 216 57 Doran
1428 610 305 53 company
1764 621 12 42 [
1776 599 20 21 c
1800 590 148 56 1925]

202 685 920 56 ix p., 1 l., 13-340 p. 20 cm . $2.00
133 755 53 54 ©
219 757 111 52 May
359 757 67 50 22,
461 754 103 45 1925;
622 755 64 43 2c.
717 755 88 43 and
834 755 79 43 aff.
946 755 115 51 June
1095 754 46 50 1;
1173 752 45 43 A
1250 751 188 52 829440;
1474 750 179 52 George
1685 750 62 42 H.
1781 750 157 42 Doran
1972 762 65 29 co.

211 811 268 56 (25-10507)

134 926 284 70 Dawson,
462 923 281 60 William
784 925 229 70 James,
1058 926 189 56 1854-

212 1017 128 57 The
370 1036 146 36 man
549 1015 212 59 Christ
791 1016 223 70 Jesus;
1047 1034 35 36 a
1111 1014 113 58 life
1255 1013 67 57 of
1354 1012 231 73 Christ,
1616 1013 84 71 by
1727 1010 96 59 W.
1857 1012 61 57 J.
137 1011 1967 142 Dawson.

348 1094 151 57 New
518 1094 172 56 York
712 1092 47 58 &
780 1093 278 70 London,
1084 1092 129 57 The
1238 1089 280 74 Century
1538 1109 87 38 co.
1653 1118 14 44 [
1668 1098 20 21 c
1691 1090 164 72 1925]

203 1186 143 51 xxvii,
379 1184 167 44 21-452
576 1199 40 38 p.
677 1183 151 50 front.,
863 1182 154 53 plates.
1077 1183 52 43 23
1137 1184 47 17 cm
1190 1217 8 8 .
1312 1180 125 56 $3.00

208 1255 243 45 Published
480 1257 42 41 in
551 1255 105 56 ,1901
685 1255 142 43 under
854 1253 122 45 title:
1007 1252 99 46 The
1132 1252 81 44 life
1239 1253 50 46 of
1317 1252 167 45 Christ.

133 1325 55 53 ©
211 1328 116 51 June
353 1327 34 50 1,
415 1324 128 52 1925;
568 1325 65 42 2c.
657 1325 116 52 June
799 1322 48 53 5;
875 1324 79 42 aff.
980 1323 106 52 July
1109 1324 78 51 22;
1214 1323 42 42 A
1283 1322 188 52 864180;
1498 1322 75 44 W.
1599 1322 40 51 J.
1667 1322 216 51 Dawson,
1908 1319 219 52 Newark,

206 1383 59 43 N.
292 1383 41 52 J.
396 1379 66 56 [©
490 1381 194 53 preface]
755 1378 244 56 (25-10702
1009 1380 17 53 )

135 1496 375 73 Dumbadze,
551 1494 204 61 Vasili
795 1493 470 73 Davidovitsch,
1311 1496 188 57 1881-

214 1590 131 56 The
397 1587 349 59 Caucasian
794 1586 343 72 republics;
1189 1586 103 57 the
1344 1585 161 58 little
1557 1585 416 59 democracies
2025 1587 104 57 the

135 1663 1997 75 world forgot, by Vasili D. Dumbadze … New York
139 1745 85 73 [F.
258 1743 264 57 Hubner
552 1743 49 56 &
633 1761 106 53 co.,
773 1741 297 74 printers]
1108 1742 165 56 1925.

204 1830 1013 56 2 p. l., 47, [1] p. illus. (map) 24½ cm .
138 1901 53 54 ©
224 1903 111 52 Apr.
375 1902 60 52 16,
473 1901 129 52 1925;
637 1902 65 42 2c.
737 1902 89 42 and
857 1902 79 42 aff.
972 1901 111 52 May
1117 1901 52 52 4;
1204 1901 44 42 A
1281 1900 190 53 829214;
1510 1901 57 43 V.
1606 1902 56 42 D.
1699 1901 280 52 Dumbadze,
2013 1901 117 45 New

208 1960 144 43 York.
420 1957 270 56 (25-10593)

140 2057 266 59 Federal
459 2061 266 55 statutes
781 2058 356 56 annotated.
1235 2056 427 74 Supplement,
1716 2059 165 56 1922.
215 2057 1893 151 Containing

487 2137 84 55 all
596 2136 102 56 the
729 2137 148 55 laws
909 2135 66 57 of
1006 2156 33 36 a
1070 2138 373 68 permanent
1470 2138 122 55 and
1622 2136 257 72 general
1905 2139 227 55 nature

218 2216 257 56 enacted
517 2215 83 70 by
641 2214 102 56 the
792 2213 471 71 Sixty-seventh
1310 2212 311 73 Congress
1668 2215 276 56 between
1987 2215 145 57 Dec.

218 2294 89 71 31,
351 2294 167 70 1921,
562 2292 123 56 and
725 2292 143 56 Deo.
914 2292 90 71 31,
1048 2292 168 71 1922,
1257 2292 152 56 with
1454 2292 459 71 supplemental
1953 2296 178 54 notes

218 2370 364 71 continuing
604 2370 101 56 the
732 2370 368 55 annotation
1122 2369 67 56 in
1213 2370 103 56 the
1340 2369 178 71 prior
1543 2370 296 57 volumes,
1925 2371 78 57 [2d
2021 2371 110 75 ed.]

220 2448 114 57 Ed.
367 2448 83 71 by
479 2447 244 57 Harold
755 2447 73 56 N.
863 2447 322 72 Eldridge,
1220 2447 275 57 assisted
1525 2448 83 71 by
1639 2448 233 56 Newell
1907 2448 228 58 Duvall

221 2527 122 55 and
377 2525 306 57 members
723 2525 67 56 of
825 2526 103 55 the
969 2524 292 57 editorial
1299 2524 168 57 staff.
1547 2526 369 73 Northport,
1956 2526 67 57 L.
2063 2527 70 73 I.,

220 2603 72 57 N.
325 2603 93 73 Y.,
451 2602 274 59 Edward
759 2603 359 71 Thompson
1150 2622 323 54 company,
1508 2604 164 57 1923.

210 2694 130 53 xxiii,
368 2692 81 47 975
479 2709 40 37 p.
576 2692 56 45 26
636 2696 47 18 cm
689 2727 9 9 .

144 2763 53 54 ©
224 2765 112 52 Apr.
365 2764 69 53 26,
466 2764 103 43 1923;
626 2764 64 43 2c.
719 2764 88 43 and
834 2764 78 42 aff.
942 2764 119 52 June
1085 2764 66 51 20,
1186 2763 130 53 1925;
1347 2765 46 43 A
1421 2764 189 54 855618;
1643 2763 199 49 Edward
1871 2766 265 55 Thompson

213 2836 67 30 co.

147 2918 238 72 Fisher,
423 2922 152 55 Mrs.
614 2917 256 75 Welthy
913 2919 416 74 (Honsinger)

222 3014 60 56 A
317 3015 204 69 string
556 3014 67 57 of
660 3010 263 61 Chinese
958 3013 210 72 pearls;
1236 3017 105 54 ten
1377 3014 158 56 tales
1573 3016 68 57 of
1679 3014 261 60 Chinese
1979 3018 155 70 girls

148 3089 1918 74 ancient and modern, by Welthy Honsinger Fisher …
149 3169 149 57 New
323 3167 189 73 York,
540 3168 72 58 N.
640 3166 94 73 Y.,
763 3168 130 58 The
916 3166 297 58 Womans
1239 3187 182 53 press
1455 3197 12 44 [
1471 3176 17 21 c
1492 3168 164 73 1924]

220 3256 747 55 4 p. l., 3-187 p. illus. 19 cm .
149 3326 53 54 ©
232 3329 98 51 Jan.
359 3328 66 49 23,
461 3325 128 53 1925;
621 3327 65 42 2c.
719 3327 118 42 Mar.
873 3326 74 51 14;
980 3327 78 42 aff.
1092 3327 119 43 Mar.
1246 3327 75 51 10;
1355 3327 44 42 A
1430 3327 188 52 822427;
1653 3330 111 43 Natl.
1811 3331 142 44 board
1983 3332 51 44 of
2063 3333 77 43 the

220 3385 55 43 Y.
304 3384 75 44 W.
410 3382 49 45 C.
487 3383 57 43 A.
571 3382 50 44 of
647 3382 75 44 the
747 3383 59 48 D.
838 3381 44 47 S.
910 3383 74 52 A.,
1011 3383 117 43 New
1154 3383 143 43 York.
1366 3383 270 56 (25-10854)

151 3485 251 68 Greene,
444 3482 213 72 Harry
693 3480 222 74 Noyes,
958 3483 90 57 ed.

226 3575 297 57 Uniform
554 3574 170 69 laws,
759 3575 358 69 annotated,
1154 3576 90 55 ed.
1279 3575 82 71 by
1393 3575 79 56 H.
1508 3577 206 72 Noyes
1751 3580 258 75 Greene,
156 3604 1958 106 assisted
381 3653 84 70 by

495 3651 103 56 the
635 3651 293 57 editorial
962 3651 155 57 staff
1150 3652 68 56 of
1251 3652 102 56 the
1390 3654 373 69 publishers.
1837 3659 177 58 Book
2049 3664 87 54 10.

153 3730 295 58 Uniform
473 3728 317 58 desertion
815 3730 123 56 and
959 3732 398 69 nonsupport
1381 3733 115 55 act.
1561 3733 371 77 Northport,
1951 3737 73 59 N.
2045 3739 59 56 Y

153 3808 277 57 Edward
465 3807 358 70 Thompson
859 3825 321 52 company,
1220 3809 164 56 1922.

305 3896 370 53 viii, 98 p. 2 3 ½ cm .
155 3966 53 54 ©
236 3969 99 52 Jan.
366 3968 65 49 31,
466 3966 128 52 1923;
624 3967 65 42 2c.
721 3967 87 42 and
837 3966 78 43 aff.
946 3967 115 51 June
1087 3966 69 52 20,
1189 3966 130 53 1925;
1351 3968 44 42 A
1426 3968 189 56 855626;
1649 3972 197 48 Edward
1877 3976 263 55 Thompson

224 4039 67 30 co.
