<alto xmlns="http://www.loc.gov/standards/alto/ns-v3#" xmlns:xlink="http://www.w3.org/1999/xlink" xmlns:xsi="http://www.w3.org/2001/XMLSchema-instance" xsi:schemaLocation="http://www.loc.gov/standards/alto/ns-v3# http://www.loc.gov/alto/v3/alto-3-0.xsd"><Description>
<MeasurementUnit>pixel</MeasurementUnit>
<sourceImageInformation>
<fileName>1925_v22_Part001.pdf</fileName>
</sourceImageInformation>
<OCRProcessing ID="IdOcr">
<ocrProcessingStep>
<processingDateTime>2019-04-03</processingDateTime>
<processingSoftware>
<softwareCreator>ABBYY</softwareCreator>
<softwareName>ABBYY Recognition Server</softwareName>
<softwareVersion>4.0</softwareVersion>
</processingSoftware>
</ocrProcessingStep>
</OCRProcessing>
</Description>
<Styles>
<ParagraphStyle ID="StyleId-FFFFFFFF-FFFF-FFFF-FFFF-FFFFFFFFFFFF-" ALIGN="Left" LEFT="0." RIGHT="0." FIRSTLINE="0."/>
<ParagraphStyle ID="StyleId-2E5B4E57-07AD-4719-97CB-14521F7F4F8A-" ALIGN="Left" LEFT="0." RIGHT="0." FIRSTLINE="0." LINESPACE="8.899999619"/>
<ParagraphStyle ID="StyleId-62A6F688-D6E3-4EFC-837B-4A4C4EB582B7-" ALIGN="Center" LEFT="0." RIGHT="0." FIRSTLINE="0." LINESPACE="12.19999981"/>
<ParagraphStyle ID="StyleId-21B71EBC-BDB5-4E16-A8F2-58189A39665B-" ALIGN="Block" LEFT="0." RIGHT="0." FIRSTLINE="-13." LINESPACE="11.35000038"/>
<ParagraphStyle ID="StyleId-1E1A68C4-DD4F-417A-A13D-7FEC29ECB499-" ALIGN="Block" LEFT="0." RIGHT="0." FIRSTLINE="-15." LINESPACE="13.30000019"/>
<ParagraphStyle ID="StyleId-6B39EC51-644D-4E90-AF07-84EF2B1E466A-" ALIGN="Block" LEFT="0." RIGHT="0." FIRSTLINE="-15." LINESPACE="8.340000153"/>
<ParagraphStyle ID="StyleId-2C1BA15F-E223-41D6-853D-AAFBDAC17E68-" ALIGN="Center" LEFT="0." RIGHT="0." FIRSTLINE="0." LINESPACE="13."/>
<ParagraphStyle ID="StyleId-A3B2CDF3-43F0-422C-90A0-E074BFEC3BC0-" ALIGN="Block" LEFT="0." RIGHT="0." FIRSTLINE="0." LINESPACE="8.899999619"/>
<ParagraphStyle ID="StyleId-28AB2493-EA15-49C1-A6AC-ED5BC404F0B9-" ALIGN="Center" LEFT="0." RIGHT="0." FIRSTLINE="0." LINESPACE="12.19999981"/>
<ParagraphStyle ID="StyleId-4417A6D4-97E2-4EFC-962D-7FBC0D5273E4-" ALIGN="Left" LEFT="0." RIGHT="0." FIRSTLINE="15." LINESPACE="8.340000153"/>
<ParagraphStyle ID="StyleId-D4EF9C5E-3110-4A39-B7BC-3D84E0F04894-" ALIGN="Center" LEFT="0." RIGHT="0." FIRSTLINE="0." LINESPACE="13.30000019"/>
<ParagraphStyle ID="StyleId-D1243F31-1201-4D92-8F69-43ADB01E9AD1-" ALIGN="Left" LEFT="0." RIGHT="0." FIRSTLINE="-13." LINESPACE="13.30000019"/>
<ParagraphStyle ID="StyleId-C65417C6-23F2-4D8F-BA55-ECE73D98CAB9-" ALIGN="Left" LEFT="0." RIGHT="0." FIRSTLINE="0." LINESPACE="8.899999619"/>
<ParagraphStyle ID="StyleId-835763C1-08DD-41BE-8BAD-8E41EA88DAE3-" ALIGN="Center" LEFT="0." RIGHT="0." FIRSTLINE="0." LINESPACE="11.10000038"/>
<ParagraphStyle ID="StyleId-78FD6B81-8F83-422D-8DF4-4274EAFD19C6-" ALIGN="Block" LEFT="0." RIGHT="0." FIRSTLINE="-17." LINESPACE="12.19999981"/>
<ParagraphStyle ID="StyleId-F506BC7F-570D-458B-9F05-A143E1F5FD17-" ALIGN="Block" LEFT="0." RIGHT="0." FIRSTLINE="-17." LINESPACE="11.35000038"/>
<ParagraphStyle ID="StyleId-CBE02C6B-22D0-48C6-A874-7E90A22F4375-" ALIGN="Center" LEFT="0." RIGHT="0." FIRSTLINE="0." LINESPACE="4.400000095"/>
<ParagraphStyle ID="StyleId-14CC0121-63AF-4AB4-9656-E02F46C61AF2-" ALIGN="Left" LEFT="0." RIGHT="0." FIRSTLINE="0." LINESPACE="8.899999619"/>
<ParagraphStyle ID="StyleId-DD64CECB-1B22-4BFF-84F0-DFDE2B0000F8-" ALIGN="Left" LEFT="0." RIGHT="0." FIRSTLINE="0." LINESPACE="12.19999981"/>
<ParagraphStyle ID="StyleId-8AEF4AA8-141A-4E5D-9C3E-C0F9F43C742F-" ALIGN="Left" LEFT="0." RIGHT="0." FIRSTLINE="0." LINESPACE="8.300000191"/>
<ParagraphStyle ID="StyleId-8C396D2A-39C0-48AB-BABA-2679D8AB257E-" ALIGN="Left" LEFT="0." RIGHT="0." FIRSTLINE="0." LINESPACE="11.10000038"/>
<ParagraphStyle ID="StyleId-3B7FE50F-10D4-487F-BDCD-FD26EB60FD4A-" ALIGN="Block" LEFT="0." RIGHT="0." FIRSTLINE="13." LINESPACE="8.340000153"/>
<ParagraphStyle ID="StyleId-8CC5CC8E-615B-4C42-BB46-DB28FA355C27-" ALIGN="Left" LEFT="0." RIGHT="0." FIRSTLINE="0." LINESPACE="12.19999981"/>
<ParagraphStyle ID="StyleId-BC67E79D-8D99-4188-8B35-A59DBB7E2BB0-" ALIGN="Block" LEFT="0." RIGHT="0." FIRSTLINE="11." LINESPACE="9.399999619"/>
</Styles>
<Layout>
<Page ID="Page1703" PHYSICAL_IMG_NR="1703" HEIGHT="4412" WIDTH="2533">
<TopMargin HEIGHT="352" WIDTH="2533" VPOS="0" HPOS="0">
</TopMargin>
<LeftMargin HEIGHT="3714" WIDTH="92" VPOS="352" HPOS="0">
</LeftMargin>
<RightMargin HEIGHT="3714" WIDTH="415" VPOS="352" HPOS="2118">
</RightMargin>
<BottomMargin HEIGHT="346" WIDTH="2533" VPOS="4066" HPOS="0">
</BottomMargin>
<PrintSpace HEIGHT="3714" WIDTH="2026" VPOS="352" HPOS="92">
<TextBlock ID="Page1703_Block1" HEIGHT="3714" WIDTH="2026" VPOS="352" HPOS="92" LANG="de" CS="1" STYLEREFS="StyleId-C9C6A2EC-AE94-4A2B-944E-F791ADAA5B63-">
<TextLine HEIGHT="0" WIDTH="0" VPOS="0" HPOS="0" STYLEREFS="StyleId-1CD5D7BE-FB6C-484C-A82E-A1010256AC73-" CS="1">
<String CS="1" CONTENT="1703"/>
</TextLine>
<TextLine HEIGHT="41" WIDTH="91" VPOS="455" HPOS="176" STYLEREFS="StyleId-1CD5D7BE-FB6C-484C-A82E-A1010256AC73-" LANG="en-US">
<String CONTENT="1" HEIGHT="41" WIDTH="17" VPOS="455" HPOS="176"/>
<SP HEIGHT="41" WIDTH="31" VPOS="455" HPOS="194"/>
<String CONTENT="V." HEIGHT="28" WIDTH="41" VPOS="468" HPOS="226"/>
</TextLine>
<TextLine HEIGHT="57" WIDTH="1941" VPOS="508" HPOS="106" STYLEREFS="StyleId-5BC6F982-6AA8-4162-ADCC-DBBD07EC7C89-" CS="1">
<String LANG="en-US" CONTENT="&#169;" HEIGHT="53" WIDTH="52" VPOS="508" HPOS="106"/>
<SP HEIGHT="53" WIDTH="37" VPOS="508" HPOS="159"/>
<String LANG="fr" CONTENT="Sept." HEIGHT="53" WIDTH="119" VPOS="508" HPOS="197"/>
<SP HEIGHT="43" WIDTH="34" VPOS="510" HPOS="317"/>
<String LANG="en-US" CONTENT="16," HEIGHT="52" WIDTH="61" VPOS="509" HPOS="352"/>
<SP HEIGHT="51" WIDTH="38" VPOS="510" HPOS="414"/>
<String LANG="en-US" CONTENT="1925;" HEIGHT="53" WIDTH="130" VPOS="508" HPOS="453"/>
<SP/>
<String LANG="en-US" CS="1" CONTENT="1c."/>
<SP/>
<String LANG="en-US" CONTENT="Nov." HEIGHT="44" WIDTH="118" VPOS="510" HPOS="718"/>
<SP HEIGHT="45" WIDTH="35" VPOS="509" HPOS="837"/>
<String LANG="fr" CONTENT="7;" HEIGHT="53" WIDTH="49" VPOS="509" HPOS="873"/>
<SP HEIGHT="51" WIDTH="36" VPOS="511" HPOS="923"/>
<!-- cceid 3791023B-6DD5-1014-B757-AF09C522E301 --><String LANG="fr" CONTENT="A&#8212;" HEIGHT="42" WIDTH="103" VPOS="511" HPOS="960"/>
<String LANG="en-US" CONTENT="Foreign" HEIGHT="54" WIDTH="197" VPOS="509" HPOS="1065"/>
<SP HEIGHT="42" WIDTH="32" VPOS="511" HPOS="1263"/>
<String LANG="fr" CONTENT="29176;" HEIGHT="54" WIDTH="163" VPOS="510" HPOS="1296"/>
<SP HEIGHT="51" WIDTH="36" VPOS="513" HPOS="1460"/>
<String LANG="fr" CONTENT="J." HEIGHT="51" WIDTH="40" VPOS="513" HPOS="1497"/>
<SP HEIGHT="47" WIDTH="34" VPOS="512" HPOS="1538"/>
<String LANG="de" CONTENT="Engelhorns" HEIGHT="53" WIDTH="286" VPOS="512" HPOS="1573"/>
<SP HEIGHT="28" WIDTH="36" VPOS="527" HPOS="1860"/>
<String LANG="de" CONTENT="nachf." HEIGHT="44" WIDTH="150" VPOS="511" HPOS="1897"/>
</TextLine>
<TextLine HEIGHT="75" WIDTH="1996" VPOS="663" HPOS="104">
<String CONTENT="Siedlungswissenschaftlichen" HEIGHT="73" WIDTH="983" VPOS="663" HPOS="104"/>
<SP HEIGHT="40" WIDTH="33" VPOS="682" HPOS="1088"/>
<String CONTENT="arbeitsgemeinschaft," HEIGHT="73" WIDTH="711" VPOS="665" HPOS="1122"/>
<SP HEIGHT="65" WIDTH="38" VPOS="670" HPOS="1834"/>
<String CONTENT="Berlin." HEIGHT="57" WIDTH="227" VPOS="667" HPOS="1873"/>
</TextLine>
<TextLine HEIGHT="76" WIDTH="1917" VPOS="752" HPOS="185">
<String CONTENT="Schicksalsfragen" HEIGHT="73" WIDTH="583" VPOS="752" HPOS="185"/>
<SP HEIGHT="55" WIDTH="37" VPOS="756" HPOS="769"/>
<String CONTENT="des" HEIGHT="55" WIDTH="108" VPOS="756" HPOS="807"/>
<SP HEIGHT="38" WIDTH="33" VPOS="773" HPOS="916"/>
<String CONTENT="wohnungs-" HEIGHT="70" WIDTH="367" VPOS="756" HPOS="950"/>
<SP HEIGHT="37" WIDTH="38" VPOS="774" HPOS="1318"/>
<String CONTENT="und" HEIGHT="57" WIDTH="127" VPOS="756" HPOS="1357"/>
<SP HEIGHT="57" WIDTH="37" VPOS="756" HPOS="1485"/>
<String CONTENT="siedlungswesens." HEIGHT="74" WIDTH="579" VPOS="754" HPOS="1523"/>
</TextLine>
<TextLine HEIGHT="76" WIDTH="1995" VPOS="830" HPOS="104" CS="1">
<String CONTENT="Eine" HEIGHT="58" WIDTH="157" VPOS="830" HPOS="104"/>
<SP HEIGHT="39" WIDTH="29" VPOS="849" HPOS="262"/>
<String CS="1" CONTENT="vortragsreihe." HEIGHT="72" WIDTH="445" VPOS="831" HPOS="336"/>
<SP HEIGHT="56" WIDTH="72" VPOS="831" HPOS="782"/>
<String CONTENT="Berlin," HEIGHT="75" WIDTH="235" VPOS="831" HPOS="855"/>
<SP HEIGHT="75" WIDTH="35" VPOS="831" HPOS="1091"/>
<String CONTENT="Guido" HEIGHT="60" WIDTH="201" VPOS="831" HPOS="1127"/>
<SP HEIGHT="57" WIDTH="32" VPOS="833" HPOS="1329"/>
<String CONTENT="Hackebeil" HEIGHT="58" WIDTH="340" VPOS="832" HPOS="1362"/>
<SP HEIGHT="57" WIDTH="32" VPOS="833" HPOS="1703"/>
<String CONTENT="a." HEIGHT="37" WIDTH="53" VPOS="853" HPOS="1736"/>
<SP HEIGHT="53" WIDTH="32" VPOS="853" HPOS="1790"/>
<String CONTENT="g.," HEIGHT="53" WIDTH="76" VPOS="853" HPOS="1823"/>
<SP HEIGHT="70" WIDTH="34" VPOS="836" HPOS="1900"/>
<String CONTENT="1925." HEIGHT="58" WIDTH="164" VPOS="834" HPOS="1935"/>
</TextLine>
<TextLine HEIGHT="41" WIDTH="91" VPOS="909" HPOS="176" STYLEREFS="StyleId-1CD5D7BE-FB6C-484C-A82E-A1010256AC73-">
<String CONTENT="1" HEIGHT="41" WIDTH="17" VPOS="909" HPOS="176"/>
<SP HEIGHT="41" WIDTH="31" VPOS="909" HPOS="194"/>
<String CONTENT="V." HEIGHT="28" WIDTH="41" VPOS="922" HPOS="226"/>
</TextLine>
<TextLine HEIGHT="58" WIDTH="1942" VPOS="961" HPOS="105" STYLEREFS="StyleId-5BC6F982-6AA8-4162-ADCC-DBBD07EC7C89-" CS="1">
<String CONTENT="&#169;" HEIGHT="53" WIDTH="52" VPOS="962" HPOS="105"/>
<SP HEIGHT="53" WIDTH="29" VPOS="962" HPOS="158"/>
<String CONTENT="Aug." HEIGHT="53" WIDTH="119" VPOS="963" HPOS="188"/>
<SP HEIGHT="44" WIDTH="29" VPOS="963" HPOS="308"/>
<String CONTENT="27," HEIGHT="53" WIDTH="67" VPOS="961" HPOS="338"/>
<SP HEIGHT="50" WIDTH="32" VPOS="964" HPOS="406"/>
<String CS="1" CONTENT="1925;" HEIGHT="44" WIDTH="103" VPOS="962" HPOS="439"/>
<SP/>
<String CS="1" CONTENT="1c."/>
<SP/>
<String CONTENT="Nov." HEIGHT="43" WIDTH="118" VPOS="964" HPOS="697"/>
<SP HEIGHT="44" WIDTH="32" VPOS="963" HPOS="816"/>
<String CS="1" CONTENT="7;" HEIGHT="44" WIDTH="24" VPOS="963" HPOS="849"/>
<SP HEIGHT="51" WIDTH="31" VPOS="965" HPOS="899"/>
<!-- cceid 3791065B-6DD5-1014-B757-AF09C522E301 --><String LANG="fr" CONTENT="A" HEIGHT="42" WIDTH="44" VPOS="965" HPOS="931"/>
<String CONTENT="&#8212;Foreign" HEIGHT="54" WIDTH="255" VPOS="963" HPOS="978"/>
<SP HEIGHT="42" WIDTH="29" VPOS="965" HPOS="1234"/>
<String CS="1" CONTENT="29127;" HEIGHT="45" WIDTH="140" VPOS="963" HPOS="1264"/>
<SP HEIGHT="51" WIDTH="38" VPOS="965" HPOS="1428"/>
<String CONTENT="Guido" HEIGHT="45" WIDTH="148" VPOS="964" HPOS="1467"/>
<SP HEIGHT="42" WIDTH="30" VPOS="967" HPOS="1616"/>
<String CONTENT="Hackebeil" HEIGHT="44" WIDTH="254" VPOS="966" HPOS="1647"/>
<SP HEIGHT="43" WIDTH="30" VPOS="967" HPOS="1902"/>
<String CONTENT="a." HEIGHT="28" WIDTH="39" VPOS="982" HPOS="1933"/>
<SP HEIGHT="37" WIDTH="31" VPOS="982" HPOS="1973"/>
<String CONTENT="g." HEIGHT="37" WIDTH="42" VPOS="982" HPOS="2005"/>
</TextLine>
<TextLine HEIGHT="73" WIDTH="434" VPOS="1075" HPOS="107">
<String CONTENT="Stege," HEIGHT="72" WIDTH="204" VPOS="1076" HPOS="107"/>
<SP HEIGHT="68" WIDTH="36" VPOS="1077" HPOS="312"/>
<String CONTENT="Fritz." HEIGHT="58" WIDTH="192" VPOS="1075" HPOS="349"/>
</TextLine>
<TextLine HEIGHT="74" WIDTH="1924" VPOS="1167" HPOS="179">
<String CONTENT="Das" HEIGHT="56" WIDTH="130" VPOS="1168" HPOS="179"/>
<SP HEIGHT="38" WIDTH="47" VPOS="1186" HPOS="310"/>
<String CONTENT="okkulte" HEIGHT="57" WIDTH="247" VPOS="1167" HPOS="358"/>
<SP HEIGHT="57" WIDTH="44" VPOS="1167" HPOS="606"/>
<String CONTENT="in" HEIGHT="56" WIDTH="66" VPOS="1167" HPOS="651"/>
<SP HEIGHT="57" WIDTH="42" VPOS="1168" HPOS="718"/>
<String CONTENT="der" HEIGHT="57" WIDTH="114" VPOS="1168" HPOS="761"/>
<SP HEIGHT="37" WIDTH="29" VPOS="1186" HPOS="876"/>
<String CONTENT="musik." HEIGHT="58" WIDTH="234" VPOS="1167" HPOS="906"/>
<SP HEIGHT="56" WIDTH="82" VPOS="1168" HPOS="1141"/>
<String CONTENT="Beitr&#228;ge" HEIGHT="73" WIDTH="298" VPOS="1168" HPOS="1224"/>
<SP HEIGHT="38" WIDTH="48" VPOS="1188" HPOS="1523"/>
<String CONTENT="zu" HEIGHT="37" WIDTH="74" VPOS="1188" HPOS="1572"/>
<SP HEIGHT="38" WIDTH="46" VPOS="1188" HPOS="1647"/>
<String CONTENT="einer" HEIGHT="58" WIDTH="170" VPOS="1168" HPOS="1694"/>
<SP HEIGHT="37" WIDTH="45" VPOS="1188" HPOS="1865"/>
<String CONTENT="meta-" HEIGHT="55" WIDTH="192" VPOS="1172" HPOS="1911"/>
</TextLine>
<TextLine HEIGHT="150" WIDTH="1976" VPOS="1244" HPOS="101" CS="1">
<String CONTENT="physik" HEIGHT="72" WIDTH="229" VPOS="1244" HPOS="102"/>
<SP HEIGHT="57" WIDTH="30" VPOS="1245" HPOS="332"/>
<String CONTENT="der" HEIGHT="56" WIDTH="114" VPOS="1246" HPOS="363"/>
<SP HEIGHT="36" WIDTH="26" VPOS="1264" HPOS="478"/>
<String CONTENT="igusik." HEIGHT="69" WIDTH="222" VPOS="1245" HPOS="505"/>
<SP HEIGHT="55" WIDTH="70" VPOS="1245" HPOS="728"/>
<String CONTENT="M&#252;nster," HEIGHT="72" WIDTH="307" VPOS="1245" HPOS="799"/>
<SP HEIGHT="72" WIDTH="31" VPOS="1245" HPOS="1107"/>
<String CONTENT="i." HEIGHT="55" WIDTH="39" VPOS="1245" HPOS="1139"/>
<SP HEIGHT="57" WIDTH="32" VPOS="1246" HPOS="1179"/>
<String CONTENT="W.," HEIGHT="69" WIDTH="117" VPOS="1246" HPOS="1212"/>
<SP HEIGHT="70" WIDTH="34" VPOS="1245" HPOS="1330"/>
<String LANG="en-US" CONTENT="Germany," HEIGHT="74" WIDTH="332" VPOS="1245" HPOS="1365"/>
<SP HEIGHT="73" WIDTH="34" VPOS="1246" HPOS="1698"/>
<String CONTENT="Ernst" HEIGHT="58" WIDTH="197" VPOS="1246" HPOS="1733"/>
<SP HEIGHT="56" WIDTH="35" VPOS="1248" HPOS="1931"/>
<String CONTENT="Bisping," HEIGHT="147" WIDTH="1976" VPOS="1247" HPOS="101"/>
<SP HEIGHT="70" WIDTH="31" VPOS="1324" HPOS="271"/>
<String CONTENT="1925." HEIGHT="56" WIDTH="166" VPOS="1323" HPOS="303"/>
</TextLine>
<TextLine HEIGHT="54" WIDTH="606" VPOS="1397" HPOS="172" STYLEREFS="StyleId-5BC6F982-6AA8-4162-ADCC-DBBD07EC7C89-" CS="1">
<String CONTENT="xii," HEIGHT="53" WIDTH="79" VPOS="1397" HPOS="172"/>
<SP HEIGHT="52" WIDTH="31" VPOS="1398" HPOS="252"/>
<String CONTENT="269" HEIGHT="44" WIDTH="83" VPOS="1397" HPOS="284"/>
<SP HEIGHT="52" WIDTH="30" VPOS="1398" HPOS="368"/>
<String CONTENT="p." HEIGHT="38" WIDTH="41" VPOS="1412" HPOS="399"/>
<SP HEIGHT="42" WIDTH="58" VPOS="1400" HPOS="441"/>
<String CONTENT="diagrs." HEIGHT="52" WIDTH="168" VPOS="1399" HPOS="500"/>
<SP HEIGHT="44" WIDTH="57" VPOS="1398" HPOS="669"/>
<String CS="1" CONTENT="21&#189;cm." HEIGHT="44" WIDTH="51" VPOS="1398" HPOS="727"/>
</TextLine>
<TextLine HEIGHT="58" WIDTH="1721" VPOS="1452" HPOS="103" STYLEREFS="StyleId-5BC6F982-6AA8-4162-ADCC-DBBD07EC7C89-" CS="1">
<String CONTENT="&#169;" HEIGHT="55" WIDTH="53" VPOS="1452" HPOS="103"/>
<SP HEIGHT="55" WIDTH="32" VPOS="1452" HPOS="157"/>
<String LANG="fr" CONTENT="Sept." HEIGHT="55" WIDTH="120" VPOS="1453" HPOS="190"/>
<SP HEIGHT="42" WIDTH="27" VPOS="1457" HPOS="311"/>
<String CONTENT="3," HEIGHT="49" WIDTH="38" VPOS="1457" HPOS="339"/>
<SP HEIGHT="49" WIDTH="32" VPOS="1457" HPOS="378"/>
<String CONTENT="1925;" HEIGHT="55" WIDTH="130" VPOS="1452" HPOS="411"/>
<SP/>
<String CS="1" CONTENT="1c."/>
<SP/>
<String CONTENT="Oct." HEIGHT="43" WIDTH="102" VPOS="1456" HPOS="672"/>
<SP/>
<String CONTENT="29;" HEIGHT="51" WIDTH="79" VPOS="1456" HPOS="802"/>
<SP HEIGHT="52" WIDTH="34" VPOS="1455" HPOS="882"/>
<!-- cceid 37910A9A-6DD5-1014-B757-AF09C522E301 --><String LANG="fr" CONTENT="A" HEIGHT="43" WIDTH="45" VPOS="1455" HPOS="917"/>
<String CONTENT="&#8212;Foreign" HEIGHT="53" WIDTH="257" VPOS="1455" HPOS="964"/>
<SP HEIGHT="42" WIDTH="28" VPOS="1456" HPOS="1222"/>
<String CONTENT="29082;" HEIGHT="53" WIDTH="162" VPOS="1455" HPOS="1251"/>
<SP HEIGHT="55" WIDTH="34" VPOS="1453" HPOS="1414"/>
<String CONTENT="Ernst" HEIGHT="50" WIDTH="139" VPOS="1453" HPOS="1449"/>
<SP HEIGHT="43" WIDTH="32" VPOS="1457" HPOS="1589"/>
<String CONTENT="Bisping." HEIGHT="55" WIDTH="202" VPOS="1455" HPOS="1622"/>
</TextLine>
<TextLine HEIGHT="75" WIDTH="780" VPOS="1552" HPOS="107">
<String CONTENT="Steiner," HEIGHT="71" WIDTH="263" VPOS="1553" HPOS="107"/>
<SP HEIGHT="70" WIDTH="35" VPOS="1554" HPOS="371"/>
<String CONTENT="Rudolf," HEIGHT="75" WIDTH="253" VPOS="1552" HPOS="407"/>
<SP HEIGHT="69" WIDTH="35" VPOS="1558" HPOS="661"/>
<String CONTENT="1861-" HEIGHT="56" WIDTH="190" VPOS="1557" HPOS="697"/>
</TextLine>
<TextLine HEIGHT="75" WIDTH="1929" VPOS="1642" HPOS="178">
<String CONTENT="Aegyptische" HEIGHT="73" WIDTH="428" VPOS="1642" HPOS="178"/>
<SP HEIGHT="41" WIDTH="25" VPOS="1661" HPOS="607"/>
<String CONTENT="mythen" HEIGHT="71" WIDTH="257" VPOS="1642" HPOS="633"/>
<SP HEIGHT="36" WIDTH="25" VPOS="1662" HPOS="891"/>
<String CONTENT="und" HEIGHT="56" WIDTH="128" VPOS="1643" HPOS="917"/>
<SP HEIGHT="56" WIDTH="24" VPOS="1643" HPOS="1046"/>
<String CONTENT="mysterien" HEIGHT="71" WIDTH="345" VPOS="1642" HPOS="1071"/>
<SP HEIGHT="37" WIDTH="26" VPOS="1662" HPOS="1417"/>
<String CONTENT="und" HEIGHT="57" WIDTH="127" VPOS="1643" HPOS="1444"/>
<SP HEIGHT="57" WIDTH="24" VPOS="1643" HPOS="1572"/>
<String CONTENT="ihre" HEIGHT="58" WIDTH="136" VPOS="1642" HPOS="1597"/>
<SP HEIGHT="57" WIDTH="27" VPOS="1643" HPOS="1734"/>
<String CONTENT="beziehung" HEIGHT="74" WIDTH="345" VPOS="1643" HPOS="1762"/>
</TextLine>
<TextLine HEIGHT="229" WIDTH="1975" VPOS="1719" HPOS="104" CS="1">
<String CONTENT="zu" HEIGHT="37" WIDTH="75" VPOS="1740" HPOS="104"/>
<SP HEIGHT="57" WIDTH="43" VPOS="1720" HPOS="180"/>
<String CONTENT="den" HEIGHT="57" WIDTH="118" VPOS="1720" HPOS="224"/>
<SP HEIGHT="37" WIDTH="40" VPOS="1739" HPOS="343"/>
<String CONTENT="wirkenden" HEIGHT="57" WIDTH="360" VPOS="1720" HPOS="384"/>
<SP HEIGHT="53" WIDTH="43" VPOS="1739" HPOS="745"/>
<String CONTENT="geisteskr&#228;ften" HEIGHT="73" WIDTH="492" VPOS="1719" HPOS="789"/>
<SP HEIGHT="56" WIDTH="42" VPOS="1721" HPOS="1282"/>
<String CONTENT="der" HEIGHT="56" WIDTH="110" VPOS="1721" HPOS="1325"/>
<SP HEIGHT="53" WIDTH="47" VPOS="1739" HPOS="1436"/>
<String CONTENT="gegenwart." HEIGHT="69" WIDTH="377" VPOS="1724" HPOS="1484"/>
<SP HEIGHT="57" WIDTH="85" VPOS="1721" HPOS="1862"/>
<String CONTENT="Vortragszyklus," HEIGHT="148" WIDTH="1975" VPOS="1721" HPOS="104"/>
<SP HEIGHT="70" WIDTH="30" VPOS="1799" HPOS="520"/>
<String CONTENT="2.-14." HEIGHT="54" WIDTH="183" VPOS="1799" HPOS="551"/>
<SP HEIGHT="38" WIDTH="31" VPOS="1816" HPOS="735"/>
<String LANG="fr" CONTENT="sept." HEIGHT="69" WIDTH="154" VPOS="1799" HPOS="767"/>
<SP HEIGHT="53" WIDTH="30" VPOS="1800" HPOS="922"/>
<String CONTENT="1908," HEIGHT="71" WIDTH="165" VPOS="1798" HPOS="953"/>
<SP HEIGHT="71" WIDTH="25" VPOS="1798" HPOS="1119"/>
<String CONTENT="in" HEIGHT="55" WIDTH="68" VPOS="1798" HPOS="1145"/>
<SP HEIGHT="55" WIDTH="24" VPOS="1798" HPOS="1214"/>
<String CONTENT="Leipzig." HEIGHT="73" WIDTH="274" VPOS="1797" HPOS="1239"/>
<SP HEIGHT="55" WIDTH="65" VPOS="1799" HPOS="1514"/>
<String CS="1" CONTENT="Dornach," HEIGHT="71" WIDTH="312" VPOS="1799" HPOS="1580"/>
<SP HEIGHT="72" WIDTH="32" VPOS="1798" HPOS="1893"/>
<String LANG="en-US" CONTENT="Switzerland," HEIGHT="148" WIDTH="1975" VPOS="1798" HPOS="104"/>
<SP HEIGHT="71" WIDTH="37" VPOS="1875" HPOS="375"/>
<String CONTENT="Phil.-anthroposophischer" HEIGHT="72" WIDTH="877" VPOS="1874" HPOS="413"/>
<SP HEIGHT="38" WIDTH="31" VPOS="1893" HPOS="1291"/>
<String CONTENT="vertag," HEIGHT="74" WIDTH="237" VPOS="1874" HPOS="1323"/>
<SP HEIGHT="68" WIDTH="36" VPOS="1878" HPOS="1561"/>
<String CONTENT="1925." HEIGHT="55" WIDTH="167" VPOS="1877" HPOS="1598"/>
</TextLine>
<TextLine HEIGHT="42" WIDTH="91" VPOS="1953" HPOS="177" STYLEREFS="StyleId-1CD5D7BE-FB6C-484C-A82E-A1010256AC73-">
<String CONTENT="1" HEIGHT="41" WIDTH="17" VPOS="1953" HPOS="177"/>
<SP HEIGHT="41" WIDTH="31" VPOS="1953" HPOS="195"/>
<String CONTENT="V." HEIGHT="29" WIDTH="41" VPOS="1966" HPOS="227"/>
</TextLine>
<TextLine HEIGHT="113" WIDTH="1978" VPOS="2005" HPOS="105" STYLEREFS="StyleId-5BC6F982-6AA8-4162-ADCC-DBBD07EC7C89-" CS="1">
<String CONTENT="&#169;" HEIGHT="56" WIDTH="52" VPOS="2005" HPOS="105"/>
<SP HEIGHT="56" WIDTH="39" VPOS="2005" HPOS="158"/>
<String LANG="fr" CONTENT="Sept." HEIGHT="54" WIDTH="122" VPOS="2006" HPOS="198"/>
<SP HEIGHT="45" WIDTH="35" VPOS="2007" HPOS="321"/>
<String CONTENT="5," HEIGHT="51" WIDTH="36" VPOS="2007" HPOS="357"/>
<SP HEIGHT="49" WIDTH="40" VPOS="2009" HPOS="394"/>
<String CS="1" CONTENT="1925;" HEIGHT="45" WIDTH="104" VPOS="2006" HPOS="435"/>
<SP/>
<String CS="1" CONTENT="1c."/>
<SP/>
<String CONTENT="Oct." HEIGHT="45" WIDTH="102" VPOS="2007" HPOS="710"/>
<SP HEIGHT="47" WIDTH="36" VPOS="2005" HPOS="813"/>
<String CS="1" CONTENT="7;" HEIGHT="47" WIDTH="24" VPOS="2005" HPOS="850"/>
<SP HEIGHT="53" WIDTH="40" VPOS="2008" HPOS="901"/>
<!-- cceid 37910ED1-6DD5-1014-B757-AF09C522E301 --><String LANG="fr" CONTENT="A" HEIGHT="43" WIDTH="44" VPOS="2008" HPOS="942"/>
<String CONTENT="&#8212;Foreign" HEIGHT="55" WIDTH="257" VPOS="2006" HPOS="988"/>
<SP HEIGHT="43" WIDTH="34" VPOS="2008" HPOS="1246"/>
<String CS="1" CONTENT="28858;" HEIGHT="47" WIDTH="138" VPOS="2005" HPOS="1281"/>
<SP HEIGHT="51" WIDTH="42" VPOS="2010" HPOS="1445"/>
<String CONTENT="Philosophisch-anthroposophischer" HEIGHT="111" WIDTH="1908" VPOS="2007" HPOS="175"/>
<SP HEIGHT="29" WIDTH="33" VPOS="2079" HPOS="437"/>
<String CONTENT="verlag." HEIGHT="53" WIDTH="170" VPOS="2064" HPOS="471"/>
</TextLine>
<TextLine HEIGHT="229" WIDTH="1976" VPOS="2162" HPOS="105" CS="1">
<String CONTENT="Der" HEIGHT="57" WIDTH="130" VPOS="2164" HPOS="180"/>
<SP HEIGHT="57" WIDTH="41" VPOS="2163" HPOS="311"/>
<String CONTENT="irdische" HEIGHT="58" WIDTH="276" VPOS="2163" HPOS="353"/>
<SP HEIGHT="37" WIDTH="42" VPOS="2183" HPOS="630"/>
<String CONTENT="und" HEIGHT="56" WIDTH="128" VPOS="2164" HPOS="673"/>
<SP HEIGHT="56" WIDTH="41" VPOS="2164" HPOS="802"/>
<String CONTENT="der" HEIGHT="56" WIDTH="111" VPOS="2164" HPOS="844"/>
<SP HEIGHT="57" WIDTH="44" VPOS="2163" HPOS="956"/>
<String CONTENT="kosmische" HEIGHT="58" WIDTH="348" VPOS="2162" HPOS="1001"/>
<SP HEIGHT="37" WIDTH="44" VPOS="2183" HPOS="1350"/>
<String CONTENT="mensch." HEIGHT="57" WIDTH="271" VPOS="2163" HPOS="1395"/>
<SP HEIGHT="56" WIDTH="85" VPOS="2163" HPOS="1667"/>
<String CONTENT="Acht" HEIGHT="58" WIDTH="164" VPOS="2163" HPOS="1753"/>
<SP HEIGHT="55" WIDTH="46" VPOS="2166" HPOS="1918"/>
<String CONTENT="vortr&#228;ge," HEIGHT="131" WIDTH="1973" VPOS="2183" HPOS="105"/>
<SP HEIGHT="73" WIDTH="50" VPOS="2241" HPOS="302"/>
<String CONTENT="fr&#252;hjahr" HEIGHT="72" WIDTH="298" VPOS="2241" HPOS="353"/>
<SP HEIGHT="53" WIDTH="51" VPOS="2243" HPOS="652"/>
<String CONTENT="1912." HEIGHT="56" WIDTH="166" VPOS="2242" HPOS="704"/>
<SP HEIGHT="56" WIDTH="87" VPOS="2241" HPOS="871"/>
<String CS="1" CONTENT="Dornach," HEIGHT="72" WIDTH="311" VPOS="2241" HPOS="959"/>
<SP HEIGHT="73" WIDTH="55" VPOS="2240" HPOS="1271"/>
<String LANG="en-US" CONTENT="Switzerland," HEIGHT="73" WIDTH="430" VPOS="2240" HPOS="1327"/>
<SP HEIGHT="72" WIDTH="50" VPOS="2241" HPOS="1758"/>
<String CONTENT="Phil.-anthroposophischer" HEIGHT="149" WIDTH="1976" VPOS="2241" HPOS="105"/>
<SP HEIGHT="38" WIDTH="29" VPOS="2337" HPOS="703"/>
<String CONTENT="verlag," HEIGHT="71" WIDTH="236" VPOS="2320" HPOS="733"/>
<SP HEIGHT="70" WIDTH="34" VPOS="2321" HPOS="970"/>
<String CONTENT="1925." HEIGHT="55" WIDTH="167" VPOS="2320" HPOS="1005"/>
</TextLine>
<TextLine HEIGHT="42" WIDTH="90" VPOS="2397" HPOS="176" STYLEREFS="StyleId-1CD5D7BE-FB6C-484C-A82E-A1010256AC73-">
<String CONTENT="1" HEIGHT="41" WIDTH="18" VPOS="2397" HPOS="176"/>
<SP HEIGHT="41" WIDTH="28" VPOS="2397" HPOS="195"/>
<String CONTENT="V." HEIGHT="29" WIDTH="42" VPOS="2410" HPOS="224"/>
</TextLine>
<TextLine HEIGHT="111" WIDTH="1977" VPOS="2449" HPOS="104" STYLEREFS="StyleId-5BC6F982-6AA8-4162-ADCC-DBBD07EC7C89-" CS="1">
<String CONTENT="&#169;" HEIGHT="53" WIDTH="52" VPOS="2451" HPOS="104"/>
<SP HEIGHT="53" WIDTH="37" VPOS="2451" HPOS="157"/>
<String LANG="fr" CONTENT="Sept." HEIGHT="52" WIDTH="120" VPOS="2451" HPOS="195"/>
<SP HEIGHT="42" WIDTH="37" VPOS="2453" HPOS="316"/>
<String CONTENT="15," HEIGHT="52" WIDTH="61" VPOS="2450" HPOS="354"/>
<SP HEIGHT="49" WIDTH="39" VPOS="2453" HPOS="416"/>
<String CONTENT="1925;" HEIGHT="53" WIDTH="129" VPOS="2450" HPOS="456"/>
<SP/>
<String CS="1" CONTENT="1c."/>
<SP/>
<String CONTENT="Oct." HEIGHT="44" WIDTH="101" VPOS="2451" HPOS="724"/>
<SP HEIGHT="46" WIDTH="36" VPOS="2449" HPOS="826"/>
<String CONTENT="7;" HEIGHT="54" WIDTH="49" VPOS="2449" HPOS="863"/>
<SP HEIGHT="52" WIDTH="36" VPOS="2451" HPOS="913"/>
<!-- cceid 379112EF-6DD5-1014-B757-AF09C522E301 --><String LANG="fr" CONTENT="A" HEIGHT="42" WIDTH="44" VPOS="2451" HPOS="950"/>
<String CONTENT="&#8212;Foreign" HEIGHT="55" WIDTH="259" VPOS="2449" HPOS="995"/>
<SP HEIGHT="42" WIDTH="31" VPOS="2451" HPOS="1255"/>
<String CONTENT="28852;" HEIGHT="54" WIDTH="161" VPOS="2449" HPOS="1287"/>
<SP HEIGHT="51" WIDTH="39" VPOS="2452" HPOS="1449"/>
<String CONTENT="Philosophisch-anthroposophischer" HEIGHT="110" WIDTH="1907" VPOS="2450" HPOS="174"/>
<SP HEIGHT="27" WIDTH="30" VPOS="2523" HPOS="436"/>
<String CONTENT="verlag." HEIGHT="53" WIDTH="169" VPOS="2507" HPOS="467"/>
</TextLine>
<TextLine HEIGHT="74" WIDTH="1923" VPOS="2606" HPOS="182">
<String CONTENT="Das" HEIGHT="58" WIDTH="130" VPOS="2607" HPOS="182"/>
<SP HEIGHT="59" WIDTH="53" VPOS="2607" HPOS="313"/>
<String CONTENT="Joannes-evangelium" HEIGHT="73" WIDTH="703" VPOS="2607" HPOS="367"/>
<SP HEIGHT="56" WIDTH="50" VPOS="2607" HPOS="1071"/>
<String CONTENT="im" HEIGHT="56" WIDTH="86" VPOS="2607" HPOS="1122"/>
<SP HEIGHT="37" WIDTH="51" VPOS="2626" HPOS="1209"/>
<String CONTENT="Verh&#228;ltnis" HEIGHT="58" WIDTH="347" VPOS="2606" HPOS="1261"/>
<SP HEIGHT="38" WIDTH="55" VPOS="2626" HPOS="1609"/>
<String CONTENT="zu" HEIGHT="37" WIDTH="75" VPOS="2626" HPOS="1665"/>
<SP HEIGHT="57" WIDTH="52" VPOS="2607" HPOS="1741"/>
<String CONTENT="den" HEIGHT="65" WIDTH="119" VPOS="2607" HPOS="1794"/>
<SP HEIGHT="57" WIDTH="55" VPOS="2607" HPOS="1914"/>
<String CONTENT="drei" HEIGHT="57" WIDTH="135" VPOS="2607" HPOS="1970"/>
</TextLine>
<TextLine HEIGHT="74" WIDTH="2000" VPOS="2683" HPOS="104">
<String CONTENT="anderen" HEIGHT="56" WIDTH="275" VPOS="2687" HPOS="104"/>
<SP HEIGHT="38" WIDTH="33" VPOS="2704" HPOS="380"/>
<String CONTENT="evangelium" HEIGHT="72" WIDTH="395" VPOS="2685" HPOS="414"/>
<SP HEIGHT="56" WIDTH="30" VPOS="2686" HPOS="810"/>
<String CONTENT="besonders" HEIGHT="57" WIDTH="341" VPOS="2686" HPOS="841"/>
<SP HEIGHT="37" WIDTH="20" VPOS="2704" HPOS="1183"/>
<String CONTENT="zu" HEIGHT="36" WIDTH="73" VPOS="2704" HPOS="1204"/>
<SP HEIGHT="56" WIDTH="18" VPOS="2686" HPOS="1278"/>
<String CONTENT="dem" HEIGHT="56" WIDTH="139" VPOS="2686" HPOS="1297"/>
<SP HEIGHT="55" WIDTH="16" VPOS="2684" HPOS="1437"/>
<String CONTENT="Lukas-evangelium." HEIGHT="73" WIDTH="650" VPOS="2683" HPOS="1454"/>
</TextLine>
<TextLine HEIGHT="152" WIDTH="1976" VPOS="2761" HPOS="104" CS="1">
<String CONTENT="Vortr&#228;gen," HEIGHT="71" WIDTH="377" VPOS="2763" HPOS="104"/>
<SP HEIGHT="71" WIDTH="51" VPOS="2763" HPOS="482"/>
<String CONTENT="juli" HEIGHT="71" WIDTH="118" VPOS="2763" HPOS="534"/>
<SP HEIGHT="56" WIDTH="52" VPOS="2763" HPOS="653"/>
<String CONTENT="1909." HEIGHT="55" WIDTH="165" VPOS="2764" HPOS="706"/>
<SP HEIGHT="56" WIDTH="82" VPOS="2763" HPOS="872"/>
<String CONTENT="D&#246;rnach," HEIGHT="73" WIDTH="312" VPOS="2762" HPOS="955"/>
<SP HEIGHT="74" WIDTH="54" VPOS="2761" HPOS="1268"/>
<String LANG="en-US" CONTENT="Switzerland," HEIGHT="73" WIDTH="430" VPOS="2761" HPOS="1323"/>
<SP HEIGHT="72" WIDTH="53" VPOS="2762" HPOS="1754"/>
<String CONTENT="Phil.-anthroposophischer" HEIGHT="149" WIDTH="1975" VPOS="2762" HPOS="105"/>
<SP HEIGHT="36" WIDTH="28" VPOS="2860" HPOS="705"/>
<String CONTENT="verlag," HEIGHT="73" WIDTH="237" VPOS="2840" HPOS="734"/>
<SP HEIGHT="71" WIDTH="33" VPOS="2842" HPOS="972"/>
<String CONTENT="1925." HEIGHT="55" WIDTH="165" VPOS="2842" HPOS="1006"/>
</TextLine>
<TextLine HEIGHT="42" WIDTH="89" VPOS="2918" HPOS="178" STYLEREFS="StyleId-1CD5D7BE-FB6C-484C-A82E-A1010256AC73-">
<String CONTENT="1" HEIGHT="41" WIDTH="17" VPOS="2918" HPOS="178"/>
<SP HEIGHT="41" WIDTH="29" VPOS="2918" HPOS="196"/>
<String CONTENT="V." HEIGHT="28" WIDTH="41" VPOS="2932" HPOS="226"/>
</TextLine>
<TextLine HEIGHT="113" WIDTH="1977" VPOS="2969" HPOS="106" STYLEREFS="StyleId-5BC6F982-6AA8-4162-ADCC-DBBD07EC7C89-" CS="1">
<String CONTENT="&#169;" HEIGHT="53" WIDTH="52" VPOS="2972" HPOS="106"/>
<SP HEIGHT="54" WIDTH="35" VPOS="2971" HPOS="159"/>
<String LANG="fr" CONTENT="Sept." HEIGHT="54" WIDTH="120" VPOS="2971" HPOS="195"/>
<SP HEIGHT="42" WIDTH="37" VPOS="2974" HPOS="316"/>
<String CONTENT="10," HEIGHT="52" WIDTH="62" VPOS="2973" HPOS="354"/>
<SP HEIGHT="51" WIDTH="38" VPOS="2974" HPOS="417"/>
<String CONTENT="1925;" HEIGHT="53" WIDTH="129" VPOS="2971" HPOS="456"/>
<SP/>
<String CS="1" CONTENT="1c."/>
<SP/>
<String CONTENT="Oct." HEIGHT="44" WIDTH="101" VPOS="2973" HPOS="724"/>
<SP HEIGHT="44" WIDTH="34" VPOS="2973" HPOS="826"/>
<String CONTENT="7;" HEIGHT="51" WIDTH="50" VPOS="2973" HPOS="861"/>
<SP HEIGHT="51" WIDTH="36" VPOS="2973" HPOS="912"/>
<!-- cceid 37911704-6DD5-1014-B757-AF09C522E301 --><String LANG="fr" CONTENT="A" HEIGHT="42" WIDTH="44" VPOS="2973" HPOS="949"/>
<String CONTENT="&#8212;Foreign" HEIGHT="53" WIDTH="258" VPOS="2971" HPOS="993"/>
<SP HEIGHT="43" WIDTH="32" VPOS="2971" HPOS="1252"/>
<String CS="1" CONTENT="28857;" HEIGHT="45" WIDTH="139" VPOS="2969" HPOS="1285"/>
<SP HEIGHT="50" WIDTH="39" VPOS="2972" HPOS="1450"/>
<String CONTENT="Philosophisch-anthroposophischer" HEIGHT="112" WIDTH="1907" VPOS="2970" HPOS="176"/>
<SP HEIGHT="27" WIDTH="26" VPOS="3044" HPOS="437"/>
<String CONTENT="verlag." HEIGHT="52" WIDTH="169" VPOS="3029" HPOS="464"/>
</TextLine>
<TextLine HEIGHT="71" WIDTH="1924" VPOS="3126" HPOS="182" CS="1">
<String CONTENT="Das" HEIGHT="57" WIDTH="131" VPOS="3127" HPOS="182"/>
<SP HEIGHT="58" WIDTH="29" VPOS="3126" HPOS="314"/>
<String CONTENT="leben" HEIGHT="58" WIDTH="178" VPOS="3126" HPOS="344"/>
<SP HEIGHT="36" WIDTH="29" VPOS="3147" HPOS="523"/>
<String CONTENT="zwischen" HEIGHT="57" WIDTH="306" VPOS="3127" HPOS="553"/>
<SP HEIGHT="57" WIDTH="26" VPOS="3128" HPOS="860"/>
<String CONTENT="dem" HEIGHT="57" WIDTH="140" VPOS="3128" HPOS="887"/>
<SP HEIGHT="54" WIDTH="28" VPOS="3130" HPOS="1028"/>
<String CONTENT="tode" HEIGHT="57" WIDTH="144" VPOS="3127" HPOS="1057"/>
<SP HEIGHT="37" WIDTH="29" VPOS="3146" HPOS="1202"/>
<String CONTENT="und" HEIGHT="56" WIDTH="128" VPOS="3127" HPOS="1232"/>
<SP HEIGHT="57" WIDTH="29" VPOS="3126" HPOS="1361"/>
<String CONTENT="der" HEIGHT="57" WIDTH="114" VPOS="3126" HPOS="1391"/>
<SP HEIGHT="37" WIDTH="25" VPOS="3144" HPOS="1506"/>
<String CONTENT="neuen" HEIGHT="38" WIDTH="201" VPOS="3144" HPOS="1532"/>
<SP HEIGHT="53" WIDTH="30" VPOS="3144" HPOS="1734"/>
<String CS="1" CONTENT="geburt" HEIGHT="71" WIDTH="227" VPOS="3126" HPOS="1765"/>
<SP HEIGHT="56" WIDTH="26" VPOS="3126" HPOS="1993"/>
<String CONTENT="im" HEIGHT="55" WIDTH="86" VPOS="3126" HPOS="2020"/>
</TextLine>
<TextLine HEIGHT="230" WIDTH="1973" VPOS="3203" HPOS="107" CS="1">
<String CS="1" CONTENT="verh&#228;ltnis" HEIGHT="58" WIDTH="300" VPOS="3205" HPOS="150"/>
<SP HEIGHT="38" WIDTH="34" VPOS="3225" HPOS="451"/>
<String CONTENT="zu" HEIGHT="36" WIDTH="75" VPOS="3226" HPOS="486"/>
<SP HEIGHT="56" WIDTH="31" VPOS="3207" HPOS="562"/>
<String CONTENT="den" HEIGHT="56" WIDTH="119" VPOS="3207" HPOS="594"/>
<SP HEIGHT="56" WIDTH="27" VPOS="3207" HPOS="714"/>
<String CONTENT="kosmischen" HEIGHT="57" WIDTH="394" VPOS="3205" HPOS="742"/>
<SP HEIGHT="54" WIDTH="31" VPOS="3207" HPOS="1137"/>
<String CONTENT="tatsachen." HEIGHT="57" WIDTH="345" VPOS="3204" HPOS="1169"/>
<SP HEIGHT="58" WIDTH="72" VPOS="3203" HPOS="1515"/>
<String CONTENT="Vortr&#228;ge," HEIGHT="73" WIDTH="336" VPOS="3203" HPOS="1588"/>
<SP HEIGHT="53" WIDTH="32" VPOS="3223" HPOS="1925"/>
<String LANG="en-US" CONTENT="winter" HEIGHT="135" WIDTH="1973" VPOS="3204" HPOS="107"/>
<SP HEIGHT="53" WIDTH="29" VPOS="3285" HPOS="205"/>
<String CONTENT="1912/13." HEIGHT="68" WIDTH="278" VPOS="3284" HPOS="235"/>
<SP HEIGHT="56" WIDTH="68" VPOS="3283" HPOS="514"/>
<String CS="1" CONTENT="Dornach," HEIGHT="72" WIDTH="311" VPOS="3283" HPOS="583"/>
<SP HEIGHT="73" WIDTH="34" VPOS="3282" HPOS="895"/>
<String LANG="en-US" CONTENT="Switzerland," HEIGHT="71" WIDTH="430" VPOS="3282" HPOS="930"/>
<SP HEIGHT="71" WIDTH="29" VPOS="3282" HPOS="1361"/>
<String CONTENT="Phil.-anthroposophischer" HEIGHT="136" WIDTH="1967" VPOS="3281" HPOS="109"/>
<SP HEIGHT="37" WIDTH="31" VPOS="3379" HPOS="287"/>
<String CONTENT="verlag," HEIGHT="72" WIDTH="235" VPOS="3361" HPOS="319"/>
<SP HEIGHT="69" WIDTH="35" VPOS="3363" HPOS="555"/>
<String CS="1" CONTENT="1925." HEIGHT="56" WIDTH="148" VPOS="3361" HPOS="591"/>
</TextLine>
<TextLine HEIGHT="42" WIDTH="90" VPOS="3438" HPOS="179" STYLEREFS="StyleId-1CD5D7BE-FB6C-484C-A82E-A1010256AC73-">
<String CONTENT="1" HEIGHT="41" WIDTH="18" VPOS="3438" HPOS="179"/>
<SP HEIGHT="41" WIDTH="28" VPOS="3438" HPOS="198"/>
<String CONTENT="V." HEIGHT="29" WIDTH="42" VPOS="3451" HPOS="227"/>
</TextLine>
<TextLine HEIGHT="113" WIDTH="1975" VPOS="3488" HPOS="107" STYLEREFS="StyleId-5BC6F982-6AA8-4162-ADCC-DBBD07EC7C89-" CS="1">
<String CONTENT="&#169;" HEIGHT="53" WIDTH="52" VPOS="3490" HPOS="107"/>
<SP HEIGHT="53" WIDTH="38" VPOS="3490" HPOS="160"/>
<String LANG="fr" CONTENT="Sept." HEIGHT="53" WIDTH="118" VPOS="3491" HPOS="199"/>
<SP HEIGHT="42" WIDTH="36" VPOS="3493" HPOS="318"/>
<String CONTENT="15," HEIGHT="52" WIDTH="62" VPOS="3491" HPOS="355"/>
<SP HEIGHT="41" WIDTH="33" VPOS="3493" HPOS="422"/>
<String CS="1" CONTENT="1925;" HEIGHT="44" WIDTH="105" VPOS="3491" HPOS="456"/>
<SP/>
<String CS="1" CONTENT="1c."/>
<SP/>
<String CONTENT="Oct." HEIGHT="44" WIDTH="102" VPOS="3492" HPOS="726"/>
<SP HEIGHT="44" WIDTH="35" VPOS="3491" HPOS="829"/>
<String CS="1" CONTENT="7;" HEIGHT="44" WIDTH="24" VPOS="3491" HPOS="865"/>
<SP HEIGHT="52" WIDTH="36" VPOS="3492" HPOS="915"/>
<!-- cceid 37911B19-6DD5-1014-B757-AF09C522E301 --><String LANG="fr" CONTENT="A" HEIGHT="42" WIDTH="44" VPOS="3492" HPOS="952"/>
<String CONTENT="&#8212;Foreign" HEIGHT="53" WIDTH="257" VPOS="3490" HPOS="997"/>
<SP HEIGHT="42" WIDTH="29" VPOS="3491" HPOS="1255"/>
<String CS="1" CONTENT="28851;" HEIGHT="47" WIDTH="134" VPOS="3488" HPOS="1285"/>
<SP HEIGHT="51" WIDTH="38" VPOS="3491" HPOS="1449"/>
<String CONTENT="Philosophisch-anthroposophischer" HEIGHT="112" WIDTH="1905" VPOS="3489" HPOS="177"/>
<SP HEIGHT="28" WIDTH="31" VPOS="3563" HPOS="440"/>
<String CONTENT="verlag." HEIGHT="52" WIDTH="172" VPOS="3549" HPOS="472"/>
</TextLine>
<TextLine HEIGHT="72" WIDTH="1921" VPOS="3644" HPOS="183" CS="1">
<String CONTENT="Die" HEIGHT="57" WIDTH="119" VPOS="3647" HPOS="183"/>
<SP HEIGHT="38" WIDTH="34" VPOS="3666" HPOS="303"/>
<String LANG="en-US" CONTENT="mission" HEIGHT="57" WIDTH="263" VPOS="3647" HPOS="338"/>
<SP HEIGHT="37" WIDTH="39" VPOS="3667" HPOS="602"/>
<String CONTENT="einzelner" HEIGHT="57" WIDTH="311" VPOS="3647" HPOS="642"/>
<SP HEIGHT="39" WIDTH="34" VPOS="3664" HPOS="954"/>
<String CS="1" CONTENT="volksseelen" HEIGHT="57" WIDTH="344" VPOS="3645" HPOS="1033"/>
<SP HEIGHT="55" WIDTH="35" VPOS="3645" HPOS="1378"/>
<String CONTENT="im" HEIGHT="55" WIDTH="87" VPOS="3645" HPOS="1414"/>
<SP HEIGHT="36" WIDTH="39" VPOS="3664" HPOS="1502"/>
<String CONTENT="zusammenhange" HEIGHT="72" WIDTH="562" VPOS="3644" HPOS="1542"/>
</TextLine>
<TextLine HEIGHT="154" WIDTH="1997" VPOS="3720" HPOS="106" CS="1">
<String LANG="de" CONTENT="mit" HEIGHT="58" WIDTH="116" VPOS="3724" HPOS="106"/>
<SP HEIGHT="57" WIDTH="46" VPOS="3725" HPOS="223"/>
<String LANG="de" CONTENT="der" HEIGHT="57" WIDTH="114" VPOS="3725" HPOS="270"/>
<SP HEIGHT="55" WIDTH="45" VPOS="3743" HPOS="385"/>
<String LANG="de" CONTENT="germanisch-nordischen" HEIGHT="76" WIDTH="796" VPOS="3722" HPOS="431"/>
<SP HEIGHT="37" WIDTH="46" VPOS="3741" HPOS="1228"/>
<String LANG="fr" CONTENT="mythologie." HEIGHT="73" WIDTH="400" VPOS="3721" HPOS="1275"/>
<SP HEIGHT="58" WIDTH="88" VPOS="3720" HPOS="1676"/>
<String LANG="de" CONTENT="Vortragszyklus," HEIGHT="154" WIDTH="1969" VPOS="3720" HPOS="109"/>
<SP HEIGHT="70" WIDTH="51" VPOS="3804" HPOS="340"/>
<String LANG="de" CONTENT="7.-17." HEIGHT="56" WIDTH="183" VPOS="3804" HPOS="392"/>
<SP HEIGHT="72" WIDTH="49" VPOS="3802" HPOS="576"/>
<String LANG="de" CONTENT="juni" HEIGHT="72" WIDTH="138" VPOS="3802" HPOS="626"/>
<SP HEIGHT="56" WIDTH="48" VPOS="3802" HPOS="765"/>
<String LANG="de" CONTENT="1910." HEIGHT="55" WIDTH="166" VPOS="3803" HPOS="814"/>
<SP HEIGHT="56" WIDTH="88" VPOS="3801" HPOS="981"/>
<String LANG="de" CONTENT="D&#246;rnach," HEIGHT="69" WIDTH="312" VPOS="3801" HPOS="1070"/>
<SP HEIGHT="71" WIDTH="53" VPOS="3799" HPOS="1383"/>
<String LANG="en-US" CONTENT="Switzerland," HEIGHT="72" WIDTH="429" VPOS="3799" HPOS="1437"/>
<SP HEIGHT="71" WIDTH="50" VPOS="3800" HPOS="1867"/>
<String LANG="de" CONTENT="Phil.-" HEIGHT="57" WIDTH="185" VPOS="3798" HPOS="1918"/>
</TextLine>
<TextLine HEIGHT="74" WIDTH="1155" VPOS="3878" HPOS="110">
<String CONTENT="anthroposophischer" HEIGHT="74" WIDTH="681" VPOS="3878" HPOS="110"/>
<SP HEIGHT="37" WIDTH="30" VPOS="3898" HPOS="792"/>
<String CONTENT="verlag," HEIGHT="72" WIDTH="237" VPOS="3878" HPOS="823"/>
<SP HEIGHT="70" WIDTH="38" VPOS="3880" HPOS="1061"/>
<String CONTENT="1925." HEIGHT="55" WIDTH="165" VPOS="3879" HPOS="1100"/>
</TextLine>
</TextBlock>
</PrintSpace>
</Page>
</Layout>
</alto>