2533 4412
1374 4116 74 56 36

416 454 228 73 Fargo,
685 454 299 59 Clarence
1019 457 70 56 B.

494 531 317 74 Planning
839 533 124 57 and
988 533 294 73 planting
1308 533 107 57 for
1441 534 104 58 the
1571 533 180 58 home
1780 534 331 74 beautiful,
2138 536 84 71 by
418 536 1982 131 Clarence
584 608 71 58 B.
682 610 230 74 Fargo.

977 611 153 58 New
1154 610 191 75 York,
1373 612 268 58 Printed
1660 612 84 73 by
1772 612 296 60 Clarence
2092 614 74 58 B.
2192 614 232 74 Fargo,

417 688 166 57 1925.

483 766 870 55 222 p. front. (port.) 2 pl. 19c m .
416 823 53 54 ©
491 823 101 54 Jan.
610 822 38 55 7,
671 822 130 54 1925;
819 824 66 42 2c.
903 824 89 43 and
1008 823 80 45 aff.
1105 824 101 53 Jan.
1232 824 75 53 10;
1327 825 44 42 A
1388 822 191 56 815539;
1603 823 48 46 C.
1672 825 51 44 B.
1743 824 165 56 Fargo.
1964 825 243 57 (25-2557)

415 909 263 73 French,
716 911 241 72 Joseph
988 910 222 72 Lewis,
1248 913 191 57 1858-
1596 913 94 58 ed.

496 989 196 60 Great
744 991 307 59 detective
1107 991 227 60 stories
1387 993 171 56 from
1611 992 272 59 Costello
1937 996 63 55 to
2057 993 369 70 Stevenson,

416 1069 2010 151 edited by Joseph Lewis French … New York, L. Mac-Veagh, The Dial press, 1924.
487 1223 1378 56 5 p. l., [3]-396 p. 16 cm . [The Dial detective library]
491 1282 569 51 CONTENTS.—Inspector
1104 1282 190 52 Byrnes,
1339 1280 59 54 by
1441 1282 57 44 A.
1545 1282 52 46 E.
1645 1281 528 47 Costello.—McParlan
2219 1285 88 44 and
2351 1283 76 45 the

418 1339 191 45 “Mollie
645 1337 282 55 Maguires”,
961 1340 61 51 by
1056 1338 58 49 A.
1151 1338 269 45 Pinkerton.
1436 1364 58 7 —
1507 1338 101 46 The
1643 1338 299 47 Red-headed
1978 1341 171 51 league,
2185 1341 59 52 by
2279 1341 59 45 A.
2377 1340 50 46 C.

418 1395 322 54 Doyle.—The
771 1396 174 51 doctor,
979 1395 71 45 his
1081 1395 126 53 wife,
1239 1397 90 43 and
1359 1396 75 45 the
1465 1395 143 52 clock,
1640 1398 59 49 by
1730 1397 139 44 Anna
1901 1396 58 49 K.
1993 1396 319 47 Green.—The
416 1396 1986 104 adventure

625 1456 52 43 of
701 1453 74 46 the
797 1453 194 45 hansom
1016 1453 92 51 cab,
1131 1455 58 50 by
1214 1453 54 43 R.
1296 1455 49 43 L.
1375 1452 265 48 Stevenson.

412 1508 56 54 ©
495 1510 100 51 Jan.
623 1509 39 50 9,
692 1506 131 53 1925;
850 1509 66 42 2c.
943 1508 100 53 Jan.
1075 1508 74 51 13;
1179 1508 79 43 aff.
1286 1508 100 51 Jan.
1418 1505 75 54 15;
1523 1508 43 41 A
1594 1505 190 52 815600;
1816 1508 107 43 Dial
1951 1523 142 38 press,
2122 1508 83 45 inc.

494 1564 244 55 (25-1966)

416 1652 199 71 Funk,
651 1651 259 59 Charles
943 1653 89 69 E.,
1068 1672 196 53 comp.

495 1734 130 58 The
683 1734 308 58 standard
1047 1733 377 58 cross-word
1476 1732 215 72 puzzle
1746 1732 178 65 book,
1984 1733 307 72 compiled
2344 1733 82 73 by

416 1810 1890 138 Charles E. Funk; foreword by Frank H. Vizetelly … New York and
946 1889 281 65 London,
1255 1888 183 56 Funk
1465 1888 48 57 &
1538 1887 328 74 Wagnalls
1898 1908 325 55 company,
2255 1891 168 57 1925.

487 1971 75 43 121
591 1985 40 37 p.
692 1970 169 50 diagrs.
925 1970 52 42 19½
1010 1970 47 18 cm
1064 2006 9 9 .

483 2023 344 54 Accompanied
855 2027 60 50 by
943 2023 215 47 celluloid
1188 2024 137 46 sheet.

412 2081 53 53 ©
493 2083 107 42 Dec.
626 2081 69 51 29,
725 2081 129 50 1924;
881 2081 65 42 2c.
972 2079 86 43 and
1085 2078 78 44 aff.
1191 2079 99 52 Jan.
1323 2078 61 51 19,
1417 2076 130 48 1925;
1578 2077 43 43 A
1649 2076 190 54 814704;
1869 2076 133 46 Funk
2026 2079 37 44 &
2089 2080 243 52 Wagnalls
2359 2097 64 28 co.

494 2137 245 56 (25-1974)

413 2226 225 71 Gaunt,
673 2225 187 72 Mary
891 2223 181 57 Eliza
1103 2220 334 70 Bakewell,
1474 2223 190 57 1872-

492 2298 1932 76 The mummy moves, by Mary Gaunt … New York,
412 2381 71 57 E.
517 2382 60 58 J.
616 2379 209 73 Clode,
856 2379 118 57 inc.
1013 2408 13 44 [
1029 2387 18 22 c
1051 2379 165 73 1925]

480 2460 45 43 vi
550 2474 54 38 p.,
635 2460 17 42 1
700 2494 24 17 l.,
749 2458 139 44 9-346
912 2472 41 38 p.
1017 2457 53 44 19
1075 2461 47 18 cm
1129 2493 9 9 .

409 2515 56 54 ©
495 2518 98 52 Jan.
623 2516 40 51 6.,
695 2515 130 50 1925;
856 2516 64 42 2c.
950 2514 86 44 and
1065 2514 79 44 aff.
1174 2515 99 52 Jan.
1305 2514 50 51 9;
1388 2513 43 43 A
1461 2511 191 54 814594;
1686 2512 199 47 Edward
1913 2514 41 52 J.
1988 2512 153 54 Clode,
2174 2514 82 44 inc.

492 2572 244 56 (25-1014)

415 2660 165 70 Hall,
619 2661 240 70 George
895 2660 87 71 F.,
1022 2657 364 74 evangelist.

489 2740 162 57 How
687 2743 64 54 to
787 2739 74 57 be
897 2739 218 70 happy
1151 2756 79 37 no
1266 2738 234 55 matter
1537 2736 172 57 what
1742 2736 316 71 happens;
2099 2736 323 73 fifty-four

414 2811 2007 79 essays by Dr. Geo. F. Hall … Chicago, Temple book
414 2914 323 54 company,
776 2896 166 55 1924.

480 2969 772 57 252 p. front. (port.) 19½ cm .
409 3029 56 54 ©
493 3030 101 44 Oct.
622 3028 38 54 6,
688 3027 130 50 1924;
844 3029 66 41 2c.
938 3027 101 44 Oct.
1067 3027 49 51 3;
1145 3025 79 44 aff.
1251 3026 109 43 Dec.
1386 3026 78 51 31;
1492 3025 44 42 A
1562 3023 190 49 814586;
1782 3025 149 43 Laura
1956 3025 177 44 Woods

2160 3026 126 53 Hall,
483 3026 1915 113 Chicago.
679 3083 244 55 (25-1405)

414 3160 299 70 Harman,
744 3156 238 60 Robert
1007 3155 352 71 Valentine,
1390 3156 192 57 1881-

411 3232 1888 141 American citizenship practice, by R. V. Harman … H. R. Tucker … J.
1153 3309 1266 73 E. Wrench … Lincoln, New York
415 3397 147 71 [etc.]
598 3394 130 56 The
759 3390 375 72 University
1163 3388 367 72 publishing
1562 3405 322 55 company,
1921 3388 165 57 1924.

480 3485 109 35 xxv,
625 3468 81 45 566
739 3484 39 37 p.
813 3468 102 43 incl.
951 3468 153 51 front.,
1141 3465 130 52 illus.,
1306 3465 169 53 diagrs.
1533 3465 56 44 20
1595 3467 47 18 cm
1648 3500 10 9 .

483 3524 293 46 “Additional
809 3522 236 53 readings”
1079 3530 46 36 at
1158 3523 85 43 end
1275 3521 52 44 of
1359 3522 109 44 each
1502 3521 197 51 chapter.

413 3582 53 53 ©
493 3584 109 41 Dec.
629 3581 68 51 24,
726 3580 107 45 1924;
887 3581 64 42 2c.
980 3580 108 42 Dec.
1117 3579 77 51 31;
1224 3578 79 43 aff.
1332 3579 109 42 Dec.
1469 3578 79 52 29;
1579 3579 44 42 A
1651 3578 189 52 814488;
1871 3577 269 54 University
2167 3581 101 51 pub.
2298 3596 66 28 co.

492 3637 244 55 (25-2471)

413 3711 262 71 Hobart,
709 3710 67 56 L.
814 3709 65 57 C.

412 3783 1983 151 The paper moon, by L. C. Hobart … London, E. Arnold & co., 1924.
483 3943 363 54 316 p. 19½ cm .
409 3994 2005 63 © 1c. Nov. 14, 1924; A ad. int. 6532; pubd. Oct. 15; L. C. Hobart, London.
492 4056 215 57 (25-889)
