2533 4412
1025 4051 149 56 1369

96 390 250 71 Alcorn,
386 391 253 72 Eugene
677 389 265 58 Marion.

178 480 128 56 The
351 479 268 72 shadow,
663 477 362 73 explaining
1061 478 252 56 method
1354 479 123 55 and
1515 497 276 52 purpose
1831 478 66 56 of
1941 478 154 72 shop

101 558 398 70 spy-system,
529 556 132 57 also
693 555 286 58 criminal
1005 554 333 73 mysteries
1367 557 351 56 uncovered
1745 556 83 72 by
1856 556 243 58 former

97 634 250 71 private
398 634 305 57 detective
754 634 72 56 E.
879 633 83 59 M.
994 632 252 58 Alcorn.
1341 632 348 73 [Syracuse,
1742 634 73 56 N.
1867 634 95 71 Y.,
2013 634 79 56 H.

97 712 313 72 Baumler,
438 712 264 71 printer,
730 720 17 22 c
751 713 165 72 1925]

167 789 512 53 57 p. port. 22 ½ cm .
96 846 54 55 ©
181 848 99 45 Oct.
311 848 65 51 24,
411 846 130 53 1925;
574 846 62 44 2c.
669 846 100 45 Oct.
798 847 80 53 26;
910 847 77 44 aff.
1021 847 119 44 Nov.
1171 846 49 52 9;
1253 847 44 42 A
1329 844 188 54 874043;
1551 845 51 48 E.
1638 848 63 42 M.
1734 847 184 51 Alcorn,
168 845 1904 112 Syracuse,
321 905 59 42 N.
417 905 55 43 Y.
542 902 269 56 (25-23201)

98 989 336 57 American
470 993 436 69 management
942 988 396 58 association.
1417 989 368 59 Committee
1825 1010 79 38 on
176 990 1897 135 relations
371 1066 151 59 with
555 1067 281 72 colleges.

172 1157 345 57 Personnel
546 1157 512 57 administration
1083 1155 65 58 in
1177 1157 231 70 college
1439 1156 312 72 curriculi,
1781 1162 217 67 report
2029 1156 69 60 of

99 1234 367 60 Committee
525 1254 77 37 on
662 1234 301 58 relations
1021 1233 151 58 with
1229 1233 284 72 colleges,
1573 1233 121 59 Lee
1756 1234 338 72 Galloway,

97 1313 351 70 chairman;
492 1311 152 58 with
688 1312 352 59 discussion
1085 1316 64 53 at
1195 1311 366 58 conference
1606 1312 198 58 called
1847 1312 84 73 by
1974 1313 121 57 Mr.

99 1391 148 59 Sam
272 1391 75 56 A.
377 1390 346 73 Lewisohn,
750 1390 341 57 December
1117 1389 231 70 4,1924
1381 1436 61 10 ...
1530 1388 152 59 New
1699 1389 191 73 York,
1909 1391 72 56 N.
2003 1390 92 72 Y.,

95 1470 337 58 American
460 1472 438 69 management
933 1467 398 71 association,
1363 1477 17 21 c
1385 1468 165 59 1925.

170 1548 78 43 168
278 1562 38 38 p.
376 1548 52 43 23
437 1548 47 18 cm
490 1582 7 7 .
568 1544 207 55 (Special
805 1558 163 41 paper:
999 1559 75 34 no.
1110 1545 76 54 11)

97 1603 53 54 ©
182 1605 117 43 Nov.
331 1605 37 50 9,
405 1601 129 54 1925;
567 1603 64 43 2c.
665 1603 119 43 Nov.
819 1603 74 51 14;
927 1603 79 42 aff.
1039 1602 118 44 Nov.
1195 1603 73 51 13;
1303 1599 43 46 A
1379 1601 166 46 872437;
1605 1602 244 44 American
167 1619 1906 91 management
328 1675 114 29 assn.
513 1658 269 55 (25-23623)

98 1741 314 72 Anthony,
447 1739 232 59 Alfred
712 1738 331 71 Williams,
1084 1742 189 56 1860-
1432 1741 91 58 ed.

176 1819 472 73 Safeguarding
690 1820 223 71 funds;
956 1818 294 59 financial
1295 1818 123 57 and
1458 1819 310 72 fiduciary
1806 1825 288 68 matters,

98 1900 208 58 edited
328 1900 82 68 by
434 1898 230 58 Alfred
685 1895 313 61 Williams
1024 1898 301 70 Anthony
1356 1946 60 9 ...
1448 1899 236 58 Robert
1710 1900 66 55 L.
1806 1898 191 72 Kelly
2027 1948 60 9 ...

97 1977 201 57 Lewis
335 1976 71 56 B.
451 1973 305 59 Franklin
801 2023 61 10 ...
949 1974 152 58 New
1140 1974 174 58 York
1354 1974 144 73 city,
1539 1976 365 73 Baltimore,
1947 1978 146 72 Md.,

95 2053 796 72 J. E. Stohlmann [c 1925]
169 2133 79 45 130
273 2147 41 37 p.
372 2132 50 42 21
433 2134 48 18 cm
486 2167 9 9 .

169 2190 170 50 Papers
369 2189 236 50 presented
634 2195 47 38 at
710 2189 76 43 the
814 2187 274 46 conference
1115 2189 105 44 held
1252 2188 144 44 under
1426 2189 76 45 the
1533 2187 205 53 auspices
1770 2190 52 43 of
1851 2188 78 46 the
97 2189 1977 102 Committee
291 2261 60 29 on
391 2243 212 45 financial
643 2245 88 44 and
773 2243 224 52 fiduciary
1036 2250 189 38 matters
1266 2245 52 45 of
1358 2244 75 46 the
1475 2243 191 47 Federal
1707 2245 181 45 council
1927 2247 52 45 of
2019 2249 75 43 the

96 2300 220 46 churches
346 2301 54 43 of
432 2299 157 45 Christ
618 2299 45 44 in
695 2299 230 51 America,
954 2308 46 36 at
1030 2298 208 46 Atlantic
1269 2299 118 52 City,
1420 2302 118 43 New
1566 2302 172 51 Jersey,
1771 2301 239 54 February
2045 2304 52 45 16

97 2367 48 36 to
175 2359 61 48 18,
268 2354 115 47 1925.
445 2356 57 50 cf.
532 2356 171 45 Introd.

100 2410 53 54 ©
189 2412 113 52 May
338 2409 38 52 7,
416 2408 128 52 1925;
583 2410 63 42 2c.
686 2409 117 43 Nov.
845 2409 73 51 18;
957 2409 79 44 aff.
1074 2409 118 43 Nov.
1235 2408 73 52 17;
1334 2411 57 42 .A
1428 2407 189 55 872491;
1658 2412 56 42 A.
1752 2413 74 43 W.
1865 2413 231 54 Anthony,

171 2468 117 43 New
324 2468 142 42 York.
536 2464 270 55 (25-23793)

100 2552 184 57 B.-M.
318 2551 141 57 co.’s
493 2551 375 57 cumulative
904 2554 256 54 current
1191 2553 147 56 code
1374 2553 422 74 annotations,
1830 2555 269 76 keeping

176 2651 86 51 up
290 2635 63 53 to
386 2632 142 56 date
560 2630 233 57 Kerr’s
825 2630 353 72 cyclopedic
1210 2628 351 60 California
1595 2635 181 55 codes
1809 2637 123 55 and
1965 2636 132 57 also

177 2710 149 55 code
360 2728 173 37 cases
569 2707 166 57 from
770 2708 197 57 Idaho
1005 2708 124 57 and
1164 2708 302 56 Montana
1507 2711 181 71 [1925]
1732 2759 60 10 ...
177 2711 1896 147 Bringing

308 2785 308 57 decisions
643 2787 179 55 down
847 2788 62 53 to
939 2785 69 57 70
1037 2784 127 59 Cal.
1191 2786 144 56 Dec,
1366 2786 227 57 293,47
1623 2785 127 59 Cal.
1781 2807 143 53 app.
1951 2789 143 59 Dec.

178 2865 127 70 710,
333 2865 108 55 239
468 2863 143 56 Pаc.
641 2863 70 56 36
749 2861 401 73 (California,
1179 2863 217 72 Idaho,
1418 2863 124 57 and
1560 2863 303 59 Montana
1884 2868 204 70 eases)

178 2941 325 70 Prepared
530 2941 122 56 and
681 2942 342 55 annotated
1049 2940 82 69 by
1162 2938 213 59 Curtis
1404 2940 264 58 Hillyer.
1743 2942 128 58 San
179 2945 1895 144 Francisco,

389 3017 451 57 Bender-Moss
872 3035 321 54 company,
1228 3018 166 55 1925.

169 3094 59 53 vi,
258 3094 85 43 439
373 3109 40 37 p.
472 3092 53 45 25½
561 3096 47 18 cm
615 3129 7 8 .

101 3147 53 55 ©
186 3151 108 42 Dec.
329 3150 64 52 18,
426 3148 129 54 1925;
587 3150 65 42 2c.
685 3150 107 42 Dec.
825 3149 78 52 24;
938 3149 78 43 aff.
1051 3150 110 42 Dec.
1192 3149 79 53 28;
1307 3149 43 42 A
1381 3148 191 55 872976;
1608 3150 332 47 Bender-Moss
1976 3170 64 28 co.

104 3234 226 71 Bacon,
372 3232 336 73 Benjamin
744 3232 269 72 Wisner,
1057 3235 188 56 1860-

177 3310 129 57 The
346 3310 305 71 apostolic
683 3328 304 53 message,
1025 3328 37 38 a
1096 3309 328 58 historical
1461 3309 254 76 inquiry
1748 3314 85 72 by
97 3315 1971 129 Benjamin
257 3388 96 57 W.
387 3387 213 57 Bacon
638 3435 61 10 ...
760 3387 178 57 .New
968 3386 190 74 York,
1192 3387 278 73 London,
1506 3389 130 59 The
1672 3389 281 76 Century
1988 3413 104 53 co.,

100 3467 165 56 1925.

167 3544 77 53 vii,
271 3544 80 44 423
379 3559 40 37 p.
479 3542 55 45 20½
568 3546 47 18 cm
622 3578 7 7 .
745 3541 124 53 $3.50

103 3599 53 54 ©
185 3601 118 43 Nov.
336 3600 62 51 12,
431 3597 129 53 1925;
590 3599 64 43 2c.
685 3598 119 44 Nov.
836 3599 74 51 13;
943 3599 78 42 aff.
1052 3598 118 44 Nov.
1205 3600 73 50 14;
1311 3599 43 42 A
1382 3598 190 55 872428;
1607 3602 199 54 Century
1836 3621 52 29 co

182 3654 270 57 (25-23597)

105 3741 255 69 Barrus,
404 3738 204 71 Clara,
650 3741 189 56 1864-

180 3818 129 57 The
339 3816 113 58 life
484 3816 123 57 and
636 3817 220 56 letters
889 3815 66 57 of
984 3815 170 58 John
1183 3816 390 75 Burroughs,
1605 3820 85 71 by
1720 3820 189 61 Clara
103 3824 1968 129 Barrus
240 3942 61 10 ...
367 3895 241 56 Boston
631 3895 122 56 and
776 3892 152 57 New
950 3892 191 73 York,
1165 3893 343 74 Houghton
1531 3895 217 60 Mifflin
1772 3919 323 53 company,

102 3975 165 56 1925.
