<alto xmlns="http://www.loc.gov/standards/alto/ns-v3#" xmlns:xlink="http://www.w3.org/1999/xlink" xmlns:xsi="http://www.w3.org/2001/XMLSchema-instance" xsi:schemaLocation="http://www.loc.gov/standards/alto/ns-v3# http://www.loc.gov/alto/v3/alto-3-0.xsd"><Description>
<MeasurementUnit>pixel</MeasurementUnit>
<sourceImageInformation>
<fileName>1925_v22_Part001.pdf</fileName>
</sourceImageInformation>
<OCRProcessing ID="IdOcr">
<ocrProcessingStep>
<processingDateTime>2019-04-03</processingDateTime>
<processingSoftware>
<softwareCreator>ABBYY</softwareCreator>
<softwareName>ABBYY Recognition Server</softwareName>
<softwareVersion>4.0</softwareVersion>
</processingSoftware>
</ocrProcessingStep>
</OCRProcessing>
</Description>
<Styles>
<ParagraphStyle ID="StyleId-FFFFFFFF-FFFF-FFFF-FFFF-FFFFFFFFFFFF-" ALIGN="Left" LEFT="0." RIGHT="0." FIRSTLINE="0."/>
<ParagraphStyle ID="StyleId-2E5B4E57-07AD-4719-97CB-14521F7F4F8A-" ALIGN="Left" LEFT="0." RIGHT="0." FIRSTLINE="0." LINESPACE="8.899999619"/>
<ParagraphStyle ID="StyleId-62A6F688-D6E3-4EFC-837B-4A4C4EB582B7-" ALIGN="Center" LEFT="0." RIGHT="0." FIRSTLINE="0." LINESPACE="12.19999981"/>
<ParagraphStyle ID="StyleId-21B71EBC-BDB5-4E16-A8F2-58189A39665B-" ALIGN="Block" LEFT="0." RIGHT="0." FIRSTLINE="-13." LINESPACE="11.35000038"/>
<ParagraphStyle ID="StyleId-1E1A68C4-DD4F-417A-A13D-7FEC29ECB499-" ALIGN="Block" LEFT="0." RIGHT="0." FIRSTLINE="-15." LINESPACE="13.30000019"/>
<ParagraphStyle ID="StyleId-6B39EC51-644D-4E90-AF07-84EF2B1E466A-" ALIGN="Block" LEFT="0." RIGHT="0." FIRSTLINE="-15." LINESPACE="8.340000153"/>
<ParagraphStyle ID="StyleId-2C1BA15F-E223-41D6-853D-AAFBDAC17E68-" ALIGN="Center" LEFT="0." RIGHT="0." FIRSTLINE="0." LINESPACE="13."/>
<ParagraphStyle ID="StyleId-A3B2CDF3-43F0-422C-90A0-E074BFEC3BC0-" ALIGN="Block" LEFT="0." RIGHT="0." FIRSTLINE="0." LINESPACE="8.899999619"/>
<ParagraphStyle ID="StyleId-28AB2493-EA15-49C1-A6AC-ED5BC404F0B9-" ALIGN="Center" LEFT="0." RIGHT="0." FIRSTLINE="0." LINESPACE="12.19999981"/>
<ParagraphStyle ID="StyleId-4417A6D4-97E2-4EFC-962D-7FBC0D5273E4-" ALIGN="Left" LEFT="0." RIGHT="0." FIRSTLINE="15." LINESPACE="8.340000153"/>
<ParagraphStyle ID="StyleId-D4EF9C5E-3110-4A39-B7BC-3D84E0F04894-" ALIGN="Center" LEFT="0." RIGHT="0." FIRSTLINE="0." LINESPACE="13.30000019"/>
<ParagraphStyle ID="StyleId-D1243F31-1201-4D92-8F69-43ADB01E9AD1-" ALIGN="Left" LEFT="0." RIGHT="0." FIRSTLINE="-13." LINESPACE="13.30000019"/>
<ParagraphStyle ID="StyleId-C65417C6-23F2-4D8F-BA55-ECE73D98CAB9-" ALIGN="Left" LEFT="0." RIGHT="0." FIRSTLINE="0." LINESPACE="8.899999619"/>
<ParagraphStyle ID="StyleId-835763C1-08DD-41BE-8BAD-8E41EA88DAE3-" ALIGN="Center" LEFT="0." RIGHT="0." FIRSTLINE="0." LINESPACE="11.10000038"/>
<ParagraphStyle ID="StyleId-78FD6B81-8F83-422D-8DF4-4274EAFD19C6-" ALIGN="Block" LEFT="0." RIGHT="0." FIRSTLINE="-17." LINESPACE="12.19999981"/>
<ParagraphStyle ID="StyleId-F506BC7F-570D-458B-9F05-A143E1F5FD17-" ALIGN="Block" LEFT="0." RIGHT="0." FIRSTLINE="-17." LINESPACE="11.35000038"/>
<ParagraphStyle ID="StyleId-CBE02C6B-22D0-48C6-A874-7E90A22F4375-" ALIGN="Center" LEFT="0." RIGHT="0." FIRSTLINE="0." LINESPACE="4.400000095"/>
<ParagraphStyle ID="StyleId-14CC0121-63AF-4AB4-9656-E02F46C61AF2-" ALIGN="Left" LEFT="0." RIGHT="0." FIRSTLINE="0." LINESPACE="8.899999619"/>
<ParagraphStyle ID="StyleId-DD64CECB-1B22-4BFF-84F0-DFDE2B0000F8-" ALIGN="Left" LEFT="0." RIGHT="0." FIRSTLINE="0." LINESPACE="12.19999981"/>
<ParagraphStyle ID="StyleId-8AEF4AA8-141A-4E5D-9C3E-C0F9F43C742F-" ALIGN="Left" LEFT="0." RIGHT="0." FIRSTLINE="0." LINESPACE="8.300000191"/>
<ParagraphStyle ID="StyleId-8C396D2A-39C0-48AB-BABA-2679D8AB257E-" ALIGN="Left" LEFT="0." RIGHT="0." FIRSTLINE="0." LINESPACE="11.10000038"/>
<ParagraphStyle ID="StyleId-3B7FE50F-10D4-487F-BDCD-FD26EB60FD4A-" ALIGN="Block" LEFT="0." RIGHT="0." FIRSTLINE="13." LINESPACE="8.340000153"/>
<ParagraphStyle ID="StyleId-8CC5CC8E-615B-4C42-BB46-DB28FA355C27-" ALIGN="Left" LEFT="0." RIGHT="0." FIRSTLINE="0." LINESPACE="12.19999981"/>
<ParagraphStyle ID="StyleId-BC67E79D-8D99-4188-8B35-A59DBB7E2BB0-" ALIGN="Block" LEFT="0." RIGHT="0." FIRSTLINE="11." LINESPACE="9.399999619"/>
</Styles>
<Layout>
<Page ID="Page1406" PHYSICAL_IMG_NR="1406" HEIGHT="4412" WIDTH="2533">
<TopMargin HEIGHT="374" WIDTH="2533" VPOS="0" HPOS="0">
</TopMargin>
<LeftMargin HEIGHT="3640" WIDTH="324" VPOS="374" HPOS="0">
</LeftMargin>
<RightMargin HEIGHT="3640" WIDTH="165" VPOS="374" HPOS="2368">
</RightMargin>
<BottomMargin HEIGHT="398" WIDTH="2533" VPOS="4014" HPOS="0">
<TextBlock ID="Page1406_Block1" HEIGHT="160" WIDTH="402" VPOS="4048" HPOS="1231" LANG="en-US" STYLEREFS="StyleId-FE6D84C3-E913-4907-AC61-304C0C5F91F8-">
<TextLine HEIGHT="55" WIDTH="148" VPOS="4057" HPOS="1271">
<String CONTENT="1406" HEIGHT="55" WIDTH="148" VPOS="4057" HPOS="1271"/>
</TextLine>
</TextBlock>
</BottomMargin>
<PrintSpace HEIGHT="3640" WIDTH="2044" VPOS="374" HPOS="324">
<TextBlock ID="Page1406_Block2" HEIGHT="3640" WIDTH="2044" VPOS="374" HPOS="324" LANG="en-US" CS="1" STYLEREFS="StyleId-9DCFC559-32FD-4A1D-845F-0C23D2077CAA-">
<TextLine HEIGHT="73" WIDTH="573" VPOS="385" HPOS="342" STYLEREFS="StyleId-0319212C-73A7-4FB7-B71F-EE2D0632610A-">
<String CONTENT="Garvey," HEIGHT="72" WIDTH="265" VPOS="386" HPOS="342"/>
<SP HEIGHT="72" WIDTH="34" VPOS="385" HPOS="608"/>
<String CONTENT="Marcus." HEIGHT="57" WIDTH="272" VPOS="385" HPOS="643"/>
</TextLine>
<TextLine HEIGHT="76" WIDTH="1938" VPOS="477" HPOS="419" STYLEREFS="StyleId-7B82DE96-858A-4D30-8310-E305CEB95548-">
<String CONTENT="Philosophy" HEIGHT="72" WIDTH="390" VPOS="477" HPOS="419"/>
<SP HEIGHT="52" WIDTH="27" VPOS="497" HPOS="810"/>
<String CONTENT="and" HEIGHT="56" WIDTH="124" VPOS="478" HPOS="838"/>
<SP HEIGHT="56" WIDTH="28" VPOS="478" HPOS="963"/>
<String CONTENT="opinions" HEIGHT="71" WIDTH="289" VPOS="477" HPOS="992"/>
<SP HEIGHT="37" WIDTH="29" VPOS="498" HPOS="1282"/>
<String CONTENT="of" HEIGHT="58" WIDTH="68" VPOS="477" HPOS="1312"/>
<SP HEIGHT="57" WIDTH="28" VPOS="477" HPOS="1381"/>
<String CONTENT="Marcus" HEIGHT="57" WIDTH="254" VPOS="479" HPOS="1410"/>
<SP HEIGHT="60" WIDTH="29" VPOS="478" HPOS="1665"/>
<String CONTENT="Garvey;" HEIGHT="73" WIDTH="282" VPOS="478" HPOS="1695"/>
<SP HEIGHT="50" WIDTH="30" VPOS="501" HPOS="1978"/>
<String CONTENT="or," HEIGHT="53" WIDTH="88" VPOS="500" HPOS="2009"/>
<SP HEIGHT="73" WIDTH="27" VPOS="480" HPOS="2098"/>
<String CONTENT="Africa" HEIGHT="58" WIDTH="231" VPOS="480" HPOS="2126"/>
</TextLine>
<TextLine HEIGHT="77" WIDTH="1944" VPOS="554" HPOS="340" STYLEREFS="StyleId-7B82DE96-858A-4D30-8310-E305CEB95548-" CS="1">
<String CONTENT="for" HEIGHT="57" WIDTH="108" VPOS="555" HPOS="340"/>
<SP HEIGHT="54" WIDTH="27" VPOS="558" HPOS="449"/>
<String CONTENT="the" HEIGHT="56" WIDTH="105" VPOS="556" HPOS="477"/>
<SP HEIGHT="57" WIDTH="31" VPOS="555" HPOS="583"/>
<String CONTENT="Africans." HEIGHT="58" WIDTH="321" VPOS="555" HPOS="615"/>
<SP HEIGHT="59" WIDTH="76" VPOS="554" HPOS="937"/>
<String CONTENT="Compiled" HEIGHT="73" WIDTH="327" VPOS="554" HPOS="1014"/>
<SP HEIGHT="56" WIDTH="30" VPOS="557" HPOS="1342"/>
<String CONTENT="by" HEIGHT="72" WIDTH="84" VPOS="557" HPOS="1373"/>
<SP HEIGHT="73" WIDTH="30" VPOS="556" HPOS="1458"/>
<String CONTENT="Amy" HEIGHT="73" WIDTH="166" VPOS="556" HPOS="1489"/>
<SP HEIGHT="72" WIDTH="31" VPOS="557" HPOS="1656"/>
<String CONTENT="Jacques-Garvey" HEIGHT="74" WIDTH="558" VPOS="557" HPOS="1688"/>
<SP HEIGHT="53" WIDTH="37" VPOS="578" HPOS="2247"/>
<String CS="1" CONTENT="&#8230;"/>
</TextLine>
<TextLine HEIGHT="76" WIDTH="1973" VPOS="632" HPOS="339" STYLEREFS="StyleId-7B82DE96-858A-4D30-8310-E305CEB95548-">
<String CONTENT="V." HEIGHT="38" WIDTH="55" VPOS="652" HPOS="339"/>
<SP HEIGHT="55" WIDTH="34" VPOS="635" HPOS="395"/>
<String CONTENT="2." HEIGHT="54" WIDTH="50" VPOS="635" HPOS="430"/>
<SP HEIGHT="55" WIDTH="73" VPOS="633" HPOS="481"/>
<String CONTENT="New" HEIGHT="57" WIDTH="153" VPOS="633" HPOS="555"/>
<SP HEIGHT="55" WIDTH="27" VPOS="634" HPOS="709"/>
<String CONTENT="York," HEIGHT="71" WIDTH="191" VPOS="634" HPOS="737"/>
<SP HEIGHT="70" WIDTH="35" VPOS="635" HPOS="929"/>
<String CONTENT="The" HEIGHT="59" WIDTH="129" VPOS="632" HPOS="965"/>
<SP HEIGHT="57" WIDTH="31" VPOS="634" HPOS="1095"/>
<String CONTENT="Universal" HEIGHT="57" WIDTH="342" VPOS="634" HPOS="1127"/>
<SP HEIGHT="70" WIDTH="31" VPOS="636" HPOS="1470"/>
<String CONTENT="publishing" HEIGHT="73" WIDTH="367" VPOS="635" HPOS="1502"/>
<SP HEIGHT="73" WIDTH="25" VPOS="635" HPOS="1870"/>
<String CONTENT="house," HEIGHT="73" WIDTH="214" VPOS="635" HPOS="1896"/>
<SP HEIGHT="70" WIDTH="35" VPOS="638" HPOS="2111"/>
<String CONTENT="1925." HEIGHT="56" WIDTH="165" VPOS="637" HPOS="2147"/>
</TextLine>
<TextLine HEIGHT="53" WIDTH="1558" VPOS="724" HPOS="411" CS="1">
<String LANG="de" CONTENT="ix," HEIGHT="51" WIDTH="59" VPOS="724" HPOS="411"/>
<SP HEIGHT="30" WIDTH="32" VPOS="747" HPOS="471"/>
<String CONTENT="[1]" HEIGHT="52" WIDTH="53" VPOS="725" HPOS="504"/>
<SP/>
<String CS="1" CONTENT="p.,"/>
<SP/>
<String CS="1" CONTENT="1"/>
<SP/>
<String CS="1" CONTENT="l.," HEIGHT="16" WIDTH="9" VPOS="758" HPOS="755"/>
<SP HEIGHT="49" WIDTH="27" VPOS="725" HPOS="765"/>
<String CONTENT="412" HEIGHT="42" WIDTH="81" VPOS="725" HPOS="793"/>
<SP HEIGHT="51" WIDTH="26" VPOS="725" HPOS="875"/>
<String CONTENT="p." HEIGHT="38" WIDTH="41" VPOS="738" HPOS="902"/>
<SP HEIGHT="44" WIDTH="60" VPOS="724" HPOS="944"/>
<String CONTENT="front.," HEIGHT="52" WIDTH="153" VPOS="724" HPOS="1005"/>
<SP HEIGHT="38" WIDTH="26" VPOS="738" HPOS="1159"/>
<String CONTENT="plates," HEIGHT="52" WIDTH="159" VPOS="724" HPOS="1186"/>
<SP HEIGHT="38" WIDTH="28" VPOS="739" HPOS="1346"/>
<String CONTENT="ports.," HEIGHT="45" WIDTH="153" VPOS="732" HPOS="1375"/>
<SP HEIGHT="52" WIDTH="28" VPOS="724" HPOS="1529"/>
<String CONTENT="facsims." HEIGHT="45" WIDTH="200" VPOS="724" HPOS="1558"/>
<SP HEIGHT="44" WIDTH="57" VPOS="725" HPOS="1759"/>
<String CS="1" CONTENT="20&#189;" HEIGHT="44" WIDTH="57" VPOS="725" HPOS="1817"/>
<String STYLE="superscript" CONTENT="cm" HEIGHT="17" WIDTH="47" VPOS="728" HPOS="1906"/>
<String CONTENT="." HEIGHT="9" WIDTH="9" VPOS="760" HPOS="1960"/>
</TextLine>
<TextLine HEIGHT="56" WIDTH="1395" VPOS="792" HPOS="341" CS="1">
<String CONTENT="&#169;" HEIGHT="54" WIDTH="53" VPOS="792" HPOS="341"/>
<SP HEIGHT="54" WIDTH="26" VPOS="792" HPOS="395"/>
<String CONTENT="Dec." HEIGHT="41" WIDTH="109" VPOS="796" HPOS="422"/>
<SP HEIGHT="42" WIDTH="30" VPOS="795" HPOS="532"/>
<String CONTENT="12," HEIGHT="51" WIDTH="61" VPOS="794" HPOS="563"/>
<SP HEIGHT="50" WIDTH="32" VPOS="795" HPOS="625"/>
<String CONTENT="1925;" HEIGHT="54" WIDTH="131" VPOS="792" HPOS="658"/>
<SP HEIGHT="51" WIDTH="26" VPOS="795" HPOS="790"/>
<String CONTENT="2c." HEIGHT="43" WIDTH="66" VPOS="795" HPOS="817"/>
<SP HEIGHT="28" WIDTH="26" VPOS="810" HPOS="884"/>
<String CONTENT="and" HEIGHT="42" WIDTH="88" VPOS="796" HPOS="911"/>
<SP HEIGHT="42" WIDTH="25" VPOS="796" HPOS="1000"/>
<String CONTENT="aff." HEIGHT="43" WIDTH="79" VPOS="795" HPOS="1026"/>
<SP HEIGHT="42" WIDTH="27" VPOS="795" HPOS="1106"/>
<String CONTENT="Dec." HEIGHT="43" WIDTH="111" VPOS="795" HPOS="1134"/>
<SP HEIGHT="44" WIDTH="27" VPOS="794" HPOS="1246"/>
<String CONTENT="28;" HEIGHT="53" WIDTH="79" VPOS="794" HPOS="1274"/>
<SP HEIGHT="52" WIDTH="29" VPOS="795" HPOS="1354"/>
<!-- cceid 370FF30D-6DD5-1014-B757-AF09C522E301 --><String CONTENT="A" HEIGHT="42" WIDTH="44" VPOS="795" HPOS="1384"/>
<SP HEIGHT="43" WIDTH="26" VPOS="795" HPOS="1429"/>
<String CONTENT="879030;" HEIGHT="54" WIDTH="191" VPOS="794" HPOS="1456"/>
<SP HEIGHT="52" WIDTH="29" VPOS="796" HPOS="1648"/>
<String CONTENT="A." HEIGHT="46" WIDTH="58" VPOS="796" HPOS="1678"/>
</TextLine>
<TextLine HEIGHT="55" WIDTH="587" VPOS="794" HPOS="1764">
<String CONTENT="J." HEIGHT="53" WIDTH="41" VPOS="796" HPOS="1764"/>
<SP HEIGHT="46" WIDTH="30" VPOS="794" HPOS="1806"/>
<String CONTENT="Garvey," HEIGHT="55" WIDTH="195" VPOS="794" HPOS="1837"/>
<SP HEIGHT="52" WIDTH="28" VPOS="797" HPOS="2033"/>
<String CONTENT="New" HEIGHT="43" WIDTH="117" VPOS="797" HPOS="2062"/>
<SP HEIGHT="44" WIDTH="27" VPOS="796" HPOS="2180"/>
<String CONTENT="York." HEIGHT="45" WIDTH="143" VPOS="796" HPOS="2208"/>
</TextLine>
<TextLine HEIGHT="73" WIDTH="725" VPOS="907" HPOS="340" STYLEREFS="StyleId-0319212C-73A7-4FB7-B71F-EE2D0632610A-">
<String CONTENT="Gruber," HEIGHT="72" WIDTH="260" VPOS="908" HPOS="340"/>
<SP HEIGHT="72" WIDTH="33" VPOS="908" HPOS="601"/>
<String CONTENT="L." HEIGHT="59" WIDTH="67" VPOS="908" HPOS="635"/>
<SP HEIGHT="58" WIDTH="35" VPOS="909" HPOS="703"/>
<String CONTENT="Franklin." HEIGHT="60" WIDTH="326" VPOS="907" HPOS="739"/>
</TextLine>
<TextLine HEIGHT="62" WIDTH="1936" VPOS="1000" HPOS="413" STYLEREFS="StyleId-7B82DE96-858A-4D30-8310-E305CEB95548-">
<String CONTENT="What" HEIGHT="58" WIDTH="197" VPOS="1001" HPOS="413"/>
<SP HEIGHT="55" WIDTH="20" VPOS="1003" HPOS="611"/>
<String CONTENT="after" HEIGHT="59" WIDTH="171" VPOS="1000" HPOS="632"/>
<SP HEIGHT="57" WIDTH="25" VPOS="1001" HPOS="804"/>
<String CONTENT="death?" HEIGHT="57" WIDTH="226" VPOS="1001" HPOS="830"/>
<SP HEIGHT="56" WIDTH="65" VPOS="1001" HPOS="1057"/>
<String CONTENT="An" HEIGHT="56" WIDTH="102" VPOS="1001" HPOS="1123"/>
<SP HEIGHT="39" WIDTH="27" VPOS="1020" HPOS="1226"/>
<String CONTENT="examination" HEIGHT="60" WIDTH="426" VPOS="1000" HPOS="1254"/>
<SP HEIGHT="40" WIDTH="23" VPOS="1020" HPOS="1681"/>
<String CONTENT="of" HEIGHT="59" WIDTH="70" VPOS="1001" HPOS="1705"/>
<SP HEIGHT="59" WIDTH="26" VPOS="1001" HPOS="1776"/>
<String CONTENT="several" HEIGHT="58" WIDTH="244" VPOS="1002" HPOS="1803"/>
<SP HEIGHT="58" WIDTH="24" VPOS="1002" HPOS="2048"/>
<String CONTENT="theories" HEIGHT="61" WIDTH="276" VPOS="1001" HPOS="2073"/>
</TextLine>
<TextLine HEIGHT="75" WIDTH="2012" VPOS="1079" HPOS="338" STYLEREFS="StyleId-7B82DE96-858A-4D30-8310-E305CEB95548-">
<String CONTENT="of" HEIGHT="57" WIDTH="68" VPOS="1080" HPOS="338"/>
<SP HEIGHT="56" WIDTH="24" VPOS="1080" HPOS="407"/>
<String CONTENT="future" HEIGHT="58" WIDTH="218" VPOS="1080" HPOS="432"/>
<SP HEIGHT="40" WIDTH="26" VPOS="1098" HPOS="651"/>
<String CONTENT="retribution" HEIGHT="58" WIDTH="382" VPOS="1079" HPOS="678"/>
<SP HEIGHT="38" WIDTH="27" VPOS="1098" HPOS="1061"/>
<String CONTENT="and" HEIGHT="57" WIDTH="125" VPOS="1080" HPOS="1089"/>
<SP HEIGHT="57" WIDTH="25" VPOS="1080" HPOS="1215"/>
<String CONTENT="an" HEIGHT="38" WIDTH="80" VPOS="1099" HPOS="1241"/>
<SP HEIGHT="38" WIDTH="28" VPOS="1099" HPOS="1322"/>
<String CONTENT="exposition" HEIGHT="72" WIDTH="355" VPOS="1079" HPOS="1351"/>
<SP HEIGHT="39" WIDTH="25" VPOS="1099" HPOS="1707"/>
<String CONTENT="of" HEIGHT="58" WIDTH="69" VPOS="1080" HPOS="1733"/>
<SP HEIGHT="59" WIDTH="24" VPOS="1080" HPOS="1803"/>
<String CONTENT="the" HEIGHT="58" WIDTH="106" VPOS="1081" HPOS="1828"/>
<SP HEIGHT="55" WIDTH="24" VPOS="1084" HPOS="1935"/>
<String CONTENT="teaching" HEIGHT="74" WIDTH="295" VPOS="1080" HPOS="1960"/>
<SP HEIGHT="54" WIDTH="24" VPOS="1100" HPOS="2256"/>
<String CONTENT="of" HEIGHT="58" WIDTH="69" VPOS="1081" HPOS="2281"/>
</TextLine>
<TextLine HEIGHT="72" WIDTH="2011" VPOS="1158" HPOS="338" STYLEREFS="StyleId-7B82DE96-858A-4D30-8310-E305CEB95548-">
<String CONTENT="the" HEIGHT="57" WIDTH="105" VPOS="1159" HPOS="338"/>
<SP HEIGHT="59" WIDTH="33" VPOS="1158" HPOS="444"/>
<String CONTENT="Scriptures" HEIGHT="72" WIDTH="363" VPOS="1158" HPOS="478"/>
<SP HEIGHT="39" WIDTH="32" VPOS="1177" HPOS="842"/>
<String CONTENT="as" HEIGHT="39" WIDTH="68" VPOS="1177" HPOS="875"/>
<SP HEIGHT="55" WIDTH="29" VPOS="1161" HPOS="944"/>
<String CONTENT="to" HEIGHT="54" WIDTH="64" VPOS="1161" HPOS="974"/>
<SP HEIGHT="53" WIDTH="30" VPOS="1162" HPOS="1039"/>
<String CONTENT="the" HEIGHT="57" WIDTH="104" VPOS="1158" HPOS="1070"/>
<SP HEIGHT="39" WIDTH="30" VPOS="1177" HPOS="1175"/>
<String CONTENT="state" HEIGHT="54" WIDTH="164" VPOS="1162" HPOS="1206"/>
<SP HEIGHT="39" WIDTH="31" VPOS="1177" HPOS="1371"/>
<String CONTENT="of" HEIGHT="57" WIDTH="67" VPOS="1159" HPOS="1403"/>
<SP HEIGHT="57" WIDTH="28" VPOS="1159" HPOS="1471"/>
<String CONTENT="the" HEIGHT="58" WIDTH="104" VPOS="1158" HPOS="1500"/>
<SP HEIGHT="56" WIDTH="29" VPOS="1160" HPOS="1605"/>
<String CONTENT="lost" HEIGHT="56" WIDTH="128" VPOS="1160" HPOS="1635"/>
<SP HEIGHT="56" WIDTH="27" VPOS="1161" HPOS="1764"/>
<String CONTENT="and" HEIGHT="59" WIDTH="125" VPOS="1159" HPOS="1792"/>
<SP HEIGHT="59" WIDTH="27" VPOS="1159" HPOS="1918"/>
<String CONTENT="the" HEIGHT="57" WIDTH="106" VPOS="1160" HPOS="1946"/>
<SP HEIGHT="39" WIDTH="31" VPOS="1178" HPOS="2053"/>
<String CONTENT="state" HEIGHT="56" WIDTH="164" VPOS="1161" HPOS="2085"/>
<SP HEIGHT="40" WIDTH="31" VPOS="1178" HPOS="2250"/>
<String CONTENT="of" HEIGHT="59" WIDTH="67" VPOS="1159" HPOS="2282"/>
</TextLine>
<TextLine HEIGHT="76" WIDTH="2011" VPOS="1235" HPOS="338" STYLEREFS="StyleId-7B82DE96-858A-4D30-8310-E305CEB95548-" CS="1">
<String CONTENT="the" HEIGHT="58" WIDTH="104" VPOS="1237" HPOS="338"/>
<SP HEIGHT="39" WIDTH="27" VPOS="1257" HPOS="443"/>
<String CONTENT="saved" HEIGHT="58" WIDTH="193" VPOS="1238" HPOS="471"/>
<SP HEIGHT="57" WIDTH="21" VPOS="1238" HPOS="665"/>
<String CONTENT="by" HEIGHT="70" WIDTH="83" VPOS="1238" HPOS="687"/>
<SP HEIGHT="72" WIDTH="21" VPOS="1236" HPOS="771"/>
<String CONTENT="L." HEIGHT="57" WIDTH="68" VPOS="1236" HPOS="793"/>
<SP HEIGHT="57" WIDTH="26" VPOS="1237" HPOS="862"/>
<String CONTENT="Franklin" HEIGHT="58" WIDTH="309" VPOS="1236" HPOS="889"/>
<SP HEIGHT="60" WIDTH="25" VPOS="1235" HPOS="1199"/>
<String CONTENT="Gruber" HEIGHT="60" WIDTH="247" VPOS="1235" HPOS="1225"/>
<SP HEIGHT="37" WIDTH="27" VPOS="1257" HPOS="1473"/>
<String CS="1" CONTENT="&#8230;"/>
<SP HEIGHT="57" WIDTH="83" VPOS="1237" HPOS="1565"/>
<String CONTENT="Burlington," HEIGHT="74" WIDTH="401" VPOS="1237" HPOS="1649"/>
<SP HEIGHT="74" WIDTH="24" VPOS="1237" HPOS="2051"/>
<String CS="1" CONTENT="Ia.," HEIGHT="55" WIDTH="73" VPOS="1256" HPOS="2115"/>
<SP HEIGHT="74" WIDTH="28" VPOS="1237" HPOS="2189"/>
<String CONTENT="The" HEIGHT="59" WIDTH="131" VPOS="1237" HPOS="2218"/>
</TextLine>
<TextLine HEIGHT="77" WIDTH="1062" VPOS="1315" HPOS="335" STYLEREFS="StyleId-7B82DE96-858A-4D30-8310-E305CEB95548-">
<String CONTENT="Lutheran" HEIGHT="58" WIDTH="326" VPOS="1316" HPOS="335"/>
<SP HEIGHT="57" WIDTH="24" VPOS="1316" HPOS="662"/>
<String CONTENT="literary" HEIGHT="72" WIDTH="268" VPOS="1315" HPOS="687"/>
<SP HEIGHT="72" WIDTH="26" VPOS="1315" HPOS="956"/>
<String CONTENT="board," HEIGHT="77" WIDTH="217" VPOS="1315" HPOS="983"/>
<SP HEIGHT="75" WIDTH="29" VPOS="1317" HPOS="1201"/>
<String CONTENT="1925." HEIGHT="56" WIDTH="166" VPOS="1316" HPOS="1231"/>
</TextLine>
<TextLine HEIGHT="56" WIDTH="335" VPOS="1407" HPOS="407">
<String CONTENT="253" HEIGHT="46" WIDTH="81" VPOS="1407" HPOS="407"/>
<SP HEIGHT="54" WIDTH="28" VPOS="1409" HPOS="489"/>
<String CONTENT="p." HEIGHT="39" WIDTH="40" VPOS="1424" HPOS="518"/>
<SP HEIGHT="43" WIDTH="58" VPOS="1409" HPOS="559"/>
<String CONTENT="20" HEIGHT="44" WIDTH="54" VPOS="1409" HPOS="618"/>
<String STYLE="superscript" CONTENT="cm" HEIGHT="18" WIDTH="46" VPOS="1410" HPOS="680"/>
<String CONTENT="." HEIGHT="10" WIDTH="9" VPOS="1446" HPOS="733"/>
</TextLine>
<TextLine HEIGHT="56" WIDTH="2015" VPOS="1476" HPOS="339">
<String CONTENT="&#169;" HEIGHT="54" WIDTH="53" VPOS="1478" HPOS="339"/>
<SP HEIGHT="54" WIDTH="31" VPOS="1478" HPOS="393"/>
<String CONTENT="Nov." HEIGHT="43" WIDTH="120" VPOS="1480" HPOS="425"/>
<SP HEIGHT="43" WIDTH="33" VPOS="1480" HPOS="546"/>
<String CONTENT="16," HEIGHT="53" WIDTH="61" VPOS="1478" HPOS="580"/>
<SP HEIGHT="51" WIDTH="37" VPOS="1480" HPOS="642"/>
<String CONTENT="1925;" HEIGHT="53" WIDTH="130" VPOS="1478" HPOS="680"/>
<SP HEIGHT="52" WIDTH="29" VPOS="1479" HPOS="811"/>
<String CONTENT="2c." HEIGHT="42" WIDTH="66" VPOS="1479" HPOS="841"/>
<SP HEIGHT="43" WIDTH="32" VPOS="1478" HPOS="908"/>
<String CONTENT="Nov." HEIGHT="43" WIDTH="120" VPOS="1478" HPOS="941"/>
<SP HEIGHT="43" WIDTH="29" VPOS="1478" HPOS="1062"/>
<String CONTENT="21;" HEIGHT="52" WIDTH="79" VPOS="1478" HPOS="1092"/>
<SP HEIGHT="38" WIDTH="33" VPOS="1492" HPOS="1172"/>
<String CONTENT="aff." HEIGHT="43" WIDTH="79" VPOS="1478" HPOS="1206"/>
<SP HEIGHT="43" WIDTH="33" VPOS="1478" HPOS="1286"/>
<String CONTENT="Nov." HEIGHT="44" WIDTH="120" VPOS="1478" HPOS="1320"/>
<SP HEIGHT="43" WIDTH="28" VPOS="1478" HPOS="1441"/>
<String CONTENT="20;" HEIGHT="52" WIDTH="79" VPOS="1477" HPOS="1470"/>
<SP HEIGHT="51" WIDTH="33" VPOS="1478" HPOS="1550"/>
<!-- cceid 371011CF-6DD5-1014-B757-AF09C522E301 --><String CONTENT="A" HEIGHT="42" WIDTH="44" VPOS="1478" HPOS="1584"/>
<SP HEIGHT="44" WIDTH="32" VPOS="1477" HPOS="1629"/>
<String CONTENT="875180;" HEIGHT="55" WIDTH="190" VPOS="1476" HPOS="1662"/>
<SP HEIGHT="52" WIDTH="35" VPOS="1479" HPOS="1853"/>
<String CONTENT="Robert" HEIGHT="44" WIDTH="173" VPOS="1478" HPOS="1889"/>
<SP HEIGHT="43" WIDTH="33" VPOS="1479" HPOS="2063"/>
<String CONTENT="Neumann," HEIGHT="51" WIDTH="257" VPOS="1479" HPOS="2097"/>
</TextLine>
<TextLine HEIGHT="55" WIDTH="727" VPOS="1534" HPOS="412" CS="1">
<String CONTENT="Burlington," HEIGHT="52" WIDTH="287" VPOS="1537" HPOS="412"/>
<SP HEIGHT="51" WIDTH="32" VPOS="1536" HPOS="700"/>
<String CS="1" CONTENT="Ia." HEIGHT="28" WIDTH="38" VPOS="1551" HPOS="759"/>
<SP HEIGHT="53" WIDTH="68" VPOS="1536" HPOS="798"/>
<String CONTENT="(25-24148)" HEIGHT="55" WIDTH="272" VPOS="1534" HPOS="867"/>
</TextLine>
<TextLine HEIGHT="77" WIDTH="969" VPOS="1633" HPOS="343" STYLEREFS="StyleId-0319212C-73A7-4FB7-B71F-EE2D0632610A-">
<String CONTENT="Hardy," HEIGHT="74" WIDTH="240" VPOS="1636" HPOS="343"/>
<SP HEIGHT="69" WIDTH="37" VPOS="1636" HPOS="584"/>
<String CONTENT="Blanche" HEIGHT="58" WIDTH="277" VPOS="1635" HPOS="622"/>
<SP HEIGHT="58" WIDTH="37" VPOS="1635" HPOS="900"/>
<String CONTENT="Christabel." HEIGHT="60" WIDTH="374" VPOS="1633" HPOS="938"/>
</TextLine>
<TextLine HEIGHT="75" WIDTH="1934" VPOS="1725" HPOS="414" STYLEREFS="StyleId-7B82DE96-858A-4D30-8310-E305CEB95548-" CS="1">
<String CONTENT="Dynasty," HEIGHT="73" WIDTH="312" VPOS="1727" HPOS="414"/>
<SP HEIGHT="72" WIDTH="27" VPOS="1728" HPOS="727"/>
<String CONTENT="by" HEIGHT="71" WIDTH="83" VPOS="1728" HPOS="755"/>
<SP HEIGHT="73" WIDTH="24" VPOS="1726" HPOS="839"/>
<String CONTENT="Blanche" HEIGHT="58" WIDTH="276" VPOS="1726" HPOS="864"/>
<SP HEIGHT="58" WIDTH="25" VPOS="1726" HPOS="1141"/>
<String CONTENT="Hardy" HEIGHT="73" WIDTH="230" VPOS="1726" HPOS="1167"/>
<SP HEIGHT="54" WIDTH="30" VPOS="1745" HPOS="1398"/>
<String CS="1" CONTENT="&#8230;"/>
<SP HEIGHT="61" WIDTH="70" VPOS="1725" HPOS="1492"/>
<String CONTENT="London," HEIGHT="75" WIDTH="279" VPOS="1725" HPOS="1563"/>
<SP HEIGHT="74" WIDTH="29" VPOS="1726" HPOS="1843"/>
<String CONTENT="P." HEIGHT="58" WIDTH="70" VPOS="1726" HPOS="1873"/>
<SP HEIGHT="58" WIDTH="28" VPOS="1726" HPOS="1944"/>
<String CONTENT="Allen" HEIGHT="58" WIDTH="186" VPOS="1726" HPOS="1973"/>
<SP HEIGHT="57" WIDTH="25" VPOS="1727" HPOS="2160"/>
<String CONTENT="&amp;" HEIGHT="57" WIDTH="50" VPOS="1727" HPOS="2186"/>
<SP HEIGHT="57" WIDTH="24" VPOS="1727" HPOS="2237"/>
<String CONTENT="co." HEIGHT="40" WIDTH="86" VPOS="1745" HPOS="2262"/>
</TextLine>
<TextLine HEIGHT="72" WIDTH="182" VPOS="1808" HPOS="339" STYLEREFS="StyleId-7B82DE96-858A-4D30-8310-E305CEB95548-">
<String CONTENT="[1925]" HEIGHT="72" WIDTH="182" VPOS="1808" HPOS="339"/>
</TextLine>
<TextLine HEIGHT="52" WIDTH="332" VPOS="1887" HPOS="405">
<String CONTENT="336" HEIGHT="44" WIDTH="81" VPOS="1887" HPOS="405"/>
<SP HEIGHT="52" WIDTH="25" VPOS="1887" HPOS="487"/>
<String CONTENT="p." HEIGHT="37" WIDTH="39" VPOS="1902" HPOS="513"/>
<SP HEIGHT="41" WIDTH="64" VPOS="1888" HPOS="553"/>
<String CONTENT="19" HEIGHT="44" WIDTH="50" VPOS="1887" HPOS="618"/>
<String STYLE="superscript" CONTENT="cm" HEIGHT="17" WIDTH="47" VPOS="1888" HPOS="675"/>
<String CONTENT="." HEIGHT="8" WIDTH="8" VPOS="1921" HPOS="729"/>
</TextLine>
<TextLine HEIGHT="58" WIDTH="2012" VPOS="1938" HPOS="340" CS="1">
<String CONTENT="&#169;" HEIGHT="54" WIDTH="53" VPOS="1942" HPOS="340"/>
<SP/>
<String CS="1" CONTENT="1c."/>
<SP HEIGHT="42" WIDTH="27" VPOS="1944" HPOS="483"/>
<String CONTENT="Nov." HEIGHT="42" WIDTH="119" VPOS="1944" HPOS="511"/>
<SP HEIGHT="42" WIDTH="29" VPOS="1944" HPOS="631"/>
<String CONTENT="11," HEIGHT="51" WIDTH="63" VPOS="1943" HPOS="661"/>
<SP HEIGHT="50" WIDTH="29" VPOS="1944" HPOS="725"/>
<String CONTENT="1925;" HEIGHT="53" WIDTH="130" VPOS="1941" HPOS="755"/>
<SP HEIGHT="52" WIDTH="27" VPOS="1942" HPOS="886"/>
<!-- cceid 3710357F-6DD5-1014-B757-AF09C522E301 --><String CONTENT="A" HEIGHT="42" WIDTH="44" VPOS="1942" HPOS="914"/>
<SP HEIGHT="43" WIDTH="24" VPOS="1942" HPOS="959"/>
<String CONTENT="ad" HEIGHT="42" WIDTH="56" VPOS="1943" HPOS="984"/>
<SP HEIGHT="43" WIDTH="25" VPOS="1942" HPOS="1041"/>
<String CONTENT="int." HEIGHT="43" WIDTH="78" VPOS="1942" HPOS="1067"/>
<SP HEIGHT="45" WIDTH="26" VPOS="1940" HPOS="1146"/>
<String CONTENT="7408;" HEIGHT="54" WIDTH="133" VPOS="1940" HPOS="1173"/>
<SP HEIGHT="38" WIDTH="27" VPOS="1956" HPOS="1307"/>
<String CONTENT="pubd." HEIGHT="53" WIDTH="133" VPOS="1941" HPOS="1335"/>
<SP HEIGHT="47" WIDTH="29" VPOS="1940" HPOS="1469"/>
<String CONTENT="Sept." HEIGHT="53" WIDTH="121" VPOS="1940" HPOS="1499"/>
<SP HEIGHT="41" WIDTH="29" VPOS="1943" HPOS="1621"/>
<String CONTENT="15;" HEIGHT="55" WIDTH="74" VPOS="1939" HPOS="1651"/>
<SP HEIGHT="52" WIDTH="30" VPOS="1942" HPOS="1726"/>
<String CONTENT="Philip" HEIGHT="56" WIDTH="151" VPOS="1938" HPOS="1757"/>
<SP HEIGHT="52" WIDTH="25" VPOS="1942" HPOS="1909"/>
<String CONTENT="Allan" HEIGHT="45" WIDTH="138" VPOS="1940" HPOS="1935"/>
<SP HEIGHT="44" WIDTH="27" VPOS="1941" HPOS="2074"/>
<String CONTENT="&amp;" HEIGHT="44" WIDTH="37" VPOS="1941" HPOS="2102"/>
<SP HEIGHT="44" WIDTH="25" VPOS="1941" HPOS="2140"/>
<String CONTENT="co.," HEIGHT="35" WIDTH="79" VPOS="1956" HPOS="2166"/>
<SP HEIGHT="52" WIDTH="26" VPOS="1939" HPOS="2246"/>
<String CONTENT="ltd." HEIGHT="46" WIDTH="79" VPOS="1939" HPOS="2273"/>
</TextLine>
<TextLine HEIGHT="57" WIDTH="272" VPOS="1998" HPOS="418">
<String CONTENT="(25-24271)" HEIGHT="57" WIDTH="272" VPOS="1998" HPOS="418"/>
</TextLine>
<TextLine HEIGHT="76" WIDTH="1093" VPOS="2099" HPOS="343" STYLEREFS="StyleId-0319212C-73A7-4FB7-B71F-EE2D0632610A-">
<String CONTENT="Hughes," HEIGHT="73" WIDTH="278" VPOS="2102" HPOS="343"/>
<SP HEIGHT="71" WIDTH="38" VPOS="2102" HPOS="622"/>
<String CONTENT="Gwendolyn" HEIGHT="73" WIDTH="386" VPOS="2100" HPOS="661"/>
<SP HEIGHT="59" WIDTH="38" VPOS="2100" HPOS="1048"/>
<String CONTENT="Salisbury." HEIGHT="73" WIDTH="349" VPOS="2099" HPOS="1087"/>
</TextLine>
<TextLine HEIGHT="156" WIDTH="1988" VPOS="2189" HPOS="340" STYLEREFS="StyleId-7B82DE96-858A-4D30-8310-E305CEB95548-" CS="1">
<String CONTENT="Mothers" HEIGHT="59" WIDTH="282" VPOS="2194" HPOS="418"/>
<SP HEIGHT="57" WIDTH="27" VPOS="2194" HPOS="701"/>
<String CONTENT="in" HEIGHT="56" WIDTH="65" VPOS="2194" HPOS="729"/>
<SP HEIGHT="59" WIDTH="23" VPOS="2190" HPOS="795"/>
<String CONTENT="industry;" HEIGHT="73" WIDTH="327" VPOS="2190" HPOS="819"/>
<SP HEIGHT="52" WIDTH="28" VPOS="2211" HPOS="1147"/>
<String CONTENT="wage-earning" HEIGHT="74" WIDTH="471" VPOS="2189" HPOS="1176"/>
<SP HEIGHT="69" WIDTH="24" VPOS="2194" HPOS="1648"/>
<String CONTENT="by" HEIGHT="70" WIDTH="82" VPOS="2194" HPOS="1673"/>
<SP HEIGHT="53" WIDTH="24" VPOS="2211" HPOS="1756"/>
<String CONTENT="mothers" HEIGHT="59" WIDTH="279" VPOS="2192" HPOS="1781"/>
<SP HEIGHT="61" WIDTH="27" VPOS="2190" HPOS="2061"/>
<String CONTENT="in" HEIGHT="59" WIDTH="66" VPOS="2190" HPOS="2089"/>
<SP HEIGHT="56" WIDTH="26" VPOS="2193" HPOS="2156"/>
<String CONTENT="Philadelphia" HEIGHT="155" WIDTH="1988" VPOS="2190" HPOS="340"/>
<SP HEIGHT="52" WIDTH="36" VPOS="2291" HPOS="637"/>
<String CONTENT="[by]" HEIGHT="69" WIDTH="112" VPOS="2274" HPOS="674"/>
</TextLine>
<TextLine HEIGHT="74" WIDTH="1522" VPOS="2269" HPOS="829" STYLEREFS="StyleId-7B82DE96-858A-4D30-8310-E305CEB95548-" CS="1">
<String CONTENT="Gwendolyn" HEIGHT="72" WIDTH="385" VPOS="2270" HPOS="829"/>
<SP HEIGHT="59" WIDTH="38" VPOS="2270" HPOS="1215"/>
<String CONTENT="Salisbury" HEIGHT="73" WIDTH="334" VPOS="2269" HPOS="1254"/>
<SP HEIGHT="72" WIDTH="32" VPOS="2270" HPOS="1589"/>
<String CONTENT="Hughes" HEIGHT="73" WIDTH="262" VPOS="2270" HPOS="1622"/>
<SP HEIGHT="37" WIDTH="43" VPOS="2292" HPOS="1885"/>
<String CS="1" CONTENT="&#8230;"/>
<SP HEIGHT="53" WIDTH="42" VPOS="2289" HPOS="1992"/>
<String CONTENT="prepared" HEIGHT="71" WIDTH="316" VPOS="2271" HPOS="2035"/>
</TextLine>
<TextLine HEIGHT="77" WIDTH="2011" VPOS="2346" HPOS="340" STYLEREFS="StyleId-7B82DE96-858A-4D30-8310-E305CEB95548-">
<String CONTENT="through" HEIGHT="72" WIDTH="274" VPOS="2351" HPOS="340"/>
<SP HEIGHT="56" WIDTH="54" VPOS="2351" HPOS="615"/>
<String CONTENT="the" HEIGHT="56" WIDTH="103" VPOS="2351" HPOS="670"/>
<SP HEIGHT="39" WIDTH="53" VPOS="2368" HPOS="774"/>
<String CONTENT="co-operation" HEIGHT="72" WIDTH="433" VPOS="2348" HPOS="828"/>
<SP HEIGHT="38" WIDTH="56" VPOS="2367" HPOS="1262"/>
<String CONTENT="of" HEIGHT="56" WIDTH="67" VPOS="2349" HPOS="1319"/>
<SP HEIGHT="57" WIDTH="53" VPOS="2349" HPOS="1387"/>
<String CONTENT="the" HEIGHT="57" WIDTH="105" VPOS="2349" HPOS="1441"/>
<SP HEIGHT="60" WIDTH="59" VPOS="2347" HPOS="1547"/>
<String LANG="de" CONTENT="Carola" HEIGHT="60" WIDTH="228" VPOS="2347" HPOS="1607"/>
<SP HEIGHT="59" WIDTH="52" VPOS="2347" HPOS="1836"/>
<String CONTENT="Woerishoffer" HEIGHT="60" WIDTH="462" VPOS="2346" HPOS="1889"/>
</TextLine>
<TextLine HEIGHT="153" WIDTH="1986" VPOS="2424" HPOS="340" STYLEREFS="StyleId-7B82DE96-858A-4D30-8310-E305CEB95548-" CS="1">
<String CONTENT="graduate" HEIGHT="71" WIDTH="310" VPOS="2431" HPOS="340"/>
<SP HEIGHT="57" WIDTH="46" VPOS="2430" HPOS="651"/>
<String CONTENT="department" HEIGHT="69" WIDTH="401" VPOS="2430" HPOS="698"/>
<SP HEIGHT="54" WIDTH="47" VPOS="2431" HPOS="1100"/>
<String CONTENT="of" HEIGHT="57" WIDTH="68" VPOS="2428" HPOS="1148"/>
<SP HEIGHT="57" WIDTH="46" VPOS="2428" HPOS="1217"/>
<String CONTENT="social" HEIGHT="59" WIDTH="193" VPOS="2425" HPOS="1264"/>
<SP HEIGHT="57" WIDTH="46" VPOS="2428" HPOS="1458"/>
<String CONTENT="economy" HEIGHT="55" WIDTH="296" VPOS="2444" HPOS="1505"/>
<SP HEIGHT="53" WIDTH="44" VPOS="2446" HPOS="1802"/>
<String CONTENT="and" HEIGHT="59" WIDTH="125" VPOS="2427" HPOS="1847"/>
<SP HEIGHT="59" WIDTH="46" VPOS="2427" HPOS="1973"/>
<String CONTENT="social" HEIGHT="61" WIDTH="192" VPOS="2424" HPOS="2020"/>
<SP HEIGHT="58" WIDTH="45" VPOS="2425" HPOS="2213"/>
<String CONTENT="research" HEIGHT="121" WIDTH="1985" VPOS="2446" HPOS="341"/>
<SP HEIGHT="56" WIDTH="36" VPOS="2508" HPOS="561"/>
<String CONTENT="of" HEIGHT="57" WIDTH="67" VPOS="2507" HPOS="598"/>
<SP HEIGHT="58" WIDTH="31" VPOS="2506" HPOS="666"/>
<String CONTENT="Bryn" HEIGHT="71" WIDTH="178" VPOS="2506" HPOS="698"/>
<SP HEIGHT="57" WIDTH="34" VPOS="2506" HPOS="877"/>
<String CONTENT="Mawr" HEIGHT="57" WIDTH="202" VPOS="2506" HPOS="912"/>
</TextLine>
<TextLine HEIGHT="73" WIDTH="1202" VPOS="2504" HPOS="1150" STYLEREFS="StyleId-7B82DE96-858A-4D30-8310-E305CEB95548-">
<String CONTENT="college" HEIGHT="72" WIDTH="231" VPOS="2505" HPOS="1150"/>
<SP HEIGHT="38" WIDTH="36" VPOS="2525" HPOS="1382"/>
<String CONTENT="and" HEIGHT="57" WIDTH="124" VPOS="2507" HPOS="1419"/>
<SP HEIGHT="59" WIDTH="38" VPOS="2505" HPOS="1544"/>
<String CONTENT="Seybert" HEIGHT="72" WIDTH="267" VPOS="2505" HPOS="1583"/>
<SP HEIGHT="59" WIDTH="34" VPOS="2504" HPOS="1851"/>
<String CONTENT="institution" HEIGHT="58" WIDTH="358" VPOS="2504" HPOS="1886"/>
<SP HEIGHT="39" WIDTH="39" VPOS="2523" HPOS="2245"/>
<String CONTENT="of" HEIGHT="57" WIDTH="67" VPOS="2505" HPOS="2285"/>
</TextLine>
<TextLine HEIGHT="77" WIDTH="1801" VPOS="2580" HPOS="339" STYLEREFS="StyleId-7B82DE96-858A-4D30-8310-E305CEB95548-">
<String CONTENT="Philadelphia." HEIGHT="74" WIDTH="460" VPOS="2583" HPOS="339"/>
<SP HEIGHT="58" WIDTH="82" VPOS="2583" HPOS="800"/>
<String CONTENT="New" HEIGHT="59" WIDTH="155" VPOS="2583" HPOS="883"/>
<SP HEIGHT="60" WIDTH="26" VPOS="2582" HPOS="1039"/>
<String CONTENT="York," HEIGHT="72" WIDTH="193" VPOS="2581" HPOS="1066"/>
<SP HEIGHT="70" WIDTH="30" VPOS="2583" HPOS="1260"/>
<String CONTENT="New" HEIGHT="59" WIDTH="154" VPOS="2583" HPOS="1291"/>
<SP HEIGHT="39" WIDTH="27" VPOS="2603" HPOS="1446"/>
<String CONTENT="republic," HEIGHT="75" WIDTH="299" VPOS="2581" HPOS="1474"/>
<SP HEIGHT="76" WIDTH="28" VPOS="2580" HPOS="1774"/>
<String CONTENT="inc.," HEIGHT="75" WIDTH="138" VPOS="2580" HPOS="1803"/>
<SP HEIGHT="71" WIDTH="30" VPOS="2584" HPOS="1942"/>
<String CONTENT="1925." HEIGHT="57" WIDTH="167" VPOS="2583" HPOS="1973"/>
</TextLine>
<TextLine HEIGHT="53" WIDTH="1221" VPOS="2662" HPOS="413" CS="1">
<String CONTENT="1" HEIGHT="41" WIDTH="17" VPOS="2668" HPOS="413"/>
<SP/>
<String CS="1" CONTENT="p."/>
<SP/>
<String CS="1" CONTENT="l.,"/>
<SP HEIGHT="34" WIDTH="22" VPOS="2681" HPOS="569"/>
<String CONTENT="v-xxix" HEIGHT="46" WIDTH="178" VPOS="2663" HPOS="592"/>
<SP/>
<String CS="1" CONTENT="p.,"/>
<SP/>
<String CS="1" CONTENT="1"/>
<SP/>
<String CS="1" CONTENT="l.," HEIGHT="15" WIDTH="10" VPOS="2698" HPOS="955"/>
<SP HEIGHT="51" WIDTH="22" VPOS="2662" HPOS="966"/>
<String CONTENT="265" HEIGHT="46" WIDTH="81" VPOS="2662" HPOS="989"/>
<SP HEIGHT="52" WIDTH="25" VPOS="2662" HPOS="1071"/>
<String CONTENT="p." HEIGHT="37" WIDTH="41" VPOS="2677" HPOS="1097"/>
<SP HEIGHT="46" WIDTH="25" VPOS="2662" HPOS="1139"/>
<String CONTENT="incl." HEIGHT="47" WIDTH="102" VPOS="2662" HPOS="1165"/>
<SP HEIGHT="36" WIDTH="25" VPOS="2673" HPOS="1268"/>
<String CONTENT="tables." HEIGHT="47" WIDTH="156" VPOS="2662" HPOS="1294"/>
<SP HEIGHT="41" WIDTH="63" VPOS="2666" HPOS="1451"/>
<String CS="1" CONTENT="19c" HEIGHT="44" WIDTH="49" VPOS="2663" HPOS="1515"/>
<String STYLE="superscript" CONTENT="m" HEIGHT="18" WIDTH="30" VPOS="2664" HPOS="1588"/>
<String CONTENT="." HEIGHT="8" WIDTH="9" VPOS="2701" HPOS="1625"/>
</TextLine>
<TextLine HEIGHT="54" WIDTH="1827" VPOS="2717" HPOS="410" CS="1">
<String CONTENT="&#8220;Of" HEIGHT="45" WIDTH="99" VPOS="2722" HPOS="410"/>
<SP HEIGHT="45" WIDTH="28" VPOS="2722" HPOS="510"/>
<String CONTENT="this" HEIGHT="46" WIDTH="89" VPOS="2721" HPOS="539"/>
<SP HEIGHT="29" WIDTH="29" VPOS="2738" HPOS="629"/>
<String CONTENT="study," HEIGHT="49" WIDTH="149" VPOS="2722" HPOS="659"/>
<SP HEIGHT="33" WIDTH="29" VPOS="2738" HPOS="809"/>
<String CONTENT="section" HEIGHT="47" WIDTH="173" VPOS="2719" HPOS="839"/>
<SP HEIGHT="30" WIDTH="29" VPOS="2734" HPOS="1013"/>
<String CS="1" CONTENT="I," HEIGHT="16" WIDTH="9" VPOS="2754" HPOS="1065"/>
<SP HEIGHT="50" WIDTH="32" VPOS="2720" HPOS="1075"/>
<String CONTENT="&#8216;Causes" HEIGHT="45" WIDTH="185" VPOS="2719" HPOS="1108"/>
<SP HEIGHT="29" WIDTH="28" VPOS="2735" HPOS="1294"/>
<String CONTENT="which" HEIGHT="47" WIDTH="152" VPOS="2717" HPOS="1323"/>
<SP HEIGHT="47" WIDTH="28" VPOS="2718" HPOS="1476"/>
<String CONTENT="take" HEIGHT="45" WIDTH="106" VPOS="2720" HPOS="1505"/>
<SP HEIGHT="29" WIDTH="26" VPOS="2735" HPOS="1612"/>
<String CONTENT="mothers" HEIGHT="46" WIDTH="203" VPOS="2718" HPOS="1639"/>
<SP HEIGHT="45" WIDTH="30" VPOS="2719" HPOS="1843"/>
<String CONTENT="into" HEIGHT="45" WIDTH="100" VPOS="2719" HPOS="1874"/>
<SP HEIGHT="45" WIDTH="25" VPOS="2719" HPOS="1975"/>
<String CONTENT="industry&#8217;," HEIGHT="51" WIDTH="236" VPOS="2719" HPOS="2001"/>
</TextLine>
<TextLine HEIGHT="96" WIDTH="2012" VPOS="2734" HPOS="339" CS="1">
<String CONTENT="except" HEIGHT="96" WIDTH="1990" VPOS="2734" HPOS="339"/>
<SP HEIGHT="37" WIDTH="29" VPOS="2787" HPOS="442"/>
<String CONTENT="that" HEIGHT="43" WIDTH="98" VPOS="2780" HPOS="472"/>
<SP HEIGHT="41" WIDTH="29" VPOS="2787" HPOS="571"/>
<String CONTENT="part" HEIGHT="43" WIDTH="103" VPOS="2785" HPOS="601"/>
<SP HEIGHT="37" WIDTH="30" VPOS="2785" HPOS="705"/>
<String CONTENT="of" HEIGHT="45" WIDTH="51" VPOS="2777" HPOS="736"/>
<SP HEIGHT="45" WIDTH="28" VPOS="2777" HPOS="788"/>
<String CONTENT="chapter" HEIGHT="51" WIDTH="188" VPOS="2776" HPOS="817"/>
<SP HEIGHT="31" WIDTH="28" VPOS="2788" HPOS="1006"/>
<String CS="1" CONTENT="I"/>
<SP HEIGHT="32" WIDTH="33" VPOS="2788" HPOS="1053"/>
<String CONTENT="which" HEIGHT="46" WIDTH="150" VPOS="2775" HPOS="1087"/>
<SP HEIGHT="49" WIDTH="29" VPOS="2777" HPOS="1238"/>
<String CONTENT="presents" HEIGHT="44" WIDTH="204" VPOS="2782" HPOS="1268"/>
<SP HEIGHT="30" WIDTH="31" VPOS="2791" HPOS="1473"/>
<String CONTENT="conclusions" HEIGHT="47" WIDTH="287" VPOS="2774" HPOS="1505"/>
<SP HEIGHT="44" WIDTH="31" VPOS="2777" HPOS="1793"/>
<String CONTENT="based" HEIGHT="47" WIDTH="138" VPOS="2774" HPOS="1825"/>
<SP HEIGHT="48" WIDTH="30" VPOS="2774" HPOS="1964"/>
<String CONTENT="on" HEIGHT="32" WIDTH="60" VPOS="2790" HPOS="1995"/>
<SP HEIGHT="31" WIDTH="30" VPOS="2790" HPOS="2056"/>
<String CONTENT="section" HEIGHT="46" WIDTH="177" VPOS="2775" HPOS="2087"/>
<SP HEIGHT="33" WIDTH="29" VPOS="2787" HPOS="2265"/>
<String CS="1" CONTENT="II," HEIGHT="18" WIDTH="11" VPOS="2809" HPOS="2340"/>
</TextLine>
<TextLine HEIGHT="55" WIDTH="2011" VPOS="2830" HPOS="339">
<String CONTENT="and" HEIGHT="44" WIDTH="88" VPOS="2837" HPOS="339"/>
<SP HEIGHT="44" WIDTH="39" VPOS="2837" HPOS="428"/>
<String CONTENT="the" HEIGHT="44" WIDTH="76" VPOS="2837" HPOS="468"/>
<SP HEIGHT="46" WIDTH="40" VPOS="2835" HPOS="545"/>
<String CONTENT="&#8216;Appendix&#8217;" HEIGHT="52" WIDTH="274" VPOS="2833" HPOS="586"/>
<SP HEIGHT="43" WIDTH="40" VPOS="2834" HPOS="861"/>
<String CONTENT="including" HEIGHT="51" WIDTH="239" VPOS="2832" HPOS="902"/>
<SP HEIGHT="43" WIDTH="36" VPOS="2840" HPOS="1142"/>
<String CONTENT="the" HEIGHT="44" WIDTH="77" VPOS="2833" HPOS="1179"/>
<SP HEIGHT="43" WIDTH="39" VPOS="2834" HPOS="1257"/>
<String CONTENT="&#8216;Bibliography&#8217;" HEIGHT="54" WIDTH="359" VPOS="2830" HPOS="1297"/>
<SP HEIGHT="45" WIDTH="41" VPOS="2832" HPOS="1657"/>
<String CONTENT="constitute" HEIGHT="46" WIDTH="248" VPOS="2831" HPOS="1699"/>
<SP HEIGHT="29" WIDTH="38" VPOS="2847" HPOS="1948"/>
<String CONTENT="a" HEIGHT="29" WIDTH="28" VPOS="2847" HPOS="1987"/>
<SP HEIGHT="45" WIDTH="38" VPOS="2833" HPOS="2016"/>
<String CONTENT="dissertation" HEIGHT="46" WIDTH="295" VPOS="2832" HPOS="2055"/>
</TextLine>
<TextLine HEIGHT="58" WIDTH="2013" VPOS="2886" HPOS="338">
<String CONTENT="presented" HEIGHT="51" WIDTH="239" VPOS="2893" HPOS="338"/>
<SP HEIGHT="43" WIDTH="28" VPOS="2893" HPOS="578"/>
<String CONTENT="to" HEIGHT="37" WIDTH="49" VPOS="2899" HPOS="607"/>
<SP HEIGHT="36" WIDTH="27" VPOS="2899" HPOS="657"/>
<String CONTENT="the" HEIGHT="43" WIDTH="76" VPOS="2892" HPOS="685"/>
<SP HEIGHT="44" WIDTH="28" VPOS="2891" HPOS="762"/>
<String CONTENT="faculty" HEIGHT="51" WIDTH="175" VPOS="2890" HPOS="791"/>
<SP HEIGHT="35" WIDTH="28" VPOS="2906" HPOS="967"/>
<String CONTENT="of" HEIGHT="45" WIDTH="51" VPOS="2890" HPOS="996"/>
<SP HEIGHT="43" WIDTH="31" VPOS="2890" HPOS="1048"/>
<String CONTENT="Bryn" HEIGHT="50" WIDTH="126" VPOS="2890" HPOS="1080"/>
<SP HEIGHT="42" WIDTH="29" VPOS="2889" HPOS="1207"/>
<String CONTENT="Mawr" HEIGHT="43" WIDTH="153" VPOS="2889" HPOS="1237"/>
<SP HEIGHT="30" WIDTH="29" VPOS="2903" HPOS="1391"/>
<String CONTENT="college" HEIGHT="53" WIDTH="173" VPOS="2887" HPOS="1421"/>
<SP HEIGHT="44" WIDTH="27" VPOS="2888" HPOS="1595"/>
<String CONTENT="in" HEIGHT="45" WIDTH="48" VPOS="2888" HPOS="1623"/>
<SP HEIGHT="37" WIDTH="27" VPOS="2903" HPOS="1672"/>
<String CONTENT="partial" HEIGHT="54" WIDTH="167" VPOS="2886" HPOS="1700"/>
<SP HEIGHT="43" WIDTH="29" VPOS="2889" HPOS="1868"/>
<String CONTENT="fulfillment" HEIGHT="48" WIDTH="264" VPOS="2887" HPOS="1898"/>
<SP HEIGHT="37" WIDTH="30" VPOS="2898" HPOS="2163"/>
<String CONTENT="of" HEIGHT="45" WIDTH="53" VPOS="2889" HPOS="2194"/>
<SP HEIGHT="47" WIDTH="25" VPOS="2889" HPOS="2248"/>
<String CONTENT="the" HEIGHT="46" WIDTH="77" VPOS="2890" HPOS="2274"/>
</TextLine>
<TextLine HEIGHT="57" WIDTH="2009" VPOS="2943" HPOS="341">
<String CONTENT="requirements" HEIGHT="51" WIDTH="329" VPOS="2949" HPOS="341"/>
<SP HEIGHT="45" WIDTH="23" VPOS="2949" HPOS="671"/>
<String CONTENT="for" HEIGHT="43" WIDTH="76" VPOS="2949" HPOS="695"/>
<SP HEIGHT="35" WIDTH="21" VPOS="2957" HPOS="772"/>
<String CONTENT="the" HEIGHT="45" WIDTH="76" VPOS="2947" HPOS="794"/>
<SP HEIGHT="44" WIDTH="18" VPOS="2948" HPOS="871"/>
<String CONTENT="degree" HEIGHT="50" WIDTH="165" VPOS="2948" HPOS="890"/>
<SP HEIGHT="30" WIDTH="21" VPOS="2962" HPOS="1056"/>
<String CONTENT="of" HEIGHT="45" WIDTH="53" VPOS="2947" HPOS="1078"/>
<SP HEIGHT="44" WIDTH="18" VPOS="2947" HPOS="1132"/>
<String CONTENT="doctor" HEIGHT="44" WIDTH="165" VPOS="2947" HPOS="1151"/>
<SP HEIGHT="31" WIDTH="20" VPOS="2958" HPOS="1317"/>
<String CONTENT="of" HEIGHT="44" WIDTH="55" VPOS="2945" HPOS="1338"/>
<SP HEIGHT="51" WIDTH="22" VPOS="2945" HPOS="1394"/>
<String CONTENT="philosophy" HEIGHT="54" WIDTH="277" VPOS="2943" HPOS="1417"/>
<SP HEIGHT="50" WIDTH="18" VPOS="2947" HPOS="1695"/>
<String CONTENT="by" HEIGHT="51" WIDTH="59" VPOS="2947" HPOS="1714"/>
<SP HEIGHT="53" WIDTH="23" VPOS="2945" HPOS="1774"/>
<String CONTENT="Gwendolyn" HEIGHT="55" WIDTH="285" VPOS="2944" HPOS="1798"/>
<SP HEIGHT="48" WIDTH="24" VPOS="2946" HPOS="2084"/>
<String CONTENT="Salisbury" HEIGHT="52" WIDTH="241" VPOS="2946" HPOS="2109"/>
</TextLine>
<TextLine HEIGHT="51" WIDTH="238" VPOS="3004" HPOS="340">
<String CONTENT="Hughes.&#8221;" HEIGHT="51" WIDTH="238" VPOS="3004" HPOS="340"/>
</TextLine>
<TextLine HEIGHT="56" WIDTH="664" VPOS="3056" HPOS="411">
<String CONTENT="Bibliography:" HEIGHT="50" WIDTH="356" VPOS="3062" HPOS="411"/>
<SP HEIGHT="37" WIDTH="28" VPOS="3074" HPOS="768"/>
<String CONTENT="p." HEIGHT="37" WIDTH="41" VPOS="3074" HPOS="797"/>
<SP HEIGHT="46" WIDTH="27" VPOS="3059" HPOS="839"/>
<String CONTENT="245-258." HEIGHT="48" WIDTH="208" VPOS="3056" HPOS="867"/>
</TextLine>
<TextLine HEIGHT="58" WIDTH="1868" VPOS="3110" HPOS="340">
<String CONTENT="&#169;" HEIGHT="54" WIDTH="53" VPOS="3114" HPOS="340"/>
<SP HEIGHT="54" WIDTH="29" VPOS="3114" HPOS="394"/>
<String CONTENT="Nov." HEIGHT="43" WIDTH="119" VPOS="3116" HPOS="424"/>
<SP HEIGHT="42" WIDTH="33" VPOS="3117" HPOS="544"/>
<String CONTENT="12," HEIGHT="50" WIDTH="64" VPOS="3116" HPOS="578"/>
<SP HEIGHT="49" WIDTH="30" VPOS="3117" HPOS="643"/>
<String CONTENT="1925;" HEIGHT="52" WIDTH="131" VPOS="3114" HPOS="674"/>
<SP HEIGHT="52" WIDTH="31" VPOS="3114" HPOS="806"/>
<String CONTENT="2c." HEIGHT="43" WIDTH="65" VPOS="3114" HPOS="838"/>
<SP HEIGHT="29" WIDTH="29" VPOS="3128" HPOS="904"/>
<String CONTENT="and" HEIGHT="42" WIDTH="88" VPOS="3114" HPOS="934"/>
<SP HEIGHT="42" WIDTH="28" VPOS="3114" HPOS="1023"/>
<String CONTENT="aff." HEIGHT="44" WIDTH="78" VPOS="3112" HPOS="1052"/>
<SP HEIGHT="43" WIDTH="32" VPOS="3112" HPOS="1131"/>
<String CONTENT="Nov." HEIGHT="43" WIDTH="120" VPOS="3112" HPOS="1164"/>
<SP HEIGHT="41" WIDTH="33" VPOS="3113" HPOS="1285"/>
<String CONTENT="19;" HEIGHT="52" WIDTH="73" VPOS="3111" HPOS="1319"/>
<SP HEIGHT="51" WIDTH="34" VPOS="3112" HPOS="1393"/>
<!-- cceid 37105719-6DD5-1014-B757-AF09C522E301 --><String CONTENT="A" HEIGHT="42" WIDTH="44" VPOS="3112" HPOS="1428"/>
<SP HEIGHT="43" WIDTH="27" VPOS="3112" HPOS="1473"/>
<String CONTENT="872497;" HEIGHT="54" WIDTH="192" VPOS="3110" HPOS="1501"/>
<SP HEIGHT="52" WIDTH="34" VPOS="3112" HPOS="1694"/>
<String CONTENT="New" HEIGHT="44" WIDTH="116" VPOS="3112" HPOS="1729"/>
<SP HEIGHT="28" WIDTH="33" VPOS="3128" HPOS="1846"/>
<String CONTENT="republic," HEIGHT="52" WIDTH="213" VPOS="3114" HPOS="1880"/>
<SP HEIGHT="52" WIDTH="31" VPOS="3114" HPOS="2094"/>
<String CONTENT="inc." HEIGHT="45" WIDTH="82" VPOS="3114" HPOS="2126"/>
</TextLine>
<TextLine HEIGHT="58" WIDTH="272" VPOS="3170" HPOS="419">
<String CONTENT="(25-23788)" HEIGHT="58" WIDTH="272" VPOS="3170" HPOS="419"/>
</TextLine>
<TextLine HEIGHT="77" WIDTH="814" VPOS="3268" HPOS="340" STYLEREFS="StyleId-0319212C-73A7-4FB7-B71F-EE2D0632610A-">
<String CONTENT="Kansas" HEIGHT="57" WIDTH="251" VPOS="3272" HPOS="340"/>
<SP HEIGHT="58" WIDTH="36" VPOS="3271" HPOS="592"/>
<String CONTENT="City" HEIGHT="74" WIDTH="146" VPOS="3271" HPOS="629"/>
<SP HEIGHT="58" WIDTH="30" VPOS="3287" HPOS="776"/>
<String CONTENT="quill" HEIGHT="75" WIDTH="157" VPOS="3268" HPOS="807"/>
<SP HEIGHT="57" WIDTH="30" VPOS="3269" HPOS="965"/>
<String CONTENT="club." HEIGHT="58" WIDTH="158" VPOS="3268" HPOS="996"/>
</TextLine>
<TextLine HEIGHT="75" WIDTH="1926" VPOS="3359" HPOS="421" STYLEREFS="StyleId-7B82DE96-858A-4D30-8310-E305CEB95548-">
<String CONTENT="The" HEIGHT="57" WIDTH="129" VPOS="3365" HPOS="421"/>
<SP HEIGHT="58" WIDTH="38" VPOS="3364" HPOS="551"/>
<String CONTENT="Kansas" HEIGHT="56" WIDTH="257" VPOS="3364" HPOS="590"/>
<SP HEIGHT="59" WIDTH="42" VPOS="3361" HPOS="848"/>
<String CONTENT="City" HEIGHT="73" WIDTH="145" VPOS="3361" HPOS="891"/>
<SP HEIGHT="53" WIDTH="37" VPOS="3381" HPOS="1037"/>
<String CONTENT="quill" HEIGHT="72" WIDTH="152" VPOS="3361" HPOS="1075"/>
<SP HEIGHT="55" WIDTH="41" VPOS="3362" HPOS="1228"/>
<String CONTENT="club" HEIGHT="62" WIDTH="136" VPOS="3361" HPOS="1270"/>
<SP HEIGHT="70" WIDTH="37" VPOS="3361" HPOS="1407"/>
<String CONTENT="year" HEIGHT="52" WIDTH="158" VPOS="3379" HPOS="1445"/>
<SP HEIGHT="56" WIDTH="34" VPOS="3361" HPOS="1604"/>
<String CONTENT="book" HEIGHT="56" WIDTH="160" VPOS="3361" HPOS="1639"/>
<SP HEIGHT="57" WIDTH="38" VPOS="3359" HPOS="1800"/>
<String CONTENT="for" HEIGHT="59" WIDTH="103" VPOS="3359" HPOS="1839"/>
<SP HEIGHT="54" WIDTH="40" VPOS="3363" HPOS="1943"/>
<String CONTENT="1925." HEIGHT="56" WIDTH="165" VPOS="3363" HPOS="1984"/>
<SP HEIGHT="55" WIDTH="43" VPOS="3363" HPOS="2150"/>
<String CONTENT="Pub." HEIGHT="57" WIDTH="153" VPOS="3363" HPOS="2194"/>
</TextLine>
<TextLine HEIGHT="71" WIDTH="2007" VPOS="3437" HPOS="343" STYLEREFS="StyleId-7B82DE96-858A-4D30-8310-E305CEB95548-" CS="1">
<String CONTENT="annually" HEIGHT="65" WIDTH="298" VPOS="3443" HPOS="343"/>
<SP HEIGHT="48" WIDTH="40" VPOS="3460" HPOS="642"/>
<String CS="1" CONTENT="&#8230;"/>
<SP HEIGHT="58" WIDTH="118" VPOS="3439" HPOS="745"/>
<String CONTENT="Kansas" HEIGHT="57" WIDTH="257" VPOS="3439" HPOS="864"/>
<SP HEIGHT="59" WIDTH="40" VPOS="3437" HPOS="1122"/>
<String CONTENT="City," HEIGHT="71" WIDTH="162" VPOS="3437" HPOS="1163"/>
<SP HEIGHT="70" WIDTH="38" VPOS="3438" HPOS="1326"/>
<String CONTENT="Mo.," HEIGHT="70" WIDTH="142" VPOS="3438" HPOS="1365"/>
<SP HEIGHT="68" WIDTH="40" VPOS="3440" HPOS="1508"/>
<String CONTENT="The" HEIGHT="56" WIDTH="129" VPOS="3439" HPOS="1549"/>
<SP HEIGHT="56" WIDTH="36" VPOS="3439" HPOS="1679"/>
<String CONTENT="Kansas" HEIGHT="57" WIDTH="256" VPOS="3439" HPOS="1716"/>
<SP HEIGHT="59" WIDTH="42" VPOS="3438" HPOS="1973"/>
<String CS="1" CONTENT="City" HEIGHT="59" WIDTH="101" VPOS="3438" HPOS="2016"/>
<SP HEIGHT="49" WIDTH="33" VPOS="3459" HPOS="2164"/>
<String CONTENT="quill" HEIGHT="68" WIDTH="152" VPOS="3440" HPOS="2198"/>
</TextLine>
<TextLine HEIGHT="73" WIDTH="354" VPOS="3521" HPOS="341" STYLEREFS="StyleId-7B82DE96-858A-4D30-8310-E305CEB95548-">
<String CONTENT="club" HEIGHT="57" WIDTH="137" VPOS="3521" HPOS="341"/>
<SP HEIGHT="73" WIDTH="33" VPOS="3521" HPOS="479"/>
<String CONTENT="[1925]" HEIGHT="73" WIDTH="182" VPOS="3521" HPOS="513"/>
</TextLine>
<TextLine HEIGHT="60" WIDTH="1290" VPOS="3590" HPOS="493" CS="1">
<String CS="1" CONTENT="11"/>
<SP/>
<String CONTENT="p." HEIGHT="37" WIDTH="39" VPOS="3612" HPOS="493"/>
<SP HEIGHT="42" WIDTH="31" VPOS="3597" HPOS="533"/>
<String CS="1" CONTENT="l.," HEIGHT="15" WIDTH="21" VPOS="3631" HPOS="584"/>
<SP HEIGHT="30" WIDTH="33" VPOS="3620" HPOS="606"/>
<String LANG="el" CS="1" CONTENT="[27]-" HEIGHT="57" WIDTH="66" VPOS="3593" HPOS="640"/>
<String CONTENT="313" HEIGHT="42" WIDTH="78" VPOS="3596" HPOS="756"/>
<SP/>
<String CS="1" CONTENT="p.,"/>
<SP/>
<String CS="1" CONTENT="1"/>
<SP/>
<String CS="1" CONTENT="l."/>
<SP HEIGHT="45" WIDTH="60" VPOS="3592" HPOS="1036"/>
<String CONTENT="illus." HEIGHT="44" WIDTH="116" VPOS="3592" HPOS="1097"/>
<SP HEIGHT="53" WIDTH="25" VPOS="3593" HPOS="1214"/>
<String CONTENT="(incl." HEIGHT="54" WIDTH="126" VPOS="3592" HPOS="1240"/>
<SP HEIGHT="38" WIDTH="29" VPOS="3606" HPOS="1367"/>
<String CONTENT="ports.)" HEIGHT="54" WIDTH="166" VPOS="3590" HPOS="1397"/>
<SP HEIGHT="54" WIDTH="70" VPOS="3590" HPOS="1564"/>
<String CS="1" CONTENT="18&#189;" HEIGHT="44" WIDTH="49" VPOS="3591" HPOS="1635"/>
<String STYLE="superscript" CONTENT="cm" HEIGHT="18" WIDTH="47" VPOS="3594" HPOS="1720"/>
<String CONTENT="." HEIGHT="8" WIDTH="9" VPOS="3627" HPOS="1774"/>
</TextLine>
<TextLine HEIGHT="60" WIDTH="2007" VPOS="3646" HPOS="341">
<String CONTENT="&#169;" HEIGHT="54" WIDTH="53" VPOS="3652" HPOS="341"/>
<SP HEIGHT="54" WIDTH="32" VPOS="3652" HPOS="395"/>
<String CONTENT="Dec." HEIGHT="42" WIDTH="108" VPOS="3655" HPOS="428"/>
<SP HEIGHT="42" WIDTH="36" VPOS="3654" HPOS="537"/>
<String CONTENT="18," HEIGHT="50" WIDTH="62" VPOS="3653" HPOS="574"/>
<SP HEIGHT="50" WIDTH="35" VPOS="3653" HPOS="637"/>
<String CONTENT="1925;" HEIGHT="52" WIDTH="130" VPOS="3650" HPOS="673"/>
<SP HEIGHT="51" WIDTH="32" VPOS="3651" HPOS="804"/>
<String CONTENT="2c." HEIGHT="43" WIDTH="65" VPOS="3651" HPOS="837"/>
<SP HEIGHT="28" WIDTH="33" VPOS="3666" HPOS="903"/>
<String CONTENT="and" HEIGHT="43" WIDTH="88" VPOS="3651" HPOS="937"/>
<SP HEIGHT="42" WIDTH="30" VPOS="3651" HPOS="1026"/>
<String CONTENT="aff." HEIGHT="43" WIDTH="79" VPOS="3650" HPOS="1057"/>
<SP HEIGHT="41" WIDTH="35" VPOS="3652" HPOS="1137"/>
<String CONTENT="Dec." HEIGHT="40" WIDTH="108" VPOS="3652" HPOS="1173"/>
<SP HEIGHT="43" WIDTH="29" VPOS="3649" HPOS="1282"/>
<String CONTENT="28;" HEIGHT="51" WIDTH="80" VPOS="3649" HPOS="1312"/>
<SP HEIGHT="51" WIDTH="34" VPOS="3649" HPOS="1393"/>
<!-- cceid 37107913-6DD5-1014-B757-AF09C522E301 --><String CONTENT="A" HEIGHT="42" WIDTH="44" VPOS="3649" HPOS="1428"/>
<SP HEIGHT="42" WIDTH="32" VPOS="3649" HPOS="1473"/>
<String CONTENT="879009;" HEIGHT="55" WIDTH="190" VPOS="3646" HPOS="1506"/>
<SP HEIGHT="53" WIDTH="35" VPOS="3648" HPOS="1697"/>
<String CONTENT="Kansas" HEIGHT="44" WIDTH="181" VPOS="3648" HPOS="1733"/>
<SP HEIGHT="45" WIDTH="36" VPOS="3647" HPOS="1915"/>
<String CONTENT="City" HEIGHT="54" WIDTH="104" VPOS="3647" HPOS="1952"/>
<SP HEIGHT="39" WIDTH="32" VPOS="3662" HPOS="2057"/>
<String CONTENT="quill" HEIGHT="52" WIDTH="109" VPOS="3648" HPOS="2090"/>
<SP HEIGHT="44" WIDTH="33" VPOS="3649" HPOS="2200"/>
<String CONTENT="club." HEIGHT="45" WIDTH="114" VPOS="3649" HPOS="2234"/>
</TextLine>
<TextLine HEIGHT="73" WIDTH="542" VPOS="3765" HPOS="341" STYLEREFS="StyleId-0319212C-73A7-4FB7-B71F-EE2D0632610A-">
<String CONTENT="Keefe," HEIGHT="72" WIDTH="216" VPOS="3766" HPOS="341"/>
<SP HEIGHT="73" WIDTH="36" VPOS="3765" HPOS="558"/>
<String CONTENT="Thomas." HEIGHT="58" WIDTH="288" VPOS="3765" HPOS="595"/>
</TextLine>
<TextLine HEIGHT="73" WIDTH="1928" VPOS="3855" HPOS="420" STYLEREFS="StyleId-7B82DE96-858A-4D30-8310-E305CEB95548-" CS="1">
<String CONTENT="Federal" HEIGHT="57" WIDTH="269" VPOS="3861" HPOS="420"/>
<SP HEIGHT="54" WIDTH="28" VPOS="3861" HPOS="690"/>
<String CONTENT="reserve" HEIGHT="38" WIDTH="253" VPOS="3878" HPOS="719"/>
<SP HEIGHT="38" WIDTH="28" VPOS="3877" HPOS="973"/>
<String CONTENT="magic," HEIGHT="72" WIDTH="223" VPOS="3856" HPOS="1002"/>
<SP HEIGHT="49" WIDTH="31" VPOS="3876" HPOS="1226"/>
<String CONTENT="copyright" HEIGHT="72" WIDTH="335" VPOS="3855" HPOS="1258"/>
<SP HEIGHT="56" WIDTH="33" VPOS="3857" HPOS="1594"/>
<String CS="1" CONTENT="&#8230;"/>
<SP HEIGHT="57" WIDTH="34" VPOS="3856" HPOS="1690"/>
<String CS="1" CONTENT="by"/>
<SP HEIGHT="56" WIDTH="32" VPOS="3857" HPOS="1808"/>
<String CONTENT="Thomas" HEIGHT="57" WIDTH="270" VPOS="3855" HPOS="1841"/>
<SP HEIGHT="57" WIDTH="31" VPOS="3855" HPOS="2112"/>
<String CONTENT="Keefe" HEIGHT="58" WIDTH="204" VPOS="3855" HPOS="2144"/>
</TextLine>
<TextLine HEIGHT="77" WIDTH="1539" VPOS="3933" HPOS="410" STYLEREFS="StyleId-7B82DE96-858A-4D30-8310-E305CEB95548-" CS="1">
<String CS="1" CONTENT="&#8230;"/>
<SP HEIGHT="58" WIDTH="72" VPOS="3939" HPOS="410"/>
<String CS="1" CONTENT="Rev." HEIGHT="37" WIDTH="56" VPOS="3956" HPOS="577"/>
<SP HEIGHT="37" WIDTH="32" VPOS="3956" HPOS="634"/>
<String CONTENT="ed." HEIGHT="56" WIDTH="90" VPOS="3937" HPOS="667"/>
<SP HEIGHT="42" WIDTH="76" VPOS="3968" HPOS="758"/>
<String CONTENT="[Staples," HEIGHT="75" WIDTH="290" VPOS="3935" HPOS="835"/>
<SP HEIGHT="74" WIDTH="30" VPOS="3934" HPOS="1126"/>
<String CONTENT="Minn.," HEIGHT="72" WIDTH="215" VPOS="3934" HPOS="1157"/>
<SP HEIGHT="71" WIDTH="33" VPOS="3935" HPOS="1373"/>
<String CONTENT="T." HEIGHT="54" WIDTH="66" VPOS="3935" HPOS="1407"/>
<SP HEIGHT="56" WIDTH="31" VPOS="3933" HPOS="1474"/>
<String CONTENT="Keefe]" HEIGHT="72" WIDTH="222" VPOS="3933" HPOS="1506"/>
<SP HEIGHT="65" WIDTH="31" VPOS="3940" HPOS="1729"/>
<String STYLE="superscript" CONTENT="c" HEIGHT="22" WIDTH="19" VPOS="3940" HPOS="1761"/>
<String CONTENT="1925." HEIGHT="56" WIDTH="165" VPOS="3933" HPOS="1784"/>
</TextLine>
</TextBlock>
</PrintSpace>
</Page>
</Layout>
</alto>