2533 4412
1042 4074 110 57 927

115 416 297 73 Gregory,
455 416 237 72 George
736 417 345 74 Craghead,
1124 421 189 56 1878-

194 508 223 58 Forms
454 508 107 56 for
593 508 295 72 Virginia
923 511 122 56 and
1079 510 183 58 West
1294 509 297 73 Virginia
1626 512 361 71 annotated,
118 511 1971 146 including

407 588 335 70 statutory,
783 606 280 38 common
1102 588 121 57 law
1263 589 124 56 and
1429 586 231 74 equity,
1703 588 410 74 commercial,

116 664 417 71 corporation,
570 665 123 56 and
728 663 284 59 criminal
1047 665 220 74 forms,
1302 666 83 71 by
1421 665 242 73 George
1704 664 64 60 C.
1808 665 303 74 Gregory,

192 787 11 10 LL.
275 790 9 9 B.
369 742 78 57 2d
476 743 112 71 ed.,
618 761 125 38 rev.
776 744 124 56 and
929 744 113 57 enl.
1074 744 83 71 by
1185 743 254 72 Manley
1467 745 69 55 P.
1570 742 316 74 Caldwell,
1995 790 10 11 LL.
2079 792 33 24 B.,

114 820 271 58 assisted
424 821 84 71 by
548 820 103 58 the
693 820 385 72 publisher’s
1123 822 293 58 editorial
1459 822 170 58 staff.
109 821 1977 150 Charlottesville,

305 899 137 73 Va.,
478 899 130 56 The
644 898 227 59 Michie
908 919 107 53 co.,
1052 901 164 57 1925.

180 991 127 53 xlvii,
333 991 106 45 1390
460 1006 40 38 p.
558 991 54 44 23½
648 994 47 18 cm
704 1028 6 6 .

113 1062 52 54 ©
190 1064 119 52 Aug.
335 1063 65 47 26,
432 1062 129 53 1925;
588 1065 65 41 2c.
680 1064 86 43 and
792 1064 78 43 aff.
898 1064 120 52 Aug.
1044 1064 80 52 28;
1153 1065 48 44 A
1225 1062 188 55 861587;
1445 1063 171 45 Michie
1643 1080 66 28 co.

191 1118 270 56 (25-16471)

107 1236 260 73 Gruyer,
410 1236 175 71 Paul,
628 1238 191 57 1868-

111 1324 1977 139 … Un mois en Bretagne; ouvrage illustr é de vingtneuf
295 1423 304 55 gravures
635 1408 62 55 et
729 1406 85 57 de
840 1404 138 73 cinq
1014 1407 222 55 cartes.
1311 1404 207 75 Paris,
1553 1405 309 59 Hachette
1902 1435 13 44 [
1917 1413 19 23 c
1939 1407 166 74 1925]

175 1496 1545 56 222, [2] p. illus. (maps) 23 pl. on 12 l. (incl. front.) 18 cm .
177 1569 418 54 “Bibliographic”:
633 1585 39 38 p.
711 1569 110 55 [221]

107 1639 1856 56 © June 15, 1925; 1c. July 15; A—Foreign 28201; Librairie Hachette.
186 1697 342 56 (25-15613).

106 1798 284 69 Herrick,
431 1797 249 71 Robert,
723 1798 189 58 1868-

105 1887 1976 152 Wanderings, by Robert Herrick … New York, Harcourt,
328 1968 199 57 Brace
559 1969 124 56 and
712 1985 307 54 company
1049 1994 13 44 [
1062 1975 21 21 c
1087 1965 164 77 1925]

173 2058 620 57 2 p. l., 3-317 p. 19½ cm .
434 2129 400 54 CONTENTS.—Magic.—The
869 2129 190 44 stations
1095 2128 52 45 of
1181 2128 77 45 the
1291 2127 298 46 cross.—The
1625 2128 296 45 adventurers
1955 2127 54 47 of
2045 2125 59 47 Ti

106 2187 336 47 Chatte.—The
475 2187 206 53 passions
715 2186 52 45 of
797 2185 217 54 Trotsky.

103 2258 55 54 ©
190 2261 120 51 Aug.
343 2259 66 50 20,
447 2256 129 53 1925;
612 2258 64 42 2c.
711 2257 119 52 Aug.
864 2257 78 51 24;
980 2256 79 43 aff.
1093 2256 120 52 Aug.
1247 2256 78 52 28;
1364 2256 44 42 A
1443 2252 188 55 861605;
1671 2255 248 52 Harcourt,
1957 2255 145 45 Brace

176 2317 85 43 and
300 2331 80 37 co.,
420 2314 84 44 inc.
573 2312 270 56 (25-16720)

102 2414 389 71 Hillebrand,
534 2411 243 59 Harold
819 2409 346 59 Newcomb.

176 2503 281 74 Writing
488 2503 104 57 the
630 2504 243 56 one-act
906 2502 182 71 play;
1125 2519 36 39 a
1195 2501 254 57 manual
1482 2500 107 58 for
1622 2501 354 74 beginners,
2011 2503 85 72 by

102 2578 1993 76 Harold Newcomb Hillebrand … New York, A. A. Knopf,
103 2664 165 56 1925.

178 2738 620 56 4 p. l., iii, 244 p. 19½ cm .
177 2796 352 54 Bibliography:
554 2810 41 38 p.
620 2795 206 44 233-239.

101 2853 52 54 ©
182 2855 120 52 Aug.
330 2854 67 50 21,
430 2850 129 54 1925;
590 2852 65 42 2c.
686 2851 86 42 and
801 2850 78 43 aff.
909 2850 120 52 Aug.
1059 2850 79 52 28;
1170 2850 44 42 A
1245 2847 189 54 861584;
1467 2848 165 45 Alfred
1662 2851 62 45 A.
1752 2850 172 54 Knopf,
1955 2851 84 45 inc.

179 2908 272 57 (25-16599)

100 3009 274 72 Hopper,
409 3009 153 55 Mrs.
597 3004 180 59 Edna
822 3002 359 75 (Wallace),
1203 3004 190 59 1874-

173 3099 110 71 My
309 3100 233 57 secrets
569 3097 67 58 of
659 3096 197 71 youth
881 3097 124 56 and
1027 3095 250 72 beauty,
1302 3095 84 74 by
1409 3095 185 58 Edna
1617 3095 278 59 Wallace
96 3097 1972 153 Hopper.
311 3174 289 75 Chicago,
629 3174 128 58 The
783 3174 208 72 Reilly
1014 3169 50 62 &
1085 3172 122 59 Lee
1236 3192 87 39 co.
1354 3203 13 44 [
1370 3180 20 24 c
1393 3173 168 74 1925]

169 3255 51 47 95
244 3271 40 38 p.
346 3256 150 48 front.,
520 3262 138 45 ports.
747 3251 26 45 17½
807 3256 47 18 cm
861 3288 8 8 .

99 3311 52 54 ©
177 3313 119 43 Mar.
321 3312 67 46 28,
417 3309 104 44 1925
538 3325 8 37 ;
574 3311 65 42 2c.
666 3310 86 42 and
778 3309 79 43 aff.
884 3309 120 51 Aug.
1030 3310 49 50 6;
1108 3309 44 42 A
1179 3307 190 53 864113;
1399 3307 150 54 Reilly
1576 3309 39 43 &
1640 3309 90 44 Lee
1756 3325 65 28 co.

177 3366 271 57 (25-16979)

98 3467 313 70 Howbert,
450 3464 237 74 Irving,
729 3466 190 57 1846-

175 3557 336 58 Memories
549 3555 66 58 of
654 3576 34 37 a
726 3555 265 57 lifetime
1029 3556 64 56 in
1129 3554 105 57 the
1272 3553 214 59 Pike’s
1524 3555 171 58 Peak
1734 3555 235 74 region,
2006 3557 85 72 by

97 3637 222 71 Irving
343 3634 318 58 Howbert.
726 3632 153 58 New
901 3632 174 58 York
1102 3634 123 56 and
1249 3632 280 73 London,
1557 3632 70 60 G.
1654 3634 71 57 P.
1752 3634 336 60 Putnam’s

100 3734 163 54 sons,
289 3714 166 56 1925.

173 3794 58 50 vi,
257 3794 82 44 298
364 3808 41 38 p.
466 3792 140 43 front.
665 3792 50 42 21
724 3793 47 18 cm
778 3825 9 8 .

173 3850 208 44 Includes
419 3846 174 46 several
630 3847 207 52 chapters
876 3847 120 43 from
1033 3846 76 45 the
1145 3844 200 46 author’s
1381 3846 101 46 The
1518 3846 189 46 Indians
1744 3848 53 46 of
1831 3847 76 46 the
1941 3847 152 48 Pike’s

105 3908 126 43 Peak
254 3907 169 52 region,
447 3904 236 52 published
708 3904 44 43 in
781 3903 118 44 1914.
961 3903 56 49 cf.
1044 3901 126 45 Pref.

98 3956 1970 115 © Aug. 17, 1925; 2c. Aug. 20; aff. Aug. 25; A 864309; I. Howbert, ℅ Putnam’s,
352 4018 118 44 New
496 4016 143 44 York.
708 4013 271 56 (25-16592)
