2533 4412
1312 4074 111 55 344

384 387 327 74 Wayman,
744 388 216 73 Agnes
993 388 295 60 Rebecca.

458 476 355 60 Education
841 479 275 73 through
1145 480 287 72 physical
1461 480 348 75 education,
1836 483 84 58 its
1952 485 435 72 organization

383 556 123 57 and
550 556 515 59 administration
1108 558 105 58 for
1257 559 155 72 girls
1458 561 124 56 and
1623 579 257 56 women,
1925 562 84 72 by
2051 563 215 72 Agnes
2311 565 74 57 R.

378 633 2008 77 Wayman … Philadelphia and New York, Lea & Febiger,
380 713 167 58 1925.

454 793 91 49 xiv,
579 791 164 45 17-356
769 808 40 37 p.
871 793 116 43 illus.
1015 793 198 54 (forms)
1249 794 168 52 diagrs.
1477 795 54 44 24
1539 797 46 18 cm
1592 831 9 8 .

457 848 330 47 “References”
805 864 9 30 :
843 865 41 39 p.
911 849 208 47 337-348.

383 918 53 55 ©
467 921 120 43 Mar.
617 921 67 50 24,
720 920 131 54 1925;
883 921 65 45 2c.
981 922 120 43 Mar.
1132 921 82 53 26;
1246 922 79 44 aff.
1360 923 119 43 Mar.
1512 922 79 54 27;
1625 924 44 42 A
1702 924 189 52 822633;
1928 925 92 48 Lea
2053 926 37 43 &
2122 924 207 54 Febiger.

462 976 244 56 (25-7803)

378 1076 334 74 Williams,
749 1077 202 59 Lewis
986 1077 71 59 R.

377 1166 1988 154 Chinook by the sea [by] Lewis R. Williams … [Portland, Ore.,
819 1247 262 57 Kilham
1137 1247 353 73 stationery
1545 1249 123 57 and
1721 1249 290 74 printing
2065 1269 324 55 company,

378 1334 18 22 c
399 1326 164 73 1924]

449 1403 558 55 5 p. l ., 136 p. 22½ cm .
380 1473 53 55 ©
466 1476 108 52 July
606 1474 68 53 26,
712 1475 106 44 1924;
877 1475 66 43 2c.
978 1475 87 43 and
1101 1475 78 43 aff.
1218 1475 120 44 Mar.
1373 1475 68 53 28,
1480 1474 133 53 1925;
1650 1476 44 42 A
1729 1474 190 54 823545;
1961 1476 49 43 L.
2048 1477 54 43 R.
2138 1475 245 54 Williams,

451 1533 271 53 Ridgefield,
756 1531 161 46 Wash.
987 1530 244 56 (25-7564)

375 1633 262 72 Wilson,
675 1632 215 75 Philip
924 1634 281 71 Duncan,
1243 1636 190 57 1886-

454 1726 342 57 Fractures
849 1726 125 57 and
1024 1725 439 71 dislocations;
1515 1724 360 58 immediate
1924 1728 458 70 management,

376 1804 361 70 after-care,
765 1804 126 57 and
916 1804 435 57 convalescent
1376 1805 344 56 treatment
1742 1802 155 58 with
1925 1802 236 72 special
377 1803 1984 137 reference

557 1885 63 55 to
657 1882 105 57 the
797 1881 441 58 conservation
1275 1882 124 57 and
1435 1880 385 59 restoration
1857 1881 67 57 of
1959 1880 305 73 function,
2301 1881 84 72 by

373 1957 2010 75 Philip D. Wilson … and William A. Cochrane … 978
371 2039 444 58 illustrations.
884 2038 446 72 Philadelphia
1359 2039 125 57 and
1511 2038 279 73 London,
1821 2038 60 59 J.
1913 2037 72 58 B.
2017 2037 367 73 Lippincott

373 2136 310 54 company
717 2149 14 44 [
732 2125 19 22 c
755 2118 166 74 1925]

441 2211 77 36 XV,
552 2195 82 46 789
667 2209 39 38 p.
769 2194 116 44 illus.
912 2195 128 53 (part
1073 2193 111 54 col.)
1250 2193 52 44 23½
1339 2196 47 17 cm
1393 2229 8 7 .

375 2264 53 55 ©
461 2267 100 51 Jan.
592 2264 66 52 27,
696 2264 130 53 1925;
860 2266 65 42 2c.
959 2265 87 43 and
1080 2265 80 43 aff.
1195 2265 120 42 Mar.
1352 2263 77 53 17;
1465 2265 44 42 A
1543 2264 188 52 823432;
1769 2264 40 53 J.
1847 2264 49 43 B.
1933 2264 260 53 Lippincott
2223 2279 65 28 co.

453 2321 246 57 (25-7051)

370 2422 385 73 Wohlfarth,
797 2420 176 60 Julia
1014 2419 216 59 Helen.

455 2517 309 72 Self-help
808 2516 287 58 methods
1144 2514 67 60 of
1257 2513 294 75 teaching
1594 2512 300 75 English;
1942 2531 39 39 a
2025 2512 188 76 guide
2259 2515 124 58 and

371 2596 129 74 ally
519 2596 108 58 for
646 2596 285 59 teachers
956 2595 68 59 of
1047 2595 385 71 elementary
1454 2592 286 74 English,
1764 2595 84 71 by
1869 2592 174 61 Julia
2066 2593 79 58 H.

370 2594 1988 234 Wohlfarth … Yonkers-on-Hudson, N. Y., World book company, 1925.
441 2833 92 52 viii,
562 2833 84 45 294
671 2848 41 38 p.
772 2831 118 46 illus.
950 2831 53 45 20
1011 2833 46 18 cm
1065 2868 7 7 .

444 2890 123 45 “For
594 2887 192 55 reading
813 2889 87 43 and
931 2887 160 53 study”
1120 2896 47 36 at
1194 2885 86 46 end
1309 2887 52 45 of
1387 2885 109 46 each
1525 2884 186 54 chapter
1739 2892 162 47 except
1929 2887 76 45 the
2032 2887 100 46 last.

371 2960 54 54 ©
456 2962 119 42 Mar.
610 2958 63 52 17,
708 2957 104 46 1925;
869 2958 65 43 2c.
966 2957 88 44 and
1084 2957 78 43 aff.
1197 2956 120 43 Mar.
1348 2955 53 44 23;
1462 2955 44 42 A
1537 2953 162 47 822541;
1761 2955 166 45 World
1960 2956 120 45 book
2110 2973 66 29 co.
450 3015 244 57 (25-7427)

367 3115 302 75 Woolley,
711 3116 241 71 George
994 3111 258 75 Ingalls,
1297 3114 190 57 1871-

447 3206 251 60 Outline
743 3206 67 58 of
852 3205 104 58 the
998 3206 120 56 law
1160 3204 68 57 of
1268 3205 221 70 trusts,
1529 3203 319 71 prepared
1893 3204 338 74 especially
2271 3207 105 57 for

370 3281 1935 76 students of New York law, by George Ingalls Woolley …
367 3365 107 58 4th
507 3366 91 56 ed.
681 3359 515 74 Brooklyn-New
1227 3359 191 71 York,
1451 3360 168 57 1925.

435 3445 25 43 3
486 3459 39 37 p.
570 3478 24 18 l.,
618 3442 54 45 94
696 3456 40 37 p.
796 3441 152 42 21½cm.

368 3501 54 54 ©
448 3503 120 42 Mar.
594 3501 39 49 2,
662 3497 103 45 1925;
819 3498 64 43 2c.
911 3498 119 42 Mar.
1057 3498 49 50 9;
1137 3495 78 44 aff.
1244 3495 119 43 Mar.
1388 3493 82 54 27;
1498 3495 44 42 A
1570 3493 164 45 822617;
1791 3493 52 46 G.
1872 3495 35 44 I.
1935 3496 227 53 Woolley,
438 3498 1910 114 Brooklyn.

592 3555 66 55 [©
692 3555 145 44 added
869 3561 179 45 matter]
1120 3549 244 57 (25-7424)

364 3658 288 72 Wyman,
689 3654 155 58 Levi
877 3652 258 72 Parker,
1173 3654 191 57 1873-

443 3740 1855 77 The Lakewood boys on the Lazy S, by L. P. Wyman …
362 3830 152 57 New
538 3826 191 72 York,
755 3825 76 56 A.
858 3824 68 56 L.
953 3823 163 56 Burt
1144 3838 305 54 company
1479 3850 11 43 [
1493 3828 20 23 c
1516 3821 164 71 1925]

439 3908 78 45 251
546 3923 39 38 p.
648 3907 135 42 front.
848 3905 147 42 19½cm.
1065 3901 117 52 (His
1207 3900 258 43 Lakewood
1491 3900 111 50 boys
1631 3899 165 44 series)

367 3965 54 54 ©
502 3981 62 28 Mar.
594 3964 62 43 18.
685 3960 104 45 1925;
841 3961 64 42 2c.
933 3959 87 43 and
1046 3958 78 43 aff.
1209 3972 63 28 Mar.
1299 3957 52 43 23;
1407 3957 44 42 A
1477 3955 166 44 822517;
1697 3957 56 43 A.
1782 3957 49 43 L.
1860 3958 114 44 Burt
2001 3973 64 29 co.

447 4020 242 42 (25-7830)
