2533 4412
1296 4094 110 55 572

416 528 126 53 xviii,
570 528 82 46 279
680 544 39 37 p.
780 531 25 40 21c
859 531 28 16 m
894 563 8 8 .

421 584 123 45 Text
570 601 57 28 on
657 587 83 42 end
768 585 316 52 lining-paper.

342 639 52 54 ©
428 642 112 52 May
568 642 40 50 2,
643 640 130 53 1925;
805 642 64 42 2c.
902 642 87 42 and
1020 641 79 43 aff.
1132 641 112 51 May
1275 640 50 53 8;
1359 640 44 42 A
1434 639 190 52 829340;
1658 638 232 45 Williams
1922 640 38 43 &
1989 638 201 45 Wilkins
2223 655 65 27 co.

421 697 272 55 (25-10085)

343 796 283 72 Jenkins,
668 796 259 58 Charles
966 795 281 73 Francis,
1288 798 189 56 1869-

419 890 225 59 Vision
675 892 83 71 by
789 889 198 75 radio,
1023 889 179 60 radio
1235 890 455 72 photographs,
1725 891 179 59 radio
1936 890 411 72 photograms

348 966 2003 78 [by] C. Francis Jenkins … [Washington, D. C., National
345 1048 235 72 capital
608 1065 200 53 press,
838 1048 136 70 inc.,
1003 1053 18 21 c
1027 1046 164 71 1925]

416 1124 1934 55 2 p. l., 3-139, [1] p. incl. illus., plates, ports., facsims., diagrs. front.
342 1186 52 43 22½
430 1186 48 18 cm

342 1236 53 53 ©
425 1239 111 50 May
569 1237 62 51 14,
665 1235 129 53 1925;
824 1237 65 42 2c.
918 1236 87 42 and
1033 1236 78 42 aff.
1144 1236 113 52 May
1289 1234 74 53 15;
1394 1234 43 43 A
1465 1233 191 54 855130;
1686 1236 189 52 Jenkins
1906 1236 313 52 laboratories,
2250 1236 98 52 inc.,

412 1294 320 52 Washington.
802 1290 272 56 (25-10280)

343 1381 209 71 Jones,
593 1378 390 73 Wellington
1019 1377 329 75 Downing.

343 1471 1982 138 An introduction to economic geography … v. 1. Natural
474 1552 436 56 environment
942 1569 68 38 as
1047 1551 244 56 related
1324 1554 63 53 to
1424 1550 310 57 economic
1769 1550 132 72 life,
1935 1551 83 71 by
342 1551 1984 136 Wellington

484 1630 74 56 D.
596 1630 196 57 Jones
831 1630 124 56 and
988 1629 300 56 Derwent
1325 1627 61 58 S.
1424 1628 396 72 Whittlesey.
1902 1627 291 74 Chicago,
2231 1630 116 72 Ill.,

344 1709 129 56 The
506 1707 373 71 University
910 1706 69 57 of
1012 1705 271 73 Chicago
1314 1725 184 52 press
1536 1737 13 44 [
1551 1714 18 21 c
1573 1708 164 73 1925]

411 1784 180 53 xxxvii,
618 1782 95 54 375,
745 1783 108 54 [129]
885 1797 39 38 p.
986 1783 155 52 plates,
1170 1798 140 37 maps,
1339 1784 166 52 diagrs.
1563 1784 51 42 23½c
1669 1785 30 17 m
1705 1818 9 9 .
1784 1783 290 55 (Half-title:
2109 1784 239 44 Materials

341 1842 75 43 for
446 1841 79 44 the
553 1842 133 51 study
715 1841 52 43 of
796 1840 232 54 business)

414 1896 239 54 Envelope
676 1895 272 54 containing
975 1895 127 54 eight
1129 1895 161 44 folded
1318 1910 130 38 maps
1475 1894 92 45 laid
1593 1896 43 42 in
1665 1896 89 43 vol.
1804 1931 8 8 I.

341 1953 54 54 ©
427 1956 111 51 May
572 1956 64 50 12,
670 1953 131 53 1925;
833 1955 66 42 2c.
933 1955 114 50 May
1075 1954 78 51 22;
1184 1955 81 42 aff.
1300 1954 111 52 May
1443 1955 78 50 23;
1555 1954 44 42 A
1632 1951 189 55 855348;
1857 1954 269 54 University
2157 1955 52 44 of
413 1954 1913 112 Chicago,
576 2011 214 54 Chicago.
860 2009 272 57 (25-10213)

343 2098 293 73 Keating,
673 2096 351 59 Micheline.

422 2190 212 70 Fame,
678 2191 85 69 by
805 2187 331 58 Micheline
1183 2187 296 73 Keating.
1563 2189 153 58 New
1760 2190 173 57 York
1979 2189 48 59 &
2070 2192 280 72 London,

346 2269 67 58 G.
445 2268 68 57 P.
545 2267 333 58 Putnam’s
911 2284 164 54 sons,
1105 2266 166 59 1925.

416 2344 723 53 1 p. l., iii p., 1 l., 128 p. 14cm.
344 2401 52 54 ©
432 2404 112 51 May
573 2404 69 51 20,
677 2402 130 51 1925;
839 2403 66 42 2c.
941 2403 112 51 May
1082 2403 80 51 22;
1199 2402 79 42 aff.
1314 2402 112 52 May
1458 2402 79 52 23;
1573 2403 44 42 A
1653 2402 189 53 829352;
1880 2404 66 43 M.
1981 2404 214 53 Keating,
2231 2405 118 44 New

415 2461 143 43 York.
630 2458 272 56 (25-10060)

344 2544 188 73 King,
568 2544 231 58 Alfred
830 2545 217 70 Grant,
1085 2547 189 55 1866-

420 2637 317 57 Practical
768 2640 215 69 steam,
1015 2636 110 57 hot
1153 2640 197 53 water
1381 2638 124 56 and
1532 2656 202 53 vapor
1761 2638 260 74 heating
2051 2641 124 58 and
343 2660 1981 127 ventilation;
671 2735 36 37 a
749 2716 264 55 modern

1053 2714 307 71 practical
1398 2715 172 57 work
1613 2735 79 38 on
1739 2720 217 69 steam,
1999 2718 110 59 hot
2151 2722 197 56 water

345 2795 123 56 and
496 2811 202 54 vapor
727 2792 262 73 heating
1016 2794 126 56 and
1168 2792 391 73 ventilation,
1589 2794 152 57 with
1772 2795 418 73 descriptions
2225 2800 124 56 and

345 2874 150 56 data
537 2892 80 39 on
654 2872 83 55 all
773 2871 325 56 materials
1140 2871 124 56 and
1303 2872 362 70 appliances
1704 2875 156 56 used
1898 2874 151 57 with
2087 2877 260 56 modern

340 2948 260 74 heating
654 2949 124 57 and
829 2947 375 59 ventilation
1261 2951 301 69 systems;
1618 2952 428 57 construction
2101 2953 245 74 details,

347 3026 1998 75 rules, tables, etc., by Alfred Gr. King … 5th rev. and enl.
345 3108 91 56 ed.
520 3106 238 70 Nearly
790 3104 147 57 four
967 3104 289 57 hundred
1288 3104 422 59 illustrations
1746 3106 281 74 showing
2055 3108 67 57 in
2155 3109 195 58 detail

348 3186 81 56 all
473 3184 68 58 of
580 3184 106 57 the
725 3183 258 57 various
1025 3181 260 73 heating
1327 3184 287 74 systems,
1657 3183 152 58 with
1850 3184 165 75 pipe,
2062 3187 286 59 radiator

346 3264 124 57 and
494 3263 201 57 boiler
720 3261 414 57 connections.
1201 3261 152 57 New
1376 3261 190 72 York,
1594 3262 130 57 The
1751 3263 281 58 Norman
2056 3264 95 58 W.
343 3265 1981 148 Henley

471 3339 365 73 publishing
865 3358 325 52 company,
1221 3339 165 56 1925.

428 3419 77 45 551
534 3435 40 37 p.
604 3418 99 44 incl.
732 3417 130 48 illus.,
890 3416 154 50 tables,
1073 3417 166 52 diagrs.
1301 3418 51 42 23½cm.

348 3475 52 54 ©
431 3477 111 50 May
569 3475 66 50 20,
667 3473 129 52 1925;
828 3475 64 41 2c.
922 3475 87 42 and
1037 3475 79 41 aff.
1148 3474 111 51 May
1286 3473 79 51 21;
1398 3473 44 42 A
1470 3471 191 67 855317;
1693 3475 212 43 Norman
1931 3477 74 44 W.
2036 3478 181 53 Henley
2247 3479 101 51 pub.

417 3547 65 29 co.
547 3529 66 55 [©
644 3530 177 44 revised
849 3531 87 42 and
964 3545 99 28 new
1092 3529 206 43 material
1327 3530 87 42 and
1445 3530 298 44 illustrations
1774 3533 159 52 added]

427 3585 272 58 (25-10170)

347 3676 234 67 Lester,
617 3671 280 59 Pauline.

426 3764 1925 74 Marjorie Dean’s romance, by Pauline Lester … New
347 3843 1149 73 York, A. L. Burt company [ c 1925]
419 3922 81 44 247
528 3937 39 38 p.
628 3921 138 44 front.
830 3921 145 42 19½cm.
1045 3920 129 50 (Her
1202 3920 228 50 Marjorie
1459 3921 128 42 Dean
1616 3923 344 50 post-graduate
1987 3925 165 53 series)

350 3979 52 54 ©
429 3981 112 51 May
563 3980 67 50 23,
661 3977 129 52 1925;
819 3978 63 42 2c.
910 3979 87 42 and
1022 3979 78 42 aff.
1129 3978 81 42 May
1266 3977 78 53 26;
1373 3978 44 42 A
1443 3978 190 53 829381;
1662 3979 57 44 A.
1749 3980 48 43 L.
1827 3981 114 43 Burt
1968 3996 66 29 co.

429 4034 271 58 (25-10149)
