2533 4412
1345 4057 113 55 324

819 470 1572 54 CONTENTS.—I . A photographic reproduction of the edition of 1594, with
385 545 57 28 an
467 528 308 45 introduction
799 530 58 51 by
883 528 167 47 Ernest
1076 530 117 51 Nys,
1218 529 88 44 and
1332 544 25 28 a
1383 527 76 45 list
1484 529 51 43 of
1561 537 281 35 errata.—II.
1869 529 45 43 A
1941 528 271 46 translation
2239 529 53 45 of
2319 530 75 43 the

385 593 99 38 text
511 589 58 51 by
598 586 189 46 Gordon
814 587 39 52 J.
885 585 159 54 Laing,
1072 586 112 44 with
1212 601 28 28 a
1267 584 274 45 translation
1565 586 83 53 (by
1678 584 53 48 E.
1762 586 62 43 H.
1854 586 192 53 Zeydel)
2071 586 50 43 of
2149 586 75 44 the

385 586 1985 102 introduction
593 645 57 51 by
678 643 167 47 Ernest
870 644 115 52 Nys,
1011 644 88 43 and
1123 658 58 28 an
1207 644 135 42 index
1367 642 51 44 of
1443 643 188 43 authors
1658 642 117 44 cited
1799 643 58 52 by
1884 643 204 43 Herbert
2114 642 48 44 F.
2191 643 201 53 Wright.

388 715 53 54 ©
466 716 108 44 Dec.
599 717 65 50 31,
691 716 130 52 1924;
846 716 63 43 2c.
935 715 108 43 each
1066 715 88 43 and
1177 715 79 43 aff.
1283 715 119 42 Mar.
1425 715 69 51 24,
1520 712 131 54 1925;
1679 714 43 42 A
1747 712 189 55 823530;
1965 712 223 56 Carnegie

458 714 1912 102 endowment
613 773 75 44 for
719 772 319 45 international
1070 786 147 38 peace.
1288 769 243 56 (25-7422)

387 874 246 72 Harris,
669 871 276 76 Stanley,
982 875 190 57 1896-

462 965 273 73 Playing’
785 965 105 58 the
944 983 210 54 game;
1208 965 170 56 from
1427 964 167 58 mine
1646 965 125 72 boy
1821 967 64 55 to
1939 983 321 55 manager,
2312 966 84 72 by

389 1041 2010 75 Stanley Harris … with an introduction by Clark Griffith
455 1120 1737 74 … New York, Frederick A. Stokes company, 1925.
457 1197 1147 55 xiv p., 1 l., 227 p. front., pl., ports. 19½ cm .
387 1269 56 54 ©
475 1271 118 42 Mar.
628 1270 62 51 14,
724 1267 130 54 1925;
883 1269 65 43 2c.
978 1269 87 42 and
1094 1268 79 43 aff.
1206 1269 120 42 Mar.
1361 1268 74 51 18;
1466 1269 43 42 A
1541 1267 190 53 822459;
1764 1266 248 46 Frederick
2042 1269 56 43 A.
2134 1267 164 47 Stokes
2328 1284 65 28 co.

469 1326 244 56 (25-7568)

387 1425 249 74 Jacobs,
668 1423 249 61 Michel.

443 1518 130 57 The
605 1518 189 71 study
821 1517 67 57 of
914 1517 185 72 color,
1126 1516 151 57 with
1303 1516 242 59 lessons
1574 1517 124 58 and
1724 1516 327 73 exercises,
2081 1519 316 72 arranged

384 1595 105 59 for
517 1595 382 58 instruction
931 1594 66 58 of
1028 1594 305 74 teachers,
1365 1594 242 74 artists,
1641 1596 287 58 students
1962 1596 124 58 and
2114 1600 280 69 parents,

385 1672 2011 76 by Michel Jacobs … Sixteen illustrations in full color,
385 1753 366 72 ninety-two
787 1752 66 56 in
889 1751 180 58 black
1106 1753 123 56 and
1262 1750 206 72 white,
1506 1753 124 56 and
1668 1751 341 73 eighty-six
2046 1753 211 58 charts
2293 1753 106 58 for

386 1829 1906 75 coloring. New York, D . Van Nostrand company, 1925.
466 1910 61 51 ix,
555 1909 77 45 115
658 1925 54 38 p.,
735 1908 53 45 87
833 1945 7 8 l.
903 1910 82 43 col.
1013 1909 151 52 front.,
1190 1908 131 51 illus.,
1347 1907 143 55 plates
1519 1909 127 53 (part
1668 1910 110 52 col.)
1814 1909 167 53 diagrs.
2041 1910 150 43 23½cm.
2279 1910 124 51 $3.00

392 1979 53 55 ©
471 1982 119 42 Mar.
619 1981 64 50 12,
711 1978 129 53 1925;
867 1980 64 43 2c.
957 1980 121 42 Mar.
1102 1978 78 53 28;
1207 1979 79 43 aff.
1315 1979 119 43 Mar.
1461 1979 77 52 30;
1566 1979 43 42 A
1634 1979 190 54 822662;
1855 1981 56 43 D.
1939 1981 106 43 Van
2070 1981 236 45 Nostrand
2331 1998 64 29 co.

472 2037 244 56 (25-7649)

391 2138 206 72 Kuist,
634 2137 281 58 Howard
948 2135 289 61 Tillman.

471 2228 1862 74 The pedagogy of St. Paul, by Howard Tillman Kuist …
393 2310 151 57 New
572 2308 192 70 York,
799 2306 243 72 George
1073 2307 80 56 H.
1188 2306 218 59 Horan
1437 2325 310 55 company
1779 2338 14 43 [
1795 2316 19 23 c
1819 2310 165 73 1925]

461 2385 84 45 xiii
572 2401 54 37 p.,
652 2386 24 43 3
720 2419 22 17 l.,
766 2384 168 44 21-169
960 2399 40 38 p.
1078 2384 160 51 front.,
1265 2384 159 54 plates,
1449 2383 172 55 diagrs.
1685 2387 51 44 19
1743 2388 47 18 cm
1796 2421 9 9 .
1920 2385 125 55 $1.75

464 2441 247 45 Published
736 2442 96 44 also
857 2456 49 28 as
932 2441 139 43 thesis
1098 2441 106 53 (PH.
1260 2444 35 51 D.)
1323 2442 117 44 New
1466 2443 132 43 York
1619 2443 267 54 university,
1915 2445 117 43 1924.

465 2498 358 54 Bibliography:
861 2513 40 38 p.
943 2497 201 46 151-161.

394 2556 53 54 ©
479 2559 119 41 Mar.
630 2557 66 51 20,
731 2554 131 54 1925;
892 2556 65 43 2c.
990 2557 119 42 Mar.
1140 2556 79 51 24;
1253 2556 79 44 aff.
1366 2557 120 43 Mar.
1518 2557 78 52 23;
1630 2558 43 42 A
1706 2558 190 53 823498;
1933 2559 179 54 George
2145 2562 61 43 H.
2240 2563 160 43 Doran

464 2630 65 29 co.
600 2612 244 57 (25-7590)

392 2715 137 72 Lee,
568 2713 280 61 Tolman.

471 2807 216 57 Funds
717 2806 123 57 and
867 2804 245 58 friends
1146 2806 98 71 [by]
1291 2806 263 57 Tolman
1582 2808 140 56 Lee.
1806 2809 152 57 New
1986 2811 188 75 York,
2205 2813 74 58 N.
2311 2814 92 72 Y.,

394 2886 130 56 The
556 2884 301 59 Womans
890 2902 182 53 press
1109 2912 13 44 [
1125 2892 20 21 c
1147 2885 164 72 1925]

468 2961 358 54 138 p. 19½ cm .
396 3019 54 54 ©
479 3019 106 45 Feb.
615 3019 67 50 26,
717 3018 130 52 1925;
877 3019 66 43 2c.
975 3019 120 43 Mar.
1124 3019 81 51 21;
1237 3019 78 43 aff.
1349 3019 120 43 Mar.
1505 3019 74 53 10;
1611 3020 43 42 A
1686 3020 190 53 823478;
1914 3023 125 44 Natl.
2071 3024 142 44 board
2244 3027 51 42 of
2325 3026 74 44 the

467 3077 55 44 Y.
552 3078 75 43 W.
659 3076 49 44 C.
740 3076 56 43 A.
827 3076 52 43 of
907 3075 76 44 the
1011 3076 59 43 U.
1105 3074 43 47 S.
1181 3076 71 51 A,
1283 3076 119 43 New
1431 3076 144 43 York.
1646 3076 243 56 (25-7265)

394 3176 305 70 Leonard,
739 3175 280 59 Howard
1108 3173 222 75 Chilson,
1371 3179 190 57 1871-

480 3269 1924 73 Spanish drill book, by Howard C. Leonard … New
397 3349 192 68 York,
620 3347 194 60 Globe
842 3347 160 58 book
1032 3365 307 54 company
1369 3377 13 43 [
1385 3356 17 20 c
1406 3348 166 72 1925]

500 3463 9 17 v,
539 3428 53 43 88
622 3443 41 36 p.
727 3427 51 44 19
783 3428 47 17 cm
837 3462 9 7 .

399 3481 53 54 ©
478 3484 118 42 Mar.
627 3482 63 50 11,
720 3479 130 54 1925;
877 3480 64 44 2c.
968 3480 87 43 and
1080 3480 79 43 aff.
1186 3480 120 43 Mar.
1336 3480 74 52 13;
1440 3480 43 42 A
1508 3481 191 53 822362;
1730 3483 143 45 Globe
1898 3484 121 45 book
2046 3502 64 29 co.

478 3537 244 57 (25-7775)

396 3638 263 71 Leroux,
703 3637 253 68 Gaston,
1002 3638 190 57 1868-

473 3725 1922 87 The dancing girl, by Gaston Leroux … London, J.
394 3806 195 72 Long,
617 3803 244 61 limited
893 3833 13 44 [
907 3812 18 21 c
930 3805 165 72 1925]

476 3883 357 53 317 p. 19½c m .
402 3936 1996 64 © 1c. Mar. 18, 1925; A ad int. 6753; pubd. Jan. 20; Macaulay co., New
471 3998 143 44 York.
683 3995 243 56 (25-7282)
