2533 4412
0 0 0 0 1292
355 412 267 71 Conrad,
663 411 255 73 Joseph.

430 504 246 71 Joseph
708 502 314 59 Conrad’s
1056 503 185 72 diary
1274 504 67 56 of
1370 503 100 58 his
1501 503 273 73 journey
1803 523 84 53 up
1920 505 103 57 the
2057 505 207 73 valley
2297 506 68 58 of

352 583 103 57 the
495 581 212 72 Congo
742 581 66 56 in
844 582 167 57 1890.

425 659 81 52 (In
540 660 116 41 Blue
689 661 140 40 Peter
860 659 260 52 magazine,
1154 659 111 52 Oct.,
1301 659 128 52 1925)

352 714 2013 55 © 1c. Oct. 30, 1925; A ad int. 7374; pubd. Oct. 1; Doubleday, Page & co.,
425 772 179 45 Garden
647 771 119 53 City,
806 772 59 43 N.
903 772 57 43 Y.

357 856 229 74 Curtis,
625 855 260 61 Charles
920 856 277 74 Pelham,
1231 858 81 74 jr.

431 949 295 73 Hunting
755 950 66 56 in
852 949 231 58 Africa
1111 950 165 57 East
1305 951 126 56 and
1462 950 199 71 West,
1694 950 83 72 by
1813 948 261 60 Charles
2108 950 70 56 P.
355 948 1991 152 Curtis,

485 1027 1883 74 jr., and Richard C. Curtis … Boston and New York,
353 1107 345 72 Houghton
732 1105 217 58 Mifflin
983 1125 325 54 company,
1343 1108 166 56 1925.

461 1220 10 18 x,
490 1186 79 43 281
595 1200 40 38 p.
698 1185 154 53 front.,
874 1186 158 53 plates,
1053 1193 156 45 ports.,
1230 1199 142 38 maps.
1432 1185 54 44 23
1494 1189 47 16 cm
1548 1221 8 5 .

695 1253 102 34 CONTENTS.—I.
829 1242 115 45 Lion
972 1245 87 42 and
1087 1243 175 44 buffalo
1294 1244 44 42 in
1371 1242 177 53 Kenya,
1580 1244 56 52 by
1668 1243 48 44 C.
1750 1244 50 43 P.
1834 1242 168 54 Curtis,
2032 1243 172 53 jr.—II.
2237 1243 132 45 Giant

355 1300 123 44 sable
503 1299 208 53 antelope
737 1302 44 42 in
805 1300 198 52 Angola,
1029 1302 57 51 by
1113 1301 54 43 R.
1195 1301 49 44 C.
1271 1299 167 45 Curtis.

352 1357 55 55 ©
439 1360 101 43 Oct.
569 1360 67 50 23,
669 1357 129 53 1925;
828 1358 65 44 2c.
925 1360 102 43 Oct.
1056 1358 78 52 26;
1167 1359 79 42 aff.
1280 1360 101 43 Oct.
1412 1359 77 51 30;
1521 1359 44 42 A
1594 1357 191 53 869884;
1821 1357 253 54 Houghton
2106 1355 165 47 Mifflin
2302 1375 64 27 co.

433 1415 272 57 (25-22048)

356 1502 263 72 Damon,
660 1502 256 59 Samuel
954 1502 241 58 Foster.

433 1594 61 57 A
533 1597 146 54 note
721 1613 79 38 on
840 1594 104 58 the
986 1594 332 72 discovery
1359 1595 68 56 of
1469 1614 39 37 a
1546 1614 137 38 new
1720 1613 164 55 page
1928 1596 68 56 of
2037 1598 229 70 poetry
2303 1596 65 57 in

355 1672 282 59 William
666 1672 259 58 Blake’s
957 1672 245 71 Milton,
1231 1674 82 70 by
1346 1672 61 58 S.
1440 1672 234 58 Foster
1701 1672 277 72 Damon;
2009 1672 360 60 illustrated

356 1752 83 71 by
472 1750 312 59 facsimile
820 1751 482 72 reproductions
1338 1752 169 55 from
1542 1751 104 57 the
1683 1751 272 73 original
1989 1751 65 57 in
2091 1751 104 58 the
359 1770 1986 117 possession

630 1830 67 56 of
724 1848 39 38 a
784 1830 277 56 member
1089 1830 68 56 of
1184 1829 103 57 the
1318 1827 156 60 Club
1502 1830 68 55 of
1597 1831 123 56 odd
1744 1830 299 57 volumes.
2109 1830 259 73 Boston,

358 1908 267 57 Printed
663 1907 104 57 for
806 1908 104 57 the
953 1906 156 60 Club
1149 1908 67 57 of
1257 1908 123 57 odd
1417 1907 301 72 volumes,
1761 1907 129 59 The
1933 1907 437 73 Merrymount

356 2004 202 56 press,
593 1986 167 58 1925.

428 2062 1163 54 3 p. l., 14 p. col. plates, col. facsim. 28½ cm .
430 2121 212 46 “Edition
672 2120 172 44 limited
872 2128 46 37 to
947 2135 84 29 one
1059 2120 205 44 hundred
1290 2120 90 44 and
1410 2120 104 52 fifty
1542 2118 192 54 copies.”

356 2176 53 54 ©
448 2177 121 53 Sept.
606 2178 39 52 8,
685 2177 130 52 1925;
851 2177 66 44 2c.
954 2179 86 42 and
1078 2177 78 44 aff.
1197 2176 121 53 Sept.
1354 2174 79 55 25;
1471 2177 44 42 A
1554 2175 164 45 864779;
1787 2175 114 46 Club
1938 2177 52 44 of
2027 2179 88 42 odd
2151 2178 218 53 volumes,

428 2236 186 43 Boston.
684 2232 271 56 (25-22410)

358 2320 216 73 Davis,
616 2319 226 59 Calvin
879 2319 161 72 Olin,
1081 2322 191 57 1871-

359 2412 1985 140 … Problems of the junior high school with special reference
608 2497 62 55 to
701 2491 632 73 junior-high-school
1364 2488 533 76 administration,
1929 2495 83 70 by
2042 2491 219 61 Calvin
2297 2493 67 59 O.

357 2569 2012 76 Davis … and E. E. Lewis … Bloomington, Ill., Public
360 2648 209 61 school
597 2647 366 75 publishing
993 2666 324 54 company,
1349 2655 17 21 c
1370 2648 167 57 1925.

428 2728 54 44 76
530 2765 7 7 l.
596 2727 53 46 27
657 2730 47 18 cm
711 2763 8 8 .
789 2725 330 54 (Educational
1146 2725 210 52 problem
1381 2727 153 50 series,
1561 2726 68 47 ed.
1656 2728 57 50 by
1743 2727 50 47 G.
1822 2728 66 43 M.
1917 2728 216 52 Whipple.
2207 2744 74 32 no.
2309 2729 51 53 8)

430 2784 206 47 Selected
664 2786 254 44 references
936 2800 8 29 :
975 2785 149 44 leaves
1153 2784 93 44 5-9.

358 2837 53 54 ©
440 2840 115 50 June
586 2840 33 45 1,
652 2837 130 53 1925;
813 2839 65 42 2c.
908 2839 102 43 Oct.
1037 2838 78 52 24;
1147 2837 78 43 aff.
1257 2837 102 44 Oct.
1388 2837 79 53 22;
1498 2837 44 42 A
1569 2836 191 53 873146;
1793 2838 161 43 Public
1985 2839 157 44 school
2171 2842 100 51 pub.
2302 2856 64 28 co.

437 2895 272 54 (25-21817)

359 2980 345 72 Dearborn,
742 2981 139 58 Ned
917 2980 306 72 Harland,
1263 2983 190 56 1893-

440 3072 128 57 The
602 3073 259 72 Oswego
893 3075 356 55 movement
1275 3073 65 56 in
1370 3072 338 58 American
1739 3073 348 72 education,
2120 3074 83 73 by
2233 3075 135 58 Ned

357 3150 2012 77 Harland Dearborn … New York city, Teachers college,
363 3230 326 59 Columbia
719 3231 374 73 university,
1128 3232 166 56 1925.

432 3309 61 51 ix,
544 3309 54 51 [3],
637 3308 78 43 189
750 3323 39 38 p.
852 3308 115 43 illus.
996 3309 166 53 (maps,
1200 3307 226 53 facsims.)
1470 3308 167 52 diagrs.
1697 3308 54 44 23
1759 3311 15 17 cm
1813 3343 8 8 .
1891 3308 253 53 (Teachers
2182 3309 188 53 college,

362 3364 238 45 Columbia
628 3364 263 53 university.
954 3364 343 45 Contributions
1327 3371 49 36 to
1402 3363 250 49 education,
1684 3379 70 29 no.
1791 3363 104 53 183)

433 3421 247 44 Published
708 3422 95 43 also
833 3436 49 28 as
911 3420 141 45 thesis
1090 3423 106 50 (PH.
1257 3420 36 53 D.)
1332 3419 236 45 Columbia
1597 3420 264 53 university,
1895 3419 118 46 1925.

431 3477 707 54 Bibliography: p . [109]- 118.
358 3533 52 54 ©
439 3535 120 52 Aug.
589 3535 37 51 4,
661 3534 129 53 1925;
821 3536 66 42 2c.
919 3536 86 42 and
1035 3535 78 43 aff.
1147 3533 121 54 Sept.
1304 3534 73 52 10;
1411 3533 43 43 A
1484 3532 165 46 867013;
1708 3532 228 45 Teachers
1967 3534 185 53 college,
427 3534 1919 101 Columbia
542 3591 262 53 university.
876 3590 271 55 (25-21815)

358 3677 92 57 De
487 3677 311 67 Casseres,
836 3676 353 73 Benjamin.

435 3768 272 61 Mirrors
737 3772 69 58 of
831 3770 154 59 New
1009 3770 191 73 York,
1228 3771 85 72 by
1338 3767 339 75 Benjamin
1703 3768 94 60 De
1827 3766 318 63 Casseres.
2215 3770 149 58 New

356 3849 819 72 York, J. Lawren [ c 1925]
425 3930 76 42 221
536 3942 41 34 p.
636 3928 55 43 24
698 3929 47 18 cm
754 3965 7 7 .

356 3979 53 54 ©
437 3983 119 41 Mar.
584 3980 35 47 5,
649 3980 130 52 1925;
808 3982 64 43 2c.
898 3982 88 45 and
1010 3982 78 46 aff,
1117 3982 102 45 Oct.
1250 3980 74 54 17;
1354 3981 44 43 A
1424 3978 191 53 872119;
1644 3978 51 44 B.
1723 3980 69 42 De
1824 3977 226 53 Casseres,
2079 3979 118 44 New
2224 3979 142 44 York.

436 4037 271 55 (25-21896)
