2533 4412
1283 4087 149 55 1208

426 518 28 42 2
481 533 41 27 V.
582 516 116 44 illus.
755 516 54 44 23
817 518 47 19 cm
870 551 10 10 .

427 571 123 47 Title
582 571 367 46 transliterated:
986 571 265 48 Shaharith.

356 629 56 54 ©
454 632 117 52 June
614 630 66 53 30,
728 629 131 53 1925;
904 631 64 42 2c.
1013 630 110 45 each
1165 629 107 53 July
1319 630 75 51 13;
1441 630 104 43 affs.
1589 630 107 54 July
1743 632 74 52 11;
1865 632 44 43 A
1953 631 179 53 862128,
2176 632 189 54 862129;

430 687 187 64 Reznik,
648 687 237 43 Menschei
914 687 38 44 &
978 702 79 36 co.,
1089 687 98 52 inc.,
1218 687 120 44 New
1365 687 143 43 York.
1578 687 274 54 (25-19856)

358 771 271 73 Ullman,
667 772 308 58 Berthold
1007 771 191 59 Louis,
1255 775 191 57 1882-

434 863 536 74 Supplementary
993 864 242 73 graded
1260 864 297 74 readings
1583 867 65 56 to
1674 885 385 55 accompany
355 866 1989 150 Elementary

530 941 1767 78 Latin, by B. L. Ullman … and Norman E. Henry …
353 1020 1495 77 New York, The Macmillan company [ c 1925]
422 1100 271 52 cover-title,
722 1100 52 44 45
805 1116 40 38 p.
934 1098 25 45 18½
995 1104 46 17 cm
1049 1136 8 8 .

356 1156 53 54 ©
436 1158 102 44 Oct.
565 1159 38 50 6,
633 1156 132 53 1925;
791 1158 65 42 2c.
884 1158 88 42 and
998 1158 79 43 aff.
1106 1157 102 44 Oct.
1235 1156 50 54 7;
1314 1157 44 43 A
1385 1156 190 54 869201;
1607 1157 270 45 Macmillan
1902 1173 67 29 co.

435 1213 272 55 (25-20162)

357 1299 427 72 Vermeersch,
820 1299 263 58 Arthur.

431 1391 325 75 Religious
803 1394 125 56 and
972 1392 449 58 ecclesiastical
1465 1391 310 73 vocation,
1819 1393 83 72 by
1947 1394 103 58 the
2097 1395 150 57 Rev.
2297 1395 75 57 A.

353 1471 2018 74 Vermeersch … translated from the Latin by Joseph G.
353 1549 2022 73 Kempf … St. Louis, Mo. and London, B. Herder book
353 1648 108 52 co.,
495 1630 167 57 1925.

423 1707 60 53 vi,
515 1708 55 44 90
600 1722 40 38 p.
705 1707 51 44 19
761 1708 47 18 cm
814 1741 10 10 .

426 1762 127 46 “The
581 1772 167 37 matter
775 1765 51 43 of
854 1762 78 45 the
960 1763 189 46 treatise
1178 1762 102 44 first
1311 1765 224 50 appeared
1564 1764 44 43 in
1639 1764 84 43 Dr.
1754 1763 343 45 Vermeersch’s
2129 1765 130 43 work
2290 1766 85 44 ‘De

356 1822 252 54 religiosis’,
655 1821 88 46 vol.
835 1856 9 18 II,
889 1820 142 53 suppl.
1077 1820 25 44 3
1156 1818 104 56 (4th
1304 1819 215 54 edition),
1565 1821 88 43 and
1699 1821 43 43 in
1788 1820 68 45 his
1905 1820 337 55 Commentary,
2290 1823 83 43 ‘De

355 1876 2019 58 religiosis et missionariis— supplementa et monumenta periodica’, vols. VI and
353 1951 83 30 VII.
498 1937 138 44 Later
668 1936 76 44 the
777 1942 166 37 matter
975 1949 95 29 was
1105 1933 220 54 gathered
1359 1935 87 42 and
1481 1933 288 53 republished
1805 1951 48 28 as
1889 1950 26 28 a
1949 1943 208 46 separate
2190 1936 184 46 booklet

354 1989 1967 60 under the title, ‘De vocatione religiosa et sacerdotali’ (Bayaert, Bruges) …
355 2054 112 43 This
500 2053 52 46 [is
582 2067 26 28 a]
652 2050 272 46 translation
951 2049 51 44 of
1028 2048 76 44 the
1135 2050 164 42 second
1329 2048 168 44 edition
1526 2048 53 45 of
1609 2049 88 44 this
1727 2050 225 44 booklet.”

354 2109 53 54 ©
440 2111 102 44 Oct.
575 2109 63 47 10,
673 2107 130 53 1925;
836 2107 65 43 2c.
932 2108 87 42 and
1049 2106 79 44 aff.
1162 2106 103 44 Oct.
1300 2105 73 52 12;
1407 2106 44 43 A
1482 2104 192 55 869365;
1711 2107 51 43 B.
1794 2108 184 44 Herder
2008 2108 120 45 book
2158 2125 67 28 co.

433 2165 273 57 (25-20424)

355 2253 212 70 Wells,
607 2252 273 58 Herbert
915 2251 259 73 George.

435 2343 251 60 Outline
722 2342 68 57 of
822 2341 268 72 history,
1172 2343 89 69 pt.
1300 2342 52 55 1.

353 2416 2011 58 © 1c. Oct. 7, 1925; A ad int. 7319; pubd. Oct. 1; H. G. Wells, Dunmow,
425 2478 161 51 Essex,
629 2475 224 54 England.

355 2561 347 70 Wetherill,
745 2560 265 59 Francis
1050 2558 306 73 Macomb,
1401 2561 191 58 1883-

430 2653 1867 75 Healing in the churches, by Francis M. Wetherill …
351 2732 2015 75 introduction by Rt. Rev. Ethelbert Talbot … New York,
356 2809 1718 77 Chicago [etc.] Fleming H. Revell company [ c 1925]
427 2891 79 46 159
532 2907 41 34 p.
638 2891 51 44 19½
723 2892 48 18 cm
776 2926 9 8 .

353 2944 53 54 ©
437 2947 116 51 June
581 2944 67 52 27,
681 2943 131 53 1925;
844 2943 64 43 2c.
940 2944 86 42 and
1057 2942 79 43 aff.
1169 2942 102 44 Oct.
1306 2942 74 51 14;
1413 2940 44 43 A
1489 2941 189 52 869430;
1714 2940 210 55 Fleming
1954 2942 62 44 H.
2049 2942 160 45 Revell
2241 2958 65 31 co.

432 3000 273 57 (25-20512)

354 3086 313 75 Winship,
707 3086 157 59 Glen
898 3084 214 58 Brion.

424 3179 299 71 Volonor,
758 3177 86 73 by
879 3175 156 60 Glen
1068 3175 72 57 B.
1176 3172 314 74 Winship.
1574 3173 153 58 New
1761 3173 192 74 York,
1991 3175 69 58 T.
2101 3175 258 75 Seltzer,

350 3259 169 57 1925.

416 3335 545 55 2 p. l., 313 p. 19½ cm .
417 3396 114 51 Map
556 3409 58 29 on
641 3394 346 51 lining-papers.

353 3450 53 54 ©
440 3450 120 53 Sept.
594 3451 63 50 14,
692 3447 130 54 1925;
853 3448 66 43 2c.
953 3446 121 53 Sept.
1104 3447 50 52 2;
1189 3446 79 44 aff.
1301 3446 102 44 Oct.
1437 3443 47 52 5;
1519 3445 44 43 A
1593 3443 192 54 864957;
1818 3444 203 46 Thomas
2056 3446 187 52 Seltzer,
2279 3449 82 44 inc.

432 3507 272 55 (25-20411)

353 3593 336 70 Woodson,
733 3591 222 57 Garter
995 3587 280 72 Godwin,
1319 3590 189 57 1875-
1667 3589 91 57 ed.

427 3685 213 72 Negro
675 3685 251 55 orators
961 3681 124 57 and
1117 3680 167 57 their
1315 3677 304 71 orations,
1652 3679 84 71 by
1770 3676 226 60 Carter
2032 3679 70 60 G.
354 3680 1987 143 Woodson

575 3755 1788 77 … Washington, D. C., The Associated publishers,
348 3841 364 74 inc. [ c 1925]
421 3922 49 42 xi
496 3935 54 38 p.,
584 3921 20 42 1
634 3917 40 52 1,
706 3915 77 46 711
814 3931 40 38 p.
914 3915 56 44 22½
1002 3915 49 19 cm
1057 3950 8 7 .

352 3977 53 54 ©
437 3978 102 44 Oct.
571 3977 39 51 8,
641 3974 131 51 1925;
804 3974 64 43 2c.
900 3972 87 44 and
1017 3971 78 45 aff.
1129 3971 102 44 Oct.
1265 3971 76 52 13;
1374 3970 43 42 A
1447 3968 190 53 869382;
1671 3968 272 46 Associated
1974 3969 269 54 publishers,
2274 3969 82 47 inc.

431 4031 273 58 (25-20434)
