2533 4412
0 0 0 0 1252
369 379 167 73 Rice,
581 381 215 58 James
840 381 234 73 Henry,
1119 384 191 57 1868-

448 471 245 58 Glories
722 471 66 57 of
816 471 105 58 the
950 470 298 60 Carolina
1277 476 192 68 coast,
1495 473 84 72 by
1604 474 219 59 James
1849 474 224 74 Henry
2098 475 167 74 Rice,
2293 476 79 73 jr.

437 548 1829 78 … Columbia, S. C., The R. L. Bryan company, 1925.
435 631 62 49 ix,
533 630 75 44 133
639 645 40 37 p.
740 628 82 45 col.
856 630 151 50 front.,
1040 631 154 52 plates.
1398 666 8 8 19½cm.

368 698 54 54 ©
450 701 101 43 Oct.
581 698 63 52 17,
674 697 130 54 1925;
830 700 64 43 2c.
922 700 87 43 and
1036 700 78 43 aff.
1144 701 101 43 Oct.
1278 701 73 51 19;
1381 701 42 41 A
1451 700 189 53 869610;
1673 702 52 43 R.
1754 702 48 43 L.
1834 702 152 43 Brvan
2013 717 65 29 co.
449 755 272 55 (25-21275)

370 855 413 75 Richardson,
823 857 218 58 Frank
1078 857 296 72 Howard,
1416 860 190 58 1882-

446 948 416 74 Simplifying
886 950 416 58 motherhood;
1359 950 189 74 being
1575 971 35 37 a
1634 951 334 59 handbook
1994 970 78 40 on
2099 953 103 57 the
2232 972 141 39 care

366 1027 2010 155 of the baby during the first year, by Frank Howard Richardson … containing a chapter on breast feeding, by Isaac
366 1183 2007 77 A. Abt … New York & London, G. P. Putnam’s sons,
365 1262 149 57 1925

441 1358 45 35 X,
517 1341 80 45 263
629 1356 40 39 p.
730 1341 117 44 illus.
911 1342 50 44 19½
996 1344 47 18 cm
1051 1379 7 8 .

436 1399 140 44 Form
613 1400 206 52 (Record
846 1399 51 45 of
924 1400 195 53 weight)
1157 1416 57 28 on
1244 1400 284 53 end-papers.

437 1456 330 54 Bibliography
785 1472 8 28 :
825 1472 38 38 p.
894 1456 205 46 242-247.

368 1512 53 54 ©
457 1515 101 43 Oct.
597 1515 60 49 16,
697 1513 129 52 1925;
862 1515 64 42 2c.
964 1515 101 43 Oct.
1099 1515 77 49 21;
1214 1515 79 42 aff.
1331 1515 102 43 Oct.
1465 1515 80 52 22;
1583 1515 44 42 A
1661 1514 191 54 872037;
1893 1515 49 44 F.
1979 1517 61 42 H.
2078 1515 298 53 Richardson,

439 1571 144 43 Black
615 1570 255 52 Mountain,
901 1572 58 41 N.
995 1569 48 45 C.
1114 1569 272 56 (25-21085)

370 1668 481 74 Rolt-Wheeler,
893 1668 265 58 Francis
1197 1669 300 73 William,
1541 1672 191 58 1876-

511 1759 1869 75 … The boy with the American Red cross, by Francis
365 1838 468 59 Rolt-Wheeler;
901 1838 152 58 with
1086 1839 378 74 forty-eight
1499 1839 426 60 illustrations
1960 1840 170 58 from
365 1840 1990 150 photographs.
705 1917 259 73 Boston,
998 1918 305 71 Lothrop,
1335 1917 124 58 Lee
1492 1916 48 60 &
1575 1917 290 73 Shepard
1900 1936 86 40 co.
2028 1947 13 44 [
2044 1928 17 20 c
2067 1920 164 73 1925]

436 1994 63 54 ix,
527 1995 82 46 297
636 2010 39 40 p.
737 1994 154 54 front.,
919 1994 156 55 plates,
1106 2004 139 45 ports.
1306 1994 54 46 20½
1395 1997 46 18 cm
1450 2031 7 8 .
1527 1995 117 55 (His
1673 1996 59 45 U.
1765 1996 44 47 S.
1839 1995 174 46 service
2041 1995 167 53 series)

367 2051 53 54 ©
450 2055 101 43 Oct.
581 2054 38 52 9,
650 2052 130 54 1925;
811 2054 64 42 2c.
909 2055 101 43 Oct.
1044 2053 73 52 17;
1150 2054 78 43 aff.
1260 2055 101 43 Oct.
1395 2054 74 52 19;
1502 2055 43 41 A
1575 2052 189 54 869587;
1798 2055 218 53 Lothrop,
2046 2055 89 43 Lee
2166 2055 37 44 &
437 2053 1916 101 Shepard
547 2126 65 28 co.
683 2109 273 56 (25-21071)

369 2209 242 74 Sadler,
651 2209 285 61 William
974 2210 271 73 Samuel,
1288 2213 190 57 1875-

367 2297 1980 154 Constipation, how to cure yourself, by William S. Sadler … Chicago, A. C. McClurg & co., 1925.
433 2457 63 51 xi,
526 2456 83 46 296
636 2472 39 38 p.
738 2456 129 51 illus.,
900 2473 57 37 pl.
1022 2458 49 44 19
1078 2459 47 18 cm
1132 2492 8 9 .
1256 2455 124 55 $2.00

366 2512 53 53 ©
449 2515 101 43 Oct.
578 2515 66 49 21,
677 2512 130 53 1925;
837 2514 64 43 2c.
932 2515 101 43 Oct.
1060 2514 79 51 24;
1170 2514 78 43 aff.
1281 2514 101 44 Oct.
1409 2514 80 51 23;
1520 2514 44 42 A
1593 2511 191 55 869735;
1816 2515 57 42 A.
1907 2513 48 45 C.
1989 2511 225 55 McClurg
2244 2514 37 44 &
2310 2528 64 29 co.

445 2568 271 57 (25-21382)

369 2669 273 74 Schultz,
679 2671 216 59 James
930 2669 291 73 Willard,
1260 2674 189 56 1859-

443 2758 301 74 Questers
773 2759 68 58 of
866 2760 105 58 the
998 2762 231 69 desert,
1255 2760 82 72 by
1365 2761 218 58 James
1612 2760 273 60 Willard
1914 2759 283 73 Schultz;
2227 2761 151 58 with

363 2837 423 59 illustrations
817 2838 85 72 by
932 2838 218 58 Frank
1182 2839 73 56 E.
1296 2838 415 59 Schoonover.
1794 2839 242 57 Boston
2071 2839 124 58 and
2227 2837 150 59 New

364 2915 190 72 York,
586 2916 344 73 Houghton
961 2916 217 57 Mifflin
1207 2935 326 53 company,
1565 2917 166 57 1925.

435 2993 1049 55 3 p. l ., 224, [1] p. front., plates. 19½ cm .
365 3049 54 54 ©
454 3052 100 43 Oct.
589 3052 66 52 30,
690 3050 130 53 1925;
855 3053 64 42 2c.
955 3052 119 43 Nov.
1108 3052 50 51 2;
1195 3051 78 43 aff.
1309 3053 102 43 Oct.
1445 3052 78 52 31;
1559 3052 44 42 A
1637 3050 189 54 872250;
1863 3053 39 52 J.
1937 3053 75 43 W.
2050 3050 199 52 Schultz,
2285 3051 88 43 Los

436 3108 213 53 Angeles.
720 3107 272 55 (25-21772)

369 3209 194 72 Scott,
600 3209 277 60 Wilfred
910 3210 284 73 Welday,
1232 3213 190 56 1876-
1581 3212 89 57 ed.

443 3298 323 60 Standard
804 3301 287 57 methods
1133 3302 67 56 of
1242 3300 296 58 chemical
1578 3299 312 74 analysis;
1933 3320 35 37 a
2007 3299 256 58 manual
2303 3298 66 58 of

362 3376 2006 228 analytical methods and general reference for the analytical chemist and for the advanced student, edited by Wilfred W. Scott … in collaboration with eminent specialists
432 3609 1934 76 … 4th ed., total issue, twelve thousand. New York,
362 3689 74 59 D.
465 3690 142 58 Van
635 3690 326 59 Nostrand
988 3710 324 53 company,
1340 3691 166 57 1925.

433 3766 1441 58 2 V. illus., III col. pl., tables, diagrs. 23½ cm . $12.00
436 3828 156 53 Paged
620 3828 330 54 continuously.

437 3883 218 46 Contains
683 3883 367 55 bibliographies.

367 3939 53 53 ©
451 3940 120 53 Sept.
595 3942 68 45 21,
693 3939 129 54 1925;
849 3941 65 43 2c.
941 3940 109 44 each
1079 3941 101 43 Oct.
1204 3940 80 52 24;
1313 3941 103 42 affs.
1447 3940 101 43 Oct.
1575 3940 77 44 23:
1683 3940 43 41 A
1754 3938 176 52 869728,
1960 3937 190 51 869729;
2183 3938 55 41 D.
2267 3936 103 42 Van

438 3998 234 43 Nostrand
701 4013 64 28 co.
836 3996 272 55 (25-21190)
