2533 4412
1075 4109 108 56 703

199 527 625 55 xxiv, 135-521 p. 24½ cm .
202 585 273 44 Loose-leaf.

130 640 55 53 ©
214 642 110 51 May
355 640 61 52 15,
450 639 127 54 1925;
605 642 66 43 2c.
698 643 87 42 and
811 642 78 43 aff.
917 643 115 51 June
1060 643 50 51 8;
1140 642 44 42 A
1212 640 190 53 829591;
1435 641 204 44 Baldwin
1669 641 87 44 law
1785 641 101 52 pub.
1916 656 65 29 co.

210 695 269 57 (25-11431)

134 781 260 59 Ovidius
432 782 184 72 Naso,
656 781 278 61 Publius.

207 860 128 58 The
380 860 539 72 Metamorphoses
964 860 68 58 of
1074 858 190 73 Ovid;
1312 859 326 60 selections
1683 858 290 74 required
2020 858 103 59 for

132 943 290 53 entrance
474 941 63 55 to
588 938 229 73 college
867 938 59 56 in
981 939 103 58 the
1134 957 186 53 years
1371 939 360 68 1926-1928,
1785 938 208 58 edited
2043 937 81 72 by

130 1015 70 60 G.
246 1015 68 58 L.
362 1015 338 73 Kittredge
747 1017 123 57 and
915 1016 323 57 Thornton
1285 1015 281 58 Jenkins.
1667 1014 258 72 Boston,
1972 1014 152 57 New

129 1093 172 58 York
331 1097 145 69 [etc.]
510 1093 162 59 Ginn
702 1094 124 57 and
855 1112 305 53 company
1192 1122 13 43 [
1207 1101 21 22 c
1230 1093 163 73 1925]

199 1171 77 49 xii,
307 1169 53 45 52
389 1185 38 39 p.
489 1170 152 53 front.,
670 1170 117 45 illus.
851 1171 50 43 19½
933 1172 48 18 cm
987 1206 8 8 .

131 1226 54 54 ©
210 1229 110 51 Apr.
346 1228 39 51 9,
414 1226 130 53 1925;
569 1228 65 42 2c.
662 1228 110 50 May
799 1228 76 51 22;
904 1228 78 42 aff.
1011 1227 111 52 May
1146 1228 78 51 21;
1255 1227 43 42 A
1325 1224 187 53 855322;
1544 1225 51 45 G.
1624 1227 49 42 L.
1699 1226 258 52 Kittredge,
201 1223 1899 114 Cambridge,

411 1273 155 62 Mass.)
605 1285 87 42 and
731 1282 238 45 Thornton
1009 1284 201 51 Jenkins,
1251 1283 197 49 Malden,
1491 1284 141 42 Mass.
1697 1280 65 55 [©
1804 1281 314 54 introduction,

200 1348 140 44 notes,
371 1339 289 53 vocabulary,
692 1340 87 42 and
811 1339 310 54 illustrations]
1193 1337 270 56 (25-11873)

130 1425 281 73 Roberts,
449 1424 276 60 Holland
757 1426 91 58 De
883 1424 212 74 Witte,
1135 1428 189 57 1895-

204 1504 334 58 American
569 1503 275 72 history;
877 1505 314 70 prepared
1224 1503 336 72 especially
1590 1504 106 57 for
1725 1504 101 57 the
129 1503 1971 137 instruction

292 1583 123 57 and
445 1582 281 73 training
757 1583 69 57 of
859 1583 284 57 students
1178 1584 67 56 of
1277 1580 102 59 the
1414 1581 335 59 American
1785 1580 225 72 school,
2044 1582 81 71 by

129 1659 1994 74 H. D. Roberts … and Helena M. Brownell … Chicago,
127 1737 336 59 American
494 1737 207 58 school
735 1767 12 43 [
747 1748 20 20 c
771 1739 164 72 1925]

202 1815 491 54 1 p. l ., 84 p. 21 cm .
130 1870 54 55 ©
209 1873 115 53 June
355 1873 35 47 1,
421 1872 129 53 1925;
578 1874 64 42 2c.
670 1873 115 52 June
815 1873 73 52 12;
920 1873 79 44 aff.
1026 1874 115 52 June
1173 1874 73 51 13;
1277 1874 44 42 A
1350 1871 188 55 857745;
1568 1873 248 44 American
1842 1873 169 44 school.

208 1927 270 56 (25-11276)

130 2013 303 70 Rosenau,
475 2013 297 74 William,
814 2015 189 59 1865-

205 2095 236 58 Jewish
488 2095 370 58 ceremonial
901 2093 395 60 institutions
1342 2097 124 56 and
1509 2100 292 65 customs,
1843 2096 84 71 by
128 2096 1968 135 William

327 2173 1793 71 Rosenau … 3d and rev. ed. New York, Bloch
129 2249 361 74 publishing
518 2268 319 54 company,
867 2250 136 72 inc.,
1033 2251 165 56 1925.

202 2328 48 45 190
308 2343 41 37 p.
409 2328 151 48 front.,
587 2329 155 50 plates,
774 2328 197 45 facsims.
1035 2329 51 45 19
1091 2330 47 18 cm
1143 2364 10 9 .

130 2381 55 54 ©
215 2383 111 52 May
359 2383 60 50 12,
456 2379 128 55 1925;
616 2381 65 43 2c.
711 2383 88 42 and
827 2383 78 42 aff.
938 2382 114 52 June
1081 2382 78 51 23;
1193 2381 44 42 A
1268 2379 189 54 855648;
1492 2382 74 43 W.
1601 2383 223 51 Rosenau,
1859 2381 261 45 Baltimore.

205 2436 65 55 [©
300 2439 275 43 corrections
605 2439 87 42 and
722 2437 137 53 slight
890 2437 263 44 alterations
1183 2438 88 42 and
1298 2438 225 43 additions
1556 2438 291 54 throughout]

210 2491 270 58 (25-11533)

133 2579 427 74 Schloemann,
600 2578 344 74 Friedrich,
984 2582 190 58 1871-

201 2658 129 57 Der
350 2657 424 72 fienenpastor
794 2677 123 38 von
940 2658 354 71 Herdecke;
1318 2659 112 58 das
1451 2659 340 57 volksbuch
1812 2679 122 38 von
1957 2661 167 58 alten

125 2735 1917 71 Rahlenbeck, von Friedrich Schloemann … Mit 16 bildern
128 2815 128 56 und
314 2813 171 58 einer
544 2813 584 57 uebersichtskarte.
1235 2813 316 59 Schwerin
1609 2813 39 57 i.
1710 2814 280 71 Mecklb.,
2050 2816 70 56 F.

129 2891 200 71 Bahn,
364 2892 164 55 1925.

203 2966 80 46 176
306 2983 40 38 p.
375 2968 70 44 incl.
505 2982 114 38 map.
679 2966 151 52 front.,
860 2967 155 54 plates,
1044 2974 139 46 ports.
1242 2967 54 44 20
1303 2970 47 17 cm
1356 3002 9 9 .

132 3021 54 55 ©
214 3025 107 43 Dec.
349 3026 68 50 23,
449 3024 127 52 1924;
634 3041 35 27 1c.
700 3025 118 43 Mar.
851 3025 63 51 19,
946 3023 130 53 1925;
1107 3023 299 54 A—Foreign
1435 3023 161 53 27410;
1628 3023 236 46 Friedrich
1896 3026 141 43 Bahn.

210 3079 269 55 (25-10989)

134 3165 271 75 Sharlip,
440 3164 297 61 William.

205 3244 197 58 Adult
455 3243 362 73 immigrant
873 3244 358 71 education;
1284 3243 84 57 its
1425 3262 201 53 scope,
1680 3249 266 67 content,
2001 3247 123 57 and

129 3321 1925 72 methods, by William Sharlip … and Albert A. Owens …
130 3398 1992 73 with an introduction by A. Duncan Yocum … New York,
132 3477 128 58 The
294 3477 355 57 Macmillan
681 3495 324 53 company,
1040 3477 165 57 1925.

199 3552 704 54 xviii p., 1 l., 317 p. 19½ cm .
204 3610 233 46 “Selected
465 3610 282 44 references”
778 3619 45 35 at
852 3612 84 43 end
964 3610 50 44 of
1042 3611 109 43 each
1179 3610 195 52 chapter.

134 3666 52 54 ©
211 3669 118 51 June
350 3668 66 48 23,
447 3666 130 53 1925;
605 3668 64 42 2c.
695 3669 87 42 and
808 3668 78 42 aff.
912 3668 116 51 June
1052 3666 78 52 25;
1159 3668 41 41 A
1228 3664 189 54 855655;
1447 3666 266 44 Macmillan
1742 3683 65 28 co.

212 3721 268 57 (25-11604)

136 3794 314 67 Sherlock,
493 3795 169 57 John
701 3796 253 72 Joseph,
999 3797 188 56 1870-
1344 3814 193 53 comp.

275 3870 1847 73 … J. J. Sherlock’s business-building letters, compiled
131 3949 1989 71 by J. J. Sherlock … Hollywood, Calif., Press of the
131 4025 370 74 Hollywood
534 4027 237 74 citizen,
808 4039 16 21 c
828 4030 164 54 1925.
