2533 4412
1295 4010 149 59 1680

364 342 246 74 Strack,
651 342 210 58 Lilian
898 342 274 59 Holmes.

440 438 318 57 Platform
791 435 316 74 readings,
1136 439 85 71 by
1252 438 208 58 Lilian
1491 439 259 61 Holmes
1787 440 242 59 Strack.
2110 443 256 72 Boston,

361 514 247 59 Walter
634 514 79 60 H.
742 514 209 58 Baker
980 534 324 53 company,
1334 515 167 58 1925.

434 591 78 47 137
542 607 41 36 p.
648 593 51 45 19
704 595 48 18 cm
757 628 10 9 .

364 645 54 54 ©
444 648 108 42 Dec.
581 647 68 51 21,
679 644 131 54 1925;
840 646 65 45 2c.
935 647 108 44 Dec.
1069 647 81 52 23;
1178 647 80 44 aff.
1285 648 109 44 Dec.
1422 648 79 53 28;
1530 648 46 43 A
1603 647 191 55 872995;
1824 650 180 44 Walter
2033 652 61 42 H.
2126 651 150 44 Baker
2304 667 66 28 co.

443 703 214 55 (26-646)

367 801 279 75 [Terrail,
681 800 272 78 Gabriel]

439 895 127 58 Des
615 895 293 73 énigmes,
998 898 41 71 [t.
1107 898 50 71 1]
1208 895 175 58 Mort
1426 896 75 58 de
1551 895 297 75 Syveton,
1897 917 119 53 par
2067 899 307 59 Mermeix

380 975 237 72 [pseud.]
688 972 208 74 Paris,
927 972 300 59 Arthème
1260 974 258 71 Fayard
1548 973 49 57 &
1625 994 106 54 co.,
1765 976 166 56 1925.

433 1049 361 54 320 p. 18½ cm .
364 1105 1922 57 © June 1, 1925; 1c. July 2; A—Foreign 28090; Arthème Fayard & co.
361 1204 214 75 Wells,
615 1205 274 59 Herbert
924 1206 259 73 George,
1225 1208 190 56 1866-

513 1299 1859 77 … La guerra de los mundos, traducción de Miguel
367 1377 1325 75 Paredes. Barcelona, B. Bauza [ c 1925]
434 1456 1278 55 206 p., 1 l. 19 ½ cm . (His Obras completas. [5])
437 1514 272 48 “Coleccion
741 1514 160 48 ideal.”

363 1569 1895 55 © June 26, 1925; 1c. Oct. 21; A—Foreign 28866; Bartolomé Bauzá.
444 1626 245 57 (26-5314)

364 1726 215 73 Zerbe,
620 1725 197 60 Alvin
856 1726 341 74 Sylvester,
1241 1729 191 57 1847-

444 1817 425 74 Christianity
894 1823 124 57 and
1043 1818 165 58 false
1236 1817 460 73 evolutionism,
1721 1820 85 71 by
1829 1819 193 58 Alvin
2052 1819 326 74 Sylvester

364 1895 2011 77 Zerbe … Cleveland, O., Central publishing house [ c 1925]
433 1991 79 36 XX,
548 1976 79 43 321
664 1989 40 38 p.
763 1975 27 42 21½
854 1977 15 18 cm

364 2032 54 55 ©
441 2033 107 54 July
572 2032 39 54 7,
637 2032 132 54 1925;
793 2033 67 45 2c.
884 2032 120 54 Aug.
1033 2033 75 52 10;
1133 2032 78 44 aff.
1237 2032 107 54 July
1368 2032 79 54 22;
1474 2033 43 43 A
1542 2032 188 54 864232;
1757 2033 57 45 A.
1843 2032 45 49 S.
1914 2034 158 53 Zerbe,
2101 2034 195 53 Dayton,
2318 2034 55 46 O.

441 2089 273 57 (25-16110)

365 2190 327 72 Zoethout,
726 2189 286 60 William
1042 2190 285 72 Douwes,
1363 2193 190 56 1871-

445 2282 1862 73 A textbook of physiology, by William D. Zoethout …
367 2363 79 57 2d
479 2362 94 57 ed.
649 2360 90 59 St.
774 2360 212 73 Louis,
1023 2360 130 58 The
1190 2359 65 60 C.
1288 2360 76 58 V.
1401 2360 227 73 Mosby
1661 2379 325 55 company,
2022 2362 167 57 1925.

435 2438 81 46 616
546 2452 39 38 p.
648 2437 131 52 illus.,
810 2437 168 54 diagrs.
1037 2437 56 44 22½
1126 2440 48 18 cm
1180 2473 10 9 .

364 2493 54 54 ©
451 2496 101 44 Oct.
584 2496 68 51 31,
689 2494 129 53 1925;
852 2494 65 44 2c.
951 2495 120 43 Nov.
1102 2493 50 54 6;
1186 2495 79 43 aff.
1299 2494 121 44 Nov.
1456 2494 48 53 5;
1540 2495 44 43 A
1616 2494 190 53 872344;
1843 2493 48 46 C.
1926 2495 59 44 V.
2021 2495 167 53 Mosby
2222 2510 65 29 co.

443 2551 271 55 (25-22642)

364 2645 173 72 Zola,
572 2634 218 82 Émile,
827 2646 361 59 1840-1902.

443 2745 344 72 L’attaque
839 2745 83 57 du
974 2744 256 72 moulin,
1283 2763 124 54 par
1460 2732 204 69 Émile
1721 2744 180 71 Zola;
1960 2743 211 60 edited
2225 2745 150 57 with

365 2821 471 74 questionnaire
891 2822 124 57 and
1069 2822 305 71 complete
1428 2821 359 58 all-French
1839 2820 401 74 vocabulary,
2294 2822 82 72 by

365 2898 2012 70 H. B. Richardson … New York, H. Holt and company
444 2979 111 56 [c1925]

434 3054 58 52 iv,
526 3055 78 43 130
632 3068 39 38 p.
734 3052 52 46 17½
838 3057 30 18 m
874 3089 9 9 .

364 3109 54 54 ©
446 3112 111 43 Dec.
586 3111 68 52 22,
687 3111 104 44 1925;
848 3111 65 44 2c.
944 3112 108 43 Dec.
1081 3112 53 43 29;
1191 3112 79 43 aff.
1304 3112 108 43 Dec.
1442 3112 53 43 30;
1552 3111 44 43 A
1625 3110 165 45 879039;
1849 3111 161 52 Henry
2042 3111 116 44 Holt
2190 3111 88 43 and
2306 3126 67 28 co.

443 3167 215 56 (26-750)

365 3253 262 72 Zucker,
663 3253 202 57 Adolf
898 3253 278 72 Eduard,
1215 3256 191 57 1890-

366 3344 1982 152 The Chinese theater, by A. E. Zucker … Boston, Little,
495 3423 251 71 Brown,
773 3425 126 58 and
926 3442 326 54 company,
1281 3425 168 57 1925.

434 3498 1769 54 xvi, 234 p. col. mounted front., plates (3 col. mounted) 24 ½cm .
435 3556 101 45 The
562 3557 296 51 frontispiece
881 3560 87 43 and
993 3559 128 45 three
1145 3560 188 43 colored
1356 3559 144 50 plates
1527 3573 79 31 are
1629 3556 230 53 paintings
1883 3574 59 29 on
1969 3555 89 48 silk
2082 3559 58 49 by
2165 3556 207 45 students

366 3613 53 44 of
442 3613 75 45 the
544 3611 178 52 Peking
747 3614 160 44 school
933 3614 53 46 of
1007 3613 89 47 fine
1121 3621 110 39 arts.

437 3669 176 47 “Seven
636 3669 212 45 hundred
872 3672 89 43 and
985 3669 108 53 fifty
1120 3668 153 53 copies
1297 3671 52 45 of
1371 3667 103 47 The
1498 3669 193 47 Chinese
1716 3671 177 45 theater
1913 3670 118 45 have
2056 3671 111 44 been
2191 3669 180 53 printed

369 3726 120 43 from
517 3733 105 42 type
652 3728 92 42 and
772 3727 76 44 the
877 3733 107 43 type
1012 3724 290 46 distributed.
1363 3725 69 46 Of
1462 3727 90 46 this
1582 3727 176 45 limited
1787 3724 184 53 edition,
2001 3741 133 31 seven
2164 3726 207 45 hundred

366 3783 89 43 and
489 3788 171 44 twenty
695 3782 152 50 copies
881 3799 80 30 are
996 3782 78 44 for
1107 3782 134 46 sale.”
1300 3783 115 44 This
1448 3798 115 36 copy
1597 3792 81 37 not
1710 3783 264 45 numbered.

438 3835 357 53 Bibliography:
825 3852 41 36 p.
896 3836 196 47 223-229

366 3889 52 54 ©
450 3892 119 43 Nov.
601 3891 37 51 4,
674 3890 131 53 1925;
837 3892 65 43 2c.
935 3893 88 43 and
1053 3893 79 45 aff.
1164 3893 120 45 Nov.
1320 3893 73 51 10;
1427 3892 44 43 A
1503 3891 192 54 872388;
1730 3892 152 51 Little,
1915 3894 180 52 Brown,
2130 3895 87 43 and
437 3909 1912 99 company.
638 3947 270 59 (25-23016)
