2533 4412
1072 4086 109 55 613

121 552 1969 154 of solution. Copyright … by Albert S. Hovey … Helena, Mont., A. S. Hovey, c 1925.
190 711 64 52 95,
288 714 51 45 [1]
373 726 39 38 p.
442 711 99 43 incl.
572 709 154 54 tables,
757 710 167 52 diagrs.
987 710 48 43 18
1043 711 48 17 cm
1096 743 9 9 .

120 767 53 54 ©
198 770 112 51 May
329 769 67 51 29,
423 767 129 52 1925;
577 768 65 42 2c.
666 767 87 43 and
776 767 78 43 aff.
880 767 114 51 June
1019 764 48 52 6;
1095 766 44 41 A
1164 763 188 54 829566;
1380 764 57 43 A.
1466 763 44 46 S.
1537 764 178 53 Hovey,
1743 764 194 52 Helena,
1963 765 146 41 Mont.

193 823 66 57 [©
290 839 134 39 pages
455 824 137 42 21-42
624 823 227 52 inclusive,
884 822 137 44 69-88
1053 822 228 52 inclusive]
1352 820 270 56 (25-10835)

120 910 198 72 Illick,
364 910 239 72 Joseph
643 907 231 73 Simon,
918 911 191 56 1884-

200 999 296 59 Common
541 1001 166 55 trees
757 998 67 57 of
873 997 485 72 Pennsylvania,
1405 997 136 57 how
1589 1000 62 54 to
1702 997 178 57 know
1929 997 183 71 them,

117 1074 1998 74 where to see them, by Joseph S. Illick … A handy pocket
120 1156 253 56 manual
416 1156 68 56 of
527 1155 103 56 the
675 1171 278 40 common
997 1154 209 56 native
1254 1153 125 57 and
1419 1151 369 59 introduced
1833 1156 167 54 trees
2048 1151 67 59 of

119 1229 1972 153 Pennsylvania … Altoona, Pa., The Times tribune company, c 1925.
194 1389 79 42 112
304 1402 38 38 p.
403 1387 131 53 illus.
577 1387 55 42 22½c
682 1388 30 18 m
718 1421 9 9 .

121 1443 53 59 ©
201 1445 111 53 Apr.
337 1443 66 54 25,
436 1442 128 53 1925;
593 1444 65 43 2c.
686 1444 87 43 and
800 1444 79 43 aff.
907 1444 115 52 June
1047 1444 50 52 2;
1128 1445 44 42 A
1200 1441 189 55 855451;
1421 1443 40 53 J.
1494 1440 44 49 S.
1569 1441 144 53 Illick,
1744 1442 118 45 New
191 1440 1900 114 Cumberland,
339 1503 78 42 Pa.
486 1500 270 55 (25-10732)

123 1587 334 73 Kleppner,
496 1586 163 59 Otto.

199 1664 1911 75 Advertising procedure, by Otto Kleppner … New
122 1744 188 74 York,
341 1742 484 72 Prentice-Hall,
856 1743 134 71 inc.,
1022 1743 165 56 1925.

191 1819 1654 54 3 p. l., ix-xvi, 539 p. front., illus. (incl. forms) fold. tab. 23½cm.
193 1878 233 51 “Reading
450 1876 285 52 suggestions
761 1878 87 43 and
872 1874 345 53 bibliography”:
1274 1889 41 37 p.
1361 1875 221 48 [505]-519.

120 1930 56 54 ©
206 1933 111 51 May
348 1930 61 53 15,
443 1931 128 52 1925;
601 1932 64 42 2c.
695 1931 86 42 and
811 1931 79 42 aff.
921 1931 115 51 June
1064 1931 49 51 3;
1146 1931 44 41 A
1217 1928 190 54 829520;
1441 1929 362 53 Prentice-Hall,
1834 1930 83 43 inc.

201 1986 269 57 (25-10645)

124 2073 99 75 [Le
260 2074 186 71 Page,
484 2072 163 75 Rita]

199 2152 199 71 Fairy
421 2152 155 71 love,
607 2153 124 55 and
759 2151 181 57 other
964 2169 234 56 poems,
1225 2151 83 71 by
1336 2151 169 57 John
1533 2150 295 58 Valmore
1863 2152 215 73 [pseud.]

123 2230 255 72 Boston,
413 2229 211 71 Mass.,
660 2229 128 57 The
825 2229 330 57 Stratford
1189 2246 307 54 company
1530 2259 14 43 [
1544 2236 20 22 c
1568 2230 164 73 1925]

193 2307 24 42 3
244 2321 40 38 p.
312 2306 40 51 1,
381 2306 55 44 68
462 2321 41 37 p.
566 2307 50 43 19
624 2307 46 18 cm
676 2340 8 8 .

124 2361 52 53 ©
207 2364 111 51 May
346 2363 66 50 21,
446 2361 128 53 1925;
605 2363 65 42 2c.
701 2363 112 51 May
839 2361 78 52 25;
949 2362 79 43 aff.
1059 2363 116 51 June
1205 2361 48 52 5;
1286 2363 44 41 A
1360 2361 189 53 829588;
1586 2362 234 46 Stratford
1850 2378 67 28 co.

202 2418 270 55 (25-10873)

125 2503 402 73 Longfellow,
570 2503 218 72 Henry
825 2500 416 69 Wadsworth,
1284 2503 357 57 1807-1882.

202 2580 450 73 Longfellow’s
707 2579 288 72 boyhood
1049 2597 235 54 poems,
1343 2598 37 38 a
1434 2597 204 54 paper
1690 2580 84 72 by
1831 2580 103 58 the
1992 2582 125 56 late

128 2657 1991 74 George Thomas Little, LITT . D .; together with the text of
125 2735 274 58 hitherto
425 2736 382 56 uncollected
835 2736 175 71 early
1032 2754 214 52 poems
1276 2737 122 56 and
1424 2736 459 73 bibliography,
1911 2736 207 59 edited

126 2813 1989 74 by Ray W. Pettengill … Saratoga Springs, N. Y., R. W.
126 2891 356 73 Pettengill,
516 2892 164 56 1925.

197 2969 58 51 vi,
279 2969 53 44 62
352 2984 42 38 p.
451 2969 56 43 22
513 2972 14 18 cm.

200 3024 138 45 “This
363 3026 99 43 first
485 3024 169 45 edition
679 3026 34 43 is
740 3024 173 45 limited
937 3031 48 39 to
1011 3026 87 43 five
1121 3026 204 43 hundred
1350 3026 189 52 copies.”

127 3081 53 54 ©
209 3085 113 50 May
347 3082 66 53 25,
447 3081 104 45 1925;
605 3083 65 42 2c.
701 3083 87 43 and
816 3083 79 43 aff.
926 3083 118 51 June
1074 3084 18 41 1;
1153 3084 43 42 A
1228 3083 164 43 829494;
1451 3084 101 51 Ray
1580 3084 76 43 W.
1690 3082 256 54 Pettengill,
197 3083 1897 109 Saratoga
338 3139 203 52 Springs,
574 3139 59 43 N.
666 3139 56 42 Y.
791 3138 271 55 (25-10674)

130 3224 366 73 McDougal,
535 3224 201 72 Mary.

197 3301 389 73 Wandering
607 3300 146 59 fires;
808 3320 233 52 poems,
1064 3303 82 70 by
1168 3305 187 68 Mary
1375 3303 123 56 and
1520 3301 207 58 Violet
1752 3303 365 73 McDougal.

127 3381 256 71 Boston,
409 3380 213 67 Mass.,
647 3379 129 58 The
804 3379 328 58 Stratford
1157 3397 305 53 company
1486 3409 13 42 [
1502 3387 19 22 c
1523 3380 147 56 1925]

199 3455 802 55 4 p. l., iv p., 1 l., 153. p. 19 cm .
129 3511 53 54 ©
209 3515 112 51 May
344 3512 225 53 28,1925;
596 3514 64 42 2c.
686 3514 86 42 and
798 3513 77 43 aff.
904 3514 115 52 June
1045 3514 48 51 3;
1123 3514 43 42 A
1194 3511 187 54 829524;
1414 3512 239 46 Stratford
1681 3528 65 29 co.

207 3568 291 56 (25-10653)

130 3654 151 57 New
313 3653 174 57 York
527 3654 235 70 (State)
852 3655 201 73 Laws,
1087 3659 285 69 statutes,
1410 3659 108 52 etc.

210 3733 126 57 The
390 3732 425 58 consolidated
865 3733 150 57 laws
1072 3733 66 57 of
1189 3732 154 58 New
1390 3732 190 74 York,
1635 3735 358 69 annotated,
2048 3752 68 39 as

133 3811 301 57 amended
459 3814 63 53 to
548 3810 102 57 the
681 3811 159 56 close
870 3811 66 56 of
964 3812 102 56 the
1096 3811 256 69 regular
1379 3811 240 57 session
1647 3812 67 56 of
1740 3812 103 57 the
132 3812 1965 132 legislature
314 3888 65 56 of
423 3889 164 54 1923.
671 3887 113 57 Ed.
829 3889 82 69 by
951 3888 245 56 Harold
1239 3889 72 54 N.
1358 3887 320 73 Eldridge,
1724 3889 272 58 assisted
2037 3890 84 68 by

134 3964 232 57 Newell
393 3965 230 56 Duvall
654 3967 122 55 and
804 3966 306 56 members
1143 3965 67 57 of
1241 3966 101 55 the
1378 3965 293 58 editorial
1703 3966 169 57 staff.
1944 3966 176 57 Book
