2533 4412
0 0 0 0 1147
134 400 359 71 Blackford,
529 405 153 55 Mrs.
720 403 345 58 Katherine
1101 406 69 56 M
1444 406 451 75 (Huntsinger)
1941 411 187 57 1875-

127 493 1999 235 The job, the man, the boss, by Katherine M. H. Blackford, M. D. and Arthur Newcomb, illustrated from photographs. [Rev. ed.] [Garden City, N. Y.] Doubleday,
127 727 169 71 Page
327 727 48 56 &
403 746 307 53 company
738 728 103 57 for
871 728 103 58 the
1005 728 463 59 International
1497 731 287 59 business
1817 732 307 73 institute,

127 806 165 55 1925.

195 883 143 54 xxvii,
369 881 83 45 276
478 898 40 37 p.
579 883 152 53 front.,
764 884 114 43 illus.
906 883 198 55 (forms)
1143 885 154 52 plates,
1328 892 140 46 ports.
1531 886 51 44 19½
1616 889 46 17 cm
1669 920 9 10 .

124 938 56 54 ©
214 940 107 52 July
357 940 61 50 10,
460 938 129 54 1925;
626 941 65 43 2c.
727 941 88 43 and
850 942 78 42 aff.
969 940 120 54 Sept.
1125 941 78 53 25;
1243 944 44 42 A
1324 941 190 54 864972;
1554 943 58 44 K.
1651 944 66 43 M.
1755 945 63 43 H.
1857 944 262 53 Blackford,

196 997 118 44 New
344 997 142 44 York.
561 994 55 54 [©
646 997 151 53 index]
869 994 271 58 (25-19773)

127 1082 300 70 Boucher,
468 1083 337 70 Jonathan,
849 1086 358 57 1738-1804.

201 1176 497 58 Reminiscences
733 1178 68 56 of
835 1195 80 38 an
947 1174 337 62 American
1317 1177 272 71 loyalist,
1627 1179 360 67 1738-1789,
123 1180 1971 147 being
272 1255 103 56 the
422 1254 505 72 autobiography
969 1256 67 58 of
1080 1256 102 57 the
1229 1256 134 55 Rev
1365 1254 21 28 d
1391 1299 11 11 .
1448 1255 324 58 Jonathan
1813 1256 305 74 Boucher,

124 1336 205 54 rector
371 1332 69 57 of
477 1331 350 71 Annapolis
871 1332 67 58 in
977 1331 338 72 Maryland
1356 1335 124 57 and
1521 1332 381 59 afterwards
1944 1334 174 59 vicar

123 1411 69 58 of
220 1409 256 74 Epsom,
509 1410 256 71 Surrey,
797 1409 309 73 England,
1142 1409 206 60 edited
1376 1412 85 71 by
1487 1411 98 60 his
1617 1412 320 71 grandson
123 1413 1971 133 Jonathan
345 1488 327 57 Bouchier.
757 1488 240 57 Boston
1031 1487 124 58 and
1187 1488 153 58 New
1370 1489 191 71 York,
1594 1489 345 73 Houghton
120 1490 1973 133 Mifflin
255 1584 322 53 company,
608 1566 167 56 1925.

188 1642 62 51 xi,
277 1644 78 44 201
383 1658 41 36 p.
485 1642 140 46 front.,
652 1642 168 51 (port.)
857 1643 175 45 facsim.
1092 1644 54 45 23
1152 1646 48 17 cm
1206 1679 9 9 .

192 1699 1923 54 “This edition consists of five hundred and seventy-five copies … of which
121 1758 86 44 five
232 1756 205 46 hundred
463 1759 89 43 and
575 1757 109 51 fifty
708 1773 76 29 are
813 1758 76 43 for
914 1756 132 46 sale.”

121 1810 53 54 ©
206 1811 120 53 Sept.
355 1810 69 53 25,
458 1809 129 53 1925;
620 1811 64 44 2c.
719 1809 120 54 Sept.
870 1811 78 52 30;
982 1811 79 43 aff.
1097 1808 119 54 Sept.
1249 1810 78 53 29;
1363 1811 44 42 A
1438 1810 190 55 869071;
1664 1812 254 54 Houghton
1951 1813 162 45 Mifflin

190 1883 64 29 co.
324 1866 271 56 (25-19575)

120 1953 259 73 Brooks,
412 1954 244 57 Ernest.

194 2047 60 57 A
286 2048 124 70 day
438 2046 154 57 with
621 2046 103 57 the
762 2044 228 73 Queen.

190 2124 80 51 (In
300 2125 186 41 London
517 2124 190 51 People)

117 2176 1938 57 © 1c. Aug. 26, 1925; A ad int. 7237; pubd. July 19; E. Brooks, London.
121 2265 246 70 Brown,
403 2263 236 60 Robert
673 2263 98 60 W.

192 2352 1917 74 The finger of God, by Rev. Robert W. Brown … New
112 2432 190 71 York,
337 2430 354 59 Cincinnati
728 2434 146 69 [etc.]
907 2430 309 73 Benziger
1245 2431 310 74 brothers,
1591 2433 166 56 1925.

184 2512 61 50 ix,
271 2511 83 45 214
377 2525 41 39 p.
482 2511 49 44 19
538 2512 46 18 cm
591 2545 9 8 .

115 2566 53 55 ©
195 2568 101 44 Oct.
327 2569 33 50 1,
391 2564 129 55 1925;
549 2566 63 43 2c.
640 2566 88 43 and
753 2566 78 43 aff.
862 2565 101 45 Oct.
992 2563 48 56 5;
1069 2566 44 42 A
1141 2565 188 54 864920;
1361 2566 223 54 Benziger
1609 2567 119 44 bros.

193 2622 271 57 (25-19507)

118 2710 359 72 Carpenter,
514 2708 216 57 Frank
762 2708 256 72 George,
1056 2710 357 57 1855-1924.

112 2797 1994 157 … China, by Frank G. Carpenter … with 105 illustrations from original photographs. Garden City, N. Y.,
109 2956 385 75 Doubleday,
523 2955 170 72 Page
722 2955 49 57 &
800 2973 321 54 company,
1154 2956 167 56 1925.

181 3036 80 43 xiv
291 3050 53 38 p.,
377 3038 17 40 1
448 3068 21 16 l.,
499 3033 82 44 310
608 3049 40 37 p.
710 3034 150 49 front.,
892 3034 156 52 plates.
1109 3034 52 43 23½
1198 3036 47 17 cm
1251 3068 8 8 .
1330 3033 311 54 (Carpenter’s
1673 3035 144 43 world
1848 3035 195 54 travels)

183 3094 133 51 Maps
343 3107 59 29 on
429 3091 342 53 lining-papers.

112 3147 53 55 ©
196 3148 120 54 Sept.
349 3148 63 53 18,
444 3146 129 52 1925;
604 3148 65 42 2c.
698 3147 88 43 and
813 3147 79 43 aff.
924 3146 102 45 Oct.
1053 3147 52 51 2;
1136 3147 44 42 A
1209 3144 190 54 864975;
1434 3145 287 56 Carpenter’s
1750 3150 147 43 world
1925 3151 180 53 travels,

181 3206 317 53 Washington.
568 3202 272 56 (25-19730)

114 3289 215 70 Chase,
365 3289 254 72 Joseph.

107 3379 1978 229 John and the Winner’s club, by Joseph Chase … illustrated by William Bailey. Philadelphia, The Penn publishing company, 1925.
176 3610 809 56 2 p. l ., 7-221 p. front. 19½cm.
110 3667 53 55 ©
191 3669 101 45 Oct.
320 3671 36 49 1,
385 3667 129 53 1925;
542 3668 65 43 2c.
633 3668 88 43 and
745 3668 79 42 aff.
853 3667 101 44 Oct.
985 3667 73 52 10;
1087 3669 45 41 A
1158 3667 188 54 869324;
1377 3670 127 43 Penn
1529 3673 99 50 pub.
1657 3688 64 28 co.
187 3723 272 56 (25-19907)

113 3805 206 72 Clark,
358 3806 350 59 Catherine.

181 3887 206 58 Heart
427 3887 68 57 of
536 3908 36 37 a
611 3888 157 69 lark,
807 3888 84 71 by
934 3886 335 62 Catherine
1315 3889 204 59 Clark.
1605 3893 153 57 New
1799 3894 189 69 York,
2031 3894 67 57 T.

108 3963 257 75 Seltzer,
395 3966 165 56 1925.
