2533 4412
1124 4091 71 54 41

155 460 298 59 National
483 458 380 59 association
895 457 65 58 of
993 455 290 74 building
1315 471 237 41 owners
1589 454 125 58 and
1743 471 352 56 managers.

232 551 127 56 The
393 548 411 73 proceedings
843 547 66 57 of
945 548 103 56 the
1088 546 145 57 17th
1268 546 230 56 annual
1535 546 373 57 convention
1945 546 69 56 of
2047 546 102 56 the

155 628 295 57 National
492 625 380 58 association
915 624 65 57 of
1022 623 285 72 building
1348 642 239 40 owners
1633 624 122 56 and
1797 642 354 53 managers,

153 706 143 57 held
328 708 67 54 at
426 704 128 57 The
590 702 256 71 antlers,
884 702 307 58 Colorado
1229 698 288 74 Springs,
1556 699 188 73 Colo.,
1780 701 166 57 June
1982 702 69 55 23
2086 704 63 54 to

154 785 89 70 27,
278 784 165 55 1924.
529 780 291 73 Chicago,
856 781 129 56 The
1023 779 397 71 association,
1460 780 164 55 1924.

222 877 26 42 4
274 890 40 38 p.
364 909 21 16 l.,
414 874 80 43 683
523 887 40 37 p.
623 872 115 44 illus.
766 872 125 54 (incl.
923 880 151 45 ports.,
1106 869 193 54 diagrs.)
1366 870 53 44 23½c
1473 872 28 17 m
1508 906 8 8 .

152 945 55 54 ©
233 946 117 42 Nov.
381 944 60 51 18,
472 944 129 49 1924;
628 943 65 43 2c.
719 943 88 43 and
831 943 79 43 aff.
934 944 100 50 Jan.
1059 943 40 51 2,
1129 940 129 53 1925;
1287 941 44 42 A
1357 940 156 44 814511;
1578 941 124 42 Nat’l
1730 940 117 44 ass’n
1874 941 50 42 of
1949 941 203 52 building

227 1016 175 30 owners
427 1001 87 43 and
539 1013 251 40 managers.

156 1100 298 58 National
484 1100 364 58 conference
883 1100 67 57 of
982 1098 194 58 social
1203 1097 191 59 work.

230 1191 420 72 Proceedings
686 1190 66 56 of
785 1191 103 55 the
921 1189 299 57 National
1256 1188 365 57 conference
1659 1188 64 56 of
1760 1188 190 58 social
1983 1190 171 55 work

223 1266 1930 72 … at the 51st annual session held in Toronto, Ontario,
155 1343 2000 75 June 25-July 2, 1924 … Chicago, Ill., The University of
156 1424 269 74 Chicago
463 1443 182 53 press
689 1424 181 73 [1924]

223 1514 865 55 vii, 652 p. front. (port.) 22½ cm .
156 1572 53 53 ©
236 1574 108 42 Dec.
372 1573 67 50 31,
468 1571 129 51 1924;
624 1572 67 43 2c.
719 1573 98 51 Jan.
850 1571 62 52 16,
943 1570 129 53 1925;
1101 1572 78 42 aff.
1207 1572 99 52 Jan.
1363 1570 49 54 17;
1442 1572 43 42 A
1514 1569 189 54 815620;
1733 1571 129 43 Nat’l
1888 1572 266 43 conference

224 1631 51 42 of
299 1618 143 56 social
464 1629 142 44 work.

158 1728 342 58 Nebraska.
581 1730 305 72 Supreme
919 1733 192 52 court.

233 1805 1924 73 Reports of cases … September term, 1921-January
157 1887 177 68 term,
362 1885 164 55 1922.
608 1901 57 39 v.
695 1884 127 55 107.
906 1883 223 70 Henry
1154 1884 66 55 P.
1252 1883 323 72 Stoddart,
1603 1882 218 58 official
1848 1887 305 68 reporter.

156 1962 275 71 Lincoln,
464 1961 171 71 Neb.,
667 1960 189 57 Kline
887 1960 366 72 publishing
1282 1980 321 53 company,
1639 1962 165 56 1923.

225 2041 63 52 xl,
313 2040 81 44 903
422 2055 39 37 p.
520 2040 56 42 22½
609 2043 47 17 cm
663 2075 8 8 .

155 2095 55 54 ©
236 2098 119 42 Mar.
385 2097 62 50 12,
477 2096 129 52 1923;
632 2096 66 43 2c.
723 2097 108 42 Dec.
864 2097 34 50 1,
927 2095 130 52 1924;
1085 2097 99 51 Jan.
1209 2097 66 50 22,
1307 2096 129 52 1925;
1465 2097 44 42 A
1534 2096 189 53 815726;
1753 2098 163 51 Henry
1942 2098 51 42 P.
227 2096 1907 107 Stoddart,

377 2160 203 44 reporter
612 2153 50 43 of
693 2153 76 43 the
802 2153 221 52 Supreme
1053 2160 142 45 court,
1233 2153 78 43 for
1342 2153 76 43 the
1447 2154 166 43 benefit
1642 2154 51 43 of
1726 2154 73 42 the
1832 2161 115 36 state
1980 2154 49 43 of
229 2155 1906 107 Nebraska,
435 2209 201 43 Lincoln.

159 2312 218 71 North,
416 2311 162 58 Rose
613 2312 255 57 Dennis.

235 2392 140 59 Dell
421 2392 123 56 and
589 2391 127 59 Dot
759 2391 67 57 in
873 2390 348 73 Fairyland
1271 2391 113 73 [by]
1434 2391 166 59 Rose
1646 2392 237 58 Dennis
1933 2391 220 58 North.

159 2470 256 69 Boston,
445 2470 72 56 R.
549 2469 68 58 G.
648 2469 255 72 Badger
934 2499 13 43 [
950 2476 17 21 c
971 2469 165 72 1924]

228 2549 54 43 64
309 2564 39 36 p.
407 2549 124 43 21cm.

159 2600 53 54 ©
236 2601 118 45 Nov.
378 2600 37 53 5,
442 2601 128 51 1924;
594 2601 64 42 2c.
681 2601 98 53 Jan.
807 2600 62 52 12,
895 2598 129 53 1925;
1049 2599 78 44 aff.
1151 2600 100 52 Jan.
1279 2599 72 52 10;
1378 2600 43 42 A
1445 2598 190 55 815559;
1664 2600 197 46 Richard
1887 2601 51 45 G.
1966 2602 190 53 Badger.

239 2658 243 54 (25-1690)

163 2760 213 72 Orczy,
413 2757 355 70 Emmuska,
810 2760 313 68 baroness,
1158 2759 190 56 1865-

241 2835 359 72 Pimpernel
645 2837 122 56 and
811 2833 369 73 Rosemary,
1223 2835 83 70 by
1347 2834 319 58 Baroness
1713 2834 215 73 Orczy.
2010 2837 152 57 New

163 2912 1382 74 York, George H. Doran company [ c 1925]
231 2993 84 43 446
343 3007 40 38 p.
446 2991 50 45 19½c
549 2994 28 16 m
583 3026 10 9 .

163 3047 53 53 ©
239 3050 99 51 Jan.
369 3048 63 51 14,
461 3046 131 54 1925;
617 3048 66 42 2c.
709 3048 87 43 and
821 3049 77 42 aff.
927 3048 99 51 Jan.
1056 3047 74 51 16;
1159 3048 43 41 A
1229 3046 187 53 815624;
1447 3047 178 53 George
1653 3049 59 42 H.
1743 3049 156 42 Doran
1926 3065 64 27 co.

242 3103 243 55 (25-1772)

164 3206 376 70 Pankhurst,
583 3204 370 59 Christabel.

245 3282 183 59 Some
457 3283 259 56 modern
746 3282 315 72 problems
1094 3281 64 57 in
1189 3281 104 57 the
1322 3280 160 71 light
1514 3281 68 57 of
1611 3280 179 59 Bible
1824 3283 336 72 prophecy,

167 3358 1992 73 by Christabel Pankhurst … Introduction by Rev. F. B.
169 3439 232 71 Meyer.
503 3439 153 56 New
702 3439 192 69 York,
949 3437 270 72 Chicago
1275 3441 148 68 [etc.]
1476 3436 289 75 Fleming
1812 3438 81 58 H.
1945 3440 213 57 Revell

168 3533 305 55 company
505 3545 13 42 [
520 3523 19 23 c
543 3517 164 71 1924]

242 3595 77 43 192
352 3608 39 38 p.
452 3595 51 43 19
511 3595 46 17 cm
563 3627 10 10 .

165 3648 55 54 ©
245 3650 117 43 Nov.
389 3651 38 49 8,
456 3650 129 52 1924;
609 3651 66 42 2c.
701 3649 86 44 and
813 3650 78 43 aff.
917 3651 101 51 Jan.
1048 3649 62 52 10,
1140 3648 130 53 1925;
1300 3651 43 41 A
1370 3648 188 54 815528;
1588 3649 208 55 Fleming
1823 3653 60 42 H.
1913 3652 155 43 Revell
2096 3668 65 28 co.

246 3705 242 55 (25-2160)

170 3808 314 69 Peterson,
518 3809 150 57 Mrs.
701 3807 186 57 Anna
918 3807 344 72 Josephine
1301 3807 332 73 (Murphy)
1677 3809 189 57 1870-

249 3885 152 56 Mrs.
444 3886 184 56 Anna
670 3884 59 56 J.
774 3884 366 57 Peterson’s
1187 3882 332 72 simplified
1561 3884 280 72 cooking,
1885 3886 83 70 by
2009 3887 153 56 Mrs.

173 3961 1921 60 Anna J. Peterson … and Mrs. Nena W. Badenoch …
