2533 4412
0 0 0 0 79
167 490 358 55 Tennessee.
608 488 304 72 Supreme
947 491 191 52 court.

241 576 1918 74 Reports of cases argued and determined … Western
164 658 289 71 division,
486 656 188 71 April
705 659 177 68 term,
921 658 162 54 1923.
1158 655 273 56 Eastern
1467 654 288 72 division,
1795 654 366 71 September

164 739 176 66 term,
364 736 163 54 1923.
593 734 234 56 Middle
849 732 287 72 division,
1160 732 343 56 December
1521 735 177 68 term,
1720 733 163 54 1923.
1951 732 213 55 Prank

166 813 81 55 M.
300 813 374 70 Thompson,
728 809 577 73 attorney-general
1353 810 122 56 and
1528 812 305 69 reporter.
1924 829 55 36 v.
2034 811 125 54 149.

168 889 339 70 Columbia,
542 890 141 70 Mo.,
719 889 72 55 E.
828 889 95 57 W.
963 887 310 72 Stephens
1308 887 366 72 publishing
1707 906 84 38 co.
1834 889 165 72 [1924]

233 966 161 51 xxviii,
424 966 81 43 800
531 980 39 38 p.
627 965 53 43 23
689 967 46 17 cm
743 999 7 9 .

167 1021 53 53 ©
249 1022 118 43 Nov.
394 1022 39 50 8,
467 1022 127 50 1924;
625 1022 64 42 2c.
722 1021 118 42 Nov.
874 1020 72 52 10;
979 1021 77 43 aff.
1088 1019 106 44 Feb.
1222 1020 39 51 2,
1295 1018 128 53 1925;
1455 1020 43 42 A
1529 1020 190 52 814881;
1752 1018 52 48 E.
1835 1021 73 44 W.
1943 1019 220 53 Stephens

235 1078 99 52 pub.
361 1093 65 28 co.

169 1178 346 72 Tennyson,
544 1177 231 58 Alfred
803 1178 346 72 Tennyson,
1181 1182 95 54 1st
1306 1179 212 71 baron,
1550 1179 357 56 1809-1892.

304 1268 1861 71 … Poems by Alfred Tennyson, selected and edited with
168 1345 1998 74 an introduction by J. F. A. Pyre … New York, Chicago
170 1422 1056 76 [etc.] C. Scribner’s sons [ c 1925]
238 1500 1549 55 xxxi p., 1 l., 318 p. 17½ cm . (The modern student’s library)
167 1558 53 53 ©
244 1561 98 51 Jan.
369 1559 60 52 10,
458 1557 128 53 1925;
612 1559 64 42 2c.
701 1559 98 52 Jan.
828 1559 73 50 12;
930 1558 77 43 aff.
1033 1559 98 51 Jan.
1157 1558 77 52 24;
1262 1558 42 41 A
1330 1557 190 53 814827;
1551 1556 186 46 Charles
1767 1556 251 48 Scribner’s
2047 1573 117 29 sons.

241 1615 66 54 [©
338 1615 302 44 introduction
672 1615 86 43 and
788 1613 206 45 editorial
1027 1615 142 52 work]
1241 1613 242 55 (25-3024)

169 1714 327 71 Thomson,
534 1713 54 57 D
903 1713 47 56 P
1268 1714 90 58 ed.

250 1809 130 57 The
435 1808 261 57 modern
755 1806 405 73 evangelistic
1220 1808 281 68 address,
1561 1806 208 59 edited
1826 1808 79 71 by
1964 1808 73 55 D.
2099 1809 67 54 P.

172 1881 1995 77 Thomson … New York, George H. Doran company
185 1964 189 71 [ c 1925]
170 2040 1976 112 xxii p., 1 l., 25-219 p. 19 cm . (Half-title: Handbooks of modern evangelism) $1.75
169 2155 53 53 ©
250 2156 98 51 Jan.
376 2155 66 47 23,
477 2152 128 52 1925;
636 2152 64 43 2c.
730 2152 98 52 Jan.
857 2150 79 53 27;
968 2152 78 42 aff.
1077 2151 98 53 Jan.
1204 2150 78 53 26;
1316 2151 43 42 A
1388 2151 189 53 815767;
1613 2152 176 54 George
1822 2154 60 42 H.
1915 2155 157 42 Doran
2102 2170 64 28 co.

248 2208 242 57 (25-3237)

169 2309 186 58 Utah.
438 2308 303 72 Supreme
775 2311 191 53 court.

247 2397 1917 75 Reports of cases decided … W. S. Dalton, reporter,
168 2496 56 39 v.
257 2480 88 54 63.
415 2477 356 70 December,
804 2477 166 69 1923,
1002 2479 62 53 to
1097 2475 269 73 August,
1402 2477 164 55 1924.
1642 2475 288 75 Chicago,
171 2477 1971 152 Callaghan
365 2555 48 56 &
444 2574 106 53 co.,
584 2555 165 55 1925.

239 2632 130 51 xxiii,
398 2630 83 44 678
507 2645 39 38 p.
605 2631 53 43 23½
695 2633 46 18 cm
748 2666 8 8 .

171 2686 53 53 ©
252 2689 98 51 Jan.
377 2686 67 54 27,
475 2686 103 44 1925;
633 2687 64 43 2c.
727 2687 88 43 and
841 2687 77 42 aff.
947 2687 99 52 Jan.
1077 2686 76 51 30;
1184 2686 43 42 A
1257 2686 188 51 814829;
1479 2686 252 53 Callaghan
1761 2689 36 43 &
1824 2703 65 30 co.

171 2796 375 70 Verhaeren,
636 2793 163 71 Émile,
837 2797 357 56 1855-1916.

248 2886 156 57 Five
442 2886 177 71 tales,
656 2886 84 70 by
778 2885 202 57 Emile
1018 2885 382 71 Verhaeren,
1443 2886 350 57 translated
1834 2888 82 70 by
1955 2888 214 57 Keene

171 2964 255 71 Wallis;
452 2963 152 58 with
629 2964 71 56 28
725 2964 315 56 woodcuts
1064 2963 84 71 by
1172 2963 206 56 Frans
1409 2963 325 58 Masereel.
1803 2965 152 57 New
1980 2965 188 68 York,

173 3042 73 56 A.
275 3042 47 56 &
352 3040 64 60 G.
442 3041 179 72 Boni,
651 3042 166 55 1924.

249 3120 53 45 96
329 3136 39 37 p.
399 3121 102 43 incl.
530 3119 130 52 illus.,
686 3121 154 52 plates.
901 3119 53 43 20½
989 3122 46 17 cm
1043 3155 7 7 .

529 3176 156 45 CONTENTS.—The
722 3177 75 43 inn
835 3175 50 46 of
919 3177 149 52 gentle
1103 3176 262 44 death.—In
1402 3192 24 29 a
1464 3175 336 55 village.—The
1834 3177 133 46 horse
2009 3178 86 45 fair
2132 3190 41 32 at

181 3232 358 55 Opdorp.—The
568 3234 124 43 three
722 3233 345 44 friends.—One
1097 3232 139 53 night.

175 3288 53 53 ©
264 3290 100 44 Oct.
402 3288 61 52 17,
502 3289 129 48 1924;
667 3290 63 42 2c.
766 3290 87 42 and
887 3290 78 42 aff.
999 3290 99 51 Jan.
1138 3289 61 52 10,
1237 3288 130 52 1925;
1406 3289 42 42 A
1481 3289 190 54 815655;
1708 3292 163 43 Albert
1907 3293 38 43 &
1982 3291 189 45 Charles

246 3346 128 51 Boni,
405 3346 81 43 inc.
555 3344 243 55 (25-3196)

176 3445 213 71 Wack,
429 3446 219 72 Henry
683 3444 402 74 Wellington,
1129 3448 188 55 1869-

255 3536 128 57 The
412 3536 290 72 camping
726 3535 183 71 ideal,
936 3536 103 57 the
1066 3556 134 37 new
1227 3536 231 58 human
1485 3557 172 52 race;
1687 3562 35 36 a
1749 3538 168 59 brief
1946 3559 230 53 survey

179 3616 66 55 of
271 3613 103 59 the
404 3633 272 38 summer
702 3615 122 56 and
849 3613 227 58 winter
1100 3615 266 56 outdoor
1394 3634 177 53 camp
1598 3620 352 54 movement
1978 3617 65 56 in
2070 3618 105 56 the

177 3691 236 57 United
441 3691 230 72 States,
697 3691 153 56 with
871 3690 351 72 particular
1249 3693 321 57 reference
1598 3696 64 55 to
1691 3694 337 72 organized
179 3695 1973 131 cultural
376 3788 210 52 camps
616 3769 66 56 in
710 3769 102 58 the
842 3769 283 58 Atlantic
1154 3770 123 57 and
1305 3769 402 59 midwestern
1737 3774 215 71 states,
1982 3772 194 59 based

179 3866 167 51 upon
388 3847 432 57 observations
862 3848 179 56 made
1085 3866 77 38 on
1204 3868 35 36 a
1283 3850 225 56 second
1549 3867 177 53 camp
1769 3853 146 53 tour
180 3850 1971 131 undertaken
399 3926 103 55 for
537 3924 104 56 the
678 3925 134 56 Red
846 3924 160 57 book
1038 3924 342 72 magazine,
1415 3926 84 71 by
1535 3926 221 71 Henry
1791 3927 380 68 Wellington

179 4001 1993 73 Wack … With a greeting by Mary Roberts Rinehart.
