2533 4412
1138 4081 110 57 217

189 455 321 71 Lambton,
548 454 260 72 Arthur,
849 456 189 57 1869-

267 549 111 71 My
402 552 193 68 story,
619 549 84 70 by
726 548 246 56 Arthur
995 547 325 57 Lambton.
1414 544 230 74 (Being
1670 567 35 37 a
1732 545 121 57 full
1878 563 306 54 exposure

191 622 1995 76 of the infamous legitimacy laws) … London, Hurst &
188 704 305 70 Blackett,
523 705 109 56 ltd.
667 704 180 72 [1925]

259 784 84 44 296
368 799 38 34 p.
469 782 153 49 front.,
649 780 158 52 plates,
834 789 140 43 ports.
1034 781 52 44 23½
1122 783 46 18 cm
1175 815 9 9 .

191 831 1993 59 © 1c. Feb. 4, 1925; A ad int. 6649; pubd. Jan. 16; A. Lambton, ℅ Readers’
261 894 243 52 syndicate,
536 893 97 51 inc.,
665 892 116 43 New
811 892 142 43 York.
1023 889 242 56 (25-4949)

190 978 302 71 Leonard,
528 975 282 60 William
844 975 215 75 Ellery
1094 974 345 72 Channing,
1477 977 189 57 1876-

262 1068 493 70 Tutankhamen,
779 1068 124 56 and
926 1066 169 58 after;
1150 1085 134 38 new
1306 1085 234 54 poems,
1565 1068 82 70 by
1680 1067 269 58 William
1973 1069 220 72 Ellery

191 1147 306 57 Leonard.
580 1145 151 57 New
758 1144 190 71 York,
976 1145 70 55 B.
1076 1145 96 57 W.
1202 1144 310 74 Huebsch,
1540 1145 137 71 inc.,
1705 1146 166 57 1924.

260 1223 53 45 67
343 1238 41 39 p.
447 1223 147 45 19½cm.

264 1279 141 45 “Two
434 1279 112 43 lives
585 1279 149 52 (some
763 1278 202 52 opinions
996 1278 52 44 of
1077 1277 173 45 critical
1282 1280 181 42 readers
1555 1278 79 53 …)”:
1667 1293 38 38 p.
1737 1277 149 46 61-67.

189 1336 57 54 ©
270 1338 118 43 Nov.
409 1337 66 51 26,
504 1336 127 51 1924;
657 1336 63 43 2c.
802 1351 62 27 Mar.
894 1335 63 51 16,
984 1334 103 44 1925;
1140 1336 77 42 aff.
1245 1337 117 41 Mar.
1391 1337 73 50 13;
1492 1337 44 41 A
1559 1336 160 43 822431;
1777 1337 35 42 B.
1853 1339 74 42 W.
1955 1338 229 52 Huebsch,

263 1395 82 42 inc.
415 1392 270 55 (25-26169)

190 1479 271 71 Levitas,
496 1476 260 58 Arnold.

269 1567 1925 73 Editorial English, by Arnold Levitas … New York
193 1649 144 71 city,
371 1649 139 69 Roy
540 1663 200 55 press,
778 1647 164 54 1924.

263 1723 762 55 2 p. l. , 3-322 p. illus. 22 cm .
265 1780 252 45 Reference
544 1781 152 43 works
714 1795 8 28 :
755 1795 39 37 p.
825 1777 204 46 243-256.

266 1837 1928 56 “It aspires to teach … the typographical use of the language.”—Author’s
194 1895 113 53 pref.

194 1951 54 53 ©
275 1953 119 42 Mar.
420 1953 39 50 3,
486 1950 129 53 1925;
643 1951 64 44 2c.
734 1952 87 42 and
845 1951 78 42 aff.
952 1951 118 42 Mar.
1099 1952 50 51 9;
1178 1952 44 41 A
1247 1951 189 52 822313;
1467 1953 101 52 Roy
1595 1967 139 38 press.

274 2006 241 58 (25-6718)

193 2093 218 73 Ligda,
448 2093 174 58 Paul.

271 2183 1851 79 The teaching of elementary algebra, by Paul Ligda …
192 2260 1997 81 with an introduction by John Wesley Young … Boston,
194 2341 152 57 New
371 2340 172 57 York
573 2343 145 69 [etc.]
746 2340 344 71 Houghton
1118 2338 217 58 Mifflin
1363 2360 308 54 company
1699 2345 201 73 [c1925]

268 2418 881 54 xvii, 256 p. illus., diagrs. 19 ½ cm .
194 2475 56 53 ©
278 2476 118 43 Mar.
425 2475 37 52 5,
491 2473 130 54 1925;
646 2476 68 41 2c.·
738 2476 88 42 and
851 2475 78 42 aff.
959 2475 118 42 Mar.
1107 2476 50 50 9;
1185 2475 44 42 A
1256 2476 190 52 822319;
1478 2477 49 42 P.
1558 2476 157 54 Ligda,
1745 2479 224 53 Oakland,
1999 2481 135 44 Calif.

276 2531 241 55 (25-6648)

197 2617 213 74 Linck,
449 2615 163 74 Olaf,
651 2620 190 56 1874-

333 2728 73 37 Fra
444 2708 172 56 Kina
657 2707 74 57 til
772 2708 323 57 Danmark
1133 2707 22 57 i
1196 2727 74 38 en
1311 2710 203 57 ketch.
1593 2712 123 57 Tre
1754 2733 164 54 unge
1961 2716 235 60 danske

200 2787 228 56 mænds
483 2785 347 72 oplevelser
881 2804 122 53 paa
1056 2786 117 56 den
1228 2786 386 74 eventyrlige
1669 2790 254 76 sejlads,
1976 2796 220 58 udarb.

200 2865 164 58 efter
398 2863 297 58 samtaler
731 2882 79 52 og
841 2863 319 71 dagbøger
1196 2863 69 58 af
1300 2863 148 59 Olaf
1481 2866 210 58 Linck.
1776 2870 423 71 Kjøbenhavn

203 2947 146 68 [etc.]
388 2941 365 72 Gyldendal,
786 2940 278 58 Nordisk
1091 2940 229 74 forlag,
1355 2944 166 56 1924.

272 3016 750 56 155 p. illus., plates. 21 ½ cm .
270 3076 104 43 The
391 3089 179 39 voyage
593 3075 53 42 of
669 3076 57 41 A.
751 3075 282 53 Ingwersen,
1060 3074 51 47 E.
1137 3076 282 52 Haugelund
1445 3078 91 43 and
1563 3080 60 42 H.
1647 3080 219 45 Vanman
1893 3083 46 43 in
1963 3085 77 44 the
2062 3086 136 45 ketch

203 3132 250 54 Shanghai.

271 3189 204 54 “Oplag:
507 3189 111 44 2000
651 3188 354 54 eksemplarer.”

201 3246 1972 110 © Nov. 19, 1924; 1c. Jan. 2, 1925; A—Foreign 26223; Gyldendalske boghandel,
482 3304 206 43 Nordisk
720 3303 166 53 forlag.
955 3302 241 56 (25–6512)

200 3388 285 75 [Longus]

284 3470 130 57 The
455 3470 288 70 pastoral
784 3471 172 57 loves
1003 3471 67 56 of
1113 3470 285 72 Daphnis
1445 3475 123 56 and
1613 3474 208 75 Chloe,
1866 3479 158 58 done
2067 3480 130 61 into

206 3546 267 72 English
500 3547 84 70 by
614 3544 243 75 George
889 3546 233 58 Moore.
1206 3549 276 73 London,
1513 3550 97 60 W.
1643 3552 393 61 Heinemann
2068 3558 130 66 ltd.,

205 3625 165 56 1924.

273 3701 959 52 2 p. l. , 163, [1] p. incl. plates. 23½ cm .
276 3757 241 54 Engraved
542 3756 100 47 title
663 3758 211 51 vignette,
899 3758 116 45 head
1038 3760 87 43 and
1147 3756 81 47 tail
1252 3758 160 52 pieces.

282 3815 138 44 “This
454 3813 175 46 edition
661 3814 37 45 is
733 3814 172 45 limited
937 3822 48 37 to
1023 3815 106 43 1280
1162 3814 162 52 copies,
1360 3815 159 53 signed
1552 3821 59 50 by
1644 3823 76 45 the
1752 3824 179 52 author,
1963 3828 54 42 of
2049 3828 147 45 which

212 3871 105 45 1250
341 3886 77 29 are
442 3871 77 44 for
543 3871 93 44 sale
658 3873 89 42 and
770 3870 55 44 30
851 3871 75 43 for
951 3871 318 50 presentation,
1327 3887 73 32 no.
1424 3873 123 46 984.”

205 3923 1977 59 © 1c. Jan. 26, 1925; A ad int. 6620; pubd. Dec. 16, 1924; George Moore
328 3978 1114 58 ℅ Boni & Liveright, New York. (25-5114)
