2533 4412
0 0 0 0 836
364 426 373 72 Poidebard,
769 428 77 59 A.

439 537 326 73 Voyages;
816 558 81 39 au
942 539 332 57 carrefour
1319 539 110 57 des
1479 542 213 56 routes
1740 541 75 58 de
1863 540 214 72 Perse,
2124 561 118 52 par
2289 542 76 58 A.

362 614 377 61 Poidebard.
823 614 205 73 Paris,
1058 615 70 60 G-.
1212 636 99 39 Crès
1341 619 61 55 et
1428 615 128 72 cie.,
1585 617 166 57 1923.

432 705 1445 54 3 p. l., V, 325 p ., 1 l. XII pl., maps (part fold.) 19 cm .
434 775 270 46 CONTENTS.
719 802 58 6 —
794 776 66 44 La
898 779 113 43 lutte
1049 789 117 39 pour
1204 779 44 43 la
1285 784 133 39 route
1453 778 78 45 des
1570 778 148 45 Indes.
1778 779 148 44 Notes
1965 779 55 45 de
2056 794 202 38 voyage:
2297 781 72 45 De

363 835 133 46 Paris
534 847 27 29 a
594 831 135 47 Tiflis
765 846 83 39 par
884 834 330 52 Bagdad.—Le
1250 832 242 48 carrefour
1527 834 60 46 du
1621 832 180 54 plateau
1838 833 293 50 d’lran.—Le
2167 837 201 47 Caucase

361 900 132 44 porte
518 890 78 47 des
624 898 156 38 routes
805 890 170 46 d’Asie.

363 958 2008 64 © June 10, 1923; 1c. Apr. 28, 1925; A—Foreign 27536; Editions G. Crès &
433 1040 65 29 co.
569 1021 272 57 (25–10858)

360 1140 187 71 Pope,
585 1138 171 59 John
791 1137 267 73 Russell,
1097 1140 191 58 1874-

363 1245 2005 155 The architecture of John Russell Pope, with introductory text by Royal Cortissoz … pt. 1. New York, W.
361 1402 305 73 Helburn,
698 1402 119 58 inc.
855 1432 13 45 [
869 1409 19 22 c
892 1402 166 75 1924]

435 1494 53 54 [2]
517 1508 40 38 p.
619 1493 157 53 plates,
804 1492 141 53 plans.
1002 1491 56 45 47½
1093 1495 47 18 cm
1146 1528 9 8 .

430 1566 53 43 In
516 1564 232 54 portfolio.

361 1635 54 54 ©
448 1637 120 43 Nov.
600 1636 67 49 20,
705 1636 130 52 1924;
869 1636 66 44 2c.
969 1636 88 43 and
1091 1636 79 43 aff.
1206 1635 108 44 Feb.
1351 1634 38 54 5,
1426 1634 132 55 1925;
1593 1636 45 43 A
1671 1635 192 54 814927;
1900 1635 210 46 William
2144 1637 226 53 Helburn,

433 1694 83 43 inc.
586 1691 244 57 (25–4345)

360 1814 325 70 Poulaille,
722 1815 235 73 Henry.

505 1917 1566 77 … Ils étaient quatre. Paris, B. Grasset, 1925.
427 2010 720 57 4 p. l ., [3]—183 p., 1 l. 19 cm .
357 2081 1841 56 © Feb. 28, 1925; 1c. May 11; A—Foreign 27662; Bernard Grasset.
439 2140 273 56 (25–10879)

359 2256 450 74 Presbyterian
839 2255 236 58 church
1103 2254 68 59 in
1200 2254 105 59 the
1338 2255 73 58 U.
1449 2255 62 59 S.
1544 2254 76 58 A.
1692 2257 217 58 Board
1943 2256 68 73 of
2043 2255 325 62 Christian

436 2334 348 61 education.

435 2428 261 58 Manual
724 2428 68 56 of
817 2426 104 58 the
949 2425 457 73 Presbyterian
1433 2444 305 55 program
1761 2425 109 59 for
1894 2444 215 56 young
2123 2427 241 73 people.

355 2507 303 71 Building
686 2506 153 57 with
875 2504 246 72 Christ;
1154 2504 321 73 prepared
1504 2504 83 73 by
1618 2504 229 73 Young
1878 2505 288 72 people’s
2194 2505 175 58 work

359 2586 69 58 of
468 2585 103 58 the
613 2584 217 59 Board
873 2584 69 57 of
985 2582 328 60 Christian
1354 2581 350 74 education,
1749 2582 284 75 working
357 2601 1986 135 coöperatively
576 2663 153 57 with
754 2663 102 58 the
883 2663 229 71 Young
1137 2662 286 72 people’s
1452 2662 419 71 department,
1898 2661 218 60 Board
2141 2662 68 58 of
359 2662 1983 153 foreign
547 2742 316 72 missions,
913 2741 127 58 and
1084 2741 104 57 the
1238 2739 422 73 Department
1704 2741 71 56 of
1820 2758 211 55 young
2078 2741 285 72 people’s

355 2821 190 72 work,
597 2820 216 58 Board
862 2819 68 58 of
978 2818 286 58 national
1310 2817 316 59 missions.
1718 2818 460 74 Philadelphia,
2232 2819 131 74 Pa.,

357 2898 398 58 Publication
783 2898 419 71 department,
1232 2895 454 73 Presbyterian
1712 2896 203 59 board
1942 2898 69 56 of
2041 2895 323 61 Christian

358 2976 349 73 education,
747 2976 166 57 1925.

429 3069 78 44 144
537 3084 41 38 p.
642 3068 53 44 19
700 3070 47 19 cm
753 3102 9 10 .

426 3138 278 46 Loose-leaf.

427 3194 353 56 Bibliography:
814 3209 40 39 p.
890 3193 204 46 131-133.

358 3266 54 54 ©
439 3268 119 52 June
584 3267 65 51 22,
684 3263 130 53 1925;
846 3265 65 43 2c.
940 3265 115 52 June
1083 3263 79 52 26;
1197 3263 78 43 aff.
1307 3263 117 52 June
1451 3260 80 54 25;
1565 3262 43 43 A
1639 3260 191 55 855674;
1864 3262 154 44 Board
2047 3261 51 45 of
2130 3261 232 46 Christian

429 3324 237 43 education
698 3322 50 44 of
781 3322 76 43 the
891 3320 325 53 Presbyterian
1247 3318 169 45 church
1450 3319 45 42 in
1527 3317 75 45 the
1634 3318 60 45 U.
1732 3317 45 48 S.
1812 3318 73 54 A.,
1921 3317 328 54 Philadelphia.

438 3378 272 57 (25–15964)

356 3492 198 73 Price,
592 3492 212 74 Ralph
837 3492 157 72 Ray,
1035 3492 190 58 1872-

433 3588 257 58 Kansas
731 3587 123 58 and
889 3586 116 57 her
1039 3585 440 73 government;
1521 3604 35 37 a
1596 3581 394 74 supplement
2027 3584 64 56 to
2130 3582 227 58 Munro

357 3658 2004 75 and Ozanne’s Social civics, by Ralph R. Price … New
356 3745 189 74 York,
579 3745 129 57 The
740 3742 359 59 Macmillan
1129 3757 325 55 company,
1487 3738 167 60 1925.

428 3842 19 43 1
475 3855 42 36 p.
562 3875 25 14 l.,
616 3836 79 46 117
718 3851 43 37 p.
823 3837 50 44 19
879 3838 49 19 cm
934 3871 9 10 .

430 3906 331 50 “References”
785 3914 46 37 at
856 3907 85 45 end
967 3905 54 44 of
1045 3920 125 30 some
1196 3904 54 45 of
1275 3904 77 45 the
1377 3901 223 52 chapters.

358 3979 54 54 ©
439 3981 120 51 Aug.
590 3979 61 48 11,
682 3974 130 53 1925;
841 3975 65 43 2c.
933 3975 86 42 and
1046 3973 79 43 aff.
1152 3972 120 53 Aug.
1303 3971 76 53 12;
1409 3970 45 43 A
1481 3967 190 56 861365;
1701 3969 268 44 Macmillan
1993 3985 66 30 co.
437 4033 271 59 (25–15621)
