2533 4412
0 0 0 0 110
370 430 294 73 Ramsay,
699 429 237 59 Robert
971 431 88 71 E.,
1095 433 192 57 1888-

451 521 439 60 Constructive
946 520 541 74 merchandising;
1547 521 287 58 effective
1891 522 183 72 plans
2130 521 106 58 for
371 520 1986 153 increasing

371 598 1988 153 sales, by Robert E. Ramsay … New York, London,
541 679 73 56 D.
644 678 324 72 Appleton
995 679 125 57 and
1148 696 325 53 company,
1503 678 167 56 1925.

440 757 116 43 xxiv
584 772 53 38 p.,
669 758 28 41 2
742 791 23 17 l.,
795 755 138 45 3-718
963 771 39 38 p.
1063 755 131 55 illus.,
1225 756 169 53 diagrs.
1452 756 55 42 22½
1542 757 46 17 cm
1596 790 8 8 .

443 813 355 54 Bibliography:
830 829 40 38 p.
901 811 208 47 674-675.

373 885 53 53 ©
454 886 99 52 Jan.
581 886 68 52 23,
681 884 131 54 1925;
839 887 68 43 2c.
936 886 88 43 and
1052 886 80 43 aff.
1163 884 107 45 Feb.
1298 885 52 52 2;
1382 885 43 42 A
1456 884 190 52 814883;
1680 884 56 44 D.
1766 884 228 53 Appleton
2024 885 37 43 &
2089 899 66 28 co.

451 941 246 56 (25-4192)

369 1041 330 74 Richards,
740 1040 236 59 Lillian
1013 1042 68 57 P.

448 1132 260 58 Perfect
743 1150 192 54 peace
976 1132 108 56 for
1120 1131 293 58 troubled
1448 1132 237 71 hearts,
1727 1131 318 73 arranged
2081 1131 85 73 by
2202 1131 68 57 L.
2312 1132 69 56 P.

371 1211 330 58 Richards.
789 1209 392 75 [Hammond,
1227 1210 158 73 Ind.,
1429 1210 97 59 W.
1573 1210 69 57 P.
1691 1208 254 74 Conkey
1988 1229 105 54 co.]
2141 1211 164 56 1924.

437 1290 81 51 xii,
544 1288 93 53 153,
663 1290 53 52 [1]
742 1303 40 38 p.
846 1288 55 44 19½
932 1291 48 17 cm
985 1324 9 8 .

448 1346 127 45 “The
605 1345 129 45 Bible
762 1346 80 43 has
871 1346 110 43 been
1010 1345 136 44 taken
1175 1361 48 28 as
1252 1345 77 45 the
1357 1345 268 45 foundation
1654 1346 76 44 for
1757 1346 90 44 this
1876 1346 134 52 book,
2039 1346 88 45 and
2155 1361 27 28 a
2210 1344 173 46 careful

372 1403 217 46 selection
616 1403 51 45 of
695 1410 126 47 parts
848 1403 53 44 of
927 1404 79 43 the
1033 1403 91 44 Old
1153 1403 87 44 and
1270 1403 118 44 New
1415 1402 290 45 Testaments
1736 1402 232 55 referring
1994 1410 49 37 to
2070 1402 77 45 the
2177 1401 208 55 spiritual

371 1476 165 39 power,
559 1463 116 43 have
698 1462 113 44 been
834 1462 130 45 made
988 1477 79 28 use
1091 1460 281 46 of.”—Pref.

374 1532 53 55 ©
457 1536 108 42 Dec.
595 1533 68 53 27,
697 1535 130 50 1924;
857 1535 64 43 2c.
951 1535 88 43 and
1068 1535 78 43 aff.
1177 1535 100 53 Jan.
1307 1535 40 52 2,
1379 1533 131 54 1925;
1541 1534 43 43 A
1615 1533 191 53 814521;
1839 1534 49 43 L.
1923 1535 50 42 P.
2006 1533 237 50 Richards,
443 1531 1918 113 Chicago.

640 1589 245 56 (25-4217)

371 1690 166 73 Ries,
577 1690 323 74 Heinrich,
939 1694 193 57 1871-

453 1784 1931 75 Engineering geology, by H. Ries … and Thomas L.
374 1863 2011 75 Watson … 3d ed., rev. New York, J. Wiley & sons,
374 1943 150 70 inc.;
555 1946 151 70 [etc.,
735 1944 130 71 etc.]
897 1943 166 56 1925.

446 2021 78 54 vii,
556 2021 82 48 708
671 2038 41 38 p.
772 2021 133 53 illus.,
936 2035 127 39 maps
1105 2022 128 52 (part
1267 2019 139 55 fold.)
1448 2020 169 54 diagrs.
1676 2022 54 46 23½c
1782 2024 30 19 m
1818 2056 10 10 .
1943 2019 128 55 $5.00

447 2080 333 54 Bibliography
805 2087 48 38 at
876 2080 85 45 end
986 2080 54 44 of
1062 2079 111 46 each
1195 2079 200 52 chapter.

374 2148 53 53 ©
452 2149 100 52 Jan.
577 2149 67 51 31,
673 2147 131 53 1925;
829 2148 65 42 2c.
919 2147 88 43 and
1032 2147 79 43 aff.
1138 2145 109 45 Feb.
1278 2146 75 51 12;
1380 2146 45 42 A
1450 2144 193 53 815995;
1671 2147 64 42 H.
1764 2146 121 50 Ries,
1914 2146 171 52 Ithaca,
2112 2146 59 44 N.
2199 2147 69 46 Y.,
2297 2147 86 43 and

445 2206 118 44 Adie
589 2205 44 47 S.
658 2206 211 51 Watson,
895 2204 378 52 administratrix,
1301 2203 384 53 Charlottesville,
1710 2204 87 44 Va.
1861 2202 245 56 (25-4183)

375 2306 214 73 Sabin,
628 2305 227 59 Edwin
890 2304 311 74 Legrand,
1240 2306 150 59 1870–

448 2395 1937 75 White Indian, by Edwin L. Sabin … Philadelphia,
373 2477 70 60 G.
475 2474 97 62 W.
609 2477 235 59 Jacobs
877 2476 49 58 &
958 2494 310 54 company
1300 2505 14 44 [
1315 2483 20 23 c
1338 2476 165 72 1925]

443 2554 613 55 3 p. l ., [9]-320 p. 19 cm .
377 2628 53 53 ©
462 2630 99 52 Jan.
595 2631 67 50 31,
697 2627 130 53 1925;
861 2629 66 43 2c.
961 2627 109 45 Feb.
1108 2629 75 51 11;
1219 2628 79 43 aff.
1333 2626 108 45 Feb.
1481 2628 73 52 14;
1590 2628 43 42 A
1669 2628 190 51 823082;
1897 2626 179 55 George
2109 2629 75 43 W.
2219 2629 166 52 Jacobs

447 2688 38 43 &
507 2701 66 30 co.
636 2684 245 57 (25-4212)

377 2785 431 74 Sensabaugh,
844 2784 314 59 Leonidas
1197 2783 324 74 Franklin,
1563 2787 189 57 1879-

523 2875 1862 74 … The small Sunday school, its plans and work, by
375 2954 68 58 L.
486 2956 71 57 P.
602 2955 443 71 Sensabaugh;
1088 2955 325 71 approved
1451 2954 85 73 by
1572 2954 104 57 the
1720 2952 370 62 Committee
2132 2975 79 38 on
376 2975 1984 117 curriculum

671 3034 67 58 of
763 3034 106 57 the
899 3033 272 59 General
1203 3032 262 72 Sunday
1494 3032 209 58 school
1727 3032 201 58 board
1957 3032 68 58 of
2051 3032 106 59 the
376 3033 1985 137 Methodist

578 3112 346 72 Episcopal
957 3111 247 73 church,
1242 3110 217 72 South,
1495 3130 70 38 as
1599 3129 37 38 a
1668 3110 319 58 text-book
2020 3109 106 59 for
374 3109 1985 154 Cokesbury

602 3190 286 74 training
953 3189 261 59 schools.
1323 3188 344 72 Nashville,
1735 3189 214 73 Tenn.,
2022 3188 365 75 Cokesbury

373 3288 203 54 press,
606 3270 167 56 1924.

456 3348 80 44 136
580 3363 40 38 p.
681 3347 117 45 illus.
826 3347 128 54 (incl.
999 3346 154 54 plans)
1225 3347 50 44 19½c
1326 3348 30 17 m
1362 3382 8 8 .
1440 3345 290 54 (Cokesbury
1778 3345 198 54 training
2018 3360 175 36 course,
2239 3345 53 47 E.
2339 3346 51 43 B.

385 3404 229 53 Chappell,
640 3404 175 53 editor)

380 3459 53 53 ©
464 3462 108 43 Dec.
606 3459 62 51 15,
701 3461 129 52 1924;
861 3461 65 43 2c.
958 3461 88 43 and
1075 3461 79 43 aff.
1185 3461 100 52 Jan.
1320 3460 63 52 12,
1418 3457 130 54 1925;
1581 3459 44 43 A
1655 3458 191 53 814730;
1879 3463 170 46 Lamar
2079 3460 87 44 and
2198 3461 185 53 Barton,

451 3518 252 52 Nashville,
730 3517 144 45 Tenn.
941 3516 244 55 (25-4304)

379 3618 190 72 Shay,
606 3617 231 69 Frank,
877 3619 91 59 ed.

459 3706 409 71 Twenty-five
925 3707 177 58 short
1157 3708 202 72 plays,
1411 3705 471 72 international,
1940 3706 269 63 selected
2265 3709 120 58 and

382 3785 211 60 edited
616 3788 85 70 by
727 3786 218 57 Prank
973 3786 188 72 Shay.
1245 3787 154 57 New
1422 3786 177 57 York
1629 3788 147 70 [etc.]
1808 3787 73 55 D.
1911 3786 325 73 Appleton
2264 3789 122 56 and

381 3881 326 55 company,
740 3864 167 58 1925.

450 3940 95 53 viii,
582 3941 78 44 381
697 3955 40 38 p.
797 3942 52 42 21
858 3943 48 18 cm
912 3975 10 10 .

382 3999 53 53 ©
489 4015 69 28 Jan.
582 4000 66 47 23,
676 3997 130 53 1925;
831 4000 65 42 2c.
921 3998 106 45 Feb.
1052 4000 51 51 2;
1130 3999 79 44 aff.
1235 3998 107 45 Feb.
1368 3997 50 55 7;
1447 3999 43 43 A
1513 3998 193 54 814963;
1734 4000 56 43 D.
1815 3999 229 53 Appleton
2070 4000 37 45 &
2131 4014 66 30 co.

460 4055 244 56 (25-4062)
