2533 4412
0 0 0 0 1265
108 393 225 72 Miller,
371 393 124 57 Leo
534 391 290 72 Edward,
866 392 189 57 1887-

111 477 1988 156 The jungle pirates, by Leo E. Miller … New York, C. Scribner’s sons, 1925.
177 652 840 52 5 p. l ., 235 p. front., plates. 21cm
109 715 1993 59 © Oct. 9, 1925; 2c. Oct. 1 4; aff. Oct. 12; A 869696; Charles Scribner’s sons.
188 777 270 55 (25-21421)

111 878 224 71 Miller,
370 881 153 56 Mrs.
561 878 175 58 Olive
771 877 265 58 Kennon
1080 877 345 73 (Beaupré)
1470 877 91 58 ed.

187 971 103 71 Up
318 990 115 37 one
459 970 148 71 pair
632 969 68 58 of
730 969 192 57 stairs
952 969 67 57 of
1047 988 105 52 my
1177 968 374 72 bookhouse,
1584 968 207 58 edited
1818 970 83 70 by
1931 968 176 59 Olive

110 1048 289 72 Beaupré
439 1048 226 56 Miller,
770 1045 289 75 Chicago,
1103 1047 129 56 The
1274 1046 370 58 Bookhouse
1686 1046 107 58 for
1830 1045 279 60 children

113 1157 13 44 [
129 1136 17 22 c
150 1129 165 71 1925]

175 1219 82 43 448
279 1233 39 37 p.
379 1217 116 44 illus.
521 1217 127 54 (part
669 1217 111 53 col.)
846 1217 53 43 24
906 1220 16 18 cm
960 1251 9 9 .

180 1290 212 44 Lettered
413 1304 58 30 on
493 1303 136 30 cover
643 1304 9 28 :
687 1289 83 53 My
795 1290 121 42 book
938 1292 155 48 house,
1115 1297 104 35 two.

112 1362 52 54 ©
196 1365 101 43 Oct.
332 1364 63 51 12,
430 1361 130 53 1925;
592 1363 65 42 2c.
691 1363 101 43 Oct.
829 1362 73 51 16;
937 1361 77 43 aff.
1049 1362 101 43 Oct.
1182 1361 78 52 23;
1294 1361 44 42 A
1370 1359 190 54 869676;
1597 1362 55 43 O.
1688 1361 50 43 B.
1774 1360 171 53 Miller,
181 1361 1905 111 Winnetka,
359 1420 70 43 Ill.
498 1416 272 58 (25-21162)

112 1521 451 73 Montgomery,
597 1518 202 59 Leslie
829 1518 376 58 Alexander.

187 1614 289 72 Weights
509 1614 124 56 and
661 1631 342 54 measures,
1034 1613 83 70 by
1147 1612 180 71 Lynn
1359 1611 199 72 Doyle
1609 1612 217 72 [pseud.]

185 1706 81 51 (In
296 1706 177 42 Strand
500 1705 257 51 magazine,
787 1705 133 50 Aug.,
952 1704 128 51 1925)

113 1772 1995 55 © 1c. Sept. 18, 1925; A ad int. 7294; pubd. July 24; L. Montgomery,
184 1831 184 53 Dublin,
403 1831 194 43 Ireland.

113 1931 231 70 Moore,
381 1930 257 71 George,
680 1932 189 56 1852-

113 2019 1998 152 Hail and farewell! by George Moore … New York, D. Appleton and company, 1925.
181 2193 28 41 2
235 2207 42 28 V.
338 2190 137 46 front.,
503 2190 166 54 (port.)
736 2191 54 42 22½
824 2192 48 18 cm
877 2226 11 10 .

444 2271 103 35 CONTENTS.—I.
578 2263 113 43 Ave.
754 2261 263 46 Salve.—II.
1052 2261 135 46 Salve
1229 2261 290 54 (continued)
1586 2261 130 46 Vale.

116 2331 52 54 ©
197 2334 101 43 Oct.
323 2333 68 52 23,
421 2330 130 54 1925;
578 2333 67 42 2c.
673 2332 111 43 each
809 2332 87 43 and
923 2332 103 43 affs.
1057 2333 101 43 Oct.
1186 2332 79 52 26;
1295 2333 44 42 A
1367 2331 177 52 869740,
1576 2331 189 54 869741;
1798 2334 57 42 D.
1883 2334 228 52 Appleton

186 2390 87 43 and
297 2404 66 29 co.
433 2388 271 55 (25-21405)

117 2487 257 76 Morley,
414 2488 410 74 Christopher
858 2488 396 74 Darlington,
1295 2492 190 56 1890-

191 2582 356 58 Parnassus
586 2601 77 38 on
697 2581 245 72 wheels,
976 2582 83 71 by
1093 2579 414 74 Christopher
1541 2580 276 74 Morley;
1851 2581 152 60 with
2037 2602 79 40 an

113 2659 426 59 introduction
565 2661 84 71 by
676 2659 74 56 A.
785 2660 278 57 Edward
1092 2659 280 58 Newton.
1449 2657 253 61 Garden
1733 2659 162 75 City,
1928 2661 74 57 N.
2022 2661 93 73 Y.,

115 2738 385 72 Doubleday,
529 2739 173 71 Page
734 2736 48 59 &
811 2755 322 54 company,
1167 2738 164 56 1925.

219 2827 1535 55 x p., 2 l., 3-190 p. 18½ cm . [The Lambskin library, no. 48]
118 2899 53 53 ©
204 2901 101 43 Oct.
336 2901 39 49 9,
410 2898 130 53 1925;
574 2899 65 43 2c.
671 2899 86 43 and
788 2899 78 43 aff.
902 2899 101 43 Oct.
1037 2898 76 52 30;
1148 2899 44 42 A
1224 2898 190 52 869834;
1450 2898 282 54 Doubleday,
1766 2900 125 53 Page
1925 2901 38 44 &
1993 2915 65 29 co.

197 2953 271 58 (25-21765)

120 3057 224 71 Morse,
386 3054 324 61 Withrow.

122 3144 1973 158 Applied biochemistry, by Withrow Morse … Philadelphia and London, W. B. Saunders company [ c 1925]
188 3317 27 42 2
238 3333 40 37 p.
323 3351 24 19 l.,
373 3316 161 44 11-958
558 3332 39 37 p.
659 3314 116 45 illus.
802 3315 127 55 (incl.
955 3315 167 54 ports.)
1148 3315 144 53 plates
1323 3317 127 53 (part
1474 3316 110 55 col.)
1610 3319 168 52 diagrs.
1835 3317 55 47 25
1897 3323 47 17 cm
1950 3355 10 9 .

191 3387 285 54 “Suggested
501 3388 234 53 readings”
762 3396 46 36 at
832 3389 83 43 end
939 3388 53 44 of
1015 3388 108 44 each
1147 3387 196 53 chapter.

123 3445 52 54 ©
207 3448 102 43 Oct.
337 3446 67 52 20,
438 3445 129 53 1925;
598 3446 66 43 2c.
697 3447 101 43 Oct.
828 3446 80 52 23;
940 3446 80 43 aff.
1053 3446 101 43 Oct.
1185 3445 78 53 24;
1297 3446 44 42 A
1372 3444 188 55 872075;
1594 3448 76 44 W.
1705 3448 50 42 B.
1792 3448 227 46 Saunders
2051 3464 65 29 co.

200 3502 246 54 (25-21709)

124 3601 299 68 Moulton,
468 3600 243 58 Harold
750 3599 214 73 Glenn,
1007 3602 190 58 1883-

200 3691 130 57 The
377 3690 294 58 financial
717 3689 434 74 organization
1200 3690 68 58 of
1317 3691 252 74 society,
1616 3693 86 72 by
1746 3693 247 59 Harold
2042 3693 70 61 G.

124 3766 1967 154 Moulton … 2d ed. Chicago, Ill., The University of Chicago press [ c 1925]
196 3928 167 51 xxxix,
393 3924 83 46 780
505 3941 39 37 p.
576 3927 70 43 incl.
710 3926 159 50 forms,
899 3924 166 54 diagrs.
1124 3926 25 41 21½
1212 3927 47 17 cm
1266 3960 8 8 .
1344 3923 290 56 (Half-title:
1669 3926 241 46 Materials
1942 3927 75 45 for
2045 3927 73 45 the

129 3983 132 53 study
289 3984 51 45 of
366 3982 232 54 business)
