2533 4412
0 0 0 0 634
347 510 2010 76 John P. Clarke … with a preface by Rev. Hugh F. Blunt
415 589 1940 77 … New York, Cincinnati [etc.] Benziger brothers, 1925.
421 667 904 54 103 p. front. (port.) plates. 19 cm .
345 724 53 54 ©
428 727 112 52 May
572 727 62 51 18,
669 726 129 53 1925;
828 728 66 42 2c.
926 728 114 52 May
1066 728 79 52 29;
1176 728 79 43 aff.
1286 728 113 52 May
1428 728 78 51 23;
1539 728 43 42 A
1613 725 189 54 829465;
1838 727 226 53 Benziger
2094 727 120 45 bros.

423 783 272 54 (25-10942)

349 869 259 75 Clough,
647 869 169 60 Fred
849 869 84 59 M.

423 947 1933 74 Blasting the rock of ages, by F. M. Clough … Boston,
347 1027 130 57 The
507 1027 345 72 Roxburgh
879 1025 367 75 publishing
1277 1046 323 53 company,
1629 1027 117 58 inc.
1781 1056 14 43 [
1795 1036 21 21 c
1819 1028 165 72 1925]

415 1104 94 55 viii,
540 1104 170 48 [9]-350
737 1120 40 38 p.
837 1104 55 44 20
899 1107 47 18 cm
952 1140 9 8 .

346 1161 53 54 ©
433 1164 117 51 June
582 1165 39 50 8,
659 1162 130 52 1925;
826 1164 65 42 2c.
926 1163 88 43 and
1049 1162 78 44 aff.
1164 1164 119 51 June
1320 1162 74 52 15;
1434 1163 43 43 A
1513 1162 191 53 829698;
1745 1161 49 45 F.
1833 1164 64 43 M.
1936 1161 195 55 Clough,
2168 1166 186 51 Bryant,

418 1218 477 56 S. D . (25-11254)
349 1304 389 72 Culbertson,
778 1304 285 61 William
1100 1304 223 72 Smith,
1366 1308 190 57 1884-

422 1385 463 57 International
931 1384 312 58 economic
1282 1383 291 74 policies;
1617 1405 38 38 a
1698 1403 233 55 survey
1972 1385 69 57 of
2080 1385 104 59 the
344 1405 1989 117 economics

626 1463 1664 73 of diplomacy, by William Smith Culbertson …
345 1543 152 57 New
521 1543 191 70 York,
740 1543 280 67 London,
1048 1544 73 56 D.
1152 1543 321 71 Appleton
1501 1543 126 58 and
1654 1562 324 53 company,
2010 1544 166 57 1925.

414 1619 688 56 xviii p., 1 l., 575 p. 21 cm .
345 1678 53 54 ©
426 1680 116 51 June
573 1677 63 54 15,
666 1677 131 54 1925;
824 1679 65 44 2c.
917 1680 88 43 and
1031 1678 78 45 aff.
1138 1681 117 51 June
1280 1679 78 52 20;
1390 1680 43 42 A
1463 1677 189 55 855612;
1685 1681 56 42 D.
1771 1680 229 53 Appleton
2029 1680 39 45 &
2094 1695 66 29 co.

424 1734 273 57 (25-11236)

350 1824 242 70 Curme,
626 1823 242 71 George
904 1821 230 72 Oliver,
1172 1823 191 58 1860-

426 1898 1862 74 College English grammar, by George O. Curme …
345 1979 367 72 Richmond,
738 1978 137 72 Va.,
902 1978 289 60 Johnson
1217 1977 366 74 publishing
1610 1996 308 54 company
1948 2006 13 45 [
1963 1985 21 22 c
1985 1979 165 74 1925]

415 2056 929 56 2 p. l., iii -xxii p., 1 l., 414 p. 20 cm .
346 2115 53 54 ©
430 2117 116 51 June
580 2116 61 49 10,
678 2115 104 45 1925;
840 2117 64 42 2c.
936 2116 88 42 and
1054 2115 79 43 aff.
1165 2116 116 51 June
1315 2113 52 44 12;
1423 2114 43 43 A
1498 2112 166 45 829648;
1722 2113 203 52 Johnson
1956 2113 103 53 pub.
2091 2129 53 29 co
2149 2149 8 9 .

424 2171 273 57 (25-11104)

350 2262 221 72 Curry,
605 2258 225 59 Albert
866 2259 218 69 Bruce,
1121 2257 79 72 jr.

424 2333 1865 75 Facing student problems, by A. Bruce Curry, jr. …
347 2413 1985 152 Council of Christian associations … New York, Association press, 1925.
517 2610 7 14 XXV,
561 2573 77 44 158
669 2588 39 39 p.
772 2573 53 46 19
829 2574 48 18 cm
883 2607 8 9 .

420 2632 126 44 “The
581 2630 235 54 Scripture
847 2638 98 36 text
978 2630 37 43 is
1046 2629 135 44 taken
1215 2629 121 43 from
1372 2626 112 46 ‘The
1517 2628 119 44 New
1664 2626 283 54 Testament,
1976 2644 27 29 a
2032 2644 98 29 new
347 2630 1989 111 translation’,
500 2691 59 52 by
588 2690 153 51 James
771 2686 235 46 Moffatt.”

347 2741 2009 59 © June 3, 1925; 2c. June 9; aff, June 12; A 829706; Internati, committee of
417 2798 1022 57 Y. M . C. A., New York. (25-11253)
348 2890 216 72 Davis,
601 2890 154 73 Roy.

424 2963 1933 73 Business letter-writing, by Roy Davis … and Clarence
347 3047 79 58 H.
455 3046 327 74 Lingham.
867 3046 258 71 Boston,
1153 3043 152 57 New
1329 3042 174 57 York
1532 3045 146 73 [etc.]
1710 3042 165 59 Ginn
1902 3043 124 58 and
2052 3061 308 55 company

350 3156 12 44 [
364 3137 18 20 c
387 3127 164 69 1925]

417 3222 43 33 V,
488 3203 81 46 317
597 3219 39 38 p.
697 3203 118 44 illus.
842 3200 198 56 (forms)
1107 3201 55 44 20
1168 3202 47 18 cm
1222 3235 9 8 .

421 3262 176 44 “Based
628 3275 118 38 upon
775 3260 76 44 the
882 3259 135 44 latter
1045 3258 101 44 half
1174 3257 52 46 of
1254 3257 75 46 the
1360 3257 202 44 authors’
1596 3257 229 45 ‘Business
1858 3256 192 56 English
2082 3260 89 43 and
350 3274 1985 98 correspondence’.”

345 3370 2007 60 © May 27, 1925; 2c. June 15; aff. June 13; A 855558; R. Davis, Belmont,
421 3435 155 50 Mass.,
609 3433 87 43 and
728 3431 218 45 Clarence
977 3431 62 43 H.
1073 3429 237 53 Lingham,
1341 3428 234 52 Littleton,
1610 3429 142 43 Mass.
1822 3429 274 55 (25-11196)

352 3520 210 69 Elson,
603 3518 220 72 Henry
857 3513 299 71 William,
1198 3515 189 57 1857-

427 3597 265 56 Modern
724 3594 183 57 times
943 3593 121 57 and
1098 3591 104 57 the
1233 3589 200 71 living
1461 3593 166 68 past,
1659 3590 84 72 by
1773 3590 224 73 Henry
2026 3592 96 59 W.
2159 3594 197 58 Elson

418 3668 1940 76 … New York, Cincinnati [etc.] American book company
351 3785 12 42 [
366 3764 18 21 c
389 3754 164 67 1925]

419 3832 93 50 viii,
542 3830 95 51 730,
666 3827 259 45 ix-xxxviii
955 3841 40 37 p.
1056 3825 84 45 col.
1170 3825 154 50 front.,
1355 3822 131 53 illus.,
1515 3823 144 53 plates
1697 3824 128 53 (part
1854 3824 111 55 col.)
2004 3841 141 38 maps.
2204 3828 54 44 20½
2292 3831 46 18 cm
2345 3864 9 8 .

422 3887 120 46 “For
570 3886 179 44 further
777 3883 216 53 reading”
1022 3891 44 36 at
1095 3883 86 43 end
1208 3882 50 44 of
1287 3880 110 45 each
1428 3881 197 51 chapter.

350 3947 54 54 ©
438 3948 110 50 May
578 3945 68 51 29,
680 3942 130 52 1925;
842 3942 65 43 2c.
940 3941 86 43 and
1057 3940 78 43 aff.
1169 3940 118 51 June
1318 3938 75 50 13;
1428 3938 43 42 A
1504 3935 189 53 855538;
1728 3938 245 45 American
2005 3940 121 44 book
2154 3956 67 29 co.
2298 3941 53 54 [©

421 4020 24 27 a
477 4002 193 46 revision
702 4000 88 45 and
817 3997 214 53 bringing
1060 4005 46 35 to
1135 3995 117 54 date].
1324 3991 272 57 (25-11158)
