2533 4412
1321 4079 112 56 396

514 538 10 17 xx,
553 503 81 43 320
664 519 41 36 p.
768 502 149 53 front.,
949 502 156 53 plates.
1165 504 55 44 24
1227 506 46 17 cm
1280 540 9 9 .

447 560 407 53 “Supplementary
884 568 48 37 to
967 559 149 53 ‘Ships
1151 561 54 44 of
1238 561 75 45 the
1343 560 174 45 United
1551 561 150 46 States
1732 575 122 38 navy
1883 561 87 44 and
2002 560 120 45 their
2152 576 232 37 sponsors,

379 616 258 46 1797-1913’
673 632 145 38 [comp.
863 618 58 51 by
953 616 139 47 Edith
1123 617 208 44 Wallace
1363 617 215 52 Benham,
1612 618 136 45 Anne
1779 617 177 45 Martin
1986 615 126 49 Hall]
2147 616 237 54 published

373 672 2010 54 in 1913 … prepared primarily for the Society of sponsors of the United
375 731 149 46 States
555 730 487 54 navy.”—Foreword.

377 785 53 54 ©
457 787 112 52 Apr.
597 786 38 52 6,
666 785 129 53 1925;
823 787 66 42 2c.
918 786 112 51 Apr.
1063 786 75 51 11;
1169 785 78 43 aff.
1276 784 112 52 Apr.
1419 785 50 51 9;
1501 784 46 42 A
1573 783 190 53 822855;
1798 782 182 56 Society
2008 785 51 44 of
2087 800 214 39 sponsors
2332 785 51 45 of

447 844 76 44 the
549 843 171 45 United
748 842 150 48 States
924 857 130 38 navy,
1081 841 319 53 Washington.
1471 839 244 57 (25-8347)

376 931 166 72 Hall,
585 931 230 73 Harry,
859 932 190 56 1866-
1209 931 90 57 ed.

455 1027 158 58 Real
665 1029 199 54 estate
917 1024 257 58 manual
1226 1024 105 58 for
1383 1024 279 72 brokers,
1718 1044 261 53 owners,
2032 1026 124 57 and
378 1044 1985 132 operators,

602 1103 208 59 edited
837 1103 83 72 by
949 1102 219 73 Harry
1194 1101 168 74 Hall,
1394 1101 261 61 Charles
1687 1103 69 59 G.
1787 1103 330 72 Edwards,
2145 1103 239 73 Argyle

376 1183 72 56 R.
490 1182 301 72 Parsons,
834 1182 124 57 and
999 1181 76 58 A.
1122 1179 64 60 C.
1230 1179 358 71 MacNulty.
1673 1180 255 60 Garden
1970 1179 162 75 City,
2175 1181 73 57 N.
2292 1183 93 69 Y.,

375 1261 388 70 Doubleday,
795 1260 172 72 Page
997 1258 50 57 &
1074 1277 323 55 company,
1433 1259 165 57 1925.

446 1337 904 55 xiv p., 1 l., 432 p. diagrs. 19 ½ cm .
446 1396 153 45 “First
624 1395 214 46 edition.”

377 1451 53 55 ©
460 1452 106 45 Feb.
599 1451 66 52 27,
699 1450 132 53 1925;
861 1451 65 43 2c.
959 1451 87 42 and
1076 1449 79 44 aff.
1189 1449 119 43 Mar.
1339 1448 79 53 28;
1453 1449 44 43 A
1527 1448 190 53 822666;
1749 1451 135 44 West
1914 1448 96 47 side
2039 1452 55 43 Y.
2130 1452 66 43 M.
2228 1451 51 46 C.
2309 1455 72 49 A.,

447 1510 119 43 New
600 1509 143 44 York.
814 1507 244 55 (25-8311)

375 1593 246 74 Harris,
653 1592 342 59 Nathaniel
1028 1591 241 73 Edwin,
1305 1596 190 55 1846-

452 1685 528 73 Autobiography;
1056 1685 104 57 the
1207 1687 178 69 story
1429 1685 69 57 of
1539 1706 80 37 an
1662 1685 102 58 old
1807 1691 224 59 man’s,
2058 1688 132 72 life,
2233 1690 152 57 with

377 1764 475 60 reminiscences
882 1764 66 56 of
976 1761 405 73 seventy-five
1408 1781 208 54 years,
1643 1764 84 71 by
1751 1764 342 59 Nathaniel
2118 1766 73 57 E.
376 1767 1986 135 Harris

559 1841 1627 74 … Macon, Ga., The J. W. Burke company, 1925.
446 1921 80 44 550
557 1936 39 38 p.
659 1921 151 53 front.,
845 1920 114 43 illus.
988 1918 125 54 (incl.
1146 1917 167 54 ports.)
1380 1918 53 43 20
1441 1921 46 17 cm
1494 1954 9 8 .

377 1978 53 54 ©
459 1980 113 52 Apr.
600 1979 40 51 2,
675 1976 103 45 1925;
837 1978 64 42 2c.
933 1977 111 53 Apr.
1076 1977 25 41 4;
1159 1977 79 42 aff.
1271 1976 112 51 Apr.
1416 1977 23 42 3;
1499 1976 45 42 A
1576 1975 160 44 822781;
1802 1977 59 43 N.
1895 1976 52 48 E.
1982 1977 183 54 Harris,
2200 1979 181 52 Macon,

450 2037 78 45 Ga.
599 2034 244 56 (25-8362)

377 2121 181 69 Hart,
587 2119 226 58 Albert
844 2117 318 71 Bushnell,
1197 2121 189 56 1854-
1561 2120 91 57 ed.

455 2212 232 59 Source
731 2210 159 58 book
932 2210 68 57 of
1042 2208 338 58 American
1421 2209 278 72 history;
1745 2210 208 58 edited
1995 2211 105 58 for
2142 2212 242 59 schools

376 2287 2009 75 and readers, by Albert Bushnell Hart … with practical
374 2368 478 59 introductions.
938 2367 149 57 Rev.
1117 2366 90 57 ed.
1285 2365 151 57 New
1462 2365 191 71 York,
1682 2367 130 57 The
1840 2368 360 58 Macmillan
376 2388 1984 132 company;

611 2450 148 68 [etc.,
799 2449 128 70 etc.]
965 2446 166 58 1925.

445 2526 126 52 xlvii,
602 2525 80 43 443
713 2539 38 37 p.
814 2523 153 48 front.,
1000 2522 198 43 facsims.
1227 2522 126 52 (part
1385 2521 187 50 double)
1644 2522 48 43 19½
1728 2524 47 17 cm
1782 2557 8 8 .

377 2581 53 55 ©
455 2583 112 53 Apr.
595 2580 39 55 7,
665 2580 131 54 1925;
825 2581 63 43 2c.
918 2581 86 43 and
1031 2580 79 43 aff.
1139 2579 111 53 Apr.
1279 2579 49 52 8;
1359 2580 43 42 A
1431 2579 189 53 822806;
1651 2579 267 44 Macmillan
1945 2595 65 30 co.
2075 2578 66 55 [©
2168 2595 100 30 new
2295 2581 87 44 and

448 2640 175 43 revised
658 2638 221 52 material]
951 2636 244 55 (25-8359)

375 2723 292 73 Howells,
708 2724 141 73 Roy
886 2722 70 59 G.

453 2811 1924 74 The zodiac and you, by R. G. Howells … Miami, Fla.,
373 2896 72 56 R.
476 2893 69 59 G.
574 2892 277 58 Howells
879 2891 48 57 &
953 2910 106 54 co.,
1086 2899 18 21 c
1109 2892 165 56 1924.

450 2970 534 55 143 p. illus. 19 ½ cm .
446 3029 300 51 Advertising
778 3035 165 35 matter
960 3042 8 28 :
1003 3041 38 38 p.
1079 3026 202 46 141-143.

374 3085 56 54 ©
454 3087 120 52 Aug.
604 3085 64 52 15,
695 3086 130 49 1924;
850 3085 65 42 2c.
941 3084 119 52 Aug.
1088 3082 50 53 6;
1165 3084 79 43 aff.
1275 3082 121 53 Sept.
1422 3084 50 51 2;
1501 3083 44 42 A
1571 3082 189 53 801596;
1790 3084 53 43 R.
1875 3083 51 45 G.
1954 3085 222 52 Howells,
2204 3085 176 53 Miami,

449 3143 95 43 Fla.
614 3141 244 55 (25-5496)

375 3228 245 72 Kallen,
653 3228 245 57 Horace
929 3227 232 71 Meyer,
1196 3227 190 57 1882-

452 3321 372 72 Education,
851 3321 104 58 the
979 3320 283 58 machine
1289 3320 123 57 and
1439 3320 103 58 the
1566 3320 245 57 worker;
1869 3342 79 37 an
1976 3341 185 52 essay
2184 3322 67 57 in
2276 3322 103 58 the

377 3401 384 73 psychology
793 3400 67 57 of
891 3397 330 59 education
1252 3397 63 57 in
1345 3395 343 60 industrial
1717 3397 234 74 society
1987 3399 111 73 [by]
2134 3399 246 58 Horace

377 3475 1814 73 M. Kallen … New York, New republic, inc., 1925.
442 3555 82 46 xiv
550 3572 54 38 p.,
637 3558 16 42 1
702 3590 21 15 l.,
750 3555 82 44 204
858 3570 42 36 p.
963 3555 50 44 19
1019 3556 48 18 cm
1072 3589 10 8 .

378 3611 53 54 ©
458 3613 111 51 Apr.
599 3611 39 51 6,
670 3609 131 52 1925;
829 3610 64 42 2c.
928 3609 119 42 Mar.
1078 3608 76 49 31;
1187 3607 79 43 aff.
1296 3607 112 51 Apr.
1438 3606 50 52 8;
1521 3607 44 42 A
1594 3606 164 44 823659;
1819 3608 119 44 New
1967 3607 212 54 republic,
2211 3609 84 45 inc.

457 3667 243 56 (25-8444)

376 3754 229 69 Keller,
650 3751 175 73 Paul,
869 3754 189 57 1873-

457 3850 117 58 Die
615 3846 265 70 heimat;
925 3864 220 39 roman
1188 3863 112 39 aus
1343 3846 119 57 den
1506 3843 414 60 schlesischen
1962 3846 250 73 bergen,
2257 3866 117 39 von

380 3927 161 57 Paul
605 3924 235 58 Keller.
944 3923 269 57 Breslau
1278 3922 128 57 und
1471 3920 274 74 Leipzig,
1813 3923 566 76 Bergstadtverlag

382 4036 12 43 [
396 4013 16 21 c
419 4006 164 71 1924]
