2533 4412
0 0 0 0 286
337 403 166 73 Rice,
547 402 145 59 Cale
730 403 243 74 Young,
1017 407 190 57 1872-

414 497 1745 73 Bitter brew, by Cale Young Rice … New York &
340 500 1977 150 London, The Century co. [ c 1925]
407 666 1258 57 5 p. l., 3-135 p. front. (port.) 19½c m . $1.50
408 743 180 43 Poems.

337 808 53 54 ©
416 811 120 42 Mar.
565 811 63 49 14,
657 806 130 55 1925;
811 808 66 44 2c.
901 808 88 43 and
1011 808 79 43 aff.
1119 808 118 43 Mar.
1262 808 78 52 21;
1369 808 43 42 A
1438 807 190 53 823469;
1659 807 47 45 C.
1732 809 56 43 Y.
1816 810 125 51 Rice,
1967 809 259 48 Louisville.
2252 810 90 53 Ky.

415 864 243 58 (25-6912)

339 981 641 70 Schmitt-Auracher,
1012 982 176 56 Frau
1216 979 77 57 A.

483 1071 1859 75 … Carl v. Hess zum 28. juni 1924, von frau dr. med.
335 1150 1986 138 Schmitt-Auracher … Mit einem bildnis und einer farbentafel.
712 1229 312 57 München
1059 1229 129 57 und
1221 1228 237 73 Berlin,
1497 1229 72 56 R.
1609 1229 419 75 Oldenbourg,
2067 1233 165 56 1924.

405 1322 55 43 46
490 1336 38 37 p.
589 1320 83 44 col.
703 1335 70 37 pl.,
806 1327 116 45 port.
980 1319 54 44 23
1043 1322 47 17 cm
1095 1354 10 9 .

336 1388 2008 59 © June 8, 1924; 1c. Nov. 22; A—Foreign 26367; Frau A. Schmitt-Auracher,
408 1448 245 53 München,
694 1447 242 53 Germany.

338 1550 325 72 Schubert,
696 1550 168 71 Max,
903 1551 55 57 d.
993 1550 167 57 1901.

412 1642 117 58 Die
571 1641 683 58 cellulosefabrikation
1306 1641 750 74 (zellstolffabrikation).
336 1645 1996 135 Praktisches

592 1720 332 58 handbuch
949 1719 108 56 für
1083 1719 250 72 papier-
1359 1720 128 57 und
1515 1721 632 75 cellulosetechniker,
334 1724 1996 134 kaufmännische

731 1798 381 69 direktoren,
1148 1797 414 72 werkführer,
1602 1799 184 57 sowie
1825 1819 138 37 zum
1998 1800 353 60 unterricht

334 1879 66 57 in
433 1877 423 58 fachschulen.
941 1876 122 59 Mit
1096 1877 110 54 142
1244 1875 419 73 abbildungen
1698 1895 122 38 von
1856 1878 151 57 Max
2043 1878 308 60 Schubert

334 1953 1991 152 … 4. umgearb. und vervollständigte aufl. von Ernst Altmann … Berlin, M. Krayn, 1924.
404 2129 79 52 xii,
518 2126 81 46 279
632 2141 39 39 p.
733 2125 115 44 illus.
908 2123 52 45 25
970 2126 46 17 cm
1024 2159 8 8 .
1102 2123 18 54 (
1127 2123 165 45 Added
1325 2129 117 47 t.-p.:
1480 2124 172 44 Werke
1685 2124 78 43 für
1794 2125 71 45 die
1898 2126 452 55 papierfabrikation,

335 2181 682 54 von Max Schubert … 2)
336 2250 1624 60 © Aug. 22, 1924; 1c. Nov. 22; A —Foreign 26369; M. Krayn.
416 2312 244 57 (25-8135)

338 2415 272 71 Schultz,
647 2410 313 63 Wilhelm.

412 2510 247 58 Unsere
727 2505 330 58 zeitmesser
1084 2503 131 56 und
1243 2501 138 57 ihre
1412 2502 430 73 behandlung;
1878 2505 327 75 anleitung
2235 2529 109 37 zur

340 2587 480 74 saohgemässen
842 2580 404 73 behandlung
1270 2581 114 57 der
1407 2580 283 58 taschen-
1714 2583 130 57 und
1867 2583 475 63 zimmeruhren.

339 2659 2003 79 Text und Originalzeichnungen von Wilhelm Schultz † ;
334 2736 2008 82 hrsg. von Fr. A. Kames … Berlin, Verlag Deutsche
335 2817 672 72 uhrmacher-zeitung,
1046 2816 166 56 1924.

407 2913 53 44 36
487 2927 39 37 p.
586 2910 115 43 illus.
757 2908 57 43 22
819 2910 47 17 cm
873 2941 9 9 .

335 2974 1985 119 © July 1, 1924; 1c. Nov. 10; A —Foreign 26319; Deutsche uhrmacherzeitung.
338 3142 317 67 Schuster,
694 3133 313 73 Wilhelm,
1048 3134 190 57 1880-

414 3234 116 58 Die
582 3230 182 72 vögel
817 3226 517 71 Mitteleuropas;
1391 3223 329 59 handbuch
1775 3227 111 58 der
1941 3233 403 70 praktischen

381 3309 344 77 vogelkunde
758 3306 112 60 auf
897 3304 210 73 grand
1132 3307 295 53 neuester
1456 3301 746 79 forschungsergebnisse
2231 3315 114 59 mit

335 3390 381 61 besonderer
750 3380 596 72 berücksichtigung
1379 3382 109 57 des
1522 3379 564 67 wirtschaftlichen
2119 3397 225 55 wertes

349 3471 256 71 (nutzen
670 3464 131 58 und
868 3459 299 72 schaden)
1245 3459 111 58 der
1423 3460 181 70 vögel
1673 3459 481 81 Deutschlands,
2223 3490 122 39 von

336 3537 1985 149 pfarrer Wilhelm Schuster von Forstner … mit 32 farbendrucktafeln
891 3617 130 58 und
1056 3616 110 57 160
1202 3613 419 72 abbildungen
1656 3615 86 59 im
1778 3622 149 55 text.
2010 3621 72 77 2.,
335 3625 1984 137 zeitgemäss

532 3697 318 74 umgearb.
879 3695 132 57 und
1038 3713 194 38 verm.
1264 3693 138 57 aufl.
1486 3693 340 72 Esslingen
1857 3699 129 58 und
2017 3701 325 76 München,

338 3784 60 59 J.
429 3784 69 57 F.
530 3776 333 63 Schreiber
895 3804 13 43 [
910 3782 19 23 c
933 3773 166 73 1923]

408 3873 130 52 xxiv,
568 3871 81 45 352
678 3884 41 39 p.
779 3867 133 52 illus.,
944 3867 55 43 32
1027 3864 85 45 col.
1142 3865 59 53 pl.
1260 3865 51 42 21
1322 3866 47 17 cm
1374 3899 10 9 .

338 3934 1860 66 © Apr. 1, 1923; 1c. Jan. 3, 1925; A —Foreign 26820; J. F. Schreiber.
419 3999 243 58 (25-8193)
