2533 4412
1291 4078 149 55 1234

359 404 326 72 Murdock,
723 404 294 58 Kenneth
1050 402 279 61 Ballard.

435 483 295 56 Increase
770 481 272 72 Mather,
1082 481 105 59 the
1227 481 308 59 foremost
1576 482 340 59 American
1954 484 289 74 Puritan,
2283 485 82 73 by

356 559 1986 151 Kenneth Ballard Murdock … Cambridge, Harvard university
628 656 201 54 press,
862 639 166 56 1925.

427 734 75 35 xv,
530 718 81 43 442
640 732 40 38 p.
742 717 155 53 front.,
924 717 157 53 plates,
1110 724 153 46 ports.,
1294 717 162 45 double
1483 732 116 39 map,
1630 718 197 44 facsims.
1889 717 50 46 25
1949 721 45 17 cm
2003 754 8 8 .

430 773 272 56 “Appendix
742 786 38 31 c.
824 774 98 43 List
963 774 51 44 of
1056 775 141 43 books
1241 774 204 44 referred
1487 774 99 44 to”:
1630 791 38 37 p.
1729 775 223 44 [407]—415.
2016 776 270 53 “Appendix
2357 813 7 7 D.

360 833 233 46 Checklist
622 831 50 46 of
702 830 221 46 Mather’s
953 830 264 54 writings”:
1248 846 39 39 p.
1320 831 237 47 [416]—422.

429 891 143 43 Index
603 890 59 52 by
694 888 177 53 George
903 889 50 42 B.
988 889 113 43 Ives.

359 946 52 53 ©
443 947 101 43 Oct.
578 944 64 53 17,
676 943 129 54 1925;
836 945 64 43 2c.
935 945 101 43 Oct.
1071 946 74 51 19;
1178 945 79 43 aff.
1291 946 101 43 Oct.
1422 945 78 52 23;
1533 947 43 41 A
1608 945 188 53 869722;
1831 948 219 42 Harvard
2079 947 119 44 univ.
2231 962 138 38 press.

439 1001 272 56 (25-21276)

358 1088 295 74 Murphy,
694 1087 271 57 Thomas
1001 1085 267 72 Dowler,
1307 1089 191 58 1866-

507 1166 1866 76 … Seven wonderlands of the American West; being
361 1247 104 57 the
492 1248 180 55 notes
704 1245 68 57 of
801 1265 36 37 a
866 1244 279 58 traveler
1172 1244 378 73 concerning
1576 1245 257 58 various
1864 1245 412 75 pilgrimages
2308 1251 63 54 to

361 1325 103 57 the
516 1323 421 57 Yellowstone
990 1322 286 58 national
1325 1322 179 73 park,
1559 1324 104 57 the
1715 1323 321 59 Yosemite
2087 1325 286 58 national

361 1403 176 73 park,
588 1401 104 59 the
744 1400 220 60 Grand
1015 1399 259 74 Canyon
1323 1400 286 59 national
1657 1401 178 74 park,
1887 1402 153 58 Zion
2089 1403 284 59 national

358 1482 179 72 park,
579 1480 252 59 Glacier
865 1480 286 57 national
1188 1480 180 71 park,
1413 1478 228 60 Crater
1681 1480 168 59 Lake
1889 1481 286 58 national
2212 1482 160 72 park

361 1560 126 57 and
512 1559 106 58 the
644 1557 296 73 petrified
966 1558 238 57 forests
1235 1558 70 57 of
1332 1558 296 72 Arizona,
1658 1559 84 72 by
1771 1559 186 58 Thos.
1986 1559 75 57 D.
2095 1559 278 73 Murphy

428 1635 1944 75 … with thirty-two reproductions in color from original
359 1716 328 73 paintings
719 1715 84 72 by
837 1715 271 56 Thomas
1146 1714 244 73 Moran,
1480 1761 11 11 N.
1570 1761 32 24 A.,
1640 1716 126 57 and
1798 1714 224 74 Henry
2055 1714 80 57 H.
2173 1715 199 74 Bagg,

360 1795 126 57 and
545 1792 415 73 twenty-four
1019 1792 345 58 half-tones
1426 1792 180 65 from,
1657 1793 456 72 photographs.
2217 1794 154 57 Also

359 1892 180 52 maps
579 1872 69 57 of
683 1872 104 57 the
823 1871 287 58 national
1144 1871 193 71 parks
1378 1872 267 56 covered
1680 1871 80 72 by
1799 1871 127 58 this
1965 1871 175 58 book.
360 1871 1986 151 Boston,

517 1950 68 57 L.
623 1949 63 60 C.
720 1950 173 72 Page
925 1949 49 57 &
1004 1967 307 54 company
1347 1980 14 44 [
1361 1958 19 21 c
1385 1950 165 73 1925]

432 2025 1939 57 6 p. l., [3]-352 p. col. front., plates (part col.) maps (part fold.) 24½ cm .
367 2085 125 56 (The
524 2085 115 46 “See
670 2084 215 45 America
918 2083 127 45 first”
1079 2083 168 55 series)

430 2143 100 43 The
564 2143 100 43 first
698 2141 126 44 three
855 2141 195 44 sections
1082 2142 53 43 of
1165 2143 75 42 the
1271 2141 122 43 book
1424 2155 121 29 were
1577 2140 222 53 formerly
1831 2140 236 53 published
2100 2141 142 44 under
2275 2141 98 44 title

363 2199 177 44 “Three
572 2198 316 45 wonderlands
921 2197 50 45 of
1003 2198 75 44 the
1111 2197 244 45 American
1388 2197 175 45 West”.
1623 2196 131 54 They
1787 2212 77 30 are
1897 2197 106 45 here
2038 2197 214 54 enlarged
2285 2199 86 42 and

361 2255 187 45 revised,
611 2255 59 53 cf.
709 2254 127 45 Pref.

429 2312 301 52 Advertising
762 2318 191 37 matter:
988 2325 40 38 p.
1061 2309 208 46 351-352.

360 2368 52 53 ©
445 2370 101 43 Oct.
581 2370 60 50 13,
678 2367 130 53 1925;
840 2369 63 42 2c.
934 2369 88 42 and
1051 2367 78 43 aff.
1162 2368 100 43 Oct.
1298 2367 73 51 16;
1405 2368 43 41 A
1478 2365 191 53 869500;
1703 2370 49 46 L.
1788 2367 48 44 C.
1870 2368 124 52 Page
2027 2368 37 43 &
2092 2383 80 36 co.,
2204 2367 82 44 inc.

439 2425 273 55 (25-20711)

361 2511 240 71 Murry,
640 2510 172 58 John
846 2508 369 71 Middleton,
1254 2511 190 57 1889-

434 2588 401 68 Pencillings,
885 2589 83 67 by
1015 2588 61 59 J.
1126 2586 350 59 Middleton
1526 2587 241 69 Murry.
1856 2587 154 59 New
2056 2587 191 69 York,
2297 2587 69 57 T.

358 2667 259 72 Seltzer,
647 2668 167 57 1925.

423 2747 93 50 viii,
546 2745 82 46 277
655 2761 39 38 p.
756 2747 27 42 21½
846 2749 46 17 cm
900 2782 8 8 .

430 2804 156 46 “Most
614 2804 51 44 of
693 2805 125 42 these
846 2802 115 45 little
990 2819 153 37 essays
1173 2818 119 28 were
1321 2802 236 52 published
1583 2804 142 42 under
1753 2801 74 45 the
1855 2802 99 44 title
1981 2803 51 43 of
2060 2799 305 56 ‘Pencillings’

357 2862 43 43 in
427 2862 77 46 the
528 2860 155 45 Times
709 2860 168 53 during
901 2859 75 45 the
1003 2875 199 29 summer
1229 2860 51 44 of
1310 2858 341 46 1922.”—Note.

359 2917 52 53 ©
445 2919 101 43 Oct.
578 2918 36 50 6,
652 2916 130 54 1925;
814 2918 64 42 2c.
915 2918 101 43 Oct.
1053 2916 74 52 15;
1163 2917 77 43 aff.
1277 2917 101 43 Oct.
1410 2917 78 52 20;
1524 2917 43 41 A
1599 2916 190 52 869618;
1825 2915 202 45 Thomas
2065 2915 187 48 Seltzer,
2286 2917 82 42 inc.

440 2973 272 56 (25-21046)

361 3059 313 71 Nicolson,
713 3060 172 58 John
920 3059 74 59 U.

436 3139 178 69 King
648 3142 69 58 of
749 3141 106 60 the
891 3139 195 58 Black
1120 3141 160 59 Isles
1335 3142 83 66 [by]
1471 3141 59 59 J.
1635 3185 9 9 U.
1685 3139 313 57 Nicolson.
2077 3136 290 72 Chicago,

359 3220 68 57 P.
461 3218 229 71 Covici,
720 3220 167 58 1925.

429 3296 692 52 6 p. l., 3-151 p., 1 l. 21 cm .
431 3354 180 44 Poems.

361 3407 52 53 ©
449 3409 109 45 June
590 3406 60 48 15,
685 3406 129 53 1925;
844 3408 64 42 2c.
938 3408 107 52 July
1078 3408 46 50 1;
1156 3407 79 43 aff.
1267 3408 101 43 Oct.
1403 3406 71 51 12;
1509 3406 42 42 A
1581 3405 191 52 869591;
1809 3405 161 44 Pascal
2003 3404 168 45 Covici.

440 3463 272 56 (25-21042)

362 3533 287 74 Nutting,
694 3534 203 57 Helen
937 3533 298 74 Cushing,
1280 3553 195 53 comp.

436 3612 89 58 To
579 3611 424 71 Monadnock;
1056 3612 105 57 the
1213 3612 254 57 records
1519 3611 67 57 of
1639 3631 34 37 a
1722 3610 323 58 mountain
2098 3611 62 56 in
2214 3610 152 57 New

357 3690 388 71 Hampshire
786 3690 275 73 through
1101 3690 176 57 three
1323 3688 329 69 centuries,
1695 3689 306 72 gathered
2039 3689 85 70 by
2163 3688 197 57 Helen

360 3767 282 74 Cushing
672 3767 287 74 Nutting.
1063 3768 152 58 [New
1245 3767 191 71 York,
1475 3767 331 59 Stratford
1837 3787 201 52 press,
2071 3775 17 22 c
2093 3767 165 73 1925]

432 3847 1287 55 3 p. l., 7—273 p. front., plates, fold. map. 19½ cm .
432 3907 135 52 Maps
593 3922 58 28 on
678 3906 342 52 lining-papers.

362 3961 52 53 ©
451 3963 119 50 Aug.
610 3963 63 47 11,
713 3960 130 50 1925;
881 3962 62 43 2c.
982 3962 120 47 Aug.
1144 3962 73 48 14;
1258 3961 78 43 aff.
1377 3960 122 53 Sept.
1541 3961 73 50 10;
1654 3961 43 42 A
1733 3960 190 52 861772;
1964 3961 61 42 H.
2066 3959 47 44 C.
2156 3958 212 53 Nutting,

432 4019 337 50 Ashburnham,
803 4019 141 42 Mass.
1016 4016 271 54 (25-20944)
