2533 4412
1273 4054 110 55 240

325 400 471 72 Westenhaver,
836 400 160 58 Lula
1035 402 168 71 May.

401 491 242 59 Lesson
678 492 184 70 plans
900 491 67 56 in
1004 491 213 73 Gregg
1254 491 368 73 shorthand,
1658 492 82 72 by
1777 492 158 58 Lula
1973 492 151 73 May
324 492 1983 135 Westenhaver

673 619 62 10 ...
819 570 154 58 New
1010 570 190 73 York,
1248 568 273 74 Chicago
1566 573 147 70 [etc.]
1759 571 130 57 The
1931 570 213 73 Gregg
322 570 1987 148 publishing
583 666 310 52 company
921 678 12 40 [
935 656 20 22 c
959 649 165 69 1925]

398 729 99 52 xix,
524 727 76 45 185
627 743 40 38 p.
731 729 148 43 19½cm.

401 785 292 46 “Shorthand
715 785 182 43 written
927 785 58 52 by
1011 783 132 45 Alice
1171 784 119 42 Rinné
1346 783 206 54 Hagan”

402 841 353 54 Bibliography:
783 856 41 39 p.
855 842 90 44 184.

326 898 53 54 ©
407 901 120 42 Mar.
555 900 37 43 9.
623 898 131 53 1925;
783 899 64 43 2c.
876 898 89 43 and
989 899 80 43 aff.
1097 899 120 43 Mar.
1247 899 76 51 11;
1352 898 44 43 A
1422 898 190 52 822348;
1645 897 156 55 Gregg
1825 899 101 53 pub.
1953 914 67 30 co.

405 955 244 55 (25-6412)

323 1041 230 72 White,
596 1043 276 56 Frances
911 1040 221 75 Laing.

404 1133 209 71 Tides,
641 1132 83 72 by
756 1133 279 56 Frances
1065 1131 205 73 Laing
1296 1130 231 59 White.
1612 1132 154 59 New
1791 1133 190 72 York,
2014 1132 80 58 H.
2186 1133 149 75 Vinal,

325 1212 166 56 1925.

403 1291 179 43 Poems.

327 1345 53 54 ©
411 1347 99 52 Jan.
546 1347 35 50 1,
617 1344 129 54 1925;
779 1347 66 43 2c.
879 1346 120 43 Mar.
1032 1344 49 54 5;
1115 1346 79 43 aff.
1229 1346 119 42 Mar.
1382 1346 50 52 3;
1466 1345 44 43 A
1543 1346 191 52 822382;
1770 1345 181 45 Harold
1985 1346 150 44 Vinal.

406 1402 245 56 (25-6539)

325 1489 343 72 Whitman,
712 1490 221 73 Henry
971 1489 281 58 Esmond
1290 1489 206 68 Oram,
1540 1491 192 57 1900-

406 1584 133 57 The
566 1583 220 57 Pirate
817 1583 69 57 of
911 1582 398 73 Pittsburgh,
1339 1582 85 72 by
1451 1582 79 56 H.
1563 1582 74 57 E.
1729 1629 11 11 O.
1770 1583 344 58 Whitman.
326 1584 1987 136 Boston
463 1662 125 58 and

614 1661 154 58 New
793 1661 192 72 York,
1014 1660 348 73 Houghton
1388 1660 218 57 Mifflin
1635 1680 324 53 company,
1989 1662 167 57 1925.

395 1737 717 55 3 p. l., 3-258, [1] , p. 19½ cm .
327 1795 54 54 ©
408 1796 107 45 Feb.
541 1796 66 51 20,
639 1795 131 52 1925;
799 1796 65 43 2c.
891 1796 90 43 and
1005 1795 79 44 aff.
1113 1794 107 45 Feb.
1247 1793 78 54 27;
1356 1795 44 42 A
1427 1795 190 52 823198;
1648 1796 48 42 H.
1739 1794 52 48 E.
1822 1796 57 44 O.
1907 1796 253 53 Whitman,
396 1797 1919 109 Phoenix,
523 1854 127 43 Ariz.
720 1851 244 55 (25-6312)

324 1939 291 72 Willard,
651 1942 153 55 Mrs.
843 1939 330 70 Margaret
1220 1937 346 75 (Wheeler)
1616 1940 92 58 ed.

399 2030 253 59 Letters
690 2050 81 38 on
806 2029 103 59 the
945 2028 341 59 American
1320 2029 374 73 revolution,
1732 2032 359 73 1774-1776,
2131 2032 208 59 edited

322 2109 85 73 by
444 2111 329 72 Margaret
809 2109 292 58 Wheeler
1138 2109 290 72 Willard,
1466 2108 154 57 with
1654 2128 200 53 maps.
1934 2109 241 59 Boston
2215 2113 124 57 and

322 2189 154 58 New
500 2188 192 72 York,
721 2187 346 74 Houghton
1094 2187 216 56 Mifflin
1340 2205 323 54 company,
1694 2189 167 56 1925.

401 2270 96 50 xix,
525 2266 80 46 370
631 2282 40 38 p.
732 2282 142 38 maps.
934 2267 52 43 23½
1024 2269 46 17 cm
1078 2302 8 8 .

404 2325 140 45 “This
576 2325 169 44 edition
775 2323 193 45 consists
1000 2323 51 45 of
1081 2339 84 28 one
1196 2323 227 44 thousand
1453 2323 88 44 and
1573 2323 126 53 forty
1732 2323 150 54 copies
1917 2359 50 9 ...
1998 2325 53 44 of
2081 2325 149 44 which
2259 2341 85 29 one

332 2383 224 45 thousand
582 2398 79 28 are
689 2382 72 44 for
791 2380 136 44 sale.”

406 2440 226 46 Selection
673 2439 51 44 of
764 2438 157 44 letters
964 2436 218 53 gathered
1225 2436 120 44 from
1387 2435 133 45 Felix
1562 2435 205 55 Farley’s
1812 2437 172 45 Bristol
2027 2438 198 53 journal,
2271 2439 73 46 the

333 2496 171 45 Bristol
531 2503 178 46 gazette
735 2496 88 43 and
849 2494 192 43 London
1066 2507 301 38 newspapers,
1428 2493 58 51 cf.
1518 2494 125 43 Pref.

326 2552 57 54 ©
415 2555 120 41 Mar.
566 2553 36 49 6,
638 2551 131 51 1925;
800 2552 66 43 2c.
898 2552 88 42 and
1018 2551 79 43 aff.
1130 2551 121 42 Mar.
1283 2549 50 51 9;
1368 2550 44 42 A
1445 2549 189 53 822320;
1669 2551 66 43 M.
1770 2552 75 44 W.
1878 2552 213 52 Willard,
2125 2554 214 52 Boulder,

401 2610 97 46 Col.
568 2608 245 57 (25-6039)

327 2697 289 74 Wyman,
656 2693 154 59 Levi
849 2692 257 73 Parker,
1149 2696 191 57 1873-

410 2788 129 59 The
578 2785 355 60 Lakewood
968 2786 156 70 boys
1165 2785 125 57 and
1329 2786 106 58 the
1471 2785 126 58 lost
1634 2785 185 73 mine,
1856 2789 84 71 by
1975 2789 68 56 L.
2087 2790 67 57 P.
328 2791 1990 133 Wyman
504 2913 63 10 ...
654 2865 154 57 New

829 2864 193 71 York,
1048 2864 75 56 A.
1149 2863 68 57 L.
1244 2863 164 59 Burt
1435 2882 310 55 company
1772 2894 13 44 [
1787 2873 19 23 c
1809 2865 166 74 1925]

398 2946 84 43 242
514 2959 41 39 p.
620 2942 143 43 front.
828 2942 51 44 19½
915 2944 45 17 cm
967 2976 8 8 .
1046 2940 119 54 (His
1201 2940 267 48 Lakewood
1503 2941 113 53 boys
1653 2942 170 54 series)

329 3002 54 54 ©
410 3004 120 42 Mar.
561 3001 63 52 16,
653 2999 130 53 1925;
810 3000 64 43 2c.
902 3000 88 43 and
1015 3000 78 43 aff.
1122 3000 122 43 Mar.
1274 3000 75 51 18;
1378 2999 44 43 A
1447 2999 191 54 822454;
1667 3001 58 43 A.
1754 3001 49 44 L.
1832 3002 115 44 Burt
1973 3018 65 29 co.
409 3057 245 57 (25-6706)

410 3145 131 59 The
569 3143 356 60 Lakewood
951 3143 155 71 boys
1140 3142 125 59 and
1294 3141 105 61 the
1430 3141 144 75 polo
1606 3142 238 76 ponies,
1877 3146 86 71 by
1988 3146 69 58 L.
2093 3147 68 58 P.
329 3148 1989 134 Wyman
509 3270 62 11 ...
659 3223 154 57 New
839 3222 193 70 York,

1060 3222 75 55 A.
1165 3221 68 57 L.
1265 3220 165 59 Burt
1459 3240 309 55 company
1799 3252 13 44 [
1815 3231 19 23 c
1837 3223 166 75 1925]

400 3303 84 43 246
514 3316 40 38 p.
618 3300 145 42 front.
826 3299 148 44 19½cm.
1045 3297 119 51 (His
1194 3297 267 47 Lakewood
1494 3299 113 53 boys
1640 3299 170 55 series)

329 3359 56 53 ©
412 3361 119 41 Mar.
561 3359 62 48 13,
652 3355 131 54 1925;
811 3357 64 43 2c.
901 3357 88 43 and
1014 3357 78 42 aff.
1121 3357 119 42 Mar.
1272 3356 74 52 18;
1375 3356 44 43 A
1474 3356 161 54 822455;
1665 3359 57 42 A.
1751 3359 49 42 L.
1832 3359 117 45 Burt
1973 3375 65 30 co.
410 3414 245 56 (25-6705)

328 3501 244 72 Young,
617 3500 171 58 John
827 3497 223 59 Parke.

413 3594 260 60 Central
703 3592 338 58 American
1075 3611 303 53 currency
1408 3595 124 57 and
1563 3592 258 74 finance,
1853 3597 152 56 with
2038 3620 80 38 an
335 3599 1980 135 introduction

623 3673 85 71 by
741 3670 74 64 E.
853 3670 96 57 W.
989 3669 373 58 Kemmerer
1404 3671 112 73 [by]
1554 3672 170 58 John
1762 3673 205 60 Parke
2005 3676 226 76 Young
2273 3726 62 10 ...

334 3751 359 70 Princeton,
721 3750 340 57 Princeton
1087 3746 357 76 university
1469 3768 202 54 press,
1700 3752 166 60 1925.

402 3831 128 51 xviii,
559 3828 85 47 258
671 3845 40 36 p.
775 3828 99 45 fold.
920 3828 127 43 front.
1088 3828 154 50 (map)
1280 3827 167 51 diagrs.
1508 3829 52 43 21½
1596 3831 48 17 cm
1650 3864 8 8 .

409 3885 356 54 Bibliography:
798 3901 40 35 p.
872 3883 239 49 [249]-254.

332 3944 54 54 ©
418 3943 106 44 Feb.
558 3942 63 46 18,
655 3939 129 52 1925;
813 3940 66 42 2c.
912 3938 87 43 and
1026 3938 80 43 aff.
1138 3936 107 45 Feb.
1276 3937 79 52 24;
1388 3938 44 42 A
1461 3936 190 55 822150;
1687 3940 245 46 Princeton
1961 3944 119 45 univ.
2112 3961 139 38 press.

411 3999 219 43 (25-5169)
