2533 4412
1281 4054 149 58 1236

357 390 215 73 Perry,
610 390 245 58 Arthur
897 389 183 73 Cecil,
1122 393 190 56 1873-

435 470 338 56 American
809 469 266 71 history.
1157 469 244 58 Second
1436 470 160 57 book
1645 470 183 71 (1763
1862 474 63 54 to
1965 472 104 56 the
2107 476 258 67 present

357 548 181 71 time)
579 549 84 70 by
695 547 250 58 Arthur
979 547 63 58 C.
1081 549 221 70 Perry,
1338 547 79 72 jr.
1459 597 62 10 ...
1563 549 124 57 and
1722 548 313 59 Gertrude
2071 550 75 56 A.
2183 550 182 58 Price

526 627 151 56 Rev.
737 627 124 56 and
919 627 315 71 enlarged.
1334 627 153 55 New
1541 626 192 73 York,
1795 627 357 58 Cincinnati
2215 632 147 72 [etc.]

355 704 339 57 American
728 704 162 57 book
924 723 309 53 company
1269 704 183 76 [1925]

423 782 59 51 vi,
510 780 84 45 372
619 795 38 38 p.
715 781 82 43 col.
828 780 153 53 front.,
1010 781 131 51 illus.,
1170 781 83 43 col.
1282 781 157 52 plates,
1465 795 142 38 maps,
1639 782 199 43 facsims.
1903 782 49 44 18½
1988 786 47 17 cm
2042 819 7 8 .

356 837 53 54 ©
440 839 108 44 Dec.
582 839 33 51 1,
651 837 104 45 1925
772 852 9 39 ;
812 838 64 43 2c.
910 839 87 43 and
1027 838 78 44 aff.
1138 839 110 43 Dec.
1281 837 48 54 5;
1363 839 43 43 A
1438 836 191 56 875354;
1663 839 56 44 A.
1754 838 50 46 C.
1838 840 159 54 Perry,
2029 840 73 53 jr.,
2134 841 87 44 and
426 839 1918 101 Gertrude

587 896 57 42 A.
678 897 147 50 Price,
857 895 247 53 Brooklyn.
1170 894 66 54 [©
1268 912 23 27 a
1325 895 231 53 thorough
1588 896 210 52 revision]

356 982 142 71 Poe,
538 981 220 73 Edgar
791 980 207 73 Allan,
1038 983 361 57 1809-1849.

431 1060 221 74 Edgar
693 1060 192 57 Allan
926 1060 128 60 Poe
1095 1062 221 59 letters
1359 1061 99 59 till
1493 1080 141 40 now
1673 1063 440 74 unpublished,
2155 1061 65 60 in
2260 1065 105 58 the

353 1138 336 58 Valentine
746 1159 304 53 museum,
1112 1139 366 73 Richmond,
1538 1139 327 75 Virginia;
1926 1142 435 73 introductory

355 1237 186 53 essay
581 1220 125 57 and
746 1221 430 70 commentary
1215 1220 85 69 by
1339 1219 188 65 Mary
1567 1220 265 56 Newton
1877 1220 297 71 Stanard,
2216 1221 146 58 with

353 1295 370 59 facsimiles
780 1297 69 57 of
901 1296 84 58 all
1039 1297 221 57 letters
1316 1298 125 57 and
1494 1298 72 56 15
1619 1295 442 60 illustrations.
354 1298 1987 147 Philadelphia

652 1374 62 55 &
756 1374 280 72 London,
1079 1375 61 58 J.
1183 1374 72 57 B.
1300 1372 367 75 Lippincott
1710 1393 324 55 company,
2081 1376 167 57 1925.

423 1456 26 41 2
475 1469 42 35 p.
545 1452 43 52 1.,
614 1451 140 48 3-327
779 1468 54 36 p.,
867 1457 18 41 1
934 1490 8 8 l.
972 1456 71 43 incl.
1106 1453 200 46 facsims.
1367 1453 154 52 front.,
1551 1452 157 54 plates,
1736 1462 155 44 ports.,
1922 1452 177 48 facsim.
2158 1453 55 48 26½
2247 1458 15 17 cm
2301 1490 8 9 .

426 1509 141 47 “This
603 1510 101 45 first
738 1509 173 45 edition
944 1511 76 44 for
1054 1511 77 45 the
1162 1509 173 47 United
1372 1507 154 48 States
1561 1512 52 44 of
1644 1509 218 48 America
1896 1512 38 44 is
1970 1509 174 47 limited
2175 1518 48 37 to
2261 1510 105 46 1550

353 1567 152 50 copies
538 1567 51 43 of
619 1565 149 45 which
805 1566 105 44 1500
942 1567 249 45 numbered
1226 1566 155 51 copies
1413 1582 78 30 are
1526 1568 76 44 for
1637 1567 106 45 sale.
1805 1568 92 44 No.
1933 1567 149 46 1521.”

353 1619 53 53 ©
438 1620 120 52 Sept.
593 1619 61 52 15,
688 1619 130 52 1925;
848 1621 65 42 2c.
943 1621 87 42 and
1058 1621 78 42 aff.
1170 1621 102 43 Oct.
1299 1621 80 52 27;
1409 1621 43 42 A
1482 1620 192 54 869776;
1705 1622 246 44 Valentine
1979 1638 218 36 museum,
424 1622 1920 106 Richmond,

618 1678 87 42 Va.
775 1676 272 55 (25-21040)

356 1761 256 58 Private
641 1763 161 57 book
830 1763 327 57 collectors
1187 1763 66 56 in
1283 1764 104 57 the
1416 1763 237 59 United
1686 1764 213 58 States
1932 1766 125 57 and
2089 1765 275 74 Canada,

430 1842 152 56 with
623 1841 281 58 mention
948 1842 67 56 of
1059 1842 165 57 their
1269 1842 276 73 hobbies,
1593 1862 178 53 comp.
1835 1844 86 71 by
1962 1844 169 57 John
2176 1844 190 57 Allan

431 1921 268 56 Holden.
778 1920 178 57 With
997 1939 79 38 an
1115 1920 428 58 introduction
1587 1941 78 37 on
1704 1922 262 57 modern
2008 1922 358 58 tendencies

430 1999 67 57 in
538 1999 161 58 book
741 1999 345 73 collecting,
1132 1999 82 71 by
1259 1998 244 74 George
1548 1999 79 57 H.
1677 1999 290 74 Sargent.
2053 2001 150 57 Rev.
2252 2002 113 73 ed.,

433 2080 166 55 1925.
670 2078 152 56 New
849 2078 192 72 York,
1071 2078 72 56 R,
1175 2079 72 55 R.
1278 2078 267 57 Bowker
1574 2098 107 55 co.,
1714 2080 165 56 1925.

421 2155 95 52 xiii,
546 2154 81 44 275
660 2170 39 37 p.
758 2155 55 43 26½
848 2157 45 18 cm
901 2190 8 8 .

353 2212 53 53 ©
437 2213 119 43 Nov.
590 2211 61 52 15,
686 2211 130 53 1925;
848 2212 64 43 2c.
944 2212 119 43 Nov.
1092 2212 80 52 21;
1205 2213 79 42 aff.
1316 2213 109 43 Dec.
1457 2214 49 50 4;
1540 2213 43 42 A
1613 2212 191 54 872725;
1839 2215 54 42 R.
1927 2215 52 41 R.
2013 2214 199 44 Bowker
2243 2228 65 28 co.

352 2281 211 70 Rider,
607 2283 315 68 Fremont,
965 2284 190 56 1885-
1316 2283 90 57 ed.

431 2363 257 57 Rider’s
723 2362 385 72 California;
1142 2383 34 36 a
1207 2360 375 74 guide-book
1614 2360 103 57 for
1750 2359 328 73 travelers,
2111 2358 150 60 with
2295 2360 71 57 28

353 2459 183 53 maps
562 2441 125 57 and
710 2441 202 71 plans,
941 2440 308 71 compiled
1274 2440 201 57 under
1501 2439 104 57 the
1632 2437 259 73 general
1919 2436 351 73 editorship
2299 2437 67 58 of

355 2516 305 60 Fremont
683 2518 215 73 Rider,
925 2519 82 71 by
1035 2517 303 58 Frederic
1365 2516 207 58 Taber
1601 2515 245 72 Cooper
1870 2561 63 11 ...
2004 2515 153 57 New
2173 2514 192 74 York,

355 2598 130 57 The
518 2596 362 59 Macmillan
916 2615 336 54 company;
1292 2600 149 70 [etc.,
1478 2598 130 72 etc.]
1646 2595 166 57 1925.

421 2675 27 43 2
479 2690 39 37 p.
583 2709 9 18 l.,
642 2675 194 53 [vii]-lxii
867 2688 55 39 p.,
959 2677 17 41 1
1045 2709 9 17 l.,
1085 2674 80 44 667
1197 2689 41 39 p.
1300 2673 116 44 illus.
1443 2672 179 55 (plans)
1668 2672 110 44 fold.
1811 2686 141 39 maps.
2018 2673 48 42 16½
2102 2672 46 17 cm
2156 2706 9 8 .

424 2732 282 44 “California
738 2731 372 54 bibliography”:
1143 2744 39 39 p.
1214 2730 205 44 lvii-lxii.

353 2787 53 53 ©
436 2788 120 53 Sept.
584 2789 67 50 30,
682 2787 128 51 1925;
838 2789 65 42 2c.
931 2789 86 42 and
1041 2789 81 42 aff.
1153 2788 102 43 Oct.
1282 2787 51 52 2;
1364 2787 43 42 A
1434 2785 191 52 869474;
1659 2784 287 45 Cumulative
1975 2785 148 52 digest
423 2796 1918 93 corporation.

601 2844 272 55 (25-20713)

353 2916 337 69 Robinson,
732 2916 171 58 Eliot
940 2916 276 68 Harlow,
1258 2918 190 56 1884-

430 2996 182 57 “Dee
644 2996 205 71 Dee”,
879 2996 84 71 by
993 2994 172 58 Eliot
1195 2995 78 55 H.
1308 2993 323 58 Robinson
1667 3041 61 10 ...
1764 2991 188 72 being
1982 2990 105 57 the
349 3008 1988 124 uncommon

527 3080 261 54 account
821 3074 67 57 of
918 3093 36 38 a
988 3073 460 70 commonplace
1479 3071 189 57 crime
1707 3119 61 9 ...
1856 3069 259 69 Boston,
2150 3067 213 70 Small,

352 3153 316 73 Maynard
699 3151 50 60 &
782 3171 263 49 company
1125 3180 12 44 [
1140 3159 18 21 c
1163 3150 165 74 1925]

420 3231 527 53 4 p. 1., 3-318 p. 19½ cm
352 3288 53 53 ©
433 3290 101 43 Oct.
564 3288 63 47 17,
657 3288 130 52 1925;
815 3289 64 42 2c.
908 3288 87 42 and
1021 3288 78 42 aff.
1130 3287 101 43 Oct.
1259 3286 78 51 21;
1368 3286 43 42 A
1438 3283 190 53 869651;
1663 3283 159 53 Small,
1850 3281 229 54 Maynard
2106 3282 37 43 &
2169 3296 81 36 co.,
2277 3295 82 28 inc.

431 3345 271 55 (25-20830)

356 3417 247 71 Sajous,
639 3416 259 58 Charles
931 3413 373 60 Euchariste
1336 3414 75 57 de
1443 3411 281 70 Medicis,
1761 3413 190 56 1852-

434 3495 293 73 Sajous’s
766 3494 277 70 analytic
1079 3492 359 74 cyclopedia
1477 3491 66 57 of
1580 3490 305 72 practical
1919 3487 323 71 medicine,
2280 3486 82 71 by

358 3564 1935 79 Charles E. de M. Sajous … and Louis T. de M. Sajous …
352 3654 153 56 with
544 3653 104 56 the
692 3652 204 56 active
936 3649 428 72 co-operation
1406 3647 67 58 of
1515 3666 152 38 over
1707 3665 113 38 one
1861 3643 288 58 hundred
354 3660 1980 129 associate

551 3731 254 58 editors.
882 3730 106 57 9th
1024 3748 126 38 rev.
1189 3729 90 57 ed.
1323 3775 61 10 ...
1463 3726 153 57 vols.
1656 3726 126 54 1-9.
1860 3723 215 56 Index.
354 3719 1980 162 Philadelphia,

661 3809 68 55 F.
766 3808 73 56 A.
876 3807 198 57 Davis
1112 3824 323 53 company,
1473 3805 165 56 1925.

425 3885 545 54 1 p. l. , 484 p. 26½ cm .
353 3942 52 52 ©
437 3944 102 43 Oct.
568 3943 69 51 23,
670 3940 130 54 1925;
832 3942 64 42 2c.
929 3941 119 43 Nov.
1079 3940 77 51 24;
1190 3940 78 42 aff.
1300 3939 119 42 Nov.
1450 3937 78 52 23;
1561 3937 43 42 A
1636 3935 189 51 875223;
1859 3933 50 44 F.
1942 3934 56 42 A.
2033 3931 143 44 Davis
2208 3945 65 28 co.
