2533 4412
1046 4083 111 55 707

105 442 180 71 Dahl,
319 443 293 59 Dorthea.

178 533 178 71 Byen
414 551 123 54 paa
596 534 237 70 berget,
895 552 79 38 av
1031 532 280 61 Dorthea
1372 532 180 57 Dahl.
1656 532 438 74 Minneapolis,

104 608 213 73 Minn.,
348 610 339 71 Augsburg
719 609 361 73 publishing
1111 610 211 71 house,
1358 609 165 58 1925.

170 686 80 46 255
279 701 41 39 p.
378 687 56 43 20
439 689 47 18 cm
492 720 8 9 .

172 745 43 41 A
245 752 140 45 story.

104 812 53 53 ©
184 815 115 51 June
323 813 68 51 27,
421 812 128 53 1925;
577 814 64 42 2c.
669 814 87 43 and
782 814 78 42 aff.
887 813 106 54 July
1021 815 50 50 6;
1100 814 43 41 A
1170 811 190 54 855775;
1392 814 249 52 Augsburg
1670 814 100 52 pub.
1798 815 153 44 house.

182 868 269 56 (25-12386)

105 970 382 73 Daugherty,
526 969 234 58 Robert
794 970 193 73 Long,
1026 972 188 56 1885-

179 1063 1913 72 Hydraulics, by R. L. Daugherty … 3d ed. New York
106 1147 145 67 [etc.]
280 1140 452 58 McGraw-Hill
755 1141 157 58 book
939 1159 320 55 company,
1285 1141 135 72 inc.,
1449 1141 166 59 1925.

168 1219 93 51 xvi,
289 1220 79 44 335
395 1233 40 37 p.
496 1217 129 53 illus.,
655 1217 168 52 diagrs.
883 1219 53 43 23½
971 1221 48 18 cm
1024 1255 9 9 .
1147 1216 125 54 $3.00

102 1270 54 54 ©
183 1273 106 52 July
315 1273 40 51 2,
388 1271 103 44 1925
508 1287 9 36 ;
543 1273 68 42 2c.
640 1273 88 42 and
755 1273 78 42 aff.
863 1272 106 52 July
998 1272 49 52 7;
1078 1273 43 41 A
1151 1272 187 52 861021;
1373 1271 348 45 McGraw-Hill
1749 1272 119 44 book
1896 1287 80 37 co.,
2008 1271 82 45 inc.

182 1326 268 56 (25-12628)

104 1427 212 74 Davis,
356 1428 170 59 John
562 1426 296 73 William,
899 1429 189 59 1873-

183 1520 131 58 The
353 1519 443 73 Constitution,
837 1539 40 37 a
911 1520 180 72 thing
1128 1520 66 57 of
1231 1520 130 72 life,
1399 1520 82 72 by
1517 1520 172 58 John
1723 1520 97 58 W.
1859 1521 230 72 Davis;

104 1599 105 57 the
235 1598 172 57 third
435 1598 232 56 lecture
699 1616 80 38 on
806 1597 103 57 the
942 1596 218 59 Cutler
1187 1597 376 59 foundation
1592 1598 70 57 of
1690 1599 104 57 the
106 1598 1963 149 University

265 1675 68 57 of
367 1675 361 72 Rochester,
766 1674 319 58 delivered
1117 1674 187 72 April
1339 1676 91 72 13,
1467 1677 166 56 1923.
1713 1676 377 75 [Rochester,

105 1753 71 56 N.
209 1752 92 72 Y.,
332 1752 73 57 E.
435 1752 74 57 R.
540 1751 306 58 Andrews
875 1752 289 73 printing
1193 1770 321 56 company,
1545 1761 21 22 c
1570 1755 164 73 1925]

171 1827 1229 55 2 p. l ., 48 p. 19 cm . [The Cutler lecture, 1923]
102 1884 53 53 ©
182 1886 115 51 June
328 1885 62 52 12,
421 1883 130 53 1925;
580 1885 64 42 2c.
673 1885 115 52 June
822 1885 73 50 13;
926 1885 79 42 aff.
1035 1885 115 52 June
1182 1883 74 54 15;
1288 1886 43 41 A
1360 1884 189 53 829885;
1580 1886 136 44 Univ.
1746 1885 51 45 of
1827 1886 266 53 Rochester,

173 1941 262 51 Rochester,
469 1941 59 43 N.
561 1940 55 43 Y.
685 1938 271 57 (25-12467)

102 2039 199 72 Diehl,
345 2039 274 73 Charles,
660 2042 190 57 1859-

177 2130 1849 74 History of the Byzantine empire, by Charles Diehl …
100 2210 351 57 translated
484 2210 167 56 from
685 2210 103 56 the
824 2209 245 57 French
1102 2210 83 71 by
1219 2210 241 73 George
1494 2210 69 58 B.
1600 2210 161 58 Ives.
101 2211 1968 147 Princeton,

256 2288 335 56 Princeton
619 2286 352 73 university
998 2305 200 55 press,
1229 2288 164 57 1925.

170 2364 93 52 viii,
292 2367 52 44 [1]
376 2380 54 38 p.,
457 2365 25 42 2
527 2399 23 18 l.,
577 2365 148 50 3-198,
757 2367 52 44 [1]
839 2380 40 37 p.
938 2365 54 43 24½
1027 2366 46 18 cm
1080 2399 9 10 .

173 2421 292 44 “Condensed
488 2420 313 55 bibliography
824 2422 50 44 of
898 2423 74 43 the
997 2421 218 53 principal
1241 2422 151 44 works
1419 2422 74 43 for
1518 2420 188 55 reading
1731 2437 52 29 or
1808 2422 284 45 reference”:

102 2493 39 38 p.
179 2478 202 47 189-[192]

103 2532 54 54 ©
184 2535 111 51 Apr.
327 2537 34 48 1,
394 2533 128 54 1925;
553 2535 64 43 2c.
647 2536 87 42 and
762 2535 79 43 aff.
871 2536 114 51 June
1010 2535 80 53 27;
1123 2537 43 41 A
1197 2533 188 54 855678;
1420 2535 243 44 Princeton
1691 2535 119 44 univ.
1840 2550 140 39 press.

181 2589 270 57 (25-11973)

103 2691 304 72 Fletcher,
451 2691 239 72 Joseph
729 2689 222 73 Smith,
994 2693 189 56 1863-

179 2786 130 58 The
339 2784 379 57 annexation
747 2784 251 71 society,
1028 2785 84 71 by
1140 2784 60 58 J.
1235 2784 60 59 S.
1328 2784 307 58 Fletcher.
1717 2784 153 58 New
1899 2784 191 71 York,

101 2863 75 56 A.
203 2862 75 58 A.
306 2861 241 72 Knopf,
577 2862 165 58 1925.

169 2941 83 45 284
277 2955 53 37 p.,
362 2943 18 42 1
428 2975 9 9 l.
500 2941 51 44 19½
584 2942 47 17 cm
637 2978 9 9 .

103 2992 53 53 ©
186 2992 109 54 May
327 2992 62 53 15,
421 2991 129 53 1925;
578 2993 65 42 2c.
674 2992 111 52 May
810 2993 78 50 23;
920 2993 78 42 aff.
1028 2993 112 51 May
1167 2992 77 51 26;
1274 2993 43 41 A
1347 2990 190 55 855724;
1567 2993 39 52 J.
1639 2991 44 47 S.
1714 2991 224 54 Fletcher,
172 2993 1897 107 Midharbour,

416 3048 283 52 Nutbourne,
730 3047 274 53 Emsworth,
1035 3049 164 50 Hants,
1232 3047 221 54 England.
1522 3047 260 57 (25-11823]

107 3148 276 76 [French,
423 3148 238 73 George
701 3146 291 75 Jackson]
1035 3149 189 57 1854-

183 3241 130 56 The
353 3257 234 53 canary
624 3239 159 71 bird,
825 3239 83 56 its
952 3257 139 38 care
1136 3239 125 57 and
1300 3240 357 71 treatment,
1700 3239 84 71 by
1826 3239 264 59 “Bird”

109 3318 248 74 [pseud.]
436 3315 361 74 Rochester,
838 3316 73 56 N.
951 3315 94 73 Y.,
1087 3315 128 58 The
1253 3316 75 56 R.
1371 3316 68 56 T.
1482 3316 247 56 French
1766 3334 323 57 company,

105 3396 165 56 1925.

177 3467 1307 55 1 p. l ., 5-67 p. incl. illus., plates (part col.) 17 cm .
103 3525 55 53 ©
185 3527 112 51 Apr.
327 3526 67 51 27,
427 3523 128 52 1925;
586 3525 64 43 2c.
681 3526 86 42 and
795 3526 79 42 aff.
905 3525 111 52 May
1044 3525 79 52 20;
1154 3526 43 41 A
1228 3524 189 52 829831;
1451 3523 52 46 G.
1533 3525 40 52 J.
1605 3523 188 53 French,
1827 3526 263 53 Rochester,

175 3583 59 43 N.
271 3582 55 43 Y.
394 3579 270 57 (25-12542)

106 3682 180 57 Gann
315 3680 238 72 Valley,
589 3680 60 57 S.
682 3681 72 56 D.
829 3679 172 57 First
1035 3678 528 74 Congregational
1593 3679 247 57 church.
1914 3682 178 72 Lady

183 3759 261 73 helpers.

181 3847 1843 74 History and cook book, published and copyrighted …
103 3927 83 70 by
214 3927 104 56 the
351 3926 178 70 Lady
558 3926 248 69 helpers
840 3927 67 56 of
937 3925 104 57 the
1073 3925 176 56 First
1284 3923 528 75 Congregational
1844 3927 245 57 church.

106 4003 180 58 Gann
314 4003 240 71 Valley,
589 4002 60 58 S.
682 4004 94 69 D.,
806 4013 17 20 c
827 4003 165 56 1924.
