2533 4412
1333 4028 149 56 1658

470 544 18 43 1
551 578 10 9 v.

397 611 1867 61 © June 10, 1921; 1c. Mar. 11, 1925; A—Foreign 26878; Jules Rey.
402 726 305 74 Colligan,
743 729 216 57 James
989 729 76 57 A.

476 822 132 59 The
644 826 234 56 meters
919 824 68 59 of
1024 821 422 75 quantitative
1487 825 224 71 hymns
1748 826 65 57 in
1855 826 104 59 the
2001 826 101 60 old
2142 828 123 58 and
2307 828 102 59 the

397 920 137 39 new
572 901 319 72 breviary,
933 903 84 71 by
1058 901 219 59 James
1319 902 74 56 A.
1441 900 305 75 Colligan,
1826 949 11 10 S.
1884 923 49 37 j.
2020 903 148 73 [San
398 905 1984 146 Francisco,
604 987 22 22 c
630 979 166 72 1925]

465 1070 83 45 265
575 1084 43 38 p.
676 1069 58 47 20
737 1071 49 19 cm
791 1106 10 9 .

399 1136 54 54 ©
482 1138 120 45 Nov.
628 1139 69 51 28,
727 1137 132 54 1925;
888 1139 66 44 2c.
982 1140 89 43 and
1097 1140 80 44 aff.
1207 1140 109 44 Dec.
1349 1138 49 54 5;
1428 1139 45 43 A
1504 1138 191 54 875379;
1727 1141 41 53 J.
1799 1141 56 43 A.
1888 1140 224 54 Colligan,
2146 1140 91 47 San
469 1141 1922 99 Francisco.
671 1195 244 55 (26-1040)

400 1309 228 70 Drake,
667 1310 266 73 Durant,
972 1313 191 57 1878-

476 1402 1926 75 Mind and its place in nature, by Durant Drake … New
398 1482 191 73 York,
623 1483 130 58 The
785 1482 362 59 Macmillan
1179 1501 326 54 company,
1539 1483 166 57 1925.

467 1570 708 55 XV p., 3 l., 3-259 p. 22½ cm .
399 1640 54 54 ©
481 1643 110 42 Dec.
618 1642 38 51 8,
686 1640 132 54 1925;
843 1642 66 43 2c.
936 1641 87 44 and
1049 1642 80 43 aff.
1156 1643 111 43 Dec.
1294 1643 51 51 9;
1371 1642 45 43 A
1445 1641 190 54 872782;
1667 1642 269 45 Macmillan
1963 1659 66 29 co.

478 1698 245 55 (26-1041)

400 1814 102 57 Du
536 1813 373 73 Genestoux,
943 1811 415 75 Magdeleine,
1397 1815 191 57 1885-

548 1902 1867 75 … Petite-Bobine et Gros-Placide, ouvrage illustré de
401 1983 71 58 33
511 1982 335 74 vignettes,
885 2001 123 54 par
1044 1982 76 58 A.
1162 1981 267 61 Pécoud.
1512 1982 208 74 Paris,
1761 1983 330 75 Hachette,
2132 1986 166 57 1925.

472 2059 1749 57 254 p., 1 l. illus. 18 ½ cm . (On cover: Bibliothèque rose illustrée)
399 2118 1867 55 © Oct. 1, 1925; 1c. Dec. 7; A— Foreign 29370; Librairie Hachette.
479 2176 245 55 (26-3129)

401 2292 223 72 Eaton,
662 2291 213 74 Ralph
908 2291 277 57 Monroe.

480 2385 380 72 Symbolism
893 2387 124 56 and
1046 2384 178 59 truth;
1287 2404 80 38 an
1397 2382 431 59 introduction
1858 2389 63 54 to
1954 2385 104 59 the
2090 2385 225 72 theory
2346 2386 68 57 of

398 2460 1989 141 knowledge, by Ralph Monroe Eaton … Cambridge, Harvard
586 2539 358 73 university
971 2559 203 54 press,
1207 2540 167 56 1925.

468 2619 95 53 xiv,
589 2621 83 45 330
694 2633 43 39 p.
795 2619 58 46 24½cm.

471 2675 411 55 “Supplementary
910 2674 267 53 readings”:
1204 2687 44 39 p.
1275 2672 208 46 317-321.

398 2731 56 55 ©
481 2733 120 43 Nov.
625 2732 69 52 20,
722 2730 104 45 1925;
880 2731 65 43 2c.
971 2731 119 43 Nov.
1115 2729 81 53 27;
1224 2730 80 44 aff.
1332 2729 120 43 Nov.
1479 2729 79 52 28;
1588 2729 43 42 A
1659 2727 191 54 875275;
1880 2730 220 45 Harvard
2126 2729 119 45 univ.
2273 2744 140 39 press.

480 2789 245 56 (26-1039)

403 2906 130 57 Far
534 2903 163 74 jeon,
735 2902 289 59 Eleanor.

479 2991 1930 78 Mighty men … by Eleanor Farjeon … pictures by
401 3071 2012 78 Hugh Chesterman. [book II] From Beowulf to William
402 3156 108 58 the
549 3153 383 73 Conqueror.
1015 3152 152 57 New
1204 3151 193 74 York,
1439 3150 74 57 D.
1557 3150 321 72 Appleton
1921 3150 123 58 and
2088 3168 324 56 company,

402 3235 167 56 1925.

474 3311 30 50 1.
527 3325 42 29 V.
630 3309 118 44 illus.
813 3309 49 43 19½
898 3310 47 18 cm
951 3343 9 8 .

401 3365 54 54 ©
491 3366 122 53 Sept.
646 3366 67 49 30,
747 3364 131 53 1925;
912 3365 65 43 2c.
1013 3365 103 44 Oct.
1148 3362 49 54 6;
1232 3363 79 44 aff.
1344 3363 102 44 Oct.
1480 3362 49 52 7;
1564 3363 45 42 A
1641 3361 190 53 864983;
1867 3363 58 42 D.
1958 3362 229 52 Appleton
2220 3363 37 43 &
2290 3376 67 29 co.

481 3422 273 55 (25-20047)

404 3534 477 73 Feild-Palmer,
921 3533 212 58 Edith.

483 3626 351 72 Teachings
873 3624 66 58 of
975 3625 104 57 the
1116 3624 201 72 living
1350 3624 192 57 Jesus
1582 3621 231 59 Christ.
1893 3621 129 56 The
2062 3619 248 59 Church
2346 3621 68 55 of

403 3706 106 56 the
540 3704 200 72 living
769 3703 298 57 Messiah.
1141 3702 259 72 Boston,
1436 3701 129 57 The
1602 3699 416 72 Christopher
2048 3696 367 74 publishing

401 3784 213 71 house,
648 3783 167 56 1925.

477 3859 74 44 161
584 3873 40 39 p.
683 3858 151 44 20½cm.

405 3915 53 54 ©
495 3918 111 41 Dec.
645 3913 62 54 15,
748 3913 131 54 1925;
914 3915 66 43 2c.
1016 3916 109 42 Dec.
1163 3913 77 52 30;
1280 3913 78 43 aff.
1399 3914 108 42 Dec.
1546 3913 78 50 31;
1664 3912 43 42 A
1745 3908 191 54 875658;
1978 3908 296 53 Christopher
2309 3906 102 54 pub.

473 3972 154 45 house.
