2533 4412
1348 4088 150 55 1210

411 420 233 73 Banks,
682 417 190 61 Louis
908 418 241 74 Albert,
1188 421 190 58 1855-

489 515 277 60 Christ’s
802 514 499 73 soul-searching
1331 515 327 72 parables;
1696 513 409 74 evangelistic
2138 534 282 40 sermons

411 591 2011 74 on the parables of Jesus, by Louis Albert Banks … New
410 670 190 72 York,
633 670 272 74 Chicago
940 673 147 71 [etc.]
1119 670 291 73 Fleming
1437 670 80 60 H.
1550 670 220 58 Revell
1797 685 310 58 company
2139 699 13 44 [
2154 678 18 21 c
2175 672 166 71 1925]

488 763 360 52 187 p. 19½ cm .
411 829 53 55 ©
497 831 102 45 Oct.
634 831 64 53 10,
731 828 131 56 1925;
894 830 64 45 2c.
990 830 88 45 and
1108 830 79 45 aff.
1222 830 102 46 Oct.
1361 831 74 52 14;
1468 830 44 44 A
1546 829 189 55 869431;
1771 829 210 56 Fleming
2013 832 61 44 H.
2109 832 159 44 Revell
2298 841 65 36 Co.

490 886 273 57 (25-20614)

413 990 257 68 Beeson,
709 989 280 59 Rebecca
1022 988 372 73 Katharine,
1433 991 191 58 1867-

480 1080 300 72 Literary
815 1080 271 58 Indiana
1127 1081 112 73 [by]
1280 1082 72 55 R.
1392 1080 359 59 Katharine
1789 1081 276 71 Beeson;
2108 1082 317 74 drawings

409 1160 84 72 by
541 1159 345 58 Frederick
931 1158 237 73 Polley.
1252 1158 456 74 Indianapolis,
1761 1159 130 59 The
1938 1159 490 60 Bobbs-Merrill

411 1256 309 54 company
756 1269 12 43 [
769 1246 19 21 c
792 1238 166 73 1925]

479 1332 66 50 29,
587 1332 53 45 t2]
680 1344 40 39 p.
782 1328 117 45 illus.
957 1327 54 46 23½
1047 1331 48 18 cm
1101 1364 10 9 .

412 1401 53 55 ©
494 1400 107 56 July
636 1403 34 50 1,
705 1399 130 53 1925;
867 1402 66 42 2c.
963 1401 87 43 and
1081 1400 79 44 aff.
1196 1399 120 53 Sept.
1352 1401 74 51 19;
1462 1400 43 42 A
1537 1398 189 55 867525;
1765 1400 361 46 Bobbs-Merrill
2159 1418 66 29 co.

492 1457 274 57 (25-19857)

412 1557 344 75 Bercovici,
793 1558 281 71 Konrad,
1114 1561 190 56 1882-

490 1652 131 57 The
667 1650 321 74 marriage
1035 1655 214 68 guest;
1301 1671 36 37 a
1383 1651 200 71 novel,
1635 1651 82 72 by
1764 1650 270 58 Konrad
2081 1652 342 60 Bercovici.

411 1731 154 58 New
588 1731 194 69 York,
811 1729 164 58 Boni
1003 1732 62 54 &
1094 1728 347 73 Liveright,
1475 1730 166 55 1925.

483 1807 626 56 5 p. l., 9-285 p. 19½ cm .
484 1867 154 45 “First
671 1866 213 53 printing,
920 1864 278 52 September,
1236 1862 129 52 1925;
1403 1865 163 43 second
1600 1864 216 52 printing,
1853 1865 276 53 September,
2167 1866 147 45 1925.”

413 1923 53 54 ©
496 1924 122 52 Sept.
645 1924 37 51 8,
713 1922 131 54 1925;
873 1924 65 42 2c.
968 1923 102 44 Oct.
1102 1922 74 52 14;
1207 1922 78 43 aff.
1317 1922 101 44 Oct.
1446 1922 78 51 22;
1557 1922 43 42 A
1628 1920 190 54 872028;
1851 1923 116 43 Boni
1996 1924 38 44 &
2062 1923 250 55 Liveright,
2341 1926 81 44 inc.

492 1979 273 56 (25-20828)

414 2083 266 69 Bevans,
722 2082 241 71 George
1005 2079 256 72 Esdras,
1307 2080 190 58 1886-

492 2175 130 59 The
662 2174 243 58 Master
946 2193 69 40 as
1055 2175 387 70 paymaster,
1481 2173 84 72 by
1603 2172 245 74 George
1888 2174 245 61 Esdras
2172 2176 251 59 Bevans

482 2251 1758 75 … introduction by Roger W. Babson. New York,
413 2254 1983 152 Chicago
603 2335 146 69 [etc.]
787 2330 291 72 Fleming
1107 2329 79 57 H.
1221 2330 221 58 Revell
1475 2348 309 54 company
1819 2361 6 41 |
1835 2339 17 21 c
1858 2332 163 71 1925]

487 2409 357 53 160 p. 19½ cm .
412 2463 55 55 ©
496 2466 118 52 June
642 2462 67 54 27,
743 2462 130 53 1925;
903 2463 66 43 2c.
999 2463 88 43 and
1117 2462 78 44 aff.
1229 2462 103 44 Oct.
1367 2461 72 53 14;
1475 2462 43 42 A
1548 2459 191 54 869451;
1774 2461 210 54 Fleming
2016 2464 63 44 H.
2111 2464 160 44 Revell
2302 2481 64 29 co.

493 2520 273 56 (25-20613)

415 2621 296 72 Bigelow,
755 2620 237 58 Robert
1031 2620 232 71 Payne,
1307 2620 190 58 1863-

468 2711 359 58 Directions
852 2711 105 56 for
981 2710 104 57 the
1111 2708 341 59 dissection
1477 2710 67 56 of
1567 2710 104 57 the
1694 2712 118 71 cat,
1836 2711 84 71 by
1943 2711 238 58 Robert
2204 2712 217 72 Payne

409 2787 1933 71 Bigelow … New York, The Macmillan company, 1925.
489 2867 608 56 xi p., 1 l., 47 p. 19½ cm .
415 2925 53 54 ©
497 2927 102 44 Oct.
629 2926 64 51 13,
722 2924 131 53 1925;
878 2925 66 43 2c.
971 2925 87 43 and
1084 2924 78 43 aff.
1192 2923 103 44 Oct.
1326 2924 73 51 14;
1429 2923 43 42 A
1499 2923 190 53 869396;
1721 2923 269 44 Macmillan
2016 2939 65 29 co.

494 2981 273 56 (25-20540)

416 3084 189 69 Bone,
643 3083 231 59 James.

491 3173 130 59 The
653 3174 261 58 London
946 3174 490 72 perambulator,
1471 3174 81 72 by
1582 3174 220 59 James
1831 3174 206 72 Bone;
2070 3173 152 59 with
413 3173 1983 137 illustrations

729 3253 82 73 by
855 3252 335 59 Muirhead
1233 3252 190 58 Bone.
1509 3253 152 58 New
1702 3253 191 72 York,
1939 3254 74 55 A.
2060 3254 74 56 A.
2178 3248 243 77 Knopf,

412 3332 167 56 1925.

484 3410 1105 54 7 p. l., 3-195, [1] p. front., plates. 25½ cm .
418 3465 53 54 ©
502 3467 101 44 Oct.
630 3468 38 50 2,
702 3466 131 54 1925;
863 3469 63 43 2c.
958 3469 101 44 Oct.
1091 3469 51 51 9;
1172 3469 78 43 aff.
1283 3468 100 44 Oct.
1415 3470 50 49 8;
1497 3468 43 42 A
1570 3465 190 54 869250;
1794 3466 167 45 Alfred
1991 3467 57 43 A.
2081 3465 174 54 Knopf,
2286 3466 83 44 inc.

494 3521 274 57 (25-20725)

417 3622 239 57 Boston
686 3623 142 58 club
860 3624 68 57 of
959 3623 289 75 printing
1277 3624 192 58 house
1502 3622 361 58 craftsmen.

492 3713 386 72 Presswork,
915 3735 36 37 a
987 3717 224 57 record
1244 3716 68 57 of
1345 3715 119 58 five
1502 3713 307 74 practical
1848 3713 155 72 shop
2044 3711 383 59 discussions

414 3792 344 57 conducted
799 3794 83 70 by
921 3793 105 58 the
1066 3794 244 58 Boston
1352 3794 137 58 club
1532 3794 67 58 of
1640 3792 288 72 printing
1966 3791 194 58 house
411 3791 1991 150 craftsmen;

607 3870 258 71 printed
892 3871 168 57 from
1086 3873 105 56 the
1219 3872 220 58 official
1467 3870 446 71 stenographic
1940 3872 271 69 reports,
2241 3868 190 57 1923-

415 3948 166 57 1924.
668 3948 274 72 [Boston,
975 3959 18 21 c
996 3951 165 73 1925]

485 4024 727 56 5 p. l., 11-117, [6] p. 28 cm .
