2533 4412
0 0 0 0 758
457 506 1218 54 4 p. l., viii p., 1 l., 394 p. front., plates. 20 cm .
457 578 227 48 “Revised
709 579 214 46 edition.”

457 634 166 48 “Some
649 635 123 51 good
798 636 145 45 books
969 652 60 29 on
1055 634 231 46 France”:
1315 649 41 37 p.
1385 633 207 48 379-381.

384 701 54 54 ©
467 703 107 54 July
607 702 64 50 15,
706 702 129 54 1925;
868 706 64 40 2c.
964 703 106 52 July
1100 705 78 50 21;
1212 703 79 43 aff.
1320 702 108 54 July
1456 706 78 50 22;
1568 704 44 42 A
1642 701 191 55 855968;
1867 704 174 43 Robert
2071 705 66 42 M.
2169 704 222 44 McBride

455 762 37 43 &
522 776 65 28 co.
653 758 66 54 [©
748 760 198 52 changes
979 759 280 53 throughout
1289 760 132 46 book]
1494 758 273 55 (25-13878)

385 858 298 74 Robbins,
728 858 260 60 Charles
1029 858 329 75 Leonidas,
1402 861 192 58 1876-

465 952 225 58 School
724 951 250 72 history
1010 952 68 57 of
1113 951 105 58 the
1254 950 341 58 American
1631 951 241 72 people,
1909 952 82 71 by
2031 950 260 61 Charles
2329 953 67 57 L.

385 1029 1988 150 Robbins … in collaboration with Elmer Green … Yonkers-on-Hudson,
1001 1108 75 58 N.
1122 1109 95 70 Y.,
1264 1107 293 74 Chicago,
1601 1107 223 59 World
1869 1107 160 59 book
2074 1126 325 55 company,

386 1187 164 56 1925.

453 1264 164 53 xxxiv,
648 1264 80 44 606
759 1280 39 37 p.
833 1264 100 44 incl.
965 1263 153 54 front.,
1149 1263 117 45 illus.
1325 1264 52 43 21
1387 1266 48 17 cm
1441 1300 8 9 .

456 1320 307 54 “Interesting
792 1320 241 54 readings”
1062 1329 46 36 at
1135 1322 85 44 end
1247 1321 53 45 of
1325 1320 111 45 each
1464 1320 200 54 chapter.

385 1378 52 53 ©
464 1380 109 52 July
597 1381 38 50 2,
667 1377 104 46 1925
790 1396 8 35 ;
827 1381 65 42 2c.
920 1380 88 42 and
1035 1379 78 43 aff.
1142 1378 106 54 July
1274 1378 78 52 20;
1384 1380 44 42 A
1456 1376 190 55 855942;
1678 1378 167 44 World
1873 1379 120 43 book
2021 1395 66 28 co.

460 1434 274 56 (25-13447)

383 1536 260 72 Rogers,
684 1534 191 58 Louis
916 1534 301 73 William,
1263 1537 149 56 1859–

464 1625 131 58 The
627 1643 280 54 purpose
940 1626 69 57 of
1039 1625 131 74 life,
1205 1627 124 56 and
1365 1625 180 58 other
1576 1626 270 57 lectures
1879 1626 85 72 by
1993 1627 68 56 L.
2098 1626 96 58 W.
384 1627 1985 135 Rogers.

593 1703 290 74 Chicago,
916 1704 169 58 Theo
1115 1703 162 59 book
1303 1722 308 56 company
1640 1733 13 44 [
1654 1711 20 23 c
1677 1704 166 74 1925]

464 1783 78 44 140
574 1799 41 38 p.
680 1784 49 44 18½
765 1786 47 17 cm
818 1819 9 8 .

463 1840 440 46 CONTENTS.—The
937 1855 194 40 purpose
1163 1841 53 44 of
1248 1836 254 48 life.—The
1535 1840 81 44 life
1649 1838 511 46 sublime.—Universal
388 1840 1990 103 brotherhood.—The

710 1897 134 45 death
874 1897 421 53 penalty.—Orient
1323 1898 89 43 and
1437 1896 209 45 occident
1663 1912 9 28 :
1702 1914 26 27 a
1755 1896 99 54 plea
1883 1896 72 45 for
1981 1895 417 47 tolerance.—War

389 1956 88 43 and
508 1954 230 45 evolution
757 1970 8 28 :
799 1970 26 29 a
855 1955 134 53 study
1018 1954 53 45 of
1099 1955 156 43 armed
1285 1954 195 44 conflict.

383 2009 54 55 ©
462 2013 118 52 June
606 2011 65 52 20,
704 2010 129 55 1925;
864 2013 64 43 2c.
956 2012 88 44 and
1071 2011 78 45 aff.
1175 2013 117 52 June
1317 2012 77 53 29;
1424 2012 44 43 A
1495 2010 190 55 829946;
1716 2011 48 44 L.
1792 2012 76 44 W.
1896 2013 191 52 Rogers,
2120 2011 213 54 Chicago.

464 2067 274 56 (25-13970)

385 2169 340 73 Schwartz,
762 2168 179 60 Julia
971 2169 311 73 Augusta,
1320 2172 148 57 1873–

460 2260 387 58 Northward
879 2261 113 56 ho!
1074 2260 105 56 An
1215 2263 265 54 account
1515 2261 68 57 of
1620 2260 104 59 the
1761 2261 109 58 far
1906 2262 208 58 North
2153 2265 124 56 and
2314 2263 85 58 its

381 2338 242 72 people,
654 2338 270 59 selected
951 2340 169 56 from
1148 2339 104 57 the
1278 2338 292 73 writings
1600 2340 69 56 of
1693 2339 392 73 Vilhjalmur
386 2340 1987 134 Stefansson

542 2419 126 55 and
709 2418 276 70 adapted
1028 2418 106 56 for
1173 2417 156 72 boys
1375 2419 123 56 and
1542 2415 176 76 girls,
1760 2418 86 73 by
1885 2418 181 59 Julia
2104 2419 296 74 Augusta

386 2500 320 59 Schwartz
789 2499 152 57 New
973 2498 192 61 York,
1199 2499 130 58 The
1365 2498 363 59 Macmillan
1760 2518 324 53 company,
2121 2501 167 56 1925.

455 2573 64 54 xi,
548 2574 75 43 181
650 2589 39 39 p.
714 2572 102 47 incl.
842 2574 138 43 front.,
1007 2573 154 55 (map)
1189 2572 116 44 illus.
1332 2572 129 55 (incl.
1484 2573 168 55 ports.)
1725 2575 51 45 19
1782 2577 47 17 cm
1836 2609 8 8 .

381 2632 55 53 ©
459 2635 120 52 Aug.
605 2635 39 51 4,
671 2632 130 54 1925;
825 2634 67 42 2c.
917 2634 87 43 and
1028 2633 79 43 aff.
1131 2634 122 52 Aug.
1279 2631 48 54 5;
1354 2633 44 42 A
1424 2633 190 53 861293;
1643 2633 268 45 Macmillan
1940 2649 64 29 co.

461 2689 272 55 (25-14956)

388 2788 341 74 Shepard’s
762 2788 350 59 Oklahoma
1140 2787 313 59 classified
1486 2788 236 72 topical
1749 2789 189 58 index
1972 2792 123 56 and
2127 2791 167 58 table
2328 2792 68 57 of

463 2887 207 51 cases;
720 2887 36 37 a
801 2866 513 72 comprehensive
1362 2865 302 72 analysis,
1708 2866 190 58 index
1946 2868 124 56 and
2114 2868 169 58 table
2330 2868 70 58 of

464 2965 191 52 every
679 2964 142 38 case
847 2945 258 57 decided
1129 2945 85 71 by
1238 2944 103 57 the
1371 2943 306 72 Supreme
1704 2946 123 56 and
1856 2943 304 60 Criminal
2185 2949 212 55 courts

452 3023 67 57 in
559 3023 346 59 Oklahoma
946 3024 123 56 and
1108 3022 238 61 United
1390 3020 214 59 States
1647 3020 196 60 Court
1883 3022 69 58 of
1991 3024 260 71 appeals
2293 3025 105 56 for

461 3102 229 58 Indian
715 3100 363 72 Territory;
1107 3100 150 58 each
1281 3119 140 39 case
1447 3100 342 58 numbered
1814 3102 64 55 to
1905 3101 302 72 complete
2231 3102 167 71 body

463 3179 69 59 of
559 3180 339 58 American
928 3198 142 39 case
1099 3178 121 58 law
1249 3198 69 38 as
1352 3177 328 59 embraced
1709 3176 66 59 in
1805 3178 104 58 the
1940 3177 340 60 American
463 3179 1910 152 digest

648 3261 253 69 system.
1005 3259 97 56 1st
1147 3258 113 70 ed.,
1303 3257 165 56 1925.
1573 3256 152 57 New
1765 3256 192 72 York,
2005 3257 130 60 The
2181 3257 217 57 Frank

465 3337 289 71 Shepard
787 3355 309 53 company
1129 3364 12 43 [
1142 3345 20 21 c
1165 3336 166 71 1925]

456 3414 109 45 1189
591 3430 40 37 p.
692 3415 53 43 23½
781 3416 47 18 cm
835 3449 8 8 .

456 3470 271 53 “Compiled
755 3472 60 52 by
840 3470 79 44 the
945 3468 277 55 publisher’s
1251 3467 216 46 editorial
1495 3466 153 47 staff.”

457 3528 152 53 “Kept
638 3542 61 39 up
731 3535 48 36 to
811 3526 106 45 date
949 3527 47 42 in
1027 3524 282 46 cumulative
1343 3524 290 54 supplement
1667 3525 167 45 form.”

385 3584 54 54 ©
469 3588 112 50 May
608 3584 66 51 25,
707 3583 130 55 1925;
869 3587 64 41 2c.
963 3586 88 42 and
1080 3584 78 44 aff.
1187 3585 117 51 June
1333 3584 49 51 3;
1414 3584 44 42 A
1486 3581 190 54 829504;
1709 3582 156 45 Frank
1895 3583 205 54 Shepard
2127 3600 65 28 co.

463 3642 272 54 (25-11024)

389 3741 328 70 Sheridan,
754 3740 201 59 Clare.

463 3835 428 58 Wanderlust.

461 3914 81 51 (In
573 3913 174 54 Queen)

388 3963 2000 60 © 1c. July 6, 1925; A ad int. 7077; pubd. May 6; C. Sheridan, ℅ A. M.
459 4027 155 46 Heath
644 4027 37 46 &
709 4041 65 30 co.,
820 4024 204 47 London.
