2533 4412
0 0 0 0 674
360 396 321 75 Chappell,
723 398 239 74 George
1006 400 305 73 Shepard,
1356 404 190 57 1877-

431 489 61 56 A
524 491 222 56 basket
781 489 69 58 of
881 509 208 54 poses,
1122 511 216 39 verses
1372 495 84 71 by
1492 493 241 73 George
1772 494 61 60 S.
1875 494 323 74 Chappell,

357 496 1980 128 pictures
560 568 82 71 by
671 568 314 72 Hogarth,
1016 568 79 71 jr.
1180 570 151 57 New
1362 571 192 74 York,
1584 572 77 56 A.
1696 573 48 56 &
1777 571 64 60 C.
1874 571 181 76 Boni,
2089 575 166 56 1924.

428 644 79 44 109
532 659 40 38 p.
633 644 121 44 illus.
813 646 55 43 26
875 648 45 17 cm
928 680 9 9 .

355 699 53 53 ©
442 701 112 52 May
585 702 38 51 8,
658 699 130 55 1925;
820 703 65 42 2c.
917 703 120 52 June
1070 704 74 51 19;
1176 704 81 43 aff.
1291 704 116 52 June
1442 704 73 53 16;
1550 706 43 42 A
1626 705 160 44 829761;
1850 706 165 44 Albert
2048 707 87 43 and
2169 706 188 46 Charles

427 758 127 43 Boni.
625 757 271 56 (25-11381)

359 841 201 75 Child,
601 845 154 57 Mrs.
799 844 264 75 Georgie
1114 845 349 75 (Boynton)

433 925 128 57 The
603 923 258 61 efficient
898 926 280 72 kitchen;
1221 926 251 60 definite
1514 927 339 60 directions
1895 929 104 58 for
2040 930 104 57 the
353 929 1980 147 planning,

558 1004 348 73 arranging
940 1008 124 56 and
1101 1004 342 74 equipping
1477 1006 67 58 of
1579 1007 105 58 the
1716 1007 263 56 modern
352 1007 1982 147 labor-saving

505 1081 369 60 kitchen—a
918 1082 306 73 practical
1272 1084 162 58 book
1480 1085 104 57 for
1633 1085 104 57 the
1785 1085 442 73 home-maker,
2275 1087 80 71 by

354 1159 2003 76 Georgie Boynton Child … edited and arranged by Louise
351 1232 312 73 Boynton.
746 1234 153 58 New
933 1236 192 73 York,
1165 1237 73 57 R.
1279 1237 84 58 M.
1405 1236 298 59 McBride
1742 1238 48 57 &
1828 1256 324 55 company,
2193 1240 166 56 1925.

420 1317 1125 52 xvi p., 3 l., 259 p. front., illus., plates. 19½cm.
423 1372 227 47 “Revised
677 1373 185 52 edition,
889 1375 126 51 May,
1046 1375 146 46 1925.”

351 1427 53 54 ©
435 1430 111 52 May
573 1428 63 53 30,
669 1427 103 46 1925;
829 1430 63 43 2c.
921 1430 87 43 and
1035 1429 78 44 aff.
1142 1429 118 53 June
1281 1429 80 52 22;
1392 1429 43 43 A
1464 1429 159 45 829811;
1687 1428 50 47 G.
1770 1430 50 43 B.
1853 1428 146 56 Child,
2029 1430 132 54 Long
2187 1431 168 54 Island,

422 1485 1169 56 N. Y . [© changes throughout] (25-11414)
350 1573 158 72 Dell,
542 1572 297 59 Berenice
872 1573 73 59 V.

430 1652 129 57 The
608 1650 186 59 silent
837 1651 194 72 voice,
1077 1653 83 71 by
1205 1649 301 61 Berenice
1554 1653 75 57 V.
1678 1652 157 58 Dell,
1917 1653 261 74 Boston,
2229 1654 129 59 The

349 1729 173 58 Four
551 1748 139 38 seas
720 1748 309 54 company
1058 1759 14 44 [
1073 1737 20 23 c
1096 1729 167 74 1925]

417 1806 361 54 474 p. 19½ cm .
349 1863 53 53 ©
429 1865 112 51 Apr.
569 1864 67 52 20,
667 1862 128 54 1925;
825 1864 63 43 2c.
919 1865 112 52 May
1060 1862 73 54 15;
1164 1865 78 42 aff.
1271 1865 115 52 June
1417 1863 73 53 17;
1523 1865 43 42 A
1593 1863 190 48 829750;
1814 1864 124 44 Four
1967 1880 98 28 seas
2094 1880 65 29 co.

428 1919 271 55 (25-11321)

350 2006 293 72 Dutcher,
682 2007 241 73 George
961 2006 319 73 Matthew,
1322 2009 191 58 1874-

427 2086 128 57 The
580 2085 282 72 political
887 2086 367 73 awakening
1278 2086 69 59 of
1367 2086 104 57 the
1495 2086 163 57 East;
1717 2085 237 59 studies
1982 2086 68 58 of
2073 2085 283 73 political

347 2183 299 54 progress
682 2164 66 56 in
783 2164 234 72 Egypt,
1054 2163 203 72 India,
1297 2162 218 74 China,
1550 2163 234 72 Japan,
1820 2165 124 56 and
1977 2164 104 57 the
344 2163 1984 151 Philippines,

346 2240 1983 151 by George Matthew Dutcher … New York, Cincinnati,
531 2321 130 57 The
692 2320 337 73 Abingdon
1058 2339 181 52 press
1277 2350 13 42 [
1294 2330 16 21 c
1314 2320 165 71 1925]

345 2395 1988 111 372 p. 21½cm. [Wesleyan university. George Slocum Bennett foundation. Lectures … 5th ser., 1922-1923]
416 2511 337 55 “Suggestions
787 2513 77 42 for
893 2511 221 54 reading”
1143 2518 47 38 at
1221 2511 88 44 end
1339 2512 53 42 of
1422 2520 122 36 most
1576 2511 54 43 of
1658 2512 77 43 the
1762 2512 228 52 chapters.

343 2569 56 54 ©
431 2570 111 53 Apr.
580 2568 63 55 15,
679 2568 129 56 1925;
843 2572 64 41 2c.
941 2570 87 43 and
1061 2570 78 43 aff.
1175 2570 114 53 June
1322 2571 49 51 6;
1407 2569 43 42 A
1483 2567 190 55 829564;
1711 2569 51 44 G.
1799 2570 66 43 M.
1901 2567 215 53 Dutcher,
415 2568 1935 112 Middle-town,
590 2627 140 45 Conn.
800 2626 271 55 (25-11035)

347 2714 239 71 Felton,
623 2713 210 74 Ralph
862 2713 77 57 A.

489 2788 1859 76 … A Christian in the countryside, by Ralph A. Felton.
343 2869 349 73 Approved
719 2871 83 69 by
833 2869 105 57 the
974 2867 370 59 Committee
1378 2886 79 38 on
1487 2866 381 59 curriculum
1901 2865 69 59 of
2001 2865 104 61 the
2136 2866 215 58 Board

346 2947 68 57 of
461 2947 260 72 Sunday
767 2946 242 57 schools
1058 2945 68 58 of
1168 2945 103 58 the
1319 2943 347 59 Methodist
1712 2942 344 74 Episcopal
2102 2944 247 58 church.

344 3026 152 57 New
517 3025 191 69 York,
736 3022 374 71 Cincinnati,
1140 3024 128 58 The
1297 3021 346 58 Methodist
1665 3022 162 59 book
1852 3039 264 41 concern
2143 3049 15 44 [
2158 3027 20 23 c
2183 3022 164 71 1925]

416 3102 79 44 134
523 3117 40 38 p.
627 3101 50 44 18½
713 3103 45 17 cm
766 3136 8 7 .
844 3099 174 55 (Rural
1047 3099 83 44 life
1159 3099 155 52 series,
1348 3100 60 42 H.
1439 3099 60 43 H.
1532 3098 175 53 Meyer,
1740 3097 175 53 editor;
1951 3099 72 43 W.
2058 3096 48 45 C.
2140 3098 210 53 Barclay,

340 3164 201 40 associate
601 3157 176 55 editor)

343 3215 53 53 ©
423 3218 116 51 June
567 3217 35 48 1,
634 3214 130 53 1925;
794 3217 63 41 2c.
887 3215 87 43 and
999 3214 79 44 aff.
1107 3215 116 52 June
1249 3214 49 52 6;
1329 3215 43 42 A
1402 3211 190 55 829557;
1623 3215 53 42 R.
1705 3214 56 43 A.
1794 3213 174 52 Felton,
2000 3213 168 52 Ithaca,
2199 3214 59 42 N.
2287 3213 57 44 Y.

422 3271 270 56 (25-10932)

345 3356 325 69 Gerhardi,
711 3356 282 59 William
1029 3355 379 70 Alexander,
1451 3357 190 56 1895-

421 3431 1927 76 The polyglots; a novel, by William Gerhardi … New
339 3513 192 69 York,
561 3512 264 57 Duffield
854 3512 48 57 &
931 3528 324 55 company,
1287 3509 167 59 1925.

408 3588 604 54 4 p. l., 3-375 p. 19½ cm .
342 3645 53 53 ©
420 3647 115 52 June
564 3645 62 52 10,
656 3644 129 53 1925;
813 3646 63 42 2c.
903 3646 115 51 June
1049 3644 73 52 17;
1152 3645 78 43 aff.
1258 3645 114 52 June
1401 3644 74 51 13;
1505 3644 43 42 A
1576 3640 188 54 855595;
1796 3642 197 44 Duffield
2019 3643 38 44 &
2081 3657 67 29 co.

419 3701 270 56 (25-11323)

343 3789 195 71 Hord,
577 3787 256 59 Parker.

421 3867 280 72 Tyndale;
767 3887 35 37 a
833 3869 224 55 drama
1081 3867 65 56 in
1177 3867 147 58 four
1357 3866 288 71 episodes
1675 3865 188 58 taken
1891 3865 169 56 from
2091 3863 105 57 the
2226 3862 113 58 life

343 3945 70 57 of
440 3945 103 58 the
572 3944 139 58 first
742 3945 352 57 translator
1122 3945 67 57 of
1219 3945 103 57 the
1351 3943 179 57 Bible
1559 3943 132 57 into
1723 3941 286 74 English,
2043 3942 103 57 the
2176 3958 162 39 mar-
