2533 4412
0 0 0 0 90
413 551 29 42 2
469 565 41 29 v.
573 550 131 52 illus.,
735 548 167 54 diagrs.
961 550 55 43 24
1023 552 46 17 cm
1077 585 8 8 .

417 608 157 51 Paged
608 606 330 53 continuously.

697 672 92 35 CONTENTS.—I.
838 662 305 52 Therapeutic
1193 669 157 45 agents
1400 662 89 42 and
1537 662 401 51 procedures.—II.
1988 661 269 44 Treatment
2306 660 50 45 of

346 729 249 43 symptoms
631 721 89 42 and
754 720 212 44 diseases.

345 775 53 54 ©
428 778 101 51 Jan.
560 777 67 51 24,
664 775 130 54 1925;
827 777 65 42 2c.
927 777 89 42 and
1045 775 78 43 aff.
1157 773 108 46 Feb.
1300 773 22 45 5;
1383 775 45 42 A
1459 772 190 55 815928;
1685 773 50 45 F.
1769 775 57 43 A.
1861 774 142 44 Davis
2035 789 66 29 co.
424 833 245 56 (25-3960)

345 919 297 72 Melville,
680 921 297 71 Herman,
1019 921 360 57 1819-1891.

346 1008 1989 141 Israel Potter, his fifty years of exile, by Herman Melville … illustrated
1063 1089 84 71 by
1189 1088 219 57 Frank
1453 1088 69 57 T.
1570 1087 265 59 Merrill.
1917 1088 261 74 Boston,
2226 1088 129 57 The

347 1169 91 58 St.
468 1168 278 71 Botolph
775 1168 238 71 society
1044 1168 182 75 [1925]

422 1245 1104 56 xviii p., 1 l., 301 p. front., plates. 20½ cin .
427 1305 249 44 Published
704 1306 43 42 in
781 1304 105 44 1865
913 1306 142 42 under
1085 1303 125 45 title:
1239 1303 100 44 The
1368 1304 200 52 refugee.

346 1358 55 55 ©
434 1362 99 51 Jan.
573 1361 61 52 12,
672 1359 131 54 1925;
838 1361 64 42 2c.
938 1361 86 42 and
1059 1361 79 42 aff.
1173 1361 99 51 Jan.
1311 1361 76 50 19;
1425 1359 44 43 A
1505 1357 189 54 814925;
1734 1359 48 43 L.
1822 1358 48 45 C.
1910 1361 125 51 Page
2072 1360 36 43 &
2143 1373 79 37 co.,
2261 1359 98 51 inc.,

418 1419 185 43 Boston.
669 1415 66 56 [©
764 1416 305 45 introduction
1100 1418 88 43 and
1217 1416 314 54 illustrations]
1604 1415 243 57 (25-3551)

348 1503 313 72 Michelet,
697 1504 227 57 Maren
960 1502 264 58 Bastine
1261 1501 176 74 Hals,
1478 1504 191 57 1869-

429 1597 1930 73 First year Norse, by Maren Michelet … 6th rev. ed.
353 1675 441 74 Minneapolis,
838 1675 216 74 Minn.,
1099 1677 128 57 The
1271 1676 325 57 Lutheran
1637 1677 137 58 free
1816 1677 231 58 church
351 1675 1986 155 publishing
485 1775 106 51 co.,
619 1756 168 59 1924.

421 1852 76 34 xv,
527 1833 81 47 372
639 1849 39 37 p.
739 1832 118 47 illus.
917 1833 55 45 20½c
1024 1835 30 19 m
1062 1873 8 8 .

427 1892 149 53 Songs
605 1890 112 45 with
746 1889 170 46 music:
946 1906 41 35 p.
1013 1887 210 48 276-292.

348 1945 53 55 ©
429 1949 99 52 Jan.
562 1947 63 51 14,
658 1944 130 54 1925;
819 1945 64 43 2c.
915 1945 99 52 Jan.
1044 1944 78 52 26;
1155 1944 78 43 aff.
1264 1944 100 52 Jan.
1393 1942 80 54 27;
1507 1944 42 41 A
1580 1942 189 54 822005;
1804 1944 229 45 Lutheran
2065 1945 97 45 free
2192 1946 167 43 church

419 2004 99 53 pub.
542 2019 66 29 co.
680 2000 244 58 (25-3995)

349 2090 374 59 Minnesota.
806 2090 307 72 Supreme
1153 2093 193 53 court.

350 2179 1984 140 Minnesota reports, v. 155, 156. Cases argued and determined … Feb.
1020 2258 388 59 16-October
1438 2261 89 70 19,
1563 2261 167 55 1923.
1803 2260 224 72 Henry
2055 2260 307 75 Burleigh

348 2339 297 73 Wenzell,
693 2340 308 70 reporter.
1090 2337 186 58 Saint
1318 2337 177 73 Paul,
1544 2338 293 58 Lavallee
1885 2340 119 56 law
2047 2340 163 57 book
2252 2360 108 54 co.,

351 2419 167 56 1924.

418 2497 28 41 2
473 2510 30 28 v
574 2494 57 43 22½
664 2497 14 17 cm

349 2567 41 28 v.
421 2550 90 52 155,
537 2549 53 54 ©
619 2551 113 52 May
760 2548 64 53 15,
854 2549 130 53 1924;
1012 2565 40 28 v.
1083 2548 89 52 156,
1199 2547 53 54 ©
1277 2550 120 52 Aug.
1424 2549 78 53 20;
1529 2550 65 43 2c.
1625 2550 108 43 each
1760 2550 86 44 and
1873 2551 102 43 affs.
2003 2552 99 52 Jan.
2129 2552 68 52 26,
2228 2551 130 54 1925;

421 2609 45 43 A
501 2607 179 53 814776,
715 2606 191 54 814777;
946 2607 129 44 Mike
1110 2607 158 51 Holm,
1305 2614 231 45 secretary
1570 2606 53 45 of
1657 2607 76 44 the
1769 2615 115 37 state
1920 2608 52 45 of
2008 2609 272 52 Minnesota,
2318 2609 44 44 in

423 2672 119 37 trust
568 2665 74 44 for
668 2665 75 44 the
770 2665 167 44 benefit
961 2664 53 44 of
1038 2664 75 44 the
1139 2664 158 53 people
1324 2664 50 43 of
1402 2664 96 43 said
1527 2672 128 45 state,
1687 2664 64 46 St.
1783 2665 127 44 Paul.

352 2750 406 74 Mississippi.
841 2752 306 73 Supreme
1191 2756 192 53 court.

352 2842 1985 138 Cases argued and decided … at the March and September
503 2925 213 69 terms,
760 2923 166 55 1923.
1008 2941 58 37 v.
1111 2922 128 56 133.
1320 2922 324 71 Reported
1682 2923 86 71 by
1807 2922 61 58 J.
1912 2922 270 73 Morgan
352 2923 1982 134 Stevens.

616 2998 343 74 Columbia,
1010 3000 144 70 Mo.,
1203 3000 73 55 E.
1326 3000 98 57 W.
1478 3000 311 71 Stephens
1839 3000 364 74 publishing
2254 3021 106 54 co.,

355 3080 167 55 1924.

423 3154 80 54 xii,
535 3155 106 43 1004
670 3169 40 39 p.
767 3155 54 43 23
829 3157 46 18 cm
883 3190 7 8 .

355 3210 53 54 ©
437 3211 119 53 Sept.
583 3212 67 52 24,
680 3212 106 44 1924;
839 3212 64 42 2c.
935 3211 121 53 Sept.
1080 3212 79 52 29;
1190 3212 78 43 aff.
1297 3211 108 45 Feb.
1433 3212 40 52 2,
1503 3211 131 53 1925;
1664 3212 43 42 A
1734 3212 189 53 814861;
1952 3212 53 47 E.
2033 3213 76 44 W.
2142 3211 218 54 Stephens

424 3269 101 52 pub.
561 3284 65 28 co.

355 3352 266 71 Molnár,
664 3353 254 71 Ferenc,
961 3355 190 57 1878-

438 3433 130 57 The
595 3435 418 70 guardsman;
1042 3454 35 37 a
1106 3434 260 72 comedy
1390 3434 68 57 in
1481 3435 177 57 three
1687 3437 149 69 acts,
1864 3434 85 71 by
1974 3434 210 57 Franz
359 3433 1984 151 Molnar,

530 3511 382 59 translation
945 3513 85 71 by
1064 3511 200 59 Grace
1301 3511 49 59 I.
1393 3511 270 60 Colbron
1699 3514 123 56 and
1857 3511 180 59 Hans
2073 3512 290 72 Bartsch,

361 3590 213 73 acting
609 3588 257 58 version
905 3590 85 69 by
1026 3588 213 74 Philip
1282 3589 280 73 Moeller,
1605 3589 316 59 foreword
1960 3592 84 70 by
2085 3590 279 58 Theresa

363 3667 302 59 Helburn.
750 3668 130 57 The
928 3668 273 58 Theater
1247 3668 173 73 guild
1464 3665 270 74 version,
1778 3667 150 57 with
1973 3668 175 59 three
360 3667 1979 138 illustrations

668 3746 169 59 from
870 3745 435 75 photographs
1342 3747 69 59 of
1443 3747 104 58 the
1585 3746 272 59 Theater
1894 3745 172 74 guild
361 3750 1981 134 production.

595 3825 153 57 New
779 3824 192 72 York,
1004 3824 164 57 Boni
1203 3827 123 56 and
1360 3824 330 73 Liveright
1725 3855 13 42 [
1741 3832 17 21 c
1763 3824 148 56 1924]

429 3901 1132 55 xv p., 3 l., 23-189 p. front., plates. 19½ cm .
357 3956 54 54 ©
445 3958 108 43 Dec.
590 3958 65 46 30.
693 3957 131 52 1924;
858 3956 66 43 2c.
960 3957 98 52 Jan.
1094 3957 36 51 9,
1168 3956 133 53 1925;
1338 3957 78 42 aff.
1452 3956 99 52 Jan.
1588 3956 49 51 6;
1677 3957 42 41 A
1756 3956 190 53 814909;
1984 3958 132 44 Hans
2154 3959 205 52 Bartsch,

480 4012 1108 55 ℅ Boni & Liveright, New York. (25-3777)
