2533 4412
1245 4118 109 57 250

348 425 190 70 Keen,
578 428 283 61 William
895 431 333 76 Williams,
1267 440 190 57 1837-

424 522 32 56 I
485 521 238 59 believe
751 522 67 57 in
848 522 137 59 God
1016 525 123 56 and
1167 522 66 58 in
1265 523 334 73 evolution,
1632 525 84 71 by
1743 525 280 58 William
2051 526 98 58 W.
2181 527 182 58 Keen

415 603 1944 74 … 3d ed., 5th impression. Philadelphia and London,
345 685 62 57 J.
436 684 73 57 B.
539 683 367 72 Lippincott
937 702 308 53 company
1277 712 13 43 [
1294 693 16 20 c
1315 683 165 73 1925]

420 775 643 57 105 p. illus., pl. 18½ cm .
344 855 53 54 ©
427 856 106 44 Feb.
563 856 67 52 20,
664 854 129 54 1925;
826 855 64 43 2c.
921 854 87 44 and
1038 854 79 43 aff.
1149 854 120 43 Mar.
1306 851 73 54 17;
1414 853 44 43 A
1488 851 189 54 823426;
1710 852 39 53 J.
1785 852 50 44 B.
1868 852 258 54 Lippincott
2158 867 64 30 co.
2287 850 67 56 [©

413 930 101 28 new
541 921 166 36 matter
734 914 87 43 and
850 913 212 52 revision]
1130 910 245 55 (25-6724)

341 1017 204 74 Kelly,
585 1015 344 59 Frederick
963 1015 232 71 James,
1235 1017 190 57 1880-

421 1113 130 56 The
582 1109 340 59 American
955 1111 134 54 arts
1122 1107 234 69 college;
1421 1125 36 38 a
1489 1106 244 58 limited
1766 1127 248 55 survey,
2046 1111 84 71 by
342 1113 1987 136 Frederick
548 1190 60 57 J.

646 1184 1705 76 Kelly … with the aid of a subvention from the
342 1266 533 62 Commonwealth
898 1265 161 58 fund
1086 1265 69 57 of
1179 1264 152 57 New
1355 1264 191 56 York.
1630 1265 153 58 New
1806 1265 192 75 York,
2028 1268 129 59 The
335 1270 1992 136 Macmillan

587 1363 326 55 company,
947 1343 167 59 1925.

407 1434 872 60 xii p., 1 l., 198 p. diagr. 19½c m .
409 1510 128 46 “The
568 1510 138 54 study
734 1509 37 43 is
803 1524 87 28 one
924 1508 53 43 of
1008 1526 24 27 a
1062 1522 150 38 group
1244 1507 54 43 of
1329 1506 368 67 investigations.
1721 1511 262 51 sponsored
2012 1511 60 54 by
2101 1510 76 46 the
336 1514 1991 100 Committee
527 1583 58 29 on

617 1565 374 47 administrative
1024 1566 137 51 units,
1195 1563 153 44 which
1383 1564 38 44 is
1454 1579 25 29 a
1514 1563 290 47 subdivision
1838 1567 54 43 of
1926 1566 78 46 the
2039 1567 309 48 Educational

335 1626 215 43 research
582 1623 265 45 committee
874 1623 53 43 of
957 1621 76 44 the
1064 1619 405 47 Commonwealth
1502 1621 401 46 fund.”—Introd.

334 1684 53 53 ©
414 1686 119 41 Mar.
564 1682 60 52 17,
656 1680 129 53 1925;
811 1682 65 42 2c.
901 1681 87 43 and
1014 1680 78 43 aff.
1122 1680 119 43 Mar.
1272 1681 73 49 18;
1374 1680 43 42 A
1444 1680 188 52 822466;
1664 1681 266 44 Macmillan
1957 1698 64 29 co.

398 1739 259 56 (25-6935)

330 1842 321 72 Keystone
687 1838 163 59 view
886 1853 326 57 company.

403 1933 341 58 American
773 1931 250 71 history;
1085 1930 286 57 teachers
1387 1934 12 26 ’
1431 1930 204 74 guide,
1669 1951 39 37 a
1738 1933 236 71 special
2005 1938 94 54 set
2131 1935 69 57 of
2230 1937 109 56 300

338 2008 240 64 lantern
602 2011 189 58 slides
817 2011 124 57 and
967 2010 110 58 300
1103 2009 466 74 stereographs.
1635 2010 354 76 Meadville,
2016 2013 131 75 Pa.,
329 2014 1987 135 Keystone
554 2091 161 57 view

765 2108 308 52 company
1132 2088 504 73 (incorporated)
1698 2090 421 60 Educational
2168 2094 168 72 dept.

329 2201 12 43 [
343 2178 19 20 c
367 2172 164 71 1925]

404 2265 78 44 102
510 2279 39 37 p.
610 2263 56 44 20
672 2265 45 17 cm
725 2297 8 8 .

402 2334 210 43 Lettered
640 2348 57 28 on
723 2347 135 29 cover:
913 2331 162 44 Visual
1101 2331 251 44 education.

326 2389 53 53 ©
407 2390 106 43 Feb.
545 2390 59 47 18,
638 2388 129 52 1925;
796 2389 66 43 2c.
891 2389 87 42 and
1005 2388 78 43 aff.
1116 2388 120 43 Mar.
1266 2385 48 54 5;
1346 2388 43 42 A
1419 2387 189 52 823270;
1640 2389 239 53 Keystone
1902 2390 115 44 view
2046 2407 53 28 co.

390 2446 245 55 (25-6393)

321 2546 186 73 Lane,
545 2549 154 56 Mrs.
738 2547 163 57 Rose
948 2544 301 76 (Wilder)
1298 2549 190 56 1877-

399 2636 1935 73 He was a man, by Rose Wilder Lane … New York
322 2717 125 57 and
472 2717 281 70 London,
783 2716 259 72 Harper
1070 2715 48 57 &
1143 2716 313 74 brothers,
1489 2716 167 59 1925.

389 2808 618 54 3 p. l., 3-380 p. 19½c m .
319 2879 53 53 ©
401 2882 117 41 Mar.
551 2880 61 51 18,
644 2878 130 52 1925;
804 2879 64 43 2c.
898 2880 119 42 Mar.
1051 2878 73 52 17;
1155 2879 78 43 aff.
1265 2879 118 43 Mar.
1411 2879 79 52 20;
1521 2880 38 42 A
1592 2881 189 53 822480;
1814 2883 52 42 R.
1897 2884 75 43 W.
2003 2884 133 53 Lane,
390 2887 1914 102 Mansfield,
536 2938 97 42 Mo.
698 2935 244 54 (25-6944)

316 3036 195 71 Lang,
550 3037 152 56 Mrs.
743 3033 239 58 Minnie
1030 3033 324 75 (McAfee)
1402 3037 190 57 1866-

391 3128 334 70 Basketry,
750 3127 287 73 weaving
1061 3127 123 56 and
1210 3126 221 72 design;
1492 3129 147 56 reed
1665 3129 302 74 weaving,
1993 3132 104 58 the
2123 3152 110 39 use
2261 3135 69 57 of

315 3209 177 56 wood
535 3207 194 57 beads
773 3206 152 57 with
970 3206 201 71 reeds,
1218 3207 148 56 reed
1410 3207 125 57 and
1577 3206 174 59 raffia
1793 3209 318 75 basketry,
313 3211 1990 132 pineneedle

561 3285 317 72 basketry,
914 3285 84 70 by
1030 3285 152 56 Mrs.
1219 3283 226 57 Edwin
1478 3284 195 73 Lang.
1757 3285 153 58 New
1941 3287 190 73 York,
314 3290 1988 146 London,
487 3362 64 59 C.
584 3363 358 58 Scribner’s
976 3380 163 54 sons,
1173 3362 165 56 1925.

383 3455 77 50 xii,
497 3455 51 44 93
585 3469 38 37 p.
688 3453 152 50 front.,
879 3452 154 53 plates.
1094 3453 150 42 23½cm.

313 3524 53 53 ©
390 3524 106 44 Feb.
520 3523 68 53 27,
616 3523 129 53 1925;
769 3525 65 42 2c.
862 3525 117 42 Mar.
1007 3522 48 53 7;
1083 3524 78 42 aff.
1189 3524 119 42 Mar.
1334 3524 49 51 2;
1413 3524 42 41 A
1480 3524 190 52 823339;
1702 3524 188 45 Charles
1919 3525 252 47 Scribner’s
2199 3544 115 30 sons.

391 3581 243 55 (25-6814)

309 3683 138 71 Lee,
485 3681 252 58 Amber.

388 3777 130 57 The
548 3795 246 38 woman
823 3775 32 55 I
890 3793 115 54 am,
1041 3775 81 72 by
1155 3773 234 59 Amber
1423 3774 139 58 Lee.
1639 3775 151 58 New
1821 3776 190 75 York,
2049 3779 67 58 T.
310 3779 1980 149 Seltzer,
467 3855 164 57 1925.

375 3929 625 55 4 p. l., 3-305 p. 19½ cm .
306 4002 54 53 ©
389 4004 119 42 Mar.
536 4003 39 47 9,
606 4000 128 53 1925;
764 4002 66 42 2c.
862 4002 116 42 Mar.
1009 4002 49 50 9;
1089 4002 79 42 aff.
1199 4002 119 42 Mar.
1352 4001 73 52 18;
1457 4001 43 42 A
1529 4001 188 54 822457;
1749 4002 201 45 Thomas
1983 4004 187 47 Seltzer.

385 4059 243 55 (25-6620)
