2533 4412
1084 4080 108 55 173

127 439 365 73 Remsburg,
538 439 241 70 George
821 436 434 73 Washington,
1305 436 189 57 1868-

131 526 1994 158 Scientific eating and health building, by G. W. Remsburg … [Kansas City, Mo., Nazarene publishing house,
128 699 19 21 c
151 691 148 55 1925]

200 779 83 46 317
311 796 39 37 p.
411 781 115 44 illus.
584 780 57 45 20
647 783 46 17 cm
699 817 9 8 .

129 846 55 54 ©
220 848 107 44 Feb.
364 846 35 55 7,
440 845 130 55 1925;
607 848 64 43 2c.
708 846 107 45 Feb.
857 847 71 52 14;
967 846 78 44 aff.
1084 844 104 46 Feb.
1230 844 72 51 12;
1342 844 42 43 A
1422 844 188 52 823089;
1652 842 51 46 G.
1739 844 75 45 W.
1853 842 271 55 Remsburg,

202 906 346 51 Independence,
581 905 94 43 Mo.
745 903 242 55 (25-5664)

130 1003 315 74 Romains,
486 1003 193 72 Jules,
721 1006 189 56 1885-

206 1092 331 73 Lucienne,
591 1095 83 69 by
728 1093 180 58 Jules
966 1091 332 71 Romains;
1356 1090 354 58 translated
1765 1093 83 70 by
1903 1090 226 59 Waldo

132 1170 231 58 Frank.
446 1172 152 57 New
624 1172 192 70 York,
843 1171 162 57 Boni
1033 1172 48 57 &
1105 1169 348 72 Liveright,
1482 1169 166 57 1925.

199 1262 94 53 254,
324 1262 53 48 [1]
405 1276 40 40 p.
509 1261 52 45 19½
595 1263 46 18 cm
647 1296 9 9 .

131 1332 55 53 ©
213 1333 106 44 Feb.
343 1334 69 51 20,
440 1333 102 44 1925;
596 1334 65 44 2c.
689 1332 105 46 Feb.
821 1332 52 45 25;
928 1334 78 44 aff.
1037 1335 118 42 Mar.
1184 1334 49 52 3;
1263 1334 42 42 A
1332 1333 190 52 822249;
1555 1333 113 43 Boni
1698 1333 38 44 &
1764 1331 250 54 Liveright,
2044 1332 82 44 inc.

211 1388 242 55 (25-5458)

134 1489 203 72 Sears,
374 1490 182 58 Jesse
589 1490 354 73 Brundage,
981 1493 190 57 1876-

215 1583 130 57 The
373 1582 210 58 school
609 1601 260 54 survey;
899 1604 35 37 a
962 1584 296 57 textbook
1285 1602 79 39 on
1391 1584 105 58 the
1523 1602 112 39 use
1663 1585 68 56 of
1761 1583 209 58 school
137 1602 1970 131 surveying

400 1661 64 56 in
499 1661 103 57 the
638 1661 512 58 administration
1186 1663 68 56 of
1286 1661 209 72 public
1533 1661 262 73 schools,
1831 1664 83 69 by
1949 1661 184 58 Jesse

137 1736 1997 76 B. Sears … Boston, New York [etc.] Houghton Mifflin
137 1835 305 54 company
474 1847 12 43 [
488 1824 18 21 c
511 1818 148 56 1925]

209 1924 114 37 xxx,
356 1908 84 45 440
473 1924 39 37 p.
572 1908 118 45 illus.
715 1908 201 53 (forms)
958 1907 168 54 diagrs.
1192 1909 49 44 19½
1276 1911 46 18 cm
1328 1944 9 9 .
1406 1908 293 53 (Half-title:
1741 1908 238 47 Riverside
137 1917 1975 93 textbooks
308 1967 44 42 in
377 1964 248 53 education,
651 1968 65 44 ed.
742 1968 57 50 by
825 1964 53 51 E.
903 1967 51 43 P.
984 1965 280 52 Cubberley)

211 2037 233 48 “Selected
469 2037 287 46 references”
782 2046 47 37 at
854 2038 86 44 end
964 2039 52 44 of
1044 2038 109 45 each
1179 2038 197 51 chapter.

211 2095 129 46 “List
366 2096 53 44 of
444 2096 156 44 school
628 2110 164 37 survey
819 2102 176 45 reports
1024 2095 205 44 referred
1254 2103 46 36 to
1329 2095 45 43 in
1402 2094 90 45 this
1521 2093 174 47 book”:
1724 2111 40 35 p.
1791 2096 206 45 429-433.

139 2161 53 54 ©
218 2161 106 46 Feb.
349 2162 66 51 20,
449 2161 129 53 1925;
607 2163 64 42 2c.
700 2162 87 43 and
814 2162 78 43 aff.
920 2162 106 43 Feb.
1054 2161 80 53 27;
1163 2162 42 42 A
1236 2161 188 53 823197;
1455 2162 39 53 J.
1526 2162 49 43 B.
1608 2160 150 55 Sears,
1789 2161 220 48 Stanford
207 2163 1903 109 university,
422 2218 134 45 Calif.
625 2217 243 55 (25-5408)

139 2318 225 75 Seelig,
404 2318 211 73 Major
650 2318 270 70 Gabriel,
963 2321 190 57 1874-

219 2409 1850 77 Medicine; an historical outline, by M. G. Seelig …
143 2490 364 72 Baltimore,
543 2489 311 59 Williams
892 2491 47 56 &
973 2490 269 59 Wilkins
1280 2509 322 56 company,
1641 2493 166 56 1925.

210 2583 128 54 xviii,
366 2581 84 48 207
476 2597 40 40 p.
578 2582 150 53 front.,
759 2598 69 38 pl.,
861 2591 142 46 ports.
1067 2584 50 45 19
1123 2585 46 18 cm
1177 2622 8 8 .

142 2650 53 55 ©
222 2652 108 44 Feb.
357 2651 67 53 26,
455 2650 130 54 1925;
614 2653 64 42 2c.
708 2652 88 43 and
822 2652 79 44 aff.
932 2652 121 43 Mar.
1083 2650 48 54 5;
1162 2652 44 43 A
1238 2652 188 52 823261;
1457 2652 230 46 Williams
1718 2655 38 44 &
1783 2654 199 47 Wilkins
2013 2672 65 29 co.

220 2707 243 56 (25-5666)

142 2806 370 73 Silverman,
551 2806 377 74 Alexander,
969 2811 190 56 1881-

219 2898 59 56 A
302 2898 168 57 brief
497 2917 216 38 course
742 2898 67 57 of
837 2898 95 57 six
960 2898 163 57 talks
1153 2899 123 56 and
1301 2898 443 75 bibliography
1769 2922 78 38 on
1875 2904 104 58 the
2009 2905 128 58 rôle

144 2976 68 57 of
255 2976 338 71 chemistry
634 2975 65 56 in
746 2977 341 71 every-day
1127 2975 132 73 life,
1303 2979 317 69 prepared
1663 2981 123 56 and
1829 2981 185 72 given
2056 2984 83 71 by

142 3053 1998 75 Alexander Silverman … Alexander Lowy … Gebhard
147 3131 1578 79 Stegeman … [and others] [Pittsburgh, c 1924]
217 3227 54 42 34
302 3240 40 38 p.
402 3225 52 43 23
463 3226 46 17 cm
515 3259 8 7 .
593 3224 294 53 (University
921 3224 50 44 of
1004 3224 283 53 Pittsburgh.
1349 3225 146 44 Radio
1526 3228 273 51 publication
1834 3245 72 28 no.
1943 3231 49 53 6)

220 3281 278 43 “Broadcast
534 3280 120 44 from
687 3280 75 44 the
795 3281 266 52 University
1094 3281 51 43 of
1181 3282 268 53 Pittsburgh
1484 3285 147 43 studio
1665 3284 52 45 of
1752 3285 201 51 KDKA,
151 3288 1971 103 Westinghouse

416 3336 179 45 electric
645 3338 37 43 &
729 3336 368 53 manufacturing
1147 3351 230 39 company,
1428 3338 111 46 East
1590 3341 281 54 Pittsburgh,
149 3345 1973 93 Pennsylvania.”

223 3449 325 53 Bibliography
575 3458 45 35 at
648 3450 83 43 end
758 3449 52 43 of
836 3449 109 44 each
971 3450 107 43 talk.

148 3504 53 54 ©
229 3506 118 43 Nov.
379 3506 62 50 14,
472 3505 130 52 1924;
628 3505 66 43 2c.
723 3505 88 43 and
836 3504 78 44 aff.
941 3505 99 51 Jan.
1068 3505 68 52 22,
1169 3504 131 54 1925;
1330 3506 44 42 A
1403 3506 165 45 815712;
1624 3509 267 47 University
1919 3514 50 44 of
217 3514 1901 100 Pittsburgh,
409 3561 281 52 Pittsburgh.
759 3559 242 55 (25-5081)

149 3659 287 73 Sinclair,
476 3661 168 72 May.

227 3750 131 58 The
384 3752 206 55 rector
617 3750 67 57 of
710 3750 215 72 Wyck,
953 3751 84 71 by
1062 3750 152 73 May
1244 3750 286 62 Sinclair.
1615 3756 152 59 New
1793 3758 190 75 York,
2015 3762 129 59 The

149 3828 358 58 Macmillan
541 3846 321 55 company,
899 3830 165 55 1925.

220 3903 554 54 3 p. l., .258 p. 19½ cm .
150 3961 54 53 ©
234 3963 118 42 Mar.
381 3961 38 48 6,
453 3960 128 53 1925;
611 3962 65 43 2c.
707 3962 87 43 and
822 3963 78 43 aff.
932 3963 120 43 Mar.
1084 3962 49 53 7;
1168 3964 42 42 A
1241 3965 189 53 823308;
1464 3968 64 43 M.
1562 3968 206 54 Sinclair,
1801 3971 200 45 London.

231 4016 241 55 (25-5616)
