2533 4412
0 0 0 0 831
127 431 300 74 Garborg,
466 431 188 72 Arne,
696 432 356 57 1851-1924.

272 519 1838 79 … Dagbok 1905-1923. 2. (25. juni 1907-27. dec. 1909)
129 602 165 72 Oslo,
323 600 79 58 H.
433 600 377 72 Aschehoug
837 600 47 56 &
913 618 86 39 co.
1041 598 123 72 (W.
1198 600 332 72 Nygaard)
1571 601 166 56 1925.

192 693 28 41 2
250 706 38 37 p.
338 725 23 18 l.,
390 690 83 43 282
502 704 40 39 p.
603 688 115 44 illus.
745 689 128 54 (incl.
902 688 144 55 port.)
1110 688 54 44 21
1172 690 48 18 cm
1225 722 10 9 .

195 764 65 42 At
290 762 114 44 head
435 760 51 45 of
516 761 123 44 title:
671 761 127 43 Arne
828 759 226 55 Garborg.

124 831 55 55 ©
208 833 112 53 Apr.
380 865 10 21 1,
425 829 128 56 1925;
613 845 35 30 1c.
682 831 110 53 May
825 830 49 54 6;
910 828 304 57 A—Foreign
1241 828 163 55 27889;
1440 830 62 45 H.
1534 829 276 57 Aschehoug
1842 831 38 45 &
1910 846 66 31 co.

126 945 289 72 Heredia,
461 943 257 60 Charles
757 945 71 57 M
1139 942 92 59 de.

196 1034 1925 79 True spiritualism, by C. M. de Heredia … New York,
124 1117 69 56 P.
224 1116 61 59 J.
315 1114 268 73 Kenedy
611 1113 49 59 &
690 1132 143 40 sons
869 1142 13 44 [
883 1123 19 21 c
906 1113 164 74 1924]

194 1190 575 55 xii, 200 p. front. 20½ cm
195 1249 177 45 “Man’s
404 1248 213 45 relations
649 1246 111 46 with
791 1248 73 43 the
895 1246 155 56 angels
1081 1249 89 43 and
1199 1247 75 45 the
1304 1247 122 45 souls
1457 1249 52 43 of
1539 1248 74 45 the
1646 1249 214 53 departed
1893 1248 121 45 from
2048 1250 74 44 the

127 1306 208 45 Catholic
363 1305 126 55 point
519 1305 54 45 of
601 1302 462 56 view.”—Prologue.

126 1362 53 54 ©
204 1365 119 51 June
346 1362 38 53 6,
416 1363 104 43 1924
535 1377 10 38 ;
572 1363 64 42 2c.
664 1363 87 42 and
777 1361 78 44 aff.
882 1361 108 54 July
1013 1360 69 54 25,
1113 1360 129 54 1925;
1272 1362 46 43 A
1343 1360 190 55 855998;
1568 1363 49 42 P.
1646 1365 39 51 J.
1716 1363 188 54 Kenedy
1935 1364 38 44 &
2002 1379 116 30 sons.

203 1417 271 58 (25–15884)

125 1535 282 72 Hettner,
448 1532 244 72 Alfred,
737 1535 189 57 1859-

183 1622 1869 76 Hrundzüge der länderkunde, von dr. Alfred Hettner …
167 1700 1951 82 1. bd. Europa. 3. verb. aufl. … Leipzig und Berlin, B. G.
127 1782 304 72 Teubner,
464 1782 165 56 1925.

194 1855 1293 59 vii, [1], 383 p. maps (part fold.) diagrs. 23 ½ cm .
125 1910 1665 116 © Jan. 26, 1925; 1c. Apr. 7; A —Foreign 27441; B. G. Teubner. (25 – 10827)
125 2072 266 72 Hoover,
435 2070 295 59 Clarence
770 2069 278 73 Newton,
1092 2072 190 58 1875-

203 2167 128 57 The
374 2164 285 61 business
704 2162 264 73 builder,
1013 2184 114 39 one
1170 2165 289 58 hundred
1500 2165 309 74 carefully
1852 2167 269 61 selected

127 2237 1799 83 sales plans … Denver, Col., C. N. Hoover [ c 1925]
196 2321 354 54 104 p. 19½ cm .
198 2380 74 45 On
300 2393 161 32 cover:
493 2379 69 50 By
591 2376 50 47 C.
670 2378 60 44 N.
763 2377 206 45 Hoover.

127 2433 53 54 ©
203 2434 106 53 July
330 2432 69 53 28,
426 2431 104 45 1925
547 2447 9 37 ;
585 2432 64 43 2c.
677 2431 86 43 and
789 2431 78 43 aff.
892 2430 107 53 July
1024 2429 78 53 31;
1131 2430 44 42 A
1202 2429 189 53 863610;
1422 2428 49 46 C.
1498 2430 61 45 N.
1588 2432 202 43 Hoover.

204 2488 272 57 (25–15620)

128 2589 415 74 Humphreys,
584 2586 354 74 Frederick,
980 2588 357 58 1816-1900.

202 2682 433 72 Humphreys’
666 2678 367 73 veterinary
1063 2679 255 56 manual
1351 2678 358 75 describing
1740 2680 277 60 diseases
2054 2682 68 59 of

125 2755 1996 155 horses, cattle, sheep, hogs and poultry and their treatment, by F. Humphreys … New York, Humphreys’ ho-
125 2936 154 37 meo.
311 2913 301 60 medicine
648 2932 86 37 co.
773 2943 12 42 [
786 2920 20 22 c
810 2913 163 72 1925]

194 2992 96 51 230,
324 2990 82 57 [13]
442 3003 40 38 p.
542 2989 158 53 plates.
765 2986 51 45 17
823 2991 47 18 cm
876 3023 9 9 .

128 3047 55 54 ©
214 3048 107 53 July
352 3047 42 53 8,
429 3044 103 46 1925
548 3060 11 38 ;
590 3047 68 41 2c.
692 3045 89 43 and
814 3044 81 43 aff.
928 3043 108 54 July
1068 3044 52 51 9;
1157 3043 44 42 A
1235 3041 191 53 861051;
1465 3042 307 55 Humphreys’
1806 3045 316 53 homeopathic

197 3102 218 46 medicine
441 3117 68 29 co.

128 3206 260 67 Hunter,
431 3201 272 59 Herbert
738 3199 285 60 Warren.

196 3296 101 56 An
326 3292 341 74 Episcopal
694 3291 185 58 white
907 3290 177 72 book,
1112 3289 187 73 being
1327 3289 102 58 the
1461 3293 216 69 report
1708 3291 68 58 of
1805 3311 36 39 a
129 3311 1970 120 conversation
375 3372 276 58 between
695 3390 35 37 a
774 3367 530 60 denominational
1346 3366 233 73 lawyer
1623 3369 126 57 and
1791 3390 35 37 a
127 3368 1972 140 churchman
306 3449 254 71 banker,
596 3448 65 56 in
695 3446 198 57 which
930 3447 104 57 the
1071 3446 233 71 lawyer
1340 3445 106 57 for
1480 3445 103 58 the
1620 3445 141 59 first
1798 3446 147 59 time
1986 3467 133 42 sees

128 3529 102 58 the
266 3526 262 60 historic
565 3525 257 69 church;
859 3523 234 74 having
1128 3524 154 56 been
1319 3523 223 58 reared
1579 3523 66 57 in
1681 3525 104 56 the
1823 3523 193 59 midst
2055 3524 69 59 of

128 3604 396 72 Methodists,
589 3600 505 73 Presbyterians,
1161 3599 308 72 Baptists,
1540 3599 580 76 Congregationals,

130 3687 132 69 etc.,
297 3684 133 68 etc.,
464 3682 82 70 by
579 3700 113 37 one
725 3680 134 57 who
896 3680 164 57 most
1093 3677 353 72 ultimately
1479 3678 210 59 knows
1725 3680 150 57 both
1910 3678 210 73 points

129 3761 68 59 of
245 3759 175 72 view,
471 3758 275 58 Herbert
798 3755 270 60 Warren
1119 3756 267 57 Hunter.
1491 3753 224 76 [Cedar
1764 3756 192 73 Falls,
2047 3775 74 54 Ia.,

128 3838 405 60 Woolverton
560 3835 286 73 printing
874 3852 103 56 co.]
1009 3843 18 22 c
1031 3835 165 56 1925.

198 3916 53 46 96
280 3931 39 38 p.
382 3915 50 45 18
438 3916 47 17 cm
493 3948 8 8 .

131 3972 53 54 ©
210 3975 115 51 June
352 3971 37 52 5,
418 3969 129 54 1925;
575 3971 64 42 2c.
666 3970 86 43 and
777 3970 78 43 aff.
884 3967 106 56 July
1018 3969 50 52 3;
1097 3968 44 42 A
1167 3967 190 53 829992;
1387 3968 62 43 H.
1477 3969 75 44 W.
1582 3968 196 53 Hunter,
1809 3969 200 50 Renovo,
2038 3969 80 42 Pa.

209 4026 270 58 (25–15883)
