2533 4412
1331 4085 111 55 134

386 436 152 70 Fox,
578 434 282 60 Richard
896 435 75 58 A.

469 527 130 57 The
624 527 223 73 people
876 546 79 38 on
982 526 178 59 other
1187 528 269 72 planets,
1482 528 83 71 by
1591 527 279 59 Richard
1894 528 77 57 A.
2001 528 154 58 Fox.
391 527 1981 135 Benton
529 605 275 73 Harbor,

835 604 205 73 Mich.,
1073 605 127 60 The
1229 605 248 59 Walter
1507 606 407 59 Southworth
1942 625 109 52 co.,
2085 604 168 59 1925.

495 731 9 16 x,
537 697 79 43 118
642 710 41 39 p.
745 694 119 46 illus.
923 698 56 44 20
986 699 45 18 cm
1037 732 10 9 .

389 766 54 54 ©
475 768 99 52 Jan.
610 768 62 52 10,
711 767 129 53 1925;
874 769 64 43 2c.
973 770 99 50 Jan.
1110 770 74 51 19;
1221 769 79 43 aff.
1334 770 99 52 Jan.
1472 769 74 51 17;
1582 770 43 41 A
1661 768 189 53 815661;
1887 770 53 41 R.
1975 769 56 43 A.
2067 766 116 55 Fox,
2218 768 177 43 Benton

459 826 201 51 Harbor,
695 826 140 43 Mich.
905 825 244 56 (25-4684)

386 925 397 72 Fracastoro,
823 925 336 72 Girolamo,
1201 928 359 56 1483-1553.

391 1018 1985 138 … Navgerivs; sive, De poetica dialogvs; with an English
555 1099 383 58 translation
979 1100 85 72 by
1104 1100 174 56 Ruth
1317 1098 195 59 Kelso
1558 1100 125 57 and
1726 1119 80 37 an
1845 1098 431 59 introduction
2316 1098 82 73 by

391 1176 267 74 Murray
683 1177 95 58 W.
810 1177 245 73 Bundy.
1143 1176 296 76 [Urbana,
1467 1177 115 73 Ill.]
1614 1178 130 58 The
1773 1176 375 74 University
2176 1178 68 58 of
387 1176 1988 154 Illinois,
576 1257 165 55 1924.

460 1335 54 44 88
552 1350 42 37 p.
658 1336 18 42 1
719 1334 116 44 illus.
895 1334 54 44 27½
985 1336 47 17 cm
1038 1369 10 9 .
1116 1332 194 55 (Added
1352 1341 28 37 t.
1385 1340 86 47 -p.:
1517 1332 271 54 University
1827 1334 53 43 of
1923 1333 176 46 Illinois
2141 1332 169 48 studies
2351 1333 46 45 in

389 1391 224 54 language
639 1393 89 43 and
754 1391 248 52 literature,
1031 1392 90 43 vol.
1210 1428 9 15 IX,
1245 1407 71 30 no.
1345 1391 51 53 3)

462 1449 300 54 “Hieronymi
794 1445 281 48 Fracastorii
1107 1447 287 55 Navgerivs;
1429 1447 108 55 sive,
1568 1449 71 44 De
1670 1447 175 54 poetica
1876 1448 222 54 dialogvs.
2158 1450 76 45 Ad
388 1450 1990 103 Ioannem

531 1508 259 53 Baptistam
827 1506 356 45 Rhamnvsivm”
1233 1504 222 54 (153-164
1491 1508 151 44 numb.
1700 1506 36 53 l.):
1810 1522 40 37 p.
1894 1506 166 48 [25-48]

462 1565 129 44 “The
623 1564 133 44 Latin
790 1571 99 37 text
922 1564 38 44 is
993 1580 25 28 a
1052 1562 227 45 facsimile
1311 1565 52 43 of
1394 1564 78 43 the
1504 1562 102 46 first
1637 1563 169 46 edition
1839 1564 53 45 of
1927 1562 105 47 1555
2066 1564 124 45 from
2223 1581 24 29 a
2283 1580 115 39 copy

388 1622 273 54 generously
687 1622 95 45 lent
805 1622 58 52 by
892 1620 186 46 Cornell
1102 1619 484 53 university.”—Pref.

389 1677 54 53 ©
471 1679 108 42 Dec.
608 1678 66 49 31,
705 1677 129 50 1924;
864 1677 64 42 2c.
957 1677 87 42 and
1070 1676 78 43 aff.
1180 1675 108 44 Feb.
1319 1674 35 51 5,
1387 1674 130 53 1925;
1549 1675 44 42 A
1621 1674 190 53 814940;
1845 1676 267 53 University
2140 1676 50 45 of
2219 1676 176 45 Illinois

459 1750 140 37 press.
669 1733 245 55 (25-4948)

387 1835 258 72 George,
683 1832 255 59 Marian
970 1833 70 57 M
1354 1833 190 58 1865-

462 1924 61 57 A
565 1924 160 57 little
771 1923 271 72 journey
1085 1927 62 53 to
1196 1921 201 60 China
1441 1924 125 57 and
1607 1923 233 74 Japan,
1886 1923 84 72 by
2013 1923 254 59 Marian
2310 1924 82 58 M.

385 2003 261 73 George.
735 2002 291 73 Chicago,
1057 2000 75 58 A.
1165 2002 331 72 Flanagan
1527 2019 326 56 company,
1885 2003 168 57 1925.

464 2084 67 51 90,
558 2082 109 45 3-78
694 2098 39 38 p.
796 2081 115 44 illus.
976 2082 50 43 19½
1061 2084 47 16 cm
1115 2117 8 7 .
1193 2081 241 53 (Lettered
1461 2097 58 28 on
1544 2096 158 29 cover:
1734 2081 194 53 Library
1954 2081 52 45 of
2032 2082 172 53 travel)

470 2139 253 54 Composed
748 2138 53 45 of
826 2139 75 45 the
929 2138 200 44 author’s
1158 2138 44 42 A
1230 2138 114 43 little
1370 2137 193 54 journey
1589 2145 47 36 to
1667 2137 144 45 China
1839 2139 87 43 and
1952 2139 81 43 her
2062 2140 44 42 A
2131 2139 115 44 little
390 2139 1990 111 journey
505 2205 47 36 to
583 2198 160 52 Japan.

385 2249 2011 57 © Feb. 4, 1925; 2c. Feb. 9; aff. Feb. 19; A 821524; A. Flanagan co. [ ©
460 2324 101 30 new
583 2317 179 43 matter,
790 2308 155 52 China,
973 2323 39 37 p.
1038 2306 37 53 7,
1105 2306 64 52 17,
1192 2306 66 53 27,
1284 2307 66 52 28,
1376 2308 68 51 44,
1471 2305 149 54 55-59,
1650 2306 65 53 72,
1741 2308 158 52 Japan,
1926 2322 40 38 p.
1992 2309 38 52 3,
2060 2307 63 53 58,
2151 2309 64 51 61,
2244 2308 66 52 78,
2336 2310 58 52 by

460 2367 60 43 N.
552 2367 165 43 Moore
747 2365 159 52 Banta]
978 2363 245 55 (25-4989)

389 2465 288 75 Georgia.
763 2466 194 58 Court
1000 2465 66 72 of
1105 2465 274 73 appeals.

467 2557 1931 74 Reports of cases decided … at the March and October
390 2642 213 68 terms,
630 2639 166 55 1924.
860 2655 56 38 v.
948 2638 88 55 32.
1106 2635 264 58 Stevens
1399 2636 124 56 and
1551 2635 295 73 Graham,
1875 2641 342 66 reporters.
388 2638 1985 151 Atlanta,

618 2716 129 57 The
780 2714 319 57 Harrison
1134 2731 324 55 company,
1494 2715 166 55 1925.

458 2793 61 52 lii,
550 2793 79 44 931
659 2807 40 37 p.
756 2792 53 44 23
817 2794 47 18 cm
871 2827 8 8 .

391 2848 53 55 ©
471 2849 108 44 Feb.
610 2849 62 52 17,
703 2847 129 54 1925;
861 2849 65 42 2c.
953 2848 87 43 and
1067 2848 79 43 aff.
1177 2846 105 44 Feb.
1310 2847 78 52 21;
1418 2846 43 43 A
1490 2847 190 52 823149;
1715 2846 129 47 State
1871 2847 51 44 of
1950 2847 210 53 Georgia,
2190 2849 203 44 Atlanta.

389 2962 156 74 Gist,
583 2962 257 58 Nathan
874 2960 297 59 Howard.

467 3054 142 58 Life
641 3058 65 53 at
735 3053 84 58 its
849 3053 158 70 best,
1035 3053 85 72 by
1147 3052 255 58 Nathan
1432 3051 281 58 Howard
1745 3051 156 59 Gist.
1984 3053 413 73 Leominster,

391 3135 214 69 Mass.,
631 3130 399 59 Leominster
1058 3128 351 75 enterprise
1439 3148 324 56 company,
1793 3130 166 59 1925.

461 3213 27 45 7
515 3228 40 38 p.
587 3210 39 54 l.,
660 3211 79 43 133
769 3225 40 38 p.
869 3210 56 44 20
931 3211 47 18 cm
983 3244 9 9 .

391 3269 54 54 ©
479 3271 99 52 Jan.
612 3270 66 49 31,
719 3266 130 53 1925;
886 3268 64 42 2c.
986 3266 107 44 Feb.
1131 3266 75 52 11;
1245 3266 78 43 aff.
1361 3264 106 45 Feb.
1506 3265 76 53 17;
1620 3266 44 42 A
1701 3266 188 52 822088;
1931 3267 59 43 N.
2027 3269 61 41 H.
2130 3266 112 54 Gist,
461 3268 1911 110 Leominster,
695 3325 142 43 Mass.
907 3323 244 54 (25-4940)

391 3427 246 65 Goldin,
677 3427 256 65 Hyman
971 3423 194 69 Elias,
1209 3427 190 58 1881-

2167 3535 144 72 רער
1843 3535 298 70 יירישער
1519 3513 298 92 לעהרער.
1381 3535 48 60 א
983 3535 376 70 מעטהארע
887 3535 72 64 צו
611 3513 252 112 לערנען
393 3539 194 64 יידיש

2295 3649 102 87 אין
2011 3617 254 104 ענגליש
1879 3645 100 91 פון
1801 3645 48 62 ח.
1697 3647 48 60 א.
1405 3613 236 118 גאלרין.

393 3764 129 57 The
559 3759 271 59 Yiddish
867 3757 269 58 teacher.
1241 3756 58 57 A
1335 3756 254 58 method
1627 3756 105 57 for
1769 3756 103 58 the
1915 3758 189 72 study
2143 3759 69 58 of
393 3759 1981 143 Yiddish
564 3842 84 71 by
676 3840 81 56 H.
792 3838 72 56 E.
900 3836 242 59 Goldin.
1216 3836 153 56 New
1399 3836 190 69 York,
1625 3834 61 58 S.
1721 3835 432 59 Druckerman
2189 3868 12 23 [
2205 3846 18 21 c
2227 3839 163 71 1924]

463 3919 66 55 76,
561 3919 53 47 [4]
647 3932 39 38 p.
746 3915 54 44 20
807 3917 47 17 cm
860 3949 8 8 .

393 3976 52 54 ©
472 3977 109 43 Dec.
612 3973 63 53 15,
703 3973 130 49 1924;
863 3972 63 42 2c.
957 3971 107 42 Dec.
1091 3969 78 51 26;
1198 3970 79 43 aff.
1305 3970 99 52 Jan.
1436 3970 64 50 14,
1529 3967 131 53 1925;
1691 3968 42 42 A
1761 3968 191 52 814673;
1988 3968 44 47 S.
2063 3971 328 44 Druckerman.

472 4030 242 57 (25-4416)
