2533 4412
1056 4072 110 56 705

123 429 200 72 Allen,
364 430 167 57 John
570 429 252 73 Robins,
864 431 355 58 1869-1920.

199 522 167 58 Heat
418 520 271 74 engines,
742 526 215 69 steam,
1006 542 131 53 gas,
1191 526 198 55 steam
1439 523 281 58 turbines
1773 525 123 56 and
1944 524 164 58 their

123 599 1987 73 auxiliaries, by John R. Allen … and Joseph A. Bursley
121 676 1963 135 … 3d ed., total issue, 25,500. New York [etc.] McGraw-Hill
284 754 159 57 book
473 773 320 53 company,
827 756 132 64 inc.,
993 754 164 56 1925.

255 866 9 17 xv,
293 834 81 43 422
398 845 40 38 p.
499 829 131 53 illus.,
659 831 167 52 diagrs.
885 833 55 44 24
945 833 47 18 cm
997 867 10 10 .
1120 830 124 52 $4.00

123 883 52 53 ©
202 886 106 52 July
334 886 36 49 2,
406 885 128 52 1925;
565 886 62 42 2c.
658 887 86 42 and
772 886 79 43 aff.
881 887 105 51 July
1014 884 49 53 7;
1094 885 45 42 A
1167 885 188 52 861020;
1387 884 348 45 McGraw-Hill
1763 885 122 44 book
1914 900 80 36 co.,
2026 885 83 45 inc.

195 939 66 55 [©
319 942 170 48 revision
521 942 86 43 and
640 942 237 52 additions]
948 940 269 55 (25-12630)

120 1039 287 74 Armsby,
448 1041 218 72 Henry
700 1039 299 72 Prentiss,
1037 1041 357 57 1853-1921.

197 1133 130 56 The
371 1131 231 57 animal
645 1151 68 37 as
759 1151 36 37 a
839 1134 325 57 converter
1207 1130 68 58 of
1317 1134 231 55 matter
1594 1132 125 56 and
1764 1150 261 54 energy;
2072 1151 39 39 a

123 1210 187 71 study
356 1208 67 58 of
466 1208 103 59 the
615 1209 130 57 role
791 1209 69 57 of
904 1208 121 57 live
1073 1208 173 58 stock
1287 1209 65 56 in
1397 1209 152 57 food
1592 1207 390 76 production,
2030 1209 82 74 by

119 1284 1922 74 Henry Prentiss Armsby … and C. Robert Moulton …
119 1364 150 58 New
298 1363 189 72 York,
517 1364 174 56 Book
721 1364 415 70 department,
1171 1363 129 58 The
1335 1362 311 59 Chemical
1677 1365 247 72 catalog
117 1382 1971 132 company,

334 1442 136 71 inc.,
504 1442 164 58 1925.

119 1518 1971 111 236 p. 1 illus., diagrs. 23½ cm . (American chemical society. Monograph series)
120 1632 52 54 ©
204 1635 109 46 June
338 1634 65 43 29.
437 1632 127 52 1925;
593 1634 65 42 2c.
685 1634 88 42 and
800 1633 78 42 aff.
906 1633 115 52 June
1050 1632 76 52 30;
1155 1633 45 42 A
1227 1630 188 54 855713;
1450 1631 226 45 Chemical
1706 1632 181 53 catalog
1913 1648 81 36 co.,
2023 1634 83 43 inc.

197 1688 268 56 (25-12371)

118 1775 264 72 Borden,
422 1774 142 57 Neil
601 1775 273 72 Hopper.

262 1867 1842 73 … Preliminary manual upon report writing, by Neil H.
118 1945 1218 74 Borden. [Cambridge, Mass., c 1924]
185 2022 53 44 39
267 2038 40 37 p.
371 2022 50 44 19½
457 2025 46 18 cm
509 2058 8 8 .

187 2080 64 43 At
278 2080 113 43 head
418 2079 50 44 of
495 2080 122 43 title:
647 2079 217 43 Harvard
890 2078 261 53 university,
1183 2079 228 44 Graduate
1440 2079 152 44 school
1622 2079 50 44 of
1700 2078 202 45 business
117 2079 1968 100 administration.

397 2135 179 53 George
604 2134 48 44 F.
684 2136 151 42 Baker
865 2135 277 43 foundation.

187 2191 93 44 For
308 2191 286 44 distribution
622 2192 106 51 only
758 2192 44 42 in
831 2191 74 43 the
935 2192 216 43 Harvard
1183 2192 202 43 business
1419 2189 166 45 school.

117 2246 53 54 ©
206 2249 100 43 Oct.
342 2248 38 51 6,
417 2249 106 42 1924
537 2263 8 36 ;
584 2249 63 42 2c.
684 2249 106 51 July
824 2250 39 50 6,
901 2246 129 54 1925;
1069 2248 77 43 aff.
1184 2248 106 52 July
1325 2247 49 52 7;
1411 2248 45 42 A
1491 2247 188 52 861023;
1719 2248 216 43 Harvard
1971 2246 134 53 univ.,

189 2304 284 53 Cambridge,
506 2305 141 43 Mass.

118 2388 231 73 Bragg,
388 2390 240 71 George
671 2389 321 71 Freeman,
1037 2390 190 57 1863-

193 2481 145 59 Men
372 2482 67 58 of
475 2481 354 72 Maryland,
863 2483 84 72 by
979 2483 105 57 the
1118 2481 331 59 Reverend
1483 2482 242 72 George
1821 2529 11 10 F.
1868 2482 235 74 Bragg,

114 2559 1910 74 jr. … Baltimore, Md., Church advocate press, 1925.
187 2639 955 51 160 p. front. (3 port.) port. 19½ cm .
185 2693 197 54 History
414 2698 90 41 and
536 2693 315 54 biographical
885 2695 206 45 sketches
1124 2696 52 44 of
1213 2692 249 54 Maryland
1493 2708 205 37 negroes.

187 2753 210 43 Lettered
422 2768 57 29 on
505 2767 159 29 cover:
695 2751 197 45 Revised
917 2750 183 48 edition.

113 2802 56 53 ©
195 2805 106 52 July
328 2806 36 49 8,
397 2803 128 54 1925;
554 2806 64 42 2c.
647 2806 87 42 and
761 2806 78 41 aff.
867 2805 107 52 July
1000 2805 50 51 9;
1082 2805 45 42 A
1153 2802 189 54 861035;
1376 2803 51 45 G.
1457 2803 49 44 F.
1540 2804 167 53 Bragg,
1736 2805 74 52 jr.,
1840 2804 262 45 Baltimore.

193 2860 268 54 (25-12623)

118 2946 356 71 Buchanan,
513 2945 270 58 Herbert
819 2945 202 72 Earle,
1063 2948 188 57 1881-

191 3035 61 56 A
294 3034 167 57 brief
507 3053 221 39 course
770 3035 66 55 in
884 3036 321 56 advanced
1251 3035 273 72 algebra,
1570 3035 84 72 by
1700 3035 280 60 Herbert
2026 3038 72 58 E.

114 3111 1967 150 Buchanan … and Lloyd C. Emmons … under the editorship
291 3189 1809 80 of John Wesley Young … Boston, New York [etc.]
115 3267 342 72 Houghton
488 3266 216 57 Mifflin
737 3285 304 53 company
1078 3297 13 44 [
1092 3275 20 22 c
1115 3269 164 73 1925]

183 3343 92 51 viii,
307 3341 76 45 185
414 3357 38 37 p.
512 3343 166 52 diagrs.
741 3343 51 44 19½
843 3346 29 17 cm
878 3378 10 9 .

113 3397 55 53 ©
197 3400 107 51 July
333 3400 38 50 3,
404 3397 129 53 1925;
564 3399 64 42 2c.
659 3399 107 51 July
797 3400 49 50 8;
880 3400 78 42 aff.
991 3400 106 52 July
1129 3399 48 52 7;
1212 3400 45 42 A
1289 3398 187 53 861025;
1512 3401 61 43 H.
1605 3401 53 47 E.
1693 3402 258 54 Buchanan,
1985 3405 117 45 New

185 3454 206 51 Orleans,
422 3456 87 42 and
539 3455 143 52 Lloyd
714 3454 48 44 C.
793 3455 231 52 Emmons,
1054 3455 111 46 East
1196 3456 211 52 Lansing,
1443 3455 139 45 Mich.

192 3500 268 64 (25-12146)

117 3593 288 73 Chicago.
489 3593 383 73 University.
952 3598 206 56 Press.

189 3688 59 54 A
272 3687 254 55 manual
553 3687 68 57 of
650 3687 177 70 style,
856 3687 361 73 containing
1246 3689 484 72 typographical
1758 3692 165 59 rules
114 3712 1963 124 governing

364 3763 103 58 the
500 3761 413 73 publications
949 3765 67 58 of
1048 3766 104 57 the
1184 3763 372 76 University
1589 3769 68 57 of
1689 3767 288 76 Chicago,
113 3773 1960 141 together

375 3841 151 56 with
571 3840 342 71 specimens
961 3843 68 57 of
1071 3847 152 67 type
1267 3845 157 56 used
1469 3848 67 55 at
1579 3846 105 57 the
1729 3845 372 75 University

111 3937 198 52 press.
396 3916 288 72 Chicago,
730 3918 116 71 Ill.,
894 3920 129 57 The
1072 3917 369 75 University
1486 3922 68 57 of
1602 3920 269 74 Chicago
1917 3943 182 51 press

115 4025 13 42 [
129 4001 19 21 c
153 3994 163 72 1925]
