2533 4412
1047 4098 109 54 715

104 433 267 75 Dunlap,
409 433 259 74 Knight,
708 437 189 57 1875-

182 527 118 59 Old
353 527 121 56 and
526 547 136 38 new
712 525 369 75 viewpoints
1136 528 65 56 in
1253 527 402 73 psychology,
1712 527 83 69 by
1846 526 244 71 Knight

103 603 1946 74 Dunlap … St. Louis, The C. V. Mosby company, 1925.
171 681 570 52 2 p. l ., 7-166 p. 20 cm .
173 739 126 44 “The
325 746 183 43 present
533 738 181 45 volume
741 737 203 46 contains
970 738 126 44 three
1123 737 151 51 public
1299 738 190 45 lectures
1516 736 228 46 delivered
1771 744 47 39 at
1843 737 76 45 the
1945 737 144 52 Johns

104 793 214 53 Hopkins
350 793 262 51 university,
646 795 88 44 and
767 803 93 36 two
895 807 161 37 papers
1091 794 107 44 read
1232 794 163 45 before
1427 793 76 44 the
1541 792 226 48 Southern
1803 793 171 51 society
2013 794 77 44 for

102 848 273 55 philosophy
403 851 87 45 and
516 846 322 55 psychology.”

175 906 504 45 CONTENTS.—Mental
705 904 616 47 measurements.—Present
1346 906 87 50 day
1460 906 179 44 schools
1666 905 51 44 of
1741 907 350 51 psychology.—

106 961 346 53 Psychological
486 962 169 44 factors
690 960 43 45 in
768 960 467 52 spiritualism.—The
1267 961 280 52 psychology
1579 963 52 44 of
1665 962 78 46 the
1774 962 317 45 comic.—The

104 1018 186 51 reading
315 1018 53 44 of
394 1017 236 45 character
655 1018 122 42 from
801 1016 206 46 external
1035 1016 135 51 signs.

102 1070 55 53 ©
183 1072 115 52 June
328 1069 62 52 15,
421 1069 128 53 1925;
577 1071 66 42 2c.
672 1070 106 52 July
809 1070 73 51 10;
913 1070 78 43 aff.
1019 1070 105 52 July
1152 1070 49 51 9;
1233 1069 44 42 A
1304 1068 190 54 861057;
1527 1069 49 45 C.
1605 1071 58 43 V.
1695 1071 166 53 Mosby
1889 1087 65 28 co.

182 1126 269 56 (25-12974)

104 1227 231 72 Edgar,
374 1224 281 65 William
692 1224 278 72 Crowell,
1010 1228 188 56 1856-

182 1317 1841 74 The story of a grain of wheat, by William C. Edgar …
102 1395 150 58 with
282 1395 177 72 forty
488 1395 437 57 illustrations.
1000 1394 152 58 New
1183 1395 173 57 York
1389 1395 123 57 and
1543 1395 278 74 London,
1856 1394 72 58 D.
102 1395 1965 151 Appleton

350 1475 123 56 and
507 1491 321 53 company,
864 1474 165 55 1925.

170 1551 82 43 232
284 1565 38 38 p.
383 1550 152 52 front.,
570 1549 115 44 illus.
773 1549 27 44 19½
832 1552 48 18 cm
886 1584 9 9 .

103 1605 52 54 ©
189 1607 107 52 July
329 1608 39 50 3,
407 1605 128 53 1925;
571 1607 63 42 2c.
671 1607 86 42 and
791 1606 77 43 aff.
905 1605 106 53 July
1050 1606 74 51 13;
1161 1606 44 42 A
1241 1605 187 52 855847;
1468 1607 55 42 D.
1560 1606 227 53 Appleton
1823 1608 38 44 &
1897 1623 65 28 co.
2026 1606 67 55 [©

173 1662 192 53 preface,
397 1678 98 28 new
526 1662 184 52 chapter
739 1663 87 42 and
857 1662 237 53 appendix]
1165 1661 270 55 (25-13093)

104 1762 237 73 Elliott,
379 1763 169 58 John
579 1761 232 58 Isaiah.

177 1855 223 59 Elliott
436 1854 362 72 shorthand,
837 1871 166 55 easy,
1037 1854 242 73 legible,
1317 1855 202 71 rapid.
1606 1856 168 72 [New
1808 1855 281 71 Orleans,

100 1942 18 21 c
122 1935 147 55 1925]

169 2010 52 47 35
249 2025 40 37 p.
353 2012 49 44 18
409 2013 46 18 cm
463 2049 8 8 .

172 2064 948 54 “Copyrighted … by John I. Elliott.”
99 2118 1993 56 © June 16, 1925 ; 2c. and aff. June 26; A 829877; J. I. Elliott, New Orleans.
181 2175 268 56 (25-12163)

105 2259 383 74 Hall-Quest,
521 2259 230 59 Alfred
782 2259 349 72 Lawrence,
1168 2262 189 56 1879-

178 2352 435 58 Professional
648 2353 345 69 secondary
1027 2351 328 58 education
1389 2351 64 57 in
1487 2352 285 57 teachers
1808 2352 283 74 colleges,

101 2427 1989 77 by Alfred Lawrence Hall-Quest … New York city,
104 2508 308 57 Teachers
449 2507 247 73 college,
737 2505 324 59 Columbia
1094 2505 370 74 university,
1505 2508 163 56 1925.

169 2584 94 54 viii,
298 2583 76 45 125
408 2598 39 39 p.
481 2584 100 43 incl.
614 2582 155 45 tables.
828 2583 53 44 23½
917 2585 47 17 cm
970 2617 9 10 .
1048 2581 254 56 (Teachers
1335 2582 188 55 college,
1559 2581 235 48 Columbia
1828 2584 262 55 university.

104 2641 340 45 Contributions
475 2647 46 37 to
550 2639 249 52 education,
829 2655 71 28 no.
935 2638 102 54 169)

174 2697 243 44 Published
443 2697 96 44 also
567 2711 50 29 as
643 2695 139 45 thesis
818 2696 18 53 (PH.
1000 2695 17 54 D.)
1057 2695 238 45 Columbia
1321 2696 266 53 university,
1619 2695 118 46 1925.

173 2753 348 53 Bibliography:
555 2768 40 38 p.
631 2750 200 46 122-125.

99 2809 56 53 ©
191 2811 110 52 May
338 2810 60 50 18,
438 2808 129 53 1925;
603 2809 64 43 2c.
703 2810 112 51 May
845 2809 80 52 23;
961 2809 79 43 aff.
1078 2809 111 52 May
1221 2806 80 55 25;
1339 2809 44 42 A
1417 2808 188 54 855358;
1643 2808 228 46 Teachers
1907 2811 184 53 college,

174 2866 235 44 Columbia
441 2866 118 43 univ.
629 2864 270 55 (25-13110)

105 2950 238 74 Hardy,
385 2949 224 59 Edwin
645 2951 196 68 Noah,
884 2952 189 56 1861-

179 3043 59 56 A
259 3042 252 57 manual
538 3042 68 56 of
630 3041 338 57 American
993 3041 397 72 citizenship;
1419 3041 211 72 things
1658 3061 191 54 every
102 3043 1968 134 American

271 3120 220 57 should
516 3120 195 56 know.
782 3120 77 56 2d
888 3120 111 71 ed.,
1031 3137 125 39 rev.
1190 3120 123 57 and
1343 3119 114 57 enl.
1528 3118 100 73 By
1656 3119 224 58 Edwin
1910 3120 182 59 Noah

102 3196 1985 78 Hardy, PH. D. New York, American tract society [ c 1925]
172 3273 1463 55 4 p. l ., 3-129, [5] p. incl. ports. front., fold. map. 16 cm .
103 3328 52 54 ©
186 3331 106 51 July
322 3331 35 44 3.
394 3329 128 53 1925;
555 3331 63 42 2c.
651 3331 86 42 and
767 3330 78 43 aff.
877 3330 105 52 July
1013 3328 49 53 6;
1096 3330 44 42 A
1170 3329 189 52 860394;
1393 3330 248 43 American
1671 3338 119 37 tract
1821 3333 184 53 society.

182 3386 269 54 (25-12468)

105 3471 292 58 Hartzler,
453 3472 168 58 John
657 3470 353 72 Ellsworth,
1051 3473 188 57 1879-

179 3564 352 58 Education
561 3583 224 55 among
813 3566 103 57 the
946 3564 393 59 Mennonites
1372 3566 68 57 of
1469 3565 309 70 America,
1809 3568 84 70 by
1921 3569 169 57 John

103 3641 1988 74 Ellsworth Hartzler … with introduction by Professor
101 3718 1963 138 Elmer E. S. Johnson … Danvers, Ill., The Central Mennonite
342 3796 362 73 publishing
729 3798 217 60 board,
978 3797 165 56 1925.

176 3874 75 47 195
278 3889 41 37 p.
377 3876 53 43 23½
465 3876 48 18 cm
521 3914 8 7 .

174 3929 352 52 Bibliography:
553 3943 41 37 p.
624 3929 235 50 [189]-195.

106 3981 52 54 ©
183 3984 105 52 July
311 3983 39 52 7,
378 3982 128 52 1925;
533 3983 64 42 2c.
624 3982 105 52 July
757 3983 73 51 13;
858 3982 78 43 aff.
962 3982 106 52 July
1097 3982 72 50 11;
1199 3981 44 42 A
1270 3980 186 54 861074;
1488 3982 184 44 Central
1700 3985 262 44 Mennonite
1989 3984 101 55 pub.

174 4041 153 42 board.
396 4038 269 55 (25-12966)
