2533 4412
1323 4099 110 54 156

367 537 412 72 installation,
809 537 213 58 Diesel
1049 536 249 58 electric
1325 535 212 60 drives
1566 536 123 58 and
1717 536 86 58 oil
1826 535 147 60 field
2002 536 375 73 equipment.

368 614 1943 72 Land and marine. 3d enl. ed. … By Julius Rosbloom …
368 693 125 59 Los
532 694 295 72 Angeles,
872 692 207 72 Calif.,
1122 694 129 55 The
1295 692 331 57 Technical
1667 691 366 74 publishing
2074 710 307 54 company

371 773 203 72 [c1925]

441 861 83 48 792
557 879 39 38 p.
658 863 84 48 col.
779 862 151 56 front.,
968 861 132 55 illus.,
1135 862 142 54 plates
1322 861 128 55 (part
1486 859 125 55 fold.,
1652 863 17 42 1
1710 859 110 57 col.)
1864 860 168 55 diagrs.
2074 860 128 56 (part
2238 858 136 57 fold.)

400 919 24 46 17½
459 923 47 17 cm
513 956 9 9 .

370 990 54 54 ©
450 991 106 44 Feb.
588 992 64 51 18,
681 990 129 54 1925;
838 992 64 43 2c.
928 992 87 42 and
1042 991 79 43 aff.
1149 989 108 45 Feb.
1283 988 81 55 25;
1392 989 43 43 A
1465 989 189 53 823181;
1685 990 41 52 J.
1754 989 262 52 Rosbloom,
2046 990 90 44 Los
2164 988 214 53 Angeles.

449 1047 244 57 (25-5179)

372 1149 384 72 Rosenbach,
787 1148 328 59 Abraham
1145 1149 61 58 S,
1240 1147 191 73 Wolf,
1465 1151 190 56 1876-

447 1240 104 57 An
583 1239 430 59 introduction
1048 1243 64 54 to
1150 1240 284 56 Herman
1470 1239 338 61 Melville’s
1846 1240 406 73 Moby-Dick;
2293 1260 89 52 or,

373 1319 129 58 The
538 1318 198 58 whale
778 1320 223 65 <1851>
1039 1319 84 71 by
1158 1317 74 58 A.
1275 1317 62 60 S.
1374 1319 98 58 W.
1512 1318 386 59 Rosenbach.
2002 1319 154 58 New
2190 1319 192 73 York,

372 1397 83 58 M.
488 1397 382 75 Kennerley,
904 1397 168 62 1924.

445 1476 587 53 1 p. l., 9 p., 1 l. 22 cm .
445 1534 96 44 “Of
575 1533 88 44 this
700 1533 306 44 introduction
1041 1540 46 37 to
1123 1532 293 54 Moby-Dick
1450 1541 95 37 two
1576 1533 208 44 hundred
1818 1534 93 44 and
1945 1532 107 55 fifty
2085 1533 149 53 copies
2271 1533 115 44 have

374 1592 111 43 been
511 1590 181 54 printed
717 1591 60 52 by
804 1588 120 54 John
953 1590 165 53 Henry
1144 1590 132 44 Nash
1306 1590 52 45 of
1388 1590 93 46 San
1508 1589 248 46 Francisco
1784 1590 77 45 for
1887 1588 210 46 Mitchell
2126 1589 258 54 Kennerley

372 1647 52 44 of
448 1648 119 43 New
590 1647 143 44 York.
795 1646 216 46 Finished
1037 1647 45 43 in
1108 1647 267 54 December,
1404 1648 118 43 1924.
1582 1646 113 45 This
1722 1662 114 39 copy
1861 1648 37 44 is
1921 1662 73 30 no.
2024 1647 121 45 195.”

373 1704 53 53 ©
451 1705 108 44 Dec.
587 1703 63 53 15,
678 1705 129 52 1924;
832 1705 64 43 2c.
923 1706 100 52 Jan.
1052 1704 37 53 5,
1117 1704 130 54 1925;
1275 1706 79 43 aff.
1379 1706 99 52 Jan.
1506 1706 48 52 3;
1581 1706 43 42 A
1649 1704 191 54 815464;
1869 1705 210 44 Mitchell
2104 1704 276 52 Kennerley.

452 1760 243 57 (25-4625)

371 1862 178 71 Ross,
589 1862 170 58 John
798 1861 211 73 Elliot,
1052 1864 190 58 1884-

450 1953 155 57 Five
631 1953 239 58 minute
899 1972 314 53 sermons;
1242 1953 177 58 short
1445 1953 164 58 talks
1636 1974 82 37 on
1740 1954 175 59 life’s
1940 1954 338 72 problems,
2303 1954 79 72 by

373 2031 2010 75 Rev. J. Elliot Ross … St. Louis, Mo., and London, B.
374 2110 252 58 Herder
658 2109 161 60 book
852 2131 108 51 co.,
995 2112 166 55 1925.

446 2188 560 54 5 p. l., 314 p. 19½ cm .
374 2244 54 54 ©
458 2245 108 45 Feb.
596 2248 66 49 24,
696 2245 130 55 1925;
857 2247 66 43 2c.
953 2246 106 45 Feb.
1090 2246 79 54 27;
1203 2247 78 45 aff.
1314 2246 107 46 Feb.
1450 2248 79 52 26;
1564 2248 43 42 A
1641 2247 189 53 822201;
1865 2247 51 45 B.
1949 2248 186 43 Herder
2163 2247 123 44 book
2313 2261 69 29 co.

453 2301 245 57 (25-5347)

371 2402 390 74 Rothschild,
803 2404 128 73 Jay
967 2404 141 72 Leo,
1152 2407 189 57 1893-

457 2497 261 72 Topical
748 2498 234 59 outline
1014 2499 66 57 of
1108 2499 103 58 the
1239 2500 122 56 law
1388 2501 68 57 of
1484 2497 300 75 pleading
1813 2502 124 57 and
1963 2498 276 74 practice
2272 2498 112 74 [by]

377 2576 130 73 Jay
541 2576 125 60 Leo
703 2575 389 61 Rothschild.
1174 2577 132 58 Bar
1343 2577 426 60 examination
1804 2579 246 58 review.
377 2577 1986 150 [Brooklyn,
542 2654 69 57 F.
651 2653 305 59 Weidner

992 2653 289 74 printing
1318 2655 125 56 and
1481 2655 367 74 publishing
1886 2676 85 37 co.
2013 2656 136 75 inc.]
2192 2665 19 22 c
2215 2659 166 55 1925.

447 2734 273 50 cover-title,
752 2735 56 45 39
836 2751 40 36 p.
936 2736 54 45 23½
1026 2737 48 20 cm
1079 2771 11 11 .

378 2790 53 53 ©
465 2790 106 44 Feb.
605 2790 68 52 21,
711 2788 130 53 1925;
874 2790 66 43 2c.
978 2791 88 42 and
1100 2789 79 44 aff.
1215 2789 106 44 Feb.
1356 2790 79 52 26;
1474 2791 42 41 A
1554 2790 190 52 822196;
1780 2792 40 52 J.
1859 2791 48 44 L.
1946 2792 284 53 Rothschild,
2267 2792 117 45 New

446 2847 143 44 York.
660 2845 244 56 (25-5856)

374 2946 266 72 Russell,
680 2948 153 56 Mrs.
873 2945 265 73 Winter,
1181 2948 189 57 1899-

459 3042 104 58 An
596 3046 334 68 argument
962 3042 253 72 against
1246 3042 174 58 birth
1452 3044 242 55 control
1724 3044 83 71 by
1840 3063 38 37 a
1908 3042 277 73 mother;
2220 3045 170 56 from

380 3141 37 38 a
458 3120 222 58 debate
719 3121 83 70 by
841 3119 154 58 Mrs.
1035 3119 249 58 Winter
1325 3120 267 57 Russell.
1681 3119 395 74 [Smithtown
2115 3120 270 74 Branch,

381 3201 66 58 L.
515 3201 70 71 I.,
647 3197 298 61 Rambler
1006 3197 367 75 publishing
1436 3197 422 75 corporation,
1923 3197 463 77 incorporated,

381 3280 164 71 1924]

449 3358 56 44 20
529 3359 153 45 numb.
726 3393 9 8 I.
793 3357 58 43 22
855 3358 48 18 cm
909 3392 8 9 .

450 3415 199 53 Caption
679 3413 112 46 title.

454 3472 189 45 Printed
668 3487 59 29 on
752 3486 86 29 one
861 3471 98 44 side
982 3470 53 44 of
1058 3469 96 45 leaf
1178 3486 60 28 on
1263 3469 207 52 opposite
1497 3484 151 37 pages.

381 3527 53 53 ©
464 3528 100 52 Jan.
601 3528 34 50 1,
672 3524 130 53 1925;
835 3525 65 43 2c.
935 3525 108 43 Dec.
1079 3524 63 50 16,
1179 3524 130 49 1924;
1344 3525 78 43 aff.
1458 3525 97 51 Jan.
1590 3525 67 51 31,
1695 3523 129 53 1925;
1863 3526 42 41 A
1940 3524 189 54 815908;
2168 3527 217 44 Rambler

451 3585 101 51 pub.
580 3598 134 37 corp.,
744 3583 82 42 inc.
892 3580 243 55 (25-5660)

383 3681 307 73 Sabatini,
727 3679 245 73 Rafael,
1011 3682 189 56 1875-

462 3770 1925 73 The Carolinian, by Rafael Sabatini … Boston and
383 3854 153 56 New
569 3852 192 72 York,
799 3850 344 71 Houghton
1185 3848 214 57 Mifflin
1441 3868 322 54 company,
1805 3852 164 55 1925.

450 3929 93 52 viii,
558 3929 85 43 414
658 3943 39 38 p.
762 3927 53 43 19
820 3929 46 18 cm
873 3963 7 8 .

383 3984 53 54 ©
470 3986 105 43 Feb.
606 3984 69 52 27,
711 3982 129 53 1925;
875 3984 63 42 2c.
973 3984 88 42 and
1090 3982 79 43 aff.
1204 3984 119 42 Mar.
1355 3983 51 51 2;
1442 3983 43 42 A
1519 3981 188 52 823225;
1745 3983 52 43 R.
1836 3982 216 54 Sabatini,
2088 3987 295 51 Hampstead,

453 4041 222 54 England.
