2533 4412
1374 4100 111 58 732

419 411 210 73 Court,
674 411 257 59 Nathan
969 410 349 59 Altshiller.

497 505 250 75 College
785 510 355 70 geometry;
1179 526 36 38 a
1255 507 228 58 second
1516 524 220 41 course
1770 505 67 59 in
1869 506 189 72 plane
2096 510 324 69 geometry

417 582 2001 152 for colleges and normal schools, by Nathan Altshiller-Court … Richmond,
1212 660 137 74 Va.,
1388 661 290 59 Johnson
1712 660 366 74 publishing
2115 680 305 54 company

419 771 13 45 [
433 747 19 22 c
457 740 166 74 1925]

485 816 1053 56 xiii p., 1 l., 254 p. front., diagrs. 24 cm .
419 887 53 54 ©
500 891 116 51 June
648 888 63 52 12,
743 886 129 53 1925;
902 887 64 43 2c.
995 886 116 53 June
1143 884 74 54 17;
1250 886 78 44 aff.
1358 886 117 53 June
1507 884 74 54 15;
1613 887 44 42 A
1687 884 189 55 829744;
1908 886 205 54 Johnson
2142 886 101 54 pub.
2273 902 66 29 co.

498 944 272 56 (25-13211)

421 1054 351 73 [Détanger,
875 1051 162 75 Émile]
1086 1053 360 58 1880-1914.

563 1142 1863 75 … Le mariage de Bèp Mao. Paris, Calmann-Lévy
419 1253 13 45 [
436 1232 19 22 c
457 1224 165 73 1925]

487 1299 542 57 2 p. l., 296 p. 19 cm .
488 1368 66 43 At
583 1366 116 45 head
725 1365 54 45 of
805 1365 125 44 title:
1006 1364 106 45 Émile
1141 1363 142 54 Nolly
1322 1362 264 55 (Capitaine
1616 1363 260 54 Détanger)

491 1421 139 49 Short
663 1420 177 47 stories.

420 1476 1716 57 © Mar. 11, 1925; 1c. Apr. 3; A—Foreign 27303; Calmann-Lévy.
499 1535 274 56 (25-11109)

420 1637 202 57 Essex
654 1634 308 74 institute,
997 1635 232 74 Salem,
1263 1635 192 57 Mass.

501 1726 1921 78 Old time ships of Salem … 3d ed. Salem, Mass.,
420 1807 206 58 Essex
657 1806 312 73 institute,
1005 1806 167 57 1925.

489 1885 54 44 99
573 1899 40 38 p.
645 1882 101 46 incl.
779 1882 130 51 illus.,
940 1883 85 44 col.
1056 1883 156 52 plates.
1270 1880 56 46 27½
1360 1884 47 18 cm
1413 1916 10 10 .

490 1941 100 44 The
618 1941 185 43 colored
831 1938 299 45 illustrations
1158 1953 78 29 are
1266 1937 343 53 reproductions
1638 1937 51 45 of
1717 1938 76 45 old
1822 1947 143 36 water
1993 1940 162 52 colors,
2185 1943 89 43 and
2304 1956 122 31 were

422 1999 100 45 first
552 1999 150 44 issued
730 1997 44 44 in
806 1996 108 45 1902
939 2011 49 30 as
1017 1995 236 45 calendars
1283 1995 59 54 by
1370 1995 76 45 the
1474 1995 177 45 Asiatic
1679 1996 201 45 national
1909 1996 121 46 bank
2057 1997 53 46 of
2142 1996 166 57 Salem,
2338 2001 88 44 and

421 2056 116 44 later
560 2056 59 53 by
643 2055 76 44 the
744 2054 274 54 Naumkeag
1041 2060 120 37 trust
1184 2066 234 40 company.
1472 2051 104 45 The
1598 2055 356 53 accompanying
1977 2062 100 37 text
2102 2056 36 43 is
2164 2056 60 53 by
2250 2057 177 45 Robert

423 2112 46 47 S.
502 2112 199 44 Rantoul
731 2112 89 43 and
849 2110 209 46 William
1088 2110 56 45 O.
1178 2108 246 55 Chapman,
1485 2110 58 53 cf.
1577 2110 172 45 Introd.

421 2168 55 54 ©
509 2171 116 51 June
657 2169 40 51 2,
735 2166 131 54 1925;
903 2168 63 42 2c.
1004 2168 117 51 June
1154 2166 49 52 6;
1241 2167 79 43 aff.
1355 2166 108 54 July
1497 2167 50 52 9;
1585 2168 44 42 A
1665 2165 189 55 861056;
1893 2167 149 48 Essex
2079 2169 216 45 institute.
2359 2169 67 55 [©

493 2225 248 45 additional
769 2224 293 53 color-plates
1089 2224 54 44 of
1172 2223 122 53 ships
1322 2223 112 45 with
1461 2223 356 54 accompanying
1845 2232 113 47 text]

501 2281 274 56 (25-13098)

419 2381 177 70 Falk,
643 2381 219 73 Henry
905 2378 276 74 Charles,
1226 2381 192 59 1889-

499 2474 351 75 Operating
880 2493 175 40 room
1085 2475 348 73 procedure
1465 2475 105 58 for
1600 2492 226 40 nurses
1859 2476 126 58 and
2011 2476 300 73 internes,
2343 2477 84 72 by

420 2553 1936 76 Henry C. Falk … with a foreword by Eugene H. Pool …
419 2634 153 58 with
608 2635 110 56 275
751 2631 441 60 illustrations.
1275 2632 154 58 New
1459 2631 174 58 York
1665 2632 49 58 &
1747 2632 279 72 London,
2062 2632 70 60 G.
2168 2633 71 59 P.
418 2633 1982 139 Putnam’s
657 2730 165 53 sons,
852 2710 167 59 1925.

489 2789 96 52 xix,
615 2790 78 46 385
727 2804 41 37 p.
828 2787 132 53 illus.,
988 2787 171 53 diagrs.
1220 2789 51 45 19½
1305 2790 48 18 cm
1359 2823 10 9 .

424 2840 1982 105 © July 17, 1925; 2c. and aff. July 21; A 861134; H. C. Falk, ℅ G. P. Putnam’s
671 2915 118 38 sons,
824 2900 117 43 New
974 2899 143 44 York.
1187 2897 272 56 (25-13992)

421 3001 427 71 Farnsworth,
890 2999 278 59 Edward
1207 2998 313 59 Clarence.

500 3090 199 60 Grain
737 3091 171 57 from
946 3109 191 53 many
1175 3088 197 71 fields,
1413 3089 84 72 by
1535 3088 279 59 Edward
1856 3087 299 61 Clarence
420 3090 1983 138 Farnsworth.

723 3169 327 72 Portland,
1088 3167 206 60 Smith
1327 3168 49 58 &
1413 3167 164 73 Sale,
1610 3167 300 73 printers,
1947 3168 166 59 1925.

492 3245 661 56 vii, 96, [1] p: 20 × 11½ cm .
495 3305 177 44 Poems.

425 3359 53 54 ©
515 3362 114 52 June
664 3360 66 54 27,
771 3360 130 54 1925;
938 3362 65 43 2c.
1039 3361 107 52 July
1182 3361 49 52 6;
1271 3361 78 43 aff.
1387 3360 107 54 July
1528 3361 52 52 2;
1620 3361 44 42 A
1702 3359 191 55 855903;
1934 3359 53 48 E.
2027 3358 49 46 C.
2115 3359 311 53 Farnsworth,

496 3419 237 52 Portland,
763 3419 92 43 Me.
925 3417 272 55 (25-13634)

423 3516 321 74 Feldman,
780 3519 296 58 Herman.

505 3609 129 57 The
669 3609 492 72 regularization
1194 3611 67 57 of
1293 3609 437 73 employment,
1765 3629 38 37 a
1836 3610 190 71 study
2054 3609 69 57 in
2152 3610 103 58 the
425 3628 1977 116 prevention

724 3687 1704 74 of unemployment, by H. Feldman … published
425 3765 204 59 under
653 3765 103 59 the
787 3766 287 72 auspices
1103 3767 69 58 of
1198 3767 103 59 the
1329 3766 339 58 American
1693 3770 439 70 management
427 3766 1969 137 association.

660 3843 153 58 New
847 3845 174 57 York
1059 3847 123 57 and
1219 3846 278 72 London,
1535 3845 259 71 Harper
1826 3845 50 57 &
1911 3845 310 72 brothers,
2260 3847 165 56 1925.

493 3921 95 53 xvi,
609 3920 84 45 437
713 3937 41 38 p.
813 3922 166 55 diagrs.
1038 3924 52 44 21
1100 3927 48 18 cm
1153 3960 9 10 .

426 3979 53 54 ©
510 3982 114 51 June
656 3981 65 47 30,
756 3979 128 54 1925;
917 3982 65 43 2c.
1013 3982 106 53 July
1154 3983 46 51 1;
1234 3982 78 43 aff.
1344 3980 107 54 July
1480 3982 52 52 2;
1564 3981 44 42 A
1639 3978 191 56 855739;
1865 3981 184 52 Harper
2080 3982 37 43 &
2146 3980 222 44 brothers.

505 4037 273 55 (25-13657)
