2533 4412
1255 4084 112 56 256

327 414 289 74 [Walton,
657 417 216 74 Perry]
917 420 190 57 1868-
1266 420 92 57 ed.

406 506 193 60 Comb
625 508 258 73 making
907 508 66 57 in
1001 510 313 72 America,
1347 530 80 38 an
1457 514 260 54 account
1748 512 67 57 of
1844 511 105 59 the
1978 512 207 73 origin
2215 516 123 56 and

326 586 437 72 development
806 588 66 57 of
915 588 103 57 the
1060 588 298 72 industry
1398 588 104 57 for
1543 588 201 58 which
1785 589 395 59 Leominster
2221 592 116 58 has

323 665 250 57 become
607 665 271 72 famous,
913 669 62 54 to
1011 666 200 57 which
1248 685 107 38 are
1392 667 204 57 added
1628 666 278 72 pictures
1946 668 67 58 of
2045 687 193 54 many
2271 670 69 57 of

325 743 103 57 the
471 743 177 71 early
686 745 174 56 comb
898 744 249 57 makers
1190 745 123 56 and
1349 743 193 59 views
1582 744 69 58 of
1689 745 104 58 the
1834 745 102 58 old
1974 745 151 58 time
2164 747 175 57 comb

327 821 208 73 shops,
582 821 307 73 compiled
934 823 123 57 and
1100 822 321 72 privately
1461 821 257 73 printed
1761 823 104 58 for
1906 823 292 60 Bernard
2238 824 99 60 W.

322 900 219 72 Doyle,
578 901 327 71 president
941 901 67 57 of
1044 901 104 57 the
1183 900 325 58 Viscoloid
1542 920 324 53 company,
1901 902 138 74 inc.,
2076 901 67 58 in
321 922 1995 114 commemoration
775 979 69 57 of
876 979 104 57 the
1017 998 115 39 one
1165 979 289 57 hundred
1491 981 123 56 and
1647 978 238 59 fiftieth
1921 980 419 73 anniversary

324 1058 68 57 of
416 1058 105 57 the
548 1058 312 71 founding
886 1057 69 57 of
979 1057 104 57 the
1113 1058 174 56 comb
1312 1057 298 72 industry
1635 1057 67 57 in
1728 1057 414 72 Leominster,
325 1058 1986 135 Massachusetts.
784 1135 273 72 [Boston,
1093 1144 19 22 c
1115 1135 164 73 1925]

392 1214 91 52 xiv,
518 1212 79 45 158
625 1228 39 37 p.
696 1213 100 44 incl.
829 1213 151 51 front.,
1013 1212 129 53 illus.,
1175 1221 139 44 ports,
1375 1227 56 38 pl.
1491 1211 55 44 27½
1581 1215 47 18 cm
1635 1249 8 8 .

395 1269 276 54 “Compiled,
700 1271 184 43 written
912 1272 88 42 and
1020 1270 188 53 sprinted
1235 1271 144 42 under
1405 1269 221 45 direction
1656 1270 51 44 of
1738 1271 148 50 Perry
1913 1269 231 45 Walton.”

322 1327 53 54 ©
407 1330 118 42 Mar.
557 1329 35 50 6,
628 1327 130 53 1925;
791 1329 64 43 2c.
885 1329 89 43 and
1001 1329 79 42 aff.
1114 1329 119 42 Mar.
1265 1328 49 51 9;
1348 1328 42 42 A
1421 1327 190 52 822291;
1648 1328 50 42 B.
1731 1329 75 43 W.
1839 1327 163 53 Doyle,
2034 1326 299 52 Leominster,

380 1386 143 43 Mass.
593 1383 244 56 (25-6816)

323 1487 213 71 Ward,
574 1486 260 59 Charles
870 1487 334 70 Henshaw,
1241 1488 191 56 1872-
1590 1487 92 57 ed.

397 1578 269 73 English
701 1578 321 70 evidence;
1057 1577 253 58 teacher
1343 1576 345 72 testimony
1717 1576 169 57 from
1919 1576 105 57 the
2059 1595 272 39 summer

321 1657 260 72 session,
613 1656 375 74 University
1019 1656 68 56 of
1119 1654 372 72 California,
1523 1655 169 70 1924,
1721 1654 152 56 with
1904 1673 79 38 an
320 1654 1989 139 introduction
499 1737 84 71 by
631 1735 64 59 C.

745 1735 79 56 H.
869 1735 218 57 Ward.
1176 1732 291 74 Chicago,
1516 1733 151 57 New
1712 1732 175 57 York
1935 1734 147 71 [etc.]
2135 1731 194 76 Scott,

317 1814 350 58 Foresman
696 1815 123 56 and
848 1831 309 53 company
1186 1842 13 43 [
1201 1820 19 22 c
1224 1813 166 74 1925]

395 1895 83 43 284
500 1909 40 39 p.
606 1895 49 43 19
662 1896 46 17 cm
716 1929 8 7 .

320 1950 53 54 ©
402 1951 106 44 Feb.
536 1952 69 50 21,
637 1948 131 54 1925;
797 1950 64 43 2c.
891 1950 88 42 and
1008 1949 78 43 aff.
1119 1947 106 45 Feb.
1254 1946 78 54 27;
1365 1948 42 42 A
1437 1947 189 50 823194;
1664 1945 140 53 Scott,
1835 1944 249 45 Foresman
2114 1946 38 44 &
2181 1962 66 27 co.

400 2006 244 57 (25-6410)

318 2110 215 72 Wells,
575 2108 299 58 Frederic
911 2108 95 57 De
1043 2106 179 72 Witt,
1264 2107 191 57 1874-

400 2204 130 57 The
557 2203 126 58 last
715 2200 204 59 cruise
952 2198 70 58 of
1048 2197 103 59 the
1186 2195 356 73 Shanghai;
1571 2195 187 72 being
1785 2195 105 57 the
1924 2199 180 67 story
2131 2195 68 57 of
2228 2195 104 58 the

319 2281 329 60 teakwood
671 2282 150 57 boat
849 2297 152 39 over
1026 2278 105 56 the
1156 2274 236 73 Viking
1418 2274 169 72 trail,
1614 2276 84 70 by
1726 2275 69 56 F.
1825 2275 92 57 De
1945 2273 163 59 Witt
2135 2273 197 59 Wells

388 2351 1943 76 … illustrations by Philip Kappel. New York, Minton,
318 2439 199 58 Balch
548 2440 47 56 &
626 2453 327 55 company,
987 2434 166 58 1925.

389 2510 1135 58 3 p. l., 244 p. front., illus., diagrs. 21½ cm .
389 2577 135 52 Maps
554 2589 57 30 on
640 2573 343 53 lining-papers.

319 2634 53 53 ©
399 2636 119 41 Mar.
545 2632 37 52 6,
613 2630 129 52 1925;
769 2631 66 42 2c.
863 2630 119 41 Mar.
1013 2628 72 50 10;
1115 2627 79 43 aff.
1223 2626 119 43 Mar.
1369 2625 50 51 9;
1449 2625 45 42 A
1520 2625 189 51 823369;
1741 2623 50 44 F.
1822 2626 68 42 De
1916 2626 75 43 W.
2019 2624 159 51 Wells,
2210 2624 119 44 New

389 2691 143 44 York.
602 2686 245 57 (25-6511)

317 2793 215 72 Wells,
574 2790 274 59 Herbert
885 2788 259 71 George.

398 2887 130 56 The
550 2884 208 57 works
783 2881 69 58 of
874 2881 80 56 H.
981 2878 69 60 G.
1076 2878 215 58 Wells.
1375 2875 284 57 Atlantic
1686 2876 90 57 ed.
1859 2894 57 37 v.
1946 2876 127 55 3-6.
2161 2877 167 71 [New

318 2965 191 71 York,
552 2962 260 59 Charles
855 2957 358 60 Scribner’s
1255 2974 163 53 sons,
1459 2955 167 71 1924,
1667 2954 165 74 1925]

387 3032 967 59 4 v. fronts. (ports., v. 4, 6) 23½ cm .
729 3108 42 29 CONTENTS.—V.
801 3099 37 37 3.
867 3091 100 44 The
997 3087 206 46 invisible
1230 3102 116 37 man,
1375 3086 100 44 The
1504 3102 96 28 war
1626 3086 50 44 of
1703 3086 76 43 the
1807 3087 184 51 worlds,
2021 3088 44 41 A
2094 3087 156 43 dream
2277 3087 51 43 of

317 3154 445 54 Armageddon.—v.
792 3157 39 36 4.
862 3146 349 54 Anticipations,
1244 3145 89 42 and
1361 3143 132 44 other
1524 3157 275 38 papers.—v.
1831 3148 37 39 5.
1900 3141 99 45 The
2031 3144 108 44 food
2169 3144 51 43 of
2251 3143 75 44 the

317 3215 128 53 gods,
471 3211 99 44 The
597 3226 79 27 sea
698 3209 220 51 lady.—v.
946 3213 36 36 6.
1009 3204 99 43 The
1136 3204 101 42 first
1263 3217 104 28 men
1392 3202 44 42 in
1463 3201 74 43 the
1564 3216 147 35 moon,
1739 3201 90 43 and
1855 3215 123 29 some
2006 3215 125 30 more
2159 3202 168 43 human

317 3271 177 44 stories.

387 3323 267 50 Half-title;
690 3320 110 44 each
829 3319 180 43 volume
1038 3317 81 42 has
1153 3316 95 42 also
1282 3316 166 50 special
1479 3322 96 43 t.-p.

316 3400 41 28 v.
391 3385 23 42 3
461 3383 39 47 4,
534 3378 53 52 ©
621 3380 108 42 Dec.
766 3375 36 52 5,
839 3375 130 51 1924;
1003 3375 65 41 2c.
1103 3373 110 43 each
1246 3371 106 44 Feb.
1391 3371 61 51 19,
1491 3368 130 52 1925;
1657 3370 102 43 affs.
1795 3368 106 45 Feb.
1940 3370 75 51 14;
2050 3386 41 28 v.
2128 3370 36 53 5,
2200 3370 38 54 6,
2271 3370 53 53 ©

388 3439 107 45 Feb.
521 3437 77 50 20;
625 3436 65 42 2c.
717 3434 109 44 each
850 3430 109 45 Feb.
989 3431 73 50 19;
1093 3430 102 43 affs.
1223 3427 108 45 Feb.
1357 3426 78 54 25;
1466 3428 42 42 A
1536 3426 383 52 822338-822341;
1953 3426 187 45 Charles
386 3426 1916 114 Scribner’s
531 3508 117 29 sons.

316 3595 233 70 Welsh,
579 3590 238 60 Robert
846 3586 258 68 Gilbert,
1138 3587 57 58 d.
1228 3587 166 56 1924.

386 3685 248 68 Azrael,
686 3682 123 57 and
857 3679 181 58 other
1085 3695 236 53 poems,
1370 3676 86 71 by
1498 3676 238 56 Robert
1786 3674 243 59 Gilbert
2078 3677 246 70 Welsh;

315 3765 258 74 preface
603 3763 84 70 by
722 3758 260 61 Charles
1013 3755 267 59 Hanson
1313 3753 245 58 Towne.
1642 3752 153 59 New
1824 3753 191 72 York,
2048 3754 277 73 London,

315 3845 74 58 D.
424 3842 319 73 Appleton
774 3837 124 58 and
926 3852 325 53 company,
1285 3833 165 56 1925.

453 3910 921 60 xv, 131, [1] p. front. (port.) 19½ cm .
314 3981 56 54 ©
397 3982 119 41 Mar.
546 3978 62 46 13,
640 3973 131 46 1925:
798 3973 64 42 2c.
889 3971 88 43 and
1002 3969 78 43 aff.
1109 3969 119 42 Mar.
1260 3965 74 53 17;
1366 3967 44 42 A
1436 3966 188 51 823442;
1657 3966 55 43 D.
1743 3966 228 52 Appleton
1999 3968 37 43 &
2063 3984 65 27 co.

395 4034 244 57 (25-6881)
