2533 4412
1091 4108 70 55 33

135 480 254 71 Adams,
432 481 218 72 Henry
690 481 239 70 Foster,
973 482 189 57 1882-

139 568 1991 152 The ways of the mind; the study and use of psychology, by Henry Foster Adams … New York, Chicago [etc.]
140 726 62 58 C.
238 724 356 61 Scribner’s
624 743 145 40 sons
801 754 14 44 [
817 734 19 22 c
839 727 165 71 1925]

206 802 80 45 viii
314 818 53 38 p.,
397 804 17 41 1
462 838 22 16 l.,
512 803 81 44 336
620 817 41 38 p.
720 802 134 50 illus.,
884 802 170 55 diagrs.
1117 803 50 44 19½
1203 804 46 17 cm
1255 836 10 9 .

137 859 52 54 ©
212 862 98 52 Jan.
340 860 62 52 10,
431 858 129 54 1925;
586 861 64 42 2c.
674 862 100 52 Jan.
802 861 72 52 12;
903 860 77 44 aff.
1005 861 99 52 Jan.
1133 861 74 51 14;
1233 860 44 43 A
1301 860 189 52 814641;
1521 858 187 46 Charles
1737 858 250 48 Scribner’s
2014 876 116 28 sons.

215 916 242 54 (25-2158)

132 1018 202 68 Allen,
372 1018 293 57 Carleton
699 1018 219 72 Kemp.

211 1108 128 56 The
369 1107 366 73 judgement
765 1107 66 57 of
861 1108 217 70 Paris;
1113 1128 37 36 a
1179 1109 273 70 comedy,
1483 1108 82 70 by
1599 1107 296 59 Carleton
1923 1109 208 69 Kemp

132 1186 200 56 Allen.
416 1186 277 69 London,
734 1186 168 57 John
941 1187 169 57 Lane
1152 1187 182 72 [1924]

205 1262 545 60 5 p. l., 305 p. 19½ cm .
132 1318 1998 55 © 1c. Jan. 12, 1925; A ad int. 6573; pubd. Nov. 14, 1924; Dodd, Mead & co.,
206 1375 97 52 inc.,
329 1377 117 42 New
470 1377 142 42 York.
646 1375 242 54 (25-2848)

132 1479 206 71 Ames,
372 1479 239 72 Joseph
642 1478 316 71 Bushnell,
994 1482 189 56 1878-

207 1570 1922 73 Loudon from Laramie, by Joseph B. Ames … New
137 1648 167 63 York
331 1647 47 57 &
406 1648 278 71 London,
719 1649 128 56 The
885 1647 278 73 Century
1195 1667 85 38 co.
1318 1679 13 43 [
1332 1656 19 21 c
1356 1650 164 72 1925]

203 1723 841 54 5 p. l., 3-374 p. 19½ cm . $2.00
135 1779 52 53 ©
215 1781 100 51 Jan.
345 1780 68 52 23,
446 1780 130 51 1925;
607 1781 65 42 2c.
703 1781 86 43 and
820 1780 79 43 aff.
930 1782 99 51 Jan.
1058 1779 80 54 27;
1170 1782 44 42 A
1245 1779 189 54 815761;
1471 1780 199 53 Century
1701 1796 65 28 co.

213 1836 242 54 (25-2465)

131 1938 179 70 Arce,
344 1939 258 73 Miguel.

278 2027 1853 74 … ¡Ladrona! no vela mexicana. 1. ed. San Antonio,
136 2109 165 69 Tex.,
330 2109 268 69 Lozano,
631 2108 165 58 1925.

202 2184 94 53 285,
327 2185 52 47 [1]
409 2199 42 39 p.
513 2186 50 43 19
570 2187 46 17 cm
622 2218 9 9 .

129 2240 55 53 ©
211 2242 99 52 Jan.
340 2243 34 50 1,
405 2239 129 54 1925;
562 2241 64 44 2c.
652 2243 88 42 and
765 2243 79 43 aff.
871 2244 99 51 Jan.
1002 2243 75 51 13;
1105 2242 44 42 A
1178 2240 189 54 815598;
1400 2243 64 42 M.
1493 2243 135 49 Arce,
1658 2244 115 43 New
1805 2242 137 43 York.

213 2297 242 54 (25-2688)

134 2399 265 71 Babson,
441 2399 209 73 Roger
687 2399 214 72 Ward,
945 2402 189 56 1875-

210 2475 234 57 Recent
487 2476 177 56 labor
708 2494 318 55 progress,
1071 2476 152 56 with
1269 2476 234 71 special
1548 2476 319 57 reference
1915 2480 61 53 to
2024 2476 102 57 the

134 2553 170 57 work
343 2553 66 57 of
446 2554 102 57 the
587 2553 246 58 federal
869 2557 407 70 government
1315 2555 199 56 under
1551 2554 218 58 James
1809 2554 60 58 J.
1911 2553 216 71 Davis,

137 2635 319 69 secretary
493 2632 68 57 of
596 2632 195 76 labor,
834 2651 68 38 as
942 2632 279 58 outlined
1256 2632 66 56 in
1358 2633 104 56 the
1502 2633 231 57 annual
1770 2634 251 69 reports
2061 2632 68 57 of

134 2710 1967 135 the Department of labor, by Roger W. Babson … introduction
433 2786 1693 75 by Ethelbert Stewart … New York, Chicago
136 2869 145 71 [etc.]
315 2865 287 72 Fleming
627 2865 80 57 H.
737 2866 218 56 Revell
983 2884 307 53 company
1322 2895 13 43 [
1337 2875 17 21 c
1360 2866 163 75 1924]

209 2944 357 53 336 p. 19½ cm .
136 2997 52 53 ©
215 3000 119 42 Nov.
363 3000 35 51 1,
427 2999 130 51 1924;
581 2999 64 42 2c.
673 2999 87 43 and
785 2999 79 44 aff.
889 3000 99 51 Jan.
1017 2999 61 51 10,
1110 2997 129 53 1925;
1269 3000 44 42 A
1339 2998 188 53 815519;
1558 2999 208 53 Fleming
1792 3000 61 43 H.
1881 2999 155 44 Revell
2065 3014 64 28 co.

214 3054 242 55 (25-2084)

136 3156 269 71 Barrett,
444 3156 352 59 Katharine
834 3155 174 61 Ellis.

214 3236 169 58 Girls
415 3236 65 56 in
511 3238 103 56 the
645 3237 151 72 high
833 3237 281 69 Sierras;
1151 3258 36 38 a
1221 3237 124 57 tale
1380 3238 67 57 of
1480 3238 102 56 the
1619 3236 218 59 Sierra
1871 3236 261 57 Nevada

135 3314 150 57 with
307 3312 384 74 Himalayan
718 3315 234 71 echoes,
977 3315 85 72 by
1084 3314 356 58 Katharine
1466 3314 161 58 Ellis
1653 3314 279 70 Barrett,
138 3312 1965 137 illustrations
465 3393 84 71 by

605 3392 245 57 Harold
906 3392 96 57 W.
1063 3391 200 58 Miles.
1368 3390 252 59 Garden
1680 3390 161 73 City,
1902 3390 74 58 N.
2037 3390 92 72 Y.,

136 3469 382 72 Doubleday,
545 3469 171 73 Page
743 3470 48 55 &
817 3488 320 54 company,
1166 3469 165 57 1924.

204 3546 66 44 xii
296 3563 52 36 p.,
375 3548 24 43 3
444 3583 24 15 l.,
492 3544 80 47 335
598 3562 41 37 p.
700 3546 151 52 front.,
876 3546 133 52 illus.,
1034 3547 155 52 plates.
1248 3548 49 42 21
1308 3549 15 17 cm
1361 3581 10 9 .

133 3599 57 53 ©
220 3602 109 41 Dec.
362 3598 62 54 15,
481 3600 80 43 1924;
615 3600 66 44 2c.
711 3601 86 43 and
828 3600 79 44 aff.
937 3602 100 51 Jan.
1069 3598 64 54 15,
1165 3598 129 52 1925;
1329 3599 43 43 A
1403 3599 190 52 814683;
1625 3599 281 53 Doubleday,
1939 3602 124 51 Page
2094 3602 37 43 &

206 3671 66 28 co.
340 3655 242 55 (25-1963)

136 3758 220 72 Barry,
394 3756 282 60 William
712 3757 290 72 Edward,
1043 3759 189 56 1846-

216 3836 358 59 Chronicles
607 3839 66 55 of
701 3835 409 72 Kennebunk,
1138 3836 187 72 being
1355 3855 209 39 scenes
1596 3838 123 56 and
1747 3836 286 71 episodes
2063 3834 66 58 in

138 3934 80 37 an
254 3915 102 57 old
392 3914 208 58 Maine
636 3914 230 72 village
904 3914 46 56 &
984 3913 281 73 vicinity,
1300 3914 83 70 by
1416 3912 82 58 W
1499 3919 35 21 m
1540 3956 10 10 .
1589 3913 72 56 E.
1699 3913 241 72 Barry;
1977 3913 151 57 with

137 3992 417 58 illustrations
593 3994 83 69 by
714 3993 104 56 the
859 3992 233 69 writer,
1135 3991 291 57 redrawn
1462 3992 85 70 by
1586 3990 309 58 Rockwell
1935 3991 191 61 Kent.
