2533 4412
1091 4095 112 58 339

157 437 464 74 [Moersberger,
660 441 174 56 Frau
870 439 160 57 Rose
1081 437 429 76 (Schliewen)]

232 517 382 72 Erlenkamp
662 519 204 69 erben,
912 535 217 39 roman
1171 537 121 39 von
1336 516 296 59 Felicitas
1678 518 165 59 Rose
1891 517 229 71 [pseud.]

156 597 49 54 1.
237 595 94 57 bis
365 597 87 61 20.
485 597 283 56 tausend.
849 595 234 72 Berlin,
1115 596 275 73 Leipzig,
1421 597 180 72 Bong
1632 596 47 57 &
1711 615 84 39 co.
1833 626 13 43 [
1847 604 18 21 c
1871 598 163 70 1924]

225 672 358 53 317 p.· 19 ½ cm .
156 725 1962 102 © Dec. 8, 1924; 1c. Mar. 19, 1925; A —Foreign 27181; Deutsch, verlagshaus
370 784 130 51 Bong
533 784 36 43 &
601 798 64 28 co.
735 782 241 56 (25-9207)

153 865 183 75 Molo,
373 866 257 73 Walter,
668 867 182 58 ritter
884 885 138 54 von,
1060 869 188 57 1880-

299 945 1846 73 … Vom alten Fritz; vier erzählungen aus dem leben
153 1025 106 56 des
313 1042 261 54 grossen
623 1023 236 72 königs,
912 1023 114 57 mit
1076 1022 170 58 einer
153 1022 1968 152 kupfertiefdruck-nachbildung

349 1100 329 57 Friedrich
755 1147 10 9 II.
795 1101 158 62 nach
980 1100 251 71 Adolph
1261 1100 255 57 Menzel.
1599 1100 353 73 Nürnberg,
1983 1102 59 58 J.
2074 1100 67 58 L.

157 1179 239 72 Schräg
433 1207 13 43 [
447 1188 19 20 c
471 1179 162 71 1924]

152 1254 1971 111 116 p., 1 l. front. (port.) 14 cm . ( Half-title : Nürnberger liebhaber-ausgaben. 3. bändchen)
225 1368 140 44 From
387 1368 74 44 the
486 1368 199 44 author’s
712 1369 70 41 Im
806 1404 1 2 .
807 1368 160 43 schritt
991 1369 78 42 der
1094 1367 345 54 jahrhunderte,
1465 1369 89 42 and
1580 1367 273 46 Fridericus.

551 1425 144 43 CONTENTS.—Vater
729 1426 89 43 und
852 1424 445 45 sohn.—Fridericus
1331 1424 295 45 rex.—Faust
1658 1440 144 39 gegen
1839 1424 306 55 faust.—Sieg

153 1485 110 42 oder
294 1483 90 44 tod.

155 1536 1843 55 © June 28, 1924; 1c. Jan. 3, 1925; A —Foreign 26440; J. L. Schrag.
233 1594 242 56 (25-8819)

152 1682 283 70 Morgan,
475 1678 274 72 Charles,
786 1680 190 57 1894-

228 1753 1913 77 My name is legion [ by] Charles Morgan. New York,
148 1836 75 56 A.
253 1836 74 55 A.
357 1834 241 72 Knopf,
627 1834 165 57 1925.

226 1912 587 55 4 p. l., 3-346 p. 19 ½c m .
229 1971 69 43 “A
326 1969 309 52 biographical
660 1976 105 36 note
789 1984 57 28 on
871 1968 74 43 the
971 1968 162 44 author
1160 1968 51 44 of
1236 1968 87 44 this
1349 1968 144 44 book”
1512 1984 8 27 :
1549 1984 39 37 p.
1615 1968 204 44 342-346.

154 2023 1988 57 © Mar. 20, 1925; 2c. and aff. Apr. 1; A 822724; C. Morgan, ℅ Heinemann,
226 2085 198 43 London.
493 2081 243 56 (25-7827)

153 2171 315 66 Morstatt,
505 2166 161 58 Else.

225 2246 130 57 Der
396 2244 219 60 weisse
655 2243 206 72 könig,
905 2259 220 40 roman
1170 2261 111 41 aus
1323 2243 653 77 Deutsch-Ostafrika,
2020 2265 124 39 von

150 2324 149 58 Else
330 2323 333 69 Morstatt;
693 2320 425 58 bildschmuck
1145 2338 124 39 von
1301 2320 77 56 H.
1410 2319 75 58 A.
1519 2321 391 60 Achenborn.

151 2324 1968 148 Neudamm,
402 2401 60 57 J.
494 2400 328 56 Neumann
851 2427 13 43 [
866 2406 18 21 c
888 2399 148 55 1925]

225 2475 1000 57 303, [1] p. front. (port.) illus. 20 ½ cm .
154 2531 1847 58 © Nov. 22, 1924; 1c. Mar. 12, 1925; A—Foreign 27027; J. Neumann.
233 2592 241 54 (25-8924)

154 2666 151 55 New
336 2662 174 57 York
553 2660 302 74 (County)
948 2660 214 58 Grand
1196 2660 163 71 jury.

227 2742 60 57 A
321 2741 187 70 study
540 2739 67 58 of
637 2739 105 56 the
775 2737 347 58 conditions
1157 2736 197 58 which
1387 2737 157 58 have
1579 2741 427 59 accumulated
153 2761 1969 116 under
286 2837 189 52 many
500 2815 541 59 administrations

1070 2816 124 57 and
1216 2834 140 38 now
1381 2815 159 58 exist
1566 2816 66 57 in
1657 2817 106 58 the
1788 2819 251 71 prisons
2069 2839 79 39 on

150 2897 281 58 Welfare
462 2895 234 69 Island,
727 2893 152 57 New
907 2892 174 57 York
1112 2892 142 72 city,
1286 2892 151 57 with
1468 2912 35 39 a
1534 2895 148 70 plan
1714 2895 106 58 for
1849 2897 103 57 the
152 2917 1971 116 erection
315 2975 122 56 and
467 2971 372 59 economical

865 2969 316 73 financing
1209 2970 66 57 of
1308 2990 36 37 a
1373 2989 134 38 new
1537 2972 429 74 penitentiary
150 2974 1974 150 elsewhere,
406 3052 83 70 by
520 3070 36 37 a
590 3048 231 72 special
855 3047 347 58 committee
1239 3047 66 58 of
1338 3047 103 58 the
1476 3049 254 72 regular
1762 3053 202 70 grand
1998 3052 149 73 jury

152 3130 249 73 August
428 3131 177 69 term,
638 3127 164 56 1924.
889 3125 167 71 [New
1082 3124 187 73 York]
1303 3123 332 61 Endorsed
1666 3129 123 57 and
1816 3129 331 73 published

151 3210 83 71 by
262 3209 103 57 the
397 3207 228 56 Prison
656 3204 378 59 association
1065 3204 67 57 of
1162 3203 152 56 New
1341 3203 174 57 York
1543 3206 124 57 and
1697 3206 129 59 The
153 3209 1968 135 Association
313 3285 67 57 of
407 3283 201 73 grand
632 3283 231 71 jurors,
892 3281 152 57 New
1068 3280 174 57 York
1270 3278 260 75 County,
1560 3283 165 57 1924.

222 3364 55 43 46
307 3376 40 39 p.
407 3361 114 44 illus.
548 3359 125 54 (incl.
706 3358 150 53 maps)
922 3356 55 45 27
983 3360 47 18 cm
1037 3393 8 9 .

156 3419 52 54 ©
237 3422 109 41 Dec.
379 3419 63 51 18,
473 3418 104 43 1924;
632 3417 64 42 2c.
727 3417 87 42 and
842 3416 78 42 aff.
950 3414 107 43 Feb.
1086 3415 40 51 4,
1159 3412 129 54 1925;
1320 3414 43 42 A
1393 3415 189 53 814914;
1616 3417 245 44 Holbrook
1891 3418 101 44 Fitz
2023 3420 118 51 John

227 3478 162 42 Porter,
437 3475 117 42 New
583 3473 143 43 York.
795 3469 242 56 (25-7447)

224 3541 1893 148 … The New York supplement, with key-number annotations. v. 206. Permanent ed.,
1312 3619 359 74 containing
1699 3622 102 57 the
1833 3624 307 59 decisions

234 3701 66 57 of
343 3700 103 57 the
496 3698 300 70 Supreme
843 3696 123 56 and
1010 3695 187 56 lower
1243 3698 209 54 courts
1500 3696 67 57 of
1612 3701 221 56 record
1879 3702 67 56 of
1992 3702 150 58 New

232 3778 174 58 York
451 3777 179 57 state.
716 3773 264 59 October
1028 3773 50 72 6,
1128 3771 481 75 1924-January
1653 3777 88 72 12,
1793 3778 164 58 1925.
2050 3780 89 59 St.

233 3856 176 68 Paul,
445 3854 179 56 West
661 3850 361 72 publishing
1059 3869 105 52 co.,
1205 3850 164 56 1925.

225 3931 159 51 xxxvi,
414 3931 38 50 4,
482 3927 94 52 975,
610 3928 123 52 [100],
764 3927 50 42 81
847 3940 39 37 p.
944 3926 55 42 24
1005 3928 46 18 cm
1058 3960 8 7 .
1135 3924 245 54 (National
1409 3935 203 43 reporter
1642 3931 193 53 system)

157 3988 54 54 ©
241 3990 119 41 Mar.
391 3988 36 49 3,
462 3983 128 53 1925;
624 3984 63 42 2c.
719 3983 111 51 Apr.
860 3982 77 51 20;
971 3982 78 42 aff.
1080 3981 112 52 Apr.
1228 3981 73 52 18;
1335 3982 43 42 A
1410 3982 188 54 822962;
1633 3985 133 46 West
1799 3989 100 50 pub.
1933 4004 64 29 co.
