2533 4412
1262 4041 71 54 1556

333 361 211 71 Jones,
587 359 283 60 William
909 360 299 73 Northey,
1253 362 190 56 1866-

414 451 129 57 The
588 450 249 71 history
884 450 68 56 of
1003 449 89 58 St.
1144 450 252 57 Peter’s
1444 451 231 57 church
1720 451 65 56 in
1835 452 201 58 Perth
2079 453 265 76 Amboy,

336 529 152 57 New
514 529 249 71 Jersey,
794 527 104 57 the
931 528 205 57 oldest
1165 528 450 72 congregation
1648 529 68 57 of
1746 530 104 57 the
1884 531 231 57 church
2143 532 65 56 in
2241 533 104 58 the

337 610 163 54 state
546 605 67 58 of
657 605 154 57 New
853 606 249 71 Jersey,
1148 605 169 57 from
1362 605 85 57 its
1494 606 439 72 organization
1973 608 71 57 in
2085 611 152 57 1698
2281 613 63 55 to

334 684 106 57 the
480 702 157 53 year
677 683 68 56 of
788 682 134 59 Our
961 683 174 57 Lord
1176 683 166 72 1923,
1387 684 126 57 and
1554 685 104 56 the
1704 685 380 58 celebration
2130 687 69 57 of
2241 688 104 57 the

336 763 185 55 225th
551 761 421 71 anniversary
1002 760 70 57 of
1101 761 104 56 the
1236 760 254 72 parish;
1525 762 132 57 also
1693 781 35 37 a
1761 763 350 73 genealogy
2142 764 68 58 of
2241 764 105 58 the

334 838 1988 153 families buried in the churchyard, by the Rev. W. Northey Jones … [New York,
1307 917 342 58 Patterson
1680 936 201 56 press,
1918 921 165 74 1925]

407 1005 1344 55 1 p. l., 5-519 p. illus., plates, ports., diagr. 24½ cm .
334 1078 53 53 ©
421 1079 102 44 Oct.
557 1080 63 50 18,
656 1076 130 54 1925;
817 1077 65 44 2c.
913 1077 103 44 Oct.
1046 1077 80 52 21;
1158 1078 80 43 aff.
1272 1078 102 44 Oct.
1403 1077 78 53 26;
1516 1078 45 42 A
1592 1075 191 56 872139;
1816 1080 76 44 W.
1927 1078 59 45 N.
2017 1080 151 53 Jones,
2206 1081 141 44 Perth

405 1135 195 53 Amboy,
640 1134 61 44 N.
737 1135 40 52 J.
848 1132 220 56 (25-1036
1086 1133 224 55 Revised)

333 1248 295 72 Kinman,
662 1249 59 58 J.
758 1248 48 57 I.

411 1341 283 57 Kinman
708 1345 46 53 ’s
792 1340 435 72 bookkeeping
1263 1341 127 57 and
1427 1341 376 74 accounting
1839 1342 343 73 principles
2224 1346 125 57 and

333 1419 297 75 practice,
667 1419 84 72 by
784 1419 61 58 J.
881 1419 49 57 I.
969 1418 284 58 Kinman
1290 1419 126 58 and
1453 1418 71 60 A.
1564 1420 97 59 W.
1702 1419 254 60 Morris.
2038 1421 309 73 Spokane,

331 1498 238 72 Wash.,
601 1499 61 57 J.
694 1498 49 56 I.
777 1497 280 57 Kinman
1091 1497 47 57 &
1170 1516 309 54 company
1511 1499 182 74 [1925]

406 1591 18 41 1
487 1624 10 9 v.

335 1658 53 53 ©
422 1659 102 44 Oct.
553 1659 39 52 2,
629 1657 131 54 1925;
793 1658 65 44 2c.
891 1659 95 43 and.
1009 1658 79 44 aff.
1122 1658 103 44 Oct.
1262 1658 74 52 19;
1373 1659 45 42 A
1450 1656 192 55 869595;
1679 1659 40 52 J.
1754 1659 34 44 I.
1822 1658 204 45 Kinman
2058 1661 87 43 and
2179 1661 57 43 A.
2272 1662 74 43 W.

406 1716 187 52 Morris,
633 1715 222 53 Spokane,
892 1714 160 46 Wash.

335 1817 262 74 Knight,
641 1816 241 59 Lucian
920 1817 249 72 Lamar,
1213 1818 192 58 1868-

411 1909 318 74 Tracking
755 1910 104 57 the
892 1912 247 69 sunset;
1171 1928 89 55 or,
1293 1909 129 57 The
1454 1909 246 58 shrines
1731 1910 67 57 of
1826 1909 250 74 history
2106 1912 245 57 around

328 1986 2019 78 the world, by Lucian Lamar Knight … Atlanta, Ga.,
328 2068 269 58 Planted
636 2068 104 57 for
782 2067 104 58 the
930 2068 231 57 author
1199 2069 85 70 by
1322 2068 104 57 the
1471 2067 177 59 Stein
1691 2068 291 73 printing
2023 2087 325 56 company,

329 2149 167 56 1925.

660 2238 1076 54 xx p., 1 l., 628 p. front., illus. (map) plates. 23 cm .
334 2311 53 53 ©
414 2312 103 44 Oct
541 2310 67 52 26,
637 2309 131 54 1925;
791 2310 68 45 2c.
883 2311 121 42 Nov.
1034 2310 73 52 13;
1137 2310 79 44 aff.
1243 2310 109 44 Dec.
1382 2310 75 52 14;
1484 2311 45 42 A
1552 2308 191 54 875499;
1773 2310 49 43 L.
1849 2310 50 44 L.
1926 2309 190 55 Knight,
2143 2311 202 44 Atlanta.

413 2365 273 57 (25-27879)

333 2465 363 72 Lallement,
735 2467 180 59 Jean.

478 2559 1866 76 … La dynamique des instruments à archet (violon,
333 2637 2012 74 alto, violoncelle, contrebasse) … Preface de M. Adolphe
332 2719 291 57 Boschot.
707 2716 208 69 Paris,
942 2716 83 58 M.
1058 2715 238 74 Eschig
1398 2736 28 37 ci
1447 2723 18 21 e
1471 2762 12 25 ,
1511 2725 20 21 c
1535 2716 166 56 1925.

402 2806 1941 55 2 p. l., [vii]-viii, 242 p., 1 l. illus. (incl. music) fold. tab., diagrs. 28 cm .
402 2881 68 45 At
494 2882 118 45 head
636 2881 53 44 of
711 2881 126 44 title:
864 2880 41 51 J.
932 2879 265 46 Lallement.

334 2944 2012 57 © Nov. 2, 1925; 1c. Nov. 16; A—Foreign 29207; J. Lallement, Lyon,
405 3005 188 44 France.
665 3003 245 56 (26-1946)

333 3102 462 75 Lecarpentier,
829 3102 291 72 Georges.

480 3192 1862 73 … La Suisse au travail; 10 planches hors texte et 1
334 3278 189 55 carte.
606 3274 209 71 Paris,
844 3274 70 56 P.
947 3274 229 72 Roger,
1207 3280 19 22 c
1230 3273 167 56 1925.

400 3355 86 44 286
517 3369 40 38 p.
617 3353 156 54 plates,
807 3355 25 41 2
866 3367 126 38 maps
1020 3353 46 53 (1
1102 3351 189 55 double)
1359 3350 53 45 20
1421 3353 46 17 cm
1475 3387 7 7 .
1552 3351 141 54 (“Les
1727 3364 109 39 pays
1872 3348 290 55 modernes”)

404 3413 65 42 At
493 3411 116 44 head
636 3411 51 44 of
711 3410 124 44 title:
867 3409 52 45 G.
948 3409 331 52 Lecarpentier.

334 3461 2009 59 © May 28, 1925; 1c. June 19; A—Foreign 27944; Librairie Pierre Roger.
414 3523 243 55 (26-2001)

337 3623 203 75 [Levy,
579 3622 341 75 Hermann]
959 3624 191 55 1881-

332 3711 1986 154 Bimmelfang, roman von Hermann Lint [pseud.] Berlin, Ullstein [c 1925]
402 3867 1646 57 253, [1] p., 1 l. 16½ cm . (Half-title: Das neue Ullstein-buch)
335 3922 1650 57 © Aug. 18, 1925; 1c. Nov. 7; A—Foreign 29124; Ullstein a. g.
414 3982 243 55 (26-2080)
