2533 4412
1061 4093 109 57 609

134 432 335 58 American
506 432 425 73 theosophical
973 432 250 73 society.

210 511 337 57 American
583 511 429 71 theosophical
1050 511 236 72 society
1321 512 185 72 lodge
1540 512 363 70 procedure.
135 510 1965 150 Chicago,

341 588 339 57 American
715 587 428 72 theosophical
1181 588 237 72 society
1456 618 14 43 [
1470 595 21 22 c
1494 589 164 72 1925]

204 662 551 55 5 p. l., 113 p. 15½ cm .
205 719 137 45 “This
369 720 119 44 book
511 720 51 44 of
587 722 247 50 procedure
862 720 36 44 is
923 720 221 51 compiled
1170 720 124 44 from
1318 720 75 44 the
1419 720 282 52 procedures,
1729 720 181 44 articles

1938 735 54 30 or
134 736 1967 92 suggestions
361 776 51 44 of
438 776 62 43 H.
528 778 51 41 P.
609 776 261 53 Blavatsky,
901 778 81 43 Dr.
1010 778 152 42 Annie
1191 775 179 53 Besant,
1402 777 73 43 Rt.
1505 777 112 44 Rev.
1648 775 49 46 C.
1726 777 74 44 W.
1831 777 290 53 Leadbeater,

134 833 74 45 W.
232 833 40 53 J.
297 832 215 54 Walters,
537 832 49 46 C.
610 832 51 46 F.
687 833 216 53 Holland,
927 833 116 44 Max
1067 833 222 52 Wardall,
1315 833 58 44 K.
1401 832 49 46 C.
1476 833 199 53 Havens,
1705 832 132 48 Ellen
1864 834 52 45 P.
1942 832 182 55 Talbot,

133 890 119 44 Vida
292 889 137 47 Stone
464 891 88 43 and
584 890 428 45 others.”—Introd.

204 944 215 46 Contains
452 946 366 53 bibliographies.

131 1000 53 53 ©
214 1002 118 43 Mar.
364 1000 35 53 5,
434 1001 129 53 1925;
594 1003 65 42 2c.
690 1003 87 43 and
807 1004 78 42 aff.
916 1003 112 52 Apr.
1058 1003 51 52 2;
1142 1003 43 42 A
1217 1001 187 53 823602;
1437 1002 244 44 American
1712 1002 307 53 theosophical

185 1018 1913 92 society.
383 1057 270 55 (25-10606)

197 1128 1926 73 … The Atlantic reporter. v. 127. Permanent ed. … with
205 1207 406 71 key-number
642 1208 417 57 annotations.
1134 1208 292 71 January
1460 1207 333 58 29-March
1828 1209 90 72 26,
1954 1210 165 56 1925.

208 1284 88 58 St.
332 1285 176 72 Paul,
539 1285 181 58 West
750 1285 364 73 publishing
1146 1306 104 52 co.,
1287 1287 165 56 1925.

263 1396 9 17 xv,
299 1362 83 43 989
406 1376 39 38 p.
501 1361 53 44 26½
589 1365 46 17 cm
641 1398 8 7 .
714 1362 243 54 (National
986 1369 206 46 reporter
1220 1361 358 53 system—State
1606 1363 166 53 series)

126 1416 55 54 ©
210 1418 111 53 May
353 1420 62 51 13,
447 1417 129 55 1925;
604 1419 72 45 2c.
698 1420 87 43 and
813 1420 78 44 aff.
920 1420 114 53 June
1060 1420 79 53 29;
1168 1420 44 43 A
1239 1419 189 53 829893;
1458 1419 133 46 West
1619 1421 101 52 pub.
1750 1435 65 29 co.

129 1497 334 70 Audemar,
498 1498 178 58 Jean,

274 1575 1845 74 … Les maîtres de la mer, de la houille et du pétrole;
177 1652 445 72 l’impérialisme
684 1653 425 72 anglo-saxon.
1212 1653 204 69 Paris,
1478 1654 300 57 Nouvelle
1840 1654 282 59 librairie

127 1730 334 68 nationale,
495 1732 164 57 1923.

197 1809 79 43 288
315 1824 39 37 p.
417 1809 50 44 19
473 1810 48 18 cm
526 1843 9 8 .

199 1864 391 52 “Bibliographie”:
652 1879 39 39 p.
728 1863 108 49 [285]

127 1919 1991 55 © Feb. 19, 1923; 1c. Mar. 11, 1925; A—Foreign 26879; Société française
196 1978 212 43 d’édition
442 1985 44 36 et
520 1979 54 43 de
607 1978 210 52 librairie,
855 1978 146 43 Paris.
1070 1976 271 57 (25-10895)

129 2048 220 72 Baker,
387 2049 234 57 Alonzo
658 2049 66 57 L.

128 2126 1968 150 The hope of the world, by Alonzo L. Baker … Mountain View, Calif.,
741 2204 255 71 Omaha,
1022 2205 151 56 Neb.
1206 2207 146 70 [etc.]
1381 2203 229 58 Pacific
1637 2223 180 53 press
127 2205 1968 146 publishing
265 2282 378 60 association
675 2312 13 43 [
688 2292 20 21 c
711 2283 164 70 1925]

197 2358 1066 54 3 p. l., 9-390 p. incl. front., illus. 22½ cm .
198 2417 259 43 Illustrated
489 2417 341 52 lining-papers.

124 2471 54 54 ©
209 2475 110 51 May
349 2472 64 47 27.
449 2471 128 54 1925;
608 2475 65 42 2c.
703 2475 87 42 and
816 2474 81 42 aff.
927 2474 116 52 June
1072 2475 49 50 3;
1155 2474 43 42 A
1228 2471 188 53 829506;
1453 2474 169 43 Pacific
1652 2488 124 37 press
1808 2472 100 53 pub.
1941 2488 117 29 assn.

204 2528 269 56 (25-10706)

127 2599 303 66 Baldwin,
471 2599 282 60 William
790 2600 289 70 Edward,
1123 2602 189 57 1883-
1469 2600 90 58 ed.

202 2679 151 57 New
393 2678 176 58 York
607 2680 331 56 insurance
982 2678 120 58 law
1143 2680 357 56 annotated.
1587 2679 146 56 1925
1782 2678 92 58 ed.
125 2677 1967 148 Containing
412 2757 83 56 all
539 2758 426 56 amendments

1010 2759 62 55 to
1120 2756 290 71 January
1454 2757 165 69 1926,
1663 2755 153 57 with
125 2758 1969 133 annotations
318 2834 162 57 from
511 2834 307 57 decisions
849 2834 68 57 of
942 2834 103 57 the
1074 2836 210 55 courts
1313 2836 62 55 to
1405 2832 238 72 March,
1675 2833 166 70 1925,
1872 2832 241 73 rulings

126 2911 68 57 of
222 2912 104 56 the
358 2914 293 68 attorney
679 2911 255 72 general
967 2912 122 56 and
1121 2930 81 38 an
1232 2910 317 72 appendix
1580 2910 362 73 containing
125 2909 1963 137 miscellaneous
506 2988 150 57 laws

693 2988 273 72 relating
997 2991 63 54 to
1093 2988 333 57 insurance
1463 2988 124 57 and
1622 3007 37 37 a
1695 3006 318 52 summary
2048 2988 68 57 of

125 3067 103 55 the
269 3066 451 71 requirements
762 3065 273 68 relating
1071 3069 63 53 to
1173 3065 134 57 fees
1349 3066 122 56 and
1510 3069 176 53 taxes
1726 3065 267 71 payable
2033 3065 83 70 by

122 3142 332 59 insurance
484 3142 353 72 companies
868 3142 68 59 of
963 3143 154 57 New
1139 3142 176 58 York
1343 3143 125 57 and
1496 3142 181 58 other
1706 3144 213 57 states.
123 3142 1968 137 Edited

295 3219 1817 74 by William Edward Baldwin … New York, The
123 3298 211 57 Banks
368 3299 121 56 law
519 3297 362 70 publishing
916 3316 320 54 company,
1273 3298 163 56 1925.

192 3372 997 54 3 p. l., 329. 11, 24. 5, 58, 26 p. 23½ cm .
191 3428 1041 54 Earlier editions edited by A. J. Parker.
122 3485 53 53 ©
201 3487 110 52 May
336 3486 66 44 28.
427 3484 107 45 1925;
585 3486 64 43 2c.
675 3486 87 43 and
786 3486 78 42 aff.
889 3486 115 52 June
1033 3487 45 51 1;
1106 3486 43 42 A
1174 3483 190 54 829455;
1391 3485 74 44 W.
1493 3484 52 47 E.
1574 3485 220 54 Baldwin,
1823 3486 118 44 New
1967 3486 143 44 York.

201 3540 269 57 (25-10550)

125 3612 329 68 Blanding,
495 3612 157 56 Don.

201 3687 1914 75 Paradise loot, by Don Blanding … cover design and
123 3765 1989 74 full page illustrations by Don Blanding … Honolulu,
123 3845 78 56 H.
240 3846 89 70 T.,
363 3845 229 55 Patten
627 3861 320 56 company,
980 3844 110 57 ltd.
1130 3874 14 42 [
1146 3852 18 22 c
1167 3845 164 71 1925]

193 3925 176 41 Poems.

120 3979 54 54 ©
204 3981 110 51 May
346 3980 34 44 1.
412 3976 130 54 1925;
573 3978 64 43 2c.
668 3977 87 44 and
785 3978 79 43 aff.
895 3978 114 52 June
1042 3978 46 51 1;
1121 3978 44 42 A
1195 3976 189 57 829475;
1418 3979 57 47 D,
1508 3978 238 54 Blanding,
1778 3977 247 46 Honolulu.

199 4033 270 57 (25-10677)
