2533 4412
1342 4070 111 55 380

393 410 273 72 Hansen,
707 409 276 59 Charles.

389 498 1983 153 My heart in the hills, by Charles Hansen … Philadelphia,
583 579 322 58 Dorrance
932 583 58 55 &
1016 597 307 54 company
1352 608 12 44 [
1366 587 19 22 c
1389 580 164 72 1925]

465 670 80 46 205
573 686 41 38 p.
675 670 138 45 front.
878 671 48 44 19½
961 673 46 17 cm
1015 707 8 7 .

392 739 56 55 ©
479 742 120 43 Mar.
632 740 63 52 15,
731 740 129 54 1925;
891 743 66 42 2c.
988 742 113 52 Apr.
1137 742 45 52 1;
1217 742 79 42 aff.
1329 742 113 52 Apr.
1477 740 48 53 7;
1559 742 45 42 A
1634 740 190 55 823637;
1859 742 240 43 Dorrance
2131 742 39 44 &
2198 756 82 38 co.,
2312 741 83 44 inc.

474 797 244 56 (25-8175)

394 899 321 73 Hendryx,
756 900 215 58 James
1008 898 361 75 Beardsley,
1409 902 190 56 1880-

471 993 135 59 Oak
641 994 127 57 and
801 994 159 71 iron,
999 994 69 58 of
1105 992 176 60 these
1317 994 75 59 be
1431 994 105 58 the
1574 995 193 57 breed
1805 994 69 60 of
1910 993 103 59 the
2056 993 223 72 North,
2317 995 82 69 by

391 1071 1985 138 James B. Hendryx … New York & London, G. P. Putnam’s
628 1167 163 55 sons,
822 1150 165 58 1925.

461 1241 58 53 vi,
547 1243 83 45 369
655 1256 40 39 p.
758 1243 51 45 19½
843 1243 48 19 cm
895 1277 10 10 .

395 1308 2000 56 © Apr. 3, 1925; 2c. Apr. 4; aff. Apr. 10; A 823676; J. B. Hendryx, ℅ G. P.
467 1366 233 45 Putnam’s
737 1381 119 38 sons,
892 1367 119 43 New
1043 1367 144 43 York.
1256 1365 244 56 (25-8272)

396 1469 229 71 House,
665 1467 206 60 Elwin
907 1466 277 73 Lincoln,
1224 1470 190 56 1861-

472 1560 159 58 How
672 1564 63 54 to
775 1560 142 58 heal
955 1563 176 54 one’s
1176 1560 121 58 self
1337 1561 126 57 and
1502 1561 230 72 others,
1774 1562 83 71 by
1897 1561 205 58 Elwin
2141 1562 259 59 Lincoln

393 1637 2008 73 House … Introduction by Jason N. Pierce … New
393 1717 190 72 York,
615 1717 271 72 Chicago
935 1719 128 70 [etc.]
1094 1715 290 74 Fleming
1410 1716 78 57 H.
1517 1716 217 58 Revell
1760 1736 308 54 company
2096 1748 13 43 [
2112 1726 18 22 c
2133 1720 164 72 1924]

463 1807 364 55 213 p. 19½ cm .
393 1878 56 54 ©
482 1878 120 54 Sept.
636 1880 63 50 13,
734 1878 130 53 1924;
894 1880 66 42 2c.
992 1879 87 43 and
1111 1879 78 42 aff.
1224 1878 101 44 Oct.
1358 1878 50 52 9;
1443 1879 45 42 A
1519 1878 190 52 808283;
1745 1877 210 55 Fleming
1988 1880 62 43 H.
2084 1878 158 45 Revell
2275 1896 64 29 co.

474 1935 272 56 (24-24153)

394 2035 294 72 Jackson,
727 2033 233 76 Myrtle
1000 2034 245 61 Strode.

470 2128 131 57 The
634 2127 159 73 light
830 2126 67 58 of
929 2127 103 57 the
1068 2146 148 53 ages;
1288 2146 35 37 a
1360 2127 190 71 study
1584 2127 67 57 of
1684 2127 103 58 the
1826 2129 276 58 advance
2137 2130 66 57 of
391 2128 1981 136 spiritual

583 2206 194 72 ideas,
812 2206 66 56 in
913 2205 104 57 the
1053 2224 219 38 course
1308 2204 68 58 of
1408 2204 200 59 which
1647 2205 323 59 Christian
2009 2208 234 58 science
2282 2208 113 58 has

393 2285 337 72 appeared,
782 2284 83 73 by
916 2284 235 71 Myrtle
1205 2283 226 58 Strode
1484 2284 294 58 Jackson.
1869 2284 260 72 Boston,
2183 2286 213 76 Mass.,

392 2364 128 58 The
549 2363 155 57 Zion
733 2361 294 58 research
1055 2361 395 74 foundation,
1481 2363 165 55 1925.

467 2457 114 51 xxii,
606 2457 80 44 499
711 2471 40 38 p.
781 2454 99 45 incl.
911 2455 152 51 front.,
1091 2454 115 44 illus.
1234 2453 191 55 (ports.)
1494 2456 50 42 21
1554 2456 46 18 cm
1607 2489 8 8 .

470 2526 328 54 Bibliography
815 2542 9 28 :
854 2541 40 39 p.
924 2526 206 45 489-491.

393 2598 56 55 ©
476 2600 113 52 Apr.
621 2599 61 53 10,
714 2596 104 47 1925;
873 2598 66 44 2c.
967 2597 87 45 and
1080 2597 79 44 aff.
1189 2597 112 53 Apr.
1334 2598 48 43 13;
1439 2597 45 43 A
1513 2596 162 46 822845;
1733 2598 114 45 Zion
1874 2599 214 45 research
2114 2600 281 46 foundation.

475 2655 244 57 (25-8285)

464 2755 1932 74 … Kansas digest; covering decisions of the Supreme
474 2838 180 55 court
684 2835 66 57 of
783 2834 256 57 Kansas
1075 2834 300 71 reported
1403 2833 68 56 in
1501 2833 256 58 Kansas
1793 2838 269 70 reports,
2096 2835 153 59 vols.
2287 2837 109 57 108

474 2917 63 54 to
571 2915 109 55 115
712 2911 233 58 Pacific
975 2914 308 70 reporter,
1313 2911 154 57 vols.
1502 2910 144 58 193*
1683 2915 64 54 to
1782 2912 142 57 225*
1966 2912 132 57 *in*
2134 2914 66 56 in
2231 2916 165 71 part,

473 2988 1920 75 December, 1920, to April, 1924 … Comp. under the
474 3066 1924 77 American digest classification … v. 7A. [Temporary
477 3147 410 73 supplement]
978 3145 89 59 St.
1116 3144 177 74 Paul,
1343 3144 215 74 Minn.,
1605 3145 179 59 West
1830 3147 366 74 publishing
473 3166 1900 132 company,
696 3227 166 55 1925.

467 3315 60 51 iii,
558 3312 80 46 353
669 3328 40 38 p.
769 3312 57 44 26
830 3315 48 17 cm
883 3347 9 9 .

469 3385 310 52 “Temporary
816 3383 283 52 supplement
1135 3391 48 35 to
1217 3383 181 44 volume
1431 3381 27 45 7
1495 3383 180 44 Kansas
1713 3384 146 52 digest
1897 3384 235 52 published
2169 3387 58 51 by
2262 3402 52 28 us
2352 3388 45 42 in

399 3442 145 45 1921.”

398 3510 54 55 ©
480 3513 99 52 Jan.
613 3511 63 52 16,
709 3508 130 53 1925;
871 3510 65 43 2c.
967 3510 112 51 Apr.
1115 3508 74 53 16;
1224 3509 79 43 aff.
1336 3509 113 51 Apr.
1485 3507 48 45 15;
1592 3509 45 42 A
1668 3508 189 54 823788;
1891 3511 131 44 West
2055 3511 100 52 pub.
2187 3527 66 28 co.

395 3623 432 75 Kaye-Smith,
871 3621 231 60 Sheila.

475 3712 1855 77 The George and the Crown, by Sheila Kaye-Smith …
397 3799 150 56 New
571 3796 191 70 York,
790 3795 73 57 E.
892 3793 68 63 P.
989 3794 241 57 Dutton
1255 3793 49 57 &
1328 3810 305 55 company
1663 3823 12 43 [
1677 3800 18 22 c
1700 3795 165 72 1925]

466 3887 549 55 5 p. l ., 361 p. 19½ cm .
399 3955 54 55 ©
482 3959 112 51 Apr.
625 3957 40 51 8,
698 3953 130 53 1925;
859 3956 65 41 2c.
956 3954 112 51 Apr.
1103 3954 74 51 11;
1209 3953 80 43 aff.
1321 3954 113 52 Apr.
1469 3953 74 52 10;
1577 3954 44 41 A
1650 3953 191 54 823681;
1877 3954 53 47 E.
1966 3957 50 42 P.
2051 3957 178 45 Dutton
2259 3958 37 44 &
2326 3973 66 29 co.

503 4013 195 37 (25-8269)
