2533 4412
1034 4055 110 57 781

87 416 340 73 Ferguson,
470 416 170 59 John
677 416 376 70 Alexander,
1097 418 190 58 1873-

167 505 128 58 The
325 506 199 57 secret
552 506 173 71 road,
752 506 84 74 by
862 505 171 60 John
1060 505 346 72 Ferguson.
1477 504 153 59 New
1655 505 191 71 York,
1875 505 202 74 Dodd,

88 582 186 59 Mead
303 584 123 56 and
455 601 323 55 company,
810 584 166 57 1925.

168 671 826 57 3 p. l., 274 p. 19½ cm . $2.00
90 743 53 54 ©
165 745 119 52 Aug.
307 748 38 47 8,
374 743 129 53 1925;
528 744 65 43 2c.
616 744 119 52 Aug.
763 745 74 52 13;
862 745 80 42 aff.
965 744 120 53 Aug.
1112 744 75 53 12;
1213 744 44 42 A
1281 743 189 53 861392;
1496 744 148 53 Dodd,
1671 744 138 44 Mead
1833 744 39 45 &
1894 759 79 38 co.,
1995 745 88 44 inc.

166 800 270 55 (25-15388)

85 900 241 71 Fisher,
361 899 240 75 Irving,
639 903 189 57 1867-

166 990 161 58 How
350 993 64 55 to
438 990 153 72 live;
621 991 167 57 rules
812 991 106 57 for
941 991 312 58 healthful
1276 990 199 74 living
1497 992 195 57 based
1716 1010 80 39 on
1819 993 261 56 modern

90 1068 255 71 science,
373 1067 366 58 authorized
762 1068 84 72 by
872 1071 123 56 and
1018 1069 318 72 prepared
1357 1068 67 57 in
1450 1068 452 58 collaboration
1928 1068 151 58 with

86 1146 104 58 the
224 1145 288 73 Hygiene
545 1145 321 58 reference
898 1145 198 59 board
1131 1146 68 58 of
1231 1146 103 58 the
1365 1146 145 59 Life
1544 1146 326 59 extension
88 1146 1967 155 institute,

265 1223 1744 74 inc., by Irving Fisher … and Eugene Lyman Fisk …
88 1302 145 59 18th
260 1302 111 72 ed.,
400 1301 371 72 completely
798 1321 126 38 rev.
993 1301 152 58 New
1169 1301 175 58 York
1371 1303 124 57 and
1518 1302 281 73 London,
1825 1302 183 57 Funk
2031 1303 51 57 &

85 1380 326 73 Wagnalls
446 1397 322 54 company,
840 1380 128 56 1925.

160 1459 160 53 xxviii,
358 1457 80 46 513
475 1473 41 39 p.
553 1458 101 44 incl.
693 1458 130 53 illus.,
862 1458 157 44 tables,
1081 1457 152 52 front.,
1270 1460 155 52 plates,
1463 1465 154 48 ports.,
1654 1459 168 53 diagrs.
1849 1460 47 53 (1
1940 1459 136 55 fold.)

93 1517 49 46 19½
178 1519 46 18 cm
232 1551 7 8 .

162 1571 215 47 Contains
409 1570 347 46 “References”.

88 1641 53 54 ©
169 1643 107 52 July
303 1645 40 48 8,
375 1640 103 44 1925
495 1656 9 35 ;
535 1642 64 43 2c.
627 1642 89 43 and
746 1641 78 43 aff.
855 1641 119 53 Aug.
1005 1643 49 51 3;
1087 1641 45 43 A
1162 1640 189 55 861270;
1385 1641 134 45 Funk
1546 1643 39 45 &
1613 1643 240 53 Wagnalls
1883 1658 69 30 co.
2015 1642 68 55 [©

155 1698 143 45 entire
330 1698 211 53 revision]
611 1696 272 55 (25-15249)

84 1797 187 72 Friel,
311 1797 244 58 Arthur
598 1796 214 76 Olney,
855 1799 146 57 1885–

86 1881 1966 158 Hard wood, by Arthur O . Friel … jacket and frontispiece
293 1967 84 74 by
411 1967 73 56 R.
521 1966 61 58 J.
625 1965 345 59 Cavaliere.
1047 1948 459 92 Philadelphia,
1544 1966 130 59 The
1713 1967 177 58 Penn
83 1969 1971 149 publishing

351 2064 322 53 company,
710 2045 167 57 1925.

161 2125 81 44 333
284 2139 40 39 p.
386 2123 137 45 front.
586 2125 51 44 19½
670 2126 47 18 cm
724 2159 9 9 .

86 2179 53 54 ©
163 2180 107 54 July
299 2179 64 52 15,
389 2179 130 53 1925;
546 2180 64 43 2c.
635 2181 87 42 and
747 2180 79 43 aff.
852 2179 120 52 Aug.
1003 2180 74 51 11;
1104 2179 44 42 A
1174 2177 190 55 864173;
1395 2180 126 43 Penn
1547 2180 102 53 pub.
1675 2195 66 29 co.

165 2235 270 57 (25-15390)

83 2334 301 73 Gardner,
427 2335 185 73 John,
656 2336 147 58 1868–

163 2426 341 57 Evolution
545 2427 123 56 and
710 2423 425 73 redemption;
1178 2445 36 37 a
1255 2425 298 72 religious
1596 2427 228 70 appeal
1865 2429 65 55 to
1972 2427 104 58 the

85 2502 1993 75 modern mind, by John Gardner, D. D. New York, George
86 2583 79 59 H.
191 2582 217 59 Doran
434 2600 306 54 company
766 2609 12 45 [
781 2589 18 22 c
803 2581 164 74 1925]

165 2661 733 53 viii p., 2 l., 13-192 p. 19½ cm .
87 2717 53 54 ©
169 2719 106 52 July
309 2717 62 52 15,
404 2716 131 53 1925;
565 2718 66 42 2c.
661 2716 89 44 and
777 2717 81 43 aff.
889 2716 107 53 July
1024 2715 79 53 20;
1136 2716 45 43 A
1211 2714 190 54 855954;
1436 2715 179 54 George
1645 2717 63 43 H.
1740 2716 159 45 Doran
1929 2731 68 31 co.

165 2772 271 58 (25-15537)

84 2872 327 73 Garesché,
455 2870 276 59 Edward
769 2868 282 71 Francis,
1094 2872 148 58 1876–

162 2963 129 57 The
321 2960 306 74 patient’s
656 2960 190 71 book;
877 2959 299 73 thoughts
1207 2960 67 57 of
1305 2959 199 72 cheer,
1537 2960 406 77 consolation,
88 2981 1966 132 encouragement

566 3040 123 56 and
723 3037 415 58 information
1172 3037 105 58 for
1311 3037 103 58 the
1456 3037 144 72 sick,
1639 3039 338 72 especially
2010 3039 69 58 in

87 3114 1990 76 hospitals. By Edward F. Garesché … Milwaukee, Wis.,
91 3197 127 60 The
251 3195 281 60 Catholic
559 3193 280 73 hospital
868 3192 395 73 association,
1297 3193 166 57 1925.

165 3276 93 52 viii,
289 3274 75 46 151
391 3290 42 38 p.
495 3275 50 43 14
550 3275 47 18 cm
605 3308 9 9 .

89 3330 53 54 ©
169 3333 116 51 June
310 3331 40 52 4,
381 3329 129 52 1925;
538 3330 65 42 2c.
632 3330 116 51 June
775 3328 78 52 29;
884 3329 80 43 aff.
991 3328 108 52 July
1124 3327 80 53 28;
1235 3328 44 42 A
1308 3326 190 54 861231;
1529 3327 53 48 E.
1613 3328 51 45 F.
1696 3328 243 54 Garesché,
158 3329 1901 103 Milwaukee.

423 3384 270 56 (25-15536)

86 3485 214 72 Goold,
340 3483 308 60 Marshall
684 3483 75 58 N.

169 3575 179 60 Saint
404 3574 294 71 Claudia;
749 3593 39 38 a
841 3573 299 73 religious
1194 3573 221 57 drama
1471 3573 112 73 [by]
1641 3574 309 59 Marshall
2000 3575 74 57 N.

92 3654 229 71 Goold;
345 3653 151 57 with
523 3671 80 37 an
625 3650 427 59 introduction
1078 3650 83 72 by
1186 3650 154 56 Mrs.
1366 3649 76 57 A.
1471 3649 186 59 Starr
1679 3651 173 75 Best,
89 3654 1965 151 drawings

91 3726 1962 157 by F. Liley Young … Boston, Chicago, The Pilgrim press [ c 1925]
162 3890 96 51 xiii,
292 3888 52 44 62
377 3903 39 38 p.
477 3886 152 53 front.,
661 3884 131 52 illus.,
825 3885 156 54 plates.
1044 3885 49 43 19
1099 3885 47 18 cm
1153 3919 9 8 .

92 3942 53 54 ©
170 3945 107 52 July
300 3944 65 50 28,
396 3942 131 52 1925;
552 3942 66 42 2c.
645 3942 85 42 and
757 3941 79 43 aff.
863 3941 119 51 Aug.
1011 3938 48 53 7;
1089 3939 44 42 A
1158 3939 190 52 861329;
1381 3938 166 55 Sidney
1575 3941 56 43 A.
1659 3942 207 53 Weston,
1895 3942 184 45 Boston,

193 3998 245 48 (25-15243)
