2533 4412
1321 3997 152 56 1664

386 331 207 73 Steep,
629 330 289 58 Thomas.

465 420 266 59 Chinese
775 421 360 74 fantastics,
1178 422 84 72 by
1305 422 273 58 Thomas
1627 422 207 73 Steep.
1921 424 152 57 New
2114 424 176 57 York
2334 427 57 55 &

384 499 280 72 London,
701 499 130 57 The
869 498 283 73 Century
1185 518 86 39 co.
1313 531 13 43 [
1327 507 20 23 c
1350 501 166 74 1925]

452 590 93 51 viii,
576 589 94 51 222,
749 612 11 30 [1]
796 603 40 38 p.
897 589 138 44 front.
1095 590 52 42 21½
1186 592 47 17 cm
1240 625 8 8 .
1363 588 128 55 $2.00

385 657 2009 57 © Sept. 30, 1925; 2c. Oct. 2; aff. Nov. 28; A 875305; T. Steep, ℅ N. Y.
453 715 157 44 herald
643 715 191 53 tribune,
870 715 117 45 New
1020 717 142 43 York.
1234 716 272 55 (26-26036)

386 815 199 73 Stose,
626 815 242 73 George
906 814 229 74 Willis,
1177 818 192 58 1869-

528 906 1865 77 … Mineral resources of Adams County, Pennsylvania,
386 984 2008 75 by George W. Stose … done in cooperation with the
382 1064 238 59 United
657 1063 215 60 States
910 1063 361 75 Geological
1307 1082 247 55 survey.
1636 1064 435 75 [Harrisburg,
2107 1066 131 74 Pa.]
386 1067 1984 147 Department

750 1142 70 59 of
858 1143 240 61 forests
1142 1144 124 57 and
1305 1145 251 71 waters,
1601 1144 446 73 Topographic
2089 1146 125 57 and
384 1164 1986 131 geologic
573 1240 233 54 survey
836 1251 13 44 [
850 1229 21 23 c
874 1222 166 74 1925]

455 1314 53 43 64
541 1328 41 38 p.
644 1313 126 44 front.
810 1312 123 54 (fold.
983 1313 128 53 map)
1157 1313 129 51 illus.,
1321 1312 81 45 col.
1438 1311 158 55 plates,
1630 1313 145 53 diagr.
1835 1314 53 43 23
1896 1315 47 18 cm
1951 1348 8 8 .
2029 1311 372 55 (Pennsylvania.

387 1373 301 51 Department
715 1370 50 44 of
793 1371 167 43 forests
988 1372 87 42 and
1104 1378 180 36 waters.
1346 1369 201 45 Bulletin
1577 1369 38 46 C
1645 1372 34 49 1,
1709 1380 60 44 pt.
1846 1370 17 53 II)

458 1431 65 44 At
548 1430 116 45 head
689 1429 52 46 of
768 1428 97 46 title:
925 1428 338 54 Pennsylvania
1291 1428 253 54 geological
1573 1444 177 38 survey,
1780 1429 157 45 fourth
1968 1429 151 44 series.

385 1485 53 55 ©
470 1486 122 54 Sept.
625 1488 62 49 11,
722 1484 130 54 1925;
883 1487 65 42 2c.
980 1487 87 43 and
1096 1487 80 42 aff.
1205 1487 110 42 Dec.
1344 1487 79 51 31;
1457 1487 44 42 A
1529 1485 191 54 875676;
1755 1486 171 44 Robert
1958 1487 55 44 Y.
2050 1486 170 52 Stuart,
456 1501 1919 95 secretary,
604 1544 301 51 Department

935 1542 51 44 of
1018 1542 167 44 forests
1218 1543 89 43 and
1338 1551 167 35 waters
1539 1543 73 44 for
1645 1543 75 44 the
1753 1543 381 44 commonwealth
2166 1543 50 45 of
456 1544 1922 110 Pennsylvania,
705 1599 305 53 Harrisburg,
1044 1600 78 43 Pa.
1193 1597 244 56 (26-2625)

388 1699 286 73 Thérive,
707 1699 235 61 André.

533 1789 1715 74 … La revanche, roman. Paris, B. Grasset, 1925.
455 1869 84 45 212
558 1883 42 40 p.
664 1868 53 45 19
722 1871 48 18 cm
775 1903 10 9 .

385 1924 1815 56 © Oct. 15, 1925; 1c. Dec. 18; A—Foreign 29473; Bernard Grasset.
465 1984 244 55 (26-3128)

387 2083 234 74 Valier,
652 2084 170 58 Max.

463 2179 129 58 Der
620 2181 287 55 vorstoss
936 2179 66 56 in
1030 2180 120 57 den
1176 2177 440 71 weltenraum;
1648 2176 134 59 eine
388 2173 2011 156 wissenschaftlich-gemeinverständliche

1136 2255 437 73 betrachtung,
1610 2274 124 38 von
1774 2254 151 57 Max
1959 2254 235 58 Valier.
2280 2255 119 56 Mit
388 2337 71 55 35
512 2331 575 75 textabbildungen.
1170 2334 53 54 4.
1277 2331 139 57 aufl.
1500 2332 311 58 München
1860 2334 130 57 und
2036 2333 239 71 Berlin,
2324 2334 70 55 B.

389 2412 422 73 Oldenbourg,
841 2412 167 57 1924.

458 2493 54 43 94
537 2505 40 37 p.
640 2489 131 50 illus.,
800 2489 170 52 diagrs.
1026 2488 57 46 23
1089 2490 49 19 cm
1143 2523 10 9 .

388 2540 1954 57 © Nov. 12, 1924; 1c. Mar. 19, 1925; A— Foreign 27189; R. Oldenbourg.
466 2600 244 56 (26-3704)

389 2699 333 74 Williams,
762 2699 309 75 Whiting,
1113 2703 190 56 1878-

466 2791 1935 75 Mainsprings of men, by Whiting Williams … New
387 2870 175 59 York
611 2872 130 72 [etc.]
776 2870 64 60 C.
877 2869 357 60 Scribner’s
1269 2888 145 42 sons
1451 2900 13 43 [
1464 2879 20 21 c
1488 2871 166 72 1925]

457 2947 1062 54 vi p., 3 l., 3-313 p. front., plates. 21 cm .
461 3005 329 46 “References”
816 3013 46 36 at
888 3007 85 44 end
997 3007 52 44 of
1072 3006 111 44 each
1206 3004 203 52 chapter.

390 3059 54 54 ©
476 3062 119 43 Nov.
627 3059 69 53 27,
733 3059 131 54 1925;
898 3061 66 42 2c.
1001 3060 109 43 Dec.
1149 3059 75 53 17;
1262 3060 78 43 aff.
1379 3061 110 42 Dec.
1524 3059 50 52 8;
1611 3059 45 43 A
1692 3058 189 53 875521;
1922 3058 188 45 Charles
2150 3058 250 48 Scribner’s

460 3132 118 29 sons.
648 3116 244 55 (26-1168)

390 3215 283 74 Wissler,
713 3215 210 74 Clark,
961 3218 192 58 1870-

538 3305 1862 74 … Adventurers in the wilderness, by Clark Wissler,
389 3382 350 60 Constance
784 3384 284 72 Lindsay
1114 3384 289 70 Skinner,
1443 3382 283 59 William
1767 3383 221 58 Wood.
2074 3383 154 58 New
386 3383 1987 151 Haven,
549 3462 157 57 Yale

731 3462 357 72 university
1113 3479 215 54 press;
1358 3464 151 70 [etc.,
1537 3464 130 71 etc.]
1697 3462 166 57 1925.

461 3537 1938 58 3 p. l., 369 p. front., illus. (incl. ports., maps) 26 cm . (The pageant of
390 3597 481 54 America, [vol. I] )
462 3656 214 52 “Liberty
703 3655 90 44 bell
818 3655 211 45 edition.”

463 3711 125 44 “The
627 3710 164 54 liberty
829 3710 88 45 bell
957 3711 167 45 edition
1163 3711 52 45 of
1253 3710 111 45 ‘The
1403 3720 194 44 pageant
1633 3711 53 44 of
1725 3709 244 52 America’,
2009 3711 74 45 the
2121 3710 100 44 first
2260 3719 45 35 to
2345 3712 53 42 be

391 3768 191 54 printed,
622 3766 37 46 is
699 3767 173 46 limited
910 3778 50 36 to
999 3765 121 55 1,500
1160 3768 292 53 impressions
1492 3783 59 30 on
1591 3783 136 39 paper
1767 3767 235 54 expressly
2041 3769 129 43 made
2211 3767 74 44 for
2324 3767 73 43 the

390 3824 170 46 work.”
620 3824 116 45 This
764 3840 114 38 copy
904 3835 78 35 not
1007 3826 261 43 numbered.

392 3880 54 54 ©
479 3883 109 42 Dec.
618 3881 68 51 28,
722 3880 131 54 1925;
884 3883 65 42 2c.
982 3883 87 42 and
1101 3882 80 43 aff.
1214 3882 109 43 Dec.
1357 3881 78 52 30;
1470 3882 44 42 A
1547 3880 189 53 879048;
1772 3881 117 44 Yale
1919 3880 251 53 university
2204 3895 137 38 press.

472 3937 243 55 (26-1142)
