2533 4412
1368 4090 112 56 744

410 416 362 74 Vollintine,
811 419 218 60 Grace.

409 511 1978 139 The making of America, by Grace Vollintine … illustrated
649 592 84 72 by
763 591 343 59 Frederick
1134 591 74 57 N.
1241 590 261 59 Wilson.
1585 591 258 72 Boston,
1875 591 153 58 New
2056 591 174 57 York
2281 594 129 70 [etc.]

410 667 166 60 Ginn
602 671 125 57 and
753 687 308 54 company
1128 668 164 73 [c1925]

478 759 61 53 ix,
567 759 86 48 270
676 775 41 37 p.
744 761 102 45 incl.
876 761 156 50 front.,
1058 760 120 45 illus.
1285 774 94 37 maps.
1443 761 52 45 19½
1527 762 48 19 cm
1582 797 8 9 .

485 830 182 48 “Books
715 831 77 45 for
835 831 77 45 the
955 832 140 51 grade
1141 829 387 54 reading-shelf”:
1576 844 40 39 p.
1664 828 95 49 257.
1820 829 280 49 “Reference
2147 832 143 46 books
2338 830 76 48 for

409 887 260 47 teachers”:
699 902 41 38 p.
768 885 97 49 258.

412 955 54 54 ©
493 958 116 52 June
636 956 67 51 26,
739 954 130 54 1925;
899 956 65 44 2c.
994 956 87 43 and
1109 956 79 44 aff.
1218 956 107 53 July
1357 957 75 51 13;
1463 956 44 43 A
1540 953 190 56 855845;
1765 955 51 45 G.
1847 956 264 53 Vollintine,
2145 955 214 55 Chicago.

492 1011 271 57 (25-12756)

410 1113 284 71 Weaver,
737 1114 162 58 Paul
934 1113 187 59 John.

557 1204 1861 73 … Great composers, 1600-1900, by Paul John Weaver,
411 1283 214 58 issued
671 1284 82 71 by
798 1283 105 58 the
946 1282 325 59 Women’s
1321 1283 137 57 club
1506 1283 235 57 section
1789 1283 67 58 of
1903 1284 103 57 the
2052 1284 254 58 Bureau
2352 1284 68 59 of

409 1361 212 71 public
652 1361 368 58 discussion.
1109 1359 238 73 Chapel
1375 1361 153 73 Hill,
1559 1361 73 57 N.
1670 1359 84 74 C.,
1788 1362 129 57 The
1946 1361 375 75 University
2352 1363 68 59 of

408 1440 208 59 North
651 1438 300 61 Carolina
981 1459 183 54 press
1200 1441 183 74 [1925]

485 1532 67 54 39,
574 1534 53 52 [1]
648 1548 39 38 p.
739 1533 54 44 23
801 1534 47 18 cm
855 1568 8 9 .
926 1530 199 56 ([North
1146 1529 228 48 Carolina.
1426 1531 283 55 University]
1765 1532 269 54 University
2051 1535 239 44 extension
411 1534 1988 100 division.

583 1588 270 55 University
877 1589 55 45 of
958 1589 154 45 North
1142 1589 219 45 Carolina
1386 1589 237 45 extension
1648 1589 202 45 bulletin,
1914 1591 101 54 [vol.
2097 1627 11 16 IV,
2133 1602 72 34 no.
2236 1594 93 53 13])

484 1662 74 43 “A
581 1676 159 30 course
765 1662 51 44 of
839 1662 134 53 study
1000 1661 77 44 for
1099 1659 144 46 music
1267 1661 171 45 clubs.”

412 1735 54 54 ©
496 1737 113 51 May
641 1737 36 51 1,
710 1733 130 54 1925;
871 1736 65 43 2c.
969 1736 113 51 May
1113 1735 76 51 13;
1221 1735 79 44 aff.
1335 1735 112 52 May
1480 1734 75 53 19;
1588 1735 44 43 A
1662 1732 190 55 855268;
1884 1734 269 55 University
2183 1736 52 45 of
2264 1736 153 45 North

485 1792 216 45 Carolina
733 1806 139 39 press.
942 1789 272 57 (25-12741)

411 1891 306 73 Webster,
758 1892 197 72 Noah,
999 1893 360 58 1758–1843.

486 1986 354 60 Webster’s
928 1985 623 74 elementary-school
1638 1986 386 73 dictionary;
2112 1987 305 72 abridged

409 2067 169 57 from
616 2064 356 60 Webster’s
1010 2084 137 38 new
1184 2063 456 59 international
1678 2063 373 71 dictionary,
2094 2066 111 56 900
412 2065 1976 135 illustrations.

787 2142 154 58 New
993 2141 191 71 York,
1245 2139 357 61 Cincinnati
1660 2143 146 71 [etc.]
1863 2139 334 60 American
2252 2144 162 57 book

411 2239 337 55 company;
785 2218 403 75 Springfield,
1218 2219 215 70 Mass.,
1466 2220 69 59 G.
1571 2220 47 57 &
1651 2217 64 61 C.
1749 2218 305 58 Merriam
2085 2238 86 40 co.
2210 2251 13 42 [
2226 2227 17 21 c
2248 2221 148 56 1925]

480 2313 92 53 xvi,
609 2313 80 46 710
723 2328 41 38 p.
824 2313 117 44 illus.
1002 2311 55 45 20
1062 2312 48 19 cm
1115 2345 10 10 .

412 2382 55 54 ©
495 2383 108 53 July
630 2383 37 52 9,
701 2379 130 55 1925;
861 2381 65 43 2c.
955 2381 88 44 and
1068 2380 82 43 aff.
1179 2379 108 54 July
1318 2381 75 50 11;
1426 2379 44 43 A
1499 2379 190 53 861066;
1723 2378 52 46 G.
1807 2380 37 44 &
1876 2378 48 46 C.
1958 2379 226 45 Merriam
2211 2396 66 29 co.

493 2438 271 56 (25-13430)

412 2538 236 73 Welch,
688 2539 140 73 Roy
866 2536 364 61 Dickinson.

493 2632 129 57 The
666 2631 190 72 study
894 2630 67 58 of
999 2629 203 58 music
1238 2628 65 58 in
1343 2629 105 58 the
1489 2628 339 59 American
1869 2630 249 74 college,
2159 2632 83 72 by
2281 2633 141 71 Roy

413 2707 2006 76 Dickinson Welch … Northampton, Mass., Smith college,
411 2791 166 56 1925.

486 2876 1934 58 4 p. l., 116 p., 1 l. 25 cm . (Half-title: Smith college fiftieth anniversary
410 2935 315 56 publications.
789 2959 55 31 [v.
896 2936 41 55 1])

415 3008 54 54 ©
503 3011 115 51 June
657 3010 63 51 12,
759 3007 130 54 1925;
924 3009 67 42 2c.
1027 3009 87 42 and
1150 3009 79 42 aff.
1266 3009 114 52 June
1416 3006 78 54 26;
1532 3007 44 43 A
1612 3007 189 53 829868;
1843 3009 53 42 R.
1934 3008 57 44 D.
2028 3006 177 55 Welch,
486 3007 1909 112 Northampton,
714 3067 143 43 Mass.
927 3063 271 56 (25-12740)

413 3164 276 75 Weston,
727 3166 258 73 George,
1024 3167 191 58 1880-

493 3258 1922 76 The beauty prize, by George Weston … New York,
414 3340 201 71 Dodd,
651 3340 188 56 Mead
868 3340 124 57 and
1023 3355 323 56 company,
1378 3336 166 61 1925.

483 3415 548 54 4 p. l., 275 p. 19½ cm .
417 3469 54 55 ©
501 3472 114 51 June
646 3471 66 51 20,
747 3469 130 53 1925;
909 3470 65 43 2c.
1005 3469 108 54 July
1147 3471 45 51 1;
1228 3470 79 44 aff.
1369 3483 89 30 June
1487 3469 77 52 30;
1599 3469 44 43 A
1675 3468 189 53 861090;
1903 3467 50 47 G.
1987 3470 205 50 Weston,
2227 3468 190 51 Packer,

488 3527 140 45 Conn.
697 3525 272 56 (25-12850)

414 3626 276 70 Whitell,
727 3625 260 76 Evelyn.

493 3718 1851 76 The builder’s crown of jewels, by Evelyn Whitell …
414 3802 124 57 Los
571 3800 288 73 Angeles,
892 3802 130 58 The
1050 3800 244 57 Master
1319 3817 202 54 press,
1551 3798 165 57 1925.

486 3877 616 54 2 p. l., [7]-142 p. 20 cm .
417 3926 1999 61 © July 10, 1925; 2c. and aff. July 20; A 855961; E. Whitell, ℅ Master
489 3990 122 43 mind
642 3988 100 54 pub.
773 4004 81 37 co.,
885 3988 89 43 Los
1006 3987 216 53 Angeles.
1291 3984 272 57 (25-13521)
