2533 4412
1081 4082 107 55 605

135 422 268 72 Kessler,
443 424 255 72 George,
739 426 187 58 1878-

210 514 282 59 Outlines
527 513 67 60 of
628 513 191 58 social
856 512 254 72 science,
1145 536 36 37 a
1215 511 458 61 co-ordination
1708 517 124 56 and
133 508 1968 147 consolidation
382 592 68 57 of
482 591 105 59 the
620 592 231 57 results
888 591 69 58 of
992 590 239 59 studies
1268 590 64 56 in
1366 591 104 59 the
1504 589 147 59 field
1686 590 68 58 of
1790 590 335 73 sociology,

133 668 342 60 economics
502 668 123 58 and
649 668 281 74 political
958 668 254 71 science,
1241 691 39 38 a
1303 668 333 59 handbook
1659 671 124 56 and
1808 668 185 74 guide
2022 669 103 57 for

131 741 1993 80 teachers and students, by George Kessler … Lacey,
129 824 233 73 Wash.,
393 825 129 58 The
553 823 247 74 College
827 824 175 75 print
1031 824 173 74 shop,
1226 823 90 61 St.
1337 823 300 60 Martin’s
1667 824 231 73 college
1920 852 14 45 [
1936 833 19 21 c
1959 824 165 74 1925]

200 916 555 55 3 p. l., 412 p. 23½ m .
202 988 316 48 “Literature”
546 994 47 40 at
620 988 253 55 beginning
901 988 54 44 of
982 988 111 44 each
1123 988 201 54 chapter.

131 1056 53 55 ©
216 1060 112 51 May
357 1058 66 52 23,
459 1056 129 53 1925;
619 1060 65 41 2c.
717 1060 111 51 May
857 1059 79 53 29;
971 1060 79 44 aff.
1083 1060 111 52 May
1223 1058 78 53 28;
1336 1060 45 42 A
1413 1060 188 52 829430;
1639 1060 51 45 G.
1724 1061 203 52 Kessler,
1961 1061 160 53 Lacey,

201 1115 157 44 Wash.
428 1113 269 57 (25-10398)

134 1227 279 75 Kipling,
461 1228 318 74 Rudyard,
827 1231 189 57 1865-

208 1324 59 56 A
295 1322 203 58 choice
532 1323 68 58 of
629 1341 206 54 songs,
863 1324 84 72 by
974 1324 307 72 Rudyard
1309 1324 282 73 Kipling.
1676 1325 251 60 Garden
1961 1326 160 73 City,

133 1401 72 58 N.
234 1400 91 73 Y.,
354 1401 383 72 Doubleday,
764 1401 172 73 Page
962 1401 48 57 &
1035 1419 322 56 company,
1387 1402 166 58 1925.

204 1495 53 48 [4]
283 1507 43 38 p.
385 1493 53 44 20
445 1495 47 18 cm
497 1530 10 10 .

205 1565 155 44 Poem.

131 1628 55 55 ©
220 1632 113 51 May
364 1631 69 51 28,
470 1628 131 55 1925;
635 1631 66 42 2c.
736 1631 89 42 and
858 1630 80 44 aff.
974 1631 118 52 June
1128 1632 48 50 1;
1211 1631 45 42 A
1293 1631 190 54 829444;
1522 1634 53 42 R.
1613 1632 204 55 Kipling,
1854 1635 271 54 Bateman’s,

203 1686 235 53 Burwash,
475 1685 184 53 Sussex,
695 1685 222 55 England.
986 1686 270 55 (25-10505)

133 1807 235 70 Krohn,
401 1812 151 56 Mrs.
591 1807 339 74 Josephine
973 1807 279 75 (Elliott)

211 1899 118 59 Old
356 1898 175 72 King
559 1898 146 59 Cole
735 1899 123 57 and
888 1898 178 58 other
1094 1898 320 60 mediæval
1441 1901 201 74 plays,
1672 1903 82 72 by
1782 1904 344 76 Josephine

133 1976 223 59 Elliott
382 1976 256 71 Krohn;
664 1975 152 58 with
842 1993 82 40 an
947 1975 429 60 introduction
1401 1981 84 70 by
1503 1978 348 63 Constance
1869 1983 259 74 D’Arcy

135 2055 265 70 Mackay
442 2053 123 58 and
609 2053 255 72 general
903 2055 179 57 notes
1127 2073 79 38 on
1247 2055 375 73 production
1664 2059 83 72 by
1792 2060 163 62 Cora
2002 2063 127 57 Mel

135 2133 244 57 Patten.
463 2132 151 56 New
644 2131 189 72 York,
871 2130 239 72 George
1141 2133 79 55 H.
1253 2133 218 57 Doran
1504 2153 306 56 company
1845 2166 14 45 [
1861 2146 20 22 c
1883 2139 148 60 1925]

203 2219 1926 64 xiv p., 1 l., [17]-208 p. 19½ cm . (Lettered on cover: The Drama league
133 2278 160 54 junior
319 2278 106 54 play
453 2276 167 56 series)

204 2349 226 47 Contains
454 2348 161 45 music.

535 2418 93 47 CONTENTS.—Old
656 2420 127 52 King
812 2417 285 48 Cole.—The
1124 2436 145 38 queen
1298 2423 53 43 of
1378 2423 350 58 hearts.—Sing
1753 2446 25 27 a
1807 2443 117 39 song
1952 2430 54 44 of
133 2425 1975 112 sixpence.—Simple
554 2476 174 48 Simon.

134 2547 55 54 ©
218 2549 111 53 May
356 2549 68 51 22,
456 2546 128 55 1925;
615 2548 64 43 2c.
709 2548 87 43 and
823 2548 79 44 aff.
931 2549 118 53 June
1081 2551 45 50 1;
1158 2551 43 41 A
1232 2548 188 56 855496;
1457 2552 176 55 George
1664 2556 63 43 H.
1759 2557 158 44 Doran
1947 2574 66 31 co.

213 2604 268 57 (25-10874)

137 2706 89 56 La
265 2707 204 69 Porte,
509 2703 280 61 William
826 2705 223 74 Ralph.

280 2791 1845 87 … A handbook of games and programs for church,
138 2867 1989 79 school, and home, by William Ralph La Porte … Rev.
138 2947 89 60 ed.
310 2949 152 57 New
484 2946 189 74 York,
702 2946 372 73 Cincinnati,
1102 2950 128 57 The
1254 2949 336 75 Abingdon
1615 2972 181 54 press
1825 2985 14 43 [
1843 2966 18 21 c
1863 2959 164 73 1925]

210 3027 79 42 124
323 3040 40 38 p.
424 3025 153 52 front.,
614 3024 155 54 plates.
828 3024 54 43 20
889 3026 47 19 cm
941 3060 10 9 .
1019 3024 125 54 (The
1182 3026 247 55 Abingdon
1468 3029 214 53 religious
1721 3033 237 46 education
1996 3044 134 45 texts,

138 3082 58 44 D.
223 3082 52 44 G.
302 3083 217 50 Downey,
544 3080 183 55 general
753 3081 157 55 editor,
938 3081 53 49 G.
1017 3082 64 43 H.
1108 3083 140 53 Betts,
1274 3085 223 44 associate
1519 3085 172 57 editor)

208 3138 351 53 Bibliography:
589 3153 40 37 p.
666 3138 202 43 118-120.

138 3193 53 56 ©
230 3196 111 53 May
374 3195 66 54 26,
479 3193 129 54 1925;
645 3196 65 43 2c.
747 3196 87 43 and
870 3194 78 46 aff.
986 3196 114 52 June
1136 3196 50 53 6;
1225 3197 43 44 A
1306 3196 190 56 829559;
1536 3202 74 43 W.
1649 3203 52 43 R.
1741 3206 67 48 La
1845 3206 151 53 Porte,
2037 3208 89 44 Los

205 3253 214 53 Angeles.
483 3249 67 56 [©
582 3253 208 52 revision]
861 3250 269 57 (25-10825)

139 3351 275 74 Lerrigo,
456 3353 183 56 Peter
681 3352 59 56 H
1053 3352 40 58 J
1407 3357 190 57 1875-

218 3444 207 62 God’s,
450 3440 349 74 dynamite;
839 3461 89 53 or,
969 3442 330 75 Changing
1336 3468 36 36 a
1407 3446 200 60 world
1640 3449 84 71 by
1759 3470 252 55 prayer,
2049 3457 83 71 by

141 3517 1989 80 P. H. J. Lerrigo … a mission study book for adults and
138 3617 210 55 young
387 3597 251 74 people;
680 3597 207 59 edited
923 3598 85 71 by
1044 3598 102 59 the
1187 3599 414 73 Department
1644 3605 68 57 of
1748 3607 384 76 missionary

142 3674 346 72 education,
527 3675 215 57 Board
782 3674 67 58 of
890 3675 330 59 education
1262 3677 68 58 of
1369 3680 104 57 the
1514 3681 320 60 Northern
1874 3686 256 75 Baptist

141 3749 1990 87 convention … Philadelphia, Boston [etc.] The Judson
138 3851 181 54 press
351 3862 12 42 [
364 3839 19 21 c
388 3831 162 72 1925]

212 3906 782 58 5 p. l., 3-184 p. plates. 20 cm .
142 3965 53 55 ©
221 3968 112 51 May
362 3964 62 49 15.
454 3963 128 53 1925;
609 3965 64 43 2c.
700 3966 86 42 and
811 3966 79 42 aff.
919 3966 110 52 May
1055 3966 78 51 28;
1161 3967 43 41 A
1233 3966 187 55 829412;
1450 3971 176 52 Judson
1649 3988 139 38 press.

220 4021 269 56 (25-10403)
