2533 4412
1048 4048 110 56 949

109 403 255 73 Rogers,
405 403 203 72 Allen,
652 408 189 56 1876-
998 406 90 58 ed.

182 494 351 57 Industrial
578 494 368 73 chemistry;
995 515 35 37 a
1075 497 255 56 manual
1373 495 105 58 for
1525 496 103 58 the
1677 498 252 56 student
1976 499 123 56 and

103 571 1996 74 manufacturer, edited by Allen Rogers … in collaboration
104 648 150 57 with
282 649 256 58 Jerome
567 649 377 72 Alexander,
975 650 236 71 Jasper
1242 650 73 57 E.
1351 649 222 74 Orane,
1603 652 301 57 Frederic
104 652 1971 131 Dannerth

337 726 1760 75 [and others] … 4th ed., total issue—twenty-one
103 803 330 58 thousand.
499 803 153 57 New
673 803 189 74 York,
888 804 74 57 D.
989 805 142 57 Van
1154 804 325 59 Nostrand
1503 824 322 57 company,
1853 808 167 56 1925.

172 898 81 37 xx,
283 882 104 44 1267
412 899 39 37 p.
512 881 129 52 illus.,
668 883 166 53 diagrs.
863 883 124 53 (part
1017 883 134 53 fold.)
1218 884 53 42 24½
1308 886 46 17 cm
1360 918 10 9 .
1484 883 124 55 $8.00

178 939 326 53 Bibliography
527 947 46 35 at
595 940 85 42 end
702 939 51 44 of
778 954 122 29 some
924 940 50 43 of
997 940 74 44 the
1095 940 222 52 chapters.

108 994 53 53 ©
190 995 106 52 July
322 995 69 52 27,
423 993 128 53 1925;
583 995 64 43 2c.
676 995 87 43 and
793 996 78 42 aff.
905 995 120 53 Sept.
1061 997 44 51 1;
1139 996 43 42 A
1212 996 189 52 864391;
1435 997 55 43 D.
1523 997 103 43 Van
1659 998 235 45 Nostrand
1924 1013 67 29 co.

187 1050 270 56 (25-17135)

109 1133 345 72 Roosevelt,
490 1135 336 68 Theodore,
859 1155 160 53 pres.
1058 1136 71 58 U.
1161 1137 49 58 S.

187 1214 128 56 The
339 1214 204 56 works
573 1214 67 56 of
665 1214 322 56 Theodore
1009 1214 350 57 Roosevelt.
1427 1214 331 58 Memorial
1778 1216 91 57 ed.
1933 1235 58 38 v.
2013 1217 91 61 19,

111 1291 227 75 [Social
372 1290 226 72 justice
638 1291 123 56 and
796 1291 269 70 popular
1104 1292 164 70 rule;
1311 1311 235 53 essays,
1586 1293 353 73 addresses,
1981 1294 124 57 and

107 1368 207 72 public
353 1370 367 56 statements
760 1368 274 72 relating
1069 1372 63 54 to
1170 1370 103 56 the
1312 1369 402 73 progressive
1751 1374 352 54 movement

118 1445 397 73 (1910-1916)
591 1446 153 57 New
769 1446 188 71 York,
994 1445 258 59 Charles
1286 1447 355 59 Scribner’s
1675 1468 164 53 sons,
1870 1450 164 72 1925]

275 1521 801 55 XXV, 578 p. front. (port.) 24½ cm .
177 1579 267 52 Half-title;
476 1578 107 44 each
611 1579 182 43 volume
818 1579 81 43 has
927 1579 98 43 also
1055 1579 163 52 special
1248 1588 96 45 t.-p.

106 1634 53 53 ©
183 1636 125 53 Aug.
340 1636 66 51 28,
442 1634 129 54 1925;
604 1637 64 46 2c,
704 1634 120 53 Sept.
855 1637 49 50 4;
941 1636 78 42 aff.
1055 1635 121 52 Sept.
1213 1636 75 52 18;
1322 1636 45 43 A
1400 1635 188 55 864653;
1626 1636 188 45 Charles
1851 1636 250 48 Scribner’s

176 1706 116 29 sons.
357 1690 66 55 [©
451 1692 320 53 introduction]

106 1775 513 73 Saint-Ursanne,
662 1775 186 58 René.

250 1854 1847 75 … Petit guide pratique de l’art du théâtre. Paris, E.
104 1933 428 59 Flammarion
565 1962 12 43 [
578 1940 18 21 c
601 1933 165 73 1925]

172 2029 45 36 x,
247 2013 197 48 [11]—224
471 2026 41 38 p.
540 2012 103 45 incl.
671 2012 157 52 plates.
887 2012 51 44 18½
973 2013 47 18 cm
1025 2046 11 10 .
1109 2011 225 46 [Nouveau
1361 2010 251 54 repertoire
1640 2013 77 46 des
1746 2011 211 49 “Soirées
102 2013 1976 103 honnêtes”]

104 2120 1854 56 © Feb. 5, 1925; 1c. Feb. 19; A—Foreign 26726; Ernest Flammarion.
184 2178 270 56 (25-16239)

104 2265 301 73 Sandzén,
449 2264 242 74 Birger,
734 2267 190 57 1871-

175 2343 78 56 In
297 2343 104 57 the
445 2342 391 70 mountains;
887 2340 478 72 reproductions
1414 2341 68 57 of
1526 2341 398 74 lithographs
1972 2344 121 58 and

99 2421 178 57 wood
313 2423 135 54 cuts
487 2420 66 57 of
592 2420 103 56 the
737 2417 309 60 Colorado
1083 2418 282 71 Rockies,
1401 2419 85 72 by
1520 2419 229 73 Birger
1790 2421 304 72 Sandzen,

97 2497 151 58 with
280 2517 80 37 an
393 2497 434 72 appreciation
856 2497 84 71 by
967 2495 281 59 William
1280 2495 184 59 Allen
1494 2496 231 59 White.
101 2497 1969 152 McPherson,

258 2575 184 73 Kan.,
472 2573 65 61 C.
564 2575 62 59 J.
655 2573 294 74 Smalley,
977 2574 165 57 1925.

171 2654 860 54 4 p. l. , front. (port.) 19 pl. 33 cm .
174 2711 125 44 “The
337 2711 181 52 regular
551 2710 168 44 edition
756 2709 51 45 of
841 2708 88 45 this
966 2709 120 44 book
1123 2709 36 44 is
1195 2708 173 45 limited
1405 2718 45 36 to
1486 2725 84 29 one
1607 2709 222 45 thousand
1866 2711 89 43 and
1992 2710 101 55 fifty

97 2764 828 55 copies … This is number 524.”
103 2823 53 53 ©
184 2823 108 53 July
319 2823 68 52 28,
421 2821 130 53 1925;
580 2824 66 41 2c.
677 2822 121 52 Aug.
828 2820 78 53 26;
939 2821 79 43 aff.
1049 2821 119 52 Aug.
1200 2820 78 53 24;
1311 2821 45 42 A
1387 2819 190 55 861571;
1614 2820 108 46 Carl
1752 2823 40 52 J.
1829 2822 212 53 Smalley.

182 2878 270 57 (25-17129)

103 2964 335 73 Schelling,
475 2962 181 58 Felix
690 2960 382 74 Emmanuel,
1111 2964 191 57 1858-

154 3041 412 58 Elizabethan
591 3039 446 72 playwrights;
1066 3058 35 37 a
1130 3039 176 57 short
1329 3038 249 73 history
1604 3040 66 57 of
1694 3040 104 57 the
1826 3040 268 74 English

99 3122 221 56 drama
344 3119 169 57 from
538 3116 323 58 mediaeval
885 3116 182 57 times
1098 3119 63 54 to
1189 3116 106 57 the
1322 3116 238 73 closing
1585 3116 68 58 of
1680 3118 104 57 the
1802 3118 289 64 Theaters

99 3192 1992 78 in 1642, by Felix E. Schelling … New York and London,
97 3276 257 70 Harper
376 3276 61 55 &
460 3274 310 71 brothers,
796 3273 166 56 1925.

175 3347 1920 59 xiv p., 1 l., 335 p. 22 cm . [Plays and playwrights series, ed. by A. H.
106 3410 164 53 Quinn]

177 3465 151 45 “First
352 3463 211 46 edition.”

176 3521 72 45 “A
271 3522 77 44 list
369 3521 51 45 of
443 3519 141 45 books
619 3519 150 53 (more
794 3517 240 53 especially
1059 3517 51 45 of
1132 3517 127 44 those
1286 3515 234 54 published
1547 3519 122 43 since
1700 3518 194 55 1908)”:
1921 3536 39 37 p.
1987 3520 108 45 289-

101 3578 94 45 302.

105 3633 53 53 ©
186 3633 118 52 Aug.
333 3633 64 48 31,
432 3630 130 53 1925;
591 3631 64 42 2c.
690 3629 119 54 Sept.
843 3631 46 51 1;
921 3629 78 43 aff.
1033 3627 122 54 Sept.
1184 3628 51 52 2;
1266 3629 45 42 A
1340 3627 189 55 861647;
1561 3631 187 52 Harper
1776 3633 87 43 and
1894 3633 118 43 bros.

183 3687 269 57 (25-17143)

104 3776 247 72 Scopes,
388 3773 169 59 John
590 3772 285 70 Thomas,
913 3771 359 74 defendant.

181 3858 131 56 The
341 3855 257 57 world’s
626 3856 164 55 most
819 3854 249 57 famous
1100 3855 177 55 court
1307 3851 167 72 trial,
1507 3853 352 59 Tennessee
104 3853 1965 140 evolution
268 3952 171 51 case;
475 3951 36 38 a
544 3931 298 71 complete
879 3928 443 72 stenographic
1354 3932 216 69 report
1604 3932 69 57 of
1705 3932 104 57 the
1845 3932 247 57 famous
