2533 4412
1357 4120 70 54 92

399 574 165 55 state
607 575 309 69 reporter,
963 573 125 56 and
1133 571 280 71 Spencer
1457 571 242 58 Gilbert
1744 573 308 72 Nauman,
2100 574 305 58 assistant

398 652 163 55 state
593 653 307 67 reporter.
973 649 460 73 Philadelphia,
1467 649 145 58 Geo.
1648 652 67 54 T.
1750 651 174 57 Bisel
1953 671 106 53 co.,
2093 654 165 55 1924.

466 725 163 52 xxxiv,
661 726 81 43 680
773 740 39 38 p.
872 726 53 43 23
934 729 46 17 cm
987 761 8 8 .

395 780 53 54 ©
475 783 99 52 Jan.
599 783 66 51 28,
699 781 129 54 1925;
858 784 64 42 2c.
950 784 88 42 and
1064 783 79 42 aff.
1172 782 106 44 Feb.
1307 781 48 53 5;
1384 783 44 42 A
1457 782 188 53 815921;
1680 782 144 54 Clyde
1851 784 48 44 L.
1929 784 139 53 King,
2099 792 229 46 secretary
2356 786 51 43 of

466 840 74 44 the
566 839 380 45 commonwealth
972 839 75 45 for
1070 840 75 43 the
1173 846 116 37 state
1314 839 50 45 of
1392 840 349 53 Pennsylvania,
1769 841 300 54 Harrisburg,
2102 843 78 42 Pa.

397 942 141 70 Poe,
574 941 220 73 Edgar
825 940 207 70 Allan,
1068 942 360 57 1809-1849.

541 1031 1863 75 … Poe, edited by Bliss Perry. Garden City, N. Y.,
397 1112 151 57 Pub.
587 1112 105 57 for
728 1111 237 60 Nelson
1002 1111 388 73 Doubleday,
1427 1110 136 72 inc.,
1600 1110 84 72 by
1721 1110 387 74 Doubleday,
2148 1113 172 71 Page
2358 1113 47 56 &

394 1209 323 53 company,
752 1190 166 56 1924.

399 1267 1987 113 4 p. l., vii-x p., 2 l., 3-143 p. front. (port.) pl. 17 cm . (The Pocket university, vol. IV, pt. 1)
470 1385 133 44 With
640 1384 90 43 this
774 1385 34 42 is
847 1383 150 43 bound
1037 1383 70 43 De
1147 1381 217 53 Quincey,
1403 1382 148 43 edited
1588 1382 59 53 by
1687 1381 119 46 Bliss
1847 1384 160 52 Perry.
2071 1381 180 46 Garden
2293 1382 116 56 City,

401 1442 58 45 N.
489 1442 69 51 Y.,
595 1442 118 44 1924.

751 1497 160 44 CONTENTS.—Fall
947 1497 53 44 of
1037 1496 75 44 the
1147 1496 140 44 house
1323 1496 51 45 of
1411 1495 557 54 Usher.—Ligeia.—The
2004 1498 108 43 cask
2150 1499 51 43 of
400 1499 1988 104 Amontillado.—The
757 1555 446 52 assignation.—Ms.
1234 1554 141 44 found
1403 1554 44 42 in
1474 1569 25 28 a
1526 1551 314 46 bottle.—The
1866 1554 132 44 black
2026 1562 85 36 cat.

393 1612 54 53 ©
480 1612 122 53 Sept.
633 1613 38 51 3,
706 1612 130 51 1924;
869 1612 65 42 2c.
966 1611 88 43 and
1084 1611 78 42 aff.
1194 1611 99 50 Jan.
1325 1610 65 50 31,
1426 1608 129 53 1925;
1590 1610 44 42 A
1665 1607 190 55 815890;
1892 1611 281 53 Doubleday,
2211 1613 124 51 Page
2368 1613 37 44 &

463 1685 65 28 co.
593 1667 67 55 [©
686 1684 98 28 new
814 1674 322 37 matter—new
1167 1666 177 44 revised
1373 1666 319 53 introduction]
1765 1665 244 56 (25-3451)

395 1767 296 73 Polakov,
731 1768 246 59 Walter
1013 1767 316 71 Nicholas,
1370 1769 191 57 1879-

471 1859 152 57 Man
674 1859 123 57 and
847 1858 99 56 his
998 1857 226 57 affairs
1276 1856 167 57 from
1494 1857 104 57 the
1649 1858 409 72 engineering
2106 1858 179 71 point
2337 1858 68 58 of

394 1938 173 71 view,
596 1938 84 71 by
702 1937 248 58 Walter
978 1935 73 57 N.
1080 1936 297 57 Polakov.
1444 1934 367 74 Baltimore,
1837 1936 314 58 Williams
2179 1936 48 57 &
391 1935 1989 140 Wilkins
562 2034 325 54 company,
919 2015 166 58 1925.

467 2099 80 42 233
577 2113 40 37 p.
680 2096 131 50 illus.,
841 2096 167 52 diagrs.
1073 2096 50 44 19
1130 2097 46 17 cm
1183 2130 9 8 .

468 2155 270 53 Appendix:
771 2152 194 53 Making
994 2152 130 44 work
1155 2150 275 54 fascinating
1457 2167 48 28 as
1535 2151 75 44 the
1638 2151 101 44 first
1769 2159 94 45 step
1892 2153 174 43 toward
2098 2152 230 44 reduction
2358 2153 52 43 of

399 2220 164 43 waste;
591 2211 186 44 address
806 2209 237 53 presented
1069 2216 47 36 at
1140 2209 77 43 the
1244 2208 166 44 annual
1438 2209 210 51 meeting,
1678 2209 115 43 New
1824 2208 142 50 York,
1994 2209 264 50 December,
2291 2210 117 50 1921,

397 2270 51 43 of
472 2269 75 43 the
572 2267 245 45 American
847 2267 172 51 society
1044 2265 50 45 of
1119 2264 277 45 mechanical
1424 2265 249 51 engineers.

392 2323 53 54 ©
472 2325 99 52 Jan.
601 2323 36 52 5,
669 2322 130 53 1925;
829 2323 64 43 2c.
922 2323 87 42 and
1037 2322 78 43 aff.
1144 2322 100 52 Jan.
1273 2320 48 53 7;
1352 2321 44 42 A
1424 2319 190 54 814575;
1644 2321 230 44 Williams
1904 2322 36 43 &
1968 2322 202 44 Wilkins
2198 2338 64 28 co.

472 2379 245 57 (25-3757)

393 2484 241 70 Porter,
672 2481 225 58 Albert
933 2478 215 60 Davis.

471 2574 130 58 The
632 2572 314 72 shepherd
975 2570 68 59 of
1067 2570 181 72 Beth,
1281 2569 123 58 and
1433 2569 180 58 other
1643 2570 245 73 stories,
1916 2571 83 72 by
2026 2571 225 59 Albert
389 2572 1988 140 Davis
520 2655 246 56 Porter.
851 2649 344 74 Nashville,
1229 2650 213 72 Tenn.,
1480 2647 364 74 Cokesbury
1874 2668 182 53 press
2091 2679 13 45 [
2105 2658 19 21 c
2129 2652 165 73 1924]

466 2734 77 53 vii,
569 2733 55 45 98
651 2749 40 37 p.
756 2732 48 44 19
812 2733 47 17 cm
867 2766 8 8 .

750 2787 295 53 CONTENTS.—Shepherd
1082 2786 51 44 of
1171 2785 289 44 Beth.—The
1495 2785 137 44 fisher
1668 2785 72 45 lad
1775 2786 51 44 of
1862 2783 362 50 Gallilee.—The
398 2803 1987 90 snow-white
562 2845 401 53 cross.—Stephen
993 2844 51 45 of
1075 2841 135 46 Nain.

393 2903 53 54 ©
478 2905 119 42 Nov.
630 2903 67 52 28,
734 2902 129 50 1924;
898 2901 65 42 2c.
997 2900 88 43 and
1116 2900 79 43 aff.
1228 2899 99 52 Jan.
1365 2900 63 51 12,
1466 2897 129 53 1925;
1632 2899 44 42 A
1710 2898 190 53 814729;
1938 2900 169 43 Lamar
2142 2901 37 44 &
2215 2901 186 53 Barton,

463 2960 252 44 Nashville.
786 2956 244 56 (25-3940)

393 3065 287 68 Putnam,
719 3058 251 60 Palmer
1006 3056 288 60 Cosslett.

470 3155 59 57 A
584 3155 178 58 chart
820 3149 282 73 showing
1157 3148 103 59 the
1318 3147 298 59 chemical
1672 3147 448 76 relationships
2176 3149 67 59 in
2297 3152 105 59 the

392 3234 268 58 mineral
714 3230 315 73 kingdom,
1087 3229 83 70 by
1226 3227 256 57 Palmer
1541 3226 274 59 Cosslett
1873 3228 291 72 Putnam,
2284 3277 11 12 M.
2389 3277 11 12 S.

393 3314 152 56 New
567 3311 190 72 York,
781 3310 60 57 J.
866 3307 209 69 Wiley
1097 3305 48 59 &
1170 3324 162 52 sons,
1356 3304 149 68 inc.;
1534 3308 149 70 [etc.,
1710 3307 128 71 etc.]
1865 3306 167 58 1925.

464 3380 1034 64 3 p. l., 31 p. fold. tab. 26 cm . $3.00
465 3444 356 48 “References”:
855 3458 41 38 p.
931 3443 63 43 13.

394 3505 53 54 ©
474 3507 99 52 Jan.
601 3503 68 52 27,
702 3500 130 53 1925;
863 3501 65 42 2c.
959 3499 86 43 and
1076 3498 78 43 aff.
1186 3496 107 44 Feb.
1323 3497 50 52 4;
1407 3497 41 42 A
1478 3496 189 52 814900;
1703 3498 49 42 P.
1785 3495 48 45 C.
1866 3499 208 51 Putnam,
2108 3499 118 45 New
2256 3501 142 43 York.

472 3560 242 56 (25-3626)

393 3663 187 71 Reed,
612 3664 152 56 Mrs.
801 3655 291 62 Cordelia
1122 3653 309 59 Adelaide
1473 3654 256 73 (Camp)
1773 3656 188 57 1853-

470 3755 130 58 The
636 3752 135 70 call,
804 3751 84 71 by
923 3746 292 61 Cornelia
1251 3745 307 59 Adelaide
1592 3746 171 58 Reed
1821 3747 138 72 [and]
1999 3747 206 60 Susan
393 3752 1980 140 Russell.
607 3831 457 68 Chattanooga,
1102 3825 212 71 Tenn.,
1347 3824 328 57 Hamilton
1709 3824 287 74 printing
2028 3847 85 38 co.
2154 3858 12 44 [
2167 3835 19 22 c
2191 3831 164 73 1925]

467 3912 80 45 227
579 3928 39 37 p.
683 3910 49 44 19½c
785 3911 29 17 m
822 3944 7 7 .

394 3968 53 54 ©
471 3970 100 50 Jan.
597 3967 38 51 6,
663 3963 129 53 1925;
820 3966 64 41 2c.
911 3962 86 44 and
1021 3962 78 42 aff.
1125 3962 98 51 Jan.
1253 3959 75 53 17;
1357 3960 41 42 A
1426 3958 189 52 815636;
1648 3959 47 44 C.
1725 3960 55 43 A.
1810 3961 125 43 Reed
1962 3962 36 43 &
2027 3962 145 46 Susan
2201 3965 193 52 Russell,

465 4024 330 50 Chattanooga,
825 4020 141 43 Tenn.
1037 4016 243 55 (25-3941)
