2533 4412
1100 4005 145 56 1505

169 458 1991 75 exercises and vocabulary by Robert Fouré … and Hélène
170 536 1967 137 Fouré … Philadelphia, Chicago [etc.] The John C. Winston
340 616 524 71 company [ c 1 925]
235 691 86 44 207
352 708 40 34 p.
457 693 50 43 16
513 695 46 17 cm
565 727 8 7 .
643 692 124 50 (The
800 691 214 45 Winston
1049 690 191 46 modern
1273 691 225 51 language
1532 692 166 50 series)

169 744 52 53 ©
253 746 118 43 Nov.
405 746 62 49 19,
503 745 128 51 1925;
663 746 65 43 2c.
761 747 107 41 Dec.
900 746 49 51 7;
985 746 78 42 aff.
1095 747 108 41 Dec.
1236 745 50 52 9;
1320 747 43 41 A
1395 745 190 53 872796;
1618 747 118 51 John
1770 745 49 45 C.
1851 746 212 44 Winston
2096 761 65 28 co.

241 800 66 55 [©
334 817 99 28 new
461 809 166 36 matter
654 803 86 41 and
769 802 183 52 editing]
1024 800 270 55 (25-25577)

169 886 300 71 Leonard,
509 885 232 58 Lillian
778 885 335 59 Ramsdell.

243 978 271 71 Library
543 977 171 57 work
743 977 106 58 for
877 977 151 72 high
1060 977 207 58 school
1299 977 318 58 freshmen;
1686 997 34 37 a
1757 979 187 71 study
1973 978 195 57 based

168 1075 77 37 on
281 1057 103 56 the
421 1055 292 73 required
745 1055 173 56 work
951 1055 65 56 in
1053 1054 268 73 English
1355 1055 103 57 for
1493 1055 104 57 the
1633 1056 325 56 freshman
1994 1075 170 52 year,

165 1133 2000 73 by Lillian Ramsdell Leonard … [Walla Walla, Wash.,
165 1212 228 56 Inland
425 1211 287 72 printing
743 1211 48 56 &
825 1211 365 73 publishing
1222 1230 107 52 co.,
1367 1213 164 71 1925]

237 1291 68 49 31,
331 1291 52 51 [1]
409 1303 39 37 p.
508 1289 52 43 23
569 1292 46 17 cm
622 1324 7 8 .

170 1344 53 54 ©
262 1346 121 52 Sept.
421 1345 36 51 5,
497 1345 103 44 1925;
663 1346 64 42 2c.
765 1347 87 42 and
887 1347 79 44 aff.
1005 1345 100 45 Oct.
1142 1347 53 43 23;
1261 1347 43 41 A
1339 1346 165 43 877004;
1572 1346 49 44 L.
1660 1347 53 43 R.
1754 1347 220 52 Leonard,
2011 1347 154 44 Walla

238 1402 167 51 Walla,
443 1402 158 44 Wash.
671 1401 271 56 (25-25395)

171 1489 222 71 Leven,
429 1487 299 59 Maurice.

245 1570 247 57 Income
526 1569 65 56 in
624 1569 104 59 the
761 1568 256 59 various
1055 1572 216 66 states,
1304 1568 83 59 its
1425 1587 250 40 sources
1712 1570 124 57 and
168 1566 1973 151 distribution,

351 1647 167 59 1919,
550 1646 148 55 1920
730 1648 124 56 and
884 1647 164 69 1921,
1079 1648 83 69 by
1191 1645 280 58 Maurice
1502 1647 239 70 Leven;
1773 1648 195 56 based
1998 1664 167 54 upon

172 1724 319 58 estimates
530 1725 67 56 of
632 1724 104 58 the
769 1723 283 58 national
1087 1724 190 58 totals
1313 1725 82 68 by
1429 1721 302 61 Willford
1765 1723 191 58 Isbell
1992 1723 176 71 King

237 1800 1929 72 … New York, National bureau of economic research,
170 1876 135 72 inc.,
336 1878 165 55 1925.

171 1952 1973 111 306 p incl. tables, diagrs. 23 ½c m . (Half-title: Publications of the National bureau of economic research, incorporated, no. 7)
171 2063 53 53 ©
254 2065 119 43 Nov.
407 2066 63 51 18,
502 2064 131 53 1925;
665 2066 64 42 2c.
759 2066 87 42 and
877 2066 80 42 aff.
987 2066 108 43 Dec.
1131 2066 74 51 10;
1231 2065 53 43 A
1313 2063 190 54 875434;
1537 2065 218 44 National
1785 2067 170 43 bureau
1985 2066 50 44 of
239 2079 1905 86 economic
419 2121 219 53 research,
670 2121 83 44 inc.
822 2120 275 55 (25-25960)

175 2203 235 73 [Locke,
451 2204 282 60 William
770 2206 230 74 James]
1042 2208 190 55 1868-
1389 2225 195 54 comp.

249 2283 130 58 The
414 2284 156 56 road
602 2283 150 57 laws
789 2286 67 55 of
890 2282 371 72 California,
1298 2284 166 71 1925,
1501 2282 357 74 embracing
1892 2284 104 57 the
171 2302 1976 116 provisions
448 2361 67 57 of
551 2361 103 57 the

693 2360 427 71 constitution,
1159 2361 104 57 the
1303 2362 200 71 codes,
1543 2362 125 56 and
1706 2361 233 72 special
173 2364 1975 146 statutory

353 2442 130 53 acts
520 2439 271 72 relating
825 2443 62 53 to
922 2438 345 73 highways,
1302 2439 254 72 bridges
1592 2440 125 56 and
1749 2439 105 57 the
171 2440 1977 134 condemnation

427 2517 67 56 of
528 2517 179 57 lands
748 2516 103 57 for
886 2516 209 72 public
1129 2536 127 37 use.
1343 2516 128 58 San
1509 2516 357 73 Francisco,
1907 2516 74 57 A.
172 2515 1977 140 Carlisle
349 2593 48 60 &
435 2614 108 51 co.,
585 2595 165 56 1925.

242 2671 722 66 2 p. l., L., [3]-549 p. 15 ½ cm ;
246 2729 259 53 “Enlarged
532 2730 87 43 and
649 2730 178 43 revised
853 2729 168 45 edition
1048 2729 51 44 of
1126 2729 73 44 the
1231 2728 150 48 Street
1410 2730 328 52 improvement
1767 2735 95 38 acts
1892 2729 51 44 of
174 2728 1977 110 California,
290 2786 220 53 compiled
542 2786 58 52 by
632 2787 121 42 Wm.
786 2787 41 51 J.
861 2785 192 45 Locke.”

174 2842 53 53 ©
253 2844 118 43 Nov.
399 2843 64 51 10,
491 2842 102 44 1925;
645 2843 65 43 2c.
735 2844 86 42 and
844 2844 78 42 aff.
949 2843 109 43 Dec.
1083 2842 24 43 8;
1162 2844 43 41 A
1229 2842 163 47 875421;
1449 2845 57 42 A.
1535 2842 195 45 Carlisle
1755 2844 36 43 &
1817 2859 65 28 co.

252 2899 270 54 (25-25520)

175 2982 230 73 Lynch,
445 2983 248 57 Jerome
729 2981 259 74 Morley,
1028 2984 190 57 1870-

252 3061 265 56 Tumors
557 3060 68 57 of
661 3060 103 59 the
805 3060 173 57 colon
1016 3058 48 59 &
1100 3061 256 69 rectum,
1396 3059 168 57 their
1600 3059 361 72 pathology,
174 3060 1977 136 diagnosis

376 3137 1797 73 and treatment, by Jerome M. Lynch … and Joseph
176 3215 1649 73 Felsen … New York, P. B. Hoeber, inc., 1925.
245 3294 92 53 xiv,
364 3293 81 45 259
473 3309 38 37 p.
540 3293 102 44 incl.
669 3292 117 45 illus.
813 3293 127 53 (part
968 3292 110 54 col.)
1113 3291 82 45 col.
1223 3292 157 53 plates.
1439 3291 54 44 27½cm.

249 3350 351 53 Bibliography:
631 3365 41 37 p.
703 3350 207 44 243-248.

177 3407 53 53 ©
262 3409 107 43 Dec.
400 3408 39 50 3,
472 3406 129 53 1925;
632 3408 66 44 2c.
729 3408 86 42 and
847 3407 77 43 aff.
957 3407 107 43 Dec.
1099 3407 49 51 8;
1181 3407 43 41 A
1257 3405 189 52 875408;
1482 3406 114 43 Paul
1630 3408 50 42 B.
1713 3407 201 51 Hoeber,
1947 3407 82 43 inc.

256 3463 270 52 (25-25512)

180 3546 269 72 Mackin,
483 3548 153 56 Mrs.
671 3544 219 59 Marie.

321 3620 1847 75 … The sylvan portal, by Marie Mackin … Bismarck,
177 3702 73 57 N.
281 3701 94 71 D.,
400 3700 328 58 Bismarck
751 3699 160 58 book
936 3717 324 53 company,
1287 3699 164 56 1925.

246 3778 82 48 247
358 3796 40 38 p.
460 3779 136 46 front.
656 3779 53 45 20
716 3782 47 17 cm
769 3815 8 7 .

249 3840 64 41 At
339 3837 114 44 head
481 3837 50 44 of
559 3836 97 43 title:
713 3833 188 47 Tourist
928 3834 180 47 edition.

180 3892 53 53 ©
270 3893 119 51 Sept.
421 3892 67 51 28,
523 3891 130 53 1925;
686 3892 63 43 2c.
783 3892 87 42 and
900 3892 78 42 aff.
1015 3890 100 45 Oct.
1151 3890 48 51 7;
1237 3891 43 41 A
1311 3887 189 54 872820;
1541 3889 238 44 Bismarck
1811 3890 119 43 book
1963 3905 65 28 co.

260 3946 269 58 (25-25552)
