2533 4412
1305 4048 149 56 1052

449 475 262 51 Originally
738 475 238 51 published
1004 491 49 31 as
1084 493 28 29 a
1138 476 138 47 series
1306 478 53 44 of
1388 475 176 47 sixteen
1592 475 183 47 articles
1805 476 47 46 in
1880 477 77 46 the
1984 477 178 45 Boston
2191 476 191 53 evening

374 534 258 49 transcript,
665 534 119 47 1923,
812 533 107 45 1924
945 533 87 44 and
1064 533 119 46 1925.

446 588 1937 54 “This large-paper edition … is limited to four hundred and seventy-five
373 647 245 44 numbered
650 645 164 51 copies,
847 646 54 44 of
935 645 148 45 which
1116 646 106 44 four
1253 646 206 45 hundred
1491 648 87 43 and
1611 646 105 51 fifty
1747 661 79 31 are
1856 655 47 37 to
1934 648 57 44 be
2023 645 114 47 sold.
2196 646 114 45 This
2343 648 40 44 is

373 705 189 43 number
590 701 125 46 474.”

375 754 54 54 ©
465 755 121 53 Sept.
623 756 63 52 18,
723 754 131 53 1925;
889 755 65 43 2c.
992 755 121 53 Sept.
1146 756 79 52 21;
1262 755 79 44 aff.
1380 755 121 53 Sept.
1538 756 76 52 19;
1650 756 45 42 A
1729 755 190 54 861902;
1956 758 58 42 A.
2051 756 332 52 Chamberlain,

447 813 185 44 Boston.
702 810 274 56 (25-18269)

377 898 312 74 Coblentz,
730 900 274 58 Stanton
1037 898 61 58 A
1411 919 195 54 comp.

448 990 269 58 Modern
739 990 248 58 British
1009 989 224 75 lyrics;
1263 1010 80 37 an
1369 990 359 78 anthology,
1757 991 307 72 compiled
2089 992 84 73 by
370 992 1987 134 Stanton

511 1068 76 58 A.
628 1068 314 60 Coblentz.
1026 1069 154 58 New
1211 1069 191 72 York,
1441 1068 265 78 Minton,
1742 1069 197 59 Balch
1971 1070 50 58 &
2056 1089 324 55 company,

372 1148 168 57 1925.

444 1226 631 54 xiv p ., 1 l., 218 p. 19 cm .
375 1282 54 54 ©
457 1284 121 53 Sept.
608 1285 64 50 11,
701 1282 130 54 1925;
857 1284 67 43 2c.
953 1282 123 54 Sept.
1104 1283 76 54 18;
1206 1283 79 44 aff.
1316 1282 120 53 Sept.
1466 1282 75 54 17;
1568 1283 44 43 A
1638 1283 193 54 869007;
1861 1284 197 53 Minton,
2087 1284 144 44 Balch
2254 1285 38 45 &
2319 1300 66 30 co.

454 1339 273 56 (25-18854)

378 1429 163 73 Cole,
584 1427 344 73 Cornelius,
967 1430 360 58 1822-1924.

449 1516 213 61 Ideals
695 1520 69 57 in
793 1538 204 54 verse,
1031 1520 85 71 by
1151 1518 330 60 Cornelius
1519 1518 165 60 Cole.
1767 1520 124 58 Los
1926 1521 295 74 Angeles,
2259 1523 129 58 The

375 1598 475 58 Times-mirror
876 1616 205 54 press,
1115 1599 166 57 1924.

447 1677 79 46 113
548 1691 40 39 p.
612 1676 141 44 front.,
779 1676 168 55 (port.)
1014 1677 55 43 22½
1103 1679 16 19 cm
1156 1712 10 9 .

375 1733 55 55 ©
460 1736 109 43 Dec.
604 1735 63 53 10,
700 1735 132 52 1924;
862 1735 65 43 2c.
960 1733 121 53 Sept.
1114 1734 49 53 8,.
1187 1732 130 53 1925;
1351 1734 79 43 aff.
1465 1733 122 54 Sept.
1619 1733 50 54 5;
1701 1734 47 44 A
1775 1734 192 54 861930;
2001 1734 159 48 Estate
2190 1735 52 45 of
446 1734 1919 102 Cornelius

623 1791 122 52 Cole,
777 1794 91 46 Los
898 1790 216 54 Angeles.
1184 1789 273 56 (25-18417)

378 1878 246 74 Cooley,
661 1878 51 57 E
1030 1877 85 58 M.

449 1969 125 58 Las
607 1970 362 73 bagatelas;
1001 1969 162 57 little
1196 1968 198 58 trifles
1429 1968 68 59 of
1527 1988 183 39 verse
1748 1969 113 75 [by]
1898 1970 75 57 E.
2009 1970 84 57 M.
2132 1969 248 76 Cooley.

371 2049 259 73 Boston,
657 2049 72 57 R.
757 2048 69 59 G.
852 2047 256 75 Badger
1135 2078 12 44 [
1149 2056 19 22 c
1173 2049 165 73 1924]

444 2128 51 45 55
522 2144 40 38 p.
623 2128 53 44 20
683 2130 46 17 cm
738 2167 8 8 .

377 2183 54 55 ©
466 2186 111 43 Dec.
615 2184 36 53 5,
692 2185 131 52 1924;
859 2185 67 43 2c.
965 2184 113 53 May
1117 2185 63 52 14,
1220 2183 132 54 1925;
1390 2184 80 44 aff.
1508 2185 114 52 May
1661 2184 75 53 12;
1777 2186 45 42 A
1859 2183 191 55 855147;
2093 2185 200 45 Richard
2334 2185 51 45 G.

448 2243 194 53 Badger.
713 2240 273 56 (25-18589)

379 2325 717 75 Coxon, Muriel H ine.
456 2408 130 56 The
619 2397 317 67 reluctant
962 2406 329 72 impostor,
1323 2405 83 72 by
1439 2404 231 58 Muriel
1700 2405 184 58 Hine.
1962 2406 192 73 [chap.
2190 2407 49 72 3]

471 2489 60 39 (In
567 2486 193 41 Modern
793 2496 198 41 woman,
1025 2485 134 51 Aug.,
1197 2483 129 51 1925)

377 2537 2010 56 © 1c. Sept. 17, 1925; A ad int. 7274; pubd. July 22; Mrs. Sidney Coxon,
448 2598 204 45 London.

378 2684 218 69 Crane,
641 2684 296 73 Stephen,
979 2685 361 58 1871-1900.

453 2762 130 58 The
629 2763 112 57 red
782 2762 202 72 badge
1028 2761 68 57 of
1141 2779 286 53 courage,
1471 2760 84 72 by
1600 2759 280 72 Stephen
1925 2757 221 61 Crane.
2230 2759 155 59 New

373 2840 191 73 York,
590 2839 281 74 London,
897 2840 73 56 D.
998 2838 321 73 Appleton
1346 2839 125 57 and
1496 2856 325 57 company,
1850 2838 167 56 1925.

443 2920 80 50 xli,
547 2920 94 51 266,
669 2922 52 45 [1]
751 2934 39 38 p.
851 2919 53 44 20½
940 2921 46 17 cm
995 2955 8 7 .

445 2977 227 53 “Stephen
699 2976 173 45 Crane”
895 2978 59 51 by
977 2977 116 43 Max
1117 2976 41 52 J.
1184 2975 243 51 Herzberg
1443 2988 10 30 :
1479 2989 40 38 p.
1543 2974 139 42 v-xli.

377 3033 54 54 ©
464 3034 121 53 Sept.
615 3035 69 50 21,
717 3032 131 54 1925;
880 3033 65 43 2c.
976 3033 88 43 and
1094 3033 79 42 aff.
1208 3030 121 54 Sept.
1359 3032 78 51 24;
1470 3031 46 42 A
1547 3028 191 55 861955;
1773 3031 56 43 D.
1861 3030 229 54 Appleton
2121 3031 38 44 &
2189 3045 66 29 co.
2319 3029 67 54 [©

446 3090 314 54 biographical
792 3090 195 52 preface]
1059 3087 273 56 (25-18277)

378 3176 261 73 Croiset,
680 3174 301 73 Maurice,
1027 3176 148 58 1846–

450 3255 286 58 Hellenic
771 3254 412 69 civilization;
1221 3272 79 38 an
1333 3249 329 60 historical
1700 3270 247 54 survey,
1982 3252 84 72 by
2100 3251 280 58 Maurice

375 3329 1979 141 Croiset … translated by Paul B. Thomas, with an introduction
670 3413 85 71 by
797 3411 280 58 Edward
1119 3409 285 58 Delavan
1447 3408 221 73 Perry.
1754 3407 153 58 New
1946 3407 192 71 York,
2181 3407 76 57 A.
2304 3407 76 57 A.

373 3490 244 73 Knopf,
645 3492 167 56 1925.

441 3569 429 54 X, 318 p. 19½ cm .
377 3626 54 54 ©
463 3627 122 53 Sept.
620 3627 63 51 11,
716 3624 131 53 1925;
877 3626 66 43 2c.
978 3624 121 54 Sept.
1128 3625 79 52 21;
1240 3624 79 44 aff.
1355 3622 121 53 Sept.
1511 3623 75 51 19;
1621 3623 45 42 A
1696 3621 192 53 861916;
1921 3621 169 43 Alfred
2121 3621 57 43 A.
2211 3619 174 54 Knopf,

447 3683 84 45 inc.
601 3681 272 56 (25-18234)

375 3769 267 72 Daudet,
680 3768 342 74 Alphonse,
1065 3768 359 59 1840-1897.

451 3848 130 59 The
616 3852 226 67 pope’s
876 3847 197 71 mule;
1111 3866 36 37 a
1185 3848 179 70 story
1398 3844 200 57 found
1632 3843 65 57 in
1732 3842 104 57 the
1874 3841 506 71 Grasshopper’s

372 3927 261 72 library,
663 3926 85 72 by
775 3925 323 71 Alphonse
1129 3924 284 70 Daudet;
1442 3920 144 58 first
1611 3921 133 57 told
1773 3922 65 57 in
1866 3919 100 58 his
1995 3918 161 58 book
2186 3917 195 59 “Let-
