2533 4412
1345 4091 113 55 660

391 428 307 72 Hummel,
737 430 240 73 George
1015 429 70 58 F.

464 521 61 57 A
554 522 162 72 good
746 539 164 51 man,
941 522 84 69 by
1056 519 243 72 George
1331 519 69 57 F.
1435 518 309 57 Hummel.
1828 518 153 56 New
2011 516 190 70 York,
2232 516 160 57 Boni

385 599 49 59 &
477 598 348 74 Liveright,
872 599 165 56 1925.

458 689 82 46 317
574 707 39 38 p.
677 692 52 44 19½
780 693 29 16 m
815 725 9 8 .

389 761 53 54 ©
474 765 116 51 June
624 763 63 50 18,
723 760 130 52 1925;
887 762 65 42 2c.
984 762 116 51 June
1128 761 80 51 22;
1242 760 80 43 aff.
1355 761 117 51 June
1502 760 78 51 23;
1617 760 43 42 A
1693 758 190 53 829851;
1922 760 119 42 Boni
2072 760 38 43 &
2143 757 248 53 Liveright,

459 820 83 43 inc.
612 818 272 56 (25-11483)

392 919 331 73 Hutchins,
770 920 220 73 Henry
1034 916 268 75 Clinton,
1349 919 188 58 1889-

467 1011 324 59 Robinson
823 1010 238 59 Crusoe
1096 1009 125 59 and
1251 1010 82 57 its
1367 1008 304 74 printing,
1704 1009 373 72 1719-1731;
2113 1028 36 39 a
389 1009 1983 153 bibliographical

744 1088 207 71 study,
976 1090 83 69 by
1081 1087 223 73 Henry
1333 1086 254 59 Clinton
1611 1086 314 58 Hutchins;
1986 1085 154 61 with
2168 1105 36 38 a
388 1087 1983 138 foreword

592 1169 84 70 by
707 1168 75 56 A.
818 1165 279 59 Edward
1130 1166 279 57 Newton.
1493 1165 156 58 New
1676 1165 193 71 York,
1905 1163 326 60 Columbia
387 1164 1985 153 university

657 1263 202 54 press,
887 1236 167 66 1925.

459 1336 98 53 xix,
586 1336 78 44 201
699 1350 40 39 p.
802 1335 158 51 front.,
996 1334 204 44 facsims.
1260 1334 56 44 26
1321 1335 47 17 cm
1374 1367 9 9 .

462 1407 109 46 “350
602 1405 152 56 copies
786 1406 53 42 of
870 1406 91 43 this
994 1405 103 44 first
1127 1403 175 46 edition
1336 1404 119 45 have
1486 1405 114 44 been
1631 1403 183 56 printed
1850 1404 126 43 from
2009 1413 120 46 type,
2161 1404 53 44 of
2246 1403 151 45 which

389 1467 83 44 300
498 1481 78 30 are
606 1466 76 42 for
711 1464 137 44 sale.”
908 1462 115 46 This
1051 1477 117 39 copy
1191 1470 82 36 not
1301 1463 268 43 numbered.

391 1536 53 54 ©
469 1539 116 51 June
607 1536 67 53 25,
704 1535 103 45 1925;
861 1536 66 42 2c.
953 1536 118 51 June
1091 1533 53 44 25;
1199 1535 79 42 aff.
1306 1536 116 51 June
1446 1534 53 43 26;
1554 1534 44 43 A
1622 1531 166 47 829875;
1846 1533 239 45 Columbia
2108 1536 120 42 univ.
2255 1549 138 38 press.

469 1592 272 57 (25-11861)

392 1694 413 73 Hutchinson,
842 1693 248 57 Arthur
1127 1691 550 59 Stuart-Menteth.

468 1788 372 72 Increasing
862 1805 277 54 purpose.
1222 1790 89 67 pt.
1341 1788 52 71 1,
1421 1785 175 72 chap.
1626 1786 207 71 28-31,
1860 1790 89 68 pt.
1979 1789 51 71 2,
2060 1788 175 71 chap.
2266 1789 127 55 1-2.

466 1868 80 51 (In
580 1868 122 41 Good
733 1867 358 50 housekeeping,
1123 1866 136 51 June,
1294 1864 127 53 1925)

391 1935 54 54 ©
511 1953 35 27 1c.
585 1936 107 53 July
730 1935 38 52 7,
811 1934 130 53 1925;
983 1935 43 42 A
1066 1935 56 42 ad
1161 1934 76 44 int.
1278 1933 133 53 7084;
1454 1934 131 52 pubd.
1627 1936 112 50 May
1784 1935 73 51 12;
1901 1935 56 42 A.
2002 1933 391 47 Stuart-Menteth

463 1991 1154 55 Hutchinson, ℅ J. B . Pinker & son, London.
389 2094 265 58 Illinois.
729 2094 336 73 Appellate
1105 2097 226 52 courts.

466 2185 1863 74 Reports of cases determined … v. 233, A. D. 1925 …
392 2266 324 72 Reported
764 2266 83 71 by
897 2265 218 57 James
1170 2263 63 60 C.
1291 2262 220 59 Cahill.
1606 2263 292 74 Chicago,
1953 2263 346 74 Callaghan
2351 2266 47 55 &

392 2362 325 54 company,
753 2344 165 56 1925.

460 2434 145 53 xxvii,
635 2434 82 43 684
743 2448 41 38 p.
841 2433 53 44 23
904 2435 46 17 cm
957 2468 8 8 .

392 2503 1751 55 © June 25, 1925; 2c. and aff. June 29; A 829932; Callaghan & co.
396 2605 246 73 Jewett,
682 2603 308 60 Eleanore
1026 2604 233 73 Myers.

470 2700 228 59 Judith
721 2701 125 57 and
867 2700 182 71 Jane,
1071 2699 83 72 by
1177 2699 312 57 Eleanore
1513 2699 215 73 Myers
1751 2701 231 58 Jewett;
2035 2701 362 60 illustrated

395 2781 82 71 by
511 2778 260 59 Charles
802 2777 69 56 L.
902 2777 256 57 Wrenn.
1242 2776 153 57 New
1422 2776 192 71 York,
1649 2778 73 58 N.
1758 2777 94 72 Y.,
1885 2778 287 71 Newark,
2203 2779 74 56 N.
2313 2780 82 71 J.,

391 2856 202 58 Barse
620 2856 48 57 &
694 2853 288 73 Hopkins
1015 2884 13 42 [
1031 2862 18 21 c
1053 2855 164 72 1925]

463 2930 1623 56 2 p. l. , ix-x p., 1 l., 13-318 p. col. front., col. plates. 20 cm .
395 2987 53 54 ©
473 2989 107 52 July
605 2989 39 51 3,
672 2986 131 53 1925;
829 2988 66 42 2c.
921 2987 87 42 and
1033 2987 79 42 aff.
1139 2985 106 54 July
1272 2986 50 52 6;
1350 2987 43 42 A
1419 2985 191 53 855770;
1642 2987 141 43 Barse
1810 2988 38 43 &
1873 2988 225 52 Hopkins.

474 3044 271 56 (25-12168)

397 3144 376 74 Kilpatrick,
812 3142 285 62 William
1134 3143 232 73 Heard,
1409 3146 190 57 1871-

473 3237 434 59 Foundations
939 3237 67 56 of
1035 3236 252 56 method;
1348 3235 301 58 informal
1677 3237 163 57 talks
1873 3256 79 39 on
1981 3238 307 74 teaching,
2319 3240 83 73 by

394 3312 2005 74 William Heard Kilpatrick … New York, The Macmillan
396 3412 324 53 company,
756 3394 166 55 1925.

465 3473 64 52 xi,
554 3472 80 43 383
659 3486 40 38 p.
761 3471 114 43 illus.
933 3470 56 43 20½
1024 3472 46 17 cm
1078 3505 8 7 .
1155 3467 289 55 (Half-title:
1475 3468 134 43 Brief
1632 3483 163 30 course
1820 3470 138 44 series
1984 3471 45 43 in
2055 3472 247 48 education,
2331 3472 68 45 ed.

396 3531 59 51 by
487 3530 52 42 P.
571 3527 221 53 Monroe)

469 3586 126 43 “List
625 3586 50 42 of
708 3583 280 45 references”
1005 3599 9 29 :
1048 3598 40 38 p.
1121 3580 206 47 373-374.

397 3641 53 54 ©
484 3645 109 49 June
615 3643 66 48 23,
714 3640 130 54 1925;
872 3643 64 41 2c.
964 3642 87 42 and
1077 3641 79 43 aff.
1183 3642 116 51 June
1324 3640 79 51 24;
1433 3640 43 42 A
1502 3638 190 54 829845;
1725 3641 265 43 Macmillan
2018 3657 65 28 co.

477 3698 271 56 (25-11606)

399 3799 361 73 Kirkbride,
803 3797 308 60 Franklin
1154 3797 236 73 Butler,
1438 3799 188 57 1867-

478 3892 131 57 The
631 3891 260 57 modern
915 3892 167 55 trust
1109 3907 306 52 company;
1471 3890 82 56 its
1579 3888 317 59 functions
1925 3891 124 57 and
399 3891 1969 149 organization,

585 3989 78 39 an
696 3967 233 58 outline
962 3967 68 57 of
1060 3965 309 73 fiduciary
1396 3965 293 73 banking,
1720 3967 84 71 by
1833 3967 306 57 Franklin
2170 3968 222 58 Butler
