2533 4412
1040 4051 113 58 971

82 412 406 72 Brinkmann,
529 411 163 72 Carl,
732 415 188 56 1885-

158 505 335 73 Englische
531 506 351 71 geschickte
922 505 358 68 1815-1914,
1319 523 120 38 von
1481 502 148 59 Carl
1665 500 406 58 Brinkmann.

80 583 234 70 Berlin,
353 584 309 57 Deutsche
746 581 616 74 verlagsgesellschaft
1402 581 108 57 für
1547 579 225 73 politik
1808 580 129 57 und
84 598 1964 121 geschichte

376 680 79 40 m.
480 662 55 56 b.
563 662 79 69 h.,
671 662 165 55 1924.

149 755 44 33 X,
223 741 82 41 212
332 753 40 36 p.
431 738 52 44 25
493 741 46 17 cm
547 779 7 6 .

156 795 542 44 “Bücherverzeichnis”:
729 810 40 35 p.
844 795 194 47 [195]-204.

412 849 1660 48 CONTENTS .—Die reformzeit.—Die höhe des Victorianischen zeitalter.—
85 911 91 44 Das
231 909 177 44 zeitalter
436 912 75 42 des
559 909 345 51 imperialismus.

84 963 53 53 ©
170 965 101 43 Oct.
310 963 62 52 15,
409 964 127 50 1924;
598 979 36 27 1c.
668 964 113 50 June
812 964 65 50 22,
916 962 128 52 1925;
1081 964 44 42 A
1126 962 255 53 —Foreign
1414 962 134 43 27971;
1614 961 227 45 Deutsche
152 962 1901 110 verlagsgesellschaft

478 1021 77 41 für
585 1020 160 51 politik
775 1021 89 42 und
896 1019 269 54 geschichte.
1235 1017 269 55 (25-17632)

82 1119 299 71 Broemel,
422 1118 207 72 Louis,
671 1121 189 57 1885-

158 1209 187 58 Sheet
371 1210 191 56 metal
592 1209 274 57 workers
882 1213 12 25 ’
924 1209 254 57 manual;
1239 1228 34 37 a
1303 1208 320 71 complete,
1652 1208 308 71 practical
81 1208 1969 136 instruction

429 1286 159 58 book
632 1306 78 38 on
754 1287 104 56 the
904 1285 173 58 sheet
1120 1286 192 57 metal
1355 1286 312 71 industry,
1713 1285 360 72 machinery

80 1364 123 57 and
239 1364 180 66 tools,
457 1365 123 56 and
616 1365 241 56 related
895 1363 292 72 subjects,
1225 1363 319 71 including
1580 1364 102 56 the
77 1367 1975 133 oxy-acetylene

244 1440 270 74 welding
546 1442 125 57 and
703 1440 242 74 cutting
975 1460 274 53 process,
1283 1441 83 72 by
1398 1441 66 57 L.
1497 1439 291 60 Broemel;
1852 1440 149 59 with
2040 1462 33 37 a

83 1520 231 71 special
353 1538 218 39 course
613 1519 65 58 in
721 1520 383 70 elementary
1146 1520 123 56 and
1310 1520 320 56 advanced
1673 1519 172 57 sheet
1884 1520 188 56 metal

79 1597 170 57 work
277 1598 125 56 and
427 1599 258 69 pattern
715 1596 289 73 drafting
1030 1597 105 56 for
1164 1596 305 57 technical
1500 1597 121 57 and
1653 1597 181 57 trade
1868 1596 206 58 school

80 1675 376 57 instructors
489 1674 121 57 and
674 1675 252 56 students;
987 1674 132 57 also
1147 1672 103 58 for
1279 1674 319 57 reference
1627 1674 122 57 and
1781 1675 189 71 study
1994 1676 82 69 by

83 1752 172 58 sheet
282 1752 191 57 metal
499 1752 275 56 workers
807 1753 124 56 and
960 1751 417 71 apprentices,
1406 1752 82 71 by
1518 1750 60 59 J.
1614 1750 61 59 S.
1706 1751 368 73 Daugherty

149 1828 1205 73 … Chicago, F. J. Drake & co., 1925.
153 1911 17 41 1
199 1923 40 38 p.
283 1942 22 16 l.,
332 1907 136 44 5-552
492 1923 39 37 p.
593 1906 129 47 illus.,
748 1907 167 52 diagrs.
1005 1905 24 44 17
1037 1909 46 17 cm
1091 1942 8 8 .

87 1963 52 53 ©
168 1964 121 53 Sept.
316 1964 38 51 4,
383 1962 130 53 1925;
539 1964 65 42 2c.
635 1963 121 52 Sept.
783 1966 50 45 8;
861 1964 78 42 aff.
972 1962 121 52 Sept.
1125 1962 74 52 10;
1228 1963 43 41 A
1298 1962 190 53 861732;
1517 1963 248 43 Frederick
1791 1965 40 51 J.
1860 1964 155 44 Drake
2044 1966 37 43 &

156 2035 65 29 co.
285 2018 66 56 [©
385 2034 99 30 new
520 2026 179 46 matter]
771 2018 270 56 (25-17361)

85 2120 279 69 Browne,
409 2120 233 72 Henry,
686 2123 189 55 1853-

161 2211 320 58 Darkness
512 2230 71 38 or
608 2210 158 71 light;
827 2231 80 37 an
935 2230 184 52 essay
1144 2211 66 56 in
1237 2210 103 58 the
1368 2211 224 72 theory
1618 2213 66 56 of
1713 2212 205 58 divine
86 2233 1974 127 contemplation,

517 2290 84 70 by
643 2288 222 72 Henry
907 2289 265 58 Browne
1276 2324 10 21 …;
1376 2289 90 58 St.
1512 2289 212 70 Louis,
1770 2291 144 71 Mo.,
1962 2291 123 57 and

86 2368 275 70 London,
391 2368 72 56 B.
493 2366 252 58 Herder
769 2365 159 59 book
955 2385 106 52 co.,
1093 2367 165 56 1925.

155 2443 475 55 vii, 286 p. 19½ cm .
89 2502 52 53 ©
168 2503 119 52 Aug.
314 2503 67 45 31,
411 2500 129 52 1925;
569 2501 64 43 2c.
665 2501 120 52 Sept.
812 2502 49 50 3;
891 2501 79 43 aff.
1002 2501 120 51 Sept.
1148 2501 50 47 2;
1229 2501 44 42 A
1301 2501 188 52 861662;
1524 2502 49 43 B.
1602 2503 184 43 Herder
1811 2504 121 43 book
1960 2519 64 28 co.

168 2557 270 55 (25-17456)

87 2657 357 74 Browning,
484 2658 145 57 Carl
666 2657 341 69 Hamilton,
1044 2661 188 56 1881-

162 2750 1917 75 Bacteriology, by Carl H. Browning … New York, H.
88 2830 153 58 Holt
269 2832 124 56 and
422 2848 334 53 company;
808 2832 128 67 [etc.,
968 2832 131 64 etc.,
1128 2835 17 22 c
1149 2829 165 72 1925]

157 2907 82 46 256
261 2922 40 37 p.
376 2907 116 44 illus.
573 2908 49 44 17
630 2909 47 18 cm
682 2942 10 9 .
774 2905 295 53 (Half-title:
1112 2907 153 45 Home
1301 2907 251 51 university
1590 2909 172 49 library
1801 2910 53 44 of
1892 2912 187 44 modern

89 2963 276 52 knowledge,
393 2979 74 32 no.
498 2964 103 47 112)

160 3022 175 43 “Notes
361 3036 57 28 on
445 3020 198 44 books”:
671 3034 39 36 p.
738 3018 206 47 253-254.

92 3074 52 53 ©
175 3076 106 51 July
313 3075 66 46 30,
413 3072 130 52 1925;
576 3074 64 43 2c.
673 3075 86 42 and
791 3074 78 43 aff.
901 3073 119 52 Aug.
1054 3073 48 52 6;
1138 3075 43 41 A
1213 3073 189 53 864105;
1438 3075 161 52 Henry
1632 3075 116 44 Holt
1782 3077 37 43 &
1850 3092 65 29 co.

170 3130 270 55 (25-15132)

96 3216 164 73 Cage
290 3217 175 56 birds
497 3217 123 55 and
648 3215 144 57 bird
820 3215 215 71 world,
1066 3235 57 36 v.
1155 3218 92 68 48,
1278 3236 96 37 no.
1410 3218 166 70 1227,
1610 3219 153 71 July
1795 3222 89 70 18,
1919 3223 165 55 1925.

93 3290 1992 59 © 1c. Sept. 14, 1925; A ad int. 7279; pubd. July 18; F. Carl, ℅ Hughes
163 3349 173 43 Massie
364 3349 37 43 &
429 3363 80 36 co.,
542 3347 116 44 New
687 3348 145 43 York.

97 3432 397 73 Callaghan’s
527 3433 243 57 Illinois
807 3432 224 73 digest,
1068 3434 301 70 complete
1405 3435 167 56 from
1607 3437 231 59 Breese
1876 3443 64 54 to
1977 3441 110 55 300

170 3511 243 57 Illinois
457 3512 124 55 and
620 3511 167 55 from
829 3513 31 53 1
905 3514 61 53 to
1010 3513 109 53 221
1162 3511 242 57 Illinois
1448 3514 332 73 appellate,
1825 3518 130 56 also
171 3519 1891 140 including

456 3587 242 57 Illinois
733 3588 212 70 points
981 3588 200 57 found
1214 3588 65 55 in
1314 3588 236 59 United
1588 3591 212 59 States
1837 3599 250 67 reports

174 3667 123 56 and
331 3665 66 56 in
436 3665 269 57 Federal
742 3668 250 67 reports
1030 3668 63 53 to
1134 3666 162 68 date,
1336 3666 84 68 by
1457 3666 242 73 George
1742 3669 69 57 F.
172 3671 1890 130 Longsdorf.

413 3759 56 40 v.
513 3743 88 56 11.
648 3741 362 73 [Municipal
1051 3745 180 54 court
1271 3745 62 54 to
1378 3743 333 77 Pollution]
1798 3746 289 77 Chicago,

175 3819 345 73 Callaghan
553 3821 124 56 and
709 3838 322 53 company,
1067 3821 164 54 1925.

168 3898 17 41 1
219 3912 37 37 p.
306 3931 22 16 l.,
358 3911 40 37 p.
431 3894 313 45 10327-11335.
799 3896 55 42 26
861 3899 15 17 cm
914 3931 9 8 .

96 3951 52 53 ©
178 3953 118 52 Sept.
322 3953 65 49 24,
417 3951 103 44 1925;
573 3952 64 43 2c.
665 3953 86 42 and
776 3951 79 43 aff.
885 3950 119 53 Sept.
1030 3951 54 43 29;
1140 3951 44 42 A
1210 3952 165 43 869064;
1431 3953 249 56 Callaghan
1709 3958 37 45 &
1772 3972 64 31 co.
