2533 4412
1295 4119 112 56 574

343 451 153 58 New
527 450 177 59 York
743 451 239 74 (State)
1072 453 203 74 Laws,
1309 457 289 70 statutes,
1636 457 93 53 etc.

422 542 130 57 The
578 541 431 58 consolidated
1029 542 153 57 laws
1210 541 66 57 of
1301 541 155 57 New
1478 541 190 74 York,
1696 543 359 57 annotated.
342 541 1982 136 Cumulative

572 620 411 71 supplement,
1019 620 150 56 1924
1210 618 328 75 (covering
1567 620 104 57 the
1704 620 362 72 legislation
2100 620 67 58 of
2201 622 152 59 1917

343 702 63 53 to
439 700 166 70 1924,
637 697 322 72 inclusive,
994 697 124 58 and
1146 716 138 38 new
1315 697 310 58 decisions
1662 699 381 70 subsequent
2072 702 64 53 to
2170 699 178 58 those

345 776 353 71 appearing
734 775 67 56 in
840 775 104 56 the
986 774 273 73 original
1297 775 434 73 annotations)
1821 776 117 57 Ed.
1981 776 84 72 by
2103 776 246 58 Harold

345 855 73 56 N.
459 853 324 73 Eldridge,
822 852 277 59 assisted
1131 853 85 73 by
1251 853 213 58 Minor
1497 853 347 74 Bronaugh
1881 855 123 57 and
2039 854 310 59 members

345 933 67 57 of
440 933 105 57 the
575 931 295 58 editorial
899 930 171 59 staff.
1139 931 375 74 Northport,
1545 933 73 55 N.
1648 933 94 72 Y.,
1774 932 280 59 Edward
345 933 1978 134 Thompson

492 1027 324 55 company,
850 1010 166 56 1924.

413 1087 199 44 Various
643 1086 206 53 pagings.
908 1086 53 44 23½
998 1089 47 17 cm
1051 1122 9 8 .

343 1142 53 56 ©
428 1143 102 45 Oct.
563 1141 65 55 17,
661 1143 130 52 1924;
822 1143 66 43 2c.
919 1143 89 43 and
1036 1144 78 43 aff.
1144 1144 118 52 June
1286 1144 68 52 20,
1388 1142 131 54 1925;
1552 1144 44 42 A
1627 1142 191 55 855619;
1853 1143 201 48 Edward
2084 1143 264 54 Thompson

412 1215 68 30 co.

345 1285 159 59 Ohio
541 1287 121 56 law
699 1289 308 69 reporter,
1089 1304 58 39 v.
1189 1288 89 54 22.
1356 1285 61 57 A
1451 1286 239 72 weekly
1726 1285 256 73 journal
2017 1286 334 73 published

420 1365 68 56 in
525 1364 104 57 the
666 1364 272 57 interest
974 1364 68 57 of
1078 1364 105 57 the
1221 1364 168 72 legal
1424 1364 364 71 profession
1825 1364 68 57 in
1932 1364 104 58 the
2079 1367 163 55 state
2284 1365 66 58 of

424 1442 175 60 Ohio.
691 1442 240 58 Vinton
981 1442 72 57 R.
1111 1441 309 76 Shepard,
1474 1442 221 58 editor.
1791 1441 375 76 Cincinnati,
2221 1444 129 58 The

423 1520 157 59 Ohio
610 1522 121 55 law
761 1523 294 69 reporter
1085 1539 323 55 company,
1443 1523 165 55 1925.

411 1599 98 51 xxi,
539 1596 82 46 777
649 1613 41 38 p.
749 1598 57 44 24
811 1600 48 18 cm
864 1633 9 8 .

344 1652 53 54 ©
421 1655 116 53 June
565 1653 64 54 15,
657 1653 129 54 1925;
812 1655 65 43 2c.
902 1655 116 52 June
1043 1654 75 53 18;
1145 1655 79 42 aff.
1250 1654 119 53 June
1393 1653 75 54 17;
1496 1655 44 42 A
1565 1653 192 55 829753;
1788 1655 120 45 Ohio
1935 1655 87 45 law
2048 1664 208 45 reporter
2282 1672 66 29 co.

344 1738 153 72 Otis,
541 1738 284 61 William
862 1739 347 73 Augustus,
1254 1741 189 56 1855-

418 1830 60 56 A
509 1829 427 74 genealogical
968 1830 124 57 and
1121 1829 331 58 historical
1482 1830 264 58 memoir
1780 1831 68 58 of
1881 1831 106 59 the
2020 1831 138 60 Otis
343 1832 1982 148 family
481 1907 67 57 in

599 1908 314 71 America,
966 1907 307 72 compiled
1325 1909 124 56 and
1502 1909 317 72 arranged
1869 1908 169 59 from
2088 1910 259 59 various

345 1984 2001 80 sources by William A. Otis … Chicago [Schulkins, inc.]
346 2067 166 57 1924.

422 2143 1932 56 4 p. l., 698, 28 p., 1 l. front., plates, ports., maps, facsims., fold. geneal.
351 2199 794 52 tab., col. coat of arms. 27 ½ cm .
423 2258 149 43 Blank
601 2273 136 37 pages
769 2257 74 45 for
874 2256 258 45 “Records”
1171 2255 243 54 (687-698)

342 2313 56 54 ©
423 2315 112 52 Apr.
566 2315 63 51 13,
658 2312 130 55 1925;
816 2315 64 42 2c.
907 2314 113 52 Apr.
1046 2313 80 53 23;
1155 2314 78 43 aff.
1262 2314 114 52 May
1404 2314 75 52 14;
1508 2314 44 42 A
1580 2311 189 56 855334;
1797 2315 77 45 W.
1902 2316 57 43 A.
1990 2316 116 51 Otis,
2135 2315 213 55 Chicago.

424 2369 272 57 (25-10187)

344 2454 255 59 Palacio
640 2454 250 72 Valdés,
934 2453 341 71 Armando,
1320 2456 190 58 1853-

399 2547 91 56 La
512 2546 304 58 hermana
844 2545 129 59 San
1001 2546 297 71 Sulpicio,
1321 2563 121 53 por
1464 2545 325 59 Armando
1815 2547 256 59 Palacio
2095 2549 253 76 Valdés,

345 2626 207 57 edited
586 2625 154 58 with
774 2628 198 73 notes,
1012 2625 481 57 direct-method
1531 2626 309 58 exercises
1878 2626 108 58 for
344 2648 1983 113 conversation

506 2706 124 56 and
658 2703 414 71 composition
1099 2704 124 56 and
1249 2703 402 73 vocabulary,
1676 2704 84 72 by
1787 2704 170 59 John
1984 2706 83 56 M.
2097 2706 251 59 Pittaro

413 2780 1794 78 … Boston, New York [etc.] Ginn and company [ c 1925]
353 2859 1983 113 x, 284 p. incl. front., illus. 17 ½ cm . (International modern language series)
346 2974 53 53 ©
425 2976 112 51 Apr.
563 2974 38 53 7,
632 2972 131 54 1925;
788 2974 65 43 2c.
879 2974 116 52 May
1018 2974 78 50 22;
1122 2973 82 43 ,aff.
1232 2974 113 51 May
1369 2973 50 42 21;
1477 2974 44 42 A
1548 2971 191 55 855318;
1768 2973 119 53 John
1915 2977 66 42 M.
2012 2975 190 54 Pittaro,
2233 2977 117 45 New

415 3033 143 42 York.
623 3030 67 54 [©
718 3038 144 44 notes,
891 3030 226 44 exercises
1147 3030 87 43 and
1262 3029 290 54 vocabulary]
1623 3029 273 57 (25-10097)

346 3120 293 69 Pearson,
682 3116 212 74 Ralph
932 3116 70 58 M
1313 3117 193 58 1883-

422 3211 164 57 How
620 3214 65 53 to
727 3229 100 37 see
866 3209 261 57 modern
1165 3208 312 72 pictures;
1517 3227 79 37 an
1637 3209 325 58 extension
2003 3210 69 58 of
2109 3212 104 59 the
350 3213 1977 146 design

523 3286 310 74 principle
867 3287 133 56 into
1036 3286 177 58 three
1248 3284 385 59 dimensions
1670 3287 125 58 and
1831 3306 82 39 an
1949 3290 404 71 explanation

350 3365 68 58 of
450 3366 84 57 its
567 3365 174 59 basic
779 3363 388 74 application
1202 3368 65 53 to
1305 3363 105 59 the
1445 3365 175 56 work
1654 3365 69 58 of
1757 3365 105 59 the
1897 3367 314 73 moderns,
2248 3369 103 59 the

350 3442 375 74 primitives,
781 3444 124 56 and
958 3441 104 59 the
1117 3441 256 58 classics
1430 3441 69 58 of
1551 3443 153 57 both
1756 3443 258 74 Europe
2069 3447 124 56 and
2248 3448 104 58 the

350 3520 238 74 Orient,
630 3520 290 71 together
961 3518 155 59 with
1157 3539 80 37 an
1280 3519 318 72 appendix
1641 3521 362 73 containing
2048 3524 300 72 practical

350 3598 399 74 suggestions
778 3597 104 57 for
908 3597 300 73 bridging
1233 3598 104 56 the
1366 3616 124 53 gap
1519 3600 277 57 between
1827 3600 188 58 artist
2048 3603 122 57 and
345 3604 1983 145 public,
468 3678 85 71 by

577 3676 210 72 Ralph
812 3676 83 56 M.
925 3675 301 57 Pearson.
1309 3675 152 59 New
1487 3676 191 72 York,
1705 3678 70 57 L.
1807 3678 383 78 MacVeagh,
2223 3683 129 58 The

347 3755 147 59 Dial
519 3772 202 56 press,
753 3753 167 59 1925.

417 3832 93 53 xvi,
539 3832 84 44 228
650 3847 40 37 p.
754 3831 158 51 front.,
945 3831 133 52 illus.,
1109 3831 160 53 plates.
1332 3832 52 43 19
1390 3833 46 18 cm
1443 3866 9 8 .

418 3889 187 45 “Books
641 3897 47 36 to
728 3887 136 44 read”:
931 3903 41 37 p.
1013 3887 191 46 157-159;
1270 3887 296 53 “Magazines
1609 3889 215 55 showing
1860 3899 358 49 contemporary
348 3909 1983 83 creative
496 3947 99 43 art”:
651 3961 41 37 p.
723 3944 204 45 159-163.

348 4000 1997 62 © Apr. 11, 1925; 1c. May 6; 1c. and aff. Apr. 22; A 829280; Dial press,
419 4061 83 43 inc.
571 4058 272 48 (25-10123)
