2533 4412
1307 4096 116 57 434

376 410 207 71 Clark,
623 411 352 61 Catherine.

448 503 1935 80 Heart of a lark, by Catherine Clark … London, Hurst
371 579 48 57 &
442 580 310 74 Blackett,
778 582 112 58 ltd.
924 584 184 73 [1925]

440 658 575 53 285 p. 19½ cm . 7/6
373 727 1985 112 © 1c. May 26, 1925; A ad int. 6955; pubd. Mar. 27; Evelyn Catherine U ni acke,
595 787 304 54 Whitegates,
932 787 283 55 Camberley,
1247 788 223 55 England.
1540 790 271 55 (25–11083)

373 887 247 74 Corelli,
655 888 220 73 Marie,
912 892 361 57 1864-1924.

450 979 179 73 Open
673 980 360 59 confession
1076 985 65 55 to
1185 1001 37 38 a
1262 1000 149 39 man
1454 983 169 58 from
1667 1004 37 38 a
1745 1002 262 56 woman,
2051 986 85 72 by
2178 986 206 59 Marie

373 1055 249 61 Corelli.
706 1058 155 59 New
885 1059 191 72 York,
1109 1059 243 74 George
1380 1060 81 62 H.
1491 1061 220 59 Doran
1738 1082 309 54 company
2076 1094 14 44 [
2090 1072 22 22 c
2113 1065 166 73 1925]

444 1136 79 44 190
551 1151 40 38 p.
651 1137 49 43 21
711 1138 49 18 cm
765 1172 9 9 .

371 1191 53 55 ©
458 1193 109 44 Feb.
598 1194 67 50 20,
701 1193 132 53 1925;
865 1195 66 43 2c.
965 1195 113 52 Apr.
1115 1196 75 51 11;
1224 1196 80 43 aff.
1337 1195 109 45 Feb.
1477 1197 79 52 24;
1592 1197 45 42 A
1669 1196 191 54 823714;
1898 1198 173 43 Bertha
2102 1198 160 53 Vyver
2294 1200 87 43 and

440 1251 59 43 A.
537 1250 44 46 S.
617 1251 146 52 Watt,
796 1251 202 44 London.
1068 1250 245 57 (25-8470)

371 1351 316 71 Cotterell,
723 1352 283 59 Howard
1037 1353 321 58 Herschel.

444 1445 303 60 National
769 1449 185 71 types
983 1448 70 59 of
1078 1448 103 59 old
1204 1450 257 71 pewter,
1487 1449 85 73 by
1597 1447 283 61 Howard
1903 1447 309 61 Herschel

367 1446 1992 153 Cotterell … Boston, Mass., Antiques, incorporated, 1925.
433 1603 66 53 xi,
526 1603 53 46 47
607 1620 41 38 p.
677 1603 104 46 incl.
810 1605 159 53 front.,
994 1604 119 46 ülus.
1174 1607 51 44 31
1234 1607 49 18 cm
1288 1641 9 9 .

441 1661 142 46 “This
618 1662 174 45 edition
825 1661 39 46 is
898 1661 176 45 limited
1105 1671 49 37 to
1188 1678 88 30 one
1306 1662 228 45 thousand
1565 1663 89 45 and
1686 1662 106 54 fifty
1825 1661 166 55 copies,
2024 1662 55 47 of
2111 1662 151 47 which
2295 1679 87 30 one

364 1717 228 47 thousand
618 1734 79 30 are
721 1719 77 44 for
823 1718 107 47 sale.
988 1718 117 47 This
1132 1719 38 46 is
1195 1721 191 43 number
1407 1719 97 46 35.”

369 1773 53 55 ©
452 1776 113 51 Apr.
599 1777 63 49 10,
698 1774 130 54 1925;
860 1775 65 43 2c.
957 1775 113 52 Apr.
1105 1775 75 52 16;
1213 1776 79 43 aff.
1324 1775 113 52 Apr.
1472 1776 75 50 11;
1581 1774 44 43 A
1658 1772 163 47 823795;
1882 1775 240 54 Antiques,
2154 1776 84 43 inc.

446 1832 246 55 (25-8561)

367 1933 299 75 Cushing,
704 1933 239 58 Luther
981 1933 280 71 Stearns,
1301 1934 362 58 1803-1856.

436 2025 262 59 Manual
728 2025 69 59 of
824 2025 505 74 parliamentary
1356 2022 280 76 practice;
1699 2024 169 60 rules
1903 2025 70 59 of
2001 2025 382 76 proceeding

366 2106 126 57 and
518 2106 225 57 debate
770 2104 65 58 in
862 2104 411 60 deliberative
1302 2104 385 74 assemblies,
1716 2105 84 71 by
1823 2103 240 60 Luther
2094 2104 62 60 S.
364 2105 1994 151 Cushing.

570 2183 153 58 Rev.
763 2185 125 57 and
923 2182 320 75 amplified
1278 2184 85 71 by
1399 2183 161 58 Paul
1596 2183 75 58 E.
1708 2183 205 58 Lowe.
1999 2182 384 76 Containing

366 2261 512 74 comprehensive
904 2261 415 59 instructions
1348 2264 126 58 and
1498 2261 441 73 explanations
1966 2261 105 58 for
364 2261 1992 151 organizing
512 2341 126 57 and
676 2339 379 73 conducting
1092 2340 104 60 the
1237 2339 414 73 proceedings
1695 2339 70 59 of
1804 2339 409 60 conventions
2256 2343 126 57 and

366 2419 179 58 other
578 2418 413 60 deliberative
1019 2417 237 61 bodies.
1338 2418 158 60 Also
1530 2438 81 40 an
1643 2417 323 75 exemplar
1999 2417 70 60 of
2099 2420 106 58 the

367 2439 1986 130 proceedings
709 2496 69 58 of
827 2516 40 38 a
909 2496 277 73 meeting
1232 2496 66 57 in
1345 2496 211 59 actual
1604 2495 350 75 operation,
2003 2497 126 58 and
2175 2498 206 58 model

365 2574 1944 73 forms for the drafting of constitutions and by-laws …
365 2653 463 74 Philadelphia,
856 2654 130 72 Pa.,
1015 2653 210 59 David
1254 2654 255 73 McKay
1536 2673 325 55 company,
1891 2662 20 24 c
1913 2656 168 58 1925.

433 2733 83 45 318
546 2748 43 39 p.
650 2733 54 45 16
709 2735 48 17 cm
762 2767 11 10 .

366 2789 60 54 ©'
453 2791 113 52 Apr.
600 2789 65 53 16,
702 2788 130 54 1925;
866 2790 66 43 2c.
964 2790 87 43 and
1084 2791 79 42 aff.
1196 2790 112 53 Apr.
1345 2791 75 51 18;
1456 2790 44 43 A
1533 2789 189 54 823816;
1757 2790 152 44 David
1942 2790 189 54 McKay
2162 2805 68 29 co.

445 2847 245 55 (25-8583)

362 2946 242 71 Dibble,
641 2946 140 74 Roy
815 2946 220 73 Floyd,
1074 2948 191 57 1887-

361 3036 1990 152 John L. Sullivan; an intimate narrative, by R. P. Dibble … Boston, Little, Brown, and company, 1925.
432 3192 95 54 xiv,
556 3193 85 46 209
669 3209 43 38 p.
773 3192 160 54 front.,
966 3193 160 54 plates,
1156 3198 144 49 ports.
1359 3193 55 44 22½c
1468 3195 29 18 m
1503 3228 9 8 .
1626 3191 127 53 $3.00

362 3250 57 54 ©
445 3253 113 51 Apr.
589 3252 64 52 10,
683 3251 130 52 1925;
841 3252 66 43 2c.
934 3252 88 43 and
1048 3253 80 42 aff.
1156 3252 113 53 Apr.
1301 3253 75 51 11;
1407 3252 45 42 A
1479 3251 190 53 823669;
1702 3252 54 43 R.
1788 3251 50 44 F.
1867 3250 178 53 Dibble,
2079 3251 120 45 New
2226 3252 143 43 York.

444 3308 243 56 (25-8516)

364 3408 188 69 Eliot,
606 3407 258 73 George,
917 3409 238 72 pseud.,
1204 3407 39 58 i.
1299 3427 46 38 e.
1400 3406 255 58 Marian
1706 3408 231 69 Evans,
1992 3408 379 73 afterwards

442 3486 222 70 Cross,.
684 3488 360 56 1819-1880.

510 3575 1860 75 … Silas Marner, by George Eliot; edited by Mary P.
362 3653 1985 153 Eaton … Philadelphia, Chicago [etc.] The John C. Winston company [ c 1925]
364 3809 1985 114 xxxiii p., 1 l., 315 p. front., plates. 16 cm . (Winston companion classics)
363 3924 53 54 ©
444 3927 113 51 Apr.
591 3927 35 49 1,
660 3924 130 52 1925;
818 3925 66 43 2c.
915 3924 112 52 Apr.
1063 3922 74 54 17;
1168 3924 78 43 aff.
1277 3924 112 52 Apr.
1423 3923 75 52 16;
1529 3924 45 42 A
1604 3924 190 52 823811;
1825 3923 120 53 John
1977 3923 48 45 C.
2054 3922 216 47 Winston
2298 3939 66 29 co.

438 3980 66 55 [©
532 3982 294 53 preliminary
853 3987 182 44 matter,
1063 3979 318 53 introduction,
1409 3980 288 52 vocabulary,
1726 3987 142 46 notes,
1898 3982 86 43 and
2013 3981 74 43 the
2116 3980 171 53 editing
2316 3981 51 44 of

434 4039 75 44 the
539 4039 142 44 entire
712 4046 113 46 text]
896 4035 243 56 (25-8545)
