2533 4412
1048 4039 147 57 1335

199 463 592 54 X p., 1 l., 270 p. 19 ½ cm .
131 537 52 53 ©
211 539 117 42 Nov.
356 539 39 49 4,
425 537 128 51 1925;
580 538 65 42 2c.
672 538 88 41 and
786 537 77 42 aff.
893 537 118 42 Nov.
1042 535 48 53 5;
1119 537 43 41 A
1190 536 188 51 872312;
1411 536 268 44 Macmillan
1704 553 65 27 co.

207 591 270 56 (25-22589)

197 708 1255 75 … Versailles. [Paris] Hachette [1925]
199 797 1563 56 64 p. incl. front., illus. 24 ½ cm . (Encyclopedic par l’image)
127 868 1881 56 © Sept. 11, 1925; 1c. Dec. 7; A—Foreign 29372; Librairie Hachette.
132 984 319 73 Vizetelly,
492 983 263 58 Francis
793 983 262 72 Horaee,
1096 985 189 57 1864-
1443 1002 193 54 comp.

205 1076 199 58 Who?
472 1075 240 58 When?
779 1075 269 58 Where?
1116 1075 229 57 What?
1419 1075 207 72 20,000
1654 1076 166 58 facts
1854 1095 79 38 on
131 1077 1975 135 makers

265 1153 66 58 of
363 1153 263 72 history,
661 1155 118 70 art,
813 1152 350 73 literature,
1201 1152 255 71 science,
1492 1153 124 57 and
1649 1153 283 74 religion,
129 1173 1974 130 compiled

331 1229 1797 74 by Prank H. Vizetelly … Rev. ed. … New York
130 1310 125 56 and
283 1307 273 59 London’
594 1307 181 57 Funk
804 1308 47 56 &
879 1307 328 73 Wagnalls
1241 1325 307 55 company
1583 1337 13 44 [
1598 1314 19 24 c
1620 1309 165 74 1925]

199 1398 54 45 79
284 1413 38 38 p.
388 1397 139 45 16×9
533 1401 46 17 cm
586 1433 8 8 .

129 1471 52 53 ©
215 1473 100 43 Oct.
347 1472 68 51 20,
450 1470 130 53 1925;
614 1472 63 42 2c.
711 1464 94 50 and
831 1471 77 43 aff.
945 1472 100 43 Oct.
1079 1470 76 52 30;
1193 1471 44 42 A
1269 1470 187 51 872232;
1496 1470 132 44 Funk
1660 1473 37 43 &
1729 1474 239 52 Wagnalls
2002 1489 66 28 co.

207 1527 269 55 (25-22461)

129 1628 318 69 Voelcker,
488 1627 190 71 Fritz,
719 1629 189 57 1872-
1066 1629 90 57 ed.

201 1717 414 73 Urologische
651 1716 557 74 operationslehre,
1244 1717 171 72 hrsg.
1454 1736 123 38 von
1614 1718 165 71 prof.
1821 1720 90 56 dr.
1953 1720 176 58 Fritz

127 1794 1998 75 Voelcker … und dr. Erich Wossidlo … bearb. von prof,
129 1871 1998 76 dr. V. Blum … prof. dr. F. Colmers [U. a.] … Mit 504 teils
128 1952 294 73 farbigen
466 1951 435 72 abbildungen.
1004 1952 69 71 2.,
1118 1951 332 58 neubearb.
1497 1952 138 58 aufl.
1735 1953 276 74 Leipzig,
2057 1955 69 59 G.

126 2031 269 72 Thieme,
424 2031 164 57 1924.

196 2124 93 52 xvi,
316 2121 82 46 654
425 2138 37 37 p.
521 2122 114 44 illus.
674 2123 127 52 (part
828 2121 109 54 col.)
1002 2122 57 44 28½
1110 2125 29 16 cm
1146 2157 7 9 .

198 2178 516 47 “Schriftennachweis”
733 2194 8 28 :
775 2194 40 38 p.
838 2179 206 44 636-637.

126 2249 1940 57 © Oct. 24, 1924; 1c. Sept. 23, 1925; A—Foreign 28673; Georg Thieme.
205 2309 269 54 (25-23136)

128 2408 227 72 White,
399 2407 226 59 Edwin
664 2408 69 57 E.

204 2499 129 57 The
374 2502 177 67 story
587 2498 68 57 of
689 2497 314 72 missions,
1041 2498 84 71 by
1162 2497 225 58 Edwin
1424 2498 73 56 E.
1535 2498 243 72 White;
1819 2519 182 38 cover
2041 2501 81 73 by

125 2578 327 73 Margaret
483 2576 326 58 Freeman.
883 2575 153 58 New
1064 2575 191 73 York,
1289 2576 130 58 The
1448 2575 247 60 Boards
1727 2578 70 58 of
1823 2578 297 60 missions

127 2657 68 57 of
219 2657 103 58 the
353 2655 451 71 Presbyterian
831 2654 229 57 church
1086 2653 66 57 in
1177 2654 104 57 the
1307 2654 77 59 U.
1416 2654 61 59 S.
1507 2655 74 57 A.
1613 2684 13 44 [
1629 2664 17 21 c
1650 2656 165 73 1925]

189 2751 48 37 X,
265 2734 158 45 11-251
452 2749 39 38 p.
556 2734 48 43 19
613 2737 46 17 cm
666 2769 7 7 .

194 2793 178 44 “Books
400 2792 98 43 that
524 2790 78 44 tell
628 2791 76 42 the
730 2798 125 45 story
882 2790 51 43 of
959 2788 263 46 missions”:
1251 2805 38 37 p.
1319 2787 205 46 247-251.

128 2847 52 54 ©
215 2849 100 43 Oct.
349 2848 67 51 28,
454 2845 129 53 1925;
618 2847 64 42 2c.
717 2847 87 42 and
838 2847 79 42 aff.
953 2846 119 43 Nov.
1113 2846 74 52 10;
1224 2847 43 41 A
1303 2846 189 51 872380;
1531 2848 174 42 Boards
1741 2847 49 44 of
1823 2848 210 45 missions
2070 2850 53 43 of

197 2905 75 43 the
298 2903 323 53 Presbyterian
647 2902 167 43 church
841 2903 44 42 in
910 2903 74 43 the
1009 2903 58 43 U.
1100 2902 44 45 S.
1173 2903 56 43 A.
1299 2901 269 54 (25-22764)

128 3003 462 71 Whitechurch,
631 3002 219 58 Victor
888 3002 292 72 Lorenzo,
1223 3004 190 57 1868-

202 3094 129 58 The
362 3094 379 56 adventures
774 3092 66 57 of
871 3091 272 72 Captain
1172 3092 160 56 Ivan
1359 3091 369 73 Koravitch,
1761 3093 126 58 late
1917 3095 69 57 of
2015 3095 104 58 the

125 3169 1925 74 Imperial Russian army, by Victor L. Whitechurch …
125 3248 373 74 Edinburgh
526 3250 122 56 and
674 3248 277 73 London,
978 3248 97 57 W.
1103 3248 372 58 Blackwood
1504 3249 122 58 and
1655 3268 165 54 sons,
1850 3251 165 57 1925.

194 3329 512 52 vi, 307, [1] p. 19 cm .
128 3382 1994 56 © 1c. Nov. 12, 1925; A ad int. 7416 ; pubd. Sept. 16; V. L. Whitechurch,
197 3441 272 53 Aylesbury,
504 3441 162 49 Bucks,
702 3439 222 53 England.
994 3437 269 55 (25-23729)

128 3540 304 73 Whiting,
466 3543 151 54 Mrs.
652 3540 203 56 Isabel
890 3538 295 58 Kimball.

204 3631 324 58 Dramatic
557 3631 269 60 services
856 3631 68 56 of
948 3629 295 73 worship,
1271 3631 83 71 by
1379 3631 208 57 Isabel
1614 3632 282 57 Kimball
124 3631 1971 153 Whiting;

126 3707 1967 152 introduction by Samuel McChord Crothers … Boston, Mass., The Beacon press, inc., 1925.
197 3868 94 51 xiii,
321 3867 82 44 220
428 3882 39 37 p.
529 3866 151 52 front.,
709 3882 57 37 pl.
823 3867 54 42 23½
914 3868 47 18 cm
967 3900 9 7 .

129 3922 52 54 ©
214 3924 118 43 Nov.
362 3924 41 49 2,
437 3922 129 52 1925;
598 3925 64 41 2c.
693 3924 86 42 and
810 3923 78 42 aff.
923 3922 118 43 Nov.
1074 3921 49 52 7;
1158 3922 43 41 A
1231 3921 189 53 872360;
1457 3922 180 44 Beacon
1666 3937 142 38 press,
1841 3922 83 44 inc.

209 3978 268 55 (25-22769)
