2533 4412
1199 4076 109 56 516

244 415 130 57 The
409 413 154 58 New
594 413 457 58 international
1081 433 155 53 year
1269 413 191 71 book;
1499 432 40 37 a
1571 411 437 73 compendium
2041 412 67 57 of
2143 412 105 58 the

318 492 259 57 world’s
619 510 302 53 progress
964 491 107 58 for
1110 491 104 57 the
1257 510 155 53 year
1456 492 166 56 1924.
1705 491 282 71 Editors,
2032 490 217 57 Frank

321 568 1926 73 Moore Colby … Herbert Treadwell Wade. New York,
319 647 202 72 Dodd,
559 646 188 59 Mead
784 647 127 58 and
944 665 323 54 company,
1306 648 166 55 1925.

311 721 1553 55 4 p. l ., 808 p. plates, ports., col. maps (part fold.) 25½ cm .
242 778 53 54 ©
327 781 112 51 May
470 780 61 51 18,
567 778 129 55 1925;
728 781 65 43 2c.
827 781 113 52 May
967 781 80 52 21;
1082 782 80 42 aff.
1192 781 114 52 May
1334 779 78 53 27;
1445 780 44 43 A
1521 778 191 55 855391;
1747 779 149 54 Dodd,
1928 779 139 45 Mead
2099 779 38 44 &
2165 793 82 38 co.,

313 836 84 46 inc.

240 921 221 74 Niven,
505 921 344 59 Frederick
887 922 185 72 John,
1117 925 191 57 1878-

322 1003 60 57 A
423 1004 175 58 lover
641 1004 68 58 of
752 1003 103 58 the
901 1005 166 70 land,
1113 1005 125 57 and
1283 1003 179 58 other
1505 1021 234 54 poems,
1784 1003 84 71 by
1912 1001 339 60 Frederick

244 1080 220 60 Niven.
548 1081 153 58 New
725 1080 191 73 York,
947 1081 162 59 Boni
1137 1081 48 57 &
1212 1079 348 75 Liveright,
1592 1081 166 58 1925.

312 1158 656 54 vi p., 1 l., 9-72 p. 19½cm.
243 1212 53 54 ©
328 1215 115 52 May
476 1216 33 49 1,
548 1213 102 45 1925;
709 1214 66 44 2c.
808 1215 88 43 and
927 1215 80 43 aff.
1043 1215 112 52 May
1186 1215 51 52 8;
1272 1214 44 43 A
1347 1214 192 53 829328;
1576 1214 115 44 Boni
1725 1215 38 43 &
1795 1212 251 55 Liveright,
2079 1215 83 43 inc.

322 1269 244 57 (25-9542)

242 1356 220 71 North,
494 1356 246 58 Arthur
773 1355 386 74 Walbridge,
1198 1376 192 53 comp.

325 1438 130 59 The
481 1438 162 74 glow
669 1438 67 59 of
762 1438 104 59 the
895 1436 315 75 campfire,
1237 1438 323 73 revealing
1584 1436 275 75 through
1883 1438 106 59 the
2012 1437 240 59 mellow

246 1516 160 74 light
452 1519 68 56 of
567 1517 255 59 radiant
867 1515 433 76 impressions,
1350 1539 37 37 a
1435 1518 388 72 symposium
1871 1518 68 58 of
1982 1518 104 58 the
248 1516 1980 138 Yosemite

492 1598 208 57 lovers
730 1597 126 59 and
881 1595 165 59 their
1073 1594 499 75 intercollegiate
1599 1594 246 60 friends
1875 1600 65 55 at
245 1596 1984 150 “Northwold”,

516 1675 65 57 in
620 1675 102 59 the
764 1674 299 59 Catskills
1101 1677 67 57 of
1207 1674 152 58 New
1396 1674 191 73 York,
1630 1694 78 38 on
1747 1674 167 59 June
1954 1676 91 73 21,
2084 1676 167 56 1924.

249 1753 422 60 Transcribed
694 1754 84 72 by
803 1754 106 59 the
931 1773 193 54 many
1147 1753 152 58 with
1324 1753 134 73 just
1484 1776 35 37 a
1544 1754 165 58 little
1734 1753 208 74 lacing
1965 1755 290 72 together

246 1831 2008 75 left for Arthur North and Archie Rice … Walton, N. Y.,
245 1912 165 57 1924.

310 1987 54 44 64
399 2002 40 39 p.
501 1987 133 54 illus.,
668 1986 160 54 plates,
864 1994 140 47 ports.
1070 1987 54 44 23
1132 1989 46 19 cm
1185 2022 9 9 .

314 2045 74 44 On
427 2059 161 30 cover:
633 2045 198 44 Radiant
873 2044 290 53 impressions
1203 2043 52 45 of
1294 2060 25 28 a
1360 2044 143 53 thirty
1541 2060 110 38 year
1694 2046 189 43 reunion
1924 2047 53 42 of
2016 2045 235 47 Yosemite

239 2101 162 44 lovers.

244 2155 53 54 ©
329 2157 110 44 Dec.
473 2156 64 54 17,
569 2157 131 52 1924;
730 2158 66 43 2c.
826 2157 113 53 Apr.
973 2157 64 53 10,
1070 2155 132 56 1925;
1233 2159 80 42 aff.
1345 2158 100 53 Jan.
1478 2157 77 54 14;
1586 2158 44 43 A
1662 2156 189 56 822901;
1885 2159 58 44 A.
1975 2160 75 44 W.
2083 2159 167 54 North,

314 2214 204 53 Walton,
551 2214 59 44 N.
644 2215 56 43 Y.
771 2212 245 57 (25-9478)

244 2300 271 70 O’Kane,
559 2300 243 59 Walter
847 2299 253 71 Collins,
1146 2303 190 57 1877-

388 2377 1867 76 … Trails and summits of the White Mountains, by
243 2455 2009 75 Walter Collins O’Kane … Boston and New York,
243 2534 343 74 Houghton
619 2534 219 57 Mifflin
870 2553 324 53 company,
1229 2535 165 60 1925.

243 2611 1991 112 x p., 1 l., 308 p. front., illus. (maps) plates. 17 cm . (The Riverside outdoor handbooks)
246 2726 53 54 ©
336 2729 114 51 May
488 2730 36 50 1,
560 2726 131 51 1925;
728 2728 65 44 2c.
830 2728 88 43 and
953 2728 79 43 aff.
1070 2728 113 52 May
1218 2727 49 52 4;
1306 2727 44 43 A
1386 2727 189 53 829243;
1615 2726 181 46 Walter
1834 2725 170 47 Collins
2045 2727 205 53 O’Kane,

317 2781 723 57 Durham, N. H . (25-9571)
246 2869 256 72 O’Neill,
546 2870 256 72 Eugene
844 2868 358 70 Gladstone,
1248 2871 189 57 1888-

391 2946 1863 74 … Desire under the elms [by] Eugene O’Neill. New
247 3026 188 74 York,
465 3024 164 58 Boni
659 3024 48 59 &
733 3024 348 72 Liveright,
1116 3025 166 58 1925.

314 3104 29 44 4
367 3118 41 38 p.
455 3138 22 15 l.,
506 3102 164 44 11-166
695 3118 40 38 p.
800 3104 49 43 19½c
903 3106 29 17 m
938 3138 9 8 .
1014 3101 686 50 (Provincetown-Greenwich
1732 3102 155 53 plays)

248 3158 53 55 ©
332 3160 113 53 Apr.
482 3161 63 51 11,
580 3158 132 55 1925;
745 3160 64 44 2c.
843 3160 113 53 Apr.
987 3161 79 53 21;
1102 3161 78 43 aff.
1215 3160 110 53 Apr.
1365 3159 74 54 18;
1475 3160 44 44 A
1552 3160 189 54 823918;
1780 3159 115 46 Boni
1930 3161 38 44 &
2002 3158 248 55 Liveright,

319 3218 82 43 inc.
471 3216 244 56 (25-9427)

246 3286 307 73 Packard,
599 3286 264 59 Francis
907 3286 351 74 Randolph,
1304 3289 190 57 1870-

326 3365 141 73 Guy
500 3366 190 57 Patin
727 3367 124 57 and
886 3367 104 57 the
1025 3367 265 57 medical
1324 3365 366 72 profession
1721 3366 66 56 in
1822 3365 188 58 Paris
2047 3366 65 56 in
2148 3366 104 57 the

371 3443 1879 72 XVII th century, by Francis R. Packard … with seventeen
247 3521 423 57 illustrations
702 3521 324 73 including
1055 3522 143 57 nine
1233 3522 120 56 full
1382 3539 164 54 page
1578 3522 225 71 plates.
1877 3522 153 56 New
2061 3521 189 72 York,

248 3600 68 56 P.
353 3598 70 57 B.
458 3599 271 72 Hoeber,
762 3599 137 72 inc.,
935 3600 166 57 1925.

319 3675 114 52 xxii,
469 3675 83 44 334
585 3690 38 38 p.
661 3675 100 44 incl.
799 3676 151 50 front.,
989 3676 115 43 illus.
1132 3676 96 53 (incl.
1297 3675 225 54 facsims.)
1566 3675 157 53 plates,
1762 3683 138 45 ports.
1959 3675 50 44 21
2020 3677 47 18 cm
2073 3710 10 9 .

322 3733 129 44 “One
482 3732 224 44 thousand
738 3733 87 43 and
858 3732 105 54 fifty
996 3733 148 53 copies
1180 3733 51 44 of
1263 3732 89 45 this
1386 3732 120 44 book
1538 3732 115 45 have
1685 3733 111 43 been
1830 3733 192 53 printed,
2056 3732 86 44 and
2176 3733 75 43 the

250 3797 105 45 type
388 3789 283 44 distributed.
737 3790 99 44 One
870 3789 225 45 thousand
1128 3790 150 53 copies
1312 3804 80 30 are
1424 3790 180 44 offered
1638 3789 77 45 for
1748 3790 105 44 sale.
1917 3788 112 46 This
2066 3804 114 38 copy
2216 3789 35 44 is

249 3860 70 30 no.
356 3845 118 44 169.”

322 3900 368 52 “Bibliographic
721 3901 156 44 notes”
895 3917 9 28 :
939 3916 39 38 p.
1013 3901 205 46 309-317.

253 3955 53 54 ©
337 3958 107 43 Dec.
477 3959 37 46 9.
550 3957 129 51 1924;
710 3958 65 44 2c.
806 3959 113 52 May
948 3958 39 53 9,
1020 3957 130 55 1925;
1185 3960 86 43 aff.
1297 3960 112 52 May
1438 3959 50 52 8;
1521 3958 46 43 A
1596 3956 189 55 829345;
1821 3959 114 43 Paul
1968 3959 51 44 B.
2051 3957 200 54 Hoeber,

325 4013 83 45 inc.
477 4012 243 57 (25-9526)
