2533 4412
1075 4050 108 55 325

148 392 361 74 McCarthy,
546 393 167 57 John
748 391 263 60 Russell.

224 470 130 58 For
384 470 101 58 the
517 470 306 74 morning,
855 472 83 70 by
967 470 169 58 John
1167 470 251 59 Russell
1448 471 361 75 McCarthy.
1895 474 249 61 Garden

152 545 161 74 City,
340 548 73 55 N.
443 547 94 70 Y.,
565 547 383 73 Doubleday,
977 549 171 71 Page
1176 547 49 59 &
1252 566 321 57 company,
1603 551 165 58 1925.

217 623 633 56 xii p., 1 l., 138 p. 20 cm .
220 682 178 44 Poems.

219 736 152 46 “First
398 737 209 44 edition.”

149 792 53 54 ©
230 792 106 47 Feb.
362 793 67 52 27,
459 793 131 53 1925;
616 794 67 43 2c.
710 795 88 44 and
824 795 79 43 aff.
934 795 118 43 Mar.
1079 795 81 52 28;
1189 795 44 42 A
1260 793 191 55 822667;
1481 797 282 54 Doubleday,
1795 799 124 51 Page
1949 800 37 43 &
2015 814 65 28 co.

227 848 241 58 (25-7769)

144 935 226 73 Miller,
405 937 292 57 Kenneth
730 937 249 57 Dexter.

145 1012 1999 155 Peasant pioneers; an interpretation of the Slavic peoples in the United States, by Kenneth D. Miller … Slavic
146 1169 220 73 design
406 1188 78 38 on
525 1187 183 38 cover
745 1168 84 73 by
867 1169 70 57 B.
982 1169 271 57 Mrazek.
1356 1171 149 56 New
1545 1171 188 73 York,
1780 1172 256 60 Council
2075 1176 69 56 of

136 1265 236 39 women
395 1247 104 56 for
517 1246 179 56 home
716 1244 296 59 missions
1037 1248 125 56 and
1180 1246 389 74 Missionary
1591 1248 329 61 education
144 1267 1975 118 movement
344 1353 13 44 [
361 1332 18 21 c
382 1325 162 71 1925]

212 1398 1456 59 viii, 9-200 p. double front. (map) illus., plates. 19½ cm .
216 1459 70 42 “A
316 1457 128 46 short
471 1459 187 51 reading
685 1457 126 45 list”:
842 1472 39 39 p.
916 1457 200 45 196-197.

144 1514 55 54 ©
233 1515 117 44 Mar.
388 1516 62 51 13,
487 1514 129 53 1925;
648 1515 65 42 2c.
746 1514 88 45 and
866 1516 78 42 aff.
981 1516 117 42 Mar.
1128 1514 81 53 27;
1245 1515 44 43 A
1322 1516 188 53 822620;
1548 1516 188 47 Council
1768 1518 53 44 of
1852 1535 175 28 women
2063 1521 74 44 for

215 1572 131 44 home
370 1572 209 43 missions
605 1572 87 42 and
718 1570 278 53 Missionary
1023 1571 236 44 education
1285 1581 254 36 movement
1564 1574 51 43 of
1642 1574 74 44 the
1743 1576 58 44 U.
1832 1575 44 46 S.
1905 1578 88 42 and
214 1573 1901 112 Canada,

344 1628 118 44 New
493 1628 141 43 York.
704 1625 243 57 (25-7760)

142 1711 298 59 National
471 1710 339 58 industrial
842 1711 365 56 conference
1241 1710 213 59 board.

219 1791 128 56 The
385 1789 243 73 growth
667 1788 66 58 of
766 1788 204 58 works
1009 1789 270 59 councils
1314 1790 67 57 in
1417 1791 103 57 the
1557 1791 237 62 United
1833 1795 230 74 States,
2103 1817 38 38 a

140 1862 1974 159 statistical summary … New York city, National industrial conference board, inc. [ C 1925]
210 2039 40 34 V,
285 2020 47 47 15
365 2038 39 37 p.
436 2021 99 44 incl.
567 2020 155 46 tables.
782 2021 52 45 23
843 2023 45 18 cm
896 2056 8 7 .
973 2021 95 53 (Its
1099 2020 176 55 Special
1306 2030 166 45 report,
1502 2039 70 29 no.
1605 2023 78 54 32)

142 2079 53 54 ©
222 2080 108 46 Feb.
361 2081 59 49 13,
451 2077 131 54 1925;
608 2079 64 43 2c.
699 2080 87 42 and
811 2080 79 43 aff.
917 2078 105 45 Feb.
1053 2080 74 51 18·;
1156 2080 44 42 A
1228 2079 188 54 822077;
1447 2081 124 44 Natl.
1601 2083 238 45 industrial
1865 2086 268 45 conference

211 2138 156 53 board,
397 2137 82 43 inc.
548 2134 243 56 (25-7449)

210 2219 1921 75 … The Northeastern reporter, v. 145. Permanent ed.
286 2297 1851 82 … with key-number annotations. November 18, 1924—
220 2378 328 71 February
573 2376 280 72 10,1925.
922 2375 89 58 St.
1038 2376 177 72 Paul,
1241 2376 179 59 West
1445 2379 364 76 publishing
1832 2402 105 55 co.,
1966 2387 164 57 1925.

209 2456 92 51 xiv,
332 2453 80 46 995
442 2468 39 38 p.
538 2452 57 43 26½
627 2455 46 17 cm
682 2488 7 8 .
759 2450 244 56 (National
1036 2459 205 44 reporter
1270 2454 360 52 system—State
1661 2457 166 55 series)

141 2511 53 54 ©
225 2513 117 43 Mar.
371 2510 67 53 25,
471 2508 130 53 1925;
629 2509 65 43 2c.
723 2508 113 53 Apr.
865 2508 79 52 20;
976 2508 79 43 aff.
1084 2509 112 52 Apr.

1231 2508 75 54 18;
1339 2510 44 42 A
1414 2511 186 54 822960;
1633 2514 131 45 West
1793 2517 102 51 pub.
1927 2534 64 28 co.

141 2640 455 59 Northeastern
622 2638 293 69 reporter
939 2636 224 72 digest,
1189 2637 324 75 including
1538 2660 174 41 cases
1742 2649 299 67 reported
2067 2650 67 56 in

215 2719 154 57 vois.
407 2716 187 56 1-140
627 2713 459 58 Northeastern
1123 2717 291 69 reporter
1452 2765 11 10 .…
1596 2718 115 59 Ed.
1750 2723 84 71 by
1867 2725 103 56 the
218 2723 1890 135 editorial

434 2789 1629 86 staff of the American digest system … v. 3, 4 …
220 2874 89 57 St.
341 2871 179 71 Paul,
549 2870 181 57 West
757 2867 363 74 publishing
1150 2887 107 55 co.,
1290 2870 165 58 1925.

208 2952 27 41 2
263 2965 40 28 v.
362 2948 54 43 26½
451 2950 46 18 cm
503 2982 8 8 .

577 3036 9 9 CONTENTS.—V.
621 3008 37 36 3.
694 2997 612 55 Contracts-Croppers—V.
1342 3009 38 37 4.
1418 3002 399 55 Crops-Eviction.

140 3078 40 29 v.
219 3063 39 51 3,
292 3059 54 55 ©
383 3061 98 52 Jan.
517 3058 37 51 6,
595 3056 130 52 1925;
762 3071 41 29 v.
840 3057 39 50 4,
916 3054 53 53 ©
1007 3056 107 44 Feb.
1150 3059 51 50 6;
1241 3057 64 45 2c.
1343 3059 107 43 each
1487 3061 113 53 Apr.
1642 3063 74 54 16;
1755 3067 103 44 affs.
1895 3070 113 52 Apr.
2051 3072 75 44 15·

208 3120 46 42 A
281 3115 181 53 823790,
490 3114 191 51 823791;
713 3113 134 45 West
878 3112 101 52 pub.
1012 3128 66 28 co.

137 3186 265 75 Osgood,
447 3185 279 57 Herman
765 3180 263 74 Ashton,
1071 3185 190 57 1890-

282 3258 1848 87 … Teeth & jaws Roentgenologically considered; three
135 3341 288 60 hundred
450 3341 123 56 and
597 3336 349 73 fifty-three
972 3338 329 72 Roentgen
1329 3358 117 54 ray
1474 3344 236 59 studies
1741 3367 78 38 on
136 3354 1996 128 seventy-two

279 3416 305 72 full-page
607 3415 202 73 plates
836 3416 124 56 and
981 3414 322 73 fifty-four
1326 3417 481 74 diagrammatic
1827 3428 123 59 fine
1975 3436 153 70 cuts,

135 3491 1957 83 by Herman A. Osgood … New York, P. B. Hoeber inc
135 3577 165 57 1925.

206 3644 1922 67 xviii, 99, [1] p. illus., LXXII pl., diagrs. 27½ cm . (Added t.-p.: Annals of
136 3700 1156 63 Roentgenology … ed. by J. T. Case … v. 5)
206 3765 282 50 Letterpress
513 3761 270 53 descriptive
805 3760 51 46 of
882 3761 108 44 each
1014 3762 117 52 plate
1156 3777 57 29 on
1237 3776 133 33 verso
1394 3765 50 43 of
1468 3768 241 56 preceding
1733 3769 131 56 plate.

206 3821 129 45 Brief
360 3821 138 45 series
522 3820 97 43 title
644 3826 48 36 at
713 3819 116 44 head
851 3818 52 45 of
925 3825 95 46 t.-p.

206 3875 349 56 Bibliography:
589 3891 42 37 p.
654 3874 151 46 97-99.

136 3935 56 54 ©
215 3937 119 43 Mar.
358 3936 67 49 20,
452 3933 130 52 1925;
606 3934 65 41 2c.
699 3932 118 44 Mar.
841 3931 79 52 25;
946 3933 79 42 aff.
1053 3934 118 42 Mar.
1196 3933 79 54 24;
1302 3934 44 43 A
1372 3935 188 55 823521;
1591 3939 116 45 Paul
1734 3942 50 45 B.
1813 3945 186 44 Hoeber
2041 3949 68 42 inc

217 3990 242 56 (25-7418)
