<alto xmlns="http://www.loc.gov/standards/alto/ns-v3#" xmlns:xlink="http://www.w3.org/1999/xlink" xmlns:xsi="http://www.w3.org/2001/XMLSchema-instance" xsi:schemaLocation="http://www.loc.gov/standards/alto/ns-v3# http://www.loc.gov/alto/v3/alto-3-0.xsd"><Description>
<MeasurementUnit>pixel</MeasurementUnit>
<sourceImageInformation>
<fileName>1925_v22_Part001.pdf</fileName>
</sourceImageInformation>
<OCRProcessing ID="IdOcr">
<ocrProcessingStep>
<processingDateTime>2019-04-03</processingDateTime>
<processingSoftware>
<softwareCreator>ABBYY</softwareCreator>
<softwareName>ABBYY Recognition Server</softwareName>
<softwareVersion>4.0</softwareVersion>
</processingSoftware>
</ocrProcessingStep>
</OCRProcessing>
</Description>
<Styles>
<ParagraphStyle ID="StyleId-FFFFFFFF-FFFF-FFFF-FFFF-FFFFFFFFFFFF-" ALIGN="Left" LEFT="0." RIGHT="0." FIRSTLINE="0."/>
<ParagraphStyle ID="StyleId-2E5B4E57-07AD-4719-97CB-14521F7F4F8A-" ALIGN="Left" LEFT="0." RIGHT="0." FIRSTLINE="0." LINESPACE="8.899999619"/>
<ParagraphStyle ID="StyleId-62A6F688-D6E3-4EFC-837B-4A4C4EB582B7-" ALIGN="Center" LEFT="0." RIGHT="0." FIRSTLINE="0." LINESPACE="12.19999981"/>
<ParagraphStyle ID="StyleId-21B71EBC-BDB5-4E16-A8F2-58189A39665B-" ALIGN="Block" LEFT="0." RIGHT="0." FIRSTLINE="-13." LINESPACE="11.35000038"/>
<ParagraphStyle ID="StyleId-1E1A68C4-DD4F-417A-A13D-7FEC29ECB499-" ALIGN="Block" LEFT="0." RIGHT="0." FIRSTLINE="-15." LINESPACE="13.30000019"/>
<ParagraphStyle ID="StyleId-6B39EC51-644D-4E90-AF07-84EF2B1E466A-" ALIGN="Block" LEFT="0." RIGHT="0." FIRSTLINE="-15." LINESPACE="8.340000153"/>
<ParagraphStyle ID="StyleId-2C1BA15F-E223-41D6-853D-AAFBDAC17E68-" ALIGN="Center" LEFT="0." RIGHT="0." FIRSTLINE="0." LINESPACE="13."/>
<ParagraphStyle ID="StyleId-A3B2CDF3-43F0-422C-90A0-E074BFEC3BC0-" ALIGN="Block" LEFT="0." RIGHT="0." FIRSTLINE="0." LINESPACE="8.899999619"/>
<ParagraphStyle ID="StyleId-28AB2493-EA15-49C1-A6AC-ED5BC404F0B9-" ALIGN="Center" LEFT="0." RIGHT="0." FIRSTLINE="0." LINESPACE="12.19999981"/>
<ParagraphStyle ID="StyleId-4417A6D4-97E2-4EFC-962D-7FBC0D5273E4-" ALIGN="Left" LEFT="0." RIGHT="0." FIRSTLINE="15." LINESPACE="8.340000153"/>
<ParagraphStyle ID="StyleId-D4EF9C5E-3110-4A39-B7BC-3D84E0F04894-" ALIGN="Center" LEFT="0." RIGHT="0." FIRSTLINE="0." LINESPACE="13.30000019"/>
<ParagraphStyle ID="StyleId-D1243F31-1201-4D92-8F69-43ADB01E9AD1-" ALIGN="Left" LEFT="0." RIGHT="0." FIRSTLINE="-13." LINESPACE="13.30000019"/>
<ParagraphStyle ID="StyleId-C65417C6-23F2-4D8F-BA55-ECE73D98CAB9-" ALIGN="Left" LEFT="0." RIGHT="0." FIRSTLINE="0." LINESPACE="8.899999619"/>
<ParagraphStyle ID="StyleId-835763C1-08DD-41BE-8BAD-8E41EA88DAE3-" ALIGN="Center" LEFT="0." RIGHT="0." FIRSTLINE="0." LINESPACE="11.10000038"/>
<ParagraphStyle ID="StyleId-78FD6B81-8F83-422D-8DF4-4274EAFD19C6-" ALIGN="Block" LEFT="0." RIGHT="0." FIRSTLINE="-17." LINESPACE="12.19999981"/>
<ParagraphStyle ID="StyleId-F506BC7F-570D-458B-9F05-A143E1F5FD17-" ALIGN="Block" LEFT="0." RIGHT="0." FIRSTLINE="-17." LINESPACE="11.35000038"/>
<ParagraphStyle ID="StyleId-CBE02C6B-22D0-48C6-A874-7E90A22F4375-" ALIGN="Center" LEFT="0." RIGHT="0." FIRSTLINE="0." LINESPACE="4.400000095"/>
<ParagraphStyle ID="StyleId-14CC0121-63AF-4AB4-9656-E02F46C61AF2-" ALIGN="Left" LEFT="0." RIGHT="0." FIRSTLINE="0." LINESPACE="8.899999619"/>
<ParagraphStyle ID="StyleId-DD64CECB-1B22-4BFF-84F0-DFDE2B0000F8-" ALIGN="Left" LEFT="0." RIGHT="0." FIRSTLINE="0." LINESPACE="12.19999981"/>
<ParagraphStyle ID="StyleId-8AEF4AA8-141A-4E5D-9C3E-C0F9F43C742F-" ALIGN="Left" LEFT="0." RIGHT="0." FIRSTLINE="0." LINESPACE="8.300000191"/>
<ParagraphStyle ID="StyleId-8C396D2A-39C0-48AB-BABA-2679D8AB257E-" ALIGN="Left" LEFT="0." RIGHT="0." FIRSTLINE="0." LINESPACE="11.10000038"/>
<ParagraphStyle ID="StyleId-3B7FE50F-10D4-487F-BDCD-FD26EB60FD4A-" ALIGN="Block" LEFT="0." RIGHT="0." FIRSTLINE="13." LINESPACE="8.340000153"/>
<ParagraphStyle ID="StyleId-8CC5CC8E-615B-4C42-BB46-DB28FA355C27-" ALIGN="Left" LEFT="0." RIGHT="0." FIRSTLINE="0." LINESPACE="12.19999981"/>
<ParagraphStyle ID="StyleId-BC67E79D-8D99-4188-8B35-A59DBB7E2BB0-" ALIGN="Block" LEFT="0." RIGHT="0." FIRSTLINE="11." LINESPACE="9.399999619"/>
</Styles>
<Layout>
<Page ID="Page21" PHYSICAL_IMG_NR="21" HEIGHT="4412" WIDTH="2533">
<TopMargin HEIGHT="448" WIDTH="2533" VPOS="0" HPOS="0">
</TopMargin>
<LeftMargin HEIGHT="3712" WIDTH="150" VPOS="448" HPOS="0">
</LeftMargin>
<RightMargin HEIGHT="3712" WIDTH="329" VPOS="448" HPOS="2204">
</RightMargin>
<BottomMargin HEIGHT="252" WIDTH="2533" VPOS="4160" HPOS="0">
</BottomMargin>
<PrintSpace HEIGHT="3712" WIDTH="2054" VPOS="448" HPOS="150">
<TextBlock ID="Page21_Block1" HEIGHT="74" WIDTH="92" VPOS="4086" HPOS="1144" LANG="en-US" STYLEREFS="StyleId-028FDBD0-9FD8-4DA8-8A6B-109A008BB0D2-">
<TextLine HEIGHT="54" WIDTH="72" VPOS="4096" HPOS="1154">
<String CONTENT="21" HEIGHT="54" WIDTH="72" VPOS="4096" HPOS="1154"/>
</TextLine>
</TextBlock>
<TextBlock ID="Page21_Block2" HEIGHT="3650" WIDTH="2054" VPOS="448" HPOS="150" LANG="en-US" CS="1" STYLEREFS="StyleId-82A489DB-8AA1-4C50-9AEA-FC1F5E0E1ACA-">
<Shape>
<Polygon POINTS="150,448 2204,448 2204,4098 2194,4098 2194,4094 150,4094 150,448"/>
</Shape>
<TextLine HEIGHT="73" WIDTH="1001" VPOS="459" HPOS="190">
<String CONTENT="Cross," HEIGHT="69" WIDTH="202" VPOS="463" HPOS="190"/>
<SP HEIGHT="69" WIDTH="37" VPOS="463" HPOS="393"/>
<String CONTENT="Wilbur" HEIGHT="60" WIDTH="249" VPOS="460" HPOS="431"/>
<SP HEIGHT="57" WIDTH="33" VPOS="460" HPOS="681"/>
<String CONTENT="Lucius," HEIGHT="73" WIDTH="247" VPOS="459" HPOS="715"/>
<SP HEIGHT="68" WIDTH="38" VPOS="464" HPOS="963"/>
<String CONTENT="1862-" HEIGHT="56" WIDTH="189" VPOS="462" HPOS="1002"/>
</TextLine>
<TextLine HEIGHT="155" WIDTH="1995" VPOS="546" HPOS="188" CS="1">
<String CONTENT="An" HEIGHT="58" WIDTH="101" VPOS="551" HPOS="265"/>
<SP HEIGHT="37" WIDTH="39" VPOS="572" HPOS="367"/>
<String CONTENT="outline" HEIGHT="58" WIDTH="232" VPOS="551" HPOS="407"/>
<SP HEIGHT="37" WIDTH="40" VPOS="571" HPOS="640"/>
<String CONTENT="of" HEIGHT="57" WIDTH="67" VPOS="551" HPOS="681"/>
<SP HEIGHT="56" WIDTH="38" VPOS="551" HPOS="749"/>
<String CONTENT="biography," HEIGHT="73" WIDTH="369" VPOS="550" HPOS="788"/>
<SP HEIGHT="71" WIDTH="39" VPOS="550" HPOS="1158"/>
<String CONTENT="from" HEIGHT="55" WIDTH="169" VPOS="550" HPOS="1198"/>
<SP HEIGHT="56" WIDTH="38" VPOS="548" HPOS="1368"/>
<String CONTENT="Plutarch" HEIGHT="56" WIDTH="304" VPOS="548" HPOS="1407"/>
<SP HEIGHT="55" WIDTH="37" VPOS="548" HPOS="1712"/>
<String CONTENT="to" HEIGHT="54" WIDTH="63" VPOS="550" HPOS="1750"/>
<SP HEIGHT="59" WIDTH="45" VPOS="546" HPOS="1814"/>
<String CONTENT="Strachey," HEIGHT="71" WIDTH="323" VPOS="546" HPOS="1860"/>
<SP/>
<String CONTENT="with" HEIGHT="58" WIDTH="150" VPOS="630" HPOS="188"/>
<SP HEIGHT="57" WIDTH="32" VPOS="630" HPOS="339"/>
<String CONTENT="a" HEIGHT="37" WIDTH="36" VPOS="650" HPOS="372"/>
<SP HEIGHT="57" WIDTH="29" VPOS="630" HPOS="409"/>
<String CONTENT="bibliography," HEIGHT="72" WIDTH="458" VPOS="629" HPOS="439"/>
</TextLine>
<TextLine HEIGHT="76" WIDTH="1254" VPOS="624" HPOS="931" CS="1">
<String CONTENT="by" HEIGHT="71" WIDTH="84" VPOS="629" HPOS="931"/>
<SP HEIGHT="73" WIDTH="28" VPOS="627" HPOS="1016"/>
<String CONTENT="Wilbur" HEIGHT="58" WIDTH="247" VPOS="627" HPOS="1045"/>
<SP HEIGHT="55" WIDTH="31" VPOS="626" HPOS="1293"/>
<String CONTENT="L." HEIGHT="56" WIDTH="68" VPOS="626" HPOS="1325"/>
<SP HEIGHT="59" WIDTH="39" VPOS="625" HPOS="1394"/>
<String CONTENT="Cross" HEIGHT="59" WIDTH="190" VPOS="625" HPOS="1434"/>
<SP HEIGHT="37" WIDTH="42" VPOS="646" HPOS="1625"/>
<String CS="1" CONTENT="&#8230;"/>
<SP HEIGHT="57" WIDTH="77" VPOS="624" HPOS="1731"/>
<String CONTENT="New" HEIGHT="58" WIDTH="152" VPOS="624" HPOS="1809"/>
<SP HEIGHT="57" WIDTH="30" VPOS="624" HPOS="1962"/>
<String CONTENT="York," HEIGHT="73" WIDTH="192" VPOS="624" HPOS="1993"/>
</TextLine>
<TextLine HEIGHT="72" WIDTH="978" VPOS="706" HPOS="187" CS="1">
<String CONTENT="H." HEIGHT="56" WIDTH="80" VPOS="709" HPOS="187"/>
<SP HEIGHT="57" WIDTH="28" VPOS="707" HPOS="268"/>
<String CONTENT="Holt" HEIGHT="58" WIDTH="153" VPOS="707" HPOS="297"/>
<SP HEIGHT="53" WIDTH="26" VPOS="711" HPOS="451"/>
<String CONTENT="and" HEIGHT="57" WIDTH="125" VPOS="707" HPOS="478"/>
<SP HEIGHT="57" WIDTH="24" VPOS="707" HPOS="604"/>
<String CONTENT="company" HEIGHT="53" WIDTH="304" VPOS="724" HPOS="629"/>
<SP HEIGHT="52" WIDTH="30" VPOS="726" HPOS="934"/>
<String CS="1" CONTENT="["/>
<String STYLE="superscript" CONTENT="c" HEIGHT="20" WIDTH="20" VPOS="715" HPOS="978"/>
<String CONTENT="1924]" HEIGHT="71" WIDTH="164" VPOS="706" HPOS="1001"/>
</TextLine>
<TextLine HEIGHT="53" WIDTH="382" VPOS="785" HPOS="264" STYLEREFS="StyleId-7296EA6D-75F7-47C3-8DAD-530AA87C89F9-">
<String CONTENT="iv," HEIGHT="48" WIDTH="56" VPOS="788" HPOS="264"/>
<SP HEIGHT="49" WIDTH="25" VPOS="787" HPOS="321"/>
<String CONTENT="60" HEIGHT="44" WIDTH="52" VPOS="786" HPOS="347"/>
<SP HEIGHT="52" WIDTH="24" VPOS="786" HPOS="400"/>
<String CONTENT="p." HEIGHT="37" WIDTH="39" VPOS="801" HPOS="425"/>
<SP HEIGHT="42" WIDTH="62" VPOS="787" HPOS="465"/>
<String CONTENT="16" HEIGHT="44" WIDTH="49" VPOS="785" HPOS="528"/>
<String STYLE="superscript" CONTENT="cm" HEIGHT="17" WIDTH="46" VPOS="787" HPOS="584"/>
<String CONTENT="." HEIGHT="7" WIDTH="8" VPOS="821" HPOS="638"/>
</TextLine>
<TextLine HEIGHT="58" WIDTH="1923" VPOS="836" HPOS="264" STYLEREFS="StyleId-7296EA6D-75F7-47C3-8DAD-530AA87C89F9-">
<String CONTENT="&#8220;This" HEIGHT="45" WIDTH="137" VPOS="843" HPOS="264"/>
<SP HEIGHT="46" WIDTH="28" VPOS="842" HPOS="402"/>
<String CONTENT="little" HEIGHT="45" WIDTH="113" VPOS="841" HPOS="431"/>
<SP HEIGHT="28" WIDTH="27" VPOS="858" HPOS="545"/>
<String CONTENT="essay" HEIGHT="38" WIDTH="129" VPOS="856" HPOS="573"/>
<SP HEIGHT="37" WIDTH="27" VPOS="857" HPOS="703"/>
<String CONTENT="was" HEIGHT="30" WIDTH="94" VPOS="855" HPOS="731"/>
<SP HEIGHT="45" WIDTH="29" VPOS="840" HPOS="826"/>
<String CONTENT="first" HEIGHT="44" WIDTH="100" VPOS="840" HPOS="856"/>
<SP HEIGHT="45" WIDTH="26" VPOS="848" HPOS="957"/>
<String CONTENT="given" HEIGHT="53" WIDTH="132" VPOS="840" HPOS="984"/>
<SP HEIGHT="28" WIDTH="27" VPOS="855" HPOS="1117"/>
<String CONTENT="as" HEIGHT="29" WIDTH="48" VPOS="855" HPOS="1145"/>
<SP HEIGHT="29" WIDTH="28" VPOS="855" HPOS="1194"/>
<String CONTENT="an" HEIGHT="29" WIDTH="57" VPOS="854" HPOS="1223"/>
<SP HEIGHT="29" WIDTH="25" VPOS="854" HPOS="1281"/>
<String CONTENT="address" HEIGHT="44" WIDTH="184" VPOS="839" HPOS="1307"/>
<SP HEIGHT="29" WIDTH="28" VPOS="853" HPOS="1492"/>
<String CONTENT="at" HEIGHT="37" WIDTH="47" VPOS="845" HPOS="1521"/>
<SP HEIGHT="46" WIDTH="30" VPOS="836" HPOS="1569"/>
<String CONTENT="Columbia" HEIGHT="46" WIDTH="234" VPOS="836" HPOS="1600"/>
<SP HEIGHT="30" WIDTH="27" VPOS="852" HPOS="1835"/>
<String CONTENT="university" HEIGHT="54" WIDTH="250" VPOS="836" HPOS="1863"/>
<SP HEIGHT="52" WIDTH="27" VPOS="838" HPOS="2114"/>
<String CONTENT="in" HEIGHT="43" WIDTH="45" VPOS="838" HPOS="2142"/>
</TextLine>
<TextLine HEIGHT="55" WIDTH="1995" VPOS="894" HPOS="192" STYLEREFS="StyleId-7296EA6D-75F7-47C3-8DAD-530AA87C89F9-">
<String CONTENT="the" HEIGHT="43" WIDTH="74" VPOS="901" HPOS="192"/>
<SP HEIGHT="28" WIDTH="25" VPOS="916" HPOS="267"/>
<String CONTENT="summer" HEIGHT="30" WIDTH="196" VPOS="914" HPOS="293"/>
<SP HEIGHT="29" WIDTH="23" VPOS="914" HPOS="490"/>
<String CONTENT="of" HEIGHT="44" WIDTH="52" VPOS="899" HPOS="514"/>
<SP HEIGHT="43" WIDTH="28" VPOS="899" HPOS="567"/>
<String CONTENT="1921." HEIGHT="43" WIDTH="116" VPOS="899" HPOS="596"/>
<SP HEIGHT="41" WIDTH="61" VPOS="899" HPOS="713"/>
<String CONTENT="In" HEIGHT="41" WIDTH="53" VPOS="899" HPOS="775"/>
<SP HEIGHT="36" WIDTH="26" VPOS="905" HPOS="829"/>
<String CONTENT="the" HEIGHT="44" WIDTH="76" VPOS="897" HPOS="856"/>
<SP HEIGHT="43" WIDTH="27" VPOS="898" HPOS="933"/>
<String CONTENT="following" HEIGHT="52" WIDTH="237" VPOS="897" HPOS="961"/>
<SP HEIGHT="53" WIDTH="27" VPOS="896" HPOS="1199"/>
<String CONTENT="October" HEIGHT="44" WIDTH="200" VPOS="896" HPOS="1227"/>
<SP HEIGHT="42" WIDTH="25" VPOS="897" HPOS="1428"/>
<String CONTENT="it" HEIGHT="42" WIDTH="34" VPOS="897" HPOS="1454"/>
<SP HEIGHT="36" WIDTH="24" VPOS="903" HPOS="1489"/>
<String CONTENT="was" HEIGHT="28" WIDTH="93" VPOS="911" HPOS="1514"/>
<SP HEIGHT="37" WIDTH="28" VPOS="911" HPOS="1608"/>
<String CONTENT="published" HEIGHT="53" WIDTH="234" VPOS="895" HPOS="1637"/>
<SP HEIGHT="42" WIDTH="27" VPOS="896" HPOS="1872"/>
<String CONTENT="in" HEIGHT="42" WIDTH="44" VPOS="896" HPOS="1900"/>
<SP HEIGHT="36" WIDTH="25" VPOS="902" HPOS="1945"/>
<String CONTENT="the" HEIGHT="44" WIDTH="75" VPOS="894" HPOS="1971"/>
<SP HEIGHT="43" WIDTH="23" VPOS="895" HPOS="2047"/>
<String CONTENT="Yale" HEIGHT="44" WIDTH="116" VPOS="895" HPOS="2071"/>
</TextLine>
<TextLine HEIGHT="52" WIDTH="480" VPOS="955" HPOS="191" STYLEREFS="StyleId-7296EA6D-75F7-47C3-8DAD-530AA87C89F9-">
<String CONTENT="review.&#8221;" HEIGHT="44" WIDTH="207" VPOS="956" HPOS="191"/>
<SP HEIGHT="43" WIDTH="58" VPOS="956" HPOS="399"/>
<String CONTENT="cf." HEIGHT="52" WIDTH="59" VPOS="955" HPOS="458"/>
<SP HEIGHT="41" WIDTH="28" VPOS="957" HPOS="518"/>
<String CONTENT="Pref." HEIGHT="44" WIDTH="124" VPOS="955" HPOS="547"/>
</TextLine>
<TextLine HEIGHT="54" WIDTH="598" VPOS="1010" HPOS="261" STYLEREFS="StyleId-7296EA6D-75F7-47C3-8DAD-530AA87C89F9-">
<String CONTENT="Bibliography:" HEIGHT="53" WIDTH="351" VPOS="1011" HPOS="261"/>
<SP HEIGHT="37" WIDTH="28" VPOS="1025" HPOS="613"/>
<String CONTENT="p." HEIGHT="37" WIDTH="39" VPOS="1025" HPOS="642"/>
<SP HEIGHT="41" WIDTH="28" VPOS="1012" HPOS="682"/>
<String CONTENT="49-60." HEIGHT="44" WIDTH="148" VPOS="1010" HPOS="711"/>
</TextLine>
<TextLine HEIGHT="57" WIDTH="1996" VPOS="1061" HPOS="188" STYLEREFS="StyleId-7296EA6D-75F7-47C3-8DAD-530AA87C89F9-" CS="1">
<String CONTENT="&#169;" HEIGHT="53" WIDTH="53" VPOS="1065" HPOS="188"/>
<SP HEIGHT="53" WIDTH="25" VPOS="1065" HPOS="242"/>
<String CONTENT="Dec." HEIGHT="41" WIDTH="108" VPOS="1069" HPOS="268"/>
<SP HEIGHT="43" WIDTH="26" VPOS="1067" HPOS="377"/>
<String CONTENT="8," HEIGHT="51" WIDTH="38" VPOS="1067" HPOS="404"/>
<SP HEIGHT="49" WIDTH="28" VPOS="1069" HPOS="443"/>
<String CONTENT="1924;" HEIGHT="52" WIDTH="128" VPOS="1066" HPOS="472"/>
<SP HEIGHT="51" WIDTH="25" VPOS="1067" HPOS="601"/>
<String CONTENT="2c." HEIGHT="42" WIDTH="65" VPOS="1067" HPOS="627"/>
<SP HEIGHT="41" WIDTH="27" VPOS="1067" HPOS="693"/>
<String CONTENT="Dec." HEIGHT="41" WIDTH="113" VPOS="1067" HPOS="721"/>
<SP HEIGHT="42" WIDTH="22" VPOS="1066" HPOS="835"/>
<String CONTENT="30;" HEIGHT="52" WIDTH="77" VPOS="1065" HPOS="858"/>
<SP HEIGHT="37" WIDTH="28" VPOS="1080" HPOS="936"/>
<String CS="1" CONTENT="aff." HEIGHT="43" WIDTH="78" VPOS="1065" HPOS="965"/>
<SP HEIGHT="52" WIDTH="27" VPOS="1065" HPOS="1044"/>
<String CONTENT="Jan." HEIGHT="52" WIDTH="97" VPOS="1065" HPOS="1072"/>
<SP HEIGHT="41" WIDTH="26" VPOS="1065" HPOS="1170"/>
<String CONTENT="2," HEIGHT="50" WIDTH="39" VPOS="1065" HPOS="1197"/>
<SP HEIGHT="49" WIDTH="29" VPOS="1066" HPOS="1237"/>
<String CONTENT="1925;" HEIGHT="53" WIDTH="130" VPOS="1061" HPOS="1267"/>
<SP HEIGHT="50" WIDTH="28" VPOS="1064" HPOS="1398"/>
<!-- cceid 2A2008EB-6DD5-1014-B757-AF09C522E301 --><String CONTENT="A" HEIGHT="42" WIDTH="43" VPOS="1064" HPOS="1427"/>
<SP HEIGHT="42" WIDTH="27" VPOS="1064" HPOS="1471"/>
<String CONTENT="814499;" HEIGHT="51" WIDTH="189" VPOS="1064" HPOS="1499"/>
<SP HEIGHT="51" WIDTH="30" VPOS="1064" HPOS="1689"/>
<String CS="1" CONTENT="Henry" HEIGHT="42" WIDTH="131" VPOS="1064" HPOS="1720"/>
<SP HEIGHT="43" WIDTH="27" VPOS="1065" HPOS="1882"/>
<String CONTENT="Holt" HEIGHT="43" WIDTH="116" VPOS="1064" HPOS="1910"/>
<SP HEIGHT="43" WIDTH="26" VPOS="1065" HPOS="2027"/>
<String CONTENT="&amp;" HEIGHT="43" WIDTH="38" VPOS="1065" HPOS="2054"/>
<SP HEIGHT="43" WIDTH="24" VPOS="1065" HPOS="2093"/>
<String CONTENT="co." HEIGHT="28" WIDTH="66" VPOS="1079" HPOS="2118"/>
</TextLine>
<TextLine HEIGHT="55" WIDTH="214" VPOS="1122" HPOS="266" STYLEREFS="StyleId-7296EA6D-75F7-47C3-8DAD-530AA87C89F9-">
<String CONTENT="(25-721)" HEIGHT="55" WIDTH="214" VPOS="1122" HPOS="266"/>
</TextLine>
<TextLine HEIGHT="74" WIDTH="1112" VPOS="1219" HPOS="191">
<String CONTENT="Cuthrell," HEIGHT="71" WIDTH="296" VPOS="1222" HPOS="191"/>
<SP HEIGHT="69" WIDTH="37" VPOS="1224" HPOS="488"/>
<String CONTENT="Mrs." HEIGHT="57" WIDTH="152" VPOS="1224" HPOS="526"/>
<SP HEIGHT="56" WIDTH="39" VPOS="1222" HPOS="679"/>
<String CONTENT="Faith" HEIGHT="57" WIDTH="191" VPOS="1221" HPOS="719"/>
<SP HEIGHT="71" WIDTH="46" VPOS="1222" HPOS="911"/>
<String CONTENT="(Baldwin)" HEIGHT="74" WIDTH="345" VPOS="1219" HPOS="958"/>
</TextLine>
<TextLine HEIGHT="156" WIDTH="1973" VPOS="1309" HPOS="189" CS="1">
<String CONTENT="Sign" HEIGHT="71" WIDTH="156" VPOS="1312" HPOS="269"/>
<SP HEIGHT="53" WIDTH="38" VPOS="1331" HPOS="426"/>
<String CONTENT="posts," HEIGHT="69" WIDTH="197" VPOS="1315" HPOS="465"/>
<SP HEIGHT="70" WIDTH="40" VPOS="1312" HPOS="663"/>
<String CONTENT="by" HEIGHT="70" WIDTH="83" VPOS="1312" HPOS="704"/>
<SP HEIGHT="71" WIDTH="39" VPOS="1311" HPOS="788"/>
<String CONTENT="Faith" HEIGHT="59" WIDTH="191" VPOS="1310" HPOS="828"/>
<SP HEIGHT="56" WIDTH="39" VPOS="1311" HPOS="1020"/>
<String CONTENT="Baldwin." HEIGHT="59" WIDTH="304" VPOS="1309" HPOS="1060"/>
<SP HEIGHT="56" WIDTH="80" VPOS="1310" HPOS="1365"/>
<String CONTENT="Boston," HEIGHT="70" WIDTH="259" VPOS="1310" HPOS="1446"/>
<SP HEIGHT="70" WIDTH="46" VPOS="1310" HPOS="1706"/>
<String CONTENT="Small," HEIGHT="76" WIDTH="214" VPOS="1310" HPOS="1753"/>
<SP HEIGHT="75" WIDTH="45" VPOS="1311" HPOS="1968"/>
<String CONTENT="Maynard" HEIGHT="137" WIDTH="1973" VPOS="1311" HPOS="189"/>
<SP HEIGHT="57" WIDTH="23" VPOS="1391" HPOS="351"/>
<String CONTENT="&amp;" HEIGHT="56" WIDTH="47" VPOS="1392" HPOS="375"/>
<SP HEIGHT="56" WIDTH="26" VPOS="1392" HPOS="423"/>
<String CONTENT="company" HEIGHT="55" WIDTH="309" VPOS="1407" HPOS="450"/>
<SP HEIGHT="56" WIDTH="25" VPOS="1409" HPOS="760"/>
<String CONTENT="[" HEIGHT="47" WIDTH="14" VPOS="1418" HPOS="786"/>
<String STYLE="superscript" CONTENT="c" HEIGHT="23" WIDTH="20" VPOS="1396" HPOS="801"/>
<String CONTENT="1924]" HEIGHT="74" WIDTH="164" VPOS="1388" HPOS="825"/>
</TextLine>
<TextLine HEIGHT="54" WIDTH="466" VPOS="1468" HPOS="258" CS="1">
<String CONTENT="xii," HEIGHT="54" WIDTH="80" VPOS="1468" HPOS="258"/>
<SP HEIGHT="52" WIDTH="29" VPOS="1470" HPOS="339"/>
<String CONTENT="119" HEIGHT="43" WIDTH="79" VPOS="1470" HPOS="369"/>
<SP HEIGHT="51" WIDTH="23" VPOS="1470" HPOS="449"/>
<String CONTENT="p." HEIGHT="37" WIDTH="41" VPOS="1484" HPOS="473"/>
<SP HEIGHT="42" WIDTH="60" VPOS="1469" HPOS="515"/>
<String CS="1" CONTENT="18&#189;" HEIGHT="44" WIDTH="53" VPOS="1468" HPOS="576"/>
<String STYLE="superscript" CONTENT="cm" HEIGHT="18" WIDTH="47" VPOS="1470" HPOS="663"/>
<String CONTENT="." HEIGHT="9" WIDTH="8" VPOS="1502" HPOS="716"/>
</TextLine>
<TextLine HEIGHT="42" WIDTH="182" VPOS="1527" HPOS="264" STYLEREFS="StyleId-7296EA6D-75F7-47C3-8DAD-530AA87C89F9-">
<String CONTENT="Poems." HEIGHT="42" WIDTH="182" VPOS="1527" HPOS="264"/>
</TextLine>
<TextLine HEIGHT="55" WIDTH="2002" VPOS="1579" HPOS="185" STYLEREFS="StyleId-7296EA6D-75F7-47C3-8DAD-530AA87C89F9-" CS="1">
<String CONTENT="&#169;" HEIGHT="54" WIDTH="57" VPOS="1580" HPOS="185"/>
<SP HEIGHT="54" WIDTH="26" VPOS="1580" HPOS="243"/>
<String CONTENT="Nov." HEIGHT="42" WIDTH="118" VPOS="1583" HPOS="270"/>
<SP HEIGHT="42" WIDTH="26" VPOS="1583" HPOS="389"/>
<String CONTENT="8," HEIGHT="49" WIDTH="39" VPOS="1583" HPOS="416"/>
<SP HEIGHT="47" WIDTH="28" VPOS="1585" HPOS="456"/>
<String CONTENT="1924;" HEIGHT="50" WIDTH="129" VPOS="1582" HPOS="485"/>
<SP HEIGHT="50" WIDTH="27" VPOS="1582" HPOS="615"/>
<String CONTENT="2c." HEIGHT="42" WIDTH="66" VPOS="1582" HPOS="643"/>
<SP HEIGHT="27" WIDTH="24" VPOS="1597" HPOS="710"/>
<String CONTENT="and" HEIGHT="42" WIDTH="87" VPOS="1582" HPOS="735"/>
<SP/>
<String CS="1" CONTENT="aff."/>
<SP HEIGHT="52" WIDTH="25" VPOS="1582" HPOS="928"/>
<String CONTENT="Jan." HEIGHT="52" WIDTH="99" VPOS="1582" HPOS="954"/>
<SP HEIGHT="41" WIDTH="25" VPOS="1582" HPOS="1054"/>
<String CONTENT="2," HEIGHT="51" WIDTH="40" VPOS="1582" HPOS="1080"/>
<SP HEIGHT="49" WIDTH="29" VPOS="1584" HPOS="1121"/>
<String CONTENT="1925;" HEIGHT="54" WIDTH="129" VPOS="1579" HPOS="1151"/>
<SP HEIGHT="51" WIDTH="27" VPOS="1582" HPOS="1281"/>
<!-- cceid 2A20AE4D-6DD5-1014-B757-AF09C522E301 --><String CONTENT="A" HEIGHT="41" WIDTH="45" VPOS="1582" HPOS="1309"/>
<SP HEIGHT="43" WIDTH="25" VPOS="1581" HPOS="1355"/>
<String CONTENT="814505;" HEIGHT="54" WIDTH="189" VPOS="1579" HPOS="1381"/>
<SP HEIGHT="53" WIDTH="31" VPOS="1580" HPOS="1571"/>
<String CONTENT="Small," HEIGHT="53" WIDTH="156" VPOS="1580" HPOS="1603"/>
<SP HEIGHT="51" WIDTH="27" VPOS="1582" HPOS="1760"/>
<String CONTENT="Maynard" HEIGHT="52" WIDTH="228" VPOS="1582" HPOS="1788"/>
<SP HEIGHT="43" WIDTH="26" VPOS="1583" HPOS="2017"/>
<String CONTENT="&amp;" HEIGHT="43" WIDTH="36" VPOS="1583" HPOS="2044"/>
<SP HEIGHT="43" WIDTH="25" VPOS="1583" HPOS="2081"/>
<String CONTENT="co.," HEIGHT="37" WIDTH="80" VPOS="1597" HPOS="2107"/>
</TextLine>
<TextLine HEIGHT="55" WIDTH="394" VPOS="1638" HPOS="259" STYLEREFS="StyleId-7296EA6D-75F7-47C3-8DAD-530AA87C89F9-">
<String CONTENT="inc." HEIGHT="44" WIDTH="82" VPOS="1639" HPOS="259"/>
<SP HEIGHT="53" WIDTH="68" VPOS="1640" HPOS="342"/>
<String CONTENT="(25-2377)" HEIGHT="55" WIDTH="242" VPOS="1638" HPOS="411"/>
</TextLine>
<TextLine HEIGHT="73" WIDTH="1158" VPOS="1739" HPOS="189">
<String CONTENT="Darrow," HEIGHT="72" WIDTH="279" VPOS="1740" HPOS="189"/>
<SP HEIGHT="72" WIDTH="40" VPOS="1740" HPOS="469"/>
<String CONTENT="Clarence" HEIGHT="59" WIDTH="295" VPOS="1739" HPOS="510"/>
<SP HEIGHT="58" WIDTH="36" VPOS="1739" HPOS="806"/>
<String CONTENT="Seward," HEIGHT="71" WIDTH="275" VPOS="1739" HPOS="843"/>
<SP HEIGHT="68" WIDTH="38" VPOS="1742" HPOS="1119"/>
<String CONTENT="1857-" HEIGHT="56" WIDTH="189" VPOS="1741" HPOS="1158"/>
</TextLine>
<TextLine HEIGHT="153" WIDTH="2000" VPOS="1828" HPOS="190" CS="1">
<String CONTENT="Debate;" HEIGHT="71" WIDTH="269" VPOS="1831" HPOS="267"/>
<SP HEIGHT="52" WIDTH="31" VPOS="1850" HPOS="537"/>
<String CONTENT="subject," HEIGHT="71" WIDTH="259" VPOS="1830" HPOS="569"/>
<SP HEIGHT="52" WIDTH="30" VPOS="1849" HPOS="829"/>
<String CONTENT="resolved:" HEIGHT="57" WIDTH="317" VPOS="1829" HPOS="860"/>
<SP HEIGHT="56" WIDTH="33" VPOS="1830" HPOS="1178"/>
<String CONTENT="That" HEIGHT="56" WIDTH="162" VPOS="1830" HPOS="1212"/>
<SP HEIGHT="53" WIDTH="27" VPOS="1833" HPOS="1375"/>
<String CONTENT="the" HEIGHT="58" WIDTH="104" VPOS="1828" HPOS="1403"/>
<SP HEIGHT="58" WIDTH="28" VPOS="1829" HPOS="1508"/>
<String CONTENT="United" HEIGHT="60" WIDTH="237" VPOS="1828" HPOS="1537"/>
<SP HEIGHT="59" WIDTH="31" VPOS="1829" HPOS="1775"/>
<String CONTENT="States" HEIGHT="60" WIDTH="212" VPOS="1829" HPOS="1807"/>
<SP HEIGHT="38" WIDTH="32" VPOS="1851" HPOS="2020"/>
<String CONTENT="continue" HEIGHT="117" WIDTH="1973" VPOS="1850" HPOS="190"/>
<SP HEIGHT="54" WIDTH="20" VPOS="1913" HPOS="362"/>
<String CONTENT="the" HEIGHT="58" WIDTH="102" VPOS="1909" HPOS="383"/>
<SP HEIGHT="53" WIDTH="22" VPOS="1928" HPOS="486"/>
<String CONTENT="policy" HEIGHT="74" WIDTH="208" VPOS="1907" HPOS="509"/>
<SP HEIGHT="52" WIDTH="16" VPOS="1926" HPOS="718"/>
<String CONTENT="of" HEIGHT="57" WIDTH="68" VPOS="1908" HPOS="735"/>
<SP HEIGHT="72" WIDTH="18" VPOS="1908" HPOS="804"/>
<String CONTENT="prohibition" HEIGHT="76" WIDTH="388" VPOS="1904" HPOS="823"/>
<SP HEIGHT="39" WIDTH="23" VPOS="1927" HPOS="1212"/>
<String CONTENT="as" HEIGHT="39" WIDTH="70" VPOS="1927" HPOS="1236"/>
<SP HEIGHT="57" WIDTH="22" VPOS="1908" HPOS="1307"/>
<String CONTENT="defined" HEIGHT="58" WIDTH="244" VPOS="1907" HPOS="1330"/>
<SP HEIGHT="58" WIDTH="19" VPOS="1906" HPOS="1575"/>
<String CONTENT="in" HEIGHT="57" WIDTH="66" VPOS="1906" HPOS="1595"/>
<SP HEIGHT="53" WIDTH="21" VPOS="1911" HPOS="1662"/>
<String CONTENT="the" HEIGHT="56" WIDTH="103" VPOS="1908" HPOS="1684"/>
<SP HEIGHT="56" WIDTH="18" VPOS="1908" HPOS="1788"/>
<String CONTENT="Eighteenth" HEIGHT="73" WIDTH="383" VPOS="1906" HPOS="1807"/>
</TextLine>
<TextLine HEIGHT="139" WIDTH="1974" VPOS="1984" HPOS="191" CS="1">
<String CONTENT="amendment." HEIGHT="59" WIDTH="412" VPOS="1987" HPOS="191"/>
<SP HEIGHT="60" WIDTH="85" VPOS="1985" HPOS="604"/>
<String CONTENT="Clarence" HEIGHT="60" WIDTH="295" VPOS="1985" HPOS="690"/>
<SP HEIGHT="60" WIDTH="38" VPOS="1985" HPOS="986"/>
<String CONTENT="Darrow," HEIGHT="75" WIDTH="285" VPOS="1985" HPOS="1025"/>
<SP HEIGHT="56" WIDTH="35" VPOS="2004" HPOS="1311"/>
<String CONTENT="negative," HEIGHT="73" WIDTH="310" VPOS="1984" HPOS="1347"/>
<SP HEIGHT="51" WIDTH="38" VPOS="2005" HPOS="1658"/>
<String CONTENT="versus" HEIGHT="41" WIDTH="223" VPOS="2003" HPOS="1697"/>
<SP HEIGHT="58" WIDTH="38" VPOS="1986" HPOS="1921"/>
<String CS="1" CONTENT="Reverend" HEIGHT="118" WIDTH="1972" VPOS="2005" HPOS="193"/>
</TextLine>
<TextLine HEIGHT="75" WIDTH="1839" VPOS="2063" HPOS="352">
<String CONTENT="John" HEIGHT="59" WIDTH="170" VPOS="2065" HPOS="352"/>
<SP HEIGHT="57" WIDTH="41" VPOS="2065" HPOS="523"/>
<String CONTENT="Haynes" HEIGHT="70" WIDTH="259" VPOS="2065" HPOS="565"/>
<SP HEIGHT="58" WIDTH="40" VPOS="2064" HPOS="825"/>
<String CONTENT="Holmes," HEIGHT="73" WIDTH="281" VPOS="2064" HPOS="866"/>
<SP HEIGHT="53" WIDTH="45" VPOS="2084" HPOS="1148"/>
<String CONTENT="affirmative;" HEIGHT="73" WIDTH="398" VPOS="2063" HPOS="1194"/>
<SP HEIGHT="72" WIDTH="45" VPOS="2064" HPOS="1593"/>
<String CONTENT="introduction" HEIGHT="60" WIDTH="428" VPOS="2064" HPOS="1639"/>
<SP HEIGHT="57" WIDTH="41" VPOS="2067" HPOS="2068"/>
<String CONTENT="by" HEIGHT="71" WIDTH="81" VPOS="2067" HPOS="2110"/>
</TextLine>
<TextLine HEIGHT="72" WIDTH="1998" VPOS="2143" HPOS="192" CS="1">
<String CONTENT="Hon." HEIGHT="56" WIDTH="163" VPOS="2145" HPOS="192"/>
<SP HEIGHT="56" WIDTH="42" VPOS="2145" HPOS="356"/>
<String CS="1" CONTENT="Royal" HEIGHT="71" WIDTH="143" VPOS="2144" HPOS="460"/>
<SP HEIGHT="58" WIDTH="43" VPOS="2144" HPOS="604"/>
<String CONTENT="S." HEIGHT="58" WIDTH="61" VPOS="2144" HPOS="648"/>
<SP HEIGHT="59" WIDTH="46" VPOS="2143" HPOS="710"/>
<String CONTENT="Copeland." HEIGHT="72" WIDTH="338" VPOS="2143" HPOS="757"/>
<SP HEIGHT="55" WIDTH="82" VPOS="2143" HPOS="1096"/>
<String CONTENT="New" HEIGHT="56" WIDTH="151" VPOS="2143" HPOS="1179"/>
<SP HEIGHT="56" WIDTH="41" VPOS="2143" HPOS="1331"/>
<String CONTENT="York," HEIGHT="71" WIDTH="192" VPOS="2143" HPOS="1373"/>
<SP HEIGHT="71" WIDTH="45" VPOS="2143" HPOS="1566"/>
<String CONTENT="The" HEIGHT="57" WIDTH="128" VPOS="2143" HPOS="1612"/>
<SP HEIGHT="57" WIDTH="47" VPOS="2143" HPOS="1741"/>
<String CONTENT="League" HEIGHT="72" WIDTH="249" VPOS="2143" HPOS="1789"/>
<SP HEIGHT="57" WIDTH="46" VPOS="2144" HPOS="2039"/>
<String CONTENT="for" HEIGHT="57" WIDTH="104" VPOS="2144" HPOS="2086"/>
</TextLine>
<TextLine HEIGHT="75" WIDTH="806" VPOS="2220" HPOS="191">
<String CONTENT="public" HEIGHT="73" WIDTH="207" VPOS="2222" HPOS="191"/>
<SP HEIGHT="56" WIDTH="28" VPOS="2223" HPOS="399"/>
<String CONTENT="discussion," HEIGHT="72" WIDTH="370" VPOS="2220" HPOS="428"/>
<SP HEIGHT="69" WIDTH="31" VPOS="2223" HPOS="799"/>
<String CONTENT="1924." HEIGHT="58" WIDTH="166" VPOS="2220" HPOS="831"/>
</TextLine>
<TextLine HEIGHT="54" WIDTH="630" VPOS="2299" HPOS="262" STYLEREFS="StyleId-7296EA6D-75F7-47C3-8DAD-530AA87C89F9-" CS="1">
<String CONTENT="74" HEIGHT="44" WIDTH="54" VPOS="2301" HPOS="262"/>
<SP HEIGHT="52" WIDTH="21" VPOS="2301" HPOS="317"/>
<String CONTENT="p." HEIGHT="37" WIDTH="41" VPOS="2316" HPOS="339"/>
<SP HEIGHT="44" WIDTH="25" VPOS="2299" HPOS="381"/>
<String CONTENT="incl." HEIGHT="44" WIDTH="104" VPOS="2299" HPOS="407"/>
<SP HEIGHT="37" WIDTH="26" VPOS="2315" HPOS="512"/>
<String CONTENT="ports." HEIGHT="47" WIDTH="143" VPOS="2305" HPOS="539"/>
<SP HEIGHT="42" WIDTH="60" VPOS="2300" HPOS="683"/>
<String CS="1" CONTENT="19&#189;" HEIGHT="43" WIDTH="52" VPOS="2300" HPOS="744"/>
<String STYLE="superscript" CONTENT="cm" HEIGHT="17" WIDTH="47" VPOS="2301" HPOS="830"/>
<String CONTENT="." HEIGHT="8" WIDTH="8" VPOS="2334" HPOS="884"/>
</TextLine>
<TextLine HEIGHT="53" WIDTH="928" VPOS="2355" HPOS="264" STYLEREFS="StyleId-7296EA6D-75F7-47C3-8DAD-530AA87C89F9-">
<String CONTENT="Cover-title:" HEIGHT="46" WIDTH="299" VPOS="2356" HPOS="264"/>
<SP HEIGHT="42" WIDTH="33" VPOS="2357" HPOS="564"/>
<String CONTENT="Debate" HEIGHT="42" WIDTH="177" VPOS="2357" HPOS="598"/>
<SP HEIGHT="29" WIDTH="27" VPOS="2370" HPOS="776"/>
<String CONTENT="on" HEIGHT="28" WIDTH="59" VPOS="2370" HPOS="804"/>
<SP HEIGHT="37" WIDTH="29" VPOS="2371" HPOS="864"/>
<String CONTENT="prohibition." HEIGHT="53" WIDTH="298" VPOS="2355" HPOS="894"/>
</TextLine>
<TextLine HEIGHT="55" WIDTH="1998" VPOS="2411" HPOS="191" STYLEREFS="StyleId-7296EA6D-75F7-47C3-8DAD-530AA87C89F9-" CS="1">
<String CONTENT="&#169;" HEIGHT="54" WIDTH="52" VPOS="2412" HPOS="191"/>
<SP HEIGHT="54" WIDTH="27" VPOS="2412" HPOS="244"/>
<String CONTENT="Dec." HEIGHT="43" WIDTH="108" VPOS="2414" HPOS="272"/>
<SP HEIGHT="42" WIDTH="24" VPOS="2414" HPOS="381"/>
<String CONTENT="23," HEIGHT="51" WIDTH="67" VPOS="2414" HPOS="406"/>
<SP HEIGHT="50" WIDTH="31" VPOS="2415" HPOS="474"/>
<String CONTENT="1924;" HEIGHT="51" WIDTH="129" VPOS="2413" HPOS="506"/>
<SP HEIGHT="50" WIDTH="28" VPOS="2414" HPOS="636"/>
<String CONTENT="2c." HEIGHT="41" WIDTH="65" VPOS="2414" HPOS="665"/>
<SP HEIGHT="51" WIDTH="26" VPOS="2414" HPOS="731"/>
<String CONTENT="Jan." HEIGHT="51" WIDTH="99" VPOS="2414" HPOS="758"/>
<SP HEIGHT="44" WIDTH="29" VPOS="2412" HPOS="858"/>
<String CONTENT="5," HEIGHT="53" WIDTH="36" VPOS="2412" HPOS="888"/>
<SP HEIGHT="51" WIDTH="30" VPOS="2414" HPOS="925"/>
<String CONTENT="1925;" HEIGHT="53" WIDTH="130" VPOS="2411" HPOS="956"/>
<SP/>
<String CS="1" CONTENT="aff."/>
<SP HEIGHT="51" WIDTH="26" VPOS="2414" HPOS="1197"/>
<String CONTENT="Jan." HEIGHT="51" WIDTH="99" VPOS="2414" HPOS="1224"/>
<SP HEIGHT="41" WIDTH="27" VPOS="2414" HPOS="1324"/>
<String CONTENT="2;" HEIGHT="51" WIDTH="51" VPOS="2414" HPOS="1352"/>
<SP HEIGHT="52" WIDTH="30" VPOS="2413" HPOS="1404"/>
<!-- cceid 2A21526B-6DD5-1014-B757-AF09C522E301 --><String CONTENT="A" HEIGHT="42" WIDTH="43" VPOS="2413" HPOS="1435"/>
<SP HEIGHT="43" WIDTH="27" VPOS="2413" HPOS="1479"/>
<String CONTENT="814533;" HEIGHT="54" WIDTH="189" VPOS="2412" HPOS="1507"/>
<SP HEIGHT="52" WIDTH="31" VPOS="2414" HPOS="1697"/>
<String CONTENT="League" HEIGHT="52" WIDTH="180" VPOS="2414" HPOS="1729"/>
<SP HEIGHT="43" WIDTH="28" VPOS="2414" HPOS="1910"/>
<String CONTENT="for" HEIGHT="43" WIDTH="76" VPOS="2414" HPOS="1939"/>
<SP HEIGHT="38" WIDTH="25" VPOS="2428" HPOS="2016"/>
<String CONTENT="public" HEIGHT="52" WIDTH="147" VPOS="2414" HPOS="2042"/>
</TextLine>
<TextLine HEIGHT="54" WIDTH="577" VPOS="2469" HPOS="263" STYLEREFS="StyleId-7296EA6D-75F7-47C3-8DAD-530AA87C89F9-">
<String CONTENT="discussion." HEIGHT="44" WIDTH="265" VPOS="2471" HPOS="263"/>
<SP HEIGHT="53" WIDTH="67" VPOS="2470" HPOS="529"/>
<String CONTENT="(25-1383)" HEIGHT="54" WIDTH="243" VPOS="2469" HPOS="597"/>
</TextLine>
<TextLine HEIGHT="73" WIDTH="932" VPOS="2570" HPOS="191" CS="1">
<String CONTENT="Defoe," HEIGHT="73" WIDTH="214" VPOS="2570" HPOS="191"/>
<SP HEIGHT="72" WIDTH="38" VPOS="2571" HPOS="406"/>
<String CONTENT="Daniel," HEIGHT="71" WIDTH="241" VPOS="2570" HPOS="445"/>
<SP HEIGHT="68" WIDTH="39" VPOS="2573" HPOS="687"/>
<String CS="1" CONTENT="1661?-1731." HEIGHT="58" WIDTH="396" VPOS="2571" HPOS="727"/>
</TextLine>
<TextLine HEIGHT="75" WIDTH="1920" VPOS="2659" HPOS="271" CS="1">
<String CONTENT="The" HEIGHT="57" WIDTH="128" VPOS="2663" HPOS="271"/>
<SP HEIGHT="57" WIDTH="26" VPOS="2663" HPOS="400"/>
<String CONTENT="life" HEIGHT="57" WIDTH="112" VPOS="2662" HPOS="427"/>
<SP HEIGHT="37" WIDTH="27" VPOS="2682" HPOS="540"/>
<String CONTENT="and" HEIGHT="56" WIDTH="123" VPOS="2663" HPOS="568"/>
<SP HEIGHT="56" WIDTH="28" VPOS="2663" HPOS="692"/>
<String CONTENT="adventures" HEIGHT="57" WIDTH="378" VPOS="2661" HPOS="721"/>
<SP HEIGHT="38" WIDTH="28" VPOS="2681" HPOS="1100"/>
<String CONTENT="of" HEIGHT="56" WIDTH="67" VPOS="2663" HPOS="1129"/>
<SP HEIGHT="56" WIDTH="24" VPOS="2662" HPOS="1197"/>
<String CS="1" CONTENT="Robinson" HEIGHT="57" WIDTH="260" VPOS="2661" HPOS="1283"/>
<SP HEIGHT="59" WIDTH="29" VPOS="2661" HPOS="1544"/>
<String CONTENT="Crusoe," HEIGHT="72" WIDTH="254" VPOS="2661" HPOS="1574"/>
<SP HEIGHT="74" WIDTH="25" VPOS="2659" HPOS="1829"/>
<String CONTENT="by" HEIGHT="75" WIDTH="84" VPOS="2659" HPOS="1855"/>
<SP HEIGHT="71" WIDTH="24" VPOS="2663" HPOS="1940"/>
<String CONTENT="Daniel" HEIGHT="60" WIDTH="226" VPOS="2663" HPOS="1965"/>
</TextLine>
<TextLine HEIGHT="76" WIDTH="1993" VPOS="2738" HPOS="193">
<String CONTENT="Defoe;" HEIGHT="70" WIDTH="230" VPOS="2740" HPOS="193"/>
<SP HEIGHT="72" WIDTH="72" VPOS="2738" HPOS="424"/>
<String CONTENT="illustrated" HEIGHT="58" WIDTH="361" VPOS="2738" HPOS="497"/>
<SP HEIGHT="56" WIDTH="71" VPOS="2740" HPOS="859"/>
<String CONTENT="by" HEIGHT="70" WIDTH="81" VPOS="2740" HPOS="931"/>
<SP HEIGHT="72" WIDTH="71" VPOS="2738" HPOS="1013"/>
<String CONTENT="Frances" HEIGHT="57" WIDTH="276" VPOS="2738" HPOS="1085"/>
<SP HEIGHT="57" WIDTH="72" VPOS="2738" HPOS="1362"/>
<String CONTENT="Brundage." HEIGHT="74" WIDTH="355" VPOS="2738" HPOS="1435"/>
<SP HEIGHT="59" WIDTH="104" VPOS="2739" HPOS="1791"/>
<String CONTENT="Chicago," HEIGHT="75" WIDTH="290" VPOS="2739" HPOS="1896"/>
</TextLine>
<TextLine HEIGHT="76" WIDTH="1994" VPOS="2815" HPOS="194" CS="1">
<String CONTENT="Akron," HEIGHT="72" WIDTH="232" VPOS="2817" HPOS="194"/>
<SP HEIGHT="72" WIDTH="37" VPOS="2817" HPOS="427"/>
<String CS="1" CONTENT="O." HEIGHT="9" WIDTH="10" VPOS="2865" HPOS="522"/>
<SP HEIGHT="43" WIDTH="37" VPOS="2846" HPOS="533"/>
<String CONTENT="[etc.]" HEIGHT="69" WIDTH="145" VPOS="2821" HPOS="571"/>
<SP HEIGHT="72" WIDTH="37" VPOS="2818" HPOS="717"/>
<String CONTENT="The" HEIGHT="57" WIDTH="129" VPOS="2817" HPOS="755"/>
<SP HEIGHT="57" WIDTH="36" VPOS="2817" HPOS="885"/>
<String CONTENT="Saalfield" HEIGHT="59" WIDTH="297" VPOS="2815" HPOS="922"/>
<SP HEIGHT="69" WIDTH="28" VPOS="2818" HPOS="1220"/>
<String CONTENT="publishing" HEIGHT="74" WIDTH="363" VPOS="2815" HPOS="1249"/>
<SP HEIGHT="53" WIDTH="31" VPOS="2836" HPOS="1613"/>
<String CONTENT="company" HEIGHT="53" WIDTH="305" VPOS="2836" HPOS="1645"/>
<SP HEIGHT="53" WIDTH="35" VPOS="2838" HPOS="1951"/>
<String CS="1" CONTENT="["/>
<String STYLE="superscript" CONTENT="c" HEIGHT="20" WIDTH="16" VPOS="2828" HPOS="2004"/>
<String CONTENT="1924]" HEIGHT="71" WIDTH="164" VPOS="2820" HPOS="2024"/>
</TextLine>
<TextLine HEIGHT="55" WIDTH="1930" VPOS="2892" HPOS="262" STYLEREFS="StyleId-7296EA6D-75F7-47C3-8DAD-530AA87C89F9-" CS="1">
<String CONTENT="4" HEIGHT="42" WIDTH="26" VPOS="2895" HPOS="262"/>
<SP HEIGHT="52" WIDTH="26" VPOS="2895" HPOS="289"/>
<String LANG="la" CONTENT="p." HEIGHT="37" WIDTH="38" VPOS="2910" HPOS="316"/>
<SP HEIGHT="43" WIDTH="27" VPOS="2894" HPOS="355"/>
<String LANG="la" CS="1" CONTENT="l"/>
<String CONTENT=".," HEIGHT="16" WIDTH="20" VPOS="2929" HPOS="403"/>
<SP HEIGHT="52" WIDTH="28" VPOS="2893" HPOS="424"/>
<String CONTENT="7-250" HEIGHT="45" WIDTH="137" VPOS="2892" HPOS="453"/>
<SP HEIGHT="53" WIDTH="28" VPOS="2893" HPOS="591"/>
<String CONTENT="p." HEIGHT="37" WIDTH="39" VPOS="2909" HPOS="620"/>
<SP HEIGHT="27" WIDTH="58" VPOS="2910" HPOS="660"/>
<String CONTENT="col." HEIGHT="43" WIDTH="82" VPOS="2894" HPOS="719"/>
<SP HEIGHT="43" WIDTH="29" VPOS="2893" HPOS="802"/>
<String CONTENT="front.," HEIGHT="52" WIDTH="152" VPOS="2893" HPOS="832"/>
<SP HEIGHT="52" WIDTH="28" VPOS="2893" HPOS="985"/>
<String CONTENT="illus." HEIGHT="45" WIDTH="114" VPOS="2892" HPOS="1014"/>
<SP HEIGHT="41" WIDTH="58" VPOS="2895" HPOS="1129"/>
<String CONTENT="24" HEIGHT="42" WIDTH="54" VPOS="2895" HPOS="1188"/>
<String STYLE="superscript" CONTENT="cm" HEIGHT="17" WIDTH="45" VPOS="2896" HPOS="1249"/>
<String CONTENT="." HEIGHT="9" WIDTH="8" VPOS="2928" HPOS="1302"/>
<SP HEIGHT="53" WIDTH="68" VPOS="2893" HPOS="1311"/>
<String CONTENT="(Lettered" HEIGHT="53" WIDTH="237" VPOS="2893" HPOS="1380"/>
<SP HEIGHT="43" WIDTH="27" VPOS="2894" HPOS="1618"/>
<String CONTENT="on" HEIGHT="28" WIDTH="57" VPOS="2909" HPOS="1646"/>
<SP HEIGHT="28" WIDTH="26" VPOS="2910" HPOS="1704"/>
<String CONTENT="cover:" HEIGHT="30" WIDTH="157" VPOS="2909" HPOS="1731"/>
<SP HEIGHT="41" WIDTH="33" VPOS="2896" HPOS="1889"/>
<String CONTENT="Mayflower" HEIGHT="52" WIDTH="269" VPOS="2895" HPOS="1923"/>
</TextLine>
<TextLine HEIGHT="53" WIDTH="163" VPOS="2951" HPOS="194" STYLEREFS="StyleId-7296EA6D-75F7-47C3-8DAD-530AA87C89F9-">
<String CONTENT="series)" HEIGHT="53" WIDTH="163" VPOS="2951" HPOS="194"/>
</TextLine>
<TextLine HEIGHT="112" WIDTH="1977" VPOS="3005" HPOS="190" STYLEREFS="StyleId-7296EA6D-75F7-47C3-8DAD-530AA87C89F9-" CS="1">
<String CONTENT="&#169;" HEIGHT="54" WIDTH="56" VPOS="3005" HPOS="190"/>
<SP HEIGHT="54" WIDTH="23" VPOS="3005" HPOS="247"/>
<String CONTENT="Aug." HEIGHT="51" WIDTH="119" VPOS="3008" HPOS="271"/>
<SP HEIGHT="42" WIDTH="21" VPOS="3008" HPOS="391"/>
<String CONTENT="4," HEIGHT="51" WIDTH="41" VPOS="3008" HPOS="413"/>
<SP HEIGHT="51" WIDTH="26" VPOS="3008" HPOS="455"/>
<String CONTENT="1924;" HEIGHT="50" WIDTH="129" VPOS="3007" HPOS="482"/>
<SP HEIGHT="49" WIDTH="25" VPOS="3008" HPOS="612"/>
<String CONTENT="2c." HEIGHT="42" WIDTH="63" VPOS="3008" HPOS="638"/>
<SP HEIGHT="27" WIDTH="25" VPOS="3023" HPOS="702"/>
<String CONTENT="and" HEIGHT="43" WIDTH="87" VPOS="3007" HPOS="728"/>
<SP/>
<String CS="1" CONTENT="aff."/>
<SP HEIGHT="41" WIDTH="26" VPOS="3009" HPOS="920"/>
<String CONTENT="Dec." HEIGHT="40" WIDTH="109" VPOS="3009" HPOS="947"/>
<SP HEIGHT="40" WIDTH="29" VPOS="3009" HPOS="1057"/>
<String CONTENT="19;" HEIGHT="52" WIDTH="74" VPOS="3007" HPOS="1087"/>
<SP HEIGHT="52" WIDTH="25" VPOS="3007" HPOS="1162"/>
<!-- cceid 2A21ED8A-6DD5-1014-B757-AF09C522E301 --><String CONTENT="A" HEIGHT="42" WIDTH="44" VPOS="3007" HPOS="1188"/>
<SP HEIGHT="43" WIDTH="24" VPOS="3007" HPOS="1233"/>
<String CONTENT="815854;" HEIGHT="53" WIDTH="189" VPOS="3005" HPOS="1258"/>
<SP HEIGHT="53" WIDTH="31" VPOS="3005" HPOS="1448"/>
<String CONTENT="Saalfield" HEIGHT="47" WIDTH="214" VPOS="3005" HPOS="1480"/>
<SP HEIGHT="51" WIDTH="25" VPOS="3009" HPOS="1695"/>
<String CONTENT="pub." HEIGHT="52" WIDTH="100" VPOS="3008" HPOS="1721"/>
<SP HEIGHT="27" WIDTH="25" VPOS="3024" HPOS="1822"/>
<String CONTENT="co." HEIGHT="28" WIDTH="65" VPOS="3024" HPOS="1848"/>
<SP HEIGHT="53" WIDTH="58" VPOS="3008" HPOS="1914"/>
<String CS="1" CONTENT="[&#169;" HEIGHT="53" WIDTH="66" VPOS="3008" HPOS="1973"/>
<SP HEIGHT="53" WIDTH="25" VPOS="3008" HPOS="2040"/>
<String CONTENT="illustrations]" HEIGHT="106" WIDTH="1904" VPOS="3009" HPOS="263"/>
<SP HEIGHT="53" WIDTH="70" VPOS="3064" HPOS="469"/>
<String CONTENT="(25-2768)" HEIGHT="55" WIDTH="242" VPOS="3062" HPOS="540"/>
<SP/>
</TextLine>
<TextLine HEIGHT="75" WIDTH="920" VPOS="3149" HPOS="195" CS="1">
<String CONTENT="Dorr," HEIGHT="73" WIDTH="178" VPOS="3150" HPOS="195"/>
<SP HEIGHT="71" WIDTH="30" VPOS="3152" HPOS="374"/>
<String CONTENT="Mrs." HEIGHT="59" WIDTH="157" VPOS="3152" HPOS="405"/>
<SP HEIGHT="61" WIDTH="27" VPOS="3150" HPOS="563"/>
<String CONTENT="Rheta" HEIGHT="58" WIDTH="205" VPOS="3150" HPOS="591"/>
<SP HEIGHT="72" WIDTH="37" VPOS="3152" HPOS="797"/>
<String CS="1" CONTENT="(Childe)" HEIGHT="75" WIDTH="280" VPOS="3149" HPOS="835"/>
</TextLine>
<TextLine HEIGHT="72" WIDTH="1917" VPOS="3241" HPOS="274" CS="1">
<String CONTENT="A" HEIGHT="57" WIDTH="59" VPOS="3241" HPOS="274"/>
<SP HEIGHT="59" WIDTH="23" VPOS="3241" HPOS="334"/>
<String CONTENT="woman" HEIGHT="39" WIDTH="242" VPOS="3261" HPOS="358"/>
<SP HEIGHT="38" WIDTH="27" VPOS="3261" HPOS="601"/>
<String CONTENT="of" HEIGHT="57" WIDTH="67" VPOS="3242" HPOS="629"/>
<SP HEIGHT="56" WIDTH="25" VPOS="3241" HPOS="697"/>
<String CONTENT="fifty," HEIGHT="72" WIDTH="162" VPOS="3241" HPOS="723"/>
<SP HEIGHT="71" WIDTH="28" VPOS="3242" HPOS="886"/>
<String CONTENT="by" HEIGHT="71" WIDTH="82" VPOS="3242" HPOS="915"/>
<SP HEIGHT="71" WIDTH="25" VPOS="3242" HPOS="998"/>
<String CS="1" CONTENT="Rheta" HEIGHT="56" WIDTH="147" VPOS="3242" HPOS="1082"/>
<SP HEIGHT="59" WIDTH="28" VPOS="3241" HPOS="1230"/>
<String CONTENT="Childe" HEIGHT="59" WIDTH="216" VPOS="3241" HPOS="1259"/>
<SP HEIGHT="57" WIDTH="28" VPOS="3242" HPOS="1476"/>
<String CONTENT="Dorr" HEIGHT="57" WIDTH="168" VPOS="3242" HPOS="1505"/>
<SP HEIGHT="38" WIDTH="32" VPOS="3262" HPOS="1674"/>
<String CS="1" CONTENT="&#8230;"/>
<SP HEIGHT="56" WIDTH="71" VPOS="3244" HPOS="1770"/>
<String CONTENT="New" HEIGHT="57" WIDTH="152" VPOS="3244" HPOS="1842"/>
<SP HEIGHT="56" WIDTH="26" VPOS="3245" HPOS="1995"/>
<String CONTENT="York" HEIGHT="57" WIDTH="169" VPOS="3243" HPOS="2022"/>
</TextLine>
<TextLine HEIGHT="69" WIDTH="1577" VPOS="3319" HPOS="199" CS="1">
<String CONTENT="and." HEIGHT="58" WIDTH="130" VPOS="3320" HPOS="199"/>
<SP HEIGHT="58" WIDTH="14" VPOS="3320" HPOS="330"/>
<String CONTENT="London," HEIGHT="68" WIDTH="278" VPOS="3320" HPOS="345"/>
<SP HEIGHT="68" WIDTH="22" VPOS="3320" HPOS="624"/>
<String CONTENT="Funk" HEIGHT="56" WIDTH="182" VPOS="3320" HPOS="647"/>
<SP HEIGHT="56" WIDTH="21" VPOS="3320" HPOS="830"/>
<String CONTENT="&amp;" HEIGHT="56" WIDTH="48" VPOS="3320" HPOS="852"/>
<SP HEIGHT="57" WIDTH="17" VPOS="3320" HPOS="901"/>
<String CONTENT="Wagnalls" HEIGHT="69" WIDTH="328" VPOS="3319" HPOS="919"/>
<SP HEIGHT="37" WIDTH="27" VPOS="3339" HPOS="1248"/>
<String CONTENT="company," HEIGHT="50" WIDTH="323" VPOS="3338" HPOS="1276"/>
<SP HEIGHT="65" WIDTH="26" VPOS="3323" HPOS="1600"/>
<String CS="1" CONTENT="1924." HEIGHT="55" WIDTH="149" VPOS="3322" HPOS="1627"/>
</TextLine>
<TextLine HEIGHT="53" WIDTH="546" VPOS="3397" HPOS="268" STYLEREFS="StyleId-7296EA6D-75F7-47C3-8DAD-530AA87C89F9-" CS="1">
<String CONTENT="3" HEIGHT="42" WIDTH="23" VPOS="3400" HPOS="268"/>
<SP/>
<String CS="1" CONTENT="p."/>
<SP/>
<String CS="1" CONTENT="l.,"/>
<SP/>
<String CONTENT="451" HEIGHT="44" WIDTH="77" VPOS="3397" HPOS="457"/>
<SP HEIGHT="49" WIDTH="29" VPOS="3401" HPOS="535"/>
<String CONTENT="p." HEIGHT="37" WIDTH="40" VPOS="3413" HPOS="565"/>
<SP HEIGHT="43" WIDTH="57" VPOS="3398" HPOS="606"/>
<String CS="1" CONTENT="20&#189;" HEIGHT="43" WIDTH="53" VPOS="3398" HPOS="664"/>
<String STYLE="superscript" CONTENT="cm" HEIGHT="16" WIDTH="46" VPOS="3401" HPOS="752"/>
<String CONTENT="." HEIGHT="9" WIDTH="8" VPOS="3433" HPOS="806"/>
</TextLine>
<TextLine HEIGHT="58" WIDTH="1995" VPOS="3451" HPOS="195" STYLEREFS="StyleId-7296EA6D-75F7-47C3-8DAD-530AA87C89F9-" CS="1">
<String CONTENT="&#169;" HEIGHT="53" WIDTH="53" VPOS="3451" HPOS="195"/>
<SP HEIGHT="53" WIDTH="25" VPOS="3451" HPOS="249"/>
<String CONTENT="Nov." HEIGHT="41" WIDTH="118" VPOS="3454" HPOS="275"/>
<SP HEIGHT="41" WIDTH="23" VPOS="3454" HPOS="394"/>
<String CONTENT="29," HEIGHT="50" WIDTH="69" VPOS="3453" HPOS="418"/>
<SP HEIGHT="48" WIDTH="29" VPOS="3455" HPOS="488"/>
<String CONTENT="1924;" HEIGHT="52" WIDTH="129" VPOS="3452" HPOS="518"/>
<SP HEIGHT="51" WIDTH="26" VPOS="3453" HPOS="648"/>
<String CONTENT="2c." HEIGHT="44" WIDTH="65" VPOS="3453" HPOS="675"/>
<SP HEIGHT="29" WIDTH="25" VPOS="3468" HPOS="741"/>
<String CONTENT="and" HEIGHT="42" WIDTH="88" VPOS="3455" HPOS="767"/>
<SP/>
<String CS="1" CONTENT="aff."/>
<SP HEIGHT="52" WIDTH="26" VPOS="3453" HPOS="960"/>
<String CONTENT="Jan." HEIGHT="52" WIDTH="100" VPOS="3453" HPOS="987"/>
<SP HEIGHT="42" WIDTH="22" VPOS="3454" HPOS="1088"/>
<String CONTENT="2," HEIGHT="52" WIDTH="39" VPOS="3454" HPOS="1111"/>
<SP HEIGHT="50" WIDTH="31" VPOS="3456" HPOS="1151"/>
<String CONTENT="1925;" HEIGHT="53" WIDTH="130" VPOS="3452" HPOS="1183"/>
<SP HEIGHT="49" WIDTH="28" VPOS="3456" HPOS="1314"/>
<!-- cceid 2A22B4DE-6DD5-1014-B757-AF09C522E301 --><String CONTENT="A" HEIGHT="41" WIDTH="45" VPOS="3456" HPOS="1343"/>
<SP HEIGHT="43" WIDTH="25" VPOS="3454" HPOS="1389"/>
<String CONTENT="814494;" HEIGHT="53" WIDTH="188" VPOS="3454" HPOS="1415"/>
<SP HEIGHT="53" WIDTH="29" VPOS="3454" HPOS="1604"/>
<String CONTENT="Funk" HEIGHT="44" WIDTH="132" VPOS="3454" HPOS="1634"/>
<SP HEIGHT="43" WIDTH="25" VPOS="3456" HPOS="1767"/>
<String CONTENT="&amp;" HEIGHT="43" WIDTH="37" VPOS="3456" HPOS="1793"/>
<SP HEIGHT="44" WIDTH="25" VPOS="3456" HPOS="1831"/>
<String CONTENT="Wagnalls" HEIGHT="53" WIDTH="240" VPOS="3456" HPOS="1857"/>
<SP HEIGHT="28" WIDTH="26" VPOS="3472" HPOS="2098"/>
<String CONTENT="co." HEIGHT="28" WIDTH="65" VPOS="3472" HPOS="2125"/>
</TextLine>
<TextLine HEIGHT="53" WIDTH="268" VPOS="3509" HPOS="274" STYLEREFS="StyleId-7296EA6D-75F7-47C3-8DAD-530AA87C89F9-">
<String CONTENT="(25-26024)" HEIGHT="53" WIDTH="268" VPOS="3509" HPOS="274"/>
</TextLine>
<TextLine HEIGHT="74" WIDTH="1111" VPOS="3595" HPOS="196" CS="1">
<String CONTENT="Dunbaugh," HEIGHT="72" WIDTH="370" VPOS="3595" HPOS="196"/>
<SP HEIGHT="68" WIDTH="36" VPOS="3597" HPOS="567"/>
<String CONTENT="Frank" HEIGHT="57" WIDTH="214" VPOS="3596" HPOS="604"/>
<SP HEIGHT="56" WIDTH="32" VPOS="3596" HPOS="819"/>
<String CONTENT="M" HEIGHT="55" WIDTH="68" VPOS="3597" HPOS="852"/>
<SP/>
<String CONTENT="jr." HEIGHT="73" WIDTH="77" VPOS="3596" HPOS="1230"/>
</TextLine>
<TextLine HEIGHT="77" WIDTH="1912" VPOS="3684" HPOS="278">
<String CONTENT="Going" HEIGHT="74" WIDTH="202" VPOS="3684" HPOS="278"/>
<SP HEIGHT="67" WIDTH="20" VPOS="3691" HPOS="481"/>
<String CONTENT="to" HEIGHT="52" WIDTH="63" VPOS="3691" HPOS="502"/>
<SP HEIGHT="56" WIDTH="27" VPOS="3687" HPOS="566"/>
<String CONTENT="Florida?" HEIGHT="58" WIDTH="296" VPOS="3685" HPOS="594"/>
<SP HEIGHT="55" WIDTH="79" VPOS="3688" HPOS="891"/>
<String CONTENT="A" HEIGHT="55" WIDTH="60" VPOS="3688" HPOS="971"/>
<SP HEIGHT="56" WIDTH="26" VPOS="3688" HPOS="1032"/>
<String CONTENT="complete" HEIGHT="73" WIDTH="301" VPOS="3687" HPOS="1059"/>
<SP HEIGHT="52" WIDTH="27" VPOS="3707" HPOS="1361"/>
<String CONTENT="guide" HEIGHT="73" WIDTH="184" VPOS="3686" HPOS="1389"/>
<SP HEIGHT="54" WIDTH="28" VPOS="3692" HPOS="1574"/>
<String CONTENT="to" HEIGHT="54" WIDTH="63" VPOS="3692" HPOS="1603"/>
<SP HEIGHT="55" WIDTH="28" VPOS="3692" HPOS="1667"/>
<String CONTENT="the" HEIGHT="59" WIDTH="103" VPOS="3689" HPOS="1696"/>
<SP HEIGHT="39" WIDTH="32" VPOS="3709" HPOS="1800"/>
<String CONTENT="state," HEIGHT="67" WIDTH="181" VPOS="3694" HPOS="1833"/>
<SP HEIGHT="50" WIDTH="27" VPOS="3711" HPOS="2015"/>
<String CONTENT="with" HEIGHT="56" WIDTH="147" VPOS="3690" HPOS="2043"/>
</TextLine>
<TextLine HEIGHT="152" WIDTH="1970" VPOS="3763" HPOS="198" CS="1">
<String CONTENT="excursions" HEIGHT="59" WIDTH="360" VPOS="3763" HPOS="201"/>
<SP HEIGHT="55" WIDTH="42" VPOS="3767" HPOS="562"/>
<String CONTENT="to" HEIGHT="54" WIDTH="64" VPOS="3767" HPOS="605"/>
<SP HEIGHT="56" WIDTH="42" VPOS="3765" HPOS="670"/>
<String CONTENT="Havana" HEIGHT="57" WIDTH="272" VPOS="3765" HPOS="713"/>
<SP HEIGHT="38" WIDTH="42" VPOS="3785" HPOS="986"/>
<String CONTENT="and" HEIGHT="58" WIDTH="123" VPOS="3765" HPOS="1029"/>
<SP HEIGHT="58" WIDTH="41" VPOS="3765" HPOS="1153"/>
<String CONTENT="Nassau," HEIGHT="72" WIDTH="267" VPOS="3766" HPOS="1195"/>
<SP HEIGHT="71" WIDTH="43" VPOS="3767" HPOS="1463"/>
<String CONTENT="by" HEIGHT="71" WIDTH="83" VPOS="3767" HPOS="1507"/>
<SP HEIGHT="71" WIDTH="43" VPOS="3767" HPOS="1591"/>
<String CONTENT="Frank" HEIGHT="58" WIDTH="215" VPOS="3767" HPOS="1635"/>
<SP HEIGHT="58" WIDTH="44" VPOS="3767" HPOS="1851"/>
<String CONTENT="M." HEIGHT="57" WIDTH="82" VPOS="3768" HPOS="1896"/>
<SP HEIGHT="57" WIDTH="46" VPOS="3768" HPOS="1979"/>
<String CONTENT="Dunbaugh," HEIGHT="144" WIDTH="1970" VPOS="3768" HPOS="198"/>
<SP HEIGHT="70" WIDTH="26" VPOS="3843" HPOS="422"/>
<String CONTENT="jr." HEIGHT="70" WIDTH="78" VPOS="3843" HPOS="449"/>
<SP HEIGHT="55" WIDTH="82" VPOS="3843" HPOS="528"/>
<String CONTENT="New" HEIGHT="57" WIDTH="152" VPOS="3843" HPOS="611"/>
<SP HEIGHT="56" WIDTH="22" VPOS="3844" HPOS="764"/>
<String CONTENT="York," HEIGHT="68" WIDTH="190" VPOS="3844" HPOS="787"/>
<SP HEIGHT="68" WIDTH="27" VPOS="3844" HPOS="978"/>
<String CONTENT="Brentano&#8217;s," HEIGHT="72" WIDTH="404" VPOS="3843" HPOS="1006"/>
<SP HEIGHT="68" WIDTH="27" VPOS="3847" HPOS="1411"/>
<String CONTENT="1925." HEIGHT="57" WIDTH="166" VPOS="3846" HPOS="1439"/>
</TextLine>
<TextLine HEIGHT="54" WIDTH="1080" VPOS="3919" HPOS="268" STYLEREFS="StyleId-7296EA6D-75F7-47C3-8DAD-530AA87C89F9-">
<String CONTENT="x," HEIGHT="37" WIDTH="46" VPOS="3935" HPOS="268"/>
<SP HEIGHT="51" WIDTH="25" VPOS="3921" HPOS="315"/>
<String CONTENT="220" HEIGHT="43" WIDTH="81" VPOS="3920" HPOS="341"/>
<SP HEIGHT="52" WIDTH="25" VPOS="3920" HPOS="423"/>
<String CONTENT="p." HEIGHT="37" WIDTH="41" VPOS="3935" HPOS="449"/>
<SP HEIGHT="43" WIDTH="61" VPOS="3919" HPOS="491"/>
<String CONTENT="front.," HEIGHT="54" WIDTH="157" VPOS="3919" HPOS="553"/>
<SP HEIGHT="53" WIDTH="29" VPOS="3920" HPOS="711"/>
<String CONTENT="illus.," HEIGHT="52" WIDTH="133" VPOS="3920" HPOS="741"/>
<SP HEIGHT="50" WIDTH="30" VPOS="3922" HPOS="875"/>
<String CONTENT="fold." HEIGHT="43" WIDTH="113" VPOS="3920" HPOS="906"/>
<SP HEIGHT="27" WIDTH="28" VPOS="3936" HPOS="1020"/>
<String CONTENT="map." HEIGHT="37" WIDTH="118" VPOS="3935" HPOS="1049"/>
<SP HEIGHT="42" WIDTH="60" VPOS="3921" HPOS="1168"/>
<String CONTENT="17" HEIGHT="44" WIDTH="52" VPOS="3921" HPOS="1229"/>
<String STYLE="superscript" CONTENT="cm" HEIGHT="18" WIDTH="46" VPOS="3923" HPOS="1287"/>
<String CONTENT="." HEIGHT="7" WIDTH="9" VPOS="3956" HPOS="1339"/>
</TextLine>
<TextLine HEIGHT="56" WIDTH="1586" VPOS="3975" HPOS="196" STYLEREFS="StyleId-7296EA6D-75F7-47C3-8DAD-530AA87C89F9-" CS="1">
<String CONTENT="&#169;" HEIGHT="52" WIDTH="54" VPOS="3975" HPOS="196"/>
<SP HEIGHT="52" WIDTH="29" VPOS="3975" HPOS="251"/>
<String CONTENT="Jan." HEIGHT="50" WIDTH="97" VPOS="3977" HPOS="281"/>
<SP HEIGHT="41" WIDTH="29" VPOS="3977" HPOS="379"/>
<String CONTENT="2," HEIGHT="51" WIDTH="39" VPOS="3977" HPOS="409"/>
<SP HEIGHT="51" WIDTH="33" VPOS="3977" HPOS="449"/>
<String CONTENT="1925;" HEIGHT="53" WIDTH="128" VPOS="3975" HPOS="483"/>
<SP HEIGHT="50" WIDTH="29" VPOS="3978" HPOS="612"/>
<String CONTENT="2c." HEIGHT="41" WIDTH="65" VPOS="3978" HPOS="642"/>
<SP HEIGHT="50" WIDTH="30" VPOS="3978" HPOS="708"/>
<String CONTENT="Jan." HEIGHT="50" WIDTH="100" VPOS="3978" HPOS="739"/>
<SP HEIGHT="40" WIDTH="32" VPOS="3980" HPOS="840"/>
<String CONTENT="15;" HEIGHT="53" WIDTH="74" VPOS="3977" HPOS="873"/>
<SP/>
<String CS="1" CONTENT="aff."/>
<SP HEIGHT="51" WIDTH="30" VPOS="3979" HPOS="1060"/>
<String CONTENT="Jan." HEIGHT="51" WIDTH="99" VPOS="3979" HPOS="1091"/>
<SP HEIGHT="40" WIDTH="34" VPOS="3980" HPOS="1191"/>
<String CONTENT="12;" HEIGHT="52" WIDTH="73" VPOS="3979" HPOS="1226"/>
<SP HEIGHT="51" WIDTH="32" VPOS="3980" HPOS="1300"/>
<!-- cceid 2A237304-6DD5-1014-B757-AF09C522E301 --><String CONTENT="A" HEIGHT="41" WIDTH="45" VPOS="3980" HPOS="1333"/>
<SP HEIGHT="43" WIDTH="27" VPOS="3979" HPOS="1379"/>
<String CONTENT="814658;" HEIGHT="54" WIDTH="189" VPOS="3977" HPOS="1407"/>
<SP HEIGHT="53" WIDTH="35" VPOS="3978" HPOS="1597"/>
<String CONTENT="F." HEIGHT="46" WIDTH="49" VPOS="3978" HPOS="1633"/>
<SP HEIGHT="42" WIDTH="32" VPOS="3982" HPOS="1683"/>
<String CONTENT="M." HEIGHT="41" WIDTH="66" VPOS="3982" HPOS="1716"/>
</TextLine>
<TextLine HEIGHT="52" WIDTH="375" VPOS="3981" HPOS="1816" STYLEREFS="StyleId-7296EA6D-75F7-47C3-8DAD-530AA87C89F9-">
<String CONTENT="Dunbaugh," HEIGHT="52" WIDTH="271" VPOS="3981" HPOS="1816"/>
<SP HEIGHT="51" WIDTH="30" VPOS="3982" HPOS="2088"/>
<String CONTENT="jr.," HEIGHT="51" WIDTH="72" VPOS="3982" HPOS="2119"/>
</TextLine>
<TextLine HEIGHT="57" WIDTH="570" VPOS="4031" HPOS="269" STYLEREFS="StyleId-7296EA6D-75F7-47C3-8DAD-530AA87C89F9-">
<String CONTENT="New" HEIGHT="44" WIDTH="116" VPOS="4033" HPOS="269"/>
<SP HEIGHT="44" WIDTH="20" VPOS="4033" HPOS="386"/>
<String CONTENT="York." HEIGHT="43" WIDTH="143" VPOS="4033" HPOS="407"/>
<SP HEIGHT="52" WIDTH="45" VPOS="4036" HPOS="551"/>
<String CONTENT="(25-2576)" HEIGHT="57" WIDTH="242" VPOS="4031" HPOS="597"/>
</TextLine>
</TextBlock>
</PrintSpace>
</Page>
</Layout>
</alto>