2533 4412
1343 4037 73 53 64

370 447 229 72 Villon,
641 447 320 73 François,
1005 451 52 57 b.
1101 450 165 56 1431.

450 539 132 59 The
611 542 376 55 testaments
1019 539 69 57 of
1117 537 307 59 François
1453 538 233 72 Villon,
1716 538 357 59 translated
2100 540 84 70 by
2215 537 168 59 John

372 619 219 56 Heron
629 618 284 72 Lepper;
955 616 321 72 including
1317 615 105 58 the
1464 620 166 53 texts
1676 616 68 57 of
1785 616 169 58 John
1998 616 216 73 Payne
2262 617 118 56 and

373 696 232 59 others.
689 697 153 56 New
873 696 192 70 York,
1099 695 166 56 Boni
1298 695 124 57 and
1453 694 350 72 Liveright,
1839 695 166 57 1924.

442 772 166 54 xxxvi,
637 774 83 44 316
749 788 40 38 p.
819 772 103 43 incl.
954 772 131 43 front.
1136 771 236 55 (facsim.)
1440 772 54 44 23½
1531 774 46 17 cm
1583 806 8 9 .

445 830 273 46 Half-title:
747 828 101 47 The
874 828 142 46 Great
1040 827 93 47 and
1159 828 141 50 Tittle
1327 836 274 38 testaments
1630 829 52 43 of
1709 826 226 48 François
1961 828 162 44 Villon

444 887 321 55 Frontispiece
794 888 38 44 is
862 905 27 28 a
918 886 262 45 “facsimile
1206 886 54 44 of
1291 888 50 43 P.
1370 888 155 46 Levet’
1533 904 19 28 s
1581 886 177 47 edition
1788 887 54 44 of
1873 887 148 45 1489”.

444 945 143 46 “This
619 945 176 45 edition
826 946 53 43 of
912 945 60 44 all
1003 944 79 44 the
1111 959 161 39 poems
1307 945 54 43 of
1394 942 226 46 François
1653 944 160 44 Villon
1846 945 36 43 is
1914 945 136 45 made
2080 943 92 47 and
2204 943 181 55 printed

374 1004 45 43 in
455 1005 77 43 the
568 1003 175 45 United
784 1002 155 47 States
976 1003 53 43 of
1063 1001 235 52 America,
1335 1017 61 29 on
1433 1002 59 44 all
1532 1017 84 38 rag
1654 1017 141 38 paper
1834 1002 90 44 and
1961 1001 219 56 specially
2215 1002 170 45 bound.

374 1060 115 45 This
521 1060 177 46 edition
730 1061 39 44 is
802 1059 178 44 limited
1015 1067 47 36 to
1100 1060 108 45 1050
1240 1060 256 43 numbered
1530 1058 168 54 copies.
1759 1057 116 46 This
1911 1074 115 40 copy
2058 1058 38 46 is
2130 1059 256 45 numbered

371 1119 124 44 688.”

372 1174 52 53 ©
457 1176 120 43 Nov.
608 1176 66 51 21,
711 1175 107 43 1924;
872 1175 66 42 2c.
969 1175 100 52 Jan.
1101 1174 66 51 20,
1202 1173 131 54 1925;
1367 1174 79 44 aff.
1480 1174 118 44 Nov.
1630 1174 68 51 28,
1736 1174 129 53 1924;
1899 1175 45 42 A
1975 1174 189 53 814807;
2202 1175 116 44 Boni
2349 1177 35 42 &

444 1232 252 53 Liveright,
721 1231 85 44 inc.
869 1229 244 57 (25-2874)

371 1335 284 71 Walden,
700 1334 262 58 Charles
1000 1334 50 57 F
1368 1354 195 53 comp.

447 1426 268 73 Freight
751 1424 184 60 tariff
971 1424 191 72 book;
1201 1444 36 38 a
1277 1424 279 58 skeleton
1595 1424 405 72 compilation
2038 1424 67 59 of
2143 1425 240 73 freight

374 1505 231 72 tariffs,
638 1504 349 71 applicable
1014 1504 67 56 in
1108 1504 339 57 interstate
1476 1504 509 71 transportation
2015 1504 68 57 of
2111 1504 271 73 freight;

372 1584 318 72 arranged
724 1585 65 55 to
828 1602 180 38 serve
1044 1601 70 38 as
1152 1602 36 37 a
1225 1581 325 58 reference
1585 1582 162 56 book
1779 1582 154 56 with
1968 1582 104 58 the
2111 1585 168 55 texts
2317 1583 67 57 of

373 1662 103 58 the
519 1662 308 57 standard
868 1680 219 38 course
1126 1660 65 57 in
1230 1659 200 58 traffic
1467 1663 443 70 management
1947 1661 317 71 prepared
2301 1663 83 69 by

374 1741 103 58 the
504 1740 239 59 United
767 1740 74 57 Y.
873 1740 82 56 M.
988 1737 64 60 C.
1082 1739 74 57 A.
1190 1738 261 77 schools,
1483 1757 195 53 comp,
1708 1740 83 70 by
1822 1737 262 60 Charles
2114 1740 72 56 F.
371 1739 1990 138 Walden.

591 1819 153 57 New
769 1818 191 73 York,
987 1816 405 59 Association
1417 1835 201 55 press,
1648 1818 166 56 1924.

449 1898 75 52 vii,
558 1898 78 44 166
664 1913 39 38 p.
763 1896 54 45 27½
853 1899 47 17 cm
908 1932 8 8 .
986 1896 292 55 (Half-title:
1309 1895 170 45 Traffic
1510 1904 341 45 management;
1882 1896 75 45 the
1986 1897 219 43 standard
2233 1910 157 31 course

379 1952 1727 55 of the United Y. M. C. A. schools … Collateral reference book)
449 2012 226 45 “Revised
700 2011 211 45 edition.”

374 2068 52 53 ©
451 2070 108 41 Dec.
584 2069 67 51 31,
677 2067 130 50 1924;
833 2068 65 43 2c.
922 2068 100 51 Jan.
1051 2067 49 42 12,
1141 2065 130 54 1925;
1298 2067 79 43 aff.
1400 2067 99 53 Jan.
1529 2067 73 51 14;
1629 2067 43 43 A
1695 2065 190 54 814655;
1914 2068 326 44 International
445 2084 1919 85 committee
626 2125 50 44 of

700 2126 55 42 Y.
783 2126 67 43 M.
880 2124 48 44 C.
955 2124 73 52 A.,
1055 2125 117 43 New
1197 2125 143 43 York.
1405 2122 244 56 (25-2914)

374 2226 285 72 Warren,
705 2225 276 71 Charles,
1025 2227 191 57 1868-

455 2317 130 59 The
628 2315 306 72 Supreme
979 2316 179 56 court
1199 2316 124 56 and
1366 2315 331 73 sovereign
1741 2317 216 70 states,
1997 2317 83 70 by
2122 2314 261 60 Charles

375 2393 1969 74 Warren … Princeton, Princeton university press, 1924.
456 2472 1626 56 5 p. l ., 159 p. 19½ cm . [The Stafford Little lectures for 1924]
794 2530 100 45 CONTENTS.—The
919 2531 343 43 confederation
1288 2531 86 43 and
1402 2530 74 44 the
1507 2529 480 46 Constitution.—The
2018 2529 219 55 Supreme
2264 2539 130 36 court

382 2591 87 43 and
515 2590 257 43 inter-state
815 2588 355 45 suits.—Courts
1215 2589 88 43 and
1347 2587 260 54 justiciable
1650 2588 466 45 cases.—Inter-state
2161 2597 229 45 compacts

382 2648 85 42 and
506 2647 310 43 enforcement
850 2646 53 44 of
939 2646 567 53 decrees.—Appendices:
1584 2682 8 8 A.
1633 2646 333 53 Pennsylvania
2003 2662 40 28 v.
2083 2647 306 44 Connecticut.

410 2740 9 8 B.
451 2704 294 43 Ratification
776 2704 51 44 of
855 2703 75 44 the
962 2703 320 45 Constitution,
1371 2739 9 8 C.
1414 2704 98 43 List
1542 2704 50 44 of
1624 2705 255 43 inter-state
1909 2704 238 44 decisions,
2238 2742 7 7 D.
383 2707 1987 107 Proposed
550 2760 259 54 legislation

839 2776 57 28 on
929 2761 261 47 inter-state
1223 2761 126 43 suits.
1409 2770 38 36 E.
1481 2762 115 42 Acts
1628 2761 50 44 of
1713 2761 228 53 Congress
1973 2761 157 53 giving
2162 2769 151 37 assent
2345 2770 47 36 to

381 2825 228 45 compacts
643 2818 202 43 between
878 2819 374 44 states.—Notes.

377 2871 52 54 ©
463 2874 103 43 Oct.
596 2874 39 52 3,
670 2873 108 44 1924;
832 2874 66 43 2c.
931 2874 87 43 and
1050 2875 78 43 aff.
1160 2874 100 53 Jan.
1295 2874 64 52 10,
1395 2872 130 55 1925;
1560 2875 43 43 A
1635 2873 190 54 815511;
1862 2876 244 44 Princeton
2137 2878 250 52 university

447 2944 140 38 press.
660 2929 244 55 (25-2307)

376 3031 213 72 Wells,
631 3032 275 58 Herbert
942 3033 259 72 George,
1242 3035 191 57 1866-

456 3123 60 56 A
552 3141 156 52 year
749 3122 68 58 of
855 3123 452 74 prophesying,
1347 3127 83 69 by
1470 3125 80 56 H.
1598 3125 36 58 G.
1707 3124 213 59 Wells.
2005 3127 153 56 New
2198 3128 192 70 York,

380 3202 129 59 The
539 3201 362 60 Macmillan
931 3222 325 54 company,
1288 3204 167 58 1925.

485 3279 395 53 x, 352 p. 19½ cm .
450 3334 143 46 “This
625 3338 126 42 book
782 3337 200 45 consists
1016 3336 54 46 of
1101 3355 26 29 a
1157 3353 111 39 year
1302 3339 52 43 of
1384 3337 299 53 journalistic
1713 3338 202 54 writing,
1948 3339 223 53 fifty-five
2204 3339 185 46 articles

379 3393 633 54 altogether.”—Foreword.

375 3449 56 53 ©
457 3452 99 49 Jan.
579 3449 69 54 27,
678 3450 131 53 1925;
837 3452 65 44 2c.
929 3454 99 51 Jan.
1053 3453 79 52 28;
1161 3453 78 44 aff.
1266 3454 98 52 Jan.
1391 3454 79 51 29;
1498 3454 43 42 A
1568 3453 189 53 815812;
1789 3455 60 42 H.
1878 3455 52 44 G.
1958 3455 159 53 Wells,
2146 3456 242 52 Dunmow,

450 3505 162 55 Essex,
643 3507 223 53 England.
934 3508 243 56 (25-2866)

378 3606 332 74 Williams,
748 3610 350 73 Valentine,
1136 3613 191 58 1883-

460 3698 1927 74 The red mass, by Valentine Williams … Boston and
382 3776 152 58 New
561 3776 192 71 York,
782 3777 348 74 Houghton
1161 3779 214 59 Mifflin
1408 3800 324 54 company,
1767 3780 166 60 1925.

488 3891 7 15 x,
524 3856 83 44 310
631 3870 41 38 p.
735 3857 50 43 19
793 3859 47 17 cm
847 3892 7 8 .

379 3909 53 53 ©
459 3912 100 51 Jan.
592 3911 61 52 16,
686 3912 130 54 1925;
847 3914 64 43 2c.
940 3914 100 53 Jan.
1067 3917 79 51 22;
1178 3916 79 44 aff.
1285 3917 99 52 Jan.
1413 3917 79 51 23;
1524 3917 44 42 A
1598 3916 189 54 814754;
1820 3918 58 44 V.
1908 3916 246 53 Williams,
2183 3919 202 42 London.

459 3967 243 56 (25-2349)
