2533 4412
1240 4060 150 56 1584

337 388 216 73 Ward,
591 389 233 60 Alfred
858 391 260 73 George,
1157 394 191 58 1881-

399 540 63 11 ...
495 493 332 60 Soul-food
853 494 104 59 for
981 496 254 73 hungry
1261 497 219 73 saints,
1509 499 83 72 by
1618 499 75 57 A.
1715 498 70 60 G.
1804 499 218 60 Ward.
333 501 1994 144 Springfield,

535 572 144 71 Mo.,
715 573 131 57 The
883 573 233 73 Gospel
1150 574 368 75 publishing
1549 577 195 58 house
1784 607 13 43 [
1797 586 20 22 c
1821 578 166 74 1925]

404 663 1577 60 2 p. l., 7-141 p. 19 cm . (Pulpit and pew, full gospel series)
333 734 53 54 ©
419 736 112 52 May
565 736 33 50 1,
635 734 130 53 1925;
798 736 65 44 2c.
894 736 110 43 Dec.
1038 734 49 51 7;
1121 737 78 43 aff.
1234 738 110 43 Dec.
1381 736 48 54 5;
1464 738 43 42 A
1543 737 191 54 875395;
1772 738 166 55 Gospel
1970 741 101 52 pub.
2105 742 152 43 house.

413 790 272 57 (25-27560)

332 921 230 72 White,
603 921 286 61 William
922 922 205 74 Allen,
1169 926 191 57 1868-

411 1027 185 60 Some
645 1029 200 72 cycles
894 1030 69 57 of
1013 1028 263 76 Cathay,
1324 1031 84 72 by
1452 1030 281 60 William
1781 1031 187 59 Allen
2013 1031 212 60 White
2279 1080 63 11 ...

334 1105 238 74 Chapel
617 1106 152 74 Hill,
818 1108 131 58 The
995 1108 377 73 University
1418 1109 69 58 of
1532 1109 206 58 North
1787 1108 298 61 Carolina
2131 1129 215 55 press;

332 1190 149 68 [etc.,
515 1188 131 71 etc.]
681 1186 167 57 1925.

330 1276 1995 112 ix p., 2 l., 96 p. 20 cm . (Half-title: The Weil lectures on American citizenship )
760 1407 97 43 CONTENTS.—Are
894 1405 168 45 human
1101 1414 279 37 movements
1420 1406 296 55 independent
1752 1407 53 45 of
1841 1422 121 33 wars
1975 1408 179 45 ?—The
2193 1409 152 56 larger

328 1463 298 54 cycle.—The
659 1464 166 44 earlier
857 1463 250 45 American
1140 1463 321 54 cycles.—The
1496 1464 116 46 later
1642 1465 249 46 American
1921 1466 343 54 cycle.—What
2295 1466 51 47 of

327 1522 76 45 the
441 1521 186 46 future?

327 1591 53 55 ©
412 1594 109 43 Dec.
552 1593 39 52 8,
625 1591 130 53 1925;
788 1592 64 43 2c.
885 1592 110 43 Dec.
1031 1591 74 51 16;
1141 1592 77 43 aff.
1253 1592 109 43 Dec.
1399 1592 75 53 18;
1508 1592 44 43 A
1582 1592 191 53 872912;
1807 1594 271 53 University
2106 1594 51 45 of
2188 1594 153 45 North

398 1648 215 46 Carolina
645 1664 140 38 press.
855 1647 274 56 (25-28179)

327 1776 374 61 Wisconsin.
778 1780 168 71 Dept.
1003 1777 67 73 of
1107 1776 349 61 education.

399 1884 60 57 A
491 1886 256 56 manual
780 1884 70 57 of
881 1884 290 72 physical
1205 1884 332 58 education
1571 1884 104 58 for
1711 1885 104 58 the
1850 1886 214 71 public
2097 1887 242 57 schools

323 1963 68 58 of
430 1963 362 59 Wisconsin
839 2010 63 10 ...
946 1964 322 71 prepared
1308 1964 204 57 under
1553 1963 110 59 the
1701 1963 308 59 direction
2054 1965 68 58 of
2162 1966 61 58 J.
2269 1967 68 56 T.

321 2043 189 73 Giles,
543 2046 164 55 state
736 2043 153 73 high
921 2043 211 58 school
1162 2043 385 72 supervisor.
1631 2044 228 58 Issued
1887 2044 85 73 by
2000 2045 171 58 John
318 2044 1995 151 Callahan,

569 2125 164 55 state
775 2121 541 73 superintendent.
1401 2122 311 73 Madison,
1754 2123 179 73 Wis.,
1977 2125 283 57 1924-25.

392 2214 22 45 5
437 2231 42 27 v.
540 2213 116 45 illus.
684 2213 127 55 (incl.
836 2215 169 53 music)
1031 2213 167 55 diagrs.
1259 2214 54 44 23
1322 2218 47 18 cm
1376 2249 8 9 .

731 2290 67 49 CONTENTS.—pt.
833 2295 34 36 I.
903 2285 260 45 Individual
1198 2285 186 45 athletic
1419 2286 367 55 activities.—pt.
1821 2297 55 34 II.
1914 2286 139 54 Story
2086 2288 128 53 plays
2250 2289 85 44 and

319 2343 423 55 gymnastics.—pt.
773 2353 76 35 III.
881 2343 118 44 Folk
1030 2344 90 44 and
1151 2342 182 54 singing
1361 2349 297 49 games.—pt.
1747 2379 9 9 IV.
1791 2344 138 53 Plays
1960 2345 87 44 and
2077 2361 155 37 games
2264 2345 74 45 for

319 2401 277 53 elementary
619 2403 90 43 and
735 2401 112 53 high
870 2400 322 54 schools.—pt.
1216 2410 48 36 V.
1292 2400 175 44 Health
1492 2401 253 46 education.

321 2471 53 54 ©
404 2473 102 45 Oct.
539 2474 32 51 1,
603 2471 130 55 1925;
763 2473 64 44 2c.
856 2473 109 44 each
995 2473 119 43 Nov.
1146 2472 76 51 30;
1255 2473 79 43 aff.
1367 2473 121 43 Nov.
1518 2472 78 51 27;
1629 2473 43 42 A
1702 2471 190 53 876477;
1925 2473 264 43 Wisconsin
2220 2479 116 37 state

392 2531 282 53 department
708 2529 51 45 of
790 2529 151 53 public
974 2529 281 52 instruction,
1294 2529 228 53 Madison,
1556 2529 115 45 Wis.
1742 2527 273 57 (25-27878)

319 2644 336 73 Woodson,
700 2645 225 58 Carter
965 2643 280 73 Godwin,
1289 2647 190 57 1875-
1639 2646 91 57 ed.

399 2750 161 57 Free
599 2768 196 54 negro
837 2767 243 40 owners
1124 2748 68 58 of
1233 2749 206 58 slaves
1478 2749 67 56 in
1585 2749 105 57 the
1731 2747 238 60 United
2012 2746 215 60 States
2268 2749 63 57 in

321 2828 167 72 1830,
525 2827 294 72 together
849 2826 153 59 with
1035 2826 317 59 Absentee
1387 2826 356 72 ownership
1781 2826 69 58 of
1886 2825 206 60 slaves
2127 2825 67 58 in
2229 2827 104 58 the

319 2905 240 58 United
598 2904 213 59 States
848 2905 69 56 in
957 2906 168 69 1830,
1165 2905 311 71 compiled
1512 2906 204 57 under
1751 2905 105 57 the
1898 2903 308 60 direction
2246 2903 85 67 of,

321 2984 124 57 and
473 2983 210 58 edited
709 2983 85 72 by
822 2981 231 60 Carter
1079 2982 70 60 G.
1176 2982 324 59 Woodson
1533 3031 63 11 ...
1665 2981 443 74 Washington,
2136 2981 75 58 D.
2245 2981 86 74 C.,

321 3061 129 58 The
486 3061 407 58 Association
926 3060 109 58 for
1068 3061 105 57 the
1212 3061 191 72 study
1437 3059 69 58 of
1539 3079 194 54 negro
1771 3059 113 59 life
1924 3060 126 59 and
2082 3058 250 74 history

320 3171 13 44 [
336 3146 18 23 c
358 3140 166 74 1924]

386 3231 94 52 viii,
508 3228 56 47 78
590 3244 40 39 p.
686 3228 54 46 25
748 3232 48 19 cm
801 3265 9 9 .

388 3300 114 45 This
540 3300 242 44 statistical
820 3308 154 45 report
1010 3316 95 29 was
1143 3300 130 44 made
1311 3300 199 54 possible
1544 3301 59 51 by
1642 3313 57 29 an
1737 3297 342 55 appropriation
2116 3297 211 46 obtained

320 3358 123 44 from
471 3357 76 44 the
578 3358 152 43 Laura
761 3356 215 54 Spelman
1007 3356 291 45 Rockefeller
1325 3356 253 45 memorial,
1640 3356 58 51 cf.
1731 3354 265 46 Foreword.

314 3424 54 55 ©
397 3427 113 52 Apr.
545 3428 35 50 1,
614 3427 130 52 1924;
778 3428 64 42 2c.
876 3428 108 42 Dec.
1016 3427 38 51 8,
1091 3425 130 54 1925;
1256 3427 79 43 aff.
1368 3427 111 42 Dec.
1517 3426 73 51 10;
1627 3426 43 42 A
1705 3422 189 55 875463;
1929 3423 292 45 Association
2253 3422 74 44 for

385 3484 74 44 the
490 3484 134 53 study
651 3484 50 44 of
729 3499 145 38 negro,
902 3484 81 43 life
1014 3485 37 42 &
1080 3484 190 52 history,
1302 3483 83 43 inc.
1457 3480 270 56 (25-28062)

313 3597 222 73 Wylie,
573 3599 118 58 Ida
718 3599 206 58 Alena
951 3599 178 58 Ross.

393 3701 1935 75 I don’t, hate men at; all, I like them, but—I never met
313 3783 104 56 the
446 3801 148 38 man
623 3782 33 55 I
686 3784 251 57 wanted
968 3787 64 53 to
1063 3802 237 52 marry.

386 3874 80 50 (In
501 3874 171 41 Nash’s
708 3875 258 51 magazine,
1004 3875 118 50 Dec.,
1160 3873 129 51 1925)

312 3936 1988 109 © 1c. Nov. 27, 1925; A ad int. 7569; pubd. Nov. 18; I. A. R. Wylie, London.
