2533 4412
0 0 0 0 71
81 487 339 73 Hamilton,
461 487 296 58 Frederic
798 488 407 73 Rutherford,
1247 491 190 57 1881-

159 576 210 58 Fiscal
407 581 266 68 support
709 578 68 57 of
815 582 162 55 state
1015 578 284 58 teachers
1338 578 286 73 colleges,
1659 582 81 70 by
1778 582 297 57 Frederic

79 654 1971 151 Rutherford Hamilton … New York city, Teachers college, Columbia university, 1924.
151 808 74 53 vii,
262 810 49 44 51
347 824 41 37 p.
425 808 104 44 incl.
566 809 158 44 tables.
782 810 54 44 23½
872 813 47 18 cm
925 845 10 8 .
1003 808 259 56 (Teachers
1300 811 187 53 college,
1526 810 243 47 Columbia
1809 809 265 58 university.

82 864 348 47 Contributions
461 874 47 36 to
537 864 258 56 education,
824 882 73 29 no.
929 867 104 54 165)

151 922 253 45 Published
430 923 101 44 also
556 938 50 29 as
633 923 142 46 thesis
813 924 106 54 (ph.
946 926 66 47 d.)
1052 923 243 48 Columbia
1323 924 267 55 university,
1622 926 119 45 1924.

77 978 52 53 ©
154 981 98 51 Jan.
284 980 61 51 12,
376 979 128 53 1925;
532 981 63 43 2c.
624 982 87 42 and
737 982 78 43 aff.
842 983 99 51 Jan.
968 983 78 51 23;
1075 983 43 41 A
1145 982 190 53 814738;
1365 982 228 44 Teachers
1624 983 185 53 college,
1838 983 236 45 Columbia

145 1036 118 43 univ.
332 1036 242 54 (25-3494)

78 1135 242 73 Harris,
361 1137 241 72 George
640 1137 208 73 Stiles,
890 1136 188 61 1887-
1236 1159 194 53 comp.

158 1212 191 58 Cases
385 1233 79 37 on
495 1218 268 54 statutes
798 1215 67 57 of
894 1216 150 57 New
1073 1216 247 71 Jersey,
1351 1218 84 70 by
1469 1215 239 73 George
1745 1217 61 58 S.
1841 1218 232 57 Harris

145 1280 1629 87 … Newark, New Jersey law school press, 1925.
147 1368 82 45 580
257 1383 40 38 p.
356 1369 53 43 23½
445 1370 46 18 cm
497 1403 13 9 .

75 1423 52 54 ©
154 1425 104 44 Feb.
283 1426 38 52 4,
350 1425 128 53 1925;
504 1427 66 44 2c.
594 1427 88 43 and
706 1427 77 44 aff.
812 1426 106 45 Feb.
947 1426 47 54 5;
1023 1428 43 43 A
1092 1425 189 55 815920;
1311 1428 116 44 New
1452 1429 160 52 Jersey
1638 1428 87 45 law
1752 1428 153 45 school
1932 1444 138 39 press.

153 1482 242 54 (25-3501)

76 1582 318 72 Hepburn,
435 1582 203 57 Earle.

149 1661 59 55 A
245 1661 254 56 manual
539 1661 106 57 for
681 1662 278 57 notaries
1004 1661 224 73 public,
1273 1681 476 54 conveyancers,
76 1665 1970 145 commissioners,
376 1740 93 55 etc.,
545 1738 151 57 with
733 1738 200 58 forms
974 1739 67 56 of
1079 1739 622 73 acknowledgments,
1743 1739 329 74 affidavits,

74 1815 406 72 depositions,
533 1816 200 72 oaths,
786 1816 242 71 proofs,
1082 1819 297 69 protests,
1432 1817 352 73 negotiable
72 1818 1975 146 instruments,
328 1896 130 69 etc.,
492 1892 105 57 for
628 1889 485 76 Pennsylvania,
1148 1895 122 56 and
1299 1893 433 74 instructions,
1765 1896 82 72 by
1880 1895 191 58 Earle

71 1970 1979 151 Hepburn … 4th ed. Philadelphia, Notaries public service bureau, 1925.
163 2125 507 53 1 p. l., 96 p. 22½ cm .
143 2182 70 43 “A
250 2183 74 42 list
359 2182 51 43 of
442 2183 196 42 notaries
676 2181 160 54 public,
874 2196 343 38 conveyancers,
1254 2182 379 54 commissioners,
1670 2191 99 46 etc.,
1806 2184 111 45 with
1953 2184 118 45 their

71 2238 289 43 addresses”:
395 2253 39 37 p.
468 2238 149 44 90-96.

73 2292 52 54 ©
160 2296 97 50 Jan.
297 2295 60 50 14,
399 2293 128 52 1925;
565 2295 63 42 2c.
665 2296 86 42 and
786 2295 78 42 aff.
901 2294 98 52 Jan.
1040 2293 74 54 16;
1152 2295 57 45 A.
1234 2295 188 52 814682;
1461 2295 215 44 Notaries
1715 2296 147 52 public
1900 2297 170 44 service

141 2351 182 43 bureau.
392 2349 242 55 (25-3102)

75 2451 182 71 Hills,
297 2450 192 57 Louis
525 2450 290 71 Edward,
857 2453 188 56 1857-

147 2527 152 57 New
340 2527 160 72 light
545 2546 77 37 on
667 2527 335 56 American
1049 2526 431 73 archaeology,
1522 2528 83 71 by
1646 2528 68 56 L.
1763 2529 71 56 E.
1881 2528 185 58 Hills.

69 2606 490 71 Independence,
617 2605 143 72 Mo.,
818 2604 297 58 Lambert
1175 2604 188 58 Moon
1418 2604 288 75 printing
1764 2626 305 54 company

87 2685 185 71 [ c 1924]
150 2764 76 43 198
253 2778 39 38 p.
355 2760 129 53 illus.,
515 2761 107 45 fold.
652 2777 115 38 map.
831 2762 49 43 18½
916 2764 46 17 cm
969 2796 8 8 .

154 2819 246 46 Evidences
429 2827 45 36 to
503 2818 215 44 establish
745 2818 74 43 the
848 2817 254 53 credibility
1128 2818 50 44 of
1204 2818 72 43 the
1306 2818 130 44 Book
1463 2818 50 44 of
1539 2819 232 43 Mormon.

69 2873 55 54 ©
163 2876 108 42 Dec.
310 2875 64 51 18,
411 2875 129 49 1924;
576 2875 65 42 2c.
679 2875 108 41 Dec.
823 2874 77 50 24;
938 2874 78 42 aff.
1055 2875 99 51 Jan.
1192 2874 36 49 8,
1271 2874 129 52 1925;
1440 2875 43 42 A
1521 2875 188 52 815739;
1750 2876 49 42 L.
1839 2874 51 48 E.
1930 2875 138 52 Hills,

143 2932 348 51 Independence,
521 2932 94 42 Mo.
686 2928 243 56 (25-3557)

71 3031 215 67 Home,
328 3030 184 70 John,
556 3031 358 56 1722-1808.

218 3104 1851 74 … Home’s Douglas, edited with introduction and notes,
74 3180 1996 78 by Hubert J. Tunney … Lawrence, The University,
75 3264 163 57 1924.

145 3341 79 44 100
247 3357 40 37 p.
350 3341 19 42 1
396 3338 119 45 illus.
575 3340 53 43 23½
663 3341 46 18 cm
716 3374 9 8 .
793 3338 229 55 (Bulletin
1051 3338 53 43 of
1130 3337 78 45 the
1232 3337 274 55 University
1530 3338 54 43 of
1611 3338 185 44 Kansas
1840 3339 92 43 [vol.
1955 3352 115 42 xxv,

73 3412 72 29 no.
175 3397 63 47 17]
303 3395 299 45 Humanistic
630 3395 185 53 studies,
843 3395 89 43 vol.
1019 3431 9 16 III,
1055 3410 74 28 no.
1156 3394 51 54 3)

143 3453 126 44 “The
302 3461 100 36 text
428 3453 54 43 of
509 3453 210 52 Douglas
747 3451 141 45 based
915 3467 60 29 on
1001 3451 80 45 the
1110 3451 273 45 Mackenzie
1413 3450 174 47 edition
1616 3452 54 43 of
1701 3452 147 44 1822.”

144 3509 356 55 Bibliography:
532 3525 40 37 p.
602 3510 179 44 99-100.

71 3566 52 53 ©
152 3568 106 43 Dec.
286 3569 64 50 30,
382 3569 128 51 1924;
537 3568 64 42 2c.
630 3568 85 42 and
742 3567 78 42 aff.
848 3567 98 51 Jan.
975 3567 39 51 9,
1045 3564 130 52 1925;
1203 3566 43 42 A
1274 3565 189 51 814614;
1497 3563 171 47 Seeden
1698 3565 188 44 Lincoln
141 3566 1903 109 Whitcomb,
315 3623 254 51 Lawrence,
601 3623 117 42 Kan.
784 3621 65 53 [©
881 3622 172 52 editing
1080 3622 110 43 with
1220 3621 303 44 introduction
1554 3623 87 42 and
1671 3630 141 45 notes]

149 3678 241 55 (25-2875)

73 3779 281 69 Hosmer,
393 3779 241 72 George
668 3778 303 70 Leonard,
1012 3779 188 58 1874-

131 3856 312 58 Practical
467 3860 394 66 astronomy;
887 3875 36 37 a
945 3855 296 59 textbook
1265 3855 103 57 for
1392 3853 405 72 engineering
1825 3853 240 58 schools

75 3931 1922 72 and a manual of field methods, by George L. Hosmer …
75 4011 75 57 3d
182 4012 90 56 ed.
356 4011 152 58 New
539 4011 190 71 York,
761 4011 59 57 J.
852 4009 207 73 Wiley
1087 4010 49 56 &
1167 4027 166 53 sons,
1366 4009 147 70 inc.;
1548 4011 149 70 [etc.,
1732 4013 130 67 etc.]
1899 4009 164 57 1925.
